4070 6446
180 386 285 442 ι55

1278 365 1641 423 EXPOSITIO
1680 363 1747 419 IN
1790 359 2118 417 PSALMUM
2156 357 2318 413 CVII.

3313 348 3424 406 ΑΜ

254 498 365 554 Καὶ
407 494 812 565 ὠλιγώθησαν.
861 492 925 544 Οἱ
981 491 1038 543 ὲν
1082 487 1161 557 τῷ
1209 486 1457 557 προτέρῳ
1514 480 1754 553 δηλονότι

1928 476 2018 531 59.
2057 474 2124 528 Et
2146 477 2301 543 pauci
2349 473 2479 542 [acti
2524 481 2666 526 sunt.
2688 470 2794 538 Qui
2821 469 2874 524 in
2904 468 3069 539 priori
3096 468 3305 523 scilicet
3335 483 3427 538 po-

180 592 313 647 λαῶ.

263 649 547 754 Ἔξεχύθη
608 677 1033 749 ἐξουδένωσις,
1065 674 1156 727 ἐπ’
1186 673 1482 741 ἄρχοντας
1534 662 1752 720 αὐτῶν.

180 781 323 841 Τοὺς
356 775 709 848 Γραμματεῖς
758 770 852 823 καὶ
888 768 1213 839 Φαρισαίους
1239 764 1391 835 φησί.
1423 762 1533 816 Καὶ
1562 756 1751 848 ἐπλά-

178 883 374 934 νησεν
397 847 617 928 αὐτοὺς
643 862 712 915 ἐν
732 859 944 927 ἀϐάτῳ,
975 860 1088 925 οὐχ
1116 855 1250 921 ὀδῷ.
1287 852 1598 907 Πλανῶνται
1622 847 1755 917 γὰρ,

180 960 367 1029 φησὶν.
393 959 754 1025 ἀγνοήσαντες
777 954 866 1005 τὸν
900 950 1150 1004 εἰπόντα·
1190 945 1335 1016 Ἐγώ
1356 948 1468 1014 εἰμι
1494 944 1533 1009 ἡ
1559 940 1716 1005 ὁδός.

256 1050 367 1104 Καὶ
396 1047 688 1114 ἐϐοήθησε
716 1045 923 1111 πένητι
951 1044 1020 1095 ἐν
1047 1042 1325 1110 πτωχείᾳ.
1366 1038 1476 1092 Καὶ
1499 1037 1581 1100 τίς
1609 1038 1637 1087 ὁ
1662 1035 1757 1087 πέ-

180 1157 301 1210 νης,
342 1138 376 1208 ἢ
413 1139 619 1199 ἐκεῖνος
652 1136 779 1205 περὶ
820 1125 880 1186 οὗ
912 1132 1157 1204 εἴρηται·
1188 1128 1476 1196 Μακάριοι
1512 1130 1567 1180 οἰ
1602 1139 1755 1179 πτω-

179 1232 278 1301 χοί
312 1227 393 1294 τῷ
416 1228 706 1297 πνεύματι
726 1242 743 1289 ;
767 1224 810 1276 Κ
819 1224 878 1277 αἰ
902 1224 1069 1277 ἔθετο
1095 1223 1175 1287 ὠς
1196 1222 1461 1289 πρόϐατα
1486 1217 1753 1286 πατριάς.

194 1321 375 1383 Ἰδίας,
410 1320 593 1389 φησὶν,
628 1316 907 1385 ἐλογίσατο
932 1314 1028 1378 τὰς
1075 1317 1138 1366 ὲκ
1178 1313 1286 1366 τῶν
1321 1311 1561 1382 πατριῶν
1589 1310 1759 1362 ἀπάν-

180 1431 293 1468 των
327 1410 695 1481 συναγομένας
724 1408 944 1477 ἀγέλας.

257 1508 538 1575 Ὄψονται
568 1502 762 1568 εὐθεῖς
790 1502 887 1554 καὶ
913 1498 1451 1569 εὐφρανθήσονται.
1481 1496 1592 1549 Καὶ
1616 1493 1761 1559 τίνες

180 1600 231 1652 οἰ
278 1598 475 1662 εὑθεῖς,
518 1597 551 1668 ἢ
586 1596 714 1668 περὶ
761 1588 835 1647 ὧν
869 1593 1116 1663 εἴρηται’
1164 1588 1347 1658 ’Υμῶν
1381 1589 1448 1643 δὲ
1486 1588 1763 1659 μακάριοι

180 1692 237 1741 οἰ
276 1688 592 1757 ὀφθαλμοί,
640 1686 730 1740 ὅτι
775 1685 1145 1750 βλέπουσιν.
1185 1681 1298 1735 Καὶ
1330 1679 1499 1735 πᾶσα
1548 1682 1765 1750 ἀνομία

1862 571 1989 639 pulo
2010 576 2184 623 erant.

1931 660 2023 714 40.
2051 657 2241 726 E/fusa
2272 664 2348 710 est
2384 657 2701 726 contemptio
2736 670 2891 723 super
2928 654 3185 723 principes
3222 668 3426 708 eorum.

1864 750 2085 807 Scrihas
2100 760 2153 805 et
2169 749 2474 805 Pharisazos
2496 750 2648 804 dicit.
2672 748 2734 801 Et
2752 764 2930 801 errare
2946 748 3063 816 fecit
3086 763 3172 800 eos
3194 747 3245 799 in
3265 748 3426 811 invio,

1861 854 1907 898 et
1954 860 2055 897 non
2090 844 2143 896 in
2186 846 2289 897 ria.
2321 841 2517 895 Errant
2552 842 2735 904 enim,
2764 840 2959 909 inquit,
3002 839 3129 909 quia
3177 840 3431 908 ignorant

1861 951 1985 990 eum
2008 936 2101 1005 qui
2134 935 2271 989 dixit
2304 954 2317 989 :
2355 933 2467 1004 Ego
2493 950 2608 987 sum
2641 934 2789 987 viai.

1934 1029 2024 1083 41.
2056 1027 2123 1081 Et
2147 1028 2351 1097 adjuvit
2374 1044 2655 1097 pauperem
2678 1028 2734 1080 in
2759 1029 2957 1097 inopia.
2984 1026 3183 1097 Ecquis
3204 1041 3429 1097 pauper,

1864 1117 1969 1171 nisi
2024 1118 2091 1172 de
2137 1133 2246 1188 quo
2290 1118 2494 1173 dictum
2526 1126 2639 1173 est:
2688 1117 2841 1171 Beati
2874 1135 3124 1188 pauperes
3152 1120 3340 1188 spiritu
3366 1118 3433 1170 ’ἲ

1865 1208 1933 1262 Et
1967 1212 2139 1278 posuit
2165 1212 2298 1264 sicut
2344 1226 2461 1264 oves
2503 1210 2757 1280 familias.
2792 1209 3070 1280 Proprias,
3099 1213 3294 1281 inquit,
3329 1210 3433 1270 sibi

1864 1299 2199 1355 existimavit
2222 1315 2412 1371 greges
2436 1314 2504 1354 ex
2536 1299 2789 1354 omnibus
2830 1300 3050 1355 familiis
3088 1311 3329 1357 coactos.

1938 1486 2028 1541 42.
2075 1486 2333 1543 Videbunt
2370 1492 2496 1545 recti
2534 1499 2585 1545 et
2628 1490 2973 1546 iactabuntur.
3010 1490 3309 1562 Ecquinam
3346 1510 3433 1549 res

1869 1581 1941 1634 eti
1977 1581 2084 1635 nisi
2121 1582 2187 1635 de
2225 1583 2427 1651 quibus
2452 1584 2657 1638 dictum
2706 1593 2793 1639 est
2825 1604 2839 1639 :
2871 1584 3042 1639 Vestri
3083 1596 3259 1639 autem
3296 1589 3437 1643 oculi

1871 1672 2009 1727 beati
2044 1674 2171 1742 quia
2213 1674 2387 1728 vident
2419 1675 2463 1729 ’.
2488 1673 2558 1729 Et
2585 1677 2753 1729 omnis
2782 1677 3035 1745 iniquitas
3078 1678 3331 1746 oppilabit
3379 1697 3437 1733 os

179 1777 473 1848 ἐμφράξει
501 1778 567 1831 τὸ
604 1778 797 1847 στόμα
828 1774 1040 1843 αὐτῆς.
1076 1773 1221 1840 Θεὸς
1252 1776 1285 1827 ὁ
1317 1770 1579 1837 δικαιῶν,
1605 1774 1696 1839 τίς
1732 1775 1766 1826 ὀ

1874 1780 2023 1818 suum
2051 1766 2114 1819 '°.
2150 1765 2286 1819 Deus
2307 1766 2399 1835 qui
2425 1757 2704 1834 iustiﬁcat,
2729 1768 2845 1836 quis
2866 1777 2942 1821 est
2964 1769 3055 1836 qui
3078 1769 3425 1824 condemnet?

180 1869 558 1936 recreaxplrmr
572 1909 587 1932 ,

442 1953 448 1959 '
480 1960 618 2031 ’ῼδὴ
654 1961 971 2014 ΨΑΛΜΟΥ
994 1956 1075 2022 τῷ
1102 1955 1304 2009 navas.
1344 1959 1472 2010 PZ'.

820 2048 879 2101 Ὺ
877 2052 1148 2113 πόθεσις.

180 2143 298 2198 Καὶ
328 2144 387 2195 ἑν
428 2142 602 2212 τούτῳ
650 2145 683 2214 ἡ
731 2143 999 2212 παρουσία
1023 2142 1116 2196 τοῦ
1146 2143 1347 2214 Κυρίου
1374 2146 1407 2214 ὴ
1436 2143 1515 2205 εἰς
1540 2144 1607 2194 τά
1639 2139 1767 2212 ἔθνη

254 2236 520 2305 γενομένη
550 2235 1043 2307 κηρύττεται.Ἢδη
1086 2236 1143 2289 δὲ
1178 2238 1393 2289 πάντων
1431 2235 1539 2287 τῶν
1574 2233 1768 2304 στίχων

256 2326 369 2380 τῶν
410 2330 467 2379 ἐν
494 2326 573 2397 τῷ
603 2328 830 2399 παρόντι
860 2327 1059 2400 ψαλμῷ
1104 2329 1163 2380 ὲν
1196 2332 1305 2392 τοῖς
1332 2328 1506 2382 ὀπίσω
1537 2328 1770 2398 ψαλμοῖς

259 2420 730 2490 ἑρμηνευομένων,
760 2421 1013 2491 περιττὸν
1046 2421 1112 2475 ἂν
1136 2422 1222 2492 εῖη
1256 2421 1418 2475 πάλιν
1450 2422 1563 2484 τοῖς
1587 2419 1769 2479 αὐτοῖς

257 2511 564 2583 χρήσασθαι
589 2513 670 2575 εἰς
698 2513 991 2584 ἑρμηνείαν
1020 2513 1128 2567 τῶν
1162 2513 1555 2585 προκειμένων.

270 2603 502 2673 Ἑτοίμη
532 2606 568 2674 ἡ
598 2605 809 2672 καρδία
841 2624 981 2676 μου,
1022 2610 1055 2660 ό
1086 2608 1248 2672 Θεός.
1275 2607 1384 2660 Καὶ
1412 2608 1469 2658 ἐν
1495 2605 1670 2675 τούτῳ
1692 2601 1771 2673 τῷ

182 2696 389 2768 ψαλμῷ
418 2700 451 2768 ἡ
486 2699 755 2770 παρουσία
800 2698 893 2751 τοῦ
941 2700 1147 2770 Κυρίου
1180 2702 1212 2769 ἡ
1243 2702 1322 2764 εἰς
1359 2698 1430 2752 τὰ
1466 2697 1594 2768 ἔθνη
1622 2713 1773 2765 γενο-

187 2790 329 2861 μένη
369 2790 867 2862 κηρύττεται.Ἧδη
912 2790 968 2842 δὲ
1018 2789 1126 2842 τῶν
1178 2790 1375 2860 στίχων
1426 2789 1628 2842 τούτων
1672 2789 1771 2859 τὴν

184 2882 487 2954 ἑρμηνείαν
514 2883 570 2933 ὲν
600 2880 677 2951 τῷ
706 2880 780 2932 νϐ’
804 2879 1002 2951 ψαλμῷ
1033 2880 1379 2951 τεθείκαμεν.

274 2971 657 3042 Ἑξεγέρθητι.
692 2972 732 3039 ἡ
762 2969 912 3035 δόξα
935 2989 1076 3040 μου.
1117 2970 1256 3037 Δόξα
1286 2971 1342 3023 δὲ
1371 2967 1536 3023 αὐτοῦ
1570 2971 1604 3041 ἡ
1646 2968 1776 3023 θεω-

190 3064 392 3138 ρητικὴ
444 3065 538 3118 καὶ
582 3065 860 3137 πρακτικὴ
912 3064 1044 3131 ἕξις,
1072 3064 1193 3118 καθ’
1229 3064 1295 3136 ἢν
1339 3063 1607 3118 διάκειται
1640 3062 1776 3134 πρὸς

186 3160 292 3231 τὴν
325 3157 523 3231 ἠθικὴν
551 3160 646 3214 καὶ
677 3159 1062 3229 διακονητικὴν
1087 3158 1311 3230 ἀρετήν.

266 3250 398 3304 Ὅτι
430 3250 584 3321 μέγα
625 3249 827 3303 ἐπάνω
870 3248 989 3301 τῶν
1016 3245 1288 3315 οὐρανῶν
1330 3246 1398 3298 τὸ
1431 3244 1602 3308 ἔλεός
1633 3256 1770 3298 σευ.

187 3342 457 3397 Τοσοῦτόν
508 3359 602 3394 σου
651 3340 714 3394 τὸ
760 3340 927 3403 ἔλεος,
962 3338 1038 3402 ὼς
1080 3335 1426 3409 ὑπερϐαίνειν
1458 3334 1590 3406 ὕψος
1615 3332 1775 3406 οὖρά-

187 3452 326 3499 νιον,
365 3434 459 3488 καὶ
493 3432 766 3503 πανταχοῦ
813 3432 1116 3504 διᾴττουσιν
1160 3431 1219 3484 αἰ
1249 3430 1347 3501 τῆς
1395 3428 1492 3500 σῆς
1520 3427 1777 3499 ἀληθείας

188 3527 431 3587 ἀκτῖνες,
458 3522 750 3594 προφητῶν
803 3524 896 3575 καὶ
944 3520 1258 3575 ἀποστόλων
1309 3520 1403 3573 καὶ
1444 3516 1777 3571 διδασκάλων

188 3618 314 3679 ταῖς
348 3614 561 3683 ἐκείνης
601 3612 811 3685 ῥανίσιν
839 3611 1175 3683 ἀρδευόντων
1204 3609 1304 3681 τὴν
1328 3611 1449 3680 γῆν.

282 3705 565 3776 Titi-301m
589 3705 687 3758 ἐπὶ
714 3703 857 3770 τοὺς
877 3701 1191 3771 οὐρανοὺς,
1218 3702 1249 3753 ό
1277 3702 1441 3765 Θεὸς.
1459 3698 1578 3752 Ἀπ’
1603 3697 1776 3769 ἀρχῆς

192 3802 360 3876 μέχρι
402 3799 502 3870 τῆς
541 3797 820 3867 παρούσης
849 3794 1048 3863 λέξεως
1074 3795 1103 3847 ὁ
1129 3792 1292 3857 αὑτός
1334 3795 1448 3846 ἐστι
1481 3790 1557 3862 τῷ
1590 3807 1780 3860 πεντη-

190 3892 375 3964 κοστῷ
405 3893 549 3961 ἕκτῳ
567 3889 786 3961 ψαλμῷ,
811 3889 905 3942 καὶ
929 3889 1037 3943 ἀπὸ
1060 3887 1263 3958 ταύτης
1295 3887 1456 3957 μέχρι
1487 3885 1673 3947 τέλους
1701 3882 1780 3955 τῷ

190 3982 547 4055 πεντηκοστῷ
581 3982 801 4051 ὲννάτῳ.
828 3980 937 4033 Καὶ
966 3980 1177 4052 εἴρηται
1203 3978 1271 4032 τὰ
1294 3977 1496 4031 εἰκότα.

281 4165 697 4237 Ὺψωθήσομαι
725 4161 823 4216 καὶ
852 4157 1124 4230 διαμεριῶ
1152 4157 1383 4227 Σίκιμα.
1411 4153 1492 4208 Τά
1515 4152 1622 4207 τῶν
1649 4153 1781 4206 ’1ου-

195 4262 365 4316 δαίων
396 4261 626 4330 ἕγκριτα
661 4258 753 4311 καὶ
786 4254 1039 4325 ἐξαίρετα
1068 4250 1404 4323 διαμερίζειν
1445 4250 1557 4312 τοῖς
1603 4245 1781 4299 ἔθνεσι

195 4357 296 4409 καὶ
339 4355 418 4416 εἰς
457 4348 823 4421 κληρονομίαν
866 4346 1230 4416 καταμετρεῖ-ι
1276 4340 1413 4413 μετά
1456 4341 1631 4411 χαρᾶς
1681 4339 1782 4390 ὺπ-

197 4445 524 4517 ἐσχετο.Ὡς-
549 4444 658 4513 γὰρ
691 4440 892 4510 ἀγαθὸς
942 4438 1123 4508 πατὴρ
1154 4437 1333 4507 χαίρει
1365 4433 1594 4495 πολλοὺς
1634 4431 1782 4494 υἱοὺς

2041 1944 2079 1997 1.
2107 1942 2383 1997 Canticum
2411 1942 2683 1997 PSALMI
2722 1944 2822 2011 ipsi
2851 1941 3042 1998 David.
3074 1942 3115 1998 C
3132 1940 3261 1997 VII.

2446 2033 2854 2102 Argumentum.

1866 2122 1923 2177 In
1954 2125 2059 2178 hoc
2084 2139 2302 2194 quoque
2329 2124 2541 2194 psalmo
2567 2124 2836 2180 adventus
2868 2124 3086 2180 Domini
3138 2127 3205 2181 ad
3249 2136 3438 2197 gentes

1939 2213 2287 2282 praedicatur.
2350 2212 2487 2266 Cum
2547 2224 2731 2267 autem
2780 2229 2975 2268 versus
3029 2230 3221 2271 omnes
3274 2216 3442 2287 hujus

1939 2306 2237 2375 psalmiin
2285 2307 2718 2375 praecedentibus
2769 2308 3024 2378 explicati
3072 2308 3295 2376 fuerint,
3347 2326 3442 2366 sls-

1938 2414 2330 2469 pervacaneuni
2366 2409 2512 2455 esset
2542 2400 2734 2455 iisdem
2767 2400 2901 2469 ipsis
2930 2401 3009 2455 uti
3031 2401 3099 2455 ad
3122 2400 3335 2457 horum'
3354 2405 3443 2458 in-

1941 2492 2381 2560 terpretationem
2395 2531 2410 2544 .

1944 2583 1997 2637 2.
2042 2582 2300 2636 Paratum
2344 2600 2436 2638 cor
2495 2598 2688 2649 meum,
2741 2582 2904 2638 Deus.
2960 2583 3018 2639 in
3076 2586 3183 2641 hoc
3226 2602 3446 2658 quoque

1871 2677 2081 2746 psalmo
2108 2674 2373 2730 adventus
2401 2674 2616 2729 Domini
2646 2674 2713 2729 ad
2743 2686 2931 2745 gentes
2958 2679 3303 2747 praedicatur.
3336 2678 3442 2734 Ho-

1873 2782 1994 2819 rum
2050 2781 2179 2819 vero
2227 2766 2645 2834 explicationem
2697 2766 2753 2819 in
2799 2767 3258 2838 quinquagesimo
3300 2785 3445 2825 nono

1872 2860 2084 2929 psalmo
2117 2859 2422 2913 attulimus.

1946 2952 1999 3006 5.
2016 2951 2278 3022 Exsurge,
2304 2952 2473 3022 gloria
2493 2968 2629 3005 mea.
2649 2951 2833 3007 Gloria
2858 2962 3038 3007 autem
3057 2953 3175 3023 ejus
3189 2963 3273 3009 est
3284 2954 3443 3009 habi-

1877 3052 1966 3098 tus
1984 3042 2385 3111 contemplandi
2412 3053 2465 3095 et
2493 3042 2710 3113 agendi,
2734 3046 3035 3097 secundum
3063 3060 3223 3113 quem
3240 3046 3307 3099 ad
3332 3060 3447 3100 Ino-

1878 3137 2045 3190 ralem
2081 3143 2136 3189 et
2172 3133 2699 3188 administratoriam
2728 3135 2979 3188 virtutem
3008 3146 3087 3189 est
3116 3151 3443 3205 propensus.

1801 3188 1842 3246 Ο
1942 3226 1997 3282 5.
2032 3225 2172 3291 Quia
2212 3244 2402 3298 magna
2432 3238 2506 3282 est
2538 3244 2694 3297 super
2727 3228 2883 3281 etelos
2922 3188 3287 3281 misericordia
3329 3238 3442 3283 tua.

1877 3318 2047 3375 Tanta
2068 3329 2153 3375 est
2178 3320 2556 3376 misericordia
2585 3330 2701 3385 tua,
2725 3330 2787 3376 ut
2812 3321 3074 3376 caelorum
3104 3324 3446 3378 altitudinem

1876 3422 2191 3483 exsuperet,
2222 3422 2277 3468 et
2313 3415 2514 3484 ubique
2539 3414 2855 3469 transiliunt
2885 3416 3131 3470 veritatis
3151 3424 3257 3471 tua:
3284 3416 3447 3482 radii,

1877 3507 2182 3576 prophetis.
2234 3507 2499 3576 apostolis
2544 3514 2601 3562 et
2641 3506 2921 3578 magistris
2956 3514 3158 3562 terram
3202 3521 3298 3577 per
3325 3506 3447 3578 ejus

1879 3599 2055 3651 stillas
2085 3598 2461 3666 irrigantihus.

1949 3690 2003 3743 6.
2040 3688 2293 3743 Exatture
2320 3707 2475 3760 super
2500 3690 2676 3756 castos,
2706 3689 2865 3745 Deus.
2895 3689 2979 3745 Ab
3004 3689 3161 3745 initio
3191 3691 3258 3745 ad
3300 3690 3449 3747 hunc

1876 3796 2098 3837 versum
2141 3797 2316 3854 usque
2354 3784 2494 3838 idem
2532 3792 2617 3840 est
2660 3782 2749 3839 hic
2796 3783 3041 3854 psalmus
3083 3790 3249 3853 atque
3284 3783 3449 3853 quin-

1880 3876 2229 3945 quagesimus
2246 3884 2450 3939 sextus,
2469 3875 2539 3930 ab
2556 3876 2657 3930 hoc
2673 3884 2853 3931 autem
2873 3889 3028 3931 versu
3046 3874 3113 3930 ad
3129 3875 3293 3931 tinem
3309 3877 3449 3932 idem

1881 3976 2044 4037 atque
2065 3967 2550 4037 quinquagesimum
2588 3982 2787 4023 nonus.
2816 3966 2882 4021 Et
2915 3968 3030 4037 jam
3063 3983 3186 4038 qua
3223 3983 3448 4040 compe-

1882 4060 2065 4116 tebant
2095 4059 2236 4114 dicta
2277 4063 2422 4115 sunt.

1949 4155 2002 4210 8.
2042 4153 2339 4209 Exaltabor
2372 4162 2423 4208 et
2463 4151 2698 4206 dividam
2743 4148 3004 4206 Sichima.
3060 4148 3338 4206 Promittit
3385 4165 3449 4208 se

1881 4247 2188 4304 Judaeorum
2220 4246 2664 4316 praestantissima
2690 4252 2743 4299 et
2781 4243 3174 4315 pretiosissima
3196 4244 3447 4325 gentibus

1883 4342 2185 4397 divisurum
2221 4350 2275 4394 et
2304 4340 2357 4393 in
2402 4339 2768 4392 haereditatem
2817 4336 3261 4391 distributurum.
3309 4334 3448 4392 Nam

1884 4444 2066 4503 utpote
2088 4434 2262 4488 bonus
2292 4440 2462 4502 pater,
2497 4430 2636 4484 tllios
2666 4430 2865 4483 multos
2898 4445 3021 4484 eum
3048 4431 3246 4500 gaudio
3271 4432 3449 4486 susci-

197 4537 638 4615 προσλαμϐάνων
673 4534 765 4588 καὶ
805 4531 1103 4604 κτώμενος.
1145 4526 1491 4601 Συμϐολικῶς
1527 4527 1584 4579 δὲ
1614 4524 1771 4578 ταῦτα

1886 4527 1965 4595 pit
1991 4534 2046 4581 et
2073 4524 2333 4596 possidet.
2368 4522 2494 4579 Hcce
2538 4537 2701 4594 porro
2734 4522 2981 4593 ﬁgurate,
3016 4530 3071 4577 et
3095 4537 3189 4592 per
3214 4523 3446 4590 mnigma

196 4635 298 4688 καὶ
340 4631 408 4685 δι’
434 4630 751 4699 αἰνίγματος
798 4624 1164 4694 αἰνιττόμενος
1190 4621 1500 4691 φθέγγεται.
1519 4618 1642 4671 Ἐπί
1676 4617 1771 4687 γάε

1890 4618 2312 4690 atque.obscure
2344 4618 2606 4687 loquitur.
2643 4615 2701 4671 In
2740 4615 2882 4669 valle
2911 4629 3144 4685 namque
3179 4617 3445 4686 gentium,

194 4731 269 4799 τῇ
318 4726 523 4781 κοιλάδι
567 4721 676 4775 τῶν
724 4718 892 4774 ἐθνῶν
919 4714 1115 4789 χωρίον
1153 4713 1310 4766 τοῦτο
1351 4713 1449 4784 τῆς
1487 4710 1655 4781 Σιχὲμ
1684 4709 1779 4761 καὶ

196 4824 405 4892 Σίκιμα
436 4818 735 4890 λεγομένης
769 4812 1158 4886 ὲτύγχανεν.⁹υ
1204 4807 1419 4875 Ἰακὼϐ,
1449 4809 1513 4860 ἐκ
1540 4806 1781 4858 Μεσοπο-

194 4917 402 4991 ταμίας
429 4915 633 4978 ἀναὸἀς
682 4911 821 4984 μετά
866 4910 976 4963 τῶν
1018 4908 1244 4967 τέκνων,
1272 4903 1487 4975 ᾠκησεν
1524 4898 1652 4991 ἔνθα
1680 4895 1776 4991 την

196 4987 362 5067 Δείνα
390 5006 661 5076 Θυγατέρα
681 5003 772 5057 τοῦ
818 4999 1013 5054 Ἰακὼῆ
1058 4996 1241 5068 Ἐμὼρ
1276 4996 1305 5046 ὁ
1335 4993 1449 5055 υἱὸς
1476 4988 1569 5042 τοῦ
1612 4987 1781 5058 Σιχὲμ

196 5101 453 5175 ἐρασθεὶς
504 5099 719 5170 ἥρπασε
753 5095 848 5149 καὶ
876 5092 1148 5165 ἔφθειρεν.
1179 5087 1241 5141 Ol
1289 5086 1399 5157 γὰρ
1420 5080 1560 5175 *τοῦμ
1587 5077 1777 5175 Ἰακῶϐ

199 5170 393 5255 παῖδες
431 5190 590 5244 αὐτὸν
618 5187 754 5258 μετά
786 5183 983 5246 παντὸς
1007 5178 1136 5235 λαοῦ
1166 5172 1509 5244 κατέσφαξαν
1538 5170 1780 5239 ἀπαντή-

202 5302 423 5349 σαντες.
451 5282 606 5339 Οὔτω
653 5280 723 5333 τὰ
767 5279 987 5349 Σίκιμα.
1020 5274 1128 5327 τῶν
1179 5269 1392 5341 σκηνῶν
1428 5264 1630 5327 κοιλὰς,
1659 5262 1777 5317 κτί-

202 5394 391 5452 σματα
419 5377 514 5429 τοῦ
546 5371 878 5444 πατριάρχου
907 5363 1290 5438 γέγονε.Τοῦτο
1310 5360 1485 5414 τοίνυν
1504 5356 1564 5452 το
1583 5355 1779 5452 χωρίον

205 5447 449 5545 μερίζων
492 5464 685 5521 Ἴακὼό
733 5466 845 5525 τοῖς
892 5458 1070 5520 παισὶ,
1124 5455 1214 5509 τὸν
1262 5447 1777 5545 κλῆρονᾼὲξαίρετρν

215 5538 418 5633 llo—sai}?
447 5560 738 5627 ἀπένειμεν
758 5572 772 5584 ⁸
808 5552 993 5621 ἐπειδὴ
1024 5553 1136 5613 τοῖς
1159 5545 1405 5612 ἀδελφοῖς
1434 5542 1551 5597 νέος
1576 5538 1649 5591 ὢν
1680 5539 1778 5590 οὐκ

202 5652 481 5711 διοινώνει
532 5650 625 5703 τοῦ
667 5648 960 5720 δράματος.
994 5642 1103 5695 Καὶ
1132 5639 1319 5692 τούτου
1362 5636 1521 5705 χάριν
1549 5648 1781 5701 καταμε-

1882 4711 2038 4765 loeus
2069 4710 2176 4771 hic,
2210 4707 2427 4763 Sichem
2462 4718 2556 4761 aut
2585 4707 2826 4762 Sichima
2856 4706 2994 4761 situs
3032 4716 3149 4761 erat
3179 4724 3193 4760 :
3236 4706 3291 4761 in
3336 4721 3447 4775 quo

1880 4801 2051 4857 Jacob
2084 4816 2207 4857 cum
2243 4816 2311 4855 ex
2352 4801 2739 4870 Mesopotamia
2769 4800 3123 4864 ascendisset,
3155 4813 3279 4853 cum
3320 4796 3447 4853 ﬁliis

1881 4898 1999 4951 suis
2032 4896 2313 4951 habitavit.
2342 4893 2443 4949 Uhi
2479 4893 2670 4948 Dinam
2696 4892 2885 4947 Jacobi
2917 4891 3081 4946 tiliam
3109 4890 3276 4945 Emor
3300 4888 3445 4945 ﬁlius

1886 4988 2126 5054 Sichem,
2144 4987 2334 5059 puellm
2358 4986 2757 5057 pulchritudine
2782 4994 2993 5056 captus,
3018 4982 3197 5053 rapuit
3215 4993 3269 5037 et
3288 4983 3446 5037 vitia-

1884 5077 1978 5129 vit.
2015 5074 2151 5129 Tum
2178 5074 2273 5130 ﬁlii
2298 5074 2465 5129 Jacob
2499 5089 2621 5130 eum
2651 5088 2776 5127 cum
2811 5073 2958 5127 omni
2988 5073 3188 5142 populo
3224 5086 3324 5127 suo
3347 5070 3445 5124 nh-

1884 5176 2224 5223 truncarunt.
2257 5165 2335 5221 lta
2368 5164 2629 5229 Sichima,
2660 5164 2921 5219 convallis
2948 5163 3440 5225 tabernaculorum,

1885 5261 1954 5316 ad
2007 5260 2410 5331 possessionem
2472 5258 2794 5327 patriarcha:
2847 5256 3100 5313 devoluta
3134 5264 3234 5311 est.
3286 5254 3445 5309 Hunc

1886 5353 2071 5422 itaque
2103 5352 2281 5406 locum
2304 5349 2472 5406 Iacob
2494 5365 2617 5405 cum
2641 5358 2838 5403 terram
2868 5348 2996 5404 ﬁliis
3022 5348 3134 5403 suis
3158 5346 3441 5409 divideret,

1880 5444 2038 5515 quasi
2073 5445 2400 5514 praecipuam
2445 5451 2645 5497 sortem
2688 5438 2927 5510 Josepho
2966 5438 3115 5495 dedit
3153 5438 3317 5509 :qnia
3352 5438 3446 5505 ju-

1878 5538 2035 5593 venis
2111 5552 2236 5591 cum
2311 5545 2493 5602 esset,
2556 5534 2827 5604 ejusmodi
2894 5532 3154 5587 facinoris
3214 5542 3443 5588 consent

1878 5648 2001 5687 cum
2072 5628 2331 5683 fratribus
2396 5644 2505 5686 non
2575 5625 2786 5684 fuisset.
2835 5622 3067 5695 Ideoque
3118 5635 3180 5679 se
3234 5620 3441 5679 divisu-

277 5769 296 5799 ⁷
332 5767 487 5821 Joan.
513 5761 690 5831 ιιι-,6.
770 5762 793 5794 ⁸
816 5758 1004 5815 Matth.
1032 5772 1086 5822 v,
1121 5754 1174 5808 5.
1249 5755 1271 5785 ⁹
1300 5749 1486 5805 Matth.
1518 5765 1639 5815 xm,
1676 5747 1762 5802 16.

1874 5746 1883 5776 ’
1911 5742 2068 5799 Rom.
2102 5754 2218 5801 rm,
2262 5739 2351 5794 55.
