4070 6474
639 401 749 456 455

1470 399 1526 453 s.
1568 397 1937 453 ATllANASll
1977 395 2127 452 OPP.
2171 394 2349 450 PARS
2373 383 2473 452 'tn.
2512 428 2582 438 --
2622 397 3034 457 EXEGETICA.

3777 406 3880 461 ιεθ

639 529 761 566 rum
793 511 1305 576 etdistributurum,
1354 519 1412 565 ut
1439 512 1871 582 praestantiorem
1909 509 2054 563 illam
2079 507 2203 560 novi

2304 511 2456 578 τρεῖν
2507 510 2601 562 καὶ
2645 509 2886 581 μερίζειν
2927 511 3342 580 ἐπαγγέλλεται·
3374 513 3460 567 ῐνα
3483 513 3581 584 τὴν
3611 515 3889 587 ἐξαίρετον

636 605 834 674 Ioseph
873 603 1074 659 Christi
1106 605 1472 659 [nereditatem
1515 607 1744 676 ﬁgurate
1773 603 2042 672 intelligas
2068 617 2202 669 gen-

640 699 784 754 tibus
805 697 1151 751 dividendam
1178 712 1317 750 esse.

817 785 857 840 Ι.
892 784 957 838 In
989 787 1163 854 linem,
1197 782 1533 839 PSALJIUS
1563 780 1748 834 Darid.
1781 775 2003 833 CVIII.

1220 879 1262 932 Α
1274 888 1543 948 rgumenta
1554 892 1599 927 m
1610 915 1622 927 .

634 967 879 1024 Pr:rsens
911 970 1152 1039 psalmus
1198 972 1480 1039 passiones
1507 966 1712 1022 Christi
1746 964 2036 1034 signiﬁcat,
2074 979 2202 1018 ncc-

701 1077 810 1115 non
844 1063 1106 1132 supplicia
1143 1063 1210 1116 de
1249 1060 1383 1114 Iuda
1422 1070 1475 1115 et
1523 1061 1590 1114 de
1635 1058 1834 1128 pepulo
1856 1055 2084 1110 Iudaico
2107 1071 2200 1110 suo

704 1154 916 1208 menda.
941 1154 1287 1222 Quaecunque
1317 1166 1479 1218 porro
1499 1152 1550 1204 in
1589 1150 1692 1203 hoc
1719 1148 1930 1217 psalmo
1960 1145 2200 1215 optando

699 1245 977 1308 dicuntur,
1003 1245 1311 1314 prophetice
1332 1243 1516 1297 omnia
1545 1242 1685 1295 dicta
1719 1240 1889 1294 fuisse
1917 1238 2199 1293 sciendum

700 1347 802 1392 est.
841 1335 909 1391 Ut
946 1353 1068 1390 cum
1112 1337 1240 1390 dicit
1275 1355 1287 1390 :
1320 1334 1572 1388 Diabolus
1608 1342 1708 1386 stet
1747 1349 1780 1385 a
1827 1332 2026 1385 dextris
2061 1329 2196 1394 eius,

699 1428 920 1497 perinde
947 1442 1028 1482 est
1049 1443 1110 1482 ac
1142 1428 1410 1482 sidicerct
1443 1447 1454 1478 :
1490 1424 1684 1479 Stabit.
1718 1422 1834 1477 Non
1868 1425 2017 1477 enim
2047 1431 2199 1491 optat

699 1530 758 1575 ut
792 1521 843 1574 id
886 1521 1134 1584 eveniat;
1173 1520 1267 1574 sed
1303 1535 1423 1588 quae
1461 1520 1579 1587 ejus
1621 1516 1986 1586 improbitatis
2031 1530 2194 1569 causa

697 1623 959 1667 eventura
1006 1613 1115 1666 sint
1165 1614 1278 1682 ipse
1317 1611 1646 1681 praenuntiat
1685 1627 1698 1662 :
1739 1609 1886 1679 quod
1921 1609 2086 1662 etiam
2131 1607 2199 1660 de

694 1706 819 1760 aliis
868 1706 1118 1760 similiter
1170 1705 1482 1759 dicendum.
1537 1702 1786 1756 Habeant
1841 1702 1940 1767 illi,
1999 1700 2194 1770 inquit,

695 1798 1141 1861 Calumniatores,
1161 1796 1253 1864 qui
1280 1811 1385 1849 non
1410 1795 1708 1849 abscedant
1732 1793 1800 1847 ab
1825 1793 1925 1847 eis.
1946 1791 2002 1844 Si
2032 1805 2195 1860 porro

685 1887 1022 1956 judicentur,
1061 1889 1128 1941 ab
1170 1889 1277 1941 illis
1323 1887 1669 1939 damnentur.
1709 1884 1821 1939 lmn
1865 1885 2030 1938 etiam
2069 1882 2112 1937 si
2146 1891 2197 1936 te
2228 1860 2269 1915 Β

699 1979 752 2033 in
782 1989 1023 2048 tempore
1055 1978 1321 2048 angustia:
1351 1977 1741 2042 invocaverint,
1768 1977 1819 2030 id
1848 1976 1954 2029 illis
1988 1977 2041 2028 in
2070 1989 2196 2043 pec-

687 2078 871 2123 catum
900 2078 1261 2138 computetur,
1287 2077 1537 2122 revocata
1562 2077 1908 2136 peccatorum
1948 2067 2189 2135 ipsorum

693 2161 979 2216 memoria.
1026 2163 1152 2215 Dies
1193 2176 1383 2214 eorum
1436 2158 1712 2222 abbrevia,
1749 2166 1809 2211 ut
1839 2158 1970 2227 ipsis
2015 2157 2195 2209 adhuc

691 2252 998 2306 viventibus
1049 2268 1112 2305 ac
1159 2252 1486 2315 videntibus,
1526 2251 1840 2318 dignitatem
1885 2249 2032 2302 illam
2084 2261 2192 2315 qua

693 2358 971 2412 nunquam
1023 2358 1147 2397 vere
1193 2344 1347 2413 ponti
1391 2353 1519 2400 sunt
1563 2344 1702 2397 alter
1736 2342 1934 2410 rapiat.
1987 2337 2193 2391 Deinde

687 2450 834 2504 .psos
866 2435 990 2490 tolle
1008 2437 1074 2490 de
1103 2435 1304 2498 medio.
1334 2436 1406 2491 ita
1448 2445 1507 2490 ut
1545 2435 1789 2505 ipsorum
1821 2431 2102 2486 calamitas
2124 2429 2193 2482 ad

683 2544 870 2582 eorum
907 2537 1152 2598 posteros
1187 2529 1551 2592 devolvatur;
1598 2538 1651 2582 ct
1697 2526 1791 2580 lilii
1837 2539 2030 2579 eorum
2077 2522 2192 2576 sint

689 2620 939 2687 oi-pliani,
976 2629 1030 2673 et
1065 2635 1201 2672 uxor
1245 2635 1438 2673 eorum
1480 2620 1745 2673 viduitate
1783 2616 2092 2686 alﬂigatur;
2125 2628 2190 2668 ac

685 2707 781 2761 lilii
812 2708 861 2761 vi
902 2710 1156 2777 pet-tracti
1185 2718 1348 2780 atque
1381 2709 1598 2779 raptati,
1633 2708 1699 2763 de
1725 2717 1940 2778 patrum
1969 2703 2189 2760 sceleri-

689 2802 790 2854 bus
821 2815 1006 2866 poenas
1041 2801 1212 2856 luant.

684 2892 738 2946 ἓ.
791 2892 953 2956 Deus,
991 2893 1204 2946 laudem
1244 2906 1414 2943 meam
1450 2905 1512 2940 ne
1541 2893 1788 2941 tacueris.
1832 2888 1890 2942 In
1927 2886 2188 2946 Ecclesiis

612 2983 819 3039 Christi
845 2993 1329 3053 quantumcunque
1354 2996 1448 3050 per
1464 2981 1653 3034 orbem
1687 2979 2118 3050 multiplicentur
2134 2989 2190 3036 et

613 3075 949 3139 cxoriantur,
995 3075 1179 3130 laudat
1231 3073 1374 3129 Deus
1413 3072 1609 3127 Filium
1655 3087 1837 3126 suum.
1883 3073 1972 3127 Ait
2023 3073 2188 3144 igitur

2305 599 2398 652 τοῦ
2433 601 2551 653 νέου
2592 601 2786 672 Ἰωσὴφ
2833 603 2928 657 τοῦ
2981 604 3218 674 Χριστοῦ
3255 604 3621 676 κληρονομίαν
3670 608 3888 678 μερίζε-

2307 690 2429 743 σθαι
2463 692 2801 762 συμϐολικῶς
2830 696 3029 766 νοήσῃς
3063 698 3174 757 τοῖς
3202 695 3431 752 ἔθνεσιν.

2454 788 2558 850 Είς
2589 786 2654 840 τὸ
2687 787 2880 853 τέλος,
2914 789 3222 842 ΨΛΛΜΟΣ
3253 789 3331 854 τῷ
3359 790 3559 845 Δαυτδ.
3602 794 3737 847 PH'.

2934 881 3254 945 ’Υπόθεσις.

2312 967 2372 1019 '0
2401 968 2592 1038 παρὼν
2623 969 2833 1041 ψαλμδς
2864 971 2933 1024 τὰ
2968 972 3110 1042 πάθη
3145 971 3238 1024 τοῦ
3274 973 3511 1044 Χριστοῦ
3540 977 3882 1046 κατασημαί-

2373 1076 2474 1122 νει,
2518 1061 2615 1123 τάς
2657 1078 2716 1114 τε
2741 1063 3005 1132 ἐσομένας
3029 1064 3297 1134 τιμωρίας
3327 1066 3467 1118 κατά
3489 1083 3548 1117 τε
3577 1065 3673 1118 τοῦ
3722 1066 3885 1120 Ἰούδα

2371 1153 2464 1205 καὶ
2486 1154 2647 1207 αὑτοῦ
2679 1155 2773 1208 τοῦ
2814 1153 3076 1208 Ἰουδαίων
3107 1155 3403 1209 λαοῦ.”’οσα
3425 1157 3480 1210 δὲ
3501 1159 3774 1222 εὐκτικῶς
3798 1161 3882 1213 λέ-

2370 1242 2556 1296 λεκται
2578 1246 2634 1296 ἐν
2659 1245 2735 1315 τῷ
2753 1244 2974 1316 ψαλμῷ,
3002 1245 3195 1309 ἰστέον,
3218 1247 3300 1298 ὃτι
3323 1249 3682 1318 προφητικῶς
3706 1251 3884 1303 πάντα

2368 1336 2600 1404 εἴρηται.
2631 1332 2753 1390 Οἵον
2778 1339 2903 1390 ὃταν
2929 1337 3101 1406 λέγει’
3139 1338 3423 1404 Διάΰολος
3453 1340 3655 1406 στήτω
3683 1343 3754 1395 ἐκ
3786 1343 3880 1395 δε-

2369 1425 2515 1490 ξιῶν
2549 1428 2757 1491 αὐτοῦ,
2798 1429 2919 1482 ἀντὶ
2963 1429 3077 1493 τοῦ,
3107 1430 3418 1497 στήσεται,
3455 1431 3620 1500 λέγει.
3653 1435 3728 1486 Οὐ
3777 1435 3882 1505 γὰρ

2369 1518 2590 1588 εὔχεται
2617 1522 2775 1573 τοῦτο
2798 1521 3047 1588 γενέσθαι
3067 1539 3080 1551 ’
3112 1522 3227 1576 ἀλλ’
3256 1523 3284 1574 ὃ
3314 1523 3465 1592 μέλει
3495 1524 3771 1595 συμϐῆναι
3799 1527 3882 1580 διὰ

2367 1609 2463 1688 τὴν
2491 1611 2698 1664 ἐκείνου
2723 1613 2921 1665 κακίαν
2945 1612 3102 1665 τοῦτο
3127 1613 3514 1684 προαγορεύει⁹
3542 1615 3637 1666 καὶ
3663 1616 3756 1669 ἐπὶ
3777 1615 3882 1671 τῶν

2367 1702 2542 1756 ἄλλων
2573 1703 2630 1756 δὲ
2659 1703 3176 1768 ὼσαύτως.Ἕξοιεν,
3213 1706 3365 1774 φησὶ,
3413 1705 3505 1758 καὶ
3556 1700 3700 1760 οῦτοι
3760 1707 3881 1770 τοὺς

2366 1792 2770 1856 διαϐάλλοντας,
2800 1795 2892 1846 καὶ
2929 1793 3002 1864 μὴ
3047 1794 3339 1846 ἀποσταῖεν
3365 1796 3562 1848 αὐτῶν.
3591 1797 3654 1849 Εἰ
3681 1797 3738 1850 δὲ
3771 1799 3882 1868 κρί-

2367 1901 2559 1945 νοιντο,
2613 1885 2750 1955 πρὸς
2796 1885 2993 1947 αὐτοὺς
3043 1885 3440 1956 κατακριθεῖεν.
3471 1887 3632 1940 Ἀλλὰ
3691 1889 3784 1940 καὶ
3831 1889 3879 1940 εί

2365 1958 2759 2031 ἐπεκαλέσαντδ
2793 1994 2873 2040 σε,
2897 1978 3082 2048 φησὶν,
3108 1978 3164 2030 ἐν
3187 1976 3263 2046 τῷ
3285 1977 3460 2048 καιρῷ
3487 1980 3584 2049 τῆς
3609 1981 3876 2049 ἀνάγκης,

2363 2069 2444 2130 είς
2477 2068 2751 2139 ἁμαρτίαν
2783 2069 2965 2132 αὐτοῖς
2997 2067 3294 2139 λογισθείη,
3330 2070 3550 2140 μνήμης
3579 2071 3880 2141 γενομένης

2361 2155 2436 2212 ὧν
2472 2161 2737 2232 ἥμαρτον.
2774 2161 3012 2232 Σύντεμε
3055 2161 3112 2215 δὲ
3157 2163 3254 2226 τὰς
3282 2163 3494 2234 ἡμέρας
3531 2164 3733 2227 αὐτῶν,
3769 2165 3877 2224 ἵνα.

2361 2247 2578 2313 ζώντων
2624 2252 2717 2303 καὶ¹
2761 2250 3012 2321 ὁρώντων
3063 2251 3263 2314 αὐτῶν,
3294 2252 3394 2320 τὴν
3442 2249 3619 2316 ἀξίαν,
3649 2255 3715 2323 ἦν
3755 2253 3878 2305 οὐδὲ

2357 2341 2526 2406 δντως
2551 2342 2852 2412 ὠνήσαντο,
2881 2343 2966 2395 ἓτε
2978 2359 3066 2413 ρος
3093 2343 3658 2414 ἀφαρπάσῃ.”Επειτα
3692 2345 3747 2396 δὲ
3785 2347 3880 2397 καὶ

2357 2433 2554 2497 αὐτοὺς
2584 2432 2759 2494 ἄνελε,
2787 2433 2862 2497 ώς
2889 2433 3137 2504 διαϐῆναι
3177 2435 3276 2506 τὴν
3305 2436 3589 2507 συμφορὰν
3633 2439 3713 2500 εἰς
3747 2440 3878 2500 τοὺς

2359 2525 2418 2592 ἐξ
2460 2525 2680 2580 ἐκείνων
2700 2543 2712 2556 ·
2740 2524 2881 2579 ὥστε
2912 2525 3291 2597 δρερανωθῆναι
3326 2528 3425 2598 μὲν
3463 2529 3588 2592 τοὺς
3613 2530 3763 2592 υἱοὺς
3788 2531 3883 2582 a6-

2358 2615 2489 2678 τῶν,
2521 2614 2718 2686 χηρείᾳ
2749 2616 2806 2669 δὲ
2834 2615 3121 2686 ἐκδοθῆναι
3149 2617 3247 2689 τὴν
3277 2621 3511 2686 γυναῖκα
3529 2635 3542 2648 '
3579 2618 3722 2672 ὥστε
3749 2623 3880 2683 τοὺς

2360 2706 2506 2769 υἱοὺς
2535 2706 2884 2776 βιαζομένους
2911 2707 3008 2759 καὶ.
3053 2709 3386 2779 συρομένους
3415 2711 3554 2780 ὑπὲρ
3605 2711 3878 2782 πατρῴων

2360 2799 2842 2870 παρανομημάτων
2871 2799 3025 2865 δίκας
3059 2800 3295 2870 ὑφέξειν.

2377 2889 2435 2943 '0
2469 2889 2633 2956 Θεὸς,
2668 2890 2782 2957 τὴν
2806 2891 3045 2946 αἵνεσίν
3079 2909 3197 2961 μου
3243 2891 3328 2962 μὴ
3372 2893 3878 2963 παρασιωπήσῃς.

2289 2974 2455 3033 Ὀσον
2487 2981 2544 3032 αἱ
2591 2980 2909 3051 Ἐκκλησίαι
2933 2981 3170 3052 Χριστοῦ
3203 2982 3531 3036 συνεστῶσιν
3563 2984 3619 3035 αἱ
3651 2984 3881 3036 ἀνατέλ-

2288 3071 2474 3122 λουσαι
2509 3070 2802 3139 πανταχοῦ,
2842 3072 2984 3124 αἰνεῖ
3027 3073 3056 3124 6
3107 3070 3240 3135 Θεὸς
3275 3073 3332 3124 ἐν
3366 3072 3556 3135 αὑταῖς
3598 3072 3692 3126 τὸν
3725 3073 3874 3126 Υζόν.

615 3166 765 3221 Patri
799 3182 899 3222 suo
939 3165 1191 3222 Christus
1226 3186 1237 3219 :
1277 3164 1500 3219 Etiamsi
1536 3163 1705 3218 Judas
1737 3178 1864 3218 cum
1898 3178 1984 3217 me
2018 3165 2187 3218 tradi-
2213 3212 2221 3254 γ

2290 3160 2450 3228 Λέγει
2475 3157 2567 3214 οῦν
2593 3163 2620 3214 6
2647 3162 2880 3231 Χριστὸς
2906 3162 3042 3231 πρὸς
3074 3162 3163 3215 τὸν
3183 3163 3409 3234 Πατέρα
3429 3178 3441 3190 ·
3482 3165 3544 3216 El
3570 3165 3666 3216 καὶ
3697 3165 3881 3236 προδι-

613 3258 688 3316 dit
717 3261 863 3315 visus
893 3261 993 3314 sibi
1033 3260 1196 3314 fuerit
1221 3259 1484 3327 impedire
1518 3257 1734 3310 laudem
1772 3270 1947 3309 meam
1983 3272 1997 3321 ;
2032 3267 2087 3311 at
2127 3266 2182 3311 tu
2217 3248 2221 3254 ’

2291 3250 2413 3314 δούς
2464 3268 2530 3322 με
2566 3253 2595 3305 6
2640 3248 2854 3313 Ἰούδας,
2889 3249 3028 3314 δόξει
3056 3252 3365 3320 ἐμποδίζειν
3411 3253 3501 3305 τὸν
3533 3249 3681 3306 αἷνόν
3729 3272 3836 3325 μου
3861 3273 3875 3285 ·

612 3366 700 3405 me
739 3351 977 3416 laudato,
1009 3349 1307 3420 deitatique
1359 3363 1492 3402 mea:
1546 3347 1723 3417 praebe
1776 3347 2181 3414 testimonium,

594 3455 775 3510 quam
804 3441 931 3508 quia
963 3455 1069 3495 non
1105 3441 1334 3496 credidit
1357 3439 1547 3505 Judas,
1571 3455 1656 3494 me
1684 3440 1922 3494 tradidit.
1955 3439 2095 3506 Quia
2123 3460 2180 3498 os

609 3533 901 3603 peccatoris
938 3541 985 3584 et
1010 3549 1065 3585 os
1091 3531 1263 3584 dolosi
1301 3547 1457 3601 super
1479 3547 1558 3583 me
1591 3540 1831 3600 apertum
1867 3541 1964 3585 est.
1995 3530 2190 3588 Pecca-

614 3625 764 3690 toris,
794 3624 1001 3679 scilicet
1029 3623 1232 3677 diaboli
1259 3641 1273 3690 ;
1305 3624 1422 3694 ipse
1450 3637 1686 3691 namque
1705 3631 1956 3694 peccator
1993 3623 2185 3679 adver-

610 3729 705 3769 sus
744 3715 1024 3769 veritatem
1073 3733 1086 3769 :
1127 3715 1299 3768 dolosi
1347 3722 1550 3778 autem,
1577 3712 1729 3769 Iudas
1759 3730 1991 3787 nempe;
2020 3718 2182 3772 ambo

607 3805 754 3859 enim
788 3814 974 3859 contra
997 3804 1274 3859 Christum
1306 3803 1470 3858 locuti
1503 3812 1649 3857 sunt.

681 3896 734 3960 3,
765 3895 819 3954 4,
841 3894 892 3948 5.
922 3895 1024 3947 Pro
1048 3911 1107 3948 eo
1128 3904 1182 3946 ut
1201 3911 1280 3948 me
1293 3895 1570 3964 diligerent
1595 3893 1935 3949 detrahebant
1959 3896 2176 3949 mihi....

607 3995 658 4040 et
687 3995 970 4056 posuerunt
991 3986 1265 4066 adversum
1288 4001 1368 4038 me
1393 3984 1535 4038 mala
1563 4001 1657 4055 pro
1685 3985 1855 4048 bonis,
1888 3983 2180 4040 etc.Verba

610 4080 715 4132 alia
747 4078 950 4132 amoris
980 4087 1126 4140 sunt,
1157 4078 1262 4130 alia
1293 4075 1427 4141 odii,
1490 4076 1597 4131 alia
1631 4077 1698 4132 ad
1733 4087 1985 4132 neutrum
2013 4079 2179 4147 perti-

610 4179 758 4224 nent.
786 4169 1123 4224 Adulabatur
1141 4184 1377 4238 namque
1406 4169 1495 4224 ille
1523 4184 1620 4223 ceu
1649 4169 1990 4239 magistrum,
2015 4179 2179 4240 atque

609 4261 750 4315 dolis
778 4261 828 4315 id
863 4260 1224 4316 contendebat
1249 4269 1308 4314 ut
1332 4260 1653 4330 magistrum
1678 4261 1949 4329 proderet.

681 4351 733 4406 6.
773 4353 1044 4407 Constitue
1071 4368 1227 4421 super
1261 4367 1379 4405 eum
1403 4359 1750 4420 peccatorem.
1793 4350 2058 4406 Peccator
2095 4361 2178 4407 est

610 4445 725 4514 ipse
753 4444 957 4513 peccati
994 4443 1243 4497 inventor
1286 4442 1537 4497 Satanas.
1570 4441 1710 4496 Illud
1741 4451 1946 4509 autem,
1979 4443 2176 4496 consti-

2289 3342 2462 3407 οὕτως
2493 3344 2550 3398 δὲ
2590 3343 2799 3398 αίνεσόν
2837 3361 2925 3414 με,
2961 3344 3255 3413 μαρτυρῶν
3283 3361 3386 3414 μου
3430 3347 3496 3415 τῇ
3541 3344 3779 3414 θεότητι,
3810 3346 3880 3417 ἢν

2293 3436 2367 3508 μὴ
2415 3437 2710 3500 πιστεύσας
2757 3438 2815 3490 ἐν
2867 3439 2987 3507 ἐμοὶ
3027 3435 3242 3500 Ἰούδας,
3289 3437 3594 3508 προδέδωκέ
3648 3439 3879 3506 με.”υτι

2290 3531 2483 3598 στόμα
2512 3528 2862 3598 ἀμαρτωλοῦ
2897 3528 2994 3582 καὶ
3019 3530 3212 3597 στόμα
3236 3528 3445 3582 δολίου
3470 3529 3560 3582 ἐπ’
3577 3530 3683 3598 ἐμὲ
3708 3531 3850 3598 viro!
3861 3560 3877 3570 -

2289 3625 2423 3689 χθη.
2442 3619 2807 3690 Ἀμαρτωλοῦ
2850 3619 2944 3674 τοῦ
2985 3619 3230 3673 διαϐόλου
3249 3637 3264 3651 ο
3293 3621 3456 3684 αὐτὸς
3487 3621 3593 3692 γὰρ
3621 3622 3881 3691 ἀμαρτω-

2288 3714 2376 3778 λὸς
2399 3714 2533 3785 πρὸς
2553 3712 2829 3784 ἀλήθειαν·
2858 3712 3066 3769 δολίου
3088 3713 3181 3767 τοῦ
3197 3712 3385 3766 Ἰούδα⁹
3415 3711 3580 3784 ἄμφω
3601 3712 3708 3785 γὰρ
3731 3714 3879 3768 κατά

2285 3803 2379 3856 τοῦ
2405 3802 2640 3874 Χριστοῦ
2667 3801 2954 3873 ἐλάλησαν.

2369 3894 2516 3948 Ἀντί
2547 3893 2654 3947 τοῦ
2700 3890 2940 3962 ἀγαπᾷν
2979 3907 3055 3962 με
3105 3891 3494 3946 ἐνδιέὄαλλόν
3535 3908 3669 3960 με..
3701 3933 3714 3946 .
3769 3894 3877 3950 καὶ

2285 3985 2487 4040 ἔθεντο
2514 3986 2638 4038 κατ’
2653 3981 2800 4052 ἐμοῦ
2827 3983 2979 4037 κακὰ
3006 3984 3137 4037 ἀντὶ
3153 3983 3408 4052 ἀγαθῶν,
3425 4001 3477 4037 κ.
3496 4001 3542 4036 τ.
3559 3982 3608 4035 λ.
3629 3983 3751 4036 Τῶν
3788 3984 3851 4037 λό

2285 4095 2395 4145 γων
2421 4080 2468 4130 οί
2493 4077 2590 4147 μέν
2603 4077 2739 4129 είσιν
2757 4076 2999 4145 ἀγάπης,
3017 4078 3066 4129 οἱ
3085 4077 3141 4130 δὲ
3162 4075 3372 4147 μίσους,
3390 4078 3438 4129 οί
3462 4076 3518 4129 δέ
3541 4077 3650 4147 οῦδ’
3665 4078 3877 4148 ἐτέρως

2284 4169 2516 4239 ἔχοντες.
2535 4168 2856 4222 Ἐκολάκευε
2885 4169 2992 4238 γὰρ
3022 4169 3096 4231 ὡς
3129 4167 3469 4229 διδάσκαλον,
3501 4169 3595 4220 καὶ
3625 4168 3706 4237 τῷ
3730 4169 3877 4240 δόλῳ

2283 4261 2358 4324 ὡς
2387 4261 2559 4314 ἐδόκει
2589 4259 2888 4330 ἠγωνίζετο
2919 4262 2997 4323 εἰς
3026 4259 3311 4330 προδοσίαν
3340 4259 3433 4312 τοῦ
3467 4259 3815 4314 διδασκάλου.

2352 4351 2754 4419 Κατάστησον
2799 4353 2891 4405 ἐπ’
2917 4351 3104 4404 αὑτὸν
3129 4352 3499 4420 ἀμαρτωλόν.
3519 4351 3652 4421 Ἀμα
3663 4353 3874 4422 ρτωλδς

2285 4444 2382 4514 μὲν
2411 4444 2573 4508 αὐτὸς
2605 4445 2634 4497 ὁ
2658 4444 2754 4514 τῆς
2783 4443 3051 4513 ἁμαρτίας
3081 4442 3308 4514 εὑρετὴς
3336 4446 3362 4496 6
3389 4443 3630 4504 Σατανᾶς
3651 4462 3662 4472 ·
3695 4445 3760 4496 τὸ
3786 4445 3870 4509 δὲ,

609 4547 716 4602 tue,
753 4538 989 4605 positum
1027 4542 1110 4588 est
1147 4549 1266 4604 pro,
1306 4532 1553 4588 futurum
1588 4541 1672 4587 est
1703 4543 1761 4586 ut
1787 4533 2173 4588 constituatur.
2205 4555 2221 4613 ι

2285 4533 2688 4602 κατάστησον,
2719 4537 2836 4588 ἀντὶ
2861 4535 2976 4597 τοῦ,
3009 4535 3192 4605 μέλλει
3225 4533 3600 4587 καθίστασθαι.
3621 4534 3876 4590 Ἑπάῠο

612 4629 779 4696 Super
823 4644 961 4691 eum,
1009 4641 1174 4697 super
1211 4641 1371 4695 quem
1417 4625 1522 4679 nisi
1569 4625 1900 4693 proditorem
1934 4623 2178 4679 Iudam?

612 4717 680 4772 Et
708 4717 947 4770 diabolus
973 4726 1072 4771 stet
1102 4733 1136 4769 a
1172 4716 1370 4768 dextris
1396 4714 1533 4783 ejus.
1570 4711 1627 4766 In
1657 4711 1922 4766 Zacharia
1957 4726 2178 4781 quoque

610 4805 869 4874 scriptum
913 4813 997 4857 est
1029 4804 1069 4833 “
1105 4823 1117 4858 :
1151 4801 1219 4857 Et
1265 4804 1491 4856 ostendit
1531 4802 1662 4855 mihi
1703 4801 1961 4855 Dominus
1991 4803 2176 4855 Jesum

608 4895 930 4950 sacerdotem
980 4911 1260 4964 magnum,
1317 4903 1546 4947 stantem
1600 4903 1722 4945 ante
1769 4893 1957 4962 faciem
2006 4892 2177 4961 angeli

611 4986 853 5051 Domini,
895 4997 941 5040 et
967 4987 1206 5040 diabolus
1236 4986 1410 5039 s'tabat
1447 5002 1479 5037 a
1512 4985 1710 5039 dextris
1743 4985 1880 5054 ejus,
1913 4994 1969 5038 nt
1996 4987 2178 5038 adver-

608 5090 813 5133 saretur
844 5080 964 5149 ipsi.
995 5077 1111 5132 Non
1143 5081 1463 5131 adversatur
1495 5085 1679 5131 autem
1707 5075 1883 5131 Iudae.

682 5165 732 5220 7.
758 5165 887 5221 Cum
908 5168 1188 5238 judicatur
1228 5175 1377 5219 exeat
1418 5165 1814 5220 condemnatus.
1867 5164 1926 5219 In
1968 5164 2173 5232 futuro,

612 5259 808 5330 inquit,
840 5261 1095 5315 tribunali
1129 5259 1331 5314 nullam
1364 5259 1587 5313 habebit
1625 5258 1959 5314 defenswnis
2007 5259 2176 5313 ratio-

612 5367 755 5404 nem.
790 5348 858 5403 Et
892 5353 1060 5404 oratio
1081 5351 1195 5420 ejus
1231 5350 1326 5420 fiat
1355 5351 1412 5405 in
1450 5359 1740 5419 peccatum.
1775 5349 2006 5415 Quidam
2047 5359 2177 5404 sunt

609 5456 841 5511 quorum
865 5443 949 5497 vel
973 5442 1087 5512 ipsa
1107 5443 1279 5499 oratio
1301 5443 1354 5497 in
1381 5450 1662 5512 peccatum
1681 5442 1883 5508 evadit,
1899 5455 1980 5508 ut,
2000 5457 2176 5497 exem-

609 5535 681 5604 pli
705 5549 891 5599 causa,
918 5536 1222 5606 gentilium,
1253 5536 1346 5606 qui
1379 5534 1538 5590 idolis
1566 5534 1652 5589 vel
1691 5543 1956 5591 creatura:
1987 5549 2176 5605 preces

608 5627 885 5692 fundunt;
920 5639 973 5682 et
1014 5629 1326 5684 Judzeornm
1367 5628 1464 5698 qui
1504 5626 1674 5684 Deum
1721 5627 1943 5698 quidem
1990 5637 2173 5696 orant,
2219 5675 2222 5678 .

697 5803 720 5835 ‘
758 5804 918 5860 Zarh.
947 5821 1026 5860 nl.
1057 5807 1098 5860 ί.

2279 4629 2386 4682 τὸν
2411 4629 2467 4682 δέ
2495 4628 2615 4682 τίνα
2656 4627 2689 4697 ἢ
2731 4628 2822 4679 τὸν
2861 4628 3125 4698 προδότην
3170 4626 3402 4690 Ἰυύδανς
3440 4629 3549 4679 Καὶ
3579 4626 3871 4696 διάϐολος

2278 4719 2476 4786 στήτω
2520 4719 2591 4771 ἐκ
2636 4714 2850 4780 δεξιῶν
2879 4716 3084 4769 αὐτοῦ.
3124 4716 3231 4768 Καὶ
3282 4718 3339 4767 ἐν
3387 4716 3462 4786 τῷ
3512 4716 3761 4786 Ζαχαρία
3807 4718 3869 4770 δε

2280 4821 2440 4876 φησι·
2488 4803 2598 4857 Καὶ
2645 4803 2837 4868 ἐδειξέ
2879 4820 2978 4872 μοι
3025 4806 3236 4874 Κύριος
3277 4804 3510 4871 Ἰησοῦν
3555 4805 3661 4858 τὸν
3701 4808 3873 4874 ἱερέα

2277 4896 2384 4950 τὸν
2407 4894 2621 4964 μέγαν,
2650 4893 2857 4946 ἑστῶτα
2901 4895 3003 4964 πρὸ
3033 4895 3322 4966 προσώπου
3354 4895 3585 4964 ἀγγέλου
3624 4898 3868 4969 Κυρίου,

2278 4987 2371 5039 καὶ
2397 4985 2639 5050 διάϐολος
2669 4987 2907 5056 εἱστήκει
2955 4988 3019 5039 ὲκ
3063 4986 3249 5052 δεξιῶν
3277 4987 3462 5052 αὑτοῦ,
3500 4989 3591 5042 τοῦ
3620 4991 3869 5043 ἀντικεῖ-

2280 5077 2401 5130 σθαι
2428 5079 2597 5150 αὑτῷ.
2631 5078 2743 5131 Οὐκ
2769 5079 3067 5131 ἀντίκειται
3093 5079 3150 5131 δὲ
3184 5078 3261 5149 τῷ
3297 5079 3483 5152 Ἰούδᾳ.

2285 5205 2291 5211 -
2360 5169 2456 5222 Ἐν
2489 5168 2569 5235 τῷ
2615 5170 2923 5237 κρίνεσθαι
2963 5169 3148 5223 αὑτὸν
3189 5169 3422 5233 ἐξέλθοι
3466 5167 3863 5236 καταδεδικαο

2276 5259 2626 5330 σμένος.Ἐν
2677 5260 2754 5331 τῷ
2804 5261 3071 5332 μέλλοντι,
3107 5263 3259 5330 φησὶ,
3295 5261 3630 5330 δικαστηρίῳ
3662 5261 3863 5316 οὐδένα

2277 5354 2386 5419 ἔξει
2431 5351 2587 5422 λόγον
2629 5352 2941 5421 ἀπολογίας.
2977 5353 3083 5408 Kal
3130 5353 3166 5418 ἠ
3213 5351 3522 5420 προσευχὴ
3553 5351 3742 5405 αὐτοῦ
3771 5371 3867 5423 τεο

2276 5442 2469 5499 νέσθω
2492 5446 2578 5510 είς
2609 5442 2920 5512 ἁμαρτίαν.
2952 5443 3070 5497 Είσί
3093 5461 3232 5506 τινες
3250 5438 3324 5498 ὧν
3347 5441 3484 5513 αὑτὴ
3513 5444 3544 5513 ἡ
3573 5445 3860 5515 προσευχὴ

2277 5539 2355 5599 εἱς
2396 5536 2668 5609 ἁμαρτίαν
2701 5533 2928 5604 γίνεται,
2959 5535 3034 5599 ὼς
3073 5535 3239 5588 ἐθνῶν
3274 5533 3727 5603 προσευχιμένων
3775 5535 3856 5584 εξ-

2277 5626 2518 5698 δώλοις,ἢ
2544 5629 2611 5700 τῇ
2641 5627 2812 5680 κτίσει
2833 5644 2844 5656 ο
2875 5626 2967 5680 καὶ
3007 5625 3274 5680 Ἰουδαίων
3306 5625 3363 5676 οὐ
3396 5624 3482 5675 διὰ
3517 5620 3691 5691 Ἰησοῦ
3713 5619 3862 5695 X9:-
