4070 6454
195 383 299 441 457

1287 373 1640 430 EXI’OSITIO
1675 372 1738 428 IN
1782 373 2107 434 PSALMUM
2146 376 2324 434 CVIII.

3277 380 3380 440 458

197 501 323 556 ατοῦ
357 495 793 567 προσευχομένων
825 492 897 563 τῷ
924 491 1066 564 (θεῷ’
1093 494 1183 546 καὶ
1209 491 1490 564 αἱρετικῶν
1516 493 1743 562 εὐχομέ-

1846 492 1936 546 sed
1967 510 2072 549 non
2102 510 2194 564 per
2209 492 2390 549 Jesum
2416 491 2688 548 Christum
2722 510 2737 559 ;
2767 508 2972 550 necnon
3005 496 3380 555 hareticorum

195 610 302 645 νων
334 588 454 660 Θεῷ
476 589 575 641 οὐκ
593 588 703 639 ὄντι
720 605 732 616 ·
759 587 850 638 καὶ
869 585 1309 656 προσευχομένων
1335 585 1389 637 δὲ
1419 587 1555 654 μετὰ
1579 586 1743 656 ὀργῆς

194 686 287 738 καὶ
319 683 403 735 διὰ
428 677 770 750 λογισμῶν,ἢ
799 677 1118 747 διψυχὶας,ἡ
1149 677 1416 747 προσευχὴ
1439 677 1644 746 γίνεται
1667 679 1745 742 εἰς

195 773 482 846 ἁμαρτίαν.

262 861 697 931 Γενηθήτωσαν
727 863 786 913 αἱ
821 860 1026 929 ἡμέραι
1058 857 1241 912 αὑτοῦ
1287 860 1498 928 ὀλίγαι.
1532 859 1745 924 Εὐθέως

192 956 299 1028 γὰρ
330 954 465 1026 μετά
492 954 588 1023 τὴν
612 953 895 1023 προδοσίαν
924 950 1124 1022 ἀγχόνῃ
1157 951 1340 1003 ἑαυτὸν
1369 952 1746 1024 μεταχειρίσας

192 1048 498 1119 ἀπηλλάγη,
528 1046 617 1098 καὶ
647 1046 744 1098 οὐκ
777 1045 966 1112 ἐφάνη.
1007 1042 1112 1096 Καὶ
1135 1043 1249 1108 τὴν
1275 1045 1614 1111 ἐπισκοπὴν
1639 1047 1745 1099 αὺ-

191 1138 299 1192 τοῦ
328 1136 499 1190 λάϐοι
531 1134 747 1201 ἕτερος.
789 1134 923 1203 Περὶ
952 1131 1044 1184 τοῦ
1075 1132 1314 1185 Ματθίου
1351 1134 1510 1203 φησίν
1530 1149 1542 1161 ·
1587 1135 1745 1199 αὐτὸς

191 1231 300 1298 γὰρ
317 1226 566 1296 ὲλογίσθη
589 1229 666 1288 είς
682 1225 1018 1294 δικαιοσύνην
1046 1229 1125 1288 είς
1155 1225 1242 1278 τὸν
1268 1226 1464 1296 κλῆρον
1491 1227 1598 1280 τῶν
1619 1231 1748 1281 ἁπο-

190 1319 411 1372 στόλων.

259 1408 692 1476 Γενηθήτωσαν
715 1409 768 1459 οἱ
797 1406 912 1460 υἱοὶ
935 1405 1119 1460 αὐτοῦ
1144 1406 1410 1474 ὀρφανοί.
1443 1407 1561 1459 Υἱοὶ
1589 1407 1636 1458 οἰ
1662 1405 1746 1458 λο-

187 1502 375 1572 γισμοὶ
402 1498 562 1553 αὑτοῦ
584 1515 597 1528 ·
625 1499 846 1568 ὀρφανοὶ
880 1497 986 1569 γὰρ
1017 1497 1259 1564 ἐγένοντο
1286 1498 1391 1551 ἀπὸ
1412 1497 1511 1567 τῆς
1531 1497 1747 1568 χάριτος

186 1593 281 1647 τοῦ
326 1590 579 1662 Χριστοῦ.
625 1589 764 1660 Γυνὴ
794 1589 904 1658 δὲή
936 1587 1078 1657 ψυχὴ
1118 1588 1280 1640 αὑτοῦ
1301 1604 1312 1617 ·
1356 1589 1613 1658 ἐχήρευσε
1640 1587 1745 1657 γὰρ

187 1686 282 1739 καὶ
310 1684 445 1753 αὑτὴ
476 1682 779 1734 ἐκπεσοῦσα
801 1680 907 1733 ἀπὸ
941 1680 1034 1732 τοῦ
1060 1679 1293 1750 Χριστοῦ
1328 1679 1414 1732 διὰ
1441 1680 1537 1749 τῆς
1567 1696 1743 1749 παρα-

184 1775 398 1844 νομίας.
434 1775 826 1840 Σαλευόμενοι
851 1768 1305 1838 μηαναστήτωο
1317 1785 1394 1821 αν
1417 1771 1470 1822 οἱ
1496 1768 1610 1822 υἱοὶ
1640 1770 1744 1821 αὺ-

183 1842 294 1920 τοῧ
340 1864 438 1918 καί
478 1862 991 1930 ἐπαιτησὰτωσαν.
1025 1864 1086 1914 Ol.
1121 1861 1226 1932 γὰρ
1273 1861 1517 1930 λογισμοὶ
1560 1859 1742 1924 αὐτοῦ,
1777 1842 1818 1896 Β

181 1956 278 2020 οὓς
325 1957 532 2026 ἔφαμεν
581 1949 717 2008 εἶναι
769 1954 939 2017 υἱοὺς,
975 1953 1303 2024 μετανάσται
1334 1953 1607 2022 γενόμενοι
1637 1953 1745 2006 ἀπὸ

179 2048 280 2104 τοῦ
305 2045 559 2116 Χριστοῦ,
597 2047 674 2107 είς
701 2044 797 2115 τὴν
824 2044 1178 2116 φιλαργυρίαν
1209 2047 1362 2114 χεῖρα
1385 2042 1648 2108 ἐξέτειναν
1667 2045 1746 2107 είς

179 2139 247 2192 τὸ
275 2136 553 2208 ἀργύριον,
584 2136 657 2198 ὡς
681 2134 872 2197 ἐνδεεῖς
902 2136 993 2188 καὶ
1024 2137 1330 2205 προσαϊται.

270 2229 689 2296 Ἀναμνησθείη
735 2228 773 2295 ἠ
820 2227 1071 2295 ἁμαρτία
1112 2225 1228 2278 τῶν
1260 2224 1526 2293 πατέρων
1561 2224 1744 2277 αὑτοῦ

179 2320 389 2374 ἔναντι
418 2319 657 2387 Κυρίου.
687 2318 858 2371 Αὑτοῦ
901 2317 995 2371 τοῦ
1040 2318 1166 2371 λαοῦ
1185 2335 1197 2347 ·
1247 2318 1504 2370 συνάπτει
1537 2315 1643 2386 γὰρ
1667 2313 1746 2385 τῷ

179 2413 418 2483 προδότῃ
449 2410 539 2464 τὸν
571 2411 881 2480 παράνομον
910 2411 1055 2464 λαόν.
1075 2410 1324 2480 Ἀνομίαν
1349 2409 1403 2462 δὲ
1427 2409 1533 2461 τῶν
1579 2409 1743 2460 πατέ-

181 2518 298 2574 ρων
322 2498 466 2569 λέγει
498 2500 557 2552 τὸ
589 2502 900 2553 ἀποκτεῖναι
929 2503 1052 2562 τοὺς
1081 2502 1381 2571 προφήτας,
1414 2500 1550 2553 κατὰ
1575 2501 1634 2551 τὸ
1666 2501 1744 2551 εί-

182 2593 422 2667 ρημένον
465 2592 569 2645 ὑπὸ
617 2592 724 2645 τοῦ
754 2593 956 2663 Κυρίου
977 2610 990 2622 ·
1018 2593 1099 2645 ὅτι
1133 2594 1240 2645 πᾶν
1269 2587 1404 2662 αἷμα
1430 2592 1632 2645 δίκαιον
1656 2595 1745 2644 ὲκ-

178 2688 478 2756 χυνὸμενον
525 2684 632 2737 ἀπὸ
668 2683 762 2738 τοῦ
792 2683 953 2736 Ἀὅελ
979 2683 1081 2746 ἕως
1111 2683 1375 2753 Ζαχαρίου
1413 2682 1505 2736 τοῦ
1537 2684 1746 2754 προφή-

177 2792 276 2829 του
322 2775 730 2846 ὲκδικηθήσεται
777 2775 883 2827 ἀπὸ
931 2776 1029 2845 τῆς
1071 2777 1260 2842 γενεᾶς
1305 2774 1523 2846 ταύτης.
1566 2777 1671 2828 Καὶ
1707 2777 1744 2844 ὴ

179 2865 438 2934 ἁμαρτία
473 2865 580 2933 τῆς
616 2864 841 2934 μητρὸς
873 2864 1056 2917 αὑτοῦ
1078 2865 1164 2932 μὴ
1195 2865 1590 2933 ἐξαλειφθείη.
1623 2867 1742 2936 Μη-

178 2959 319 3029 τέρα
365 2955 458 3009 τοῦ
500 2956 788 3020 δυσσεϐοῦς
832 2957 958 3010 λαοῦ
989 2960 1087 3028 τὴν
1121 2957 1360 3028 πονηρὰν
1384 2959 1594 3027 ἐκείνην
1621 2959 1744 3028 νοή-

182 3068 301 3114 σεις
328 3048 664 3120 συναγωγὴν,
713 3048 810 3121 τὴν
856 3049 1110 3114 πολλάκις
1138 3049 1628 3122 παραπικρὰνασαν
1655 3049 1744 3102 τὸν

178 3143 334 3196 Θεόν.

1843 585 1933 654 qui
1960 584 2124 640 Deum
2147 600 2253 640 non
2271 600 2395 641 vere
2424 585 2766 641 exsislentem
2791 598 2948 642 orant
2976 606 2992 644 :
3031 589 3158 646 item
3185 607 3375 648 eorum

1843 677 1934 745 qui
1970 692 2093 730 cum
2143 678 2222 732 ira
2267 686 2322 731 et
2368 677 2787 745 cogitationibus
2825 680 3032 747 alienis,
3079 683 3163 738 vel
3195 699 3378 740 atumo

1843 763 2039 832 duplici
2077 775 2384 833 precantur,
2420 767 2590 820 oratio
2620 765 2677 820 lit
2710 769 2761 821 iu
2794 779 3093 838 peccatum.

1911 855 1965 908 8.
2008 855 2170 910 Fiant
2209 859 2318 910 dies
2371 857 2482 922 eius
2539 861 2715 926 pauci.
2755 859 2887 914 Nam
2932 864 3111 918 statim
3149 880 3179 919 a
3205 867 3387 935 prodi-

1845 945 2009 1008 tione,
2038 947 2227 1016 laqueo
2254 963 2312 1002 se
2339 947 2636 1017 praelocans
2680 951 2903 1016 interiit,
2936 968 3036 1008 nec
3069 955 3208 1009 ultra
3238 957 3388 1012 visus

1843 1044 1944 1089 est.
1973 1035 2040 1089 Et
2065 1039 2417 1106 episcopatum
2461 1039 2573 1107 ejus
2616 1043 2838 1110 accipiat
2869 1043 3021 1098 alter.
3055 1044 3129 1100 De
3170 1045 3386 1103 Matthia

1845 1127 2106 1197 loquitur,
2132 1130 2224 1199 qui
2261 1131 2326 1183 ad
2353 1132 2722 1200 apostolorum
2755 1135 2959 1189 clerum
2979 1136 3203 1206 justitiae
3225 1155 3389 1194 causa

1843 1222 2068 1275 allectus
2097 1232 2197 1276 est.

1916 1397 2088 1461 9,10.
2134 1398 2294 1453 Fiunt
2343 1402 2444 1470 ﬁlii
2489 1403 2600 1471 ejus
2645 1406 2883 1466 orphani.
2934 1405 3052 1460 Filii
3112 1419 3241 1463 sunt
3275 1409 3393 1478 ejus

1845 1489 2195 1558 cogitationes
2222 1512 2235 1546 :
2264 1495 2489 1563 orphani
2529 1512 2762 1566 namque
2792 1498 2963 1568 gratia
2987 1498 3190 1554 Christi
3222 1499 3391 1555 fuere.

1847 1579 1994 1635 Uxor
2039 1594 2242 1650 autem,
2276 1585 2396 1654 ejus
2432 1595 2516 1640 est
2558 1587 2759 1653 anima,
2795 1605 2919 1643 nam
2963 1600 3016 1644 et
3069 1593 3183 1660 ipsa
3232 1592 3392 1645 vidua

1846 1673 1946 1728 fuit
1971 1674 2118 1745 lapsa
2159 1691 2189 1731 a
2222 1676 2439 1733 Christo
2465 1693 2560 1747 per
2599 1680 2936 1750 iniquitatem
2973 1698 3149 1737 suam.
3189 1681 3396 1736 Nutan-

1847 1774 1920 1818 tes
1943 1767 2327 1836 transferantur
2351 1769 2453 1838 ﬁlii
2486 1770 2598 1839 ejus
2619 1783 2668 1826 et
2693 1772 3000 1828 mendicant.
3032 1773 3397 1845 Cogitationes

1845 1856 1987 1910 enim
2021 1857 2161 1926 ejus,
2192 1875 2329 1928 quas
2359 1875 2479 1914 esse
2517 1860 2660 1916 tilios
2680 1861 2800 1932 ejus
2824 1863 3086 1929 diximus,
3115 1879 3144 1917 a
3175 1863 3394 1918 Christo

1846 1958 2085 2013 remoue,
2122 1964 2231 2018 prae
2266 1950 2492 2006 avaritia
2527 1952 2592 2006 ad
2631 1954 2915 2022 pecuniam
2959 1969 3181 2008 manum
3203 1963 3392 2010 exten-

1843 2041 2058 2107 derunt,
2085 2051 2145 2095 ut
2171 2043 2323 2112 egeni
2358 2052 2411 2095 et
2449 2044 2701 2098 mendici.

1911 2223 1995 2276 Η.
2033 2221 2097 2276 1η
2118 2225 2419 2277 memoriam
2452 2224 2628 2277 redeat
2663 2225 2914 2294 iniquitas
2947 2233 3154 2294 patrum
3185 2225 3295 2290 eius
3335 2227 3388 2279 in

1845 2322 2125 2381 conspectu
2147 2311 2380 2366 Domini.
2402 2312 2592 2383 Populi
2623 2315 2792 2383 ipsius
2820 2315 3065 2369 videlicet
3090 2333 3104 2381 ;
3132 2314 3394 2384 proditori

1845 2419 2078 2472 namque
2108 2404 2572 2473 praevaricatorem
2598 2405 2854 2474 populum
2883 2405 3146 2476 adjungit.
3183 2405 3390 2477 Iniqui-

1842 2502 2007 2549 tatem
2038 2505 2216 2549 autem
2247 2503 2459 2564 patrum
2484 2495 2634 2558 dicit,
2662 2495 2805 2566 quod
2839 2497 3139 2551 occiderint
3161 2500 3394 2567 prophe-

1845 2592 1950 2647 tas,
1980 2584 2130 2653 juxta
2156 2585 2286 2639 illud
2312 2585 2524 2640 Domini
2555 2586 2756 2641 dictum
2783 2588 2847 2651 ",
2877 2587 3020 2658 quod
3048 2589 3252 2643 scilicet
3277 2605 3395 2643 om-

1845 2677 1931 2730 nis
1957 2677 2236 2745 sanguinis
2260 2677 2392 2746 justi
2421 2678 2574 2733 cﬂ'usi
2598 2680 2667 2734 ab
2701 2681 2868 2736 Abele
2899 2696 3070 2750 usque
3097 2680 3163 2735 ad
3191 2680 3394 2736 Zacha-

1845 2767 1979 2820 riam
2008 2767 2322 2837 prophetam
2355 2783 2512 2837 pmna
2544 2769 2803 2823 sumenda
2835 2770 2906 2823 sit
2932 2772 3000 2824 ab
3027 2772 3128 2825 bac
3168 2787 3393 2840 genera-

1844 2859 2010 2913 t'ione.
2047 2856 2111 2911 Et
2135 2869 2400 2927 peccatum
2423 2861 2609 2914 matris
2637 2860 2750 2930 ejus
2771 2876 2873 2914 non
2889 2861 3147 2916 deleatur.
3166 2861 3389 2917 Matrem

1845 2950 1994 3020 impii
2017 2951 2220 3020 populi,
2240 2951 2541 3022 improbam
2568 2951 2712 3006 illam
2742 2950 3079 3023 Synagogam
3104 2954 3392 3024 intelligas,

1845 3057 1965 3112 quas
1990 3042 2307 3112 plerumque
2336 3041 2502 3098 Deum
2526 3045 2884 3113 exasperavit.

258 3232 572 3302 Γενηθήτω
604 3198 877 3286 ἐναντίον
896 3233 1113 3300 Κυρίου
1133 3231 1485 3298 διαπαντός·
1514 3232 1612 3287 καί
1650 3231 1744 3296 ἐξ·

1917 3223 2002 3278 15.
2047 3221 2169 3276 Fiat
2198 3233 2380 3277 contra
2413 3221 2691 3278 Dominum
2727 3241 2924 3294 semper
2955 3235 3004 3280 et
3034 3227 3292 3296 dispereat
3332 3231 3397 3282 de

177 3325 562 3393 ολοθρευθείη
583 3325 650 3378 ἐκ
672 3323 781 3393 γῆς
809 3323 873 3376 τὸ
897 3323 1290 3394 μνημόσυνον
1330 3322 1544 3378 αὐτῶν.
1584 3325 1742 3387 Ὅσα,

180 3416 350 3486 φησιν
371 3456 385 3478 ,
417 3414 716 3487 ἐτόλμησαν
749 3416 834 3469 ἀεὶ
860 3414 1128 3486 θεώμενος
1159 3416 1188 3467 ὁ
1218 3413 1348 3478 Θεὸς
1374 3415 1624 3486 οὐδεμιᾶς
1651 3415 1747 3467 αὑ-

181 3507 282 3560 τοῦ
312 3506 532 3571 ἀξιώσει
567 3505 777 3576 φειδοῦς
797 3523 808 3536 ·
858 3507 934 3569 ὡς
967 3506 1094 3576 περὶ
1124 3505 1336 3567 πάντων
1369 3505 1426 3558 δὲ
1469 3505 1573 3560 τῶν
1615 3509 1747 3576 ἠπι-

186 3597 484 3667 στηκότων.
536 3596 644 3648 Καὶ
671 3598 732 3648 οὐ
766 3596 923 3665 μόνον
951 3595 1122 3661 λέγων
1166 3595 1360 3646 Ἰούδαν
1383 3634 1396 3656 ,
1427 3596 1492 3647 τὸ
1520 3597 1747 3664 μνημό-

182 3705 385 3742 συνον
408 3685 624 3752 αὐτῶν,
657 3685 758 3757 ἔφη
793 3685 1184 3756 πληθυντικῶς.
1222 3685 1411 3753 Λέγοις
1459 3687 1503 3739 δ’
1550 3686 1614 3738 ἂν
1654 3687 1746 3739 καὶ

183 3780 362 3842 ἄλλως
387 3778 626 3850 πατέρας
657 3778 823 3831 Ἰούδα
843 3777 967 3839 τοὺς
989 3776 1126 3829 κατὰ
1144 3776 1426 3847 προδοσίαν
1446 3776 1604 3828 αὑτὸν
1625 3793 1748 3844 γενε-

183 3873 473 3943 νήσαντας.
503 3863 659 3923 Οὗτοι
682 3869 724 3923 δ’
750 3869 814 3922 ἂν
845 3866 952 3922 εἷεν
977 3870 1024 3920 οί
1049 3868 1135 3921 διὰ
1156 3868 1263 3920 τῶν
1289 3868 1563 3939 ἀργυρίων
1586 3868 1747 3922 αὐτὸν

183 3963 659 4034 παρορμήσαντες.
695 3961 803 4013 Καὶ
831 3961 1045 4030 πρῶτος
1072 3963 1099 4012 ὁ
1127 3959 1373 4029 ἐμϐαλὼν
1398 3961 1494 4030 τὴν
1523 3960 1746 4031 καρδίαν

184 4053 356 4110 αὑτοῦ
383 4040 644 4116 Σατανᾶς,
661 4053 752 4105 καὶ
771 4055 818 4104 οί
843 4052 1052 4122 ἔχοντες
1083 4052 1271 4121 σοφίαν
1300 4050 1482 4103 τούτου
1505 4052 1597 4103 τοῦ
1621 4051 1748 4104 ο.ίῶ-

183 4166 277 4210 νος
303 4149 584 4218 ἄρχοντες,
607 4146 732 4216 περὶ
756 4138 828 4197 ὧν
850 4146 877 4196 ὁ
903 4145 1111 4208 Παῦλός
1137 4162 1297 4216 φησιν
1318 4161 1330 4173 ·
1347 4146 1413 4196 El
1440 4145 1546 4213 γὰρ
1566 4144 1744 4213 ἔγνω-

183 4255 333 4300 σαν,
365 4240 435 4290 οὐ
457 4239 674 4314 Κύριον
706 4235 813 4305 τῆς
845 4235 1027 4302 δόξης
1060 4237 1464 4304 ἐσταύρωσαν.
1521 4237 1627 4290 Kal
1652 4237 1746 4300 ἐξ-

184 4329 564 4397 ολοθρευθείη
589 4329 656 4380 ἐκ
681 4328 792 4398 γῆς
816 4328 879 4381 τὸ
899 4329 1291 4396 μνημόσυνον
1311 4327 1512 4380 αὐτοῦ.
1528 4327 1599 4380 Τὸ
1614 4345 1748 4397 μνη-

189 4419 420 4491 μόσυνον
449 4416 612 4470 αὑτοῦ
641 4416 732 4468 τοῦ
775 4416 940 4471 Ἰούδα
975 4415 1134 4486 φησίν
1156 4433 1167 4445 ·
1197 4416 1230 4487 ἢ
1274 4417 1366 4468 καὶ
1395 4415 1564 4478 ἄλλως
1585 4454 1598 4476 ,
1639 4415 1746 4467 τῶν

185 4509 466 4580 ἀρχόντων
519 4507 737 4562 ἐκείνων
783 4508 891 4560 τῶν
949 4507 1086 4560 κατὰ
1134 4505 1366 4578 Χριστοῦ
1419 4506 1741 4560 συστάντων.
1775 4547 1819 4601 D

186 4601 326 4657 Οὐδὲ
368 4600 477 4670 γὰρ
527 4602 745 4671 σπέρμα
787 4599 961 4653 αὐτῶν
1021 4599 1229 4669 ἔμεινεν
1276 4601 1354 4662 εἰς
1412 4598 1745 4668 μνημόσυνον

185 4692 386 4747 αὐτῶν.

274 4783 417 4838 ‘Ara'
440 4777 528 4837 ὧν
549 4784 658 4836 οὐκ
680 4781 950 4851 ἐμνήσθη
973 4779 1214 4848 ποιῆσαι
1239 4781 1426 4845 ἕλεος.
1479 4781 1551 4833 Τὸ
1578 4780 1742 4844 ἕλεος,

186 4874 376 4945 φησιν,
401 4875 500 4927 οὐκ
526 4873 753 4943 ἠθέλησε
782 4870 1032 4934 δέξασθαι
1056 4873 1084 4924 ὃ
1114 4871 1337 4924 δέδωκεν
1361 4871 1389 4921 ὁ
1423 4870 1608 4941 Πατὴρ
1635 4873 1743 4933 τοῖς

184 4961 515 5034 ἀνθρώποις,
547 4963 641 5016 καὶ
663 4963 798 5033 πρὸς
825 4965 936 5025 τοῖς
966 4964 1146 5024 αὐτοῖς
1168 4963 1277 5024 τοῖς
1299 4959 1594 5014 ἀπολωλόσι
1617 4979 1746 5031 προ-

185 5054 378 5115 ϐάτοις
405 5051 499 5105 τοῦ
543 5053 777 5123 Ἰσραήλ.
809 5052 880 5103 Τὸ
902 5051 1040 5122 γὰρ,
1074 5053 1322 5123 ποιῆσαι,
1353 5050 1471 5101 ἀντὶ
1498 5049 1591 5102 τοῦ
1613 5092 1628 5115 ,
1658 5049 1744 5102 δέ·

185 5147 382 5213 ξασθαι
399 5185 413 5210 ,
452 5144 712 5198 τέθεικεν.

259 5240 367 5293 Kal
397 5237 751 5300 κατεδίωξεν
775 5238 1083 5306 ἄνθρωπον
1115 5236 1340 5301 πένητα
1370 5230 1463 5284 καὶ
1489 5233 1744 5300 πτωχόν.

182 5332 362 5386 Αὐτόν
383 5348 514 5402 φησι
538 5331 629 5383 τὸν
649 5329 868 5400 Κύριον,
890 5330 953 5394 ὃς
975 5327 1311 5393 ἐπτώχευσε
1333 5324 1621 5389 πλούσιος
1643 5321 1745 5385 ὧν,

182 5424 264 5478 ἵν’
300 5421 469 5491 ἡμεῖς
511 5421 582 5490 τῇ
621 5419 807 5475 αὑτοῦ
837 5420 1093 5487 πτωχείᾳ
1137 5416 1583 5484 πλουτήσωμεν.
1638 5415 1746 5469 Kal

183 5515 704 5584 κατανενυτμένον
726 5511 799 5580 τῇ
830 5511 1038 5579 καρδίᾳ
1069 5509 1171 5564 τοῦ
1200 5507 1550 5562 θανατῶσαι,
1603 5505 1747 5560 Ἀντί

1847 3325 1990 3370 terra
2028 3316 2275 3369 memoria
2321 3332 2520 3370 eorum.
2580 3317 2744 3381 Cum,
2795 3318 2988 3387 inquit,
3041 3319 3181 3375 Deus
3214 3324 3396 3376 omnia

1844 3407 1962 3476 ejus
1992 3405 2233 3462 facinora
2260 3422 2470 3476 semper
2501 3407 2724 3472 viderit,
2766 3409 3070 3465 nullatenus
3115 3412 3398 3466 miserabi-

1846 3508 1936 3553 tur
1963 3514 2108 3563 eum,
2143 3498 2365 3568 perinde
2390 3507 2548 3568 atque
2572 3513 2760 3554 omnes
2785 3500 2877 3569 qui
2902 3515 3007 3554 non
3029 3502 3392 3557 crediderunt.

1845 3587 2030 3657 Neque
2059 3589 2201 3641 enim
2234 3588 2300 3642 de
2332 3589 2448 3643 solo
2474 3587 2610 3642 Juda
2645 3590 2903 3657 loquitur,
2939 3606 3061 3645 cum
3096 3592 3391 3662 pluraliter,

1846 3679 2098 3732 memoria
2147 3693 2346 3740 eorum,
2396 3678 2626 3732 dicatur.
2677 3679 2795 3732 Alio
2863 3683 3022 3735 modo
3065 3683 3170 3737 dici
3222 3695 3397 3753 potest

1846 3781 2026 3840 patres
2059 3768 2209 3825 Judze
2255 3763 2503 3838 indicari,
2539 3771 2632 3840 qui
2668 3771 2733 3825 ad
2783 3769 3140 3842 proditionem
3186 3792 3387 3845 genue-

1847 3860 2172 3916 runtillum.
2226 3857 2291 3913 Ili
2343 3868 2523 3913 autem
2557 3859 2780 3928 fuerint,
2832 3863 2924 3931 qui
2971 3879 3065 3932 per
3110 3875 3395 3936 argenteos

1846 3949 2198 4020 perpulerunt
2237 3949 2410 4001 illum.
2446 3949 2510 4002 Et
2542 3949 2748 4017 primus
2794 3951 2982 4006 eortim
3036 3951 3264 4009 Satanas
3292 3967 3394 4022 esu,

1847 4044 1939 4112 qui
1978 4041 2203 4096 immisit
2233 4041 2286 4092 in
2317 4055 2411 4094 eor
2428 4040 2567 4109 ejus,
2597 4055 2803 4095 necnon
2841 4044 3108 4112 principes
3133 4046 3395 4115 sapientia

1847 4133 2053 4202 praediti
2084 4133 2309 4202 hujusce
2330 4132 2539 4197 mundi,
2563 4132 2628 4186 de
2650 4132 2847 4200 quibus
2875 4133 2951 4185 ait
2975 4131 3175 4188 Paulus
3206 4154 3221 4188 :
3254 4135 3393 4189 Nam

1847 4227 1892 4278 si
1923 4227 2300 4296 cognovissent,
2335 4219 2619 4296 nunquam'
2642 4226 2920 4280 Dominum
2969 4229 3152 4297 gloria:
3189 4229 3397 4297 cruciﬁ-

1846 4321 2046 4372 xissent
2067 4318 2130 4370 ".
2160 4316 2226 4370 Et
2259 4319 2519 4386 dispereat
2541 4317 2604 4370 de
2625 4329 2761 4370 terra
2785 4321 3033 4372 memoria
3060 4336 3255 4373 eorum.
3289 4320 3399 4375 Me-

1849 4410 2019 4462 moria
2070 4407 2220 4462 Judae
2267 4409 2510 4473 scilicet;
2571 4418 2664 4463 aut
2707 4410 2815 4462 alio
2864 4411 3044 4473 modo,
3094 4411 3396 4481 principum

1848 4517 2036 4556 eorum
2078 4501 2168 4570 qui
2215 4501 2473 4556 adversus
2516 4500 2791 4556 Christum
2825 4517 2932 4554 una
2975 4511 3256 4556 steterunt.
3290 4502 3394 4558 Ne-

1851 4609 1956 4663 que
2008 4593 2151 4647 enim
2186 4608 2366 4648 semen
2411 4607 2599 4649 eorum
2654 4594 2912 4648 remansit
2959 4594 3023 4647 ad
3079 4597 3397 4652 memoriam

1849 4700 2057 4738 eorum.

1924 4776 2009 4829 16.
2046 4774 2153 4828 Pro
2184 4792 2242 4829 eo
2279 4776 2417 4845 quod
2445 4791 2546 4828 non
2575 4783 2651 4829 est
2689 4774 2988 4830 recordatus
3030 4776 3200 4841 facere
3246 4779 3400 4830 mise-

1857 4868 2163 4923 ricordiam.
2189 4865 2393 4928 Noluit,
2421 4866 2616 4934 inquit,
2657 4865 3086 4921 misericordiam
3133 4867 3397 4936 accipere,

1851 4975 2013 5029 quam
2040 4959 2187 5013 dedit
2221 4957 2379 5011 Pater
2423 4957 2756 5020 hominibus,
2805 4966 2857 5011 et
2894 4958 3026 5027 ipsis
3058 4958 3250 5013 ovibus
3282 4975 3402 5028 qua:

1851 5051 2122 5120 perierant
2149 5063 2216 5102 ex
2252 5047 2435 5102 Israel.
2485 5045 2640 5112 Nam,
2676 5045 2871 5114 facere,
2924 5049 3013 5101 hic
3054 5049 3290 5118 positum
3322 5059 3406 5103 est

1852 5156 1970 5210 pro,
2006 5140 2270 5208 accipere.

1922 5233 2007 5286 17.
2043 5231 2109 5284 Et
2154 5240 2449 5300 persecutus
2475 5239 2551 5285 est
2583 5229 2840 5282 hominem
2882 5229 3083 5298 inopem
3132 5239 3179 5283 et
3207 5230 3400 5283 mendi-

1853 5341 1989 5378 cum.
2018 5321 2197 5392 Ipsum
2247 5323 2322 5376 ait
2352 5319 2662 5384 Dominum,
2714 5321 2803 5390 qui
2853 5319 3024 5388 factus
3081 5330 3156 5374 est
3207 5336 3403 5390 pauper

1853 5433 1969 5470 cum
1999 5415 2138 5468 dives
2168 5423 2315 5477 esset,
2347 5424 2404 5466 ut
2442 5429 2532 5466 nos
2584 5411 2694 5481 ejus
2719 5412 2898 5479 inopia
2941 5413 3305 5466 ditesceremus
3337 5412 3402 5468 ἰ.

1855 5509 1922 5562 Et
1957 5516 2318 5577 compunctum
2342 5506 2495 5560 corde
2520 5505 2854 5574 mortiﬁcare.
2888 5503 2944 5558 Id
2967 5513 3070 5569 est,
3094 5505 3361 5561 dolentem
3385 5523 3400 5574 ;

261 5758 504 5815 "Matth.
538 5773 694 5838 sum,
729 5757 815 5813 55.
894 5757 936 5788 ¹³
961 5755 976 5808 I
999 5755 1121 5809 Cor.
1158 5772 1217 5819 ιι,
1245 5755 1296 5809 8.
1373 5755 1415 5786 ’⁵
1443 5751 1481 5808 Il
1517 5751 1639 5806 Cur.
1675 5763 1792 5814 vut,
1822 5747 1874 5801 9.

523 5855 789 5914 Ρλτιιοι..
825 5853 938 5912 (in.
977 5849 1236 5911 XXVII.
