4070 6478
651 402 756 454 159

1475 392 1530 444 S.
1572 390 1936 445 ATHANASII
1984 390 2131 447 OPP.
2171 394 2349 447 PARS
2390 393 2475 447 lll.
2522 426 2586 435 --
2624 393 3011 449 EXEGETICA

3760 398 3860 456 460

650 514 864 572 dolebat
900 514 1041 568 enim
1070 512 1255 567 videns
1280 527 1471 566 eorum
1499 512 1811 582 perniciem.
1849 510 2007 567 Hune
2040 512 2204 583 igitur

2305 511 2396 565 τοῦ
2416 553 2430 576 ,
2455 512 2788 583 λυπούμενον
2808 531 2820 541 ·
2877 512 3121 566 ἐλυπεῖτο
3147 510 3253 581 γὰρ
3282 508 3422 580 ὀρῶν
3449 508 3626 564 αὐτῶν
3650 509 3748 582 τὴν
3770 515 3871 566 ἁπ-

647 610 740 680 qui
770 617 988 680 propter
1022 622 1115 662 eos
1147 606 1362 661 dolebat
1391 605 1459 659 ad
1483 614 1709 660 mortem
1741 606 2073 674 quaerebant.

720 792 896 856 18,l9.
915 790 983 845 Et
999 790 1183 844 dilexit
1200 789 1709 843 maledictionem....
1724 800 1772 841 et
1792 790 1963 842 induit
1982 790 2199 842 maledi-

640 886 863 938 ctionem
907 885 1043 938 sicut
1076 883 1453 937 vestimentum.
1499 879 1749 946 Quando,
1796 881 1990 950 inquit,
2038 882 2195 935 linem

641 978 900 1031 facientes
931 990 1017 1028 me
1045 972 1417 1038 benedicendi,
1461 973 1791 1027 maledicunt
1836 972 1965 1026 mihi
2014 973 2197 1043 quoti-

638 1070 725 1123 die
755 1088 767 1121 :
807 1069 859 1123 id
897 1083 1131 1137 namque
1165 1066 1231 1121 ad
1258 1067 1401 1120 hunc
1435 1080 1608 1135 usque
1632 1065 1773 1120 diem
1799 1063 1969 1119 «ἰυᾱωί
1999 1076 2194 1135 agunt;

640 1161 761 1215 ideo
796 1160 977 1215 omnia
1017 1161 1267 1230 superius
1301 1170 1599 1213 memorata
1635 1158 1885 1213 evenient
1931 1158 2085 1228 ipsis.
2129 1157 2195 1212 Et

639 1255 849 1307 intravit
902 1255 1035 1308 sicut
1081 1270 1217 1324 aqua
1269 1254 1324 1306 in
1381 1254 1632 1305 interiora
1690 1252 1824 1320 ejus.
1864 1249 1984 1305 Non
2038 1251 2197 1305 modo

637 1347 781 1399 enim
809 1346 1050 1401 exterius
1085 1346 1177 1399 sed
1200 1344 1361 1400 etiam
1403 1344 1630 1399 interius
1664 1342 2075 1397 circumsistunt
2100 1357 2196 1397 nos

638 1439 777 1491 mala
814 1438 1153 1492 inundantia.
1207 1435 1275 1490 Et
1313 1436 1447 1489 sicut
1497 1436 1663 1490 oleum
1707 1436 1761 1488 in
1798 1435 2002 1488 ossibus
2033 1434 2190 1516 _ejus.

634 1530 823 1585 Oleum
846 1532 987 1585 enim
1014 1530 1177 1584 habet
1206 1529 1452 1583 stabilem
1495 1528 1890 1582 humiditatem.
1929 1526 2192 1581 Malorum

635 1638 801 1691 porro
831 1622 1118 1676 colluviem
1145 1621 1296 1676 dicit.
1321 1620 1600 1690 Siquidem
1630 1635 1769 1689 aqua
1798 1619 2193 1674 vehementiam

632 1716 849 1769 denotat
878 1732 893 1780 ;
932 1714 1108 1768 oleum
1131 1722 1311 1767 autem
1344 1712 1719 1767 stabilitatem.
1761 1708 1971 1777 Quibus
2019 1711 2194 1781 inquit

634 1805 791 1860 malis
844 1804 1003 1876 quasi
1046 1804 1371 1859 vestimento
1418 1804 1714 1872 operiatur,
1770 1810 1824 1856 et
1865 1800 2020 1872 quasi
2055 1816 2188 1856 zona

630 1897 1013 1967 praecingatur.

700 1988 789 2042 20.
827 1987 942 2040 Hoc
988 2004 1115 2057 opus
1161 2003 1338 2040 eorum
1395 1986 1481 2056 qui
1532 1986 1813 2040 detrahunt
1868 1985 1997 2038 mihi
2049 1984 2189 2053 apud

630 2078 938 2142 Dominum,
968 2087 1017 2129 et
1053 2078 1141 2147 qui
1173 2077 1460 2147 loquuntur
1503 2076 1647 2130 mala
1679 2077 1926 2131 adversus
1957 2077 2189 2129 animam

631 2186 820 2224 meant.
858 2167 970 2224 llos
992 2168 1292 2239 percipient
1317 2166 1526 2223 fructus
1552 2169 1643 2237 qui
1679 2168 1863 2221 odium
1900 2166 2185 2223 adversum

629 2279 716 2318 me
755 2270 1135 2329 susceperunt,
1170 2269 1224 2315 et
1244 2259 1487 2329 proditor
1525 2260 1619 2329 qui
1645 2274 1832 2314 eorum
1872 2258 2189 2315 administer

628 2355 749 2410 fuit.
797 2354 934 2409 Cum
974 2353 1118 2409 enim
1153 2368 1280 2407 eum
1317 2351 1430 2407 Deo
1470 2351 1840 2407 adversarium
1880 2366 1944 2406 ac
1977 2366 2184 2421 praeva-

627 2450 913 2502 ricatorem
956 2452 1233 2511 vocarent,
1268 2444 1392 2516 jure
1449 2444 1564 2498 ait:
1598 2442 1702 2508 Qui
1737 2443 2019 2497 detrahunt
2057 2444 2186 2497 mihi

622 2538 762 2607 apud
790 2535 1095 2591 Dominum.

693 2630 783 2684 Si.
818 2630 887 2683 Et
922 2640 1001 2697 tu,
1051 2628 1294 2692 Domine,
1337 2626 1579 2693 Domine,
1622 2627 1709 2695 fac
1748 2642 1948 2680 mecum
1975 2636 2186 2696 propter

619 2737 806 2775 nomen
847 2731 1016 2775 tuum.
1072 2717 1199 2774 Haec
1248 2720 1378 2773 item
1415 2719 1675 2775 Dominus
1703 2717 1957 2773 Christus
1986 2734 2184 2773 secun-

619 2814 751 2867 dum
799 2813 1194 2869 humanitatem
1229 2811 1494 2881 loquitur.
1528 2794 1780 2865 Humana.
1808 2810 1953 2865 enim
2002 2813 2181 2865 omnia

617 2913 811 2974 praeter
854 2913 1134 2975 peccatum
1166 2904 1429 2975 implevit.
1475 2901 1645 2958 Natus
1675 2905 1820 2957 enim
1865 2912 1947 2958 est
1982 2918 2179 2958 secun-

616 2995 746 3049 dum
779 3004 986 3048 natura:
1014 2994 1207 3064 legem.
1239 2992 1400 3049 Nasci
1427 2993 1571 3047 enim
1601 3008 1667 3047 ex
1700 2994 1951 3060 muliere,
1987 2994 2040 3048 id
2075 2994 2180 3048 hu-

616 3098 792 3138 mana:
822 3095 1031 3139 natura:
1060 3094 1176 3151 οει;
1208 3100 1372 3155 supra
1392 3085 1685 3140 humanam
1717 3095 1897 3141 autem
1925 3095 2178 3141 naturam

615 3186 721 3237 est,
759 3175 907 3230 nasci
942 3190 1007 3229 ex
1046 3175 1274 3245 virgine.
1306 3175 1541 3232 Admisit
1570 3192 1781 3247 pannos
1809 3188 1863 3232 et
1889 3176 2176 3232 circumci-

616 3266 847 3333 sionem,
882 3281 1092 3322 necnon
1125 3267 1280 3322 lactis
1311 3269 1669 3323 alimentum:
1715 3269 1920 3324 hostias
1956 3269 2173 3336 obtulit,

609 3357 898 3427 jejuuavit,
939 3358 1186 3423 esurivit,
1236 3358 1428 3418 sitivit.
1475 3359 1654 3414 lassus
1695 3358 1835 3425 fuit;
1882 3359 1956 3413 ita
1986 3358 2077 3413 diu
2112 3376 2176 3414 o-

614 3465 769 3504 rasse
809 3450 959 3503 illum
984 3450 1037 3503 in
1069 3450 1241 3504 sacris
1272 3448 1577 3521 Evangeliis
1603 3452 1865 3520 scriptum
1894 3462 1996 3507 est.
2029 3452 2177 3506 Pari-

612 3551 807 3611 terque
848 3557 993 3597 nunc
1030 3543 1270 3596 humano
1329 3558 1481 3598 more
1510 3543 1753 3598 divinum
1801 3543 2052 3613 implorat
2075 3560 2175 3599 au-

612 3633 823 3686 silium.

680 3724 769 3781 '22.
804 3724 995 3778 Libera
1024 3741 1103 3778 me
1132 3725 1255 3795 quia
1278 3740 1466 3795 egenus
1484 3735 1531 3779 et
1553 3742 1751 3796 pauper
1770 3743 1862 3797 ego
1887 3743 2026 3782 sum.
2062 3724 2176 3782 Hoc

608 3818 678 3871 ab
711 3818 831 3887 ipso
862 3819 916 3871 in
940 3819 1112 3873 sacris
1139 3816 1447 3887 Evangeliis
1481 3819 1680 3873 dictum
1713 3820 2039 3874 invenimus.
2073 3819 2175 3874 Ac-

608 3924 869 3963 cessurus
891 3909 1034 3962 enim
1068 3908 1132 3961 ad
1163 3908 1471 3977 passionem
1510 3910 1623 3963 ait:
1664 3908 1822 3965 Nunc
1850 3913 2031 3965 anima
2060 3927 2175 3966 mea

609 4001 821 4056 turbata
857 4011 953 4057 est.
980 4002 1049 4056 Et
1075 4002 1202 4072 quid
1238 4003 1414 4056 dicam
1440 4004 1464 4055 .9
1494 4004 1673 4070 Pater,
1703 4006 1849 4060 salva
1882 4023 1959 4059 me
1987 4023 2051 4061 ex
2076 4006 2173 4059 Itac

606 4096 756 4150 hora.
786 4094 959 4159 Abba,
990 4105 1266 4165 propterea
1301 4096 1413 4150 veni
1438 4096 1491 4148 in
1522 4096 1657 4150 hanc
1687 4097 1871 4150 horam
1899 4098 1960 4153 ".

673 4268 763 4323 2'5.
805 4269 953 4321 Sicut
985 4268 1173 4322 umbra
1213 4284 1330 4321 cum
1366 4269 1596 4323 declinat
1636 4269 1847 4324 ablatus
1874 4287 2007 4325 sum.
2044 4270 2173 4326 Per-

605 4361 732 4415 inde
770 4370 933 4430 atque
976 4360 1168 4413 umbra
1206 4360 1509 4425 declinans,
1562 4362 1723 4417 linem
1766 4363 1890 4418 vita:
1940 4364 2121 4419 inveni
2156 4383 2169 4419 :

603 4451 697 4505 sed
725 4460 777 4504 et
808 4451 983 4504 iusmr
1010 4451 1346 4506 locustarum
1376 4466 1406 4505 a
1438 4462 1599 4508 vento
1631 4454 2058 4525 circumquaque
2086 4471 2173 4509 ra-

2301 605 2510 659 ώλειαν.
2534 604 2733 659 Τοῦτον
2762 601 2853 658 οὖν
2878 606 2970 658 τὸν
2997 604 3064 657 δι’
3081 604 3273 666 αὐτοὺς
3296 603 3629 674 λυπούμενον
3651 604 3869 658 ἐδίωκον

2300 697 2622 751 θανατῶσαι.

2381 790 2489 844 Καὶ
2508 790 2784 860 ἠγάπησε
2812 790 3077 859 κατάραν
3113 828 3129 844 .
3157 832 3169 844 .
3201 833 3212 845 .
3242 832 3254 843 .
3284 830 3297 842 .
3328 831 3340 843 .
3372 829 3385 843 .
3419 789 3518 843 καὶ
3542 789 3869 843 ἐνεδύσατο

2298 881 2565 949 κατάραν
2593 882 2731 935 ὡσεὶ
2766 883 3015 952 ἱμάτιον.
3061 884 3298 956 Ἐπειδὴ,
3328 885 3491 954 φησὶν
3510 925 3525 950 ,
3553 885 3784 953 ἀφέντες
3812 885 3869 937 τὸ

2297 972 2535 1041 εὐλογεῖν
2556 974 2674 1044 ἐμὲ,
2703 975 2823 1027 καθ’
2848 975 3085 1047 ἑκάστην
3110 976 3322 1048 ἡμέραν
3345 977 3728 1046 καταρῶνται·
3752 958 3863 1028 10:3-

2296 1082 2357 1117 το
2378 1062 2487 1134 γὰρ
2514 1064 2673 1135 μέχρι
2699 1067 2797 1135 τῆς
2819 1067 3055 1138 σήμερον
3091 1067 3360 1121 Ἰουδαίων
3382 1066 3568 1130 παῖδες
3597 1066 3866 1120 ποιοῦσιν⁸

2294 1155 2483 1208 τούτου
2515 1156 2671 1227 χάριν
2697 1156 2873 1211 πάντα
2901 1160 3083 1223 αὐτοῖς
3113 1159 3179 1212 τὰ
3212 1160 3619 1231 προλελεγμένα
3650 1160 3868 1230 γενήσε-

2296 1263 2403 1299 ται.
2447 1247 2555 1299 Καὶ
2588 1246 2874 1316 εἰσῆλθεν
2899 1250 3041 1304 ὡσεί
3075 1250 3231 1319 ὕδωρ
3263 1254 3351 1318 είς
3385 1252 3458 1306 τὰ
3494 1252 3717 1320 ἔγκατα
3762 1253 3867 1305 αὐ·

2295 1338 2423 1391 τοῦ.
2451 1339 2523 1390 Οὐ
2544 1339 2651 1408 γὰρ
2674 1338 2868 1402 ἔξωθεν
2894 1343 3071 1411 μόνον,
3090 1343 3225 1397 ἀλλά
3249 1345 3343 1396 καὶ
3361 1342 3569 1397 ἔνδοθεν
3597 1344 3868 1415 περίκειν-

2294 1445 2381 1481 ται
2412 1428 2481 1481 τὰ
2502 1433 2645 1484 κακὰ
2675 1431 3083 1503 περικλύζοντα.
3118 1436 3226 1489 Καὶ
3251 1435 3394 1489 ὡσεὶ
3415 1436 3624 1490 ἔλαιον
3654 1438 3726 1490 ἐν
3746 1436 3867 1503 τοῖς

2295 1521 2528 1588 ὀστέοις
2564 1524 2767 1579 αὐτοῦ.
2832 1525 3002 1580 Τοῦτο
3030 1528 3139 1598 γὰρ
3170 1528 3283 1598 ἔχει
3321 1528 3545 1600 μόνιμον
3572 1530 3670 1600 τὴν
3704 1529 3865 1601 ὑγρό-

2293 1630 2449 1683 τητα.
2483 1616 2658 1688 Φορὰν
2682 1616 2739 1670 δέ
2773 1635 2905 1689 φησι
2934 1620 3139 1682 κακῶν,
3172 1621 3265 1674 τοῦ
3302 1621 3400 1691 μὲν
3431 1622 3623 1685 ὓδατος
3646 1623 3709 1675 τὸ
3736 1639 3867 1691 σφο-

2292 1703 2414 1774 δρὸν
2439 1705 2753 1776 δηλοῦντος,
2796 1708 2888 1761 τοῦ
2918 1709 2975 1762 δὲ
3005 1709 3184 1763 ἐλαίου
3213 1711 3273 1764 τὸ
3308 1711 3550 1782 μόνιμον.
3622 1713 3739 1782 Ὑφ’
3769 1706 3866 1777 ὧν,

2294 1795 2448 1866 φησὶ,
2478 1799 2570 1850 καὶ
2600 1798 2675 1863 ὡς
2704 1801 2761 1852 ἐν
2786 1801 2971 1873 ἐσθῆτι
3003 1801 3380 1869 καλυπτέσθω,
3401 1804 3494 1856 καὶ
3521 1803 3597 1869 ὡς
3625 1804 3865 1878 ζωστῆρι

2222 1879 2265 1935 Β
2295 1889 2626 1957 σφιγγέσθω.

2367 1981 2547 2035 Τοῦτο
2594 1982 2662 2036 τὸ
2704 1983 2882 2056 ἔργον
2905 1985 3023 2039 τῶν
3049 1985 3563 2043 ἐνδιαϐαλλόντων
3604 1989 3704 2042 καί
3750 1987 3868 2042 τῶν

2288 2075 2639 2129 λαλούντων
2661 2077 2891 2145 πονηρὰ
2918 2076 3028 2144 τῆς
3056 2076 3265 2147 ψυχῆς
3284 2098 3424 2149 μου.
3473 2080 3707 2143 Τούτους
3734 2097 3864 2150 τρυο

2289 2166 2514 2235 γήσουσι
2546 2167 2670 2230 τοὺς
2700 2168 2945 2238 καρποὺς
2969 2168 3017 2220 oi
3047 2167 3108 2220 τὸ
3136 2168 3274 2239 πρὸς
3303 2170 3402 2240 ἐμὲ
3433 2172 3587 2240 μῖσος
3610 2168 3868 2234 ἀναδεξά-

2291 2273 2461 2327 μενοι,
2490 2258 2581 2310 καὶ
2607 2259 2635 2311 ὁ
2665 2258 2871 2322 τούτοις
2903 2260 3257 2330 ὑπουργήσας
3286 2260 3573 2331 προδότης.
3640 2261 3863 2331 Ἐπειδὴ

2286 2347 2395 2420 γὰρ
2426 2348 2669 2401 ἀντίθεον
2701 2350 2863 2404 αὑτὸν
2895 2352 2988 2404 καὶ
3015 2352 3328 2423 παράνομον
3360 2353 3606 2416 ἐκάλουν,
3640 2356 3867 2417 εἰκότως

2286 2437 2404 2493 εἷπε
2426 2457 2439 2470 ·
2481 2441 2602 2497 Τῶν
2625 2441 3139 2498 ἐνδιαϐαλλόντων
3155 2462 3233 2514 με
3265 2445 3424 2514 παρὰ
3445 2447 3688 2513 Kvpt'ov.

2354 2623 2461 2677 Καὶ
2494 2623 2595 2689 σὺ,
2627 2625 2834 2692 Κύριε,
2871 2628 3078 2695 Κύριε,
3114 2626 3374 2694 ποίησον
3399 2629 3524 2697 μετ’
3550 2629 3698 2697 ἐμοῦ
3729 2630 3863 2685 ἓνε-

2284 2730 2389 2766 κεν
2406 2715 2514 2768 τοῦ
2537 2716 2829 2784 ὀνόματός
2851 2732 2989 2772 σου.
3012 2717 3123 2770 Καὶ
3140 2717 3312 2771 ταῦτα
3337 2718 3691 2790 ἀνθρωπίνως
3712 2722 3866 2793 εἰρη-

2283 2822 2377 2858 κεν
2415 2806 2443 2857 ὁ
2472 2806 2748 2877 Δεσπότης
2774 2808 3025 2879 Χριστός.
3084 2809 3268 2862 Πάντα
3312 2810 3421 2882 γὰρ
3449 2810 3518 2864 τὰ
3545 2812 3863 2883 ἀνθρώπινα

2282 2895 2419 2967 πλὴν
2451 2896 2723 2967 ἁμαρτίας
2750 2896 2927 2969 πεπλή
2940 2915 3134 2969 ρωκεν.
3192 2900 3416 2971 Ἐτέχθη
3460 2903 3568 2973 γάρ
3596 2902 3737 2955 κατὰ
3768 2904 3865 2957 νό-

2283 3006 2382 3058 μον
2412 2988 2644 3058 φύσεως.
2679 2989 2752 3041 Τὸ
2780 2989 2878 3059 μὲν
2906 2990 3015 3060 γάρ
3049 2992 3112 3043 ὲκ
3141 2992 3422 3059 γυναικὸς,
3454 2993 3554 3063 τῆς
3579 2993 3863 3062 ἀνθρωπί-

2281 3096 2377 3149 νης
2404 3081 2616 3149 φύσεως
2635 3099 2649 3111 ·
2681 3081 2821 3150 ὑπὲρ
2840 3080 3045 3151 ταύτην
3071 3082 3148 3147 δὲ,
3179 3087 3242 3137 ὲκ
3266 3085 3562 3157 Παρθένου.
3610 3087 3866 3152 Ἐδέξατο

2285 3172 2574 3243 σπάργανα
2603 3173 2697 3225 καὶ
2726 3172 3028 3243 περιτομὴν
3050 3214 3065 3238 ,
3105 3175 3199 3226 καὶ
3225 3174 3321 3245 τὴν
3353 3179 3417 3229 ὲκ
3438 3178 3711 3245 γάλακτος
3732 3196 3866 3251 τρο-

2282 3266 2389 3334 φήν
2411 3282 2423 3294 ·
2452 3265 2545 3317 καὶ
2569 3263 2757 3327 θυσίας
2786 3264 3096 3334 ἐξήνεγκεν,
3125 3266 3434 3337 ὲνήστευσε,
3461 3269 3555 3321 καὶ
3576 3270 3860 3341 ὲπείνησε,

2280 3356 2374 3409 καὶ
2403 3356 2642 3426 ἐδίψησε,
2667 3358 2761 3409 καὶ
2795 3357 3084 3409 ἐκοπίασεν
3100 3376 3112 3387 ·
3137 3357 3278 3411 οὕτω
3299 3358 3393 3412 καὶ
3422 3362 3864 3431 προσευχόμενος

2280 3447 2338 3498 ὲν
2382 3450 2494 3509 τοῖς
2531 3448 2708 3514 ἁγίοις
2736 3430 3085 3514 Εὐαγγελίοις
3120 3448 3383 3520 διηνεκῶς
3419 3430 3859 3524 ἀναγέγραπται.

2281 3538 2393 3591 Καὶ
2423 3538 2656 3591 ἐνταῦθα
2688 3538 3046 3611 ἀνθρωπίνως
3061 3541 3161 3612 τὴν
3192 3541 3340 3596 θείαν
3367 3543 3709 3598 ἐπικαλεῖται
3737 3544 3866 3618 βοή-

2280 3629 2446 3683 θειαν.

2358 3722 2571 3777 Ῥῦσαί
2598 3739 2673 3791 με
2698 3762 2712 3785 ,
2771 3723 2858 3777 ὅτι
2898 3724 3134 3793 πτωχὸς
3186 3725 3282 3779 καί
3332 3726 3521 3794 πένης
3568 3728 3687 3798 ειμι
3716 3729 3859 3798 ἐγώ.

2277 3813 2447 3867 Τοῦτο
2473 3813 2567 3866 καὶ
2596 3814 2686 3866 ὑπ’
2735 3814 2903 3867 αὐτοῦ
2932 3817 2989 3867 ὲν
3017 3818 3130 3877 τοῖς
3159 3817 3321 3885 ἱεροῖς
3342 3817 3691 3887 Εὑαγγελίοις
3715 3822 3864 3893 εὑρί-

2278 3921 2479 3975 σκομεν
2511 3905 2816 3976 εἰρημένον.
2862 3906 3089 3961 Μέλλων
3121 3907 3228 3980 γὰρ
3258 3911 3537 3980 προσιέναι
3575 3912 3655 3983 τῷ
3691 3914 3862 3967 πάθει

2277 3991 2397 4049 εἷπε
2416 4013 2431 4026 ο
2465 3995 2597 4050 Νῦν
2624 3997 2662 4063 ἡ
2695 3997 2864 4067 ψυχή
2892 4015 3012 4066 μου
3041 3999 3408 4069 τετάρακται.
3439 4006 3549 4059 Καὶ
3583 4008 3641 4059 τί
3664 4008 3817 4061 εἴπω
3841 4024 3862 4069 ;

2275 4088 2486 4157 Πάτερ,
2515 4089 2725 4143 σῶσόν
2744 4107 2821 4160 με
2837 4091 2905 4143 ἐκ
2937 4090 3046 4160 τῆς
3076 4093 3231 4164 ὥρας
3253 4099 3494 4165 ταύτης.
3532 4100 3723 4163 Ἀϐϐὰ,
3757 4101 3865 4157 διὰ

2275 4185 2450 4238 τοῦτο
2477 4183 2749 4249 ἐλήλυθα
2779 4186 2866 4250 εἰς
2892 4184 3008 4254 τὴν
3037 4185 3197 4255 ὥραν
3233 4190 3478 4256 ταύτην.

2355 4277 2517 4330 Ὠσεὶ
2540 4276 2681 4331 σκιὰ
2702 4276 2770 4329 ἐν
2794 4275 2873 4342 τῷ
2898 4277 3169 4333 ἐκκλῖναι
3194 4280 3391 4348 αὐτὴν
3414 4282 3857 4354 ἁντανῃρέθην.

2274 4370 2411 4441 Σκιᾷ
2438 4368 2681 4442 κλιθείσῃ
2708 4369 3104 4441 παραπλησίως
3129 4369 3396 4445 ἐδεξάμην
3419 4374 3511 4427 τοῦ
3544 4376 3659 4447 βίου
3681 4377 3740 4430 τὺ
3763 4380 3862 4432 τέ-

2272 4460 2363 4525 λος
2382 4479 2395 4491 ·
2423 4460 2557 4513 ἀλλὰ
2580 4462 2673 4514 καλ¹
2693 4460 2849 4532 δίκην
2871 4463 3316 4533 περιφερομένων
3339 4466 3433 4518 ὑπ’
3455 4467 3672 4537 ἀνέμων
3693 4468 3831 4541 ἀκρί
3847 4500 3863 4512 -

607 4553 845 4611 ptarum,
875 4545 1039 4597 vitam
1076 4545 1184 4615 egi,
1241 4562 1347 4599 non
1397 4548 1607 4613 urbem,
1652 4564 1759 4603 nou
1807 4550 2009 4615 vicum,
2060 4567 2204 4625 nonj

2284 4552 2376 4605 5th
2408 4551 2682 4606 διετέλεσα
2710 4552 2770 4604 οὐ
2804 4551 2959 4606 πόλιν
2992 4551 3151 4623 ἔχων,
3178 4556 3238 4607 οὐ
3270 4553 3495 4625 κώμην,
3519 4558 3619 4610 οὐκ
3648 4560 3860 4627 οίκίαν,

612 4635 835 4687 domum
884 4635 1109 4700 habens,
1148 4635 1282 4690 alias
1308 4636 1375 4690 ad
1419 4638 1523 4692 alia
1573 4639 1692 4693 loca
1736 4648 1789 4694 et
1836 4641 1904 4695 ad
1958 4652 2169 4698 montes

601 4726 990 4794 commigrans,
1014 4728 1286 4783 interdum
1312 4728 1378 4783 ad
1403 4730 1675 4784 desertum
1708 4748 2024 4792 accurrens.

674 4814 747 4869 25
812 4814 1061 4869 Viderunt
1093 4833 1173 4870 me
1190 4827 1247 4872 .et
1280 4831 1545 4872 moverunt
1571 4822 1748 4890 capita
1779 4838 1897 4877 sua.
1945 4823 2056 4879 Hoc
2094 4825 2169 4880 ait

599 4908 730 4976 quia
757 4907 886 4962 dum
919 4909 973 4961 in
1006 4923 1167 4963 cruce
1205 4919 1371 4978 esset,
1415 4913 1704 4968 movebant
1736 4915 1909 4983 capita
1961 4932 2080 4981 sua,
2113 4925 2169 4972 et

597 5000 889 5054 dicebant:
944 5000 1008 5055 ui
1050 4999 1357 5070 Qtemplum
1419 5005 1621 5072 solvis,
1686 5007 1897 5062 salvum
1953 5007 2039 5065 fac
2088 5018 2168 5065 te-

598 5094 893 5163 metipsum
923 5096 985 5146 ιθ.

667 5188 758 5243 27.
788 5186 858 5241 Et
889 5190 1059 5242 sciant
1088 5191 1213 5262 quia
1249 5207 1437 5244 manus
1476 5200 1571 5244 tua
1610 5193 1740 5246 haec.
1774 5190 1969 5261 Manus
2010 5203 2168 5249 voca’.

599 5296 738 5350 opus
774 5279 907 5336 illud
942 5296 1051 5350 quo
1086 5298 1289 5338 seseex
1328 5284 1559 5338 mortuis
1588 5285 1864 5340 excitavit.

667 5453 758 5508 28.
786 5456 1103 5511 Maledicent
1134 5458 1236 5523 illi,
1269 5470 1319 5515 et
1348 5468 1405 5514 tu
1436 5458 1702 5515 benedices
1720 5476 1739 5524 ;
1768 5462 1858 5532 qui
1888 5462 2166 5531 insurgunt

598 5545 651 5595 in
672 5559 751 5596 me
774 5546 1186 5614 confundantur.
1207 5545 1339 5602 Nam
1366 5550 1570 5617 pudore
1596 5550 1772 5604 affecti
1798 5558 1927 5604 sunt
1951 5564 2163 5615 omnes,

597 5633 742 5703 quod
774 5649 880 5686 non
910 5646 1053 5691 esset
1083 5638 1216 5707 ipsis
1246 5640 1523 5703 sacerdos,
1550 5655 1651 5695 nec
1674 5640 2030 5709 sacriﬁcium,
2063 5656 2165 5697 nec

705 5792 923 5849 “Joan.
970 5812 1065 5863 xu,
1105 5798 1193 5855 27.
1275 5801 1317 5833 ⁸⁸
1340 5799 1523 5858 Matth.
1552 5818 1719 5871 xxvu,
1754 5804 1849 5859 r:50.

2276 4642 2460 4697 ἄλλοτε
2492 4643 2549 4695 δὲ
2580 4641 2810 4712 ἀλλαχοῦ
2843 4643 2936 4695 καὶ
2962 4644 3041 4706 είς
3071 4643 3172 4715 δρη
3214 4644 3586 4714 μεταϐαίνων,
3614 4647 3725 4701 ἐσθ’
3762 4650 3863 4705 ὅτε

2274 4735 2368 4787 καὶ
2397 4734 2605 4805 τρέχων
2635 4736 2712 4796 είς
2746 4732 2842 4805 έρη
2853 4751 2968 4803 μον.

2346 4823 2610 4879 Εἷδοσάν
2650 4842 2725 4895 με
2774 4826 2874 4879 καί
2906 4824 3255 4880 ἐσάλευσαν
3307 4828 3578 4897 κεφαλὰς
3627 4828 3860 4888 αὐτῶν.

2274 4916 2443 4969 Τοῦτό
2477 4932 2609 4985 φησι
2652 4916 2738 4970 διὰ
2773 4916 2835 4968 τὸ
2868 4917 2959 4969 ἐπὶ
3001 4916 3079 4988 τῷ
3125 4918 3343 4988 σταυρῷ
3368 4920 3480 4972 δντι
3508 4920 3657 4991 αὑτῷ
3680 4927 3865 4976 κινεῖν

2274 5005 2372 5067 τὰς
2395 5004 2658 5071 κεφαλὰς,
2690 5004 2785 5057 καὶ
2806 5004 2988 5073 λέγειν
3010 5023 3024 5035 ’
3063 5008 3121 5059 '0
3151 5006 3436 5060 καταλύων
3465 5008 3554 5061 τὸν
3578 5009 3723 5072 ναὸν,
3758 5012 3868 5064 σῶ-

2276 5111 2368 5147 σον
2404 5096 2651 5148 σεαυτόν.

2344 5188 2455 5240 Καὶ
2506 5187 2825 5257 γνώτωσαν
2847 5229 2862 5251 ,
2900 5188 2987 5242 ὅτι
3016 5191 3054 5257 ή
3088 5190 3218 5259 χείρ
3255 5205 3373 5245 σου
3406 5192 3583 5262 αὕτη.
3650 5194 3868 5267 Χεῖρας

2273 5278 2510 5333 ἐνταῦθα
2534 5279 2630 5352 τὴν
2655 5279 2854 5351 πρᾶξίν
2888 5299 3051 5353 φησιν
3071 5322 3085 5347 ,
3121 5284 3188 5353 ἣν
3219 5284 3515 5356 εἰργάσατο
3539 5286 3868 5358 ἀναστήσας

2273 5371 2461 5425 ἑαυτὸν
2494 5372 2557 5423 ἐκ
2583 5370 2813 5442 νεκρῶν.

2346 5462 2794 5531 Καταράσονται
2845 5463 3046 5528 αὐτοὶ,
3103 5466 3316 5520 καὶσὺ
3347 5467 3742 5539 εὐλογήσεις,
3807 5476 3869 5526 ol

2272 5554 2735 5623 ἐπανιστάμενοι
2753 5573 2855 5624 μοι
2881 5556 3403 5625 αἱσχυνθήτωσαν.
3458 5559 3870 5634 Κατῃσχύνθη-

2275 5658 2380 5697 σαν
2402 5643 2510 5715 γὰρ
2531 5645 2789 5712 ἅπαντες,
2812 5646 2912 5700 οὐκ
2934 5646 3087 5712 ὄντος
3107 5649 3288 5713 αὐτοῖς
3310 5651 3519 5723 ἱερέως,
3540 5652 3659 5705 οὐδὲ
3684 5652 3867 5726 οὔσης
