4070 6452
191 385 286 442 461

190 501 382 566 θυσίας
410 526 446 565 ,·
464 500 587 554 οὔτε
616 501 883 571 lapsa-sia;
908 540 921 563 ,

193 596 467 666 προφήτου
495 595 694 664 φωνήν.
772 593 833 644 '0
862 590 930 643 δὲ
959 591 1178 655 δοῦλός
1210 605 1323 642 σου
1355 588 1760 657 εὐφρανθήσε-

189 699 300 735 ται.
329 683 463 735 Οὐδὲ
495 682 650 734 τοῦτο
675 682 820 751 ἡμᾶς
846 680 906 731 τὸ
935 681 1082 750 ῥῆμα
1107 677 1289 731 λαϐεῖν
1315 679 1394 741 εἰς
1420 678 1611 748 ἑτέραν
1641 675 1762 728 ὑπό-

189 774 339 827 θεσιν
372 774 670 841 ἀναγκάσει
691 790 705 803 ’
763 772 975 824 Παύλου
1006 771 1252 838 λέγοντος
1277 788 1290 800 ·
1349 770 1513 824 Ἀλλ’
1545 767 1762 821 ἑαυτὸν

184 864 448 919 ἐκένωσε
492 865 739 934 μορφὴν
790 865 1016 917 δούλου
1073 862 1303 916 λαϐὼν
1356 864 1450 915 καὶ
1505 862 1755 913 ἰΙσαῖουο

190 959 390 1022 Οὕτως
415 957 578 1027 λέγει
606 958 821 1025 Κύριος
858 960 889 1008 ό
922 954 1163 1020 πλάσας
1189 972 1265 1023 με
1303 956 1371 1006 ἑι-
1396 954 1590 1018 κοιλίᾳ
1621 951 1760 1005 δοῦ-

186 1053 301 1103 λον
329 1049 549 1114 ἑαυτῷ·
595 1050 687 1101 καὶ
718 1048 877 1110 αὐτὸς
905 1047 960 1099 δέ
990 1064 1153 1117 φησιν
1184 1047 1241 1097 ἐν
1276 1044 1622 1112 Εὑαγγελὶοις
1642 1083 1656 1106 ,
1686 1044 1761 1106 ὡς

200 1139 262 1191 Ὀ
316 1139 452 1203 Υἱὸς
482 1138 585 1191 τοῦ
630 1136 943 1205 ἀνθρώπου
979 1139 1088 1188 οὐκ
1121 1132 1269 1205 ἦ.-ἰθε
1310 1133 1756 1201 διακονηθῆναι,

183 1231 348 1284 ἀλλὰ
377 1228 753 1297 διακονῆσαι.

269 1306 779 1375 Ἐνδυσάσθωσαν
818 1324 871 1373 οἱ
913 1318 1405 1383 ἐνδιαῖιὶλλοντές
1448 1334 1522 1387 με
1564 1318 1760 1383 ἐντρο-

183 1411 329 1478 ετήν.
364 1413 497 1466 Ποία
526 1413 630 1483 γὰρ
656 1414 753 1465 οὐκ
782 1412 927 1463 ἐστιν
961 1410 1232 1473 Ἰουδαίοις
1258 1409 1523 1479 αἰσχύνη;
1552 1409 1630 1461 Τὰ
1662 1409 1759 1479 μὲν

183 1506 317 1571 ἅγια
347 1504 416 1557 τὰ
440 1504 647 1557 ἑαυτῶν
676 1502 873 1572 ὁρῶσιν
901 1505 962 1554 ἐκ
988 1501 1201 1571 βάθρων
1227 1502 1574 1571 ἠφανισμένα
1595 1517 1607 1529 ·
1637 1500 1760 1552 τοῦ-

181 1594 243 1646 ’.ό
277 1610 336 1645 τε
376 1593 468 1645 τοῦ
507 1595 636 1663 παρ’
671 1592 847 1645 αὐτῶν
875 1591 1265 1662 ἀτιμασθέντος
1291 1594 1384 1644 καὶ
1418 1590 1757 1662 σταυρωθέν-

181 1700 273 1746 to;
298 1683 764 1754 προσκυνούμενον
782 1684 996 1754 μνῆμα·
1022 1684 1114 1735 καὶ
1129 1683 1227 1745 τὰς
1244 1683 1570 1754 Ἐκκλησίας
1596 1683 1757 1736 αὐτοῦ

183 1774 463 1845 πανταχοῦ
517 1774 769 1829 τοσοῦτον
820 1773 1159 1837 ἐπιδιδούσας
1196 1775 1275 1837 εἴς
1327 1792 1383 1827 τε
1430 1773 1632 1845 πλῆθος
1667 1776 1757 1827 καὶ

180 1864 360 1929 ῐόξαν.

270 1957 815 2026 Ἐξομολοπηξσομαι
842 1955 920 2022 τῷ
947 1959 1141 2025 Κυρίῳ
1161 1956 1396 2024 σφόδρα
1419 1957 1487 2009 ἐν
1516 1956 1596 2022 τῷ
1620 1960 1761 2010 στό-

175 2050 325 2119 ματι
349 2066 490 2117 μου.
535 2048 597 2101 Ἢ
643 2048 1026 2119 ἐξομολόγησις
1054 2048 1150 2119 τὴν
1179 2048 1527 2120 εὐχαριστίαν
1562 2048 1760 2118 σημαί-

181 2158 286 2204 νει,
315 2143 383 2210 ἣν
410 2141 641 2193 ποιεῖται
668 2139 755 2193 διὰ
778 2139 885 2193 τῶν
909 2139 1076 2192 ἐθνῶν
1105 2142 1133 2193 6
1162 2140 1309 2203 Υἱός.
1361 2141 1470 2193 Kal
1502 2142 1571 2192 ἐν
1592 2140 1760 2209 μέσῳ

179 2232 666 2287 nautes-alveare
685 2233 889 2287 αὐτόν.
910 2231 1008 2284 Διὰ
1026 2230 1135 2303 γὰρ
1157 2233 1254 2302 τῆς
1281 2232 1604 2301 Ἐκκλησίας
1625 2235 1761 2284 αἰνεῖ

178 2324 274 2376 τὸν
304 2323 545 2394 Πατέρα.

744 2417 892 2467 ΨΑΛ
902 2416 1053 2467 ΜοΣ
1098 2416 1208 2467 PO’

256 2500 446 2558 Εἶπεν
478 2506 511 2557 ό
549 2505 768 2571 Κύριος
799 2503 880 2569 τῷ
909 2504 1105 2571 Κιφίῳ
1137 2522 1255 2573 μου
1276 2522 1290 2536 ο
1329 2506 1523 2560 Κάθου
1556 2505 1623 2557 ἐκ
1664 2504 1758 2558 δε-

181 2592 334 2658 ξιῶν
372 2611 513 2661 μου.
571 2593 681 2665 Τὴν
734 2593 876 2647 κατὰ
911 2595 1088 2665 σάρκα
1138 2594 1389 2666 γέννησιν
1419 2596 1512 2647 τοῦ
1551 2596 1756 2667 Κυρίου

176 2685 272 2740 διὰ
300 2684 409 2737 τῶν
443 2685 724 2758 παρόντων
774 2686 1169 2757 κατασημαινει
1192 2726 1207 2752 ,
1234 2688 1326 2741 καὶ
1358 2688 1447 2741 τὸν
1480 2690 1759 2758 εὐαγγελι-

178 2779 281 2834 κδν
318 2777 483 2833 αὐτοῦ
515 2779 704 2845 λόγον,
750 2779 839 2833 τὸν
871 2779 1087 2832 πάντων
1119 2781 1618 2851 κατακυριεύσαντα
1650 2782 1760 2835 τῶν

179 2871 379 2934 ἐθνῶν,
415 2871 508 2924 καὶ⁵
540 2872 637 2942 τὴν
667 2873 746 2933 εἰς
766 2871 1024 2941 οὐρανοὺς
1050 2870 1214 2924 αὐτοῦ
1235 2873 1440 2936 ἄνοδον,
1464 2870 1531 2945 ἦς
1557 2875 1758 2944 κατάρ-

179 2978 340 3032 χεται
368 2963 397 3014 6
423 2960 634 3030 ψαλμὺς
662 2960 835 3028 λέγων
855 2975 867 2988 ·
904 2958 1088 3015 Εἶπεν
1133 2963 1166 3014 ό
1218 2962 1432 3029 Κύριος
1464 2961 1542 3027 τῷ
1565 2966 1757 3030 Κυρίῳ

170 3072 329 3125 ιιου³
367 3054 562 3109 Κάθου
599 3055 668 3108 ἐκ
700 3054 913 3117 δεξιῶν
943 3073 1080 3123 μου.

258 3149 410 3214 Ἕως
439 3148 515 3202 ἂν
543 3148 623 3202 θῶ
655 3148 795 3212 τοὺς
834 3148 1083 3216 ἐχθρούς
1125 3164 1240 3201 σου
1268 3150 1601 3204 ὑποπόδιον
1643 3150 1760 3205 τῶν
1786 3172 1828 3228 C

178 3238 391 3293 ποδῶν
417 3255 553 3293 σου.
602 3239 712 3290 Καὶ
744 3237 887 3299 τίνες
919 3237 983 3289 ἂν
1014 3232 1124 3289 εἷεν
1148 3239 1197 3290 οἱ
1225 3238 1410 3309 ἐχθροὶ
1442 3242 1470 3291 6
1513 3242 1759 3294 Ἀπόστρ-

176 3330 275 3392 lo;
306 3326 457 3396 δηλοῖ
490 3326 656 3393 βοῶν’
692 3328 868 3378 Ὅταν
902 3325 1250 3397 καταργήσῃ
1293 3328 1400 3393 τὰς
1433 3328 1623 3397 ἀρχὰς
1660 3331 1757 3383 καὶ

175 3420 293 3485 τὰς
325 3417 631 3483 ἐξουσίας,
660 3415 757 3469 καὶ
783 3415 923 3482 τοὺς
952 3416 1435 3486 κοσμοκράτορας
1455 3458 1469 3482 ,
1502 3419 1760 3488 ἔσχατος

175 3509 400 3580 ἐχθρὸς
427 3506 799 3576 καταργεῖται
832 3509 866 3560 ό
886 3506 1171 3573 ’θάνατος.

265 3599 514 3654 Ῥἁϐδον
541 3597 849 3666 δυνάμεως
877 3597 1279 3660 ἐξαποστελεῖ
1316 3614 1413 3652 σοι
1440 3602 1654 3668 Κύριος
1692 3602 1761 3655 ἐκ

179 3690 360 3750 Σιών.
421 3690 527 3744 Τὸν
556 3686 909 3757 εὐαγγελικόν
939 3704 1071 3759 φησι
1098 3687 1254 3757 λόγον
1295 3688 1387 3741 τὸν
1419 3690 1763 3761 ἀπεσταλμέ-

178 3803 295 3850 νον,
327 3784 386 3847 ὃς
415 3783 509 3836 καὶ
540 3782 756 3835 πάντων
789 3780 895 3834 τῶν
925 3778 1135 3852 ἐχθρῶν
1168 3780 1506 3852 ἐκυρίευσεν.

256 3871 420 3927 Μετὰ
449 3869 564 3925 σοῦ
588 3870 627 3935 ἠ
662 3869 819 3939 ἁρχὴ
851 3869 922 3923 ἐν
942 3870 1131 3938 ἡμέρῃ
1157 3869 1268 3936 τῆς
1291 3869 1596 3941 δυνάμεώς
1621 3886 1760 3926 σου.

182 3966 262 4019 *Η
293 3966 384 4018 τὸν
418 3964 609 4034 καιρὸν
638 3963 737 4034 τῆς
769 3963 1002 4033 κρίσεως
1028 3963 1115 4017 διά
1144 3963 1347 4017 τούτων
1376 3966 1629 4036 σημαίνει
1654 4007 1670 4030 ,
1704 3968 1762 4019 ἐν

176 4052 227 4125 ᾧ
252 4057 479 4126 δυνάμει
508 4054 630 4126 θεία
655 4053 862 4118 πάντας
892 4055 1069 4127 κρινεῖ
1092 4054 1261 4107 ἐλθὼν
1288 4057 1427 4127 μετὰ
1459 4058 1569 4110 τῶν
1594 4058 1763 4127 ἁγίων

178 4157 435 4228 ἀγγέλων
455 4155 652 4211 αὐτοῦ’
681 4156 714 4227 ἢ
749 4156 840 4209 τὸν
873 4154 1064 4226 καιρὸν
1097 4155 1198 4224 τῆς
1230 4153 1538 4223 γεννήσεως
1570 4148 1759 4213 αὑτοῦ,

178 4251 307 4319 ἥτις
332 4248 428 4301 καὶ
445 4248 626 4320 ἡμέρα
654 4246 936 4312 δυνάμεως
966 4244 1452 4317 προσαγορεύεται.
1486 4242 1639 4296 Μετὰ
1667 4241 1761 4295 σοῦ

179 4338 295 4410 γὰρ
329 4337 485 4391 ἔσται
518 4341 551 4408 ἠ
585 4340 747 4410 ἀρχή.
788 4335 1213 4403 Κατεξουσιάζει
1248 4334 1356 4406 γὰρ
1392 4334 1498 4387 τῶν
1529 4333 1687 4395 ὅλων,
1716 4333 1762 4384 εἰ

182 4431 283 4486 καὶ
324 4430 546 4499 γέγονεν
596 4429 901 4501 ἄνθρωπος.
950 4431 1052 4483 Ἐν
1080 4428 1209 4494 ταῖς
1237 4426 1617 4497 λαμπρότησι
1648 4422 1765 4477 τῶν

180 4522 374 4592 ἁγίων
391 4538 527 4575 σου.
555 4520 629 4574 Τὸ
652 4521 730 4583 δὲ,
766 4522 862 4573 Ἐν
882 4519 1010 4585 ταῖς
1037 4520 1417 4588 λαμπρότησι
1437 4517 1555 4571 τῶν
1583 4516 1765 4585 ἁγίων
1799 4515 1842 4569 D

181 4628 339 4675 σου,
369 4610 521 4664 οὐδὲν
550 4612 736 4684 ἕτερον
765 4610 798 4681 ἢ
832 4611 930 4674 τὰς
961 4629 1053 4681 χοι.
1094 4607 1179 4665 ἀς
1209 4610 1423 4671 ἐκείνας
1450 4607 1558 4661 τῶν
1592 4608 1763 4675 ἁγίων

182 4703 440 4773 ἀγγέλων
473 4704 607 4773 ἡμῖν
653 4702 1048 4774 κατασημαίνει
1068 4740 1088 4769 ,
1136 4700 1236 4765 τὰς
1270 4698 1421 4771 παρὰ
1466 4702 1565 4771 τὴν
1595 4697 1767 4752 νύκτα

184 4796 407 4865 ἐκείνην
435 4794 556 4848 καθ’
603 4794 670 4865 ἣν
695 4793 957 4866 ἐγεννήθη
991 4794 1020 4845 6
1052 4795 1095 4846 Χ
1105 4792 1287 4865 ριστὺς
1320 4789 1558 4863 βοώσας⁶
1617 4789 1769 4853 Δόξα

178 4903 256 4942 μγ
276 4886 561 4954 ὑψίστοις
589 4884 710 4952 Θεῷ
736 4885 833 4939 καὶ
855 4884 955 4939 ἐπὶ
981 4883 1096 4953 γῆς
1122 4882 1351 4951 εἰρήνη.
1397 4882 1491 4933 Ἐκ
1514 4880 1770 4949 γαστρὸς

180 4977 305 5046 πρὸ
340 4977 648 5046 ἑωσφόρον
686 4976 985 5046 ὲγέννησά
1016 4993 1108 5029 σε.
1158 4976 1299 5045 Ὅρα
1325 4973 1440 5038 πῶς
1478 4971 1766 5025 οἰκειοῦται

184 5072 289 5138 τὴν
318 5067 457 5122 κατὰ
485 5068 663 5139 σάρκα
690 5066 942 5138 γέννησιν
985 5065 1080 5119 τοῦ
1112 5064 1450 5133 Μονογενοῦς
1478 5064 1507 5116 ὁ
1553 5062 1763 5131 Πατήρ.

182 5161 330 5231 Φησὶ
362 5160 468 5233 γὰρ
496 5160 525 5212 6
547 5161 737 5232 Πατὴρ
768 5160 903 5232 πρὸς
932 5160 1019 5213 τὸν
1048 5158 1173 5212 Υῐόν
1193 5176 1206 5189 -
1240 5158 1354 5227 Πρὸ
1380 5157 1486 5227 γὰρ
1509 5154 1600 5208 τοῦ
1633 5156 1768 5225 ὁρω-

188 5253 367 5325 μένου
389 5253 593 5324 κόσμου
622 5253 810 5307 τούτου
843 5253 936 5306 καὶ
963 5250 1216 5319 διαυγοῦς
1244 5250 1420 5319 φωτὸς
1443 5249 1765 5317 γεννήσεως.

184 5341 302 5411 ἐγὼ
328 5343 633 5414 γεγέννηκά
661 5361 739 5397 σε.
756 5344 868 5414 Οὐχ
895 5344 977 5395 ὅτι
1006 5344 1245 5411 γαστέρα
1268 5340 1378 5410 ἔχει
1408 5341 1436 5392 6
1461 5339 1592 5402 Θεὸς
1609 5355 1623 5367 ·
1654 5337 1768 5390 ἀλλ’

185 5430 380 5502 ἐπειδὴ
411 5432 481 5485 τὰ
511 5433 705 5504 γνήσια
727 5473 742 5496 ,
775 5435 868 5487 καὶ
911 5434 971 5485 οὐ
1001 5433 1128 5486 νόθα
1148 5472 1162 5497 ,
1196 5433 1261 5484 ἐκ
1289 5430 1523 5501 γαστρὸς
1555 5444 1766 5499 πρωτο-

183 5524 389 5580 τοκῐων
422 5525 748 5593 πεφύκασιν.

264 5617 486 5684 Ὧμοσε
532 5618 777 5686 Κύριος,
809 5617 903 5670 καὶ
952 5617 1023 5670 οὐ
1067 5614 1640 5685 μεταμεληθήσεται.
1725 5612 1767 5662 0

1308 371 1669 429 EXPOSITIO
1705 372 1781 427 ἸΝ
1822 368 2151 425 PSALMUM
2188 367 2322 423 CIX.

968 497 1087 551 οὔτε
1120 496 1295 566 λογίου
1322 538 1337 556 ,
1370 496 1509 549 κατὰ
1536 494 1634 566 τὴν
1665 494 1761 548 τοῦ

1865 495 2052 557 altare,
2117 506 2217 546 nec
2265 487 2651 553 sacerdotium,
2706 498 2891 556 neque
2941 482 3225 548 rationale,
3267 485 3423 555 juxta

3317 365 3426 422 482

1865 587 2144 657 Propheta:
2172 598 2379 638 vocem.
2417 580 2605 635 Servus
2634 588 2810 633 autem
2842 586 2963 631 tuus
2994 576 3281 631 laetabitur.
3317 577 3422 630 Ne-

1863 694 1967 749 que
1999 678 2103 732 hoc
2131 676 2334 731 dictum
2380 674 2447 727 a'd
2494 672 2640 725 aliud
2694 678 3074 740 argumentum
3129 668 3426 723 transferre

1864 783 2085 823 necesse
2115 766 2271 821 nobis
2305 772 2389 820 est
2420 782 2435 829 ;
2476 778 2599 816 cum
2633 761 2835 817 Paulus
2867 762 3011 815 dicat
3040 779 3052 814 :
3091 758 3194 814 Sed
3233 768 3423 811 semel-

1863 862 2035 929 ipsum
2089 858 2379 912 exinauivit
2449 855 2678 925 formam
2735 858 2872 907 servi
2934 853 3196 921 accipiens
3238 850 3315 915 ’7;
3370 854 3424 902 et

1864 951 2031 1007 Isaias
2057 969 2070 1005 :
2107 950 2196 1005 Sic
2223 950 2355 1003 dicit
2388 947 2643 1001 Dominus
2671 948 2761 1016 qui
2791 945 3036 1014 formarit
3065 959 3144 997 me
3183 957 3247 994 ea:
3276 950 3422 993 utero

1861 1059 2065 1095 servum
2092 1042 2191 1094 sibi
2217 1040 2260 1071 “
2285 1057 2298 1094 :
2323 1048 2376 1093 et
2408 1040 2524 1107 ipse
2549 1039 2600 1090 in
2634 1035 2941 1106 Evangeliis
2979 1035 3094 1089 ait:
3132 1031 3309 1087 Filius
3337 1032 3425 1084 Iw-

1863 1134 2021 1187 ntinis
2057 1149 2157 1186 non
2188 1132 2323 1187 venit
2354 1130 2674 1193 ministrari,
2715 1127 2803 1181 sed
2824 1130 3125 1181 ministrare
3147 1126 3210 1177 ¹⁹.

1931 1309 2021 1364 29.
2047 1308 2350 1361 [minantur
2372 1308 2460 1377 qui
2491 1306 2775 1359 detrahunt
2799 1305 2925 1358 mihi
2956 1304 3173 1373 pudore.
3204 1298 3422 1370 Ecquod

1867 1417 1974 1454 non
2010 1410 2093 1454 est
2131 1399 2334 1455 Judzeis
2370 1397 2594 1468 pudoris
2639 1397 2854 1467 genus?
2884 1394 3079 1449 Sancta
3115 1408 3213 1448 sua
3247 1392 3427 1445 vident

1862 1510 1893 1547 a
1924 1492 2290 1547 fundamentis
2338 1492 2559 1545 diruta:
2599 1490 2911 1559 sepulcrum
2943 1495 3122 1541 autem
3171 1484 3291 1553 ejus
3331 1484 3421 1553 qui

1862 1588 1930 1638 ab
1958 1584 2089 1653 ipsis
2115 1582 2390 1652 despectui
2425 1582 2643 1635 habitus
2667 1596 2730 1634 ac
2750 1578 3044 1633 crucifixus
3063 1587 3145 1632 est
3172 1575 3422 1631 adorari:

1863 1676 2242 1737 Ecclesiasque
2266 1675 2386 1744 ejus
2415 1675 2616 1744 ubique
2657 1683 2923 1745 terrarum
2957 1679 3164 1725 tantum
3197 1682 3424 1723 numero

1862 1778 1913 1822 et
1948 1769 2118 1837 gloria
2150 1767 2358 1836 augeri.

1934 1941 2025 1996 50.
2061 1940 2360 2011 Conﬁtebor
2390 1939 2615 1993 Domino
2657 1938 2811 1991 nimis
2838 1938 2890 1990 in
2925 1953 3013 1990 ore
3040 1951 3171 1989 meo.
3199 1931 3427 1989 Confes-

1862 2034 1946 2088 sio
1969 2034 2265 2104 gratiarum
2301 2031 2567 2086 actionem
2599 2030 2888 2100 signiﬁcat,
2921 2044 3084 2098 quam
3117 2042 3211 2096 per
3234 2034 3434 2097 gentes

1863 2122 2032 2177 Filius
2074 2122 2269 2177 reddit.
2302 2120 2371 2175 Et
2402 2122 2455 2174 in
2506 2122 2674 2174 medio
2708 2120 2997 2172 multorum
3027 2117 3254 2171 laudabo
3283 2131 3421 2169 eum.

1861 2214 1964 2268 Per
2004 2197 2300 2268 Ecclesiam
2331 2227 2566 2281 namque
2588 2211 2800 2266 Patrem
2832 2211 3035 2265 laudat.

2380 2386 2713 2444 PSALMUS
2744 2388 2898 2443 CIX.

1932 2486 1984 2539 l.
2011 2485 2160 2539 Dixit
2207 2483 2461 2537 Dominus
2520 2481 2746 2535 Domino
2793 2477 3105 2533 meo:Sede
3141 2496 3175 2531 ιι
3222 2478 3423 2531 dextris

1860 2577 2009 2631 meis.
2048 2575 2208 2629 llisce
2231 2573 2412 2627 verbis
2447 2572 2848 2642 generationem
2879 2570 3091 2624 Domini
3121 2569 3423 2625 secundum

1860 2682 2081 2723 carnem
2145 2663 2435 2735 signiﬁcat,
2488 2673 2542 2717 et
2588 2662 2959 2731 evangelicum
3006 2661 3124 2731 ejus
3175 2660 3423 2725 verbum,

1860 2757 2005 2829 quod
2051 2755 2305 2810 omnibus
2339 2752 2589 2824 gentibus
2620 2752 2974 2805 dominatur:
3008 2759 3063 2803 et
3084 2750 3205 2818 ejus
3231 2763 3429 2804 ascen-

1860 2864 1981 2903 sum
2034 2848 2087 2899 in
2146 2843 2354 2907 cmlos,
2402 2857 2560 2912 quem
2594 2848 2812 2894 enarrat
2859 2838 3103 2909 psalmus
3148 2836 3422 2893 dicendo;

1866 2936 2010 2988 Dixit
2040 2936 2293 2989 Dominus
2333 2932 2555 2985 Domino
2580 2945 2728 2985 meo:
2763 2928 2893 2983 Sede
2918 2946 2949 2981 a
2987 2928 3185 2983 dextris
3215 2928 3363 2981 meis.

1934 3105 2107 3161 Donec
2130 3123 2318 3176 ponam
2351 3106 2594 3160 inimicos
2624 3114 2738 3158 tuos
2762 3102 3049 3158 scabcltum
3077 3103 3263 3170 pedum
3307 3110 3429 3156 tuo-

1865 3216 2005 3254 rum.
2049 3199 2282 3266 Quinam
2310 3198 2497 3254 hostes
2531 3198 2642 3253 sint
2687 3197 2927 3253 declarat
2959 3195 3251 3266 Apostolus
3299 3209 3424 3249 cum

1862 3292 2100 3345 clamat:
2135 3289 2267 3345 Cum
2290 3290 2615 3343 evacuaverit
2650 3290 3005 3358 principatum
3044 3297 3093 3340 et
3145 3293 3426 3355 potestates

1861 3390 1911 3433 et
1947 3390 2171 3434 rectores
2206 3380 2410 3445 mundi,
2444 3380 2729 3431 novissima
2765 3379 2997 3431 omnium
3036 3377 3252 3429 inimica
3287 3390 3427 3429 mors

1866 3470 2164 3525 destruetur
2188 3471 2256 3525 '°.

1934 3562 1990 3616 2.
2036 3561 2253 3633 virgam
2294 3563 2634 3617 virtutistua:
2674 3563 2870 3615 emittet
2912 3558 3171 3612 Dominus
3194 3573 3259 3611 ea:
3277 3555 3425 3612 Sion.

1864 3653 2246 3724 Evangelicum
2276 3654 2408 3707 dicit
2438 3653 2682 3717 verbum,
2714 3650 2859 3719 quod
2896 3649 3157 3702 emissum
3193 3647 3428 3702 inimicis

1866 3747 2122 3801 omnibus
2146 3745 2481 3801 dominatum
2522 3754 2625 3799 est.

1934 3838 1988 3893 5.
2026 3835 2213 3891 Tecum
2247 3838 2565 3906 principium
2592 3835 2648 3888 in
2685 3834 2771 3887 die
2803 3830 3015 3886 uirtutis
3059 3839 3183 3883 tute.
3226 3826 3323 3883 llis
3355 3827 3432 3882 si-

1867 3932 2087 4001 gniﬁcat
2114 3938 2209 3983 aut
2233 3928 2423 3999 judicii
2465 3935 2698 3997 tempus,
2723 3939 2832 3995 quo
2865 3924 3065 3977 virtute
3092 3920 3272 3977 divina
3297 3934 3433 3973 om-

1868 4035 1964 4075 nes
2005 4018 2271 4089 judicabit
2322 4017 2547 4071 veniens
2609 4028 2733 4068 cum
2772 4011 2975 4067 sanctis
3022 4009 3230 4078 angelis
3278 4009 3428 4066 suis;

1867 4120 1962 4166 aut
1991 4118 2202 4179 tempus
2230 4104 2597 4180 generationis
2631 4103 2799 4168 illius,
2831 4115 2953 4170 qua:
2985 4099 3151 4153 etiam
3189 4097 3306 4152 dies
3330 4096 3433 4149 vir-

1866 4202 1999 4257 tutis
2025 4201 2348 4271 appellatur.
2384 4195 2586 4252 Tecum
2615 4192 2759 4248 enim
2786 4191 2888 4245 erit
2916 4188 3268 4260 principium.
3292 4182 3429 4239 Nam

1867 4294 2182 4349 dominatur
2220 4288 2494 4345 universis
2539 4284 2752 4341 etiamsi
2800 4282 2979 4338 factus
3028 4281 3099 4337 sit
3144 4280 3328 4337 homo.
3365 4276 3432 4331 In

1869 4384 2229 4455 splendoribus
2264 4388 2813 4435 sanctorumtuorum.
2851 4372 2982 4427 Illud
3012 4391 3026 4427 :
3055 4370 3123 4425 In
3147 4369 3435 4441 splendori-

1872 4477 1966 4529 bus
1995 4485 2300 4529 sanctorum
2334 4483 2563 4533 tuorum,
2610 4466 2746 4521 nihil
2774 4465 2919 4519 aliud
2962 4462 3233 4535 signiﬁcat
3266 4477 3431 4531 quam

1868 4569 2096 4623 choreas
2123 4566 2245 4620 illas
2278 4571 2593 4618 sanctorum
2628 4557 2970 4627 angelorum.
3004 4556 3302 4609 clamantes
3323 4567 3431 4622 qua

1868 4670 2026 4715 nocte
2058 4669 2221 4713 natus
2276 4655 2528 4709 Christus
2558 4661 2679 4706 est:
2713 4648 2892 4703 Gloria
2938 4649 2994 4700 in
3035 4644 3253 4699 excelsis
3287 4642 3393 4696 Deo
3415 4682 3431 4701 .

1868 4764 1917 4807 et
1952 4754 2006 4806 in
2027 4762 2170 4803 terra
2190 4764 2294 4818 pax
2318 4748 2384 4800 ".
2419 4745 2502 4799 Ea:
2538 4753 2686 4797 utero
2718 4751 2836 4795 ante
2868 4736 3147 4805 luciferum
3180 4736 3333 4805 genui
3361 4746 3430 4789 te.

1873 4843 2006 4896 Vide
2036 4856 2144 4912 quo
2175 4848 2333 4910 pacto
2381 4836 2543 4890 Pater
2575 4830 2851 4903 Unigeniti
2874 4861 2880 4866 -
2907 4827 3308 4899 generationem
3356 4840 3438 4879 sc-

1872 4934 2109 4990 cundum
2168 4943 2384 4984 carnem
2438 4927 2543 4981 sibi
2594 4926 2866 4995 propriam
2924 4920 3106 4975 cﬁicit.
3165 4918 3432 4974 Aitemm

1871 5025 2031 5081 Pater
2059 5023 2125 5079 ad
2156 5021 2353 5076 Filium
2382 5040 2394 5074 :
2427 5019 2563 5073 Ante
2592 5014 2851 5071 mundum
2886 5014 3029 5067 hunc
3054 5010 3352 5077 visibilem,
3383 5022 3439 5064 et

1872 5116 2214 5187 splendidum
2251 5114 2433 5168 lumen
2463 5124 2566 5181 ego
2589 5117 2642 5163 te
2669 5104 2988 5178 genui.Non
3020 5102 3165 5173 quod
3194 5111 3436 5157 ventrem

1872 5210 2015 5265 Deus
2038 5208 2236 5262 habeat
2262 5223 2276 5269 ;
2303 5203 2396 5259 sed
2427 5203 2555 5271 quia
2588 5214 2868 5270 germana,
2896 5204 2949 5250 et
2981 5208 3090 5249 non
3124 5192 3337 5264 spuria,
3371 5206 3435 5245 ex

1871 5310 2057 5358 ventre
2091 5296 2533 5369 primogenitum
2565 5291 2698 5346 oriri
2724 5288 2919 5346 solent.

1941 5608 1994 5661 4.
2032 5606 2239 5658 Jurarit
2282 5603 2534 5655 Dominus
2568 5608 2612 5651 et
2654 5614 2754 5651 non
2800 5595 3243 5665 pmnitebiteutn.
3286 5589 3441 5647 Jun-

259 5794 312 5833 "
338 5792 570 5867 Philipp.
616 5810 674 5863 ιι,
699 5796 753 5850 7.
834 5795 877 5827 ¹⁸
901 5795 1003 5851 lsa.
1037 5809 1183 5861 mx,
1224 5793 1276 5848 5.
1358 5793 1398 5826 ¹⁹
1423 5789 1609 5846 Matth.
1645 5803 1736 5851 xx,

1936 5782 1979 5815 '°
2014 5780 2032 5835 ι
2066 5780 2192 5836 Cor.
2238 5794 2325 5846 xv,
2369 5777 2456 5833 26.
2534 5779 2575 5811 “
2617 5776 2749 5833 Luc.
2805 5790 2865 5840 ιι,
2905 5775 2989 5829 Η.
