4070 6470
634 393 738 448 ιϐδ

1472 395 1528 450 S.
1571 393 1938 449 ATHANASH
1976 393 2127 450 OPP.
2177 393 2354 450 PARS
2391 395 2481 451 111.
2523 426 2592 436 -—
2631 395 3041 453 EXEGETICA.

3761 403 3862 457 ισι

637 526 877 572 mentum
910 516 1025 579 Dei,
1059 523 1141 571 est
1168 516 1388 572 verbum
1421 518 1559 586 ejus,
1594 520 1738 588 quod
1772 518 2046 572 auditores
2076 533 2194 572 ccro

2295 518 2456 587 ὅρκος
2497 516 2592 570 τοῦ
2625 517 2758 570 Θεοῦ
2814 520 2841 570 ὁ
2878 519 3035 586 λόγος
3084 518 3244 570 αὐτοῦ
3289 519 3440 580 ἔστι,
3507 519 3865 590 πληροφορῶν

638 607 802 661 tiores
828 604 977 670 facit,
1011 616 1063 660 et
1093 606 1251 660 ﬁdem
1283 608 1480 676 cuique
1501 608 1612 672 dat,
1641 623 1759 675 quae
1783 606 1894 677 ipse
1926 608 2193 677 promittit

636 698 960 767 acloquitnr
993 698 1217 752 einniuo
1246 696 1424 751 futura
1457 713 1596 752 esse.
1645 697 1761 751 Non
1790 700 1932 752 enim
1970 699 2193 767 perinde

604 803 793 861 atque
823 793 987 847 homo
1025 792 1166 847 Deus
1219 792 1403 861 jurat;
1453 797 1545 847 sed
1593 796 1814 848 verbum
1867 797 1985 863 ejus
2036 795 2194 848 nobis

635 885 808 937 instar
835 882 1133 952 juramenti
1164 893 1248 937 est
1279 882 1344 936 ad
1378 884 1656 938 veritatem
1685 901 1699 948 ;
1742 884 1996 937 nimirum
2035 900 2194 938 omne

632 974 856 1027 verbum
889 973 1009 1042 ejus
1043 975 1148 1026 tale
1182 982 1265 1028 est
1299 983 1356 1027 ut
1388 991 1665 1044 nunquam
1706 976 1961 1043 pmniteat
1995 975 2190 1043 ipsum,

635 1065 839 1134 quippe
874 1080 998 1119 cum
1029 1065 1284 1132 promissi
1331 1064 1866 1134 juramcutu-lirmati
1902 1066 2055 1119 (idem
2096 1066 2192 1119 ba-

631 1154 774 1208 bcat.
805 1153 883 1207 Tu
913 1170 966 1207 es
1009 1155 1250 1207 sacerdos
1278 1155 1331 1206 in
1359 1166 1608 1208 wternnm
1632 1157 1911 1208 secundum
1959 1157 2192 1210 ordinem

631 1245 995 1301 Melchisedec.
1043 1243 1180 1310 Quia
1219 1260 1326 1299 non
1366 1247 1486 1299 oleo
1525 1244 1879 1300 Mclchisedcc
1920 1247 1985 1300 ad
2022 1263 2194 1302 sacer-

629 1339 835 1393 dotium
893 1349 1087 1393 unctus
1131 1348 1238 1402 est,
1301 1338 1756 1408 quemadmodum
1796 1338 1974 1393 Aaron
2009 1380 2022 1404 ,
2065 1343 2190 1410 quia

629 1442 736 1483 non
775 1441 1026 1485 cruentas
1059 1430 1256 1484 obtulit
1293 1429 1531 1493 hostias;
1564 1431 1688 1499 quia
1736 1431 1972 1501 gentium
2016 1433 2196 1502 ponti-

631 1522 716 1574 fex
759 1530 894 1583 erat,
952 1529 1005 1575 et
1047 1521 1174 1590 quia
1213 1536 1307 1590 per
1349 1536 1541 1590 panem
1588 1531 1639 1576 et
1691 1523 1872 1577 vinum
1922 1524 2196 1582 benedixit

627 1611 957 1668 Abrahamo.

699 1703 754 1757 5.
786 1701 1042 1757 Dominus
1069 1719 1101 1756 a
1131 1702 1331 1755 dextris
1358 1702 1460 1754 tuis
1490 1701 1738 1771 confregit
1767 1703 1821 1753 in
1851 1702 1935 1755 die
1962 1704 2057 1757 ira:
2087 1720 2194 1759 sua:

628 1810 789 1862 reges.
819 1792 971 1848 Diem
1003 1794 1114 1856 iraa,
1145 1793 1336 1863 iudicii
1371 1801 1580 1861 tempus
1615 1809 1735 1848 esse
1758 1794 1911 1856 dicit,
1941 1811 2052 1865 quo
2095 1797 2191 1850 bo—

626 1886 802 1940 mines
838 1887 932 1955 qui
958 1886 1086 1940 olim
1129 1900 1192 1939 ex
1245 1885 1455 1938 fallacia
1507 1886 1814 1940 dmmouum
1867 1889 2186 1956 regnabant,

625 1975 951 2045 confringet,
983 1975 1123 2030 intra
1150 1976 1405 2045 abyssum
1432 1977 1763 2032 concludens
1796 1978 1962 2047 ipsos.

693 2153 746 2206 6.
775 2151 1047 2207 Judicabit
1071 2154 1126 2207 in
1155 2150 1479 2214 nationibus,
1512 2151 1745 2219 implebit
1765 2152 1965 2206 ruinas.
1999 2149 2186 2206 Natio-

625 2259 743 2310 nes,
776 2244 971 2312 inquit,
1004 2245 1343 2312 impurorum
1377 2242 1680 2296 daemonum
1707 2243 1937 2310 puniens
1973 2242 2024 2295 in
2051 2253 2188 2296 tem-

624 2350 756 2404 pore
776 2333 989 2404 judicii,
1016 2334 1189 2389 ruinis
1219 2334 1405 2403 plenas
1433 2334 1699 2398 ostendet,
1726 2333 1775 2386 id
1800 2341 1882 2387 est
1930 2333 2105 2402 poenis
2131 2333 2186 2387 in

624 2422 972 2478 inferioribus
1001 2422 1244 2492 partibus
1272 2430 1429 2475 terrae
1454 2421 1776 2490 inlligendis.
1803 2419 2185 2489 Conquassabit

621 2518 796 2586 capita
823 2518 877 2570 in
905 2524 1042 2569 terra
1075 2515 1382 2568 multarunt.
1415 2513 1603 2566 Simile
1642 2513 1770 2566 illud
1797 2523 1879 2567 est
1904 2513 2048 2567 dicto
2080 2512 2187 2566 Do-

623 2607 758 2661 mini
799 2621 894 2676 per
924 2604 1154 2660 Isaiam:
1189 2604 1253 2658 Et
1295 2604 1459 2673 dejeci
1506 2604 1810 2675 sanguinem
1857 2605 2089 2673 ipsorum
2131 2605 2183 2656 in

625 2707 821 2750 tetram
844 2697 911 2751 ²².

693 2789 742 2843 7.
771 2788 844 2842 De
870 2797 1092 2842 torrente
1115 2788 1169 2840 in
1198 2788 1281 2839 uia
1317 2785 1471 2839 bibet.
1501 2784 1816 2840 Torrentem
1846 2794 2002 2838 vocat
2043 2783 2186 2837 Scri-

621 2890 775 2950 ptura
802 2880 1174 2935 tentationem.
1191 2875 1346 2929 Viam
1366 2887 1543 2930 autem
1568 2877 1700 2930 dicit
1723 2877 2039 2931 descensum
2067 2875 2184 2946 ejus

622 2974 676 3026 in
703 2982 924 3036 terram,
963 2974 1147 3040 inqua
1181 2983 1376 3039 passus
1404 2977 1487 3023 est
1511 2970 1602 3038 qui
1643 2985 1737 3037 per
1772 2977 2064 3024 torrentem
2090 2970 2184 3024 de-

621 3063 847 3120 scendit.
887 3062 1169 3132 Propterea
1191 3061 1440 3116 exaltabit
1461 3071 1637 3129 caput.
1681 3059 1994 3132 Propterea,
2017 3077 2184 3131 quare

621 3154 726 3208 nisi
750 3153 875 3223 quia
908 3168 1101 3222 passus
1125 3161 1207 3206 est
1228 3152 1280 3204 iu
1306 3153 1518 3206 carne?
1552 3151 1740 3205 Simile
1769 3161 1948 3205 autem
1981 3159 2064 3205 est
2100 3151 2182 3204 di-

620 3255 767 3299 ctum
795 3245 926 3298 illud
957 3262 970 3297 :
998 3242 1313 3296 llumiliavit
1356 3244 1688 3311 semetipsum
1741 3242 1911 3310 [actus
1943 3240 2179 3295 obediens

620 3351 782 3407 usque
814 3335 882 3388 ad
912 3344 1128 3387 mortem
1158 3334 1224 3387 ".

1005 3420 1341 3477 PSALMUS
1379 3422 1495 3478 CX.
1531 3423 1780 3478 Alleluia.

693 3515 745 3570 1.
771 3513 1076 3584 Conﬁtebor
1110 3516 1223 3580 tibi,
1256 3514 1491 3578 Domine,
1525 3516 1578 3567 in
1611 3526 1716 3567 toto
1751 3515 1905 3567 corde
1943 3529 2073 3568 meo.
2102 3511 2180 3566 Ex

620 3621 855 3676 persona
900 3606 1275 3676 apostolorum
1315 3619 1555 3674 praesens
1595 3604 1840 3672 psalmus
1884 3603 2179 3666 inducitur,

619 3697 993 3754 enarrantium
1034 3706 1237 3767 quanta
1277 3704 1331 3750 et
1369 3695 1550 3765 qualia
1577 3693 1730 3750 fuere
1777 3694 1829 3747 in
1879 3694 2180 3749 (ecouomia

625 3788 926 3843 Salvatoris
950 3803 1136 3857 opera.
1171 3786 1296 3842 "ac
1330 3795 1509 3839 autem
1540 3785 1737 3839 docent
1778 3800 1974 3839 uorum
2019 3800 2183 3854 popu-

620 3878 753 3940 lum,
788 3877 949 3932 simul
974 3877 1177 3947 gratias
1198 3887 1445 3946 ageutem
1470 3877 1534 3930 de
1565 3876 1738 3930 salute
1772 3891 1890 3936 sua,
1923 3875 2180 3945 quamob-

621 3983 735 4023 rem
762 3967 990 4021 Alleluia
1027 3967 1320 4036 inscriptus
1344 3976 1447 4021 est.
1488 3966 1554 4019 In
1597 3967 1817 4018 consilio
1848 3975 2102 4019 rectorum
2131 3974 2178 4019 et

617 4063 1036 4132 congregatione.
1079 4059 1381 4115 Consilium
1429 4069 1698 4114 rectorum
1729 4059 1860 4114 dicit
1898 4074 2051 4114 nova:
2081 4058 2181 4129 Sy-

621 4164 843 4223 nagogte
902 4152 1184 4222 p0pulum,
1228 4151 1294 4204 ad
1336 4151 1693 4206 diﬂ‘erentiam
1742 4150 1925 4219 populi
1982 4152 2179 4205 veteris

625 4244 945 4315 Synagogze.
979 4243 1074 4296 Illa
1105 4244 1303 4312 quippe
1338 4251 1482 4296 recta
1525 4258 1631 4295 non
1679 4251 1782 4309 est,
1831 4250 2015 4312 utpote
2060 4258 2179 4312 quae

619 4349 836 4402 semper
866 4334 1030 4389 corde
1058 4327 1395 4388 erraverit.”

688 4425 744 4478 2.
783 4425 978 4494 Magna
1019 4441 1174 4494 Opera
1210 4424 1460 4478 Domini:
1500 4425 1760 4494 exquisim
1800 4425 1852 4478 in
1886 4440 2058 4478 omnes
2100 4442 2179 4478 ro-

2291 609 2418 670 τοὺς
2469 609 2800 673 ἀκούοντας,
2845 611 2938 662 καὶ
2989 610 3166 661 πίστιν
3216 610 3428 678 ἑκάστῳ
3462 610 3752 679 παρέχων,
3785 612 3864 664 ὅτι

2291 699 2319 750 ὂ
2351 701 2681 770 ἐπήγγελται
2713 702 2806 754 καὶ
2835 702 3001 762 λαλεῖ,
3038 701 3252 764 πάντως
3282 703 3584 771 γενήσεται.
3651 703 3725 752 (ιὺ
3759 703 3862 772 γὰρ

2293 791 2367 853 ὡς
2396 792 2673 863 ἄνθρωπος
2723 794 2910 863 ὀμνύει
2958 794 3088 856 Θεός
3108 811 3121 824 ·
3157 794 3268 846 ἀλλ’
3299 795 3427 863 ἡμῖν
3454 797 3481 846 ὁ
3510 794 3667 860 λόγος
3702 795 3860 845 αὑτοῦ

2292 881 2412 933 ἀντὶ
2445 883 2609 952 ὅρκου
2644 885 2778 954 πρὸς
2811 885 3065 955 ἀλήθειαν
3091 885 3327 953 γίνεται,
3360 886 3433 947 ὡς
3462 884 3553 937 τοῦ
3585 889 3862 954 άμεταμε-

2293 971 2450 1041 λήτου
2496 973 2694 1037 παντὸς
2726 978 3011 1045 ἐσομένου,
3048 977 3188 1030 κατὰ
3217 978 3312 1046 τὴν
3347 977 3678 1044 ἐπαγγελίαν
3704 978 3859 1046 ὅρκου

2294 1064 2665 1134 τυγχάνοντος.
2730 1067 2812 1121 Σὺ
2843 1067 3031 1135 ἱερεὺς
3079 1071 3164 1133 εἰς
3199 1069 3304 1120 τεν
3334 1066 3515 1120 αἰῶνα
3558 1069 3710 1120 κατὰ
3755 1066 3862 1132 τῖεν

2295 1154 2465 1218 τάξιν
2494 1157 2881 1224 Μελχισεδέκ.
2919 1160 3122 1211 Ὅτιού
3157 1159 3221 1210 δι’
3247 1159 3426 1212 ἐλαίου
3453 1160 3531 1220 εἰς
3563 1158 3861 1229 ἱερωσύνην

2294 1245 2517 1316 ἐχρίσθη
2561 1249 2588 1299 ὁ
2636 1249 3000 1318 Μελχισεδὲκ,
3047 1249 3122 1312 ὡς
3163 1251 3368 1320 Ἀαρών
3391 1267 3404 1280 ·
3440 1251 3534 1303 καὶ
3565 1251 3647 1302 ὅτι
3677 1251 3736 1302 οὐ
3768 1250 3862 1312 τὰς

2291 1331 2356 1384 δι’
2387 1335 2630 1404 αἱμάτων
2663 1339 2977 1407 προσήγαγε
3029 1338 3251 1402 θυσίας’
3293 1339 3387 1392 καὶ
3429 1341 3510 1392 ὅτι
3551 1339 3661 1391 τῶν
3694 1340 3860 1391 ἐθνῶν

2292 1419 2358 1494 ῆν
2386 1426 2701 1498 ἀρχιερεὺς,
2747 1431 2841 1484 καὶ
2873 1431 2953 1483 ὅτι
2993 1431 3056 1482 δι’
3090 1432 3253 1502 ἄρτου
3285 1431 3379 1486 καὶ
3409 1431 3552 1484 οἴνου
3589 1431 3860 1501 ηὑλόγησε

2292 1513 2383 1566 τὸν
2419 1515 2684 1588 Ἀϐραάμ.

2363 1672 2579 1740 Κύριος
2605 1674 2672 1727 ἐκ
2721 1673 2932 1738 δεξιῶν
2965 1691 3078 1728 σου
3137 1677 3518 1731 συνέθλασεν
3561 1676 3629 1727 ἐν
3673 1675 3862 1745 ἡμέρᾳ

2294 1760 2475 1830 ὀργῆς
2498 1763 2683 1816 αὐτοῦ
2709 1765 3006 1831 βασιλεῖς.
3046 1766 3287 1837 Ἠμέραν
3315 1768 3480 1838 ὀργῆς
3502 1766 3592 1819 τὸν
3618 1767 3714 1836 τῆς
3741 1765 3858 1836 κρί-

2221 1858 2263 1913 Β
2293 1867 2427 1915 σεως
2455 1855 2643 1924 καιρόν
2680 1873 2842 1925 φησιν
2863 1898 2877 1921 ,
2924 1859 2980 1909 ἐν
3075 1861 3199 1921 τοὺς
3239 1857 3402 1911 πάλαι
3436 1857 3858 1927 βασιλεύσαντας

2291 1943 2350 2008 ἐξ
2377 1946 2590 2016 ἀπάτης
2621 1949 2726 2000 τῶν
2749 1949 3016 2020 δαιμόνων
3046 1950 3360 2022 ἀνθρώπους
3399 1951 3744 2022 συνθραύσει,
3779 1951 3858 2013 είς

2288 2035 2385 2106 τὴν
2413 2036 2646 2092 ἄϐυσσον
2672 2039 2964 2111 καθείρξας
2997 2042 3210 2105 αὐτούς.

2359 2129 2560 2196 Κρινεῖ
2573 2132 2641 2182 ἐν
2667 2131 2789 2198 τοῖς
2819 2133 3021 2187 ἔθνεσι
3046 2175 3060 2199 ,
3089 2133 3388 2202 πληρώσει
3417 2132 3715 2203 πτώματα.
3777 2133 3858 2186 Τά

2288 2217 2437 2289 ἔθνη,
2471 2222 2622 2292 φησὶ,
2646 2222 2754 2277 τῶν
2780 2223 3104 2296 ἀκαθάρτων
3126 2225 3393 2296 δαιμόνων
3421 2227 3478 2278 ἐν
3503 2225 3579 2296 τῷ
3609 2226 3711 2295 τῆς
3739 2227 3859 2297 κρί-

2289 2327 2426 2373 σεως
2473 2312 2646 2382 καιρῷ
2688 2313 2964 2376 κολάζων,
3016 2317 3320 2384 πτωμάτων
3349 2316 3617 2380 ἀποδείξει
3650 2317 3854 2386 πλήρη,

2285 2401 2529 2454 τουτέστι
2552 2404 2648 2472 τῆς
2675 2407 2752 2467 εἰς
2775 2405 2840 2457 τά
2862 2404 3142 2476 κατώτερα
3165 2406 3301 2478 μέρη
3321 2408 3419 2476 τῆς
3440 2407 3542 2477 γῆς
3561 2407 3852 2476 τιμωρίας.

2286 2495 2333 2545 Σ
2339 2494 2620 2548 υνθλιὶσει
2645 2496 2909 2564 κεφαλὰς
2930 2497 3024 2549 ἐπὶ
3068 2497 3176 2566 γῆς
3200 2498 3466 2552 πολλῶν.
3519 2498 3745 2568 ἰἰμοιον
3778 2498 3858 2568 τῷ

2285 2588 2556 2657 εἰρημένῳ
2596 2590 2724 2659 παρ’
2761 2590 2922 2643 αὑτοῦ
2955 2591 3041 2644 διὰ
3083 2592 3332 2644 Ἡσαΐου·
3368 2592 3476 2646 Καὶ
3520 2593 3859 2662 κατήγαγον

2284 2676 2351 2729 τὸ
2381 2673 2522 2746 alita
2543 2680 2740 2731 αὐτῶν
2767 2682 2853 2745 εἰς
2887 2679 2999 2747 τὴν
3026 2679 3160 2750 γῆν.

2369 2768 2468 2819 Ἐκ
2500 2767 2816 2836 χειμὰρῤου
2840 2768 2908 2820 ἐν·
2928 2767 3043 2833 ὀδῷ
3072 2769 3284 2821 πίεται.
3316 2769 3625 2839 Χείμαρρον
3652 2769 3684 2838 ἡ
3713 2769 3860 2839 Γρα-

2286 2857 2358 2928 qi]
2388 2859 2477 2912 τὸν
2512 2862 2813 2930 πειρασμόν
2842 2878 3026 2932 φησιν.
3064 2861 3206 2914 Ὀδὸν
3237 2861 3293 2914 δὲ
3319 2861 3415 2931 τὴν
3444 2863 3584 2916 κατὰ
3622 2861 3726 2931 γῆν
3755 2863 3857 2915 αὑ-

2282 2949 2375 3002 τοῦ
2413 2951 2632 3024 πορείαν
2661 2952 2936 3024 σημαίνει,
2964 2954 3021 3005 ἐν
3109 2953 3167 3005 τὸ
3197 2952 3364 3016 πάθος
3391 2953 3679 3022 ὑπέμεινεν
3707 2953 3736 3005 ὃ
3763 2954 3860 3007 καὶ

2282 3040 2369 3094 διὰ
2403 3041 2494 3093 τοῦ
2534 3045 2835 3114 χειμάρρου
2871 3044 3213 3114 κατέρχεται.
3264 3045 3366 3098 Διὰ
3404 3044 3578 3098 τοῦτο
3618 3045 3857 3112 ὑψώσει

2285 3132 2578 3199 κεφαλήν.
2639 3131 2738 3185 Διὰ
2783 3132 2972 3195 τοῦτο,
3019 3135 3167 3186 ποῖον
3215 3133 3337 3204 ῆτδ
3378 3133 3568 3187 παθεῖν
3599 3135 3760 3187 αὑτὸν
3797 3136 3855 3186 ὲν

2230 3219 2251 3241 ³
2286 3222 2448 3293 σαρκί
2468 3240 2482 3288 ;
2517 3223 2741 3294 Ὅμοιον
2775 3223 2832 3277 δὲ
2862 3224 2923 3277 τὸ
2950 3224 3257 3295 εἰρημένον,
3284 3223 3372 3289 τὺ,
3420 3226 3860 3280 Ἑταπείνωσεν

2281 3313 2497 3369 ἑαυτὸν
2528 3317 2845 3386 γενόμενος
2870 3318 3136 3384 ὑπήκοος
3161 3317 3336 3385 μέχρι
3361 3317 3638 3372 θανάτου.

2637 3409 2943 3459 ΨΑΛΜΟΣ
2971 3409 3072 3459 PI’.
3128 3408 3501 3473 ’Λλοίηλούῖω

2365 3493 2913 3564 Ἐξομολογήσομαὶ
2940 3509 3036 3547 σοι
3056 3534 3070 3559 ,
3133 3496 3304 3562 Κύριε
3323 3533 3337 3558 ,
3383 3495 3452 3547 ὲν
3483 3494 3598 3562 ὅλῃ
3641 3494 3858 3563 καρδίᾳ

2276 3603 2414 3653 μου.
2469 3587 2561 3639 Ἐκ
2592 3586 2882 3659 προσώπου
2921 3587 3026 3640 τῶν
3056 3587 3364 3641 ἀποστόλων
3393 3587 3420 3638 ὁ
3454 3585 3643 3657 παρὼν
3669 3588 3856 3656 είσφέ-

2285 3697 2433 3750 ρεται
2456 3678 2688 3750 ψαλμὸς,
2715 3680 3082 3750 διηγουμένων
3109 3679 3207 3732 ὅσα
3241 3677 3331 3731 τοῦ
3361 3678 3610 3748 Σωτῆρος
3644 3679 3738 3731 καὶ
3767 3675 3859 3732 οἶα

2282 3771 2473 3840 γέγονε
2523 3771 2622 3842 τῆς
2642 3771 2952 3842 οίκονομίας
2975 3770 3043 3822 τὰ
3072 3770 3224 3841 ἔργα.
3258 3770 3574 3823 Διδάσκουσι
3602 3769 3657 3822 δὲ
3681 3770 3855 3824 ταῦτα

2280 3864 2374 3916 καὶ
2416 3863 2506 3915 τὸν
2532 3862 2648 3914 νέον
2672 3862 2817 3926 λαὶν,
2856 3862 2969 3931 ἅμα
2993 3859 3438 3932 εὐχαριστοῦντες
3464 3863 3555 3913 ἐπὶ
3583 3864 3648 3930 τῇ
3676 3862 3857 3916 αὐτῶν

2282 3951 2545 4023 σωτηρία·
2564 3951 2640 4002 διὸ
2655 3951 2749 4004 καὶ
2779 3951 3131 4017 Ἀλληλοιπα
3154 3952 3571 4023 ἐπιγέγραπται.
3592 3951 3689 4004 Ἐν
3707 3952 3861 4015 ,ϐουο

2279 4042 2361 4111 λῇ
2391 4043 2611 4096 εὑθέωι·
2638 4043 2732 4096 καὶ
2757 4040 3095 4110 συναγωγῇ.
3143 4041 3341 4113 Βουλὴν
3365 4043 3566 4095 εὑθέων
3597 4037 3720 4094 εἷπε
3763 4045 3859 4096 τὸν

2279 4136 2376 4206 τῆς
2409 4137 2532 4198 νέας
2563 4134 2884 4202 συναγωγῆς
2910 4133 3034 4187 λαὸν
3069 4135 3202 4204 πρὸς
3230 4135 3328 4204 τὴν
3357 4135 3454 4204 τῆς
3481 4133 3715 4197 παλαιᾶς
3741 4135 3860 4209 δια-

2281 4229 2491 4300 στολὴν.
2560 4228 2771 4299 Ἐκείνη
2801 4226 2907 4299 γὰρ
2933 4228 3031 4280 οὐκ
3056 4222 3123 4298 ῆν
3152 4227 3334 4280 εὐθεῖα
3352 4266 3367 4292 ,
3399 4227 3495 4280 ἅτε
3521 4227 3608 4279 ἀεὶ
3636 4227 3860 4283 πλανωο

2281 4321 2416 4391 μένη
2448 4323 2514 4390 τῇ
2552 4320 2767 4390 καρδίᾳ.

2348 4413 2591 4482 Meg-(1.1a
2615 4412 2686 4465 τὰ
2709 4412 2848 4482 ἔργα
2877 4411 3114 4478 Κυρίου,
3140 4408 3527 4478 ἑξεζητημένα
3551 4413 3636 4474 εἰς
3657 4410 3858 4466 πάντα

617 4517 841 4573 luntates
876 4518 1010 4587 ejus.
1057 4518 1113 4572 In
1149 4533 1418 4589 synagoga
1451 4527 1720 4572 rectorum
1754 4534 1942 4574 omnes
1981 4520 2173 4572 volun-

2281 4505 2349 4558 τὰ
2377 4504 2680 4572 θελήματα
2708 4501 2913 4556 αὐτοῦ.
2982 4503 3068 4555 Ἐν
3095 4505 3160 4572 τῇ
3191 4501 3293 4554 τῶν
3329 4500 3525 4553 εὐθέων
3559 4504 3857 4572 συναγωγῇ

618 4621 754 4666 tates
807 4610 1025 4666 Domini
1081 4612 1373 4680 exquisitas
1419 4619 1564 4665 sunt.
1602 4609 1818 4663 Nullum
1870 4611 2011 4663 enim
2059 4611 2177 4679 ejus

625 4709 1018 4770 praeceptorum
1052 4709 1133 4756 cst
1159 4700 1300 4769 quod
1337 4716 1443 4754 non
1476 4700 1718 4768 requirat
1747 4708 1800 4752 et
1843 4699 2063 4769 impleat
2093 4717 2178 4770 sy-

618 4805 822 4860 nagoga
857 4799 1151 4856 rectorum,
1175 4789 1416 4861 [semper
1447 4789 1650 4843 scilicet
1681 4790 1901 4842 studens
1944 4790 2064 4860 ejus
2093 4805 2180 4842 vo-

617 4881 876 4935 luntatem
909 4881 1155 4949 implere.
1523 4929 1528 4935 .

686 4971 739 5024 '5.
771 4970 1042 5040 Confessio
1076 4980 1126 5023 et
1150 4969 1539 5040 magniﬁcentia
1573 4985 1699 5037 opus
1729 4971 1860 5037 ejus.
1891 4967 2063 5039 Opera
2095 4971 2177 5025 di-

613 5064 689 5116 cit
717 5078 782 5117 ea
820 5078 941 5132 quae,
993 5064 1047 5116 in
1080 5062 1383 5116 meonomia
1437 5077 1533 5115 sua
1566 5060 1810 5129 perfecit.
1863 5060 2176 5117 Laudentur

613 5153 703 5207 illa
754 5162 940 5222 utpote.
985 5168 1106 5222 qua:
1164 5152 1447 5223 inagniﬁca
1495 5153 1623 5205 sint.
1675 5151 1739 5204 Et
1794 5154 2008 5223 jnstitia
2061 5155 2174 5223 ejus

614 5254 785 5298 manet
839 5244 894 5296 in
963 5245 1233 5297 swculum.
1287 5243 1558 5298 Justitiam
1612 5243 1744 5298 dicit
1806 5245 2174 5314 evangelicum

613 5334 836 5386 verbum
869 5351 885 5388 :
917 5332 1044 5400 quia
1072 5332 1326 5386 omnibus
1351 5332 1628 5401 aequaliter
1662 5331 1970 5385 hominibus
2027 5334 2175 5386 salu-

612 5429 718 5474 tcm
754 5421 1054 5489 proposuit.

678 5512 734 5564 4.
766 5511 1065 5566 Misericors
1090 5520 1138 5565 et
1169 5514 1444 5566 miserator
1478 5513 1754 5567 Dominus.
1796 5511 1934 5568 Olim
1970 5513 2173 5582 promi-

610 5603 681 5659 sit
707 5616 803 5672 per
853 5604 1144 5674 prophetas
1177 5618 1325 5668 suos,
1361 5619 1420 5659 se
1463 5603 1516 5657 in
1563 5615 1806 5675 tempore
1851 5606 2173 5663 (nt-onomia:

677 5805 722 5838 "
745 5804 846 5861 lsa.
879 5821 1063 5873 sunt,
1088 5805 1143 5861 7.
1219 5803 1516 5874 “Philipp.
1548 5818 1608 5871 ιι,
1654 5803 1708 5858 8.

2279 4599 2454 4651 πάντα
2480 4595 2547 4648 τὰ
2579 4595 2855 4665 θελήματα
2877 4593 2970 4647 τοῦ
2997 4594 3130 4647 Θεοῦ
3166 4595 3301 4646 εἰσιν
3333 4591 3728 4662 ὲξεζητημὲνα.
3778 4595 3856 4646 Οὐ

2279 4689 2384 4760 γάρ
2419 4690 2535 4740 ἐστι
2571 4686 2678 4740 τῶν
2722 4689 2850 4757 παρ’
2889 4685 3049 4739 αὑτοῦ
3103 4686 3399 4755 δεδομένων
3448 4683 3677 4736 ἐντολῶν
3709 4683 3738 4736 ὃ
3776 4685 3857 4755 μὴ

2277 4780 2495 4849 ἐκζητεῖ
2524 4782 2616 4832 καὶ
2656 4779 2910 4850 κατορθοῖ
2947 4781 2979 4848 ἡ
3021 4777 3127 4830 τῶν
3161 4777 3359 4829 εὑθέων
3395 4777 3684 4847 συναγωγὴ
3707 4817 3722 4840 ,
3756 4776 3854 4830 τοῦ

2276 4871 2440 4925 αὑτοῦ
2471 4872 2678 4940 θέλημα
2703 4870 2993 4933 διαπαντὸς
3026 4868 3397 4931 σπουδάζουσα
3425 4867 3712 4920 ἐπιτελεῖν.

2358 4964 2818 5032 Ἐξομολόγησις
2880 4961 2976 5014 καὶ
3029 4957 3506 5028 μεγαλοπρέπεια
3555 4957 3618 5011 τὸ
3673 4959 3856 5026 ἔργον

2273 5056 2477 5109 αὑτοῦ.
2507 5056 2681 5123 Ἔργα
2709 5054 2869 5123 φησὶν
2899 5053 3038 5121 άπερ
3067 5053 3122 5103 ὲν
3152 5053 3214 5120 τῇ
3249 5049 3526 5120 οἰκονομία
3556 5048 3857 5119 διεπράξα-

2275 5166 2352 5201 το.
2392 5145 2690 5217 ’Υμνείσθω
2732 5145 2824 5198 ac;
2853 5141 3239 5215 μεγαλοπρεπῆ
3279 5142 3607 5212 ὑπάρχοντα.
3665 5142 3780 5194 Καὶ
3813 5142 3852 5206 ἠ

2274 5240 2624 5304 δικαιοσύνη
2653 5235 2836 5290 αὑτοῦ
2856 5235 3021 5304 μένει
3052 5238 3136 5300 είς
3169 5235 3273 5285 τὸν
3306 5231 3510 5285 αἰῶνα.
3562 5234 3856 5284 Δικαιοσύ-

2278 5347 2372 5398 νην
2397 5329 2486 5381 τὸν
2513 5326 2860 5395 εὐαγγελικὺν
2885 5325 3037 5392 λόγον
3066 5323 3227 5394 φησίν
3246 5339 3258 5352 ·
3286 5323 3366 5375 ὅτι
3395 5323 3458 5392 δὴ
3481 5324 3566 5374 ἐπ’
3599 5323 3720 5393 ίσης
3744 5327 3856 5376 πᾶ-

2282 5439 2362 5476 σιν
2394 5419 2698 5490 ἀνθρώποις
2731 5419 2826 5487 τὴν
2854 5415 3123 5487 σωτηρίαν
3153 5415 3478 5486 προῦθηκεν.

2361 5510 2660 5578 Ἔλεήμων
2688 5509 2785 5561 καὶ
2823 5509 3135 5576 οικτίρμων
3166 5509 3199 5560 ό
3238 5508 3471 5574 Κύριος.
3535 5506 3710 5560 Πάλαι
3750 5506 3855 5578 μὲν

2280 5602 2638 5676 ἐπηγγείλατο
2661 5601 2746 5656 διὰ
2764 5600 2872 5654 τῶν
2903 5599 3193 5671 προφητῶν
3224 5597 3383 5652 αὑτοῦ
3411 5599 3469 5650 ὲν
3496 5598 3573 5669 τῷ
3592 5598 3691 5671 τῆς
3713 5601 3848 5658 οίκο
