4070 6454
190 393 291 448 ισδ

1282 401 1643 459 EXPOSITIO
1679 405 1749 459 IN
1787 404 2119 465 PSALMUM
2158 412 2322 468 CXH.

3321 419 3423 475 666

189 509 380 580 νομέας
408 509 582 580 καιρῷ
606 512 850 582 ποιήσειν
875 513 1154 585 θαυμάσια
1173 535 1186 547 ·
1216 519 1283 572 τὰ
1303 522 1440 575 αὐτὰ
1467 524 1649 578 ἐκεῖνα
1676 526 1758 578 ἐκ·

1868 529 2131 587 mirabilia
2171 534 2460 600 facturum,
2492 537 2790 608 eademque
2825 539 2939 608 ipsa
2973 538 3194 608 implere
3231 541 3425 595 voluit.

189 599 429 670 πληροῦν
475 599 738 669 ἠθέλησε·
799 605 920 656 ποῖα
965 604 1020 656 δὲ
1054 601 1121 676 ἦν
1167 606 1202 660 ἃ
1247 611 1636 679 ἐπηγγείλατο,
1698 614 1756 684 ἢ,

191 692 326 744 Τότε
381 690 840 758 ἀναχθήσονται
884 695 1173 766 ὀφθαλμοὶ
1209 700 1488 768 τυφλῶν,
1547 705 1640 756 καὶ
1690 704 1760 757 τὰ

185 780 348 834 λοιπὰ
395 781 504 834 τῶν
553 783 824 852 σημείωνς
857 787 917 839 οὐ
963 789 1071 859 μὴν
1105 789 1240 843 ἀλλὰ
1289 794 1381 845 καὶ
1428 794 1535 846 τῶν
1589 795 1758 848 ἐθνῶν

187 873 444 926 ἁπάντων
471 876 502 943 ἡ
536 875 746 945 κλῆσις,
771 879 837 948 ἣν
863 879 955 931 καὶ
985 880 1124 950 λόγῳ
1158 883 1251 935 καὶ
1280 883 1425 954 ἔργῳ
1453 886 1754 942 ἐπετέλεσε.

191 963 424 1032 Τροφὴν
448 965 630 1018 ἔδωκε
663 968 786 1033 τοῖς
811 971 1202 1036 φοϐουμένοις
1241 975 1444 1027 αὐτόν.
1502 977 1603 1028 Τὸν
1634 995 1758 1048 νοη-

183 1055 274 1108 τὸν
300 1057 464 1127 ἄρτον
498 1059 652 1128 φησὶ,
684 1059 772 1112 τὸν
798 1061 855 1126 ἐξ
891 1063 1132 1132 οὐρανῶν
1165 1066 1489 1122 καταϐάντα.

253 1148 680 1216 Μνησθήσεται
730 1153 818 1216 είς
851 1153 958 1205 τὸν
989 1154 1174 1208 αἰῶνα
1222 1155 1512 1224 διαθήκης
1547 1161 1752 1215 αὑτοῦ.

182 1238 456 1309 Διαθήκης
477 1241 574 1310 τῆς
604 1242 738 1312 πρδς
764 1243 855 1296 τὸν
889 1245 1165 1316 Ἀϐραάμ·
1192 1249 1274 1301 ὅτι
1297 1251 1756 1320 Εὑλογηθιὶσον-

183 1343 278 1383 ται
309 1330 380 1382 ἐν
402 1331 500 1384 σοὶ
533 1331 730 1385 πάντα
759 1334 828 1387 τὰ
860 1335 1025 1404 ἔθνη.
1087 1337 1296 1408 Ἰσχὺν
1323 1342 1510 1410 ἔργων
1545 1344 1749 1398 αὑτοῦ.

194 1419 255 1473 '0
282 1421 658 1488 ἀποστολικὸς,
686 1426 837 1495 φησὶ,
862 1427 1019 1498 χορὸς
1045 1427 1122 1499 τῷ
1145 1430 1394 1502 κληθέντι
1420 1433 1553 1502 πρὸς
1575 1433 1753 1487 πίστιν

181 1510 298 1581 λαῷ
349 1511 446 1584 τὴν
498 1515 650 1584 ἰσχὺν
683 1515 789 1568 τῶν
823 1515 998 1588 ἔργων
1031 1520 1317 1592 ἀνήγγειλε
1347 1523 1442 1575 τοῦ
1479 1525 1712 1596 Χριστοῦ
1735 1543 1748 1556 ο

182 1604 305 1657 ἀντὶ
334 1607 427 1659 τοῦ
447 1623 458 1636 ·
510 1609 664 1661 Αὐτὰ
690 1609 761 1662 τὰ
790 1610 924 1682 ἔργα
950 1612 986 1667 ἃ.
1025 1615 1110 1668 ἀεὶ
1142 1615 1429 1688 ἐργάζεται
1459 1621 1516 1671 ὲν
1545 1623 1610 1691 τῇ
1647 1620 1753 1691 ἰδία

183 1697 348 1766 ἰσχύϊ.

193 1789 576 1858 Ἀλληιιούτα.
612 1794 724 1864 Τῆς
755 1797 1124 1868 ἐπιστροφῆς
1152 1803 1415 1873 Ἀγγαίου
1439 1804 1538 1858 καὶ
1564 1809 1752 1876 Ζαχα-

630 1888 788 1954 ρίου.
821 1891 1119 1946 ΨΑΛΜΟΣ
1139 1898 1302 1950 PIA".

257 1973 551 2044 Μακάριος
597 1980 632 2031 ό
682 1980 838 2049 ἀνὴρ
879 1985 912 2035 ό
941 1986 1310 2054 φοϐούμενος
1352 1989 1460 2041 τὸν
1503 1989 1757 2059 Κύριον,

176 2060 250 2112 ἐν
309 2063 437 2129 ταῖς
490 2065 767 2132 ἐντολαῖς
809 2071 997 2124 αὐτοῦ
1035 2074 1276 2141 θελήσει
1339 2076 1592 2144 σφόδρα.
1670 2078 1761 2131 Ἐν

185 2154 363 2225 τούτῳ
386 2156 693 2213 διδάσκεται
724 2163 752 2214 6
779 2164 1135 2230 ἁποστολικὸς
1167 2168 1346 2240 χορὸς,
1379 2170 1453 2232 ὡς
1481 2173 1513 2240 ἡ
1542 2169 1650 2223 τῶν
1679 2173 1762 2224 ὲν-

177 2243 350 2297 τολῶν
366 2247 729 2320 ὲκπλήρωσις,
752 2254 1050 2326 μακαρίους
1070 2258 1195 2320 τοὺς
1213 2258 1606 2329 ἐργαζομένους
1631 2260 1763 2313 ἀπο-

183 2336 448 2401 φαίνουσα
463 2379 478 2403 ,
503 2341 712 2410 ἀγαθὰς
736 2346 1060 2414 προσδοκίας
1084 2349 1162 2412 εἰς
1200 2349 1289 2402 τὸν
1313 2350 1571 2421 μέλλοντα
1591 2352 1760 2407 αἰῶνα

189 2428 508 2498 παρέχεται.

261 2522 540 2576 Δυνατὸν
580 2524 649 2576 ἐν
697 2524 771 2593 τῇ
819 2526 896 2594 γῆ
927 2527 1097 2582 ἔσται
1147 2529 1212 2583 τὸ
1268 2533 1504 2604 σπέρμα
1551 2537 1757 2592 αὑτοῦ.

176 2612 409 2684 Σπέρμα
444 2614 543 2678 τὰς
574 2618 781 2685 ἀγαθὰς
810 2622 1036 2694 πράξεις
1063 2624 1225 2694 φησὶν
1251 2664 1265 2688 ,
1303 2626 1359 2679 αῖ
1396 2628 1490 2680 καὶ
1533 2628 1760 2699 δύναμιν

177 2703 364 2768 ἕξουσι
398 2710 770 2781 πνευματικὴν
803 2715 882 2776 εἰς
900 2713 1114 2784 ἐκείνην
1147 2715 1244 2786 τὴν
1278 2718 1500 2788 πραέων
1531 2719 1654 2790 γῆν,
1680 2722 1759 2783 εἰς

175 2796 242 2847 τὸ
271 2797 566 2851 ἀπολαϐεῖν
594 2803 790 2866 αὐτοὺς
817 2799 892 2857 ὧν
918 2807 1242 2876 εἰργάσαντο
1270 2809 1368 2870 τὰς
1395 2810 1647 2879 ancisa;

253 2887 409 2952 Δόξα
437 2890 533 2943 καὶ
569 2893 832 2959 πλοῦτος
852 2896 922 2947 ἐν
949 2895 1030 2960 τῷ
1051 2897 1196 2964 οἴκῳ
1224 2899 1433 2953 αὑτοῦ.
1473 2902 1582 2954 Καὶ
1612 2904 1644 2972 ἠ
1671 2902 1752 2956 δόο

183 2979 249 3044 Ea
283 2983 377 3034 καὶ
402 2983 432 3033 6
462 2981 687 3048 πλοῦτος
716 2985 790 3056 μὴ
822 2987 928 3041 τῶν
961 2990 1385 3062 παρερχομένων
1429 2992 1754 3062 λογιζέσθω·

183 3071 337 3123 οὐδὲν
365 3071 474 3142 γὰρ
507 3073 690 3147 ὅμοιον
726 3077 879 3149 παρὰ
905 3082 1016 3143 τοῖς
1046 3081 1221 3148 ἁγίοις
1250 3082 1583 3153 εὑρίσκεται.

267 3161 678 3225 Ἐξανέτειλεν
719 3169 790 3221 ἐν
831 3171 1031 3223 σκότει
1063 3171 1188 3239 φῶς
1225 3173 1348 3238 τοῖς
1377 3173 1599 3227 εὐθέσι.
1661 3175 1758 3227 Διά

181 3253 282 3324 τῆς
310 3254 566 3321 γνώσεως
600 3259 816 3328 καὶτῆς
847 3260 1210 3324 διδασκαλίας.
1265 3263 1360 3325 Τίς
1382 3263 1437 3317 δὲ
1456 3305 1470 3327 ,
1502 3264 1534 3334 ἢ
1563 3267 1590 3317 6
1625 3266 1757 3318 ἀπο-

185 3345 430 3412 στολικδς
473 3349 631 3420 χορὸς
664 3352 690 3402 6
725 3350 820 3421 τὴν
847 3350 1118 3418 ἀγνωσίαν
1147 3352 1404 3420 ἐξελάσας
1453 3355 1561 3408 τῶν
1595 3357 1760 3410 ἐθνῶν

187 3433 278 3488 διὰ
312 3436 407 3490 τοῦ
439 3439 792 3508 εὐαγγελικοῦ
828 3442 1212 3514 κηρύγματος;

257 3528 652 3596 Οἰκονομήσει
687 3528 830 3596 τοὺς
859 3533 1080 3600 λόγους
1105 3533 1291 3588 αὐτοῦ
1328 3535 1398 3588 ἐν
1422 3536 1634 3603 κρίσει.
1687 3539 1761 3592 Οὐ

179 3615 268 3667 δεῖ
293 3615 402 3686 γὰρ
433 3615 617 3680 ἁπλῶς
653 3619 743 3672 καὶ
775 3621 1012 3693 ἀκρίτως
1045 3626 1178 3675 πᾶσι
1221 3624 1500 3694 προθεῖναι
1533 3628 1628 3696 τῆς
1665 3647 1762 3697 μυ-

182 3707 497 3776 σταγωγίας
532 3709 624 3763 τὸν
651 3711 825 3780 λόγον.
864 3714 973 3766 Καὶ
1003 3713 1162 3766 τοῦτο
1185 3711 1253 3785 ἧν
1285 3716 1312 3768 δ
1342 3712 1494 3769 εἶπεν
1521 3719 1704 3782 αὐτοῖς
1734 3722 1762 3772 6

182 3798 393 3870 Κύριος
416 3817 429 3830 ·
464 3801 559 3870 Μὴ
583 3803 808 3866 βάλετε
832 3805 903 3858 τὰ
926 3806 1063 3876 firm
1087 3807 1206 3870 τοῖς
1232 3808 1435 3862 κυσίν.

273 3893 412 3947 Ἀπὸ
460 3895 647 3960 ἀκοῆς
694 3895 960 3964 πονηρᾶς
990 3899 1059 3951 οὐ
1102 3900 1525 3968 φοϐηθήσεται.
1601 3902 1761 3957 Οὐδὲν

179 3984 296 4056 γὰρ
330 3984 466 4055 πρὸς
497 3986 622 4048 τοὺς
655 3987 839 4054 ἁγίους
867 3987 976 4042 τῶν
1002 3990 1375 4062 κολαζομένων
1400 3993 1428 4046 6
1454 3992 1635 4062 φόϐος.

271 4075 680 4143 Ἐσκόρπισεν,
701 4078 884 4134 ἔδωκε
913 4081 1037 4148 τοῖς
1061 4082 1299 4150 πένησι.
1354 4083 1596 4156 Πένητας
1633 4089 1761 4140 κάν-

179 4166 361 4221 ταῦθα
392 4171 518 4232 τοὺς
547 4169 742 4234 ἐνδεεῖς
771 4175 984 4243 νοήσεις
1006 4172 1100 4226 τοῦ
1140 4175 1285 4228 θείου
1312 4175 1467 4245 λόγου
1489 4217 1502 4241 ,
1533 4176 1602 4229 τὰ
1632 4178 1758 4249 ἔθνη

180 4259 432 4330 δηλονότι
454 4276 468 4290 ο
499 4260 547 4313 οἳ
586 4263 846 4333 γεωργῶν
879 4263 1032 4333 δίκην
1065 4265 1156 4317 τὸν
1183 4267 1370 4336 νοητὸν
1396 4269 1761 4341 κατέσπειραν

181 4351 366 4419 λόγον.
389 4352 553 4407 Οὐδὲν
573 4354 682 4425 γὰρ
702 4355 897 4407 κωλύει
918 4356 1011 4409 καὶ
1037 4357 1318 4428 ἱστορικῶς
1337 4360 1467 4412 αὐτὸ
1485 4360 1756 4427 δέξασθαι.

197 4441 271 4495 Ἠ
304 4441 655 4512 δικαιοσύνη
684 4446 869 4500 αὐτοῦ
885 4446 1052 4515 μένει
1073 4449 1159 4513 είς
1183 4449 1288 4500 τὸν
1316 4447 1518 4514 ultima,
1549 4451 1645 4502 καὶ
1695 4451 1761 4503 τὰ

1866 620 2121 687 Quzenam
2166 641 2297 679 vero
2337 627 2607 698 promisit,
2650 629 2754 683 nisi
2783 645 2890 684 ea:
2945 628 3087 683 Tunc
3128 631 3428 698 aperientur

1864 714 2003 767 oculi
2030 731 2285 770 ca’wrnm
2311 720 2377 782 “,
2407 729 2460 774 et
2488 720 2692 790 reliqua
2723 719 2876 792 signa
2903 721 2927 775 ‘l
2956 721 3066 776 imo
3097 736 3224 776 vero
3253 720 3425 791 ipsam

1865 805 2104 873 gentium
2139 808 2383 862 omnium
2414 811 2777 877 vocationem,
2809 825 2971 881 quam
3001 812 3166 866 verbo
3191 820 3243 865 et
3265 826 3428 878 opere

1864 897 2123 968 implevit.
2175 899 2366 954 Est-am
2413 903 2558 955 dedit
2605 904 2904 956 timentibus
2951 920 3024 957 se.
3080 902 3426 974 Spiritualem

1862 1004 2055 1060 panem
2085 991 2236 1052 dicit.
2273 993 2366 1062 qui
2399 993 2465 1048 de
2503 993 2662 1048 cmlis
2699 993 2998 1050 descendit.

1932 1170 1983 1225 5.
2015 1169 2216 1224 Memor
2253 1172 2351 1223 erit
2378 1172 2433 1224 in
2479 1172 2728 1226 steculum
2762 1172 3057 1226 testamenti
3085 1173 3190 1225 sui.
3241 1169 3430 1225 Testa-

1861 1263 2028 1316 menti
2065 1262 2272 1316 scilicet
2307 1278 2432 1316 cum
2471 1264 2780 1317 Abrahamo
2809 1263 2992 1333 pacti:
3026 1262 3094 1316 In
3131 1274 3179 1317 te
3216 1261 3424 1314 benedio

1861 1362 2040 1406 rentur
2066 1370 2238 1408 omnes
2287 1365 2464 1424 gentes
2491 1359 2554 1410 ’⁵.
2626 1356 2878 1410 Virtutem
2921 1371 3136 1425 operum
3189 1370 3424 1408 suorum.

1858 1443 2208 1513 Apostolicus
2239 1444 2461 1512 chorus,
2492 1447 2688 1517 inquit,
2717 1448 2917 1518 populo
2933 1447 2998 1502 ad
3024 1447 3183 1500 ﬁdem
3207 1454 3421 1511 vocato,

1859 1533 2112 1588 virtutem
2155 1548 2378 1604 operum
2434 1536 2637 1592 Christi
2695 1538 3054 1603 annuntiavit,
3086 1537 3295 1593 scilicet
3361 1553 3424 1592 ca

1859 1626 1973 1698 ipsa
2013 1642 2176 1697 opera
2209 1644 2330 1699 qua:
2364 1631 2577 1699 propria
2617 1630 2815 1685 virtute
2847 1646 3061 1701 semper
3090 1640 3366 1700 operatur.

2034 1797 2288 1854 Alleluia.
2310 1798 2636 1854 Ilerersionis
2666 1799 2846 1870 Aggtri
2876 1809 2925 1854 et
2961 1797 3261 1854 lac/inrita.

2379 1889 2715 1945 PSALJIUS
2759 1889 2908 1947 CXI.

1933 1980 1984 2035 1.
2010 1980 2207 2035 Beatus
2228 1982 2308 2036 vir
2331 1983 2419 2048 qui
2445 1983 2589 2035 timet
2617 1983 2925 2050 Dominum,
2943 1985 2997 2037 in
3022 1984 3282 2037 mandatis
3310 1982 3424 2052 ejus

1861 2072 1993 2127 volet
2043 2075 2220 2127 nimis.
2283 2073 2340 2127 In
2378 2075 2482 2130 hoc
2533 2074 2759 2129 docetur
2807 2075 3139 2144 apostolicus
3176 2075 3377 2129 chorus
3407 2114 3424 2139 ,

1863 2164 2241 2218 mandatorum
2270 2165 2730 2230 observationem,
2764 2166 2953 2220 beatos
2979 2181 3072 2221 eos
3099 2165 3307 2222 efﬁcere
3330 2165 3424 2234 qui

1861 2255 1951 2309 illa
2006 2270 2165 2324 opere
2202 2257 2493 2325 complent,
2541 2267 2595 2311 et
2650 2257 2848 2312 bonam
2883 2272 3032 2327 spem
3075 2255 3141 2310 ad
3179 2255 3422 2311 futurum

1861 2347 2120 2401 saculum
2153 2347 2410 2416 praebere.

1928 2519 1982 2573 2.
2024 2519 2219 2576 Potens
2253 2524 2304 2576 in
2337 2531 2478 2576 terra
2525 2523 2627 2576 erit
2669 2538 2838 2576 semen
2877 2521 3009 2590 ejus.
3063 2519 3259 2574 Semen
3291 2520 3425 2576 dicit

1858 2611 1998 2666 bona
2030 2627 2219 2682 opera,
2251 2629 2371 2682 quae
2399 2615 2654 2668 virtutem
2691 2613 2968 2668 habebunt
2996 2611 3328 2682 Spiritualcm
3365 2612 3421 2666 in

1859 2699 1949 2754 illa
1977 2711 2392 2756 mansnetorum
2425 2711 2590 2769 terra,
2617 2703 2692 2756 ita
2723 2713 2783 2756 ut
2814 2703 3119 2767 mercedem
3147 2701 3269 2758 istic
3297 2717 3416 2773 ope-

1860 2808 1977 2846 rum
2005 2795 2294 2862 accipiant.

1928 2884 1982 2938 5.
2015 2883 2196 2939 Gloria
2227 2898 2274 2940 et
2305 2887 2500 2942 divitia:
2529 2888 2582 2940 in
2615 2887 2769 2940 domo
2794 2887 2930 2956 ejus.
2963 2884 3146 2941 Gloria
3189 2895 3243 2940 et
3285 2887 3424 2940 divi-

1859 2975 1945 3028 tiae
1977 2975 2083 3030 illae
2121 2993 2188 3030 ne
2215 2979 2595 3034 existimentur
2623 2979 2782 3034 ﬂuxa:
2815 2987 2869 3032 et
2901 2979 3228 3034 transitoria:
3255 2993 3377 3050 esse
3405 2997 3420 3046 ;

1857 3065 1991 3118 nihil
2023 3067 2221 3136 quippe
2242 3068 2418 3123 simile
2451 3070 2506 3122 in
2537 3071 2744 3125 sanctis
2779 3070 3061 3138 reperitur.
3279 3135 3290 3142 _
3313 3137 3328 3147 ξ
3355 3137 3394 3150 ⁸,

1927 3156 1980 3209 4.
2013 3154 2273 3212 Exortum
2298 3167 2372 3212 est
2417 3159 2472 3211 in
2504 3161 2726 3213 tenebris
2766 3159 2942 3213 lumen
2973 3161 3148 3212 rectis.
3183 3156 3287 3214 Per
3331 3174 3426 3212 co-

1864 3247 2158 3317 gnitionem
2199 3258 2251 3303 t'l
2301 3267 2397 3320 per
2443 3251 2765 3306 doctrinam.
2804 3249 2960 3316 Quod
2994 3259 3171 3304 autem
3209 3249 3423 3314 hirnea,

1861 3340 1966 3396 nisi
1999 3341 2324 3410 apostolicus
2351 3342 2569 3408 chorus,
2604 3336 2697 3412 (ξιιὶ
2741 3359 2836 3412 per
2873 3342 3249 3412 evangelicam
3289 3355 3424 3411 pm.

1863 3434 2191 3487 dicationem
2225 3433 2586 3503 ignorantiam
2614 3449 2643 3487 a
2671 3436 2924 3504 gentibus
2951 3433 3286 3489 eliminat/it?

1931 3525 1984 3580 5.
2041 3526 2290 3595 Disponet
2325 3542 2588 3579 sermones
2625 3543 2746 3581 suos
2778 3528 2832 3580 in
2869 3526 3095 3596 judicio.
3148 3523 3265 3581 Non
3326 3539 3426 3594 par

1863 3626 1948 3673 est
1978 3617 2123 3672 enim
2156 3627 2358 3672 temere
2389 3627 2444 3672 et
2473 3617 2872 3677 inconsiderate
2918 3617 3176 3672 omnibus
3229 3626 3428 3687 myste-

1865 3708 2072 3763 riorum
2103 3709 2262 3764 verba
2293 3723 2612 3779 proponere.
2648 3707 2713 3761 Et
2740 3709 2842 3762 hoc
2875 3717 2994 3763 erat
3029 3709 3172 3779 quod
3216 3708 3428 3763 diccbat

1863 3801 1969 3875 illis
1997 3797 2260 3854 Dominus
2293 3817 2305 3853 :
2337 3799 2518 3854 Nolite
2542 3800 2799 3869 projicere
2829 3810 3016 3856 sancta
3049 3801 3266 3856 canibus
3285 3802 3352 3855 “.

1932 3890 1987 3944 7.
2013 3889 2091 3943 Ab
2122 3890 2391 3944 auditione
2413 3891 2557 3944 mala
2584 3907 2688 3944 non
2719 3891 2939 3946 timebit.
2983 3891 3198 3947 Sanctis
3245 3893 3427 3948 nullus

1862 3983 2005 4037 inest
2033 3984 2197 4038 timor
2227 3983 2490 4052 supplicia
2532 3983 2859 4039 videntibus.

1930 4077 1984 4132 9.
2019 4077 2294 4147 Dispersit,
2323 4079 2463 4133 dedit
2490 4076 3108 4149 pauperibus.Paupcrcs
3139 4079 3300 4134 etiam
3341 4081 3428 4136 hic

1863 4167 2132 4238 intelligas
2159 4183 2359 4237 egenos
2389 4168 2556 4221 divini
2596 4167 2769 4234 verbi,
2812 4166 3018 4221 scilicet
3047 4178 3234 4238 gentes
3261 4186 3273 4220 :
3305 4183 3427 4237 qua:

1861 4260 2223 4331 agricolarum
2273 4272 2424 4312 more
2469 4258 2749 4327 spirituale
2790 4259 3014 4314 verbum
3063 4261 3422 4313 scminarnnt.

1861 4352 2004 4408 Nihil
2042 4352 2186 4408 enim
2230 4360 2398 4416 vetat,
2445 4352 2742 4420 quominus
2772 4352 2887 4406 haec
2938 4351 3196 4407 historice
3231 4353 3429 4408 intelli-

1861 4455 2074 4515 gantur.
2107 4441 2328 4495 Iustitia
2352 4442 2464 4511 ejus
2493 4451 2669 4496 manet
2699 4443 2754 4494 in
2797 4443 3047 4495 sarculum
3080 4442 3282 4509 swculi,
3321 4451 3426 4500 etc.

184 4534 338 4604 ἑξῆς.
409 4533 514 4586 Τοῦ
561 4534 933 4606 διανείμαντος
1001 4537 1240 4609 δηλονότι
1287 4539 1378 4590 τὸν
1415 4539 1758 4609 εὐαγγελικὺν

1868 4536 1999 4608 Ejus
2050 4535 2256 4591 scilicet
2302 4535 2393 4604 qui
2439 4534 2813 4604 evangelicum
2862 4549 3168 4589 sermonem
3214 4534 3431 4606 dispen-

185 4625 368 4694 λόγον.

273 4717 648 4786 Ἀμαρτωλὸς
675 4718 882 4786 ὄψεται
918 4721 1013 4774 καὶ
1061 4721 1496 4789 tim-(adiicient.
1564 4725 1756 4796 Ἀμαρ-

182 4807 362 4862 τωλὸν
399 4809 490 4861 τὸν
522 4808 765 4862 διάϐολόν
810 4829 1002 4882 φησιν,
1049 4813 1107 4876 ὃς
1153 4814 1245 4866 καὶ
1297 4816 1615 4886 σωζομένων
1655 4816 1764 4869 τῶν

185 4897 363 4953 ἐθνῶν
396 4901 802 4971 ἀγανακτήσει,
836 4903 929 4957 ἆτε
963 4903 1061 4974 τὴν
1113 4905 1326 4959 πάντων
1370 4907 1600 4978 διψήσας
1662 4910 1765 4961 ἀπ-

186 5009 296 5045 ωλε
305 5009 411 5046 ιαν.

514 5087 824 5141 “uno:
858 5089 1018 5143 PIB'.
1061 5089 1439 5156 Ἀ.ῑλη.ῖοὺἷα.

802 5179 814 5194 ⁸
827 5180 1131 5245 Υπόθεσις.

199 5268 294 5321 Ἑν
324 5267 497 5338 τούτῳ
529 5267 836 5324 διδάσκεται
868 5273 895 5325 6
927 5271 1042 5335 νέος
1069 5271 1194 5336 λαὸς
1221 5272 1556 5326 ἀδιάλειπτον
1594 5272 1760 5343 ὕμνον

263 5360 598 5432 πρρσιρέρειν
652 5360 731 5430 τῷ
780 5359 1210 5434 λυτρωσαμένῳ·
1264 5363 1378 5434 ἅμα
1405 5364 1461 5417 δὲ
1511 5365 1601 5416 καὶ
1655 5364 1760 5417 τῶν

257 5450 428 5502 ἐθνῶν
464 5453 713 5504 ἁπάντων
743 5470 950 5524 καταση
961 5454 1135 5523 μαίνει
1161 5455 1257 5526 τὴν
1295 5455 1502 5525 κλῆσιν.

261 5541 509 5603 Αἰνεῖτε,
536 5544 760 5609 παῖδες,
817 5544 921 5597 τὸν
948 5547 1164 5615 Κύριον
1188 5588 1202 5612 ,
1237 5547 1450 5602 αἱνεῖτε
1480 5547 1546 5600 τὸ
1577 5546 1759 5616 ὄνομα

185 5635 299 5691 τοῦ
323 5635 565 5702 Κυρίου.
603 5637 917 5690 Διδασκεται
946 5641 974 5690 ὁ
999 5638 1115 5703 νέος
1140 5640 1286 5705 λαὸς,
1319 5639 1413 5704 ὡς,
1462 5640 1509 5692 εἰ
1541 5639 1631 5693 καὶ
1671 5641 1761 5692 ἀν-

270 5813 439 5870 "lsa.
466 5831 625 5886 xxv,
661 5818 712 5872 Si.
789 5820 985 5874 "Gen.
1026 5836 1158 5883 “ll,
1201 5821 1250 5873 5.

1869 4646 1925 4684 sa
1933 4637 1970 4683 ι.

1941 4724 2024 4778 10.
2091 4723 2346 4777 Pcecator
2395 4722 2583 4777 ridebit
2635 4731 2685 4775 et
2751 4723 3030 4779 irascetur.
3084 4720 3427 4778 Peccatorem

1868 4816 1956 4868 hic
1985 4815 2262 4868 diabolum
2299 4822 2478 4879 vocat,
2533 4813 2625 4881 qui
2679 4814 2932 4882 gentibus
2962 4814 3191 4868 salutem
3240 4828 3432 4869 conse—

1869 4906 2163 4976 quentibus
2199 4905 2485 4971 irascetur,
2520 4913 2708 4974 utpote
2736 4905 2829 4976 qui
2856 4907 3101 4960 omnium
3133 4907 3430 4975 perniciem

1867 4993 2032 5049 sitiat.

2228 5083 2469 5140 PSALJI
2480 5083 2567 5139 US
2598 5081 2780 5138 CXII.
2812 5084 3063 5141 Alleluia.

2452 5175 2847 5246 Argumentum.

1868 5263 1923 5319 in
1954 5268 2056 5321 hoc
2088 5264 2312 5321 docetur
2349 5281 2520 5321 novus
2549 5268 2801 5337 populus,
2836 5265 3101 5337 hymnum
3146 5267 3428 5323 incessan-

1938 5367 2018 5412 ter
2050 5357 2330 5412 lihcratori
2387 5356 2667 5426 proferre:
2727 5367 2886 5428 atque
2939 5375 3046 5414 una
3094 5359 3429 5430 signiﬁcatur

1939 5450 2181 5502 omnium
2215 5449 2458 5518 gentium
2499 5449 2731 5502 ruratio.

1939 5540 1986 5592 l.
2022 5540 2283 5604 Laudatc,
2313 5541 2482 5607 pueri,
2519 5539 2824 5604 Dominum,
2853 5539 3067 5595 laudate
3096 5557 3278 5596 nomen
3327 5540 3430 5594 Do-

1869 5633 2014 5686 mini.
2063 5631 2296 5687 Docctur
2327 5644 2524 5704 _novus
2588 5632 2853 5702 populus,
2913 5631 3125 5688 etiamsi
3168 5630 3430 5698 homines

1326 5822 1367 5852 "
1391 5818 1574 5874 Matth.
1605 5834 1693 5883 vn,
1716 5818 1763 5872 θ.
1860 5869 1861 5872 η
