  <div class='ocr_page' id='page_1' title='image "/cluster/home/n/w/nwhite01/storage/ocr_20150623/27/ien.35556001660521/245.png"; bbox 0 0 4070 6460; ppageno 0'>
   <div class='ocr_carea' id='block_1_1' title="bbox 610 419 714 473">
    <p class='ocr_par' dir='ltr' id='par_1_1' title="bbox 610 419 714 473">
     <span class='ocr_line' id='line_1_1' title="bbox 610 419 714 473; baseline 0 -1"><span class='ocrx_word' id='word_1_1' title='bbox 610 419 714 473; x_wconf 65' lang='grc'><strong>467</strong></span> 
     </span>
    </p>
   </div>
   <div class='ocr_carea' id='block_1_2' title="bbox 1458 417 3007 477">
    <p class='ocr_par' dir='ltr' id='par_1_2' title="bbox 1458 417 3007 477">
     <span class='ocr_line' id='line_1_2' title="bbox 1458 417 3007 477; baseline -0.001 -1"><span class='ocrx_word' id='word_1_2' title='bbox 1458 423 1511 477; x_wconf 92' lang='lat' dir='ltr'><strong>S.</strong></span> <span class='ocrx_word' id='word_1_3' title='bbox 1555 419 1924 475; x_wconf 76' lang='lat' dir='ltr'><strong>ATHANASH</strong></span> <span class='ocrx_word' id='word_1_4' title='bbox 1962 418 2112 476; x_wconf 86' lang='lat' dir='ltr'><strong>OPP.</strong></span> <span class='ocrx_word' id='word_1_5' title='bbox 2153 419 2330 474; x_wconf 80' lang='lat' dir='ltr'><strong>PARS</strong></span> <span class='ocrx_word' id='word_1_6' title='bbox 2368 417 2454 472; x_wconf 89' lang='grc' dir='ltr'><strong>ΙΙΙ.</strong></span> <span class='ocrx_word' id='word_1_7' title='bbox 2494 447 2560 458; x_wconf 92' lang='grc'><strong>-</strong></span> <span class='ocrx_word' id='word_1_8' title='bbox 2602 419 3007 476; x_wconf 74' lang='lat' dir='ltr'><strong>EXEGETICA.</strong></span> 
     </span>
    </p>
   </div>
   <div class='ocr_carea' id='block_1_3' title="bbox 3742 421 3844 475">
    <p class='ocr_par' dir='ltr' id='par_1_3' title="bbox 3742 421 3844 475">
     <span class='ocr_line' id='line_1_3' title="bbox 3742 421 3844 475; baseline 0 0"><span class='ocrx_word' id='word_1_9' title='bbox 3742 421 3844 475; x_wconf 73' lang='grc'><strong>468</strong></span> 
     </span>
    </p>
   </div>
   <div class='ocr_carea' id='block_1_4' title="bbox 611 533 2225 608">
    <p class='ocr_par' dir='ltr' id='par_1_4' title="bbox 611 533 2225 602">
     <span class='ocr_line' id='line_1_4' title="bbox 611 533 2225 602; baseline 0.004 -17"><span class='ocrx_word' id='word_1_10' title='bbox 611 542 798 588; x_wconf 90' lang='lat' dir='ltr'><strong>noster</strong></span> <span class='ocrx_word' id='word_1_11' title='bbox 839 543 1152 602; x_wconf 80' lang='lat' dir='ltr'><strong>assumptus</strong></span> <span class='ocrx_word' id='word_1_12' title='bbox 1200 534 1268 588; x_wconf 92' lang='lat' dir='ltr'><strong>sit</strong></span> <span class='ocrx_word' id='word_1_13' title='bbox 1317 533 1367 586; x_wconf 88' lang='lat' dir='ltr'><strong>in</strong></span> <span class='ocrx_word' id='word_1_14' title='bbox 1411 533 1628 588; x_wconf 77' lang='lat' dir='ltr'><strong>dextera</strong></span> <span class='ocrx_word' id='word_1_15' title='bbox 1683 535 1874 596; x_wconf 85' lang='lat' dir='ltr'><strong>Patris,</strong></span> <span class='ocrx_word' id='word_1_16' title='bbox 1934 545 2166 589; x_wconf 72' lang='lat' dir='ltr'><strong>attamen</strong></span> <span class='ocrx_word' id='word_1_17' title='bbox 2199 541 2225 591; x_wconf 66' lang='grc' dir='ltr'><em>Α</em></span> 
     </span>
    </p>
   </div>
   <div class='ocr_carea' id='block_1_5' title="bbox 2305 533 3850 608">
    <p class='ocr_par' dir='ltr' id='par_1_5' title="bbox 2305 533 3850 608">
     <span class='ocr_line' id='line_1_5' title="bbox 2305 533 3850 608; baseline -0.003 -20"><span class='ocrx_word' id='word_1_18' title='bbox 2305 533 2478 602; x_wconf 74' lang='grc' dir='ltr'>λήφθη</span> <span class='ocrx_word' id='word_1_19' title='bbox 2495 536 2522 586; x_wconf 99' lang='lat'><strong>6</strong></span> <span class='ocrx_word' id='word_1_20' title='bbox 2550 534 2750 604; x_wconf 68' lang='grc' dir='ltr'>Κύριος</span> <span class='ocrx_word' id='word_1_21' title='bbox 2775 535 2953 604; x_wconf 80' lang='grc' dir='ltr'>ἡμῶν,</span> <span class='ocrx_word' id='word_1_22' title='bbox 2986 536 3077 587; x_wconf 70' lang='grc' dir='ltr'><strong>καὶ</strong></span> <span class='ocrx_word' id='word_1_23' title='bbox 3099 535 3242 586; x_wconf 79' lang='grc' dir='ltr'>ἐστιν</span> <span class='ocrx_word' id='word_1_24' title='bbox 3265 536 3321 586; x_wconf 85' lang='grc' dir='ltr'><strong>ἐν</strong></span> <span class='ocrx_word' id='word_1_25' title='bbox 3336 533 3482 604; x_wconf 76' lang='grc' dir='ltr'>δεξιᾷ</span> <span class='ocrx_word' id='word_1_26' title='bbox 3504 533 3595 585; x_wconf 87' lang='grc' dir='ltr'><strong>τοῦ</strong></span> <span class='ocrx_word' id='word_1_27' title='bbox 3617 533 3850 608; x_wconf 72' lang='grc' dir='ltr'>Πατρδς,</span> 
     </span>
    </p>
   </div>
   <div class='ocr_carea' id='block_1_6' title="bbox 613 625 2171 694">
    <p class='ocr_par' dir='ltr' id='par_1_6' title="bbox 613 625 2171 694">
     <span class='ocr_line' id='line_1_6' title="bbox 613 625 2171 694; baseline 0.001 -18"><span class='ocrx_word' id='word_1_28' title='bbox 613 625 776 676; x_wconf 79' lang='lat' dir='ltr'><strong>etiam</strong></span> <span class='ocrx_word' id='word_1_29' title='bbox 811 640 955 678; x_wconf 87' lang='lat' dir='ltr'><strong>nunc</strong></span> <span class='ocrx_word' id='word_1_30' title='bbox 989 626 1198 694; x_wconf 85' lang='lat' dir='ltr'><strong>plenam</strong></span> <span class='ocrx_word' id='word_1_31' title='bbox 1239 643 1357 681; x_wconf 82' lang='lat' dir='ltr'><strong>esse</strong></span> <span class='ocrx_word' id='word_1_32' title='bbox 1392 642 1605 680; x_wconf 88' lang='lat' dir='ltr'><strong>omnem</strong></span> <span class='ocrx_word' id='word_1_33' title='bbox 1639 638 1836 682; x_wconf 86' lang='lat' dir='ltr'><strong>terram</strong></span> <span class='ocrx_word' id='word_1_34' title='bbox 1869 636 1921 680; x_wconf 91' lang='lat' dir='ltr'><strong>et</strong></span> <span class='ocrx_word' id='word_1_35' title='bbox 1952 626 2055 680; x_wconf 76' lang='lat' dir='ltr'><strong>frui</strong></span> <span class='ocrx_word' id='word_1_36' title='bbox 2091 627 2171 678; x_wconf 78' lang='lat' dir='ltr'><strong>vi-</strong></span> 
     </span>
    </p>
   </div>
   <div class='ocr_carea' id='block_1_7' title="bbox 615 715 1038 783">
    <p class='ocr_par' dir='ltr' id='par_1_7' title="bbox 615 715 1038 783">
     <span class='ocr_line' id='line_1_7' title="bbox 615 715 1038 783; baseline -0.002 -15"><span class='ocrx_word' id='word_1_37' title='bbox 615 715 868 768; x_wconf 86' lang='lat' dir='ltr'><strong>sitatione</strong></span> <span class='ocrx_word' id='word_1_38' title='bbox 900 716 1038 783; x_wconf 84' lang='lat' dir='ltr'><strong>ejus.</strong></span> 
     </span>
    </p>
   </div>
   <div class='ocr_carea' id='block_1_8' title="bbox 687 804 2174 878">
    <p class='ocr_par' dir='ltr' id='par_1_8' title="bbox 687 804 2174 878">
     <span class='ocr_line' id='line_1_8' title="bbox 687 804 2174 878; baseline 0.003 -23"><span class='ocrx_word' id='word_1_39' title='bbox 687 805 738 858; x_wconf 84' lang='lat'><strong>7.</strong></span> <span class='ocrx_word' id='word_1_40' title='bbox 777 804 1054 859; x_wconf 82' lang='lat' dir='ltr'><strong>Suscitans</strong></span> <span class='ocrx_word' id='word_1_41' title='bbox 1097 823 1129 858; x_wconf 83' lang='lat' dir='ltr'><strong>a</strong></span> <span class='ocrx_word' id='word_1_42' title='bbox 1169 817 1307 859; x_wconf 87' lang='lat' dir='ltr'><strong>terra</strong></span> <span class='ocrx_word' id='word_1_43' title='bbox 1356 809 1580 877; x_wconf 80' lang='lat' dir='ltr'><strong>inopem.</strong></span> <span class='ocrx_word' id='word_1_44' title='bbox 1615 808 1872 862; x_wconf 69' lang='lat' dir='ltr'><strong>Videlicet</strong></span> <span class='ocrx_word' id='word_1_45' title='bbox 1934 807 2174 878; x_wconf 80' lang='lat' dir='ltr'><strong>gentium</strong></span> 
     </span>
    </p>
   </div>
   <div class='ocr_carea' id='block_1_9' title="bbox 615 896 894 966">
    <p class='ocr_par' dir='ltr' id='par_1_9' title="bbox 615 896 894 966">
     <span class='ocr_line' id='line_1_9' title="bbox 615 896 894 966; baseline 0.007 -17"><span class='ocrx_word' id='word_1_46' title='bbox 615 896 894 966; x_wconf 79' lang='lat' dir='ltr'><strong>populum.</strong></span> 
     </span>
    </p>
   </div>
   <div class='ocr_carea' id='block_1_10' title="bbox 689 986 2178 1057">
    <p class='ocr_par' dir='ltr' id='par_1_10' title="bbox 689 986 2178 1057">
     <span class='ocr_line' id='line_1_10' title="bbox 689 986 2178 1057; baseline 0.002 -17"><span class='ocrx_word' id='word_1_47' title='bbox 689 989 740 1042; x_wconf 89' lang='lat'><strong>9.</strong></span> <span class='ocrx_word' id='word_1_48' title='bbox 777 986 880 1052; x_wconf 84' lang='lat' dir='ltr'><strong>Qui</strong></span> <span class='ocrx_word' id='word_1_49' title='bbox 935 987 1172 1042; x_wconf 84' lang='lat' dir='ltr'><strong>habitare</strong></span> <span class='ocrx_word' id='word_1_50' title='bbox 1230 989 1358 1057; x_wconf 77' lang='lat' dir='ltr'><strong>facit</strong></span> <span class='ocrx_word' id='word_1_51' title='bbox 1391 991 1621 1045; x_wconf 86' lang='lat' dir='ltr'><strong>sterilem</strong></span> <span class='ocrx_word' id='word_1_52' title='bbox 1645 992 1699 1044; x_wconf 89' lang='lat' dir='ltr'><strong>in</strong></span> <span class='ocrx_word' id='word_1_53' title='bbox 1745 992 1919 1045; x_wconf 88' lang='lat' dir='ltr'><strong>domo.</strong></span> <span class='ocrx_word' id='word_1_54' title='bbox 1970 989 2178 1044; x_wconf 89' lang='lat' dir='ltr'><strong>Sterilis</strong></span> 
     </span>
    </p>
   </div>
   <div class='ocr_carea' id='block_1_11' title="bbox 619 1075 2177 1148">
    <p class='ocr_par' dir='ltr' id='par_1_11' title="bbox 619 1075 2177 1148">
     <span class='ocr_line' id='line_1_11' title="bbox 619 1075 2177 1148; baseline 0 -18"><span class='ocrx_word' id='word_1_55' title='bbox 619 1075 719 1130; x_wconf 77' lang='lat' dir='ltr'><strong>fuit</strong></span> <span class='ocrx_word' id='word_1_56' title='bbox 753 1077 992 1147; x_wconf 86' lang='lat' dir='ltr'><strong>gentium</strong></span> <span class='ocrx_word' id='word_1_57' title='bbox 1025 1078 1334 1144; x_wconf 90' lang='lat' dir='ltr'><strong>multitudo,</strong></span> <span class='ocrx_word' id='word_1_58' title='bbox 1361 1095 1482 1148; x_wconf 63' lang='lat' dir='ltr'><strong>quae</strong></span> <span class='ocrx_word' id='word_1_59' title='bbox 1515 1080 1709 1134; x_wconf 89' lang='lat' dir='ltr'><strong>domus</strong></span> <span class='ocrx_word' id='word_1_60' title='bbox 1738 1077 1838 1132; x_wconf 80' lang='lat' dir='ltr'><strong>fuit</strong></span> <span class='ocrx_word' id='word_1_61' title='bbox 1861 1078 2177 1148; x_wconf 85' lang='lat' dir='ltr'><strong>spiritualis,</strong></span> 
     </span>
    </p>
   </div>
   <div class='ocr_carea' id='block_1_12' title="bbox 621 1167 2183 1237">
    <p class='ocr_par' dir='ltr' id='par_1_12' title="bbox 621 1167 2183 1237">
     <span class='ocr_line' id='line_1_12' title="bbox 621 1167 2183 1237; baseline 0 -16"><span class='ocrx_word' id='word_1_62' title='bbox 621 1176 807 1236; x_wconf 82' lang='lat' dir='ltr'><strong>utpote</strong></span> <span class='ocrx_word' id='word_1_63' title='bbox 840 1183 960 1237; x_wconf 64' lang='lat' dir='ltr'><strong>quae</strong></span> <span class='ocrx_word' id='word_1_64' title='bbox 991 1167 1281 1223; x_wconf 89' lang='lat' dir='ltr'><strong>Dominum</strong></span> <span class='ocrx_word' id='word_1_65' title='bbox 1327 1169 1721 1223; x_wconf 87' lang='lat' dir='ltr'><strong>inhabitantem</strong></span> <span class='ocrx_word' id='word_1_66' title='bbox 1757 1170 2024 1224; x_wconf 83' lang='lat' dir='ltr'><strong>habuerit.</strong></span> <span class='ocrx_word' id='word_1_67' title='bbox 2060 1168 2183 1222; x_wconf 87' lang='lat' dir='ltr'><strong>Fuit</strong></span> 
     </span>
    </p>
   </div>
   <div class='ocr_carea' id='block_1_13' title="bbox 621 1258 2181 1315">
    <p class='ocr_par' dir='ltr' id='par_1_13' title="bbox 621 1258 2181 1315">
     <span class='ocr_line' id='line_1_13' title="bbox 621 1258 2181 1315; baseline -0.001 -3"><span class='ocrx_word' id='word_1_68' title='bbox 621 1273 784 1312; x_wconf 62' lang='lat' dir='ltr'><strong>cnam</strong></span> <span class='ocrx_word' id='word_1_69' title='bbox 816 1258 1108 1312; x_wconf 88' lang='lat' dir='ltr'><strong>multorum</strong></span> <span class='ocrx_word' id='word_1_70' title='bbox 1145 1260 1378 1314; x_wconf 81' lang='lat' dir='ltr'><strong>ﬁliorum</strong></span> <span class='ocrx_word' id='word_1_71' title='bbox 1418 1270 1589 1314; x_wconf 84' lang='lat' dir='ltr'><strong>mater</strong></span> <span class='ocrx_word' id='word_1_72' title='bbox 1639 1276 1761 1315; x_wconf 91' lang='lat' dir='ltr'><strong>cum</strong></span> <span class='ocrx_word' id='word_1_73' title='bbox 1797 1261 1999 1314; x_wconf 71' lang='lat' dir='ltr'><strong>laetitia.</strong></span> <span class='ocrx_word' id='word_1_74' title='bbox 2048 1258 2181 1312; x_wconf 87' lang='lat' dir='ltr'><strong>Nam</strong></span> 
     </span>
    </p>
   </div>
   <div class='ocr_carea' id='block_1_14' title="bbox 621 1348 2180 1417">
    <p class='ocr_par' dir='ltr' id='par_1_14' title="bbox 621 1348 2180 1417">
     <span class='ocr_line' id='line_1_14' title="bbox 621 1348 2180 1417; baseline 0.003 -16"><span class='ocrx_word' id='word_1_75' title='bbox 621 1348 717 1402; x_wconf 76' lang='lat' dir='ltr'><strong>ﬁlii</strong></span> <span class='ocrx_word' id='word_1_76' title='bbox 743 1350 862 1417; x_wconf 88' lang='lat' dir='ltr'><strong>ejus</strong></span> <span class='ocrx_word' id='word_1_77' title='bbox 895 1364 991 1417; x_wconf 90' lang='lat' dir='ltr'><strong>per</strong></span> <span class='ocrx_word' id='word_1_78' title='bbox 1012 1349 1168 1403; x_wconf 89' lang='lat' dir='ltr'><strong>Iidem</strong></span> <span class='ocrx_word' id='word_1_79' title='bbox 1205 1352 1256 1403; x_wconf 91' lang='lat' dir='ltr'><strong>in</strong></span> <span class='ocrx_word' id='word_1_80' title='bbox 1281 1350 1561 1405; x_wconf 82' lang='lat' dir='ltr'><strong>Christum</strong></span> <span class='ocrx_word' id='word_1_81' title='bbox 1593 1353 1822 1406; x_wconf 87' lang='lat' dir='ltr'><strong>salutem</strong></span> <span class='ocrx_word' id='word_1_82' title='bbox 1870 1351 2012 1405; x_wconf 88' lang='lat' dir='ltr'><strong>nacti</strong></span> <span class='ocrx_word' id='word_1_83' title='bbox 2037 1361 2180 1405; x_wconf 88' lang='lat' dir='ltr'><strong>sunt.</strong></span> 
     </span>
    </p>
   </div>
   <div class='ocr_carea' id='block_1_15' title="bbox 623 1435 2184 1511">
    <p class='ocr_par' dir='ltr' id='par_1_15' title="bbox 623 1435 2184 1511">
     <span class='ocr_line' id='line_1_15' title="bbox 623 1435 2184 1511; baseline 0.004 -22"><span class='ocrx_word' id='word_1_84' title='bbox 623 1435 736 1492; x_wconf 81' lang='lat' dir='ltr'><strong>Hoc</strong></span> <span class='ocrx_word' id='word_1_85' title='bbox 767 1449 944 1492; x_wconf 87' lang='lat' dir='ltr'><strong>autem</strong></span> <span class='ocrx_word' id='word_1_86' title='bbox 974 1439 1263 1494; x_wconf 87' lang='lat' dir='ltr'><strong>discrimen</strong></span> <span class='ocrx_word' id='word_1_87' title='bbox 1289 1450 1371 1494; x_wconf 84' lang='lat' dir='ltr'><strong>est</strong></span> <span class='ocrx_word' id='word_1_88' title='bbox 1401 1442 1538 1494; x_wconf 90' lang='lat' dir='ltr'><strong>inter</strong></span> <span class='ocrx_word' id='word_1_89' title='bbox 1575 1456 1692 1494; x_wconf 88' lang='lat' dir='ltr'><strong>eam</strong></span> <span class='ocrx_word' id='word_1_90' title='bbox 1738 1454 1790 1495; x_wconf 89' lang='lat' dir='ltr'><strong>et</strong></span> <span class='ocrx_word' id='word_1_91' title='bbox 1824 1440 2184 1511; x_wconf 78' lang='lat' dir='ltr'><strong>Synagogam,</strong></span> 
     </span>
    </p>
   </div>
   <div class='ocr_carea' id='block_1_16' title="bbox 623 1530 2188 1604">
    <p class='ocr_par' dir='ltr' id='par_1_16' title="bbox 623 1530 2188 1604">
     <span class='ocr_line' id='line_1_16' title="bbox 623 1530 2188 1604; baseline 0.004 -22"><span class='ocrx_word' id='word_1_92' title='bbox 623 1531 767 1598; x_wconf 89' lang='lat' dir='ltr'><strong>quod</strong></span> <span class='ocrx_word' id='word_1_93' title='bbox 816 1530 1098 1601; x_wconf 77' lang='lat' dir='ltr'><strong>Synagoga</strong></span> <span class='ocrx_word' id='word_1_94' title='bbox 1131 1533 1198 1586; x_wconf 89' lang='lat' dir='ltr'><strong>de</strong></span> <span class='ocrx_word' id='word_1_95' title='bbox 1233 1533 1360 1588; x_wconf 88' lang='lat' dir='ltr'><strong>tiliis</strong></span> <span class='ocrx_word' id='word_1_96' title='bbox 1407 1534 1581 1588; x_wconf 69' lang='lat' dir='ltr'><strong>laetata</strong></span> <span class='ocrx_word' id='word_1_97' title='bbox 1630 1550 1736 1588; x_wconf 86' lang='lat' dir='ltr'><strong>non</strong></span> <span class='ocrx_word' id='word_1_98' title='bbox 1781 1533 1966 1598; x_wconf 84' lang='lat' dir='ltr'><strong>fuerit,</strong></span> <span class='ocrx_word' id='word_1_99' title='bbox 2005 1543 2188 1604; x_wconf 88' lang='lat' dir='ltr'><strong>utpote</strong></span> 
     </span>
    </p>
   </div>
   <div class='ocr_carea' id='block_1_17' title="bbox 624 1622 1156 1690">
    <p class='ocr_par' dir='ltr' id='par_1_17' title="bbox 624 1622 1156 1690">
     <span class='ocr_line' id='line_1_17' title="bbox 624 1622 1156 1690; baseline 0.011 -16"><span class='ocrx_word' id='word_1_100' title='bbox 624 1622 881 1690; x_wconf 83' lang='lat' dir='ltr'><strong>perniciei</strong></span> <span class='ocrx_word' id='word_1_101' title='bbox 919 1625 1156 1680; x_wconf 85' lang='lat' dir='ltr'><strong>traditis.</strong></span> 
     </span>
    </p>
   </div>
   <div class='ocr_carea' id='block_1_18' title="bbox 978 1779 1842 1839">
    <p class='ocr_par' dir='ltr' id='par_1_18' title="bbox 978 1779 1842 1839">
     <span class='ocr_line' id='line_1_18' title="bbox 978 1779 1842 1839; baseline 0.005 -5"><span class='ocrx_word' id='word_1_102' title='bbox 978 1779 1317 1838; x_wconf 69' lang='lat' dir='ltr'><strong>PSALMUS</strong></span> <span class='ocrx_word' id='word_1_103' title='bbox 1342 1783 1557 1838; x_wconf 84' lang='lat' dir='ltr'><strong><em>CXIII.</em></strong></span> <span class='ocrx_word' id='word_1_104' title='bbox 1597 1786 1842 1839; x_wconf 76' lang='lat' dir='ltr'><strong>Alleluia.</strong></span> 
     </span>
    </p>
   </div>
   <div class='ocr_carea' id='block_1_19' title="bbox 1212 1939 1612 2008">
    <p class='ocr_par' dir='ltr' id='par_1_19' title="bbox 1212 1939 1612 2008">
     <span class='ocr_line' id='line_1_19' title="bbox 1212 1939 1612 2008; baseline 0.005 -18"><span class='ocrx_word' id='word_1_105' title='bbox 1212 1939 1612 2008; x_wconf 77' lang='lat' dir='ltr'><strong>Argumentum.</strong></span> 
     </span>
    </p>
   </div>
   <div class='ocr_carea' id='block_1_20' title="bbox 629 2069 2190 2143">
    <p class='ocr_par' dir='ltr' id='par_1_20' title="bbox 629 2069 2190 2143">
     <span class='ocr_line' id='line_1_20' title="bbox 629 2069 2190 2143; baseline -0.002 -20"><span class='ocrx_word' id='word_1_106' title='bbox 629 2069 685 2124; x_wconf 90' lang='lat' dir='ltr'><strong>In</strong></span> <span class='ocrx_word' id='word_1_107' title='bbox 718 2071 820 2126; x_wconf 88' lang='lat' dir='ltr'><strong>hoc</strong></span> <span class='ocrx_word' id='word_1_108' title='bbox 856 2073 982 2126; x_wconf 92' lang='lat' dir='ltr'><strong>item</strong></span> <span class='ocrx_word' id='word_1_109' title='bbox 1041 2073 1250 2142; x_wconf 90' lang='lat' dir='ltr'><strong>psalmo</strong></span> <span class='ocrx_word' id='word_1_110' title='bbox 1283 2073 1524 2143; x_wconf 80' lang='lat' dir='ltr'><strong>gentium</strong></span> <span class='ocrx_word' id='word_1_111' title='bbox 1573 2073 1787 2126; x_wconf 91' lang='lat' dir='ltr'><strong>vocatio</strong></span> <span class='ocrx_word' id='word_1_112' title='bbox 1835 2071 2190 2141; x_wconf 82' lang='lat' dir='ltr'><strong>signiﬁcatur.</strong></span> 
     </span>
    </p>
   </div>
   <div class='ocr_carea' id='block_1_21' title="bbox 698 2163 2193 2232">
    <p class='ocr_par' dir='ltr' id='par_1_21' title="bbox 698 2163 2193 2232">
     <span class='ocr_line' id='line_1_21' title="bbox 698 2163 2193 2232; baseline -0.002 -18"><span class='ocrx_word' id='word_1_113' title='bbox 698 2163 777 2215; x_wconf 84' lang='lat' dir='ltr'><strong>Ad</strong></span> <span class='ocrx_word' id='word_1_114' title='bbox 807 2163 943 2226; x_wconf 67' lang='lat' dir='ltr'><strong>hare,</strong></span> <span class='ocrx_word' id='word_1_115' title='bbox 975 2163 1222 2219; x_wconf 86' lang='lat' dir='ltr'><strong>doctrina</strong></span> <span class='ocrx_word' id='word_1_116' title='bbox 1247 2165 1311 2217; x_wconf 83' lang='lat' dir='ltr'><strong>ad</strong></span> <span class='ocrx_word' id='word_1_117' title='bbox 1348 2178 1443 2217; x_wconf 91' lang='lat' dir='ltr'><strong>eos</strong></span> <span class='ocrx_word' id='word_1_118' title='bbox 1463 2164 1556 2232; x_wconf 89' lang='lat' dir='ltr'><strong>qui</strong></span> <span class='ocrx_word' id='word_1_119' title='bbox 1594 2164 1822 2218; x_wconf 89' lang='lat' dir='ltr'><strong>salutem</strong></span> <span class='ocrx_word' id='word_1_120' title='bbox 1850 2175 2193 2229; x_wconf 83' lang='lat' dir='ltr'><strong>consequun-</strong></span> 
     </span>
    </p>
   </div>
   <div class='ocr_carea' id='block_1_22' title="bbox 697 2253 2194 2322">
    <p class='ocr_par' dir='ltr' id='par_1_22' title="bbox 697 2253 2194 2322">
     <span class='ocr_line' id='line_1_22' title="bbox 697 2253 2194 2322; baseline -0.001 -18"><span class='ocrx_word' id='word_1_121' title='bbox 697 2264 826 2317; x_wconf 87' lang='lat' dir='ltr'><strong>tur;</strong></span> <span class='ocrx_word' id='word_1_122' title='bbox 865 2255 1011 2322; x_wconf 87' lang='lat' dir='ltr'><strong>quod</strong></span> <span class='ocrx_word' id='word_1_123' title='bbox 1037 2264 1190 2308; x_wconf 87' lang='lat' dir='ltr'><strong>vetus</strong></span> <span class='ocrx_word' id='word_1_124' title='bbox 1242 2264 1642 2318; x_wconf 87' lang='lat' dir='ltr'><strong>testamentum,</strong></span> <span class='ocrx_word' id='word_1_125' title='bbox 1693 2253 1787 2308; x_wconf 90' lang='lat' dir='ltr'><strong>Dei</strong></span> <span class='ocrx_word' id='word_1_126' title='bbox 1835 2267 1955 2306; x_wconf 90' lang='lat' dir='ltr'><strong>esse</strong></span> <span class='ocrx_word' id='word_1_127' title='bbox 1998 2266 2194 2319; x_wconf 85' lang='lat' dir='ltr'><strong>cogno-</strong></span> 
     </span>
    </p>
   </div>
   <div class='ocr_carea' id='block_1_23' title="bbox 698 2340 2193 2411">
    <p class='ocr_par' dir='ltr' id='par_1_23' title="bbox 698 2340 2193 2411">
     <span class='ocr_line' id='line_1_23' title="bbox 698 2340 2193 2411; baseline -0.001 -17"><span class='ocrx_word' id='word_1_128' title='bbox 698 2351 872 2407; x_wconf 83' lang='lat' dir='ltr'><strong>scant,</strong></span> <span class='ocrx_word' id='word_1_129' title='bbox 907 2350 962 2396; x_wconf 90' lang='lat' dir='ltr'><strong>et</strong></span> <span class='ocrx_word' id='word_1_130' title='bbox 994 2343 1276 2411; x_wconf 89' lang='lat' dir='ltr'><strong>pristinam</strong></span> <span class='ocrx_word' id='word_1_131' title='bbox 1313 2345 1457 2398; x_wconf 86' lang='lat' dir='ltr'><strong>illam</strong></span> <span class='ocrx_word' id='word_1_132' title='bbox 1495 2347 1721 2398; x_wconf 88' lang='lat' dir='ltr'><strong>salutem</strong></span> <span class='ocrx_word' id='word_1_133' title='bbox 1768 2342 1952 2411; x_wconf 88' lang='lat' dir='ltr'><strong>populi</strong></span> <span class='ocrx_word' id='word_1_134' title='bbox 1988 2355 2050 2394; x_wconf 85' lang='lat' dir='ltr'><strong>ex</strong></span> <span class='ocrx_word' id='word_1_135' title='bbox 2084 2340 2193 2394; x_wconf 90' lang='lat' dir='ltr'><strong>cir-</strong></span> 
     </span>
    </p>
   </div>
   <div class='ocr_carea' id='block_1_24' title="bbox 699 2434 1900 2505">
    <p class='ocr_par' dir='ltr' id='par_1_24' title="bbox 699 2434 1900 2505">
     <span class='ocr_line' id='line_1_24' title="bbox 699 2434 1900 2505; baseline -0.001 -17"><span class='ocrx_word' id='word_1_136' title='bbox 699 2434 1054 2501; x_wconf 87' lang='lat' dir='ltr'><strong>cumcisione,</strong></span> <span class='ocrx_word' id='word_1_137' title='bbox 1085 2451 1178 2505; x_wconf 89' lang='lat' dir='ltr'><strong>per</strong></span> <span class='ocrx_word' id='word_1_138' title='bbox 1208 2435 1497 2490; x_wconf 87' lang='lat' dir='ltr'><strong>Dominum</strong></span> <span class='ocrx_word' id='word_1_139' title='bbox 1528 2437 1723 2489; x_wconf 79' lang='lat' dir='ltr'><strong>lactant</strong></span> <span class='ocrx_word' id='word_1_140' title='bbox 1761 2449 1900 2488; x_wconf 90' lang='lat' dir='ltr'><strong>esse.</strong></span> 
     </span>
    </p>
   </div>
   <div class='ocr_carea' id='block_1_25' title="bbox 706 2520 2196 2594">
    <p class='ocr_par' dir='ltr' id='par_1_25' title="bbox 706 2520 2196 2594">
     <span class='ocr_line' id='line_1_25' title="bbox 706 2520 2196 2594; baseline -0.003 -17"><span class='ocrx_word' id='word_1_141' title='bbox 706 2525 756 2577; x_wconf 81' lang='grc'>1.</span> <span class='ocrx_word' id='word_1_142' title='bbox 793 2522 859 2577; x_wconf 80' lang='lat' dir='ltr'><strong>In</strong></span> <span class='ocrx_word' id='word_1_143' title='bbox 884 2526 1029 2577; x_wconf 74' lang='lat' dir='ltr'><strong>exitu</strong></span> <span class='ocrx_word' id='word_1_144' title='bbox 1056 2525 1228 2579; x_wconf 85' lang='lat' dir='ltr'><strong>Israel</strong></span> <span class='ocrx_word' id='word_1_145' title='bbox 1263 2527 1325 2578; x_wconf 84' lang='lat' dir='ltr'><strong>de</strong></span> <span class='ocrx_word' id='word_1_146' title='bbox 1345 2525 1669 2594; x_wconf 64' lang='lat' dir='ltr'><strong>zEgypto....</strong></span> <span class='ocrx_word' id='word_1_147' title='bbox 1701 2522 1870 2576; x_wconf 85' lang='lat' dir='ltr'><strong>Facta</strong></span> <span class='ocrx_word' id='word_1_148' title='bbox 1897 2533 1968 2575; x_wconf 85' lang='lat' dir='ltr'><strong>est</strong></span> <span class='ocrx_word' id='word_1_149' title='bbox 2005 2520 2196 2574; x_wconf 76' lang='lat' dir='ltr'><strong>Jutltva</strong></span> 
     </span>
    </p>
   </div>
   <div class='ocr_carea' id='block_1_26' title="bbox 633 2613 2196 2686">
    <p class='ocr_par' dir='ltr' id='par_1_26' title="bbox 633 2613 2196 2686">
     <span class='ocr_line' id='line_1_26' title="bbox 633 2613 2196 2686; baseline -0.003 -17"><span class='ocrx_word' id='word_1_150' title='bbox 633 2616 984 2682; x_wconf 81' lang='lat' dir='ltr'><strong>sanctiﬁcatio</strong></span> <span class='ocrx_word' id='word_1_151' title='bbox 1006 2616 1139 2684; x_wconf 81' lang='lat' dir='ltr'><strong>ejus.</strong></span> <span class='ocrx_word' id='word_1_152' title='bbox 1169 2618 1326 2677; x_wconf 82' lang='lat' dir='ltr'><strong>Cum,</strong></span> <span class='ocrx_word' id='word_1_153' title='bbox 1358 2619 1551 2686; x_wconf 85' lang='lat' dir='ltr'><strong>tuquit,</strong></span> <span class='ocrx_word' id='word_1_154' title='bbox 1579 2618 1836 2670; x_wconf 88' lang='lat' dir='ltr'><strong>liberatus</strong></span> <span class='ocrx_word' id='word_1_155' title='bbox 1861 2625 1943 2670; x_wconf 93' lang='lat' dir='ltr'><strong>est</strong></span> <span class='ocrx_word' id='word_1_156' title='bbox 1968 2613 2196 2684; x_wconf 79' lang='lat' dir='ltr'><strong>populus</strong></span> 
     </span>
    </p>
   </div>
   <div class='ocr_carea' id='block_1_27' title="bbox 635 2707 2200 2778">
    <p class='ocr_par' dir='ltr' id='par_1_27' title="bbox 635 2707 2200 2778">
     <span class='ocr_line' id='line_1_27' title="bbox 635 2707 2200 2778; baseline -0.001 -19"><span class='ocrx_word' id='word_1_157' title='bbox 635 2722 666 2759; x_wconf 79' lang='grc' dir='ltr'><strong>ει</strong></span> <span class='ocrx_word' id='word_1_158' title='bbox 698 2708 958 2762; x_wconf 81' lang='lat' dir='ltr'><strong>servitute</strong></span> <span class='ocrx_word' id='word_1_159' title='bbox 988 2707 1361 2778; x_wconf 65' lang='lat' dir='ltr'><strong>Egyptiorum</strong></span> <span class='ocrx_word' id='word_1_160' title='bbox 1389 2728 1402 2774; x_wconf 88' lang='lat'><strong>;</strong></span> <span class='ocrx_word' id='word_1_161' title='bbox 1435 2719 1563 2764; x_wconf 89' lang='lat' dir='ltr'><strong>tunc</strong></span> <span class='ocrx_word' id='word_1_162' title='bbox 1593 2708 1776 2763; x_wconf 78' lang='lat' dir='ltr'><strong>Judzra</strong></span> <span class='ocrx_word' id='word_1_163' title='bbox 1805 2708 1942 2761; x_wconf 78' lang='lat' dir='ltr'><strong>facta</strong></span> <span class='ocrx_word' id='word_1_164' title='bbox 1973 2717 2056 2759; x_wconf 91' lang='lat' dir='ltr'><strong>est</strong></span> <span class='ocrx_word' id='word_1_165' title='bbox 2080 2721 2200 2758; x_wconf 84' lang='lat' dir='ltr'><strong>san-</strong></span> 
     </span>
    </p>
   </div>
   <div class='ocr_carea' id='block_1_28' title="bbox 637 2798 2197 2871">
    <p class='ocr_par' dir='ltr' id='par_1_28' title="bbox 637 2798 2197 2871">
     <span class='ocr_line' id='line_1_28' title="bbox 637 2798 2197 2871; baseline -0.004 -15"><span class='ocrx_word' id='word_1_166' title='bbox 637 2802 896 2856; x_wconf 86' lang='lat' dir='ltr'><strong>ct:ticatio</strong></span> <span class='ocrx_word' id='word_1_167' title='bbox 929 2801 1069 2871; x_wconf 87' lang='lat' dir='ltr'><strong>ejus.</strong></span> <span class='ocrx_word' id='word_1_168' title='bbox 1113 2798 1230 2856; x_wconf 80' lang='lat' dir='ltr'><strong>Non</strong></span> <span class='ocrx_word' id='word_1_169' title='bbox 1265 2803 1318 2856; x_wconf 94' lang='lat' dir='ltr'><strong>in</strong></span> <span class='ocrx_word' id='word_1_170' title='bbox 1357 2805 1534 2857; x_wconf 92' lang='lat' dir='ltr'><strong>solum</strong></span> <span class='ocrx_word' id='word_1_171' title='bbox 1587 2812 1766 2856; x_wconf 87' lang='lat' dir='ltr'><strong>autem</strong></span> <span class='ocrx_word' id='word_1_172' title='bbox 1812 2800 2062 2855; x_wconf 81' lang='lat' dir='ltr'><strong>Israclem</strong></span> <span class='ocrx_word' id='word_1_173' title='bbox 2092 2798 2197 2851; x_wconf 85' lang='lat' dir='ltr'><strong>im-</strong></span> 
     </span>
    </p>
   </div>
   <div class='ocr_carea' id='block_1_29' title="bbox 640 2891 2196 2963">
    <p class='ocr_par' dir='ltr' id='par_1_29' title="bbox 640 2891 2196 2963">
     <span class='ocr_line' id='line_1_29' title="bbox 640 2891 2196 2963; baseline -0.003 -15"><span class='ocrx_word' id='word_1_174' title='bbox 640 2894 867 2962; x_wconf 85' lang='lat' dir='ltr'><strong>peravit,</strong></span> <span class='ocrx_word' id='word_1_175' title='bbox 921 2894 1012 2948; x_wconf 80' lang='lat' dir='ltr'><strong>sed</strong></span> <span class='ocrx_word' id='word_1_176' title='bbox 1061 2894 1198 2963; x_wconf 87' lang='lat' dir='ltr'><strong>jam,</strong></span> <span class='ocrx_word' id='word_1_177' title='bbox 1251 2895 1364 2959; x_wconf 86' lang='lat' dir='ltr'><strong>ait,</strong></span> <span class='ocrx_word' id='word_1_178' title='bbox 1419 2894 1672 2946; x_wconf 90' lang='lat' dir='ltr'><strong>omnibus</strong></span> <span class='ocrx_word' id='word_1_179' title='bbox 1727 2891 1976 2963; x_wconf 73' lang='lat' dir='ltr'><strong>gentibus</strong></span> <span class='ocrx_word' id='word_1_180' title='bbox 2030 2891 2196 2959; x_wconf 79' lang='lat' dir='ltr'><strong>gratia</strong></span> 
     </span>
    </p>
   </div>
   <div class='ocr_carea' id='block_1_30' title="bbox 638 2986 816 3038">
    <p class='ocr_par' dir='ltr' id='par_1_30' title="bbox 638 2986 816 3038">
     <span class='ocr_line' id='line_1_30' title="bbox 638 2986 816 3038; baseline -0.017 0"><span class='ocrx_word' id='word_1_181' title='bbox 638 2986 816 3038; x_wconf 85' lang='lat' dir='ltr'><strong>datur.</strong></span> 
     </span>
    </p>
   </div>
   <div class='ocr_carea' id='block_1_31' title="bbox 712 3072 2196 3128">
    <p class='ocr_par' dir='ltr' id='par_1_31' title="bbox 712 3072 2196 3128">
     <span class='ocr_line' id='line_1_31' title="bbox 712 3072 2196 3128; baseline -0.001 -3"><span class='ocrx_word' id='word_1_182' title='bbox 712 3075 763 3126; x_wconf 78' lang='grc'>4.</span> <span class='ocrx_word' id='word_1_183' title='bbox 809 3072 1006 3126; x_wconf 77' lang='lat' dir='ltr'><strong>Montes</strong></span> <span class='ocrx_word' id='word_1_184' title='bbox 1038 3075 1427 3128; x_wconf 73' lang='lat' dir='ltr'><strong>exsultaverunt</strong></span> <span class='ocrx_word' id='word_1_185' title='bbox 1459 3084 1513 3127; x_wconf 89' lang='lat' dir='ltr'><strong>ut</strong></span> <span class='ocrx_word' id='word_1_186' title='bbox 1543 3075 1756 3128; x_wconf 81' lang='lat' dir='ltr'><strong>arietes.</strong></span> <span class='ocrx_word' id='word_1_187' title='bbox 1786 3073 1922 3128; x_wconf 87' lang='lat' dir='ltr'><strong>Cum</strong></span> <span class='ocrx_word' id='word_1_188' title='bbox 1953 3073 2094 3127; x_wconf 89' lang='lat' dir='ltr'><strong>Deus</strong></span> <span class='ocrx_word' id='word_1_189' title='bbox 2147 3072 2196 3125; x_wconf 87' lang='lat' dir='ltr'><strong>in</strong></span> 
     </span>
    </p>
   </div>
   <div class='ocr_carea' id='block_1_32' title="bbox 641 3164 2203 3237">
    <p class='ocr_par' dir='ltr' id='par_1_32' title="bbox 641 3164 2203 3237">
     <span class='ocr_line' id='line_1_32' title="bbox 641 3164 2203 3237; baseline 0 -20"><span class='ocrx_word' id='word_1_190' title='bbox 641 3164 774 3232; x_wconf 83' lang='lat' dir='ltr'><strong>ipsis</strong></span> <span class='ocrx_word' id='word_1_191' title='bbox 798 3165 1070 3220; x_wconf 86' lang='lat' dir='ltr'><strong>montibus</strong></span> <span class='ocrx_word' id='word_1_192' title='bbox 1091 3177 1388 3236; x_wconf 86' lang='lat' dir='ltr'><strong>appareret,</strong></span> <span class='ocrx_word' id='word_1_193' title='bbox 1407 3167 1563 3237; x_wconf 85' lang='lat' dir='ltr'><strong>quasi</strong></span> <span class='ocrx_word' id='word_1_194' title='bbox 1584 3165 1928 3221; x_wconf 84' lang='lat' dir='ltr'><strong>exsultabant</strong></span> <span class='ocrx_word' id='word_1_195' title='bbox 1949 3166 2015 3218; x_wconf 93' lang='lat' dir='ltr'><strong>de</strong></span> <span class='ocrx_word' id='word_1_196' title='bbox 2037 3165 2203 3218; x_wconf 85' lang='lat' dir='ltr'><strong>Israe-</strong></span> 
     </span>
    </p>
   </div>
   <div class='ocr_carea' id='block_1_33' title="bbox 642 3257 933 3314">
    <p class='ocr_par' dir='ltr' id='par_1_33' title="bbox 642 3257 933 3314">
     <span class='ocr_line' id='line_1_33' title="bbox 642 3257 933 3314; baseline 0.003 -4"><span class='ocrx_word' id='word_1_197' title='bbox 642 3257 708 3313; x_wconf 80' lang='lat' dir='ltr'><strong>iis</strong></span> <span class='ocrx_word' id='word_1_198' title='bbox 740 3260 933 3314; x_wconf 89' lang='lat' dir='ltr'><strong>salute.</strong></span> 
     </span>
    </p>
   </div>
   <div class='ocr_carea' id='block_1_34' title="bbox 713 3348 2199 3419">
    <p class='ocr_par' dir='ltr' id='par_1_34' title="bbox 713 3348 2199 3419">
     <span class='ocr_line' id='line_1_34' title="bbox 713 3348 2199 3419; baseline -0.002 -15"><span class='ocrx_word' id='word_1_199' title='bbox 713 3351 765 3404; x_wconf 80' lang='grc'>5.</span> <span class='ocrx_word' id='word_1_200' title='bbox 798 3352 936 3416; x_wconf 84' lang='lat' dir='ltr'><strong>Quid</strong></span> <span class='ocrx_word' id='word_1_201' title='bbox 961 3362 1037 3403; x_wconf 87' lang='lat' dir='ltr'><strong>est</strong></span> <span class='ocrx_word' id='word_1_202' title='bbox 1071 3351 1189 3414; x_wconf 89' lang='lat' dir='ltr'><strong>tibi,</strong></span> <span class='ocrx_word' id='word_1_203' title='bbox 1223 3366 1386 3404; x_wconf 84' lang='lat' dir='ltr'><strong>mare.</strong></span> <span class='ocrx_word' id='word_1_204' title='bbox 1412 3349 1549 3419; x_wconf 79' lang='lat' dir='ltr'><strong>quod</strong></span> <span class='ocrx_word' id='word_1_205' title='bbox 1596 3348 1800 3417; x_wconf 76' lang='lat' dir='ltr'><strong>fugisti,</strong></span> <span class='ocrx_word' id='word_1_206' title='bbox 1834 3360 1881 3403; x_wconf 87' lang='lat' dir='ltr'><strong>et</strong></span> <span class='ocrx_word' id='word_1_207' title='bbox 1923 3362 1978 3402; x_wconf 87' lang='lat' dir='ltr'><strong>tu</strong></span> <span class='ocrx_word' id='word_1_208' title='bbox 2001 3348 2199 3402; x_wconf 75' lang='lat' dir='ltr'><strong>Iorda-</strong></span> 
     </span>
    </p>
   </div>
   <div class='ocr_carea' id='block_1_35' title="bbox 643 3441 2201 3513">
    <p class='ocr_par' dir='ltr' id='par_1_35' title="bbox 643 3441 2201 3513">
     <span class='ocr_line' id='line_1_35' title="bbox 643 3441 2201 3513; baseline -0.001 -18"><span class='ocrx_word' id='word_1_209' title='bbox 643 3445 746 3508; x_wconf 79' lang='lat' dir='ltr'><strong>nis,</strong></span> <span class='ocrx_word' id='word_1_210' title='bbox 774 3446 897 3513; x_wconf 86' lang='lat' dir='ltr'><strong>quia</strong></span> <span class='ocrx_word' id='word_1_211' title='bbox 927 3460 1197 3498; x_wconf 78' lang='lat' dir='ltr'><strong>conversus</strong></span> <span class='ocrx_word' id='word_1_212' title='bbox 1232 3459 1283 3496; x_wconf 89' lang='lat' dir='ltr'><strong>es</strong></span> <span class='ocrx_word' id='word_1_213' title='bbox 1313 3454 1597 3495; x_wconf 84' lang='lat' dir='ltr'><strong>retrorsum</strong></span> <span class='ocrx_word' id='word_1_214' title='bbox 1624 3443 1648 3494; x_wconf 68' lang='grc' dir='ltr'><strong><em>Ρ</em></strong></span> <span class='ocrx_word' id='word_1_215' title='bbox 1687 3441 1950 3506; x_wconf 86' lang='lat' dir='ltr'><strong>Quoniam</strong></span> <span class='ocrx_word' id='word_1_216' title='bbox 1995 3442 2084 3495; x_wconf 88' lang='lat' dir='ltr'><strong>illa</strong></span> <span class='ocrx_word' id='word_1_217' title='bbox 2137 3443 2201 3494; x_wconf 93' lang='lat' dir='ltr'><strong>ir-</strong></span> 
     </span>
    </p>
   </div>
   <div class='ocr_carea' id='block_1_36' title="bbox 642 3531 2202 3601">
    <p class='ocr_par' dir='ltr' id='par_1_36' title="bbox 642 3531 2202 3601">
     <span class='ocr_line' id='line_1_36' title="bbox 642 3531 2202 3601; baseline -0.003 -12"><span class='ocrx_word' id='word_1_218' title='bbox 642 3536 980 3590; x_wconf 88' lang='lat' dir='ltr'><strong>rationabilia</strong></span> <span class='ocrx_word' id='word_1_219' title='bbox 1005 3545 1058 3590; x_wconf 92' lang='lat' dir='ltr'><strong>et</strong></span> <span class='ocrx_word' id='word_1_220' title='bbox 1078 3535 1373 3589; x_wconf 89' lang='lat' dir='ltr'><strong>inanimata</strong></span> <span class='ocrx_word' id='word_1_221' title='bbox 1395 3541 1569 3599; x_wconf 89' lang='lat' dir='ltr'><strong>erant,</strong></span> <span class='ocrx_word' id='word_1_222' title='bbox 1602 3532 1717 3601; x_wconf 89' lang='lat' dir='ltr'><strong>ipse</strong></span> <span class='ocrx_word' id='word_1_223' title='bbox 1745 3547 1936 3585; x_wconf 90' lang='lat' dir='ltr'><strong>eorum</strong></span> <span class='ocrx_word' id='word_1_224' title='bbox 1971 3531 2081 3585; x_wconf 86' lang='lat' dir='ltr'><strong>vice</strong></span> <span class='ocrx_word' id='word_1_225' title='bbox 2117 3546 2202 3584; x_wconf 89' lang='lat' dir='ltr'><strong>re-</strong></span> 
     </span>
    </p>
   </div>
   <div class='ocr_carea' id='block_1_37' title="bbox 645 3630 894 3700">
    <p class='ocr_par' dir='ltr' id='par_1_37' title="bbox 645 3630 894 3700">
     <span class='ocr_line' id='line_1_37' title="bbox 645 3630 894 3700; baseline -0.004 -16"><span class='ocrx_word' id='word_1_226' title='bbox 645 3630 894 3700; x_wconf 77' lang='lat' dir='ltr'><strong>Spondet.</strong></span> 
     </span>
    </p>
   </div>
   <div class='ocr_carea' id='block_1_38' title="bbox 716 3716 2204 3791">
    <p class='ocr_par' dir='ltr' id='par_1_38' title="bbox 716 3716 2204 3791">
     <span class='ocr_line' id='line_1_38' title="bbox 716 3716 2204 3791; baseline -0.002 -19"><span class='ocrx_word' id='word_1_227' title='bbox 716 3721 766 3775; x_wconf 84' lang='lat'><strong>7.</strong></span> <span class='ocrx_word' id='word_1_228' title='bbox 808 3723 844 3773; x_wconf 82' lang='grc' dir='ltr'><em>Α</em></span> <span class='ocrx_word' id='word_1_229' title='bbox 898 3723 1032 3791; x_wconf 81' lang='lat' dir='ltr'><strong>facie</strong></span> <span class='ocrx_word' id='word_1_230' title='bbox 1069 3721 1284 3774; x_wconf 82' lang='lat' dir='ltr'><strong>Domini</strong></span> <span class='ocrx_word' id='word_1_231' title='bbox 1314 3731 1454 3772; x_wconf 87' lang='lat' dir='ltr'><strong>mota</strong></span> <span class='ocrx_word' id='word_1_232' title='bbox 1481 3731 1552 3772; x_wconf 82' lang='lat' dir='ltr'><strong>est</strong></span> <span class='ocrx_word' id='word_1_233' title='bbox 1589 3731 1747 3782; x_wconf 85' lang='lat' dir='ltr'><strong>terra,</strong></span> <span class='ocrx_word' id='word_1_234' title='bbox 1788 3726 1891 3773; x_wconf 88' lang='lat' dir='ltr'><strong>etc.</strong></span> <span class='ocrx_word' id='word_1_235' title='bbox 1936 3716 2060 3771; x_wconf 70' lang='lat' dir='ltr'><strong>Haec</strong></span> <span class='ocrx_word' id='word_1_236' title='bbox 2091 3717 2204 3769; x_wconf 74' lang='lat' dir='ltr'><strong>siu-</strong></span> 
     </span>
    </p>
   </div>
   <div class='ocr_carea' id='block_1_39' title="bbox 644 3807 2206 3881">
    <p class='ocr_par' dir='ltr' id='par_1_39' title="bbox 644 3807 2206 3881">
     <span class='ocr_line' id='line_1_39' title="bbox 644 3807 2206 3881; baseline -0.003 -17"><span class='ocrx_word' id='word_1_237' title='bbox 644 3812 784 3881; x_wconf 75' lang='lat' dir='ltr'><strong>gula,</strong></span> <span class='ocrx_word' id='word_1_238' title='bbox 814 3811 909 3876; x_wconf 89' lang='lat' dir='ltr'><strong>ait,</strong></span> <span class='ocrx_word' id='word_1_239' title='bbox 934 3811 1003 3864; x_wconf 91' lang='lat' dir='ltr'><strong>ob</strong></span> <span class='ocrx_word' id='word_1_240' title='bbox 1023 3812 1395 3864; x_wconf 80' lang='lat' dir='ltr'><strong>advenientem</strong></span> <span class='ocrx_word' id='word_1_241' title='bbox 1441 3808 1730 3862; x_wconf 90' lang='lat' dir='ltr'><strong>Dominum</strong></span> <span class='ocrx_word' id='word_1_242' title='bbox 1756 3808 1895 3863; x_wconf 80' lang='lat' dir='ltr'><strong>facta</strong></span> <span class='ocrx_word' id='word_1_243' title='bbox 1919 3816 2062 3862; x_wconf 90' lang='lat' dir='ltr'><strong>sunt.</strong></span> <span class='ocrx_word' id='word_1_244' title='bbox 2096 3807 2206 3860; x_wconf 85' lang='lat' dir='ltr'><strong>Hac</strong></span> 
     </span>
    </p>
   </div>
   <div class='ocr_carea' id='block_1_40' title="bbox 645 3899 2207 3966">
    <p class='ocr_par' dir='ltr' id='par_1_40' title="bbox 645 3899 2207 3966">
     <span class='ocr_line' id='line_1_40' title="bbox 645 3899 2207 3966; baseline -0.001 -12"><span class='ocrx_word' id='word_1_245' title='bbox 645 3903 711 3954; x_wconf 86' lang='lat' dir='ltr'><strong>de</strong></span> <span class='ocrx_word' id='word_1_246' title='bbox 740 3916 902 3955; x_wconf 79' lang='lat' dir='ltr'><strong>causa</strong></span> <span class='ocrx_word' id='word_1_247' title='bbox 930 3899 1030 3953; x_wconf 75' lang='lat' dir='ltr'><strong>fuit</strong></span> <span class='ocrx_word' id='word_1_248' title='bbox 1062 3909 1218 3954; x_wconf 62' lang='lat' dir='ltr'><strong>terra!</strong></span> <span class='ocrx_word' id='word_1_249' title='bbox 1250 3900 1546 3954; x_wconf 82' lang='lat' dir='ltr'><strong>commotio</strong></span> <span class='ocrx_word' id='word_1_250' title='bbox 1569 3907 1621 3952; x_wconf 91' lang='lat' dir='ltr'><strong>et</strong></span> <span class='ocrx_word' id='word_1_251' title='bbox 1648 3899 1843 3953; x_wconf 84' lang='lat' dir='ltr'><strong>divisio</strong></span> <span class='ocrx_word' id='word_1_252' title='bbox 1873 3900 2057 3952; x_wconf 79' lang='lat' dir='ltr'><strong>maris.</strong></span> <span class='ocrx_word' id='word_1_253' title='bbox 2093 3900 2207 3966; x_wconf 88' lang='lat' dir='ltr'><strong>Ipse</strong></span> 
     </span>
    </p>
   </div>
   <div class='ocr_carea' id='block_1_41' title="bbox 646 3991 2209 4062">
    <p class='ocr_par' dir='ltr' id='par_1_41' title="bbox 646 3991 2209 4062">
     <span class='ocr_line' id='line_1_41' title="bbox 646 3991 2209 4062; baseline -0.001 -17"><span class='ocrx_word' id='word_1_254' title='bbox 646 4008 879 4062; x_wconf 87' lang='lat' dir='ltr'><strong>namque</strong></span> <span class='ocrx_word' id='word_1_255' title='bbox 911 3992 1148 4046; x_wconf 85' lang='lat' dir='ltr'><strong>sterilem</strong></span> <span class='ocrx_word' id='word_1_256' title='bbox 1196 4001 1423 4061; x_wconf 80' lang='lat' dir='ltr'><strong>petram,</strong></span> <span class='ocrx_word' id='word_1_257' title='bbox 1477 4008 1539 4045; x_wconf 92' lang='lat' dir='ltr'><strong>ac</strong></span> <span class='ocrx_word' id='word_1_258' title='bbox 1585 3991 1913 4045; x_wconf 84' lang='lat' dir='ltr'><strong>humiditate</strong></span> <span class='ocrx_word' id='word_1_259' title='bbox 1941 3993 2085 4044; x_wconf 93' lang='lat' dir='ltr'><strong>omni</strong></span> <span class='ocrx_word' id='word_1_260' title='bbox 2123 4009 2209 4044; x_wconf 78' lang='lat' dir='ltr'><strong>va-</strong></span> 
     </span>
    </p>
   </div>
   <div class='ocr_carea' id='block_1_42' title="bbox 647 4081 2210 4152">
    <p class='ocr_par' dir='ltr' id='par_1_42' title="bbox 647 4081 2210 4152">
     <span class='ocr_line' id='line_1_42' title="bbox 647 4081 2210 4152; baseline -0.001 -16"><span class='ocrx_word' id='word_1_261' title='bbox 647 4097 828 4148; x_wconf 89' lang='lat' dir='ltr'><strong>cuam,</strong></span> <span class='ocrx_word' id='word_1_262' title='bbox 860 4099 983 4152; x_wconf 74' lang='lat' dir='ltr'><strong>qua:</strong></span> <span class='ocrx_word' id='word_1_263' title='bbox 1023 4099 1090 4136; x_wconf 90' lang='lat' dir='ltr'><strong>ne</strong></span> <span class='ocrx_word' id='word_1_264' title='bbox 1124 4083 1444 4137; x_wconf 83' lang='lat' dir='ltr'><strong>incisionem</strong></span> <span class='ocrx_word' id='word_1_265' title='bbox 1479 4083 1698 4151; x_wconf 90' lang='lat' dir='ltr'><strong>quidem</strong></span> <span class='ocrx_word' id='word_1_266' title='bbox 1739 4083 1808 4135; x_wconf 85' lang='lat' dir='ltr'><strong>ob</strong></span> <span class='ocrx_word' id='word_1_267' title='bbox 1837 4081 2090 4136; x_wconf 87' lang='lat' dir='ltr'><strong>duritiem</strong></span> <span class='ocrx_word' id='word_1_268' title='bbox 2122 4083 2210 4135; x_wconf 83' lang='lat' dir='ltr'><strong>ad-</strong></span> 
     </span>
    </p>
   </div>
   <div class='ocr_carea' id='block_1_43' title="bbox 648 4172 2210 4243">
    <p class='ocr_par' dir='ltr' id='par_1_43' title="bbox 648 4172 2210 4243">
     <span class='ocr_line' id='line_1_43' title="bbox 648 4172 2210 4243; baseline -0.001 -17"><span class='ocrx_word' id='word_1_269' title='bbox 648 4173 913 4237; x_wconf 90' lang='lat' dir='ltr'><strong>mittebat,</strong></span> <span class='ocrx_word' id='word_1_270' title='bbox 963 4189 1229 4243; x_wconf 86' lang='lat' dir='ltr'><strong>aquarum</strong></span> <span class='ocrx_word' id='word_1_271' title='bbox 1280 4175 1433 4242; x_wconf 78' lang='lat' dir='ltr'><strong>copia</strong></span> <span class='ocrx_word' id='word_1_272' title='bbox 1482 4174 1788 4238; x_wconf 88' lang='lat' dir='ltr'><strong>inundavit,</strong></span> <span class='ocrx_word' id='word_1_273' title='bbox 1831 4172 2104 4241; x_wconf 84' lang='lat' dir='ltr'><strong>jussitque</strong></span> <span class='ocrx_word' id='word_1_274' title='bbox 2153 4182 2210 4226; x_wconf 88' lang='lat' dir='ltr'><strong>ut</strong></span> 
     </span>
    </p>
   </div>
   <div class='ocr_carea' id='block_1_44' title="bbox 649 4262 2212 4334">
    <p class='ocr_par' dir='ltr' id='par_1_44' title="bbox 649 4262 2212 4334">
     <span class='ocr_line' id='line_1_44' title="bbox 649 4262 2212 4334; baseline 0.001 -18"><span class='ocrx_word' id='word_1_275' title='bbox 649 4264 776 4318; x_wconf 87' lang='lat' dir='ltr'><strong>hinc</strong></span> <span class='ocrx_word' id='word_1_276' title='bbox 797 4265 1032 4332; x_wconf 67' lang='lat' dir='ltr'><strong>copiosae</strong></span> <span class='ocrx_word' id='word_1_277' title='bbox 1063 4279 1328 4333; x_wconf 89' lang='lat' dir='ltr'><strong>aquarum</strong></span> <span class='ocrx_word' id='word_1_278' title='bbox 1361 4265 1726 4334; x_wconf 77' lang='lat' dir='ltr'><strong>scaturigines</strong></span> <span class='ocrx_word' id='word_1_279' title='bbox 1755 4272 2092 4317; x_wconf 85' lang='lat' dir='ltr'><strong>emanarent.</strong></span> <span class='ocrx_word' id='word_1_280' title='bbox 2126 4262 2212 4317; x_wconf 80' lang='lat' dir='ltr'><strong>Ni-</strong></span> 
     </span>
    </p>
   </div>
   <div class='ocr_carea' id='block_1_45' title="bbox 650 4354 2209 4425">
    <p class='ocr_par' dir='ltr' id='par_1_45' title="bbox 650 4354 2209 4425">
     <span class='ocr_line' id='line_1_45' title="bbox 650 4354 2209 4425; baseline 0.002 -18"><span class='ocrx_word' id='word_1_281' title='bbox 650 4354 724 4408; x_wconf 88' lang='lat' dir='ltr'><strong>hil</strong></span> <span class='ocrx_word' id='word_1_282' title='bbox 773 4355 959 4424; x_wconf 81' lang='lat' dir='ltr'><strong>igitur,</strong></span> <span class='ocrx_word' id='word_1_283' title='bbox 1008 4355 1103 4422; x_wconf 90' lang='lat' dir='ltr'><strong>ait,</strong></span> <span class='ocrx_word' id='word_1_284' title='bbox 1139 4355 1336 4408; x_wconf 89' lang='lat' dir='ltr'><strong>mirum</strong></span> <span class='ocrx_word' id='word_1_285' title='bbox 1375 4355 1598 4408; x_wconf 80' lang='lat' dir='ltr'><strong>evenit:</strong></span> <span class='ocrx_word' id='word_1_286' title='bbox 1640 4355 1805 4424; x_wconf 89' lang='lat' dir='ltr'><strong>jussit</strong></span> <span class='ocrx_word' id='word_1_287' title='bbox 1847 4355 1989 4408; x_wconf 88' lang='lat' dir='ltr'><strong>enim</strong></span> <span class='ocrx_word' id='word_1_288' title='bbox 2033 4357 2209 4425; x_wconf 73' lang='lat' dir='ltr'><strong>opifex</strong></span> 
     </span>
    </p>
   </div>
   <div class='ocr_carea' id='block_1_46' title="bbox 647 4445 2213 4515">
    <p class='ocr_par' dir='ltr' id='par_1_46' title="bbox 647 4445 2213 4515">
     <span class='ocr_line' id='line_1_46' title="bbox 647 4445 2213 4515; baseline 0 -15"><span class='ocrx_word' id='word_1_289' title='bbox 647 4455 700 4500; x_wconf 88' lang='lat' dir='ltr'><strong>et</strong></span> <span class='ocrx_word' id='word_1_290' title='bbox 733 4445 966 4500; x_wconf 90' lang='lat' dir='ltr'><strong>divisum</strong></span> <span class='ocrx_word' id='word_1_291' title='bbox 991 4456 1072 4499; x_wconf 86' lang='lat' dir='ltr'><strong>est</strong></span> <span class='ocrx_word' id='word_1_292' title='bbox 1111 4461 1280 4510; x_wconf 86' lang='lat' dir='ltr'><strong>mare,</strong></span> <span class='ocrx_word' id='word_1_293' title='bbox 1331 4461 1394 4499; x_wconf 89' lang='lat' dir='ltr'><strong>ac</strong></span> <span class='ocrx_word' id='word_1_294' title='bbox 1439 4459 1708 4515; x_wconf 68' lang='lat' dir='ltr'><strong>prterupta</strong></span> <span class='ocrx_word' id='word_1_295' title='bbox 1745 4456 1892 4515; x_wconf 89' lang='lat' dir='ltr'><strong>petra</strong></span> <span class='ocrx_word' id='word_1_296' title='bbox 1929 4448 2213 4501; x_wconf 89' lang='lat' dir='ltr'><strong>scaturivit</strong></span> 
     </span>
    </p>
   </div>
   <div class='ocr_carea' id='block_1_47' title="bbox 2279 621 3854 697">
    <p class='ocr_par' dir='ltr' id='par_1_47' title="bbox 2279 621 3854 697">
     <span class='ocr_line' id='line_1_47' title="bbox 2279 621 3854 697; baseline 0 -22"><span class='ocrx_word' id='word_1_297' title='bbox 2279 623 2389 675; x_wconf 83' lang='grc' dir='ltr'><strong>ἀλλ’</strong></span> <span class='ocrx_word' id='word_1_298' title='bbox 2419 621 2510 676; x_wconf 72' lang='grc' dir='ltr'>οὖν</span> <span class='ocrx_word' id='word_1_299' title='bbox 2537 626 2630 676; x_wconf 78' lang='grc' dir='ltr'><strong>καὶ</strong></span> <span class='ocrx_word' id='word_1_300' title='bbox 2660 625 2830 688; x_wconf 68' lang='grc' dir='ltr'>οὕτως</span> <span class='ocrx_word' id='word_1_301' title='bbox 2863 627 3070 697; x_wconf 83' lang='grc' dir='ltr'>πλήρης</span> <span class='ocrx_word' id='word_1_302' title='bbox 3104 627 3218 679; x_wconf 71' lang='grc' dir='ltr'>ἐστὶ</span> <span class='ocrx_word' id='word_1_303' title='bbox 3250 628 3396 678; x_wconf 75' lang='grc' dir='ltr'>πᾶσα</span> <span class='ocrx_word' id='word_1_304' title='bbox 3420 627 3452 694; x_wconf 81' lang='grc' dir='ltr'>ἡ</span> <span class='ocrx_word' id='word_1_305' title='bbox 3473 625 3582 694; x_wconf 69' lang='grc' dir='ltr'><strong>γῆλ</strong></span> <span class='ocrx_word' id='word_1_306' title='bbox 3603 626 3692 676; x_wconf 75' lang='grc' dir='ltr'><strong>καὶ</strong></span> <span class='ocrx_word' id='word_1_307' title='bbox 3721 627 3854 677; x_wconf 75' lang='grc' dir='ltr'>ἀπο-</span> 
     </span>
    </p>
   </div>
   <div class='ocr_carea' id='block_1_48' title="bbox 2280 713 3111 787">
    <p class='ocr_par' dir='ltr' id='par_1_48' title="bbox 2280 713 3111 787">
     <span class='ocr_line' id='line_1_48' title="bbox 2280 713 3111 787; baseline 0.008 -23"><span class='ocrx_word' id='word_1_308' title='bbox 2280 713 2429 768; x_wconf 74' lang='grc' dir='ltr'>λαύει</span> <span class='ocrx_word' id='word_1_309' title='bbox 2460 716 2555 786; x_wconf 76' lang='grc' dir='ltr'>τῆς</span> <span class='ocrx_word' id='word_1_310' title='bbox 2588 719 2893 787; x_wconf 71' lang='grc' dir='ltr'>ἐπισκοπῆς</span> <span class='ocrx_word' id='word_1_311' title='bbox 2927 718 3111 771; x_wconf 79' lang='grc' dir='ltr'>αὑτοῦ.</span> 
     </span>
    </p>
   </div>
   <div class='ocr_carea' id='block_1_49' title="bbox 2358 805 3855 879">
    <p class='ocr_par' dir='ltr' id='par_1_49' title="bbox 2358 805 3855 879">
     <span class='ocr_line' id='line_1_49' title="bbox 2358 805 3855 879; baseline -0.002 -19"><span class='ocrx_word' id='word_1_312' title='bbox 2358 808 2420 860; x_wconf 85' lang='lat'><strong>&#39;0</strong></span> <span class='ocrx_word' id='word_1_313' title='bbox 2458 808 2700 879; x_wconf 78' lang='grc' dir='ltr'><strong>ἐγείρων</strong></span> <span class='ocrx_word' id='word_1_314' title='bbox 2751 808 2869 861; x_wconf 74' lang='grc' dir='ltr'><strong>ἀπὸ</strong></span> <span class='ocrx_word' id='word_1_315' title='bbox 2925 807 3034 878; x_wconf 74' lang='grc' dir='ltr'>γῆς</span> <span class='ocrx_word' id='word_1_316' title='bbox 3099 810 3352 879; x_wconf 79' lang='grc' dir='ltr'>πτωχόν.</span> <span class='ocrx_word' id='word_1_317' title='bbox 3414 807 3516 860; x_wconf 86' lang='grc' dir='ltr'>Τὸν</span> <span class='ocrx_word' id='word_1_318' title='bbox 3569 805 3676 858; x_wconf 81' lang='grc' dir='ltr'>τῶν</span> <span class='ocrx_word' id='word_1_319' title='bbox 3692 805 3855 858; x_wconf 77' lang='grc' dir='ltr'>ἐθνῶν</span> 
     </span>
    </p>
   </div>
   <div class='ocr_carea' id='block_1_50' title="bbox 2277 899 2694 969">
    <p class='ocr_par' dir='ltr' id='par_1_50' title="bbox 2277 899 2694 969">
     <span class='ocr_line' id='line_1_50' title="bbox 2277 899 2694 969; baseline 0.005 -17"><span class='ocrx_word' id='word_1_320' title='bbox 2277 899 2515 969; x_wconf 86' lang='grc' dir='ltr'>δηλονότι</span> <span class='ocrx_word' id='word_1_321' title='bbox 2548 900 2694 955; x_wconf 87' lang='grc' dir='ltr'>λαόν.</span> 
     </span>
    </p>
   </div>
   <div class='ocr_carea' id='block_1_51' title="bbox 2361 991 3855 1063">
    <p class='ocr_par' dir='ltr' id='par_1_51' title="bbox 2361 991 3855 1063">
     <span class='ocr_line' id='line_1_51' title="bbox 2361 991 3855 1063; baseline -0.001 -20"><span class='ocrx_word' id='word_1_322' title='bbox 2361 991 2423 1043; x_wconf 83' lang='lat'><strong>&#39;0</strong></span> <span class='ocrx_word' id='word_1_323' title='bbox 2445 991 2784 1050; x_wconf 79' lang='grc' dir='ltr'><strong>κατοικίζων</strong></span> <span class='ocrx_word' id='word_1_324' title='bbox 2802 993 3049 1059; x_wconf 70' lang='grc' dir='ltr'>στεῖραν</span> <span class='ocrx_word' id='word_1_325' title='bbox 3073 991 3143 1044; x_wconf 79' lang='grc' dir='ltr'>ἐν</span> <span class='ocrx_word' id='word_1_326' title='bbox 3162 992 3324 1056; x_wconf 80' lang='grc' dir='ltr'>οἴκῳ.</span> <span class='ocrx_word' id='word_1_327' title='bbox 3353 991 3549 1063; x_wconf 81' lang='grc' dir='ltr'>Στείρα</span> <span class='ocrx_word' id='word_1_328' title='bbox 3575 991 3673 1060; x_wconf 81' lang='grc' dir='ltr'><strong>μὲν</strong></span> <span class='ocrx_word' id='word_1_329' title='bbox 3694 993 3727 1060; x_wconf 80' lang='grc' dir='ltr'>ἡ</span> <span class='ocrx_word' id='word_1_330' title='bbox 3751 991 3855 1042; x_wconf 78' lang='grc' dir='ltr'>τῶν</span> 
     </span>
    </p>
   </div>
   <div class='ocr_carea' id='block_1_52' title="bbox 2283 1080 3853 1152">
    <p class='ocr_par' dir='ltr' id='par_1_52' title="bbox 2283 1080 3853 1152">
     <span class='ocr_line' id='line_1_52' title="bbox 2283 1080 3853 1152; baseline 0 -18"><span class='ocrx_word' id='word_1_331' title='bbox 2283 1082 2449 1135; x_wconf 81' lang='grc' dir='ltr'>ἐθνῶν</span> <span class='ocrx_word' id='word_1_332' title='bbox 2499 1083 2707 1152; x_wconf 81' lang='grc' dir='ltr'>πληθὺς</span> <span class='ocrx_word' id='word_1_333' title='bbox 2733 1123 2746 1146; x_wconf 89' lang='grc'><strong>,</strong></span> <span class='ocrx_word' id='word_1_334' title='bbox 2795 1084 2916 1152; x_wconf 83' lang='grc' dir='ltr'>ἦτις</span> <span class='ocrx_word' id='word_1_335' title='bbox 2948 1084 3040 1136; x_wconf 75' lang='grc' dir='ltr'>καὶ</span> <span class='ocrx_word' id='word_1_336' title='bbox 3071 1080 3216 1145; x_wconf 82' lang='grc' dir='ltr'>οἶκος</span> <span class='ocrx_word' id='word_1_337' title='bbox 3249 1084 3438 1151; x_wconf 83' lang='grc' dir='ltr'>γέγονε</span> <span class='ocrx_word' id='word_1_338' title='bbox 3471 1083 3853 1152; x_wconf 71' lang='grc' dir='ltr'>πνευματικὸς,</span> 
     </span>
    </p>
   </div>
   <div class='ocr_carea' id='block_1_53' title="bbox 2284 1173 3856 1247">
    <p class='ocr_par' dir='ltr' id='par_1_53' title="bbox 2284 1173 3856 1247">
     <span class='ocr_line' id='line_1_53' title="bbox 2284 1173 3856 1247; baseline -0.001 -21"><span class='ocrx_word' id='word_1_339' title='bbox 2284 1175 2379 1226; x_wconf 62' lang='lat' dir='ltr'><strong>an:</strong></span> <span class='ocrx_word' id='word_1_340' title='bbox 2409 1175 2498 1227; x_wconf 76' lang='grc' dir='ltr'><strong>τὸν</strong></span> <span class='ocrx_word' id='word_1_341' title='bbox 2530 1175 2731 1247; x_wconf 82' lang='grc' dir='ltr'>Κύριον</span> <span class='ocrx_word' id='word_1_342' title='bbox 2763 1175 2964 1228; x_wconf 82' lang='grc' dir='ltr'>ἐνοικον</span> <span class='ocrx_word' id='word_1_343' title='bbox 2992 1176 3207 1246; x_wconf 82' lang='grc' dir='ltr'>ἔχουσα.</span> <span class='ocrx_word' id='word_1_344' title='bbox 3271 1176 3464 1244; x_wconf 83' lang='grc' dir='ltr'>Γέγονε</span> <span class='ocrx_word' id='word_1_345' title='bbox 3503 1176 3559 1228; x_wconf 82' lang='grc' dir='ltr'>δὲ</span> <span class='ocrx_word' id='word_1_346' title='bbox 3593 1176 3690 1227; x_wconf 78' lang='grc' dir='ltr'>καὶ</span> <span class='ocrx_word' id='word_1_347' title='bbox 3730 1173 3856 1226; x_wconf 87' lang='grc' dir='ltr'>πολ-</span> 
     </span>
    </p>
   </div>
   <div class='ocr_carea' id='block_1_54' title="bbox 2283 1265 3860 1338">
    <p class='ocr_par' dir='ltr' id='par_1_54' title="bbox 2283 1265 3860 1338">
     <span class='ocr_line' id='line_1_54' title="bbox 2283 1265 3860 1338; baseline 0.001 -22"><span class='ocrx_word' id='word_1_348' title='bbox 2283 1265 2388 1319; x_wconf 84' lang='grc' dir='ltr'>λῶν</span> <span class='ocrx_word' id='word_1_349' title='bbox 2419 1266 2620 1318; x_wconf 83' lang='grc' dir='ltr'>τέκνων</span> <span class='ocrx_word' id='word_1_350' title='bbox 2651 1267 2829 1338; x_wconf 78' lang='grc' dir='ltr'>μήτηρ</span> <span class='ocrx_word' id='word_1_351' title='bbox 2859 1268 2972 1337; x_wconf 83' lang='grc' dir='ltr'>μετ’</span> <span class='ocrx_word' id='word_1_352' title='bbox 2999 1267 3353 1337; x_wconf 73' lang='grc' dir='ltr'>εὐφροσύνης.</span> <span class='ocrx_word' id='word_1_353' title='bbox 3394 1265 3599 1337; x_wconf 80' lang='grc' dir='ltr'>Ἐσώθη</span> <span class='ocrx_word' id='word_1_354' title='bbox 3629 1267 3739 1336; x_wconf 74' lang='grc' dir='ltr'>γὰρ</span> <span class='ocrx_word' id='word_1_355' title='bbox 3768 1267 3860 1317; x_wconf 74' lang='grc' dir='ltr'><strong>αὖ-</strong></span> 
     </span>
    </p>
   </div>
   <div class='ocr_carea' id='block_1_55' title="bbox 2286 1357 3857 1430">
    <p class='ocr_par' dir='ltr' id='par_1_55' title="bbox 2286 1357 3857 1430">
     <span class='ocr_line' id='line_1_55' title="bbox 2286 1357 3857 1430; baseline -0.001 -21"><span class='ocrx_word' id='word_1_356' title='bbox 2286 1358 2383 1427; x_wconf 82' lang='grc' dir='ltr'>τῆς</span> <span class='ocrx_word' id='word_1_357' title='bbox 2411 1359 2477 1410; x_wconf 86' lang='grc' dir='ltr'>τὰ</span> <span class='ocrx_word' id='word_1_358' title='bbox 2502 1359 2665 1411; x_wconf 81' lang='grc' dir='ltr'>τέκνα</span> <span class='ocrx_word' id='word_1_359' title='bbox 2684 1358 2772 1411; x_wconf 77' lang='grc' dir='ltr'>διὰ</span> <span class='ocrx_word' id='word_1_360' title='bbox 2798 1359 2896 1427; x_wconf 81' lang='grc' dir='ltr'>τῆς</span> <span class='ocrx_word' id='word_1_361' title='bbox 2920 1359 3152 1421; x_wconf 83' lang='grc' dir='ltr'>πίστεως</span> <span class='ocrx_word' id='word_1_362' title='bbox 3178 1359 3274 1429; x_wconf 79' lang='grc' dir='ltr'>τῆς</span> <span class='ocrx_word' id='word_1_363' title='bbox 3303 1360 3381 1422; x_wconf 86' lang='grc' dir='ltr'>εἰς</span> <span class='ocrx_word' id='word_1_364' title='bbox 3419 1357 3670 1430; x_wconf 79' lang='grc' dir='ltr'>Χριστόν.</span> <span class='ocrx_word' id='word_1_365' title='bbox 3707 1358 3857 1425; x_wconf 75' lang='grc' dir='ltr'>Ἔχει</span> 
     </span>
    </p>
   </div>
   <div class='ocr_carea' id='block_1_56' title="bbox 2286 1448 3858 1520">
    <p class='ocr_par' dir='ltr' id='par_1_56' title="bbox 2286 1448 3858 1520">
     <span class='ocr_line' id='line_1_56' title="bbox 2286 1448 3858 1520; baseline -0.002 -19"><span class='ocrx_word' id='word_1_366' title='bbox 2286 1449 2342 1501; x_wconf 81' lang='grc' dir='ltr'><strong>δέ</strong></span> <span class='ocrx_word' id='word_1_367' title='bbox 2372 1467 2492 1502; x_wconf 80' lang='grc' dir='ltr'>τινα</span> <span class='ocrx_word' id='word_1_368' title='bbox 2533 1451 2624 1502; x_wconf 70' lang='grc' dir='ltr'><strong>καὶ</strong></span> <span class='ocrx_word' id='word_1_369' title='bbox 2653 1449 3052 1518; x_wconf 78' lang='grc' dir='ltr'>ἀντιδιαστολὴν</span> <span class='ocrx_word' id='word_1_370' title='bbox 3103 1450 3235 1519; x_wconf 78' lang='grc' dir='ltr'>πρὸς</span> <span class='ocrx_word' id='word_1_371' title='bbox 3260 1449 3357 1520; x_wconf 83' lang='grc' dir='ltr'>τὴν</span> <span class='ocrx_word' id='word_1_372' title='bbox 3390 1448 3709 1519; x_wconf 76' lang='grc' dir='ltr'>συναγωγὴν</span> <span class='ocrx_word' id='word_1_373' title='bbox 3734 1487 3748 1510; x_wconf 91' lang='grc'><strong>,</strong></span> <span class='ocrx_word' id='word_1_374' title='bbox 3779 1449 3858 1499; x_wconf 74' lang='grc' dir='ltr'><strong>ὅτι</strong></span> 
     </span>
    </p>
   </div>
   <div class='ocr_carea' id='block_1_57' title="bbox 2289 1539 3860 1611">
    <p class='ocr_par' dir='ltr' id='par_1_57' title="bbox 2289 1539 3860 1611">
     <span class='ocr_line' id='line_1_57' title="bbox 2289 1539 3860 1611; baseline -0.001 -20"><span class='ocrx_word' id='word_1_375' title='bbox 2289 1541 2469 1610; x_wconf 79' lang='grc' dir='ltr'>ἐκείνη</span> <span class='ocrx_word' id='word_1_376' title='bbox 2501 1541 2599 1592; x_wconf 82' lang='grc' dir='ltr'><strong>οὐκ</strong></span> <span class='ocrx_word' id='word_1_377' title='bbox 2627 1540 2901 1611; x_wconf 74' lang='grc' dir='ltr'><strong>εὐφράνθη</strong></span> <span class='ocrx_word' id='word_1_378' title='bbox 2933 1541 3024 1592; x_wconf 76' lang='grc' dir='ltr'><strong>ἐπὶ</strong></span> <span class='ocrx_word' id='word_1_379' title='bbox 3066 1543 3178 1602; x_wconf 82' lang='grc' dir='ltr'>τοῖς</span> <span class='ocrx_word' id='word_1_380' title='bbox 3203 1541 3444 1603; x_wconf 81' lang='grc' dir='ltr'>τέκνοις,</span> <span class='ocrx_word' id='word_1_381' title='bbox 3491 1541 3584 1594; x_wconf 82' lang='grc' dir='ltr'>ἆτε</span> <span class='ocrx_word' id='word_1_382' title='bbox 3617 1539 3860 1608; x_wconf 57' lang='grc' dir='ltr'>ἀπωλείᾳ.</span> 
     </span>
    </p>
   </div>
   <div class='ocr_carea' id='block_1_58' title="bbox 2292 1633 2762 1704">
    <p class='ocr_par' dir='ltr' id='par_1_58' title="bbox 2292 1633 2762 1704">
     <span class='ocr_line' id='line_1_58' title="bbox 2292 1633 2762 1704; baseline 0.004 -21"><span class='ocrx_word' id='word_1_383' title='bbox 2292 1649 2365 1684; x_wconf 87' lang='grc' dir='ltr'><strong>πα</strong></span> <span class='ocrx_word' id='word_1_384' title='bbox 2371 1633 2762 1704; x_wconf 81' lang='grc' dir='ltr'>ραδεδομένοις.</span> 
     </span>
    </p>
   </div>
   <div class='ocr_carea' id='block_1_59' title="bbox 2618 1785 3562 1838">
    <p class='ocr_par' dir='ltr' id='par_1_59' title="bbox 2618 1785 3562 1838">
     <span class='ocr_line' id='line_1_59' title="bbox 2618 1785 3562 1838; baseline -0.001 0"><span class='ocrx_word' id='word_1_385' title='bbox 2618 1787 2915 1838; x_wconf 75' lang='grc' dir='ltr'><strong>ΨΑΛΜΟΣ</strong></span> <span class='ocrx_word' id='word_1_386' title='bbox 2947 1787 3111 1838; x_wconf 78' lang='lat' dir='ltr'><strong><em>PII&quot;.</em></strong></span> <span class='ocrx_word' id='word_1_387' title='bbox 3194 1785 3562 1838; x_wconf 64' lang='lat' dir='ltr'><strong>&#39;AJJnJoéi’a.</strong></span> 
     </span>
    </p>
   </div>
   <div class='ocr_carea' id='block_1_60' title="bbox 2916 1943 3247 2006">
    <p class='ocr_par' dir='ltr' id='par_1_60' title="bbox 2916 1943 3247 2006">
     <span class='ocr_line' id='line_1_60' title="bbox 2916 1943 3247 2006; baseline 0.003 -13"><span class='ocrx_word' id='word_1_388' title='bbox 2916 1944 2927 1959; x_wconf 87' lang='lat'>&#39;</span> <span class='ocrx_word' id='word_1_389' title='bbox 2942 1943 3247 2006; x_wconf 74' lang='grc' dir='ltr'>Γπόθεσις.</span> 
     </span>
    </p>
   </div>
   <div class='ocr_carea' id='block_1_61' title="bbox 2295 2065 3863 2149">
    <p class='ocr_par' dir='ltr' id='par_1_61' title="bbox 2295 2065 3863 2149">
     <span class='ocr_line' id='line_1_61' title="bbox 2295 2065 3863 2149; baseline -0.003 -16"><span class='ocrx_word' id='word_1_390' title='bbox 2295 2065 2403 2134; x_wconf 76' lang='grc' dir='ltr'>καὶ</span> <span class='ocrx_word' id='word_1_391' title='bbox 2435 2081 2491 2134; x_wconf 83' lang='grc' dir='ltr'><strong>ἐν</strong></span> <span class='ocrx_word' id='word_1_392' title='bbox 2523 2079 2698 2149; x_wconf 78' lang='grc' dir='ltr'>τούτῳ</span> <span class='ocrx_word' id='word_1_393' title='bbox 2741 2080 2772 2148; x_wconf 85' lang='grc' dir='ltr'><strong>ἡ</strong></span> <span class='ocrx_word' id='word_1_394' title='bbox 2813 2076 3001 2146; x_wconf 84' lang='grc' dir='ltr'>κλῆσις</span> <span class='ocrx_word' id='word_1_395' title='bbox 3044 2075 3150 2128; x_wconf 83' lang='grc' dir='ltr'><strong>τῶν</strong></span> <span class='ocrx_word' id='word_1_396' title='bbox 3179 2075 3349 2129; x_wconf 80' lang='grc' dir='ltr'>ἐθνῶν</span> <span class='ocrx_word' id='word_1_397' title='bbox 3376 2074 3863 2145; x_wconf 80' lang='grc' dir='ltr'>κατασημαίνεται.</span> 
     </span>
    </p>
   </div>
   <div class='ocr_carea' id='block_1_62' title="bbox 2364 2162 3869 2236">
    <p class='ocr_par' dir='ltr' id='par_1_62' title="bbox 2364 2162 3869 2236">
     <span class='ocr_line' id='line_1_62' title="bbox 2364 2162 3869 2236; baseline -0.004 -16"><span class='ocrx_word' id='word_1_398' title='bbox 2364 2169 2688 2222; x_wconf 76' lang='grc' dir='ltr'>Διδασκαλία</span> <span class='ocrx_word' id='word_1_399' title='bbox 2716 2183 2773 2218; x_wconf 87' lang='grc' dir='ltr'><strong>τε</strong></span> <span class='ocrx_word' id='word_1_400' title='bbox 2800 2166 2935 2236; x_wconf 70' lang='grc' dir='ltr'>πρὸς</span> <span class='ocrx_word' id='word_1_401' title='bbox 2966 2164 3121 2217; x_wconf 81' lang='grc' dir='ltr'>τοῦτο</span> <span class='ocrx_word' id='word_1_402' title='bbox 3146 2165 3326 2226; x_wconf 77' lang='grc' dir='ltr'>αὐτοῖς</span> <span class='ocrx_word' id='word_1_403' title='bbox 3375 2166 3488 2226; x_wconf 85' lang='grc' dir='ltr'>τοῖς</span> <span class='ocrx_word' id='word_1_404' title='bbox 3542 2162 3869 2232; x_wconf 79' lang='grc' dir='ltr'><strong>σωζομένοις</strong></span> 
     </span>
    </p>
   </div>
   <div class='ocr_carea' id='block_1_63' title="bbox 2365 2247 3871 2327">
    <p class='ocr_par' dir='ltr' id='par_1_63' title="bbox 2365 2247 3871 2327">
     <span class='ocr_line' id='line_1_63' title="bbox 2365 2247 3871 2327; baseline -0.004 -16"><span class='ocrx_word' id='word_1_405' title='bbox 2365 2261 2458 2312; x_wconf 80' lang='grc' dir='ltr'><strong>ἐπὶ</strong></span> <span class='ocrx_word' id='word_1_406' title='bbox 2499 2259 2575 2327; x_wconf 82' lang='grc' dir='ltr'>τῷ</span> <span class='ocrx_word' id='word_1_407' title='bbox 2609 2259 2702 2311; x_wconf 75' lang='grc' dir='ltr'>καὶ</span> <span class='ocrx_word' id='word_1_408' title='bbox 2733 2256 2830 2325; x_wconf 85' lang='grc' dir='ltr'>τὴν</span> <span class='ocrx_word' id='word_1_409' title='bbox 2857 2254 3098 2308; x_wconf 77' lang='grc' dir='ltr'>Παλαιὰν</span> <span class='ocrx_word' id='word_1_410' title='bbox 3131 2255 3325 2306; x_wconf 76' lang='grc' dir='ltr'>εἰδέναι</span> <span class='ocrx_word' id='word_1_411' title='bbox 3361 2253 3633 2323; x_wconf 75' lang='grc' dir='ltr'>Διαθήκην</span> <span class='ocrx_word' id='word_1_412' title='bbox 3653 2294 3666 2314; x_wconf 82' lang='grc'><strong>,</strong></span> <span class='ocrx_word' id='word_1_413' title='bbox 3702 2247 3871 2305; x_wconf 76' lang='grc' dir='ltr'>οὖσαν</span> 
     </span>
    </p>
   </div>
   <div class='ocr_carea' id='block_1_64' title="bbox 2365 2343 3871 2416">
    <p class='ocr_par' dir='ltr' id='par_1_64' title="bbox 2365 2343 3871 2416">
     <span class='ocr_line' id='line_1_64' title="bbox 2365 2343 3871 2416; baseline -0.004 -14"><span class='ocrx_word' id='word_1_414' title='bbox 2365 2350 2499 2402; x_wconf 82' lang='grc' dir='ltr'><strong>Θεοῦ</strong></span> <span class='ocrx_word' id='word_1_415' title='bbox 2523 2389 2535 2411; x_wconf 91' lang='grc'><strong>,</strong></span> <span class='ocrx_word' id='word_1_416' title='bbox 2569 2350 2661 2400; x_wconf 71' lang='grc' dir='ltr'><strong>καὶ</strong></span> <span class='ocrx_word' id='word_1_417' title='bbox 2687 2345 3084 2416; x_wconf 77' lang='grc' dir='ltr'>τὴν-προτέραν</span> <span class='ocrx_word' id='word_1_418' title='bbox 3133 2344 3398 2414; x_wconf 73' lang='grc' dir='ltr'><strong>σωτηρίαν</strong></span> <span class='ocrx_word' id='word_1_419' title='bbox 3429 2343 3521 2396; x_wconf 80' lang='grc' dir='ltr'><strong>τοῦ</strong></span> <span class='ocrx_word' id='word_1_420' title='bbox 3555 2346 3618 2396; x_wconf 84' lang='grc' dir='ltr'><strong>ἐκ</strong></span> <span class='ocrx_word' id='word_1_421' title='bbox 3655 2361 3871 2416; x_wconf 80' lang='grc' dir='ltr'>περιτο-</span> 
     </span>
    </p>
   </div>
   <div class='ocr_carea' id='block_1_65' title="bbox 2372 2436 3556 2512">
    <p class='ocr_par' dir='ltr' id='par_1_65' title="bbox 2372 2436 3556 2512">
     <span class='ocr_line' id='line_1_65' title="bbox 2372 2436 3556 2512; baseline -0.04 21"><span class='ocrx_word' id='word_1_422' title='bbox 2372 2444 2476 2512; x_wconf 62' lang='grc' dir='ltr'><strong>μῆς</strong></span> <span class='ocrx_word' id='word_1_423' title='bbox 2509 2440 2668 2505; x_wconf 66' lang='grc' dir='ltr'><strong>λαοδν</strong></span> <span class='ocrx_word' id='word_1_424' title='bbox 2703 2438 2789 2490; x_wconf 60' lang='grc' dir='ltr'>διὰ</span> <span class='ocrx_word' id='word_1_425' title='bbox 2815 2436 2908 2489; x_wconf 70' lang='grc' dir='ltr'>τοῦ</span> <span class='ocrx_word' id='word_1_426' title='bbox 2936 2436 3137 2506; x_wconf 75' lang='grc' dir='ltr'>Κυρίου</span> <span class='ocrx_word' id='word_1_427' title='bbox 3167 2436 3556 2505; x_wconf 78' lang='grc' dir='ltr'>γεγενημένην.</span> 
     </span>
    </p>
   </div>
   <div class='ocr_carea' id='block_1_66' title="bbox 2380 2525 3875 2597">
    <p class='ocr_par' dir='ltr' id='par_1_66' title="bbox 2380 2525 3875 2597">
     <span class='ocr_line' id='line_1_66' title="bbox 2380 2525 3875 2597; baseline -0.006 -11"><span class='ocrx_word' id='word_1_428' title='bbox 2380 2536 2474 2586; x_wconf 76' lang='grc' dir='ltr'><em>Ἐν</em></span> <span class='ocrx_word' id='word_1_429' title='bbox 2496 2531 2681 2597; x_wconf 78' lang='grc' dir='ltr'>ἐξόδῳ</span> <span class='ocrx_word' id='word_1_430' title='bbox 2717 2529 2956 2595; x_wconf 66' lang='grc' dir='ltr'>Ἰσραήλ</span> <span class='ocrx_word' id='word_1_431' title='bbox 2986 2571 2997 2582; x_wconf 96' lang='grc'><em>,</em></span> <span class='ocrx_word' id='word_1_432' title='bbox 3025 2569 3037 2580; x_wconf 94' lang='grc'><strong>.</strong></span> <span class='ocrx_word' id='word_1_433' title='bbox 3065 2564 3078 2581; x_wconf 94' lang='grc'><strong>.</strong></span> <span class='ocrx_word' id='word_1_434' title='bbox 3107 2567 3120 2580; x_wconf 99' lang='grc'><strong>.</strong></span> <span class='ocrx_word' id='word_1_435' title='bbox 3150 2568 3161 2578; x_wconf 95' lang='grc'><strong>.</strong></span> <span class='ocrx_word' id='word_1_436' title='bbox 3191 2567 3204 2579; x_wconf 93' lang='grc'><strong>.</strong></span> <span class='ocrx_word' id='word_1_437' title='bbox 3233 2566 3246 2579; x_wconf 93' lang='grc'><strong>.</strong></span> <span class='ocrx_word' id='word_1_438' title='bbox 3273 2566 3285 2579; x_wconf 96' lang='grc'><strong>.</strong></span> <span class='ocrx_word' id='word_1_439' title='bbox 3315 2567 3328 2580; x_wconf 93' lang='grc'><strong>.</strong></span> <span class='ocrx_word' id='word_1_440' title='bbox 3355 2566 3372 2581; x_wconf 87' lang='grc'><strong>.</strong></span> <span class='ocrx_word' id='word_1_441' title='bbox 3406 2525 3690 2594; x_wconf 72' lang='grc' dir='ltr'>Ἐγενήθη</span> <span class='ocrx_word' id='word_1_442' title='bbox 3732 2526 3843 2578; x_wconf 81' lang='grc' dir='ltr'><strong>’Ῐου</strong></span> <span class='ocrx_word' id='word_1_443' title='bbox 3864 2550 3875 2558; x_wconf 88' lang='grc'><strong><em>-</em></strong></span> 
     </span>
    </p>
   </div>
   <div class='ocr_carea' id='block_1_67' title="bbox 2297 2617 3876 2690">
    <p class='ocr_par' dir='ltr' id='par_1_67' title="bbox 2297 2617 3876 2690">
     <span class='ocr_line' id='line_1_67' title="bbox 2297 2617 3876 2690; baseline -0.006 -12"><span class='ocrx_word' id='word_1_444' title='bbox 2297 2627 2435 2679; x_wconf 59' lang='lat' dir='ltr'><strong>data</strong></span> <span class='ocrx_word' id='word_1_445' title='bbox 2472 2625 2734 2690; x_wconf 76' lang='grc' dir='ltr'>ἁγίασμα</span> <span class='ocrx_word' id='word_1_446' title='bbox 2767 2620 2971 2672; x_wconf 85' lang='grc' dir='ltr'>αὑτοῦ.</span> <span class='ocrx_word' id='word_1_447' title='bbox 3030 2619 3157 2669; x_wconf 85' lang='grc' dir='ltr'>Ὅτε</span> <span class='ocrx_word' id='word_1_448' title='bbox 3180 2657 3192 2678; x_wconf 87' lang='grc'><strong>,</strong></span> <span class='ocrx_word' id='word_1_449' title='bbox 3233 2618 3395 2686; x_wconf 67' lang='grc' dir='ltr'>φησὶν</span> <span class='ocrx_word' id='word_1_450' title='bbox 3415 2656 3430 2676; x_wconf 93' lang='lat'><strong>,</strong></span> <span class='ocrx_word' id='word_1_451' title='bbox 3458 2617 3744 2686; x_wconf 76' lang='grc' dir='ltr'><strong>ἀπηλλάγη</strong></span> <span class='ocrx_word' id='word_1_452' title='bbox 3771 2618 3876 2684; x_wconf 72' lang='grc' dir='ltr'>τῆς</span> 
     </span>
    </p>
   </div>
   <div class='ocr_carea' id='block_1_68' title="bbox 2298 2707 3875 2783">
    <p class='ocr_par' dir='ltr' id='par_1_68' title="bbox 2298 2707 3875 2783">
     <span class='ocr_line' id='line_1_68' title="bbox 2298 2707 3875 2783; baseline -0.008 -13"><span class='ocrx_word' id='word_1_453' title='bbox 2298 2717 2405 2770; x_wconf 81' lang='grc' dir='ltr'>τῶν</span> <span class='ocrx_word' id='word_1_454' title='bbox 2460 2712 2768 2783; x_wconf 78' lang='grc' dir='ltr'>Αἰγυπτίων</span> <span class='ocrx_word' id='word_1_455' title='bbox 2817 2709 3092 2770; x_wconf 73' lang='grc' dir='ltr'><strong>δουλείας·</strong></span> <span class='ocrx_word' id='word_1_456' title='bbox 3123 2709 3244 2759; x_wconf 82' lang='grc' dir='ltr'>τότε</span> <span class='ocrx_word' id='word_1_457' title='bbox 3279 2710 3312 2777; x_wconf 80' lang='grc' dir='ltr'>ἡ</span> <span class='ocrx_word' id='word_1_458' title='bbox 3357 2707 3580 2760; x_wconf 82' lang='grc' dir='ltr'>Ἰουδαία</span> <span class='ocrx_word' id='word_1_459' title='bbox 3624 2709 3875 2776; x_wconf 76' lang='grc' dir='ltr'>ἁγίασμα</span> 
     </span>
    </p>
   </div>
   <div class='ocr_carea' id='block_1_69' title="bbox 2299 2791 3873 2868">
    <p class='ocr_par' dir='ltr' id='par_1_69' title="bbox 2299 2791 3873 2868">
     <span class='ocr_line' id='line_1_69' title="bbox 2299 2791 3873 2868; baseline -0.005 -12"><span class='ocrx_word' id='word_1_460' title='bbox 2299 2801 2461 2857; x_wconf 81' lang='grc' dir='ltr'>αὑτοῦ</span> <span class='ocrx_word' id='word_1_461' title='bbox 2495 2801 2734 2868; x_wconf 79' lang='grc' dir='ltr'>γέγονεν.</span> <span class='ocrx_word' id='word_1_462' title='bbox 2801 2797 2912 2849; x_wconf 79' lang='grc' dir='ltr'>Οὐκ</span> <span class='ocrx_word' id='word_1_463' title='bbox 2954 2795 3118 2849; x_wconf 76' lang='grc' dir='ltr'>αὑτοῦ</span> <span class='ocrx_word' id='word_1_464' title='bbox 3162 2795 3218 2847; x_wconf 83' lang='grc' dir='ltr'>δὲ</span> <span class='ocrx_word' id='word_1_465' title='bbox 3263 2795 3474 2865; x_wconf 78' lang='grc' dir='ltr'>Ἰσραὴλ</span> <span class='ocrx_word' id='word_1_466' title='bbox 3519 2791 3651 2865; x_wconf 82' lang='grc' dir='ltr'>ἦρξε</span> <span class='ocrx_word' id='word_1_467' title='bbox 3686 2795 3873 2865; x_wconf 57' lang='grc' dir='ltr'>μόνον,</span> 
     </span>
    </p>
   </div>
   <div class='ocr_carea' id='block_1_70' title="bbox 2300 2884 3872 2958">
    <p class='ocr_par' dir='ltr' id='par_1_70' title="bbox 2300 2884 3872 2958">
     <span class='ocr_line' id='line_1_70' title="bbox 2300 2884 3872 2958; baseline -0.003 -15"><span class='ocrx_word' id='word_1_468' title='bbox 2300 2889 2435 2943; x_wconf 76' lang='grc' dir='ltr'>ἀλλὰ</span> <span class='ocrx_word' id='word_1_469' title='bbox 2467 2888 2558 2942; x_wconf 90' lang='grc' dir='ltr'><strong>νῦν</strong></span> <span class='ocrx_word' id='word_1_470' title='bbox 2579 2928 2592 2950; x_wconf 90' lang='grc'><strong>,</strong></span> <span class='ocrx_word' id='word_1_471' title='bbox 2623 2887 2784 2958; x_wconf 76' lang='grc' dir='ltr'>φησὶν</span> <span class='ocrx_word' id='word_1_472' title='bbox 2805 2925 2818 2947; x_wconf 87' lang='grc'><strong>,</strong></span> <span class='ocrx_word' id='word_1_473' title='bbox 2846 2887 2925 2948; x_wconf 85' lang='grc' dir='ltr'>εἰς</span> <span class='ocrx_word' id='word_1_474' title='bbox 2963 2885 3137 2938; x_wconf 84' lang='grc' dir='ltr'>πάντα</span> <span class='ocrx_word' id='word_1_475' title='bbox 3163 2884 3229 2937; x_wconf 75' lang='grc' dir='ltr'>τὰ</span> <span class='ocrx_word' id='word_1_476' title='bbox 3252 2884 3375 2956; x_wconf 79' lang='grc' dir='ltr'>ἔθνη</span> <span class='ocrx_word' id='word_1_477' title='bbox 3409 2887 3440 2955; x_wconf 78' lang='grc' dir='ltr'><strong>η</strong></span> <span class='ocrx_word' id='word_1_478' title='bbox 3468 2885 3626 2955; x_wconf 76' lang='grc' dir='ltr'>χάρις</span> <span class='ocrx_word' id='word_1_479' title='bbox 3647 2885 3872 2938; x_wconf 73' lang='grc' dir='ltr'>δίδοταῖ.</span> 
     </span>
    </p>
   </div>
   <div class='ocr_carea' id='block_1_71' title="bbox 2374 3060 3881 3131">
    <p class='ocr_par' dir='ltr' id='par_1_71' title="bbox 2374 3060 3881 3131">
     <span class='ocr_line' id='line_1_71' title="bbox 2374 3060 3881 3131; baseline -0.002 -15"><span class='ocrx_word' id='word_1_480' title='bbox 2374 3062 2452 3117; x_wconf 84' lang='grc' dir='ltr'><em>Τὰ</em></span> <span class='ocrx_word' id='word_1_481' title='bbox 2485 3064 2590 3131; x_wconf 80' lang='grc' dir='ltr'>ὅρη</span> <span class='ocrx_word' id='word_1_482' title='bbox 2638 3064 3010 3129; x_wconf 69' lang='grc' dir='ltr'>ἐσκιξρτησίιν</span> <span class='ocrx_word' id='word_1_483' title='bbox 3042 3060 3182 3112; x_wconf 76' lang='grc' dir='ltr'>ὡσεὶ</span> <span class='ocrx_word' id='word_1_484' title='bbox 3215 3060 3384 3126; x_wconf 68' lang='grc' dir='ltr'>κριοί.</span> <span class='ocrx_word' id='word_1_485' title='bbox 3456 3060 3559 3112; x_wconf 78' lang='grc' dir='ltr'>Τοῦ</span> <span class='ocrx_word' id='word_1_486' title='bbox 3607 3060 3742 3113; x_wconf 84' lang='grc' dir='ltr'>Θεοῦ</span> <span class='ocrx_word' id='word_1_487' title='bbox 3775 3062 3881 3122; x_wconf 72' lang='grc' dir='ltr'><strong>τας</strong></span> 
     </span>
    </p>
   </div>
   <div class='ocr_carea' id='block_1_72' title="bbox 2301 3152 3882 3225">
    <p class='ocr_par' dir='ltr' id='par_1_72' title="bbox 2301 3152 3882 3225">
     <span class='ocr_line' id='line_1_72' title="bbox 2301 3152 3882 3225; baseline -0.003 -16"><span class='ocrx_word' id='word_1_488' title='bbox 2301 3158 2620 3225; x_wconf 71' lang='grc' dir='ltr'>ἐπιφανείας</span> <span class='ocrx_word' id='word_1_489' title='bbox 2651 3159 2707 3207; x_wconf 83' lang='grc' dir='ltr'><strong>ἐν</strong></span> <span class='ocrx_word' id='word_1_490' title='bbox 2733 3155 2912 3216; x_wconf 76' lang='grc' dir='ltr'>αὐτοῖς</span> <span class='ocrx_word' id='word_1_491' title='bbox 2935 3153 3277 3223; x_wconf 74' lang='grc' dir='ltr'>ποιουμένου,</span> <span class='ocrx_word' id='word_1_492' title='bbox 3307 3152 3468 3203; x_wconf 71' lang='grc' dir='ltr'>οἱονεὶ</span> <span class='ocrx_word' id='word_1_493' title='bbox 3493 3152 3758 3220; x_wconf 79' lang='grc' dir='ltr'>ἐσκίρτων</span> <span class='ocrx_word' id='word_1_494' title='bbox 3785 3153 3882 3204; x_wconf 64' lang='grc' dir='ltr'>ἐπὶ.</span> 
     </span>
    </p>
   </div>
   <div class='ocr_carea' id='block_1_73' title="bbox 2227 3230 3047 3319">
    <p class='ocr_par' dir='ltr' id='par_1_73' title="bbox 2227 3230 3047 3319">
     <span class='ocr_line' id='line_1_73' title="bbox 2227 3230 3047 3319; baseline -0.006 -17"><span class='ocrx_word' id='word_1_495' title='bbox 2227 3230 2269 3284; x_wconf 74' lang='lat' dir='ltr'><strong>C</strong></span> <span class='ocrx_word' id='word_1_496' title='bbox 2304 3252 2366 3319; x_wconf 85' lang='grc' dir='ltr'>τῇ</span> <span class='ocrx_word' id='word_1_497' title='bbox 2399 3249 2490 3300; x_wconf 86' lang='grc' dir='ltr'><strong>τοῦ</strong></span> <span class='ocrx_word' id='word_1_498' title='bbox 2539 3247 2750 3318; x_wconf 79' lang='grc' dir='ltr'>Ἰσραὴλ</span> <span class='ocrx_word' id='word_1_499' title='bbox 2787 3247 3047 3316; x_wconf 74' lang='grc' dir='ltr'>σωτηρία.</span> 
     </span>
    </p>
   </div>
   <div class='ocr_carea' id='block_1_74' title="bbox 2380 3334 3880 3402">
    <p class='ocr_par' dir='ltr' id='par_1_74' title="bbox 2380 3334 3880 3402">
     <span class='ocr_line' id='line_1_74' title="bbox 2380 3334 3880 3402; baseline -0.005 -9"><span class='ocrx_word' id='word_1_500' title='bbox 2380 3341 2438 3393; x_wconf 83' lang='grc' dir='ltr'>Τί</span> <span class='ocrx_word' id='word_1_501' title='bbox 2465 3341 2564 3393; x_wconf 87' lang='grc' dir='ltr'><strong>σοί</strong></span> <span class='ocrx_word' id='word_1_502' title='bbox 2589 3339 2740 3400; x_wconf 79' lang='grc' dir='ltr'>ἐστι,</span> <span class='ocrx_word' id='word_1_503' title='bbox 2770 3335 3069 3397; x_wconf 75' lang='grc' dir='ltr'>θάλασσα,</span> <span class='ocrx_word' id='word_1_504' title='bbox 3093 3334 3180 3387; x_wconf 80' lang='grc' dir='ltr'>ὅτι</span> <span class='ocrx_word' id='word_1_505' title='bbox 3213 3334 3448 3402; x_wconf 56' lang='lat' dir='ltr'><strong>ﬁgurae,</strong></span> <span class='ocrx_word' id='word_1_506' title='bbox 3476 3334 3570 3386; x_wconf 81' lang='grc' dir='ltr'>καὶ</span> <span class='ocrx_word' id='word_1_507' title='bbox 3598 3335 3701 3395; x_wconf 90' lang='grc' dir='ltr'>σὺ,</span> <span class='ocrx_word' id='word_1_508' title='bbox 3732 3336 3880 3400; x_wconf 77' lang='grc' dir='ltr'>ἰορ-</span> 
     </span>
    </p>
   </div>
   <div class='ocr_carea' id='block_1_75' title="bbox 2303 3425 3881 3496">
    <p class='ocr_par' dir='ltr' id='par_1_75' title="bbox 2303 3425 3881 3496">
     <span class='ocr_line' id='line_1_75' title="bbox 2303 3425 3881 3496; baseline -0.004 -12"><span class='ocrx_word' id='word_1_509' title='bbox 2303 3433 2476 3496; x_wconf 74' lang='grc' dir='ltr'>δάνη,</span> <span class='ocrx_word' id='word_1_510' title='bbox 2513 3430 2599 3482; x_wconf 83' lang='grc' dir='ltr'>ὅτι</span> <span class='ocrx_word' id='word_1_511' title='bbox 2637 3427 2938 3495; x_wconf 59' lang='grc' dir='ltr'>ἑστράρης</span> <span class='ocrx_word' id='word_1_512' title='bbox 2964 3430 3050 3493; x_wconf 78' lang='grc' dir='ltr'>εἰς</span> <span class='ocrx_word' id='word_1_513' title='bbox 3078 3428 3149 3479; x_wconf 82' lang='grc' dir='ltr'>τὰ</span> <span class='ocrx_word' id='word_1_514' title='bbox 3193 3426 3420 3487; x_wconf 78' lang='grc' dir='ltr'>ὀπίσω;</span> <span class='ocrx_word' id='word_1_515' title='bbox 3464 3425 3680 3493; x_wconf 80' lang='grc' dir='ltr'>Ἐπειδὴ</span> <span class='ocrx_word' id='word_1_516' title='bbox 3708 3426 3881 3490; x_wconf 78' lang='grc' dir='ltr'>ἄλογα</span> 
     </span>
    </p>
   </div>
   <div class='ocr_carea' id='block_1_76' title="bbox 2303 3520 3883 3595">
    <p class='ocr_par' dir='ltr' id='par_1_76' title="bbox 2303 3520 3883 3595">
     <span class='ocr_line' id='line_1_76' title="bbox 2303 3520 3883 3595; baseline 0 -25"><span class='ocrx_word' id='word_1_517' title='bbox 2303 3521 2370 3595; x_wconf 77' lang='grc' dir='ltr'>ἦν</span> <span class='ocrx_word' id='word_1_518' title='bbox 2402 3526 2583 3575; x_wconf 82' lang='grc' dir='ltr'>ἐκεῖνα</span> <span class='ocrx_word' id='word_1_519' title='bbox 2621 3524 2713 3574; x_wconf 73' lang='grc' dir='ltr'><strong>καὶ</strong></span> <span class='ocrx_word' id='word_1_520' title='bbox 2738 3521 2938 3590; x_wconf 67' lang='grc' dir='ltr'>ἄψυχα,</span> <span class='ocrx_word' id='word_1_521' title='bbox 2969 3520 3127 3584; x_wconf 74' lang='grc' dir='ltr'>αὐτὸς</span> <span class='ocrx_word' id='word_1_522' title='bbox 3155 3522 3385 3572; x_wconf 84' lang='grc' dir='ltr'>ποιεῖται</span> <span class='ocrx_word' id='word_1_523' title='bbox 3410 3521 3544 3590; x_wconf 81' lang='grc' dir='ltr'>ὑπὲρ</span> <span class='ocrx_word' id='word_1_524' title='bbox 3575 3520 3755 3572; x_wconf 77' lang='grc' dir='ltr'>αὐτῶν</span> <span class='ocrx_word' id='word_1_525' title='bbox 3779 3521 3883 3591; x_wconf 73' lang='grc' dir='ltr'>τὴν</span> 
     </span>
    </p>
   </div>
   <div class='ocr_carea' id='block_1_77' title="bbox 2307 3614 2613 3682">
    <p class='ocr_par' dir='ltr' id='par_1_77' title="bbox 2307 3614 2613 3682">
     <span class='ocr_line' id='line_1_77' title="bbox 2307 3614 2613 3682; baseline 0 -17"><span class='ocrx_word' id='word_1_526' title='bbox 2307 3614 2613 3682; x_wconf 81' lang='grc' dir='ltr'>ἀπόκρισιν.</span> 
     </span>
    </p>
   </div>
   <div class='ocr_carea' id='block_1_78' title="bbox 2390 3699 3891 3772">
    <p class='ocr_par' dir='ltr' id='par_1_78' title="bbox 2390 3699 3891 3772">
     <span class='ocr_line' id='line_1_78' title="bbox 2390 3699 3891 3772; baseline -0.003 -15"><span class='ocrx_word' id='word_1_527' title='bbox 2390 3705 2531 3757; x_wconf 78' lang='grc' dir='ltr'><strong>Ἀπὸ</strong></span> <span class='ocrx_word' id='word_1_528' title='bbox 2562 3703 2883 3772; x_wconf 77' lang='grc' dir='ltr'>προσώπου</span> <span class='ocrx_word' id='word_1_529' title='bbox 2921 3702 3142 3768; x_wconf 85' lang='lat' dir='ltr'><strong>Kvplov</strong></span> <span class='ocrx_word' id='word_1_530' title='bbox 3171 3701 3468 3766; x_wconf 68' lang='grc' dir='ltr'>ἐσαλεύθη</span> <span class='ocrx_word' id='word_1_531' title='bbox 3507 3701 3544 3766; x_wconf 75' lang='grc' dir='ltr'><strong><em>ἡ</em></strong></span> <span class='ocrx_word' id='word_1_532' title='bbox 3581 3700 3674 3769; x_wconf 79' lang='grc' dir='ltr'>γῆ.</span> <span class='ocrx_word' id='word_1_533' title='bbox 3711 3699 3891 3753; x_wconf 78' lang='grc' dir='ltr'>Τοῦτο</span> 
     </span>
    </p>
   </div>
   <div class='ocr_carea' id='block_1_79' title="bbox 2305 3794 3883 3866">
    <p class='ocr_par' dir='ltr' id='par_1_79' title="bbox 2305 3794 3883 3866">
     <span class='ocr_line' id='line_1_79' title="bbox 2305 3794 3883 3866; baseline -0.001 -17"><span class='ocrx_word' id='word_1_534' title='bbox 2305 3798 2552 3857; x_wconf 72' lang='grc' dir='ltr'>ἕκαστον,</span> <span class='ocrx_word' id='word_1_535' title='bbox 2576 3796 2729 3866; x_wconf 74' lang='grc' dir='ltr'>φησὶ,</span> <span class='ocrx_word' id='word_1_536' title='bbox 2747 3795 2833 3848; x_wconf 74' lang='grc' dir='ltr'><strong>διὰ</strong></span> <span class='ocrx_word' id='word_1_537' title='bbox 2853 3795 2942 3847; x_wconf 84' lang='grc' dir='ltr'><strong>τὸν</strong></span> <span class='ocrx_word' id='word_1_538' title='bbox 2968 3795 3295 3862; x_wconf 75' lang='grc' dir='ltr'>ἐπιφανέντα</span> <span class='ocrx_word' id='word_1_539' title='bbox 3329 3796 3617 3863; x_wconf 80' lang='grc' dir='ltr'>γεγένηται</span> <span class='ocrx_word' id='word_1_540' title='bbox 3650 3794 3883 3864; x_wconf 73' lang='grc' dir='ltr'>Κύριον.</span> 
     </span>
    </p>
   </div>
   <div class='ocr_carea' id='block_1_80' title="bbox 2309 3884 3888 3956">
    <p class='ocr_par' dir='ltr' id='par_1_80' title="bbox 2309 3884 3888 3956">
     <span class='ocr_line' id='line_1_80' title="bbox 2309 3884 3888 3956; baseline -0.003 -16"><span class='ocrx_word' id='word_1_541' title='bbox 2309 3887 2522 3956; x_wconf 82' lang='grc' dir='ltr'>Ταύτην</span> <span class='ocrx_word' id='word_1_542' title='bbox 2552 3887 2730 3938; x_wconf 78' lang='grc' dir='ltr'>αἰτίαν</span> <span class='ocrx_word' id='word_1_543' title='bbox 2758 3886 2856 3956; x_wconf 80' lang='grc' dir='ltr'>τῆς</span> <span class='ocrx_word' id='word_1_544' title='bbox 2885 3886 2988 3956; x_wconf 81' lang='grc' dir='ltr'>γῆς</span> <span class='ocrx_word' id='word_1_545' title='bbox 3015 3888 3043 3938; x_wconf 92' lang='lat'><strong>6</strong></span> <span class='ocrx_word' id='word_1_546' title='bbox 3069 3885 3255 3949; x_wconf 81' lang='grc' dir='ltr'>κλόνος</span> <span class='ocrx_word' id='word_1_547' title='bbox 3291 3886 3380 3938; x_wconf 72' lang='grc' dir='ltr'>καὶ</span> <span class='ocrx_word' id='word_1_548' title='bbox 3414 3888 3444 3955; x_wconf 81' lang='grc' dir='ltr'>ἡ</span> <span class='ocrx_word' id='word_1_549' title='bbox 3478 3886 3574 3955; x_wconf 78' lang='grc' dir='ltr'>τῆς</span> <span class='ocrx_word' id='word_1_550' title='bbox 3604 3884 3888 3955; x_wconf 76' lang='grc' dir='ltr'>Θαλάσσης</span> 
     </span>
    </p>
   </div>
   <div class='ocr_carea' id='block_1_81' title="bbox 2309 3974 3890 4047">
    <p class='ocr_par' dir='ltr' id='par_1_81' title="bbox 2309 3974 3890 4047">
     <span class='ocr_line' id='line_1_81' title="bbox 2309 3974 3890 4047; baseline -0.001 -17"><span class='ocrx_word' id='word_1_551' title='bbox 2309 3978 2590 4047; x_wconf 82' lang='grc' dir='ltr'>διαίρεσις.</span> <span class='ocrx_word' id='word_1_552' title='bbox 2629 3976 2796 4039; x_wconf 75' lang='grc' dir='ltr'>Αὐτὸς</span> <span class='ocrx_word' id='word_1_553' title='bbox 2830 3976 2938 4046; x_wconf 81' lang='grc' dir='ltr'><strong>γὰρ</strong></span> <span class='ocrx_word' id='word_1_554' title='bbox 2963 3977 3054 4028; x_wconf 82' lang='grc' dir='ltr'>καὶ</span> <span class='ocrx_word' id='word_1_555' title='bbox 3083 3977 3180 4045; x_wconf 80' lang='grc' dir='ltr'>τὴν</span> <span class='ocrx_word' id='word_1_556' title='bbox 3205 3975 3396 4042; x_wconf 82' lang='grc' dir='ltr'>ἄγονον</span> <span class='ocrx_word' id='word_1_557' title='bbox 3426 3976 3628 4047; x_wconf 79' lang='grc' dir='ltr'>πέτραν</span> <span class='ocrx_word' id='word_1_558' title='bbox 3650 3974 3749 4046; x_wconf 82' lang='grc' dir='ltr'>τὴν</span> <span class='ocrx_word' id='word_1_559' title='bbox 3783 3977 3890 4028; x_wconf 70' lang='grc' dir='ltr'><strong>πᾶ-</strong></span> 
     </span>
    </p>
   </div>
   <div class='ocr_carea' id='block_1_82' title="bbox 2313 4067 3890 4138">
    <p class='ocr_par' dir='ltr' id='par_1_82' title="bbox 2313 4067 3890 4138">
     <span class='ocr_line' id='line_1_82' title="bbox 2313 4067 3890 4138; baseline -0.001 -18"><span class='ocrx_word' id='word_1_560' title='bbox 2313 4086 2412 4138; x_wconf 83' lang='grc' dir='ltr'><strong>σης</strong></span> <span class='ocrx_word' id='word_1_561' title='bbox 2461 4068 2683 4138; x_wconf 80' lang='grc' dir='ltr'>ἰκμάδος</span> <span class='ocrx_word' id='word_1_562' title='bbox 2733 4068 3100 4138; x_wconf 80' lang='grc' dir='ltr'>ἐστερημένην</span> <span class='ocrx_word' id='word_1_563' title='bbox 3125 4106 3138 4130; x_wconf 88' lang='grc'><strong>,</strong></span> <span class='ocrx_word' id='word_1_564' title='bbox 3197 4069 3287 4120; x_wconf 66' lang='grc' dir='ltr'><strong>καὶ</strong></span> <span class='ocrx_word' id='word_1_565' title='bbox 3319 4067 3452 4137; x_wconf 82' lang='grc' dir='ltr'>μηδὲ</span> <span class='ocrx_word' id='word_1_566' title='bbox 3507 4068 3680 4136; x_wconf 79' lang='grc' dir='ltr'>τομῆς</span> <span class='ocrx_word' id='word_1_567' title='bbox 3708 4067 3798 4120; x_wconf 83' lang='grc' dir='ltr'>διὰ</span> <span class='ocrx_word' id='word_1_568' title='bbox 3829 4068 3890 4119; x_wconf 77' lang='grc' dir='ltr'>τὸ</span> 
     </span>
    </p>
   </div>
   <div class='ocr_carea' id='block_1_83' title="bbox 2313 4157 3890 4230">
    <p class='ocr_par' dir='ltr' id='par_1_83' title="bbox 2313 4157 3890 4230">
     <span class='ocr_line' id='line_1_83' title="bbox 2313 4157 3890 4230; baseline -0.002 -18"><span class='ocrx_word' id='word_1_569' title='bbox 2313 4160 2623 4230; x_wconf 79' lang='grc' dir='ltr'>στερέμνιον</span> <span class='ocrx_word' id='word_1_570' title='bbox 2664 4159 3029 4228; x_wconf 83' lang='grc' dir='ltr'>ἁνεχομένην,</span> <span class='ocrx_word' id='word_1_571' title='bbox 3086 4160 3150 4227; x_wconf 83' lang='grc' dir='ltr'>τῇ</span> <span class='ocrx_word' id='word_1_572' title='bbox 3200 4157 3494 4228; x_wconf 79' lang='grc' dir='ltr'>προσχύσει</span> <span class='ocrx_word' id='word_1_573' title='bbox 3536 4157 3643 4210; x_wconf 81' lang='grc' dir='ltr'><strong>τῶν</strong></span> <span class='ocrx_word' id='word_1_574' title='bbox 3676 4158 3890 4211; x_wconf 80' lang='grc' dir='ltr'>ὑδάτων</span> 
     </span>
    </p>
   </div>
   <div class='ocr_carea' id='block_1_84' title="bbox 2313 4251 3892 4322">
    <p class='ocr_par' dir='ltr' id='par_1_84' title="bbox 2313 4251 3892 4322">
     <span class='ocr_line' id='line_1_84' title="bbox 2313 4251 3892 4322; baseline 0 -18"><span class='ocrx_word' id='word_1_575' title='bbox 2313 4253 2578 4305; x_wconf 75' lang='grc' dir='ltr'>ἐπέκλυσε</span> <span class='ocrx_word' id='word_1_576' title='bbox 2600 4291 2614 4315; x_wconf 89' lang='grc'><strong>,</strong></span> <span class='ocrx_word' id='word_1_577' title='bbox 2669 4255 2850 4322; x_wconf 73' lang='grc' dir='ltr'>πηγὰς</span> <span class='ocrx_word' id='word_1_578' title='bbox 2875 4251 3080 4304; x_wconf 85' lang='grc' dir='ltr'>ἐκεῖθεν</span> <span class='ocrx_word' id='word_1_579' title='bbox 3104 4251 3308 4304; x_wconf 82' lang='grc' dir='ltr'>ὑδάτων</span> <span class='ocrx_word' id='word_1_580' title='bbox 3332 4251 3597 4320; x_wconf 82' lang='grc' dir='ltr'>ἀφθόνους</span> <span class='ocrx_word' id='word_1_581' title='bbox 3625 4251 3892 4321; x_wconf 76' lang='grc' dir='ltr'>ἀναδοθῆ-</span> 
     </span>
    </p>
   </div>
   <div class='ocr_carea' id='block_1_85' title="bbox 2313 4339 3893 4412">
    <p class='ocr_par' dir='ltr' id='par_1_85' title="bbox 2313 4339 3893 4412">
     <span class='ocr_line' id='line_1_85' title="bbox 2313 4339 3893 4412; baseline -0.002 -16"><span class='ocrx_word' id='word_1_582' title='bbox 2313 4362 2398 4398; x_wconf 81' lang='grc' dir='ltr'><strong>ναι</strong></span> <span class='ocrx_word' id='word_1_583' title='bbox 2428 4344 2709 4406; x_wconf 81' lang='grc' dir='ltr'>κελεύσας.</span> <span class='ocrx_word' id='word_1_584' title='bbox 2745 4344 2912 4396; x_wconf 78' lang='grc' dir='ltr'>Οὐδὲν</span> <span class='ocrx_word' id='word_1_585' title='bbox 2935 4339 3026 4395; x_wconf 83' lang='grc' dir='ltr'><strong>οῦν</strong></span> <span class='ocrx_word' id='word_1_586' title='bbox 3046 4381 3060 4405; x_wconf 88' lang='grc'><strong>,</strong></span> <span class='ocrx_word' id='word_1_587' title='bbox 3092 4344 3257 4412; x_wconf 73' lang='grc' dir='ltr'>φηοὶ,</span> <span class='ocrx_word' id='word_1_588' title='bbox 3291 4341 3602 4411; x_wconf 80' lang='grc' dir='ltr'>θαυμαστὸν</span> <span class='ocrx_word' id='word_1_589' title='bbox 3657 4343 3893 4411; x_wconf 81' lang='grc' dir='ltr'>γεγένη-</span> 
     </span>
    </p>
   </div>
   <div class='ocr_carea' id='block_1_86' title="bbox 2312 4430 3892 4509">
    <p class='ocr_par' dir='ltr' id='par_1_86' title="bbox 2312 4430 3892 4509">
     <span class='ocr_line' id='line_1_86' title="bbox 2312 4430 3892 4509; baseline -0.005 -17"><span class='ocrx_word' id='word_1_590' title='bbox 2312 4457 2427 4492; x_wconf 75' lang='grc' dir='ltr'>ταιο</span> <span class='ocrx_word' id='word_1_591' title='bbox 2464 4434 2760 4509; x_wconf 77' lang='grc' dir='ltr'>προσέταξε</span> <span class='ocrx_word' id='word_1_592' title='bbox 2791 4433 2898 4505; x_wconf 84' lang='grc' dir='ltr'>γὰρ</span> <span class='ocrx_word' id='word_1_593' title='bbox 2928 4436 2956 4485; x_wconf 90' lang='lat'><strong>6</strong></span> <span class='ocrx_word' id='word_1_594' title='bbox 2991 4431 3237 4502; x_wconf 75' lang='grc' dir='ltr'>ποιητὴς,</span> <span class='ocrx_word' id='word_1_595' title='bbox 3265 4433 3358 4485; x_wconf 82' lang='grc' dir='ltr'><strong>καὶ</strong></span> <span class='ocrx_word' id='word_1_596' title='bbox 3381 4431 3603 4501; x_wconf 78' lang='grc' dir='ltr'>διῃρέθη</span> <span class='ocrx_word' id='word_1_597' title='bbox 3628 4430 3692 4482; x_wconf 83' lang='grc' dir='ltr'><strong>τὸ</strong></span> <span class='ocrx_word' id='word_1_598' title='bbox 3721 4430 3892 4484; x_wconf 79' lang='grc' dir='ltr'>πέλα-</span> 
     </span>
    </p>
   </div>
   <div class='ocr_carea' id='block_1_87' title="bbox 649 4521 2225 4632">
    <p class='ocr_par' dir='ltr' id='par_1_87' title="bbox 649 4539 2214 4610">
     <span class='ocr_line' id='line_1_87' title="bbox 649 4539 2214 4610; baseline 0.001 -18"><span class='ocrx_word' id='word_1_599' title='bbox 649 4555 887 4610; x_wconf 88' lang='lat' dir='ltr'><strong>aquam:</strong></span> <span class='ocrx_word' id='word_1_600' title='bbox 930 4539 1129 4593; x_wconf 65' lang='lat' dir='ltr'><strong>coelum</strong></span> <span class='ocrx_word' id='word_1_601' title='bbox 1165 4555 1360 4592; x_wconf 87' lang='lat' dir='ltr'><strong>manna</strong></span> <span class='ocrx_word' id='word_1_602' title='bbox 1390 4540 1775 4607; x_wconf 75' lang='lat' dir='ltr'><strong>suppeditavit,</strong></span> <span class='ocrx_word' id='word_1_603' title='bbox 1820 4541 1961 4593; x_wconf 85' lang='lat' dir='ltr'><strong>venti</strong></span> <span class='ocrx_word' id='word_1_604' title='bbox 2003 4549 2214 4610; x_wconf 76' lang='lat' dir='ltr'><strong>ortygo-</strong></span> 
     </span>
    </p>
   </div>
   <div class='ocr_carea' id='block_1_88' title="bbox 2305 4521 3896 4632">
    <p class='ocr_par' dir='ltr' id='par_1_88' title="bbox 2316 4521 3896 4599">
     <span class='ocr_line' id='line_1_88' title="bbox 2316 4521 3896 4599; baseline 0.001 -27"><span class='ocrx_word' id='word_1_605' title='bbox 2316 4549 2410 4599; x_wconf 81' lang='grc' dir='ltr'>γος</span> <span class='ocrx_word' id='word_1_606' title='bbox 2433 4573 2446 4596; x_wconf 57' lang='grc'><strong>,</strong></span> <span class='ocrx_word' id='word_1_607' title='bbox 2480 4528 2572 4581; x_wconf 71' lang='grc' dir='ltr'><strong>καὶ</strong></span> <span class='ocrx_word' id='word_1_608' title='bbox 2599 4530 2630 4597; x_wconf 77' lang='grc' dir='ltr'>ὴ</span> <span class='ocrx_word' id='word_1_609' title='bbox 2660 4525 2962 4596; x_wconf 81' lang='grc' dir='ltr'>ἀκρότομος</span> <span class='ocrx_word' id='word_1_610' title='bbox 2992 4523 3180 4576; x_wconf 78' lang='grc' dir='ltr'>ἐϐλυσε</span> <span class='ocrx_word' id='word_1_611' title='bbox 3211 4522 3382 4593; x_wconf 82' lang='grc' dir='ltr'>πέτρα</span> <span class='ocrx_word' id='word_1_612' title='bbox 3405 4562 3418 4585; x_wconf 91' lang='grc'><strong>,</strong></span> <span class='ocrx_word' id='word_1_613' title='bbox 3467 4522 3561 4575; x_wconf 73' lang='grc' dir='ltr'><strong>καὶ</strong></span> <span class='ocrx_word' id='word_1_614' title='bbox 3602 4521 3630 4572; x_wconf 84' lang='grc' dir='ltr'>ὁ</span> <span class='ocrx_word' id='word_1_615' title='bbox 3659 4522 3896 4591; x_wconf 73' lang='grc' dir='ltr'>οὐρανὸς</span> 
     </span>
    </p>
   </div>
   <div class='ocr_carea' id='block_1_89' title="bbox 649 4631 2210 4702">
    <p class='ocr_par' dir='ltr' id='par_1_89' title="bbox 649 4631 2210 4702">
     <span class='ocr_line' id='line_1_89' title="bbox 649 4631 2210 4702; baseline -0.001 -15"><span class='ocrx_word' id='word_1_616' title='bbox 649 4644 877 4687; x_wconf 87' lang='lat' dir='ltr'><strong>metram</strong></span> <span class='ocrx_word' id='word_1_617' title='bbox 914 4640 1399 4702; x_wconf 79' lang='lat' dir='ltr'><strong>congregaverunt,</strong></span> <span class='ocrx_word' id='word_1_618' title='bbox 1429 4641 1482 4686; x_wconf 89' lang='lat' dir='ltr'><strong>et</strong></span> <span class='ocrx_word' id='word_1_619' title='bbox 1511 4631 1713 4701; x_wconf 84' lang='lat' dir='ltr'><strong>reliqua</strong></span> <span class='ocrx_word' id='word_1_620' title='bbox 1747 4633 1929 4686; x_wconf 88' lang='lat' dir='ltr'><strong>omnia</strong></span> <span class='ocrx_word' id='word_1_621' title='bbox 1962 4632 2078 4701; x_wconf 92' lang='lat' dir='ltr'><strong>ipso</strong></span> <span class='ocrx_word' id='word_1_622' title='bbox 2110 4648 2210 4686; x_wconf 88' lang='lat' dir='ltr'><strong>an-</strong></span> 
     </span>
    </p>
   </div>
   <div class='ocr_carea' id='block_1_90' title="bbox 651 4721 1212 4778">
    <p class='ocr_par' dir='ltr' id='par_1_90' title="bbox 651 4721 1212 4778">
     <span class='ocr_line' id='line_1_90' title="bbox 651 4721 1212 4778; baseline 0.002 -1"><span class='ocrx_word' id='word_1_623' title='bbox 651 4733 850 4778; x_wconf 89' lang='lat' dir='ltr'><strong>nuente</strong></span> <span class='ocrx_word' id='word_1_624' title='bbox 883 4721 1021 4777; x_wconf 81' lang='lat' dir='ltr'><strong>facta</strong></span> <span class='ocrx_word' id='word_1_625' title='bbox 1065 4734 1212 4778; x_wconf 92' lang='lat' dir='ltr'><strong>sunt.</strong></span> 
     </span>
    </p>
   </div>
   <div class='ocr_carea' id='block_1_91' title="bbox 723 4905 2205 4973">
    <p class='ocr_par' dir='ltr' id='par_1_91' title="bbox 723 4905 2205 4973">
     <span class='ocr_line' id='line_1_91' title="bbox 723 4905 2205 4973; baseline 0.001 -13"><span class='ocrx_word' id='word_1_626' title='bbox 723 4907 762 4963; x_wconf 92' lang='grc' dir='ltr'>Ι.</span> <span class='ocrx_word' id='word_1_627' title='bbox 805 4905 924 4960; x_wconf 80' lang='lat' dir='ltr'><strong>Non</strong></span> <span class='ocrx_word' id='word_1_628' title='bbox 967 4906 1136 4971; x_wconf 81' lang='lat' dir='ltr'><strong>nobis,</strong></span> <span class='ocrx_word' id='word_1_629' title='bbox 1171 4905 1406 4970; x_wconf 85' lang='lat' dir='ltr'><strong>Domine,</strong></span> <span class='ocrx_word' id='word_1_630' title='bbox 1435 4922 1535 4959; x_wconf 84' lang='lat' dir='ltr'><strong>non</strong></span> <span class='ocrx_word' id='word_1_631' title='bbox 1574 4907 1745 4973; x_wconf 82' lang='lat' dir='ltr'><strong>nobis,</strong></span> <span class='ocrx_word' id='word_1_632' title='bbox 1777 4907 1865 4960; x_wconf 81' lang='lat' dir='ltr'><strong>sed</strong></span> <span class='ocrx_word' id='word_1_633' title='bbox 1901 4907 2098 4961; x_wconf 86' lang='lat' dir='ltr'><strong>nomini</strong></span> <span class='ocrx_word' id='word_1_634' title='bbox 2122 4918 2205 4961; x_wconf 69' lang='lat' dir='ltr'><strong>tuo</strong></span> 
     </span>
    </p>
   </div>
   <div class='ocr_carea' id='block_1_92' title="bbox 649 4997 2210 5069">
    <p class='ocr_par' dir='ltr' id='par_1_92' title="bbox 649 4997 2210 5069">
     <span class='ocr_line' id='line_1_92' title="bbox 649 4997 2210 5069; baseline -0.001 -15"><span class='ocrx_word' id='word_1_635' title='bbox 649 5002 722 5054; x_wconf 84' lang='lat' dir='ltr'><strong>da</strong></span> <span class='ocrx_word' id='word_1_636' title='bbox 762 5000 1004 5069; x_wconf 84' lang='lat' dir='ltr'><strong>gloriam.</strong></span> <span class='ocrx_word' id='word_1_637' title='bbox 1049 4997 1273 5055; x_wconf 79' lang='lat' dir='ltr'><strong>Videtur</strong></span> <span class='ocrx_word' id='word_1_638' title='bbox 1309 4998 1632 5054; x_wconf 83' lang='lat' dir='ltr'><strong>adumbrare</strong></span> <span class='ocrx_word' id='word_1_639' title='bbox 1674 5000 1882 5068; x_wconf 87' lang='lat' dir='ltr'><strong>lapsum</strong></span> <span class='ocrx_word' id='word_1_640' title='bbox 1921 5000 2104 5069; x_wconf 85' lang='lat' dir='ltr'><strong>populi</strong></span> <span class='ocrx_word' id='word_1_641' title='bbox 2144 5016 2210 5053; x_wconf 80' lang='lat' dir='ltr'><strong>ex</strong></span> 
     </span>
    </p>
   </div>
   <div class='ocr_carea' id='block_1_93' title="bbox 649 5090 2213 5160">
    <p class='ocr_par' dir='ltr' id='par_1_93' title="bbox 649 5090 2213 5160">
     <span class='ocr_line' id='line_1_93' title="bbox 649 5090 2213 5160; baseline -0.002 -14"><span class='ocrx_word' id='word_1_642' title='bbox 649 5090 1071 5146; x_wconf 84' lang='lat' dir='ltr'><strong>circumcisione</strong></span> <span class='ocrx_word' id='word_1_643' title='bbox 1104 5091 1550 5159; x_wconf 86' lang='lat' dir='ltr'><strong>:orutionemque</strong></span> <span class='ocrx_word' id='word_1_644' title='bbox 1584 5091 1716 5160; x_wconf 85' lang='lat' dir='ltr'><strong>ipsis</strong></span> <span class='ocrx_word' id='word_1_645' title='bbox 1747 5091 1958 5144; x_wconf 84' lang='lat' dir='ltr'><strong>tradere</strong></span> <span class='ocrx_word' id='word_1_646' title='bbox 1984 5091 2048 5144; x_wconf 89' lang='lat' dir='ltr'><strong>ad</strong></span> <span class='ocrx_word' id='word_1_647' title='bbox 2082 5107 2213 5144; x_wconf 90' lang='lat' dir='ltr'><strong>con-</strong></span> 
     </span>
    </p>
   </div>
   <div class='ocr_carea' id='block_1_94' title="bbox 649 5183 2211 5252">
    <p class='ocr_par' dir='ltr' id='par_1_94' title="bbox 649 5183 2211 5252">
     <span class='ocr_line' id='line_1_94' title="bbox 649 5183 2211 5252; baseline -0.004 -13"><span class='ocrx_word' id='word_1_648' title='bbox 649 5183 967 5247; x_wconf 72' lang='lat' dir='ltr'><strong>fessionem,</strong></span> <span class='ocrx_word' id='word_1_649' title='bbox 1011 5191 1196 5252; x_wconf 91' lang='lat' dir='ltr'><strong>utpote</strong></span> <span class='ocrx_word' id='word_1_650' title='bbox 1226 5183 1320 5252; x_wconf 88' lang='lat' dir='ltr'><strong>qui</strong></span> <span class='ocrx_word' id='word_1_651' title='bbox 1356 5183 1592 5237; x_wconf 85' lang='lat' dir='ltr'><strong>divinam</strong></span> <span class='ocrx_word' id='word_1_652' title='bbox 1634 5184 1886 5236; x_wconf 86' lang='lat' dir='ltr'><strong>virtutem</strong></span> <span class='ocrx_word' id='word_1_653' title='bbox 1926 5183 2211 5250; x_wconf 77' lang='lat' dir='ltr'><strong>inspecti-i-</strong></span> 
     </span>
    </p>
   </div>
   <div class='ocr_carea' id='block_1_95' title="bbox 651 5273 2212 5343">
    <p class='ocr_par' dir='ltr' id='par_1_95' title="bbox 651 5273 2212 5343">
     <span class='ocr_line' id='line_1_95' title="bbox 651 5273 2212 5343; baseline -0.002 -15"><span class='ocrx_word' id='word_1_654' title='bbox 651 5290 766 5328; x_wconf 90' lang='lat' dir='ltr'><strong>cem</strong></span> <span class='ocrx_word' id='word_1_655' title='bbox 795 5289 860 5328; x_wconf 91' lang='lat' dir='ltr'><strong>ac</strong></span> <span class='ocrx_word' id='word_1_656' title='bbox 888 5275 1252 5343; x_wconf 81' lang='lat' dir='ltr'><strong>providentem</strong></span> <span class='ocrx_word' id='word_1_657' title='bbox 1282 5274 1420 5328; x_wconf 89' lang='lat' dir='ltr'><strong>ultra</strong></span> <span class='ocrx_word' id='word_1_658' title='bbox 1450 5289 1556 5326; x_wconf 91' lang='lat' dir='ltr'><strong>non</strong></span> <span class='ocrx_word' id='word_1_659' title='bbox 1581 5275 1830 5328; x_wconf 87' lang='lat' dir='ltr'><strong>habeant.</strong></span> <span class='ocrx_word' id='word_1_660' title='bbox 1853 5273 2015 5328; x_wconf 88' lang='lat' dir='ltr'><strong>Docet</strong></span> <span class='ocrx_word' id='word_1_661' title='bbox 2035 5284 2212 5326; x_wconf 82' lang='lat' dir='ltr'><strong>autem</strong></span> 
     </span>
    </p>
   </div>
   <div class='ocr_carea' id='block_1_96' title="bbox 649 5363 2211 5433">
    <p class='ocr_par' dir='ltr' id='par_1_96' title="bbox 649 5363 2211 5433">
     <span class='ocr_line' id='line_1_96' title="bbox 649 5363 2211 5433; baseline -0.003 -13"><span class='ocrx_word' id='word_1_662' title='bbox 649 5381 744 5420; x_wconf 88' lang='lat' dir='ltr'><strong>eos</strong></span> <span class='ocrx_word' id='word_1_663' title='bbox 768 5366 945 5420; x_wconf 79' lang='lat' dir='ltr'><strong>dicere.</strong></span> <span class='ocrx_word' id='word_1_664' title='bbox 978 5383 990 5417; x_wconf 93' lang='lat'>:</span> <span class='ocrx_word' id='word_1_665' title='bbox 1021 5363 1128 5420; x_wconf 81' lang='lat' dir='ltr'><strong>Nos</strong></span> <span class='ocrx_word' id='word_1_666' title='bbox 1157 5365 1376 5433; x_wconf 88' lang='lat' dir='ltr'><strong>quidem</strong></span> <span class='ocrx_word' id='word_1_667' title='bbox 1424 5364 1631 5433; x_wconf 75' lang='lat' dir='ltr'><strong>indigni</strong></span> <span class='ocrx_word' id='word_1_668' title='bbox 1667 5365 1838 5433; x_wconf 83' lang='lat' dir='ltr'><strong>gratia</strong></span> <span class='ocrx_word' id='word_1_669' title='bbox 1872 5380 2063 5417; x_wconf 89' lang='lat' dir='ltr'><strong>sumus</strong></span> <span class='ocrx_word' id='word_1_670' title='bbox 2105 5378 2211 5432; x_wconf 86' lang='lat' dir='ltr'><strong>qua</strong></span> 
     </span>
    </p>
   </div>
   <div class='ocr_carea' id='block_1_97' title="bbox 651 5453 2213 5528">
    <p class='ocr_par' dir='ltr' id='par_1_97' title="bbox 651 5453 2213 5528">
     <span class='ocr_line' id='line_1_97' title="bbox 651 5453 2213 5528; baseline -0.005 -16"><span class='ocrx_word' id='word_1_671' title='bbox 651 5469 836 5528; x_wconf 76' lang='lat' dir='ltr'><strong>gentes</strong></span> <span class='ocrx_word' id='word_1_672' title='bbox 884 5472 1074 5511; x_wconf 87' lang='lat' dir='ltr'><strong>omnes</strong></span> <span class='ocrx_word' id='word_1_673' title='bbox 1104 5457 1279 5526; x_wconf 64' lang='lat' dir='ltr'><strong>dignae</strong></span> <span class='ocrx_word' id='word_1_674' title='bbox 1317 5456 1515 5510; x_wconf 80' lang='lat' dir='ltr'><strong>habin</strong></span> <span class='ocrx_word' id='word_1_675' title='bbox 1559 5466 1705 5509; x_wconf 88' lang='lat' dir='ltr'><strong>sunt.</strong></span> <span class='ocrx_word' id='word_1_676' title='bbox 1757 5453 1955 5508; x_wconf 84' lang='lat' dir='ltr'><strong>Verum</strong></span> <span class='ocrx_word' id='word_1_677' title='bbox 1997 5463 2213 5523; x_wconf 84' lang='lat' dir='ltr'><strong>propter</strong></span> 
     </span>
    </p>
   </div>
   <div class='ocr_carea' id='block_1_98' title="bbox 650 5546 2212 5617">
    <p class='ocr_par' dir='ltr' id='par_1_98' title="bbox 650 5546 2212 5617">
     <span class='ocr_line' id='line_1_98' title="bbox 650 5546 2212 5617; baseline -0.006 -11"><span class='ocrx_word' id='word_1_678' title='bbox 650 5566 846 5606; x_wconf 84' lang='lat' dir='ltr'><strong>nomen</strong></span> <span class='ocrx_word' id='word_1_679' title='bbox 885 5559 1062 5606; x_wconf 88' lang='lat' dir='ltr'><strong>tuum.</strong></span> <span class='ocrx_word' id='word_1_680' title='bbox 1105 5548 1251 5617; x_wconf 88' lang='lat' dir='ltr'><strong>quod</strong></span> <span class='ocrx_word' id='word_1_681' title='bbox 1294 5549 1362 5600; x_wconf 94' lang='lat' dir='ltr'><strong>ab</strong></span> <span class='ocrx_word' id='word_1_682' title='bbox 1397 5548 1552 5601; x_wconf 90' lang='lat' dir='ltr'><strong>initio</strong></span> <span class='ocrx_word' id='word_1_683' title='bbox 1596 5546 1904 5600; x_wconf 73' lang='lat' dir='ltr'><strong>invocatum</strong></span> <span class='ocrx_word' id='word_1_684' title='bbox 1939 5555 2022 5600; x_wconf 87' lang='lat' dir='ltr'><strong>est</strong></span> <span class='ocrx_word' id='word_1_685' title='bbox 2054 5560 2212 5613; x_wconf 80' lang='lat' dir='ltr'><strong>super</strong></span> 
     </span>
    </p>
   </div>
   <div class='ocr_carea' id='block_1_99' title="bbox 653 5637 2211 5712">
    <p class='ocr_par' dir='ltr' id='par_1_99' title="bbox 653 5637 2211 5712">
     <span class='ocr_line' id='line_1_99' title="bbox 653 5637 2211 5712; baseline -0.004 -16"><span class='ocrx_word' id='word_1_686' title='bbox 653 5659 772 5706; x_wconf 77' lang='lat' dir='ltr'><strong>nos,</strong></span> <span class='ocrx_word' id='word_1_687' title='bbox 797 5643 927 5695; x_wconf 88' lang='lat' dir='ltr'><strong>illud</strong></span> <span class='ocrx_word' id='word_1_688' title='bbox 956 5657 1105 5712; x_wconf 81' lang='lat' dir='ltr'><strong>agas.</strong></span> <span class='ocrx_word' id='word_1_689' title='bbox 1133 5641 1236 5696; x_wconf 85' lang='lat' dir='ltr'><strong>Sed</strong></span> <span class='ocrx_word' id='word_1_690' title='bbox 1269 5657 1333 5694; x_wconf 89' lang='lat' dir='ltr'><strong>ne</strong></span> <span class='ocrx_word' id='word_1_691' title='bbox 1352 5641 1505 5694; x_wconf 86' lang='lat' dir='ltr'><strong>nobis</strong></span> <span class='ocrx_word' id='word_1_692' title='bbox 1525 5639 1749 5709; x_wconf 73' lang='lat' dir='ltr'><strong>justitiae</strong></span> <span class='ocrx_word' id='word_1_693' title='bbox 1771 5648 1875 5693; x_wconf 67' lang='lat' dir='ltr'><strong>tua:</strong></span> <span class='ocrx_word' id='word_1_694' title='bbox 1901 5637 2211 5693; x_wconf 85' lang='lat' dir='ltr'><strong>retributio-</strong></span> 
     </span>
    </p>
   </div>
   <div class='ocr_carea' id='block_1_100' title="bbox 651 5728 2215 5800">
    <p class='ocr_par' dir='ltr' id='par_1_100' title="bbox 651 5728 2215 5800">
     <span class='ocr_line' id='line_1_100' title="bbox 651 5728 2215 5800; baseline -0.002 -16"><span class='ocrx_word' id='word_1_695' title='bbox 651 5746 773 5785; x_wconf 86' lang='lat' dir='ltr'><strong>nem</strong></span> <span class='ocrx_word' id='word_1_696' title='bbox 800 5731 1037 5796; x_wconf 82' lang='lat' dir='ltr'><strong>dederis,</strong></span> <span class='ocrx_word' id='word_1_697' title='bbox 1063 5741 1116 5786; x_wconf 91' lang='lat' dir='ltr'><strong>tu</strong></span> <span class='ocrx_word' id='word_1_698' title='bbox 1148 5733 1240 5800; x_wconf 92' lang='lat' dir='ltr'><strong>qui</strong></span> <span class='ocrx_word' id='word_1_699' title='bbox 1265 5747 1389 5787; x_wconf 84' lang='lat' dir='ltr'><strong>vere</strong></span> <span class='ocrx_word' id='word_1_700' title='bbox 1408 5730 1550 5787; x_wconf 84' lang='lat' dir='ltr'><strong>Deus</strong></span> <span class='ocrx_word' id='word_1_701' title='bbox 1567 5747 1646 5796; x_wconf 88' lang='lat' dir='ltr'><strong>es,</strong></span> <span class='ocrx_word' id='word_1_702' title='bbox 1673 5739 1725 5784; x_wconf 88' lang='lat' dir='ltr'><strong>et</strong></span> <span class='ocrx_word' id='word_1_703' title='bbox 1757 5745 1864 5784; x_wconf 90' lang='lat' dir='ltr'><strong>non</strong></span> <span class='ocrx_word' id='word_1_704' title='bbox 1888 5730 2027 5785; x_wconf 84' lang='lat' dir='ltr'><strong>sicut</strong></span> <span class='ocrx_word' id='word_1_705' title='bbox 2046 5728 2215 5792; x_wconf 84' lang='lat' dir='ltr'><strong>idola,</strong></span> 
     </span>
    </p>
   </div>
   <div class='ocr_carea' id='block_1_101' title="bbox 652 5824 1326 5896">
    <p class='ocr_par' dir='ltr' id='par_1_101' title="bbox 652 5824 1326 5896">
     <span class='ocr_line' id='line_1_101' title="bbox 652 5824 1326 5896; baseline -0.003 -18"><span class='ocrx_word' id='word_1_706' title='bbox 652 5833 983 5896; x_wconf 65' lang='lat' dir='ltr'><strong>quapropter</strong></span> <span class='ocrx_word' id='word_1_707' title='bbox 1014 5824 1289 5896; x_wconf 78' lang='lat' dir='ltr'><strong>subjungit</strong></span> <span class='ocrx_word' id='word_1_708' title='bbox 1316 5843 1326 5875; x_wconf 92' lang='lat'><strong>:</strong></span> 
     </span>
    </p>
   </div>
   <div class='ocr_carea' id='block_1_102' title="bbox 2319 4611 3896 4692">
    <p class='ocr_par' dir='ltr' id='par_1_102' title="bbox 2319 4611 3896 4692">
     <span class='ocr_line' id='line_1_102' title="bbox 2319 4611 3896 4692; baseline -0.008 -16"><span class='ocrx_word' id='word_1_709' title='bbox 2319 4623 2625 4692; x_wconf 78' lang='grc' dir='ltr'>ἐχορήγησε</span> <span class='ocrx_word' id='word_1_710' title='bbox 2683 4616 2894 4688; x_wconf 82' lang='grc' dir='ltr'>μάννα,</span> <span class='ocrx_word' id='word_1_711' title='bbox 2957 4615 3003 4666; x_wconf 79' lang='grc' dir='ltr'>οἱ</span> <span class='ocrx_word' id='word_1_712' title='bbox 3068 4614 3254 4682; x_wconf 81' lang='grc' dir='ltr'>ἄνεμοι</span> <span class='ocrx_word' id='word_1_713' title='bbox 3311 4612 3410 4682; x_wconf 76' lang='grc' dir='ltr'><strong>τὴν</strong></span> <span class='ocrx_word' id='word_1_714' title='bbox 3470 4611 3896 4683; x_wconf 80' lang='grc' dir='ltr'>ὀρτυγομήτραν</span> 
     </span>
    </p>
   </div>
   <div class='ocr_carea' id='block_1_103' title="bbox 2322 4703 3896 4784">
    <p class='ocr_par' dir='ltr' id='par_1_103' title="bbox 2322 4703 3896 4784">
     <span class='ocr_line' id='line_1_103' title="bbox 2322 4703 3896 4784; baseline -0.008 -17"><span class='ocrx_word' id='word_1_715' title='bbox 2322 4714 2710 4784; x_wconf 74' lang='grc' dir='ltr'>συνήθροισαν·</span> <span class='ocrx_word' id='word_1_716' title='bbox 2765 4709 2859 4762; x_wconf 71' lang='grc' dir='ltr'><strong>καὶ</strong></span> <span class='ocrx_word' id='word_1_717' title='bbox 2909 4706 3075 4760; x_wconf 76' lang='grc' dir='ltr'>τᾶλλα</span> <span class='ocrx_word' id='word_1_718' title='bbox 3126 4705 3302 4757; x_wconf 80' lang='grc' dir='ltr'>πάντα</span> <span class='ocrx_word' id='word_1_719' title='bbox 3357 4703 3519 4757; x_wconf 85' lang='grc' dir='ltr'>αὑτοῦ</span> <span class='ocrx_word' id='word_1_720' title='bbox 3596 4703 3896 4774; x_wconf 73' lang='grc' dir='ltr'>γεγένηται</span> 
     </span>
    </p>
   </div>
   <div class='ocr_carea' id='block_1_104' title="bbox 2318 4806 2623 4866">
    <p class='ocr_par' dir='ltr' id='par_1_104' title="bbox 2318 4806 2623 4866">
     <span class='ocr_line' id='line_1_104' title="bbox 2318 4806 2623 4866; baseline -0.013 -6"><span class='ocrx_word' id='word_1_721' title='bbox 2318 4806 2406 4860; x_wconf 79' lang='grc' dir='ltr'><strong>νεύ</strong></span> <span class='ocrx_word' id='word_1_722' title='bbox 2417 4822 2623 4866; x_wconf 59' lang='lat' dir='ltr'><strong>sai/10;.</strong></span> 
     </span>
    </p>
   </div>
   <div class='ocr_carea' id='block_1_105' title="bbox 2385 4884 3900 4965">
    <p class='ocr_par' dir='ltr' id='par_1_105' title="bbox 2385 4884 3900 4965">
     <span class='ocr_line' id='line_1_105' title="bbox 2385 4884 3900 4965; baseline -0.009 -13"><span class='ocrx_word' id='word_1_723' title='bbox 2385 4898 2480 4965; x_wconf 76' lang='grc' dir='ltr'><strong>Μὴ</strong></span> <span class='ocrx_word' id='word_1_724' title='bbox 2528 4896 2690 4963; x_wconf 77' lang='grc' dir='ltr'>ἡμῖν,</span> <span class='ocrx_word' id='word_1_725' title='bbox 2724 4894 2918 4960; x_wconf 81' lang='grc' dir='ltr'>Κύριε,</span> <span class='ocrx_word' id='word_1_726' title='bbox 2945 4889 3031 4959; x_wconf 82' lang='grc' dir='ltr'>μὴ</span> <span class='ocrx_word' id='word_1_727' title='bbox 3075 4889 3237 4958; x_wconf 71' lang='grc' dir='ltr'>ἡμῖν,</span> <span class='ocrx_word' id='word_1_728' title='bbox 3266 4887 3404 4941; x_wconf 71' lang='grc' dir='ltr'><strong>ἀλλ’</strong></span> <span class='ocrx_word' id='word_1_729' title='bbox 3431 4885 3468 4954; x_wconf 80' lang='grc' dir='ltr'><em>ἢ</em></span> <span class='ocrx_word' id='word_1_730' title='bbox 3518 4884 3599 4950; x_wconf 84' lang='grc' dir='ltr'>τῷ</span> <span class='ocrx_word' id='word_1_731' title='bbox 3644 4885 3900 4954; x_wconf 77' lang='grc' dir='ltr'><strong>ὀνόματί</strong></span> 
     </span>
    </p>
   </div>
   <div class='ocr_carea' id='block_1_106' title="bbox 2318 4976 3898 5054">
    <p class='ocr_par' dir='ltr' id='par_1_106' title="bbox 2318 4976 3898 5054">
     <span class='ocr_line' id='line_1_106' title="bbox 2318 4976 3898 5054; baseline -0.012 -9"><span class='ocrx_word' id='word_1_732' title='bbox 2318 5009 2432 5045; x_wconf 88' lang='grc' dir='ltr'>σου</span> <span class='ocrx_word' id='word_1_733' title='bbox 2483 4988 2589 5054; x_wconf 81' lang='grc' dir='ltr'>δὸς</span> <span class='ocrx_word' id='word_1_734' title='bbox 2634 4985 3061 5049; x_wconf 75' lang='grc' dir='ltr'>δόξαν-,Ἔοικεν</span> <span class='ocrx_word' id='word_1_735' title='bbox 3091 4977 3418 5033; x_wconf 80' lang='grc' dir='ltr'>αἰνίττεσθαι</span> <span class='ocrx_word' id='word_1_736' title='bbox 3446 4976 3537 5029; x_wconf 89' lang='grc' dir='ltr'><strong>τοῦ</strong></span> <span class='ocrx_word' id='word_1_737' title='bbox 3579 4977 3644 5028; x_wconf 86' lang='grc' dir='ltr'><strong>ἐκ</strong></span> <span class='ocrx_word' id='word_1_738' title='bbox 3674 4993 3898 5046; x_wconf 83' lang='grc' dir='ltr'>περιτο-</span> 
     </span>
    </p>
   </div>
   <div class='ocr_carea' id='block_1_107' title="bbox 2322 5067 3901 5152">
    <p class='ocr_par' dir='ltr' id='par_1_107' title="bbox 2322 5067 3901 5152">
     <span class='ocr_line' id='line_1_107' title="bbox 2322 5067 3901 5152; baseline -0.008 -22"><span class='ocrx_word' id='word_1_739' title='bbox 2322 5083 2428 5152; x_wconf 74' lang='grc' dir='ltr'><strong>μῆς</strong></span> <span class='ocrx_word' id='word_1_740' title='bbox 2451 5078 2578 5133; x_wconf 85' lang='grc' dir='ltr'>λαοῦ</span> <span class='ocrx_word' id='word_1_741' title='bbox 2606 5079 2702 5148; x_wconf 79' lang='grc' dir='ltr'><strong>τὴν</strong></span> <span class='ocrx_word' id='word_1_742' title='bbox 2733 5075 3048 5129; x_wconf 78' lang='grc' dir='ltr'>ἀπόπτωσιν</span> <span class='ocrx_word' id='word_1_743' title='bbox 3065 5089 3079 5101; x_wconf 78' lang='grc'><em>’</em></span> <span class='ocrx_word' id='word_1_744' title='bbox 3099 5072 3264 5141; x_wconf 79' lang='grc' dir='ltr'>εὐχήν</span> <span class='ocrx_word' id='word_1_745' title='bbox 3287 5086 3346 5122; x_wconf 87' lang='grc' dir='ltr'><strong>τε</strong></span> <span class='ocrx_word' id='word_1_746' title='bbox 3368 5069 3574 5129; x_wconf 78' lang='grc' dir='ltr'>τούτοις</span> <span class='ocrx_word' id='word_1_747' title='bbox 3604 5067 3872 5137; x_wconf 74' lang='grc' dir='ltr'>παραδιδό</span> <span class='ocrx_word' id='word_1_748' title='bbox 3889 5095 3901 5108; x_wconf 80' lang='grc' dir='ltr'><strong><em>ο</em></strong></span> 
     </span>
    </p>
   </div>
   <div class='ocr_carea' id='block_1_108' title="bbox 2319 5156 3900 5242">
    <p class='ocr_par' dir='ltr' id='par_1_108' title="bbox 2319 5156 3900 5242">
     <span class='ocr_line' id='line_1_108' title="bbox 2319 5156 3900 5242; baseline -0.012 -16"><span class='ocrx_word' id='word_1_749' title='bbox 2319 5191 2402 5226; x_wconf 83' lang='grc' dir='ltr'><strong>ναι</strong></span> <span class='ocrx_word' id='word_1_750' title='bbox 2436 5171 2568 5242; x_wconf 71' lang='grc' dir='ltr'>πρὸς</span> <span class='ocrx_word' id='word_1_751' title='bbox 2592 5167 2993 5238; x_wconf 79' lang='grc' dir='ltr'>ἐξομολόγησιν,</span> <span class='ocrx_word' id='word_1_752' title='bbox 3029 5163 3102 5225; x_wconf 84' lang='grc' dir='ltr'>ὡς</span> <span class='ocrx_word' id='word_1_753' title='bbox 3147 5161 3341 5230; x_wconf 87' lang='grc' dir='ltr'>μηκέτι</span> <span class='ocrx_word' id='word_1_754' title='bbox 3367 5161 3463 5228; x_wconf 78' lang='grc' dir='ltr'><strong>τὴν</strong></span> <span class='ocrx_word' id='word_1_755' title='bbox 3487 5156 3900 5209; x_wconf 74' lang='grc' dir='ltr'>ἐπισκοποῦσαν</span> 
     </span>
    </p>
   </div>
   <div class='ocr_carea' id='block_1_109' title="bbox 2315 5247 3902 5330">
    <p class='ocr_par' dir='ltr' id='par_1_109' title="bbox 2315 5247 3902 5330">
     <span class='ocr_line' id='line_1_109' title="bbox 2315 5247 3902 5330; baseline -0.011 -14"><span class='ocrx_word' id='word_1_756' title='bbox 2315 5264 2462 5316; x_wconf 81' lang='grc' dir='ltr'>θείαν</span> <span class='ocrx_word' id='word_1_757' title='bbox 2507 5261 2686 5330; x_wconf 74' lang='grc' dir='ltr'>ἔχουσι</span> <span class='ocrx_word' id='word_1_758' title='bbox 2737 5258 2983 5326; x_wconf 79' lang='grc' dir='ltr'>δύναμιν.</span> <span class='ocrx_word' id='word_1_759' title='bbox 3020 5253 3268 5308; x_wconf 82' lang='grc' dir='ltr'>Διδάσκει</span> <span class='ocrx_word' id='word_1_760' title='bbox 3316 5251 3380 5321; x_wconf 86' lang='grc' dir='ltr'>δὴ</span> <span class='ocrx_word' id='word_1_761' title='bbox 3416 5249 3592 5316; x_wconf 83' lang='grc' dir='ltr'>λέγειν</span> <span class='ocrx_word' id='word_1_762' title='bbox 3621 5247 3698 5309; x_wconf 82' lang='grc' dir='ltr'>ὡς</span> <span class='ocrx_word' id='word_1_763' title='bbox 3730 5249 3902 5318; x_wconf 75' lang='grc' dir='ltr'>ἡμεῖς</span> 
     </span>
    </p>
   </div>
   <div class='ocr_carea' id='block_1_110' title="bbox 2320 5341 3902 5426">
    <p class='ocr_par' dir='ltr' id='par_1_110' title="bbox 2320 5341 3902 5426">
     <span class='ocr_line' id='line_1_110' title="bbox 2320 5341 3902 5426; baseline -0.011 -19"><span class='ocrx_word' id='word_1_764' title='bbox 2320 5356 2414 5426; x_wconf 78' lang='grc' dir='ltr'><strong>μὲν</strong></span> <span class='ocrx_word' id='word_1_765' title='bbox 2439 5353 2644 5418; x_wconf 77' lang='grc' dir='ltr'>ἀνάξιοι</span> <span class='ocrx_word' id='word_1_766' title='bbox 2671 5351 2767 5421; x_wconf 82' lang='grc' dir='ltr'>τῆς</span> <span class='ocrx_word' id='word_1_767' title='bbox 2797 5350 3016 5420; x_wconf 83' lang='grc' dir='ltr'>χάριτος</span> <span class='ocrx_word' id='word_1_768' title='bbox 3037 5343 3105 5419; x_wconf 82' lang='grc' dir='ltr'><strong>ἧς</strong></span> <span class='ocrx_word' id='word_1_769' title='bbox 3137 5347 3282 5400; x_wconf 83' lang='grc' dir='ltr'>ἆπαν</span> <span class='ocrx_word' id='word_1_770' title='bbox 3310 5343 3457 5406; x_wconf 80' lang='grc' dir='ltr'>ἔθνος</span> <span class='ocrx_word' id='word_1_771' title='bbox 3481 5343 3724 5411; x_wconf 78' lang='grc' dir='ltr'>ἠξίωται.</span> <span class='ocrx_word' id='word_1_772' title='bbox 3748 5341 3902 5408; x_wconf 81' lang='grc' dir='ltr'><strong>Πλὴν</strong></span> 
     </span>
    </p>
   </div>
   <div class='ocr_carea' id='block_1_111' title="bbox 2312 5429 3901 5510">
    <p class='ocr_par' dir='ltr' id='par_1_111' title="bbox 2312 5429 3901 5510">
     <span class='ocr_line' id='line_1_111' title="bbox 2312 5429 3901 5510; baseline -0.011 -14"><span class='ocrx_word' id='word_1_773' title='bbox 2312 5444 2400 5496; x_wconf 76' lang='grc' dir='ltr'><strong>διὰ</strong></span> <span class='ocrx_word' id='word_1_774' title='bbox 2427 5444 2485 5496; x_wconf 77' lang='grc' dir='ltr'><strong>τὸ</strong></span> <span class='ocrx_word' id='word_1_775' title='bbox 2516 5442 2605 5494; x_wconf 76' lang='grc' dir='ltr'><strong>σὺν</strong></span> <span class='ocrx_word' id='word_1_776' title='bbox 2636 5441 2804 5510; x_wconf 73' lang='grc' dir='ltr'>ὄνομα</span> <span class='ocrx_word' id='word_1_777' title='bbox 2839 5440 3057 5507; x_wconf 81' lang='grc' dir='ltr'>ποίησον</span> <span class='ocrx_word' id='word_1_778' title='bbox 3083 5438 3141 5489; x_wconf 87' lang='grc' dir='ltr'><strong>τὸ</strong></span> <span class='ocrx_word' id='word_1_779' title='bbox 3172 5435 3229 5500; x_wconf 82' lang='grc' dir='ltr'><strong>ἐξ</strong></span> <span class='ocrx_word' id='word_1_780' title='bbox 3277 5435 3448 5505; x_wconf 82' lang='grc' dir='ltr'>ἀρχῆς</span> <span class='ocrx_word' id='word_1_781' title='bbox 3481 5429 3778 5498; x_wconf 80' lang='grc' dir='ltr'>ἐπικληθὲν</span> <span class='ocrx_word' id='word_1_782' title='bbox 3817 5431 3901 5495; x_wconf 70' lang='grc' dir='ltr'><strong>ἐφ’</strong></span> 
     </span>
    </p>
   </div>
   <div class='ocr_carea' id='block_1_112' title="bbox 2323 5520 3904 5607">
    <p class='ocr_par' dir='ltr' id='par_1_112' title="bbox 2323 5520 3904 5607">
     <span class='ocr_line' id='line_1_112' title="bbox 2323 5520 3904 5607; baseline -0.009 -17"><span class='ocrx_word' id='word_1_783' title='bbox 2323 5540 2487 5607; x_wconf 77' lang='grc' dir='ltr'>ἡμᾶς.</span> <span class='ocrx_word' id='word_1_784' title='bbox 2507 5535 2642 5587; x_wconf 79' lang='grc' dir='ltr'><strong>Ἀλλ’</strong></span> <span class='ocrx_word' id='word_1_785' title='bbox 2673 5535 2732 5586; x_wconf 75' lang='grc' dir='ltr'><strong>οὐ</strong></span> <span class='ocrx_word' id='word_1_786' title='bbox 2777 5530 3117 5599; x_wconf 73' lang='grc' dir='ltr'>δικαιοσύνης</span> <span class='ocrx_word' id='word_1_787' title='bbox 3161 5528 3330 5590; x_wconf 71' lang='grc' dir='ltr'>διδοὺς</span> <span class='ocrx_word' id='word_1_788' title='bbox 3375 5523 3625 5593; x_wconf 78' lang='grc' dir='ltr'>ἀμοιϐὰς,</span> <span class='ocrx_word' id='word_1_789' title='bbox 3657 5520 3798 5584; x_wconf 74' lang='grc' dir='ltr'>Θεὸς</span> <span class='ocrx_word' id='word_1_790' title='bbox 3825 5521 3904 5575; x_wconf 75' lang='grc' dir='ltr'>ὢν</span> 
     </span>
    </p>
   </div>
   <div class='ocr_carea' id='block_1_113' title="bbox 2326 5615 3898 5702">
    <p class='ocr_par' dir='ltr' id='par_1_113' title="bbox 2326 5615 3898 5702">
     <span class='ocr_line' id='line_1_113' title="bbox 2326 5615 3898 5702; baseline -0.039 3"><span class='ocrx_word' id='word_1_791' title='bbox 2326 5631 2592 5702; x_wconf 68' lang='grc' dir='ltr'>ἀληθινὸς,</span> <span class='ocrx_word' id='word_1_792' title='bbox 2625 5628 2733 5682; x_wconf 84' lang='grc' dir='ltr'>ἀλλ’</span> <span class='ocrx_word' id='word_1_793' title='bbox 2767 5627 2860 5686; x_wconf 76' lang='grc' dir='ltr'><strong>οὐγ</strong></span> <span class='ocrx_word' id='word_1_794' title='bbox 2891 5619 2974 5678; x_wconf 75' lang='grc' dir='ltr'>οἷα</span> <span class='ocrx_word' id='word_1_795' title='bbox 3019 5624 3085 5677; x_wconf 79' lang='grc' dir='ltr'><strong>τὰ</strong></span> <span class='ocrx_word' id='word_1_796' title='bbox 3118 5621 3334 5675; x_wconf 65' lang='grc' dir='ltr'>εἴδωλα·</span> <span class='ocrx_word' id='word_1_797' title='bbox 3378 5618 3396 5630; x_wconf 83' lang='grc'><strong>·</strong></span> <span class='ocrx_word' id='word_1_798' title='bbox 3438 5618 3558 5649; x_wconf 32' lang='grc' dir='ltr'><strong>ο-ςῆ</strong></span> <span class='ocrx_word' id='word_1_799' title='bbox 3594 5615 3898 5651; x_wconf 47' lang='lat' dir='ltr'><strong>um...“</strong></span> 
     </span>
    </p>
   </div>
  </div>
