4070 6444
182 386 286 449 669

185 597 327 664 ἔργα
361 593 569 663 χειρῶν
592 594 927 662 ἀνθρώπων.
960 595 1130 648 Τινῶν
1155 597 1258 649 τῶν
1282 598 1625 668 ἀντιγράφων
1647 601 1745 670 ἀρ-

186 688 285 756 χὴν
308 685 420 754 ἔχει
451 684 621 738 ταῦτα
652 686 835 755 ἐτέρου
868 685 1102 755 ψαλμοῦ,
1134 686 1205 749 ὼς
1242 682 1378 740 εἶναι
1413 688 1597 741 τοῦτον
1623 690 1748 741 ἐκασ

184 775 372 828 τοστὺν
416 775 1218 846 τεσσαρεσκαιδέκατον.Ἡμεῖς
1251 778 1326 841 δὲ,
1362 778 1438 847 τῷ
1482 778 1750 847 Ἐϐραῖκῷ

187 869 554 939 παρεπόμενοι
586 868 758 937 μέρει,
797 864 933 921 εἶναι
959 868 1126 922 ταῦτα
1154 869 1414 939 τιθέμεθα
1440 870 1531 923 τοῦ
1565 872 1750 923 ἑκατο-

188 958 313 1012 στού
344 959 803 1030 τρισκαιδεκάτου.
836 960 1186 1014 Παιδεύονται
1214 962 1321 1032 γὰρ
1365 964 1411 1014 οἱ
1460 963 1643 1025 παῖδες
1672 956 1750 1025 οἷς

186 1053 368 1119 ἔλεγεν
390 1068 403 1080 ο
440 1050 683 1113 Αἰνεῖτε,
713 1051 937 1117 παῖδες,
965 1054 1211 1120 Κύριον·
1247 1054 1519 1107 τουτέστιν
1564 1056 1591 1107 ὁ
1636 1054 1751 1116 νέος

184 1140 331 1202 λαός.
375 1140 530 1193 Ποῖον
554 1139 755 1210 Κύριον
790 1142 1056 1211 προσῆκόν
1084 1143 1229 1195 ἐστιν
1257 1145 1455 1207 αἰνεῖν;
1492 1145 1659 1197 Αὑτὸν
1687 1144 1750 1215 δὴ

184 1232 274 1283 τὸν
303 1232 394 1283 ἐπὶ
430 1232 537 1283 τῶν
578 1232 635 1296 ἐξ
676 1233 946 1299 Αἰγύπτου
971 1234 1201 1287 τοσαῦτα
1228 1238 1750 1306 τερατουργήσαντα,

190 1322 330 1391 μετὰ
359 1320 453 1373 τοῦ
488 1322 678 1392 μαθεῖν
701 1324 872 1375 ὁποῖοί
900 1341 1042 1387 τινες
1069 1321 1207 1395 ἦσαν
1255 1326 1303 1377 οξ
1345 1325 1511 1378 πάλαι
1551 1328 1754 1380 τούτων

185 1412 318 1466 θεοί.
359 1412 439 1466 Τὰ
467 1413 574 1483 γὰρ
602 1413 793 1465 εἴδωλα
820 1415 881 1466 οὐ
916 1414 1073 1484 μόνον
1116 1416 1265 1468 οὐδὲν
1307 1413 1449 1486 εἶχον
1472 1418 1655 1486 ὅμοιον
1679 1414 1755 1485 τῷ

187 1504 700 1577 παραδοξοποιοῦντι
747 1504 885 1575 Θεῷ,
914 1506 1027 1559 ἀλλ’
1054 1507 1172 1559 οὐδὲ
1224 1510 1334 1570 τοῖς
1373 1508 1477 1560 τῶν
1500 1508 1755 1579 ἐμψύχων

187 1594 461 1663 ἐσχάτοις,
488 1588 568 1657 οἷς
616 1596 916 1667 αἰσθήσεως
957 1598 1190 1668 μετέχει.
1221 1600 1463 1652 Κάκεῖνα
1499 1600 1595 1670 μὲν
1622 1600 1757 1671 ἔργα

187 1686 349 1747 Θεοῦ,
377 1686 547 1740 ταῦτα
569 1686 625 1738 δὲ
648 1688 842 1757 τέχνης
865 1689 960 1742 ἀνθ
970 1689 1183 1760 ρώπων.
1213 1692 1560 1745 Διδάσκονται
1589 1691 1644 1743 δὲ
1668 1691 1755 1743 λέ-

187 1795 339 1847 γειν·
378 1781 592 1849 Ὅμοιοι
629 1782 832 1847 αὐτοῖς
870 1781 1153 1850 γένοιντο.
1179 1784 1291 1837 Ούκ
1319 1783 1621 1855 ἀνθρώποις
1656 1786 1754 1837 ἐπ-

188 1848 484 1940 αρώμενοι.
516 1848 951 1942 Μανθάνομενῖδὲ
973 1867 1081 1926 οἷον
1107 1874 1168 1926 τὸ
1197 1875 1295 1944 τῆς
1326 1848 1754 1945 εἰδωλολατρεεας
1789 1848 1829 1906 Β

188 1961 344 2024 τέλος
373 1962 674 2016 ἀπόκειται.
709 1964 771 2015 Οἱ
797 1964 903 2036 γὰρ
928 1964 1261 2035 ἀναισθήτως
1292 1966 1644 2036 ὲπανὲχοντες
1671 1967 1761 2018 οὑ-

186 2051 281 2105 τὲν
314 2051 491 2104 αὐτῶν
516 2053 655 2107 κατὰ
679 2054 901 2125 γνώμην
927 2055 1230 2110 διοίσουσιν.
1252 2057 1527 2127 Τοσαύτην
1558 2057 1760 2128 βλάϐην

191 2143 377 2206 αὐτοῖς
399 2144 495 2214 τῆς
510 2146 922 2217 ὲμφωλευούσης
937 2147 1252 2219 δαιμονικῆς
1270 2149 1543 2219 ἐνεργείας
1576 2150 1759 2203 ποιού-

195 2246 318 2301 σης.

272 2432 495 2498 Ὅμοιοι
544 2432 746 2498 αὐτοῖς
797 2432 1062 2502 γένοιντο
1114 2439 1166 2487 ol
1224 2436 1535 2505 ποιοῦντες
1590 2437 1758 2493 αὑτά.

196 2523 453 2575 Ἔσονται
486 2522 655 2586 οὕτως
690 2524 1065 2595 ἀπολλύμενοι,
1102 2526 1176 2589 ὡς
1208 2527 1276 2579 τὰ
1304 2530 1560 2599 χρήματα
1598 2532 1691 2585 καὶ
1714 2533 1763 2584 οἱ

191 2613 612 2684 θησαυρίζοντες
644 2616 802 2670 αύτά.

271 2700 445 2770 Οἶκος
486 2705 731 2773 Ἰσραὴλ
767 2706 1027 2774 ἤλπισεν
1062 2708 1160 2760 ἐπὶ
1204 2706 1441 2776 Κύριον.
1476 2710 1656 2764 Ταῦτα
1699 2711 1766 2765 τὰ

191 2793 321 2866 ιθνη
370 2797 551 2864 φασὶν,
617 2798 717 2859 ὅτι,
781 2800 967 2867 ὥσπερ
1025 2800 1189 2851 πάλαι
1244 2801 1606 2856 πιστεύσαντα
1676 2804 1766 2856 τὸν

207 2881 419 2956 Ἰσραὴλ
443 2885 662 2951 ἔσωσεν,
697 2887 837 2941 οὕτω
859 2891 951 2942 καὶ
973 2888 1065 2941 νῦν
1108 2889 1176 2942 τὰ
1203 2890 1326 2961 ἔθνη
1360 2893 1539 2947 σώσει.
1575 2897 1637 2947 Ol
1659 2894 1766 2965 γὰρ

193 2977 548 3045 ,φοϐούμενοι
599 2978 705 3032 τὸν
748 2978 989 3048 Κύριον,
1020 2981 1087 3034 τα
1114 2982 1239 3051 ἔθνη
1273 2978 1380 3035 εἷεν
1411 2984 1766 3052 ἆν.⁹Υπεξαι-

197 3068 460 3138 ρουμένου
488 3070 595 3141 γὰρ
624 3070 714 3123 τοῦ
736 3071 884 3124 οἴκου
923 3073 1153 3143 Ἰσραὴλ,
1175 3074 1415 3126 τουτέστι
1450 3075 1647 3140 παντὸς
1674 3078 1767 3130 τοῦ

196 3158 456 3229 πλήθους,
495 3162 587 3214 καὶ
618 3162 710 3213 τοῦ
736 3162 884 3215 οἴκου
921 3163 1127 3234 Ἀαρὼν
1162 3165 1255 3217 καὶ
1292 3165 1385 3217 τοῦ
1419 3166 1565 3220 οἴκου
1599 3170 1764 3220 Λευῖο

192 3250 348 3313 τίνας
380 3252 598 3323 ἑτέρους
640 3249 774 3306 εἶναι
806 3254 1087 3324 συμϐαίνει
1126 3257 1248 3317 τοὺς
1287 3256 1649 3328 φοϐουμένους
1678 3259 1767 3312 τὸν

195 3341 422 3413 Κύριον,
453 3343 485 3413 ἦ
515 3344 603 3396 τὸν
632 3344 688 3411 ἐξ
722 3345 887 3398 ἐθνῶν
918 3346 1077 3409 λαὸνς

265 3435 561 3501 Προσθείη
612 3433 825 3502 Κύριος
863 3437 956 3504 ἐφ’
990 3436 1163 3505 ἡμᾶς,
1194 3437 1283 3506 ἐφ’
1320 3438 1474 3507 ἡμᾶς
1524 3440 1619 3494 καὶ
1669 3442 1766 3495 ἐπὶ

191 3526 339 3591 τοὺς
368 3526 536 3591 υἱοὺς
561 3525 744 3595 ἡμῶν.
785 3529 953 3592 Αὐτὸς
986 3532 1092 3601 γάρ
1119 3533 1261 3583 ἐστιν
1306 3528 1365 3585 οὗ
1414 3534 1536 3591 τοὺς
1575 3536 1769 3605 νόμους

191 3618 679 3689 φυλάττομεν.”ῐνα
707 3619 814 3691 γὰρ
850 3620 924 3692 μὴ
947 3622 1139 3694 νομίσῃ
1168 3641 1249 3686 τις
1272 3622 1429 3677 ἄλλου
1454 3626 1596 3689 τινος
1630 3626 1769 3680 εἶναι

188 3712 294 3781 τὴν
316 3708 403 3762 διὰ
428 3710 705 3776 Μωῦσέως
734 3714 1071 3782 νομοθεσίαν,
1094 3715 1199 3786 πρὸ
1226 3714 1321 3785 τῆς
1350 3714 1550 3768 τούτων
1571 3718 1767 3782 δόσεως

188 3800 265 3851 τα
317 3800 445 3869 περὶ
477 3801 575 3870 τῆς
609 3804 965 3871 κοσμοποιίας
990 3805 1270 3875 παρέδωκε
1295 3822 1307 3835 ’
1335 3806 1400 3858 δι’
1423 3801 1489 3877 ἧς
1517 3808 1609 3860 ἕνα
1637 3809 1768 3863 Θεὸν

190 3888 338 3943 εἶναι
366 3890 625 3955 διδάσκει,
655 3894 721 3946 τα
754 3896 810 3947 δὲ
838 3894 997 3947 λοιπὰ
1024 3898 1243 3967 γενητὰ.

274 3985 397 4051 Οὐκ
454 3987 507 4037 ol
560 3988 757 4054 νεκροὶ
801 3987 1115 4043 αἰνέσουσι
1158 4006 1251 4052 σε,
1303 3994 1496 4059 Κύριε.
1530 3994 1767 4065 Νεκμούς

194 4076 356 4129 καλεῖ
383 4078 506 4140 τοὺς
537 4078 641 4130 τῶν
672 4078 936 4149 δαιμόνων
971 4082 1328 4152 θεραπευτὰς,
1357 4086 1481 4147 τοὺς
1511 4086 1583 4157 μὴ
1617 4087 1769 4155 ἔχον-

192 4188 295 4234 τας
322 4173 379 4222 ἐν
404 4172 586 4236 αὐτοῖς
614 4174 711 4244 τὴν
741 4174 906 4245 ζωὴν,
933 4176 1176 4229 τουτέστι
1205 4179 1302 4248 τὴν
1334 4179 1529 4247 γνῶσιν
1553 4180 1643 4233 τοῦ
1678 4181 1772 4251 μό-

193 4280 293 4316 νου
324 4262 480 4315 Θεοῦ.

542 4356 913 4425 Ἀλληλοὺϊω
948 4362 1254 4415 ΨΑΛΜΟΣ
1286 4364 1436 4417 Ρ1Δ’.

832 4452 1149 4519 Ὑπόθεσις.

1266 389 1625 448 EXPOSITIO
1662 392 1728 447 IN
1770 392 2096 450 PSALMUM
2134 392 2317 451 CXIV.

258 505 335 559 Τὰ
376 505 591 559 εἴδωλα
635 497 975 558 τώπὲθᾶαὒν
1018 505 1298 573 ἀργύριον
1339 508 1434 559 καὶ
1472 509 1746 576 χρυσίον,
1780 514 1823 569 Α

3300 390 3402 445 470

1922 509 1974 561 4.
2006 506 2302 561 Simulacra
2338 507 2562 575 gentium
2599 512 2869 574 argentum
2905 511 2950 556 et
2993 518 3204 565 aurum,
3246 518 3402 570 opera

1851 615 2099 652 manuum
2141 599 2424 651 hominum.
2473 596 2527 649 ln
2561 596 2905 665 'quibusdam
2959 591 3359 662 exemplaribus
3385 633 3402 659 ,

1852 690 1963 743 haec
1985 699 2111 743 sunt
2144 690 2353 742 initium
2386 688 2608 741 alterius
2637 686 2852 756 psalmi,
2886 685 2958 738 ita
2984 693 3042 738 ut
3074 684 3161 737 hic
3188 685 3256 737 sit
3278 699 3406 738 cen-

1852 781 2076 834 tesimus
2121 780 2364 835 decimus
2405 774 2670 848 quartus.’
2702 776 2813 831 Nos
2849 785 3027 831 autem
3074 774 3402 830 Hebraicum

1851 884 2156 942 sequentes,
2189 876 2302 931 haec
2332 888 2538 947 partem
2567 892 2689 931 esse
2718 876 3006 931 statuimus
3044 872 3237 943 psalmi
3281 888 3409 927 cen-

1851 965 2027 1018 tesimi
2057 966 2248 1020 decimi
2285 967 2448 1021 tertii.
2484 965 2754 1020 Docentur
2776 967 2919 1019 enim
2948 965 3098 1033 pueri
3122 964 3319 1033 quibus
3337 962 3410 1015 di-

1853 1058 1931 1111 xit
1966 1077 1978 1112 :
2009 1057 2264 1125 Laudate,
2313 1062 2483 1128 pueri,
2540 1060 2816 1112 Dominum
2857 1060 2898 1088 ²⁷
2936 1074 2950 1121 ;
2985 1057 3035 1110 id
3086 1066 3190 1116 est,
3234 1071 3409 1108 novus

1853 1148 2105 1218 populus.
2167 1148 2401 1218 Ecquem
2463 1149 2751 1204 Dominum
2816 1147 3037 1201 laudare
3100 1146 3408 1199 convenit?

1854 1241 2032 1309 Ipsum
2062 1256 2211 1303 sane,
2243 1242 2335 1310 qui
2366 1243 2418 1295 in
2449 1241 2731 1311 A‘ngptios
2762 1249 2911 1294 tanta
2941 1238 3183 1309 prodigia
3219 1220 3425 1303 edidit:

1856 1339 2137 1395 postquam
2189 1329 2490 1383 didicerunt
2541 1329 2731 1397 quales
2777 1328 2976 1381 fuerint
3011 1328 3142 1381 olim
3192 1328 3411 1380 illorum

1855 1416 1948 1470 dii.
1988 1415 2134 1472 ldola
2159 1419 2303 1472 enim
2340 1418 2537 1473 nedum
2560 1419 2855 1488 quidquam
2888 1418 3062 1471 simile
3089 1417 3198 1471 Deo
3224 1417 3412 1486 prodi-

1857 1508 1941 1577 gia
1974 1511 2222 1579 operanti
2255 1511 2536 1572 haberent,
2567 1526 2634 1564 ne
2678 1510 2879 1564 inlimis
2918 1509 3134 1577 quidem
3168 1508 3419 1562 animali-

1858 1601 1959 1657 bus
1989 1602 2189 1669 quibus
2218 1618 2411 1657 sensus
2454 1612 2538 1657 est
2568 1602 2869 1671 quidpiam,
2901 1604 3051 1669 paria
3080 1610 3253 1654 erant.
3280 1598 3415 1654 Nam

1860 1696 1947 1749 illa
1974 1695 2192 1765 quidem
2224 1705 2351 1751 sunt
2386 1694 2479 1749 Dei
2508 1710 2693 1764 Opera,
2730 1695 2844 1747 haec
2882 1703 3062 1748 autem
3088 1692 3253 1757 idola,
3283 1693 3418 1746 artis

1862 1786 2111 1841 humana:
2139 1805 2151 1839 :
2184 1788 2449 1841 docentur
2482 1796 2671 1839 autem
2698 1785 2877 1839 dicere
2916 1803 2930 1838 :
2970 1783 3182 1838 Similes
3218 1784 3327 1837 illis
3355 1784 3421 1852 ﬁ-

1862 1889 1971 1929 ant.
2003 1876 2119 1930 Non
2153 1877 2296 1946 quod
2325 1876 2638 1930 hominibus
2682 1876 2822 1929 mala
2864 1884 3171 1944 precentur.
3207 1872 3420 1927 Edisci-

1861 1985 1984 2024 mus
2013 1978 2190 2024 autem
2234 1970 2328 2040 qui
2360 1969 2501 2025 linis.
2523 1968 2842 2023 idololatriae
2873 1968 3159 2037 deputatus
3194 1967 3283 2020 sit.
3320 1964 3423 2031 Qui

1864 2061 2006 2113 enim
2043 2060 2198 2129 quasi
2228 2075 2392 2114 sensu
2414 2068 2662 2114 carerent
2684 2059 2846 2112 idolis
2878 2058 3119 2111 animum
3145 2056 3421 2116 adhibent,

1865 2148 2000 2201 nihil
2037 2149 2106 2202 ab
2142 2149 2223 2204 eis
2253 2148 2555 2204 secundum
2605 2158 2843 2202 mentem
2874 2147 3148 2200 dill‘erunt.
3191 2144 3423 2198 Tantum

1866 2239 2074 2294 scilicet
2099 2240 2232 2309 ipsis
2260 2241 2570 2295 nocumenti
2612 2240 2845 2294 allerunt
2868 2239 3176 2293 daemonum
3216 2236 3321 2289 illm
3349 2237 3426 2289 la-

1864 2332 2081 2385 titantes
2117 2332 2343 2387 insidiae.

1933 2424 1985 2476 8.
2017 2422 2226 2478 Similes
2266 2426 2371 2479 illis
2424 2426 2556 2493 ﬁant
2598 2426 2685 2494 qui
2731 2424 2929 2491 faciunt
2978 2438 3060 2475 ea.
3101 2419 3337 2474 Perinde
3374 2420 3425 2472 in

1866 2518 2161 2586 perniciem
2208 2520 2382 2582 ibunt,
2420 2528 2583 2589 atque
2607 2518 2805 2573 divitiae
2838 2525 2891 2572 et
2922 2515 2957 2569 ii
2998 2517 3091 2584 qui
3127 2514 3429 2568 recondunt

1867 2616 2007 2671 illas.

1935 2710 1988 2763 9.
2033 2707 2226 2760 Domus
2257 2704 2429 2758 Israel
2461 2705 2683 2772 speravit
2710 2702 2764 2755 in
2790 2700 3035 2767 Domino,
3062 2709 3167 2754 etc.
3196 2697 3321 2752 Haec
3348 2698 3432 2752 di-

1868 2809 1998 2855 cunt
2027 2807 2214 2868 gentes
2249 2816 2262 2851 :
2288 2797 2432 2868 quod
2462 2797 2669 2851 scilicet
2690 2793 3149 2864 quemadmodum
3167 2792 3297 2846 olim
3318 2806 3432 2845 cre-

1866 2894 2075 2948 dentem
2114 2892 2279 2947 lsrael
2321 2893 2527 2945 salvum
2572 2888 2737 2953 fecit;
2785 2887 2858 2941 ita
2905 2892 2958 2939 et
2992 2901 3137 2939 nunc
3183 2883 3433 2950 gentibus

1868 2988 2094 3041 salutem
2132 2987 2351 3039 tribuet.
2393 2982 2524 3037 Nam
2559 2984 2646 3053 qui
2674 2983 2852 3034 timent
2900 2979 3201 3041 Dominum,
3231 2977 3267 3029 ii
3300 2991 3434 3045 gen--

1870 3084 1951 3130 tes
1982 3075 2203 3129 fuerint.
2238 3073 2460 3127 Sublata
2488 3074 2685 3142 quippe
2714 3072 2879 3125 domo
2904 3070 3085 3132 Israel,
3113 3069 3163 3122 id
3184 3079 3267 3122 est
3285 3068 3433 3121 omni

1869 3163 2233 3227 multitudine,
2282 3171 2334 3214 et
2380 3162 2545 3215 domo
2588 3162 2767 3214 Aaron
2813 3169 2975 3228 atque
3012 3157 3137 3212 Levi
3176 3156 3308 3225 ;qui
3341 3156 3432 3208 alii

1868 3269 1988 3308 esse
2017 3252 2225 3322 possint
2245 3253 2336 3323 qui
2371 3254 2560 3308 timent
2594 3253 2904 3315 Dominum,
2942 3251 3046 3305 nisi
3088 3248 3303 3321 gentilis
3332 3262 3433 3317 po-

1867 3346 2048 3417 palus.

1942 3440 2027 3493 14.
2064 3439 2297 3508 Adjicint
2332 3436 2583 3489 Dominus
2614 3452 2766 3504 super
2804 3452 2916 3499 nos,
2949 3451 3103 3503 super
3142 3450 3233 3487 nos
3262 3445 3311 3486 et
3346 3451 3436 3487 su-

1869 3547 1959 3598 per
1980 3529 2118 3597 ﬁlios
2151 3540 2374 3579 nostros.
2424 3526 2541 3595 Ipse
2577 3540 2811 3594 namque
2836 3532 2920 3579 est
2958 3523 3114 3593 cujus
3159 3522 3305 3593 leges
3336 3523 3434 3575 ob-

1870 3635 2165 3675 servamus.
2221 3617 2298 3673 Ne
2349 3619 2550 3688 cogitet
2604 3619 2747 3671 enim
2795 3618 3067 3686 quispiam
3117 3616 3259 3671 alius
3314 3631 3436 3670 esse

1870 3713 2039 3782 legem
2080 3710 2282 3781 Moysis
2320 3728 2334 3776 ;
2368 3719 2492 3763 ante
2522 3710 2686 3778 leges,
2722 3708 2909 3762 mundi
2947 3708 3282 3763 creationem
3324 3718 3436 3762 tra-

1869 3803 2003 3858 didit
2038 3823 2051 3858 :
2084 3818 2177 3873 per
2219 3818 2382 3872 quam
2416 3802 2573 3856 docet
2614 3816 2783 3854 unum
2826 3814 2947 3854 esse
2990 3798 3184 3864 Deum,
3226 3799 3435 3870 reliqua

1869 3912 1998 3951 vero
2033 3895 2196 3950 facta.

1942 3988 2028 4040 17.
2069 3986 2189 4040 Νοη
2233 3990 2427 4039 mortui
2463 3985 2753 4039 laudabunt
2796 3994 2862 4046 te,
2912 3982 3149 4037 Domine.
3195 3981 3435 4037 Mortuus

1870 4087 2027 4133 vocat
2056 4077 2364 4132 daamonum
2408 4077 2667 4135 cultores,
2698 4075 2791 4144 qui
2817 4090 2923 4127 non
2955 4074 3157 4129 habent
3184 4076 3236 4128 in
3268 4088 3326 4128 se
3353 4073 3437 4126 vi-

1874 4182 2002 4237 tam,
2037 4170 2089 4225 id
2115 4181 2197 4225 est
2234 4170 2406 4224 solius
2431 4168 2523 4222 Dei
2559 4167 2946 4239 cognitionem.

2236 4354 2477 4412 Alleluia.
2517 4348 2854 4406 PSALMUS
2881 4347 3085 4404 CXIV.

2452 4450 2488 4501 Α
2502 4456 2851 4518 rgumentum.

208 4540 299 4594 Ἐν
330 4538 501 4610 τούτῳ
519 4539 704 4609 ἀγῶνα
730 4541 836 4594 τῶν
855 4542 951 4614 τὴν
971 4544 1326 4617 εύαγγελικὴν
1350 4546 1619 4600 πολιτεέαν
1648 4566 1763 4618 μετ-

1874 4542 1929 4597 In
1970 4544 2071 4598 hoc
2104 4541 2373 4613 signiﬁcat
2408 4551 2683 4595 certamen
2714 4553 2904 4593 eorum
2937 4535 3028 4605 qui
3068 4532 3438 4604 evangelicum

268 4630 580 4701 ερχομένων
612 4634 884 4703 σημαίνει,
919 4636 1010 4688 καὶ
1036 4637 1131 4707 τὴν
1163 4639 1301 4691 κατὰ
1325 4638 1453 4690 Θεὸν
1484 4639 1660 4692 αὐτῶν
1693 4640 1769 4692 νί-

270 4742 394 4793 κην,
430 4725 523 4777 καὶ
553 4725 641 4778 τὸν
673 4727 922 4796 ἐσόμενον
955 4729 1093 4800 ὑπὲρ
1134 4732 1240 4786 τῶν
1279 4733 1453 4785 πόνων
1488 4734 1763 4801 στέφανον.

279 4814 609 4885 Ἠγὰπησα,
636 4817 723 4870 ὅτι
753 4822 1165 4875 εἱσαλιούσεται
1192 4826 1401 4889 Κύριος
1430 4823 1536 4891 τῆς
1564 4824 1768 4892 φωνῆς

190 4911 309 4978 τῆς
343 4911 603 4978 δεήσεως
625 4932 762 4981 μου.
800 4915 908 4967 Καὶ
937 4914 1372 4985 τίναοὴγάπησες
1427 4916 1627 4986 Κύριον
1677 4914 1767 4968 τὸν

194 5006 333 5057 θεὸν
379 5004 438 5068 ἐξ
482 5006 608 5075 ὅλης
642 5008 886 5077 καρδίας,
922 5006 1013 5058 καὶ
1048 5008 1105 5071 ἐξ
1137 5009 1261 5079 ὅλης
1301 5008 1553 5071 διανοίας,
1588 5008 1679 5061 καὶ
1708 5006 1767 5070 ἐξ

193 5098 329 5168 εῖτιςς
371 5096 580 5167 ἰσχύος⁸
634 5100 726 5150 καὶ
778 5099 875 5168 τῆς
916 5100 1133 5170 ἀγάπης
1181 5102 1367 5171 μισθὸν
1416 5101 1627 5167 ἐδέξατο
1670 5104 1767 5171 τὴν

194 5192 462 5261 ὑπακοήν.

272 5280 382 5333 Kal
419 5281 489 5333 ἐν
533 5281 663 5348 ταῖς
708 5280 952 5349 ἡμέραις
991 5302 1108 5353 μου
1156 5286 1603 5354 ἑπικαλέσομαι.
1659 5287 1765 5339 Καὶ

194 5370 384 5431 ποίαις
416 5371 670 5441 ἡμέραις,
700 5373 732 5443 ἦ
770 5376 885 5435 ταῖς
913 5374 1005 5427 τοῦ
1033 5376 1259 5443 ἀγῶνος,
1285 5376 1372 5429 ὅτε
1401 5377 1765 5430 ἐκινδύνευσεν

194 5460 366 5513 αὑτοῦ
398 5463 430 5530 ἡ
462 5462 646 5532 duxi};

272 5548 604 5618 Περιέσχον
644 5569 720 5619 με
767 5552 972 5620 ὠδῖνες
1015 5556 1289 5611 θανάτοιν.
1323 5558 1430 5630 Τὴν
1468 5559 1768 5631 ὑπερϐολὴν

196 5641 600 5710 χατασημαίνει
629 5643 732 5697 τῶν
761 5643 1008 5715 θλίψεων,
1050 5648 1153 5703 τῶν
1184 5651 1483 5719 γενομένων
1508 5651 1655 5723 αὐτῷ
1680 5652 1765 5705 διὰ

282 5812 325 5849 ⁸⁷
366 5811 507 5869 Psal.
540 5832 670 5880 exn,
704 5817 753 5873 l.

1949 4636 2072 4691 vitae
2108 4635 2411 4690 institutum
2463 4631 2690 4703 ingressi
2742 4638 2890 4691 sunt,
2936 4641 3237 4696 eorumque
3273 4626 3441 4681 victo—

1946 4729 2084 4781 riam
2119 4724 2212 4778 Dei
2248 4733 2379 4778 nutn
2427 4730 2773 4792 reportatam,
2799 4728 2853 4774 et
2884 4718 3122 4773 futuram
3157 4732 3256 4786 pro
3288 4715 3439 4770 labo-

1947 4821 2099 4874 ribus
2131 4832 2407 4873 coronam.

1944 4911 2144 4975 Dilea'i,
2178 4912 2425 4980 quoniam
2455 4908 2695 4961 exaudiet
2726 4907 2977 4959 Dominus
3004 4902 3442 4956 rocemoraticnis

1876 5020 2021 5058 mete.
2071 5002 2308 5071 Ecquem
2358 5000 2598 5055 dilexit?
2646 4998 2931 5054 Dominum
2998 4996 3187 5075 Deum.
3216 5011 3279 5049 ex
3329 5004 3444 5049 toto

1875 5096 2035 5149 corde
2078 5105 2132 5148 et
2158 5110 2224 5148 ex
2269 5104 2378 5147 tota
2412 5102 2609 5154 mente,
2642 5102 2697 5145 et
2740 5107 2806 5145 ex
2856 5100 2967 5143 tota
3002 5090 3197 5142 virtute
3230 5105 3245 5153 ;
3295 5096 3348 5141 et
3387 5088 3443 5140 iu

1878 5188 2184 5243 dilectionis
2217 5187 2495 5255 prtctttium
2529 5184 2806 5240 exaudivit
2838 5183 2990 5237 illum
3034 5181 3194 5234 Deus.

1942 5282 1996 5335 ‘2.
2033 5279 2098 5333 Et
2128 5281 2181 5333 in
2220 5278 2399 5332 diebus
2434 5281 2559 5332 meis
2591 5277 2859 5332 invocabo.
2896 5277 2960 5330 Et
3002 5278 3054 5329 in
3089 5274 3291 5344 quibus
3328 5274 3441 5326 dic-

1874 5377 1976 5431 bus
2007 5394 2021 5440 ;
2053 5376 2153 5430 nisi
2197 5376 2247 5428 in
2291 5376 2484 5429 diebus
2514 5373 2831 5430 certaminis
2867 5391 2990 5428 cum
3027 5374 3145 5441 ejus
3176 5368 3357 5423 anima
3389 5385 3439 5423 ιι

1872 5467 2113 5536 periculo
2139 5467 2456 5521 versabatur
2481 5466 2505 5517 ’ἔ

1872 5600 1875 5607 ,
1942 5559 1994 5612 3.
2034 5556 2495 5611 Circumdederunt
2527 5572 2604 5608 me
2644 5554 2847 5607 dolores
2894 5551 3094 5605 mortis.
3145 5546 3440 5604 Vehemen-

1876 5649 2005 5703 tiatn
2039 5648 2309 5719 signiﬁcat
2338 5646 2711 5714 alllictionum,
2748 5663 2869 5717 qua":
2902 5645 3000 5715 ipsi
3029 5642 3246 5713 pietatis
3270 5654 3441 5697 causa
