4070 6482
699 413 798 470 Ui

1534 410 1592 468 S.
1631 409 1997 466 ATHANASII
2035 409 2183 466 OPP.
2225 407 2401 465 PARS
2437 409 2524 466 Ill.
2564 444 2628 452 ——
2667 413 3072 473 EXEGETECA.

3791 416 3890 472 472

695 531 1023 595 acciderunt,
1049 546 1210 602 quam
1239 530 1597 586 calamitatem
1629 542 1684 588 et
1713 533 1928 588 dolores
1957 534 2165 596 mortis,
2187 540 2240 585 et

2337 533 2433 605 τὴν
2464 536 2757 600 εὐσέϐειαν,
2785 540 2851 609 ἣν
2883 541 2973 593 καὶ
3002 540 3192 603 ὠδῖνας
3235 540 3460 595 θανάτου
3505 538 3595 592 καὶ
3620 536 3891 603 κινδύνους

695 623 930 677 ιιθτῙουΙο
957 621 1174 687 inferni,
1221 630 1276 677 et
1306 622 1648 677 aﬂlictionem
1692 634 1748 678 et
1791 623 2033 679 dolorem
2061 635 2235 681 vocat.

695 711 797 767 Sed
829 727 894 766 eo
919 714 1062 781 quod
1105 715 1437 768 invocaverit
1467 713 1632 768 Deum
1678 715 1746 769 iis
1790 717 2043 770 omnibus
2081 732 2241 786 supeo

691 804 803 858 rior
842 806 1031 859 evasit.
1084 804 1261 870 Quare
1289 807 1340 859 in
1389 808 1663 875 protemiis
1705 807 1914 862 dicebat
1961 828 1972 862 :
2031 808 2226 874 Dilexi,

689 896 934 963 quoniam
957 899 1198 950 exaudiet
1230 896 1480 951 Dominus
1508 915 1678 952 uocem
1707 900 1960 953 orationis
1988 916 2131 955 mete.

756 986 810 1038 4.
850 984 896 1040 0
929 985 1167 1051 Domine,
1195 988 1359 1041 libera
1389 990 1620 1042 animum
1646 1007 1832 1045 meam.
1880 989 2239 1062 Singulariter

689 1078 971 1145 superius:
999 1076 1064 1130 Et
1091 1081 1140 1132 in
1158 1080 1334 1135 diebus
1360 1082 1487 1135 mei:
1512 1082 1759 1136 invocavi.
1779 1084 1896 1137 Jam
1930 1099 2056 1139 vero
2081 1085 2238 1138 docet

685 1184 808 1240 quae
837 1171 906 1224 sit
943 1171 1228 1226 invocatio.
1265 1169 1584 1242 Ecqureuam
1629 1175 1714 1228 illa
1743 1185 1845 1240 est,
1887 1177 1989 1231 nisi
2023 1177 2112 1232 illa
2143 1197 2156 1231 :
2189 1178 2233 1233 0

685 1261 928 1331 Domine,
963 1265 1125 1319 libera
1164 1268 1395 1322 animam
1431 1284 1599 1322 meam
1634 1269 1658 1320 Ρ
1704 1267 1828 1323 llaec
1877 1279 2054 1324 autem
2100 1270 2236 1324 dixit

687 1369 887 1421 gnarus
932 1371 1078 1419 eum,
1126 1366 1312 1426 utpote
1373 1357 1804 1421 misericordem,
1850 1359 2231 1413 exauditurum

683 1460 822 1500 esse.
842 1445 906 1499 Et
945 1446 1081 1502 Deus
1111 1459 1284 1503 noster
1303 1451 1591 1504 miseretur.
1614 1449 1722 1519 (42)
1750 1450 2114 1505 Misericordia
2150 1461 2231 1504 est

686 1536 866 1604 passio
909 1552 1094 1592 eorum
1150 1540 1242 1608 qui
1295 1542 1769 1596 commiseratione
1822 1543 2048 1611 permoti
2105 1552 2232 1597 sunt

685 1643 813 1697 erga
857 1643 953 1684 eos
998 1632 1089 1699 qui
1135 1632 1336 1687 amissa
1383 1633 1610 1702 pristina
1654 1633 1915 1704 dignitate
1963 1635 2226 1688 humiliati

686 1725 830 1772 sunt.
861 1717 996 1783 Quia
1030 1720 1194 1789 igitur
1215 1737 1314 1776 nos
1348 1738 1412 1777 ex
1447 1723 1721 1778 nobilibus
1766 1725 2027 1794 ignobiles
2056 1727 2229 1779 evasi-

2340 624 2485 695 ᾇδου,
2517 626 2608 678 καὶ
2638 627 2810 698 θλίψιν
2857 630 2946 682 καὶ
2986 629 3173 700 ὀδύνην
3199 628 3474 683 ἀποκαλεῖ.
3491 628 3655 682 Ἀλλά
3683 627 3775 682 διὰ
3801 629 3889 682 τοῦ

2339 717 2705 773 ἐπικαλεῖσθαι
2755 720 2842 774 τὸν
2889 721 3020 774 Θεὸν
3065 721 3384 793 ὑψηλότερος
3435 721 3636 775 τούτων
3685 721 3888 789 γέγονε,

2340 809 2486 880 φησί.
2528 811 2615 862 Διὸ
2657 812 2749 864 καὶ
2785 813 2842 864 ἐν
2872 813 3170 882 προοιμίοις
3197 811 3404 878 ἔλεγεν·
3450 811 3774 882 Ἠγὰπησα,
3808 810 3888 864 ὅτι

2336 902 2745 955 είσακούσεται
2775 905 2984 970 Κύριος
3015 901 3121 970 τῆς
3152 903 3357 972 φωνῆς
3391 901 3653 970 δεήσεώς
3673 921 3812 971 μου.

2404 987 2478 1046 Ὦ
2501 994 2689 1059 Κύριε,
2711 994 2893 1060 ῥῦσαι
2927 993 3040 1061 τὴν
3064 993 3272 1062 ψυχήν
3298 1012 3433 1062 μου.
3451 993 3674 1056 Ἑνικῶς
3697 992 3891 1046 ἀνωτέ-

2339 1101 2448 1155 ρω,
2479 1085 2560 1138 ὅτι
2590 1084 2700 1138 Καὶ
2733 1084 3190 1154 ἐπεκαλεσάμην
3218 1087 3287 1137 ἐν
3317 1084 3445 1150 ταῖς
3471 1083 3716 1152 ’ἡμέραις
3755 1100 3885 1151 μου.

2335 1175 2431 1237 Τίς
2471 1176 2504 1244 ή
2549 1175 2827 1246 ἐπίκλησις
2871 1175 3123 1228 διδάσκει.
3153 1175 3261 1228 Καὶ
3309 1175 3436 1228 ποία
3479 1173 3642 1243 αὕτη,
3672 1175 3705 1242 ἢ
3741 1168 3886 1234 τὺ,Ὧ

2335 1263 2531 1332 Κύριε,
2547 1266 2733 1334 ῥῦσαι
2759 1267 2871 1334 τὴν
2887 1267 3096 1336 ψυχήν
3117 1284 3233 1335 μου
3257 1283 3274 1330 ;
3298 1263 3431 1319 Εἷπε
3449 1266 3506 1318 δὲ
3527 1264 3698 1318 ταῦτα
3719 1262 3886 1326 εἰδὼς,

2333 1354 2407 1416 ὼς
2434 1353 2678 1424 ἐλεήμων
2722 1355 3096 1408 ἐπακούσεται.
3131 1354 3240 1411 Καὶ
3272 1359 3302 1408 ό
3337 1355 3480 1421 Θεὸς
3519 1353 3688 1423 ἡμῶν
3715 1353 3885 1406 ἐλεεῖ.

2337 1448 2521 1512 Ἐλεός
2547 1453 2661 1502 ἐστι
2700 1450 2867 1512 πάθος
2895 1450 2986 1501 ἐπὶ
3021 1450 3144 1512 τοὺς
3171 1450 3297 1517 παρ’
3319 1447 3472 1510 ἀξίαν
3495 1448 3887 1518 τεταπεινωμέ-

2333 1556 2454 1604 νους
2511 1539 2659 1610 παρά
2706 1540 2811 1593 τῶν
2872 1539 3169 1610 συμπαθῶς
3216 1538 3538 1608 τεθειμένων
3589 1538 3883 1608 γινόμενον.

2344 1633 2493 1685 Ἐπεὶ
2533 1629 2625 1685 οὖν
2680 1633 2772 1686 καὶ
2822 1635 2978 1702 ἡμεῖς
3009 1632 3067 1697 ἐξ
3097 1630 3319 1696 ἐνδόξων
3351 1631 3647 1700 γεγόναμεν
3692 1631 3884 1696 άδοξοι,

2329 1723 2428 1790 τῆς
2459 1725 2514 1775 ὲν
2543 1721 2617 1792 τῷ
2651 1723 2954 1794 παραδείσῳ
2983 1722 3255 1790 διαγωγῆς
3276 1722 3614 1784 ἐκπεσόντες,
3639 1716 3742 1774 οἷοι
3772 1721 3885 1774 ἀνθ’

685 1825 828 1876 mus,
868 1814 1065 1867 amissa
1094 1814 1329 1882 paradisi
1361 1816 1827 1882 commoratione;
1863 1816 2052 1871 videns
2088 1815 2228 1871 Deus

2329 1811 2454 1864 οἴων
2485 1813 2780 1882 γεγόναμεν
2809 1813 2949 1883 ὁρῶν
2982 1815 3128 1882 ἡμᾶς
3155 1814 3183 1864 ὁ
3221 1812 3371 1875 Θεὸς,
3399 1811 3553 1864 ἐλεεῖ.
3571 1812 3754 1865 Ἐλέου
3780 1813 3888 1883 γάρ

683 1903 870 1968 quales
901 1917 966 1957 ex
1009 1904 1260 1972 qualibus
1288 1905 1578 1970 evasimus,
1610 1907 1894 1962 miseratur
1939 1922 2056 1962 nos.
2094 1905 2226 1960 Nam

2330 1875 2634 1955 ἀνεκαλεέτο
2658 1875 2804 1974 φωνὴ
2833 1875 2921 1956 τὸν
2954 1875 3146 1974 ’Ᾰδάμ-
3175 1903 3295 1958 Ποῦ
3324 1899 3380 1956 εἷ
3396 1918 3415 1965 ;
3441 1901 3593 1972 δῆλον
3616 1903 3698 1967 τὸ,
3719 1875 3889 1956 Πόθεν

681 2005 785 2046 vox
813 1993 1473 2051 niisericorditeAdamum
1501 1999 1844 2068 compellavit
1875 1999 2061 2054 dicens
2085 2019 2096 2053 :
2133 1999 2230 2054 Ubi

681 2097 734 2132 es
774 2081 819 2111 “
847 2083 869 2133 ‘3
912 2083 1151 2138 videlicet
1180 2104 1192 2140 :
1219 2087 1359 2140 unde
1380 2096 1433 2141 et
1454 2102 1563 2156 quo
1598 2087 1850 2156 delapsus
1882 2103 1940 2143 es
1971 2089 1993 2140 ’ἰ

747 2171 800 2225 6.
846 2171 1154 2228 Custodiem
1195 2175 1439 2244 parvulos
1473 2175 1747 2230 Dominus.
1791 2176 2052 2230 Parvulos
2099 2176 2230 2230 dicit

679 2278 774 2318 eos
801 2265 891 2332 qui
911 2281 1006 2334 per
1028 2265 1288 2334 Spiritum
1328 2276 1573 2321 sanctum
1611 2269 1664 2322 in
1688 2267 1904 2321 Christo
1928 2270 2227 2336 regenerati

682 2362 810 2406 sunt
842 2372 854 2407 :
887 2355 979 2424 qui
1005 2356 1302 2410 secundum
1329 2356 1459 2412 Jesu
1486 2356 1688 2412 Christi
1729 2367 2078 2427 praeceptum,
2105 2372 2227 2426 par-

680 2444 787 2495 vuli
821 2452 965 2506 sunt,
991 2445 1113 2514 quia
1146 2446 1356 2500 scilicet
1383 2447 1632 2501 conversi
1660 2456 1786 2501 sunt
1817 2457 1870 2502 et
1893 2446 2069 2501 eﬂ‘ecti
2102 2455 2229 2501 sunt

683 2537 824 2589 sicut
866 2537 1095 2606 parvuli.
1123 2535 1229 2592 Eos
1261 2535 1521 2592 Dominus
1563 2536 1846 2602 custodit;
1895 2551 2068 2605 neque
2107 2552 2229 2605 per-

681 2629 844 2682 mittit
885 2629 954 2681 ab
977 2627 1211 2681 inimicis
1239 2629 1556 2699 oppugnari,
1588 2629 1714 2698 quia
1750 2629 1988 2682 nondum
2017 2639 2228 2698 tempus

675 2719 1009 2772 certaminis.
1042 2719 1213 2788 (Alius
1242 2719 1447 2787 codex.)
1469 2718 1730 2774 Parvulos
1768 2721 1911 2775 enim
1938 2729 2096 2774 vocat
2133 2736 2227 2774 eos

676 2809 768 2877 qui
797 2824 891 2877 per
922 2808 1180 2878 Spiritum
1221 2819 1470 2866 sanctum
1503 2811 1556 2865 in
1590 2812 1809 2866 Christo
1849 2809 1976 2865 Jesu
2014 2825 2228 2880 regene-

677 2899 780 2952 rati
811 2908 954 2954 sunt.
1001 2897 1067 2953 Et
1109 2902 1262 2969 juxta
1312 2900 1610 2968 simplicem
1649 2900 1916 2954 sermonis
1947 2915 2125 2966 usum,
2171 2901 2224 2955 in

677 3001 832 3045 utero
859 2990 972 3060 ipse
998 2988 1230 3046 infantes
1256 2992 1495 3046 custodit
1523 3010 1536 3044 :
1573 3006 1636 3046 ac
1665 2992 1717 3045 in
1748 3006 1814 3046 eo
1836 2991 1956 3046 loco
1990 3003 2094 3046 tam
2135 3007 2228 3046 an-

678 3089 856 3150 gusto,
886 3089 1141 3151 tantaque
1172 3081 1488 3137 humiditate
1513 3083 1691 3153 pleno,
1721 3084 1811 3138 ubi
1847 3099 1947 3138 nec
1977 3083 2222 3138 movendi

2333 1997 2423 2046 ποῖ
2446 1993 2734 2058 πέπτωκας
2759 2011 2776 2058 ;

2399 2166 2735 2222 Φυλάσσωι·
2764 2170 2834 2222 τὰ
2865 2168 3049 2234 νήπια
3078 2173 3110 2224 ό
3138 2168 3370 2239 Κύριος.
3395 2169 3582 2240 Νήπιά
3601 2186 3736 2240 φησι
3761 2169 3886 2231 τοὺς

2327 2259 2412 2311 διὰ
2440 2260 2750 2330 Πνεύματος
2771 2261 2923 2328 ἁγίου
2951 2264 3007 2314 ἐν
3032 2263 3248 2332 Χριστῷ
3263 2261 3739 2328 ἀναγεννηθέντας,
3761 2261 3887 2322 τοὺς

2330 2351 2466 2403 κατά
2501 2351 2596 2420 τὴν
2644 2351 2814 2418 Ἰησοῦ
2843 2350 3054 2420 ἐντολὴν
3075 2351 3294 2420 νηπίους
3318 2351 3494 2413 ὄντας,
3527 2351 3604 2420 τῷ
3631 2351 3884 2420 ἐπιστρέ-

2328 2440 2456 2506 φθαι
2488 2444 2505 2461 '
2529 2442 2619 2492 καὶ
2649 2441 2924 2508 γεγονέναι
2949 2440 3023 2503 ὡς
3054 2441 3119 2494 τά
3164 2441 3366 2494 παιδία.
3396 2442 3597 2505 Αὐτοὺς
3624 2443 3651 2494 ό
3684 2441 3886 2512 Κύριος

2328 2531 2604 2597 φυλάσσει,
2626 2532 2722 2585 οὐκ
2746 2532 2845 2585 ἐῶν
2872 2531 3188 2603 προσϐαλεῖν
3215 2533 3397 2595 αὐτοῖς
3424 2533 3547 2594 τοὺς
3568 2532 3881 2603 πολεμίους,

2324 2622 2401 2691 τῷ
2431 2625 2593 2694 μήπω
2619 2625 2803 2694 καιρὸν
2830 2625 2968 2692 ἔχειν
3001 2624 3225 2691 ἀγῶνος.
3257 2626 3439 2694 Νήπια
3466 2625 3572 2694 γάρ
3602 2642 3734 2695 φησι
3757 2627 3884 2689 τοὺς

2324 2713 2411 2766 διὰ
2443 2713 2752 2782 Πνεύματος
2779 2715 2929 2783 ἁγίου
2958 2717 3014 2767 ὲν
3044 2715 3259 2786 Χριστῷ
3303 2716 3472 2786 Ἰησοῦ
3498 2716 3886 2786 άναγεννηθέν-

2324 2806 2442 2867 τας.
2483 2806 2591 2856 Καὶ
2623 2805 2760 2858 κατὰ
2799 2806 2889 2858 τὸν
2923 2805 3122 2859 ἁπλοῦν
3165 2806 3270 2876 γάρ
3300 2804 3471 2874 λόγον,
3503 2805 3663 2867 αὐτὸς
3688 2807 3745 2857 ὲν
3783 2806 3887 2874 μή·

2323 2913 2427 2967 τρσ.
2456 2896 2710 2965 φυλάττει
2738 2898 2805 2950 τά
2846 2898 3047 2968 βρέφη·
3078 2899 3133 2949 ὲν
3171 2892 3216 2966 ᾦ
3259 2897 3334 2968 τῷ
3363 2897 3510 2968 μόρῳ
3547 2895 3764 2968 σμικρῷ
3790 2896 3885 2948 καὶ

2323 2985 2587 3056 τοσαύτης
2621 2987 2913 3056 ὑγρότητος
2943 2985 3151 3056 πλήρης
3183 2989 3275 3039 καὶ
3309 2989 3442 3056 μήτε
3466 2987 3729 3039 κινεῖσθαι
3757 2987 3885 3056 μήτ’

2325 3080 2578 3131 ἀναπνεῖν
2603 3077 2979 3148 συγχωροῦντα
3005 3077 3224 3130 κωλύων
3250 3077 3632 3146 ἀποπνιγῆναι,
3680 3078 3776 3128 καὶ
3803 3075 3885 3128 κε-

677 3187 778 3226 nec
807 3173 1104 3239 respirandi
1133 3171 1383 3237 facultas,
1413 3175 1635 3243 impedit
1659 3190 1727 3228 ne
1755 3177 2134 3244 praefocentur,
2153 3183 2226 3228 at-

2327 3185 2477 3238 νησιν
2510 3166 2678 3229 διδοὺς
2718 3169 2808 3218 καὶ
2849 3167 3071 3236 τροφὴν,
3107 3167 3198 3219 καὶ
3226 3165 3626 3237 περιψυχόμενα
3658 3164 3886 3218 κωλύων

674 3277 780 3332 que
811 3273 1018 3318 motum
1041 3274 1092 3319 et
1123 3280 1299 3320 escam
1327 3265 1538 3330 tribuit,
1574 3266 1931 3334 prohibetque
1957 3281 2023 3319 ne
2048 3281 2112 3319 ex
2138 3266 2228 3319 iri-

675 3369 803 3422 gore
822 3356 1256 3425 exstinguuntur,
1291 3357 1507 3424 quando
1546 3373 1611 3410 ex
1646 3357 1824 3411 calore
1856 3358 2023 3411 vulva:
2053 3358 2104 3411 in
2143 3357 2224 3412 10--

678 3460 802 3497 cum
833 3459 957 3504 aere
985 3455 1040 3499 et
1068 3456 1226 3499 vento
1247 3445 1635 3501 circumfusum
1661 3458 1960 3502 lfﬂllSBUlll.
1979 3448 2086 3502 Λιιι
2108 3450 2186 3503 sic
2207 3467 2220 3502 Σ

675 3536 932 3601 quoniam
973 3533 1292 3589 humiliatus
1336 3550 1456 3588 sum
1485 3536 1623 3591 sicut
1657 3537 1933 3605 parvulus,
1968 3545 2018 3591 et
2067 3539 2222 3606 quasi

675 3621 855 3678 infans
899 3625 1114 3694 suscepi
1144 3640 1369 3696 regnum
1393 3627 1678 3693 ctelorum,
1711 3629 1803 3697 qui
1833 3628 2066 3682 custodit
2101 3644 2225 3697 par—

677 3713 828 3768 vulos
857 3712 1117 3770 Dominus
1140 3719 1364 3772 salvavit
1405 3733 1512 3772 me.
1555 3718 1675 3772 Alio
1719 3719 1844 3772 item
1872 3720 2034 3774 modo
2072 3737 2084 3772 :
2129 3735 2224 3774 eos

674 3804 936 3873 quijuxta
963 3819 1282 3876 preceptum
1322 3808 1448 3863 Jesu
1475 3807 1676 3863 Christi
1713 3814 1958 3865 conversi
1984 3811 2224 3866 eﬂiciun-

674 3904 763 3949 tur
790 3904 849 3948 ut
869 3898 1096 3964 parvuli,
1122 3898 1236 3967 ipse
1260 3898 1524 3954 Dominus
1552 3901 1788 3955 custodit
1813 3923 1826 3956 ;
1865 3911 1917 3956 et
1940 3904 2066 3970 quia
2093 3918 2223 3956 non-

674 3986 802 4039 dum
841 3994 1052 4055 tempus
1095 3987 1217 4041 belli
1255 3997 1360 4053 est,
1410 3991 1602 4044 tentari
1647 4006 1753 4044 non
1786 3992 1933 4046 sinit.
1968 3991 2070 4046 Sed
2114 4007 2220 4054 me,

677 4086 860 4147 utpote
883 4078 974 4147 qui
1008 4079 1190 4148 pueris
1220 4079 1377 4151 longe
1419 4079 1609 4135 fortior
1629 4095 1824 4144 essem,
1857 4083 2065 4152 magnis
2100 4098 2221 4138 cer-

675 4168 968 4223 taminibus
1013 4170 1323 4235 humilians,
1368 4171 1835 4242 inexpugnabilem
1879 4183 2054 4230 tamen
2092 4191 2221 4231 con-

673 4263 925 4315 servavit.

739 4351 790 4406 7.
824 4352 1151 4416 Convertere,
1184 4355 1363 4407 animo
1395 4370 1529 4419 mea,
1557 4355 1611 4408 in
1647 4358 1871 4426 requiem
1912 4367 2076 4410 tuam.
2123 4356 2222 4413 Re-

671 4440 852 4509 quiem
882 4442 1000 4512 ejus
1027 4444 1158 4498 dicit
1190 4459 1454 4515 supernas
1497 4446 1824 4512 mansiones,
1856 4464 1992 4517 quas
2019 4449 2072 4503 in
2099 4466 2218 4505 cer-

2326 3260 2628 3323 ἀποθανεῖν,
2660 3257 2874 3312 ἐπειδὰν
2919 3259 2984 3310 ἐκ
3019 3258 3115 3327 τῆς
3139 3260 3194 3310 ἐν
3237 3259 3412 3329 μήτρᾳ
3445 3258 3776 3329 θερμότητος
3805 3258 3883 3319 είς

2323 3351 2463 3420 ἀήθη
2491 3352 2652 3403 τόπον
2677 3349 3020 3421 προέλθοι.Ἢ
3056 3350 3146 3401 καὶ
3173 3349 3341 3411 οὕτως
3359 3365 3371 3377 ·
3417 3349 3631 3418 Ἐπειδὴ
3661 3351 3884 3402 ὲταπει-

2324 3440 2497 3510 νώθην
2527 3441 2600 3503 ὡς
2631 3443 2835 3511 νήπιον,
2870 3441 2961 3493 καὶ
2987 3441 3061 3504 ὡς
3091 3440 3297 3494 παιδίον
3326 3439 3587 3509 ἐδεξάμην
3610 3439 3708 3510 τὴν
3731 3439 3882 3508 βασι-

2323 3531 2471 3584 λείαν
2515 3532 2620 3583 τῶν
2669 3531 2927 3602 οὐρανῶν,
2963 3533 2991 3583 ὁ
3042 3531 3324 3599 φυλάσσων
3369 3530 3434 3583 τὰ
3473 3532 3642 3602 νήπια
3682 3530 3884 3602 Κύριος

2323 3623 2490 3676 ἔσωσέ
2525 3641 2610 3694 με.
2645 3624 2751 3676 Καὶ
2783 3622 2980 3684 άλλως·
3012 3623 3148 3685 Τοὺς
3182 3622 3321 3674 κατὰ
3348 3621 3442 3692 τὴν
3474 3621 3694 3691 ἐντολὴν
3708 3622 3882 3692 Ἰησοῦ

2323 3717 2693 3786 νηπιάζοντας,
2714 3715 2772 3768 τὸ
2796 3714 3128 3786 στραφέντας
3159 3714 3249 3768 καὶ
3271 3713 3344 3777 ὡς
3374 3714 3554 3767 παιδία
3579 3715 3879 3782 γεγονέναι,

2323 3810 2482 3872 αὐτὸς
2508 3811 2536 3861 ό
2559 3807 2754 3878 Κύριος
2781 3808 3057 3875 φυλάσσει,
3083 3808 3142 3858 τὸ
3165 3808 3329 3875 μήπω
3353 3805 3539 3876 καιρὸν
3566 3805 3710 3874 ἔχειν
3731 3807 3881 3872 ἀγῶ-

2323 3917 2430 3964 νος,
2466 3900 2820 3969 ἀπειράστους
2850 3897 3045 3967 τηρῶν.
3068 3897 3200 3949 Ἀλλ’
3232 3898 3348 3966 ἐμὲ,
3375 3897 3447 3958 ὡς
3472 3897 3882 3968 ὑπεραναϐεὸη-

2322 3992 2452 4042 κότα
2477 3991 2600 4052 τοὺς
2627 3989 2836 4052 παῖδας,
2875 3988 2961 4041 διὰ
2997 3987 3242 4059 μεγάλων
3266 3985 3598 4051 ταπεινώσας
3627 3986 3877 4056 ἀγώνων,

2320 4080 2751 4151 ἀκαταγώνιστον
2777 4081 2922 4150 ὅμως
2959 4079 3239 4150 ἐτήρησεν.

2401 4369 2805 4437 Ἐπίστρεψον.
2833 4370 2872 4436 ἡ
2913 4366 3072 4436 ψυχή
3101 4384 3237 4436 μου,
3271 4367 3356 4432 εἰς
3389 4365 3500 4434 τὴν
3529 4361 3885 4418 ἀνάπιιυσίν

2316 4478 2450 4516 σου.
2471 4463 2788 4515 Ἀνάπςιυσιν
2821 4459 2980 4512 αὐτοῦ
3014 4459 3107 4521 τὰς
3136 4457 3246 4511 ἄνω
3267 4457 3410 4524 λέγει
3435 4455 3619 4526 μονάς,
3649 4453 3715 4516 ἃς
3742 4454 3880 4506 cim-

670 4533 934 4588 tatuinum
969 4535 1247 4604 praemium
1293 4535 1654 4591 nanciscetur.
1691 4537 1922 4610 Requies
1951 4542 2076 4597 item
2103 4543 2245 4602 anioi

2327 4553 2541 4622 λήψεται
2576 4550 2680 4602 τῶν
2719 4548 2939 4617 ἀγώνων
2982 4549 3059 4610 εἰς
3089 4545 3798 4617 ἀντιμισθίαν.’Δνάπα.υσις
3832 4544 3883 4597 δ’

672 4639 774 4679 ωσι
798 4635 880 4679 est
910 4627 1258 4697 temperantia
1297 4643 1328 4681 a
1368 4630 1622 4697 peccatis.

749 4717 802 4779 8,
832 4718 884 4772 9.
915 4717 1055 4782 Quia
1075 4720 1266 4788 eripuit
1287 4722 1517 4775 animam
1543 4738 1706 4776 meam
1733 4723 1796 4778 de
1818 4738 1999 4791 morie,
2023 4734 2124 4782 etc.
2147 4727 2222 4783 De

670 4820 844 4864 morte
874 4812 1100 4879 peccati,
1133 4813 1329 4882 inquit,
1365 4813 1417 4866 in
1449 4830 1611 4884 quam
1650 4825 1894 4872 metuens
1917 4834 1982 4872 ne
2015 4819 2222 4874 decide-

672 4909 773 4966 ret,
823 4901 1238 4972 collaerymandi
1286 4904 1445 4958 finem
1478 4920 1584 4960 non
1631 4904 1881 4972 faciebat,
1927 4925 2122 4978 rogans
2167 4922 2224 4966 ut

670 4991 842 5060 ipsam
881 4992 1115 5061 eli'ugere
1148 4994 1352 5049 liceret.
1389 4995 1748 5061 Quamobrem
1786 4998 1904 5069 eius
1949 5002 2132 5069 pedes,
2167 5003 2218 5056 id

671 5094 753 5138 est
813 5099 1036 5152 gressus
1081 5086 1297 5150 anima},
1341 5088 1481 5157 apud
1530 5087 1696 5142 Deum
1739 5090 1879 5146 tirmi
1932 5102 2217 5158 steterunt,

671 5175 818 5227 omni
865 5175 1016 5245 lapsu
1049 5176 1200 5232 liberi
1242 5188 1296 5232 et
1340 5180 1664 5248 superiores.
1714 5181 2001 5254 Hegionem
2044 5196 2217 5241 autem

672 5266 915 5320 vivorum
971 5278 1131 5323 vocat
1171 5271 1442 5326 ccelestem
1494 5271 1827 5339 Jerusalem,
1873 5277 1926 5330 in
1970 5294 2073 5347 qua
2127 5281 2219 5349 qui

672 5358 967 5412 secundum
1023 5358 1189 5415 Deum
1252 5375 1642 5433 pugnaverunt,
1704 5375 1885 5435 utpote
1938 5367 2216 5425 fortissimi

670 5447 926 5512 vietores,
951 5451 1172 5507 audient
1195 5452 1324 5508 illud
1354 5469 1366 5508 :
1393 5454 1554 5524 Euge,
1577 5474 1715 5512 serve
1739 5460 1862 5513 bone
1888 5471 1933 5514 et
1954 5461 2126 5530 fidelis
2150 5464 2213 5516 ".

745 5675 788 5704 "‘
827 5672 959 5728 Gen.
993 5689 1069 5739 tu,
1115 5675 1164 5728 9.
1248 5677 1290 5706 "
1330 5674 1519 5731 Matth.
1555 5695 1674 5738 xxv,
1716 5679 1802 5736 9|.

745 5783 852 5852 (Ω)
886 5782 942 5839 In
977 5783 1106 5855 Reg.
1137 5787 1172 5840 ‘3
1212 5787 1321 5842 hinc
1356 5789 1605 5845 dicuntur
1639 5789 1846 5850 Diilxmi

2321 4639 2388 4697 αὖ
2428 4641 2581 4694 πάλιν
2605 4641 2699 4710 τῆς
2729 4640 2900 4711 ψυχῆς
2934 4641 2966 4710 ἡ
3000 4638 3104 4691 τῶν
3141 4638 3550 4708 ἁμαρτημάτων
3580 4637 3788 4707 ἀποχὴ·

2395 4735 2517 4785 Ὅτι
2543 4731 2800 4795 ἐξείλετο
2829 4729 2942 4798 τὴν
2973 4727 3177 4798 ιρουχήν
3207 4744 3325 4796 μου
3362 4729 3428 4780 ἐκ
3447 4727 3737 4782 θανάτου.
3769 4728 3882 4781 8a-

2323 4825 2479 4878 νάτου
2518 4823 2614 4893 τῆς
2649 4822 2915 4895 ἁμαρτίας
2955 4821 3136 4890 φησίν·
3179 4821 3236 4873 ὃν
3280 4821 3372 4872 καὶ
3401 4819 3647 4883 δεδοικὼς
3681 4823 3882 4892 μήπως

2324 4914 2432 4988 ἆρα
2458 4917 2535 4980 είς
2579 4917 2738 4968 αὑτὸν
2768 4914 3088 4983 κατηνέχθη,
3117 4914 3176 4965 ού
3209 4912 3438 4965 διέλειπε
3470 4912 3742 4982 δακρύων,
3775 4912 3882 4984 τὴν

2323 5009 2380 5073 ἐξ
2407 5007 2568 5062 αὑτοῦ
2612 5007 2783 5076 φυγὴν
2819 5005 3001 5068 αἰτῶν,
3031 5000 3088 5057 οὗ
3117 5004 3178 5074 δὴ
3219 5005 3376 5074 χάριν
3407 5006 3496 5057 καὶ
3519 5006 3568 5056 oi
3597 5004 3752 5067 πόδες
3779 5004 3882 5056 αὐ-

2322 5100 2434 5161 τοῦ,
2467 5097 2707 5151 τουτέστι
2752 5095 2818 5149 τὰ
2848 5095 3150 5165 διαδήματα
3177 5096 3276 5165 τῆς
3308 5095 3501 5165 ψυχῆς,
3527 5096 3584 5146 ὲν
3629 5098 3694 5166 τῇ
3733 5097 3885 5151 κατὰ

2323 5191 2452 5244 Θεὸν
2501 5191 2728 5259 ἔστησαν
2775 5189 2975 5251 στάσει,
3012 5188 3207 5250 παντὸς
3233 5187 3440 5241 ὀλίσθου
3472 5189 3747 5260 κρείττους
3783 5208 3884 5259 γε-

2323 5283 2551 5352 νόμενοι.
2586 5279 2777 5352 Χώραν
2820 5281 2875 5333 δὲ
2907 5279 3117 5344 ζώντων
3142 5280 3235 5350 τὴν
3267 5283 3580 5350 ἐπουράνιον
3605 5299 3736 5351 φησι
3777 5284 3880 5336 ’ίεο

2325 5371 2621 5443 ρουσαλὴμ,
2653 5372 2708 5424 ὲν
2801 5371 2849 5422 oi
2882 5371 3020 5423 κατά
3053 5370 3183 5423 Θεὸν
3209 5371 3602 5443 ἀγωνισάμενοι
3640 5373 3715 5435 ὡς
3758 5375 3882 5442 ἀρι-

2326 5481 2437 5516 στοι
2470 5462 2745 5532 νικηφόροι
2774 5460 3087 5515 ἀκούσονται
3115 5462 3191 5528 τὸ,
3222 5459 3330 5527 Εὖ,
3365 5462 3545 5517 δοῦλε
3568 5463 3750 5532 ἀγαθὲ
3776 5466 3879 5518 καὶ

2325 5554 2514 5611 πιστέ.

2384 5802 2401 5820 ⁴
2436 5798 2516 5851 An
2553 5796 2954 5870 ἐπεστράφθαιῖ
2979 5797 3129 5853 Eutr.
