4070 6442
202 379 313 436 475

546 488 850 542 ΨΑΛΜΟΣ
887 492 1044 544 PIE’.
1063 489 1428 559 Ἀλληλούτα.

287 573 665 642 Ἐπίστευσα,
705 579 795 633 διὸ
838 579 1131 648 ἐλάλησα.
1172 583 1452 653 Εἰρηκώςο
1490 583 1766 638 Ἐπίστευ-

203 685 293 732 σα,
325 667 407 722 διὸ
439 667 694 740 ἐλάλησα,
729 670 804 732 ὡς
836 671 1200 744 εὐαρεστήσας
1221 673 1296 743 τῷ
1328 675 1536 746 Κυρίῳ,
1567 675 1624 726 ὲν
1649 678 1766 737 ταῖς

200 757 317 811 ἄνω
347 759 781 830 παραγενόμενος
808 764 1011 831 μοναῐς,
1040 763 1200 834 φησίν
1223 781 1235 794 ⁸
1263 764 1336 828 ὡς
1364 766 1462 818 οὐκ
1486 766 1550 819 ἂν
1581 765 1766 818 τοῦτον

203 849 510 922 προσέφερε
544 850 633 903 τὸν
660 851 832 920 λόγον,
865 856 914 905 εί
964 853 1361 926 μὴ’θαρῤήσας
1405 851 1472 926 ἦν
1510 859 1628 919 ταῖς
1674 857 1766 910 τοῦ

202 936 340 990 Θεοῦ
377 939 721 1006 ἐπαγγελίαις
739 957 751 970 ·
782 943 838 994 αἱ
865 941 921 994 δὲ
945 938 1083 1013 ἦσαν
1111 943 1290 1006 ἐλέους
1322 945 1580 1014 γέμουσαι
1599 963 1613 975 '
1645 949 1770 998 Ma-

203 1027 396 1097 κάριοι
429 1032 481 1083 οὶ
518 1032 826 1097 κλαίοντες
845 1033 977 1097 νῦν,
1009 1033 1095 1086 ὅτι
1116 1035 1283 1088 αὐτοὶ
1303 1035 1686 1104 χαρήσονται.
1707 1038 1769 1089 Εἰ

202 1120 263 1173 δὲ
294 1120 519 1191 πλήρεις
549 1117 686 1193 ἦσαν
714 1125 763 1175 οἱ
811 1123 1074 1194 ὀφθαλμοὶ
1101 1125 1367 1197 δακρύων,
1405 1126 1639 1196 δηλονότι
1671 1129 1770 1198 τὴν

203 1211 523 1280 ἁγαλλίασιν
554 1216 609 1266 ὲν
637 1215 871 1278 ἐκείναις
895 1216 1260 1287 ἀπολήψονται
1290 1220 1407 1280 ταῖς
1439 1222 1642 1288 μοναῑς.
1661 1219 1769 1290 Τὴν

201 1303 262 1355 δὲ
319 1302 460 1369 λέξιν
503 1305 706 1376 ταύτην
763 1307 1057 1377 προσφέρει
1099 1308 1400 1379 Κορινθίοις
1458 1311 1485 1362 ὁ
1540 1309 1766 1374 Παῦλος,

206 1394 507 1462 Ἔχοντες,
537 1395 725 1461 εἰπὼν,
765 1398 831 1451 τὸ
878 1399 1023 1452 αὐτὸ
1078 1398 1311 1468 πνεῦμα
1354 1399 1462 1466 τῆς
1493 1402 1766 1467 πίστεως,

202 1485 357 1538 κατὰ
396 1486 482 1551 τὸ,
511 1488 883 1553 Ἐπίστευσα,
919 1490 1008 1543 διὸ
1060 1490 1354 1558 ἐλάλησα.
1389 1490 1613 1558 Καρδίᾳ
1657 1491 1768 1560 γὰρ

202 1579 544 1630 πιστεύεται
584 1581 671 1642 είς
715 1579 1138 1649 δικαιοσύνηνσ
1167 1581 1415 1650 στόματι
1452 1581 1519 1635 δὲ
1558 1585 1770 1650 όμολου

202 1667 388 1737 gstitat
433 1673 519 1738 εὶς
560 1674 882 1740 σωτηρίαν·
925 1671 1021 1726 καὶ
1057 1672 1226 1742 ἡμεῖς
1269 1674 1648 1743 πιστεύομεν,
1678 1673 1768 1728 διὸ

203 1761 303 1813 καὶ
352 1762 670 1830 λαλοῦμεν.
718 1762 941 1833 Πνεῦμα
993 1763 1224 1826 πίστεως
1271 1762 1464 1830 λέγων,
1509 1763 1625 1832 ἦτοι
1671 1760 1768 1832 τὴν

1343 376 1708 435 ΕΧΡΟΞΙΤΙΟ
1754 375 1818 431 IN
1861 375 2185 434 PSALMUM
2223 376 2377 434 CXV.

3317 376 3424 433 ιιι

2241 490 2583 546 PSALMUS
2623 489 2715 545 XC
2734 490 2792 546 V.
2817 491 3066 545 Alleluia.

1939 580 2020 634 10.
2064 580 2275 634 Credidi
2303 588 2511 650 propter
2542 578 2677 649 quod
2707 578 2911 632 loculus
2949 593 3085 632 sunt.
3126 574 3420 646 Postquam

1863 673 1998 727 dixit
2044 671 2307 725 :Credidi
2365 683 2582 741 propter
2632 669 2775 740 quod
2833 670 3043 723 locutus
3091 683 3235 732 sum,
3287 683 3422 722 cum

1867 762 2094 817 Domino
2132 761 2439 832 placuisset,
2485 763 2541 816 in
2576 761 2826 831 supernis
2867 759 3242 814 mansionibus
3287 774 3421 812 con-

1866 859 2106 919 stitutus,
2130 854 2203 908 ait
2238 872 2249 906 :
2287 869 2344 907 se
2379 869 2655 923 nunquam
2699 853 2883 907 istlnec
2925 852 3261 920 prolaturum
3293 848 3422 903 fuis-

1866 963 1957 1010 se,
2019 945 2120 999 nisi
2184 944 2276 1000 Dei
2335 944 2788 1015 promissionibus
2851 944 3207 1006 conﬁdisset;
3265 949 3423 996 erant

1865 1049 2043 1094 autem
2082 1039 2184 1094 illa:
2232 1037 2608 1094 misericordia
2653 1038 2844 1106 plenae,
2877 1036 3102 1099 scilicet,
3137 1035 3289 1088 Beati
3329 1032 3420 1102 qui

1866 1149 2002 1186 nunc
2033 1133 2155 1201 flent
2185 1132 2428 1200 quoniam
2455 1131 2554 1198 ipsi
2585 1127 2879 1198 gaudebunt
2911 1128 2977 1182 ".
3014 1126 3168 1192 Quod
3191 1127 3237 1181 si
3276 1125 3421 1180 oculi

1867 1223 2120 1294 lacrymis
2142 1221 2290 1276 fuere
2324 1221 2488 1291 pleni,
2513 1220 2765 1291 gaudium
2791 1234 2921 1274 sane
2951 1219 3003 1272 in
3037 1219 3144 1272 illis
3186 1215 3422 1270 mansio-

1867 1315 2026 1368 nibus
2055 1314 2352 1384 percepturi
2385 1323 2530 1368 sunt.
2563 1311 2677 1367 Hoc
2699 1327 2859 1382 porro
2885 1311 3090 1365 dictum
3121 1308 3422 1364 Corinthiis

1872 1403 2073 1472 profert
2095 1402 2337 1458 Paulus:
2389 1401 2688 1462 Habentes,
2743 1400 2839 1461 ait,
2890 1397 3124 1452 eumdem
3175 1396 3422 1464 spiritum

1867 1495 2012 1562 fidei,
2072 1495 2353 1548 secundum
2391 1493 2524 1546 illud
2553 1509 2571 1546 :
2608 1489 2844 1553 Credidi,
2871 1498 3079 1558 prspter
3114 1487 3252 1557 quod
3276 1486 3425 1539 locu-

1869 1596 1949 1639 tus
1976 1602 2110 1639 sum.
2137 1584 2302 1639 Corde
2317 1586 2450 1638 enim
2479 1584 2710 1637 creditur
2736 1584 2804 1635 ad
2825 1583 3092 1651 justitiam
3112 1596 3128 1632 :
3147 1596 3231 1633 ore
3249 1587 3424 1631 autent

1867 1677 2118 1746 confessio
2156 1676 2212 1744 ﬁt
2259 1677 2326 1729 ad
2360 1675 2627 1740 salutem;
2656 1685 2704 1728 et
2749 1690 2841 1726 nos
2895 1673 3175 1733 credimus,
3212 1679 3425 1739 propter

1867 1769 2002 1838 quod
2031 1777 2080 1823 et
2103 1768 2360 1838 loquimur
2385 1768 2450 1821 ⁸¹.
2469 1766 2604 1821 Cum
2635 1777 2811 1820 autem
2836 1763 3086 1833 spiritum
3113 1761 3236 1815 ﬁdei
3267 1759 3418 1825 dicit,

203 1851 318 1916 ἕξιν
352 1855 449 1924 τὴν
478 1855 571 1906 ἀπ’
596 1857 762 1926 αὐτῆς
794 1857 1166 1927 ὲγγινομὲνην,
1201 1857 1315 1926 ἢτὸ
1340 1855 1765 1928 ἐπιχορηγούμε-

1873 1865 1960 1910 aut
1985 1857 2224 1926 ejusdem
2265 1856 2388 1910 ﬁdei
2427 1855 2668 1910 habitum
2706 1853 2978 1923 intelligit,
3030 1858 3126 1904 aut
3167 1849 3422 1919 spiritum

203 1959 296 1995 νον
327 1945 391 1996 ὲκ
423 1945 555 1998 Θεοῦ
580 1947 656 2017 τῷ
686 1948 865 2000 πίστιν
889 1948 1060 2018 ἔχοντι
1086 1947 1319 2018 πνεῦμα.
1343 1949 1558 2019 Συνᾲδει
1587 1949 1641 2001 δὲ
1665 1948 1761 2018 τῷ·

218 2031 595 2098 Ἐπίστευσα,
623 2035 712 2086 διὸ
739 2035 885 2089 ἐλάα
896 2053 1032 2102 ησα,
1052 2036 1286 2090 τοιοῦτον
1306 2036 1397 2090 καὶ
1421 2037 1496 2089 τό·
1532 2035 1670 2090 Ἐὰν
1680 2035 1764 2104 μὴ

205 2123 589 2190 πιστεύσητε,
619 2124 743 2178 οὐδ’
770 2127 840 2179 οὺ
876 2124 961 2193 μὴ
999 2123 1251 2193 συνῆτε.
1283 2126 1501 2197 Πρῶτον
1529 2124 1767 2187 πιστεύει

203 2230 313 2280 τις,
354 2209 469 2267 εἶτα
499 2219 689 2282 συνιεῖ,
713 2218 804 2270 καὶ
831 2217 965 2288 μετὰ
987 2216 1155 2270 ταῦτα
1181 2217 1482 2270 λαλεῖ.”ῠτε
1509 2217 1585 2282 δὲ,
1613 2216 1767 2288 φησὶ,

205 2304 503 2369 πιστεύσας
525 2306 760 2378 ἐλάλησα
783 2308 1012 2377 μεγάλα,
1041 2308 1160 2361 τότε
1199 2308 1360 2379 μηδὲν
1393 2308 1625 2377 ἐμαυτὸν
1649 2305 1770 2360 ἰδὼν

203 2396 606 2466 ἐταπεινώθην
629 2400 880 2467 σφόδρα.
919 2399 1167 2452 Τοιοῦτον
1196 2400 1256 2451 τὸ
1284 2399 1373 2452 τοῦ
1412 2399 1654 2452 Ἰωάννου
1682 2415 1771 2449 πε-

206 2488 264 2556 ρὶ
288 2487 382 2539 τοῦ
415 2489 584 2557 Ἰησοῦ
605 2508 617 2518 ’
650 2490 905 2543 Ἐκεῖνον
933 2490 1022 2543 δεῖ
1051 2491 1352 2555 αὐξάνειν,
1383 2489 1485 2558 ἐμὲ
1509 2489 1576 2542 δὲ
1601 2490 1770 2542 ἐλατ-

203 2578 812 2634 τοῦσθαι.Ἦλαττοῦτο
857 2582 983 2652 γὰρ,
1031 2583 1128 2635 οὐκ
1173 2580 1457 2634 ἀποϐαλών
1503 2598 1552 2632 τι
1599 2576 1766 2650 οὗπερ

204 2664 321 2738 εἶχε
360 2669 613 2740 μεγέθους
637 2690 648 2701 ·
679 2672 1098 2744 ἀντιπαραϐἐσει
1130 2674 1186 2725 δὲ
1213 2674 1310 2743 τῆς
1343 2671 1462 2725 καθ’
1503 2671 1770 2742 ὑπεροχὴν

203 2759 444 2828 Χριστοῦ
466 2760 802 2825 διδασκαλίας
827 2764 918 2814 καὶ
946 2762 1232 2824 πολιτείας.
1252 2761 1407 2815 Οὕτω
1427 2760 1519 2814 νῦν
1541 2761 1620 2823 τὸ,
1644 2761 1772 2812 ἐτα-

204 2850 522 2917 πεινώθην,
557 2851 618 2902 οὐ
653 2853 791 2903 κατὰ
823 2851 988 2920 ὕψους
1033 2851 1317 2920 ἀφαίρεσιν
1366 2847 1537 2913 εἶπεν,
1567 2849 1678 2903 ἀλλ’
1706 2852 1768 2902 ὲκ

204 2941 306 3011 τῆς
340 2940 577 3011 μείζονος
608 2941 640 3011 ἢ
666 2942 783 2994 καθ’
812 2942 998 2996 ἑαυτὸν
1029 2941 1278 3013 θεωρίας.

205 3032 500 3102 quamdam
568 3034 899 3090 celsitudinis
947 3052 1058 3092 suae
1101 3034 1482 3091 detractionem
1546 3034 1812 3104 intelligit,

208 3123 380 3176 tione.

1866 1963 1931 2001 ex
1958 1947 2066 2002 Deo
2091 1948 2138 2002 ei
2170 1949 2260 2017 qui
2311 1947 2468 2001 tidem
2497 1946 2677 2012 habet,
2715 1946 2921 1999 datum.
2957 1940 3206 1998 Concinit
3244 1947 3426 1993 autem

1870 2039 1998 2095 huic
2020 2039 2161 2094 dicto
2194 2058 2207 2093 :
2242 2038 2453 2092 Credidi
2483 2048 2691 2108 propter
2719 2037 2855 2106 quod
2888 2037 3094 2089 locutus
3130 2050 3266 2096 sum,
3294 2027 3425 2084 illud

1869 2141 2082 2196 quoque
2102 2127 2302 2181 dictum
2336 2146 2347 2179 :
2389 2125 2511 2180 Nisi
2539 2125 2885 2187 credideritis,
2907 2141 3010 2177 non
3033 2121 3334 2192 intelligetis
3357 2119 3424 2170 “.

1870 2215 2107 2272 Primum
2137 2218 2260 2288 quis
2294 2218 2481 2282 credit,
2511 2229 2694 2288 postea
2732 2217 2998 2286 intelligit,
3028 2231 3091 2270 ac
3123 2213 3315 2268 deinde
3347 2211 3430 2265 lo-

1871 2309 2073 2377 quitur.
2136 2308 2272 2363 Cum
2334 2317 2538 2373 autem,
2591 2311 2787 2380 inquit,
2848 2317 3136 2378 postquam
3196 2302 3426 2365 credidi,

1873 2413 2068 2468 magna
2100 2397 2312 2454 locutus
2338 2415 2479 2465 sum,
2514 2409 2641 2454 tunc
2685 2400 2870 2453 videns
2905 2413 2991 2452 me
3031 2396 3162 2451 nihil
3190 2393 3432 2450 esserhu-

1872 2488 2110 2542 miliatus
2157 2506 2273 2542 sum
2319 2492 2494 2543 nimis.
2549 2491 2736 2544 Simile
2787 2497 2869 2543 est
2906 2488 3044 2542 illud
3087 2485 3312 2542 Joannis
3364 2485 3430 2536 de

1870 2577 1996 2633 Jesu
2046 2580 2315 2649 loquentis
2357 2600 2369 2634 :
2417 2581 2580 2635 Illum
2622 2590 2819 2649 oportet
2860 2594 3103 2641 crescere,
3150 2592 3229 2628 me
3257 2585 3431 2627 autem

1872 2670 2057 2722 minui.
2095 2671 2137 2701 ³³
2172 2670 2509 2726 Minuebatur
2548 2673 2690 2725 enim
2739 2688 2844 2724 non
2891 2669 3031 2738 quod
3057 2667 3134 2722 vel
3161 2664 3429 2720 tantillum

1874 2762 2257 2826 magnitudinis
2288 2779 2398 2817 suae
2439 2765 2702 2816 amitteret
2737 2780 2751 2827 ;
2787 2763 2882 2816 sed
2921 2763 2975 2814 in
3017 2756 3433 2828 comparatione

1872 2852 2338 2908 excellentissima:
2361 2854 2563 2908 Christi
2595 2852 2858 2907 doctrina:
2880 2867 2944 2905 ac
2976 2847 3428 2905 conversationis.

1873 2940 1947 2997 Ita
1969 2961 2184 3014 quoque
2203 2963 2344 3002 nunc
2364 2946 2830 3011 illud,ltnmiliatus
2849 2962 2984 3009 sum,
3004 2959 3110 2997 non
3131 2941 3430 2998 secundum

1873 3038 1966 3091 sed
2015 3055 2080 3093 ex
2123 3040 2314 3110 majori
2354 3057 2515 3110 quam
2562 3057 2660 3111 pro
2722 3041 2976 3095 facultate
3019 3039 3137 3110 ejus
3189 3036 3437 3106 specula-

292 3211 440 3284 Ἐγὼ
471 3212 537 3268 δὲ
562 3211 699 3270 εἶπα
722 3215 791 3269 ἐν
822 3215 896 3284 τῇ
925 3216 1204 3270 ἐκστάσει
1231 3235 1350 3286 μου
1373 3233 1386 3246 ·
1414 3215 1535 3282 Πᾶς
1564 3215 1774 3283 ἄνθρω-

1945 3213 2030 3266 Η.
2074 3211 2185 3283 Ego
2227 3212 2336 3265 dixi
2365 3213 2417 3264 in
2461 3227 2672 3265 excessu
2712 3227 2822 3264 meo
2849 3227 2867 3264 :
2895 3209 3077 3265 Omnis
3107 3209 3258 3263 homo
3288 3223 3432 3261 men-

208 3321 328 3370 πος
370 3307 659 3375 ψεύστης.
694 3306 1006 3376 Γενόμενος,
1056 3308 1238 3377 φησιν,
1288 3307 1425 3376 ὑπὲρ
1472 3306 1772 3376 ἄνθρωπον,

211 3398 394 3450 πάντα
417 3404 482 3450 τὰ
504 3397 816 3470 ἀνθρώπινα
838 3398 1173 3469 ὲξηυτέλισα.
1191 3397 1254 3449 'H
1278 3398 1386 3468 γὰρ
1410 3397 1657 3459 ἔκστασις
1680 3397 1776 3466 τὴν

207 3486 495 3541 ἀλλοίωσιν
525 3489 794 3558 σημαίνει.
821 3490 1091 3563 Είρηκὼς,
1121 3491 1305 3559 φησὶν,
1333 3488 1408 3552 ὡς
1437 3487 1776 3556 Εὑαρεστή-

212 3596 303 3631 σω
335 3578 544 3647 Κιιρίῳ,
577 3576 691 3634 εἶτα
733 3581 908 3644 εἰδὼς,
946 3580 1020 3643 ὡς
1053 3581 1159 3642 πᾶς
1191 3579 1472 3648 ἄνθρωπος
1502 3578 1735 3648 ψεύστης
1761 3594 1773 3607 ·

213 3670 463 3739 λογισμοὶ
510 3669 616 3741 γὰρ
658 3671 951 3743 ἀνθρώπων
1001 3671 1189 3722 δόλιοι·
1224 3670 1412 3722 τούτου
1456 3671 1614 3741 χάριν
1657 3671 1780 3723 ἐτα-

216 3759 436 3813 πείνουν
479 3762 669 3816 ἑαυτὸν
713 3764 806 3815 καὶ
859 3761 1309 3833 ὲσκληραγὼγουν
1360 3765 1475 3825 ταῖς
1534 3778 1779 3816 κακοπα-

216 3848 410 3914 θείαις,
450 3852 640 3922 μήπως
666 3852 762 3920 τῆς
784 3851 1034 3922 τοιαύτης
1061 3851 1274 3904 ὲκπὲσω
1311 3851 1569 3913 στάσεως.

298 3943 488 4011 Τίμιος
527 3943 800 3995 ἐναντίον
840 3942 1061 4012 Κυρίου
1096 3947 1128 3997 ό
1169 3942 1419 4008 θάνατος
1459 3940 1576 3994 τῶν
1600 3944 1784 3996 ὁσίων

216 4033 625 4103 αὑτοῦ.Ἀλλη,
666 4037 846 4104 φησιν,
887 4036 985 4087 οὐκ
1026 4035 1174 4087 ἔσται
1214 4038 1343 4105 ἡμῖν
1377 4034 1575 4106 ἀμοιῦὴ
1604 4029 1678 4087 ὧν
1711 4037 1784 4087 εί-

217 4126 471 4196 λήφαμεν
503 4125 650 4197 παρὰ
681 4126 834 4190 Θεοῦ,
865 4127 896 4197 ἢ
940 4127 1077 4197 ὑπὲρ
1101 4125 1261 4179 αὑτοῦ
1289 4127 1572 4197 ὑπομεῖναι
1613 4126 1782 4179 Θανα-

219 4235 333 4280 τον,
363 4219 452 4270 καὶ
480 4219 648 4292 ταύτῃ
681 4219 958 4287 μιμεῖσθαι
992 4218 1079 4270 τὸν
1123 4216 1325 4270 ἑαυτῶν
1355 4218 1646 4289 Δεσπότην.
1680 4214 1783 4271 Οὗ-

217 4327 310 4374 τος
357 4309 412 4362 δὲ
458 4310 517 4381 δὴ
565 4312 592 4362 ὁ
631 4310 856 4373 θάνατος
898 4308 992 4362 καὶ
1021 4309 1128 4361 τῶν
1164 4308 1368 4382 σφόδρα
1410 4309 1602 4380 τιμίων
1634 4310 1783 4363 ἔσται

221 4400 375 4470 παρὰ
404 4399 537 4470 Θεῷ.

293 4485 362 4544 Ὦ
395 4489 587 4558 Κύριε,
629 4491 742 4559 ἐγὼ
782 4490 1000 4557 δοῦλος
1031 4491 1142 4555 σὸς
1167 4491 1266 4544 καὶ
1303 4491 1429 4558 υίὸς
1457 4491 1567 4560 τῆς
1591 4493 1784 4546 παιδί-

221 4596 381 4648 σκης
413 4594 545 4634 σου.
580 4580 802 4652 Θαρρὦ
850 4580 1030 4633 δοῦλον
1078 4582 1264 4635 ἑαυτὸν
1315 4578 1450 4635 εἷναί
1484 4601 1612 4654 φησι
1649 4583 1786 4637 κατὰ

222 4674 318 4726 τὸν
349 4671 639 4726 ἀπόστολον
662 4688 675 4701 ·
705 4673 991 4741 παιδίσκης
1019 4673 1075 4726 δὲ
1097 4673 1228 4748 υἱὸν,
1261 4674 1356 4744 τῆς
1381 4676 1644 4745 προτέρας
1671 4678 1784 4728 εἰσ-

223 4765 448 4834 αγωγῆς
479 4764 577 4833 τῆς
603 4763 690 4816 διὰ
716 4765 880 4834 νόμον
910 4766 1094 4834 φησίν.

295 4854 611 4924 Δώρῤηξας
660 4855 802 4920 τοὺς
848 4855 1106 4924 δεσμούς
1145 4873 1284 4925 μου.
1314 4856 1419 4909 Καὶ
1462 4859 1603 4920 τίνες
1628 4859 1674 4910 οί
1706 4858 1789 4911 δε-

230 4946 361 5017 σμοὶ
385 4947 418 5016 ἢ
443 4948 491 4998 oi
520 4945 618 5016 τῆς
645 4947 934 5017 ἁμαρτίας,
963 4947 1101 4999 κατὰ
1126 4947 1187 4999 τὸ
1214 4947 1497 5018 εἰρημένον
1517 4965 1528 4978 ·
1563 4949 1787 5017 Σειραῐς

230 5037 343 5108 γὰρ
406 5038 619 5091 ἑαυτοῦ
661 5035 955 5107 ἁμαρτιῶν
1001 5037 1254 5104 ἕκαστος
1293 5041 1633 5108 own-crat;
1687 5040 1786 5094 Σοὶ

230 5130 397 5184 θύσω
426 5129 641 5182 θυσίαν
665 5126 1066 5192 αἱνέσεως.Ὢς
1114 5130 1170 5181 ὲν
1217 5134 1461 5201 προκοπῇ
1506 5131 1787 5201 γενόμενος

231 5221 332 5283 τὰς
373 5219 470 5290 μὲν
509 5218 576 5270 δι’
609 5220 852 5289 αἱμάτων
900 5225 1255 5290 παραιτεῖται,
1287 5222 1381 5285 τὰς
1429 5222 1484 5274 δὲ
1536 5224 1788 5285 αἰνέσεως

231 5311 500 5364 ἐπιτελεῖν
525 5308 951 5379 ἐπαγγέλλεται..

311 5402 421 5466 Τὰς
446 5399 628 5470 εὐχάς
665 5420 782 5470 μου
821 5402 902 5469 τῷ
931 5402 1122 5472 Κυρίῳ
1146 5404 1450 5458 ἀποδώσω.
1479 5405 1654 5475 Εύχὰς
1693 5407 1788 5468 τὰς

233 5493 564 5561 ἐπαγγελίας
597 5494 747 5563 φησί.
775 5494 839 5546 Τί
869 5495 924 5547 δὲ
954 5495 1331 5565 ἐπηγγείλατο,
1365 5497 1422 5566 ἦ,
1450 5495 1508 5547 τὸ
1537 5498 1787 5567 ποτήριον

233 5583 331 5640 τοῦ
354 5585 555 5655 Κυρίου
587 5584 785 5651 λαϐὼν,
816 5584 1183 5640 ἐπικαλεῖσθαι
1215 5585 1376 5640 αὑτοῦ
1402 5587 1460 5640 τὸ
1488 5586 1686 5657 δνομα;
1724 5588 1786 5639 '0

317 5759 362 5791 ⁸⁸
389 5757 573 5814 Μειιιι.
603 5777 654 5823 v,
683 5761 729 5814 5.
809 5763 845 5793 ³⁸
875 5760 916 5815 ll
942 5763 1064 5818 Cor.
1101 5778 1172 5829 tv,
1214 5761 1298 5832 l5;
1333 5760 1485 5816 Rom.
1524 5778 1576 5826 χ,
1616 5759 1695 5816 l0.
1741 5761 1774 5794 ³¹

1874 5775 1922 5817 a.
1952 5775 2046 5824 vn,
2069 5758 2122 5815 9.
2194 5758 2237 5790 ³⁸
2275 5755 2428 5812 loan.
2457 5771 2539 5825 ιιι,
2571 5757 2622 5810 ’.5.

1874 3305 1997 3358 dax.
2024 3303 2195 3374 Supra
2220 3303 2490 3357 hominem
2517 3303 2760 3365 cﬂ'ectus,
2779 3302 2972 3371 inquit,
2996 3302 3176 3356 omnia
3200 3301 3434 3354 humana

1874 3379 2000 3451 vilia
2046 3405 2098 3451 et
2143 3395 2350 3464 abjecta
2382 3409 2502 3448 esse
2528 3394 2678 3447 duxi.
2709 3392 2840 3444 Nam
2887 3407 3142 3446 excessus
3181 3391 3436 3444 immuta-

1878 3491 2075 3542 tionem
2108 3486 2391 3556 signiﬁcat.
2424 3483 2711 3554 Postquam
2746 3482 3010 3547 dixeram,
3055 3481 3229 3551 inquit
3261 3499 3275 3537 :
3309 3480 3436 3533 Pla-

1877 3581 1995 3632 cebo
2031 3579 2271 3643 Domino,
2303 3577 2496 3632 deinde
2524 3575 2712 3630 videns
2743 3589 2959 3628 omnem
2987 3574 3256 3627 hominem
3287 3588 3438 3629 men-

1877 3669 2065 3723 dacem
2109 3684 2226 3724 esse
2271 3685 2284 3722 :
2331 3683 2450 3720 nam
2500 3666 2854 3735 cogitationes
2907 3665 3184 3718 hominum
3239 3664 3440 3719 dolosa:

1880 3773 2043 3825 sunt;
2076 3761 2193 3813 ideo
2221 3759 2595 3827 mcmetipsum
2643 3756 3019 3821 humiliabam,
3053 3766 3106 3810 et
3139 3770 3225 3810 me
3261 3770 3439 3809 mace-

1879 3851 2179 3907 rationibus
2208 3848 2527 3919 amigebam,
2564 3863 2627 3901 ne
2665 3848 2731 3901 ab
2757 3847 2847 3899 illo
2873 3855 3015 3900 statu
3043 3846 3329 3899 dilabercr.

1954 3939 2037 3993 15.
2081 3939 2322 3992 Pretiosa
2346 3942 2396 3992 in
2431 3947 2701 4006 conspectu
2729 3935 2940 3989 Domini
2964 3952 3102 3990 mors
3137 3945 3440 3990 sanctorum

1880 4032 2010 4100 ejus.
2041 4030 2180 4096 Alia,
2209 4031 2402 4098 inquit,
2438 4029 2741 4092 retributio,
2773 4028 2926 4082 nobis
2957 4044 3059 4081 non
3093 4027 3196 4080 erit
3219 4041 3318 4096 pro
3342 4027 3439 4082 bo-

1883 4124 1968 4177 nis
2012 4139 2130 4193 quae
2179 4122 2485 4190 accepimus
2519 4137 2549 4173 a
2577 4120 2706 4183 Deo,
2739 4121 2840 4174 nisi
2871 4121 3015 4188 quod
3047 4134 3142 4188 pro
3175 4119 3266 4172 illo
3295 4135 3440 4173 mor-

1883 4223 1987 4270 tem
2015 4216 2400 4277 sustineamns,
2432 4221 2592 4282 atque
2625 4212 2696 4264 ita
2727 4211 3013 4264 Dominum
3041 4219 3284 4263 nostrum
3318 4210 3440 4263 imi-

1883 4316 2078 4362 temur.
2107 4303 2230 4358 Haec
2280 4314 2457 4358 autem
2507 4318 2651 4357 mors
2699 4302 2848 4358 valde
2891 4302 3129 4372 pretiosa
3168 4302 3271 4357 erit
3298 4303 3439 4373 apud

1885 4395 2074 4451 Deum.

1960 4489 2041 4543 16.
2087 4487 2131 4543 0
2153 4487 2388 4548 Domine,
2405 4501 2495 4556 ego
2517 4501 2691 4539 servus
2717 4494 2832 4538 tuus
2856 4494 2904 4537 et
2925 4483 3066 4552 ﬁlius
3084 4482 3290 4537 ancillae
3311 4493 3436 4539 tute.

1815 4561 1860 4615 D
1888 4582 2019 4638 Cum
2065 4581 2257 4635 ﬁducia
2308 4592 2426 4633 sese
2459 4591 2672 4632 servum
2705 4575 2853 4640 dicit,
2885 4575 3178 4629 secundum
3212 4574 3440 4642 Aposto-

1890 4673 1998 4726 lum
2029 4688 2042 4724 :
2078 4669 2286 4724 ancill-.e
2325 4676 2502 4722 autem
2529 4665 2722 4731 ﬁlium,
2751 4664 2976 4734 loquens
3007 4661 3074 4718 de
3118 4663 3297 4733 priore
3339 4661 3442 4716 ini-

1890 4760 2108 4813 tiatione
2135 4772 2229 4828 per
2259 4756 2430 4826 legem
2460 4757 2620 4808 facta.

1962 4851 2048 4905 17.
2090 4849 2350 4917 Dirnpisti
2399 4846 2605 4901 vincula
2651 4861 2783 4898 mea.
2817 4843 2883 4898 Et
2919 4858 3038 4913 qua:
3068 4842 3300 4906 vincula,
3335 4842 3438 4898 nisi

1891 4941 2113 5011 peccati,
2141 4939 2294 5008 juxta
2319 4939 2520 4993 dictum
2555 4938 2724 4992 illud:
2770 4934 2999 4988 Vinculis
3039 4935 3174 4988 enim
3205 4943 3439 5003 peccato-

1893 5050 2007 5086 rum
2034 5048 2247 5086 suorum
2272 5032 2619 5100 unusquisque
2642 5029 3012 5098 constringitur
3029 5027 3097 5079 ³δῖ
3125 5025 3237 5079 Tibi
3275 5027 3441 5079 sacri-

1889 5126 2054 5194 ﬁcabo
2105 5123 2329 5178 hostiam
2369 5121 2560 5174 laudis.
2600 5118 2764 5185 Quasi
2797 5120 2849 5171 in
2881 5116 3121 5186 profectu
3152 5127 3205 5170 et
3241 5115 3444 5184 majore

1889 5216 2231 5286 perfectione,
2263 5213 2524 5268 sacriﬁcia
2556 5227 2648 5280 per
2673 5211 2987 5280 sanguinem
3013 5217 3241 5273 recusat,
3275 5207 3443 5261 sacri-

1890 5307 2008 5362 licia
2047 5321 2174 5360 vero
2207 5305 2378 5360 laudis
2410 5304 2712 5359 oblaturum
2741 5319 2799 5356 se
2823 5299 3105 5370 promittit.

1961 5399 2046 5451 17.
2101 5398 2228 5451 Vota
2261 5415 2372 5450 mea
2401 5398 2622 5451 Domino
2656 5396 2890 5449 reddam.
2928 5393 3082 5460 Vota,
3110 5393 3161 5445 id
3202 5399 3282 5446 cst
3316 5405 3441 5460 pro-

1893 5490 2197 5547 missiones.
2224 5488 2362 5554 Quid
2405 5497 2580 5542 autem
2611 5487 2877 5558 promisit,
2915 5486 3018 5539 nisi
3048 5485 3189 5555 quod
3223 5491 3442 5553 accepto

1894 5583 2058 5641 calice
2085 5580 2316 5648 Domini,
2341 5582 2685 5636 invocaturus
2713 5588 2855 5635 esset
2880 5593 3074 5632 nomen
3107 5576 3255 5647 ejus?
3284 5574 3438 5643 Quod

2703 5755 2744 5786 ”
2785 5752 2938 5808 Prov.
2972 5769 3024 5814 ν,
3065 5750 3152 5804 ‘22.
