4070 6462
627 398 729 454 475

1506 390 1564 446 S.
1601 388 1972 445 ATHANASII
2010 388 2160 446 OPP.
2204 389 2380 444 PARS
2420 387 2505 442 Ill.
2546 419 2616 428 —
2650 385 3055 443 EXEGETICA.

3751 394 3858 450 676

628 520 845 578 tactam,
880 511 1070 581 inquit,
1104 524 1228 564 cum
1277 508 1328 563 in
1363 508 1558 562 divinis
1583 510 1723 563 aulis
1749 524 1875 575 ero;
1909 510 1959 564 id
1990 519 2073 566 est
2128 510 2179 564 in
2210 515 2231 571 Α

2304 509 2375 561 εχει
2408 509 2632 577 ποιήσων
2666 507 2850 577 φησὶν,
2886 506 3100 559 ἐπειδὰν
3131 508 3187 557 ἐν
3218 508 3337 570 ταῖς
3369 507 3740 575 θείαιςοαὺλαῖς
3766 531 3862 580 γε-

628 603 869 657 Ecclesia
908 601 1129 667 Christi,
1166 601 1248 655 vel
1280 601 1330 654 in
1366 616 1599 669 superna
1626 600 1941 656 Jerusalem.

976 782 1222 835 Alleluia.
1268 780 1602 836 PSALMUS
1640 781 1844 836 CXVI.

700 874 749 935 1,
782 873 836 927 ‘2.
879 873 1114 926 Laudate
1142 873 1445 938 Dominum,
1472 889 1644 927 omnes
1678 886 1915 943 gentes...
1948 875 2192 943 quoniam

628 966 940 1033 con/innata
961 974 1037 1017 est
1067 981 1222 1033 super
1249 982 1339 1018 nos
1371 966 1730 1019 misericordia
1758 965 2190 1036 ejus.Nunquam

629 1069 812 1126 gentes
865 1061 1023 1111 talem
1076 1060 1425 1112 mutationem
1472 1060 1679 1126 experti
1711 1058 1959 1124 fuissent,
1997 1059 2190 1127 inquit,

630 1149 735 1203 nisi
783 1152 1019 1218 peccatis
1077 1151 1275 1204 nostris
1326 1152 1553 1204 validior
1593 1150 1781 1204 fuisset
1824 1153 2191 1206 misericordia

629 1239 743 1295 Dei.
777 1240 847 1294 Et
871 1242 1060 1293 veritas
1086 1241 1295 1295 Domini
1344 1250 1515 1295 manet
1554 1244 1603 1295 in
1645 1252 1916 1299 wternum.
1952 1243 2191 1299 Salutem

628 1331 773 1382 enim
806 1330 951 1384 dedit
979 1346 1139 1399 quam
1167 1346 1259 1399 per
1283 1341 1500 1386 sanctos
1526 1334 1813 1401 prophetas
1852 1335 2191 1401 promiserat.

630 1419 685 1473 Id
734 1430 787 1475 et
827 1421 1015 1477 beatus
1048 1422 1268 1488 Paulus,
1296 1424 1512 1477 ordiens
1548 1424 1756 1479 litteras
1790 1425 1858 1479 ad
1894 1426 2191 1494 Romanos,

629 1510 705 1564 ait
739 1526 754 1564 :
790 1511 991 1567 Paulus
1034 1532 1208 1568 servus
1242 1514 1367 1568 Jesu
1409 1517 1626 1579 Christi,
1654 1528 1861 1571 vocatus
1889 1519 2192 1587 Apostolus,

628 1614 925 1672 segregatus
960 1607 1012 1657 in
1042 1604 1377 1675 Evangelium
1411 1604 1525 1671 Dei,
1556 1607 1693 1675 quod
1728 1618 1849 1661 ante
1884 1612 2194 1677 promiserat

629 1708 718 1759 per
738 1695 1015 1762 prophetas
1038 1712 1157 1748 suos
1187 1696 1241 1747 in
1264 1696 1553 1764 Scripturis
1583 1700 1776 1751 sanctis
1797 1699 1860 1751 ³³.
1880 1697 1942 1753 Et
1959 1700 2150 1755 iterum
2178 1718 2191 1755 :

630 1784 760 1838 Dico
790 1784 1057 1839 Christum
1083 1786 1265 1841 Jesum
1296 1790 1593 1842 ministrum
1631 1790 1792 1859 fuisse
1833 1794 2192 1847 circumcisio-

629 1877 711 1928 nis
742 1887 952 1945 propter
996 1880 1267 1931 veritatem
1306 1878 1421 1944 Dei,
1452 1880 1520 1933 ad
1556 1882 1944 1949 conﬁrmandus
1971 1887 2198 1953 promis-
2230 1861 2271 1915 Β

628 1968 799 2018 siones
824 1976 1033 2033 patrum
1061 1984 1078 2020 :
1106 1978 1281 2037 gentes
1319 1979 1491 2022 autent
1527 1987 1680 2039 super
1711 1973 2069 2026 misericordia
2109 1975 2202 2027 ho-

629 2074 820 2110 norare
858 2058 1107 2113 Deum“.
1155 2058 1384 2124 Quando
1430 2051 1595 2130 igitur
1641 2062 2012 2118 universorum
2060 2066 2202 2121 Deus

631 2149 873 2219 implevit
915 2153 1326 2221 promissiones,
1356 2163 1411 2208 et
1461 2156 1690 2209 Salutem
1736 2170 1899 2224 quam
1932 2156 2203 2224 pollicitus

629 2255 712 2297 cst
739 2245 906 2310 dedit,
935 2261 999 2299 ac
1042 2246 1429 2301 misericordia:
1473 2245 1649 2302 fontes
1676 2249 1886 2317 aperuit
1914 2249 2199 2314 omnibus;

629 2345 684 2389 et
731 2351 825 2391 vos
868 2338 959 2407 qui
1007 2354 1070 2392 ex
1119 2337 1319 2394 Judaais
1366 2340 1727 2409 processistis,
1760 2350 1815 2395 et
1858 2357 1954 2395 vos
2002 2342 2094 2412 qui
2135 2358 2201 2397 ex

633 2427 884 2497 gentibus
914 2431 1241 2497 credidistis,
1272 2433 1569 2489 concordes
1599 2435 1828 2502 hymnos
1854 2435 2207 2490 commiscen-

631 2528 734 2585 tes,
769 2519 1007 2577 beneﬁce
1038 2524 1208 2578 vicem
1243 2523 1472 2578 reddite.

964 2780 1212 2836 Alleluia.
1257 2783 1591 2841 PSALHUS
1631 2786 1724 2841 CX
1742 2788 1873 2843 VII.

1216 2878 1613 2946 Argumentum.

635 2955 867 3015 Doeetur
888 2979 1060 3018 novus
1083 2968 1315 3034 pepulus
1338 2970 1671 3037 compositus
1695 2987 1759 3025 ex
1784 2970 1987 3029 Iudaeis
2009 2982 2062 3028 et
2083 2989 2211 3044 gen-

704 3052 869 3117 tibus,
902 3071 1069 3108 unum
1094 3058 1271 3110 solum
1302 3069 1552 3127 oportere
1574 3064 1953 3120 auxiliatorem
1992 3066 2211 3123 invoca-

702 3158 782 3205 re,
818 3145 992 3213 ipsum
1028 3148 1235 3202 scilicet
1265 3152 1409 3218 quod
1454 3152 1747 3209 humanam
1800 3160 2097 3229 assumpsit
2121 3177 2209 3223 na,
2236 3191 2277 3247 ρ

706 3244 879 3289 turam
928 3237 1021 3293 Dei
1070 3239 1325 3307 Verbum,
1359 3253 1521 3315 atque
1574 3262 1641 3300 ex
1687 3249 1806 3316 ipso
1856 3250 1911 3305 in
1966 3260 2206 3319 tempore

704 3332 1098 3396 persecutionis
1153 3336 1415 3389 auxilium
1468 3352 1629 3392 omne
1672 3356 1936 3409 quaerere,
2000 3344 2207 3398 scilicet

704 3433 858 3486 opem
890 3436 954 3474 ex
982 3422 1117 3475 casio
1141 3424 1362 3476 missam
1398 3444 1407 3477 :
1441 3424 1651 3495 ipsique
1682 3426 1881 3481 referre
1908 3429 2204 3498 gratiarum

703 3510 944 3565 actiones
977 3527 1076 3580 pro
1108 3513 1351 3578 victoria,
1385 3524 1547 3585 atque
1595 3519 1664 3571 ab
1700 3518 1819 3587 ipso
1854 3520 1966 3574 vias
1995 3520 2207 3575 virtutis

705 3608 887 3667 petere
920 3620 932 3654 :
968 3612 1022 3657 et
1066 3605 1131 3658 ad
1178 3606 1291 3661 hinc
1331 3609 1536 3671 omnia,
1580 3610 1825 3665 conﬁteri
1856 3609 2084 3666 Domino
2114 3614 2205 3682 qui

708 3692 1022 3746 nominatur
1049 3695 1183 3764 lapis
1210 3716 1221 3750 :
1250 3699 1569 3767 reprobatus
1598 3700 1817 3770 quidem
1849 3703 1916 3757 ab
1943 3704 2207 3759 aedifican-

707 3782 871 3845 tibus,
906 3785 1001 3838 sed
1034 3785 1207 3840 factus
1248 3788 1300 3840 in
1341 3801 1507 3858 caput
1542 3792 1746 3859 anguli.

708 3873 823 3926 1-4.
860 3872 1191 3944 Conﬁtemini
1219 3876 1464 3942 Domino,
1481 3883 1726 3950 quoniam
1751 3884 1933 3948 bonus,
1959 3889 2205 3955 quoniam

640 3964 693 4016 in
721 3965 971 4018 swculum
1005 3967 1367 4022 misericordia
1390 3970 1523 4038 ejus.
1554 3971 1709 4025 Dicat
1735 3991 1872 4027 nunc
1898 3976 2085 4030 domus
2118 3975 2204 4030 ls-

642 4057 771 4111 rael.
798 4055 949 4127 Ipsos
982 4059 1189 4127 priores
1223 4061 1617 4118 confessionem
1655 4066 1792 4120 inire
1818 4068 1991 4136 jubet,
2024 4078 2207 4138 utpote

642 4150 731 4218 qui
758 4149 914 4217 primi
940 4154 1113 4205 vocati
1140 4150 1336 4207 fuerint
1356 4170 1451 4223 per
1477 4158 1837 4225 evangelicum
1870 4160 2207 4229 prazdicatio-

643 4257 787 4296 nem.

711 4331 827 4385 5-9.
877 4332 949 4385 De
969 4334 1307 4389 tribulatione
1331 4336 1573 4390 invocavi
1606 4337 1908 4402 Dominum,
1932 4341 2210 4394 etexaudi-

640 4432 713 4484 uit
763 4450 843 4486 me
880 4435 932 4486 in
974 4429 1271 4485 latitudine.
1313 4429 1428 4482 Duo
1480 4430 1638 4483 docet
1674 4430 1761 4484 hic
1804 4446 2015 4494 versus,
2061 4433 2206 4502 quod

2293 600 2481 668 νοίμην
2502 616 2517 627 ο
2557 598 2654 667 τὴν
2692 598 3012 669 Ἐκκλησίαν
3058 598 3315 667 Χριστοῦ,
3349 598 3381 668 ἢ
3410 600 3507 671 τὴν
3540 602 3863 674 ἐπουράνιον

2306 693 2468 763 Ὶερου
2479 690 2607 760 sub“
2618 709 2675 759 μ.

2611 782 2978 849 Ἀλληλούτα.
3017 784 3323 836 ΨΑΛΜΟΣ
3355 781 3433 837 ΡΙ
3440 785 3494 851 (ἶ
3495 791 3528 837 '.

2362 874 2588 928 Αἰνεῖτε
2619 874 2725 927 τόν
2765 873 3003 942 Κύριον,
3031 874 3224 930 πάντα
3257 876 3328 928 τὰ
3350 877 3560 943 ἔθνη...
3580 877 3669 930 ὅτι
3690 878 3866 944 ἐκτα-

2294 967 2505 1035 ταιὼθη
2557 968 2622 1020 τὸ
2673 968 2843 1032 ἔλεος
2886 966 3071 1020 αὐτοῦ
3112 968 3205 1035 ἐφ’
3239 966 3415 1036 ἡμᾶς.
3445 970 3557 1021 Οὑκ
3586 968 3672 1031 ἂν,
3706 970 3861 1036 φησι,

2292 1062 2389 1130 τῆς
2420 1060 2675 1131 τοιαύτης
2706 1059 3003 1129 μεταϐολῆς
3026 1058 3283 1129 ἐτύγχανε
3311 1059 3377 1111 τὰ
3407 1059 3554 1129 ἔθνη,
3578 1062 3625 1110 εί
3649 1059 3727 1130 μὴ
3746 1062 3867 1111 ἐπι-

2294 1150 2654 1220 κρατέστερον
2688 1150 2793 1203 τῶν
2827 1151 3105 1221 ἡμετέρων
3154 1152 3431 1223 ἁμαρτιῶν
3467 1152 3528 1205 τὸ
3555 1152 3700 1215 ἔλεος
3745 1153 3868 1219 ἐγέ-

2293 1257 2413 1293 νετο
2439 1240 2531 1291 τοῦ
2559 1240 2712 1291 Θεοῦ.
2742 1238 2850 1295 Καὶ
2877 1242 2913 1307 ἡ
2938 1240 3184 1309 ἀλήθεια
3212 1240 3432 1308 Κυρίου
3453 1241 3617 1310 μένει
3645 1244 3733 1306 εἰς
3758 1241 3869 1294 τὸν

2293 1330 2512 1383 αἰῶναο
2543 1332 2609 1400 ἣν
2637 1330 2743 1401 γὰρ
2773 1331 2858 1384 διὰ
2905 1332 3012 1383 τῶν
3059 1332 3227 1399 ἁγίων
3266 1333 3557 1401 προπτῶν
3599 1332 3869 1402 ὑπέσχετο

2293 1422 2490 1475 δέδωκε
2520 1422 2809 1492 σωτηρίαν.
2828 1422 2993 1473 Τοῦτο
3025 1423 3117 1474 καὶ
3145 1424 3172 1475 6
3205 1424 3470 1494 μακάριος
3493 1423 3727 1487 Παῦλος,
3755 1424 3869 1476 τῶν

2295 1514 2429 1583 πρὸς
2483 1514 2783 1583 Ῥωμαίους
2842 1514 3181 1583 γραμμάτων
3232 1512 3565 1583 ἀρξάμενος’
3623 1513 3870 1577 Παῦλος

2295 1605 2513 1670 δοῦλος
2550 1605 2742 1671 Ἰησοῦ
2785 1602 3063 1671 Χριστοῦ,
3094 1605 3309 1671 κλητὸς
3352 1606 3714 1671 ἀπόστολος,
3753 1606 3869 1673 ἀει-

2294 1696 2619 1765 ωρισμένος
2638 1698 2724 1761 είς
2739 1700 2785 1749 Ε
2792 1695 3104 1764 ὺαγγέλιον
3132 1695 3299 1759 Θεοῦ,
3315 1696 3344 1749 ὂ
3362 1698 3872 1767 προεπηγγείλατο

2296 1787 2393 1840 διὰ
2416 1786 2531 1840 τῶν
2559 1787 2875 1856 προφητῶν
2900 1787 3083 1840 αὑτοῦ
3111 1787 3181 1838 ἐν
3209 1787 3473 1856 Γραφαῖς
3516 1790 3708 1857 ἁγίαις
3727 1806 3743 1819 ο
3775 1788 3873 1841 καὶ

2301 1880 2461 1931 πάλιν
2489 1878 2545 1930 δέ
2570 1896 2582 1909 ·
2616 1879 2777 1947 Λέγω
2817 1877 3074 1945 Χριστὸν
3101 1876 3337 1943 Ἰησοῦν
3381 1878 3659 1931 διάκονον
3701 1876 3871 1946 γενέ-

2303 1975 2439 2024 σθαι
2485 1968 2801 2038 περιτομῆς
2842 1969 2991 2037 ὺπέρ
3024 1970 3307 2037 ἀληθείας
3348 1970 3513 2033 Θεοῦ,
3540 1972 3623 2034 εις
3660 1970 3726 2021 τὸ
3764 1971 3874 2032 ,εε-

2304 2062 2545 2115 εαιῶσαι
2571 2063 2674 2127 τὰς
2694 2062 3051 2130 ἐπαγγελίας
3071 2061 3186 2114 τῶν
3213 2060 3479 2129 πατέρων
3499 2078 3511 2090 ·
3542 2061 3613 2114 τὰ
3634 2060 3702 2112 δὲ
3724 2060 3871 2126 ἔθνη

2302 2152 2452 2218 ὑπὲρ
2481 2151 2688 2215 ἐλέους
2714 2149 2967 2214 δοξάσαι
3004 2152 3108 2204 τόν
3137 2154 3304 2203 Θεῶν.
3325 2149 3539 2221 Ἐπειδὴ
3566 2150 3745 2203 τοίνυν
3776 2167 3877 2201 πε·-

2304 2245 2557 2313 πλήρωκε
2602 2241 2700 2304 τὰς
2748 2242 3065 2311 ὑποσχέσεις
3112 2245 3139 2294 6
3184 2243 3291 2294 τῶν
3331 2242 3463 2294 ὅλων
3494 2242 3643 2303 Θεὸς,
3676 2243 3771 2293 καὶ
3804 2243 3870 2311 ἦν

2305 2337 2565 2405 ὑπέσχετο
2610 2334 2807 2387 δέδωκε
2854 2334 3143 2405 σωτηρίαν,
3173 2336 3264 2387 καὶ
3305 2333 3536 2405 ἀνέῳξεν
3567 2336 3737 2387 ἅπασι
3770 2335 3876 2397 τὰς

2301 2430 2393 2483 τοῦ
2424 2430 2604 2492 ἐλέους
2635 2429 2835 2498 πηγὰς,
2859 2429 2951 2481 καὶ
2984 2429 3139 2498 ὑμεῖς
3165 2431 3214 2481 οἱ
3234 2428 3291 2494 ἐξ
3322 2428 3584 2480 Ἰουδαίων
3612 2426 3875 2497 προσελη-

2302 2521 2537 2584 λυθὸτες,
2580 2521 2672 2574 καὶ
2706 2522 2859 2590 ὑμεῖς
2884 2520 2932 2573 οἱ
2964 2518 3023 2583 ἐξ
3059 2519 3224 2572 ἐθνῶν
3258 2518 3696 2581 πεπιστευκότες,
3730 2518 3873 2589 σύμ-

2304 2632 2477 2683 φωνον
2523 2614 2796 2684 ὑμνῳδίαν
2846 2614 3195 2682 κεράσαντες,
3234 2611 3661 2681 τὸνεεὺεργὲτην
3709 2611 3872 2681 ἀμεί-

2302 2705 2495 2775 ψασθε.

2642 2798 3000 2864 Ἀλληλούϊα.
3052 2798 3358 2851 ΨΑΛΜΟΣ
3394 2796 3550 2849 ΡΙΖ.

2927 2890 3247 2955 Ὑπόθεσις.

2306 2982 2619 3035 Διδάσκεται
2646 2983 2673 3033 6
2695 2982 2810 3043 νέος
2841 2980 2967 3043 λαὸς
2998 2980 3026 3030 6
3057 2978 3400 3049 συνεστηκὼς
3429 2979 3490 3031 ἔκ
3513 2996 3570 3031 τε
3601 2978 3869 3031 Ἰουδαίων

2378 3074 2469 3125 καὶ
2490 3072 2597 3124 τῶν
2625 3070 2811 3132 ἐθνῶν,
2842 3070 2915 3133 ὡς
2940 3070 3035 3123 ἕνα
3062 3070 3219 3140 μόνον
3244 3070 3323 3122 δεῖ
3344 3069 3716 3122 ἐπικαλεῖσθαι
3742 3070 3869 3139 βοη-

2381 3164 2493 3228 θὸν,
2530 3162 2689 3216 αὑτὸν
2727 3162 2815 3213 τὸν
2847 3162 3339 3232 ἐνανθρωπήσαντα
3378 3161 3468 3214 τοῦ
3500 3161 3635 3214 Θεοῦ
3679 3162 3871 3229 Λόγον,

2378 3258 2471 3313 καὶ
2497 3257 2553 3321 ἐξ
2580 3255 2743 3310 αὑτοῦ
2767 3256 2822 3307 ὲν
2854 3254 3027 3324 καιρῷ
3048 3254 3284 3323 διωγμοῦ
3313 3255 3409 3325 τὴν
3434 3254 3751 3323 ἐπικουρίαν
3779 3254 3873 3322 ζηο

2374 3355 2483 3403 τεῖν
2516 3352 2713 3409 πᾶσαν,
2752 3349 2848 3418 τὴν
2876 3347 2933 3410 ἐξ
2956 3345 3183 3415 οὐρανοῦ
3216 3346 3727 3417 παραπεμπομένην
3758 3346 3874 3415 βοή-

2376 3442 2524 3493 θειαν
2541 3458 2553 3470 ·
2582 3440 2728 3509 αὑτῷ
2752 3455 2809 3490 τε
2838 3438 3124 3508 ἀναφέρειν
3143 3437 3242 3507 τῆς
3262 3436 3415 3507 νίκης
3440 3435 3506 3488 τὰ
3524 3439 3869 3508 χαριστήρια·

2378 3535 2543 3585 αἰτεῖν
2575 3549 2634 3583 τε
2661 3532 2755 3594 τὰς
2778 3530 2866 3583 διὰ
2896 3530 3004 3583 τῶν
3033 3528 3240 3600 ἀρετῶν
3264 3528 3433 3591 ὁδοὺς,
3466 3530 3557 3580 καὶ
3593 3528 3728 3600 πρὸς
3757 3528 3874 3582 τοὺ.

2381 3641 2491 3686 τοις
2523 3622 2724 3675 ἅπασιν
2754 3620 3183 3692 ἐξομολογεῖσθαι
3212 3619 3289 3689 τῷ
3320 3621 3508 3690 Κυρίῳ
3554 3619 3630 3688 τῷ
3674 3620 3871 3689 ὀνομα-

2377 3714 2585 3784 ζομένῳ
2623 3713 2754 3783 λίθῳ
2774 3730 2786 3741 ·
2821 3710 3254 3781 ἀπηγορευμένῳ
3285 3711 3379 3779 μὲν
3419 3711 3567 3779 παρὰ
3600 3710 3707 3763 τῶν
3736 3713 3878 3763 οἰκο-

2375 3806 2573 3874 δόμων,
2608 3802 2883 3872 γενομένῳ
2915 3802 2969 3853 δὲ
3001 3803 3081 3865 είς
3114 3801 3353 3871 κεφαλὴν
3381 3801 3598 3869 γωνίας.

2389 3895 2865 3965 Ἑξομολογεῖσθε
2904 3893 2983 3960 τῷ
3024 3892 3238 3960 Κηρίῳ,
3280 3892 3367 3945 ὅτι
3408 3892 3646 3961 ἀγαθὸς,
3678 3893 3765 3945 ὅτι
3796 3896 3882 3957 εἰς

2306 3987 2411 4039 τὸν
2452 3986 2635 4040 αἰῶνα
2681 3987 2747 4040 τὸ
2788 3986 2956 4052 ἕλεος
3031 3984 3234 4039 αὑτοῦ.
3306 3984 3539 4038 Εὶπάτω
3588 3983 3665 4052 δὴ
3719 3981 3881 4049 οἶκος

2319 4079 2572 4146 Ἰσραήλ.
2590 4080 2635 4131 II
2644 4076 2844 4149 ρὼτους
2856 4078 3048 4139 αὐτοὺς
3062 4076 3161 4139 τῆς
3177 4075 3463 4145 ὲξομολογή
3471 4092 3607 4138 σεως
3617 4075 3881 4147 ἄρχεσθαι

2308 4166 2755 4238 παρακελεύεται,
2806 4166 2899 4218 ἆτε
2948 4163 3195 4234 πρώτους
3235 4163 3597 4233 κεκλημένους
3650 4165 3739 4218 διὰ
3787 4165 3879 4219 τοῦ

2308 4254 2658 4325 εὑαγγελικοῦ
2690 4254 3061 4325 κηρύγματος.

2388 4346 2483 4398 Ἐκ
2536 4346 2794 4412 θλίψεως
2842 4340 3304 4411 ἑπεκαλεσάμην
3354 4340 3459 4391 τὸν
3510 4336 3755 4406 Κύριον,
3784 4338 3881 4389 καὶ

2307 4437 2613 4503 ἐπήκουσέ
2638 4454 2755 4505 μου
2778 4439 2864 4500 είς
2894 4436 3266 4502 πλατυσμόν.
3296 4433 3399 4485 Δύο
3428 4432 3712 4485 διδάσκειὸ
3742 4448 3881 4500 παρ-

641 4519 1020 4574 tribulationes
1046 4518 1239 4571 habere
1263 4518 1491 4572 debeant
1517 4520 1609 4588 qui
1631 4521 1895 4573 accedunt
1921 4522 1985 4575 ad
2011 4523 2164 4576 [idem
2193 4542 2205 4577 :

2310 4528 2384 4580 ὼν
2417 4528 2617 4598 στίχος,
2657 4527 2731 4589 ὡς
2766 4526 2859 4578 καὶ
2886 4525 3113 4595 Θλίψεως
3140 4525 3280 4593 ἔχειν
3316 4524 3397 4575 δεῖ
3427 4525 3550 4585 τοὺς
3585 4540 3881 4594 προσερχο-

636 4612 793 4681 juxta
825 4612 955 4667 illud
981 4610 1225 4664 :Accedis
1247 4609 1316 4661 ad
1340 4610 1665 4662 serviendum
1689 4610 1937 4677 Domino,
1967 4630 2209 4682 pra'para

643 4706 877 4756 animam
913 4712 1058 4755 tuam
1098 4702 1167 4753 ad
1201 4700 1616 4755 tentationem".
1654 4700 1719 4755 Et
1742 4703 1888 4771 quod
1936 4703 1983 4756 is
2032 4705 2123 4774 qui
2155 4704 2208 4758 in

641 4796 904 4851 rerumnis
942 4804 1212 4857 versatur,
1245 4810 1352 4848 non
1387 4794 1553 4847 alium
1582 4794 2091 4865 debeatadjutorem
2128 4798 2210 4851 in-

642 4902 840 4941 vocare
884 4901 1047 4954 quam
1087 4884 1263 4953 ipsum
1315 4884 1625 4949 Dominum,
1658 4883 1751 4955 qui
1807 4886 2205 4940 tribulationem

644 4992 887 5032 nosuam
920 4978 974 5030 in
1009 4975 1350 5030 latitudinem
1384 4991 1634 5045 magnam
1682 4976 1917 5030 deducit.
1950 4976 2056 5031 Pro
2086 4992 2211 5046 par-

644 5074 729 5127 vis
776 5088 1009 5141 namque
1062 5070 1339 5126 laboribus
1374 5085 1598 5142 magnas
1644 5070 1972 5139 accipiemus
2006 5086 2213 5125 merce-

645 5167 761 5221 des.

718 5258 893 5311 10-14.
940 5255 1130 5309 Omnes
1159 5264 1329 5325 gentes
1360 5255 1681 5309 circuierunt
1725 5270 1872 5306 me...
1916 5252 2213 5307 Circumde-

648 5350 834 5402 derunt
880 5366 957 5401 me
988 5351 1123 5401 sicut
1172 5364 1290 5414 apes
1340 5347 1537 5414 favum,
1573 5355 1619 5399 et
1659 5347 1713 5397 in
1752 5347 1956 5397 nomine
1997 5345 2211 5398 Domini

652 5442 791 5494 ultus
832 5456 949 5492 sum
987 5458 1093 5493 eos.
1129 5439 1219 5494 Dei
1252 5454 1487 5507 namque
1516 5438 1743 5507 populus
1788 5438 1962 5492 solum
1989 5438 2214 5491 vocabat

653 5534 842 5598 Deum,
874 5542 929 5588 ct
967 5549 1161 5587 nomen
1190 5533 1307 5603 ejus
1338 5547 1665 5594 memorans,
1698 5532 1881 5585 hostes
1902 5530 2139 5585 visibiles
2164 5539 2218 5583 et

653 5625 950 5685 invisibiles
1000 5625 1403 5680 ulciscebatur:
1445 5623 1690 5678 homines
1734 5632 1911 5678 autem
1962 5622 2045 5676 his
2089 5623 2222 5677 insi-

700 5805 742 5838 ⁸⁸
786 5802 938 5859 Rom.
971 5819 1009 5872 ι,
1055 5804 1100 5869 l,
1130 5804 1183 5858 ‘2.
1262 5802 1305 5835 "
1346 5800 1502 5857 Rom.
1548 5817 1634 5871 xv,
1668 5800 1719 5863 8.
1752 5800 1803 5854 9.

2314 4620 2504 4689 μένους
2530 4622 2595 4689 τῇ
2628 4619 2825 4683 πίστει,
2856 4618 2995 4672 κατὰ
3014 4617 3094 4679 τὸ,
3123 4620 3430 4684 Προσερχῃ
3458 4614 3773 4666 δουλεύειν
3806 4614 3881 4677 τῷ

2313 4712 2525 4780 Κυρίῳ,
2559 4712 2875 4781 ἐτοίμασον
2906 4711 3016 4778 τὴν
3040 4708 3249 4777 ψυχήν
3273 4722 3387 4761 σου
3410 4710 3494 4771 εις
3523 4708 3876 4773 πειρασμόν.

2312 4805 2421 4858 Καὶ
2454 4805 2762 4874 Θλιὸόμενον
2796 4805 2868 4873 μὴ
2895 4804 3078 4873 ἕτερον
3104 4800 3477 4853 ἐπικαλεῖσθαι
3508 4798 3699 4869 βοηθὸν
3726 4798 3758 4868 ἢ
3790 4798 3879 4849 αὑ-

2311 4896 2402 4949 τὸν
2436 4898 2527 4950 τὸν
2560 4895 2783 4966 Κύριον,
2812 4894 2869 4957 ὃς
2900 4895 2993 4946 καὶ
3014 4896 3110 4962 τὴν
3149 4892 3325 4961 θλίψιν
3351 4890 3505 4961 ἡμῶν
3530 4892 3608 4952 εἰς
3637 4891 3880 4959 εὐρυχω-

2322 4989 2441 5060 ρίαν
2483 4989 2603 5055 ἇγει
2646 4987 2861 5057 πολλήν.
2896 4987 3017 5038 Τῶν
3053 4986 3259 5057 μικρῶν
3290 4984 3398 5055 γὰρ
3432 4985 3607 5035 πόνων
3642 4984 3883 5051 μεγάλας

2318 5078 2706 5149 ἀποληψόμεθα
2730 5078 2825 5141 τὰς
2849 5076 3096 5149 ἀμοιϐάς.

2385 5254 2585 5308 Πάντα
2633 5257 2704 5308 τὰ
2744 5254 2886 5322 ἔθνη
2941 5255 3291 5309 ἐκύκλωσαν
3329 5273 3467 5325 με...
3499 5257 3885 5311 Ἐκύκλωςάν

2313 5366 2386 5416 με
2419 5347 2558 5399 ὡσεὶ
2586 5348 2873 5415 μέλισσαι
2907 5348 3131 5413 κηρίον,
3164 5348 3258 5399 καὶ
3288 5347 3366 5412 τῷ
3393 5350 3631 5416 ὀνόματι
3664 5347 3884 5415 Κατὰ-υ

2318 5437 2635 5506 ἠμυνάμην
2660 5440 2897 5504 αὐτούς.
2918 5440 2972 5491 'O
3010 5439 3105 5508 μὲν
3135 5439 3240 5509 γὰρ
3269 5438 3360 5491 τοῦ
3406 5438 3539 5490 Θεοῦ
3573 5438 3700 5502 λαὸς
3730 5442 3885 5508 μόνον

2325 5528 2505 5580 ἐκάλει
2538 5529 2627 5581 τὸν
2654 5528 2801 5590 Θεὸν,
2833 5529 2928 5580 καὶ
2952 5528 3010 5579 τὸ
3039 5526 3205 5596 ὄνομα
3229 5527 3397 5594 λέγων
3445 5524 3606 5577 αὑτοῦ
3651 5526 3885 5595 ἠμύνετο

2326 5622 2447 5684 τοὺς
2479 5620 2828 5691 φαινομένους
2861 5621 2952 5675 καὶ
2982 5621 3203 5691 ἀφανεῖς
3237 5618 3519 5689 πολεμίους
3539 5633 3552 5647 ·
3589 5620 3637 5670 οι
3671 5616 3727 5671 δὲ
3767 5617 3883 5670 τοὺ-

1883 5799 1921 5831 ³⁷
1965 5796 2128 5854 Eccli.
2169 5795 2306 5862 11,ί.
