4070 6454
209 398 316 453 477

1297 383 1659 442 EXPOSITIO
1698 382 1764 437 1N
1810 381 2146 438 PSALMUM
2187 382 2396 440 CXVII.

3359 379 3465 439 478

209 534 326 580 τοις
353 511 792 574 ἐπιϐουλεύοντες
826 511 1098 582 ἄνθρωποι
1132 509 1320 579 μόναις
1353 508 1644 579 θαρροῦσιν
1691 507 1786 576 ἀρ-

1915 504 2120 569 liantes,
2156 505 2290 561 solis
2311 503 2589 558 confidunt
2616 502 3011 573 principalibus
3029 514 3082 557 et
3106 504 3465 573 potestatibus

210 612 335 680 χαῖς
385 624 442 660 τε
490 605 584 658 καὶ
631 603 971 666 δυναστείαις
1005 600 1326 672 ἀνθρώπων.
1360 601 1432 652 Τὸ
1477 601 1555 664 δὲ,
1600 598 1796 652 πάντα

210 704 285 760 τὰ
317 702 483 767 ἔθνη,
509 696 892 766 ὑπερϐολικόν·
927 695 1022 766 τὴν
1053 696 1161 765 γὰρ
1194 694 1449 748 Ἰουδαίαν
1475 694 1652 745 πᾶσαν
1673 689 1797 743 ἐκύ-

212 795 377 847 κλουν
442 793 620 845 πάντα
675 790 742 843 τὰ
794 788 1035 859 ἓθνη.“Η
1096 786 1357 858 παρέοικε
1402 784 1512 854 τῷ·
1544 786 1648 848 Είς
1692 782 1797 847 τὰς

213 887 437 955 πρωΐας
467 883 822 938 ἀπέκτεινον
850 880 1079 946 πάντας
1103 879 1244 944 τοὺς
1273 875 1656 947 ἁμαρτωλοὺς
1689 873 1798 943 τῆς

213 977 328 1048 γῆς
347 995 360 1007 ·
392 975 591 1046 δηλαδὴ
627 976 752 1038 τοὺς
782 972 1046 1044 ἐμπαθεῖς
1077 971 1369 1040 λογισμοὺς
1397 969 1501 1021 ὑπὸ
1529 966 1797 1037 δαιμόνων

216 1071 634 1142 ἐπαγομένους,
701 1069 792 1122 καὶ
846 1068 1036 1135 λόγους
1118 1067 1376 1134 ὲπαφεῖεν
1433 1060 1797 1132 σοφιστικούς.

216 1168 405 1222 Ταῦτα
438 1165 546 1236 γὰρ
576 1160 870 1233 ἀνατρέψει
895 1159 964 1211 τά
985 1155 1296 1227 ἔθνη.Ἕσθ’
1322 1156 1410 1208 ὅτε
1442 1154 1534 1206 καὶ
1566 1152 1800 1221 ἀναιρεῖ-

215 1277 308 1313 ται
361 1257 585 1319 τούτους
636 1253 920 1322 ἐπικλήσει
962 1248 1118 1314 Θεοῦ,
1158 1247 1256 1310 τὰς
1303 1243 1608 1316 παθητικὰς
1639 1241 1796 1295 ἐκκό-

219 1369 372 1405 πτων
406 1347 601 1420 ὁρμὰς,
635 1347 728 1398 καὶ
763 1344 953 1411 λόγους
986 1339 1306 1411 ἀνατρέπων
1346 1333 1706 1406 σοφιπικοὺς.
1738 1334 1798 1384 Ol

216 1445 276 1496 δέ
311 1440 577 1513 κηφῆνες,
611 1440 732 1500 ταῖς
763 1434 1036 1506 μελίτταις
1067 1429 1440 1503 παρεοικότες,
1459 1427 1531 1490 ὡς
1555 1426 1647 1477 καὶ
1677 1423 1800 1475 λαν-

219 1535 408 1587 θάνειν
443 1531 570 1592 τοὺς
603 1527 947 1596 ἀγνοοῦντας,
977 1525 1037 1576 οὑ
1065 1522 1289 1593 κέντρον
1316 1519 1548 1588 ἔχουσιν,
1580 1516 1678 1567 οὑκ
1707 1515 1799 1584 ἐρ-

218 1625 482 1695 γάζονται
515 1621 671 1688 μέλι·
708 1618 866 1687 σῶμα
898 1615 954 1667 δὲ
1001 1613 1183 1683 μεῖζον
1218 1611 1447 1681 ἔχοντες,
1485 1607 1590 1659 τῶν
1623 1604 1803 1675 μελιτ-

218 1712 333 1770 τῶν
372 1716 434 1768 τὸ
475 1715 636 1786 ἔργον
679 1709 973 1762 ἐσθίουσιν·
1019 1703 1112 1767 οὒς
1155 1703 1246 1756 καὶ
1287 1699 1652 1769 διαφθείρουσι
1685 1696 1800 1766 μετ’

221 1807 470 1879 ἀλλήλων
505 1785 559 1858 αἱ
598 1802 838 1874 μέλιτται
872 1793 1474 1865 συνιστάμεναι.Ἔστιν
1507 1785 1598 1843 οῦν
1626 1791 1657 1858 ἡ
1691 1788 1803 1839 Ἐκ-

222 1899 425 1972 κλησία
479 1896 737 1968 μέλισσα·
775 1889 1156 1964 μελιττουργὸς
1203 1885 1259 1938 δέ
1303 1887 1336 1955 ἠ
1383 1884 1482 1954 τὴν
1527 1880 1619 1934 τοῦ
1665 1879 1799 1932 Θεοῦ

222 1990 553 2064 προτιμῶσα
577 1988 796 2056 σοφίαν·
817 1979 884 2056 ἦς
907 1983 1031 2045 τοὺς
1057 1981 1250 2041 πόνους
1277 1977 1512 2047 βασιλεῖς
1539 1974 1633 2028 καὶ
1661 1971 1803 2026 ista.

221 2063 316 2137 ται
354 2081 490 2152 πρὸς
520 2078 708 2147 ὑγείαν
741 2075 1160 2147 προσφέρονται,
1195 2071 1394 2138 καίπερ
1429 2064 1687 2128 ἀσθενοῦς
1711 2063 1802 2117 οὑ-

227 2190 361 2246 σης·
404 2172 548 2226 κατὰ
579 2171 662 2230 τὸ.
692 2168 787 2235 Μὴ
821 2167 889 2220 ἑν
933 2164 1126 2219 πειθοῖ
1167 2163 1384 2232 σοφίας
1430 2159 1806 2229 ἀνθρωπίνης

223 2269 374 2338 ἔχειν
401 2266 462 2319 τὸ
491 2263 967 2336 κήρυγμα.”ομως
996 2259 1105 2329 ἔχει
1142 2256 1202 2310 τὸ
1245 2256 1466 2326 κέντρον
1507 2255 1562 2307 ὲν
1590 2251 1807 2306 ἀποδεί-

223 2360 312 2428 ξει
342 2357 649 2429 πνεύματος
689 2355 780 2409 καὶ
825 2354 1106 2424 δυνάμεως
1141 2349 1296 2412 Θεοῦ,
1323 2347 1415 2401 τὸν
1446 2347 1543 2416 τῆς
1577 2345 1810 2406 πίστεως

224 2453 427 2523 ἔχουσα
451 2450 606 2518 λόγον
625 2463 640 2477 ·
668 2448 743 2510 ὡς
765 2447 857 2499 καὶ
880 2447 1123 2515 ἀναιρεῖν
1149 2443 1248 2506 τὰς
1276 2443 1532 2512 αἱρέσεις,
1562 2437 1812 2506 καθάπερ

226 2543 508 2614 κηφῆνας,
541 2539 748 2608 ἐλέγχῳ
773 2537 983 2598 ταύτας
1002 2531 1361 2604 διχοτομοῦσα
1388 2530 1488 2599 τῆς
1515 2527 1772 2598 ἀληθείας
1797 2567 1810 2578 .

226 2634 346 2687 Μία
376 2631 473 2703 μὲν
503 2634 536 2700 ἡ
571 2630 848 2700 τιμήσασα
890 2626 990 2697 τὴν
1033 2624 1220 2693 σοφίαν
1249 2622 1344 2675 τοῦ
1384 2619 1515 2674 Θεοῦ
1547 2619 1773 2690 μέλισσα
1795 2632 1811 2648 ·

227 2723 423 2777 πολλαὶ
450 2721 506 2774 δὲ
534 2721 629 2790 τῆς
659 2718 751 2772 τοῦ
777 2717 914 2772 Θεοῦ
946 2715 1136 2786 σοφίας
1164 2714 1479 2783 ἀπέστησαν
1497 2727 1509 2738 ·
1545 2711 1605 2762 οὑ
1641 2707 1816 2780 μέλισ-

230 2834 348 2880 σαι,
382 2813 497 2868 ἁλλ’
528 2814 603 2876 ὡς
640 2813 890 2883 μέλισσαι
926 2810 1172 2879 κηφῆνες
1219 2806 1591 2876 ὑπάρχουσαι·
1628 2802 1815 2872 βουλό-

1771 1849 1876 1903 :B

1901 597 2203 651 hominum.
2240 596 2372 650 Illud
2428 604 2628 660 autem,
2687 611 2864 649 omnes
2904 605 3098 665 gentes,
3127 596 3468 666 hyperbolice

1898 691 2100 744 dictum
2139 707 2151 742 :
2185 704 2306 743 nam
2354 687 2595 743 Judaeam
2632 703 2846 740 omnem
2900 688 3311 741 circumdabant
3352 703 3470 742 om-

1901 799 1996 837 nes
2025 792 2229 853 gentes.
2272 782 2348 836 Ac
2370 782 2546 836 simile
2573 790 2657 835 est
2683 781 2829 834 dicto
2858 781 2930 834 illi
2968 800 2980 834 :
3013 780 3076 833 In
3101 781 3361 834 matutino
3383 782 3471 834 in—

1901 876 2218 945 terﬁciebam
2256 892 2429 928 omnes
2453 885 2747 944 peccatores
2777 883 2960 936 terrm;
2995 875 3045 928 id
3071 882 3154 928 est
3189 873 3472 942 cogitatio-

1901 986 1998 1025 nes
2027 979 2081 1024 et
2106 970 2331 1024 affectus
2366 986 2458 1039 per
2499 969 2772 1022 daemones
2805 967 3099 1030 immissos,
3145 975 3200 1020 et
3244 964 3470 1018 subdola

1901 1063 2064 1116 verba
2097 1061 2252 1115 abiis
2285 1058 2664 1114 inductaJlaec
2696 1059 2840 1113 enim
2877 1066 3060 1127 gentes
3084 1055 3466 1126 profligabunt.

1901 1152 2175 1224 Contin'git
2205 1163 2383 1207 autem
2423 1152 2714 1223 aliquando
2749 1160 2806 1204 ut
2829 1165 2922 1204 eas
2952 1165 3045 1218 per
3077 1147 3471 1202 invocationem

1904 1245 1994 1301 Dei
2043 1246 2110 1300 de
2163 1245 2343 1301 medio
2394 1246 2573 1309 tollat;
2604 1243 2918 1315 passionum
2952 1245 3210 1310 impetum
3257 1238 3476 1294 exscin-

1901 1338 2058 1400 deus,
2093 1345 2147 1391 et
2176 1337 2363 1392 dolosa
2398 1336 2560 1390 verba
2596 1333 2904 1404 profligatis.
2927 1329 3117 1400 Vespa:
3142 1337 3319 1382 autem
3353 1342 3476 1395 quas

1904 1433 2095 1502 apibus
2144 1433 2216 1484 ita
2261 1431 2469 1484 similes
2515 1438 2666 1494 sunt,
2703 1437 2764 1482 ut
2796 1426 2887 1497 qui
2915 1440 3008 1479 eas
3040 1423 3207 1493 probe
3237 1437 3345 1476 non
3376 1435 3478 1474 no-

1905 1525 2014 1578 rint
2042 1524 2197 1579 facile
2223 1523 2398 1592 decipi
2432 1521 2663 1591 possint,
2695 1519 2964 1589 spiculum
2991 1531 3099 1570 non
3131 1515 3350 1578 habent,
3385 1529 3482 1565 ne-

1903 1630 2010 1685 que
2055 1614 2159 1669 mel
2197 1623 2518 1684 Operantur;
2566 1610 2660 1665 sed
2708 1624 2832 1664 cum
2873 1607 3144 1662 crassiore
3173 1605 3282 1659 sint
3311 1617 3476 1672 quam

1905 1724 2033 1779 apes
2077 1706 2240 1770 mole,
2271 1720 2410 1774 opus
2456 1702 2749 1766 comedunt
2782 1718 2794 1752 :
2824 1712 2963 1768 quos
2997 1697 3105 1767 (45)
3148 1709 3316 1749 unum
3355 1701 3478 1763 post

1905 1802 2071 1855 alium
2104 1797 2420 1852 interimunt
2449 1809 2577 1864 apes
2607 1808 2715 1846 una
2740 1798 2962 1846 coactae.
2997 1786 3128 1855 Apis
3163 1793 3245 1839 est
3290 1782 3476 1837 Eccle-

1906 1894 1985 1950 sia
2014 1911 2030 1949 :
2066 1892 2170 1946 mel
2203 1899 2383 1944 autem
2413 1862 2695 1956 operatur,
2721 1899 2843 1954 quae
2885 1881 2978 1935 Dei
3017 1877 3337 1949 sapientiam
3367 1862 3480 1944 plu-

1909 1987 2031 2042 rimi
2065 1984 2212 2040 facit.
2240 1981 2411 2049 Cujus
2437 1979 2647 2033 labores
2671 1985 2780 2030 tam
2813 1989 2966 2040 reges
2995 1986 3157 2043 quam
3188 1968 3382 2040 privati
3413 1968 3480 2020 ad

1906 2080 2195 2135 sanitatem
2241 2073 2495 2137 aﬂ‘erunt,
2523 2068 2732 2124 etiamsi
2763 2067 2986 2144 infirma
3034 2065 3104 2120 sit
3133 2102 3147 2127 ,
3183 2060 3481 2117 secundum

1908 2172 2038 2227 illud
2075 2189 2088 2225 :
2119 2168 2238 2221 Non
2263 2168 2317 2219 in
2338 2159 2770 2234 persuasibilibus
2791 2158 3034 2211 humana:
3071 2155 3343 2224 sapientia:
3367 2168 3482 2205 rer-

1909 2263 2044 2318 bis"
2077 2257 2390 2333 praedicatio
2437 2255 2686 2308 ellicitur.
2723 2251 2972 2306 Attamen
3014 2247 3279 2316 spiculum
3323 2243 3484 2297 habet

1912 2359 1966 2412 in
2015 2355 2384 2411 ostensionem
2440 2349 2666 2418 spiritus
2718 2358 2773 2400 et
2821 2344 3036 2398 virtutis
3067 2339 3330 2405 Dei,cum
3360 2335 3484 2391 tidei

1914 2462 2221 2504 sermonem
2267 2443 2494 2507 habeat;
2527 2441 2600 2494 ita
2644 2448 2702 2492 ut
2751 2438 3008 2500 haereses,
3037 2450 3137 2489 ceu
3179 2447 3374 2501 vespas
3420 2429 3488 2484 de

1915 2541 2094 2596 medio
2129 2539 2303 2602 tollat,
2340 2536 2634 2594 dissecatis,
2675 2531 2795 2583 illas
2849 2534 3172 2596 argumento
3217 2523 3484 2578 veritatis.

1916 2631 2042 2688 Sola
2087 2629 2205 2698 apis
2238 2634 2320 2682 est
2345 2641 2466 2694 quae
2495 2621 2816 2692 sapientiam
2866 2617 2958 2672 Dei
2998 2616 3246 2669 honorat.
3305 2610 3491 2666 Multae

1916 2734 2096 2779 autem
2123 2738 2151 2776 a
2181 2720 2274 2775 Dei
2301 2718 2563 2788 sapientia
2591 2713 2928 2775 defecerunt,
2954 2723 3061 2764 non
3091 2723 3219 2778 apes
3247 2706 3488 2777 quidem,

1917 2817 2011 2873 sed
2039 2828 2214 2884 vespae
2259 2809 2323 2866 ad
2372 2806 2781 2863 similitudinem
2811 2818 2993 2873 apum.
3030 2800 3161 2866 Quae
3187 2813 3364 2867 vespae
3397 2795 3492 2856 ubi

231 2926 389 2981 μενοι
434 2907 535 2976 τῆς
585 2906 712 2975 μιᾶς
755 2902 1028 2957 ἀναλῶσαι
1074 2900 1135 2952 τὸ
1172 2898 1314 2970 μέλι,
1342 2899 1435 2951 καὶ
1464 2896 1593 2949 ὡσεὶ
1625 2895 1735 2966 πῦρ
1763 2899 1809 2949 ἐι

1920 2910 2106 2964 volunt
2135 2907 2294 2960 unius
2326 2904 2442 2973 apis
2466 2900 2571 2954 mel
2601 2900 2910 2962 absumere,
2937 2894 3095 2964 quasi
3129 2894 3264 2962 ignis
3294 2893 3348 2946 in
3379 2892 3492 2960 spi-

228 3001 498 3063 ἀκάνθαις
543 2998 884 3051 ἐκκαίονται·
917 2995 979 3049 τὸ
1020 2995 1127 3066 γὰρ
1174 2991 1395 3064 αἰσχρὸν
1441 2987 1745 3059 ἐπιθυμιῶν
1770 2991 1818 3042 οί

1919 3003 1998 3053 nis
2026 2997 2441 3052 comburuntur.
2461 2989 2594 3044 Nam
2627 2985 2863 3042 hmretici
2893 2993 3100 3051 turpem
3131 2978 3490 3048 cupiditatum

238 3092 353 3147 ἀπὸ
394 3091 503 3143 τῶν
553 3090 816 3162 αἱρέσεων
867 3087 1149 3141 ὲκκαίουσι
1199 3083 1348 3156 πῦρ·
1377 3081 1557 3144 καθώς
1602 3079 1809 3150 φησινί

1923 3092 2096 3162 ignem
2133 3086 2456 3148 accendunt,
2508 3077 2967 3149 quemadmodum
2999 3071 3202 3126 Paulus
3231 3068 3493 3132 ait:Qua:

231 3176 478 3240 Παῦλος·
524 3156 628 3231 Τὰ⁷
655 3181 764 3246 γὰρ
815 3175 1013 3244 κρυφῆ
1047 3174 1324 3243 γινόμενα
1362 3172 1460 3224 ὑπ’
1490 3169 1689 3224 αὐτῶν
1725 3172 1809 3222 αἱ·-

1920 3156 2058 3234 eirim
2088 3174 2143 3232 in
2186 3175 2390 3230 occulto
2431 3172 2565 3240 ﬁunt
2596 3167 2658 3220 ab
2688 3166 2838 3233 ipsis,
2875 3174 3023 3230 turpe
3054 3169 3206 3215 estet
3236 3159 3406 3211 dicere
3423 3156 3490 3208 ³⁸.

229 3273 430 3342 σχρόν
459 3272 589 3324 ἐστι
619 3270 716 3322 καί
749 3268 968 3338 λέγειν.
988 3267 1250 3329 Ἀκάνθας
1278 3265 1334 3317 δὲ
1366 3265 1462 3327 τὰς
1491 3263 1681 3334 ὴδονάς
1716 3265 1813 3332 ἠρι-

236 3366 474 3436 μήνευσε
508 3363 568 3416 τὸ
599 3360 956 3428 Εὐαγγέλιον·
986 3351 1061 3411 ὧν
1090 3356 1214 3419 τοὺς
1259 3355 1448 3423 λόγους
1481 3356 1510 3406 ό
1553 3353 1644 3405 τὸν
1681 3352 1811 3404 Θεὸν

231 3457 419 3512 ⁴καλῶν
471 3454 781 3524 ἀνατρέπει.
812 3451 892 3504 Τὰ
931 3451 1038 3521 γὰρ
1086 3449 1226 3503 ὅπλα
1273 3447 1436 3502 αὑτοῦ
1461 3447 1520 3500 οὑ
1554 3444 1809 3516 σαρκικὰ,

229 3549 399 3604 ctua
438 3544 664 3599 δυνατὰ
716 3541 796 3608 τῷ
842 3543 964 3608 Θεῷ
1001 3539 1397 3610 καθαιροῦντα
1438 3537 1560 3592 πᾶν
1600 3537 1815 3604 ὕψωμα

232 3638 628 3705 ἐπαιρόμενον
653 3633 800 3687 κατὰ
827 3631 935 3700 τῆς
960 3629 1232 3700 γνώσεως
1263 3627 1368 3681 τοῦ
1397 3627 1564 3680 Θεοῦ.

309 3728 480 3796 Φωνὴ
513 3724 924 3796 ἀγαλλιάσεως
974 3721 1072 3774 καὶ
1128 3720 1416 3786 σωτηρίας
1445 3719 1513 3770 ἐν
1558 3715 1817 3783 σκηναῖς

232 3821 503 3876 δικαίων.
561 3819 648 3879 Ὠς
676 3815 775 3886 ἠδη
825 3812 1183 3886 ἀνῃρημένων
1215 3810 1322 3862 τῶν
1370 3806 1574 3878 νοητῶν
1608 3807 1816 3878 ἐχθρῶν

236 3914 349 3969 τῶν
397 3913 538 3966 κατά
567 3909 790 3980 καιροὺς
811 3907 1115 3972 διωξάντων
1144 3904 1234 3956 τὸν
1264 3902 1357 3958 τοῦ
1388 3900 1522 3955 Θεοῦ
1569 3900 1718 3966 λαὸν,
1745 3900 1819 3951 εί-

239 4005 416 4065 κὸτως
465 4000 651 4053 λοιπὸν
696 3999 794 4068 τῆς
840 3996 1209 4066 ἀγαλλιάσεως
1254 3997 1308 4048 αἱ
1370 3992 1545 4062 φωναὶ
1591 3989 1816 4044 ἀκούον-

233 4108 362 4157 cui,
395 4094 485 4147 καὶ
548 4094 648 4162 οὑχ
689 4089 915 4162 ἑτέρωθί
960 4107 1062 4142 που
1126 4089 1246 4160 ἢέν
1279 4089 1400 4150 ταῖς
1439 4085 1547 4138 τῶν
1597 4083 1820 4138 δικαίων

241 4188 490 4258 σκηναῖς.

314 4280 488 4344 Δεξιὰ
540 4278 760 4346 Κυρίου
820 4276 1069 4343 ἐποίησε
1115 4274 1390 4344 δύναμιν.
1450 4274 1593 4344 Αὕτη
1635 4275 1668 4344 ἡ
1724 4272 1820 4342 τῆς

242 4371 616 4442 ἀγαλλιάσεως
642 4369 793 4438 φωνὴ
823 4370 854 4438 ἡ
883 4368 1146 4439 γενομένη
1179 4367 1325 4439 παρὰ
1351 4367 1448 4436 τὴν
1475 4364 1818 4433 Ἐκκλησίαν,

242 4466 304 4519 τὸ
342 4464 641 4534 ὁμολογεῖν,
678 4461 758 4513 ὅτι
806 4461 942 4531 αὑτὴ
1007 4459 1141 4529 μόνη
1199 4458 1358 4530 ήτοῦ
1413 4458 1616 4528 Κυρίου
1666 4455 1822 4508 δύναα

1921 3270 2116 3340 Spinas
2151 3276 2332 3321 autem
2359 3264 2661 3331 voluptates
2690 3272 2811 3312 esse
2857 3262 3105 3309 sanctum
3140 3247 3491 3317 Evangelium

1921 3361 2329 3428 interpretatum
2355 3365 2467 3412 est:
2490 3365 2720 3421 quorum
2767 3346 2930 3401 verba
2983 3341 3178 3397 evertit
3202 3340 3295 3410 qui
3323 3340 3490 3392 Deum

1923 3461 2096 3507 vocat.
2127 3449 2291 3503 Arma
2317 3455 2499 3502 autem
2528 3442 2650 3512 ejus
2690 3456 2798 3493 non
2844 3436 3106 3498 carnalia,
3141 3433 3229 3488 sed
3261 3431 3492 3502 potentia

1922 3545 2032 3599 Dco
2067 3543 2135 3596 ad
2175 3537 2546 3593 destruendam
2575 3548 2777 3586 omnem
2803 3529 3139 3582 altitudinem
3164 3525 3492 3579 extollentem

1923 3658 1975 3694 se
2007 3640 2255 3692 adversus
2284 3634 2559 3687 scientiam
2592 3628 2680 3680 Dei
2697 3628 2761 3681 ⁸⁸.

1989 3733 2075 3786 15.
2130 3728 2239 3782 Vox
2283 3723 2652 3779 exsultationis
2702 3728 2750 3772 et
2801 3717 2991 3772 salutis
3037 3719 3093 3771 in
3142 3712 3492 3768 tabernaculis

1915 3829 2202 3893 justorum.
2225 3817 2544 3889 Utpotejam
2563 3816 2628 3869 de
2650 3812 2827 3867 medio
2857 3810 3088 3866 sublatis
3119 3805 3493 3877 spiritualibus

1925 3915 2180 3980 inimicis,
2206 3912 2299 3983 qui
2333 3910 2498 3963 variis
2530 3905 2864 3976 temporibus
2889 3902 2982 3956 Dei
3012 3901 3270 3972 populum
3304 3913 3488 3968 perse-

1926 4008 2040 4063 cuti
2077 4006 2312 4068 fuerant,
2340 4001 2462 4070 jure
2501 4000 2756 4066 deinceps
2788 3996 3084 4049 audiuntur
3113 4007 3274 4047 voces
3304 3989 3492 4043 exsul-

1927 4099 2171 4162 talionis,
2199 4111 2303 4150 non
2329 4093 2438 4146 alio
2475 4093 2526 4144 in
2558 4091 2677 4143 loco
2710 4104 2872 4158 quam
2915 4088 2968 4140 in
3013 4082 3377 4139 tabernaculis
3401 4081 3491 4150 ju—

1927 4203 2155 4249 storum.

2004 4285 2091 4340 16.
2128 4280 2355 4334 Dextera
2392 4277 2603 4330 Domini
2639 4275 2760 4345 fecit
2802 4274 3067 4334 virtutem,
3103 4280 3208 4324 etc.
3252 4266 3377 4322 Haec
3409 4272 3496 4320 est

1928 4393 2032 4431 vox
2069 4371 2446 4429 exsultationis
2489 4369 2629 4423 edita
2665 4369 2718 4420 in
2759 4364 3018 4429 Ecclesia,
3050 4379 3156 4432 qua
3213 4359 3498 4415 confitetur

1932 4470 2100 4538 ipsam
2137 4464 2307 4532 solam
2354 4459 2566 4515 Domini
2598 4459 2852 4511 virtutem
2901 4461 3278 4507 concertantes
3317 4450 3498 4504 salvos

245 4575 340 4630 μις
371 4557 498 4617 τοὺς
559 4552 996 4623 ἀγωνιζομένους
1032 4550 1254 4603 διέσωσε
1318 4548 1410 4601 καὶ
1458 4546 1809 4618 ὑψηλοτέρους

1925 4559 2116 4614 fecisse
2151 4571 2214 4609 ac
2237 4554 2472 4608 inimicis
2500 4548 2827 4606 excelsiores
2863 4547 3197 4600 exhibuisse.

240 4648 545 4715 ἀπέδειξεν.

338 4739 644 4804 Ἀνοίξατέ
661 4756 762 4808 μοι
793 4738 990 4802 πύλας
1050 4735 1459 4800 δικαιοσύνης.
1515 4731 1694 4794 Πύλας
1739 4729 1820 4782 δι-

240 4833 540 4902 καιοσύνης
589 4833 687 4895 τὰς
747 4832 866 4884 κατ’
900 4828 1099 4901 ἀρετὴν
1132 4829 1344 4899 νοήσεις
1404 4823 1706 4897 προκοπὰς,
1757 4823 1821 4887 ἃς

241 4927 338 4980 καὶ
371 4924 646 4978 ὁδεύουσιν
668 4924 717 4975 οί
755 4922 880 4984 τοὺς
929 4922 1157 4990 καιροὺς
1200 4918 1306 4971 τῶν
1338 4917 1567 4987 Θλίψεων
1591 4916 1820 4986 ὑπομεί-

241 5032 456 5078 ναντες.
485 5014 646 5081 Αὕτη
677 5015 714 5081 ή
743 5013 905 5078 πύλη
929 5010 1033 5064 τοῦ
1064 5008 1538 5078 Κυρίου,δίκαιοι
1559 5007 1824 5061 εἰσελεύ-

241 5125 457 5166 σονται
480 5107 551 5160 ἐν
574 5103 748 5173 αὐτῇ.
778 5106 841 5158 Οἱ
870 5105 960 5158 διὰ
1003 5104 1114 5156 τῶν
1152 5101 1361 5171 ἀρετῶν
1399 5098 1823 5173 περιπατοῦντες

243 5206 329 5266 είς
356 5199 570 5270 ἐκείνην
592 5200 962 5268 ἀπαντήσουσι
1000 5196 1097 5267 τὴν
1153 5195 1348 5265 πύλην,
1384 5194 1483 5266 τὴν
1536 5196 1616 5256 εἰς
1654 5191 1823 5264 αὑτὴν

239 5295 484 5359 ἀγουσαν
513 5291 612 5362 τὴν
644 5288 738 5342 τοῦ
763 5288 965 5361 Κυρίου
1000 5287 1250 5356 θεωρίαν.
1299 5286 1407 5339 Καὶ
1441 5286 1567 5339 ποία
1599 5285 1756 5356 αὑτὴ,
1788 5285 1820 5355 ἢ

241 5386 342 5455 τῆς
373 5383 599 5453 καρδίας
649 5381 991 5451 καθαρότης;
1046 5377 1332 5448 Μακάριοι
1357 5382 1409 5433 oi
1466 5380 1709 5448 καθαροὶ
1748 5378 1823 5447 τῇ

240 5474 480 5544 καρδίᾳ,
507 5475 596 5527 ὅτι
627 5474 732 5529 τὸν
755 5474 904 5528 Θεὸν
930 5473 1201 5543 ὄψονται.

319 5652 365 5684 ³³
404 5650 580 5707 lCor.
617 5667 676 5718 ιι,
704 5653 758 5706 4.
835 5651 878 5684 ³⁹
920 5649 1116 5723 Ephes.
1150 5668 1200 5720 v,
1232 5651 1314 5709 l2.
1391 5653 1434 5685 “
1476 5652 1518 5707 Il
1545 5653 1667 5710 Cor.
1703 5671 1753 5720 ις,

321 5839 433 5915 (45)
475 5841 653 5897 Locus
685 5842 933 5896 vitiatus.

1943 4702 2184 4782 "1930.
2207 4716 2414 4785 Aperite
2432 4708 2570 4764 mihi
2595 4707 3029 4778 portasjustiliaz,
3057 4714 3159 4758 etc.
3177 4699 3502 4770 Portasjus-

1926 4813 2056 4869 titia‘
2100 4809 2368 4878 intelligas
2407 4804 2706 4876 profectum
2736 4803 2787 4853 in
2819 4797 3137 4860 virtutibus,
3173 4809 3334 4865 quem
3362 4793 3504 4847 obti-

1931 4914 2059 4961 nent
2087 4906 2177 4973 qui
2211 4900 2563 4955 afllictionum
2591 4905 2836 4962 tempora
2867 4890 3161 4945 sustinent.
3195 4884 3324 4939 Haec
3348 4895 3502 4952 porta

1934 4994 2168 5056 Domini,
2203 4991 2337 5061 justi
2387 4986 2660 5042 intrabunt
2710 4985 2764 5036 in
2813 4997 2950 5035 eam.
3005 4977 3110 5045 Qui
3155 4993 3250 5047 per
3278 4976 3504 5030 virtutes

1931 5084 2205 5147 incedunt,
2230 5081 2295 5135 ad
2317 5079 2460 5133 illam
2493 5076 2805 5148 pervenient
2835 5080 3070 5142 portam,
3106 5083 3227 5139 quae
3256 5068 3408 5121 ducit
3436 5068 3502 5121 ad

1932 5182 2104 5248 ipsam
2159 5171 2373 5229 Domini
2433 5167 2961 5238 contemplationem.
3015 5163 3343 5233 Ecqnzenam
3410 5161 3501 5215 illa

1930 5282 2010 5327 est
2045 5271 2147 5324 nisi
2174 5266 2353 5324 cordis
2381 5265 2621 5337 puritas?
2645 5263 2796 5318 Beati
2819 5260 3012 5318 munda
3043 5258 3221 5326 corde,
3247 5258 3374 5328 quia
3400 5255 3500 5327 ipsi

1932 5365 2099 5420 Deum
2128 5361 2370 5416 ridebunt
2396 5361 2461 5413 “.

1942 5653 1982 5686 δ’
2020 5651 2184 5708 Matth
2245 5666 2295 5716 ν,
2321 5651 2374 5703 8.
