4070 6468
629 404 732 460 879

1476 405 1532 462 S.
1568 405 1933 460 ATHANASH
1974 403 2125 460 OPP.
2167 404 2348 461 PARS
2386 403 2475 461 ιιι.
2507 432 2577 442 -
2607 399 3013 457 EXEGETICA.

3769 392 3873 452 480

699 513 790 568 22.
828 513 1077 584 Lapidem
1116 533 1266 586 quem
1297 519 1696 586 repro‘daverunt
1734 518 2075 587 azdiﬁcantes,
2104 520 2184 571 Inc
2213 569 2218 580 ,

2355 518 2537 571 Λίθον
2560 515 2633 569 ὃν
2656 514 3104 582 ἀπεδοκίμασαν
3119 515 3170 566 c-l
3193 509 3668 580 οἰκοδομοῦντες,
3689 501 3872 571 οὗτος

631 604 806 674 factus
832 616 906 658 est
961 608 1016 659 in
1064 618 1221 676 caput
1278 609 1478 678 anguli.
1508 609 1584 664 Te
1619 611 1797 679 ipsum
1849 609 1940 679 qui
1977 618 2196 678 prepter

632 711 733 750 nos
761 695 934 752 factus
958 714 1015 751 es
1043 699 1178 767 lapis
1217 700 1482 769 abjectus,
1508 704 1933 772 reprobaverunt
1977 703 2191 771 quidem

631 787 991 855 aedificantes;
1022 791 1115 844 sed
1155 802 1275 859 post
1310 793 1549 861 gentium
1589 795 1941 848 mutationem
1971 795 2196 848 alterius

631 881 813 948 anguli
860 891 1020 951 caput
1062 883 1283 938 allectus
1313 901 1371 940 es
1397 904 1408 938 :
1439 895 1492 939 et
1525 887 1797 954 quodnam
1829 887 1993 940 illud?
2021 885 2196 954 Copu-

631 971 755 1026 lavit
777 973 906 1026 duos
931 976 1149 1044 papulas
1175 979 1227 1030 in
1259 995 1422 1030 unum
1451 994 1640 1032 novum
1668 980 1926 1032 hominem
1948 978 2015 1032 δ’.

700 1149 790 1204 2.1.
822 1151 948 1207 Haec
969 1155 1077 1208 dies
1101 1174 1256 1224 quant
1280 1159 1402 1227 fecit
1433 1159 1708 1225 Dominus,
1737 1170 1841 1214 etc.
1868 1159 2193 1230 Ecquzcnam

630 1237 744 1293 dies
771 1239 932 1296 fuerit
955 1244 1060 1298 nisi
1089 1249 1501 1303 resurrectionis
1528 1248 2050 1315 Domini?Qnmnam
2082 1250 2194 1304 haec

629 1331 766 1394 dies,
815 1334 915 1388 nisi
962 1353 1022 1389 ea
1059 1353 1177 1407 qua:
1217 1341 1466 1410 gentibus
1499 1341 1750 1395 omnibus
1795 1343 2048 1396 salutaris
2081 1352 2192 1406 est,

629 1439 735 1491 Q'la
785 1424 917 1493 lapis
962 1428 1049 1482 ille
1097 1431 1328 1498 rejectus
1351 1430 1528 1487 factus
1559 1442 1642 1486 est
1677 1434 1730 1486 in
1761 1442 1920 1503 caput
1969 1432 2196 1502 anguli?

631 1513 977 1585 Signiticatur
1023 1533 1204 1576 autem
1252 1523 1367 1579 dies
1422 1527 1839 1580 resurrectionis
1898 1526 2196 1580 Salvatoris

628 1610 822 1674 nostri,
852 1626 971 1679 qua:
994 1612 1097 1682 ipsi
1127 1617 1470 1686 cognominis
1506 1627 1607 1683 est,
1643 1618 1850 1672 scilicet
1891 1616 2192 1672 Dominica.

692 1792 880 1852 ‘25-'27.
911 1795 954 1850 0
979 1797 1215 1862 Domine,
1256 1801 1460 1855 salvum
1497 1818 1576 1854 me
1607 1801 1714 1871 fac,
1745 1817 1775 1854 ο
1800 1800 2042 1866 Domine,
2073 1801 2197 1854 bene

2297 607 2549 677 ἐγενήθη
2579 609 2664 670 εἰς
2716 604 2990 674 κεφαλὴν
3021 604 3254 673 γωνίας.
3290 602 3377 654 Σοὶ
3414 600 3563 670 αὐτῷ
3600 597 3680 669 τῷ
3706 613 3869 666 γεγο-

2297 700 2408 752 νότι
2439 699 2504 751 δι’
2540 700 2686 768 ἡμᾶς
2712 697 2842 768 λίθῳ
2868 696 3299 765 ἁπηγορευμὲνῳ
3332 691 3744 761 ἀπεδοκίμασαν
3772 688 3870 758 μὲν

2295 791 2344 840 οἱ
2376 786 2794 858 οἰκοδομοῦντες·
2831 784 2965 855 μετὰ
2989 784 3164 854 δὲτὴν
3218 784 3325 837 τῶν
3365 781 3533 836 ἐθνῶν
3567 777 3867 850 μεταϐολὴν

2296 881 2487 951 ἑτέρας
2545 881 2742 950 γωνίας
2805 877 3011 949 κεφαλὴ
3071 878 3317 946 γέγονας·
3380 876 3473 929 καὶ
3518 874 3646 927 ποία
3696 871 3865 942 αὖτης

2295 971 2541 1040 Συκῆψε
2601 969 2742 1034 τοὺς
2801 967 2908 1021 δύο
2960 970 3146 1035 λαοὺς
3207 971 3292 1035 εἰς
3341 968 3451 1021 ἕνα
3507 965 3719 1019 καινὸν
3765 962 3867 1016 ἇν-

2295 1066 2544 1134 θρωπον.

2366 1158 2526 1226 Αῦτη
2566 1157 2753 1229 ἡμέρα
2791 1157 2870 1227 ἢν
2898 1156 3185 1223 ἐποίησεν
3225 1157 3256 1210 ὀ
3282 1153 3516 1222 Κύριος.
3553 1147 3663 1204 Καὶ
3690 1148 3774 1210 τίς
3804 1144 3867 1198 ἂν

2296 1247 2463 1318 simi)
2499 1251 2532 1320 ἡ
2565 1249 2931 1320 ἀναστάσιμος
2986 1246 3079 1301 τοῦ
3127 1246 3334 1317 Κυρίου
3386 1243 3606 1314 ήμέρα;
3648 1239 3786 1293 Ποία
3813 1236 3868 1289 δὲ

2296 1337 2433 1410 αὕτη
2466 1340 2646 1411 ἡμέρα
2679 1339 2848 1410 ἀλλ’ἢ
2879 1342 2911 1409 ἡ
2943 1338 3208 1409 σωτήριος
3241 1334 3348 1389 τῶν
3372 1333 3542 1387 ὲθνῶν
3580 1331 3863 1391 ἁπάντων,

2297 1431 2415 1484 καθ’
2450 1432 2514 1500 ἣν
2547 1434 2574 1484 6
2598 1432 2918 1502 ἀποϐληθεὶς
2950 1430 3094 1493 λίθος
3119 1428 3340 1498 γέγονεν
3370 1427 3448 1488 είς
3481 1422 3724 1493 κεφαλὴν
3755 1438 3864 1487 γω-

2297 1520 2446 1585 νίας;
2483 1523 2739 1591 Σημαίνει
2770 1521 2825 1574 δὲ
2858 1524 2886 1574 6
2916 1521 3070 1588 λόγος
3099 1518 3195 1588 τὴν
3226 1516 3593 1584 ἁναστάσιμον
3626 1513 3721 1565 τοῦ
3756 1513 3868 1563 Σω-

2295 1613 2459 1684 τῆρος
2487 1614 2661 1684 ἡμῶν,
2680 1617 2777 1686 τήν
2805 1631 2866 1683 γε
2895 1613 3177 1682 ἐπώνυμον
3227 1607 3386 1663 αὑτοῦ
3422 1605 3739 1677 γενομένην,
3769 1604 3865 1673 δη-

2295 1703 2428 1774 λαδὴ
2459 1706 2762 1776 Κυριακήν.

2366 1791 2440 1850 Ὦ
2466 1798 2660 1865 Κύριε,
2691 1797 2896 1850 σῶσον
2941 1795 3039 1863 δὴ,
3097 1793 3143 1847 ὦ
3174 1794 3372 1860 Κύριε,
3431 1791 3737 1845 εὺόδωσον
3765 1786 3864 1853 δή.

626 1900 929 1952 prosperare
965 1905 982 1942 :
1021 1889 1319 1946 benedictus
1351 1894 1440 1964 qui
1472 1895 1604 1948 venit
1635 1894 1688 1946 in
1720 1895 1924 1947 nomine
1957 1891 2188 1946 Domini.

2289 1887 2704 1956 Εὐλογημένος
2752 1890 2784 1941 ό
2836 1887 3156 1956 ἐρχόμενος
3215 1885 3283 1938 ἐν
3330 1885 3571 1951 ὀνόματι
3617 1881 3863 1948 Κυρίου.

631 1975 920 2047 Doxologia
957 1980 1032 2050 (id
1071 1993 1153 2037 est
1176 1993 1368 2039 cautus
1397 1985 1452 2038 in
1483 1986 1742 2040 honorem
1773 1983 2075 2043 Trinitatis)
2101 1981 2190 2037 Je-

626 2070 1010 2140 rosolymitana
1041 2075 1220 2140 docet,
1258 2077 1324 2130 de
1349 2094 1584 2146 quonam
1613 2079 1664 2132 id
1694 2078 1897 2132 dictum
1932 2077 2022 2130 sit.
2056 2075 2188 2129 Illud

626 2171 807 2215 autem
837 2183 850 2219 :
884 2164 1251 2221 Benediximus
1288 2171 1428 2223 vobis
1472 2171 1535 2223 de
1587 2171 1742 2222 domo
1781 2168 2023 2232 Domini,
2064 2181 2192 2235 pro-

624 2255 798 2323 phetae
825 2259 1009 2313 dicunt
1045 2260 1111 2314 iis
1144 2262 1236 2331 qni
1271 2263 1501 2315 credunt
1530 2262 1584 2315 in
1614 2260 1890 2316 Christum
1924 2275 1939 2312 :
1970 2259 2186 2323 Beatos,

624 2350 896 2418 inquiunt,
952 2366 1049 2405 vos
1094 2352 1529 2420 praedicabimus,
1573 2354 1700 2422 quia
1753 2353 1933 2408 fuistis
1990 2352 2188 2406 domus

623 2441 922 2509 spiritualis
960 2461 972 2497 :
1017 2443 1282 2499 inhabitat
1331 2447 1530 2515 quippe
1585 2445 1848 2500 Dominus
1899 2446 1952 2499 in
2009 2444 2185 2498 vobis.

623 2531 935 2589 Constituite
963 2537 1100 2592 diem
1152 2538 1433 2591 solemnem
1483 2540 1539 2590 in
1585 2537 1857 2590 condensis
1905 2553 2064 2606 usque
2118 2537 2187 2588 ad

623 2642 786 2679 cornu
811 2628 1024 2682 altaris.
1053 2627 1368 2683 Constituite
1391 2629 1529 2680 diem
1551 2629 1849 2681 solemnem.
1882 2628 2187 2698 Intelligen-

621 2718 749 2772 tlum
785 2720 895 2785 dat,
922 2735 1016 2775 eos
1045 2720 1138 2790 qui
1173 2720 1241 2774 ad
1269 2719 1425 2775 ﬁdem
1452 2721 1730 2785 accedent,
1764 2721 1835 2775 ita
1865 2721 2186 2792 impleturos

620 2810 862 2864 divinum
907 2812 1333 2879 tabernaculum,
1375 2821 1434 2867 ut
1466 2828 1576 2882 prae
1619 2813 1967 2868 multitudine
2011 2829 2185 2882 usque

621 2902 688 2956 ad
710 2919 910 2958 cornua
939 2905 1122 2961 altaris
1155 2905 1477 2976 pertingant.
1506 2904 1790 2959 Condensa
1819 2914 1998 2959 autem
2028 2914 2186 2961 vocat

617 2996 918 3059 cherubim,
935 3012 1054 3067 qua:
1070 2997 1502 3066 propitiatorintn
1523 2995 1950 3064 adumbrabant;
1974 2998 2022 3051 id
2037 2999 2180 3052 enim

617 3088 884 3157 signiticat
907 3088 1059 3151 illud,
1079 3087 1371 3140 condensis.
1388 3085 1524 3140 Nam
1550 3087 1881 3142 condensum
1905 3104 2025 3144 esse
2040 3089 2180 3143 idetn

614 3188 696 3233 est
727 3179 870 3249 quod
908 3188 1105 3248 tegere.
1136 3178 1428 3234 Cherubin:
1464 3195 1593 3236 vero
1629 3181 1731 3235 alis
1767 3181 1884 3236 suis
1925 3181 2181 3252 propitia-

615 3272 813 3327 torium
849 3273 1110 3341 legebant.

681 3363 770 3418 28.
797 3364 930 3420 Deus
961 3381 1103 3418 meus
1125 3382 1177 3418 es
1209 3375 1284 3427 tu,
1311 3376 1356 3418 et
1384 3366 1665 3434 conﬁtebor
1687 3367 1801 3420 tibi.
1823 3365 1974 3422 lianc
1991 3381 2179 3421 vocem

618 3458 880 3513 Salvatori
902 3458 1121 3513 Christo
1151 3457 1352 3513 referre
1382 3459 1701 3514 edocentur.

1120 3621 1369 3676 Alleluia.
1407 3621 1502 3678 CX
1522 3620 1688 3676 VIII.

1200 3714 1594 3784 Argumentum.

614 3804 673 3860 ln
705 3805 809 3860 hoc
831 3808 1041 3875 psalmo
1068 3805 1328 3862 describit
1358 3817 1671 3862 sanctorum
1690 3808 2000 3863 institutum
2033 3809 2176 3875 vitae,

685 3902 1003 3965 certamina,
1025 3917 1298 3956 aerumnas
1323 3920 1338 3968 ;
1367 3900 1587 3956 fraudes
1639 3911 1692 3956 et
1726 3903 2054 3973 irruptiones
2079 3907 2178 3961 da-

685 4005 931 4057 monum,
950 4002 1234 4047 sescentas
1247 3993 1602 4063 cogitationes
1617 3992 1910 4059 immissas,
1931 3994 2176 4062 laqueos,

681 4085 968 4152 venabula,
1004 4101 1212 4139 necnon
1252 4101 1315 4140 ea
1343 4086 1540 4155 quibus
1580 4086 1766 4140 isthaec
1790 4099 2072 4155 superant,
2101 4089 2178 4144 le-

682 4179 1055 4248 gem,eloquia
1086 4180 1291 4244 divina,
1321 4180 1655 4249 patientiam,
1678 4197 1972 4251 supernum
2003 4191 2056 4234 et
2074 4198 2179 4237 cce-

681 4274 815 4328 leste
858 4273 1238 4327 commilitium
1267 4290 1281 4338 ;
1319 4273 1514 4328 deinde
1547 4283 1670 4342 post
1707 4274 1943 4342 labores,
1967 4275 2174 4344 bravia,

683 4382 934 4427 coronas,
957 4364 1197 4433 praemia.

684 4557 735 4603 1.
767 4548 914 4602 Beati
943 4545 1273 4602 immaculati
1322 4547 1376 4598 in
1413 4547 1515 4600 via.
1557 4545 1660 4611 Qui
1705 4547 2015 4601 nullatenus
2043 4563 2172 4618 pec-
2211 4579 2255 4634 Β

613 4650 720 4705 cat,
751 4654 799 4692 ts
825 4637 1204 4691 innnaculatns
1233 4645 1288 4691 et
1315 4637 1503 4691 beatus
1537 4644 1643 4691 est.

683 4808 737 4862 2.
761 4805 912 4861 Beati
961 4809 1049 4876 qui
1098 4815 1402 4861 scrutantur
1453 4809 1747 4861 testimonia
1791 4808 1923 4878 ejus,
1961 4814 2015 4864 in
2066 4821 2177 4866 toto

2208 3241 2257 3303 Ο

2292 1979 2460 2033 Τοῦτο
2488 1981 2580 2032 καὶ
2630 1982 2661 2050 ὴ
2717 1981 2774 2032 ὲν
2823 1977 3212 2049 Ἰεροσολύμοις
3264 1974 3537 2042 δοξολογία
3595 1971 3688 2023 ἐπὶ
3745 1971 3868 2022 τίνα

2293 2070 2551 2141 φέρεσθαι
2584 2071 2838 2135 ἐδίδαξεν.
2880 2070 2952 2123 Τὸ
2988 2070 3063 2131 δὲ,
3123 2067 3553 2138 Εὐλογήκαμεν
3589 2060 3748 2132 ὑμᾶς
3797 2058 3868 2124 ἐξ

2291 2161 2460 2213 οἴκου
2488 2160 2730 2229 Κυρίου,
2765 2159 2937 2214 ταῦτα
2959 2160 3008 2212 οἱ
3037 2157 3309 2230 προφῆται
3368 2172 3501 2225 φασι
3555 2152 3692 2224 πρὸς
3737 2150 3866 2211 τοὺς

2291 2251 2637 2315 πιστεύοντας
2660 2251 2737 2323 τῷ
2775 2250 3014 2324 Χριστῷ.
3055 2250 3393 2320 Μακαρίους,
3436 2246 3619 2316 φασὶν,
3656 2245 3868 2297 ἀποκα-

2289 2341 2516 2412 λὲσομεν
2541 2344 2704 2412 ὑμᾶς,
2730 2345 2811 2397 ὅτι
2860 2344 2924 2412 δὴ
2954 2339 3097 2404 οἶκος
3153 2341 3409 2410 γεγόνατε
3472 2335 3863 2406 πνευματικός

2291 2436 2487 2485 ὲνοικεῖ
2511 2434 2616 2505 γὰρ
2649 2435 2706 2486 ἐν
2732 2435 2760 2486 ὑ
2770 2437 2857 2505 ειῖν
2886 2435 2913 2486 6
2937 2434 3158 2504 Κύριος.
3222 2429 3622 2496 Συστήοναο-θε
3651 2427 3868 2496 ἑορτὴν

2289 2520 2358 2572 ἐν
2401 2520 2522 2586 τοῖς
2551 2521 2897 2583 πυκάζουσι.
2932 2522 3330 2590 Συστήσασθε
3362 2519 3594 2589 ἑορτήν.
3620 2517 3867 2572 Συνιὲναι

2289 2611 2497 2666 κελεύει
2535 2614 2662 2677 τοὺς
2709 2613 3097 2686 προσελθόντας
3127 2617 3192 2684 τῇ
3247 2613 3446 2678 πίστει,
3480 2612 3573 2665 καὶ
3623 2609 3865 2682 πληροῦν

2285 2704 2385 2777 τὴν
2405 2704 2552 2757 θείαν
2583 2708 2899 2777 σκηνὴν,ὼς
2920 2707 3010 2759 καὶ
3040 2707 3204 2777 μέχρι
3232 2705 3338 2758 τῶν
3369 2707 3615 2775 κεράτων
3641 2705 3866 2772 φθάνειν

2285 2795 2380 2848 τοῦ
2415 2794 2797 2868 θυσιαστηρίου
2830 2796 2916 2850 διὰ
2941 2796 3003 2850 τὸ
3059 2796 3278 2868 πλῆθος.
3335 2794 3654 2858 Πυκοὶξοντα
3712 2794 3768 2846 δὲ
3800 2794 3868 2846 τὰ

2287 2888 2549 2960 χερουὸίμ
2582 2908 2732 2960 φησι,
2759 2890 2824 2944 τὰ
2847 2889 3236 2955 ὲπισκιάζοντα
3266 2889 3326 2942 τὸ
3357 2889 3688 2958 ἱλαστήριον
3709 2885 3866 2938 τοῦτο

2286 2980 2394 3050 γάρ
2429 2984 2542 3034 ὲστι
2573 2983 2653 3045 τὸ,
2689 2982 3037 3042 πυκάζουσι.
3072 2982 3342 3046 Πυκάζειν
3373 2982 3480 3053 γὰρ
3510 2980 3569 3033 τὸ
3611 2981 3858 3032 σκέπειν.

2286 3072 2367 3124 Τὰ
2431 3073 2696 3144 χερουϐὶμ
2755 3073 2811 3126 δὲ
2872 3074 3101 3127 ἔσκεπον
3161 3077 3282 3136 ταῖς
3351 3072 3580 3142 πτέρυξι
3636 3072 3700 3124 τὸ
3755 3069 3864 3123 ἱλα-

2289 3163 2526 3234 στήριον.

2355 3367 2497 3431 Θεός
2518 3383 2635 3434 μου
2673 3360 2727 3418 εί
2770 3365 2872 3429 σὺ,
2899 3365 2996 3419 καί
3020 3363 3538 3435 ἐξομολογήσομαί
3576 3377 3696 3415 σοι.
3730 3362 3862 3416 Ταύ-

2281 3475 2379 3529 την
2411 3457 2698 3527 ἀναφέρειν
2727 3457 2803 3528 τῷ
2840 3457 3054 3529 Σωτῆρι
3111 3457 3330 3527 Χριστῷ
3367 3455 3709 3509 διδάσκονται
3758 3455 3852 3524 τὴν

2283 3550 2487 3621 φωνήν.

2781 3643 3159 3710 Ἀμηλοὺϊω
3207 3641 3362 3696 ΡῙΗ’.

2908 3736 2922 3754 '
2934 3736 3242 3800 Υπόθεσις.

2295 3820 2381 3874 Ἑν
2417 3821 2590 3894 τούτῳ
2622 3824 2733 3878 τῶν
2769 3824 2938 3893 ἁγίων
2971 3824 3260 3894 διαγράφει
3282 3821 3380 3893 τὴν
3408 3819 3708 3883 πολιτείαν,
3736 3821 3864 3883 τοὺς

2348 3916 2585 3985 ἀγῶνας,
2616 3917 2714 3981 τάς
2745 3917 2970 3986 θλίψεις,
2997 3918 3066 3970 τὰ
3093 3917 3413 3986 σκάμματα,
3467 3916 3565 3978 τὰς
3609 3914 3718 3966 τῶν
3750 3913 3861 3966 δαι-

2354 4009 2528 4078 μόνων
2559 4011 2971 4073 ἐπαναστάσεις,
3024 4009 3150 4072 τοὺς
3200 4008 3424 4079 μυρίους
3489 4005 3863 4076 ὑποϐαλλομέ-

2350 4118 2472 4165 νους
2501 4101 2813 4172 λογισμοὺς,
2859 4102 2957 4164 τὰς
2997 4103 3248 4170 παγίδας,
3274 4101 3343 4154 τὰ
3375 4098 3639 4172 θήρατραο
3667 4101 3729 4151 οὐ
3757 4099 3861 4169 μὴν

2345 4191 2478 4244 ἀλλὰ
2501 4192 2592 4245 καὶ
2625 4193 2692 4246 τὰ
2724 4193 2787 4245 δι’
2812 4187 2884 4246 ὧν
2918 4194 3328 4266 περιγένωνται,
3347 4192 3438 4244 τὸν
3467 4191 3651 4260 νόμον,
3677 4191 3745 4243 τὰ
3771 4191 3861 4243 λό-

2348 4301 2462 4351 για,
2487 4285 2584 4353 τὴν
2612 4284 2909 4355 ὑπομονὴν,
2946 4284 3043 4355 τὴν
3077 4283 3279 4338 ἄνωθεν
3304 4282 3635 4354 συμμαχίαν*
3671 4281 3862 4335 ἔπειτα

2351 4377 2489 4445 μετὰ
2521 4376 2641 4439 τοὺς
2691 4377 2902 4440 πόνους,
2943 4376 3190 4448 βραδεῖα,
3217 4379 3344 4440 τοὺς
3391 4377 3710 4445 στεφάνους,
3761 4377 3861 4442 τὰς

2346 4467 2596 4539 ἀμοιϐάς.

2347 4559 2634 4630 Μακάριοι
2672 4565 2724 4614 οἱ
2759 4561 2980 4631 ἄμωμοι
3037 4562 3105 4616 ἐν
3134 4562 3270 4629 ὀδῷ.
3314 4563 3373 4616 '0
3420 4563 3643 4634 μηδαμῆ
3686 4563 3857 4635 μηδα-

2280 4652 2392 4725 μῶς
2416 4653 2762 4724 ἁμαρτάνων,
2799 4647 2953 4716 οὗτος
2982 4652 3047 4706 ἂν
3071 4653 3156 4726 εἴη
3207 4653 3434 4726 ἄμωμος
3475 4656 3570 4707 καὶ
3605 4655 3712 4726 μὴν
3765 4657 3855 4708 καὶ

2278 4744 2561 4814 μακάριος.

2343 4833 2628 4903 Μακάριοι
2654 4837 2706 4888 οί
2738 4834 3167 4904 ἐξερευνῶντες
3195 4837 3265 4891 τὰ
3305 4837 3600 4906 μαρτύρια
3644 4840 3852 4903 αὐτου,

613 4905 766 4957 corde
793 4903 1061 4970 exquirant
1090 4916 1228 4953 eum.
1265 4897 1381 4953 Non
1407 4908 1620 4969 oportet
1647 4901 1791 4955 enim
1818 4903 1978 4956 modo
2005 4904 2173 4971 legem

2289 4925 2472 4994 ἓνὸλῃ
2510 4897 2733 4993 *καρδίᾳ
2786 4897 3230 4995 ἐκζητήσουάιν
3269 4897 3475 4983 alit-61‘.
3497 4897 3592 4982 '06
3633 4929 3744 5001 γὰρ
3778 4897 3858 4982 δεί

613 4995 856 5064 implere,
883 4995 1040 5048 modo
1074 4991 1434 5063 praevaricari.
1469 4989 1608 5056 Quid
1635 4994 1779 5047 enim
1807 4994 1942 5049 lucri
1974 4999 2099 5060 erit,
2127 4996 2175 5050 si
2226 5036 2229 5037 ν

613 5086 933 5155 simpliciter
974 5086 1263 5156 exquirant
1315 5088 1626 5141 testimonia
1668 5088 1809 5157 ejus,
1841 5095 1896 5143 et
1940 5103 2006 5143 ex
2064 5097 2178 5144 toto

613 5180 774 5232 corde
799 5175 963 5232 Deum
999 5194 1105 5231 non
1139 5179 1420 5248 quzerant?

681 5368 732 5421 5.
771 5367 890 5419 Non
913 5369 1047 5420 enim
1077 5369 1163 5436 qui
1193 5378 1475 5435 operantur
1499 5369 1828 5437 iniquitatem
1857 5371 1913 5422 in
1939 5370 2035 5422 viis
2061 5370 2174 5438 ejus

612 5457 1028 5512 ambulaverunt.
1055 5458 1218 5528 Igitur
1240 5460 1476 5513 divinam
1509 5459 1677 5529 legem
1702 5461 1911 5532 ignorat
1931 5461 2022 5532 qui
2049 5477 2176 5530 pec-

611 5557 738 5613 cat;
771 5564 891 5601 nam
939 5563 1266 5618 cognoscere
1308 5550 1446 5605 idem
1480 5561 1560 5608 est
1595 5567 1657 5607 ac
1687 5553 1974 5610 observare
2004 5554 2172 5608 illam.

684 5847 726 5877 “
754 5845 941 5916 Ephcs.
976 5863 1033 5912 ll,
1068 5847 1144 5902 l5.

2281 5019 2406 5071 ποτὲ
2439 5020 2536 5089 μὲν
2566 5017 2859 5090 κατορθοῦν
2914 5020 3003 5074 τὸν
3031 5022 3213 5093 νόμον,
3251 5023 3380 5076 ποτὲ
3421 5022 3479 5075 δὲ
3526 5021 3854 5092 παραϐάτην

2280 5107 2647 5177 γενέσθαικΤί
2676 5109 2784 5178 γὰρ
2807 5109 2998 5181 κέρδος
3026 5111 3118 5164 τοῦ
3147 5109 3496 5184 ὲξερευνῆσαι
3541 5114 3610 5167 τὰ
3644 5115 3852 5187 μαρτύο

2283 5209 2368 5261 ρια
2395 5192 2556 5247 αὑτοῦ
2611 5194 2817 5261 ἁπλῶς,
2853 5197 2946 5250 καὶ
2977 5198 3035 5264 ἐξ
3065 5199 3192 5270 ὅλης
3250 5200 3307 5254 δὲ
3342 5202 3569 5273 καρδίας
3602 5204 3694 5257 τὸν
3721 5204 3853 5257 Θεὸν

2284 5285 2357 5353 μὴ
2387 5285 2663 5355 ἐκζητεῖνς

2354 5379 2434 5430 Οὐ
2478 5377 2584 5447 γὰρ
2622 5383 2672 5433 οὶ
2726 5381 3093 5451 ἐργαζὸμενοι
3152 5383 3266 5452 τὴν
3303 5385 3558 5454 ἀνομίαν
3603 5387 3675 5438 ἐν
3723 5388 3853 5454 ταῖς

2284 5470 2442 5537 ὁδοῖς
2473 5473 2662 5524 αὐτοῦ
2695 5473 3128 5542 ἐπορεύθησαν.
3156 5476 3362 5530 Οὐκοῦν
3387 5478 3478 5530 τὸν
3517 5476 3658 5530 θεῖον
3688 5480 3850 5550 νόμον

2281 5563 2377 5616 οὐκ
2405 5559 2542 5616 οἶδεν
2574 5568 2600 5617 ὁ
2639 5567 2990 5638 ἁμαρτάνων·
3027 5570 3086 5622 τὸ
3133 5568 3240 5640 γὰρ
3281 5569 3572 5638 γινώσκειν
3624 5570 3746 5624 ἐστὶ
3794 5569 3855 5621 τὸ

2281 5653 2598 5725 ἐργάζεσθαι
2648 5659 2825 5714 αὐτόν.
