4070 6454
187 378 282 436 481

1229 380 1593 437 ΕλΡΟΒΠΊΟ
1629 381 1698 435 I.\'
1741 379 2067 437 PSAIJICM
2108 381 2336 438 CXVIII.

3311 380 3416 438 482

261 494 341 548 Σὺ
373 495 643 548 ἑνετείλω
676 493 776 558 τὰς
796 494 1044 558 ἐντολάς
1065 511 1177 548 σου
1205 495 1584 564 φυλάξασθαι
1615 497 1736 563 σφιῖ

1927 497 1980 558 4,
2005 496 2056 549 5.
2090 494 2164 548 Tu
2198 497 2459 548 mandasti
2509 497 2756 548 mandata
2807 505 2896 548 tua
2941 495 3192 548 custodiri
3239 498 3416 551 nimis.

185 588 314 656 δρα.
357 589 606 656 Ὄφελον
642 588 1182 653 κατειιθι.υ›·οειήσαν
1211 591 1269 640 at
1323 588 1449 640 ὁδοί
1497 606 1614 655 μοι·
1649 587 1754 639 τοῦ

181 678 566 749 φυλάξασθαι
610 678 680 730 τὰ
733 677 1086 746 δικαιώματά
1146 695 1280 732 σου.
1319 680 1498 741 Γνοὺς,
1529 679 1603 740 ὡς
1654 677 1754 746 τῆς

182 769 388 822 ἄνωθεν
417 768 732 839 ἐπικουρίας
778 770 942 839 χωρὶς
993 769 1054 821 ού
1101 769 1320 822 δυνατόν
1375 787 1494 822 τινα
1541 769 1752 838 φύλακα

181 859 434 925 γενέσθαι
455 858 546 912 τοῦ
592 860 776 929 νόμου,
821 861 951 930 eam
974 860 1130 912 τοῦτο
1173 862 1347 931 ἐαυτῷ
1371 862 1642 931 κατορθοῖ·
1671 863 1750 924 τὸ,

181 952 426 1020 ὄφελον,
459 953 577 1004 ἀντὶ
599 952 711 1016 τοῦ,
740 953 966 1020 γένοιτο,
997 958 1191 1006 κεῖται.

266 1041 812 1111 Ἐξομολογήσρμαί
873 1059 972 1096 σοι
1025 1044 1094 1096 ἐν
1160 1047 1430 1112 εὑθίίιτητι
1487 1046 1747 1113 καρδίας.

182 1133 338 1184 Μετά
369 1133 465 1202 τὴν
516 1133 681 1203 εὐχὴν
727 1134 819 1184 καὶ
857 1134 917 1184 τὸ
973 1134 1078 1186 άπὸ
1123 1136 1491 1204 προαιρέσεως
1518 1136 1746 1206 τίθησιν.

194 1223 361 1294 Ἀρχὴ
391 1223 446 1274 δὲ
468 1223 566 1292 τῆς
591 1224 858 1294 σωτηρίας
880 1225 910 1293 η
939 1224 1339 1295 ἐξομολόγησις.

253 1314 350 1380 Μή
383 1334 459 1383 με
490 1315 925 1384 ἐγκαταλείπῃς
974 1315 1082 1380 ἕως
1117 1317 1368 1385 σφόδρα.
1430 1318 1594 1371 Πάλιν
1653 1319 1748 1388 τὴν

178 1405 384 1460 ἄνωθεν
417 1405 728 1476 συμμαχίαν
753 1407 1105 1459 ἐπικαλεῖται.

264 1498 360 1548 Ἐν
387 1498 500 1549 τίνι
531 1495 886 1564 κατορθώσει
909 1495 1185 1565 νεώτερος
1224 1497 1336 1564 τὴν
1361 1497 1502 1551 ὁδὸν
1528 1500 1747 1563 aii-r013;

176 1587 418 1649 Πολλῶν,
469 1587 652 1657 φησὶν,
702 1588 912 1658 ἐστινὴ
955 1589 1142 1659 νεότης
1193 1589 1503 1642 σκανδάλων

176 1677 305 1742 Πῶς
341 1673 432 1730 οῦν
491 1695 572 1741 τις
598 1677 770 1730 ταῦτα
810 1677 1068 1749 ὑπερέϐη,
1132 1678 1163 1747 ἢ
1203 1677 1288 1730 δια
1333 1679 1426 1730 τοῦ
1479 1678 1618 1748 ἔχειν
1651 1679 1746 1749 τὴν

182 1771 405 1841 μνήμην
448 1769 572 1832 τοὺς
623 1769 716 1822 τοῦ
771 1767 903 1820 Θεοῦ
949 1769 1136 1836 λόγους
1191 1768 1512 1831 Scurrae/16;;
1566 1771 1597 1838 ή
1638 1767 1746 1839 γὰρ

173 1863 356 1915 ἔννοια
380 1858 473 1912 τοῦ
502 1860 644 1912 θείου
667 1859 828 1929 νόμου
863 1860 955 1911 καὶ
984 1859 1281 1930 καθαρτικὴ
1323 1878 1414 1912 και
1439 1860 1742 1932 φυλακτικὴ

175 1953 398 2014 πάντως
425 1954 518 2004 ἐστ
526 1950 590 2002 iv.
1648 2017 1650 2020 ν

257 2047 360 2098 Ἐν
393 2043 507 2109 ὅλῃ
555 2041 767 2109 καρδίᾳ
785 2058 902 2109 μου
928 2037 1252 2106 ἑξεζιὶτησιὶ
1279 2053 1371 2091 σε.
1401 2039 1461 2090 Εἰ
1495 2040 1526 2109 ἡ
1561 2039 1743 2110 μνήτμη

170 2135 266 2190 τοῦ
314 2133 468 2199 Θεοῦ,
515 2134 680 2204 φησὶ,
741 2133 866 2195 τοὺς
918 2132 1242 2193 Σατανικοίις
1304 2130 1519 2183 ἐκδῦναι
1574 2149 1746 2203 παρα-

175 2227 432 2292 σκευάζει
456 2227 698 2299 βρόχους,
734 2225 842 2294 ἐγὼ
866 2226 920 2279 δέ
945 2224 1177 2296 ἐμαυτοῦ
1217 2225 1342 2294 ὃλην
1391 2225 1486 2294 τὴν
1510 2225 1744 2278 διάνοιαν

170 2321 416 2392 άνέθηκά
444 2338 524 2373 σοι
555 2320 632 2389 τῷ
668 2319 805 2389 Θεῷ·
835 2319 980 2385 ἄξιός
1007 2321 1118 2386 εἰμι
1149 2316 1252 2369 τῶν
1287 2316 1391 2369 σῶν
1418 2317 1519 2380 ἔξω
1546 2318 1618 2389 μὴ
1649 2317 1743 2386 μέ-

169 2429 283 2465 νειν
311 2410 558 2464 ἐντολῶν.
595 2412 665 2462 "A
713 2429 863 2480 φησι,
918 2411 991 2481 μὴ
1050 2409 1371 2480 ἁπογνόημά
1408 2427 1490 2472 τις
1611 2411 1744 2480 πρὸς

169 2508 309 2574 ὅπερ
339 2506 591 2575 ἐροῦμεν,
614 2504 874 2573 ἐπιθυμίᾳ
901 2507 965 2573 τῇ
999 2504 1125 2572 περὶ
1148 2503 1236 2554 τὸν
1265 2504 1423 2571 νόμον
1452 2503 1740 2573 χρώμενοι,

166 2597 370 2650 δέδωκε
414 2596 510 2666 τὴν
541 2595 852 2648 άσυνεσίαν·
907 2595 939 2664 ἢ
996 2595 1209 2657 πολλοῖς
1249 2594 1348 2665 τὴν
1402 2594 1631 2664 σπουδὴν
1665 2596 1744 2657 είς

165 2687 482 2742 τούναντίον
513 2686 841 2756 περιίστησι,
871 2686 962 2738 καὶ
988 2687 1044 2738 ἐν
1070 2681 1150 2749 οἷς
1201 2686 1413 2738 δοκοῦσι
1447 2687 1742 2757 κατορθοῦν

164 2783 503 2851 ἐσφάλησαν,
527 2782 666 2833 κατὰ
690 2782 748 2833 τὸ
769 2780 1055 2849 λεγόμενον
1074 2781 1220 2850 παρὰ
1244 2781 1745 2852 Σολομῶνι·Ἕστιν

164 2875 312 2939 ὁδὸς
342 2873 379 2940 ἢ
407 2873 571 2926 δοκεῖ
592 2873 748 2939 παρὰ
776 2871 1105 2938 ιὶνθοώποις
1143 2873 1284 2939 ὀρθὴ
1331 2870 1500 2925 εἶναι·
1544 2873 1613 2926 τὰ
1675 2872 1742 2924 δὲ

166 2965 482 3019 τελευταῖα
501 2962 689 3031 αὐτῆς
717 2963 948 3032 ἔρχεται
981 2966 1065 3029 εις
1110 2965 1378 3032 πυθμένα
1409 2964 1575 3030 ᾅδου.
1601 2964 1738 3016 Οὐκ-

163 3057 264 3114 οῦν
308 3060 454 3120 ὅστις
509 3055 566 3121 ἐξ
613 3057 868 3126 ἡμισείας
935 3055 1160 3127 καρδίας
1193 3055 1282 3108 τὸν
1314 3055 1445 3108 Θεὸν
1474 3053 1738 3126 ἐπιζητεῖ,

1864 585 2076 639 l'tinam
2111 588 2410 656 dirigantur
2439 588 2534 641 via:
2578 603 2701 639 mea:
2728 586 2795 638 ad
2820 587 3185 640 custodiendus
3206 587 3415 655 justiﬁ-

1857 681 2082 731 cutiones
2106 691 2223 730 tuas
2241 679 2260 730 .'
2281 678 2512 742 Gnarus,
2533 679 2647 732 sine
2668 679 2873 732 cmlesti
2903 679 3106 730 auxilio
3131 695 3231 730 non
3259 695 3416 746 posse

1854 772 2159 838 quempiam
2189 771 2319 839 legis
2346 786 2464 825 esse
2497 771 2922 833 observatorem,
2958 770 3007 823 id
3042 771 3287 824 oratione
3311 772 3413 825 subi

1854 869 2149 930 comparat.
2181 859 2335 925 Illud,
2368 864 2588 925 utinam,
2621 863 2854 931 positqu
2876 853 2975 915 ‘est
3007 876 3104 931 pro
3135 861 3244 918 ﬁat.

1931 1056 1980 1110 7.
2018 1057 2313 1110 Con/itebor
2358 1058 2451 1112 tibi
2484 1060 2536 1111 in
2569 1059 2850 1110 directione
2890 1058 3081 1110 cordis.
3127 1056 3256 1111 Post
3297 1073 3414 1110 ora-

1852 1145 2050 1199 tionem
2075 1148 2307 1216 explicat
2327 1163 2433 1215 qua
2461 1149 2530 1202 sit
2554 1148 2902 1200 inclinatione
2926 1148 3240 1202 voluntatis.
3260 1147 3413 1200 Prin-

1851 1236 2052 1304 cipium
2083 1248 2256 1290 autem
2287 1238 2498 1297 salutis.
2520 1247 2601 1292 est
2623 1237 2914 1291 confessio.

1930 1328 1983 1381 8.
2017 1327 2137 1380 Non
2165 1345 2241 1381 me
2269 1329 2595 1396 derelinquas
2623 1345 3001 1398 usquequaque.
3043 1329 3278 1385 Rursum
3317 1346 3410 1385 su-

1849 1418 2031 1484 perius
2056 1428 2407 1473 memoratum
2439 1421 2675 1488 postulat
2706 1421 2980 1474 auxilium.

1916 1507 1969 1560 9.
1999 1506 2064 1559 In
2093 1525 2192 1576 quo
2216 1511 2428 1578 corrigit
2461 1509 2835 1564 adolescentior
2853 1514 2984 1566 ciam
3012 1529 3181 1566 suam.
3203 1513 3405 1581 Multis,

1850 1599 2058 1670 inquit,
2093 1599 2430 1657 olfendiculis
2478 1602 2633 1671 plena
2674 1611 2756 1657 est
2790 1603 3068 1671 juventus.
3099 1604 3216 1669 Quo
3247 1616 3404 1674 pacto

1848 1692 2010 1758 igitur
2044 1693 2132 1746 illa
2165 1693 2286 1761 quis
2319 1694 2670 1761 superaverit,
2709 1695 2812 1748 nisi
2855 1696 3226 1750 conservando
3267 1711 3406 1750 sem-

1849 1796 1941 1849 per
1975 1783 2290 1836 memoriam
2317 1783 2600 1836 verborum
2631 1782 2904 1838 DeiiNam
2929 1786 3184 1854 cogitatio
3208 1786 3406 1841 divinae

1848 1873 2006 1944 legis,
2047 1890 2153 1927 una
2188 1873 2414 1928 mundat
2444 1883 2605 1944 atque
2635 1877 2892 1930 custodit.

1844 2091 1847 2094 .
1927 2049 2012 2104 10.
2041 2048 2104 2102 In
2137 2059 2240 2102 toto
2268 2051 2421 2103 corde
2459 2067 2569 2103 meo
2617 2052 2872 2118 exquisivi
2905 2062 2970 2106 te.
3002 2051 3058 2106 Si
3089 2051 3179 2106 Dei
3205 2070 3403 2109 mento.

1845 2143 1944 2207 ria,
1982 2141 2175 2212 inquit,
2204 2143 2268 2196 ad
2319 2141 2600 2196 Salanicos
2655 2143 2878 2213 laqueos
2925 2144 3173 2200 vitandos
3211 2146 3396 2214 juvat;

1842 2248 1942 2302 ego
1975 2248 2101 2286 vero
2134 2243 2296 2286 totam
2324 2234 2702 2302 cogitationem
2731 2250 2906 2288 meam
2935 2234 3028 2288 tibi
3062 2234 3167 2290 Deo
3191 2237 3358 2290 obtuli
3382 2256 3397 2304 ;

1843 2327 2032 2394 dignus
2059 2340 2174 2377 sum
2191 2325 2279 2394 qui
2297 2340 2400 2377 non
2421 2340 2663 2378 maneam
2691 2336 2841 2379 extra
2864 2326 3110 2380 mandata
3142 2336 3230 2380 tua
3264 2327 3396 2401 (44).

1844 2415 1972 2483 Qua:
2001 2417 2095 2481 ait,
2144 2433 2212 2470 ne
2258 2417 2310 2470 in
2347 2416 2773 2484 desperationem
2815 2417 3117 2473 incidamus
3164 2435 3263 2474 nos
3307 2421 3399 2488 ιι·ιὶ

1842 2525 1965 2578 erga
2025 2512 2194 2578 legem
2247 2509 2522 2564 desiderio
2557 2517 2818 2562 tenemur.
2873 2509 3006 2562 Sunt
3058 2511 3202 2563 enim
3260 2527 3399 2580 quos

1844 2599 1985 2654 Deus
2014 2602 2286 2669 permittat
2321 2602 2375 2654 in
2423 2602 2841 2669 imprudentiam
2891 2602 2994 2655 labi
3027 2620 3040 2668 ;
3079 2603 3192 2657 sive
3233 2607 3398 2660 etiam

1843 2693 2027 2747 multis
2062 2692 2298 2746 studium
2335 2692 2388 2745 in
2431 2694 2761 2746 contrarium
2805 2695 3104 2760 convertit;
3137 2697 3208 2748 ita
3255 2704 3310 2749 ut
3343 2697 3399 2750 in

1842 2783 2038 2852 quibus
2089 2799 2146 2838 se
2176 2791 2317 2837 recte
2363 2798 2520 2851 agere
2555 2792 2746 2852 putant
2785 2784 3205 2852 hallucinentur,
3245 2787 3397 2856 juxta

1842 2874 2010 2928 illuda
2031 2874 2321 2928 Salomone
2343 2874 2542 2928 dictum
2565 2873 2609 2903 "
2635 2891 2646 2926 :
2676 2872 2767 2925 Est
2788 2874 2869 2926 via
2899 2890 3013 2944 qua:
3042 2875 3244 2927 videtur
3259 2877 3397 2946 apud

1841 2965 2069 3018 homines
2102 2975 2238 3018 recta
2261 2981 2390 3027 esse,
2419 2963 2566 3032 cujus
2592 2973 2820 3017 extrema
2846 2965 3052 3017 veniunt
3083 2966 3151 3018 ad
3175 2967 3396 3036 profun-

1841 3055 1965 3107 dum
2000 3056 2212 3123 inferni.
2259 3055 2368 3124 (45)
2405 3055 2572 3124 Igitur
2617 3054 2864 3123 quisquis
2896 3070 2958 3108 ex
2998 3057 3173 3110 media
3219 3058 3398 3111 cordis

163 3149 264 3202 νῦν
302 3148 401 3218 μὲν
429 3145 594 3216 αύτῷ,
621 3145 713 3198 νῦν
759 3146 816 3198 δέ
866 3145 942 3215 τῷ
982 3148 1168 3215 κόσμῳ
1231 3146 1508 3216 σχολάζειν
1563 3147 1740 3215 βουλὸ-

1843 3157 1990 3214 parte
2014 3146 2179 3199 Deum
2209 3146 2419 3214 qmerit,
2443 3155 2496 3199 et
2525 3146 2685 3198 modo
2703 3145 2802 3214 ipsi
2829 3161 2953 3200 mox
2981 3148 3184 3201 mundo
3209 3163 3399 3201 vacare

167 3257 353 3312 μενος,
381 3238 564 3291 τοῦτον
592 3236 882 3290 ἀποϐάλλει
926 3236 1032 3290 τῶν
1086 3235 1299 3288 οἰκείων
1349 3236 1596 3299 ἐντολῶν,
1662 3237 1738 3299 ὡς

165 3330 507 3403 στρατιώτην
533 3329 807 3400 ἀδόκιμον.

253 3424 349 3473 Ἐν
382 3421 454 3488 τῇ
493 3420 704 3487 καρδίᾳ
722 3437 840 3487 μου
873 3418 1109 3486 ἔκρυψα
1145 3418 1216 3472 τὰ
1271 3418 1445 3486 λόγια
1497 3435 1633 3472 σου.
1675 3420 1737 3471 ΕΞ

165 3515 246 3584 μὴ
273 3513 382 3583 γὰρ
414 3511 660 3580 καθάπερ
691 3511 747 3561 ιν
771 3509 1060 3579 Θησαυροῖς
1111 3527 1196 3571 τις
1230 3514 1294 3580 τῇ
1319 3512 1512 3580 καρδίᾳ
1544 3513 1736 3564 ἐναπο-

163 3604 359 3675 κλείσῃ
385 3602 482 3664 τὰς
527 3600 620 3654 τοῦ
667 3599 800 3652 Θεοῦ
851 3600 1087 3662 ἐντολὰς,
1125 3600 1390 3670 ἔρχεταιὸ
1432 3602 1737 3673 κακοῦργος

163 3696 265 3749 καὶ
286 3694 522 3767 ἁρπάζει
551 3693 738 3756 αὐτάς.
791 3692 1112 3763 Ἀμαρτάνει
1163 3691 1240 3762 τῷ
1291 3691 1408 3762 Θεῷ
1432 3693 1459 3743 6
1487 3692 1736 3756 ἀξιωθεὶς

165 3788 368 3857 λογίων
419 3783 888 3857 ἀπορρητοτέρων,
939 3783 1030 3836 καὶ
1086 3783 1420 3851 κρύπτεσθαι
1463 3784 1570 3837 ἀπὸ
1629 3783 1736 3837 τῶν

166 3881 383 3936 πολλῶν
404 3880 588 3946 ἀξίων,
651 3878 744 3930 καὶ
789 3877 863 3947 μὴ
914 3877 1167 3946 κρύπτων
1216 3877 1354 3928 αὐτὰ
1402 3879 1492 3944 ἀφ’
1525 3870 1600 3928 ὧν
1637 3877 1732 3930 δεῖ.

161 3973 427 4033 Κίνδυνος
451 3969 560 4040 γὰρ
587 3969 648 4021 οὐ
678 3969 833 4038 μόνον
876 3968 937 4022 τὸ
967 3968 1034 4022 τὰ
1057 3967 1225 4036 ψευδῆ
1248 3967 1446 4034 λέγειν,
1470 3968 1602 4020 ἀλλὰ
1643 3970 1736 4020 καὶ.

160 4067 228 4120 τὸ
258 4064 327 4117 τὰ
371 4061 567 4134 ἀληθῆ,
615 4061 752 4114 ἐπὰν
786 4061 921 4124 ὅλως
981 4058 1015 4112 ἂ.
1058 4059 1130 4129 μὴ
1163 4058 1243 4110 δεῖ
1294 4059 1601 4132 ἀπαγγείλῃ
1632 4076 1730 4122 τις·

155 4160 247 4211 Οὐ
272 4155 380 4225 γὰρ
411 4154 506 4208 δεῖ
542 4153 684 4218 τοὺς
723 4152 1086 4220 μαργαρίτας
1145 4149 1482 4213 βάλλεσθαι
1518 4149 1734 4218 ἔμπρο-

162 4253 322 4306 σθεν
371 4247 489 4301 τῶν
537 4247 786 4316 χοίρων,
838 4241 979 4296 οὐδὲ
1031 4241 1259 4294 διδόναι
1314 4241 1385 4294 τὰ
1427 4241 1562 4310 ἅγια
1614 4240 1736 4305 τοῖς

164 4341 586 4498 κυέῦέοτητὸς
603 4421 675 4490 εἴ,
710 4425 903 4492 Κύριε,
922 4420 1168 4484 δίδαξόν
1185 4438 1259 4489 με
1291 4419 1361 4473 τὰ
1379 4420 1734 4489 δικαιώματά

1843 3235 2021 3303 cupit;
2053 3237 2196 3292 hunc
2231 3237 2317 3291 ille
2343 3251 2371 3290 a
2406 3237 2520 3291 suis
2553 3237 2822 3290 mandatis
2848 3237 3034 3306 abjicit
3075 3247 3132 3291 ut
3171 3240 3396 3295 militem

1843 3327 2116 3396 ignavum.

1921 3419 2007 3472 II.
2035 3419 2101 3471 In
2125 3419 2276 3472 corde
2306 3436 2414 3473 meo
2456 3419 2703 3472 abscondi
2745 3419 2948 3489 eloquia
2973 3431 3082 3474 tua.
3107 3418 3222 3476 Nisi
3252 3422 3395 3475 enim

1842 3511 2065 3580 quilibet
2099 3511 2189 3566 Dei
2216 3513 2465 3566 mandata
2501 3514 2554 3566 in
2580 3512 2742 3567 corde
2771 3527 2867 3566 ceu
2903 3513 3187 3566 thesauros
3210 3527 3398 3567 recon-

1842 3604 1952 3665 dat,
1977 3602 2122 3656 venit
2152 3602 2420 3671 malignus
2445 3602 2532 3654 ille
2561 3610 2612 3654 et
2643 3602 2782 3670 rapit
2806 3617 2886 3655 ea.
2909 3601 3078 3671 (Alius
3109 3603 3311 3672 codex.)
3341 3601 3397 3656 In

1843 3695 2008 3748 Deum
2040 3701 2224 3764 peccat
2248 3693 2338 3762 qui
2363 3692 2557 3762 dignus
2590 3693 2818 3746 habetur
2837 3694 3127 3747 secretiora
3155 3696 3399 3762 accipere

1841 3785 2024 3847 verba,
2051 3799 2172 3853 quae
2205 3799 2299 3854 par
2324 3792 2441 3838 crat
2483 3783 2811 3838 abscondere
2857 3783 3069 3846 multis,
3104 3799 3276 3853 neque
3312 3794 3394 3838 ιιι.

1842 3893 1963 3932 men
1995 3875 2277 3930 abscondit
2315 3876 2380 3928 iis
2415 3890 2550 3943 quos
2578 3890 2640 3929 ea
2687 3875 2936 3945 ignorare
2961 3875 3265 3943 oportebat.
3292 3873 3398 3928 Pe-

1842 3969 2135 4022 riculosum
2176 3983 2408 4037 namque
2439 3980 2550 4029 est,
2587 3981 2691 4020 non
2743 3968 2904 4022 modo
2930 3966 3062 4021 falsa
3103 3967 3271 4036 loqui,
3303 3967 3397 4020 sed

1840 4062 2000 4116 etiam
2036 4075 2183 4121 vera.
2217 4058 2437 4129 quando
2477 4057 2744 4128 quispiam
2789 4073 2850 4111 ea
2884 4073 3004 4126 quae
3036 4073 3141 4110 non
3184 4067 3396 4124 Oportet

1842 4153 2114 4208 renuntiat
2151 4171 2162 4205 :
2201 4150 2319 4205 Non
2360 4160 2559 4220 Oportet
2595 4151 2731 4203 enim
2778 4151 3092 4219 margaritas
3142 4149 3395 4218 projicere

1841 4256 1959 4299 ante
1987 4261 2190 4314 porcos,
2227 4260 2383 4314 neque
2415 4244 2541 4297 dare
2573 4254 2754 4296 sancta
2787 4243 3002 4296 canibus
3027 4243 3090 4297 “.

1916 4427 2000 4480 I‘Z.
2038 4424 2344 4478 Benedictus
2369 4442 2441 4488 es,
2475 4425 2711 4489 DO‘lliItt’,
2737 4426 2860 4478 doce
2885 4442 2962 4478 me
2981 4426 3388 4495 justiﬁcationes

162 4539 308 4577 σου.
340 4520 664 4589 Αἰσθόμενος
712 4517 811 4586 τῆς
846 4513 1032 4566 ἐαυτοῦ
1069 4512 1346 4584 προκοπῆς
1382 4512 1482 4582 τῆς
1507 4512 1611 4564 ἀπὸ
1639 4512 1731 4564 τοῦ

1843 4528 1975 4571 tuas.
2003 4519 2134 4571 Cum
2179 4519 2406 4571 senserit
2452 4517 2747 4586 profectum
2783 4533 3148 4588 suum,quem
3195 4519 3394 4573 fecerat

166 4621 231 4670 ἐν
257 4614 355 4686 ὅλῃ
381 4613 576 4683 καρδίᾳ
625 4607 924 4678 ἐκζητῆσαι
963 4606 1052 4658 τὸν
1098 4606 1246 4668 Θεὸν,
1296 4604 1503 4674 εὐλογεῖ
1555 4605 1736 4667 αὑτὸν,

167 4704 506 4777 εὐχαριστῶν
536 4703 635 4774 ἤδη
671 4701 754 4769 ἐφ’
778 4695 857 4762 οἷς
905 4695 1129 4767 ἠξιώθη·
1173 4697 1264 4749 καὶ
1292 4696 1415 4765 παρ’
1451 4695 1610 4748 αὑτοῦ
1647 4694 1740 4765 ζη-

165 4803 252 4854 τεῖ
290 4796 479 4868 μαθεῖν
498 4795 617 4848 τίνα
648 4791 770 4845 νοῦν
798 4791 906 4860 ἔχει
944 4789 1012 4840 τὰ
1037 4786 1372 4856 δικαιώματα
1393 4786 1573 4838 αὑτοῦ.

254 4892 351 4942 Ἐν
382 4887 503 4951 τοῖς
533 4884 764 4954 χείλεσι
786 4899 903 4951 μου
945 4879 1259 4948 ἐξήγγειλα
1307 4877 1499 4931 πάντα
1522 4880 1590 4931 τὰ
1621 4879 1739 4945 κρί-

160 4996 326 5052 ματα
371 4977 476 5032 τοῦ
531 4973 824 5042 στόματός
851 4986 986 5023 σου.
1027 4971 1093 5020 Ἀ
1137 4967 1234 5038 μὲν
1283 4969 1446 5038 ἐχρῆν
1479 4969 1737 5038 κρύπτειν

166 5076 462 5143 ἔκρυπτον,
499 5066 683 5136 φησὶν,
726 5063 762 5116 ἃ
801 5063 858 5116 δὲ
893 5060 1232 5129 ἐξαγγέλλειν
1285 5059 1622 5129 ἐξήγγελλον·
1656 5061 1736 5112 ὅτι

163 5166 246 5234 τῷ
300 5163 378 5233 σῷ
427 5159 691 5231 κριτηρίῳ
727 5149 852 5219 τοὺς
885 5154 1089 5217 πάντας
1131 5155 1475 5223 παραστῆναι
1509 5152 1603 5205 δεῖ·
1654 5153 1737 5205 ἵνα

167 5251 525 5326 κομισώμεθα
555 5249 688 5320 πρὸς
732 5247 768 5301 ἃ.
812 5245 1144 5318 ἐπράξαμεν.

271 5349 356 5400 εν
388 5343 460 5411 τῇ
495 5341 610 5406 ὁδῷ
631 5340 746 5394 τῶν
765 5338 1099 5408 μαρτυρίων
1140 5335 1270 5387 σου”
1312 5332 1616 5401 ἐτέρφθην,
1656 5333 1736 5398 ὡς

168 5439 269 5493 ἐπὶ
303 5435 478 5488 παντὶ
526 5432 782 5496 πλούτῳ.
815 5429 909 5490 Τίς
937 5430 965 5480 6
1014 5425 1151 5479 κατὰ
1183 5425 1313 5478 Θεὸν
1365 5422 1592 5487 πλοῦτος
1615 5441 1737 5476 παι-

163 5526 404 5580 δεύεται·
433 5521 514 5574 διό
545 5533 727 5589 φησιν·
785 5515 948 5571 υύδέν
985 5532 1051 5585 με
1099 5509 1240 5566 εἷλεν
1292 5515 1348 5566 ἐν
1391 5512 1467 5581 τῷ
1513 5513 1734 5584 παρόντι

237 5659 286 5693 ⁸³
314 5657 473 5712 Prov.
501 5653 720 5721 va,25.
795 5651 841 5684 ⁸³
871 5649 1056 5707 Matth.
1089 5666 1184 5716 vn,
1217 5651 1267 5706 6.

244 5795 360 5867 (Hi
396 5793 598 5847 Locum
633 5791 883 5846 vitiosum
908 5791 1219 5846 augurando
1257 5789 1532 5845 vertimus.

1841 4606 2172 4675 exquirendo
2223 4605 2388 4660 Deum
2428 4607 2478 4659 in
2525 4615 2636 4660 toto
2669 4608 2828 4661 corde
2875 4623 2994 4671 suo,
3022 4608 3197 4677 ipsum
3233 4609 3396 4663 bene-

1839 4695 1968 4748 dicit
1990 4695 2188 4764 gratias
2209 4709 2373 4764 agens
2399 4695 2463 4749 de
2484 4696 2694 4750 collatis
2727 4697 2902 4762 bonis,
2933 4707 2984 4750 et
3015 4707 3170 4768 rogat
3191 4700 3391 4768 abipso

1839 4786 2043 4848 doceri,
2079 4802 2240 4856 quam
2278 4797 2507 4840 mentem
2541 4787 2770 4840 habeant
2799 4787 3215 4855 justiﬁcationes
3249 4789 3386 4858 ejus.

1911 4882 1993 4934 I5.
2032 4879 2095 4932 In
2126 4879 2282 4932 labiis
2331 4881 2456 4932 meis
2500 4879 2828 4948 pronuntiari
2854 4882 3028 4932 omnia
3046 4880 3250 4949 judicia
3283 4883 3390 4934 oris

1840 4974 1935 5025 tui.
1960 4970 2090 5037 Qua:
2116 4971 2371 5024 abscondi
2400 4972 2700 5039 oportebat,
2732 4972 2925 5040 inquit,
2959 4973 3387 5038 abscondebam;

1837 5078 1958 5132 quae
2001 5062 2331 5126 renuntiare,
2375 5063 2786 5127 renuntiabant;
2831 5065 2957 5133 quia
2990 5075 3113 5120 ante
3153 5065 3391 5120 tribunal

1837 5163 1990 5208 tuum
2020 5167 2208 5207 omnes
2233 5152 2469 5209 adfuturi
2497 5170 2716 5222 sumus,
2750 5163 2808 5210 ut
2840 5156 3168 5226 accipiamus
3197 5171 3391 5212 secun-

1835 5245 1962 5299 dum
1989 5259 2151 5313 opera
2183 5254 2386 5298 nostra.
2695 5261 2702 5268 ·
3131 5300 3135 5304 ,

1921 5338 2008 5391 14.
2043 5337 2106 5390 1η
2138 5337 2221 5389 eia
2251 5337 2664 5390 testimoniorum
2697 5346 2904 5390 tuorum
2933 5338 3219 5393 delectatus
3249 5355 3388 5401 sum,

1835 5431 1968 5483 sicut
2018 5430 2071 5481 in
2113 5430 2349 5481 omnibus
2389 5429 2610 5482 divitiis.
2667 5427 2936 5484 Edocetur
2969 5445 3216 5498 quaenam
3263 5442 3390 5487 sunt

1835 5523 2134 5578 secundum
2194 5519 2362 5575 Deum
2408 5520 2645 5584 divitiaa;
2689 5519 3042 5588 quamobrem
3093 5519 3208 5574 ait:
3242 5517 3386 5573 Nihil

1906 5771 2017 5842 (43)
2045 5771 2098 5826 In
2131 5773 2257 5836 Reg.
2289 5773 2323 5826 9.
2353 5774 2462 5830 haec
2488 5773 2739 5828 dicuntur
2771 5770 3042 5844 Ilcsycbii.
