4070 6470
633 398 738 454 4-85

1443 391 1499 446 S.
1545 386 1911 445 ATHANASII
1954 384 2101 440 OPP.
2139 384 2319 438 PARS
2355 380 2439 435 III.
2478 409 2547 420 —
2585 374 2990 431 EXEGETICA.

3750 367 3864 424 484

635 529 720 567 me
741 511 879 580 cepit
904 509 955 563 in
982 508 1229 578 praesenti
1257 509 1385 572 vita,
1413 523 1519 561 non
1551 521 1765 568 aurum,
1793 519 1899 557 non
1927 503 2179 572 dignitas.
2214 506 2230 558 ,Α

2309 501 2404 570 ιίῳ,
2461 499 2520 551 οὑ
2560 496 2777 567 χρυσὸς,
2828 494 2928 546 οὐκ
2960 489 3194 558 ἀξίωμα,
3248 486 3308 538 οὑ
3368 485 3696 539 δυναστεία·
3743 484 3869 536 ἀντὶ

636 619 742 657 non
777 601 1006 672 potentia
1036 620 1047 654 :
1083 601 1174 654 sed
1210 600 1326 652 vice
1357 599 1596 652 omnium
1628 597 1758 650 mihi
1789 604 1914 648 sunt
1942 595 2186 648 testimo-

637 701 720 750 nia
751 707 841 752 tua
869 716 880 749 :
917 697 1029 749 luec
1063 694 1278 763 gaudia,
1312 694 1392 746 Ine
1416 693 1613 745 diviti:e
1648 708 1798 744 mcze.

712 788 795 843 16.
827 788 888 841 1η
909 785 1512 855 justi/icationibusjuis
1546 784 1850 845 meditabor,
1886 799 1983 834 non
2011 780 2191 833 oblivi—

633 897 751 934 star
791 895 1052 933 sermones
1108 887 1244 929 ιιιοδ.
1285 876 1397 928 NOII
1434 876 1723 929 VCI'bOI'UlI]
1779 883 1984 927 tantum
2035 882 2193 924 tenus

635 974 908 1027 meditatio
939 973 1067 1024 illa:
1104 971 1194 1023 sed
1230 970 1299 1022 ita
1345 968 1520 1037 utqui
1558 967 1802 1033 intelligit
1828 983 1887 1020 ea
1923 979 2194 1032 exsequa-

635 1073 740 1116 tur.
773 1061 889 1114 Non
920 1061 1062 1114 enim
1109 1061 1382 1112 auditores
1409 1058 1882 1128 justilicationum,
1911 1055 2042 1124 justi
2070 1060 2196 1106 sunt

633 1155 773 1223 apud
804 1154 992 1214 Deum,
1026 1153 1117 1206 sed
1147 1152 1375 1207 factores
1407 1166 1616 1205 carum.
1643 1149 1718 1203 lta
1739 1150 1880 1202 enim
1917 1162 2075 1202 nemo
2099 1161 2197 1200 un-

634 1262 794 1314 quam
827 1261 1010 1298 carum
1041 1246 1407 1298 obliviscetur.

690 1337 774 1389 17.
805 1335 1045 1388 Retribue
1071 1353 1214 1389 servo
1243 1348 1348 1394 tuo.
1372 1334 1575 1401 rivi/ica
1607 1351 1704 1388 me.
1721 1334 1922 1404 Ecquid
1947 1332 2195 1388 vultdari

635 1427 736 1480 sibi
771 1443 865 1496 pro
893 1429 958 1481 iis
990 1443 1112 1495 qua:
1143 1427 1343 1491 attulit,
1377 1425 1479 1480 nisi
1519 1435 1576 1479 ut
1614 1427 1732 1495 ejus
1765 1442 1920 1479 mens
1956 1426 2198 1480 illustre-

637 1527 746 1581 tnr,
773 1518 877 1571 nisi
907 1527 963 1570 ut
992 1527 1285 1586 cognoscat
1318 1517 1586 1570 mirabilia
1618 1533 1778 1585 Opera
1811 1517 1941 1572 Dei?

701 1609 786 1661 18.
820 1608 1006 1661 Revela
1052 1608 1228 1660 oculos
1272 1624 1430 1672 meos,
1463 1617 1511 1660 et
1552 1607 1888 1660 considerabo
1937 1607 2198 1660 mirabilia

635 1702 696 1752 de
736 1701 842 1768 lege
889 1711 1000 1752 tua.
1043 1698 1369 1762 Yanitalem,
1412 1699 1610 1767 inquit,
1653 1699 1874 1766 hujusce
1921 1700 2042 1752 vitm
2092 1713 2198 1751 non

637 1790 767 1842 ntibi
800 1791 1070 1858 propriam
1105 1791 1276 1852 eﬂeci,
1305 1805 1473 1859 quare
1503 1791 1811 1843 ditinorum
1837 1791 2196 1859 cognitionem

639 1882 1005 1935 mandatorum
1039 1893 1252 1953 expeto,
1290 1898 1524 1952 quorum
1559 1883 1666 1936 alia
1707 1892 1854 1944 nota,
1892 1883 1994 1936 alia
2019 1884 2202 1952 ignota

636 1985 782 2031 sunt.
820 1974 958 2030 Nota
991 1975 1207 2046 quidem
1255 1986 1383 2029 sunt
1411 1993 1424 2029 :
1456 1973 1578 2027 Non
1614 1976 1815 2028 occides
1857 1983 1911 2029 et
1953 1992 2072 2044 qua:
2121 1991 2206 2030 se-

636 2069 972 2138 quuntur";
1025 2069 1204 2137 ignota
1265 2079 1390 2121 sunt
1445 2067 1574 2133 alia,
1609 2067 1756 2120 verbi
1802 2068 1996 2135 gratia,
2035 2083 2206 2137 quare

641 2163 790 2230 pueri
824 2169 1014 2215 octavo
1059 2161 1144 2214 die
1185 2159 1650 2214 circumciduntur
1671 2201 1685 2224 ,
1719 2169 1771 2212 et
1801 2175 1906 2228 qua
1938 2159 2003 2213 de
2043 2174 2206 2215 causa

638 2269 734 2322 pio
768 2269 955 2308 recens
987 2252 1126 2305 natis
1155 2250 1457 2304 oﬂ'eruntur
1483 2251 1772 2305 sacriﬁcia.

707 2409 796 2462 2|.
823 2408 1113 2476 Increpasti
1141 2407 1408 2476 superbos.
1448 2406 1554 2472 Qui
1584 2407 1832 2476 superbis
1864 2407 2092 2472 resistit,
2119 2408 2206 2463 hic

641 2503 882 2573 increpat
913 2505 1174 2573 superbos
1199 2523 1211 2556 ι
1242 2507 1390 2573 atqui
1418 2501 1680 2556 Dominus
1705 2502 1913 2556 resistit
1935 2505 2204 2572 superbis,

639 2595 901 2651 Dominus
927 2596 1091 2665 igitur
1116 2596 1360 2663 increpat
1393 2592 1676 2663 superbos.

706 2769 796 2822 22.
821 2767 984 2836 Aufer
1018 2784 1050 2820 a
1075 2783 1156 2820 me
1197 2766 1527 2834 opprobrium
1557 2774 1605 2819 et
1637 2774 2006 2835 contemptum.
2051 2765 2204 2836 lmpii

644 2861 695 2913 in
738 2869 976 2929 tempore
1007 2860 1398 2930 persecutionis
1447 2857 1866 2928 exprobrantes,
1918 2874 2004 2912 me
2051 2859 2205 2912 nihili

644 2953 860 3006 facient.
891 2951 1039 3021 Rogo
1071 2953 1250 3019 itaque
1283 2959 1342 3002 ut
1378 2963 1513 3001 vana
1556 2948 1666 3002 sint
1703 2949 1989 3017 opprobria
2018 2963 2206 3002 eorum

644 3042 776 3095 mihi
807 3042 974 3095 illata.
999 3028 1056 3094 Si
1078 3039 1315 3109 quando.
1345 3039 1539 3108 inquit,
1570 3049 1759 3092 contra
1792 3053 2009 3092 carnem
2037 3040 2205 3101 sensi,

645 3134 740 3188 sed
762 3148 1056 3188 conversus
1086 3147 1216 3202 rogo
1239 3131 1438 3186 divinis
1472 3131 1650 3186 verbis
1680 3131 1958 3185 viviﬁcari.
1995 3129 2050 3184 Si
2081 3132 2204 3200 qui-

644 3231 766 3278 dem
795 3224 868 3278 ita
908 3223 973 3278 ad
1006 3232 1306 3278 extremum
1343 3223 1606 3292 angustiae
1647 3223 1898 3279 redactus
1940 3240 2082 3284 sum.
2117 3225 2202 3277 in-

644 3317 783 3385 quit,
807 3331 936 3387 rogo
959 3316 1171 3370 liberari
1193 3332 1279 3371 me
1309 3318 1376 3371 ab
1400 3316 1766 3384 iniquisjuxta
1789 3316 2203 3384 promissionem

648 3420 818 3463 Illaﬂl.

711 3497 805 3563 23,
829 3496 920 3549 25.
953 3495 1162 3549 Etenim
1193 3495 1436 3550 sederunt
1464 3497 1723 3565 principes
1751 3506 1798 3549 et
1825 3495 2101 3550 adversum
2130 3513 2209 3549 me

647 3591 1014 3660 quuebantur,
1043 3600 1150 3646 etc.
1193 3590 1334 3652 Ideo,
1361 3591 1557 3660 inquit,
1589 3591 1771 3662 rogavi
1805 3603 1858 3645 ut
1904 3589 2211 3645 auferretur

649 3683 1018 3753 opprobrium,
1040 3684 1163 3753 quia
1182 3683 1471 3738 adversum
1489 3699 1574 3738 me
1599 3684 1953 3753 loquebantur
1969 3683 2205 3738 assidue.

649 3777 910 3830 (Laterum
934 3776 985 3829 id
1013 3777 1296 3845 agentibus
1319 3774 1654 3844 principibus
1678 3775 1999 3844 iniquitatis,
2022 3790 2212 3830 servus

651 3867 744 3922 Dei
775 3883 882 3921 non
933 3868 1177 3922 abscedit
1204 3883 1233 3921 a
1263 3866 1745 3937 justiticationibus
1775 3867 1894 3936 ejus
1924 3886 1938 3920 :
1967 3866 2060 3920 Dei
2089 3882 2212 3921 ver—

653 3959 758 4023 tis,
806 3973 926 4027 qua:
971 3958 1390 4027 iustiﬁcationes
1429 3967 1605 4021 vocat,
1636 3959 2071 4013 consiliariorum
2094 3957 2214 4012 loco

652 4050 720 4102 ad
751 4066 870 4104 eam
902 4066 1014 4104 rem
1042 4066 1193 4105 usus.
1229 4049 1551 4120 Huiusmodi
1594 4060 1774 4106 autem
1806 4052 1970 4105 homo
2007 4050 2214 4105 nullum

655 4141 855 4195 malum
888 4141 1120 4196 admittit
1150 4142 1546 4197 consiliarium.
1599 4141 1704 4217 Sed
1745 4142 2018 4212 principes
2054 4141 2216 4210 hujus

656 4233 859 4298 sa'culi,
881 4234 1026 4287 velut
1056 4241 1243 4287 contra
1276 4233 1555 4288 Christum
1586 4243 1931 4288 convenerunt
1960 4233 2015 4286 in
2054 4249 2217 4286 unum

657 4325 902 4379 adversus
931 4325 1213 4379 Dominum
1243 4335 1292 4380 et
1324 4325 1568 4380 adversm
1602 4327 1870 4381 Christum
1911 4327 2022 4395 ejus
2044 4325 2108 4380 "'.
2137 4326 2218 4380 Ad

659 4433 795 4488 quos
817 4419 1049 4488 pertinet
1074 4419 1335 4488 sapientia
1371 4420 1534 4490 hujus
1569 4420 1779 4474 saculi.

726 4600 1392 4669 25.Adhwsitpavimeuto
1435 4603 1614 4655 anima
1643 4617 1777 4654 mea.
1830 4601 1911 4656 Ad
1967 4602 2218 4658 ultimum

659 4694 921 4760 angustiae
952 4692 1218 4746 deductus
1250 4708 1392 4758 sum,
1419 4693 1616 4763 inquit,
1641 4693 1957 4762 compulsus
1985 4710 2013 4747 a
2051 4695 2224 4749 scele-

661 4782 813 4845 tatis,
833 4789 886 4835 et
915 4796 1045 4851 rogo
1067 4783 1292 4836 salutent
1325 4784 1456 4836 mihi
1483 4783 1643 4838 tribui
1668 4784 1962 4839 secundum
1993 4789 2226 4855 promis-

662 4874 867 4927 sionem
901 4882 1046 4926 tuam
1081 4889 1184 4943 qua
1215 4875 1399 4930 dixisti
1427 4893 1439 4928 :
1470 4874 1538 4927 Et
1578 4884 1828 4931 torrentes
1866 4894 1968 4932 non
2009 4879 2224 4934 conclu-

663 4967 784 5018 dent
821 4975 886 5018 te.

730 5055 821 5118 26,
854 5055 941 5108 27.
985 5054 1108 5109 Vias
1143 5072 1282 5109 mea:
1322 5059 1589 5112 enuntiari
1627 5069 1675 5114 et
1703 5061 1967 5113 exaudiui
2001 5077 2101 5114 me.
2129 5099 2142 5112 .
2167 5099 2182 5112 .
2211 5100 2224 5112 .

677 5148 828 5201 Viam
847 5149 1292 5217 justiﬁcationum
1325 5159 1536 5202 tuarum
1561 5151 1850 5222 intelligere
1882 5168 1960 5204 me
1988 5152 2092 5219 fac.
2130 5151 2230 5206 Ac-

667 5251 818 5308 cepta
862 5239 1006 5293 enim
1053 5241 1405 5310 intelligentia
1438 5243 1834 5312 'mysteriorum
1871 5242 2010 5311 ejus,
2041 5250 2228 5312 potero

666 5332 811 5383 circa
840 5330 1107 5384 mirabilia
1133 5331 1252 5400 ejus
1276 5334 1480 5386 versari
1510 5343 1564 5388 et
1593 5334 1659 5388 de
1701 5335 1768 5388 iis
1801 5348 2103 5388 sermonem
2127 5335 2228 5387 ha-

667 5431 814 5475 bere.

735 5512 826 5565 28.
867 5511 1182 5566 Dormitarit
1229 5516 1408 5568 anima
1443 5531 1557 5568 mea
1592 5531 1700 5583 pro:
1723 5514 1898 5568 mdia.
1933 5514 2095 5570 Docet
2119 5530 2227 5569 non

672 5618 830 5670 posse
860 5604 966 5659 alio
994 5605 1150 5659 modo
1181 5607 1422 5676 segnitiei
1449 5605 1698 5676 spiritum
1717 5607 2108 5676 expelli,quam
2137 5623 2233 5676 per

672 5691 1072 5751 meditationem
1099 5696 1405 5752 divinorum
1437 5699 1802 5768 eloquiorum.
1837 5699 2027 5755 Sobrie
2051 5701 2233 5769 itaque

741 5805 789 5840 ⁸³
813 5804 980 5864 Exod.
1009 5825 1098 5876 xx,
1125 5810 1189 5865 15
1218 5826 1330 5876 seq.
1379 5811 1424 5842 “
1461 5810 1603 5866 Psal.
1637 5827 1695 5874 ll,
1724 5812 1778 5866 9.

2289 593 2343 644 δὲ
2378 591 2590 643 πάντων
2649 587 2770 656 ἐμοὶ
2828 583 2896 636 τά
2947 577 3220 651 μαρτύριά
3265 594 3380 634 σου,
3414 573 3720 645 εὐφροσύνη
3775 574 3872 626 καί

2291 681 2530 741 πλοῦτος.

2375 774 2468 824 Ἐν
2506 769 2627 834 τοῖς
2666 764 3016 833 δικαιώμασί
3062 777 3177 814 σου
3217 756 3547 828 μελετήσω·
3594 757 3705 807 οὐκ
3744 755 3874 805 ἐπιο

2292 863 2551 931 λήσομαι
2573 859 2691 911 τῶν
2727 857 2920 925 λόγων
2974 871 3109 908 σου.
3139 853 3213 904 Ob
3269 850 3428 919 μέχρι
3457 847 3653 910 λέξεως
3705 847 3737 915 ή
3779 862 3873 914 με-

2293 955 2440 1024 λέτη·
2466 952 2601 1007 ἀλλά
2618 951 2706 1003 τὸν
2726 948 3014 1018 νενοηκότα
3035 947 3174 997 ποιεῖ
3194 941 3352 995 αὑτά.
3373 941 3446 992 Οὑ
3474 939 3581 1009 γὰρ
3604 937 3874 1007 ἀκροαταὶ

2295 1045 2674 1114 δικαιωμάτων
2707 1040 2839 1094 Θεοῦ
2893 1038 3087 1090 δίκαιοι
3138 1033 3285 1104 παρὰ
3337 1031 3415 1099 τῷ
3466 1028 3606 1098 Θεῷ,
3657 1027 3772 1079 ἀλλ’
3821 1027 3872 1077 οἱ

2297 1138 2516 1208 ποιηταὶ
2575 1133 2771 1189 αὐτῶν.
2846 1131 3000 1184 Οὕτω
3054 1127 3162 1195 γὰρ
3221 1122 3474 1176 οὐδέποτέ
3536 1136 3620 1182 τις
3692 1116 3872 1170 αὐτῶν

2296 1231 2630 1300 ἐπιλήσεται.

2381 1317 2742 1383 Ἀνταπόδος
2775 1315 2853 1380 τῷ
2885 1314 3080 1378 δούλῳ
3119 1326 3256 1372 σου,
3314 1305 3500 1373 ζῆσόν
3532 1321 3628 1374 με.
3684 1303 3794 1354 Καὶ
3822 1302 3872 1353 τί

2300 1414 2543 1486 βούλεται
2576 1408 2912 1477 ἀντιδοθῆναι
2938 1403 3086 1473 αὑτῷ
3121 1401 3236 1454 ἀνθ’
3263 1393 3337 1453 ὧν
3371 1396 3742 1462 είσενέγκατο,
3795 1394 3875 1454 εἰς

2299 1483 2357 1560 τὸ
2384 1502 2714 1575 φωτισθῆναι
2758 1497 2922 1551 αὑτοῦ
2953 1495 3050 1563 τὴν
3079 1493 3336 1554 διάνοιαν,
3368 1490 3444 1551 είς
3491 1486 3551 1538 τὸ
3583 1486 3787 1553 γνῶναι
3808 1483 3874 1535 τὰ

2301 1595 2585 1666 Θαυμαστὶ
2631 1593 2765 1660 ἔργα
2824 1588 2916 1642 τοῦ
2986 1585 3155 1648 Θεοῦ;
3238 1579 3665 1646 Ἀποκάλυψον
3732 1576 3876 1638 τοὺς

2302 1687 2644 1759 ὀφθαλμούς
2664 1701 2802 1753 μου,
2842 1681 2936 1732 καί
2997 1673 3351 1739 κατανοήσω
3381 1673 3450 1725 τὰ
3473 1669 3775 1739 θαυμάσια
3810 1669 3877 1720 ἐκ

2303 1781 2407 1834 τοῦ
2453 1780 2639 1846 νόμου
2668 1792 2801 1828 σου.
2840 1774 2952 1825 Ubi:
2980 1769 3204 1829 οἰκείαν,
3234 1765 3387 1836 φησι,
3417 1763 3512 1833 τὴν
3567 1763 3623 1814 ὲν
3669 1759 3749 1828 τῷ
3779 1758 3879 1827 βίῳ

2239 1847 2277 1900 Β
2307 1866 2603 1935 πεποίημαι
2635 1863 2988 1933 ματαιότητα·
3014 1857 3094 1909 διὸ
3147 1854 3284 1908 αἰτῶ
3332 1851 3530 1921 γνῶσιν
3569 1849 3677 1901 τῶν
3717 1849 3878 1900 θείων

2305 1958 2556 2023 δέξασθαι
2605 1953 2853 2008 ἐντολῶν·
2883 1953 2935 2004 αἱ
2972 1949 3069 2020 μὲν
3116 1947 3224 2015 γὰρ
3269 1942 3508 2011 γνωσταί
3560 1941 3714 1992 εἰσιν·
3742 1940 3798 1990 αἱ
3825 1938 3881 1991 δὲ

2307 2051 2588 2117 ἄγνωστον
2614 2043 2848 2113 γνωσταὶ
2886 2042 2982 2112 μὲν
3026 2040 3099 2102 ὡς
3141 2031 3222 2100 τὸ,
3247 2038 3329 2089 Οὐ
3385 2033 3725 2102 φονεύσεις,
3785 2027 3881 2082 καὶ

2305 2143 2373 2194 τὰ
2403 2141 2585 2211 ἕτεραο
2617 2138 2880 2205 ἄγνωστοι
2911 2133 2965 2185 δὲ
2997 2131 3077 2189 τὸ,
3126 2130 3270 2188 τίνος
3328 2129 3484 2197 χάριν
3539 2126 3596 2176 ὲν
3623 2126 3688 2192 τῇ
3717 2120 3882 2192 ὀγδόῃ

2305 2233 2487 2304 ἡμέρᾳ
2517 2230 2585 2282 τὰ
2622 2227 2791 2298 βρέφη
2831 2223 3245 2310 περιτέμνεταιο.
3276 2220 3333 2289 ἢ,
3369 2218 3510 2278 τίνος
3552 2215 3710 2286 χάριν
3740 2213 3882 2283 ὑπὲρ

2308 2323 2700 2395 ἀρτιγεννήτων
2730 2312 3085 2386 ἀναφέρονται
3115 2311 3314 2365 θυσίαι.

2391 2414 2779 2481 Ἐπετίμησιις
2835 2404 3257 2475 ὑπερηφάνοις.
3317 2402 3376 2453 '0
3429 2399 3883 2467 ἀντιτασσόμενος

2307 2506 2417 2567 τοῖς
2443 2501 2831 2572 ὑπερηφάνοις,
2869 2492 3020 2558 οὗτος
3072 2495 3165 2548 καὶ
3214 2492 3582 2562 ὑπερηφάνοις
3632 2489 3880 2557 ἐπιτιμᾷ.

2308 2597 2509 2668 Κύριος
2556 2595 2613 2647 δὲ
2665 2591 3030 2663 ὑπερηφάνοις
3079 2586 3475 2647 ἀντιτάσσεται,
3525 2581 3730 2652 Κύριος
3776 2579 3882 2648 ἄρα

2307 2689 2400 2739 καὶ
2438 2689 2546 2748 τοῖς
2572 2683 2937 2754 ὑπερηφάνοις
2965 2679 3211 2747 ἐπιτιμᾷ.

2380 2778 2620 2845 Περτέλε
2647 2775 2748 2827 ἀπ’
2777 2771 2919 2841 ἐμοῦ
2952 2767 3179 2831 ὄνειδος
3227 2763 3326 2818 καὶ
3361 2761 3784 2828 ἐξουδένωσιν.
3821 2761 3884 2812 Οί

2308 2868 2524 2932 ἀσεϐεῖς
2551 2869 2607 2919 ἐν
2639 2862 2810 2934 καιρῷ
2834 2859 3072 2932 διωγμοῦ
3102 2855 3450 2919 ὀνειδίζοντες
3478 2851 3884 2924 ὲξουδενήσουσί

2313 2983 2400 3036 με.
2436 2959 2700 3028 Αἰτοῦμαι
2734 2952 2824 3009 οὖν
2886 2955 2968 3006 ἴνα
3029 2951 3231 3021 μάταια
3278 2947 3543 3016 γένωνται
3603 2942 3885 3014 κατ’ὲμοῦ

2309 3035 2505 3124 όνείδη.
2541 3052 2651 3104 Καὶ
2710 3051 2759 3102 εἴ
2807 3064 2959 3107 ποτε,
2996 3043 3151 3114 φησὶ,
3211 3040 3532 3110 πεφρόνηκα
3591 3037 3735 3090 κατά
3789 3035 3886 3102 τῆς

2314 3147 2534 3221 σαρκὸς,
2567 3141 2679 3196 ἀλλ’
2698 3137 3030 3209 ἐπιστρέψας
3054 3133 3190 3187 αἰτῶ
3218 3133 3329 3193 τοῖς
3352 3129 3514 3192 θείοις
3553 3126 3890 3197 ζωοποιηθῆ-

2309 3217 2399 3294 ναί
2427 3239 2622 3306 λόγοιςο
2653 3236 2701 3287 εί
2730 3232 2900 3293 οὓτως
2934 3231 3011 3291 είς
3041 3227 3274 3297 ἐσχάτην
3320 3217 3453 3292 ἧκον
3481 3222 3737 3292 ἀπορίαν,
3784 3236 3886 3289 φη-

2310 3334 2414 3393 σὶν,
2445 3328 2820 3396 ἐλαυνόμενος,
2847 3324 2910 3374 ἐκ
2947 3319 3054 3374 τῶν
3107 3314 3561 3387 παρανομούντων
3613 3311 3752 3376 ἀξιῶ
3786 3329 3889 3364 σω-

2309 3425 2463 3494 θῆναι
2492 3420 2631 3474 κατά
2677 3418 2776 3484 τὴν
2806 3411 3132 3480 ἐπαγγελίαν
3173 3427 3285 3462 σου.

2378 3512 2483 3566 Καὶ
2509 3510 2618 3577 γὰρ
2647 3505 2933 3559 ἐκάθισαν
2961 3500 3246 3570 ἄρχοντες
3274 3497 3372 3552 καὶ
3407 3497 3532 3551 κατ’
3573 3494 3718 3565 ἐμοῦ
3750 3510 3888 3547 κατ-

2309 3600 2590 3655 ελάλουν.
2644 3595 2741 3648 Διά
2801 3593 2992 3657 τοῦτο,
3041 3592 3222 3661 φησιν,
3266 3590 3443 3661 ᾔτησα
3490 3586 3889 3659 περιαιρεῖσθαι

2309 3694 2368 3746 τὸ
2404 3690 2621 3752 ὄνειδος,
2651 3688 2771 3740 ἐπεὶ
2821 3686 2980 3756 ἔργον
3025 3679 3170 3753 εἶχον
3235 3683 3295 3734 τὸ
3343 3681 3523 3734 λαλεῖν
3577 3682 3699 3732 κατ’
3733 3677 3887 3748 ἐμοῦ.

2311 3784 2456 3853 Πλὴν
2480 3781 2704 3835 καὶτῶν
2731 3778 3004 3850 ἀρχόντων
3035 3776 3134 3845 τῆς
3175 3773 3388 3834 ἀδικίας
3438 3770 3611 3824 ταῦτα
3672 3771 3890 3842 ποιούν-

2313 3895 2441 3939 των,
2469 3877 2497 3927 ό
2526 3872 2618 3926 τοῦ
2649 3871 2782 3925 Θεοῦ
2813 3869 2996 3931 δοῦλος
3021 3868 3120 3921 οὑκ
3151 3866 3442 3936 ἀφίσταται
3463 3862 3571 3915 τῶν
3591 3861 3896 3931 δικαιωμά-

2313 3987 2421 4023 των
2476 3965 2659 4022 αὑτοῦο
2718 3963 2842 4026 τοὺς
2889 3961 2984 4015 τοῦ
3045 3958 3179 4013 Θεοῦ
3226 3957 3439 4026 λόγους,
3490 3956 3631 4026 άπερ
3685 3945 3895 4024 εφη-δι-

2316 4060 2623 4132 καιὼματα,
2661 4054 2992 4128 συμϐούλους
3026 4053 3163 4123 ἔχων
3213 4049 3349 4121 πρὸς
3397 4047 3572 4102 τοῦτο.
3626 4047 3752 4099 Οὐδ’
3800 4045 3896 4097 ἕνα

2316 4155 2371 4208 δὲ
2396 4152 2628 4223 πονηρὸν
2657 4151 2686 4201 ὁ
2724 4147 2964 4208 τοιοῦτος
2992 4145 3294 4215 ἐπιδέχεται
3351 4141 3670 4212 σύμϐουλον.
3733 4139 3895 4192 Ἀλλά

2318 4246 2411 4299 καὶ
2453 4245 2502 4296 οἱ
2563 4243 2820 4314 ἄρχοντες
2870 4238 3057 4292 τούτου
3100 4237 3194 4290 τοῦ
3236 4235 3450 4298 αἰῶνος,
3503 4233 3755 4304 καθάπερ
3803 4232 3894 4285 ἐπὶ

2319 4336 2552 4407 Χριστοῦ
2617 4332 3019 4400 συνήχθησαν
3072 4329 3170 4382 ἐπὶ
3244 4327 3309 4381 τὸ
3371 4326 3517 4380 αὐτὸ
3579 4325 3734 4379 κατὰ
3789 4323 3895 4376 τοῦ

2320 4430 2540 4497 Κυρίου
2579 4425 2857 4500 καὶκατὰ
2886 4424 2990 4478 τοῦ
3033 4419 3286 4490 Χριστοῦ
3329 4419 3534 4474 αὺτοῦ.
3594 4413 3696 4470 Ἦν
3747 4419 3894 4469 ἐστιν

2252 4518 2294 4572 D
2320 4524 2353 4594 ὴ
2382 4520 2539 4588 σοφία
2565 4517 2660 4571 τοῦ
2693 4517 2884 4579 αἰῶνος
2915 4514 3124 4567 τούτου.

2406 4610 2739 4676 Ἐκολλήθη
2771 4608 2852 4673 τῷ
2877 4607 3076 4677 ἐδάφει
3110 4607 3147 4672 ἡ
3193 4604 3363 4674 ψυχή
3414 4621 3550 4673 μου.
3587 4602 3682 4665 Είς
3735 4601 3898 4672 ἐσχά-

2323 4721 2420 4775 την
2448 4699 2581 4774 ἦκον
2613 4700 2868 4770 ἀπορίαν,
2901 4698 3083 4768 φησὶν,
3118 4698 3470 4766 ἐλαυνόμενος
3498 4694 3602 4748 ὑπὸ
3653 4692 3765 4745 τῶν
3796 4712 3897 4746 πα-

2327 4793 2724 4868 ρανομούντων,
2774 4791 2867 4844 καὶ
2906 4789 3040 4856 ἀξιῶ
3073 4789 3309 4858 σωθῆναι
3356 4788 3495 4840 κατά
3526 4787 3626 4856 τὴν
3659 4788 3899 4854 ἐπαγγε-

2324 4889 2442 4941 λίαν
2473 4904 2564 4940 σου
2594 4886 2692 4954 τὴν
2720 4883 3000 4951 λέγουσαν·
3034 4882 3141 4935 Kal
3183 4881 3484 4950 χείμαρῤοι
3514 4881 3585 4932 οὺ
3617 4879 3898 4946 συγκλεί-

2327 4976 2513 5028 cor-Ui
2539 4989 2629 5027 σε.

2405 5067 2512 5131 Τὰς
2581 5065 2758 5129 ὁδούς
2819 5081 2937 5132 μου
2994 5062 3342 5131 ἐξήτγειλα,
3396 5061 3493 5116 καὶ
3551 5059 3900 5125 ἐπήκουσάς

2325 5177 2442 5227 μου
2474 5195 2488 5210 .
2525 5197 2538 5209 .
2577 5197 2588 5208 .
2632 5156 2795 5208 Ὀδὸν
2835 5155 3238 5223 δικαιωμάτων
3292 5172 3408 5209 σου
3451 5154 3782 5207 συνέτισὸν
3803 5171 3894 5222 με.

2333 5251 2551 5304 Σύνεσιν
2577 5250 2683 5319 γὰρ
2717 5249 2822 5300 τῶν
2845 5250 2901 5300 ὲν
2929 5249 3111 5310 αὐτοῖς
3139 5248 3450 5318 μυστηρίων
3479 5245 3679 5306 λαϐὼν,
3711 5245 3786 5307 ὡς
3813 5247 3900 5297 καὶ,

2332 5342 2534 5412 ταύτην
2561 5341 2795 5403 ὁδεῦσαι,
2825 5339 3120 5410 δυνήσομαι
3175 5339 3430 5410 περὶτῶν
3473 5340 3531 5390 ὲν
3565 5337 3752 5397 αὑτοῖς
3777 5335 3899 5388 θαι-ο

2331 5433 2536 5503 μασίων
2559 5433 2763 5504 ὁμιλεῖν
2792 5449 2849 5485 τε
2874 5433 2966 5485 καὶ
2997 5433 3150 5499 λόγον
3179 5432 3465 5486 ποιεῖσθαι.

2413 5523 2781 5587 Ἐνύσταξεν
2831 5524 2870 5590 ἠ
2920 5523 3090 5592 ψυχή
3133 5541 3250 5592 μου
3285 5523 3402 5577 ἀπὸ
3440 5520 3713 5586 ἀκηδίας.
3752 5517 3898 5570 Διδάο

2332 5632 2471 5675 σκει,
2501 5615 2576 5678 ὡς
2614 5615 2673 5666 τὸ
2711 5615 2928 5686 πνεῦμα
2981 5615 3081 5683 τῆς
3113 5613 3338 5682 ἀκηδίας
3395 5613 3493 5665 οὑκ
3549 5612 3696 5663 ἐστιν
3732 5609 3896 5668 ἄλλως

2331 5705 2668 5778 ἐκϐάλλεινῆ
2705 5709 2766 5760 ὲκ
2798 5707 2897 5776 τῆς
2933 5706 3159 5778 μελέτης
3191 5705 3297 5758 τῶν
3346 5704 3504 5757 θείων
3542 5701 3762 5769 λογίων.
3791 5701 3896 5768 Νή-
