4070 6444
174 373 281 430 485

1250 373 1609 430 EXPOSITIO
1647 375 1713 430 IN
1754 374 2083 432 PSALMUM
2121 374 2348 431 CXVI".

3299 387 3404 446 486

176 508 295 557 φειν
321 504 415 540 ουν
461 486 556 540 καὶ
594 489 885 559 γρηγορεῖν
917 487 1022 559 χρὴ
1068 487 1156 541 διὰ
1197 488 1287 541 τὸν
1320 489 1556 543 εἰπόντα·
1590 494 1740 559 Γρη-

1848 506 2005 561 agere
2029 498 2081 547 et
2110 491 2337 560 vigilare
2360 491 2610 545 convenit
2634 504 2851 563 propter
2884 510 3007 550 eum
3049 514 3143 568 qui
3168 500 3299 556 dicit
3319 505 3361 535 δ’
3386 523 3400 559 :

172 576 397 647 γορεῖτε
428 578 523 630 καὶ
565 580 987 647 προσεύχεσθε.

257 669 432 722 Ὀδὸν
490 669 723 736 ἀδικίας
740 672 1115 739 ’ἐπόστησνον
1162 672 1258 724 ἀπ’
1304 672 1470 741 ἐμοῦ,
1509 674 1607 726 καὶ
1664 674 1743 738 τῷ

172 763 335 829 νόμῳ
358 778 474 813 σου
505 760 765 827 ἐλέησόν
812 780 906 831 με.
950 764 1116 817 Ὁδόν
1140 765 1416 831 ἀληθείας
1470 766 1744 833 ᾐρετισά-

167 869 311 920 μην.
351 851 423 904 Τὸ
455 853 551 922 μὲν
576 854 714 904 αἰτεῖ
742 854 889 924 παρὰ
918 854 1071 920 Θεοῦ,
1099 855 1159 907 τὸ
1180 855 1236 907 δὲ
1269 855 1445 926 ἐαυτῷ
1473 858 1742 928 εἰσφέρειν

171 943 445 1012 ὁμολογεῖ.

260 1036 671 1102 Ἀπόστρεψον
730 1036 870 1103 τοὺς
927 1040 1269 1109 ὀφθαλμούς
1323 1060 1442 1110 μου
1506 1041 1613 1094 τοῦ
1656 1041 1741 1109 μὴ

175 1126 326 1179 ἰδεῖν
350 1129 730 1195 paratarum.
758 1130 1067 1199 Ματαιότης
1112 1132 1257 1183 ἐστὶν
1280 1133 1311 1202 ἡ
1339 1133 1464 1203 περὶ
1492 1132 1587 1195 τὰς
1619 1132 1743 1195 θέας

176 1219 364 1288 μανία,
397 1223 427 1292 ἡ
464 1221 593 1291 περὶ
615 1222 720 1273 τῶν
753 1222 825 1293 μὴ
849 1222 1071 1275 δεόντων
1117 1223 1335 1295 θεωρία,
1388 1228 1478 1279 καὶ
1516 1227 1547 1296 ἡ
1603 1226 1741 1279 κατὰ

172 1312 410 1365 διάνοιαν
464 1314 520 1365 δὲ
569 1314 764 1378 ἄτοπος
801 1316 1087 1384 φαντασία,
1142 1318 1207 1388 ἣν
1264 1318 1357 1371 καὶ
1409 1318 1743 1390 σαφηνίζειὸ

176 1403 387 1466 Παῦλος
416 1404 606 1471 λέγων·
653 1406 753 1457 Ἐν
809 1407 1155 1475 ματαιότητι
1220 1410 1323 1463 τοῦ
1354 1409 1495 1475 νοὸς
1546 1409 1744 1464 αὐτῶν

170 1496 567 1563 ἐσκοτωμένοι
597 1494 669 1563 τῇ
702 1495 931 1564 διανοίᾳ
964 1498 1152 1566 ὄντες,
1202 1502 1743 1571 ἀπηλλοτριωμένοι

171 1587 285 1652 τῆς
313 1585 459 1655 ζωῆς
486 1588 591 1640 τοῦ
628 1588 795 1642 Θεοῦ.
844 1590 985 1662 Ὅρα
1014 1593 1350 1663 ματαιότητα
1376 1594 1494 1657 νοὸς
1519 1594 1744 1665 λεγομέ-

170 1696 293 1749 νην,
325 1680 401 1731 ὅτ’
428 1678 494 1731 ἂν
527 1682 627 1750 σχῇ
663 1697 747 1744 τις
774 1682 918 1747 νοῦν,
955 1685 1047 1736 καὶ
1100 1684 1288 1737 τούτου
1348 1686 1422 1758 μὴ
1475 1690 1742 1759 χρήσηται

168 1772 308 1841 πρὸς
337 1771 434 1841 τὴν
455 1771 561 1823 τῶν
591 1772 805 1843 ἀληθῶν
853 1774 1103 1844 θεωρίαν,
1134 1777 1267 1831 ἀλλὰ
1311 1779 1537 1850 παρέχει
1584 1780 1743 1834 αὑτὸν

1858 587 2079 655 Vigilate
2110 596 2157 640 et
2185 595 2351 641 orate.

1919 678 2012 742 29,
2040 677 2126 731 50.
2174 678 2325 731 Viam
2366 680 2661 750 iniquitatis
2695 698 2872 736 amove
2913 700 2943 736 a
2991 700 3091 745 me,
3117 696 3165 738 et
3196 686 3259 739 de
3299 687 3405 759 lege

1845 782 1935 824 tua
1964 770 2203 823 miserere
2222 771 2355 823 mei.‘
2376 770 2526 824 Viam
2556 773 2791 826 veritatis
2824 773 2974 842 elegi.
3016 775 3148 827 Illud
3183 776 3406 845 quidem

1840 880 1869 918 a
1904 862 2013 919 Deo
2042 864 2296 933 postulat,
2321 866 2423 919 hoc
2447 880 2505 919 se
2529 865 2628 920 sibi
2657 866 2929 922 ascribere
2958 867 3263 921 conﬁtetur.

1913 1031 2001 1086 37.
2033 1034 2215 1086 Averte
2240 1032 2418 1086 oculos
2468 1048 2605 1085 meos
2633 1048 2695 1085 ne
2725 1030 2931 1086 rideant
2968 1032 3277 1086 vanitatem.
3302 1029 3409 1085 Va-

1843 1105 1984 1178 nitas
1999 1131 2082 1177 est
2103 1124 2534 1193 spectaculorum
2565 1125 2788 1178 insanus
2812 1139 2988 1189 amor,
3012 1124 3197 1178 illicita
3227 1139 3409 1179 rerum

1843 1218 2175 1287 speculatio,
2222 1217 2463 1272 absurda
2512 1217 2793 1285 phantasia
2836 1218 2891 1271 in
2947 1225 3125 1271 mente
3169 1227 3407 1286 recepta,

1842 1325 2004 1379 quam
2030 1310 2295 1379 signiﬁcat
2319 1308 2521 1363 Paulus
2553 1310 2636 1363 his
2667 1309 2845 1364 verbis
2872 1327 2885 1362 :
2920 1309 2986 1362 In
3009 1310 3237 1362 cartilate
3262 1326 3376 1361 men
3394 1338 3410 1350 ο

1845 1403 1912 1456 tis
1964 1418 2106 1465 sum,
2142 1402 2364 1456 tenebris
2407 1401 2743 1455 obscuratum
2785 1402 3026 1455 habentes
3064 1403 3408 1466 intellectum,

1844 1496 2061 1550 alienati
2089 1512 2120 1548 a
2151 1495 2259 1548 vita
2287 1494 2380 1548 Dei
2404 1494 2470 1548 ⁸⁸.
2501 1494 2884 1549 Animadverte
2902 1494 3191 1548 vanitatem
3214 1495 3411 1549 mentis

1844 1585 1972 1640 dici.
1997 1600 2120 1639 cum
2155 1582 2277 1653 quis
2314 1592 2492 1637 mente
2527 1584 2757 1653 pollens,
2782 1598 2845 1637 ea
2877 1598 2983 1637 non
3024 1583 3192 1635 utitur
3222 1582 3287 1635 ad
3318 1596 3412 1635 ve.-

1843 1676 2023 1731 ritatis
2085 1676 2634 1745 contemplationem;
2667 1674 2759 1729 sed
2802 1674 3002 1745 praebet
3041 1689 3158 1727 cam
3198 1672 3414 1727 Satanae

1847 1768 2139 1839 colliganti.
2197 1766 2312 1823 Hoc
2347 1768 2514 1838 igitur
2546 1766 2820 1838 precando
2849 1767 2925 1820 ait
2955 1784 2969 1820 :
3004 1767 3187 1820 Averte
3236 1767 3414 1819 oculos

167 1860 251 1929 τῷ
295 1859 606 1929 δεσμεύοντι
660 1864 891 1935 Σατανᾷ.
928 1865 1096 1919 Τοῦτο
1122 1861 1306 1921 τοίνυν
1326 1869 1613 1940 εὐχόμενός
1642 1889 1740 1941 φη-

1844 1874 1983 1912 meos
2027 1876 2089 1913 ne
2132 1859 2340 1913 rideant
2383 1859 2662 1913 vanitates.
2710 1856 2844 1911 Nam
2875 1867 2923 1911 et
2960 1858 3088 1912 illud
3120 1858 3288 1927 gratia
3321 1857 3415 1911 Dei

170 1967 278 2003 σιν·
329 1951 740 2021 Ἀπόστρεψον
781 1956 922 2021 τοὺς
971 1959 1313 2027 ὀφθαλμούς
1354 1977 1472 2028 μου
1502 1962 1607 2015 τοῦ
1656 1962 1742 2032 μὴ

166 2040 322 2095 Mair
364 2044 778 2111 ματαιότητας.
831 2047 941 2098 Kal
990 2047 1147 2101 τοῦτο
1205 2049 1313 2119 γὰρ
1372 2052 1526 2122 χάρις
1585 2052 1742 2107 Θεοῦ.

174 2135 289 2187 Τοῦ
328 2138 530 2189 αὑτοῦ.
572 2137 650 2190 Τὰ
692 2139 750 2190 ὲν
776 2139 986 2209 σώματι
1007 2142 1183 2211 ὡραῖα
1214 2145 1305 2195 καὶ
1330 2144 1529 2215 σαρκὸς
1550 2145 1745 2213 ὀφθαλ-

168 2228 295 2295 μοῖς
331 2227 625 2295 φαινόμενα
650 2229 808 2291 καλὰ,
837 2230 1164 2300 ματαιότητα
1187 2232 1464 2287 ἀποκαλεῖ.

240 2320 481 2389 Στῆσον
523 2323 602 2389 τῷ
645 2324 843 2393 δούλῳ
875 2341 992 2381 σου
1031 2328 1097 2380 τὸ
1129 2330 1337 2399 λόγιόν
1369 2348 1483 2383 σου
1508 2332 1595 2397 εἰς
1638 2330 1745 2384 τὸν

163 2414 360 2481 φόϐον
404 2430 541 2468 σου.
590 2415 807 2488 Ἐπειδὴ
846 2418 1192 2486 παιδαγωγοῦ
1218 2419 1371 2492 δίκην
1395 2422 1687 2491 ἀναγκαῖος
1716 2423 1744 2474 6

166 2502 337 2571 φόϐος
363 2504 457 2556 τοῦ
487 2504 621 2557 Θεοῦ
667 2508 724 2559 ὲν
775 2508 976 2571 πάσαις
1021 2510 1276 2573 ἐντολαῖς·
1352 2511 1541 2565 τούτου
1585 2514 1743 2583 χάριν

165 2592 458 2659 ἐφιστάναι
509 2594 657 2664 αὐτῷ
712 2596 873 2649 αὑτὸν
931 2597 1146 2669 εὔχεται
1196 2600 1287 2653 τὸν
1342 2600 1493 2654 Θεόν.
1544 2603 1616 2654 Τὸ
1664 2603 1741 2665 δὲ,

165 2682 416 2748 Περίελε
448 2681 555 2735 τόν
601 2684 943 2756 όνειδισμόν
979 2706 1119 2757 μου,
1170 2690 1305 2759 μετὰ
1344 2690 1404 2743 τὸ
1453 2693 1743 2763 ἐπιστῆσαι

164 2774 360 2846 ῶσπερ
402 2776 524 2829 τινὰ
569 2777 782 2847 φύλακα
840 2780 947 2833 τῶν
1005 2782 1159 2834 θείων
1193 2782 1387 2853 νόμων.
1449 2784 1558 2837 Kal
1613 2786 1743 2857 περὶ

164 2861 246 2919 ὧν
280 2866 384 2938 ἤδη
443 2870 705 2940 πρότερον
755 2873 993 2941 συνέγνω
1026 2876 1212 2929 ἑαυτὸν
1242 2875 1456 2930 ὀνειδῶν
1494 2876 1741 2949 ἐξομολο-

165 2978 367 3027 γειται.

242 3053 486 3121 Στῆσον
523 3053 603 3119 τῷ
632 3054 828 3126 δούλῳ
866 3071 981 3115 σου
1034 3059 1100 3112 τὸ
1152 3062 1359 3131 λόγιόν
1388 3077 1524 3116 σου.
1591 3064 1742 3116 Ἐπεὶ

1846 1959 1948 2007 est.
1988 1950 2261 2019 Ejusdem.
2287 1948 2559 2019 Corporca
2584 1964 2705 2018 qua:
2728 1950 2971 2018 speciosa
3012 1958 3167 2013 sunt,
3197 1958 3251 2002 et
3278 1964 3383 2003 ocu

1846 2044 1914 2100 lis
1937 2043 2118 2098 carnis
2144 2042 2374 2112 pulchra
2400 2042 2671 2106 videntur,
2702 2040 2993 2095 vanitatem
3024 2041 3277 2111 appellat.

1921 2306 2008 2363 58.
2036 2307 2221 2361 Statue
2246 2322 2391 2359 servo
2421 2314 2510 2359 tuo
2540 2305 2804 2375 eloquium
2830 2317 2976 2359 tuum
3002 2308 3057 2359 in
3091 2308 3277 2360 timore
3299 2314 3411 2363 tuo.

1845 2400 2111 2466 Quoniam
2141 2400 2194 2454 iu
2224 2401 2478 2455 omnibus
2509 2400 2790 2471 prmCPptis
2823 2402 2986 2455 timor
3019 2400 3112 2455 Dei
3141 2403 3415 2475 paedagogi

1848 2491 2020 2545 instar
2060 2493 2403 2547 necessarius
2436 2501 2519 2547 est
2540 2534 2554 2558 ,
2588 2492 2708 2547 ideo
2747 2502 2902 2562 rogat
2927 2490 3095 2546 Deum
3130 2502 3189 2546 ut
3211 2502 3418 2548 statuat

1845 2582 1948 2637 sibi
1980 2582 2151 2637 illum.
2182 2582 2315 2638 Illud
2355 2594 2571 2639 autem:
2595 2586 2824 2655 Amputa
2852 2585 3188 2654 opprobrium
3220 2602 3412 2651 meum,

1843 2674 1975 2730 dicit
1997 2685 2280 2746 postquam
2324 2678 2612 2746 quemdam
2640 2694 2738 2733 ceu
2782 2679 3064 2733 custodem
3100 2678 3413 2734 divinarum

1844 2768 2023 2839 legum
2073 2769 2377 2824 constituit.
2422 2769 2487 2823 Et
2506 2768 2616 2839 jam
2653 2771 2848 2825 iterum
2880 2772 3172 2825 conﬁtetur
3215 2786 3416 2840 oppri».

1843 2861 1961 2917 bria
1983 2862 2052 2918 de
2081 2862 2281 2933 quibus
2315 2863 2468 2933 prius
2496 2878 2555 2919 se
2582 2863 2683 2919 sibi
2724 2864 3005 2919 conscium
3029 2878 3150 2919 esse
3176 2863 3411 2919 dixerat.

1918 3057 2105 3112 Statue
2124 3072 2270 3111 servo
2298 3066 2386 3111 tuo
2413 3058 2677 3127 eloquium
2707 3068 2877 3111 tuum.
2904 3057 3042 3125 Quia
3071 3073 3261 3113 servus
3283 3066 3411 3112 tuus

162 3143 355 3206 δοῦλός
386 3158 478 3195 σου
504 3144 786 3212 τυγχάνων
843 3146 1112 3216 φοϐοῦμαί
1140 3164 1219 3213 σε,
1250 3147 1509 3219 βούλομαι
1552 3150 1609 3204 δὲ
1656 3152 1740 3204 λο-

1844 3163 1966 3203 cum
1995 3148 2118 3209 sim,
2155 3148 2318 3202 timeo
2355 3158 2425 3213 te,
2452 3148 2681 3218 voloque
2709 3149 3105 3203 rationabiliter
3130 3156 3184 3204 et
3215 3164 3415 3204 secun-

162 3234 340 3300 γικῶς
362 3236 457 3287 καὶ
504 3210 643 3288 κατᾶ
695 3236 785 3289 τὸν
834 3210 989 3306 λόγον
1017 3210 1631 3313 ’φόϐονγέχεινίστῆσον
1680 3243 1740 3296 τὸ

1842 3242 1969 3295 dum
1995 3239 2216 3294 verbum
2239 3240 2487 3294 timorem
2512 3240 2733 3302 habere,
2754 3247 2929 3295 statue
2958 3240 3235 3311 eloquium
3263 3249 3413 3295 tuum

163 3326 347 3394 λόγιόν
382 3342 476 3379 σου
504 3328 584 3389 εἰς
607 3327 698 3379 τὸν
744 3327 907 3397 φόϐον
941 3347 1055 3394 σου,
1077 3331 1166 3383 τὸν
1194 3332 1321 3385 ὄντα
1369 3333 1479 3400 σὸν,
1509 3334 1609 3388 οὐκ
1649 3335 1739 3404 ἀφ’

1844 3327 1898 3381 in
1938 3326 2187 3391 timorem
2237 3335 2388 3380 tuum
2423 3344 2435 3379 :
2466 3326 2557 3395 qui
2589 3340 2777 3379 revera
2826 3334 2957 3381 tuus
3002 3336 3106 3391 est,
3134 3341 3241 3380 non
3267 3330 3414 3395 quod

160 3410 229 3470 οὗ
257 3418 397 3488 φοϐῇ
432 3420 519 3482 σὺ,
546 3419 658 3472 ἀλλ’
688 3419 781 3487 ἀφ’
814 3415 873 3474 οῦ
928 3419 1038 3488 ἐγὼ
1084 3421 1352 3493 φοϐοῦμαί
1404 3441 1482 3477 σε.
1517 3425 1635 3479 Ἵνα
1667 3426 1740 3498 μὴ

1842 3427 1899 3473 tu
1932 3418 2143 3484 timeas,
2171 3417 2262 3473 sed
2283 3417 2409 3487 quia
2436 3431 2535 3487 ego
2563 3417 2727 3471 timeo
2758 3424 2829 3472 te.
2865 3415 2931 3471 Ut
2956 3427 3134 3473 autem
3166 3433 3267 3472 nec
3291 3418 3412 3473 sine

160 3510 223 3562 δὲ
242 3508 371 3563 ἄνευ
401 3507 558 3575 λόγου
594 3509 777 3576 φόϐον,
810 3511 943 3581 μηδὲ
979 3512 1105 3565 ἄνευ
1132 3514 1296 3579 φόϐου
1326 3514 1481 3584 λόγον
1510 3516 1737 3588 ἔχωμεν·

1841 3510 2006 3564 verbo
2030 3509 2299 3575 timorem,
2332 3523 2433 3563 nec
2460 3508 2577 3562 sine
2604 3507 2802 3562 timore
2829 3507 3054 3562 verbum
3083 3508 3412 3573 habeamus,

164 3599 351 3668 ἵστησι
373 3597 430 3650 δὲ
461 3600 489 3649 6
521 3596 654 3660 Θεὸς
674 3598 733 3651 τὸ
766 3599 942 3668 λόγιον
994 3602 1157 3654 αὑτοῦ
1207 3605 1285 3665 εἰς
1324 3605 1416 3657 τὸν
1457 3607 1619 3674 φόϐον
1645 3608 1740 3660 αὺ-

1842 3601 2034 3655 statuit
2062 3615 2195 3655 sane
2218 3598 2361 3655 Deus
2383 3598 2659 3669 eloquium
2680 3614 2840 3653 suum
2873 3598 2925 3652 in
2951 3600 3198 3654 timorem
3226 3614 3411 3662 suum,

161 3688 284 3752 τοῦ,
340 3688 567 3758 βεϐαιῶν
604 3690 670 3743 δι’
722 3692 1044 3757 ἀποδείξεως
1100 3695 1232 3748 αὐτὸ
1263 3698 1375 3760 τοῖς
1434 3698 1737 3753 εὐλαϐἐσιν.

1841 3707 1937 3760 per
1959 3699 2105 3745 certa
2138 3699 2450 3761 argumenta
2486 3691 2708 3743 ﬁrmans
2739 3689 2867 3743 illud
2896 3691 3037 3758 apud
3076 3691 3197 3759 pios
3230 3692 3411 3745 homi-

162 3780 385 3851 Ὠσπερ
418 3781 524 3852 γάρ
553 3782 695 3845 τινές
732 3785 867 3837 εἰσιν
901 3784 1115 3855 ἔχοντες
1142 3784 1321 3856 ζῆλον,
1370 3786 1484 3840 ἀλλ’
1517 3789 1577 3841 οὐ
1621 3790 1740 3843 κατ’

161 3874 484 3941 ἐπίγνωσιν,
532 3873 704 3938 οὕτως
745 3875 850 3928 είσί
897 3893 1043 3940 τινες
1101 3876 1314 3948 ἔχοντες
1370 3880 1533 3941 φόϐον
1582 3880 1739 3946 Θεοῦ,

159 3967 283 4022 ἀλλ’
309 3967 371 4018 οὐ
422 3969 542 4020 κατ’
572 3967 884 4036 ἐπίγνωσιν.
922 3970 1167 4038 Περίελε
1226 3972 1333 4025 τὸν
1401 3972 1744 4043 ὀνειδισμόν

154 4074 284 4125 μου
302 4055 375 4108 ὃν
399 4056 782 4113 ὑπώπτευσα.
810 4060 1049 4132 Ποιήσας
1070 4062 1099 4113 6
1132 4064 1415 4134 προφήτης
1436 4063 1512 4126 ὼς
1543 4063 1744 4135 ἄνθρω-

161 4167 269 4213 πος
301 4148 596 4220 ἁμαρτίαν,
643 4151 968 4221 παρακαλεῖ,
1023 4155 1145 4207 ἐπεὶ
1182 4157 1282 4229 ὁρᾷ
1317 4156 1405 4209 τὸν
1440 4155 1742 4227 ὀνειδισμὸν

159 4239 676 4310 παρακολουθοῦντα
706 4243 763 4293 ἐν
805 4241 884 4313 τῷ
914 4241 1044 4313 θείῳ
1088 4244 1423 4317 δικαστηρίῳ
1456 4246 1590 4317 μετὰ
1646 4245 1741 4317 τὴν

158 4332 481 4398 ἀνάστασιν,
535 4334 628 4385 καὶ
660 4333 806 4402 λέγει
854 4335 945 4388 τὸν
974 4336 1325 4407 προκείμενον
1379 4339 1579 4408 στίχον.
1631 4340 1743 4391 Οὐκ

157 4426 233 4478 ἂν
257 4423 316 4476 δὲ
332 4422 510 4491 λέγοις
536 4424 696 4479 τοῦτο
721 4426 915 4495 λέγων·
934 4428 1159 4499 Περίελε
1182 4429 1271 4481 τὸν
1292 4428 1595 4500 ὀνειδισμόν
1624 4446 1738 4483 σου.

159 4517 341 4569 Ὅταν
368 4515 476 4586 γὰρ
511 4514 834 4588 ὀνειδίζομαι
883 4518 972 4572 διὰ
1016 4520 1107 4573 τὸν
1145 4520 1411 4591 Χριστὸν,
1466 4523 1670 4583 ἐκεῖνος
1712 4521 1741 4572 6

157 4606 468 4676 ὀνειδισμὸς
486 4606 585 4658 οὐκ
620 4605 766 4659 ἐστιν
799 4606 951 4677 ἐμὸς,
1000 4608 1136 4662 ἀλλὰ
1164 4609 1258 4662 τοῦ
1303 4609 1561 4680 Χριστοῦ·
1613 4611 1739 4663 ὃταν

157 4700 221 4753 δὲ
255 4699 581 4770 ὀνειδίζομαι
604 4700 693 4754 διὰ
717 4700 816 4765 τὰς
846 4702 985 4773 ἐμὰς
1019 4703 1309 4773 ἁμαρτίας,
1344 4705 1437 4759 καὶ
1467 4706 1540 4777 μὴ
1574 4723 1737 4777 μετα-

157 4789 294 4856 νοῶ,
317 4791 415 4843 οὐκ
447 4790 645 4859 ὀφείλω
696 4790 892 4859 λέγειν·
948 4794 1191 4862 Περίελε
1238 4795 1346 4848 τὸν
1395 4795 1737 4865 όνειδισμόν

150 4899 281 4953 μου
334 4882 435 4935 ἀπ’
466 4883 633 4952 ἐμοῦ,
668 4883 740 4937 ὃν
794 4882 1177 4949 ὑπώπτευσα,
1226 4886 1315 4955 ὅτι
1370 4886 1442 4940 τὰ
1471 4886 1737 4958 ,κρίματὰ

156 4988 283 5029 σου
309 4974 561 5042 χρηστά.

248 5064 395 5118 Ἰδοὺ
418 5063 767 5134 ἐπεθύμησα
789 5066 893 5133 τὰς
912 5065 1163 5134 ἐντολάς
1183 5082 1320 5134 σου,
1344 5068 1414 5121 ἐν
1433 5066 1506 5135 τῇ
1521 5068 1739 5123 δικαιο-

155 5156 327 5224 σύνῃ
379 5169 495 5208 σου
540 5154 726 5224 ζῆσόν
761 5174 854 5227 με.
902 5158 1157 5228 ’Δμοιϐὴν
1201 5161 1341 5212 αίτεῖ
1386 5161 1485 5232 τὴν
1523 5159 1737 5214 δικαίαν

158 5249 312 5317 ζωὴν
340 5250 432 5301 καὶ
464 5248 583 5302 κατ’
612 5249 833 5322 ἀρετὴν,
877 5252 936 5304 οὐ
986 5252 1144 5321 μόνον
1177 5251 1417 5322 φυλάξας
1448 5253 1547 5316 τὰς
1593 5255 1739 5307 ἐντο-

158 5338 283 5400 λὰς,
320 5336 455 5392 ἀλλὰ
486 5339 581 5391 καὶ
612 5340 888 5409 ἐρωτικῶς
910 5342 1035 5412 περὶ
1062 5342 1231 5406 αὑτὰς
1255 5342 1613 5415 διακείμενος,
1643 5343 1737 5397 καὶ

158 5432 267 5483 οὐκ
301 5429 475 5483 ἄλλων
500 5432 676 5503 χάριν,
719 5432 835 5485 ἀλλ’
860 5434 1030 5498 αὑτάς
1054 5435 1148 5488 καὶ
1185 5435 1251 5488 δι’
1280 5435 1451 5500 αὐτὰς
1479 5436 1732 5491 ἐκτελῶν.

159 5522 277 5574 Kal
311 5522 431 5574 ἐπεὶ
462 5521 771 5595 δικαιοσύνη
804 5524 897 5577 τοῦ
956 5525 1165 5598 Πατρὸς
1207 5531 1237 5582 6
1286 5529 1431 5594 Υἱὸς,
1480 5533 1508 5584 6
1536 5531 1593 5583 ἐν
1622 5530 1736 5603 Υἱῷ

159 5609 232 5679 ζῆ
240 5626 330 5662 σαι
358 5610 675 5683 βουλόμενος
697 5613 851 5667 τοῦτό
879 5631 1030 5685 φησι.

1841 3800 1956 3840 nes.
1987 3784 2450 3852 Quemadmodum
2498 3784 2644 3838 enim
2681 3783 2900 3853 quidam
2927 3793 3051 3837 sunt
3098 3784 3268 3837 zelum
3311 3785 3411 3839 ha-

1840 3876 2051 3943 bentes,
2094 3876 2189 3932 sed
2230 3890 2341 3931 non
2395 3875 2694 3931 secundum
2736 3876 3018 3930 scientiam
3064 3875 3143 3940 δ’,
3179 3875 3251 3930 ita
3285 3885 3416 3932 sunt

1842 3963 2062 4033 quidam
2091 3964 2350 4020 habentes
2395 3964 2646 4020 timorem
2681 3965 2807 4031 Dei,
2852 3965 2945 4022 sed
2973 3981 3079 4020 non
3114 3967 3412 4023 secundum

1842 4054 2145 4108 scientiam.
2175 4054 2402 4125 Amputa
2435 4056 2767 4125 opprobrium
2810 4072 3014 4119 meum,
3047 4059 3188 4127 quod
3236 4061 3413 4128 suspi-

1841 4153 1990 4198 catus
2018 4161 2153 4200 sum.
2181 4144 2314 4201 Cum
2349 4144 2614 4215 Pr0pheta
2661 4155 2939 4216 peccasset
2985 4156 3045 4202 ut
3075 4148 3261 4212 homo,
3292 4159 3414 4205 orat

1839 4246 1894 4289 et
1925 4234 2245 4307 deprecatur
2277 4238 2626 4307 opprobrium
2663 4239 2810 4308 quod
2841 4238 3080 4295 futurum
3115 4240 3260 4295 videt
3290 4251 3415 4311 post

1843 4330 2301 4383 resurrectionem
2347 4331 2401 4383 in
2444 4331 2632 4386 divino
2670 4332 2949 4396 tribunali,
2981 4342 3034 4387 et
3054 4334 3245 4389 recitat
3268 4335 3413 4391 hunc

1844 4437 2085 4477 versum.
2120 4419 2304 4493 Neque
2328 4423 2529 4478 dixeris
2560 4426 2660 4479 hoc
2692 4424 2851 4479 modo
2885 4442 2900 4479 :
2931 4425 3165 4495 Amputa
3207 4442 3409 4496 oppro-

1769 4551 1819 4610 Β
1845 4513 2023 4568 brium
2060 4523 2235 4569 tuum.
2265 4512 2399 4567 Nam
2433 4530 2553 4569 cum
2593 4516 2901 4585 opprobriis
2946 4516 3149 4571 aﬁicior
3193 4528 3413 4588 propter

1843 4602 2147 4670 Christum,
2195 4605 2325 4660 illud
2368 4606 2718 4675 opprobrium
2778 4622 2886 4661 non
2941 4614 3026 4661 est
3075 4622 3279 4672 meum,
3316 4610 3410 4664 sed

1844 4696 2048 4750 Christi
2075 4705 2197 4751 est:
2233 4713 2357 4752 cum
2389 4706 2567 4751 autem
2602 4698 2910 4768 opprobriis
2952 4696 3155 4752 aﬁicior
3195 4710 3413 4770 propter

1842 4796 2062 4856 peccata
2097 4803 2239 4853 mea,
2274 4804 2451 4858 neque
2495 4789 2866 4859 paenitentiam
2898 4804 3021 4858 ago,
3062 4806 3167 4845 non
3202 4798 3411 4861 oportet

1844 4895 1933 4933 me
1961 4880 2142 4935 dicere
2172 4898 2185 4934 ι
2222 4880 2452 4951 Amputa
2498 4880 2832 4949 opprobrium
2872 4898 3042 4935 meum
3077 4900 3109 4935 a
3133 4900 3231 4949 me,
3271 4884 3409 4952 quod

1845 4974 2140 5042 suspicatus
2178 4990 2316 5040 sum,
2339 4975 2461 5045 quia
2481 4973 2688 5042 judicia
2722 4984 2813 5027 tua
2834 4975 3093 5043 jucunda.

1922 5064 2011 5117 40.
2042 5063 2176 5117 Ecce
2215 5065 2481 5131 concupiui
2514 5067 2764 5118 mandata
2804 5074 2917 5131 tua,
2944 5066 2998 5119 in
3045 5066 3287 5137 (equitata
3317 5075 3408 5119 tua

1844 5158 2051 5225 vivi/ica
2101 5173 2201 5211 me.
2247 5156 2480 5211 Proham
2517 5167 2570 5212 et
2609 5158 2661 5211 in
2701 5158 2900 5212 virtute
2938 5167 3112 5211 actam
3148 5159 3311 5212 vitam
3352 5159 3406 5231 in

1850 5248 2135 5316 praemium
2177 5249 2416 5318 postulat
2443 5266 2455 5302 :
2489 5265 2595 5303 non
2639 5248 2812 5303 solum
2842 5249 2966 5318 quia
2997 5259 3260 5319 praecepta
3293 5264 3410 5302 ser—

1842 5339 2004 5402 vavit,
2047 5338 2139 5393 sed
2171 5340 2298 5409 quia
2332 5340 2537 5394 amoris
2560 5339 2752 5395 aﬁectu
2782 5339 2871 5394 illa
2893 5341 3288 5410 complectitur.
3308 5356 3408 5396 nec

1841 5432 2065 5485 alterius
2094 5430 2171 5485 rei
2204 5446 2391 5496 causa,
2417 5431 2517 5495 sed
2553 5431 2643 5485 illa
2691 5432 2865 5486 solum
2906 5446 3156 5500 quaerens
3190 5439 3245 5486 et
3280 5447 3401 5497 pro-

1838 5532 1956 5591 pter
1989 5522 2076 5576 illa
2113 5536 2297 5592 agens.
2333 5521 2395 5575 Et
2421 5522 2547 5593 quia
2581 5521 2751 5578 Filius
2774 5522 3085 5593 cstjustitia
3114 5521 3313 5586 Patris,
3341 5521 3405 5575 il-

1837 5616 1928 5670 lud
1960 5617 2033 5670 ait
2056 5616 2146 5686 qui
2180 5615 2233 5670 in
2262 5613 2399 5675 Filio
2429 5615 2593 5670 vitam
2624 5630 2781 5685 agere
2806 5616 2941 5671 vult.

242 5821 288 5853 "
324 5817 514 5877 Matth.
550 5836 694 5889 nrt,
737 5821 827 5877 Η.
899 5822 944 5855 δ’
985 5820 1182 5899 Ephes.
1221 5838 1294 5889 tv,
1333 5822 1536 5891 17,18.
1613 5825 1657 5855 δ’
1686 5821 1845 5877 Rom.
1871 5838 1927 5887 ι,
1957 5823 2007 5877 2.
