4070 6500
723 431 825 488 ιετ

1530 433 1585 488 S.
1624 431 1996 488 ATHANASII
2034 433 2182 489 OI’P.
2227 434 2406 490 PARS
2447 434 2534 489 Ill.
2577 466 2645 476 -—
2682 437 3082 495 EXEGETICA.

3833 443 3922 498 ιδε

792 543 879 598 Η.
915 539 982 596 Et
1008 545 1172 597 veniat
1199 558 1354 612 super
1398 558 1474 595 me
1499 543 1863 596 misericordia
1888 552 2005 607 tua,
2037 543 2271 598 Domine.

2445 544 2553 597 Kal
2596 545 2756 598 ἔλθοι
2805 547 2898 600 ἐπ’
2925 549 3028 617 ἐμὲ
3061 549 3125 600 τὸ
3151 547 3322 613 ἔλεός
3352 565 3488 610 σου,
3520 550 3713 618 Κύριε.
3755 550 3812 603 Εἰ
3839 553 3920 606 τοῦ

723 636 780 693 Si
817 635 1239 691 misericordiam
1273 646 1441 699 tuam,
1478 635 1572 699 ait,
1608 650 1929 704 consequar,
1968 650 2089 703 quae
2115 637 2278 690 mise-

721 729 951 786 ricordia
981 744 1075 798 per
1101 728 1337 782 salutare
1365 739 1512 781 tuum
1541 729 1604 781 ad
1642 743 1726 780 me
1760 728 1997 791 accedet,
2024 727 2273 781 fiduciam

718 823 928 878 habebo
955 822 1214 875 adversus
1260 836 1353 875 eos
1385 821 1474 888 qui
1512 820 1642 873 mihi
1670 819 2021 890 opprobrium
2066 819 2271 884 dicunt,

713 923 768 968 et
796 914 1078 967 adversum
1103 927 1188 965 me
1211 910 1513 980 insurgunt.

812 1002 901 1056 42.
932 1001 999 1054 Et
1039 1000 1352 1070 respondebo
1395 1001 1825 1067 exprobrantibus
1873 1001 2000 1054 mihi
2042 1001 2270 1064 verbum,

712 1095 838 1164 quia
869 1096 1071 1164 speravi
1112 1096 1166 1148 in
1199 1095 1524 1147 sermonibus
1575 1093 1698 1147 tuis.
1739 1093 2093 1162 Respondebo
2125 1093 2269 1146 enim

713 1200 820 1240 non
853 1201 1065 1255 aequum
1096 1200 1214 1240 esse
1242 1185 1500 1239 conviciis
1531 1186 1741 1238 onerari
1770 1200 1892 1238 eum
1921 1185 2010 1254 qui
2037 1199 2096 1238 ea
2126 1193 2271 1239 tenet

712 1277 1000 1346 dogmata;
1027 1293 1146 1346 quae
1181 1276 1405 1330 irrident
1452 1276 1644 1344 impuri
1703 1277 2063 1331 illi.|iomines
2099 1291 2127 1330 a
2165 1277 2268 1330 [ide

712 1369 894 1423 alieni.
923 1368 1034 1436 Ego
1063 1384 1186 1423 vero
1225 1368 1505 1422 ostendam
1537 1369 1624 1420 illa
1665 1369 1958 1435 prudentiae
1987 1377 2148 1436 atque
2180 1383 2266 1421 sa-

711 1458 926 1526 pientiae
952 1459 1105 1528 plena
1129 1473 1266 1512 esse.
1294 1456 1648 1524 Respondebo
1669 1467 1846 1511 autem
1877 1458 2120 1523 verbum,
2141 1459 2266 1527 quia

710 1553 764 1606 in
792 1552 958 1606 verbis
990 1556 1093 1606 tuis
1117 1552 1496 1621 supersperavi.

783 1643 872 1696 45.
908 1640 972 1694 Ει
1002 1659 1063 1695 ne
1090 1642 1298 1708 auferas
1326 1641 1388 1692 de
1420 1655 1506 1691 ore
1536 1654 1646 1690 meo
1677 1636 1884 1690 verbum
1915 1638 2148 1690 veritatis
2176 1653 2262 1690 us-

707 1751 1024 1805 quequaque,
1054 1735 1176 1804 quia
1207 1735 1260 1786 in
1290 1732 1511 1802 judieiis
1544 1733 1647 1782 tuis
1675 1731 2050 1797 supersperavi.
2083 1727 2262 1796 Usque

2382 634 2474 686 σοῦ
2520 635 2700 698 ἐλέους
2731 636 2894 706 τύχω,
2943 638 3094 709 φησὶ,
3141 637 3295 690 τοῦτο
3343 637 3399 691 δὲ
3446 638 3507 691 τὸ
3547 639 3692 701 ἔλεος
3730 640 3814 692 διά
3840 642 3920 693 τοῦ

2379 728 2643 797 σωτηρίου
2691 744 2782 780 σου
2835 730 3117 798 γενήσεταί
3150 747 3257 798 μοι,
3301 731 3612 802 παρρησίαν
3663 731 3768 795 ἔξω
3795 734 3920 804 πρὸς

2374 818 2500 881 τοὺς
2531 819 2884 884 ὀνειδίζοντας
2933 823 3027 875 καί¹
3057 825 3518 892 ἐπανισταμένους
3543 842 3652 895 μοι.

2444 995 2553 1049 Kal
2580 996 3048 1066 ἀποκριθήσομαι
3076 997 3200 1063 τοῖς
3235 994 3587 1057 ὀνειδίζουσί
3601 1014 3703 1064 μοι
3726 997 3916 1066 λόγον,

2372 1086 2458 1140 ὅτι
2496 1088 2726 1154 ἤλπισα
2755 1091 2852 1142 ἐπὶ
2874 1090 2996 1156 τοῖς
3022 1092 3224 1160 λόγοις
3244 1104 3378 1143 σου.
3421 1089 3559 1161 Ἐρῶ
3578 1090 3704 1160 γὰρ,
3733 1091 3806 1154 ὡς
3831 1091 3918 1144 οὐκ

2371 1180 2516 1245 ἄξιος
2543 1179 2893 1244 ὀνειδίζεσθαι
2942 1184 3032 1236 τὸν
3058 1183 3126 1236 τὰ
3165 1183 3387 1236 τοιαῦτα
3433 1183 3677 1254 δόγματα
3722 1183 3916 1252 ἔχοντα,

2371 1273 2526 1327 ἅτινα
2554 1273 2782 1342 γελῶσιν
2825 1278 2872 1328 οἱ
2901 1277 2999 1346 τῆς
3057 1277 3289 1339 πίστεως
3317 1276 3584 1346 ἀλλότριοι
3636 1277 3686 1328 οι
3739 1277 3914 1346 μωροί.

2382 1363 2520 1431 Ἐγὼ
2566 1364 2621 1417 δὲ
2687 1367 2952 1429 συνέσεως
3003 1367 3268 1432 ἀποδείξω
3298 1369 3390 1421 καὶ
3427 1367 3615 1436 σοφίας
3644 1367 3918 1437 πεπληρω-

2369 1455 2524 1522 μένα.
2569 1456 3024 1529 Ἀποκριθήσομαι
3061 1461 3116 1513 δὲ
3153 1461 3327 1528 λόγον,
3375 1462 3501 1513 ἐπεὶ
3536 1463 3621 1526 εἰς
3666 1460 3804 1526 τοὺς
3829 1462 3919 1514 λό-

2367 1566 2508 1618 γους
2533 1565 2648 1602 σου
2684 1550 3013 1618 ἐπήλπισα.

2434 1641 2539 1694 Kal
2559 1641 2645 1710 μὴ
2678 1640 2958 1711 περιέλῃς
2988 1646 3056 1698 ἐκ
3086 1645 3190 1699 τοῦ
3231 1646 3526 1714 στόματός
3576 1663 3692 1714 μου
3743 1647 3920 1714 λόγον

2363 1733 2646 1800 ἀληθείας
2678 1734 2787 1800 ἕως
2835 1737 3086 1803 σφόδρα·
3121 1736 3210 1789 ὅτι
3247 1737 3347 1790 ἐπὶ
3389 1735 3512 1802 τοῖς
3536 1738 3779 1806 κρίμασι
3807 1752 3918 1790 σου

709 1827 775 1880 ad
803 1837 1124 1888 extremum,
1157 1825 1348 1894 inquit,
1382 1824 1605 1878 halitum
1632 1842 1645 1889 ;
1678 1823 1725 1876 si
1771 1823 1985 1891 indigne
2015 1822 2260 1875 vivamus

2363 1823 2689 1890 ἐπήλπισα.
2720 1826 2890 1897 Μέχρι
2919 1828 3016 1897 τῆς
3063 1817 3296 1899 ἐσχάτης
3349 1829 3533 1899 πνοῆς,
3573 1829 3756 1898 φησίν.
3800 1828 3918 1881 Ἐὰν

707 1921 774 1974 iis
797 1935 917 1990 quae
945 1930 1087 1974 recte
1114 1921 1404 1990 loquimur,
1429 1916 1571 1970 Deus
1585 1916 1792 1970 auferet
1822 1915 2038 1969 verbum
2066 1913 2260 1968 verita-

2364 1915 2593 1978 ἀναξίως
2638 1913 2712 1969 ὧν
2779 1916 2954 1979 καλῶς
2997 1917 3226 1988 λέγομεν
3254 1897 3261 1899 Ὗ
3292 1897 3575 1988 βιώσωμεν
3595 1959 3610 1982 ,
3639 1897 3645 1898 ⁷
3684 1920 3919 1990 περιελεί

708 2010 776 2066 tis
805 2011 870 2066 de
899 2026 991 2066 ore
1020 2020 1229 2064 nostro.

776 2192 865 2246 44.
896 2190 965 2243 Et
989 2190 1278 2243 custodiam
1305 2189 1464 2258 legem
1493 2200 1634 2241 ιιιιιηι
1651 2203 1868 2256 semper.
1904 2186 2017 2256 (47)
2040 2185 2257 2248 Custos,

704 2284 899 2354 inquit,
919 2298 1013 2337 ero
1045 2283 1176 2352 legis
1206 2291 1307 2335 tuae
1337 2300 1348 2335 :
1384 2297 1555 2350 neque
1589 2281 1749 2333 modo
1776 2288 1918 2334 recte
1945 2294 2030 2333 mc
2050 2293 2254 2348 geram,

701 2376 861 2432 modo
896 2391 1086 2440 secus;
1132 2374 1224 2428 sed
1268 2385 1320 2426 et
1360 2374 1413 2426 in
1461 2373 1710 2441 praesenti
1738 2381 1791 2426 et
1825 2375 1878 2425 in
1923 2369 2105 2424 futuro
2137 2371 2258 2425 vitae

700 2484 834 2524 meae
864 2477 1104 2536 tempore
1139 2466 1310 2534 legem
1339 2465 1590 2533 implebo.

775 2559 866 2614 46.
911 2559 980 2613 Et
1028 2557 1274 2628 loquebar
1319 2559 1373 2611 in
1416 2558 1723 2610 testimoniis
1753 2557 1853 2610 tuis
1891 2557 1946 2608 in
1981 2563 2255 2624 conspectu

699 2669 900 2722 regum.
933 2650 1081 2704 Talis
1111 2649 1214 2704 fuit
1238 2649 1458 2713 Paulus,
1489 2650 1610 2704 talis
1638 2648 1848 2714 Petrus,
1874 2649 1996 2702 talis
2036 2656 2254 2717 aposto-

697 2745 872 2798 lorum
896 2753 950 2798 et
974 2753 1267 2812 martyrum
1292 2742 1511 2795 chorus.
1540 2740 1662 2795 llaze
1685 2732 1906 2812 martyri
1931 2740 2256 2795 conveniunt

697 2834 793 2905 qui
835 2842 1052 2904 propter
1082 2831 1357 2887 Chrlstum
1403 2832 1468 2884 ad
1521 2846 1672 2901 reges
1702 2841 1755 2884 et
1795 2831 2050 2900 praesides
2080 2829 2251 2883 addu-

697 2928 868 2992 citur;
898 2925 1148 2981 convenit
1169 2925 1294 2978 item
1318 2925 1384 2977 iis
1408 2923 1499 2992 qui
1530 2940 1590 2978 os
1612 2923 1859 2992 aperiunt
1882 2923 1932 2975 in
1962 2931 2252 2991 conspectu

695 3026 1008 3074 sanctorum
1032 3016 1215 3070 animo
1235 3015 1382 3086 regio
1412 3014 1778 3083 przeditorum.
1811 3011 2080 3067 Dedecore
2103 3026 2253 3065 nam-

695 3126 804 3182 que
854 3110 1050 3181 dignus
1096 3109 1189 3178 qui
1239 3107 1460 3160 verbum
1509 3105 1778 3173 accipiens
1812 3119 1841 3157 a
1873 3103 2002 3169 Deo,
2031 3117 2139 3156 non
2187 3117 2252 3156 eo

2363 2005 2453 2058 τὸν
2495 2007 2647 2075 λόγον
2689 2008 2788 2077 τῆς
2840 2008 3094 2079 ἀληθείας
3124 2012 3187 2062 ὲκ
3237 2010 3330 2063 τοῦ
3386 2012 3651 2081 στόματος
3699 2011 3856 2082 ἡμῶν
3893 2013 3921 2062 ὸ

2360 2098 2510 2152 Θεός.

2430 2191 2535 2244 Kal
2563 2191 2810 2260 φυλάξω
2844 2191 2950 2254 τόν
2999 2193 3186 2260 νόμον
3233 2209 3348 2246 σου
3390 2192 3488 2248 διὰ
3532 2195 3774 2259 παντός.
3821 2193 3920 2248 Φύ-

2358 2280 2474 2344 λαξ,
2507 2283 2690 2351 φησὶν,
2713 2283 2903 2352 ἔσομαι
2930 2282 3022 2336 τοῦ
3062 2283 3226 2354 νόμου
3268 2300 3382 2348 σου,
3422 2286 3482 2338 οὐ
3514 2286 3643 2339 ποτὲ
3673 2287 3773 2356 μὲν
3794 2303 3920 2340 κατ-

2356 2372 2549 2443 ορθῶν,
2594 2373 2723 2425 ποτὲ
2763 2372 2819 2425 δὲ
2861 2373 2943 2425 οὗ·
2976 2373 3110 2427 ἀλλά
3146 2375 3240 2427 καὶ
3281 2376 3340 2427 ὲν
3363 2379 3429 2446 τῇ
3489 2377 3733 2448 παρούσῃ
3786 2379 3915 2450 ζωῇ,

2357 2465 2505 2535 φησὶ,
2540 2465 2633 2517 καὶ
2663 2466 2718 2516 ὲν
2756 2467 2821 2534 τῇ
2856 2464 3121 2538 μελλούσῃ
3148 2465 3334 2519 τοῦτον
3362 2467 3708 2538 κατορθώσω.

2422 2556 2529 2608 Kal
2573 2555 2835 2610 ἐλάλουν
2855 2556 2924 2608 ἐν
2955 2555 3078 2622 τοῖς
3128 2559 3472 2626 μαρτυρίοις
3496 2573 3612 2613 σου
3641 2560 3919 2614 ἐναντίον

2350 2650 2677 2713 βασιλέων.
2730 2652 2977 2716 Τοιοῦτος
3029 2653 3248 2721 γέγονεν
3280 2655 3308 2706 ὁ
3347 2653 3578 2717 Παῦλος,
3628 2652 3868 2717 τοιοῦτος
3893 2657 3919 2707 ὁ

2359 2743 2583 2814 Πέτρος,
2619 2744 2855 2809 τοιοῦτος
2896 2745 3002 2797 τῶν
3031 2745 3340 2798 ἀποστόλων
3392 2747 3420 2798 ὁ
3477 2746 3635 2817 χορὸς
3683 2747 3780 2798 καὶ
3814 2746 3918 2799 τῶν

2361 2834 2668 2906 μαρτύρων.
2738 2835 2990 2906 Ἀρμόσει
3051 2835 3207 2889 τοῦτο
3250 2836 3327 2906 τῷ
3387 2837 3621 2906 μάρτυρι
3698 2835 3778 2906 τῷ
3828 2837 3918 2888 ἐπὶ

2356 2925 2626 2995 ἡγεμόνας
2649 2926 2740 2980 καὶ
2773 2926 3009 2995 βασιλεῖς
3035 2927 3286 2998 ἀγομένῳ
3334 2927 3421 2980 διὰ
3467 2927 3720 2997 Χριστόν·
3759 2928 3919 2998 ἁρμό-

2356 3032 2433 3067 σει
2457 3018 2549 3069 καὶ
2575 3019 2684 3079 τοῖς
2711 3016 2981 3086 ἀνοίγουσι
3039 3018 3098 3069 τὸ
3152 3018 3325 3087 στόμα
3375 3019 3465 3072 ἐπὶ
3491 3019 3598 3073 τῶν
3628 3020 3918 3089 βασιλικῶν

2353 3109 2450 3172 τάς
2479 3108 2656 3178 ψυχὰς
2686 3110 2874 3178 ἁγίων.
2915 3109 3183 3183 Αίσχύνης
3211 3111 3320 3182 γὰρ
3349 3111 3494 3176 ἄξιος
3517 3115 3546 3166 ό
3581 3113 3654 3185 μὴ
3694 3115 3831 3186 πρὸς
3857 3115 3917 3167 τὸ

695 3206 868 3262 utitur
892 3205 956 3259 ad
994 3201 1336 3273 Evangelium
1372 3197 1804 3253 annuntiandum
1828 3197 2026 3251 virtute
2061 3194 2250 3250 multa.

2356 3199 2796 3270 εὐαγγελίζεσθαι
2826 3201 3050 3272 δυνάμει
3081 3203 3245 3273 πολλῇ
3271 3201 3418 3274 ῥῆμα
3450 3203 3629 3257 λαϐὼν
3665 3207 3730 3258 ἐκ
3757 3206 3910 3259 Θεοῦ·

696 3297 873 3354 Proba
907 3311 1141 3365 namque
1168 3294 1275 3349 vita
1313 3294 1559 3349 tiduciam
1586 3292 1744 3362 parit.

775 3390 866 3447 47.
889 3388 954 3444 Et
978 3388 1269 3444 meditabar
1289 3390 1342 3441 iu
1362 3387 1620 3440 mandatis
1639 3386 1744 3437 tuis
1767 3399 1882 3454 qua!
1905 3382 2068 3436 dilexi
2084 3382 2251 3436 valde.

695 3482 766 3538 Et
800 3483 962 3538 levavi
1005 3498 1190 3535 manus
1237 3497 1377 3533 meas
1403 3480 1470 3532 ad
1514 3477 1764 3530 mandata
1792 3488 1902 3528 tua.
1925 3475 2111 3530 Manus
2167 3475 2254 3529 hic

694 3583 853 3630 vocat
894 3572 1151 3644 operandi
1216 3571 1465 3624 virtutes.
1508 3567 1762 3637 Operatio
1813 3565 1955 3620 enim
2003 3574 2086 3619 est
2131 3563 2254 3620 ﬁnis

695 3665 1064 3722 meditationis
1089 3662 1486 3717 mandatorum.
1509 3658 1642 3713 Nam
1677 3667 1798 3728 post
1827 3657 2251 3725 assumptionem

698 3757 858 3813 Verbi
889 3756 1287 3816 mandatorum,
1319 3767 1493 3822 operae
1541 3750 1771 3820 pretium
1808 3757 1890 3804 est
1933 3763 2125 3802 manus
2161 3762 2252 3800 ex-

695 3848 915 3904 tendere
948 3847 1015 3902 hd
1047 3847 1424 3901 mandatorum
1470 3843 1874 3912 operationem;
1902 3856 2010 3895 non
2052 3855 2119 3894 ex
2159 3839 2253 3893 tri-

695 3940 842 3995 stitia
867 3948 960 3993 aut
992 3953 1057 3993 ex
1088 3938 1430 4000 necessitate,
1455 3934 1549 3989 sed
1577 3949 1643 3989 ex
1690 3933 1901 3987 aﬂ‘ectu.
1939 3936 2016 3987 Ac
2065 3942 2250 4002 postea

695 4032 1004 4104 frequenter
1032 4045 1193 4100 super
1208 4029 1276 4084 iis
1300 4027 1565 4093 meditari,
1587 4042 1651 4082 ac
1670 4028 1736 4083 de
1758 4028 1825 4083 iis
1844 4028 1991 4096 loqui
2013 4035 2247 4097 oportet.

763 4188 849 4244 49.
877 4186 1078 4242 Memor
1112 4197 1216 4240 esto
1251 4187 1388 4240 verbi
1439 4187 1515 4238 tui
1545 4200 1688 4238 servo
1724 4195 1831 4238 tuo.
1865 4183 1930 4237 Et
1969 4183 2248 4254 cujusnam

692 4280 841 4335 verbi
874 4293 1166 4334 memorem
1212 4293 1333 4333 esse
1376 4285 1566 4348 rogat,
1597 4277 1724 4341 nisi,
1758 4285 1817 4330 ut
1863 4275 1933 4329 sit
1971 4291 2094 4329 cum
2145 4275 2250 4329 illis

688 4370 843 4439 juxta
881 4369 1296 4440 promissionem
1341 4384 1519 4433 suam,
1560 4382 1681 4437 qua:
1736 4366 2036 4421 consolatio
2081 4367 2249 4436 ipsius

693 4461 793 4516 fuit
818 4462 870 4516 in
905 4462 1405 4531 persecutionibus‘!

772 4644 859 4699 50.
897 4643 1022 4696 liceo
1057 4659 1135 4695 me
1157 4643 1424 4696 consolata
1452 4653 1525 4696 est
1568 4644 1621 4695 in
1655 4642 1948 4696 humilitate
1983 4658 2114 4696 mea.
2149 4641 2247 4696 Se-

690 4735 965 4805 ptuaginta
995 4752 1006 4786 :
1037 4733 1347 4787 Reviviscere
1385 4734 1544 4800 {acies
1571 4749 1668 4786 me.
1696 4731 1817 4786 Haec
1845 4747 1968 4801 spes
1999 4748 2089 4801 per
2129 4748 2248 4786 ver-

692 4827 816 4881 bum
850 4835 998 4889 tu_um
1033 4825 1211 4879 oblata
1243 4825 1394 4887 mihi,
1427 4825 1702 4879 consolata
1732 4833 1815 4879 est
1846 4840 1950 4890 me,
1978 4835 2030 4879 et
2053 4826 2246 4880 solatio

692 4920 821 4973 mihi
853 4919 969 4972 fuit.
994 4917 1127 4971 Nam
1159 4919 1200 4972 si
1228 4918 1446 4988 quando
1478 4933 1656 4982 casus,
1682 4927 1775 4972 aut
1810 4919 2129 4988 periculum,
2155 4927 2248 4971 aut

691 5009 881 5062 mortis
898 5008 1250 5077 exspectatio,
1274 5009 1452 5078 gravis
1473 5009 1717 5071 morbus,
1738 5018 1832 5062 aut
1848 5025 2011 5078 opum
2034 5009 2242 5078 jactura

690 5107 782 5153 aut
811 5099 1112 5168 persecutio
1140 5099 1406 5167 quaelibet,
1435 5108 1528 5153 aut
1552 5100 1778 5153 aliorum
1804 5099 2100 5169 quidpiam,
2125 5115 2244 5169 quae

689 5192 846 5261 vulgo
878 5191 1058 5256 gravia
1083 5190 1483 5256 existimantur,
1514 5191 1693 5246 evenit
1715 5192 1869 5257 mihi,
1895 5207 2016 5260 spes
2044 5208 2170 5263 erga
2195 5202 2244 5247 te

692 5297 809 5335 mea
858 5282 1214 5337 consolationi
1253 5283 1385 5336 mihi
1437 5293 1572 5339 erat.
1601 5286 1740 5352 Quia
1784 5286 2047 5356 eloquium
2097 5296 2243 5340 tuum

690 5375 964 5440 riviﬁcavit
995 5391 1091 5428 me.
1119 5373 1264 5429 Nihil
1286 5391 1436 5445 atque
1461 5378 1697 5431 animam
1721 5379 2036 5433 rationalem
2065 5381 2242 5435 vivere

690 5462 837 5526 facit,
868 5465 974 5518 vita
1008 5466 1205 5520 scilicet
1241 5468 1340 5536 ipsi
1372 5469 1608 5536 propria,
1633 5479 1794 5538 atque
1825 5469 2098 5539 eloquium
2123 5469 2236 5523 Dei.

688 5553 820 5609 Nam
853 5557 979 5611 dum
1024 5567 1246 5627 augetur
1289 5560 1563 5630 eloquium
1591 5559 1704 5624 Dei,
1737 5563 1849 5616 sive
1897 5574 2237 5631 conceptum,

690 5647 804 5701 sive
844 5649 1288 5718 comprehensum
1341 5651 1395 5704 in
1452 5651 1687 5706 hominis
1732 5653 1947 5717 anima,
1977 5661 2240 5723 ,tantum-

691 5737 810 5791 dem
834 5751 1094 5811 augentur
1138 5758 1256 5811 quae
1281 5742 1440 5796 vitam
1474 5753 1734 5813 spectant.
1768 5743 1859 5800 Illa
1884 5757 2061 5804 autem
2095 5756 2241 5813 sunt,

763 5853 874 5925 (47)
901 5855 1048 5912 Alius
1072 5857 1236 5914 codex
1261 5856 1373 5912 haec
1398 5855 1630 5915 Eusebio
1659 5859 1866 5916 tribuit.

2356 3295 2388 3364 ὴ
2415 3294 2523 3364 γὰρ
2556 3293 2775 3363 ἔννομος
2811 3293 2922 3364 ζωὴ
2953 3295 3262 3365 παρρησίας
3283 3296 3630 3366 δημιουργός.

2423 3385 2531 3439 Kal
2559 3384 2846 3453 ἐμελέτων
2876 3386 2944 3438 ἐν
2989 3385 3115 3452 ταῖς
3152 3386 3428 3452 ἐντολαῖς
3454 3402 3592 3448 σου,
3651 3382 3750 3453 αἶς
3771 3387 3915 3455 ἠτά-

2354 3489 2521 3543 πησα
2549 3476 2800 3545 σφόδρα.
2845 3477 2952 3530 Kal
2979 3473 3091 3547 ἦρα
3117 3476 3221 3542 τὰς
3251 3476 3452 3545 χεῖράς
3483 3495 3602 3545 μου
3638 3479 3789 3546 πρὸς
3814 3483 3919 3544 τὰς

2351 3567 2603 3633 ἐντολάς
2630 3583 2763 3621 σου.
2793 3569 2990 3638 Χεῖρας
3041 3567 3270 3620 ἐνταῦθα
3296 3566 3394 3631 τάς
3427 3567 3737 3637 πρακτικὰς
3765 3569 3919 3639 ἔνερ-

2353 3657 2502 3724 γείας
2553 3654 2690 3711 εἷναί
2730 3675 2909 3729 φησιν.
2954 3661 3016 3712 Ἦ
3064 3660 3172 3730 γὰρ
3224 3661 3423 3732 πρᾶξις
3471 3659 3620 3723 τέλος
3689 3661 3920 3732 μελέτης

2352 3748 2500 3802 ἐστὶν
2524 3748 2769 3802 ἐντολῶν·
2806 3749 2940 3820 μετά
2966 3750 3073 3821 γάρ
3115 3751 3376 3820 ἀνάληψιν
3405 3749 3498 3803 τοῦ
3539 3749 3649 3803 τῶν
3690 3751 3921 3804 ἐντολῶν

2352 3839 2527 3907 Λόγου
2553 3839 2712 3892 καλὸν
2735 3840 2795 3892 τὸ
2826 3842 3023 3913 ἐπᾶραι
3045 3841 3143 3904 τάς
3196 3845 3383 3913 χεῖρας
3413 3842 3505 3913 ἐπὶ
3541 3840 3640 3904 τὰς
3682 3842 3794 3894 τῶν
3835 3842 3924 3894 ὲν-

2351 3930 2519 3982 τολῶν
2559 3930 2803 4001 πράξεις’
2847 3933 2920 4003 μὴ
2965 3934 3028 3985 ἐκ
3072 3932 3245 4003 λύπης
3286 3933 3318 4003 ἢ
3356 3931 3416 3997 ἐξ
3467 3933 3732 4003 ἀνάγκης,
3779 3933 3925 3987 ἀλλά

2351 4022 2443 4076 καὶ
2475 4022 2783 4086 διαθέσεως·
2813 4023 2905 4075 καὶ
2929 4023 3067 4093 μετά
3093 4023 3262 4077 ταῦτα
3317 4025 3552 4095 συνεχῶς
3581 4026 3711 4096 περὶ
3738 4025 3924 4079 αὐτῶν

2350 4112 2651 4183 ἀδολεσχεῖν
2672 4129 2729 4165 τε
2760 4114 2852 4166 καὶ
2882 4113 3241 4181 διαλέγεσθαι.

2421 4202 2731 4270 Μνήσθητι
2763 4204 2870 4258 τὸν
2901 4205 3084 4272 λόγον
3124 4218 3239 4258 σου
3268 4203 3350 4269 τῷ
3386 4204 3583 4269 δούλῳ
3609 4220 3749 4260 σου.
3809 4207 3924 4260 Καὶ

2350 4296 2546 4356 ποῖοςὸ
2571 4293 2724 4360 λόγος
2775 4288 2835 4348 οὗ
2873 4293 3172 4364 μνησθῆναι
3219 4294 3380 4347 αὑτὸν
3410 4294 3566 4359 ἀξιοῖ,
3612 4295 3644 4365 ἢ
3689 4296 3751 4349 τὸ
3777 4291 3923 4350 εἶναι

2352 4383 2467 4450 μετ’
2513 4381 2711 4444 αὐτῶν,
2760 4382 2880 4435 καθ’
2922 4384 2988 4454 ἣν
3033 4383 3261 4437 δέδωκεν
3318 4387 3498 4450 αὐτοῖς
3549 4386 3921 4455 ἐπαγγελίαν,

2348 4474 2467 4542 ἥτις
2512 4474 2605 4526 καὶ
2658 4475 2999 4545 παράκλησις
3041 4479 3222 4541 αὐτοῖς
3271 4479 3328 4531 ὲν
3373 4480 3482 4541 τοῖς
3508 4478 3767 4549 διωγμοῖς
3802 4481 3923 4548 ὲγί-

2277 4572 2320 4628 D
2349 4583 2464 4618 νετο
2480 4583 2505 4629 ;.

2419 4657 2578 4725 Αὕτη
2607 4675 2682 4727 με
2714 4659 3122 4725 παρεκάλεσεν
3166 4661 3235 4714 ὲν
3264 4659 3337 4729 τῇ
3387 4662 3736 4716 ταπεινώσει
3770 4679 3920 4731 μου.

2347 4750 2410 4800 Ol
2440 4748 2820 4820 ἐϐδομήκονταο
2875 4751 3238 4817 ἀναζὶικῦσεις
3263 4769 3360 4821 με.
3397 4753 3543 4822 Αὕτη
3563 4769 3644 4816 τις
3669 4756 3703 4822 ἠ
3735 4753 3921 4818 ἐλπὶς.

2346 4841 2666 4912 ἐγγινομένη
2707 4860 2795 4912 μοι
2817 4845 2922 4896 ἀπὸ
2948 4844 3039 4896 τοῦ
3068 4843 3159 4896 σοῦ
3204 4844 3385 4913 λόγου,
3427 4845 3777 4915 παρεκάλεσέ
3827 4865 3923 4917 με,

2347 4935 2440 4986 καὶ
2479 4934 2898 5005 παρεμυθήσατό
2952 4955 3037 5005 με,
3089 4938 3168 4998 είς
3195 4935 3257 4988 τό
3280 4954 3291 4965 ·
3324 4939 3377 4991 εἴ
3406 4954 3532 4988 ποτε
3562 4937 3925 5008 περιστάσεις

2347 5024 2683 5093 ἢκίνδυνος,
2745 5028 2777 5099 ἢ
2837 5028 3063 5081 θανάτου
3119 5029 3336 5099 δοκιμὴ,
3383 5027 3536 5090 νόσος
3594 5028 3836 5099 χαλεπὴ,
3888 5030 3921 5098 ἢ

2347 5116 2586 5170 ἀπώλεια
2645 5117 2751 5171 τῶν
2807 5119 3174 5191 ὑπαρχόντων,
3205 5121 3237 5190 ἢ
3288 5118 3606 5188 διωγμοῦ,ἣ
3640 5119 3693 5171 εῐ
3737 5136 3795 5171 τι
3828 5120 3926 5190 δὴ-

2346 5227 2473 5262 ποτε
2501 5210 2606 5263 τῶν
2631 5211 2997 5282 νομιζομένων
3023 5212 3271 5283 χαλεπῶν
3312 5209 3688 5281 κατελάμὸανέ
3742 5228 3842 5279 με,
3891 5215 3926 5281 ἡ

2346 5302 2438 5353 ἐπὶ
2463 5301 2520 5353 σὲ
2548 5301 2701 5365 ἐλπὶς
2737 5304 3071 5375 παράκλησίς
3127 5322 3225 5375 μου
3283 5298 3370 5374 ἦν.
3410 5303 3538 5355 Ὀτι
3595 5300 3659 5353 τὸ
3701 5302 3930 5370 λόγιόν

2345 5408 2458 5444 σου
2485 5392 2660 5459 ἒζὴσέ
2681 5411 2776 5462 με.
2809 5395 2971 5450 Οὐδὲν
3003 5395 3128 5448 ἄλλο
3158 5395 3296 5447 ποιεῖ
3345 5393 3441 5464 ζῇν
3479 5391 3701 5462 λογικὴν
3731 5391 3928 5460 ψυχὴν

2345 5481 2442 5552 τὴν
2467 5484 2660 5553 ὲαυτῆς
2702 5485 2844 5556 ζωὴν
2874 5487 2948 5549 ὡς
2974 5485 3035 5538 τό
3065 5486 3239 5553 λόγιον
3266 5483 3359 5537 τοῦ
3382 5482 3534 5536 Θεοῦ.
3568 5481 3704 5534 Καθ’
3732 5482 3762 5533 ὃ
3801 5480 3927 5550 δίάρ

2348 5572 2501 5637 αὔξει
2525 5574 2585 5626 τὸ
2631 5575 2805 5644 λόγιον
2834 5577 2925 5630 τοῦ
2953 5578 3109 5640 Θεοῦ,
3165 5579 3257 5631 καὶ
3285 5575 3567 5646 νοούμενον
3601 5574 3695 5625 καὶ
3741 5590 3925 5644 παρα-

2347 5663 2747 5736 λαμϐανόμενον
2795 5670 2872 5730 είς
2913 5668 3009 5740 τὴν
3055 5669 3147 5722 τοῦ
3195 5667 3477 5739 ἀνθρώπου
3531 5665 3732 5736 ψυχὴν,
3771 5666 3925 5719 κατὰ

2350 5755 2504 5808 τοῦτο
2531 5757 2750 5822 αὒξεται
2798 5760 2892 5814 καὶ
2941 5762 3008 5814 τά
3034 5764 3130 5832 τῆς
3189 5759 3349 5830 ζωῆς.
3403 5758 3585 5814 Ταῦτα
3615 5756 3674 5811 δέ
3710 5758 3834 5813 ἔστι
3860 5757 3923 5810 τδ
