4070 6444
159 386 266 438 489

1254 373 1612 429 EXPOSITIO
1652 373 1717 426 IN
1764 373 2090 426 PSALMUM
2133 370 2366 426 CXVIII.

3301 365 3402 417 £99

161 496 259 548 σὺν
279 495 445 563 ἀρετῇ
473 490 572 561 ζῇν
588 490 816 542 ἐνταῦθα
860 491 993 559 μετὰ
1016 488 1182 540 ταῦτα
1202 487 1256 540 δὲ
1283 488 1376 541 καὶ
1399 487 1496 558 τὴν
1517 488 1731 541 αἰώνιον

1835 504 1954 542 cum
1998 489 2192 542 virtute
2236 491 2287 540 iu
2324 488 2426 540 hac
2456 495 2558 539 vita
2601 500 2790 555 agere;
2830 493 2950 552 post
2980 483 3095 537 haec
3138 491 3318 536 autem
3348 491 3403 536 et

160 586 344 637 δίδωσι
376 581 541 651 ζωήν.

244 673 629 742 Ὑπερήφανοι
663 674 1050 741 παρηνόμουν
1075 671 1185 736 ἕως
1220 672 1477 740 σφόδρα,
1509 671 1628 724 ἀπὸ
1669 670 1738 724 δὲ

160 765 266 818 τοῦ
303 766 489 833 νόμου
521 780 638 818 σου
679 767 789 817 οὐκ
829 765 1127 828 ἐξέκλινα.
1170 764 1257 816 Ἐν
1289 763 1434 832 αὐτῷ
1466 763 1572 832 γὰρ
1606 763 1736 814 ἐπο-

160 857 451 927 λιτευόμην
485 857 666 928 τηρῶν
692 857 750 908 τὸ
775 856 1103 926 ἡγεμονικόν
1135 874 1258 926 μου,
1293 857 1379 909 ἵνα
1407 855 1481 926 μὴ
1515 855 1738 924 γένηται

162 952 316 1022 ῥῆμα
348 950 588 1023 κρυπτὸν
613 951 670 1002 ὲν
695 952 762 1020 τῇ
793 949 986 1020 καρδία
1017 966 1118 1019 μου
1154 948 1437 1019 ἀνὸμιμον,
1484 947 1736 1000 Ἑκείνων

157 1044 269 1115 γὰρ
317 1043 438 1096 λίαν
487 1041 977 1114 παρανομούντων,
1010 1041 1130 1093 οὑδὲ
1177 1041 1318 1093 κατὰ
1375 1039 1571 1111 μικρὸν
1627 1038 1738 1107 ἐγὼ

155 1135 250 1188 τὸν
277 1134 441 1204 νόμον
474 1150 566 1186 σου
594 1133 941 1203 παρέϐαινον.

231 1224 574 1295 Ἐμνήσθην
585 1224 701 1276 τῶν
717 1221 1012 1292 χριμάτων
1025 1237 1140 1276 σου
1161 1235 1246 1275 αυτ
1285 1219 1519 1285 αἰῶνος,
1539 1221 1732 1289 Κύριε.

157 1317 259 1370 καὶ
273 1314 679 1383 παρεκλήθην.
700 1316 781 1368 Ms
791 1332 894 1385 μνη
904 1314 1061 1383 μένος
1076 1313 1184 1383 γὰρ
1199 1311 1305 1364 τῶν
1326 1311 1418 1364 ἀπ’
1435 1311 1626 1372 αἰῶνος
1643 1309 1736 1362 καὶ

155 1411 260 1470 ἕως
293 1407 490 1470 αίῶνος
530 1404 1016 1474 ἀποδυθησομένων
1059 1404 1301 1472 ἑκάστῳ,
1336 1400 1734 1471 παρακαλεῖται

155 1502 253 1554 καὶ
304 1499 507 1562 ἄλυπος
554 1500 581 1551 ό
619 1497 824 1560 δίκαιος
864 1495 1015 1566 μένει
1064 1495 1271 1563 λέγων·
1321 1496 1442 1546 Οὐκ
1490 1491 1628 1556 ἀξια
1666 1489 1736 1542 τὰ

157 1592 479 1661 παθήματα
507 1589 610 1643 νοῦ
637 1589 754 1643 νῦν
784 1587 991 1656 καιροῦ
1034 1587 1182 1654 πρὸς
1223 1584 1339 1654 τὴν
1380 1583 1736 1653 μέλλουσαν

153 1684 352 1749 δόξαν
378 1682 875 1752 ἀποκαλυφθῆναι
897 1685 985 1746 είς
1014 1680 1188 1750 ἡμᾶς.
1213 1676 1312 1733 Ὧν
1342 1680 1603 1749 ἐποίησας
1630 1677 1734 1730 πά-

155 1776 248 1830 λαι
280 1779 396 1839 τοῖς
428 1775 670 1828 ἀδικοῦσι
713 1775 804 1827 τὸν
839 1773 1072 1845 Ἰσραὴλ,
1108 1771 1487 1844 μνημονεύσας
1529 1768 1734 1840 κριμά-

152 1884 288 1929 των,
317 1866 699 1936 παρεκλήθηνο
727 1863 902 1927 εἰδὼς,
937 1865 1011 1927 ῶς

153 1958 320 2027 τμοῖς
349 1955 903 2025 ὲγκαταληφθήσομαι
927 1993 941 2015 ,
972 1953 1065 2004 καὶ
1099 1953 1174 2015 ὼς
1218 1951 1396 2004 πάντα
1427 1950 1566 2004 κατὰ
1601 1949 1733 2002 Θεοῦ

153 2049 343 2118 κρίσιν
373 2048 485 2108 τοῖς
508 2045 812 2130 ἀνθρώποις
842 2043 1149 2112 συμϐαίνει.

241 2233 479 2302 Ἀθυμία
503 2231 758 2298 κατέσχε
779 2246 854 2298 με
883 2228 1000 2282 ἀπὸ
1029 2226 1391 2297 ἁμαρτωλῶν
1427 2224 1542 2278 τῶν
1563 2225 1736 2292 ἐγκα-

152 2327 652 2393 ταιιμπανόντων
687 2324 793 2375 τὸν
817 2322 1006 2388 νόμον
1025 2337 1160 2373 σου.
1199 2319 1322 2372 Ἐπὶ
1347 2320 1451 2370 τῶν
1479 2319 1735 2386 ἀμαρτω-

153 2418 286 2481 λῶν,
322 2419 368 2470 οἱ
402 2417 499 2487 μὲν
529 2416 745 2486 ἀνόμως
777 2413 1169 2482 ἁμαρτάνουσι,
1209 2410 1285 2479 τῷ
1332 2410 1466 2478 μηδὲ
1507 2409 1603 2476 τὴν
1639 2409 1736 2477 ἀρ-

151 2507 258 2576 χὴν
306 2507 662 2578 πιρασθῆναι
710 2505 919 2572 νόμων·
957 2504 1003 2553 οί
1050 2502 1105 2552 δὲ
1145 2503 1200 2551 ὲν
1239 2501 1407 2569 νόμῳ,
1438 2500 1514 2568 τῷ
1555 2515 1732 2568 παρα-

151 2599 364 2654 ϐαίνειν
418 2597 598 2649 αὐτόν.
646 2596 752 2648 Καὶ
792 2595 915 2663 μετ’
958 2592 1158 2660 ὀλίγα·
1196 2592 1260 2644 Εἰ
1293 2608 1345 2642 τι
1377 2590 1484 2661 γὰρ
1536 2590 1733 2658 πάσχει

151 2690 215 2743 ἰν
247 2691 429 2762 μέλος,
461 2689 770 2759 συμπάσχει
799 2686 974 2741 πάντα
1005 2684 1072 2736 τὰ
1113 2685 1247 2754 μέλη
1273 2700 1286 2712 ·
1323 2684 1416 2735 καὶ
1446 2683 1539 2735 ἐὰν
1572 2680 1730 2747 δοξά-

152 2784 320 2853 ζηται
350 2781 408 2835 ἓν
446 2781 626 2852 μέλος,
662 2778 943 2848 συγχαίρει
982 2777 1160 2830 πάντα
1192 2776 1261 2828 τα
1297 2775 1454 2845 μέλη.
1493 2773 1602 2827 Καὶ
1642 2773 1734 2826 ἐπὶ

149 2875 271 2935 τοῖς
301 2871 546 2939 ἀδελφοῖς
574 2864 666 2922 οὖν
696 2865 850 2937 ἡμῶν
877 2867 989 2926 τοῖς
1022 2863 1413 2932 ἁμαρτάνουσι,
1449 2860 1733 2914 λυπεῖσθαι

153 2964 414 3034 καθήκει,
443 2965 526 3016 ὅτι
556 2957 784 3013 τοιοῦτοί
817 2959 942 3017 εἰσι,
971 2955 1063 3008 καὶ
1095 2954 1234 3007 οὓτω
1263 2952 1564 3006 διακεῖσθαι
1593 2949 1734 3005 κατά

151 3060 250 3112 τὸν
285 3058 439 3127 ἅγιον
468 3055 676 3109 τοῦτον.

239 3147 447 3209 Ψαλτὰ
474 3145 636 3217 ἦσάν
665 3163 768 3214 μοι
802 3143 874 3197 τὰ
910 3140 1266 3209 δικαιώματὰ
1309 3157 1424 3194 σου
1467 3140 1540 3192 ἐν
1573 3139 1734 3203 τόπῳ

152 3240 474 3308 παροικίας
498 3255 637 3307 μου.
675 3237 851 3290 Τόπον
899 3233 1186 3305 παροικίας
1216 3232 1307 3283 τὸν
1345 3231 1586 3301 παρόντα
1618 3229 1732 3298 βίον

155 3331 333 3402 φησί’
383 3331 525 3382 κατὰ
573 3328 660 3381 τό·
720 3325 980 3390 Εὶδότες,
1016 3321 1104 3375 ὅτι
1145 3319 1306 3384 ξένοι
1341 3318 1440 3371 καὶ
1486 3317 1732 3387 παρεπι-

153 3423 335 3490 δημοι
369 3420 533 3489 ἦσαν
559 3418 656 3472 ἐπὶ
686 3415 796 3485 τῆς
833 3412 963 3484 τῆς.
1013 3413 1100 3465 Ἐν
1129 3404 1172 3479 ᾧ
1194 3408 1480 3480 εὐρύθμως
1502 3409 1732 3478 εὐφραι-

150 3512 331 3581 νόμην
358 3511 531 3578 λέγων
558 3507 626 3561 τὰ
644 3504 987 3575 δικαιώματὰ
1013 3519 1106 3556 σου
1130 3519 1144 3534 ’
1174 3501 1331 3555 τοῦτο
1364 3501 1462 3572 μὲν
1489 3500 1730 3572 θεωρῶν,

151 3603 319 3656 τοῦτο
344 3602 402 3654 δὲ
436 3600 688 3672 πράττων
713 3596 870 3650 αὑτά.

229 3689 666 3760 Διελοτισὰμην
702 3688 810 3753 τὰς
851 3685 1032 3752 ὁδούς
1066 3700 1207 3747 σου.
1252 3683 1343 3737 καὶ
1392 3679 1735 3749 ἐπέστρεψα

152 3785 304 3852 τοὺς
346 3762 537 3849 πόδας
582 3799 702 3852 μου
746 3783 833 3846 εὶς
881 3778 953 3832 τὰ
994 3773 1284 3848 μαρτύριά
1333 3790 1469 3829 σου.
1519 3773 1732 3845 Ἐπειδὴ

154 3880 344 3933 πᾶσαν
379 3876 478 3946 τὴν
505 3873 730 3944 γνώμην
757 3873 837 3934 είς
867 3869 966 3934 τὰς
996 3869 1124 3934 σὰς,
1148 3869 1310 3938 φησὶν
1329 3905 1345 3931 ,
1381 3865 1622 3936 ἀνέθηκα
1652 3867 1735 3918 ἐν·

151 3971 344 4034 στολὰς,
371 3969 561 4022 τούτου
595 3967 753 4036 χάριν
787 3963 895 4016 τῶν
943 3961 1258 4032 μαρτυρίων
1297 3958 1597 4028 ἐπορεύθην
1638 3957 1734 4026 τὴν

152 4063 304 4117 ὁδόν.

244 4151 646 4221 Ἠτοιμάσθην
676 4148 775 4203 καὶ
805 4149 917 4202 οὐκ
957 4144 1312 4213 ἐταράχθην.
1347 4139 1518 4206 Εἰδὼς
1559 4141 1618 4194 τὸ
1653 4142 1731 4192 εξ-

157 4244 403 4319 ρημένον
423 4259 440 4274 °
483 4239 722 4303 Τέκνον,
745 4241 796 4293 εί
833 4234 1139 4305 προσέρχῃ
1165 4233 1479 4289 δουλεύειν
1503 4229 1586 4296 τῷ
1615 4233 1734 4284 Κυ-

145 4339 287 4409 ρίῳ,
328 4335 651 4405 ἐτοίμασον
688 4332 804 4399 τὴν
838 4326 1047 4398 ψυχήν
1087 4339 1202 4380 σου
1243 4327 1330 4390 εὶς
1363 4325 1693 4393 πεφασμόν
1715 4337 1729 4350 ⁸

154 4431 259 4484 καὶ
296 4427 454 4481 τοῦτο
498 4423 737 4495 μελετῶν
785 4420 1076 4482 διαπαντὸς
1126 4419 1183 4470 ἐν
1229 4418 1349 4477 ταῖς
1394 4413 1603 4483 ἐφόδοις
1634 4412 1735 4465 οὐκ

153 4517 561 4591 ἐταραττόμην,
596 4515 692 4569 an
740 4508 1126 4584 μεμελετηκὼς
1175 4505 1342 4568 αὐτὰς
1388 4503 1573 4572 φέρειν
1611 4518 1733 4568 γεν-

157 4613 353 4673 ναίως.

234 4703 479 4772 Σχοινέα
517 4696 876 4770 ἁμαρτωλῶν
918 4689 1407 4765 περιεπλάκησὰν
1448 4706 1570 4758 μοι.
1622 4685 1734 4772 καὶ

153 4769 381 4861 τίνα-’ἦν
411 4790 480 4843 τὰ
517 4769 722 4859 σχοινία
748 4828 763 4849 ,
802 4787 835 4858 ἢ
877 4787 923 4838 οί
973 4784 1199 4854 πονηροὶ
1243 4780 1512 4850 λογισμοὶ,
1561 4775 1626 4830 δι’
1659 4769 1734 4828 ὧν

154 4886 261 4956 τῆς
292 4883 432 4935 κατὰ
456 4883 588 4935 Θεὸν
621 4880 860 4942 στάσεως
886 4876 1202 4946 ἐπεχείρουν
1227 4870 1551 4926 καταϐαλεῖν
1576 4884 1591 4933 ;

235 4973 645 5029 Μεσονύκτιον
664 4969 1038 5039 ὲγετειρόμην
1061 4966 1164 5020 τοῦ
1182 4957 1736 5032 ἐξομολογήσασθαι

155 5083 284 5124 σοι.
322 5064 397 5118 Οὐ
430 5063 537 5134 γὰρ
571 5062 688 5134 μεθ’
723 5061 933 5132 ἡμέραν
963 5059 1140 5130 μόνον,
1177 5054 1316 5110 ἀλλὰ
1358 5055 1451 5107 καὶ
1501 5051 1734 5120 νύκτωρ,

159 5161 288 5212 κατ’
330 5157 460 5210 αὐτὸ
490 5155 586 5225 τῆς
640 5153 834 5215 νυκτὸς
890 5151 951 5204 τὸ
1002 5148 1346 5220 μεσαίτατον,
1394 5145 1452 5197 ὲν
1495 5135 1540 5210 ᾧ
1600 5139 1738 5210 μετὰ

158 5248 409 5312 πλείονος
436 5247 630 5317 ἡδονῆς
661 5245 690 5296 ὁ
741 5242 906 5305 ὒπνος
932 5244 1044 5304 τοῖς
1075 5238 1381 5308 ἀνθρώποις
1427 5234 1736 5303 ἐπέρχεται,

159 5339 351 5413 ὑμνῶν
403 5355 462 5392 σε
512 5335 796 5400 διετέλουν,
861 5335 956 5406 καὶ
997 5333 1096 5396 τὰς
1145 5330 1355 5392 δικαίας
1407 5345 1497 5381 σου
1530 5324 1740 5413 ψήφους

157 5412 541 5503 ἀνηυφήμουν.
578 5427 746 5482 Τοῦτο
776 5428 869 5480 καὶ
897 5428 926 5478 ὁ
958 5425 1099 5486 θεῖος
1137 5418 1454 5482 Ἀπόστολος
1485 5415 1622 5486 μετὰ
1644 5412 1738 5465 τοῦ

159 5526 294 5579 Σίλα
324 5521 611 5592 πεποίηκε,
655 5519 750 5574 καὶ
802 5517 894 5570 τὸν
925 5517 1060 5569 πόδα
1092 5515 1252 5567 κάκεῖ
1300 5504 1737 5582 προσδεδεμένος,

161 5615 308 5687 μετὰ
337 5613 518 5678 αἰκίας
547 5611 642 5665 καὶ
673 5611 933 5681 μάστιγος
952 5610 1020 5678 τῇ
1052 5605 1322 5675 προσευχῇ
1346 5600 1443 5669 τὴν
1469 5594 1738 5669 ὑμνῳδίαν

1837 582 2005 635 vitam
2032 580 2259 650 largitur
2287 588 2562 632 mternam.

1899 673 1985 726 5|.
2030 670 2249 740 Superbi
2305 671 2480 738 inique
2525 667 2743 737 agebant
2790 682 3184 735 usquequaque,
3223 681 3256 717 a
3295 663 3406 735 lege

1838 771 2012 814 autem
2038 770 2129 813 tua
2158 777 2258 812 non
2283 757 2560 812 declinavi.
2602 757 2655 810 In
2689 755 2776 809 illa
2805 755 2949 807 enim
2985 756 3148 808 vitam
3177 754 3403 824 agebam

1838 849 2134 901 observans
2155 847 2262 900 vim
2287 846 2483 899 anima:
2504 844 2877 914 principalem,
2898 859 2964 897 ne
2989 845 3140 897 lieret
3167 843 3220 896 in
3242 842 3406 898 corde

1836 955 1959 994 meo
1988 939 2212 993 verbum
2267 937 2644 992 absconditum
2706 934 3066 1006 illegitimum.
3100 933 3208 988 Illis
3261 934 3404 988 enim

1837 1030 2174 1099 iniquissime
2208 1030 2509 1100 agentibus,
2547 1043 2612 1082 ne
2639 1027 2906 1082 tantillum
2937 1026 3156 1096 quidem
3194 1041 3294 1094 ego
3330 1027 3406 1079 le-

1836 1138 1955 1193 gem
1987 1131 2134 1176 tuam
2166 1131 2536 1191 transgressus
2565 1135 2709 1174 sum.

1917 1213 2006 1267 52.
2036 1210 2240 1266 Memor
2285 1213 2364 1280 [ui
2409 1210 2726 1277 iudiciorum
2762 1217 2968 1262 tuorum
3001 1226 3033 1262 a
3055 1207 3269 1272 swculo,
3300 1206 3408 1261 Do-

1836 1304 1994 1364 mine,
2024 1311 2074 1354 et
2109 1301 2411 1354 consolatus
2442 1317 2577 1354 sunt.
2610 1298 2815 1354 Memor
2836 1300 2980 1353 enim
3009 1313 3198 1354 eorum
3233 1312 3405 1367 quam

1835 1395 2034 1449 saeculo
2064 1408 2236 1460 usque
2269 1392 2322 1445 in
2355 1393 2611 1446 saeculum
2639 1391 2866 1461 singulis
2892 1391 3067 1445 danda
3103 1400 3248 1452 sunt,
3275 1405 3406 1443 con-

1836 1482 2153 1536 solutionem
2182 1482 2364 1550 justus
2403 1481 2633 1549 accipit,
2669 1496 2767 1535 nec
2807 1481 2868 1533 in‘
2909 1481 3124 1534 tristitia
3166 1481 3296 1549 agit,
3327 1481 3407 1532 di-

1836 1586 1966 1626 cens
1998 1589 2010 1625 :
2052 1569 2172 1623 Non
2203 1581 2325 1622 sunt
2371 1569 2641 1637 condiguw
2669 1569 2936 1637 passiones
2967 1568 3123 1636 hujus
3159 1569 3405 1635 temporis

1835 1664 1905 1716 ad
1931 1663 2161 1730 futuram
2183 1661 2406 1731 gloriam
2428 1676 2543 1730 qua:
2564 1659 2872 1712 revelabitur
2904 1660 2956 1711 in
2977 1658 3125 1710 nobis
3139 1658 3206 1710 '°.
3232 1657 3404 1726 (Alius

1835 1752 2045 1821 codex.)
2073 1750 2281 1804 Memor
2305 1750 2635 1820 judiciorum
2658 1764 2778 1816 qua:
2794 1749 2921 1801 olim
2953 1748 3121 1803 tulisti
3144 1749 3408 1804 adversus

1044 1863 1162 1915 οὐδὲ
1189 1862 1350 1924 αὐτὸς
1377 1863 1434 1912 ἐν
1466 1863 1576 1920 τοῖς
1602 1859 1728 1911 διω-

1834 1857 1929 1896 cos
1974 1843 2066 1911 qui
2097 1842 2348 1910 injuriam
2384 1842 2617 1894 facerent
2648 1840 2854 1900 lsrucli,
2889 1840 3204 1896 consolatus
3228 1856 3348 1895 sum
3387 1859 3401 1894 :

1838 1948 2039 2003 gnarus
2062 1972 2076 1993 .
2126 1948 2301 2002 neque
2339 1948 2422 1985 me
2457 1932 2507 1983 in
2547 1933 3010 2000 pCI'SCCllllOIIlIJUS
3047 1935 3404 2002 comprehcn-

1835 2025 2070 2079 dendum
2109 2025 2239 2087 lore,
2271 2034 2432 2092 atque
2461 2022 2642 2074 omnia
2667 2024 2964 2078 secundum
2998 2023 3092 2078 Dei
3131 2025 3396 2095 judicium

1838 2115 2151 2169 hominibus
2181 2115 2512 2183 contingere.

1909 2207 2000 2260 55.
2035 2205 2268 2275 Deiectio
2313 2209 2476 2260 tenuit
2519 2224 2597 2260 me
2638 2224 2731 2276 pro
2772 2209 3124 2275 peccatoribus
3178 2207 3404 2262 derelin-

1835 2298 2108 2365 quentibus
2140 2297 2302 2366 legem
2336 2310 2500 2353 luant.
2531 2298 2868 2363 Peccatores,
2916 2300 3007 2353 alii
3051 2299 3256 2370 absque
3291 2300 3405 2369 lege

1835 2399 2059 2456 peccant
2105 2391 2196 2458 qui
2235 2405 2510 2457 nunquam
2562 2391 2706 2457 leges
2757 2390 2842 2444 vel
2886 2391 3152 2444 tantillum
3197 2393 3403 2460 experti

1835 2488 1996 2542 sunt;
2033 2479 2123 2532 alii
2171 2479 2223 2532 in
2262 2479 2376 2547 lege
2422 2489 2643 2548 peccant
2669 2495 2791 2533 cum
2825 2481 3297 2550 transgrediuntur
3336 2480 3404 2532 il-

1836 2567 1964 2623 lam.
1999 2568 2066 2623 Et
2087 2583 2201 2639 post
2232 2586 2440 2640 pauca:
2467 2570 2521 2626 Si
2547 2571 2676 2642 quid
2706 2571 2850 2626 enim
2879 2573 3080 2641 patitur
3098 2573 3402 2625 membrttm

1834 2678 2023 2728 unum,
2056 2680 2162 2718 una
2195 2665 2476 2733 patiuntur
2507 2665 2686 2718 omnia
2737 2666 2998 2718 membra.
3036 2662 3096 2717 Et
3133 2664 3178 2717 si
3221 2663 3406 2716 laude-

1835 2764 1923 2808 tur
1945 2769 2110 2808 unum
2140 2757 2466 2820 membrum,
2492 2755 2831 2824 congaudent
2858 2754 3040 2807 omnia
3074 2754 3312 2808 membra
3337 2753 3403 2807 ".

1834 2842 1938 2897 Par
1965 2854 2048 2898 est
2076 2859 2204 2914 ergo
2234 2845 2299 2898 de
2324 2844 2580 2900 fratribus
2612 2846 2774 2899 etiam
2818 2844 3020 2896 nostris
3055 2844 3148 2911 qui
3179 2852 3408 2912 peccant

1833 2935 2036 2997 dolere.
2065 2936 2192 3005 quia
2230 2937 2436 2991 scilicet
2473 2937 2608 2990 tales
2640 2945 2806 2999 sunt;
2837 2945 2890 2988 et
2921 2935 3036 3004 pari
3080 2934 3244 2988 modo
3274 2935 3406 2988 affe-

1835 3036 1952 3083 ctos
1982 3042 2082 3080 nos
2115 3043 2258 3093 esse,
2284 3044 2395 3095 quo
2427 3037 2648 3082 sanctus
2681 3027 2788 3080 ille.

1905 3112 1992 3165 54.
2014 3112 2318 3166 Cantabiles
2340 3113 2466 3164 nti/ti
2486 3119 2637 3165 erant
2658 3111 3068 3179 justiﬁcationes
3089 3120 3193 3164 tua:
3217 3111 3270 3161 in
3294 3109 3405 3162 loco

1758 3216 1799 3270 (ζ
1831 3203 2265 3272 peregrinationis
2289 3217 2434 3255 mea.
2460 3201 2661 3255 Locum
2687 3201 3143 3270 peregrinationis
3166 3215 3405 3269 praesen-

1831 3301 1938 3346 tem
1985 3294 2149 3347 vitam
2198 3293 2358 3359 dicit;
2396 3293 2549 3362 juxta
2594 3293 2768 3347 illud:
2803 3292 3034 3346 Scientes
3084 3293 3211 3361 quia
3251 3307 3404 3360 pere-

1831 3385 1969 3456 grini
1993 3395 2040 3439 et
2070 3385 2298 3456 hospites
2333 3395 2481 3438 erant
2524 3401 2679 3454 super
2706 3397 2899 3440 terram
2922 3384 2986 3436 ⁵⁸.
3029 3382 3084 3436 In
3133 3398 3243 3452 quo
3290 3397 3408 3437 mo-

1831 3477 2013 3532 dulate
2029 3477 2251 3533 laetabar
2274 3476 2940 3548 narransjustilicationes
2961 3485 3104 3530 tuas.
3130 3474 3256 3530 Sive
3277 3489 3408 3531 eon-

1834 3567 2122 3635 tetnplans,
2147 3569 2261 3620 sive
2286 3582 2520 3635 operaus
2551 3567 2694 3620 illas.

1904 3657 1990 3712 59.
2031 3655 2268 3726 Cogitavi
2307 3657 2418 3710 uias
2469 3667 2608 3723 tuas,
2636 3665 2684 3710 et
2730 3655 2958 3710 converti
2997 3653 3150 3724 pedes
3179 3669 3318 3709 meos
3352 3655 3407 3707 in

1835 3751 2132 3804 testimonia
2191 3759 2300 3802 tua.
2358 3748 2662 3816 Quoniam,
2711 3749 2908 3821 inquit,
2952 3757 3116 3804 totam
3167 3755 3404 3802 mentem

1836 3841 2115 3910 praceptis
2169 3840 2277 3895 tuis
2329 3839 2541 3904 addixi,
2574 3840 2697 3894 ideo
2745 3840 2799 3893 in
2828 3840 2913 3893 via
2962 3838 3400 3893 testimoniorum

1835 3941 2053 3986 tuorum
2087 3931 2311 3987 incessi.

1903 4113 1991 4168 60.
2021 4112 2250 4167 Paratus
2269 4129 2385 4165 sum
2399 4124 2564 4167 etnon
2582 4130 2698 4166 sum
2713 4114 2974 4169 turbatus.
2989 4113 3125 4167 Cum
3149 4113 3315 4168 sciam
3337 4114 3402 4166 il-

1835 4207 1924 4261 Iud
1955 4225 1966 4258 :
2001 4204 2144 4269 Fili,
2177 4207 2224 4258 si
2266 4205 2468 4258 accedis
2516 4203 2584 4257 ad
2631 4207 2959 4258 seruiendum
2989 4205 3237 4273 Domino,
3265 4221 3402 4275 prc-

1834 4314 1968 4365 para
2006 4297 2239 4349 animam
2282 4305 2424 4347 tuam
2453 4281 2523 4348 ad
2569 4295 2904 4348 tentationem
2929 4294 3012 4345 ":
3046 4294 3159 4350 lucc
3191 4309 3406 4364 semper

1837 4391 2129 4452 meditans.
2170 4391 2224 4443 in
2262 4387 2569 4442 incursibus
2609 4387 2954 4441 inimicorqu
2991 4401 3098 4439 non
3130 4400 3249 4440 sum
3293 4393 3406 4439 tur-

1839 4484 2018 4547 batus,
2043 4491 2226 4552 utpote
2253 4479 2600 4534 meditatione
2629 4487 2850 4547 paratus
2882 4478 2948 4532 ad
2989 4493 3051 4532 ea
3088 4476 3301 4532 fortiter
3328 4475 3406 4531 fe-

1764 4568 1812 4624 D
1840 4575 2029 4630 renda.

1911 4668 1997 4722 6L
2027 4664 2203 4719 Fuues
2248 4672 2579 4733 peccatorum
2627 4659 2969 4728 circumplexi
3017 4669 3140 4714 sunt
3196 4678 3294 4717 me.
3342 4662 3407 4718 Et

1841 4761 2061 4832 quinam
2112 4757 2292 4819 funes,
2323 4756 2425 4810 nisi
2461 4755 2615 4808 malae
2663 4753 3052 4823 cogitationes,
3083 4753 3282 4821 quibus
3321 4772 3405 4810 me

1842 4872 1872 4908 a
1897 4854 1988 4906 Dei
2016 4852 2188 4921 gratia
2219 4848 2508 4904 deturbare
2537 4847 2874 4901 conabantur
2897 4845 2919 4896 ?

1912 4944 1999 4998 62.
2048 4941 2226 4996 Media
2272 4949 2420 4996 nocte
2466 4941 2740 5007 surgebam
2779 4936 2846 4989 ad
2885 4936 3236 5004 conﬁtendum
3288 4939 3404 4993 tibi.

1841 5037 1956 5093 Non
1991 5036 2135 5090 enim
2163 5035 2248 5088 die
2277 5031 2631 5094 tantun1,'sed
2665 5031 2826 5084 etiam
2863 5038 3050 5095 noctu,
3084 5037 3140 5084 et
3175 5028 3279 5083 sub
3323 5029 3404 5096 ip-

1841 5145 1961 5186 sum
1988 5126 2162 5181 noctis
2191 5124 2496 5186 dimidium,
2523 5137 2631 5193 quo
2659 5121 2862 5191 majore
2883 5120 3155 5190 voluptate
3179 5135 3404 5174 somnus

1842 5221 2089 5277 homines
2134 5226 2384 5286 occupat,
2428 5215 2640 5284 hymnis
2675 5213 2740 5267 ad
2787 5213 2862 5267 tui
2893 5212 3103 5266 laudem
3143 5213 3403 5266 canendis

1841 5313 2120 5374 vacabam,
2152 5321 2206 5367 et
2230 5312 2365 5380 iusta
2406 5309 2608 5376 judicia
2651 5315 2738 5360 tua
2775 5305 3151 5360 decantabam.
3179 5302 3292 5357 Hoc
3322 5303 3404 5356 di-

1841 5410 2002 5462 vinus
2052 5405 2214 5458 etiam
2253 5401 2547 5472 Apostolus
2578 5415 2700 5454 cum
2746 5399 2856 5453 Sila
2892 5396 3038 5461 fecit,
3070 5406 3122 5451 et
3151 5395 3407 5462 alligatus

1844 5497 1997 5568 pede,
2017 5494 2328 5549 vulneribus
2353 5501 2404 5545 et
2426 5491 2607 5561 ﬂagris
2623 5495 2898 5551 oneratus,
2917 5486 3216 5541 orationem
3245 5485 3405 5555 hym-

1845 5602 2038 5644 norum
2067 5593 2228 5641 cantu
2266 5583 2600 5654 temperavit,
2642 5591 2696 5636 et
2732 5580 3057 5650 Optitnarum
3095 5577 3402 5647 vigiliarum

238 5793 284 5823 “
312 5789 465 5844 Rom.
495 5785 723 5847 vut,18.
801 5784 843 5813 "
878 5781 893 5832 I
923 5781 1050 5835 Cor.
1084 5793 1180 5840 xtl,
1212 5776 1299 5829 26.
1373 5776 1416 5806 ⁸³
1444 5771 1606 5827 Ilebr.
1650 5785 1723 5829 tu,

1834 5813 1835 5817 η
1911 5765 1954 5795 ⁵³
1989 5762 2150 5820 Eccli.
2189 5777 2250 5824 ιι,
2289 5762 2332 5813 I.

493 5883 756 5940 ΡΑτιιοι..
798 5880 913 5938 (in.
959 5874 1224 5936 XXVII.

3009 5852 3082 5907 16
