4070 6456
685 375 780 427 491

1531 370 1587 419 S.
1631 365 1994 420 ATHANASII
2037 365 2185 419 OPP.
2232 364 2410 419 PARS
2451 366 2537 420 Ill.
2575 399 2638 408 -—
2669 366 3082 424 EXEGETICA.

3817 370 3930 426 492

683 497 920 554 fructum
966 493 1198 562 percepit
1220 487 1282 542 ⁵⁴.
1337 488 1538 541 Divina:
1583 505 1815 558 namque
1864 489 2242 543 muniﬁcentia:
2272 494 2302 548 Α

2380 488 2588 558 κέρασε,
2626 489 2717 541 καὶ
2740 489 2835 558 τῆς
2855 487 3021 557 καλῆς
3053 488 3352 558 ἀγρυπνίας
3380 486 3645 556 ἐτρύγησε
3668 485 3764 539 τὸν
3791 504 3934 558 καρ-

688 583 846 638 donis
872 590 1063 636 auctus
1086 589 1186 634 est.

759 671 848 727 65.
911 671 1179 738 Particeps
1237 685 1327 738 ego
1374 684 1488 720 sum
1538 667 1764 718 omnium
1823 664 2110 716 timentium
2179 672 2246 715 te.

690 764 969 819 Perfectus
1016 763 1178 815 homo
1228 762 1493 829 particeps
1525 758 1722 812 Christi
1760 755 1950 820 fuerit,
1978 755 2129 824 juxta
2164 755 2248 807 di-

691 868 839 910 ctum
882 855 1011 908 illud
1041 873 1054 906 :
1085 852 1224 906 Nam
1270 852 1468 905 Christi
1493 851 1773 918 participes
1808 850 1939 915 facti
1983 864 2160 902 sunms
2182 847 2247 900 ".

695 944 791 999 Hic
817 953 995 998 autem
1029 943 1183 1012 quasi
1225 943 1488 1006 initiatus,
1520 957 1577 995 se
1625 941 1928 993 timentium
1964 938 2251 992 Dominum

694 1036 1009 1105 participem
1038 1049 1157 1090 esse
1186 1034 1348 1099 dicit;
1381 1048 1552 1102 neque
1583 1041 1789 1086 tantum
1818 1029 2253 1095 timentium,seil

693 1128 858 1187 etiam
877 1143 1064 1182 eorum
1087 1128 1176 1196 qui
1203 1135 1421 1194 propter
1444 1126 1694 1179 timorem
1724 1123 1816 1177 Dei
1839 1123 1958 1192 ejus
1990 1131 2254 1192 praecepta

697 1230 931 1278 servant.
962 1221 1352 1290 Argumentum
1383 1228 1561 1273 autem
1601 1219 1811 1274 timoris
1840 1217 1932 1272 Dei
1961 1225 2044 1270 est
2072 1217 2257 1268 obser-

697 1312 840 1364 vatio
867 1319 1277 1380 praeceptorum.

771 1400 861 1454 64.
889 1399 1250 1453 Misericordia
1283 1409 1390 1460 tua,
1417 1397 1657 1464 Domine,
1688 1401 1843 1466 plena
1864 1405 1941 1450 est
1971 1405 2129 1448 terra.
2161 1393 2257 1446 Ju-

697 1493 1040 1561 sti/icationes
1095 1501 1210 1544 tuas
1262 1492 1386 1545 doce
1423 1508 1521 1545 me.
1572 1489 1888 1558 Prophetice
1920 1503 2038 1557 qua:
2080 1486 2260 1540 futura

700 1594 826 1639 sunt
849 1584 1120 1647 enuntiat,
1159 1584 1367 1652 plenam
1411 1583 1616 1637 scilicet
1669 1581 1785 1634 fore
1818 1580 2126 1633 universam
2153 1585 2264 1630 ter-

704 1693 818 1732 ram
849 1675 1154 1730 timentium
1201 1673 1510 1728 Dominum.
1544 1672 1607 1726 Et
1655 1673 1777 1735 hoc,
1815 1671 2009 1740 inquit,
2050 1685 2159 1723 non
2198 1683 2262 1720 ex

703 1770 809 1824 alio
832 1784 932 1822 usu
963 1782 1126 1837 quam
1160 1781 1226 1820 ex
1264 1775 1352 1820 tua
1380 1764 1784 1829 misericordia;
1821 1777 1945 1816 nam
1978 1771 2033 1814 tu
2065 1762 2176 1829 ipse
2213 1760 2264 1812 id

705 1859 1127 1915 misericorditer
1172 1856 1327 1923 facis,
1374 1857 1604 1925 teipsum
1658 1856 1794 1910 dans
1827 1853 2137 1908 hominibus
2171 1853 2268 1906 do-
2299 1827 2339 1882 Β

705 1963 933 2006 ctorem.

777 2041 863 2097 65.
898 2041 1195 2097 Bonitatem
1227 2040 1395 2110 fecisti
1436 2057 1551 2093 cum
1585 2056 1728 2093 serra
1756 2051 1865 2104 tuo,
1896 2040 2134 2092 Domine.
2168 2037 2271 2091 Do-

707 2145 859 2190 eetur
885 2134 1199 2203 quidivinis
1238 2134 1467 2202 eloquiis
1505 2134 1750 2187 eruditus
1794 2142 1896 2195 est,
1933 2147 1999 2185 ne
2029 2132 2272 2200 ingratus

709 2228 780 2286 sit
807 2227 859 2281 in
894 2226 1061 2279 Deum
1097 2223 1352 2279 beneficia
1385 2222 1770 2277 conferentem.
1808 2221 2095 2290 Nunquam
2127 2221 2270 2275 enim

711 2335 740 2371 ιι
768 2318 1006 2388 peccatis
1035 2316 1297 2370 liberatus
1337 2315 1547 2376 fuisset,
1582 2323 1636 2367 et
1672 2323 2062 2367 annumeratus
2102 2311 2274 2365 servis

714 2408 830 2474 Dei,
851 2407 956 2461 nisi
985 2407 1164 2460 divina
1189 2405 1434 2476 quedam
1459 2405 1630 2475 gratia
1653 2419 1838 2458 eorum
1873 2404 2002 2471 ipsis
2034 2403 2086 2455 in
2112 2417 2275 2454 causa

715 2497 925 2553 fuisset.

781 2589 868 2643 67.
905 2588 1221 2656 Priusquam
1274 2588 1582 2639 humiliarer
1629 2603 1718 2654 ego
1754 2586 1970 2654 deliqui.
2003 2584 2276 2650 Traditus,

719 2681 913 2749 inquit,
944 2681 1012 2732 oh
1056 2680 1276 2747 pristina
1324 2687 1540 2746 peccata
1593 2693 1732 2742 mea,
1769 2677 2082 2733 humiliatus
2133 2693 2277 2742 sum,

720 2775 822 2827 hoc
865 2787 929 2826 ex
971 2772 1120 2841 justo
1153 2769 1240 2824 Dei
1282 2770 1486 2838 judicio
1529 2784 1742 2838 passus.
1778 2769 2009 2837 Ideoque
2051 2770 2282 2837 castiga-

718 2864 852 2917 tioni
881 2862 1131 2922 traditus,
1165 2877 1297 2931 rogo
1329 2863 1460 2915 mihi
1491 2861 1795 2915 doctrinam
1825 2859 2065 2919 immitti,
2092 2869 2151 2911 ut
2190 2873 2280 2911 co-

719 2969 972 3026 gnoscam
1001 2955 1429 3008 humiliationem
1453 2953 1597 3006 illam
1631 2951 1761 3005 mihi
1791 2967 1884 3021 per
1915 2951 2206 3005 bonitatem
2231 2957 2283 3004 et

720 3050 787 3103 ad
814 3049 1223 3118 castigationem
1251 3047 1518 3102 evenisse.

795 3227 882 3281 68.
912 3225 1088 3280 Bonus
1133 3242 1183 3278 es
1222 3235 1296 3287 tu,
1340 3223 1573 3280 Domine.
1618 3224 1719 3290 Qui
1753 3226 1932 3293 justus
1964 3235 2045 3278 est
2077 3225 2128 3276 in
2159 3241 2277 3278 om-

722 3319 909 3382 nibus,
935 3317 1284 3387 quantumvis
1315 3319 1537 3369 mulesta
1571 3317 1678 3369 sint
1705 3331 1822 3382 quae
1857 3316 2125 3377 accidunt,
2155 3315 2278 3366 ilieit

725 3411 836 3466 Deo
867 3430 880 3464 :
909 3410 1085 3464 Bonus
1101 3427 1152 3462 es
1171 3420 1245 3461 tu.
1279 3408 1464 3461 Simile
1481 3419 1560 3461 est
1589 3409 1717 3461 illud
1740 3409 2080 3461 :Benedicam
2099 3406 2283 3459 Domi-

725 3515 850 3552 num
871 3500 924 3551 in
951 3499 1091 3552 omni
1117 3509 1339 3565 tempore
1363 3497 1512 3550 ⁵⁸.-
1532 3495 1598 3550 Ει
1621 3498 1674 3549 in
1698 3498 1924 3550 bonitate
1950 3510 2037 3550 tua
2061 3496 2185 3550 doce
2208 3514 2285 3551 me

723 3586 1124 3656 iustiﬁcationes
1159 3599 1297 3640 tuas.
1329 3585 1394 3640 Et
1422 3597 1574 3657 rogat
1606 3603 1636 3641 a
1667 3588 1904 3642 bonitate
1933 3586 2028 3642 Dei
2049 3588 2283 3650 edoceri,

727 3679 854 3747 quia
895 3678 1048 3733 bonte
1094 3689 1220 3732 sunt
1260 3678 1675 3746 justiticationes
1721 3678 1851 3742 Dei,
1904 3679 1968 3731 ad
2023 3677 2288 3746 cujusque

729 3769 979 3824 meritum
1024 3769 1482 3824 accommodata:
1529 3768 1596 3822 de
1652 3768 1850 3837 quibus
1879 3775 2000 3837 apte
2036 3767 2284 3822 dicatur:

733 3859 800 3912 Et
819 3860 1118 3928 justiﬁcata
1145 3869 1264 3912 sunt
1285 3859 1492 3927 judicia
1516 3867 1628 3921 tua,
1665 3857 1802 3911 Deus
1825 3858 1899 3911 ".

801 3951 889 4017 69,
925 3951 1010 4005 τυ.
1047 3951 1395 4019 Multiplicata
1419 3962 1494 4005 est
1538 3968 1692 4020 super
1721 3968 1800 4005 me
1837 3953 2088 4021 iniquitas
2114 3967 2292 4019 supcr-

733 4045 935 4098 borum.
983 4042 1054 4098 Eo
1107 4058 1295 4113 usque,
1351 4045 1444 4119 ait,
1479 4044 1742 4113 superbia:
1790 4054 2190 4114 processerunt,
2235 4054 2292 4097 ut

734 4135 885 4189 cordi
913 4148 1101 4188 eorum
1132 4134 1184 4188 id
1211 4135 1352 4203 quod
1378 4134 1620 4204 sequitur
1643 4132 1921 4187 acciderit.
1941 4131 2291 4200 Coaqulatum

731 4239 806 4279 est
836 4228 966 4280 sicut
1001 4225 1083 4278 lac
1125 4242 1214 4279 cor
1243 4241 1440 4278 eorum.
1469 4223 1880 4279 Tentationibus
1921 4225 2079 4279 malis
2119 4226 2293 4294 gravi-

734 4321 943 4390 busque
972 4320 1222 4383 traderis,
1251 4318 1451 4386 quibus
1481 4317 1534 4370 in
1559 4317 1667 4370 vita
1698 4316 2091 4371 humiliaberis.
2117 4315 2182 4370 Et
2206 4317 2297 4369 do-

733 4411 935 4464 eebunt
988 4419 1038 4463 te
1081 4423 1278 4478 corpus
1320 4416 1471 4463 tuum
1522 4408 1785 4478 castigare
1815 4417 1867 4463 et
1903 4409 1953 4460 in
1985 4409 2294 4461 servitutem

2354 579 2468 632 πόν.
2500 579 2607 648 Τῆς
2636 579 2783 642 θείας
2810 579 2916 649 γὰρ
2949 577 3256 647 φιλοτιμίας
3283 576 3607 638 ἀπέλαυσεν,

2419 668 2684 736 Μέτοχος
2711 667 2822 736 ἐγώ
2862 668 2978 734 είμι
3021 666 3260 718 πάντων
3280 666 3396 718 τῶν
3418 667 3810 735 φοϐουμένων
3835 683 3936 722 σε.

2366 761 2422 813 Ὀ
2459 761 2556 831 μὲν
2614 760 2813 822 τέλειος
2851 758 3084 830 Χριστοῦ
3134 759 3199 812 ἂν
3234 759 3318 829 εἴη
3386 760 3632 830 μέτοχος,
3678 762 3826 813 κατὰ
3878 764 3941 814 τὸ

2355 851 2655 921 εἰρημένονο
2687 849 2932 918 Μέτοχοι
2970 851 3078 918 γὰρ
3127 850 3231 902 τοῦ
3284 851 3537 917 Χριστοῦ
3577 853 3936 920 γεγόναμεν.

2368 946 2423 997 Ὀ
2451 944 2506 996 δὲ
2538 942 2745 1016 παρὼν,
2775 943 2850 1005 ὡς
2897 942 3276 1012 εἰσαγόμενος,
3309 943 3414 994 τῶν
3454 943 3619 1011 φοὸου
3630 945 3811 1012 μένων
3847 945 3940 994 τὸν

2357 1039 2560 1112 Κύριον
2625 1040 2846 1109 μέτοχον
2903 1037 3088 1089 ἑαυτὸν
3141 1033 3277 1089 εἶναι
3329 1036 3496 1104 λέγει·
3530 1038 3626 1106 οὐχ
3659 1036 3851 1100 ἁπλῶς
3887 1033 3940 1086 δὲ

2357 1133 2464 1186 τῶν
2497 1133 2863 1202 φοϐουμένων,
2895 1130 3026 1182 ἀλλὰ
3063 1129 3170 1181 τῶν
3199 1129 3286 1182 διὰ
3310 1129 3368 1180 τὸ
3393 1128 3672 1196 φοϐεῖσθαι
3728 1128 3938 1196 φυλασο

2361 1226 2560 1276 σόντων
2590 1225 2688 1285 τὰς
2714 1222 2929 1285 ἐντολὰς
2971 1221 3062 1274 τοῦ
3093 1221 3248 1273 Θεοῦ.
3311 1221 3519 1290 Δεῖγμα
3574 1221 3633 1273 δὲ
3661 1221 3758 1273 τοῦ
3787 1219 3938 1272 θείου

2361 1315 2522 1383 φόϐου
2556 1315 2586 1382 ὴ
2618 1312 2723 1364 τῶν
2755 1311 2977 1363 ἐντολῶν
3013 1310 3243 1380 φυλακή.

2439 1406 2544 1458 Τοῦ
2570 1404 2781 1469 ἐλέους
2837 1420 2973 1464 σου,
3018 1403 3214 1468 Κύριε,
3247 1399 3484 1468 πλήρης
3528 1402 3565 1467 ἠ
3605 1400 3708 1470 γῆ.
3743 1405 3825 1455 Τὰ
3859 1401 3943 1455 δι-

2363 1495 2656 1565 καιώματὰ
2680 1512 2794 1548 σου
2817 1493 3065 1556 δίδαξον
3086 1509 3180 1560 με.
3209 1491 3566 1562 Προφητικῶς
3610 1493 3678 1544 τὰ
3709 1493 3947 1560 ἐσόμενα

2365 1606 2548 1658 φησιν,
2583 1587 2656 1649 ὼς
2690 1586 2837 1638 ἔσται
2869 1583 3071 1651 πᾶσαή
3101 1581 3171 1650 γῆ
3199 1581 3411 1651 πλήρης
3440 1582 3547 1633 τῶν
3589 1581 3947 1650 φοϐουμένων

2365 1679 2454 1732 τὸν
2478 1679 2699 1748 Κύριον.
2736 1678 2844 1730 Καὶ
2867 1676 2966 1728 οὐκ
2992 1672 3050 1737 ἐξ
3077 1671 3268 1742 ἑτέρας
3299 1673 3430 1741 φησι
3457 1672 3611 1725 τοῦτο
3641 1673 3836 1743 χρείας
3862 1689 3949 1738 γε-

2367 1774 2585 1843 νήσεται
2621 1773 2652 1840 ἢ
2685 1773 2746 1823 ὲκ
2782 1768 2876 1821 τοῦ
2924 1767 3015 1820 σοῦ
3043 1765 3242 1827 ἐλέους·
3297 1767 3391 1818 καὶ
3421 1766 3583 1828 αὐτὸς
3627 1767 3740 1837 γὰρ
3791 1765 3951 1818 τοῦτο

2368 1862 2660 1932 ἐλεητικῶς
2717 1862 2908 1924 ποιεῖς,
2965 1860 3233 1923 ἐπιδιδοὺς
3266 1858 3455 1912 ἑαυτὸν
3488 1856 3594 1909 τῶν
3639 1856 3951 1926 ἀνθρώπων

2370 1951 2506 2008 εἶναι
2539 1952 2873 2007 διδάσκαλον.

2446 2047 2831 2115 Χρηστότητα
2875 2045 3165 2112 ἐποίησας
3185 2043 3333 2112 μετὰ
3391 2042 3495 2095 τοῦ
3547 2041 3776 2094 δούλου
3811 2056 3951 2099 σου.

2373 2141 2566 2207 Κύριε.
2599 2137 2917 2190 Διδάσκεται
2961 2138 2989 2188 ὁ
3025 2135 3092 2188 τὰ
3142 2135 3261 2187 θεῖα
3321 2133 3474 2201 λόγια
3520 2131 3954 2200 πεπαιδευμένος

2377 2234 2450 2304 μὴ
2480 2229 2818 2299 ἀναισθήτως
2839 2228 2981 2297 ἔχειν
3020 2227 3117 2289 τὰς
3165 2224 3446 2288 τοῦ,Θεοῦ
3494 2224 3838 2292 εὐεργεσίας.
3881 2223 3952 2273 υῦ

2374 2326 2482 2395 γὰρ
2507 2323 2677 2383 ἄλλως
2698 2319 3004 2388 ἀπήλλακτο
3030 2317 3126 2386 μὲν
3142 2316 3241 2384 τῆς
3259 2314 3546 2385 ἁμαρτίας,
3569 2312 3806 2383 κατηρίο
3816 2329 3957 2381 μητο

2375 2417 2430 2469 δὲ
2459 2420 2515 2468 ὲν
2547 2415 2749 2475 δούλοις
2775 2410 2999 2482 Κυρίου,
3053 2411 3100 2461 εί
3155 2408 3229 2478 μὴ
3272 2406 3390 2462 θεία
3420 2424 3500 2470 τις
3556 2406 3718 2475 χάρις
3750 2404 3958 2456 τούτων

2377 2509 2523 2579 αύτῷ
2553 2506 2698 2561 αἰτία
2721 2505 2962 2573 γέγονεν.

2450 2593 2569 2661 Πρό
2617 2593 2722 2646 τοῦ
2755 2607 2830 2659 με
2853 2587 3280 2654 ταπεινωθῆναι
3330 2587 3445 2656 ἐγὼ
3489 2586 3954 2655 ἐπλημμέλησα.

2380 2683 2479 2736 Διὰ
2521 2683 2620 2744 τὰς
2653 2680 2920 2752 προτέρας
2959 2695 3081 2748 μου,
3132 2678 3286 2747 φησι,
3314 2677 3647 2746 πραχθείσας
3677 2678 3957 2747 ἁμαρτίας

2383 2772 2722 2844 παραδοθεὶς,
2782 2769 3170 2836 ὲταπεινώθην,
3211 2769 3388 2838 κρίσει
3440 2768 3622 2837 δικαία
3669 2768 3765 2819 τοῦ
3823 2767 3958 2820 Θεοῦ

2381 2870 2538 2923 τοῦτο
2569 2862 2775 2918 παθών.
2822 2853 2896 2914 Οὗ
2938 2861 3001 2933 δὴ
3031 2861 3124 2914 καὶ
3165 2861 3323 2932 χάριν
3368 2859 3580 2931 παιδεία
3608 2859 3958 2928 παραδοθεὶς,

2380 2959 2570 3030 δέομαι
2613 2952 2957 3016 διδασκαλίας
3007 2952 3081 3015 ὡς
3129 2950 3194 3005 ἂν
3227 2951 3360 3020 γνῶ,
3417 2952 3499 3004 ὅτι
3548 2951 3580 3020 ἡ
3631 2950 3959 3010 ταπείνωσις

2382 3053 2416 3120 ὴ
2473 3046 2738 3117 γενομένη
2810 3061 2897 3113 μοι
2961 3043 3100 3096 κατὰ
3171 3041 3512 3113 χρηστότητα
3572 3042 3669 3095 καὶ
3711 3040 3960 3093 παιδείαν

2310 3156 2353 3213 c
2385 3141 2614 3209 ἐγένετο.

2455 3228 2723 3297 Χρηστὸς
2753 3222 2806 3280 εἷ
2833 3225 2933 3288 σίν,
2969 3226 3160 3292 Κύριε.
3213 3223 3272 3276 '0
3294 3222 3500 3284 δίκαιος
3541 3221 3634 3272 ἐπὶ
3677 3223 3835 3282 πᾶσι,
3861 3222 3961 3273 κᾶν

2384 3318 2418 3390 ᾗ
2453 3319 2621 3392 πικρὰ
2650 3321 2717 3370 τὰ
2748 3316 3132 3386 συμϐαίνοντα,
3189 3313 3336 3379 λέγει
3397 3312 3476 3381 τῷ
3523 3309 3660 3380 Θεῷ·
3685 3312 3961 3380 Χρηστός

2385 3409 2440 3460 εἷ
2464 3411 2565 3461 σύ.
2593 3407 2838 3458 Τοιοῦτον
2873 3403 2964 3456 καὶ
2993 3405 3070 3455 τό·
3111 3403 3438 3471 Εὐλογήσω
3486 3401 3591 3453 τεν
3624 3403 3845 3468 Κύριον
3896 3402 3963 3452 ἐν

2387 3498 2563 3551 παντὶ
2597 3495 2797 3566 καιρῷ,
2851 3496 2959 3548 Καὶ
2996 3496 3065 3547 ἐν
3090 3494 3164 3561 τῇ
3219 3493 3586 3562 χρηστότητί
3624 3507 3744 3546 σου
3799 3492 3960 3545 δίδα-

2388 3589 2497 3653 ξόν
2523 3605 2599 3657 με
2634 3589 2704 3640 τὰ
2742 3584 3095 3653 δικαιώματά
3123 3599 3259 3639 σου.
3298 3585 3406 3636 Καὶ
3441 3584 3608 3636 δεῖται
3639 3583 3702 3634 τὸ
3743 3584 3964 3654 χρηστῴ

2388 3682 2520 3733 Θεοῦ
2549 3679 2876 3748 διδαχθῆναι·
2909 3679 2989 3730 ὅτι
3023 3676 3232 3746 χρηστὰ
3252 3675 3321 3727 τὰ
3351 3674 3694 3744 δικαιώματα
3715 3675 3812 3727 τοῦ
3833 3675 3961 3727 Θεοῦ

2393 3771 2524 3842 πρὸς
2580 3771 2676 3840 τὴν
2723 3770 2876 3836 ἀξίαν
2927 3771 3153 3822 ἑκάστου
3198 3768 3472 3837 γινόμενα·
3534 3769 3620 3834 ἐφ’
3653 3761 3736 3830 οἷς
3793 3767 3963 3835 λέγειν

2393 3863 2558 3929 ἄξιοψ
2602 3859 2944 3926 Ἐδικαιώθη
2972 3860 3041 3913 τὰ
3061 3857 3310 3927 sep/parti
3327 3874 3463 3921 σου,
3487 3860 3518 3910 d
3537 3857 3704 3922 Θεός.

2473 3952 2808 4021 Ἐπλτιοώθη
2845 3953 2943 4004 ἐπ’·
2982 3951 3086 4020 ἐμὲ
3132 3950 3332 4003 ἀδικία
3364 3948 3785 4018 ὑπερηφάνων.
3849 3949 3966 4001 Ἐπὶ

2391 4045 2660 4106 τοσοῦτον,
2693 4046 2874 4113 φησὶν,
2933 4042 3136 4111 ἤλασαν
3169 4040 3563 4110 ὑπερηφανίας,
3603 4039 3677 4102 ὡς
3714 4039 3966 4106 γενέσθαι

2393 4139 2488 4207 τὴν
2519 4136 2744 4207 καρδίαν
2770 4138 2826 4188 ὲν
2853 4135 3058 4195 αὐτοῖς.
3116 4130 3407 4200 Ἐτυρώθη
3450 4132 3530 4196 ὡς
3574 4130 3735 4199 γάλα
3761 4133 3800 4200 ἡ
3834 4149 3966 4200 καρ-

2393 4231 2493 4282 δία
2523 4227 2739 4282 αὐτῶν.
2757 4228 2880 4290 Τοῖς
2911 4227 3164 4297 πονηροῖς
3196 4224 3289 4278 καὶ
3320 4224 3611 4295 μοχθηροῖς
3644 4228 3966 4295 πειρασμοῖς

2396 4322 2742 4394 παραδοθήση
2801 4319 2900 4390 βίῳ
2945 4318 3037 4372 καὶ
3083 4316 3325 4386 πολιτείᾳ
3380 4314 3719 4379 ταπεινοῦσι,
3757 4316 3855 4369 καὶ
3891 4317 3965 4368 δι-

2398 4414 2685 4468 δάσκουσιν
2717 4409 3038 4474 ὑποπιάζειν
3065 4409 3124 4460 τὸ
3145 4407 3302 4478 σῶμα
3333 4408 3428 4460 καὶ
3454 4406 3843 4478 δουλαγωγεῖν,
3880 4410 3967 4463 καὶ

737 4501 998 4572 redigere,
1029 4515 1129 4554 nec
1153 4500 1397 4554 incedere
1428 4500 1479 4552 in
1510 4498 1616 4552 lata
1647 4507 1700 4552 et
1730 4496 1968 4567 spatiosa
1998 4497 2085 4550 via
2111 4511 2300 4565 super-

2408 4506 2481 4575 μὴ
2536 4503 2738 4557 ὁδεύειν
2788 4501 2885 4572 τὴν
2940 4500 3195 4552 πλατεῖαν
3223 4499 3318 4551 καὶ
3368 4499 3674 4570 εὐρύχωρον
3724 4501 3824 4570 τὴν
3867 4500 3968 4554 τῶν

739 4593 950 4658 borum,
984 4591 1076 4645 sed
1103 4592 1156 4644 in
1187 4598 1416 4661 angusta
1445 4596 1497 4642 et
1527 4597 1695 4644 arcta.
1726 4588 1860 4642 Nam
1900 4599 2062 4644 tenue
2095 4599 2176 4645 cst
2209 4604 2299 4643 cor

739 4694 1072 4744 sanctorum,
1102 4697 1197 4736 cor
1231 4689 1412 4734 autem
1444 4681 1802 4749 superborum
1826 4679 2044 4748 pingue.

812 4862 895 4915 7|.
923 4862 1127 4916 Bonum
1160 4863 1284 4915 mihi
1303 4862 1428 4929 quia
1452 4860 1743 4912 liumiliasti
1770 4875 1868 4912 nte.
1899 4860 1973 4911 Ac
1997 4861 2040 4913 si
2063 4859 2292 4914 diceret:

743 4954 872 5010 Mihi
900 4956 1082 5022 placeo
1107 4957 1159 5009 in
1192 4953 1614 5013 iulirmitatibus,
1643 4952 1696 5006 in
1724 4953 2089 5012 contumeliis,
2124 4954 2178 5006 in
2210 4969 2304 5008 ne-

2406 4593 2797 4664 ὑπερηφάνων,
2859 4589 2995 4645 ἀλλὰ
3057 4588 3151 4660 τὴν
3203 4587 3388 4660 στενὴν
3440 4590 3534 4641 καὶ
3586 4588 3964 4660 τεθλιμμένην·

2404 4685 2572 4753 λεπτὴ
2607 4683 2831 4753 μὲνγὰρ
2861 4683 2894 4751 ἡ
2922 4680 3028 4734 τῶν
3065 4680 3254 4747 ἁγίων,
3303 4680 3443 4732 πίων
3473 4679 3531 4732 δὲ
3571 4681 3605 4750 η
3655 4679 3764 4732 τῶν
3811 4682 3968 4750 ὑπερ-

2403 4776 2622 4846 ηφάνων
2645 4775 2856 4847 καρδία.

2489 4867 2735 4933 Ἀγιιθόν
2749 4882 2870 4932 μοι,
2897 4864 2987 4917 ὅτι
3015 4862 3417 4929 ἐταπείνωσάς
3444 4881 3542 4932 με.
3592 4864 3737 4917 ’ίισεὶ
3769 4865 3964 4933 ἔλεγεν

2413 4955 2626 5008 Εύδοκῶ
2658 4957 2714 5007 ὲν
2757 4954 3075 5018 ἀσθενείαις,
3132 4957 3188 5011 ὲν
3222 4955 3458 5025 ὕϐρεσιν,
3507 4956 3564 5007 ὲν
3608 4955 3894 5024 ἀνάγκαις,
3919 4961 3968 5008 ὲν

743 5048 1120 5110 cessitatihus,
1177 5047 1230 5099 in
1282 5046 1770 5114 persecutionihus,
1822 5044 1876 5096 in
1923 5043 2217 5113 angustiis,
2248 5055 2302 5099 ut

2407 5048 2680 5117 διωγμοῖς,
2735 5049 2790 5098 ὲν
2825 5047 3222 5117 στενοχωρίαις,
3262 5048 3411 5112 ἄξιος
3455 5047 3684 5116 ὀφθῆναι
3716 5050 3825 5101 τῶν
3871 5050 3967 5102 σῶν

743 5141 940 5210 dignus
964 5137 1639 5208 videarjustiiicationibus
1667 5137 1795 5199 tuis,
1819 5150 2067 5204 quaerens
2095 5149 2157 5190 ea
2187 5151 2306 5205 quae

742 5234 879 5286 alias
907 5231 1072 5284 edisci
1101 5247 1208 5284 non
1240 5240 1482 5300 possunt.

819 5325 904 5377 72.
945 5323 1147 5378 Bonum
1189 5324 1317 5375 mihi
1343 5323 1426 5374 lea:
1455 5320 1560 5374 oris
1591 5319 1691 5382 tui,
1722 5333 1876 5386 super
1901 5317 2074 5370 millia
2097 5315 2216 5368 auri
2255 5325 2303 5368 et

750 5418 972 5487 argenti.
1008 5415 1209 5468 Ediscit
1259 5413 1500 5467 initiatus
1553 5413 1718 5465 homo
1747 5418 1954 5479 quanto
1994 5407 2065 5463 sit
2104 5407 2309 5462 honore

751 5509 1003 5560 donatus.

825 5597 910 5650 7'5.
947 5597 1134 5650 Manus
1158 5609 1257 5650 tua:
1284 5595 1510 5664 fecerunt
1545 5611 1638 5646 me.
1671 5592 1852 5645 Altera
1881 5588 2138 5658 dignitas,
2162 5591 2309 5658 quod

813 5779 855 5809 "
888 5781 1001 5831 Act.
1042 5791 1150 5842 XVI,
1180 5778 1269 5831 25.

1366 5777 1410 5808 ³⁸
1440 5775 1602 5831 Hebr.
1645 5791 1726 5844 ιιι,
1761 5774 1848 5828 14.
1925 5776 1970 5808 ³⁸
2001 5772 2144 5829 Psal.
2183 5786 2374 5839 ιιιιιιιι,
2402 5772 2453 5825 ‘2.

2407 5139 2822 5208 δικαιωμάτων,
2879 5136 3056 5208 ζητῶν
3111 5137 3252 5208 ἅπερ
3309 5139 3408 5191 οὐκ
3458 5139 3602 5192 ἐστιν
3649 5139 3826 5202 ἄλλως
3880 5158 3968 5210 μαι

2410 5230 2539 5284 θεῖν.

2492 5321 2734 5388 Ἀγαθός
2780 5337 2881 5388 μοι
2913 5324 2946 5373 ό
2977 5321 3157 5388 νόμος
3199 5323 3304 5375 τοῦ
3358 5323 3648 5390 στόματός
3675 5336 3794 5376 σου
3831 5325 3961 5389 ὑπὲρ

2414 5411 2684 5478 χιλιάδας
2719 5412 2973 5479 χρυσίου
3002 5411 3097 5463 καί
3140 5412 3445 5480 ἀργυρίου.
3483 5414 3654 5481 Ὅσης
3700 5414 3918 5481 ἠξίωται

2414 5504 2695 5574 ἅνθρωπος
2723 5503 3025 5556 διδάσκεται
3049 5503 3414 5572 εἰσαγόμενος.

2489 5596 2556 5646 Al
2588 5591 2779 5661 χεῖρές
2801 5608 2914 5644 σου
2944 5590 3242 5657 ἐποίησάν
3274 5608 3368 5660 με.
3397 5591 3622 5661 Ἕτερον
3668 5590 3880 5660 ἀξίωμα
3914 5591 3963 5640 τὸ

2533 5775 2572 5804 ⁵⁷
2607 5770 2746 5828 Psal.
2784 5789 2934 5835 mn,
2970 5773 3052 5826 10.
