4070 6434
176 343 285 399 493

1241 332 1604 389 EXPOSITIO
1641 331 1703 384 IN
1745 330 2076 388 PSALMUM
2118 333 2344 389 CXVIII.

3321 334 3424 389 494

175 459 426 513 δεκτικὸν
458 459 616 511 αὖτὲν
642 455 778 512 εἶναι
812 458 904 510 καὶ
940 456 1244 528 χωρητικὸν
1303 457 1401 525 τῆς
1431 454 1594 509 αὐτοῦ
1642 455 1756 506 δια-

1889 453 1929 506 it
1977 471 2146 524 capax
2185 457 2310 511 talis
2357 457 2736 526 intelligentiae.
2779 455 2859 509 Da
2907 456 3033 508 mihi
3081 455 3423 517 intellectum,

181 550 351 613 νοίας.
386 550 713 604 Συνέτισόν
742 566 839 618 με,
870 549 970 602 καὶ
993 546 1339 617 μαθήσομαι
1372 545 1478 611 τὰς
1509 544 1761 610 ἐντολάς

177 655 320 696 σου.
343 640 421 710 Τῇ
445 639 536 691 ἐπὶ
567 639 668 708 τῆς
688 641 957 711 ποιήσεως
977 638 1296 709 εὐχαριστίᾳ
1320 636 1436 689 λίαν
1457 635 1761 698 ἀκολούθως

179 732 215 802 ἡ
243 730 348 800 τῆς
372 730 626 800 νοητικῆς
653 730 934 800 δυνάμεως
976 731 1075 799 τῆς
1107 729 1345 782 συνιέναι
1387 727 1644 797 ποιούσης
1665 728 1761 791 τὰς

181 822 429 884 ἀντολάς.

255 915 322 965 Ol
337 912 695 980 φοϐούμενοί
709 926 802 977 σε,
826 910 1078 980 ὄψονται
1093 927 1186 975 σε,
1209 912 1305 964 καὶ
1325 909 1764 978 εὐφρανθήσον-

176 1016 295 1052 ται.
347 999 616 1066 Διδάσκει,
643 999 719 1062 ὡς
747 999 847 1052 οὐκ
898 999 1061 1062 αὐτὸς
1089 1000 1247 1070 μόνος
1299 999 1511 1062 καθέξει
1563 999 1622 1051 τὸ
1668 998 1764 1068 χά-

183 1105 380 1160 ρισμα,
422 1090 616 1158 φθάσει
641 1090 697 1142 δὲ
730 1092 822 1144 καὶ
868 1092 947 1154 είς
989 1091 1195 1154 πάντας
1247 1091 1373 1154 τοὺς
1402 1089 1763 1160 φοϐουμένους

177 1181 273 1232 τὸν
302 1182 524 1251 Κύριον.
553 1183 677 1245 Τοῖς
725 1182 833 1253 γὰρ
887 1183 1133 1236 εὐσεϐέσι
1187 1184 1367 1254 μόνοις
1411 1183 1560 1236 ἐστὶν
1611 1183 1761 1250 ἡδὺς,

180 1271 459 1342 αἰσθητῶς
493 1272 550 1325 δὲ
585 1273 802 1343 όραθεὶς
837 1274 930 1325 καὶ
984 1272 1127 1326 κατὰ
1158 1275 1249 1326 τὸν
1304 1273 1460 1340 λόγον
1499 1272 1593 1325 καὶ
1625 1271 1764 1324 κατὰ

177 1361 252 1414 τὰ
276 1363 520 1432 νοήματα
551 1363 649 1433 τῆς
675 1364 864 1431 σοφίας
888 1365 952 1434 ἣν
977 1363 1108 1435 ἔχει·
1147 1367 1257 1428 τοῖς
1293 1364 1348 1416 δὲ
1391 1364 1568 1427 ἄλλοις
1598 1363 1764 1434 βαρύς

179 1453 300 1503 ἐστι
338 1453 428 1504 καὶ
459 1451 802 1523 βλεπόμενος.
833 1455 953 1507 Ὅτι
976 1457 1222 1525 ἀνόμοιος
1255 1458 1364 1518 τοῖς
1392 1455 1571 1518 ἄλλοις
1597 1456 1625 1507 6
1655 1455 1765 1524 βίος

177 1542 350 1594 αὑτοῦ
381 1544 476 1596 καὶ
509 1543 901 1615 ἐξηλλαγμέναι
930 1546 988 1597 al
1031 1546 1203 1616 τρίόοι
1259 1545 1446 1613 αὑτοῦ,
1489 1545 1577 1598 διὰ
1611 1545 1766 1598 τοῦτο

177 1635 238 1687 δέ
264 1651 450 1704 φησιν·
494 1634 1049 1703 Εὑρρανθήσονται.
1086 1637 1175 1689 ὅτι
1207 1640 1295 1703 είς
1353 1636 1490 1702 τοὺς
1548 1637 1766 1705 λόγους

179 1743 302 1784 σου
331 1728 664 1794 ἐπήλπισα.

1866 556 1924 598 ut
1947 547 2148 600 discam
2175 549 2429 603 mandata
2460 559 2570 604 tua.
2600 549 2729 605 Post
2753 550 3044 620 gratiarum
3083 549 3325 604 actiones
3364 551 3426 602 de

1865 639 2139 692 creatione
2162 655 2280 705 sua,
2317 641 2471 696 valde
2501 650 2892 710 consequenter
2919 649 3279 694 annectuntur
3301 655 3426 708 gra-

1865 729 2061 782 tiarum
2111 729 2350 784 actiones
2399 745 2496 799 pro
2528 732 2652 785 data
2689 731 2959 800 cogitandi
3005 729 3276 791 facultate,
3308 744 3430 798 quae

1864 818 2118 870 mandata
2145 818 2438 887 intelligere
2469 818 2618 873 facit.

1940 906 2026 959 74.
2057 906 2161 970 Qui
2195 909 2378 960 timent
2410 919 2455 960 te
2505 909 2743 961 videbunt
2785 918 2849 970 te,
2877 918 2924 961 et
2961 906 3299 961 laztabuntur.
3323 903 3424 956 Do-

1867 1007 1952 1053 cet
1985 1015 2091 1054 non
2133 1015 2192 1054 se
2219 1001 2396 1054 solum
2430 1016 2545 1054 eam
2589 1003 2820 1070 gratiam
2871 1011 3306 1062 consecuturum,
3335 998 3425 1050 sel

1865 1105 1984 1144 eam
2022 1092 2275 1146 omnibus
2315 1093 2628 1146 timentibus
2678 1091 2844 1145 Deum
2883 1093 3251 1144 obventuram.
3294 1086 3427 1141 Nam

1867 1180 1972 1249 piis
2015 1181 2192 1235 solum
2235 1182 2547 1236 hominibus
2581 1182 2754 1236 dulcis
2781 1191 2895 1248 est;
2923 1183 2994 1236 ita
3029 1192 3086 1234 ut
3115 1181 3274 1234 etiam
3305 1194 3429 1235 sen-

1867 1270 2092 1324 sibilitcr
2117 1271 2378 1335 videatur,
2397 1282 2450 1326 et
2477 1273 2770 1326 secundum
2797 1273 3044 1335 verbum,
3061 1281 3114 1326 et
3135 1271 3429 1326 secundum

1867 1361 2221 1430 cogitationes
2247 1362 2526 1431 sapientiae
2546 1378 2709 1432 quam
2734 1363 2894 1417 habet
2919 1379 2932 1427 ;
2958 1363 3077 1415 aliis
3105 1371 3283 1415 autem
3310 1375 3429 1430 gra-

1868 1452 1949 1505 vis
1977 1462 2030 1505 et
2055 1452 2225 1506 durus
2253 1461 2355 1516 est,
2391 1453 2605 1507 etiamsi
2642 1453 2902 1508 videatur.
2945 1452 3080 1517 Quia
3122 1453 3241 1505 aliis
3271 1451 3431 1504 dissi-

1869 1544 2014 1598 milis
2045 1545 2260 1599 estvita
2286 1546 2404 1615 ejus
2439 1555 2493 1600 et
2528 1546 2756 1601 diversae
2795 1547 2895 1600 viae
2937 1547 3079 1615 ejus,
3106 1545 3226 1600 ideo
3262 1543 3429 1598 dicit:

1870 1636 2237 1702 Ltztabuntur,
2271 1640 2397 1708 quia
2427 1639 2480 1690 in
2505 1639 2668 1692 verbis
2699 1639 2802 1692 tuis
2826 1638 3207 1707 snpersperari.

260 1823 509 1888 Ἔγνων,
534 1823 725 1888 Κύριε,
758 1821 846 1874 ὅτι
875 1822 1228 1889 δικαιοσύνη
1255 1823 1326 1876 τὰ
1350 1821 1600 1891 κρίματά
1628 1836 1762 1874 σου.

1939 1816 2026 1871 75.
2068 1818 2316 1889 Cognovi,
2363 1820 2599 1885 Domine,
2626 1823 2750 1891 quia
2799 1822 3018 1892 aequitas
3059 1821 3268 1890 judicia
3318 1828 3430 1874 tua.

179 1913 582 1983 Διδασκόμεθα,
618 1915 694 1976 ὠς
719 1915 895 1967 πάντα
923 1917 1053 1985 ἡμῖν
1086 1917 1115 1968 6
1168 1915 1300 1978 Θεὸς
1327 1914 1547 1977 δικαίως
1579 1913 1769 1981 ἐπιφέ-

185 2023 293 2077 ρευ
354 2005 495 2058 ὥστε
546 2007 842 2073 ἀναγκαῖον
908 2006 982 2076 μὴ
1041 2006 1322 2076 ὀλιγωρεῖν
1375 2006 1526 2075 ἡμᾶς
1563 2006 1620 2056 ἐν
1653 2008 1771 2066 ταῖς

182 2099 488 2160 παιδείαις,
538 2098 899 2168 προσπίπτειν
952 2098 1007 2150 δὲ
1040 2097 1259 2166 μᾶλλον,
1295 2098 1388 2148 καὶ
1443 2098 1507 2148 ὲκ
1550 2096 1648 2165 τῆς
1675 2093 1769 2147 τοῦ

182 2192 354 2262 νόμου
382 2189 629 2259 φυλακῆς
658 2188 748 2241 τὸν
779 2188 924 2239 ἔλεον
951 2187 1204 2252 ἐξαιτεῖν.

263 2280 581 2346 Γενηθήτω
635 2278 712 2346 δὴ
765 2279 829 2331 τὸ
885 2278 1056 2342 ἔλεός
1081 2294 1196 2330 σου
1235 2276 1338 2329 τοῦ
1362 2273 1773 2344 παρακαλέσαι

179 2391 284 2444 με.
325 2373 513 2435 Ἔλεος
544 2370 639 2425 τοῦ
670 2370 880 2441 Πατρὸς
911 2373 940 2423 6
984 2369 1131 2430 Υἱὸς,
1161 2368 1220 2430 ὃς
1278 2368 1371 2419 καὶ
1406 2367 1772 2438 παρεκάλεσεν

186 2464 354 2534 ἡμῶν
383 2464 482 2525 τὰς
514 2462 740 2533 καρδίας
797 2459 1230 2530 τυραννουμένας
1279 2457 1383 2509 ὑπὸ
1415 2457 1508 2509 τοῦ
1541 2458 1772 2508 Σατανᾶ.

195 2553 273 2604 Ἢ
310 2552 406 2604 καὶ
439 2550 628 2609 οὕτως·
663 2550 863 2619 Δέομαι
893 2547 1034 2602 κατὰ
1063 2547 1152 2599 τὸν
1193 2547 1284 2598 σὺν
1325 2546 1493 2612 Λόγον
1527 2545 1650 2614 ἐμοὶ
1699 2544 1774 2613 τῷ

195 2641 373 2711 δούλῳ
398 2657 490 2692 σου
519 2639 609 2691 ἐπὶ
642 2637 979 2709 παρακλήσει
1024 2635 1119 2688 καὶ
1158 2633 1478 2704 παραμυθίᾳ.
1531 2632 1590 2684 τὸ
1629 2631 1774 2693 ἔλεός

196 2719 296 2787 σου
347 2732 620 2800 γενέσθαι.
681 2731 871 2783 Πολλοὶ
912 2729 1020 2800 γὰρ
1085 2728 1480 2797 παρακλήσεως
1527 2725 1772 2794 τυχόντες

191 2823 537 2885 ἀπατῶνται,
571 2821 646 2883 ὼς
679 2819 736 2882 ἐξ
773 2819 904 2880 ίδίας
932 2819 1244 2888 φρονήσεως
1290 2816 1434 2868 crs-31‘
1465 2814 1773 2882 ἐσχηκέναι.

196 2918 390 2978 Ὅπως
421 2915 493 2985 μὴ
521 2910 780 2972 ὡσαύτως
822 2909 1028 2971 τούτοις
1055 2908 1332 2978 πλανηθῶ,
1367 2906 1488 2974 ἐμοὶ
1510 2904 1586 2973 τῷ
1611 2903 1779 2973 δούλῳ

195 3021 297 3058 σου
328 3004 388 3056 τὸ
414 3001 559 3062 ἔλεός
598 3017 712 3063 σου,
745 2998 886 3051 κατά
909 2997 968 3050 τὸ
999 2997 1178 3065 λόγιόν
1212 3014 1327 3058 σου,
1363 2994 1623 3063 γενέσθω.

283 3089 657 3148 Ἐλθέτωσάν
683 3106 785 3158 μοι
808 3092 861 3142 ol
890 3089 1179 3157 οίκτιρμοί
1211 3102 1349 3150 σου,
1382 3084 1477 3137 καί
1510 3083 1779 3153 ζήσομαι.

1871 1907 2141 1964 Docemur
2172 1910 2338 1965 Deum
2383 1913 2540 1968 nobis
2581 1916 2759 1968 omnia
2786 1915 2933 1983 juste
2968 1913 3248 1978 conferre;
3271 1913 3351 1967 "ita
3379 1921 3437 1965 ut

1871 2001 2174 2055 consultum
2206 2003 2294 2064 sit,
2324 2019 2423 2057 nos
2454 2019 2561 2058 non
2594 2005 2778 2058 animo
2813 2006 3100 2060 concidere
3133 2005 3186 2059 in
3214 2005 3440 2073 castiga-

1873 2091 2133 2158 tionibus,
2167 2093 2260 2146 sed
2289 2109 2380 2148 eas
2405 2095 2581 2162 potius
2609 2096 2878 2164 amplecti,
2905 2105 3066 2165 atque
3103 2111 3168 2149 ex
3196 2096 3326 2165 legis
3345 2111 3439 2148 cu-

1874 2182 2045 2235 stodia
2076 2184 2505 2239 misericordiam
2531 2187 2828 2255 postulare.

1944 2272 2029 2325 76.
2073 2273 2198 2326 Fiat
2225 2277 2589 2330 misericordia
2623 2288 2713 2330 tua
2743 2288 2799 2330 ut
2825 2279 3124 2331 consoletur
3154 2295 3252 2332 me.
3281 2275 3441 2331 Mise-

1877 2367 2105 2420 ricordia
2139 2367 2312 2422 Patris
2342 2368 2530 2433 Filius,
2564 2369 2655 2438 qui
2691 2371 3003 2424 consolatus
3031 2381 3112 2424 est
3150 2370 3315 2424 corda
3341 2385 3444 2424 no-

1879 2466 1988 2510 stra
2049 2458 2263 2513 Satanze
2315 2461 2600 2530 tyrannide
2657 2476 2934 2529 oppressa.
2964 2461 3058 2514 Vel
3106 2461 3268 2514 etiam
3320 2461 3441 2516 sic:

1881 2547 2118 2601 Obsecro
2149 2560 2218 2614 te,
2240 2567 2335 2618 per
2365 2551 2600 2605 Verbum
2631 2563 2802 2620 tuum,
2831 2561 2888 2607 ut
2916 2553 3044 2606 mihi
3071 2567 3228 2607 servo
3258 2562 3349 2607 tuo
3376 2553 3445 2607 ad

1883 2640 2309 2694 consolationem
2345 2644 2712 2697 misericordia
2743 2654 2833 2697 tua
2863 2644 3101 2698 accedat.
3129 2643 3277 2697 Multi
3303 2659 3448 2699 nam-

1885 2743 1987 2798 que
2015 2732 2106 2800 qui
2140 2733 2542 2786 consolationes
2575 2735 2850 2800 accipiunt
2877 2733 3240 2800 decipiuntur,
3290 2735 3448 2804 quasi

1886 2835 1950 2873 cx
1983 2837 2080 2875 sua
2106 2823 2386 2891 prudentia
2418 2823 2469 2876 id
2495 2824 2636 2876 nacti
2665 2823 2884 2876 fuerint.
2912 2822 2986 2875 Ne
3015 2826 3192 2891 itaque
3213 2823 3329 2891 pari
3348 2837 3448 2893 ego

1887 2909 2049 2963 modo
2097 2914 2365 2977 aherrem,
2407 2911 2536 2965 mihi
2587 2926 2744 2965 servo
2785 2919 2879 2964 tuo
2936 2909 3029 2964 llat
3076 2910 3448 2966 misericordia

1887 3009 1998 3062 tua,
2036 3001 2332 3053 secundum
2366 2998 2642 3066 eloquium
2678 3010 2852 3053 tuum.

1961 3090 2045 3143 Π.
2065 3089 2280 3143 Veniant
2298 3093 2424 3143 milii
2445 3093 2802 3144 miserationes
2828 3103 2952 3154 tum,
2975 3103 3022 3145 et
3045 3094 3231 3145 ricam.
3251 3091 3453 3158 Quem-

196 3190 412 3257 Ὠσπερ
431 3185 690 3253 ὑπέσχου,
709 3181 860 3253 φησὶ,
879 3180 975 3251 τὴν
991 3180 1333 3252 παράκλησιν
1349 3177 1519 3238 οὕτως
1535 3176 1778 3246 ποίησον,

1886 3183 2200 3246 admodum,
2220 3183 2417 3252 inquit,
2439 3184 2866 3238 consolationem
2887 3185 3211 3253 promisisti,
3233 3186 3304 3238 ita
3334 3200 3454 3254 pro-

193 3279 329 3343 τοὺς
361 3279 486 3341 σοὺς
514 3276 797 3347 οἰκτείρων
830 3273 1064 3335 οἰκέτας.

273 3366 789 3439 Αἰσχυνθήτωσαν
811 3363 1205 3432 ὑπερήφανοι,
1233 3359 1321 3412 ὅτι
1373 3359 1591 3423 ἀδίκως
1640 3357 1781 3423 ἡνό-

192 3478 410 3536 μησαν
451 3463 538 3526 εὶς
567 3457 687 3527 ἐμέ.
744 3459 807 3510 El
849 3456 1084 3526 τύχοιμι,
1143 3453 1296 3522 φησὶ,
1351 3452 1450 3520 τῆς
1497 3450 1647 3521 παρὰ
1690 3449 1781 3500 σοῦ

201 3553 482 3625 βοηθείας,
515 3549 636 3602 τότε
684 3549 732 3601 οἱ
791 3546 1018 3617 πονηροὶ
1042 3543 1242 3615 δηλαδὴ
1273 3541 1522 3611 δαίμονες
1551 3541 1644 3592 καὶ
1693 3541 1783 3592 ἄνα

199 3645 413 3715 Θρωποι
453 3642 549 3711 τῆς
602 3638 858 3711 ἀληθείας
896 3637 1080 3709 ἐχθροὶ
1116 3633 1579 3704 αἱσχυνθήσονται.
1648 3630 1786 3698 Ἐγὼ

199 3735 285 3801 δὲ,
309 3733 530 3787 ἐκείνων
581 3731 1008 3802 αίσχυνομένων,
1071 3728 1170 3780 οὐκ
1225 3723 1624 3795 ὲπαρθήσομαιο
1671 3721 1783 3774 ἀλλ’

195 3826 277 3880 ἐν
296 3825 426 3891 ταῖς
461 3821 734 3886 ἐντολαῖς
765 3835 882 3874 σου
913 3815 1330 3887 ἁδολεσχήσω.

291 3910 859 3980 ’.επιστρεψάτωσάν
886 3927 986 3978 μοι
1035 3912 1088 3962 ot
1143 3908 1500 3975 φοϐούμενοί
1533 3920 1622 3958 σε.
1679 3906 1788 3976 Τῆς

203 4007 361 4080 παρὰ
386 4006 495 4058 τῶν
524 4004 630 4058 σῶν
658 4003 883 4057 οἰκετῶν
913 4000 1258 4064 διδασκαλίας
1307 3999 1543 4068 τύχοιμι.
1597 3999 1787 4052 Ἐστα.

203 4098 536 4170 ἂτοιαύτη,
568 4094 654 4150 οἷα
685 4097 776 4150 καὶ
832 4093 1179 4165 ἐπιστρέφειν
1239 4089 1411 4144 εἰδυῖα
1459 4088 1657 4158 ψυχας,
1702 4090 1788 4142 διὰ

204 4195 272 4248 τὸ
311 4191 560 4245 πλουτεῖν
581 4189 671 4242 τὸν
699 4186 860 4257 φόϐον
883 4185 972 4238 τὸν
1002 4184 1113 4237 σόν.

280 4282 600 4351 Γενηθήτω
625 4279 664 4346 ἠ
696 4276 910 4347 καρδία
927 4291 1045 4344 μου
1098 4271 1352 4341 ἄμωμος.
1408 4271 1522 4323 Οὐκ
1545 4270 1611 4324 ἂν
1655 4269 1790 4340 μετά

208 4375 450 4430 ⁶τοσαῦτα
476 4371 614 4442 ἔχων
637 4369 858 4442 καρδίαν
909 4366 1138 4437 ἄμωμον
1167 4362 1337 4430 ἐλεγε-
1387 4359 1700 4427 Γενηθήτω
1749 4359 1788 4425 ἡ

207 4465 429 4534 καρδία
453 4480 572 4533 μου
600 4461 854 4530 ἄμωμος.
883 4456 1070 4525 Τούτῳ
1097 4455 1497 4527 παραπλήσιον·
1527 4449 1789 4519 Καρδίαν

213 4554 486 4624 καθαρὰν
528 4553 739 4607 κτίσον
762 4553 832 4605 ἐν
854 4548 1004 4618 ἐμοὶ,
1036 4551 1069 4601 ό
1093 4548 1256 4613 Θεός.
1315 4545 1449 4599 Τότε
1481 4544 1591 4615 γὰρ
1632 4541 1792 4612 μόνον

212 4651 319 4704 οὒκ
357 4645 809 4717 αἰσχυνθήσομαι,
835 4642 962 4694 ὅταν
1006 4638 1250 4710 ἀμώμως
1271 4635 1369 4700 τὰς
1401 4636 1493 4690 τοῦ
1525 4633 1661 4686 Θεοῦ
1690 4650 1792 4702 φυο

213 4740 366 4806 λάξω
391 4736 627 4800 ἐντολάς.

306 4827 594 4881 Ἐκλείπει
620 4827 706 4891 είς
729 4825 798 4878 τὸ
820 4821 1116 4889 σωτήριόν
1135 4833 1249 4873 σου
1273 4819 1311 4886 ἡ
1335 4816 1504 4886 ψυχὴ
1527 4834 1667 4885 μου,
1696 4817 1792 4869 καὶ

216 4922 310 4985 εις
341 4918 448 4972 τόν
483 4919 667 4982 λόγον
718 4929 835 4970 σου
891 4912 1224 4977 ἐπήλπισα.
1274 4910 1526 4963 Διδάσκει
1580 4907 1726 4976 ἡμᾶς
1767 4909 1794 4959 6

219 5011 518 5083 Προφήτης
541 5006 826 5077 ἐπιθυμεῖν
854 5003 946 5058 τοῦ
984 5003 1163 5072 λόγου,
1199 5001 1291 5054 καὶ
1348 4997 1622 5072 ἐρωτικῶς
1652 4996 1793 5067 ἔχειν

218 5103 364 5175 πρὸς
390 5101 452 5154 τὸ
485 5100 747 5171 σωτήριον
769 5096 862 5150 τοῦ
894 5093 1046 5148 Θεοῦ.
1078 5094 1188 5147 Καὶ
1215 5092 1265 5146 τί
1287 5091 1355 5144 ἂν
1386 5091 1470 5161 ιίη
1525 5089 1710 5158 ἓτερον
1736 5087 1796 5140 τὸ

221 5195 495 5266 συηήριον
526 5193 559 5262 ἢ
594 5193 627 5263 ὴ
664 5188 932 5261 παρουσία
963 5184 1054 5240 τοῦ
1088 5185 1326 5256 Κυρίου;
1360 5185 1460 5248 Είς
1483 5181 1590 5234 τὸν
1614 5179 1798 5248 λόγον

219 5300 346 5340 σου
377 5281 704 5352 unum“.
735 5279 864 5333 Νόει
883 5278 1003 5331 ἀντὶ
1037 5275 1152 5339 τοῦ,
1183 5276 1280 5346 τὴν
1311 5271 1656 5342 ἐπαγγελίαν.
1694 5269 1798 5322 Λέ-

219 5393 383 5449 γεται
416 5376 470 5428 δὲ
498 5375 678 5442 λόγιον
709 5374 803 5426 καὶ
835 5374 869 5444 ὴ
908 5356 1258 5432 θεόπνευστος
1286 5368 1493 5438 Γραφή.
1531 5363 1799 5417 Ἐκλείπει

221 5467 408 5524 τοίνυν
428 5467 490 5519 οὒ
524 5466 682 5519 μόνον
703 5467 731 5519 ὁ
749 5465 848 5536 τὴν
870 5464 1162 5533 ὑτώσχεσιν
1186 5461 1285 5532 τὴν
1323 5458 1472 5513 θείαν
1498 5454 1798 5527 ἀναμένων,

298 5643 347 5677 ⁸⁸
370 5640 517 5698 Psal.
544 5660 596 5703 ι..
629 5641 714 5696 12.

304 5739 414 5802 (48)
445 5738 620 5794 Locus
645 5737 885 5792 vitiatus.

1886 3276 2112 3330 missum
2142 3276 2324 3345 imple,
2354 3292 2416 3330 ae
2444 3276 2701 3330 miserere
2729 3277 3064 3331 domesticos
3094 3286 3216 3330 tuos

1955 3365 2042 3418 '78.
2067 3365 2472 3433 Conlunduntur
2501 3367 2729 3435 superbi,
2751 3368 2874 3436 quia
2905 3367 3096 3434 injuste
3122 3368 3453 3437 iniquitatem

1885 3451 2116 3520 fecerunt
2161 3453 2215 3504 in
2267 3469 2366 3506 me.
2394 3453 2450 3506 Si
2499 3463 2686 3517 tuum,
2723 3456 2915 3525 inquit,
2963 3456 3223 3510 auxilium
3261 3473 3454 3512 conse-

1886 3556 2040 3610 quar,
2081 3551 2211 3594 tunc
2265 3542 2485 3610 maligni
2530 3543 2802 3599 daemones
2829 3555 2880 3598 et
2928 3547 3172 3600 homines
3214 3548 3454 3601 veritatis

1889 3632 2091 3685 inimici
2108 3631 2525 3686 confundentur.
2545 3632 2654 3702 Ego
2676 3643 2878 3699 autem,
2911 3636 2974 3687 iis
3001 3638 3203 3703 pudore
3225 3637 3451 3699 allectis.

1888 3736 1995 3775 non
2016 3723 2259 3776 extollar.
2297 3721 2399 3777 Sed
2430 3724 2486 3776 in
2518 3723 2709 3777 manda
2724 3725 2783 3780 ’ξι
2813 3726 2915 3777 tuis
2944 3727 3238 3780 exercebar.

1962 3918 2046 3972 79.
2083 3917 2466 3972 Convertuntur
2495 3921 2624 3972 mihi
2656 3922 2892 3974 timentes
2926 3932 2993 3975 te.
3029 3921 3456 3978 Domesticorum

1891 4017 2105 4060 tuorum
2149 4009 2391 4060 doctrina
2431 4008 2672 4072 imbuar,
2704 4026 2824 4078 qua:
2867 4013 2991 4064 talis
3025 4013 3158 4077 erit,
3205 4023 3263 4067 ut
3322 4012 3459 4068 sciat

1890 4100 2101 4153 animas
2127 4110 2458 4160 convertere,
2496 4100 2621 4169 quia
2652 4102 2844 4154 timore
2876 4112 2968 4156 tuo
2995 4104 3145 4158 dives
3174 4113 3276 4158 est.

1961 4275 2048 4329 80.
2085 4275 2208 4328 Fiat
2229 4293 2318 4328 cor
2339 4293 2507 4330 meum
2534 4279 2957 4331 immaculatum.
2979 4278 3090 4348 (48)
3116 4278 3336 4334 Etiamsi
3365 4297 3460 4334 cor

1892 4379 2086 4434 purum
2127 4365 2349 4427 haheat,
2385 4365 2501 4418 ait:
2538 4363 2663 4417 Fiat
2710 4384 2800 4420 cor
2832 4385 3003 4421 meum
3035 4370 3456 4426 immaculatum.

1895 4453 2031 4508 lluic
2077 4454 2250 4507 simile
2282 4463 2360 4507 est
2389 4471 2403 4506 :
2435 4453 2541 4508 Cor
2562 4458 2812 4508 mundum
2848 4475 2967 4511 crea
3017 4460 3069 4511 in
3095 4477 3194 4524 me,
3234 4461 3367 4516 Deus
3391 4463 3457 4516 ⁸⁸.

1895 4547 2067 4615 (Alius
2085 4545 2294 4616 codex.)
2320 4545 2494 4612 Tunc,
2534 4547 2729 4617 inquit,
2753 4564 2860 4604 non
2891 4549 3210 4620 confundar,
3246 4554 3463 4623 quando

1897 4636 2240 4690 immaculata
2275 4637 2364 4692 Dei
2402 4649 2664 4708 praecepta
2703 4641 2956 4696 servabo.

1967 4813 2054 4865 8i.
2084 4811 2268 4880 Deﬁcit
2294 4815 2345 4866 in
2381 4813 2615 4866 salutare
2640 4824 2785 4866 tuum
2824 4817 3002 4870 anima
3031 4835 3164 4884 mea,
3192 4829 3241 4871 et
3271 4821 3324 4873 in
3354 4838 3466 4874 ver-

1898 4906 2018 4958 bum
2053 4914 2198 4957 tuum
2229 4908 2609 4973 supersperavi.
2637 4906 2801 4961 Docet
2824 4922 2924 4962 nos
2953 4907 3222 4979 Propheta
3258 4912 3468 4966 deside-

1902 5013 2022 5052 rare
2047 4998 2290 5058 verbum,
2317 5007 2368 5050 et
2398 4998 2700 5052 vehementi
2737 5014 2921 5054 amore
2962 5001 3197 5056 salutare
3223 5003 3314 5056 Dei
3341 5019 3465 5072 pro-

1904 5091 2076 5157 sequi.
2111 5087 2314 5158 Eequid
2346 5089 2489 5142 aliud
2520 5088 2682 5144 fuerit
2710 5090 2946 5144 salutare
2988 5091 3102 5155 Dei,
3129 5094 3230 5145 nisi
3267 5095 3466 5146 adven-

1904 5189 1991 5234 tus
2014 5178 2265 5232 Domini?
2298 5181 2361 5230 ln
2392 5179 2598 5232 verbum
2627 5189 2772 5233 tuum
2804 5184 3178 5250 supersperavi,
3209 5185 3462 5254 intellige.

1906 5271 1959 5324 in
2003 5268 2432 5339 promissionem.
2483 5269 2767 5340 Eloquium
2813 5282 2991 5324 autem
3036 5283 3260 5326 vocatur
3301 5275 3466 5327 etiam

1908 5357 2186 5428 Scriptura
2219 5357 2474 5414 divinitus
2517 5359 2796 5427 inspirata.
2833 5357 3022 5414 Deﬁcit
3061 5375 3191 5430 ergo
3231 5377 3337 5414 non
3373 5377 3464 5415 so-

1907 5452 2018 5506 lum
2051 5451 2143 5520 qui
2169 5450 2406 5506 divinam
2445 5451 2864 5521 promissionem
2923 5463 3218 5521 exspecnat,
3257 5466 3466 5507 necnon
