4070 6460
699 349 803 402 495

1527 339 1583 392 S.
1625 335 1994 391 ATHANASII
2034 333 2180 388 OPP.
2226 329 2403 384 PARS
2441 328 2525 384 lli.
2573 359 2636 370 —
2679 324 3092 382 EXEGETICA.

3828 319 3939 374 496

700 461 1014 520 inst'anttutu
1045 471 1303 512 maturum
1332 457 1652 510 solutionem
1679 471 1692 517 ;
1727 451 1822 506 sed
1854 450 2016 504 etiam
2043 448 2134 517 qui
2170 447 2254 500 di-

2362 445 2451 497 καὶ
2477 444 2572 515 τὴν
2627 443 2779 494 λύσιν
2829 440 2935 494 τῶν
2960 437 3319 507 ἐπικειμένων
3347 452 3530 488 κακων
3561 433 3940 504 προσδεχόμε-

696 553 825 610 vina
866 551 991 621 legit
1030 547 1263 617 eloquia,
1294 553 1348 599 et
1392 544 1481 613 qui
1511 557 1699 596 eorum
1741 552 1972 594 mentem
2007 546 2272 592 accurate-

699 643 937 699 ediscere
956 646 1192 709 exoptat,
1216 648 1268 690 et
1288 633 1711 689 consolationem
1738 631 2259 696 oblectationemque

700 735 868 790 animi
893 733 1052 788 habet
1077 745 1198 786 cum
1227 727 1510 782 invenerit.

767 906 855 959 8‘2.
876 903 1181 972 Defeceruut
1210 900 1348 954 oculi
1375 900 1472 952 mei
1503 899 1557 951 in
1582 897 1843 967 eloquium
1871 906 2037 949 tuum.
2069 893 2126 947 In
2154 893 2257 945 Do—

701 998 906 1050 minum
951 993 1199 1048 videlicet
1242 998 1489 1045 nostrum
1518 988 1701 1043 Jesum
1731 987 2029 1050 Christum,
2061 985 2254 1053 inquit.

701 1085 876 1155 Ipsum
909 1099 1142 1152 namque
1157 1083 1403 1136 habemus
1433 1081 1742 1135 aduocatum
1776 1078 1915 1148 apud
1941 1077 2180 1142 Patrem,
2208 1085 2255 1129 et

698 1179 807 1248 ipse
826 1188 900 1230 est
933 1176 1235 1244 propitiatio
1256 1190 1349 1243 pro
1370 1172 1593 1243 peccatis
1617 1171 1831 1233 nostris,
1859 1170 2011 1239 juxta
2033 1167 2259 1237 apostoli

695 1268 964 1324 vocem".
1015 1267 1273 1329 Dicentes,
1312 1264 1520 1332 quando
1577 1260 1925 1315 consolaberis
1977 1259 2094 1312 me?
2124 1258 2256 1312 Cum

697 1362 920 1415 verbum
954 1358 1206 1414 adveniet
1251 1357 1415 1423 mihi,
1471 1366 1601 1410 tunc
1644 1352 2073 1408 consolationem
2111 1349 2257 1404 acci-

696 1454 862 1522 piam.

766 1544 854 1596 83.
883 1543 1022 1607 Quia
1051 1541 1223 1610 factus
1244 1556 1359 1593 sum
1377 1539 1511 1593 sicut
1535 1547 1649 1590 uter
1670 1537 1724 1589 in
1756 1535 1966 1604 pruina.
2000 1531 2139 1587 Justi
2156 1529 2256 1586 etsi

697 1635 938 1688 viventes
971 1634 1098 1699 sint,
1134 1632 1290 1701 quasi
1315 1631 1514 1685 mortui
1546 1645 1611 1684 ex
1639 1626 1896 1683 aerumnis
1925 1623 2255 1684 efﬁciuntur,

699 1727 770 1779 ita
805 1735 864 1780 ut
898 1724 1109 1779 utribus
1137 1723 1309 1791 magis
1350 1736 1511 1790 quam
1551 1718 1864 1773 hominibus
1895 1715 2096 1770 similes
2127 1713 2254 1778 sint,

2358 553 2465 599 νος,
2495 535 2630 588 ἀλλὰ
2661 534 2754 587 καὶ
2785 534 2941 594 ὁτοῖς
2969 531 3130 592 θείοις
3190 527 3526 598 ἐντυγχάνων
3580 525 3806 594 λογίοις,
3843 525 3942 578 καὶ

2356 627 2453 696 τὴν
2475 625 2678 678 τούτων
2702 623 2936 677 διάνοιαν
2987 619 3322 690 καταμαθεῖν
3350 617 3592 689 ἀκριϐῶς
3625 617 3939 685 ἐφιέμενος,

2358 718 2450 770 καὶ
2483 715 2825 787 παράκλησιν
2880 713 2975 766 κα)⁸
3019 711 3370 781 ψυχαγωνίαν
3421 707 3798 779 ὑπολαμϐάνει
3839 705 3942 776 τὴν

2358 805 2588 876 εὕρεσιν.

2438 895 2751 960 Ἐξέλιπον
2777 894 2832 946 oi
2862 891 3155 960 ὀφθαλμοί
3172 907 3291 960 μου
3329 891 3416 954 εὶς
3441 887 3509 941 τὸ
3560 888 3774 956 λόγιόν
3796 901 3936 938 σου.

2358 986 2450 1049 Εἰς
2473 985 2562 1038 τὸν
2595 984 2796 1056 Κύριον
2815 982 2972 1053 ήμῶν
3019 981 3222 1050 Ἰησοῦν
3245 980 3499 1051 Χριστὸν,
3546 979 3734 1047 φησίν.
3767 975 3940 1029 Αὑτὸν

2363 1077 2471 1149 γὰρ
2498 1078 2714 1146 ἔχομεν
2758 1071 3143 1142 παράκλητον
3188 1071 3336 1138 πρὸς
3381 1071 3488 1124 τὸν
3514 1068 3769 1136 Πατέρα,
3797 1066 3940 1120 κατά

2356 1170 2454 1242 τὴν
2490 1169 2582 1222 τοῦ
2608 1166 2901 1222 ἀποστόλου
2945 1165 3154 1236 φωνήν·
3195 1161 3292 1216 καὶ
3316 1161 3497 1226 αὐτὸς
3526 1160 3784 1228 ἱλασμός
3808 1159 3941 1210 ἐστι

2357 1260 2490 1330 περὶ
2518 1260 2637 1314 τῶν
2667 1257 2964 1328 ἁμαρτιῶν
2988 1255 3176 1325 ἡμῶν.
3209 1253 3520 1321 Λέγοντες,
3569 1251 3717 1303 πότε
3746 1263 3938 1315 παρα-

2357 1352 2633 1418 καλέσεις
2659 1367 2776 1421 με;
2805 1351 2974 1404 Ὅταν
3006 1347 3114 1417 γὰρ
3134 1347 3458 1416 ἐπιδημήσει
3490 1359 3577 1414 μοι
3602 1342 3784 1409 λόγος,
3816 1341 3940 1392 τότε

2359 1443 2676 1517 παρακαλοῦ
2684 1461 2801 1512 μαι.

2432 1537 2561 1588 Ὅτι
2589 1533 2881 1605 ἐγενήθην
2906 1531 3049 1586 ὡσεὶ
3087 1530 3281 1594 ἀσκὸς
3329 1527 3398 1580 ἐν
3450 1524 3677 1592 πάχνη.
3731 1524 3942 1593 Νεκροὶ

2361 1628 2458 1699 μὲν
2483 1627 2679 1699 μᾶλλον
2699 1627 2749 1680 οἱ
2781 1624 2979 1689 ζῶντες
3002 1623 3106 1677 ὑπὸ
3132 1622 3239 1674 τῶν
3279 1616 3570 1672 κακώσεων
3615 1617 3862 1685 γίνονται
3892 1618 3942 1668 οἱ

2357 1719 2574 1784 δίκαιοι,
2604 1719 2679 1782 ὡς
2705 1718 2889 1780 ἀσκοῖς
2919 1716 3152 1769 ἐοικέναι
3187 1712 3381 1783 μᾶλλον
3409 1710 3441 1781 ἢ
3467 1708 3779 1780 ἀνθρώποις
3808 1709 3943 1761 ἀπο-

696 1817 1109 1886 refrigescentes
1134 1812 1290 1882 quasi
1325 1811 1514 1880 pruina
1543 1808 1844 1878 congelata,
1880 1805 1972 1875 qui
2009 1804 2254 1858 ardorem

2362 1811 2646 1880 ψυχόμενοι
2668 1808 2917 1880 καθάπερ
2945 1807 3124 1878 πάχνη
3151 1801 3622 1876 περιπηγνυμένη,
3645 1801 3708 1854 τὸ
3739 1800 3941 1870 θερμὸν

697 1906 950 1975 practiea:
986 1904 1108 1958 vitae
1132 1903 1459 1971 delegerunt.
1493 1898 1764 1968 Ejusdem.
1811 1894 1940 1950 Uter
1975 1896 2027 1949 iu
2062 1893 2255 1964 pruina

697 1996 946 2059 edicitur,
977 1994 1070 2064 qui
1099 2007 1318 2048 carnem
1354 2006 1509 2046 suam
1549 1991 1806 2050 exsiccat,
1836 1998 1890 2043 et
1939 1987 2072 2040 nihil
2108 1985 2162 2038 in
2191 1999 2257 2038 ea

698 2087 910 2142 ardoris
943 2094 996 2139 et
1023 2083 1475 2152 concupiscentia
1516 2080 1791 2150 relinquit,
1833 2078 1925 2133 sed
1955 2091 2072 2131 eam
2100 2073 2256 2146 quasi

700 2179 1003 2247 refrigerat.

768 2270 855 2324 84.
890 2269 1026 2333 Quot
1059 2275 1180 2320 sunt
1208 2265 1318 2317 dies
1344 2263 1480 2317 servi
1509 2264 1582 2316 tui
1599 2261 1799 2316 I’Pauci
1821 2260 1964 2315 enim
1990 2265 2117 2313 sunt
2140 2256 2257 2311 dies

700 2359 982 2412 hominum
1007 2370 1169 2425 super
1192 2363 1410 2417 terram,
1437 2352 1489 2406 in
1507 2352 1705 2422 quibus
1737 2357 1891 2418 rogat
1922 2348 2101 2402 statim
2128 2358 2260 2399 con-

699 2451 798 2507 teri
834 2449 1084 2504 Satanam
1119 2448 1220 2502 sub
1252 2445 1480 2516 pedibus
1530 2446 1671 2511 ejus,
1708 2450 1768 2496 ut
1796 2441 1976 2494 anima
2004 2435 2260 2507 subjicia-

699 2553 785 2596 tur
817 2541 997 2595 divino
1022 2537 1194 2593 Verbo
1223 2539 1275 2591 in
1306 2551 1426 2590 eam
1454 2534 1721 2588 immisso.

771 2717 860 2771 85.
888 2714 1244 2768 Narraverunt
1263 2713 1390 2766 mihi
1416 2712 1582 2782 iniqui
1609 2709 1980 2780 fabulationes.
2013 2706 2121 2759 Aut
2143 2719 2260 2758 ant-

703 2810 780 2863 les
821 2808 1028 2862 fabu‘las
1072 2819 1226 2861 vocat
1267 2804 1576 2860 Iudaeorum
1629 2800 1955 2859 doctrinam,
1996 2805 2092 2852 aut
2124 2809 2262 2865 pra:-

703 2907 853 2967 cepta
911 2895 1189 2950 hominum
1246 2902 1300 2949 et
1352 2906 1521 2961 nugas
1562 2888 1886 2960 sapientium
1942 2885 2106 2954 hujus
2160 2897 2260 2937 sat—

703 2989 830 3043 culi.

774 3079 861 3133 86.
903 3077 1094 3132 Omnia
1135 3076 1385 3130 mandata
1415 3082 1504 3128 tua
1535 3072 1747 3136 veritas,
1786 3069 1961 3140 inique
2004 3065 2260 3138 persecuti

702 3180 820 3222 sunt
858 3184 957 3230 me,
991 3167 1181 3236 adjuva
1206 3181 1304 3219 me.
1356 3162 1569 3219 Gnarus
1612 3158 1746 3215 sein
1791 3138 1974 3213 divino
2005 3152 2261 3210 tribunali
2287 3138 2332 3199 C-

705 3257 1004 3310 mereedem
1050 3265 1393 3325 accepturum
1442 3267 1539 3323 pro
1583 3251 1650 3304 iis
1677 3261 1799 3317 quae
1828 3248 2027 3315 injuste
2067 3258 2262 3315 passus

703 3360 805 3412 est,
824 3350 983 3420 gestit
1005 3349 1135 3404 illud
1159 3358 1367 3418 tempus
1393 3345 1596 3399 videre.

774 3442 861 3496 87.
889 3439 1058 3492 Paulo
1083 3441 1254 3491 minus
1276 3442 1761 3490 consummaverunt
1793 3447 1870 3486 me
1893 3432 1948 3485 in
1972 3441 2132 3484 terra.
2154 3426 2262 3482 Pa-

706 3549 823 3588 rum
854 3531 1028 3620 abluit
1051 3531 1183 3600 quin
1219 3543 1285 3583 ex
1327 3542 1424 3582 sua
1459 3525 1832 3598 persecutione
1877 3539 1965 3580 me
2006 3537 2264 3579 consum—

709 3631 938 3676 marent.
985 3627 996 3643 ‘
1011 3620 1029 3646 κ

776 3712 861 3768 38.
891 3710 1187 3766 Secundum
1215 3708 1634 3763 misericordiam
1673 3715 1819 3758 tuam
1855 3703 2060 3772 viciﬁca
2090 3718 2188 3767 me,
2212 3712 2264 3755 et

707 3805 998 3857 custodiam
1026 3801 1322 3856 testimonia
1351 3799 1454 3851 oris
1485 3796 1581 3849 tui.
1608 3793 1681 3849 Os
1716 3793 1808 3848 Dei
1839 3803 1965 3848 sunt
1992 3791 2265 3863 prophetae

705 3902 796 3972 qui
823 3899 1204 3954 administrant
1233 3894 1561 3960 testimonia,
1597 3900 1884 3962 praecepta,
1913 3887 2262 3960 iustiﬁcatio—

708 4007 803 4046 nes
833 3991 970 4059 ejus.

774 4079 1140 4145 In'wternum,
1173 4076 1416 4142 Domine,
1453 4077 1661 4129 uerbum
1713 4086 1859 4126 tuum
1901 4078 2163 4140 permanet
2208 4070 2263 4122 in

711 4179 857 4232 ctelo.
903 4176 960 4230 In
993 4174 1236 4245 profectu
1281 4179 1557 4230 versatur.
1589 4176 1642 4220 et
1670 4164 1987 4221 sublimiora
2018 4163 2265 4232 dogmata

707 4269 955 4338 attingit,
994 4276 1155 4334 atque
1191 4273 1450 4317 aeternum
1484 4257 1661 4312 Patris
1703 4253 1938 4308 Verbum
1999 4251 2263 4317 meminit,

710 4370 764 4413 et
797 4366 1006 4412 tantum
1051 4370 1158 4408 non
1195 4351 1326 4406 illud
1360 4370 1373 4402 :
1411 4347 1478 4401 In
1522 4345 1777 4418 principio
1815 4351 1931 4398 erat
1979 4340 2200 4396 Verbum
2220 4341 2264 4371 ⁸⁸

707 4449 868 4514 dicit;
894 4449 1066 4515 deque
1094 4443 1329 4498 universi
1355 4449 1544 4495 ornatu
1580 4437 1838 4507 loquitur,
1863 4443 1917 4489 et
1945 4435 2088 4490 clare
2108 4441 2266 4486 natu-
2293 4476 2343 4536 υ

710 4557 822 4595 ram
853 4553 1032 4594 rerum
1067 4550 1280 4590 omnem
1310 4547 1520 4588 servam
1548 4531 1666 4597 ejus
1696 4534 1870 4581 vocat.

774 4713 954 4771 89.!n
985 4711 1363 4783 generationem
1407 4717 1456 4760 et
1499 4703 1879 4775 generationem
1925 4701 2116 4753 veritas
2148 4707 2263 4750 tua.

710 4807 837 4862 Duae
867 4814 994 4862 sunt
1014 4800 1386 4874 generationes
1414 4811 1534 4866 qua:
1555 4794 1649 4848 Dei
1687 4793 1968 4846 veritatem
2000 4790 2223 4858 capiunt
2249 4805 2262 4840 :

707 4898 1015 4954 Iudaeorum
1049 4893 1298 4964 populus,
1327 4889 1421 4960 qui
1457 4887 1617 4940 habet
1656 4885 1827 4954 legem
1856 4889 1909 4936 et
1941 4881 2264 4950 prephetas,

709 4998 764 5043 et
796 4985 1057 5042 Ecclesia.
1082 4983 1201 5038 Non
1232 4982 1284 5035 in
1315 4977 1684 5048 generationes
1710 4977 1891 5043 itaque
1921 4973 2121 5026 veritas
2150 4968 2265 5031 Dei,

712 5080 805 5134 sed
830 5081 882 5133 in
915 5075 1313 5147 generationem
1341 5071 1572 5140 primam
1595 5076 1648 5122 et
1681 5068 1733 5121 in
1758 5065 2158 5136 generationem
2186 5077 2260 5116 se-

714 5171 966 5225 cundam.
1008 5167 1140 5220 Aliae
1179 5173 1357 5218 autem
1406 5168 1590 5229 gentes
1636 5157 1690 5210 in
1725 5169 1910 5209 errore
1959 5160 2264 5207 versantur.

711 5265 846 5317 Cum
872 5270 1049 5315 autem
1087 5258 1232 5327 prior
1256 5255 1341 5308 illa
1385 5250 1663 5322 generatio
1685 5246 1872 5316 rejecit
1907 5246 2183 5299 veritatem
2214 5251 2268 5296 et

712 5353 884 5406 dixit:
917 5349 1080 5411 Tolle,
1134 5347 1254 5399 tolle
1279 5347 1320 5375 οι
1371 5345 1436 5397 de
1477 5350 1617 5395 terra
1643 5337 1984 5408 huiusmodi,
2019 5335 2268 5390 transivit

715 5444 910 5496 veritas
938 5442 1005 5494 ah
1036 5439 1122 5492 illa
1151 5438 1202 5490 in
1233 5436 1372 5490 hanc
1402 5431 1825 5504 generationem.
1865 5427 2123 5481 Fundasti
2159 5435 2263 5478 ter-

713 5549 827 5584 ram
849 5542 896 5584 et
919 5539 1200 5598 permanet.
1231 5525 1340 5579 Hac
1373 5525 1592 5578 veritate
1640 5531 1784 5575 terra
1825 5518 2039 5572 fundata
2067 5527 2166 5571 est.
2211 5515 2264 5568 ln

715 5625 814 5676 hoc
854 5622 996 5675 enim
1023 5619 1263 5688 augulari
1318 5614 1494 5684 lapide
1537 5617 1588 5666 in
1627 5611 2033 5665 fundamentum
2068 5608 2265 5676 posito,

783 5731 826 5762 "
858 5728 1052 5784 llo-an.
1087 5745 1142 5789 ιι,
1170 5731 1221 5779 *2.
1299 5723 1516 5777 “Joau.
1550 5740 1586 5788 ι,
1622 5723 1669 5774 1.
1727 5721 1766 5752 ⁶¹
1798 5719 1956 5773 Joau.
1992 5734 2100 5774 XIX.
2139 5718 2223 5770 15.

2359 1902 2454 1954 καὶ
2489 1899 2785 1972 πρακτικὸν
2837 1895 3277 1968 προαιρούμενοι.
3337 1891 3445 1944 Τοῦ
3490 1890 3700 1943 αὑτοῦ.
3748 1891 3942 1952 Ἀσκὸς

2361 1993 2416 2043 ἐν
2448 1991 2628 2062 πάχνη
2657 1991 2862 2058 γίνεται
2885 1991 2912 2041 ὁ
2934 1988 3031 2058 τὴν
3058 1985 3250 2039 ἐαυτοῦ
3280 1983 3458 2054 σάρκα
3486 1980 3820 2051 κατατήξας,
3844 1984 3940 2033 καὶ

2365 2084 2529 2154 μηδὲν
2559 2085 2616 2136 ἐν
2646 2080 2794 2150 αύτῷ
2818 2079 3068 2151 πυρῶδες
3120 2076 3212 2131 καὶ
3245 2073 3636 2144 ἐπιθυμητικὸν
3665 2071 3795 2134 ἐῶν,
3826 2071 3940 2124 ἀλλ’

2361 2173 2639 2242 ἀποψύξας
2667 2166 2852 2241 ὥσπερ
2883 2170 3074 2238 αὑτήν.

2427 2268 2617 2318 Πόσαι
2649 2265 2806 2316 εἰσιν
2837 2263 2892 2312 αἱ
2912 2259 3120 2327 ἡμέραι
3146 2255 3250 2309 τοῦ
3272 2255 3492 2309 δούλου
3522 2269 3678 2316 σου;
3731 2252 3942 2319 Ὀλίγαι

2363 2355 2470 2424 γὰρ
2500 2356 2555 2406 αἱ
2582 2352 2689 2406 τῶν
2721 2349 3020 2422 ἀνθρώπων
3052 2346 3255 2417 ἡμέραι
3303 2345 3393 2397 ἐπὶ
3418 2344 3517 2413 τῆς
3552 2344 3676 2413 γῆς,
3731 2346 3791 2395 ἐν
3851 2337 3939 2402 αἷς

2363 2446 2578 2517 εὔχεται
2625 2442 2824 2505 εὐθέως
2866 2439 3218 2510 συντριϐῆναι
3241 2436 3331 2489 τὸν
3374 2436 3617 2488 Σατανᾶν
3667 2433 3774 2487 ὑπὸ
3817 2435 3944 2496 τοὺς

2363 2538 2529 2600 πόδας
2558 2533 2742 2596 αὐτοῦ,
2775 2533 2849 2595 ὡς
2875 2531 2943 2585 ἂν
2971 2530 3322 2583 ὑποτάσσοιτο
3346 2526 3441 2598 τὴν
3467 2525 3646 2596 ψυχὴν
3676 2524 3770 2576 τοῦ
3797 2523 3942 2576 θείου

2363 2630 2536 2696 Λόγου
2562 2626 2842 2695 γεγονότος
2874 2615 2930 2674 ἐν
2950 2621 3107 2691 αὐτῇ.

2435 2715 2808 2786 Διηγήσαντό
2872 2729 2974 2782 μοι
3026 2709 3354 2778 παράνομοι
3413 2706 3801 2774 ἀδολεσχίας.
3862 2705 3935 2758 Ἢ

2364 2811 2487 2873 τοὺς
2513 2807 2776 2880 γραώδεις
2805 2804 3004 2876 μύθους
3027 2801 3136 2856 τῶν
3177 2800 3442 2853 Ἰουδαίων
3485 2799 3620 2870 φησὶ
3667 2797 3768 2860 τὰς
3792 2797 3941 2855 διδα-

2365 2903 2611 2965 σκαλίας,
2637 2902 2670 2972 ἢ
2701 2898 2884 2954 καὶτὰ
2903 2897 3208 2967 ἐντάλματα
3229 2893 3336 2947 τῶν
3364 2891 3688 2961 ἀνθρώπων,
3723 2901 3820 2943 και
3842 2897 3944 2950 τας

2367 2990 2628 3063 φλυαρίας
2658 2990 2766 3043 τῶν
2805 2989 2982 3057 σοφῶν
3008 2987 3102 3040 τοῦ
3124 2985 3316 3047 αἰῶνος
3342 2982 3549 3035 τούτου.

2436 3080 2628 3136 Πᾶσαι
2673 3083 2731 3133 αὶ
2761 3078 3001 3132 ἐντολαί
3024 3093 3139 3131 σου
3172 3073 3423 3142 ἀλήθεια
3442 3086 3456 3100 ⁸
3511 3071 3731 3138 ἀδίκως
3774 3086 3942 3124 κατε-

2364 3173 2587 3238 δίωξαν
2626 3189 2722 3242 με’
2759 3168 3079 3237 βοήθησόν
3129 3185 3250 3236 μοι.
3301 3165 3490 3229 Εἰδὼς,
3529 3164 3605 3226 ὡς
3627 3165 3686 3216 ἐν
3712 3162 3788 3233 τῷ
3815 3161 3944 3232 θείῳ

2362 3266 2694 3337 δικαστηρίῳ
2719 3262 3052 3334 ἀπολήψεται
3079 3261 3217 3331 ὑπὲρ
3249 3254 3324 3314 ὧν
3370 3257 3635 3312 πέπονθεν
3690 3256 3939 3320 ἀδικιιῖιν,

2362 3356 2670 3410 ἐπισπεύδει
2700 3356 2825 3408 ἰδεῖν
2855 3352 3042 3422 καιρὸν
3064 3352 3287 3404 ἐκεῖνον.

2431 3445 2597 3513 Παρὰ
2623 3443 2822 3512 ,ϐραχὺ
2853 3439 3266 3498 συνετέλεσαν
3287 3455 3364 3510 με
3392 3437 3460 3493 ἐν
3488 3435 3563 3505 τῇ
3591 3434 3688 3506 τῇ.
3723 3435 3940 3506 Μικροῦ

2361 3538 2467 3591 δεῖν
2497 3539 2563 3591 ἐκ
2587 3535 2680 3591 τοῦ
2708 3533 2947 3606 διωγμοῦ
2970 3532 3167 3588 αὐτῶν.

2433 3693 2593 3749 Κατὰ
2618 3691 2685 3746 τὸ
2722 3690 2894 3756 ἔλεός
2929 3705 3044 3744 σου
3066 3688 3250 3756 ζῆσόν
3276 3701 3375 3754 με,
3427 3683 3526 3737 καὶ
3559 3680 3816 3751 φυλάξω
3871 3679 3942 3731 τὰ

2359 3786 2655 3853 μαρτύρια
2704 3783 2812 3836 τοῦ
2845 3781 3144 3848 στόματός
3178 3794 3314 3832 σου.
3351 3775 3533 3847 Στόμα
3563 3772 3700 3828 Θεοῦ
3728 3775 3778 3825 ot
3825 3772 3941 3826 δια-

2365 3877 2687 3944 κονὴσαντες
2730 3872 3008 3946 προφῆται
3047 3871 3161 3933 τοῖς
3193 3867 3529 3940 μαρτυρίοις,
3557 3864 3650 3920 καὶ
3673 3863 3935 3927 ἐντολαῖς,

2363 3968 2475 4029 τοῖς
2500 3964 2858 4037 δικαιώμασιν
2889 3962 3076 4018 αὑτοῦ.

2429 4059 2532 4124 Εἰς
2579 4057 2684 4111 τὸν
2729 4055 2932 4122 αἰῶνα,
2979 4054 3174 4121 Κύριε,
3211 4054 3243 4105 ὀ
3276 4049 3461 4118 λόγος
3499 4062 3618 4102 σου
3679 4044 3940 4114 διαμένει

2364 4151 2434 4203 ἐν
2462 4148 2542 4214 τῷ
2573 4146 2823 4216 οὐρανῷ.
2868 4147 2955 4199 Ἐν
2987 4145 3235 4214 προκοπῇ
3271 4140 3572 4211 γινόμενος,
3621 4136 3718 4190 καὶ
3747 4136 3941 4207 ὑψηλο-

2364 4241 2540 4313 τέρων
2568 4239 2791 4294 ἅπτεται
2838 4237 3143 4309 δογμάτων,
3191 4233 3285 4286 τοῦ
3321 4250 3376 4285 τε
3441 4230 3609 4284 ἀῖδίου
3645 4229 3822 4298 Λόγου
3848 4225 3938 4280 τοῦ

2367 4333 2578 4406 Πατρδς
2631 4330 2998 4403 μνημονεύων,
3033 4328 3126 4380 καὶ
3175 4322 3454 4396 μονονουχὶ
3487 4322 3566 4375 τό·
3635 4321 3733 4372 Ἐν
3783 4317 3940 4388 ἀρχῇ

2367 4421 2445 4494 ἦν
2467 4427 2499 4477 ό
2530 4422 2737 4492 Λόγος,
2781 4420 2973 4488 λέγων,
3005 4419 3099 4471 καὶ
3135 4417 3230 4486 τῆς
3250 4412 3658 4482 διακοσμήσεως
3678 4407 3774 4460 τοῦ
3807 4424 3939 4460 παν·

2367 4517 2475 4579 τὸς,
2508 4512 2690 4582 σαφῶς
2742 4528 2802 4564 τε
2847 4509 3038 4580 δούλην
3077 4503 3240 4561 αὑτοῦ
3269 4503 3367 4574 τὴν
3413 4501 3705 4571 σύμπασαν
3760 4498 3942 4550 κτίσιν

2366 4609 2647 4663 ἀποκαλεῖ.

2437 4707 2540 4768 Εἰς
2581 4701 2791 4771 γενεὰν
2816 4696 2912 4751 καὶ
2939 4693 3153 4764 γενεὰν
3176 4693 3213 4759 ἠ
3245 4687 3494 4754 ἀλήθειά
3517 4700 3653 4738 σου.
3685 4682 3791 4735 Δύο
3838 4681 3940 4733 εἰσὶ

2365 4795 2568 4864 γενεαὶ,
2618 4795 2672 4847 αἱ
2705 4791 3020 4863 χωρήσασαι
3045 4786 3141 4856 τὴν
3173 4782 3262 4836 τοῦ
3313 4778 3473 4846 Θεοῦ,
3495 4775 3778 4844 ἀλήθειαν,
3817 4773 3846 4826 ὅ
3880 4789 3937 4824 τε

2364 4887 2472 4939 τῶν
2507 4883 2775 4938 Ἰουδαίων
2833 4880 2958 4942 λαὸς
2997 4878 3132 4949 ἔχων
3161 4876 3252 4928 τὸν
3294 4870 3455 4941 νόμον
3513 4866 3606 4920 καὶ
3644 4865 3771 4926 τοὺς
3805 4880 3936 4932 προ-

2367 4977 2560 5045 φήτας,
2587 4975 2679 5027 καὶ
2704 4976 2738 5045 ἠ
2779 4969 3079 5040 Ἐκκλησίαν
3148 4967 3260 5019 Οὐκ
3289 4964 3370 5026 είς
3401 4957 3592 5029 γενεὰς
3623 4952 3716 5009 οὖν
3740 4956 3774 5024 ἡ
3812 4953 3939 5045 ἀλή-

2367 5044 2485 5120 θεια
2514 5065 2606 5119 τοῦ
2635 5044 2792 5126 Θεοῦ,
2819 5062 2930 5115 ἀλλ’
2955 5063 3030 5122 εἰς
3056 5057 3247 5126 γενεὰν
3282 5055 3379 5126 τὴν
3429 5048 3698 5121 προτέραν
3740 5044 3837 5098 καὶ
3862 5045 3938 5104 είς

2366 5159 2556 5227 γενεὰν
2582 5157 2678 5228 τὴν
2707 5155 2981 5224 δευτέραν.
3017 5153 3096 5205 Τὰ
3133 5150 3190 5203 δὲ
3223 5147 3353 5202 ἄλλα
3383 5145 3508 5213 ἔθνη
3544 5139 3934 5228 πεπλάνηνται.

2369 5253 2495 5303 Ὅτε
2517 5250 2572 5302 δὲ
2600 5227 2690 5301 καὶ
2715 5251 2748 5318 ἡ
2779 5245 3016 5317 προτέρα
3046 5239 3206 5312 γενεά
3262 5236 3482 5303 ἐξέϐαλε
3528 5231 3626 5303 τὴν
3658 5227 3933 5318 ἀλήθειαν,

2367 5341 2459 5394 καὶ
2495 5337 2665 5392 εἶπεν·
2703 5316 2859 5400 Aine,
2887 5332 3015 5402 αἶρε
3057 5331 3164 5386 ἀπὸ
3198 5329 3298 5398 τῆς
3363 5327 3466 5395 γῆς
3517 5322 3607 5376 τδν
3658 5316 3933 5377 τοιοῦτον,

2370 5431 2734 5502 μεταϐἐδηκεν
2760 5431 2793 5498 ὴ
2815 5427 3036 5496 ἀλήθεια
3092 5424 3186 5477 ἀπ’
3214 5421 3428 5488 ἐκείνης
3476 5415 3574 5485 τῆς
3618 5411 3812 5502 γενεᾶς
3845 5405 3934 5502 ἐπι

2365 5497 2567 5591 ταύτην
2611 5497 2706 5590 τὴν
2761 5497 2955 5586 γενεάν
3014 5513 3438 5573 Ἐθευελιωσας
3499 5504 3616 5572 τὴν
3669 5501 3792 5572 τῆν
3841 5497 3931 5552 καὶ

2366 5613 2642 5681 διαμένει.
2680 5613 2861 5680 Ταύτῃ
2893 5611 2948 5662 δὲ
2981 5611 3045 5678 τῇ
3101 5603 3323 5674 ἁληθειᾳ
3421 5600 3490 5671 γῆ
3526 5591 3928 5666 τεθεμελίωται.
