4070 6434
140 431 236 484 49Ἰ

1218 420 1584 478 EXPOSITID
1625 420 1687 474 IN
1729 419 2059 476 I’SALMUM
2100 416 2330 475 CXVIII.

3275 416 3377 471 493

153 545 273 598 Ἐπὶ
294 549 471 599 τούτω
491 543 599 614 γὰρ
615 543 691 612 τῷ
716 541 1086 613 ἁκρογωνιαίῳ
1107 540 1236 612 λίθῳ
1257 538 1560 608 καταϐεϐλη
1570 537 1702 609 μένῳ

1815 537 2150 591 aedilicantur
2168 548 2359 589 omnes
2382 532 2663 601 terrigenae
2689 529 2782 600 qui
2803 529 3033 584 salutem
3063 528 3203 583 nacti
3226 536 3373 583 sunt.

139 633 374 705 θεμελίῳ
402 633 802 704 οίκοδομοῦνται
850 634 1046 696 πάντες
1071 633 1118 686 οἱ
1150 633 1212 685 ἐκ
1259 632 1362 701 γῆς
1396 630 1708 700 σωζόμενοι.

140 726 300 780 Ὅθεν
353 728 446 780 καὶ
478 726 721 796 διαμένει
749 729 780 796 ἡ
812 726 904 795 γῆ,
938 725 1154 796 ἀρραγῆ
1180 725 1274 778 καὶ
1323 723 1537 794 ἀσφαλῆ
1573 739 1678 793 κρη

138 819 266 871 πίδα
292 820 390 872 καὶ
417 817 662 888 θεμέλιον
696 817 909 887 ἔχουσα.
956 815 1114 869 Ἀλλά
1147 817 1240 870 καὶ
1288 816 1391 887 γῆν
1432 815 1712 884 φωτίσασα

137 910 442 981 ἡάλὴθεια
501 911 713 982 ἡμέραν
782 909 1041 980 ἐποίησε,
1098 908 1233 962 Θεοῦ
1307 907 1711 978 ἐπιλάμψαντος

136 1003 327 1070 αὑτήν.

207 1093 289 1162 Τῇ
321 1092 583 1157 διατάξει
611 1107 726 1146 σου
771 1090 1030 1160 διαμένει
1081 1088 1288 1158 ἡμέρα,
1344 1089 1433 1142 ὅτι
1462 1088 1533 1141 τὰ
1558 1089 1709 1157 σύμ-

132 1201 335 1238 παντα
382 1183 574 1238 δοῦλὰ
632 1200 752 1237 σοι.
812 1183 924 1236 Οὐκ
969 1181 1358 1251 ἀλλαττομένη,
1395 1180 1514 1232 οὺδέ
1558 1179 1710 1240 τέλος

131 1276 508 1346 λαμϐάνουσα,
558 1275 633 1337 ὼς
687 1276 715 1327 ὁ
758 1275 896 1328 κατά
922 1273 1019 1344 τὴν
1075 1272 1315 1326 Παλαιὰν
1353 1271 1570 1342 Γραφὴν
1598 1288 1709 1340 φω-

131 1367 345 1436 τισμὸς.
395 1367 546 1420 Ἐπεὶ
575 1367 669 1418 καὶ
695 1365 857 1436 μέχρι
893 1363 1086 1436 καιροῦ
1121 1362 1454 1434 διορθώσεως
1482 1363 1703 1416 τέθειτο.

132 1457 318 1511 Ταῦτα
343 1458 401 1510 δέ
429 1458 604 1511 πάντα
631 1457 736 1510 ὑπὸ
775 1455 912 1509 Θεοῦ
949 1456 1242 1525 ὑπῆρκται.
1309 1454 1567 1537 Ἐπείπερ
1593 1455 1709 1505 κτί-

131 1565 261 1602 στου
297 1550 394 1602 καὶ
439 1546 735 1621 προνοητοῦ
758 1548 931 1612 ὄντος,
955 1547 1115 1613 δοῦλα
1139 1549 1207 1602 τὰ
1243 1547 1530 1619 σύμπαντά
1559 1550 1706 1600 ἐστιν

127 1641 320 1695 αὑτοῦ.

193 1734 264 1785 El
285 1732 374 1801 μὴ
402 1734 435 1786 ό
458 1730 642 1801 νόμος
674 1746 791 1787 σου
837 1735 1059 1802 μελέτη
1083 1732 1202 1801 μού
1227 1732 1358 1786 ἐστι
1380 1773 1396 1798 ,
1453 1731 1584 1784 τότε
1630 1729 1706 1784 ἂν

126 1823 460 1892 ἀπωλόμην
517 1823 585 1877 ὲν
613 1822 689 1892 τῇ
717 1822 1068 1878 ταπεινώσει
1115 1840 1252 1893 μου.
1312 1822 1702 1884 Είσϐαλόντων,

128 1917 285 1987 φησὶ,
322 1916 428 1971 τῶν
457 1915 708 1987 πονηρῶν
731 1916 1024 1988 λογισμῶν,
1049 1918 1144 1970 καὶ
1181 1916 1288 1970 τῶν
1322 1916 1705 1986 ἀντικειμένων

123 2009 414 2078 δυνάμεων
447 2007 824 2078 πολεμούντων
857 2008 1002 2077 ἐμοὶ,
1028 2005 1174 2078 εἶχον
1201 2005 1267 2060 ἂν
1294 2006 1607 2070 ἀπολέσθαι,
1658 2009 1705 2060 εί

127 2098 206 2169 μὴ
227 2099 255 2151 ό
287 2097 377 2162 σὸς
405 2098 568 2168 νόμος
599 2100 678 2162 εἰς
709 2099 988 2170 στήριγμα
1010 2098 1247 2167 ἐγένετο.

195 2193 305 2256 Εἰς
329 2188 433 2242 τόν
457 2188 642 2244 αἰῶνα
672 2193 743 2246 οὺ
793 2190 880 2259 μὴ
907 2190 1272 2260 ἐπιλάθωμαι
1316 2187 1435 2244 τῶν
1480 2189 1706 2242 δικαιω-

118 2294 329 2346 ματων
358 2291 493 2341 σου,
542 2276 632 2331 ὅτι
685 2279 756 2332 ἐν
786 2279 989 2343 αὐτοῖς
1030 2278 1248 2347 ἕζησάς
1292 2295 1383 2348 με.
1440 2279 1563 2340 Τοῖς
1593 2280 1703 2341 σοῖς

122 2369 317 2439 νόμοις
343 2369 567 2440 ὄψομαι,
600 2371 784 2441 φησίν·
825 2370 930 2434 ’ἐξω
961 2370 1070 2442 γὰρ
1098 2373 1156 2424 ἐν
1195 2372 1378 2434 αὐτοῖς
1411 2370 1506 2442 τὴν
1536 2370 1700 2440 ζωὴν,

122 2459 354 2531 καθάδὴ
380 2478 468 2530 μοι
497 2461 590 2514 καί⁵
619 2461 866 2532 εἴρηκας,
910 2463 997 2515 ὄτι
1045 2466 1077 2517 ὁ
1118 2462 1377 2532 ποιήσας
1415 2463 1566 2517 αὐτὰ
1603 2464 1705 2517 άν-

120 2555 360 2621 θρωπος
403 2551 640 2623 ζήσεται
693 2554 762 2606 ἐν
800 2553 1024 2620 αὐτοῖς.
1081 2554 1197 2608 Ζῶν
1243 2550 1335 2609 οῦν
1387 2555 1544 2625 μόνος
1569 2557 1597 2607 ό
1622 2555 1701 2608 δί-

121 2663 304 2710 καιος,
340 2645 444 2700 κᾶν
474 2645 791 2716 τεθνηκέναι
817 2646 967 2717 δοκῇ·
991 2646 1175 2718 νεκροὶ
1204 2647 1260 2700 δέ
1290 2648 1339 2700 oi
1378 2647 1572 2713 ἄδικοι,
1599 2647 1703 2701 κᾶν

121 2731 226 2801 ζῇν
261 2730 579 2800 φαίνωνται.
629 2731 853 2784 Ἐκεῖνοι
912 2731 1010 2801 μὲν
1048 2732 1155 2803 γὰρ
1185 2729 1282 2802 τὴν
1312 2731 1407 2801 τῆς
1437 2729 1580 2802 ζωῆς
1612 2731 1704 2784 σύ-

121 2839 320 2878 στασιν
350 2825 410 2877 ἐν
439 2824 651 2886 ἑαυτοῖς
678 2823 879 2892 ἔχουσι,
902 2824 999 2892 τὴν
1029 2824 1387 2894 δικαιοσύνηνο
1412 2825 1459 2876 οί
1491 2823 1547 2876 δὲ
1573 2823 1703 2878 ταύ-

121 2930 228 2982 την
258 2914 360 2965 οὐκ
379 2912 593 2983 ἔχοντες
625 2919 734 2977 τοῖς
788 2914 848 2966 ού
893 2914 1022 2985 παρ’
1067 2913 1294 2977 ἑαυτῶν,
1347 2913 1462 2966 ἀλλ’
1507 2914 1701 2980 ἔξωθεν

118 3005 461 3075 κινουμένοις
493 3005 720 3076 ἀψύχοις
746 3005 1002 3059 ἐοίκασιν.

194 3094 316 3160 Σός
351 3095 624 3165 ειμιὲγὼ,
673 3095 880 3151 σῶσόν
921 3116 1018 3167 με.
1072 3100 1552 3170 Προσυπακούεται
1600 3100 1698 3171 τῷ,

1811 628 2176 696 Quamobrem
2201 634 2443 680 remanet
2472 633 2637 689 terra,
2672 621 2956 707 iufractam
2990 630 3044 675 et
3084 620 3378 676 inconcus-

1810 737 1927 778 sam
1953 720 2108 775 basin
2140 733 2202 774 ac
2224 717 2639 773 fundamentum
2669 715 2894 770 habens.
2933 712 3045 767 Imo
3068 712 3232 767 etiam
3259 713 3375 782 ipsa

1809 814 2009 870 veritas
2053 821 2248 868 terram
2293 811 2573 866 illustrans
2620 809 2759 865 diem
2799 807 3008 873 eti‘ecit,
3068 803 3178 862 Deo
3227 806 3375 861 illam

1808 907 2106 961 emittente.

1875 1099 1963 1155 9i.
2000 1099 2344 1156 Ordinatione
2381 1109 2474 1152 tua
2501 1107 2791 1167 perseverat
2837 1098 2969 1165 dies,
2991 1097 3241 1168 quoniam
3263 1111 3375 1150 ont-

1809 1190 1901 1244 nia
1931 1191 2160 1244 seruiunt
2188 1191 2304 1243 tibi.
2329 1187 2446 1243 Non
2472 1197 2674 1244 mutata
2695 1203 2868 1258 neque
2893 1188 3052 1242 linem
3075 1186 3373 1256 accipiens.

1809 1282 1954 1336 sicut
1990 1280 2316 1336 illuminatio
2361 1281 2450 1334 illa
2483 1295 2605 1350 qua:
2631 1279 2687 1334 in
2714 1277 2895 1334 Veteri
2937 1277 3218 1349 Scriptura
3255 1291 3374 1332 me-

1808 1381 2074 1429 moratur.
2101 1371 2553 1442 Quandoquidem
2579 1386 2753 1442 usque
2777 1371 2843 1425 ad
2865 1371 3217 1426 correctionis
3241 1380 3374 1424 tem-

1808 1476 1908 1530 pus
1932 1461 2111 1531 posita
2136 1470 2239 1515 est.
2267 1459 2392 1515 Haec
2412 1471 2590 1515 autem
2614 1460 2798 1514 omnia
2821 1459 2932 1514 Deo
2949 1459 3193 1529 subjecta
3223 1471 3370 1514 sunt.

1805 1551 1938 1608 Nam
1966 1569 2088 1609 cum
2113 1563 2323 1608 creator
2346 1554 2702 1624 provisorque
2724 1555 2815 1618 sit,
2847 1551 3030 1608 omnia
3063 1552 3164 1622 ipsi
3193 1551 3371 1606 iamu-

1807 1645 2005 1700 lantur.

1876 1736 1965 1791 92.
1995 1734 2120 1789 Nisi
2165 1738 2303 1805 quod
2349 1735 2431 1788 lex
2476 1743 2568 1786 tua
2614 1734 2892 1788 meditatio
2940 1749 3054 1787 mea
3103 1741 3202 1796 est,
3250 1742 3374 1786 tunc

1807 1827 1940 1895 forte
1984 1827 2254 1895 periissem
2288 1826 2344 1878 in
2393 1824 2692 1879 humilitate
2730 1840 2864 1878 mea.
2920 1823 3370 1893 lrrumpentibus,

1811 1919 2007 1989 inquit,
2035 1917 2194 1974 malis
2227 1917 2668 1990 cogitationibus,
2701 1927 2755 1972 et
2776 1917 3105 1973 adversariis
3133 1927 3373 1988 potesta-

1811 2010 1958 2065 tibus
1983 2024 2071 2064 me
2103 2009 2561 2079 oppugnantibus,
2597 2007 2837 2062 futurum
2866 2017 2985 2063 erat
3015 2019 3075 2064 ut
3112 2010 3164 2063 in
3198 2009 3378 2078 perni-

1811 2100 1948 2158 ciem
1982 2100 2139 2165 irem,
2171 2101 2275 2156 nisi
2301 2099 2386 2155 lex
2427 2109 2516 2154 tua
2553 2101 2606 2154 in
2631 2098 2864 2154 fulcrum
2891 2099 3023 2154 mihi
3053 2098 3263 2154 fuisset.
3434 2172 3438 2176 δ

1879 2193 1966 2248 93.
1999 2191 2069 2247 In
2103 2203 2356 2248 wternum
2377 2210 2480 2246 non
2506 2193 2785 2246 obliviscar
2804 2192 3207 2259 iustiﬁcationes
3233 2202 3373 2258 tuas,

1807 2287 1932 2355 quia
1970 2286 2026 2338 in
2064 2286 2192 2354 ipsis
2223 2284 2500 2352 viviﬁcasti
2536 2299 2635 2337 me.
2682 2282 2849 2350 Tuas,
2887 2284 3080 2352 inquit,
3113 2284 3256 2350 leges
3288 2298 3374 2337 re-

1809 2377 2034 2446 spiciam
2066 2395 2078 2431 :
2108 2377 2162 2430 in
2192 2376 2324 2447 ipsis
2361 2375 2506 2430 enim
2553 2377 2658 2428 vita
2705 2373 2875 2440 fruar,
2916 2374 3370 2445 quemadmodum

1810 2480 1866 2523 tu
1897 2468 2013 2538 ipse
2035 2468 2217 2525 dixisti
2245 2467 2403 2544 mihi,
2426 2468 2550 2537 quia
2580 2468 2668 2537 qui
2697 2467 2876 2536 fecerit
2896 2483 2956 2520 ea
2983 2468 3136 2519 homo
3166 2469 3292 2521 vivet
3319 2469 3376 2520 in

1808 2561 1917 2615 illis
1939 2562 2004 2614 ".
2041 2559 2203 2616 Solus
2244 2561 2426 2630 itaque
2461 2561 2644 2631 justus
2689 2561 2836 2628 vivit,
2868 2561 3082 2616 etiamsi
3127 2569 3375 2616 mortuus

1806 2667 1928 2708 esse
1967 2652 2215 2707 videatur
2244 2671 2258 2707 :
2292 2652 2482 2721 injusti
2515 2662 2696 2708 autem
2733 2652 2935 2708 mortui
2963 2663 3124 2716 sunt,
3159 2653 3373 2709 etiamsi

1807 2745 1988 2799 vivere
2033 2744 2341 2799 videantur.
2384 2741 2464 2797 Illi
2493 2759 2732 2814 namque
2751 2745 2889 2802 Vitae
2924 2746 3373 2802 constitutionem

1808 2837 1864 2891 in
1896 2851 1955 2892 se
1981 2836 2201 2898 habent.
2227 2835 2496 2906 justitiam
2549 2837 2794 2902 scilicet;
2825 2837 2880 2891 hi
2929 2847 3117 2893 contra
3147 2853 3270 2894 cum
3303 2840 3371 2894 il-

1808 2931 1913 2982 lam
1949 2943 2059 2982 non
2103 2929 2358 2994 habeant,
2387 2927 2551 2984 rebus
2587 2927 2923 2995 inanimatis,
2953 2944 3061 2984 non
3096 2945 3126 2984 a
3155 2945 3235 2996 se,
3278 2933 3371 2986 sed

1804 3019 2143 3074 extrinsecus
2174 3020 2337 3072 vitam
2368 3017 2716 3084 habentibus,
2747 3018 2956 3075 similes
2982 3029 3126 3075 sunt.

1875 3109 1964 3165 94.
2004 3107 2146 3163 Tuus
2182 3125 2298 3162 sum
2335 3125 2448 3179 ego,
2477 3109 2682 3163 saluum
2735 3126 2816 3164 me
2856 3111 2962 3179 fac.
3014 3111 3370 3177 Subauditur,

121 3188 219 3250 σός
239 3189 354 3256 είμι
388 3187 592 3252 δοῦλος,
631 3189 720 3252 σός
741 3191 855 3260 εἰμι
906 3193 1046 3244 κατὰ
1077 3192 1236 3263 χάριν
1274 3192 1410 3257 υίὸς,
1449 3195 1562 3263 είμὶ
1609 3195 1700 3258 σὸς

1805 3216 1996 3257 servus
2041 3210 2167 3256 tuus
2202 3214 2349 3268 sum,
2383 3199 2528 3255 (ilius
2567 3209 2693 3256 tuus
2722 3216 2818 3270 per
2853 3203 3106 3273 gratiam,
3136 3204 3372 3261 famulus

120 3278 405 3350 θεράπων.

211 3370 345 3440 Ἐμὲ
377 3371 704 3441 ὑπέμειναν
738 3374 1071 3443 ἁμαρτωλοί
1114 3375 1219 3428 τοῦ
1267 3375 1561 3429 ἀπολέσαι
1599 3395 1693 3445 με·

119 3462 197 3515 τὰ
214 3462 510 3530 μαρτύριά
558 3479 673 3517 σου
716 3463 974 3532 συνῆκα.
1040 3466 1183 3518 Ἀντὶ
1216 3465 1331 3530 τοῦ,
1379 3466 1697 3538 ἐμελέτησα,

121 3545 222 3600 καὶ
248 3545 337 3598 διὰ
362 3547 464 3616 τῆς
493 3549 590 3616 σῆς
631 3547 860 3617 μελέτης
913 3549 1188 3618 ἄπρακτον
1218 3550 1395 3602 αὐτῶν
1446 3551 1701 3620 ἀπέφηνα

119 3636 226 3707 τὴν
249 3636 559 3706 ἐπιϐουλήν.

201 3725 411 3794 Πὰσης
436 3729 792 3794 συντελείας
814 3728 979 3783 εἶδον
1011 3731 1217 3801 πέρας,
1260 3734 1510 3787 πλατεῖα
1539 3736 1576 3803 νὴ
1604 3737 1699 3789 ὲν-

120 3817 277 3885 τολή
302 3833 420 3872 σου
441 3818 694 3888 σφόδρα.
727 3820 1038 3874 Συντέ).ειαν
1071 3823 1170 3893 τὴν
1226 3824 1515 3895 ἐπιϐουλήν
1569 3845 1699 3898 φησι

119 3910 226 3982 τὴν
284 3910 437 3980 παρά
486 3908 596 3964 τῶν
637 3909 922 3981 δαιμόνων.
981 3910 1196 3984 Ταύτης
1252 3910 1390 3968 εἶδον
1443 3915 1501 3968 τὸ
1529 3916 1701 3987 πέρας

120 3998 299 4054 ἐκϐὰν
325 4001 406 4063 εἰς
439 4000 611 4063 οὐδὲν,
644 4001 730 4054 ὅτε
762 4003 856 4055 καὶ
905 4000 1134 4057 πλατεῖά
1167 4021 1256 4074 μοι
1301 4005 1578 4077 γέγονενὴ
1617 4008 1703 4060 ἐν-

119 4090 275 4161 τολή.
307 4088 478 4143 Τοῦτο
501 4089 710 4145 τοῦ-διὰ
762 4093 942 4164 πάσης
989 4096 1270 4166 προκοπῆς
1319 4099 1399 4160 είς
1440 4098 1500 4151 τὸ
1550 4099 1702 4164 τέλος

120 4181 432 4251 ἀφιγμένου
462 4182 560 4251 τῆς
615 4183 835 4254 ἀρετῆς,
875 4184 968 4238 ἐπὶ
1010 4187 1073 4239 τὸ
1103 4186 1303 4240 τέλειον
1344 4188 1546 4257 ἀγαθὸν
1587 4190 1700 4244 δια-

121 4271 425 4334 ϐαίνοντοςσ
454 4270 650 4332 πολλὰς
675 4272 846 4343 ἀρχὰς
879 4273 971 4324 καὶ
1022 4273 1148 4344 τέλη
1207 4275 1698 4348 καταϐαλλομένου.

132 4362 335 4434 Ἡγάρ
361 4363 459 4433 τῆς
506 4363 774 4434 προτέρας
819 4362 1145 4433 βελτιώσεως
1207 4369 1516 4439 περιγραφὴ
1562 4370 1702 4440 ἀρχὴ

117 4459 229 4526 τῆς
255 4457 520 4527 ἐχομένης
546 4457 681 4519 ἐστὶ,
716 4457 854 4510 κατὰ
886 4457 967 4510 τό·
999 4459 1183 4512 Ὅταν
1231 4462 1570 4532 συντελέσῃ
1597 4463 1702 4517 άν-

121 4555 378 4620 θρωπος,
409 4551 542 4604 τότε
567 4548 822 4618 ἄρχεται.

213 4642 312 4707 Ὠς
335 4641 624 4711 ἠγάπησα
655 4643 760 4697 τὸν
788 4644 973 4714 νόμον
997 4661 1134 4708 σου,
1173 4647 1380 4715 Κύριε;
1406 4649 1559 4718 ὅλην
1587 4650 1700 4718 τὴν

123 4733 362 4804 ἡμέραν
392 4732 613 4802 μελέτη
647 4734 766 4803 μού
789 4735 977 4789 ἐστιν.
1025 4737 1082 4789 '0
1116 4737 1292 4792 πάντα
1339 4740 1480 4793 κατά
1504 4741 1594 4794 τὸν
1617 4741 1702 4794 νό-

126 4838 236 4894 μον
264 4821 359 4874 καὶ¹
382 4821 555 4890 λέγων
606 4824 701 4876 καὶ
748 4825 998 4894 πράττων
1031 4826 1226 4900 μελετᾷ
1277 4828 1367 4882 τὸν
1420 4829 1579 4900 νόμον
1607 4831 1699 4885 τοῦ

125 4914 291 4968 Θεοῦ.
334 4915 420 4967 Ἐν
443 4916 499 4968 δὲ
524 4914 601 4986 τῷ
624 4915 822 4987 πρώτῳ
868 4917 1067 4989 ψαλμῷ
1093 4921 1157 4991 τῇ
1212 4920 1395 4992 ἡμέρᾳ.
1442 4923 1577 4994 πρὸς
1603 4924 1701 4995 τὴν

130 5004 367 5076 μελέτην
411 5005 504 5058 καὶ
537 5005 634 5076 τὴν
661 5005 831 5061 νύκτα
858 5009 1161 5079 προσέθηκε
1200 5009 1276 5080 τῷ
1330 5013 1582 5083 μακαρίῳ
1611 5031 1702 5081 γε-

127 5095 438 5165 νησομένῳ.
482 5096 765 5168 Ἐλέγομεν
805 5098 934 5169 γὰρ,
956 5098 1029 5163 ώς
1058 5101 1245 5170 μικτός
1301 5103 1445 5154 ἐστιν
1471 5103 1703 5158 ἐνταῦθα

127 5186 246 5240 τῶν
269 5186 570 5259 ἀνθρώπων
600 5189 630 5241 ό
676 5189 808 5259 βίος.
861 5192 951 5243 Διὸ
997 5191 1090 5244 νῦν
1121 5191 1313 5264 ἔχομεν
1366 5195 1576 5267 ἡμέραν
1612 5199 1703 5252 καὶ

129 5279 329 5334 νύκτα·
363 5279 683 5349 γενομένους
734 5279 788 5332 δέ
834 5281 1022 5350 ἁγίους
1054 5283 1114 5335 οὐ
1146 5283 1439 5350 διαδέξεται
1469 5285 1583 5350 νύξ.
1646 5288 1703 5341 '0

130 5371 318 5426 τοίνυν
345 5372 666 5442 προκόπτων
712 5371 924 5445 ἡμέραν
963 5374 1059 5444 μὲν
1100 5375 1219 5443 ἄγει
1246 5377 1384 5429 κατὰ
1407 5377 1496 5430 τὸν
1543 5379 1703 5449 νόμον

135 5462 308 5534 βιούς·
338 5461 508 5516 νύκτα
533 5462 611 5528 δέ,
644 5464 730 5516 ὅτε
762 5464 836 5537 μὴ
884 5465 1081 5536 μελετᾷ
1106 5468 1162 5519 ἐν
1181 5467 1277 5538 ὅλῃ
1299 5468 1494 5540 καρδίᾳ
1517 5472 1699 5524 αὐτοῦ·

132 5555 234 5623 Μὴ
265 5553 496 5624 πράττῃ
518 5572 572 5608 τι
594 5556 761 5610 κατά.
793 5597 807 5610 .
843 5597 856 5610 .
893 5597 906 5610 .

219 5649 319 5701 Ἐκ
347 5647 549 5714 πάσης
580 5649 721 5704 ὀδοῦ
745 5647 1009 5714 πονηρᾶς
1036 5649 1309 5704 ἐκώλυσα
1351 5653 1487 5718 τοὺς
1518 5655 1702 5719 πόδας

211 5827 256 5858 ⁶¹
282 5823 454 5881 Lcwt.
483 5842 634 5893 mu,
659 5828 709 5883 5.
783 5830 826 5860 ⁸³
855 5827 1018 5886 Eccli.
1043 5845 1193 5894 xuii,
1237 5833 1282 5887 li.

1803 3305 1948 3349 tuus.

1873 3385 1962 3441 95.
1995 3383 2078 3438 Me
2103 3393 2528 3453 exspectaverunt
2554 3397 2849 3453 peccatores
2881 3397 2934 3439 ut
2955 3389 3228 3456 perderent
3251 3407 3369 3455 me;

1802 3475 2102 3529 testimonia
2155 3484 2244 3528 tua
2299 3474 2554 3529 intellexi.
2594 3474 2651 3529 Id
2693 3485 2796 3540 est,
2826 3479 3116 3534 meditatus
3150 3495 3293 3545 sum,
3319 3493 3372 3536 et

1801 3583 1897 3637 per
1930 3567 2337 3622 meditationem
2370 3566 2703 3636 huiusmodi,
2733 3568 2958 3626 insidias
2983 3587 3173 3626 eorum
3200 3590 3370 3630 vanas

1801 3659 1972 3714 eli'eci.

1871 3750 1960 3804 96.
1988 3749 2171 3805 Omnis
2191 3752 2656 3805 consummationis
2685 3753 2790 3807 vidi
2811 3753 2991 3823 ﬁnem,
3023 3756 3190 3810 latum
3213 3775 3366 3813 man-

1800 3842 1984 3896 datum
2030 3853 2176 3896 tuum
2203 3842 2379 3896 nimis.
2415 3844 2951 3900 Consummationem
2977 3848 3108 3903 dicit
3145 3851 3368 3908 insidias

1801 3933 2130 3988 daemonum.
2169 3931 2373 3988 Harum
2415 3936 2575 3989 linem
2610 3937 2716 3991 vidi
2757 3937 2823 3993 ad
2865 3939 3092 3994 nihilum
3119 3943 3364 4007 evadere,

1802 4042 1926 4080 cum
1963 4027 2128 4081 latum
2172 4027 2303 4081 mihi
2344 4028 2546 4082 factum
2584 4037 2669 4082 est
2702 4032 3016 4086 mandatum
3050 4044 3223 4090 tuum.
3257 4034 3370 4093 Hoc

1802 4126 1983 4172 autem
2013 4119 2078 4173 ad
2104 4134 2226 4173 eum
2259 4120 2507 4189 pertinet,
2537 4121 2628 4190 qui
2661 4124 2808 4174 omni
2842 4123 3085 4192 profectu
3117 4129 3181 4181 ad
3205 4128 3365 4183 linem

1802 4209 2020 4265 virtutis
2051 4211 2314 4279 pervenit,
2346 4221 2399 4266 et
2441 4213 2507 4266 ad
2551 4212 2848 4281 perfectum
2885 4215 3086 4270 bonum
3116 4223 3364 4284 accessit,

1803 4303 1895 4372 qui
1923 4303 2091 4357 multa
2123 4303 2272 4356 initia
2299 4311 2352 4357 et
2377 4305 2578 4358 multos
2606 4305 2738 4360 ﬁnes
2768 4308 2972 4376 posuit.
3004 4308 3134 4364 Nam
3172 4313 3368 4380 prioris

1803 4392 2077 4462 proiectus
2111 4394 2547 4464 circumscriptio
2592 4396 2808 4452 initium
2848 4410 2928 4454 est
2958 4403 3365 4473 subsequentis,

1799 4484 1954 4554 juxta
1981 4485 2106 4538 illud
2136 4501 2148 4536 :
2177 4484 2307 4538 Cum
2326 4497 2719 4542 consummatur
2738 4491 2912 4559 homo,
2941 4503 3064 4547 tunc
3098 4498 3281 4564 incipit
3299 4501 3364 4556 “.

1799 4664 1814 4732 I
1870 4663 1957 4717 97.
2001 4665 2270 4727 Quomodo
2306 4666 2467 4719 dilexi
2508 4669 2668 4736 legent
2717 4678 2895 4735 tuam,
2943 4670 3206 4730 Domine?
3256 4687 3366 4731 tota

1801 4756 1885 4808 die
1907 4755 2180 4810 meditatio
2228 4773 2344 4810 mea
2387 4767 2484 4812 est.
2513 4758 2616 4824 Qui
2657 4761 2839 4816 omnia
2869 4766 3166 4820 secundum
3194 4769 3364 4838 legem

1800 4843 1931 4897 dicit
1961 4854 2012 4898 et
2042 4843 2269 4913 perﬁcit,
2309 4847 2354 4900 is
2399 4847 2692 4904 meditatur
2728 4851 2898 4922 legem
2929 4853 3044 4910 Dei.
3097 4855 3152 4909 In
3191 4859 3365 4926 primo

1799 4944 1978 4988 autem
2019 4936 2252 5005 psalmo,
2289 4938 2354 4992 ad
2389 4939 2789 4998 meditationem
2834 4945 2941 5000 diei
2984 4957 3194 5003 noctem
3229 4951 3364 5022 adji-

1801 5027 1894 5091 cit,
1923 5027 1990 5083 iis
2031 5028 2126 5098 qui
2167 5030 2312 5084 beati
2364 5029 2533 5088 futuri
2574 5046 2719 5091 sunt.
2742 5036 3066 5094 Dicebamus
3093 5043 3237 5097 enim
3277 5045 3364 5100 hic

1801 5118 2115 5187 permistam
2143 5136 2266 5177 esse
2289 5122 2572 5180 hominum
2607 5129 2798 5184 vitam.
2829 5128 3194 5196 Quamobrem
3220 5151 3364 5191 nunc

1803 5211 2065 5268 habemus
2103 5214 2242 5270 diem
2277 5229 2342 5271 ac
2373 5227 2623 5284 noctem;
2666 5230 2947 5290 postquam
2981 5233 3158 5278 autem
3189 5229 3359 5281 sancti

1802 5303 2092 5371 evasimus,
2127 5308 2274 5362 nulla
2303 5311 2654 5381 subsequitur
2684 5328 2813 5368 nox.
2834 5312 2939 5380 Qui
2961 5317 3124 5387 igitur
3152 5319 3362 5386 prolicit

1803 5394 1944 5448 diem
1979 5397 2090 5466 agit
2119 5398 2246 5452 dum
2273 5387 2570 5458 s‘ecundum
2609 5405 2778 5476 legem
2811 5408 2982 5461 vivit:
3012 5419 3223 5463 noctem
3260 5426 3362 5465 au-

1804 5495 1931 5552 tem,
1960 5503 2083 5541 cum
2118 5505 2225 5545 non
2258 5493 2546 5549 meditatur
2572 5510 2692 5550 eam
2723 5513 2787 5553 ex
2825 5508 2934 5552 toto
2964 5500 3237 5554 corde.....
3261 5503 3360 5555 llic

1802 5577 1976 5646 deﬁcit
2000 5589 2188 5634 textus.

1876 5667 1992 5722 IOI.
2027 5670 2104 5723 Ab
2135 5675 2275 5729 omni
2319 5677 2401 5730 via
2433 5677 2570 5732 mala
2600 5680 2840 5748 prohibui
2877 5682 3026 5750 pedes
3062 5699 3218 5739 meus.
3248 5681 3360 5737 Hoc
