4070 6506
722 492 824 548 499

1559 491 1618 549 S.
1660 491 2033 548 ATHANASH
2072 489 2219 546 OPP.
2264 490 2442 546 PARS
2480 491 2573 549 111.
2612 520 2683 533 -—
2719 492 3138 550 EXEGETICA.

3867 498 3967 553 500

721 617 806 664 est
850 610 993 663 enim
1032 608 1304 664 custodire
1342 608 1579 663 divinam
1636 611 1831 681 legem,
1870 610 2125 680 operibus
2168 622 2289 663 eam

2394 624 2527 675 μου.
2578 606 2747 662 Τοῦτο
2769 610 2877 681 γάρ
2905 613 3019 664 ἐστι
3058 612 3120 665 τὸ
3150 610 3378 678 φυλάξαι
3404 612 3496 665 τὸν
3536 612 3677 667 θεῖον
3705 614 3891 687 νόμον,
3911 620 3971 673 τὸ

729 700 968 771 implere.

795 792 915 848 £09..
950 798 989 847 Α
1015 794 1235 862 judiciis
1284 796 1387 848 tuis
1435 812 1535 848 non
1577 796 1855 849 declinavi.
1911 796 2134 865 Semper
2179 810 2292 849 me-

726 885 863 939 mini
896 885 1063 939 divini
1090 886 1397 943 tribunalis.

794 979 918 1035 103.
958 980 1130 1044 Quam
1158 981 1338 1033 dulcia
1374 979 1615 1048 faucibus
1658 981 1785 1033 meis
1809 981 2015 1050 eloquia
2044 980 2172 1033 tua!
2202 996 2291 1033 su-

730 1088 825 1139 per
856 1074 958 1126 mel
984 1074 1063 1126 ori
1094 1089 1225 1126 meo.
1286 1072 1471 1127 Dulcia
1528 1074 1597 1126 ob
1643 1074 2020 1126 rationabilem
2072 1074 2124 1125 in
2183 1074 2291 1128 illis

742 1165 975 1232 positam
1034 1166 1362 1234 voluptatem
1408 1186 1417 1218 :
1469 1167 1578 1219 imo
1619 1181 1773 1227 super
1818 1166 1939 1228 mel,
2003 1183 2095 1234 per
2143 1167 2286 1235 quod

724 1257 909 1309 omnia
941 1257 1116 1309 dulcia
1140 1258 1281 1324 apml
1317 1258 1561 1311 homines
1584 1257 1977 1325 signiﬁcantur.

794 1346 917 1399 105.
953 1345 1188 1399 Lucerna
1238 1348 1452 1413 pedibus
1501 1348 1627 1400 meis
1679 1348 1886 1399 verbum
1932 1356 2100 1399 tuum.
2156 1344 2291 1399 Nam

726 1438 820 1505 qui
854 1436 907 1489 in
936 1440 1141 1491 lumine
1166 1439 1363 1492 divina:
1396 1440 1527 1507 legis
1560 1440 1821 1503 ambulat,
1857 1449 2063 1493 rectum
2115 1449 2169 1492 et
2204 1440 2292 1491 in-

726 1526 991 1583 oﬂensum
1020 1545 1243 1583 cursum
1272 1532 1390 1583 vita:
1419 1532 1657 1585 coniicit.

802 1618 920 1672 “2.
945 1617 1271 1672 Humiliatus
1301 1636 1417 1673 sum
1449 1628 1835 1692 usquequaque.
1892 1624 2001 1677 Aut
2032 1624 2290 1692 spiritua-

732 1708 866 1765 lium
899 1708 1244 1764 inimicorum
1291 1711 1708 1780 irruptionibus,
1759 1724 1854 1767 aut
1903 1715 2295 1769 macerationi-

725 1799 830 1853 bus
850 1815 914 1853 ex
945 1802 1164 1868 propria
1199 1804 1477 1857 voluntate
1500 1805 1791 1871 susceptis.

797 1892 919 1946 “3.
956 1891 1174 1961 lniquos
1208 1896 1327 1946 odio
1388 1896 1569 1958 habui,
1598 1908 1647 1950 et
1684 1898 1845 1967 legem
1900 1909 2042 1953 tuam
2104 1900 2288 1955 dilexi.

726 1984 1010 2053 Sapientes
1077 1987 1241 2055 hujus
1271 1989 1455 2041 smeuli
1484 1989 1561 2042 ait
1597 1999 1652 2042 et
1700 1990 2083 2046 haereticorum
2134 1993 2289 2062 prin-

725 2078 898 2131 ciues.

796 2171 918 2224 115.
959 2170 1227 2224 Declinate
1250 2188 1281 2223 a
1317 2188 1415 2235 me,
1444 2172 1685 2241 maligni.
1734 2174 1843 2227 Aut
1866 2176 2038 2230 malas
2078 2178 2287 2245 cogita-

727 2262 907 2315 tiones
951 2263 1046 2327 ait,
1080 2274 1172 2316 aut
1196 2263 1484 2332 praedictos
1516 2264 1831 2333 magistros.

796 2442 917 2495 117.
979 2444 1183 2510 Adjuua
1226 2461 1303 2496 me
1337 2455 1384 2497 et
1431 2447 1606 2502 salvus
1648 2464 1756 2501 ero.
1812 2446 2060 2512 Etiamsi,
2095 2450 2289 2519 inquit,

723 2532 941 2601 adiutor
963 2550 1115 2589 meus
1148 2545 1203 2589 et
1238 2550 1528 2607 susceptor
1552 2554 1711 2593 meus
1743 2556 1803 2594 es
1848 2550 1928 2605 tu,
1972 2551 2027 2594 at
2092 2542 2293 2597 indesi-

722 2626 871 2679 neuti
919 2626 1124 2680 auxilio
1154 2638 1239 2682 est
1265 2643 1423 2697 Opus.
1479 2629 1694 2695 Quanto
1723 2633 1867 2687 enim
1930 2644 2172 2703 tempore
2203 2636 2289 2690 hic

722 2731 939 2781 sumus,
972 2717 1214 2771 nondum
1261 2720 1564 2787 perfectum
1599 2734 1682 2778 est
1740 2725 1894 2793 illud,
1948 2728 2127 2783 salvus
2177 2745 2286 2784 ero.

723 2805 831 2859 Sed
867 2807 956 2860 ubi
984 2823 1106 2862 cum
1136 2811 1344 2879 angelis
1389 2813 1480 2866 Dei
1529 2815 1793 2879 vivemus,
1836 2827 1968 2873 tunc
2010 2820 2291 2874 meditatio

717 2896 1170 2967 justiﬁeationum
1199 2903 1302 2956 erit
1324 2904 1462 2959 faeie
1488 2905 1555 2959 ad
1592 2904 1814 2971 faciem,
1838 2924 1945 2961 non
1980 2909 2033 2963 in
2072 2911 2286 2975 umbra,

724 2991 819 3043 sed
852 2991 909 3043 in
942 2992 1185 3046 veritate.

795 3083 918 3137 118.
946 3084 1201 3151 Sprevisti
1245 3102 1420 3139 omnes
1461 3088 1781 3143 discedentes
1832 3108 1865 3144 a
1904 3092 2123 3161 judiciis
2162 3098 2288 3151 tuis.

726 3172 824 3230 llic
853 3174 977 3230 ﬁnis
1002 3185 1278 3246 exspectat
1302 3192 1397 3233 eos
1422 3179 1514 3248 qui
1548 3179 1640 3235 Dei
1670 3180 1841 3251 legem
1875 3194 2253 3242 contemnunt.

708 3349 710 3351 ’
797 3350 917 3405 119.
948 3349 1363 3408 Prceuaricantes
1392 3358 1627 3424 reputari
1651 3373 1828 3412 omnes
1854 3373 2150 3427 peccatores
2179 3375 2285 3417 ter-

727 3457 833 3507 ra;
859 3443 977 3497 ideo
1006 3444 1172 3497 dilexi
1199 3448 1499 3500 testimonia
1531 3457 1643 3502 tua.
1705 3448 2153 3518 (Praevaricantes
2181 3458 2290 3512 sci~

728 3534 875 3596 licet)
910 3535 1043 3602 quia
1090 3535 1331 3591 divinam
1371 3538 1545 3608 legem
1577 3542 1901 3597 conculcare
1948 3547 2166 3602 vellent.

789 3623 919 3677 120.
955 3623 1168 3695 Conﬁge
1201 3628 1486 3681 tintoretuo
1506 3646 1689 3684 carnes
1710 3649 1870 3687 meas.
1898 3632 2054 3702 Illud,
2073 3639 2287 3708 conﬁge,

727 3714 959 3785 positum
990 3732 1107 3785 pro,
1157 3718 1384 3774 obdura.
1415 3719 1632 3775 Obdura
1666 3724 1851 3793 igitur,
1878 3726 2074 3795 inquit,
2101 3731 2168 3784 ad
2199 3747 2290 3785 ca-

724 3805 961 3861 stitatem
988 3823 1179 3864 carnes
1216 3826 1387 3865 meas.
1419 3812 1547 3880 lloe,’
1565 3813 1709 3867 enim
1738 3816 2079 3872 solummodo
2112 3821 2291 3879 dicere

726 3898 947 3953 Christo
971 3908 1189 3968 potero:
1221 3900 1268 3931 “
1303 3900 1554 3970 Conﬁxus
1582 3920 1695 3957 sum
1719 3909 1881 3961 cruci.
1917 3940 1980 3950 —
2011 3909 2055 3962 Α
2069 3912 2290 3981 judiciis

725 3987 860 4040 enim
895 3990 998 4041 tuis
1034 3990 1206 4044 timui.
1245 3989 1494 4046 Divinam
1523 3995 1733 4051 scilicet
1761 3998 1930 4068 legem
1973 4002 2149 4056 timui.
2171 4002 2287 4059 Non

726 4080 872 4132 enim
928 4090 1207 4149 peccatum
1239 4083 1363 4153 quis
1397 4085 1653 4149 admittit,
1692 4089 1799 4143 nisi
1826 4106 1949 4146 sese
1978 4104 2104 4149 ante
2132 4104 2287 4150 extra

731 4170 824 4226 Dei
861 4173 1109 4228 timorem
1136 4175 1505 4233 collocaverit.

799 4263 923 4318 423.
966 4264 1120 4319 Oculi
1147 4268 1247 4318 mei
1280 4268 1580 4335 defecerunt
1634 4273 1689 4325 in
1752 4273 1988 4339 salutare
2031 4285 2198 4331 tuum.
2231 4278 2287 4333 ln

728 4356 972 4410 divinum
1013 4356 1327 4425 adventum,
1368 4360 1563 4428 inquit,
1593 4378 1713 4429 quo
1744 4367 1996 4433 Sperabat
2023 4376 2077 4422 et
2115 4386 2174 4424 se
2223 4381 2278 4427 et

730 4457 900 4503 totum
958 4450 1257 4504 humanum
1306 4466 1478 4520 genus
1551 4454 1780 4509 salutem
1844 4470 2285 4518 consecuturum.

731 4539 799 4593 Et
826 4541 885 4594 in
914 4541 1179 4611 eloquium
1195 4541 1420 4611 justitia:
1452 4553 1577 4600 tua}.
1605 4545 1832 4603 Etiamsi
1860 4553 2078 4619 quidam
2104 4555 2288 4624 inique

729 4642 972 4709 agentes,
997 4650 1176 4704 neque
1204 4636 1453 4691 timorem
1480 4647 1635 4693 tuum
1682 4650 1809 4695 ante
1866 4645 2055 4701 oculos
2085 4648 2288 4701 haben‘-
2323 4658 2365 4711 ι)

730 4738 832 4789 tes,
858 4724 1026 4794 legem
1054 4734 1200 4780 tuam
1219 4728 1285 4782 de
1310 4728 1493 4809 medio
1519 4735 1877 4801 sustulerint;
1910 4748 1966 4792 at
1986 4755 2088 4810 ego
2137 4743 2287 4797 omni

731 4826 973 4885 tempore
1010 4817 1150 4872 hanc
1173 4834 1335 4875 unam
1391 4806 1564 4893 legem
1616 4829 1976 4898 exsequebar,
2022 4806 2177 4902 quod
2228 4835 2284 4889 in

731 4907 1078 4964 meditatione
1106 4920 1365 4981 perpetuo
1401 4929 1665 4973 versarer.

799 4998 925 5055 125.
955 4999 1145 5059 Servus
1184 5012 1308 5057 tuus
1337 5021 1457 5059 sum
1479 5021 1591 5075 ego,
1617 5008 1685 5061 da
1710 5010 1841 5064 mihi
1862 5012 2206 5081 intellectum,
2238 5027 2289 5072 et

726 5094 893 5147 sciam
926 5095 1226 5149 testimonia
1286 5105 1397 5151 tua.
1466 5097 1569 5164 Qui
1603 5102 1911 5159 nullatenus
1966 5121 2158 5163 servus
2206 5118 2290 5164 est

728 5186 958 5251 peccati,
984 5186 1161 5242 dicat:
1193 5186 1384 5244 Seruus
1437 5201 1558 5245 tuus
1585 5208 1701 5245 sum
1728 5210 1840 5264 ego.
1866 5195 2164 5254 Mercedem
2191 5218 2289 5255 an-

730 5286 834 5329 tem
860 5278 1159 5343 servitutis,
1184 5279 1593 5352 intelligentiam
1644 5300 1839 5355 nempe
1872 5291 2130 5356 postulat,
2163 5310 2285 5363 qua}

726 5366 890 5421 datur
915 5385 945 5423 a
974 5366 1083 5424 Deo
1108 5410 1125 5433 ,
1160 5381 1215 5427 et
1236 5376 1387 5442 apud
1412 5390 1535 5429 eum
1561 5379 1717 5446 quasi
1761 5379 1817 5433 in
1853 5368 2108 5437 thesauri.
2128 5385 2285 5441 theca

728 5459 1060 5513 reconditur.
1090 5461 1224 5517 Nam
1251 5464 1485 5534 Spiritus
1511 5469 1791 5537 sapientiae
1812 5480 1867 5526 et
1894 5472 2201 5532 intellectus
2221 5487 2277 5533 et

731 5553 940 5622 reliqua
965 5565 1095 5611 sunt
1120 5559 1389 5615 bonorum
1421 5578 1669 5619 munera.
1700 5564 1846 5621 Inter
1886 5568 2033 5623 enim
2071 5571 2211 5627 hanc
2233 5580 2288 5626 et

727 5642 892 5698 aliam
926 5648 1250 5717 sapientiam
1308 5652 1669 5713 diﬂerentiam
1724 5659 2083 5731 constituens,
2129 5662 2204 5721 ait
2232 5663 2285 5721 in

802 5905 847 5942 “
873 5907 1045 5965 Galat.
1082 5930 1138 5977 ιι,
1184 5914 1245 5969 l0

2390 699 2570 770 ἔργοις
2602 702 2763 755 αὐτὸν
2788 703 3196 775 ἀποπληρῶσαι.

2476 793 2617 845 Ἀπὸ
2646 792 2762 847 τῶν
2785 795 3081 864 χριμάτων
3106 810 3222 850 σου
3255 798 3369 851 οὐκ
3396 797 3699 863 ἐξέκλινα.
3738 801 3971 855 Διαπαν-

2394 883 2481 946 τὸς
2501 886 2825 960 ἐμεμνήμην
2851 886 2944 939 τοῦ
2979 885 3120 939 Θείου
3145 887 3522 961 δικαστηρίου.

2476 980 2573 1045 Ὧς
2597 972 2824 1049 γλυκέα
2847 979 2927 1045 τῷ
2947 979 3202 1050 λάρυττί
3224 999 3343 1050 μου
3370 982 3443 1036 τὰ
3467 982 3646 1052 λότιά
3670 1000 3790 1038 σου
3810 984 3831 1036 .'
3857 986 3971 1037 Γλυ-

2393 1072 2493 1126 κέα
2526 1072 2614 1125 διὰ
2660 1074 2758 1143 τὴν
2809 1074 2895 1125 ἐπ’
2928 1073 3111 1135 αὐτοῖς
3144 1073 3366 1143 λογικὴν
3410 1073 3630 1145 τέρψιν·
3669 1076 3787 1128 ἀλλ’
3824 1076 3971 1143 ὑπὲρ

2389 1164 2528 1234 μέλι
2556 1208 2571 1232 ,
2628 1165 2738 1217 τῶν
2773 1165 2901 1237 παρ’
2925 1163 3232 1236 ἀνθρώποις
3267 1165 3485 1219 πάντων
3505 1165 3678 1236 ἡδέων
3710 1166 3782 1219 δι’
3812 1166 3969 1221 αὐτοῦ

2396 1257 2557 1327 δηλου
2566 1255 2760 1326 μένων.

2466 1344 2701 1410 Λύχνος
2731 1343 2855 1409 τοῖς
2881 1345 3027 1396 ποσί
3048 1363 3167 1413 μου
3195 1349 3226 1399 ὁ
3255 1347 3437 1413 νόμος
3464 1363 3603 1400 σου.
3662 1349 3721 1400 ὐ
3757 1348 3868 1420 γὰρ
3899 1349 3971 1419 τῷ

2396 1437 2534 1503 φωτὶ
2556 1434 2649 1487 τοῦ
2685 1435 2834 1489 Θείου
2858 1437 3023 1505 νόμου
3052 1438 3365 1506 περιπατῶν
3392 1438 3555 1509 ὀρθὴν
3583 1440 3676 1493 καὶ
3695 1440 3969 1507 ἀπρόσκο-

2393 1542 2496 1579 πον
2520 1528 2619 1598 την
2644 1528 2866 1598 πορείαν
2893 1530 3129 1579 ποιεῖται
3148 1526 3243 1579 τοῦ
3276 1527 3412 1597 βίου.

2478 1618 2903 1686 Ἐ’ταπειηῦθην
2927 1618 3038 1683 ἕως
3062 1618 3315 1686 σφόδρα.
3371 1620 3441 1672 Ἦ
3465 1621 3585 1683 ταῖς
3616 1619 3727 1671 τῶν
3768 1622 3968 1691 νοητῶν

2395 1710 2605 1780 ἐχθρῶν
2636 1710 2941 1763 ἐπιθέσεσιν
2960 1751 2974 1777 ,
3002 1711 3036 1781 ἢ
3081 1713 3199 1774 ταῖς
3243 1710 3348 1781 ἰδίᾳ.
3372 1712 3466 1763 καὶ
3492 1713 3572 1765 ἐκ
3600 1714 3971 1777 προαιρέσεως

2394 1800 2710 1871 γινομέναις
2755 1800 3215 1870 σκληραγωγίαις.

2464 1894 2857 1961 Παρανόμους
2875 1891 3160 1959 ἐμίσησα,
3187 1891 3295 1945 τὸν
3312 1890 3382 1944 δὲ
3400 1893 3589 1959 νόμον
3606 1908 3726 1946 σου
3750 1894 3974 1962 ἠγάπη-

2399 2000 2501 2040 σα.
2561 1985 2701 2046 Τοὺς
2726 1984 2922 2052 σοφοὺς
2953 1983 3046 2037 τοῦ
3092 1983 3284 2046 αἰῶνός
3317 1999 3449 2054 φησι
3478 1983 3572 2036 καὶ
3597 1985 3728 2046 τοὺς
3758 1984 3869 2038 τῶν
3895 1988 3973 2039 ui-

2401 2075 2675 2145 ρεσιωτῶν
2704 2074 2990 2145 ἄρχοντας.

2483 2167 2823 2219 Ἑκκ.ἶίνατε
2856 2167 2958 2219 ἀπ’
2982 2166 3127 2234 ἐμοῦ
3152 2204 3166 2228 ,
3198 2167 3683 2235 πονηρευόμενοι.
3754 2169 3827 2221 Ἦ
3857 2170 3973 2233 τοὺς

2390 2261 2671 2328 πονηροὺς
2720 2256 3012 2326 λογισμούς
3061 2273 3256 2325 φησιν,
3306 2257 3338 2326 ἧ
3378 2258 3504 2321 τοὺς
3546 2258 3974 2329 προειρημένους

2400 2349 2752 2413 διδασῖοὰὶρυς
2762 2390 2774 2401 .

2471 2441 2786 2507 80130110157-
2802 2457 2926 2507 μοι,
2951 2439 3050 2491 καὶ
3069 2438 3435 2506 σωθήσομαι.
3463 2440 3525 2493 El
3554 2439 3664 2511 γὰρ
3696 2443 3823 2506 καὶ,
3851 2441 3975 2513 ἔφη,

2401 2532 2591 2603 βοηθός
2624 2549 2723 2601 μου
2760 2532 2856 2584 καὶ
2909 2530 3254 2601 ἁντιλήπτωρ
3286 2547 3385 2600 μου
3419 2524 3469 2582 εἴ
3500 2533 3564 2583 σὺ
3584 2571 3598 2594 ,
3628 2532 3768 2585 ἁλλὰ
3811 2534 3975 2588 δεῖται

2400 2623 2649 2696 βοηθείας
2692 2622 3051 2675 ἀδιαλείπτου.
3112 2622 3201 2674 Ἐν
3227 2621 3337 2691 ὅσῳ
3388 2623 3494 2692 γάρ
3526 2624 3693 2693 ἐσμεν
3720 2625 3973 2691 ἐνταῦθα,

2396 2717 2550 2771 οὔπω
2580 2716 2785 2770 τέλειον
2813 2716 2873 2769 τὸ
2897 2756 2911 2779 ,
2939 2712 3289 2781 σωθήσομαι
3308 2730 3323 2743 ·
3383 2712 3496 2765 ἀλλ’
3527 2714 3655 2769 ὅταν
3685 2715 3829 2786 μετὰ
3870 2718 3975 2771 τῶν

2398 2808 2645 2876 ἀγγέλων
2674 2808 2928 2877 ζήσωμεν
2952 2805 3046 2859 τοῦ
3073 2805 3230 2869 Θεοῦ,
3263 2806 3385 2858 τότε
3419 2805 3526 2876 γὰρ
3558 2808 3652 2859 καὶ
3676 2807 3878 2879 μελέτη
3906 2808 3975 2861 δι-

2398 2902 2729 2973 καιωμάτων
2758 2901 3047 2972 πρόσωπον
3081 2897 3221 2968 πρὸς
3254 2897 3540 2967 πρόσωπον
3559 2938 3574 2963 ,
3617 2898 3679 2950 οὐ
3711 2900 3853 2952 κατὰ
3879 2900 3973 2952 τὶιν

2400 2996 2581 3057 σκιὰν.
2614 2994 2748 3048 ἀλλὰ
2778 2993 2918 3047 κατὰ
2947 2993 3046 3063 τὴν
3071 2988 3350 3061 ἀλήθειαν.

2481 3087 2582 3150 Ἐξ
2585 3106 2616 3140 ο
2623 3086 2927 3149 υδένωσάς
2943 3084 3176 3148 πάντας
3192 3082 3333 3148 τοὺς
3352 3082 3845 3148 ἁποστατοῦντας
3858 3082 3971 3136 ἀπὸ

2398 3176 2515 3230 τῶν
2565 3174 2970 3243 δικαιωμάτων
3020 3190 3156 3227 σου.
3230 3172 3400 3226 Τοῦτο
3430 3173 3540 3244 γὰρ
3579 3173 3869 3243 περιμένει
3912 3172 3973 3226 τὸ

2324 3305 2366 3359 C
2398 3269 2545 3331 τέλος
2569 3268 2697 3330 τοὺς
2722 3266 2811 3319 τὸν
2840 3265 3001 3335 νόμον
3035 3264 3360 3328 ἁθετοῦντας
3391 3266 3484 3319 τοῦ
3520 3266 3677 3319 Θεοῦ.

2468 3361 2947 3428 Παραϐαίνοντας
2976 3357 3348 3426 ἐλογισάμην
3368 3358 3600 3424 πάντας
3629 3359 3773 3426 τοὺς
3799 3360 3974 3430 ἀμορ-

2397 3452 2621 3517 τωλοὺς
2653 3451 2762 3520 τῆς
2784 3449 2892 3521 γῆς
2909 3467 2922 3479 '
2948 3449 3042 3502 διὰ
3080 3451 3252 3504 τοῦτο
3285 3449 3570 3519 ἠγάπησα
3597 3451 3668 3504 τὰ
3682 3453 3975 3521 μαρτύριά

2397 3557 2532 3597 σου.
2565 3543 2639 3596 Τὸ
2672 3542 2913 3612 πατῆσαι
2944 3540 3226 3611 βούλεσθαι
3252 3542 3343 3594 τὸν
3370 3540 3511 3594 Θεῖον
3537 3542 3723 3611 νόμον,

2469 3628 2837 3695 Καθήλωσον
2859 3630 2927 3681 ἐκ
2950 3628 3057 3681 τοῦ
3084 3630 3273 3696 φόϐου
3304 3644 3420 3682 σου
3444 3630 3552 3695 τὰς
3576 3629 3814 3698 σάρκας
3832 3650 3967 3700 μου.

2399 3720 2492 3782 Τὸ,
2518 3717 2895 3784 καθήλωσον,
2923 3719 3042 3771 ἀντὶ
3057 3718 3174 3783 τοῦ,
3208 3718 3398 3789 πῆξον.
3429 3719 3605 3790 Πῆξον
3630 3717 3726 3774 οὖν
3746 3763 3760 3785 ,
3787 3724 3970 3793 φησὶν,

2398 3813 2476 3873 είς
2505 3810 2724 3878 ἁγνείαν
2747 3811 2844 3875 τὰς
2868 3812 3075 3883 σάρκας
3109 3827 3231 3881 μου.
3264 3810 3449 3874 Οῦτως
3478 3812 3586 3882 γὰρ
3618 3813 3797 3883 μόνως
3816 3816 3974 3883 δυνη-

2398 3904 2538 3955 Θεῖεν
2572 3906 2741 3956 εἰπεῖν
2762 3904 2978 3975 Χριστῷ
2998 3921 3010 3934 ·
3038 3906 3533 3972 Σψεσταύρωμαι
3549 3921 3562 3934 ο
3591 3904 3711 3959 ἀπὸ
3727 3906 3837 3975 γὰρ
3858 3906 3975 3961 τῶν

2400 3992 2689 4062 χριμάτων
2712 4009 2828 4048 σου
2854 3993 3175 4064 ἐφοϐήθην.
3212 3995 3314 4047 Τὸν
3343 3994 3483 4047 θεῖον
3514 3994 3759 4064 δηλονότι
3785 4012 3970 4068 νομον.

2398 4085 2472 4136 Οὐ
2510 4084 2617 4155 γὰρ
2644 4085 2816 4149 ἄλλως
2863 4103 2944 4148 τις
2977 4086 3215 4139 ἐπιτελεῖ
3236 4085 3333 4155 τὴν
3367 4086 3642 4155 ἁμαρτίαν
3663 4126 3679 4150 ,
3742 4089 3819 4160 μὴ
3871 4090 3972 4156 ἔξω

2397 4176 2586 4228 ἑαυτὸν
2622 4176 2882 4247 πρότερον
2910 4178 3253 4247 καταστήσας
3274 4175 3366 4229 τοῦ
3394 4177 3558 4247 φόϐου
3588 4176 3683 4231 τοῦ
3706 4178 3870 4235 Θεοῦ.

2469 4270 2532 4319 Ol
2554 4268 2845 4336 ὀφθαλμοί
2864 4286 2981 4336 μου
3010 4268 3291 4333 ἐξέλιπον
3308 4272 3395 4334 εις
3423 4270 3489 4323 τὸ
3511 4270 3815 4339 σωτήριόν
3832 4288 3965 4327 σου.

2397 4360 2491 4421 Ei;
2512 4358 2610 4429 τὴν
2638 4358 2786 4411 Θείαν
2821 4360 3158 4427 ἐπιφάνειαν,
3190 4362 3345 4431 φησὶ,
3368 4360 3432 4412 δι’
3466 4356 3533 4430 ἧς
3561 4362 3760 4430 ἤλπιζε
3793 4364 3968 4435 σωθή-

2397 4448 2584 4503 σεσθαι
2616 4451 2707 4502 καὶ
2743 4451 2901 4513 αὐτὸς
2930 4453 3023 4504 καὶ
3054 4452 3197 4505 ἆπαν
3225 4452 3333 4504 τῶν
3372 4451 3675 4524 ἀνθρώπων
3701 4456 3762 4507 τὸ
3786 4455 3963 4523 γένος.

2394 4545 2501 4598 Kal
2534 4546 2620 4609 εὶς
2650 4544 2713 4597 τὸ
2738 4546 2942 4614 λόγιον
2977 4545 3083 4614 τῆς
3129 4546 3520 4616 δικαιοσύνης
3565 4563 3705 4603 σου.
3761 4550 3829 4601 El
3876 4548 3966 4601 καὶ

2395 4636 2829 4707 παρανομοῦντες
2857 4654 2996 4701 τινες
3015 4678 3028 4701 ,
3064 4639 3154 4691 καὶ
3185 4639 3273 4693 τὸν
3297 4640 3387 4691 σὸν
3410 4640 3514 4710 πρὸ
3534 4638 3837 4710 ὀφθαλμῶν
3867 4641 3966 4693 οὐκ

2391 4727 2603 4797 ἔχοντες
2635 4726 2795 4798 φόϐον
2817 4768 2832 4793 ,
2861 4728 2953 4782 τόν
2988 4745 3080 4781 σου
3116 4731 3179 4783 ἐκ
3212 4732 3376 4801 μέσου
3405 4733 3730 4803 πεποίηνται
3761 4732 3930 4804 νόμον
3948 4749 3960 4762 ⁸

2390 4820 2503 4873 ἁλλ’
2531 4819 2641 4889 ἐγὼ
2671 4822 2762 4873 τὸν
2796 4822 2969 4874 πάντα
3009 4824 3197 4895 καιρὸν
3217 4824 3312 4876 ἕνα
3342 4824 3638 4896 ἐποιούμην
3662 4825 3879 4895 τοῦτον,
3908 4828 3964 4879 ὲν

2393 4913 2592 4984 μελέτῃ
2624 4912 2762 4982 ἔχων
2786 4912 3093 4978 διαπαντός.

2458 5001 2683 5067 Δοῦλός
2707 5016 2821 5055 σου
2844 5002 2982 5071 εἰμὶ,
3004 5002 3327 5058 συνέτισόν
3360 5020 3436 5075 με
3454 5042 3469 5067 ,
3515 5002 3612 5057 καὶ
3656 5002 3963 5074 γνώσομαι

2390 5090 2462 5143 τὰ
2505 5091 2796 5161 μαρτύριά
2845 5108 2981 5147 σου.
3068 5096 3125 5147 '0
3160 5097 3233 5167 μὴ
3264 5095 3524 5154 δουλεύων
3558 5096 3679 5149 κατ’
3711 5096 3867 5149 οὐδὲν
3896 5098 3960 5166 τῇ

2391 5183 2631 5255 ἁμαρτίᾳ
2660 5182 2894 5251 λεγέτω·
2942 5186 3166 5253 Δοῦλος
3194 5202 3308 5241 σου
3334 5188 3450 5256 εἰμὶ
3481 5185 3612 5255 ἐγώ.
3669 5187 3882 5242 Μισθδν
3905 5187 3961 5241 δὲ

2389 5273 2628 5339 δουλείας
2651 5277 2749 5348 τὴν
2784 5276 2996 5330 σύνεσιν
3040 5279 3263 5331 ἁπαιτεί
3304 5270 3584 5349 διδομένην
3616 5278 3770 5349 παρὰ
3799 5277 3958 5343 Θεοῦ,

2390 5362 2483 5414 καὶ
2527 5364 2657 5433 παρ’
2713 5364 2859 5435 αὐτῷ
2913 5366 3169 5437 κειμένην
3200 5368 3275 5431 ὡς
3338 5369 3395 5419 ἐν
3444 5362 3958 5439 θησαυροφυλακίῲ.

2390 5452 2611 5524 Πνεῦμα
2656 5455 2762 5527 γὰρ
2795 5458 2987 5524 σοφίας
3033 5459 3126 5511 καὶ
3160 5460 3423 5525 συνέσεως
3470 5460 3563 5513 καί
3596 5458 3666 5511 τὰ
3694 5458 3826 5529 ἑξῆς
3853 5460 3963 5513 τῶν

2388 5543 2606 5611 ἀγαθῶν
2630 5544 2699 5597 τὰ
2725 5546 3053 5616 χαρίσματα.
3081 5548 3223 5620 Πρὸς
3244 5549 3434 5619 ἑτέραν
3456 5547 3565 5618 γὰρ
3593 5548 3960 5601 ἀντιδιαστέλ-

2388 5634 2514 5702 λων,
2545 5636 2602 5691 ὲν
2632 5636 2907 5710 Παροιμίᾳ
2933 5639 3091 5710 φησί’
3126 5640 3379 5707 Σύνεσις
3405 5639 3475 5693 δὲ
3512 5638 3706 5709 ἁττιθὴ
3744 5638 3959 5693 δίδωσι
