4070 6444
168 365 264 420 501

1223 368 1585 424 EXPOSI'I'IO
1627 368 1691 424 IN
1727 368 2060 425 PSALMUM
2103 369 2331 428 CXVIII.

3297 372 3403 428 502

167 484 362 554 χ.ξριν.
397 486 457 537 Ei
479 487 587 558 γὰρ
612 487 758 539 πᾶσα
788 503 998 549 συνεσις
1027 487 1226 557 ἀγαθὴ,
1251 488 1349 539 οὐκ
1368 487 1433 539 ἂν
1465 487 1732 558 προσέθη-

1863 487 2124 540 ’rowsrliio
2153 488 2229 539 ’δι
2267 486 2621 555 Intelligentia
2646 495 2818 538 autem
2849 486 2980 537 bona
3022 487 3115 537 dat
3146 486 3400 554 gratiam.

167 593 265 631 κεν
295 577 494 648 ἀγαθή.

243 751 459 819 Καιρὸς
478 752 583 805 τοῦ
611 752 855 822 ποιῆσαι
877 751 957 818 τῷ
978 756 1190 824 Κυρίῳ,
1215 756 1614 812 διεσκέδασαν
1635 758 1743 812 τὸν

170 843 362 910 νόμον
389 858 521 895 σου.
575 843 714 910 Ἐγὼ
748 845 843 914 μὲν
876 846 1105 916 ἐποίησα
1137 851 1308 917 κρῖμα
1339 850 1430 902 καὶ
1471 849 1743 901 δικαιοσύ-

1842 577 1972 632 Nam
2001 579 2045 633 si
2078 579 2257 633 omnis
2285 578 2635 646 intelligentia
2688 578 2829 631 bona
2860 587 3021 642 esset,
3060 593 3402 646 nequaquam

1842 670 2110 740 posuisset
2157 670 2320 724 bona.

1914 763 2033 815 19.6.
2072 759 2291 830 Tempus
2315 759 2543 828 faciendi
2570 758 2815 822 Domino,
2839 758 3402 826 dissipat-eruntlegcm

1844 857 2008 900 tuam.
2035 847 2148 916 Ego
2182 849 2396 917 quidem
2441 847 2540 901 l'eci
2563 847 2824 916 judicium
2885 858 2936 900 ct
2962 847 3265 916 justitiam:
3303 849 3404 900 erit

169 949 273 1002 νην
293 951 305 963 ·
339 932 489 987 ἔσται
520 934 577 987 δέ
610 951 738 987 ποτε
768 937 860 989 καί
889 953 971 990 σοι
1001 937 1188 1008 καιρὸς
1213 938 1291 1008 τῷ
1315 939 1432 1010 Θεῷ
1459 940 1549 992 τοῦ
1587 941 1745 1010 ποιῆ-

1863 950 2023 993 ιυιριη
2053 940 2148 993 tibi
2185 955 2400 1009 quoque
2428 937 2537 991 Deo
2559 947 2774 1006 tempus
2804 937 3031 992 faciendi
3061 937 3325 1007 judicium
3359 949 3410 990 et

172 1040 268 1078 σαι
292 1025 533 1095 δηλονότι
562 1029 735 1096 κρῖμα
755 1029 848 1080 καὶ
872 1028 1216 1100 δικαιοσύνην
1241 1031 1380 1083 κατά
1409 1031 1514 1083 τῶν
1535 1032 1745 1084 διασκε-

167 1115 452 1170 δασάντων
482 1117 570 1170 τὸν
603 1119 765 1188 νόμον
789 1136 900 1172 σου.

243 1210 347 1263 Διὰ
377 1208 551 1262 τοῦτο
588 1211 876 1280 ἠγάπησα
903 1212 1009 1278 τὰς
1047 1213 1298 1280 ἐντολάς
1335 1228 1453 1268 σου
1489 1213 1638 1281 ὑπὲρ
1680 1213 1744 1266 τὸ

169 1302 436 1370 χρυσίον
467 1303 562 1356 καὶ
603 1303 896 1363 τοπὰζἹΟν.
946 1303 1131 1359 Ταῦτα
1165 1306 1378 1377 συνᾴδει
1407 1307 1517 1377 τῷο
1581 1309 1746 1375 Ἀγα-

169 1395 282 1446 θόιι⁹
308 1411 410 1462 μοι
441 1398 474 1448 ό
506 1397 689 1464 νόμος
736 1397 843 1450 τοῦ
891 1399 1185 1467 στόματός
1217 1414 1332 1452 σου
1369 1399 1519 1467 ὑπὲρ
1554 1398 1743 1466 χιλιά-

169 1484 286 1551 δας
310 1489 566 1555 χρυσίου
600 1489 693 1540 καὶ
744 1489 1056 1559 ἀργυρίου·
1095 1495 1188 1544 καὶ
1220 1490 1295 1560 τῷ
1317 1507 1331 1519 ·
1378 1490 1596 1545 Λράϐετε
1627 1507 1749 1544 παι-

171 1575 364 1641 δείαν,
393 1577 488 1630 καὶ
508 1577 593 1646 μὴ
624 1579 924 1648 ἀργύριον,
955 1580 1051 1633 καὶ
1079 1580 1302 1650 γνῶσιν
1319 1585 1470 1650 ὑπὲρ
1496 1584 1750 1650 χρυσίον

169 1666 704 1736 δεδοκιμασμένον.
757 1655 1066 1738 Κρειοίσων
1090 1671 1198 1741 γὰρ
1229 1675 1414 1742 σοφία
1445 1675 1629 1726 λίθων
1654 1688 1752 1726 πο-

170 1757 449 1811 λυτελῶν
472 1775 486 1789 ο
534 1760 656 1814 πᾶν
676 1760 744 1814 δὲ
768 1762 962 1830 τίμιον
994 1765 1105 1816 οὐκ
1129 1765 1301 1829 ἄξιοι·
1325 1764 1512 1832 αὐτῆς
1559 1767 1743 1818 ἐστιν.

1837 1031 2129 1102 justitiam,
2163 1039 2350 1084 contra
2375 1045 2468 1084 eos
2497 1028 2590 1098 qui
2615 1027 3014 1096 dissip'ncrunt
3047 1028 3216 1097 legem
3239 1039 3406 1082 tuam.

1919 1216 2040 1268 127.
2074 1214 2200 1268 Ideo
2227 1215 2391 1266 dilexi
2426 1215 2783 1267 mandatatuo
2824 1231 2978 1280 super
3016 1230 3204 1266 aurum
3250 1224 3296 1265 et
3335 1224 3413 1264 to-

1843 1309 2051 1376 pazion.
2089 1305 2211 1359 llam
2245 1307 2537 1359 concinunt
2576 1304 2650 1357 illi
2682 1305 2825 1359 dicto
2870 1323 2881 1358 :
2928 1305 3132 1358 Bonum
3168 1305 3293 1357 mihi
3331 1303 3415 1355 le:

1846 1402 1950 1452 oris
1995 1398 2071 1451 tui
2101 1414 2254 1466 super
2287 1396 2452 1449 millia
2471 1397 2588 1448 auri
2611 1406 2659 1449 et
2693 1398 2894 1466 argenti
2927 1397 2971 1427 “
2994 1414 3008 1450 :
3035 1405 3088 1450 ct
3114 1397 3278 1450 huic:
3312 1396 3413 1449 Ac-

1846 1492 2000 1558 cipite
2029 1489 2372 1542 eruditionem
2398 1498 2442 1540 et
2469 1503 2570 1540 non
2611 1498 2908 1556 argentum.
2966 1501 3012 1540 et
3071 1487 3414 1557 cognitionem

1847 1600 1999 1650 super
2013 1599 2195 1634 aurum
2221 1578 2662 1650 probatum.Nam
2682 1581 2950 1633 meliorest
2975 1581 3235 1646 sapientia
3252 1578 3414 1631 variis

1848 1676 2142 1744 lapidibus:
2175 1684 2222 1727 et
2248 1689 2394 1726 omne
2411 1673 2694 1741 pretiosum
2714 1688 2814 1724 non
2835 1679 2910 1724 est
2936 1671 3031 1724 illa
3050 1672 3266 1739 dignum
3289 1669 3355 1723 σν.

245 1849 349 1902 Διά
376 1850 551 1903 τοῦτο
589 1852 738 1920 πρὸς
766 1853 966 1919 πάσας
987 1856 1090 1920 τὰς
1117 1856 1365 1921 ἐντολάς
1387 1874 1502 1910 σου
1534 1874 1749 1924 κατωρ-

1922 1852 2042 1907 19.8.
2076 1851 2357 1917 Propterea
2391 1850 2458 1900 ad
2490 1850 2670 1901 omnia
2718 1848 3080 1900 mandatatua
3130 1847 3412 1917 dirigebnr.

171 1941 428 2009 θούμην.
464 1944 564 1996 Διά
585 1945 782 2008 τοῦτο,
820 1949 998 2011 ποῖον,
1048 1949 1080 2017 ἣ
1120 1949 1181 2000 τὸ
1211 1949 1437 2020 μελέτην
1465 1951 1606 2019 ἔχειν
1633 1950 1748 2002 δια-

172 2034 380 2096 παντὸς
411 2033 506 2086 τοῦ
546 2037 706 2106 νόμου
734 2055 747 2102 ;

249 2126 357 2177 Kal
386 2127 654 2180 συνετιεῖ
667 2129 871 2194 νήπια.
899 2132 1084 2202 Νήπια
1105 2134 1314 2203 νοήσεις
1337 2135 1460 2196 τοὺς
1485 2135 1540 2185 ἐν
1562 2135 1752 2205 ἀγνοίᾳ.

173 2218 578 2286 κατεχομένους
610 2221 702 2273 καὶ
734 2221 986 2290 βρέφεσιν
1018 2225 1279 2286 ἐοικότας.
1316 2225 1549 2288 Τούτους
1582 2227 1690 2297 γὰρ
1727 2230 1754 2278 6

171 2306 338 2376 λόγος
368 2326 458 2362 σου
483 2351 496 2372 ,
526 2313 658 2381 φησὶ
679 2353 692 2377 ,
724 2314 802 2383 τῷ
829 2315 904 2384 σῷ
935 2318 1445 2388 καταυγαζομένους
1472 2321 1608 2387 φωτὶ
1636 2336 1756 2371 συν-

173 2399 356 2462 έσεως
392 2403 642 2473 ὲμφορεῖ.

256 2490 330 2542 Τὸ
377 2491 571 2558 στόμα
618 2510 736 2560 μου
773 2493 1007 2559 ἣνιμιξα,
1045 2497 1140 2548 καί
1198 2497 1453 2553 εἵλκυσα
1503 2500 1752 2567 πνεῦμα.

175 2583 505 2649 Διανοίξεως
533 2584 588 2637 δὲ
621 2586 790 2639 δεῖται
820 2589 887 2641 τὰ
917 2588 1092 2656 λόγια.
1143 2591 1233 2642 Διὸ
1260 2591 1351 2643 καὶ
1377 2593 1404 2643 6
1430 2593 1616 2662 Σωτὴρ
1643 2592 1755 2662 διή-

174 2673 324 2739 νοιξε
358 2675 449 2726 τὸν
477 2675 600 2728 νοῦν
627 2677 738 2730 τῶν
788 2680 1044 2751 μαθητῶν
1075 2681 1168 2734 τοῦ
1215 2683 1452 2734 συνιέναι
1483 2683 1580 2746 τὰς
1622 2685 1756 2754 Γρα-

176 2764 310 2832 φάς.
360 2766 470 2818 Καὶ
500 2767 599 2836 τὴν
633 2768 701 2819 δι’
730 2770 981 2840 ήδονῆςῆ
1029 2771 1184 2841 δόξης
1227 2773 1441 2842 ἀπάτην
1471 2775 1502 2843 ἡ
1535 2774 1622 2826 διὰ
1653 2775 1759 2827 τῶν

176 2855 360 2923 λόγων
390 2855 605 2919 σύνεσις
633 2859 946 2929 ὲνδιδομένη
980 2860 1194 2913 κωλύει.

244 2947 608 3016 Ἐπίϐλεψον
622 2950 713 3002 ἐπ’
731 2951 853 3018 ἐμὲ,
874 2952 966 3003 καὶ
985 2952 1244 3018 ἐλέησόν
1251 2971 1346 3020 με,
1366 2971 1418 3008 κ.
1439 2971 1486 3008 τ.
1506 2954 1553 3008 λ.
1574 2956 1657 3018 Ὠς
1673 2956 1763 3009 κέ-

180 3057 406 3111 κρικας,
427 3040 611 3109 φησὶν,
635 3041 944 3110 ἐπιϐλέψαι,
969 3044 1060 3096 καὶ
1076 3043 1273 3113 πολλῆς
1295 3048 1592 3117 ἐπισκοπῆς
1611 3049 1763 3115 ἀξιῶ-

183 3148 279 3184 σαι
313 3133 438 3195 τοὺς
466 3134 794 3201 ἀγαπῶντας
819 3136 880 3187 τὸ
917 3137 1087 3205 ὄνομα
1119 3155 1210 3190 σου
1235 3156 1246 3166 ·
1278 3138 1417 3191 οὕτω
1455 3158 1518 3209 με
1545 3142 1640 3210 τῆς
1669 3141 1763 3194 αύ-

179 3226 287 3295 τῆς
319 3224 548 3290 ἀξίωσον
583 3228 888 3298 ἐπισκοπῆς
909 3269 922 3293 ,
957 3229 1049 3282 τοῦ
1084 3231 1247 3282 αὑτοῦ
1283 3231 1483 3294 ἐλέους.

268 3404 346 3458 Τὰ
377 3404 706 3475 διαϐήματά
729 3424 849 3474 μου
871 3406 1239 3459 κατεύθυνον
1271 3407 1419 3460 κατὰ
1457 3406 1522 3460 τὸ
1563 3409 1766 3477 λόγιόν

187 3513 332 3551 σου.
399 3498 554 3551 Κατὰ
589 3499 649 3550 τὸ
681 3498 858 3565 λόγιον
896 3498 1060 3551 αὐτοῦ
1089 3501 1118 3552 6
1160 3498 1291 3562 Θεὸς
1337 3499 1651 3553 κατευθύνει
1699 3501 1767 3553 τά

188 3589 510 3658 διαδήματα
551 3589 644 3642 τοῦ
678 3590 786 3642 ἀπὸ
817 3591 1012 3655 κακίας
1051 3591 1144 3644 καὶ¹
1190 3590 1411 3658 ἀγνοίας
1456 3591 1532 3652 είς
1569 3592 1767 3661 ἀρετὴν

189 3682 290 3734 καὶ
324 3681 524 3748 γνῶσιν
557 3681 943 3744 διαϐαίνοντος.
1015 3682 1071 3734 '0
1115 3681 1223 3751 γὰρ
1255 3680 1412 3752 ὀρθὸς
1459 3680 1613 3748 λόγος
1662 3680 1768 3734 τῶν

188 3772 452 3826 τοιούτων
477 3775 712 3844 ἡγεῖταιο
749 3776 811 3826 Οἱ
836 3774 910 3843 μὴ
937 3772 1215 3835 ποιοῦντες
1242 3771 1339 3843 τὴν
1377 3773 1648 3844 ἁμαρτίαν
1669 3773 1769 3826 οὐκ

190 3866 307 3920 εἰσὶ
333 3865 506 3919 δοῦλοι
525 3867 629 3936 τῆς
658 3865 947 3935 ἁμαρτίας.

269 3959 580 4024 Λύτρωσαί
601 3975 678 4026 με
704 3956 820 4011 ἀπὸ
855 3959 1263 4027 συκοφαντίας
1286 3957 1626 4026 ἀνθρώπων.
1670 3957 1771 4010 Συ-

194 4050 496 4118 κοφαντίαν
521 4049 824 4121 ἀνθρώπων
855 4051 952 4120 τὴν
981 4049 1088 4103 τῶν
1117 4051 1406 4122 αίρετικῶν
1429 4050 1770 4103 διδασκαλίαν

195 4140 354 4212 φησὶ,
380 4141 473 4192 καὶ
497 4139 594 4211 τὴν
627 4141 734 4193 τῶν
762 4141 939 4210 σοφῶν
965 4142 1056 4194 τοῦ
1083 4143 1276 4205 αἰῶνος
1305 4142 1513 4194 τούτου,
1570 4141 1770 4193 Τούτου

194 4230 498 4300 τετύχηκεν
529 4230 801 4300 αἰσθητῶς
839 4231 1033 4301 Ἰωσὴφ
1059 4233 1150 4284 καὶ
1179 4231 1452 4284 Σωσάννα.
1486 4230 1769 4298 Τροπικῶς

195 4322 255 4375 δὲ
289 4321 614 4392 ἀνθρώπους
659 4321 758 4385 τὰς
808 4322 1050 4393 πονηρὰς
1076 4323 1223 4390 λέγει
1251 4323 1510 4393 δυνάμεις
1533 4361 1546 4386 ,
1579 4325 1669 4391 ἀφ’
1700 4316 1774 4374 ὧν

198 4415 304 4484 τῆς
338 4414 703 4481 συκοφαντίας
732 4416 892 4484 μόνου
926 4413 1248 4485 λυτροῦσθαι
1279 4413 1434 4466 Θεοῦ.

1854 1944 2161 2011 Propterea,
2206 1957 2373 2011 quare
2439 1941 2544 1995 nisi
2599 1940 2725 2010 quia
2754 1954 2968 2007 semper
3015 1940 3314 1994 meditabar
3345 1942 3416 1993 le-

1855 2037 2012 2103 gem?

1925 2128 2043 2180 150.
2082 2126 2147 2178 Et
2194 2125 2515 2178 intellectum
2546 2125 2636 2176 dat
2667 2122 2920 2191 parvulis.
2966 2119 3227 2174 Parvulos
3260 2122 3418 2174 intel-

1854 2220 1986 2284 liges
2032 2233 2125 2272 eos
2154 2218 2246 2287 qui
2303 2219 2355 2270 in
2402 2217 2710 2286 ignorantia
2744 2216 3078 2277 detinentur,
3112 2223 3166 2267 et
3197 2212 3422 2267 infanti-

1858 2311 1957 2363 Ims
1984 2309 2191 2363 similes
2216 2319 2362 2362 sunt.
2391 2306 2501 2362 IIos
2539 2308 2706 2369 enim,
2736 2308 2932 2377 inquit,
2981 2307 3210 2361 verbum
3239 2313 3416 2368 tuum,

1855 2411 1948 2455 tuo
1978 2401 2274 2456 illustratos
2305 2400 2510 2454 lumine
2538 2399 2891 2469 intelligentia
2913 2399 3103 2468 replet.

1930 2493 2050 2546 15L
2074 2491 2144 2544 0s
2176 2507 2346 2545 meum
2373 2490 2556 2559 aperui
2583 2499 2630 2542 et
2652 2490 2854 2542 attraxi
2879 2489 3146 2558 spiritum.
3169 2487 3420 2556 Apertio-

1858 2599 1923 2634 ne
1943 2581 2182 2650 indigent
2209 2581 2441 2650 eloquia.
2462 2579 2642 2645 Quare
2664 2579 2920 2635 Salvator
2948 2578 3164 2650 aperuit
3187 2577 3425 2648 discipu-

1858 2675 2032 2726 lorum
2065 2682 2298 2727 mentem
2334 2683 2392 2725 ut
2424 2672 2782 2740 intelligerent
2817 2672 3151 2742 Scripturas.
3171 2667 3237 2724 Et
3265 2667 3420 2722 frau-

1861 2767 1982 2817 dum
2019 2778 2140 2832 quze
2169 2771 2264 2816 aut
2310 2776 2404 2832 per
2443 2760 2774 2830 voluptatem
2815 2767 2911 2813 aut
2930 2773 3028 2830 per
3062 2757 3292 2828 gloriam
3331 2770 3427 2823 pa-

1863 2865 2033 2920 ratur,
2057 2852 2408 2922 intelligentia
2437 2866 2558 2922 qua:
2619 2865 2716 2920 per
2742 2849 2912 2904 verba
2953 2849 3114 2904 datur
3162 2846 3407 2916 impedit.

1936 2946 2059 2998 152.
2089 2945 2300 3012 Respice
2335 2945 2390 2996 in
2413 2958 2514 3006 me,
2553 2951 2603 2996 et
2636 2943 2883 2997 miserere
2920 2941 3044 3006 mei,
3074 2950 3180 2994 etc.
3218 2939 3425 3005 Quem-

1865 3037 2180 3099 admodum,
2215 3038 2312 3100 ait,
2343 3036 2631 3091 decrevisti
2669 3050 2756 3090 me
2819 3035 3110 3105 respicere,
3142 3043 3195 3088 et
3230 3049 3428 3104 magna

1869 3127 2202 3196 providentia
2222 3137 2312 3180 tua
2330 3126 2542 3196 dignari
2564 3141 2660 3181 eos
2671 3127 2765 3195 qui
2784 3126 3015 3197 diligunt
3033 3139 3232 3179 nomen
3251 3133 3426 3182 tuum.

1821 3220 1833 3235 ‘
1871 3224 1942 3275 ita
1968 3235 2053 3276 me
2080 3220 2267 3275 eadem
2299 3218 2660 3289 providentia,
2697 3218 2887 3272 eadem
2918 3216 3298 3272 misericordia
3339 3217 3425 3272 di-

1867 3331 2065 3382 gucrts.

1941 3421 2041 3472 155
2123 3418 2341 3472 Gressus
2399 3433 2536 3471 meos
2594 3417 2764 3487 dirige
2829 3415 3114 3471 secundum
3170 3415 3433 3487 eloquium

1869 3523 2034 3564 tuum.
2087 3509 2399 3565 Secundum
2465 3510 2745 3579 eloquium
2805 3525 2964 3564 suum
3014 3506 3157 3564 Deus
3211 3524 3434 3579 gressus

1866 3600 2048 3669 dirigit
2070 3601 2188 3667 ejus
2223 3599 2315 3668 qui
2350 3613 2379 3652 a
2407 3598 2611 3652 malitia
2644 3607 2698 3651 et
2745 3597 3054 3668 ignorantia
3117 3596 3184 3652 ad
3229 3598 3432 3652 verita-

1866 3703 1972 3746 tem
2011 3702 2064 3745 et
2085 3691 2148 3746 ad
2183 3691 2466 3746 scientiam
2530 3688 2768 3744 transiit.
2802 3687 3003 3744 Rectus
3054 3689 3203 3744 enim
3249 3703 3435 3744 sermo

1867 3783 2132 3854 ejusmodi
2164 3783 2326 3837 rebus
2351 3782 2562 3837 anteit:
2605 3780 2708 3847 Qui
2742 3795 2850 3835 non
2885 3780 3093 3835 faciunt
3145 3789 3429 3850 peccatum

1869 3893 1977 3933 non
1996 3886 2124 3932 sunt
2147 3875 2288 3930 servi
2313 3874 2539 3945 peccati.

1944 3968 2066 4022 154.
2107 3966 2320 4019 Redime
2364 3981 2443 4018 me
2471 3981 2504 4016 a
2547 3964 2821 4018 calumnia
2875 3963 3166 4020 hominum.
3214 3964 3437 4019 Calum—

1871 4061 2015 4114 niam
2077 4059 2360 4112 hominum
2421 4066 2581 4111 vocat
2638 4055 3037 4122 haereticorum,
3086 4070 3296 4112 necnon
3348 4072 3437 4111 sa-

1872 4149 2132 4221 pientium
2161 4148 2322 4217 hujus
2353 4147 2558 4212 saeculi,
2583 4143 2910 4200 doctrinam.
2941 4141 3058 4197 Hoc
3081 4142 3285 4198 bonum
3313 4157 3438 4196 sen-

1874 4241 2016 4296 sibili
2049 4239 2212 4294 modo
2253 4246 2449 4292 nactus
2481 4246 2566 4290 est
2587 4234 2788 4305 Joseph
2815 4244 2869 4290 et
2891 4234 3164 4290 Susanna.
3204 4230 3439 4303 'I‘ropire

1873 4341 2050 4387 autem
2081 4330 2327 4386 homines
2351 4337 2509 4382 vocat
2543 4326 2808 4396 malignas
2852 4333 3171 4395 potestates,
3227 4339 3258 4379 a
3303 4340 3441 4395 quau

1875 4439 1992 4478 rum
2017 4421 2292 4477 calumnia
2321 4419 2552 4473 liberare
2567 4417 2739 4472 solius
2766 4415 2861 4471 Dei
2894 4426 2999 4472 est.

281 4506 351 4560 Τὸ
372 4506 696 4573 πρόσωπόν
713 4521 828 4558 σου
843 4506 1138 4575 ἐπίφανον
1159 4507 1256 4560 ἐπὶ
1274 4505 1380 4559 τὸν
1398 4504 1622 4559 δοῦλόν
1635 4519 1762 4557 σου;

1947 4514 2068 4567 435.
2102 4510 2316 4564 Faciem
2369 4520 2515 4562 tuam
2562 4509 2806 4562 illumina
2863 4524 3017 4576 super
3042 4523 3246 4560 servum
3269 4517 3436 4561 tuum.

199 4600 317 4669 τὴν
349 4600 651 4668 παρουσίαν
685 4598 937 4651 ἐπιποθεῖ
965 4598 1058 4651 τοῦ
1087 4599 1290 4668 Κυρίου
1326 4598 1640 4652 Θεάσασθαι.
1671 4597 1776 4649 Λύ-

197 4696 293 4757 τὺς
320 4694 427 4763 γάρ
461 4695 603 4745 ἐστιν
626 4695 653 4745 6
676 4693 960 4764 χαρακτὴρ
1000 4691 1092 4744 τοῦ
1127 4692 1359 4763 Πατρός.
1383 4693 1493 4745 Καὶ
1529 4689 1777 4754 δίδαξόν

193 4803 276 4856 με
311 4787 382 4839 τὰ
408 4784 766 4852 δικαιώματά
806 4799 941 4838 σου.
991 4783 1099 4853 Τὴν
1132 4785 1275 4838 Νέαν
1304 4784 1575 4853 ΔιαΘήκην
1621 4783 1773 4852 φησὶ,

197 4880 268 4932 δι’
299 4873 367 4948 ἧς
414 4878 760 4931 δεδικαίωκεν
803 4878 831 4929 ὁ
861 4877 992 4939 Θεὸς
1026 4876 1121 4929 καὶ
1148 4857 1338 4946 Πατὴρ
1367 4877 1492 4937 τοὺς
1544 4875 1636 4926 ἐπὶ
1676 4875 1774 4944 τῆς

197 4971 330 5041 γῆς-

275 5059 594 5124 Διεξόδους
614 5059 847 5112 ὑδάτων
876 5057 1216 5126 κατέϐησαν
1235 5061 1288 5109 ot
1318 5057 1610 5125 ὀφθαλμοί
1637 5073 1776 5124 μου.

201 5153 421 5223 Πλῆθος
454 5152 633 5220 ἠφίειν
659 5150 909 5222 δακρύων
945 5153 1069 5214 τοὺς
1105 5152 1196 5204 τὸν
1227 5149 1317 5202 σὺν
1350 5148 1780 5220 παραϐαίνοντας

200 5244 368 5313 νόμον
403 5241 743 5311 ἀποθρηνῶν.

279 5335 512 5399 Δίκαιος
547 5329 619 5395 εἴ,
653 5333 848 5401 Κύριε,
870 5333 965 5386 καὶ
1001 5332 1185 5398 εὺθὴς
1211 5333 1249 5400 ἡ
1280 5331 1474 5398 κρίσις
1501 5343 1636 5383 σου.
1671 5329 1780 5398 Τὴν

203 5428 392 5482 αἰτίαν
420 5428 706 5480 ἀποδίδωσι
728 5467 740 5489 ,
789 5427 854 5478 δι’
894 5426 954 5497 ἢν
990 5426 1314 5479 ἀπεκλαίετο
1350 5425 1471 5488 τοὺς
1511 5422 1779 5494 παραϐαί-

205 5538 402 5584 νοντας
427 5519 517 5571 τὸν
541 5520 631 5572 τοῦ
657 5519 789 5573 Θεοῦ
821 5521 980 5590 νόμον
1000 5536 1012 5549 ·
1049 5522 1132 5573 ὃτι
1160 5519 1223 5588 δὴ
1243 5520 1355 5580 τοῖς
1385 5517 1572 5568 τοῦτον
1606 5532 1782 5585 παρα-

208 5615 490 5670 ϐαίνουσιν
524 5615 579 5666 ὲν
599 5613 674 5682 τῷ
705 5613 833 5682 Gaio)
851 5614 1181 5667 δικατττποίω
1201 5611 1472 5670 τιμωρίαν
1498 5609 1779 5679 ἠπείλησε,

294 5774 336 5802 ⁸⁸
373 5770 530 5828 Prov.
565 5787 686 5834 xm,
719 5771 798 5825 I5.
882 5772 925 5802 “
975 5786 1116 5825 vers.
1156 5770 1240 5823 72.

1881 4605 2094 4661 Domini
2149 4604 2441 4658 adventum
2498 4601 2682 4655 videre
2747 4609 2990 4670 exoptat.
3039 4599 3158 4669 Ipse
3204 4616 3442 4671 namque

1878 4709 1962 4753 est
1996 4697 2293 4752 character
2341 4693 2539 4748 Patris.
2615 4691 2682 4745 Et
2733 4693 2860 4746 doce
2912 4709 2992 4745 me
3030 4691 3442 4760 justi/icationes

1880 4802 2020 4845 tuas.
2056 4786 2266 4842 Novum
2292 4785 2700 4842 Testamentum
2729 4786 2881 4849 dicit,
2912 4799 3023 4854 quo
3059 4783 3200 4837 Deus
3242 4793 3298 4838 et
3339 4782 3444 4837 Pa-

1878 4891 1961 4934 ter
2010 4893 2106 4934 eos
2150 4877 2244 4947 qui
2284 4891 2448 4947 super
2508 4888 2708 4932 terram
2757 4883 2913 4931 erant
2960 4873 3300 4944 justillcavit.

1973 5056 2095 5109 156.
2127 5055 2316 5109 Exitus
2343 5069 2599 5125 aquarum
2639 5053 2969 5106 deduxerunt
3004 5051 3141 5105 oculi
3180 5053 3301 5103 mei.
3346 5049 3448 5102 La-

1883 5162 2188 5218 rrymarum
2205 5145 2316 5201 vim
2345 5144 2678 5209 eminebam,
2711 5144 3000 5214 deplorans
3025 5156 3120 5196 eos
3145 5142 3239 5211 qui
3263 5153 3415 5195 trans
3437 5171 3446 5179 -

1883 5239 2235 5311 grederentur
2268 5237 2436 5307 legem
2463 5247 2634 5292 tuam.

1961 5329 2081 5390 I37,
2111 5330 2230 5384 138.
2260 5328 2448 5383 Justus
2469 5345 2543 5395 es,
2582 5329 2824 5392 Domine,
2867 5337 2918 5383 et
2951 5338 3146 5381 rectum
3182 5328 3448 5396 judicium

1891 5432 2057 5474 tuum.
2090 5420 2322 5476 Causam
2345 5422 2542 5485 reddit,
2563 5438 2662 5477 cur
2691 5421 2999 5490 deploraret
3025 5435 3123 5474 eos
3149 5419 3241 5489 qui
3275 5429 3451 5472 trans—

1890 5513 2244 5584 grederentur
2265 5514 2436 5585 legem
2478 5512 2594 5581 Dei,
2617 5514 2746 5583 quia
2776 5513 2983 5570 scilicet
3009 5527 3131 5567 eam
3173 5511 3448 5579 tranSgre-

1889 5605 2161 5663 dientibns
2183 5620 2375 5676 positas
2409 5621 2466 5662 se
2487 5604 2541 5661 in
2585 5605 2772 5662 divino
2802 5604 2894 5662 illo
2923 5601 3184 5659 tribunali
3215 5597 3453 5656 inﬂictu-

1320 5768 1536 5822 "Prov.
1571 5782 1691 5834 vm,
1728 5763 1813 5832 I0,
1851 5763 1932 5816 II.
