4070 6460
679 338 784 394 505

1526 346 1582 399 S.
1625 345 1992 401 ATIHNASII
2035 348 2184 402 ΟΡΡ.
2228 348 2403 403 PARS
2441 350 2525 404 ΙΙΙ.
2569 382 2635 391 ——
2679 353 3092 407 EXEGETICA.

3821 341 3930 400 504

685 475 803 514 rum
840 461 1222 524 comminatus.
1255 473 1309 517 et
1334 463 1443 532 jam
1471 466 1613 534 ipsas
1636 465 1919 520 adiuturas
1944 481 2066 521 esse
2095 467 2242 521 testi-
2274 508 2282 526 ι

2357 469 2659 542 καὶταύτην
2688 469 2936 524 ἐντεῦθεν
2955 471 3052 542 ήδη
3069 471 3487 543 διεμαρτύρατο.
3516 473 3819 528 Ἐνετεέλω
3847 475 3935 527 ε...

686 555 879 610 ﬂcatus
908 555 994 610 sit.
1031 555 1301 610 Mandasti
1322 558 1595 625 justitiam
1647 561 1946 613 testimonia
1987 571 2109 626 tua,
2134 570 2240 615 etc.

2345 563 2679 629 καιοσύνην
2694 555 3057 630 τὰμαρτύρᾶί
3086 579 3222 627 σου,
3243 581 3295 616 κ.
3316 581 3364 618 τ.
3385 563 3432 616 λ.
3453 564 3534 618 Τά
3564 564 3702 635 μετὰ
3730 567 3935 636 μαρτύ·

683 647 943 714 Quaenam
987 649 1115 712 alia,
1163 651 1396 705 testibus
1456 653 1594 706 caelo
1651 662 1705 706 et
1764 662 1929 715 terra.
1976 653 2246 707 mandasti

2357 670 2454 705 οων
2470 653 2695 723 ούρανοῦ
2713 654 2806 705 καὶ
2831 653 2934 723 γῆς
2967 654 3126 706 τινῶν
3149 654 3321 709 ἄλλων
3345 655 3596 707 ὲνετείλω
3627 656 3931 727 μαρτύρια,

684 737 1012 802 testimonia,
1038 753 1160 806 qua:
1184 739 1289 792 sint
1309 739 1522 809 justitia
1555 749 1608 794 et
1633 741 1832 795 veritas
1863 741 2246 810 apertissima?

2357 743 2829 815 Ξικαιοσύνηνόντα
2857 745 2950 798 καὶ
2975 743 3234 815 ἀλήθειαν
3257 748 3610 816 τρανωτάτην
3631 762 3645 810 ;
3663 746 3809 798 Ἀλλ’
3833 748 3933 800 οὐκ

685 829 788 882 Sed
826 845 931 884 non
961 831 1353 894 occultastiea,
1388 833 1593 887 scilicet
1645 834 1962 889 rectissima!
1993 843 2122 888 sunt
2159 834 2249 904 ju-

684 920 948 973 diciorum
981 929 1195 974 tuorum
1239 923 1458 991 regulae,
1505 939 1625 989 quae
1671 933 1818 977 tuam
1870 923 2138 993 justitiam
2170 925 2246 978 si-

686 1009 964 1077 gniﬁcant.
993 1007 1178 1080 Itaque
1205 1012 1517 1066 testimonia
1546 1024 1636 1067 tua
1655 1022 1780 1067 sunt
1809 1028 1976 1067 sacrae
2007 1012 2249 1083 Scriptu—

2343 835 2624 905 ⁴ἤμαύρους
2643 853 2657 865 ο
2682 836 2850 906 ἤγουν
2879 836 3163 900 εὐθύτατοι
3191 837 3300 890 τῶν
3331 836 3440 888 σῶν
3467 839 3756 908 κριμάτων
3779 842 3935 892 κανό-

2347 944 2434 990 νες
2465 928 2562 998 τὴν
2600 929 2697 999 σὴν
2730 929 3077 1000 δικαιοσύνην
3112 928 3396 1000 μηνύουσι.
3441 930 3522 982 Τά
3551 926 3644 983 οὖν
3683 932 3754 984 σά
3790 949 3933 1002 μαρ-

2345 1019 2506 1088 τύρια
2536 1021 2591 1072 αἱ
2631 1019 2770 1073 θεῖαι
2794 1021 3038 1090 Γραφαί·
3071 1019 3383 1092 δικαιοσύνη
3419 1021 3516 1091 μὲν
3542 1022 3682 1075 κατά
3712 1024 3782 1075 τά
3816 1023 3936 1093 ἠθι-

689 1114 782 1163 ταξ,
812 1115 930 1169 quae
955 1111 1082 1155 sunt
1138 1103 1348 1170 justitia
1395 1103 1613 1173 quidem
1675 1105 1977 1158 secundum
2024 1107 2248 1160 moralia

2357 1112 2418 1164 κά
2447 1113 2768 1180 τυγχάνουσι
2795 1113 3229 1182 παραγγέλματα
3249 1153 3262 1176 ,
3295 1113 3520 1184 ἀλήθεια
3556 1114 3612 1167 δὲ
3655 1114 3797 1168 κατά
3836 1113 3934 1186 τὴν

688 1203 952 1261 pra-cepta
975 1232 990 1257 ,
1021 1193 1224 1248 veritas
1248 1203 1432 1249 autem
1480 1196 1780 1250 secundum
1825 1197 2247 1266 speculationem

2357 1202 2581 1274 θεωρίαν
2616 1203 2724 1256 τῶν
2748 1204 2938 1272 λόγων,

691 1286 974 1340 verborum
985 1327 997 1340 .

772 1378 892 1432 159.
934 1377 1212 1432 Tabescere
1263 1397 1341 1433 me
1399 1382 1522 1448 fecit
1547 1384 1688 1434 zelus
1734 1391 1877 1445 tuus,
1947 1381 2071 1451 quia
2102 1380 2250 1434 obliti

687 1477 810 1520 sunt
831 1470 982 1522 verba
1009 1480 1099 1523 tua
1133 1471 1337 1524 inimici
1369 1473 1486 1524 mei.
1521 1471 1748 1537 Qualem
1780 1473 2000 1541 suscepi
2052 1472 2248 1538 zelum,

687 1561 735 1614 si
759 1575 921 1630 quem
947 1563 1182 1617 viderem
1210 1565 1505 1634 aliquando
1531 1565 1825 1620 verborum
1870 1573 2088 1620 tuorum
2150 1565 2253 1619 im-

689 1667 1004 1707 memorem.
1040 1651 1222 1724 Neque
1281 1655 1602 1724 simpliciter
1634 1656 1834 1722 zelum,
1867 1655 1959 1710 sed
1991 1655 2155 1710 talem
2190 1664 2250 1710 ut

2435 1384 2705 1449 Ἐξέτηξέ
2729 1401 2806 1453 με
2839 1387 2872 1438 ό
2900 1381 3078 1451 ζῆλός
3105 1373 3241 1446 σου,
3285 1386 3372 1437 ὅτι
3418 1384 3790 1438 ἐπελάθοντο
3815 1383 3936 1438 τῶν

2348 1477 2544 1544 λόῃων
2571 1491 2686 1528 σου
2707 1479 2760 1529 οἱ
2786 1476 2987 1544 ἐχθροί
3009 1494 3146 1545 μου.
3185 1472 3310 1529 Οἷον
3338 1474 3500 1545 ζῆλον
3531 1475 3932 1545 ἀνελάμϐανον,

2350 1567 2402 1619 εἴ
2429 1583 2555 1619 ποτε
2598 1565 2784 1636 ἐώρων
2815 1567 2936 1620 τινὰ
2968 1567 3392 1638 ἐπιλελησμένον
3422 1567 3530 1621 τῶν
3574 1565 3685 1619 σῶν
3731 1565 3932 1633 λόγων.

2351 1656 2461 1709 Καὶ
2483 1658 2580 1728 οὐχ
2609 1657 2792 1721 ἁπλῶς
2823 1658 2983 1729 ζῆλον
3002 1699 3016 1722 ,
3065 1659 3200 1713 ἀλλά
3230 1660 3318 1712 διὰ
3344 1659 3436 1712 τὸν
3467 1659 3680 1712 τιθέντα
3716 1676 3807 1728 μοι
3842 1660 3934 1711 ἐκ·

688 1743 1017 1798 tabescerem
1052 1746 1121 1798 ab
1141 1745 1450 1814 Irujusmodi
1475 1747 1590 1800 zelo
1635 1762 1732 1815 pro
1785 1755 1837 1799 te
1884 1756 2158 1815 suscepto,
2205 1746 2252 1801 si

2357 1749 2615 1819 τήκεσθαι
2644 1751 2751 1803 ἀπὸ
2782 1750 2876 1803 τοῦ
2901 1750 3063 1822 ζήλου
3089 1751 3182 1804 τοῦ
3209 1752 3345 1822 πρὸς
3375 1752 3453 1814 σὲ,
3480 1753 3527 1803 εί
3553 1749 3828 1821 ἐθεώρουν
3857 1766 3936 1802 τις·

687 1849 828 1905 quos
858 1837 1095 1890 viderem
1117 1851 1430 1890 sermonum
1479 1847 1696 1891 tuorum
1733 1838 2102 1893 immemores.
2141 1836 2253 1891 Hu-

2357 1841 2447 1906 νὰς
2482 1841 3001 1912 ἐπιλανθανομένους
3031 1857 3124 1894 σου
3157 1842 3265 1894 τῶν
3304 1842 3496 1910 λόγων.
3559 1843 3694 1913 Περὶ
3737 1841 3934 1894 τούτου

681 1927 777 1996 jus
803 1927 903 1982 zeli
933 1927 1199 1982 recordati
1237 1940 1366 1982 sunt
1389 1929 1666 1998 discipuli,
1694 1931 1761 1983 de
1783 1945 1892 2000 quo
1921 1945 1986 1984 ex
2016 1946 2254 2000 persona

689 2018 903 2074 Domini
939 2019 994 2072 in
1056 2019 1264 2089 psalmo
1292 2020 1492 2074 dicitur
1519 2035 1534 2073 :
1560 2019 1826 2084 Quoniam
1880 2022 2020 2075 zelus
2070 2022 2254 2076 domus

691 2122 797 2165 tute
811 2110 1033 2164 comedit
1069 2127 1149 2164 me
1183 2112 1250 2165 ⁸⁸.

779 2202 901 2256 140.
959 2201 1193 2272 Ignitum
1241 2203 1501 2273 eloquium
1546 2214 1695 2258 tuum
1745 2204 2083 2259 vehementer.
2131 2203 2253 2260 Elo-

689 2294 879 2366 quium
910 2293 1122 2349 Domini
1168 2296 1396 2365 ignitum
1447 2306 1532 2350 est
1571 2297 1941 2358 vehementer,
1989 2297 2250 2363 sublime,

689 2387 840 2441 omni
868 2388 1187 2458 probatione
1207 2388 1476 2457 superius.
1530 2386 1598 2443 Et
1636 2388 1683 2444 si
1727 2389 1854 2459 quis
1888 2389 1992 2444 hoc
2025 2389 2254 2460 ignitum

689 2480 968 2549 etoquium
1010 2478 1228 2546 habeat,
1269 2479 1316 2533 is
1375 2481 1559 2536 omnia
1609 2479 1821 2552 iudicat
1854 2491 1908 2535 et
1943 2497 1974 2536 a
2034 2482 2274 2538 nemine-

685 2570 984 2639 judicatur.

758 2662 884 2717 141.
909 2663 1340 2716 Adolescentulus
1363 2679 1480 2717 sum
1520 2679 1612 2734 ego
1649 2674 1698 2719 et
1741 2676 2085 2736 contemptus.
2111 2665 2256 2719 Ado—

691 2754 1024 2809 lescentulus
1057 2753 1276 2824 quidem
1311 2765 1393 2809 est
1429 2754 1524 2824 qui
1547 2755 1747 2811 divinis
1766 2755 2001 2824 eloquiis
2022 2770 2121 2808 ceu
2143 2755 2253 2808 ele-

692 2845 891 2900 mentis
918 2845 1162 2901 initiatur
1183 2887 1197 2911 ,
1231 2856 1577 2915 contemptus
1630 2856 1813 2901 autem
1843 2846 1974 2916 quia
2005 2861 2126 2902 sese
2155 2845 2256 2900 hu-

693 2939 887 2993 miliat.

771 3031 894 3086 149..
919 3029 1145 3084 Iustitia
1177 3039 1265 3083 tua
1283 3030 1502 3100 justitia
1532 3031 1584 3083 in
1609 3039 1892 3084 retentum.
1927 3027 2061 3084 Nam
2089 3029 2254 3099 justi-

693 3121 769 3175 tia
799 3121 1081 3175 hominum
1115 3123 1206 3190 qui
1231 3121 1378 3190 juste
1405 3120 1676 3191 judicant,
1708 3122 1774 3175 ad
1835 3121 2000 3175 breve
2041 3130 2256 3189 tempus

689 3213 958 3282 judicium
986 3213 1089 3267 l'ert
1114 3255 1129 3277 ,
1173 3213 1385 3283 justitia
1411 3223 1592 3268 autem
1627 3213 1717 3267 Dei
1764 3212 2032 3281 judicium
2083 3211 2258 3266 reddit

694 3314 978 3359 sternunt.

785 3395 904 3448 143.
941 3393 1327 3447 Tribulationes
1351 3401 1400 3446 et
1433 3393 1693 3462 angustia:
1713 3394 2017 3446 invenerunt
2069 3407 2167 3446 me.
2197 3389 2257 3445 In

693 3488 1031 3557 quibuslibet
1066 3485 1472 3547 occasionibus,
1497 3486 1593 3552 ait,
1631 3485 1765 3555 legis
1788 3495 1894 3540 tuae
1950 3483 2258 3539 meditatio-

698 3593 821 3632 nem
856 3591 962 3630 nou
996 3576 1373 3646 neglexerunt.

781 3668 903 3722 144.
938 3666 1190 3738 Αῐᾳιιὶωε
1223 3667 1523 3720 testimonia
1576 3678 1671 3720 tua
1716 3666 1772 3718 in
1819 3674 2094 3719 aeternum.
2129 3663 2260 3730 Qua:

696 3762 892 3817 dedisti
922 3762 1055 3815 mihi
1087 3761 1419 3821 testimonia,
1450 3758 1649 3828 inquit,
1684 3773 1792 3812 non
1821 3758 1887 3814 ad
1940 3761 2099 3812 breve
2132 3765 2262 3814 tem-

695 3869 799 3923 pus
829 3854 1003 3915 utilia,
1025 3852 1238 3920 justitia
1271 3861 1397 3906 sunt
1424 3851 1475 3903 in
1495 3863 1779 3913 aeternum,
1807 3865 1932 3903 nam
1963 3849 2263 3919 justiﬁcant

695 3959 820 3998 cum
846 3945 938 4013 qui
957 3943 1150 3998 affectu
1184 3943 1249 3997 ad
1279 3943 1393 4012 ipsa
1416 3942 1644 3999 accedit.
1666 3939 1995 3994 Intellectum
2017 3941 2087 3994 da
2109 3941 2259 4007 mihi,

695 4048 743 4090 et
769 4037 973 4106 viviﬁca
996 4053 1093 4089 me.
1113 4034 1246 4090 Nam
1266 4035 1479 4105 justitia
1498 4049 1659 4103 quam
1680 4034 1733 4088 iu
1753 4033 2004 4103 prmsenti
2021 4042 2263 4104 tempore

694 4149 1034 4195 exercemus,
1066 4132 1386 4186 retribuitur
1413 4130 1589 4193 nobis,
1628 4145 1737 4183 non
1765 4128 1832 4182 ad
1890 4143 2093 4198 paucos
2121 4128 2261 4192 dies,

696 4226 792 4281 sed
822 4225 875 4278 in
911 4233 1194 4278 aeternum.
1232 4223 1336 4277 Sed
1377 4223 1579 4287 vivam,
1621 4221 1818 4291 inquit,
1849 4220 1895 4274 si
1927 4219 2258 4273 intellectum

697 4318 910 4373 dederis
939 4317 1094 4371 milii.
1121 4317 1176 4371 In
1214 4316 1358 4370 illam
1387 4316 1532 4369 enim
1569 4314 1779 4368 beatam
1806 4313 1972 4366 vitam
2004 4310 2264 4380 insipiens

698 4422 808 4461 non
843 4407 1160 4475 ingreditur.
1197 4404 1525 4460 Postulanda
1557 4404 1721 4473 igitur
1768 4401 2126 4470 intelligentia
2180 4407 2266 4454 est

2352 1933 2446 1986 τοῦ
2478 1934 2640 2004 ζήλου
2670 1933 3016 2004 ἐμνήσθησαν
3045 1935 3094 1985 οί
3126 1933 3397 2004 μαθηταὶ,
3430 1936 3494 1986 ὲκ
3522 1933 3819 2004 προσώπου
3840 1933 3934 1986 τοῦ

2353 2026 2558 2097 Κυρίου
2593 2029 2650 2079 έν
2674 2025 2872 2096 ψαλμῷ
2899 2026 3209 2097 εἰρημένου.
3267 2027 3395 2078 Ὀτι
3433 2029 3465 2079 ὁ
3495 2025 3672 2093 ζῆλος
3707 2025 3816 2079 τοῦ
3852 2026 3936 2076 οἵ·

2354 2135 2462 2172 κου
2489 2135 2602 2172 σευ
2637 2118 2937 2187 κατέφαγέ.
2949 2135 3043 2186 με.

2423 2210 2856 2279 Πεπυρωμένον
2881 2211 2946 2263 τό
2975 2212 3185 2279 λόγιόν
3210 2227 3327 2263 σου
3365 2209 3619 2278 σφόδρα.
3653 2210 3729 2262 Τὸ
3757 2210 3936 2278 λόγιον

2353 2301 2447 2354 τοῦ
2475 2301 2610 2354 Θεοῦ
2642 2303 3034 2372 πεπυρωμένον
3065 2303 3180 2355 ἐστὶ
3211 2301 3412 2371 σφόδρα
3443 2301 3536 2353 καὶ
3553 2300 3931 2369 ἐξιστάμενον,

2355 2395 2448 2448 καὶ
2473 2394 2621 2467 πάσῃ
2656 2394 2871 2464 βασάνῳ
2897 2393 3235 2462 ἀνέλεγκτον.
3288 2393 3394 2445 Καὶ
3422 2391 3578 2454 εἴτις
3612 2392 3728 2460 ἔχει
3754 2408 3933 2443 πεπυ-

2357 2485 2598 2556 ρωμένον
2618 2485 2775 2539 τοῦτο
2800 2486 2862 2538 τὸ
2877 2485 3072 2553 λόγιον,
3105 2485 3384 2558 ἀνακρίνει
3415 2484 3514 2555 μὲν
3548 2483 3749 2547 πάντα,
3773 2483 3934 2545 αὐτὸς

2353 2578 2409 2632 δὲ
2435 2579 2527 2630 ὑπ’
2552 2578 2761 2640 οὐδενὸς
2785 2577 3157 2648 ἀνακρίνεται.

2423 2670 2716 2737 Νεώτερος
2743 2669 2854 2738 ὲπὼ
2872 2671 2986 2739 εἰμι
3006 2669 3100 2722 καὶ
3128 2667 3624 2736 ἐξουδενωμένος.
3651 2666 3932 2737 Νεὼτερος

2360 2761 2454 2830 μὲν
2479 2763 2507 2813 ό
2534 2764 2648 2824 τοῖς
2679 2760 2843 2823 θείοις
2868 2760 3049 2828 λόγοις
3083 2759 3536 2830 στοιχειούμενος,
3567 2758 3928 2828 ὲξουδενωμέ-

2357 2869 2443 2916 νος
2468 2852 2524 2905 δὲ
2558 2851 2644 2904 διὰ
2665 2852 2725 2905 τὸ
2752 2850 3038 2906 ταπεινοῦν
3067 2853 3278 2907 ἑαυτόν.

2437 3027 2499 3082 Ἡ
2528 3025 2879 3089 δικαιοσύνη
2912 3037 3027 3075 σου
3069 3019 3420 3086 δικαιοσύνη
3452 3019 3541 3084 εις
3584 3017 3694 3070 τὸν
3724 3017 3924 3070 αἰῶνα.

2368 3118 2432 3170 Ἡ
2468 3116 2567 3187 μὲν
2615 3115 2723 3186 γὰρ
2770 3113 2900 3183 παρ’
2927 3109 3231 3181 ἀνθρώποις
3259 3107 3570 3176 δικαιοσύνη
3596 3107 3734 3177 πρὸς
3755 3106 3928 3174 ὀλίγον

2359 3206 2648 3278 ψηφίζεται
2675 3206 2864 3278 χρόνον
2889 3202 2968 3273 τῷ
2999 3201 3301 3272 κρινομένῳ
3325 3199 3391 3252 ’τὸ
3418 3200 3654 3261 δίκαιον,
3683 3200 3719 3266 ἡ
3753 3198 3813 3251 δὲ
3836 3197 3926 3249 τοῦ

2359 3301 2493 3354 Θεοῦ
2519 3301 2616 3369 τὴν
2643 3299 2823 3369 κρίσιν
2852 3295 3066 3348 αἰώνιον
3093 3292 3435 3344 ἀποδίδωσιν.

2433 3393 2678 3460 Θλίψεις
2702 3389 2802 3443 καὶ
2837 3385 3088 3456 ἀνάγκαι
3114 3382 3374 3451 εὕροσάν
3407 3399 3503 3450 με.
3558 3379 3693 3433 Οὐδὲ
3728 3380 3785 3431 ἐν
3811 3380 3927 3440 ταῖς

2360 3483 2711 3556 περιστάσεσι
2731 3521 2745 3546 ,
2802 3481 2935 3554 φησὶ
2958 3519 2973 3544 ,
3019 3477 3116 3533 τοῦ
3137 3477 3227 3531 τὸν
3259 3475 3348 3528 σὺν
3375 3473 3604 3543 μελετᾷν
3650 3471 3928 3542 ἠμέλησαν

2359 3579 2538 3650 νόμον.

2431 3666 2789 3733 Δικαιοσύνη
2827 3662 2900 3717 τὰ
2937 3657 3229 3730 μαρτύριά
3277 3675 3393 3712 σου
3441 3659 3526 3722 εις
3571 3655 3677 3708 τὸν
3722 3652 3927 3708 αἰῶνα.

2367 3761 2434 3812 Ἀ
2463 3758 2698 3819 δέδωκάς
2731 3772 2842 3826 μοι,
2881 3750 3034 3822 φησὶ,
3071 3749 3362 3821 μαρτύρια,
3395 3748 3455 3800 οὐ
3483 3745 3616 3817 πρὸς
3638 3744 3820 3812 ὀλίγον
3847 3744 3931 3796 ὀν-

2360 3866 2428 3904 τα
2455 3847 2728 3917 ὠφέλιμα,
2756 3840 3068 3912 δικαιοσύνη
3101 3840 3181 3904 είς
3226 3838 3318 3892 τὸν
3364 3838 3532 3892 αίῶνα
3570 3837 3928 3905 τυγχάνουσι,

2361 3939 2674 3996 δικαιοῦντα
2700 3936 2792 3990 τὸν
2815 3935 3052 3990 διαθέσει
3078 3929 3461 4000 συνεγγίζοντα
3496 3930 3699 3992 αὐτοῖς.
3779 3931 3932 3983 Συν-

2360 4035 2564 4091 έτισόν
2583 4049 2690 4102 με,
2727 4030 2825 4083 καὶ
2859 4026 3043 4095 ζῆσόν
3065 4042 3160 4094 με.
3217 4024 3320 4077 Ἦν
3361 4022 3468 4094 γάρ
3515 4020 3791 4091 ἀσκοῦμεν
3841 4019 3933 4072 ἐπὶ

2360 4124 2449 4179 τοῦ
2485 4123 2749 4194 παρόντος
2776 4116 3118 4186 δικαιοσύνην
3147 4113 3452 4169 ἀποδίδοται
3488 4112 3588 4164 οὐκ
3623 4113 3679 4164 ὲν
3726 4110 3932 4178 ὀλίγαις

2360 4215 2596 4290 ἡμέραις
2626 4213 2787 4284 ἡμῶν
2809 4251 2825 4276 ,
2859 4209 2974 4265 ἀλλ’
3007 4211 3087 4274 είς
3111 4209 3203 4262 τὸν
3229 4206 3417 4260 αἰῶνα.
3460 4203 3617 4256 Ἀλλά
3652 4203 3747 4255 καὶ
3775 4201 3933 4274 ζήσο-

2365 4323 2497 4375 μαι,
2527 4303 2689 4370 φησιν
2713 4342 2728 4366 ,
2768 4301 2862 4354 ἐάν
2894 4317 2959 4370 με
2994 4297 3310 4368 συνετίσῃς·
3342 4298 3422 4358 εἰς
3453 4294 3664 4362 ἐκείνην
3690 4294 3803 4363 γάρ
3836 4292 3933 4362 τὴν

2366 4397 2640 4469 μακαρίαν
2671 4393 2814 4463 ζωὴν
2838 4391 3062 4461 ἀνόητος
3080 4390 3180 4442 οὐκ
3202 4387 3523 4458 εἰσέρχεται.
3559 4384 3819 4453 Αἰτητέον
3841 4379 3933 4436 οὖν

697 4500 768 4554 ab
800 4514 867 4554 eo
890 4499 982 4569 qui
1017 4500 1110 4553 dat
1139 4498 1393 4554 onmibus
1420 4505 1533 4552 toto
1585 4496 1768 4550 animo
1830 4493 2257 4564 postulantibus.

2365 4489 2578 4542 σύνεσιν
2615 4485 2767 4556 παρά
2801 4483 2894 4537 τοῦ
2922 4482 3154 4545 διδόντος
3185 4482 3317 4534 πᾶσι
3347 4481 3458 4541 τοῖς
3492 4476 3550 4540 ἐξ
3585 4475 3715 4546 ὅλης
3755 4475 3932 4545 ψυχῆς

771 4679 896 4745 145,
941 4678 1062 4731 146.
1112 4675 1352 4730 Clamavi
1394 4675 1448 4727 in
1478 4683 1585 4727 toto
1627 4673 1783 4726 corde
1831 4688 1964 4727 meo.
2038 4670 2263 4725 Primo:

699 4767 939 4822 Clamavi
980 4768 1032 4819 in
1075 4775 1183 4820 toto
1234 4765 1387 4819 corde
1437 4780 1568 4830 meo,
1619 4762 1816 4817 exaudi
1864 4778 1966 4824 me,
1999 4760 2219 4814 Domine
2245 4773 2264 4812 :

691 4857 1101 4929 justiﬁcationes
1136 4869 1255 4910 tua:
1289 4856 1570 4925 requiram.
1599 4853 1853 4908 Secundo
1882 4872 1895 4907 :
1927 4852 2166 4907 Clamavi
2196 4850 2264 4904 ad

702 4963 770 5016 te,
808 4949 1010 5004 salt-um
1050 4965 1125 5001 me
1171 4949 1273 5018 fac.
1315 4946 1446 5002 Nam
1489 4946 1633 5017 quod
1667 4943 1927 5015 loquebar
1965 4945 2262 4998 secundum

699 5043 1028 5115 praecipuam
1072 5040 1239 5095 animi
1287 5049 1514 5109 partem,
1562 5037 1697 5114 nihil
1751 5035 1900 5090 aliud
1937 5043 2055 5088 erat
2099 5048 2263 5103 quam

2363 4580 2606 4637 αἰτοῦσιν
2634 4577 2815 4631 αὐτόν.

2447 4669 2854 4741 Ἐκέκραεαέν
2883 4666 2996 4737 ὅλῃ
3030 4664 3244 4735 καρδίᾳ
3268 4680 3411 4733 μου.
3441 4660 3742 4732 Πρότερον·
3779 4660 3932 4714 Ἐχέ-

2363 4765 2550 4834 κραξα
2575 4764 2645 4818 ὲν
2671 4762 2786 4829 ὅλῃ
2810 4759 3022 4829 καρδίᾳ
3037 4775 3176 4828 μου,
3199 4754 3668 4822 ἐπάκουσόνμου
3684 4790 3698 4814 ,
3721 4753 3895 4821 Κύριε
3912 4769 3926 4782 ·

2363 4859 2434 4912 τὰ
2461 4852 2819 4925 δικαιώματά
2846 4869 2962 4908 σου
2980 4847 3300 4917 ἑκζητήσω.
3338 4844 3632 4914 Δεύτερον·
3671 4842 3930 4912 Ἐχέκρα-

2363 4948 2441 5014 ξὰ
2466 4962 2563 5002 σοι
2582 4987 2596 5011 ,
2626 4944 2834 4999 σῶσόν
2854 4960 2950 5015 με.
3006 4943 3070 4995 Ὀ
3095 4939 3201 5011 γάρ
3235 4937 3457 4991 ἐλάλουν
3481 4935 3620 4988 κατά
3643 4934 3705 4986 τὸ
3726 4934 3926 5004 ἡγεμο-

2362 5039 2530 5104 νικὸν,
2558 5038 2658 5091 οὐκ
2683 5036 2808 5092 ἀλλο
2837 5053 2890 5089 τι
2922 5030 2991 5105 ἦν
3016 5033 3048 5103 ἢ
3082 5034 3110 5086 ὁ
3136 5031 3285 5093 Θεός.
3337 5027 3604 5096 Μεγάλως
3628 5022 3721 5079 οὖν
3745 5042 3805 5078 σε
3829 5041 3924 5078 κα-

701 5134 866 5189 Deus.
905 5132 1097 5202 Magna
1147 5130 1307 5200 igitur
1351 5144 1480 5182 voce
1509 5136 1559 5182 te
1595 5127 1876 5190 invocans,
1908 5138 2103 5192 magna
2135 5137 2266 5176 voce

2361 5134 2555 5196 λέσας,
2587 5129 2834 5202 μεγάλως
2869 5125 3271 5195 ἐπαγγέλλομαι
3319 5123 3479 5191 τὰ-σά
3523 5119 3758 5190 φυλάξαι
3789 5134 3926 5188 μαρο

702 5225 958 5296 promitto
988 5240 1074 5277 me
1101 5233 1188 5276 tua
1219 5231 1479 5290 praecepta
1509 5219 1945 5274 observaturum.

775 5317 895 5372 147.
935 5316 1175 5370 Prteveni
1207 5314 1258 5366 in
1292 5312 1596 5366 maturitate
1627 5321 1675 5363 et
1707 5310 1952 5362 clamavi.
1985 5308 2266 5362 Maturita-

701 5419 806 5462 tem
845 5408 933 5462 hic
976 5416 1132 5460 vocat
1177 5403 1445 5469 tenebras,
1478 5403 1591 5458 sive
1632 5416 1811 5456 rerum
1853 5399 2259 5455 confusionem.

702 5500 828 5557 Haec
856 5509 1035 5555 autem
1057 5499 1168 5552 ait:
1221 5496 1444 5551 Etiamsi
1498 5496 1728 5565 improbi
1778 5509 1902 5548 cum
1943 5490 2262 5547 confusione

699 5593 880 5650 omnia
903 5600 1138 5662 agerent,
1185 5590 1353 5645 multa
1394 5589 1448 5644 in
1489 5600 1580 5642 tua
1615 5589 1729 5657 lege
1759 5586 2012 5642 incedens
2038 5599 2259 5650 verave-

700 5690 846 5743 bam.

772 5802 815 5834 “
845 5801 983 5855 Psal.
1013 5816 1196 5856 ιιι-ιιι,
1240 5799 1316 5852 l0.

2360 5243 2541 5279 τυοια.

2431 5243 2785 5382 ἴίέοέφθασα
2835 5312 2903 5364 ἐν
2948 5309 3128 5376 ἁωρίᾳ
3163 5305 3261 5358 καὶ
3315 5302 3628 5371 ἐκέκραξα.
3699 5298 3891 5370 Ἀωρίσ

2361 5409 2452 5461 τὸν
2481 5407 2688 5469 σκότον,
2724 5406 2838 5475 ἦτοι
2861 5403 2958 5473 τὴν
2987 5402 3245 5470 σύγχυσιν
3289 5397 3396 5449 τῶν
3443 5394 3784 5465 πραγμάτων
3827 5409 3924 5462 φη-

2365 5502 2437 5553 σί.
2487 5498 2672 5552 Ταῦτα
2697 5497 2754 5550 δὲ
2787 5495 2960 5562 λέγει’
2995 5491 3186 5546 Καίτοι
3215 5489 3323 5542 τῶν
3354 5486 3684 5560 παρανόμων
3715 5487 3774 5538 ὲν
3803 5500 3922 5550 συγο

2362 5591 2514 5662 χύσει
2547 5589 2720 5645 πάντα
2749 5587 3062 5650 ποιούντων,
3095 5582 3263 5637 πολλά
3295 5575 3350 5635 ὲν
3379 5579 3456 5650 τῷ
3483 5578 3560 5650 σῷ
3590 5579 3741 5648 νόμῳ
3763 5575 3924 5630 ὲστοι·

2360 5701 2509 5753 χουν.
