4070 6454
663 405 770 461 501

1495 399 1553 453 S.
1599 397 1972 453 ATHANASH
2014 396 2165 451 OPP.
2206 393 2388 449 PARS
2428 394 2514 448 ιιι.
2550 422 2619 434 ——-
2664 390 3074 450 EXEGETICA.

3787 378 3888 437 508

662 522 857 592 tigens,
891 520 966 574 uti
994 534 1087 589 par
1124 527 1242 573 erat
1277 518 1465 581 dilexi,
1511 519 1819 573 nullatenus
1852 533 1971 572 eam
2007 518 2255 572 trahens

2338 514 2398 566 τὰ
2432 514 2614 581 γήϊνα.
2667 512 2857 583 Ἡμεῖς
2893 510 2999 581 γὰρ
3026 507 3100 571 ὡς
3131 501 3539 575 συνεγερθέντες
3570 495 3791 571 Χριστῷ
3825 498 3891 551 τὰ

662 616 733 669 ad
786 624 1017 669 terrena.
1067 610 1178 667 Nos
1219 612 1363 666 enim
1418 621 1607 680 utpote
1662 628 1767 664 una
1826 627 1950 665 cum
2007 609 2227 665 Christo

663 706 994 771 resuscitati,
1021 719 1253 774 superna
1276 705 1587 774 qumrimus,
1624 721 1729 757 non
1754 714 1985 758 terrena.

736 798 856 854 164.
892 796 1089 866 Septies
1126 797 1177 849 in
1225 796 1309 849 die
1335 795 1545 849 laudent
1573 797 1687 849 dixi
1738 796 1853 850 tibi.
1910 794 2013 848 Per
2058 803 2228 847 totam

662 891 829 945 vitam
860 905 1014 944 suam
1045 889 1382 943 illuminatus
1407 888 1498 956 qui
1536 888 1720 956 justus
1747 896 1849 949 est,
1895 886 1948 939 in
1993 885 2228 955 perlecta

663 982 750 1036 die
777 981 1107 1044 versabitur,
1142 995 1250 1034 non
1276 981 1573 1048 interrupta
1607 995 1701 1047 per
1725 982 1959 1042 noctein,
1992 987 2042 1031 et
2067 990 2229 1045 supra

660 1073 927 1128 mundum
974 1073 1216 1127 elevatus
1266 1070 1437 1124 Deum
1485 1072 1684 1139 septies
1729 1070 1934 1131 laudat,
1975 1083 2040 1126 eo
2085 1070 2226 1138 quod

661 1184 827 1238 supra
867 1169 1131 1222 mundum
1156 1182 1248 1222 sex
1288 1165 1480 1220 diebus
1524 1166 1798 1220 conditum
1834 1165 2227 1228 insurrexerit;

663 1259 922 1313 nimirum
965 1259 1019 1313 in
1063 1258 1316 1327 paradiso
1350 1255 1445 1311 Dei
1482 1257 1833 1320 constitutus,
1860 1255 2152 1309 creationis
2178 1263 2232 1309 et

661 1350 1012 1417 providentiae
1038 1348 1125 1403 Dei
1158 1352 1426 1403 rationem
1458 1346 1879 1416 contemplatus,
1908 1346 2082 1414 ipsum
2110 1344 2229 1398 lau-

662 1442 755 1495 dat
780 1457 944 1511 super
977 1441 1181 1511 judicia
1222 1441 1448 1509 justitia:
1495 1438 1609 1494 Dei.
1651 1438 1962 1493 Secundum
1998 1452 2061 1491 ea
2102 1451 2231 1491 vero

659 1532 899 1602 judicia,
985 1533 1325 1602 singulorum
1412 1530 1767 1598 multiplicem
1838 1526 2232 1598 providentiam

663 1628 846 1696 gessit.
870 1627 1041 1695 (Alius
1064 1626 1269 1696 codex.)
1295 1624 1390 1680 llis
1412 1624 1682 1694 signiﬁcat
1712 1621 1922 1676 laudem
1954 1634 2232 1689 nunquam

662 1720 1021 1773 desinentem.
1067 1718 1311 1787 Semper,
1367 1718 1462 1783 ait,
1522 1732 1732 1771 memor
1777 1713 2231 1783 fui_judiciorum

662 1819 909 1875 tuorum,
940 1826 1061 1878 qua:
1082 1811 1225 1877 justc
1256 1809 1429 1864 tulisti
1462 1828 1477 1875 ;
1509 1808 1849 1879 principibus
1878 1804 1972 1876 qui
2003 1803 2231 1874 superbe

2330 603 2440 659 ἄνω
2468 602 2734 676 ζητοῦμεν
2753 641 2768 667 ,
2795 601 2856 655 οὐ
2883 601 2953 655 τὰ
2978 600 3070 653 ἐπὶ
3092 596 3196 667 τῆς
3222 596 3343 666 γῆς.

2412 782 2686 847 Ἐπτάκις
2710 780 2819 850 τῆς
2856 779 3078 849 ἡμέρας
3108 775 3300 847 ﬁre-rod
3326 791 3445 830 σοι.
3501 773 3639 843 Παρ’
3660 773 3782 826 ὅλον
3810 771 3896 825 τὸν

2332 875 2444 945 βίον
2465 875 2629 929 αὑτοῦ
2659 874 2687 925 ὁ
2709 874 2916 937 δίκαιος
2942 872 3304 942 φωτιζόμενος
3329 872 3384 923 ὲν
3416 868 3597 940 ἡμέρᾳ
3628 867 3782 919 ἔσται
3815 882 3897 917 τε-

2330 964 2449 1037 λείᾳ
2469 1005 2484 1027 ,
2518 965 2579 1017 οὑ
2637 961 3077 1035 μεσολαϐουμένῃ
3106 960 3209 1013 ὑπὸ
3250 958 3441 1022 νυκτός
3463 977 3477 990 ·
3516 958 3612 1011 καὶ⁵
3640 958 3782 1009 αἰνεῖ
3811 956 3901 1008 τὸν

2330 1055 2461 1108 Θεὸν
2491 1054 2718 1118 ἑπτάκις
2748 1051 3115 1123 ὑπερκόσμιος
3142 1048 3378 1120 γεγονὼς
3396 1088 3411 1113 ,
3459 1047 3553 1101 τοῦ
3584 1048 3696 1100 ἄνω
3730 1063 3898 1115 κεχω-

2336 1146 2560 1217 ρηκέναι
2578 1144 2671 1199 τοῦ
2697 1147 2755 1197 ὲν
2778 1143 2838 1209 ἒξ
2860 1142 3093 1215 ἡμέραις
3107 1141 3397 1211 γενομένου
3422 1139 3628 1210 κόσμου
3648 1154 3662 1167 '
3688 1136 3787 1190 ἆτε
3811 1138 3901 1187 καὶ

2335 1241 2393 1291 ὲν
2421 1238 2500 1308 τῷ
2535 1238 2845 1310 παραδείσῳ
2878 1234 2971 1290 τοῦ
2998 1233 3132 1288 Θεοῦ
3158 1232 3539 1302 γεγενημένος,
3568 1230 3660 1282 τὸν
3690 1229 3791 1298 τῆς
3820 1227 3901 1296 δη-

2338 1326 2623 1398 μιουργίας
2656 1328 2750 1379 καὶ¹
2777 1324 3035 1395 προνοίας
3088 1321 3223 1376 Θεοῦ
3262 1321 3418 1390 λόγον
3451 1319 3778 1390 θεωρήσας,
3815 1317 3899 1379 ἐξ·

2333 1418 2672 1488 ομολογεῖται
2694 1417 2786 1470 ἐπὶ
2798 1416 2866 1470 τὰ
2884 1415 3127 1487 κρίματα
3141 1413 3238 1483 τῆς
3257 1409 3597 1481 δικαιοσύνης
3616 1409 3712 1463 τοῦ
3736 1407 3898 1461 Θεοῦ·

2335 1511 2456 1564 καθ’
2504 1510 2541 1564 ἃ
2571 1511 2816 1581 κρίματα
2849 1508 3091 1563 ἑκάστων
3140 1505 3386 1575 ποικίλην
3416 1503 3778 1575 δημιουργίαν
3810 1502 3902 1553 καὶ

2338 1601 2592 1674 πρόνοιαν
2621 1601 2796 1670 ἔσχεν.
2828 1599 2903 1653 Τὸ
2931 1596 3268 1653 ἀδιάλειπτον
3294 1612 3478 1666 φησιν.
3521 1596 3684 1663 Λέγει
3715 1594 3795 1656 δὲ,
3821 1594 3903 1646 ὅτι

2335 1692 2625 1756 διαπαντὸς
2676 1690 3042 1763 ἐμνημόνευον
3073 1688 3180 1741 τῶν
3227 1685 3334 1740 σῶν
3364 1686 3677 1758 χριμάτων,
3728 1678 3804 1739 ὧν
3829 1685 3905 1738 δι-

2336 1785 2504 1851 καίως
2535 1786 2845 1856 ἐπήγαγες·
2900 1782 3029 1846 τοὺς
3073 1783 3169 1851 μὲν
3212 1781 3711 1850 πλεονεκτήσαντας
3744 1777 3903 1832 ἐκδα-

662 1904 893 1971 agebant
930 1902 1134 1971 ejectis,
1188 1902 1254 1955 iis
1303 1915 1431 1956 vero
1475 1901 1568 1970 qui
1612 1899 1810 1970 injuria
1864 1896 2231 1955 amciebantur

2338 1877 2440 1933 λὼν
2472 1878 2757 1950 ἄρχοντας,
2785 1875 2911 1939 τοὺς
2935 1874 2993 1928 δὲ
3029 1872 3380 1944 ἀδικηθέντας
3412 1871 3848 1942 λυτρωσάμενος.

661 1991 924 2045 liberatis.

733 2081 859 2137 17ος
907 2083 1295 2153 Appropinquet
1321 2083 1615 2152 deprecatio
1642 2097 1821 2133 mea...
1854 2077 2021 2132 Intret
2053 2080 2231 2148 digni-

666 2181 747 2225 tas
786 2189 902 2226 mea
947 2176 1004 2226 in
1052 2183 1328 2244 conspectu
1382 2184 1494 2239 tuo,
1550 2172 1789 2226 Domine.
1838 2168 1973 2225 Vide
2021 2180 2228 2225 rectum

663 2262 973 2316 divinorum
1002 2264 1290 2317 verborum
1333 2265 1601 2318 ordinem.
1637 2262 1880 2316 Primum
1906 2261 2050 2316 enim
2074 2263 2231 2330 poni-

664 2363 775 2419 tur,
819 2354 1212 2423 appropiuquet,
1266 2355 1481 2419 deinde,
1532 2355 1677 2424 quod
1716 2356 1891 2423 majus
1930 2361 2032 2416 est,
2072 2353 2231 2407 intret

664 2444 958 2512 postulatio
997 2462 1112 2498 mea
1150 2460 1169 2498 :
1219 2456 1345 2500 ante
1391 2447 1699 2515 ingressum
1744 2447 1890 2499 enim
1938 2447 2231 2517 appropin-

664 2537 962 2605 quaudum.
1011 2534 1144 2589 Nam
1188 2536 1280 2590 ubi
1321 2536 1775 2605 appropinquavit
1815 2537 2086 2606 quispiam
2136 2537 2233 2591 doc

667 2642 853 2689 nium,
928 2620 1099 2682 si'sit
1153 2628 1364 2683 amicus
1418 2628 1850 2697 patrisfamilias,
1912 2628 2233 2697 ingreditur.

665 2718 836 2783 Quam
897 2727 1074 2772 autem
1121 2713 1556 2788 deprecationem
1611 2721 1846 2784 vocavit,
1905 2735 2050 2775 nunc
2104 2720 2237 2774 dicit

664 2809 1001 2880 dignitatem,
1034 2827 1063 2865 a
1092 2812 1376 2881 dignando.
1419 2810 1558 2865 Num
1596 2810 1735 2865 forte
1763 2812 1888 2880 quia
1915 2817 2042 2864 sunt
2077 2825 2237 2863 mun-

665 2902 818 2955 (lana:
841 2903 1149 2971 dignitates,
1188 2904 1262 2955 ita
1305 2903 1501 2955 animte
1532 2903 1696 2955 etiam
1737 2902 2028 2971 dignitates
2064 2901 2237 2955 sunt?

666 2992 909 3062 Dignitas
935 2994 1132 3061 quippe
1158 3001 1241 3046 est
1269 2993 1573 3059 apostolum
1601 3007 1721 3046 esse
1752 3010 1764 3044 :
1794 2993 2081 3061 dignitates
2106 2992 2233 3047 item

667 3093 794 3137 sunt
835 3084 1050 3137 ordines
1081 3084 1457 3138 ecclesiastici.
1494 3083 1738 3152 Dignitas
1776 3095 1957 3137 autem
2015 3085 2232 3149 animas,

2410 2078 2735 2150 Ἐγγισὰτω
2771 2077 2812 2145 ἠ
2852 2075 3063 2144 δέησίς
3078 2094 3198 2146 μου
3221 2115 3237 2131 .
3262 2116 3277 2129 .
3304 2116 3317 2130 .
3343 2116 3357 2131 .
3385 2116 3399 2131 .
3426 2116 3440 2130 .
3470 2116 3483 2128 .
3509 2116 3523 2129 .
3548 2115 3562 2129 .
3590 2116 3603 2129 .
3632 2115 3644 2128 .
3669 2115 3682 2129 .
3700 2073 3907 2129 Εισέλ-

2327 2178 2419 2229 θοι
2455 2171 2522 2226 τὸ
2551 2169 2778 2240 ἀξίωμά
2797 2187 2916 2239 μου
2944 2167 3197 2223 ἐνώπιόν
3222 2183 3361 2234 σου,
3394 2170 3588 2238 Κύριε.
3608 2157 3766 2238 ’Ὅρα
3795 2166 3904 2219 τῶν

2329 2263 2488 2317 θείων
2519 2262 2780 2335 ῥημάτων
2808 2259 2869 2312 τὸ
2896 2257 3181 2313 εῦτακτον.
3238 2258 3461 2331 Πρῶτον
3489 2259 3597 2329 γάρ
3628 2257 3687 2311 τὸ
3707 2297 3724 2322 ,
3750 2259 3904 2326 errr-

2329 2354 2490 2408 σάτω
2510 2369 2523 2383 ·
2553 2349 2693 2417 εἶτα,
2716 2351 2777 2403 τὸ
2800 2350 3005 2421 μεῖζον,
3031 2349 3111 2413 τὸ,
3131 2350 3393 2404 εἰσέλθοι
3410 2348 3475 2401 τὸ
3500 2347 3730 2417 ἀξίωμά
3750 2365 3868 2417 μου
3884 2365 3899 2377 ·

2331 2446 2435 2517 πρὸ
2467 2444 2575 2516 γὰρ
2606 2444 2699 2498 τοῦ
2725 2484 2741 2509 ,
2776 2444 3043 2511 εἰσέλθοι,
3078 2444 3160 2506 τὺ,
3198 2442 3432 2510 ἐγγίσαι.
3491 2440 3748 2508 Ἐγγίσας
3796 2441 3904 2509 γάρ

2329 2556 2411 2602 τις
2438 2537 2635 2602 οἰκίαν,
2670 2536 2765 2590 ἐὰν
2850 2537 3002 2605 φίλος
3020 2534 3115 2589 τοῦ
3142 2533 3513 2589 οίκοδεσπότου
3535 2572 3550 2597 ,
3576 2531 3901 2602 εἰσέρχεται.

2341 2630 2443 2682 Ἦν
2473 2629 2530 2683 δὲ
2557 2629 2794 2701 κέκληκε
2822 2629 3036 2699 δέησιν,
3068 2626 3163 2681 νῦν
3198 2623 3350 2679 εἶπεν
3382 2624 3624 2694 ἀξίωμα,
3663 2624 3815 2692 παρὰ
3848 2622 3907 2675 τὸ

2334 2718 2567 2782 ἀξιοῦν.
2583 2720 2809 2789 Μήποτε
2831 2719 2907 2781 ὼς
2922 2716 3035 2770 ἔστι
3057 2715 3298 2787 κοσμικὰ
3322 2714 3443 2768 καθ’
3466 2714 3736 2785 ὑπεροχὴν
3756 2714 3907 2779 άξιὼο

2340 2826 2521 2880 ματα,
2555 2808 2698 2862 οῦτω
2744 2809 2838 2863 καὶ
2880 2808 3119 2880 ψυχικά;
3186 2806 3427 2877 Ἀξίωμα
3475 2806 3585 2878 γὰρ»
3614 2806 3908 2858 ἀπόστολον

2335 2897 2474 2957 εἶναι
2504 2903 2741 2977 Χριστοῦ
2762 2921 2777 2935 ο
2810 2903 3099 2974 ἀξιώματα
3130 2904 3223 2957 καὶ
3249 2904 3503 2973 τάγματα
3530 2902 3599 2956 τὰ
3627 2902 3909 2972 ἐκκλησιαο

2337 2997 2515 3051 στικά.
2559 2997 2800 3067 Ἀξίωμα
2831 2996 2887 3049 δὲ
2919 2996 3094 3066 ψυχῆς
3123 2995 3217 3047 καί
3243 2996 3303 3047 τὸ
3329 2994 3471 3064 ἔχειν
3502 2994 3599 3058 τὰς
3628 2997 3849 3066 ἀρετάς,
3873 2996 3906 3065 ἢ

2340 3087 2468 3159 μίαν
2492 3088 2692 3143 αὐτῶν.
2764 3090 2823 3143 '0
2860 3085 3100 3140 τοιοῦτον
3129 3085 3268 3156 ἔχων
3312 3084 3524 3156 ἀξίωμα
3554 3085 3623 3139 τὰ
3666 3088 3906 3157 παρόντα

666 3173 893 3229 virtutes
924 3173 1141 3237 habete,
1171 3183 1264 3227 aut
1291 3188 1477 3228 earum
1508 3174 1767 3242 aliquam.
1790 3172 1892 3238 Qui
1923 3173 2230 3242 bujusmmli
2261 3212 2311 3277 ο
2340 3180 2520 3251 φησίν,

666 3265 978 3334 dignitatem
1013 3266 1220 3319 obtinet
1243 3263 1355 3317 haec
1385 3265 1642 3331 loquitur.

739 3356 860 3407 17L
901 3354 1149 3407 Erurtcut
1188 3353 1331 3405 labia
1376 3369 1491 3405 mea
1526 3352 1799 3422 hymnum.
1847 3352 2143 3419 Eructatio,
2178 3362 2237 3406 ut

668 3446 984 3515 plurimum,
1025 3446 1286 3499 saturatis
1335 3445 1549 3498 accidit.
1590 3442 1750 3499 Novit
1782 3445 1945 3514 igitur
1991 3445 2234 3500 divinum

666 3538 891 3591 verbum
926 3537 1259 3605 spiritualem
1290 3551 1494 3590 eseam.
1522 3534 1701 3603 Ipsum
1731 3536 1895 3605 igitur
1916 3535 2154 3589 Verbum
2179 3554 2238 3593 se

667 3646 859 3700 panem
889 3644 1009 3682 esse
1054 3630 1147 3682 ait.
1177 3626 1287 3693 Ego
1335 3628 1472 3681 enim
1513 3644 1630 3680 sum
1681 3628 1832 3696 panis
1878 3629 2000 3681 vita?
2039 3630 2128 3699 qui
2175 3630 2238 3683 de

669 3722 800 3775 caelo
846 3721 1111 3775 descendit
1152 3722 1215 3773 τ’.
1259 3720 1348 3773 Ait
1390 3720 1517 3773 item
1552 3739 1564 3773 :
1599 3717 1702 3784 Qui
1752 3720 2033 3773 manducat
2072 3737 2238 3774 meam

668 3833 901 3881 carnem,
953 3816 1105 3868 habet
1166 3816 1331 3868 vitam
1378 3815 1435 3867 in
1461 3816 1754 3883 .semetipso
1796 3814 1863 3867 ⁷³.
1912 3812 2067 3868 Hunc
2112 3829 2237 3868 cum

671 3908 1035 3973 cemedimus,
1080 3908 1343 3976 hymnum
1386 3916 1721 3959 eructamus.
1764 3903 1912 3958 Hauc
1941 3914 2069 3976 opto
2105 3906 2239 3959 mihi

668 4000 1061 4054 eructatiOuem
1108 3999 1373 4054 accidere.
1417 3996 1574 4064 Quod
1611 3999 1728 4052 tieri
1771 3981 1958 4070 nequit
2000 3998 2106 4054 nisi
2153 4014 2241 4053 me

668 4092 922 4145 docueris
946 4091 1362 4160 justifieatioues
1391 4100 1533 4146 tuas.

742 4186 864 4240 172.
904 4184 1213 4238 Pronuntiet
1266 4185 1447 4254 lingua
1492 4200 1609 4237 mea
1652 4185 1859 4253 eloquia
1902 4192 2012 4239 tua.
2067 4184 2244 4257 Rogat

662 4286 809 4330 utea
834 4292 955 4345 qua:
982 4276 1095 4344 ipse
1120 4276 1358 4345 loquitur
1378 4276 1485 4330 sint
1510 4276 1735 4328 verbum
1763 4275 2051 4344 Dei,juxta
2072 4277 2238 4332 illud:

674 4366 830 4435 Aperi
863 4382 920 4420 os
949 4375 1093 4419 tuum
1118 4365 1266 4419 verba
1300 4365 1396 4419 Dei
1425 4368 1489 4417 ⁷⁸.
1514 4354 1837 4435 Hujusmodi
1866 4378 2046 4421 autem
2078 4369 2241 4423 homo

671 4460 845 4513 otiosa
874 4459 1035 4512 verba
1061 4469 1166 4512 non
1202 4459 1462 4529 loquitur.
1495 4458 1677 4523 Quare
1706 4460 1906 4515 Paulus
1940 4461 2014 4514 ait
2046 4455 2066 4514 ε’
2094 4460 2240 4514 Illud

2418 3361 2853 3431 Ἐξερεύξοιντο
2882 3361 2954 3415 τὰ
2981 3361 3155 3430 χείλη
3199 3376 3320 3429 μου
3352 3360 3563 3428 ὕμνον.
3636 3360 3701 3412 Ἦ
3740 3355 3908 3431 {pum

2335 3454 2407 3515 ὡς
2437 3454 2529 3504 ἐπὶ
2562 3454 2669 3506 πᾶν
2697 3453 2904 3521 γίνεται
2948 3455 3059 3514 τοῖς
3089 3451 3525 3523 κεκορεσμένοις.
3589 3446 3744 3504 Οἶδεν
3770 3448 3858 3504 οὖν
3886 3456 3911 3503 ὁ

2337 3543 2477 3606 θεῖος
2507 3543 2665 3612 λόγος
2686 3542 3058 3614 πνευματικὴν
3084 3543 3305 3615 τροφήν.
3339 3542 3510 3605 Αὐτὸς
3537 3537 3631 3595 οὖν
3672 3543 3701 3593 ὁ
3743 3542 3908 3608 Λόγος

2339 3637 2503 3707 φησὶν
2530 3635 2692 3706 ἄρτος
2724 3630 2883 3688 εἶναι.
2920 3633 3059 3703 Ἐγὼ
3078 3634 3187 3703 γάρ
3217 3636 3331 3703 ειμι
3360 3637 3393 3687 ό
3422 3635 3597 3701 ἄρτος
3635 3630 3743 3699 τῆς
3767 3630 3911 3697 ζωῆς

2339 3731 2371 3782 ὁ
2399 3727 2469 3793 ἐξ
2518 3727 2777 3796 οὐρανοῦ
2831 3726 3092 3791 καταϐάς
3111 3742 3122 3753 ·
3160 3726 3306 3793 λέγει
3330 3725 3385 3778 δὲ
3412 3726 3532 3777 καί’
3597 3724 3650 3776 '0
3680 3724 3914 3792 τρώγων

2334 3839 2454 3891 μου
2484 3820 2601 3889 τὴν
2630 3820 2825 3888 σάρκα
2873 3820 2996 3888 ἔχει
3040 3818 3189 3885 ζωὴν
3219 3819 3287 3871 ἐν
3332 3815 3544 3881 ἑαυτῷ.
3601 3816 3803 3869 Τοῦτον
3850 3815 3913 3885 δὴ

2341 3913 2627 3984 φάγοντες,
2660 3912 2826 3985 ὕμνον
2855 3911 3212 3984 ἐρευγόμεθα.
3259 3910 3527 3980 Τοιαύτης
3558 3908 3790 3979 εὔχομαι
3818 3926 3912 3960 τυ-

2343 4009 2460 4076 χεῖν
2493 4006 2715 4075 ἐρυγῆς.
2750 4005 2927 4075 Ὅπερ
2962 4003 3241 4064 ἀδύνατον,
3269 4000 3364 4053 ἐὰν
3394 4001 3467 4072 μή
3500 4017 3568 4069 με
3601 3998 3820 4069 διδάξῃς
3852 3999 3916 4051 τὰ

2341 4097 2705 4168 δικαιώματα.

2410 4188 2724 4257 Φθέτξοιτο
2758 4188 2795 4255 ἠ
2828 4186 3075 4257 γλῶσσὰ
3094 4204 3212 4256 μου
3252 4186 3323 4240 τὰ
3356 4184 3529 4255 λόγια
3552 4202 3689 4238 σου.
3750 4184 3913 4255 E51:-

2344 4298 2433 4334 ται
2466 4279 2501 4334 ὃ.
2524 4280 2568 4332 δ’
2596 4280 2659 4333 ἂν
2690 4279 2828 4333 εἴποι
2850 4279 3004 4347 λόγον
3027 4274 3164 4331 εἶναι
3196 4276 3351 4339 Θεοῦ,
3383 4275 3523 4329 κατὰ
3556 4275 3645 4327 τό’
3681 4276 3916 4343 "Araxe

2341 4372 2458 4426 σόν
2486 4372 2678 4441 στόμα
2704 4372 2861 4441 λόγῳ
2891 4370 3058 4425 Θεοῦ.
3128 4371 3186 4423 '0
3218 4368 3273 4421 δὲ
3302 4367 3539 4431 τοιοῦτος
3569 4368 3739 4437 ἀργὸν
3766 4368 3915 4437 ῥῆμα

2341 4467 2401 4519 οὐ
2426 4465 2593 4518 λαλεῖ.
2636 4465 2725 4517 Διό
2778 4480 2939 4533 φησιν
2965 4464 2992 4515 ὁ
3023 4461 3234 4524 Παῦλος
3257 4477 3270 4490 ·
3308 4460 3375 4514 Τὸ
3406 4459 3544 4528 γὰρ,
3588 4460 3670 4511 Οὐ
3700 4460 3915 4527 φονεύ-

670 4551 829 4615 cnim,
866 4548 988 4603 Non
1037 4551 1275 4615 occides,
1333 4568 1434 4603 non
1473 4550 1824 4607 maecltaberis.
1882 4568 1985 4606 non
2035 4553 2235 4622 furtum

2341 4572 2490 4626 σεις,
2518 4558 2590 4611 οὐ
2612 4556 2975 4625 μοιχεύσεις,
3016 4554 3086 4607 οὑ
3116 4553 3385 4621 κλέψεις.
3415 4551 3511 4603 καὶ
3542 4549 3600 4602 ετ
3628 4567 3719 4616 τις
3748 4550 3917 4621 ἑτέρα

672 4643 856 4711 facies,
886 4653 933 4696 et
966 4642 1011 4695 si
1054 4642 1191 4711 quod
1232 4644 1381 4696 aliud
1404 4656 1739 4713 prwceptum,
1767 4647 1819 4698 in
1848 4646 1942 4699 hoc
1972 4645 2123 4699 verbo
2157 4647 2244 4699 in-

671 4745 946 4787 stauratur
978 4750 996 4787 :
1028 4735 1224 4805 Diliges
1255 4739 1553 4804 proximum
1583 4747 1728 4790 tuum
1749 4739 1883 4791 sicut
1923 4742 2143 4809 teipsum
2170 4741 2235 4794 ⁷³.

672 4823 808 4880 Nam
840 4828 970 4881 illud
993 4828 1205 4897 justitia
1232 4839 1315 4885 est
1342 4847 1355 4883 :
1390 4829 1584 4900 Diliges
1610 4832 1904 4914 proximum
1933 4842 2099 4888 tuum.

746 5008 868 5069 175.
912 5006 1037 5062 Fiat
1069 5025 1256 5063 manus
1285 5020 1376 5064 tua
1418 5018 1475 5063 ut
1498 5011 1662 5065 salvet
1699 5028 1795 5065 me.
1827 5010 2104 5077 Signiﬁcat
2130 5028 2239 5067 non

673 5099 871 5156 factam
903 5116 1023 5156 esse
1052 5119 1269 5157 manum
1299 5105 1438 5174 ejus,
1464 5106 1556 5159 sed
1585 5105 1703 5174 ejus
1745 5115 1946 5159 statum
1984 5120 2109 5174 erga
2144 5119 2240 5158 eos

675 5198 767 5265 qui
821 5196 1045 5249 salutem
1090 5203 1519 5267 consequuntur.
1560 5196 1729 5263 Quale
1761 5206 1844 5251 est
1886 5197 2061 5252 illud:
2112 5195 2241 5250 Esto

676 5288 804 5340 mihi
836 5290 890 5340 in
925 5287 1083 5341 Deum
1113 5299 1454 5359 protectorem
1473 5289 1538 5340 ⁷⁸.

749 5377 871 5430 Ui.
919 5381 1203 5447 Concupivi
1246 5381 1481 5432 salutare
1537 5388 1704 5439 tamn,
1741 5377 1978 5431 Domine.
2014 5375 2071 5430 Si
2110 5376 2243 5431 velis

680 5469 978 5536 retmgredi
1028 5478 1080 5522 et
1125 5473 1406 5536 superiora
1450 5471 1753 5538 respicere,
1806 5471 2040 5522 salutare
2089 5478 2241 5521 tuum

684 5559 936 5616 Christus
961 5573 1063 5614 est.
1088 5560 1245 5615 lusus
1278 5565 1419 5615 t‘llllll
1445 5562 1710 5628 signiﬁcat
1738 5563 1830 5615 Dei
1862 5562 2029 5615 salus.
2055 5560 2151 5614 Hie
2177 5560 2243 5614 ad

682 5668 783 5709 nos
807 5654 1123 5708 tnissusest.
1152 5653 1545 5725 (.lliuscodcx.)
1564 5654 1709 5725 Opus
1738 5666 1820 5712 est
1860 5657 2245 5727 concupiscere

750 5835 795 5869 ”
824 5834 883 5890 δυ
905 5853 976 5889 tn.
1008 5853 1077 5899 v1,
1103 5837 1169 5891 53
1267 5841 1311 5870 τ’
1350 5838 1479 5892 ibid.
1508 5838 1594 5893 33.

1670 5840 1711 5867 ⁷·
1738 5837 1895 5891 Prov.
1934 5838 2148 5892 “tu”.
2198 5838 2240 5867 τ’
2278 5836 2432 5891 Rom.
2476 5850 2590 5900 xm,
2618 5833 2671 5887 9.

2339 4647 2580 4715 ἐντολὴ,
2613 4648 2684 4699 ἐν
2710 4644 2790 4711 τῷ
2819 4647 2978 4715 λόγῳ
3007 4645 3194 4712 τούτῳ
3222 4642 3767 4711 ἀνακεφαλαιοῦται
3827 4642 3915 4705 τὸ,

2353 4739 2711 4811 Ἀγαπήσεις
2744 4735 2849 4791 τὸν
2881 4737 3148 4803 πλησίον
3172 4752 3287 4789 σου
3315 4734 3391 4801 ὡς
3420 4734 3654 4786 ἑαυτόν.
3715 4735 3919 4800 Δικαιο-

2343 4833 2476 4902 σύνη
2505 4830 2615 4900 γάρ
2639 4828 2796 4882 τοῦτό
2823 4832 2940 4883 ἐστι
2970 4828 3030 4880 τό
3048 4843 3063 4856 °
3125 4823 3483 4896 Ἀγαπήσεις
3510 4822 3618 4876 τὸν
3650 4823 3918 4891 πλησίον

2342 4943 2479 4980 σου.

2342 5042 2345 5045 ·
2412 5015 2687 5071 Γενέσθω
2718 5015 2756 5080 ἡ
2784 5013 2911 5080 χείρ
2943 5027 3059 5065 σου
3089 5009 3193 5063 τοῦ
3223 5008 3421 5063 σῶσαί
3466 5026 3561 5079 με.
3620 5009 3783 5078 Δηλοῖ
3812 5006 3917 5077 γὰρ

2342 5112 2403 5165 οῦ
2436 5109 2533 5180 τὴν
2569 5106 2688 5160 κατ’
2716 5104 2900 5157 οὐσίαν
2926 5101 3139 5170 γένεσιν
3161 5100 3327 5169 αὐτῆς
3346 5138 3360 5162 ,
3405 5099 3536 5152 ἀλλὰ
3562 5098 3660 5169 τὴν
3688 5098 3823 5170 πρὸς
3852 5099 3919 5151 τά

2346 5200 2629 5270 σωζόμενα
2665 5195 2867 5266 σχέσιν.
2938 5193 3151 5244 ὐποῖον
3186 5190 3280 5243 καὶ
3324 5190 3411 5242 τό·
3447 5192 3496 5243 Γ
3497 5189 3638 5244 ενοῦ
3687 5206 3790 5259 μοι
3835 5191 3918 5250 εἰς

2346 5284 2494 5347 Θεὸν
2520 5282 3002 5357 ὑπερίισπιστήν.

2429 5381 2805 5444 Ἐπεπόθησα
2846 5374 2910 5427 τὸ
2938 5373 3229 5439 σωτήριόν
3274 5386 3411 5431 σου,
3442 5372 3633 5437 Κύριε.
3683 5369 3810 5421 Ἐὰν
3838 5368 3895 5421 θέ

2348 5475 2445 5545 λΐσς
2470 5471 2801 5539 ἐπαναϐῆναι
2822 5468 2897 5537 τῷ
2930 5468 3091 5536 λόγῳ,
3122 5466 3183 5517 τὸ
3204 5464 3467 5534 σωτήριόν
3496 5481 3587 5515 σου
3618 5466 3646 5515 ὁ
3686 5462 3917 5532 Χριστός

2349 5569 2513 5619 ἐστιν.
2532 5560 2735 5631 Ἰησοῦς
2758 5560 2865 5630 γὰρ
2896 5556 3251 5627 ἑρμηνεύεται
3271 5555 3417 5609 Θεοῦ
3444 5555 3707 5621 σωτηρία
3756 5550 3916 5613 Οὗτος

2354 5659 2484 5725 ἡμῖν
2518 5651 2789 5723 ὲπέμ·ξθη.
2859 5650 3057 5717 Ἔργον
3109 5647 3223 5698 ἐστὶ
3258 5646 3316 5698 τὸ
3358 5646 3635 5699 ἐπιποθεῖν
3666 5645 3762 5697 τοῦ
3790 5643 3917 5697 8:3?

2754 5832 2798 5862 ⁷⁶
2835 5830 2979 5885 Psal.
3017 5844 3143 5892 xxx,
3167 5826 3201 5880 3
