4070 6436
239 382 349 436 509

1331 383 1685 440 ΕΧΡΟΞΗἸΟ
1724 384 1790 438 ΙΝ
1831 383 2157 442 ΡΒᾹΙΔᾸΕΜ
2192 393 2350 446 (ΔΚ.

3388 390 3490 446 510

241 503 305 556 τὸ
332 505 617 572 σωτήριον.
655 505 718 556 Οί
750 505 857 574 γὰρ
888 504 1069 558 πολλοὶ
1098 504 1156 556 τὸ
1187 505 1325 558 κατὰ
1361 506 1537 576 σάρκα
1569 507 1808 559 ποθοῦσι.

1919 509 2154 565 salutare
2225 512 2335 566 Dei.
2390 513 2536 566 Multi
2579 513 2724 567 enim
2765 529 2881 582 qu.e
2925 514 3223 567 secundum
3270 527 3488 565 cat-netu

244 590 317 644 Τὸ
341 592 400 646 δὲ
421 593 514 645 τοῦ
544 593 699 656 Θεοῦ,
716 595 777 647 τὺ
798 597 856 646 ἐν
888 594 1032 663 αὐτῷ
1056 593 1321 664 σωθῆναι,
1352 597 1412 649 τὸ
1440 599 1496 649 ἐν
1526 597 1672 666 αὐτῷ
1698 600 1818 650 ἁνα-

246 683 542 750 παύεσθαι,
577 685 976 755 κληρονομῆσαι
1006 687 1074 739 τὰ
1110 686 1255 754 ἅγια.
1291 687 1458 741 Τοῦτο
1485 689 1591 759 γάρ
1619 691 1732 741 ἐστι
1758 690 1818 742 τὸ

245 776 512 844 σωτήριον
534 774 626 828 τοῦ
655 776 861 847 Θεοῦ,ἡ
895 775 1110 839 αἰώνιος
1131 777 1265 848 ζωή.
1305 779 1465 831 Ἀλλὰ
1485 782 1577 832 καὶ
1615 780 1817 850 Ἰησοῦς

242 864 608 934 ἑρμηνεύεται
639 867 785 920 Θεοῦ
801 866 1113 935 σωτήριον,
1135 870 1407 938 πεμφθεὶς
1437 872 1468 940 ἡ
1479 873 1567 940 μίν
1597 873 1688 922 ἐπί
1708 888 1811 922 σω-

239 956 407 1026 τηρία
432 973 445 986 ·
483 949 543 1009 οὗ
569 957 705 1029 πρὸς
731 959 822 1013 τὸν
854 959 1015 1025 πόθον
1041 961 1070 1013 ὁ
1091 961 1258 1015 θέλων
1288 962 1503 1015 ὁδεῦσαι
1532 963 1815 1034 μελετήσει

241 1047 331 1098 τὸν
366 1047 550 1118 νόμον.

315 1221 570 1288 Ζήσεται
630 1225 670 1292 ἦ
706 1226 1042 1294 ψυχήμου,
1106 1228 1206 1281 καὶ
1246 1227 1474 1282 αἰνέσει
1530 1246 1622 1283 σε.
1683 1231 1813 1300 Περὶ

242 1313 543 1384 μελλούσης
567 1315 712 1383 λέγει
738 1316 904 1387 ζωῆς.
952 1319 1014 1372 Ἡ
1032 1318 1140 1388 γὰρ
1163 1317 1274 1388 ζωὴ
1298 1319 1466 1390 ἡμῶν
1492 1322 1813 1390 κέκρυπται

240 1405 364 1460 σὺν
405 1406 486 1473 τῷ
524 1405 752 1475 Χριστῷ
780 1409 848 1462 ἐν
873 1409 954 1474 τῷ
982 1407 1123 1474 Θεῷ.
1176 1409 1308 1464 Τότε
1361 1413 1562 1484 κυρίως
1591 1415 1809 1478 αἰνέσω,

238 1499 364 1552 τότε
403 1488 663 1571 βοηθῆσαί
711 1518 800 1571 μοι
819 1517 834 1532 °
865 1502 934 1556 τὰ
965 1503 1226 1575 ὲπιϐόητα
1258 1505 1520 1574 γενόμενα
1550 1503 1658 1558 τῶν
1689 1522 1811 1574 κρι-

241 1591 483 1660 νομένων
516 1609 596 1645 σοι
629 1593 871 1664 κρίματα
902 1593 979 1664 τῷ
1006 1595 1103 1666 μὲν
1127 1596 1319 1667 δικαίῳ
1347 1597 1514 1670 χωρὶς
1541 1595 1810 1668 βασάνων,

240 1683 322 1755 τῷ
345 1683 402 1736 δὲ
436 1685 673 1756 δεομένῳ
700 1687 788 1740 διὰ
819 1687 1084 1758 βασάνων.

323 1777 706 1845 Ἐπλανήθην
731 1779 810 1844 ὠς
842 1780 1139 1848 πρόϐατον
1169 1781 1502 1846 ἀπωλολός.
1569 1780 1723 1833 Μετὰ
1751 1780 1813 1833 τὸ

1921 611 2049 658 sunt
2084 605 2495 674 concupiscunt.
2542 603 2699 670 Quod
2742 614 2920 658 autem
2964 604 3260 658 secundum
3296 602 3488 669 Deum,

1919 702 2030 757 est,
2054 695 2104 747 in
2148 697 2264 764 ipso
2301 697 2528 750 salutem
2561 697 2928 764 consequitin
2971 696 3089 763 ipso
3125 694 3486 763 requiescere.

1919 796 2103 840 sancta
2137 789 2188 840 in
2233 788 2598 842 luereditatem
2647 789 2911 854 accipere.
2962 785 3096 840 Illud
3119 800 3352 855 namque
3404 795 3491 838 est

1918 877 2154 931 salutare
2182 879 2294 943 Dei,
2313 890 2512 933 aeterna
2532 880 2655 931 vita.
2682 880 2792 931 lino
2818 879 2975 931 etiam
3004 875 3160 929 Jesus
3187 877 3491 943 explicatur

1917 965 2016 1018 Dei
2044 968 2297 1030 salutare,
2326 970 2449 1036 quia
2483 969 2683 1020 missus
2723 975 2805 1020 est
2838 967 2994 1019 nobis
3022 965 3087 1018 ad
3126 967 3380 1018 salutem.
3405 964 3486 1016 Ad

1917 1055 2076 1124 cujus
2098 1058 2428 1112 desiderium
2455 1059 2498 1111 si
2531 1059 2654 1127 quis
2687 1057 2935 1110 incedere
2958 1056 3106 1120 velit,
3133 1054 3487 1108 meditabitur

1915 1144 2108 1214 legem.

1991 1237 2111 1291 175.
2155 1235 2296 1288 Vivet
2347 1237 2529 1287 anima
2571 1252 2686 1288 mea
2716 1245 2764 1288 et
2791 1234 3035 1287 laudabit
3069 1246 3136 1288 te.
3176 1233 3249 1288 De
3298 1233 3485 1286 futura

1915 1330 2022 1384 vita
2063 1331 2316 1398 loquitur.
2354 1327 2495 1380 Nam
2532 1332 2637 1381 vita
2683 1340 2861 1383 nostra
2907 1329 3215 1383 abscondita
3259 1337 3332 1380 est
3364 1343 3483 1380 cum

1915 1420 2119 1473 Christo
2167 1421 2220 1472 in
2273 1419 2379 1472 Deo
2437 1419 2502 1470 ".
2554 1418 2707 1474 Tune
2760 1421 2977 1489 proprie
3041 1420 3308 1482 laudabo,
3357 1429 3485 1472 tunc

1914 1509 2178 1564 auxiliare
2229 1509 2386 1562 mihi.
2435 1507 2694 1561 Laudabo
2743 1510 2952 1563 scilicet
2997 1509 3202 1578 judicia
3250 1519 3339 1562 tua
3395 1508 3484 1562 illa

1913 1603 2217 1664 decantata,
2267 1601 2334 1654 de
2363 1601 2513 1670 justo
2540 1602 2646 1654 lata
2683 1601 2801 1655 sine
2836 1613 3121 1655 tormentis
3149 1642 3163 1665 ,
3210 1601 3276 1654 de
3321 1601 3485 1655 noxio

1915 1711 2037 1748 cum
2063 1694 2370 1748 tormentis.

1987 1784 2106 1840 176.
2144 1785 2334 1838 Erraci
2354 1785 2489 1838 sicut
2518 1786 2624 1838 ovis
2652 1800 2768 1854 qua:
2788 1785 2963 1853 periit.
2997 1783 3292 1852 Postquam
3317 1797 3482 1851 opera

237 1872 412 1923 εἰπεῖν
439 1871 565 1940 περὶ
586 1870 750 1923 αὐτοῦ
780 1870 916 1942 ἔργα
941 1870 1344 1942 κατορθωκότος
1363 1914 1378 1934 ,
1431 1873 1592 1926 πάλιν
1615 1873 1808 1941 πρόϐα-

1918 1887 2062 1932 recte
2086 1894 2113 1930 a
2141 1893 2198 1932 se
2220 1887 2367 1947 gesta
2396 1878 2659 1939 narravit,
2685 1893 2905 1931 rursum
2934 1877 3010 1930 ait
3029 1894 3085 1930 se
3113 1891 3269 1929 ovem
3294 1890 3485 1928 erran-

235 1977 330 2013 τον
356 1961 548 2014 ἑαυτὸν
580 1962 991 2033 πεπλανημένον
1021 1958 1160 2015 εἶναι
1190 1963 1358 2030 λέγει,
1379 1962 1805 2033 ταπεινοφροσύ-

235 2069 337 2120 νην
371 2051 738 2121 ἐπιτηδεύων,
798 2051 938 2105 κατὰ
969 2054 1032 2105 τὸ
1079 2053 1364 2124 εἰρημένον
1413 2054 1515 2106 ὑπὸ
1563 2055 1765 2124 Κυρίου
1790 2072 1804 2085 ·

237 2139 428 2190 Ὅταν
447 2137 643 2192 πάντα
662 2139 1088 2210 ωθορθὼσητε,
1113 2142 1317 2213 λέγετε
1337 2159 1350 2172 ·
1373 2143 1583 2197 Δοῦλοι
1611 2144 1796 2212 ἀχρεῖ-

235 2230 295 2280 vl
330 2229 538 2298 ἐσμεν.

597 2322 720 2391 ῼδὴ
754 2321 873 2376 τῶν
915 2324 1284 2394 ἀναϐαθμῶν.
1328 2328 1484 2380 ΡΙΘν.

864 2415 876 2431 '
889 2414 1195 2477 Υπόθεσις.

235 2500 349 2564 Τὴν
381 2501 603 2572 πρώτην
647 2501 790 2571 ᾠδὴν
824 2503 930 2555 τῶν
967 2503 1292 2575 ἀναϐαθμῶν
1344 2506 1459 2577 ᾅδει
1499 2505 1578 2576 τῷ
1629 2505 1745 2576 Θεῷ
1776 2507 1806 2560 6

312 2591 370 2641 ὲν
415 2589 692 2644 Βαϐυλῶνι
740 2591 883 2654 λαὸς,
937 2592 1219 2663 ἀδημονῶν
1264 2595 1356 2647 ἐπὶ
1397 2594 1473 2665 τῷ
1501 2597 1661 2668 μήκει
1705 2597 1807 2667 τῆς

311 2679 705 2748 αἰχμαλωσίας,
742 2685 835 2735 καὶ
865 2684 1154 2754 εὐχόμενος
1181 2685 1627 2759 ἐλευθερωθῆναι.

309 2770 466 2837 Πρὸς
493 2772 708 2841 Κύριον
730 2775 800 2826 ἐν
824 2773 905 2839 τῷ
933 2776 1240 2831 θλίϐεσθαι
1277 2773 1670 2848 με’ἐκέχραξα

236 2862 416 2930 Κύριε
438 2903 452 2926 ,
482 2862 669 2930 ῥῦσαι
713 2866 825 2934 τὴν
852 2867 1062 2936 ψυχήν
1086 2885 1204 2933 μου
1242 2869 1361 2922 ἀπὸ
1397 2871 1644 2938 χειλέων
1677 2872 1805 2924 ἀδί-

237 2969 361 3004 κων
395 2953 492 3006 καὶ
523 2954 642 3008 ἀπὸ
675 2955 960 3024 γλώσσης
988 2958 1214 3024 δολίας.
1251 2960 1374 3022 Πῶς
1394 2961 1502 3032 γὰρ
1525 2963 1624 3015 οὐκ
1649 2964 1807 3018 ἄδικα

237 3043 391 3116 χείλη
419 3043 526 3097 τῶν
560 3037 934 3109 Βαϐυλωνίων,
959 3049 1026 3101 τὰ
1052 3051 1150 3118 τὴν
1175 3051 1613 3124 είδωλολατρείαν
1658 3055 1805 3125 ὠμοο

237 3133 526 3204 λογηκότα.
560 3136 704 3209 Αὐτὴ
735 3137 791 3190 δὲ
829 3140 920 3192 καὶ
952 3139 1172 3207 γλῶσσα
1215 3141 1439 3214 κληθείη
1474 3144 1622 3198 δολία
1643 3186 1658 3211 ,
1707 3147 1804 3200 ac:

241 3223 412 3293 μηδὲν
445 3225 602 3289 εὑθὲς
636 3227 874 3284 λαλοῦσα
907 3234 1034 3303 περὶ
1063 3232 1218 3287 Θεοῦ.

315 3317 377 3370 Τί
419 3317 618 3386 δοθειή
672 3336 770 3374 σοι
794 3361 808 3386 ,
858 3324 954 3376 καὶ
1007 3325 1062 3377 τι
1111 3329 1462 3395 προστεθείη
1515 3347 1614 3383 σοι
1664 3333 1811 3400 πρὸς

236 3407 530 3479 ⁴γλῶσσαν
554 3410 798 3476 δολίαν;
850 3414 924 3468 Τὰ
959 3413 1117 3483 ,βέλη
1155 3417 1262 3470 τοῦ
1301 3417 1560 3474 δυνατοῦ
1596 3421 1814 3489 ἠκονη-

231 3497 408 3569 μένα.
447 3501 511 3553 Τί
538 3501 699 3554 πλέον
726 3502 942 3572 δοθῆναί
971 3522 1051 3558 σοι
1100 3509 1269 3571 αἰτεῖς
1295 3549 1310 3572 ,
1344 3510 1507 3580 φησιν
1525 3552 1539 3576 ,
1577 3511 1610 3581 ἢ
1638 3511 1690 3563 τί
1722 3511 1810 3564 θέ-

236 3591 353 3652 λεις
389 3591 572 3660 ἓτερον
598 3593 959 3665 προστεθῆναι
980 3612 1062 3649 σοι
1083 3597 1176 3651 τοῦ
1203 3600 1344 3652 κατὰ
1372 3600 1480 3653 τῶν
1502 3601 1689 3655 δολίων
1709 3619 1814 3672 χει-

235 3683 414 3750 λέων;
449 3684 586 3756 Βέλη
617 3685 787 3758 πυρὸς
816 3689 990 3758 μεστὰ
1022 3689 1320 3762 ἐξαφθῆναι
1350 3692 1500 3762 παρὰ
1530 3692 1624 3746 τοῦ
1644 3692 1814 3747 ’δυνα-

234 3774 356 3827 τοῦ.
397 3774 656 3845 Σημαίνει
703 3776 760 3829 δὲ
800 3777 897 3848 τὴν
952 3779 1094 3833 κατὰ
1143 3781 1250 3835 τῶν
1297 3781 1648 3836 Βαϐυλωνίων
1688 3785 1811 3840 ὅσον

235 3864 394 3918 οὔπω
413 3867 685 3939 τιμωρίαν
715 3869 1002 3941 ἐσομένην.

313 3959 382 4012 οι
401 3977 524 4030 μοι,
549 3959 637 4013 ὅτι
674 3961 712 4029 ἡ
743 3961 1022 4029 παροικιά
1040 3981 1158 4031 μου
1189 3965 1547 4033 ἐμακρύνθη.
1591 3967 1814 4039 Ἑτέραν

233 4052 449 4118 αἴτησιν
477 4049 693 4121 εὔχεται
725 4052 876 4124 παρὰ
917 4053 1052 4107 Θεοῦ
1076 4097 1092 4121 ,
1140 4057 1238 4128 τῆς
1278 4059 1565 4127 παροικίας
1599 4058 1812 4111 ἐλευθε-

237 4139 498 4212 ρωθῆναι.
545 4145 992 4211 Κατεσκήνωσα
1050 4149 1201 4217 μετὰ
1249 4148 1368 4204 τῶν
1407 4151 1815 4219 σκηνωμάτων

235 4229 456 4298 Κηδὰρ.
491 4231 655 4304 Χώρα
683 4251 765 4297 τις
785 4235 931 4287 ἐστὶν
961 4237 994 4306 ἡ
1027 4238 1216 4308 Κηδᾶρ
1242 4241 1332 4292 ἐπὶ
1362 4241 1681 4313 τῆςὲρήμου
1714 4243 1812 4313 τῆς

237 4323 379 4395 πρὸς
413 4326 676 4391 ἀνατολὰς
710 4327 934 4399 κειμένη
956 4366 972 4392 ,
1008 4328 1102 4381 καὶ
1143 4330 1302 4402 μέχρι
1332 4333 1432 4402 τῆς
1461 4335 1684 4406 Περσῶν
1711 4352 1814 4388 πα-

232 4419 575 4490 ρατείνουσα,
611 4420 674 4489 ἠν
707 4421 862 4488 γένος
893 4421 1224 4494 Σαρακηνῶν
1253 4427 1410 4480 οἰκεῖ.
1434 4429 1640 4482 Πολλὰ
1667 4445 1814 4496 παρ-

229 4511 473 4578 ᾤκησεν
499 4512 536 4578 ἠ
570 4513 739 4580 ψυχή
765 4529 905 4580 μου.

1915 1978 2021 2023 tem
2065 1967 2255 2029 fuisse,
2304 1969 2596 2022 humilitati
2635 1985 2860 2032 vacans,
2890 1969 3043 2038 juxta
3090 1967 3222 2021 illud
3268 1966 3482 2018 Domini

1913 2062 2115 2116 dictum
2140 2080 2154 2116 :
2184 2060 2317 2114 Cum
2347 2063 2520 2114 omnia
2545 2062 2888 2130 perfeceritis,
2918 2061 3078 2115 dicite
3104 2076 3120 2112 :
3154 2059 3298 2114 Servi
3323 2058 3486 2111 inuti-

1915 2156 1989 2208 les
2028 2171 2208 2208 sumus
2241 2155 2308 2206 ⁷⁸.

2262 2322 2536 2376 Canticum
2576 2321 2855 2390 graduum.
2922 2318 3105 2373 CXIX

2505 2414 2904 2481 Argumentum.

1912 2503 2155 2558 Prin-am
2181 2503 2446 2574 graduum
2493 2501 2764 2556 canticum
2820 2499 2927 2553 Deo
2975 2500 3123 2553 canit
3167 2500 3398 2568 populus
3433 2501 3488 2555 in

1987 2595 2263 2666 Babylone
2296 2596 2648 2659 constitutus,
2679 2603 2939 2664 pertaesus
2968 2594 3240 2648 diulurme
3268 2594 3492 2663 captivi-

1984 2687 2132 2750 tatis,
2169 2694 2223 2738 et
2263 2700 2466 2754 rogans
2501 2685 2826 2738 libertatem.

1984 2778 2037 2840 1,
2062 2777 2117 2830 ‘2.
2153 2777 2235 2828 Ad
2297 2776 2582 2830 Dominum
2630 2792 2746 2828 cum
2793 2776 3080 2828 tribularer
3131 2775 3355 2833 clamaui
3382 2815 3395 2828 .
3429 2815 3443 2828 .
3471 2817 3486 2831 .

1912 2865 2165 2927 Domine,
2208 2865 2639 2932 liberafanimam
2673 2881 2841 2918 meam
2866 2883 2898 2917 ιι
2927 2865 3082 2919 labiis
3117 2867 3311 2934 iniquis
3332 2909 3346 2929 ,
3378 2877 3428 2919 et
3456 2884 3490 2919 α

1913 2958 2094 3028 lingua
2115 2957 2320 3011 dolosa.
2359 2957 2479 3024 Quo
2503 2967 2661 3028 pacto
2688 2974 2794 3011 non
2823 2957 3033 3027 iniqua}
3060 2956 3485 3026 Babyloniorum

1914 3047 2055 3102 labia
2078 3087 2094 3113 ,
2129 3063 2251 3118 qua:
2284 3048 2644 3102 idololatriam
2672 3047 3106 3117 proﬁtebantur?
3144 3045 3267 3100 [huc
3308 3058 3487 3101 autem

1912 3139 2096 3209 lingua
2128 3149 2274 3193 recte
2303 3140 2494 3192 dolosa
2531 3147 2790 3204 vocetur,
2843 3148 3027 3207 utpote
3054 3155 3175 3207 qua:
3216 3139 3351 3192 nihil
3405 3155 3491 3193 re—

1836 3247 1880 3306 c
1912 3242 2061 3288 etum
2090 3233 2157 3288 de
2192 3233 2302 3286 Deo
2329 3233 2604 3302 loquatur.

1981 3323 2036 3389 3,
2065 3323 2120 3377 Α.
2164 3321 2304 3387 Quid
2345 3322 2499 3375 detur
2530 3322 2648 3387 tibi,
2684 3333 2774 3373 aut
2805 3322 2928 3390 quid
2957 3332 3252 3389 apponatur
3286 3322 3378 3374 tibi
3418 3323 3488 3376 ad

1913 3411 2147 3481 linguam
2195 3411 2483 3467 dolosam?
2531 3411 2754 3480 Sagitta:
2807 3413 3032 3478 potentis
3077 3423 3266 3466 acuta.
3346 3413 3488 3478 Quid

1912 3501 2053 3554 ultra
2084 3502 2202 3555 dari
2234 3503 2327 3555 tibi
2357 3503 2602 3571 postulas
2624 3542 2638 3565 ,
2688 3502 2898 3570 inquit,
2935 3511 3029 3555 aut
3062 3505 3193 3572 quid
3225 3503 3368 3557 aliud
3405 3505 3487 3558 vis

1915 3593 2079 3662 adjici
2111 3594 2208 3648 tibi
2240 3594 2505 3649 adversus
2547 3595 2762 3664 linguas
2792 3594 3048 3649 dolosas?
3095 3595 3331 3667 Sagittas
3363 3597 3488 3664 igne

1917 3687 2108 3756 plenas
2136 3702 2165 3740 a
2197 3697 2414 3757 potente
2450 3687 2726 3741 incensas.
2781 3685 3062 3756 Signiﬁcat
3099 3698 3278 3741 autem
3312 3687 3489 3758 Baby-

1917 3777 2193 3832 loniorum
2225 3779 2488 3833 ultionem
2518 3793 2641 3832 mox
2675 3777 2932 3832 futuram.

1985 3956 2038 4018 5,
2070 3955 2123 4010 6.
2155 3954 2273 4008 Heu
2301 3957 2430 4008 mihi
2449 3997 2465 4020 ,
2499 3957 2624 4026 quia
2662 3957 2923 4011 incolatus
2973 3974 3117 4010 mens
3145 3958 3487 4029 prolongatus

1913 4058 1989 4103 est
2012 4049 2032 4101 .'
2061 4048 2222 4102 Aliud
2248 4064 2277 4101 a
2306 4047 2417 4102 Deo
2447 4051 2684 4117 postulat
2711 4093 2726 4115 ,
2762 4052 3019 4121 nimirum
3056 4062 3113 4104 ut
3151 4053 3220 4104 ab
3250 4053 3487 4107 incolatu

1915 4140 2193 4199 liberetur.
2245 4139 2501 4194 Habitavi
2531 4159 2650 4194 cum
2685 4142 3099 4194 habitationibus
3131 4143 3321 4197 (Iedar.
3378 4144 3484 4198 Ce-

1914 4235 2014 4289 dar
2046 4234 2196 4304 regio
2226 4234 2471 4302 quaedam
2495 4244 2577 4287 est
2607 4234 2671 4286 ad
2701 4249 2944 4286 eremum
2986 4249 3176 4288 versus
3218 4235 3482 4290 orientem

1917 4326 2046 4389 sita,
2079 4334 2134 4379 et
2169 4339 2343 4393 usque
2384 4323 2451 4377 ad
2495 4323 2771 4378 Persidem
2816 4325 3132 4394 pertingens
3155 4368 3168 4390 ,
3204 4305 3364 4394 quam
3397 4329 3484 4380 in-

1914 4420 2044 4474 colit
2065 4417 2462 4472 Saraeenorum
2487 4432 2679 4486 genus.
2715 4416 2942 4470 Multum
2974 4419 3149 4471 incola
3181 4419 3279 4486 fuit
3305 4420 3486 4472 anima

1914 4525 2050 4563 mea.

304 4601 465 4655 Μετὰ
491 4599 608 4654 τῶν
629 4603 971 4670 μισούντων
1006 4601 1255 4671 εἰρήνην
1291 4601 1456 4672 ἤμην
1492 4607 1807 4675 εἰρηνικός.

1989 4600 2039 4653 7.
2069 4597 2201 4654 Cum
2237 4598 2318 4651 Itis
2342 4599 2430 4669 qui
2455 4599 2677 4652 oderunt
2697 4614 2875 4666 pacem
2903 4616 3046 4652 erant
3071 4601 3322 4668 paciﬁcus
3345 4600 3479 4669 (50).

231 4693 419 4746 Κακία
465 4691 817 4746 Βαϐυλωνίων
862 4693 925 4746 τὸ
970 4693 1226 4763 πολεμεῖν
1286 4694 1401 4746 ἀντ’
1449 4696 1660 4762 οὐδενὸς
1701 4703 1814 4762 τοῖς

233 4783 629 4856 είρηνεύουσιν.
677 4786 738 4838 Εἰ
763 4787 836 4856 μή
873 4804 924 4839 τι
950 4787 1056 4840 δέοι
1101 4786 1353 4858 κριτικῆς
1387 4791 1651 4859 τιμωρίας
1675 4830 1690 4852 ,
1746 4793 1812 4863 ἢν

231 4877 376 4930 κατὰ
404 4873 724 4930 Χαναναίων
767 4879 862 4931 καὶ
897 4879 1236 4950 ’Δμορῤαίων
1283 4880 1577 4934 ἐπέταττεν
1603 4885 1632 4935 ό
1656 4883 1806 4949 Θεὸς,

228 4969 334 5039 τὴν
380 4968 514 5038 πρὸς
553 4969 746 5033 αὐτοὺς
788 4970 1150 5042 ἀπαγορεύων
1196 4971 1396 5041 φιλίαν.
1436 4974 1497 5025 Οί
1529 4972 1586 5026 δὲ
1618 4974 1787 5043 φαῦλο

231 5060 374 5129 πρὸς
391 5060 613 5121 τούτους
635 5061 959 5130 ἀσύμϐατοι,
997 5063 1093 5133 τὴν
1124 5063 1429 5116 θεοσέϐειαν
1459 5063 1808 5137 βδελυττόμε-

229 5165 336 5203 νοι.
385 5150 570 5203 Ὅταν
608 5150 874 5206 ἐλάλουν
919 5151 1158 5219 αὐτοῖς,
1201 5154 1537 5222 ἐπολέμουν
1580 5175 1658 5225 με
1700 5157 1780 5211 ϐω

221 5238 398 5310 pair.

589 5331 727 5402 ’ῼὸὴ
761 5334 878 5386 τῶν
909 5333 1282 5403 ἀναϐαθμῶν.
1330 5337 1462 5392 PK'.

860 5424 874 5441 '
887 5426 1193 5491 Υπόθεσις.

233 5510 346 5583 Τὴν
375 5511 631 5583 δευτέραν
659 5513 798 5584 ᾠδὴν
829 5513 964 5584 ᾅδει,
1001 5514 1396 5585 προαπολυθεὶς
1442 5519 1538 5588 μὲν
1576 5521 1673 5591 τῆς
1718 5524 1799 5574 ai-

305 5603 642 5672 χμαλωσίας,
679 5606 735 5657 ὲν
762 5604 948 5675 ὀδῷ.δὲ
972 5605 1166 5660 ὁδεύων
1190 5609 1286 5678 τῆς
1322 5613 1533 5679 μακρᾶς
1566 5613 1687 5666 ὀδοῦ
1708 5617 1803 5685 τῆς

307 5707 351 5735 ’⁷
383 5705 575 5763 Coloss
630 5723 706 5769 ut,
741 5707 793 5763 5.
867 5710 915 5740 ’⁷⁸
947 5707 1075 5766 Luc.
1104 5729 1230 5778 xrn,
1263 5714 1346 5767 10.

305 5797 417 5864 (50)
452 5797 692 5853 incertus
729 5801 898 5854 locus.

1918 4692 1993 4747 Ea
2017 4701 2132 4747 erat
2177 4691 2376 4747 malitia
2401 4691 2846 4762 Babyloniorum,
2873 4703 2932 4746 ut
2958 4694 3101 4746 nulla
3133 4694 3199 4746 de
3227 4709 3387 4746 causa
3417 4694 3484 4748 iis

1916 4789 2008 4858 qui
2044 4802 2227 4856 pacem
2266 4787 2518 4842 colebant
2543 4784 2742 4837 bellum
2777 4784 3062 4838 inferrent.
3109 4783 3221 4838 Nisi
3253 4784 3483 4838 fortasse

1915 4877 2170 4946 respiciat
2209 4876 2532 4945 supplicium
2565 4875 2708 4942 quod
2749 4875 2815 4927 de
2849 4875 3174 4926 Chanaan-is
3208 4884 3261 4925 et
3289 4879 3482 4926 Antor-

1913 4970 2075 5025 rha'is
2103 4971 2244 5023 sumi
2276 4971 2530 5038 praecepit
2555 4966 2716 5028 Deus,
2745 4976 2935 5019 vetans
2962 4982 3027 5020 ne
3059 4967 3351 5020 amicitiam
3400 4968 3484 5020 in-

1913 5064 2052 5116 irent
2086 5077 2208 5114 cum
2243 5061 2371 5114 illis.
2407 5057 2562 5111 Nulla
2595 5070 2774 5111 autem
2816 5067 2900 5111 est
2927 5059 3058 5126 ipsis
3090 5059 3324 5111 amicitia
3355 5073 3481 5112 ('um

1913 5153 2175 5222 improbis
2211 5152 2304 5218 qui
2340 5166 2522 5204 veram
2555 5151 2872 5218 religionem
2903 5160 3285 5206 exsecrantur.
3346 5151 3481 5206 Cum

1907 5243 2155 5313 loquebar
2188 5243 2316 5305 illis,
2355 5243 2732 5311 impugnabant
2760 5259 2840 5294 me
2871 5242 3060 5311 gratis.

2227 5335 2277 5388 1.
2335 5334 2919 5403 Canticnmgradunm.
2993 5332 3160 5391 CXX.

2487 5427 2626 5496 Argn
2637 5444 2745 5478 men
2758 5439 2888 5478 tum.

1912 5517 2225 5575 Secundum
2263 5519 2578 5573 modulatur
2611 5520 2912 5583 canticum,
2937 5518 3064 5570 dum
3095 5525 3216 5583 post
3243 5515 3478 5571 soiutam

1981 5612 2342 5682 captivitatem
2387 5614 2602 5682 longum
2654 5613 2755 5666 iter
2787 5620 2969 5681 ageret
3010 5608 3279 5673 Babylone
3323 5607 3482 5666 iero-
