4058 6440
623 391 726 454 5H

1436 387 1492 444 S.
1535 386 1904 442 ATliANASll
1947 384 2099 440 ()PP.
2136 382 2313 437 PARS
2349 381 2439 437 ΙΙΙ.
2481 412 2551 422 -
2590 375 3002 433 EXEGETICA.

3745 371 3862 425 5|!

697 517 983 586 solymam.
1033 512 1211 580 Atque
1255 510 1393 563 inter
1429 510 1665 563 medium
1719 509 1980 563 mmuium
2026 507 2243 564 inter-1

2367 501 2566 573 μεταξὺ
2593 499 2907 560 Βαϐυλῶνος
2928 497 3022 550 καὶ
3067 495 3436 568 Ἰερουσαλήμ.
3477 495 3572 557 Ὃς
3593 533 3607 556 ,
3640 493 3737 546 καὶ
3771 489 3868 562 μι-

693 620 885 680 ceptus
903 645 920 670 ,
945 613 1101 674 rogat
1126 603 1384 656 auxilium
1417 601 1517 655 sibi
1545 600 1802 670 impendi,
1829 615 1992 670 quem
2026 613 2192 652 exau-

694 701 851 757 diens
880 696 1232 767 propheticus
1282 693 1521 763 Spiritus
1565 692 1856 762 respondet
1887 709 1900 744 :
1936 690 2190 745 Dominus

692 792 951 850 custodiet
981 790 1259 842 introitum
1291 796 1440 840 tuum
1475 798 1522 841 et
1558 789 1758 841 exitum
1787 796 1952 838 tuum.

701 949 751 1012 1,
775 947 830 1003 2.
863 945 1051 1000 Levavi
1101 944 1278 997 oculos
1310 958 1448 995 meos
1498 942 1552 994 in
1585 953 1780 995 montes
1808 981 1822 995 .
1852 983 1866 996 .
1895 982 1906 994 .
1934 939 2195 993 auxilium

627 1053 798 1090 meum
837 1053 870 1090 a
904 1036 1148 1098 Domino,
1180 1035 1268 1101 qui
1299 1033 1421 1101 fecit
1454 1032 1637 1084 coelum
1664 1042 1713 1085 et
1755 1042 1969 1084 terram.
2002 1029 2195 1086 Osten-

625 1126 758 1182 dens
788 1124 884 1180 Dei
910 1123 1204 1194 potentiam
1230 1124 1305 1177 ait
1334 1139 1347 1175 :
1379 1122 1485 1187 Qui
1515 1123 1638 1191 fecit
1687 1124 1868 1175 caelum
1901 1131 1948 1174 et
1976 1132 2191 1175 terram.

697 1404 752 1470 5,
782 1405 834 1458 ι.
878 1403 998 1456 Non
1039 1405 1122 1455 de!
1158 1405 1211 1456 in
1241 1404 1639 1456 commotionem
1670 1403 1847 1466 pedi-nt
1893 1412 2071 1464 tuum,
2105 1416 2192 1454 ne-

624 1513 725 1568 que
755 1498 1002 1550 dormitet
1038 1499 1126 1566 qui
1162 1495 1388 1549 custodit
1428 1505 1496 1550 te.
1567 1494 1702 1547 Ecce
1737 1510 1836 1547 non
1866 1494 2195 1562 dormitabit,

623 1599 731 1646 etc.
759 1590 910 1644 llanc
943 1590 1138 1643 habeto
1170 1605 1340 1659 spem,
1373 1599 1426 1643 et
1460 1587 1782 1643 salvaberis.
1835 1588 1964 1641 Illud
1989 1597 2198 1653 autem,

627 1699 728 1736 non
761 1682 1100 1746 dormitabit,
1130 1698 1236 1733 non
1266 1682 1504 1736 laborem
1539 1695 1728 1734 eorum
1763 1680 1854 1750 qui
1887 1681 2201 1735 custodiunt

627 1773 924 1837 exercitus,
966 1774 1161 1836 urbes,
1215 1772 1419 1835 ovilia;
1483 1773 1576 1825 sed
1609 1772 2063 1841 impatibilitatem
2104 1770 2197 1824 Dei

2364 611 2454 658 σος
2480 595 2590 647 τῶν
2618 594 2788 665 ὀρέων
2817 588 3175 660 ἀποληφθεὶς,
3201 587 3416 657 εὔχεται
3445 585 3592 656 αὐτῷ
3613 583 3869 656 βοήθειαν

2362 686 2612 755 γενέσθαι
2631 703 2647 720 ν
2673 677 2734 738 οὗ
2757 685 2850 738 καὶ
2882 681 3212 748 ἐπακούσας,
3233 679 3293 734 τὸ
3323 664 3545 748 Πνεῦμα
3563 677 3626 730 τὸ
3653 695 3870 749 προφη-

2358 779 2510 832 τικὸν
2547 777 2987 846 ἀποφθέγγεται·
3034 775 3246 840 Κύριος
3291 769 3548 841 φυλάξει
3587 768 3705 838 τὴν
3737 769 3869 822 εισι

2360 870 2505 923 οδόν
2535 883 2651 923 σου
2677 867 2776 922 καὶ
2795 867 2910 934 τὴν
2936 865 3151 930 ἐξοδόν
3173 879 3308 918 σου,

2361 958 2507 1031 Ἦρα
2526 960 2666 1026 τοὺς
2695 959 3040 1029 ὀφθαλμούς
3063 975 3181 1026 μου
3199 958 3287 1021 εις
3308 956 3381 1008 τὰ
3409 953 3514 1024 ὅρη
3541 995 3553 1008 .
3582 992 3597 1006 .
3628 994 3642 1007 .
3671 993 3687 1007 .
3717 991 3733 1006 .
3763 995 3778 1009 .
3810 994 3822 1004 .
3857 993 3868 1004 .

2305 1053 2365 1109 Ἠ
2386 1049 2636 1116 ,ϐοήθειά
2661 1066 2780 1119 μου
2811 1046 2967 1116 παρὰ
2988 1046 3204 1114 Κυρίου
3234 1044 3336 1098 τοῦ
3365 1043 3734 1109 ποιήσαντος
3764 1042 3872 1094 τὸν

2293 1143 2553 1211 οὐρανὸν
2584 1140 2684 1194 καὶ
2721 1138 2836 1206 τὴν
2865 1136 3001 1207 γῆν.
3040 1130 3167 1189 ’Τοῦ
3196 1133 3330 1188 Θεοῦ
3358 1132 3660 1195 δεικνύντος
3693 1131 3756 1184 τὸ
3783 1131 3871 1182 δυο

2293 1233 2450 1290 νατὺν
2470 1272 2484 1296 ,
2529 1231 2640 1286 Τοῦ
2667 1230 3072 1298 ποιήσαντος,
3102 1227 3234 1296 φησὶ
3256 1266 3271 1291 ,
3306 1224 3413 1280 τὸν
3462 1223 3725 1294 οὐρανόν
3773 1221 3873 1275 καὶ

2293 1325 2411 1395 τὴν
2441 1324 2577 1394 γῆν.

2366 1420 2422 1470 Μ
2431 1417 2462 1484 h
2493 1414 2613 1480 δῴη
2645 1415 2732 1478 είς
2756 1410 2954 1465 σάλον
2981 1409 3088 1464 τὸν
3115 1407 3268 1462 πόδα
3294 1422 3432 1468 σου,
3462 1406 3616 1475 μηδὲ
3649 1401 3876 1459 νυστά-

2297 1508 2373 1575 «En
2406 1511 2436 1560 ό
2468 1504 2806 1575 φυλάσσων
2833 1518 2930 1556 σε.
3003 1500 3218 1568 Ταύτην
3244 1498 3333 1569 ἔχε
3369 1496 3466 1568 τὴν
3511 1496 3702 1549 ἐλπίδα
3726 1536 3741 1559 ,
3778 1495 3876 1548 καὶ

2299 1596 2466 1667 σώζῃ.
2500 1596 2573 1648 Τὸ
2597 1595 2675 1658 δὲ,
2713 1595 2784 1647 οὐ
2811 1591 3118 1656 νυστάζει,
3152 1590 3212 1642 οὐ
3243 1588 3303 1642 τὸ
3333 1589 3587 1641 ἐπίπονον
3620 1585 3733 1640 ἀπὸ
3763 1585 3876 1639 τῶν

2300 1689 2673 1759 φυλαττόντων
2703 1686 2801 1749 τὰς
2846 1684 3107 1757 στρατιὰς
3139 1682 3232 1736 καὶ
3278 1681 3458 1744 πόλεις
3487 1681 3580 1734 καὶ
3623 1678 3876 1750 ποίμνια,

2300 1781 2436 1835 ἀλλὰ
2459 1779 2519 1832 τὸ
2545 1777 2751 1840 ἀπαθὲς
2771 1776 2832 1829 τὸ
2856 1776 3006 1828 Θεῐον
3027 1774 3175 1844 δηλοῖ
3196 1773 3276 1840 τὸ,
3312 1773 3384 1826 οὐ
3413 1769 3703 1835 νυστάζεει
3733 1768 3879 1825 οὐδὲ

627 1865 898 1936 signiﬁcat
932 1866 1062 1919 illud
1091 1882 1104 1918 :
1134 1863 1253 1917 Non
1299 1864 1604 1918 dormitabit
1649 1881 1808 1934 neque
1839 1865 2062 1918 dormiet
2113 1864 2202 1933 qui
2234 1863 2243 1913 l

2317 1872 2568 1927 ὑπνώσει
2594 1872 2626 1923 ὀ
2650 1865 2989 1937 φυλάσσων
3024 1863 3281 1931 Ἰσραήλ.
3307 1864 3464 1916 Δοκεῖ
3483 1862 3540 1915 δὲ
3566 1860 3877 1924 νυστάζειν,

627 1958 859 2012 custodit
894 1956 1084 2010 Israel.
1123 1955 1343 2010 Videtur
1377 1965 1555 2010 autem
1583 1958 2040 2013 dormitarecum
2085 1967 2202 2010 tur-

629 2049 873 2103 bulentis
924 2047 1088 2117 hujus
1121 2051 1245 2102 vita:
1276 2048 1508 2118 negotiis
1556 2060 1609 2102 et
1659 2049 1875 2103 insidiis
1909 2051 2199 2116 agitantur.

705 2140 756 2195 5.
792 2138 1046 2194 Dominus
1074 2139 1339 2194 custodiat
1369 2149 1417 2192 te
1441 2180 1456 2204 ,
1495 2139 1748 2190 Dominus
1788 2141 2035 2206 protectio
2089 2150 2201 2205 tua,

631 2246 789 2299 super
823 2246 1033 2282 ntanum
1085 2229 1354 2281 dexteram
1409 2239 1573 2281 luam.
1627 2225 1862 2296 ldipsum
1903 2227 1955 2279 in
1992 2227 2204 2280 decimo

631 2322 827 2390 quinto
874 2320 1085 2389 psalmo
1131 2319 1242 2373 ait:
1275 2319 1617 2374 Providebam
1670 2318 1950 2372 Dominum
1983 2320 2036 2371 in
2083 2336 2204 2372 con-

631 2421 810 2481 spectu
849 2428 956 2464 meo
992 2427 1224 2479 semper,
1260 2413 1509 2482 quoniam
1538 2429 1570 2464 a
1600 2411 1802 2464 dextris
1827 2421 1904 2464 est
1947 2410 2112 2473 mihi,
2144 2425 2206 2461 ne

629 2516 959 2558 commoveor
985 2500 1050 2557 ⁷³.
1085 2501 1148 2554 Et
1185 2503 1289 2555 hoc
1319 2502 1443 2555 item
1475 2501 1597 2555 loco
1627 2501 1761 2554 dicit
1786 2518 1798 2553 :
1823 2500 1904 2552 Ad
1931 2500 2205 2552 dexteram

633 2610 857 2650 manum
892 2604 1040 2648 tuam
1076 2594 1430 2658 constitutus,
1460 2603 1514 2648 et
1537 2603 1800 2665 proteget,
1838 2601 1892 2647 et
1916 2592 2205 2655 custodiet,

633 2693 690 2740 et
724 2684 874 2740 omni
903 2683 1240 2754 providentia
1272 2684 1603 2754 dignabitur.

991 2773 1266 2831 Canticum
1296 2777 1576 2846 graduum.
1646 2773 1854 2830 CXXI.

1222 2869 1624 2937 Argumentum.

635 2961 880 3019 Tertium
922 2961 1196 3016 canticum
1251 2960 1354 3013 iter
1410 2960 1698 3027 agentibus
1736 2958 1994 3028 praedicat
2041 2965 2102 3009 ut
2157 2955 2210 3008 in

709 3053 931 3108 domum
962 3048 1058 3104 Dei
1087 3049 1406 3104 concedant.
1465 3048 1646 3114 Quare
1679 3049 1758 3103 sic
1785 3048 2045 3117 loquitur.

638 3324 856 3376 domum
892 3319 1110 3373 Domini
1158 3320 1372 3372 ibimus.

709 3411 766 3466 2.
797 3409 1012 3467 Stantes
1051 3422 1202 3465 erant
1229 3409 1380 3479 pedes
1428 3408 1599 3462 nostri
1641 3409 1694 3462 in
1723 3408 1877 3461 atriis
1907 3409 2035 3475 tuis,
2065 3405 2222 3462 Jeru-

641 3504 831 3560 salem.
885 3504 1001 3560 Vox
1031 3520 1223 3560 senum
1254 3504 1369 3559 haec
1397 3513 1501 3568 est,
1540 3503 1632 3571 qui
1668 3503 2036 3571 captivitatem
2064 3501 2223 3556 susti-

643 3606 913 3660 nuerunt,
971 3605 1026 3650 et
1068 3602 1294 3648 narrant
1347 3592 1513 3663 pedes
1566 3608 1699 3648 suos
1748 3593 1948 3648 auibus
1975 3592 2088 3663 jam
2123 3592 2221 3646 iter

645 3699 872 3760 agerent
893 3688 1023 3743 olim
1053 3687 1362 3742 stetisse'in
1397 3686 1723 3740 Jerusalem.

722 3867 776 3920 3.
810 3863 1140 3928 Jerusalem,
1169 3880 1285 3933 quin
1312 3864 1612 3931 ardiﬂcatur
1641 3873 1698 3916 ut
1733 3864 1937 3916 civitas.
2001 3861 2081 3915 Ita
2105 3902 2120 3926 ,
2144 3860 2226 3914 in-

654 3958 796 4027 quit,
829 3958 1024 4012 civitas
1053 3957 1184 4010 olim
1207 3964 1359 4020 erat;
1388 3971 1496 4009 non
1526 3955 1654 4011 hinc
1685 3956 1808 4009 inde
1835 3955 2099 4024 dispersa,
2130 3953 2225 4007 sed

649 4058 726 4104 :ta
784 4057 1101 4103 construCta
1123 4085 1140 4109 ,
1193 4056 1254 4100 ut
1310 4046 1584 4101 videretur
1611 4061 1719 4101 una
1749 4046 1946 4100 domus
1975 4058 2128 4109 esse,
2159 4059 2225 4098 ex

649 4142 938 4195 domorum
970 4139 1233 4194 continua
1269 4139 1412 4194 serie
1437 4139 1906 4197 et'concinnitate.

722 4319 778 4374 4.
827 4315 967 4371 Illuc
996 4318 1134 4371 enim
1160 4317 1506 4370 ascenderunt
1536 4316 1726 4371 tribus.
1788 4313 1991 4371 Omnes
2027 4315 2223 4381 tribus,

653 4413 852 4483 inquit,
895 4427 1016 4481 quae
1040 4426 1106 4466 ex
1139 4408 1371 4480 Egypto
1393 4425 1487 4479 per
1520 4411 1776 4464 virtutem
1810 4407 2026 4463 Domini
2050 4423 2229 4478 egres-

653 4518 729 4558 sae
765 4512 912 4565 sunt,
949 4501 1015 4555 ad
1040 4516 1159 4555 eam
1189 4501 1379 4553 urbem
1412 4498 1790 4568 properabant,
1832 4498 1899 4552 ad
1937 4497 2218 4552 ferendum
2261 4531 2306 4588 Β

654 4594 1062 4658 testimonium,
1096 4593 1208 4646 sive
1236 4592 1302 4645 ad
1346 4593 1546 4662 gratias
1590 4590 1830 4660 agendas
1880 4588 1991 4646 Deo
2035 4588 2223 4646 Israel.

654 4687 738 4742 Ad
771 4687 1128 4755 conﬁtendum
1157 4686 1354 4738 nomini
1383 4685 1613 4738 Domini.
1645 4683 1898 4762 quuod
1925 4683 2230 4755 impleverit

655 4778 1031 4835 admirabilem
1075 4777 1496 4848 promissionem
1529 4791 1708 4831 suam.
1761 4775 2013 4832 Thronos
2045 4786 2228 4831 autem

656 4874 854 4928 domus
885 4870 1051 4926 David
1089 4885 1252 4940 super
1275 4884 1394 4923 eam
1424 4867 1679 4924 iundatos
1702 4883 1824 4923 esse
1849 4867 1945 4934 ait,
1969 4869 2228 4938 quoniam

657 4964 868 5018 scilicet
899 4978 1126 5031 regnum
1166 4963 1220 5016 in
1251 4976 1442 5015 omnes
1486 4961 1814 5030 praenuntiat
1867 4959 2058 5015 David.
2112 4957 2231 5014 Non

660 5054 827 5108 unius
857 5053 1147 5122 imperium
1182 5066 1520 5116 memorans,
1553 5051 1644 5105 sed
1676 5065 1988 5116 commune,
2020 5050 2072 5103 in
2103 5050 2235 5119 opti-

662 5163 784 5202 mos
812 5156 864 5201 et
895 5145 1337 5217 religiosissimos
1367 5159 1613 5213 quosque
1640 5183 1655 5208 ,
1690 5157 1720 5197 a
1767 5142 1964 5210 quibus
2006 5156 2233 5211 regnum

665 5240 885 5295 Davidis
913 5240 1140 5308 erigitur
1168 5254 1262 5308 per
1292 5239 1520 5305 gratiam
1551 5235 1755 5289 Christi
1782 5253 1795 5288 :
1824 5235 1920 5303 qui
1948 5234 2233 5288 duodecim

667 5333 927 5403 apostolis
948 5373 963 5397 ,
997 5346 1160 5399 super
1190 5329 1476 5385 duodecim
1505 5329 1732 5382 thronos
1762 5325 2074 5381 sedentibus
2098 5365 2113 5390 ,
2143 5340 2236 5394 po-

667 5435 916 5480 testatem
951 5423 1098 5478 dedit
1129 5420 1406 5492 judicandi
1436 5418 1707 5473 lsraelem.

741 5517 795 5572 5.
817 5515 957 5578 Quia
987 5514 1097 5568 illic
1119 5514 1359 5567 sederunt
1390 5511 1563 5563 throni
1597 5511 1648 5563 in
1671 5509 1897 5577 judicio.
1932 5506 2237 5564 Secundum

672 5603 956 5660 hiSlOl'tJIII
995 5603 1104 5657 iilic
1141 5601 1285 5670 regia
1338 5600 1469 5663 fuit,
1506 5598 1613 5653 illic
1649 5598 1988 5653 sacerdotum
2022 5594 2238 5658 throni;

740 5787 786 5816 ’⁵
810 5785 946 5838 Ρδξιῐ.
984 5801 1071 5840 M‘.
1107 5785 1137 5830 3

2301 1966 2518 2020 ἐπειδὰν
2530 1967 2641 2027 τοῖς
2656 1962 2907 2025 suam;
2933 1959 3024 2012 τοῦ
3054 1959 3168 2028 βίου
3200 1954 3540 2026 σαλευόμεθα
3561 1955 3878 2026 πράγμασι,

2301 2062 2421 2122 ταῖς
2446 2056 2567 2111 καθ’
2594 2055 2749 2125 ἡμῶν
2777 2052 3106 2114 ἐπιϐουλαῖς.

2373 2152 2588 2218 Κύριος
2617 2145 2881 2216 φυλάξαι
2909 2159 3005 2208 σε,
3025 2143 3238 2209 Κύριος
3252 2137 3450 2206 σκέπη
3480 2154 3602 2200 σοι,
3624 2134 3726 2190 ἐπὶ
3757 2133 3879 2202 χεῖ-

2299 2260 2377 2310 ρα
2406 2239 2613 2304 δεξιάν
2645 2254 2782 2290 σου.
2833 2234 3010 2287 Τοῦτο
3051 2232 3144 2284 καὶ
3191 2233 3248 2283 ὲν
3275 2228 3353 2301 τῷ
3387 2236 3461 2282 ts’
3490 2229 3593 2300 ἔφη
3639 2224 3843 2297 ψαλμῷ

2305 2329 2701 2399 Προεωρώμην
2730 2325 2838 2379 τὸν
2866 2325 3084 2391 Κύριον
3104 2320 3360 2374 ἐνώπιόν
3384 2336 3504 2387 μου
3532 2315 3891 2380 διαπαντὸς,-

2306 2423 2396 2475 ὅτι
2419 2423 2486 2474 ἐκ
2517 2416 2730 2483 δεξιῶν
2747 2417 2864 2486 μού
2892 2415 3080 2476 ἐστιν,
3114 2413 3215 2466 ἵνα
3231 2409 3319 2481 μὴ
3339 2407 3636 2467 σαλευθῶ.
3671 2407 3784 2462 Καὶ
3806 2406 3884 2459 ἒν-

2305 2512 2480 2566 ταῦοα
2515 2510 2674 2564 πάλιν
2711 2507 2906 2578 φησὶν,
2956 2505 3038 2558 ὅτι
3076 2503 3234 2576 Παρὰ
3260 2502 3359 2573 τὴν
3386 2497 3565 2566 δεξιάν
3599 2515 3691 2552 σοι,
3727 2500 3884 2570 χεῖρα

2307 2603 2612 2671 γενόμενος,
2652 2598 2746 2650 καὶ
2775 2595 3038 2649 σκεπάσει
3056 2632 3072 2658 ,
3104 2593 3197 2646 καὶ
3225 2591 3557 2663 φρουρήσει,
3585 2589 3682 2642 καὶ
3703 2586 3883 2657 πάσης

2310 2691 2531 2756 ἀξιώσει
2561 2688 2837 2759 προνοίας.

2654 2776 2791 2847 ᾨδὴ
2827 2773 2944 2829 τῶν
2977 2768 3350 2841 ἀναϐαθμῶν.
3388 2771 3568 2826 PKA'.

2934 2866 2946 2884 '
2961 2868 3269 2931 Υπόθεσις.

2323 2964 2387 3016 Ἦ
2424 2961 2581 3034 τρίτη
2609 2959 2718 3030 ᾠδὴ
2745 2959 2870 3022 τοὺς
2902 2958 2980 3010 ἔτι
3023 2955 3435 3026 ὁδοιποροῦντας
3459 2951 3882 3021 εὐαγγελίζεται.

2382 3053 2481 3123 τὴν
2511 3054 2590 3114 εἰς
2616 3052 2705 3105 τὸν
2729 3045 2874 3104 οἷκον
2902 3049 2995 3102 τοῦ
3015 3046 3149 3101 Θεοῦ
3170 3045 3374 3117 ἄφιξιν.
3401 3044 3489 3098 Διὸ
3503 3041 3888 3112 καὶνάναφθόγ-

2421 3160 2558 3197 εται.

710 3231 766 3285 1.
806 3227 1045 3285 Iuctatus
1094 3229 1304 3282 sumin
1342 3229 1407 3282 iis
1457 3244 1576 3298 que
1612 3228 1754 3281 dicta
1788 3237 1911 3282 sunt
1962 3227 2088 3280 mihi
2119 3242 2133 3278 :
2161 3229 2213 3280 in
2243 3187 2285 3248 ϐ
2377 3161 2418 3291 ἔ

2377 3235 2743 3304 Ηύφρὰνθην
2772 3231 2872 3286 ἐπὶ
2920 3229 3045 3295 τοῖς
3082 3231 3350 3299 ειρηκόσι
3391 3244 3526 3298 μοι’
3592 3229 3682 3295 είς
3726 3222 3888 3283 οῐκον

2317 3331 2538 3399 Κυρίου
2567 3325 2997 3396 πορευσόμεθα.

2400 3417 2683 3482 Ἐστῶτες
2714 3413 2876 3486 ἦσαν
2908 3417 2960 3466 οὶ
3006 3412 3186 3478 πόδες
3222 3409 3391 3480 ἡμῶν
3418 3410 3487 3462 ἐν
3521 3409 3650 3476 ταῖς
3677 3409 3890 3476 αὐλαῖς

2320 3525 2462 3572 σου,
2502 3504 2913 3577 Ἰερουσαλήμ.
2938 3503 3084 3574 Αὕτη
3114 3503 3221 3555 τῶν
3249 3501 3635 3573 γεγηρακότων
3659 3503 3692 3573 ἡ
3723 3501 3890 3572 φωνὴ,

2321 3603 2428 3657 τῶν
2454 3601 2547 3656 καὶ
2580 3600 2679 3672 τὴν
2711 3597 3084 3670 αἰχμαλωσίαν
3111 3595 3550 3665 ὑπομεινάντων,
3605 3595 3894 3666 διηγουμέ-

2321 3712 2450 3758 νων,
2477 3694 2552 3756 ὼς
2581 3693 2687 3761 ἄρα
2713 3689 2892 3744 αὐτῶν
2919 3690 2968 3741 οἱ
2996 3689 3174 3750 πόδες,
3208 3688 3258 3738 oi
3284 3685 3379 3738 νῦν
3404 3687 3503 3756 τὴν
3525 3687 3754 3750 πορείαν
3775 3704 3893 3739 ποι-

2321 3785 2564 3854 ούμενοι,
2593 3781 2760 3834 πάλαι
2793 3778 3024 3849 ἔστησαν
3051 3779 3107 3832 ἐν
3142 3776 3515 3849 Ἰερουσαλήμ.

2402 3872 2788 3944 Ἰερουσαλὴμ
2835 3870 3301 3941 οἰκοδομουμένη
3333 3871 3414 3936 ὡς
3463 3869 3661 3933 πόλις.
3722 3868 3894 3932 Οὕτω,

2323 3969 2486 4039 φησὶν
2511 4009 2526 4031 ,
2554 3963 2620 4039 ἦν
2653 3966 2819 4020 πάλαι
2859 3966 2935 4028 ὼς
2965 3964 3118 4026 πόλις
3143 4005 3158 4028 ,
3189 3962 3249 4016 οὐ
3275 3961 3644 4033 διεσπαρμένη
3673 3954 3778 4016 ὧδε
3807 3979 3899 4015 κα·-

2327 4066 2474 4118 κεῖσε
2495 4080 2508 4092 ·
2553 4061 2666 4115 ἀλλ’
2689 4059 2861 4122 οὕτως
2885 4053 2954 4128 ἦν
2978 4056 3295 4129 ἡρμοσμένῃ
3321 4095 3336 4118 ,
3365 4054 3439 4117 ὡς
3459 4053 3607 4118 δόξαι
3634 4054 3731 4108 ἕνα
3759 4052 3898 4106 οἷκον

2327 4152 2470 4210 εἶναι
2501 4157 2567 4226 τῇ
2604 4150 2864 4223 συναφείᾳ
2892 4150 2985 4205 καὶ
3015 4152 3082 4221 τῇ
3109 4149 3341 4222 ἁρμονίᾳ
3384 4147 3492 4202 τῶν
3531 4147 3896 4219 οἰκοδομημά-

2324 4266 2433 4303 των
2441 4288 2455 4303 ο

2410 4337 2573 4392 Ἐκεῖ
2588 4337 2700 4407 γὰρ
2728 4336 3034 4402 ἀνέϐησαν
3064 4333 3124 4385 αι
3151 4330 3358 4400 φυλαί.
3389 4330 3568 4384 Πᾶσαι
3614 4331 3669 4383 αἱ
3715 4328 3895 4397 φυλαὶ,

2329 4431 2492 4501 φησὶν
2513 4469 2528 4494 ,
2559 4429 2619 4495 ἐξ
2649 4427 2923 4495 Αἰγύπτου
2946 4422 3171 4493 δυνάμει
3201 4420 3406 4492 Κυρίου
3435 4417 3746 4486 ἐξελθοῦσαι
3774 4457 3789 4480 ,
3823 4417 3898 4479 εἰς

2332 4522 2499 4593 αὐτὴν
2524 4520 2778 4574 ἔσπευδον
2804 4519 2903 4588 τὴν
2928 4516 3081 4568 πόλιν
3115 4513 3458 4586 μαρτυρῆσαι
3482 4550 3497 4576 ,
3530 4511 3648 4581 ἦτοι
3680 4510 3898 4579 εὐχαρι-

2331 4614 2527 4683 στῆσαι
2554 4611 2634 4682 τῷ
2656 4609 2773 4680 Θεῷ
2793 4608 2886 4662 τοῦ
2930 4606 3166 4680 Ἰσραήλ.
3207 4603 3317 4659 Τοῦ
3344 4602 3898 4672 ἐξομολογήσασθαι

2328 4705 2408 4772 τῷ
2441 4706 2682 4774 ὀνόματι
2714 4703 2955 4772 Κυρίου.
2999 4701 3114 4769 Ἐφ’
3149 4692 3230 4761 οἷς
3261 4695 3542 4768 ἐπλήρωσε
3567 4694 3662 4765 τὴν
3693 4694 3899 4764 Θαυμα-

2331 4796 2452 4850 σίαν
2485 4796 2796 4866 ὑπόσχεσιν,
2827 4792 3048 4863 Θρόνους
3078 4804 3137 4841 τε
3161 4785 3256 4842 τοῦ
3286 4788 3436 4843 οἴκου
3469 4783 3630 4838 Δαυῖδ
3657 4782 3897 4855 ἱδρυνθῆ-

2330 4890 2419 4946 ναί
2451 4906 2614 4962 φησιν
2646 4889 2730 4940 ἐπ’
2772 4885 2976 4954 αὐτῆς
3028 4883 3149 4937 ἐπεὶ
3179 4880 3274 4935 καὶ
3321 4878 3594 4950 βασιλείαν
3629 4877 3843 4930 πάντων
3871 4875 3899 4928 ό

2332 4981 2492 5037 Δαυῒδ
2520 4977 2850 5052 προφητεύει
2874 4993 2888 5007 ·
2919 4976 3017 5045 οὐχ
3043 4975 3158 5036 ἑνὸς
3184 4973 3358 5040 λέγων
3383 4970 3554 5043 ἀρχὴν
3577 5009 3592 5031 ,
3623 4967 3759 5052 ἀλλὰ
3798 4983 3898 5019 κοι-

2333 5076 2429 5129 νὴν
2449 5112 2464 5136 ,
2490 5050 2631 5142 ὑπὲρ
2661 5050 2897 5142 ἀρίστων
2927 5066 3020 5118 καὶ
3052 5061 3512 5118 θεοσεὸεστάτωνο
3545 5057 3610 5110 δι’
3643 5050 3717 5109 ῶν
3744 5056 3777 5125 ἠ
3809 5054 3896 5123 βα·-

2337 5165 2510 5219 σιλεία
2531 5162 2692 5217 Δαυῒδ
2712 5158 3028 5232 ἁνορθοῦται
3057 5156 3239 5227 χάριτι
3265 5152 3358 5207 τοῦ
3385 5148 3642 5223 Χριστοῦ,
3672 5149 3785 5210 τοῖς
3809 5144 3897 5198 δὼ-

2334 5259 2466 5311 δεκα
2495 5255 2784 5316 δεδωκότος
2814 5251 3158 5310 ἀποστόλοις,
3193 5249 3304 5309 τοῖς
3336 5246 3426 5298 ἐπὶ
3456 5242 3663 5295 δώδεκα
3696 5239 3895 5300 θρόνοις

2337 5347 2719 5419 καθεζομένοις
2749 5346 2953 5418 κρίνειν
2978 5342 3068 5394 τὸν
3107 5337 3340 5412 Ἰσραήλ.

2415 5506 2544 5559 Ὀτι
2573 5502 2702 5558 ἐκεῖ
2726 5501 3015 5556 ἐκάθισαν
3038 5497 3235 5565 θρόνοι
3258 5495 3346 5556 εὶς
3376 5490 3593 5560 κρίσιν.
3633 5483 3745 5538 Καὶ
3767 5479 3900 5536 κατὰ

2339 5600 2437 5670 τὴν
2468 5596 2707 5651 ἱστορίαν
2734 5594 2850 5647 ἐκεῖ
2871 5592 2939 5646 τὰ
2967 5589 3230 5662 βασίλεια,
3254 5585 3347 5640 καὶ
3367 5583 3474 5638 τῶν
3493 5577 3683 5651 ἱερέων
3711 5578 3760 5631 οι
3786 5572 3901 5649 θρό-
