4058 6442
213 347 323 404 515
1293 341 1377 396 EX
1389 339 1656 397 POSITIO
1696 339 1763 394 IN

1861 339 2131 396 SALMUM
2173 339 2406 396 CXXIV.
3343 343 3450 401 514

209 479 323 518 νοι·
356 463 540 534 ῶσπερ
567 462 671 516 τινὶ
697 461 864 532 διπλῷ
890 462 1133 531 στεφάνῳ
1153 460 1245 513 καὶ
1265 460 1553 530 διαδήματι
1580 459 1765 512 καλλω

1882 458 2099 513 civitate
2120 474 2215 513 seu
2241 460 2473 528 quadam
2496 458 2698 528 duplici
2723 474 2921 512 corona
2946 475 3009 515 ac
3030 460 3335 514 diademate
3359 476 3448 515 or-

209 553 510 624 ττιζομινης
533 553 631 623 τῆς
657 554 881 616 πόλεως.
915 552 1028 605 Νῦν
1049 553 1102 604 δέ
1129 551 1340 604 πάντων
1371 549 1660 614 ἔκπτωσις,
1686 549 1765 602 καί

1885 559 2028 603 nata.
2079 548 2198 604 Jam
2227 565 2354 605 vero
2377 551 2618 604 omnium
2651 551 2803 604 ruina
2853 552 3090 605 cernitur
3121 561 3172 607 et
3206 552 3449 621 pristinae

207 646 314 716 τῆς
344 646 580 706 παλαιᾶς
616 645 953 713 εὐδαιμονίας
995 644 1246 713 ἐλάχιστα
1278 641 1522 710 λείψανα.
1574 641 1765 709 Θρόνο.

1883 640 2157 696 felicitatis
2210 642 2448 712 reliquiae
2495 643 2721 712 exiguae.
2789 641 2981 696 Throni
3029 660 3182 712 super
3233 645 3449 697 domum

208 737 308 791 ἐπὶ
331 737 498 791 οἷκον
520 735 716 789 Δαυτδ.
753 735 840 787 Ἐν
861 734 1051 804 ταύτῃ,
1078 735 1229 804 φησί,
1257 735 1320 802 τῇ
1345 732 1514 796 πόλει,
1539 731 1689 784 τουτέ
1700 748 1765 783 στι

1887 732 2073 786 David.
2110 733 2165 786 In
2198 733 2318 798 hac,
2352 733 2550 802 inquit,
2584 735 2827 799 civitate,
2857 734 2906 787 id
2933 744 3014 789 est
3046 735 3097 787 in
3121 733 3444 799 Jerusalem,

206 830 278 898 τῇ
326 826 698 896 Ἰερουσαλὴμ,
727 824 904 896 θρόνοι
931 824 1188 895 ἐτέθησαν
1214 823 1479 892 βασιλικοὶ
1509 825 1681 892 κρίμα
1705 819 1765 873 δίε

1883 827 2061 882 throni
2101 827 2232 894 regii
2265 827 2422 896 positi
2463 835 2624 892 sunt,
2657 827 2710 879 in
2745 827 2947 896 quibus
2983 827 3255 894 justorum
3293 827 3442 896 judi-

207 937 365 972 καιον
399 918 672 989 κρίνοντες
696 935 708 948 ·
750 910 824 970 ὧν
854 916 1066 988 πρῶτος
1099 914 1332 985 κατῆρξε
1362 913 1522 966 Δαυῖδ
1541 953 1555 976 ,
1591 911 1765 964 ἔπειτα

1880 921 2023 976 cium
2062 921 2324 975 redditur.
2411 919 2562 987 Quos
2620 920 2768 994 prior
2799 923 3084 990 occupavit
3140 919 3301 975 David
3327 962 3342 986 ,
3382 936 3448 976 ac

203 1010 258 1063 οί
287 1009 350 1075 ἐξ
375 1009 538 1062 αὑτοῦ
580 1008 720 1062 κατὰ
755 1007 950 1078 σάρκα.
981 1007 1071 1060 Διὸ
1104 1008 1195 1061 καὶ
1224 1003 1366 1059 οἷκον
1393 1005 1556 1061 αὑτοῦ
1581 1005 1779 1076 ὀνομά-

206 1099 290 1162 ζει
325 1099 417 1152 τοῦ
450 1100 631 1154 Δαυῖδ.

290 1188 658 1257 Ἐρωτήσατε
699 1187 775 1256 δὴ
807 1187 880 1241 τὰ
907 1189 992 1253 εἰς
1034 1186 1279 1255 εἰρήνην
1325 1187 1438 1254 τὴν
1481 1185 1777 1254 Ἰερουσα-

200 1277 349 1347 λήμ.
380 1277 660 1338 Μαθόντες
679 1317 695 1341 ,
735 1275 780 1329 ὦ
806 1270 950 1330 οὗτοι
969 1315 983 1338 ,
1018 1275 1100 1338 τίς
1140 1293 1268 1328 ποτε
1293 1271 1361 1347 ἦν
1405 1275 1773 1347 Ἰερουσαλὴμ,

202 1369 431 1440 εὔχεσθε
461 1370 596 1442 ὑπὲρ
622 1373 720 1440 τῆς
752 1370 973 1441 εἰρήνης
1003 1368 1170 1440 αὐτῆς
1190 1410 1203 1432 ,
1234 1368 1395 1438 μηδὲν
1426 1367 1773 1440 ἐκζητοῦντες

199 1462 390 1532 ἕτερον
418 1460 450 1530 ἦ
479 1461 546 1512 τὰ
573 1460 707 1531 πρὸς
745 1461 964 1531 εἰρήνην
990 1459 1158 1529 αὐτῆς
1191 1459 1562 1513 συντελοῦντα.

279 1554 556 1605 Γενέσθω
586 1551 662 1619 δὴ
690 1551 894 1621 εἰρήνη
914 1552 984 1605 ἐν
1010 1551 1081 1620 τῇ
1106 1550 1355 1620 δυνάμει
1384 1566 1521 1616 σου,
1550 1549 1646 1602 καί
1679 1551 1773 1602 εὐ·-

199 1642 379 1710 θηνία
408 1642 478 1695 ἐν
509 1641 630 1706 τοῖς
655 1641 1053 1711 πυργοσάρεσί
1074 1657 1210 1695 σου.
1254 1642 1396 1694 ’Δντὶ
1429 1641 1541 1705 τοῦ,
1577 1643 1634 1694 ἐν
1662 1642 1772 1703 τοῖς

199 1733 494 1803 βασιλείοις
519 1749 631 1786 σου.
654 1732 893 1803 Εῦχομαί
924 1750 1024 1797 σοι,
1056 1734 1208 1803 φησὶ,
1241 1733 1310 1786 τὰ
1337 1727 1515 1800 ἀγαθὰ
1537 1731 1623 1786 διὰ
1646 1730 1771 1792 τοὺς

1879 1014 2072 1068 deinde
2123 1017 2216 1084 qui
2267 1030 2331 1068 ex
2372 1014 2463 1067 illo
2527 1013 2820 1068 secundum
2868 1029 3086 1068 carnem
3143 1015 3244 1068 uiti
3295 1025 3442 1070 sunt.

1879 1102 2217 1174 Quapropter
2238 1104 2458 1158 domum
2488 1104 2660 1173 ipsius
2696 1103 2860 1158 David
2896 1114 3195 1172 nuncupat.

1945 1196 1998 1248 6.
2030 1194 2230 1265 Rogate
2256 1212 2372 1265 qua:
2408 1196 2474 1248 ad
2517 1211 2697 1263 pacem
2747 1205 2868 1248 sunt
2917 1193 3235 1249 Jerusalem.
3300 1194 3444 1251 Heus

1875 1302 1996 1348 vos.
2037 1304 2162 1344 cum
2185 1288 2484 1343 didiceritis
2505 1303 2753 1357 quasnam
2783 1288 2910 1342 olim
2941 1286 3241 1342 Jerusalem
3272 1298 3441 1352 esset,

1875 1381 2175 1450 precamini
2213 1396 2312 1450 pro
2361 1395 2492 1451 pace
2545 1380 2665 1448 ejus
2691 1420 2705 1444 ,
2742 1381 2877 1434 nihil
2910 1380 3054 1434 aliud
3105 1380 3443 1449 requirentes

1873 1487 2038 1540 quam
2068 1487 2189 1541 qua:
2219 1472 2284 1525 ad
2315 1487 2499 1540 pacem
2522 1471 2641 1541 ejus
2675 1471 2984 1525 conducunt

1946 1568 1996 1623 7.
2033 1566 2159 1620 Fiat
2187 1584 2294 1636 pax
2320 1569 2371 1620 in
2403 1569 2594 1621 virtute
2640 1575 2730 1619 tua
2758 1607 2772 1632 ,
2802 1577 2850 1619 et
2886 1565 3218 1620 abundantia
3244 1567 3299 1620 in
3328 1575 3439 1619 tur-

1874 1660 2016 1712 ribus
2048 1660 2175 1712 tuis.
2211 1659 2288 1713 Ac
2317 1659 2362 1713 si
2395 1659 2570 1722 dicat,
2603 1658 2655 1711 in
2697 1656 2839 1727 regia
2875 1667 2981 1712 tua.
3027 1657 3210 1725 R030,
3243 1659 3438 1726 inquit,

1875 1750 1969 1804 tibi
1997 1750 2156 1814 bona,
2184 1759 2402 1819 propter
2431 1750 2799 1826 inhabitantes
2823 1751 2875 1802 in
2911 1758 2960 1804 te
2985 1788 3002 1816 ,
3031 1751 3122 1818 qui
3149 1748 3438 1818 propinqui

197 1824 540 1888 ἐνοικοῦντας
574 1825 633 1878 ἐν
665 1825 768 1888 σοὶ,
791 1823 1012 1895 πλησίον
1034 1824 1192 1888 ὄντας
1213 1825 1305 1878 καὶ
1329 1823 1604 1892 ἀδελφούς.
1637 1821 1765 1876 Ταῦ-

1871 1852 1924 1897 et
1954 1840 2149 1896 fratres
2189 1842 2269 1895 tui
2303 1851 2450 1897 sunt.
2481 1839 2603 1896 Haec
2631 1818 2788 1896 senes
2835 1841 3184 1912 Jerosolymae
3215 1856 3440 1912 precan—

195 1932 268 1970 τα
295 1916 404 1985 γὰρ
437 1917 484 1968 οἱ
515 1915 883 1986 γεγηρακότες
907 1915 1154 1986 εῠχονται
1185 1918 1251 1986 τῇ
1295 1913 1678 1986 Ἰερουσαλὴμ,
1709 1913 1770 1968 τὸ

196 2011 257 2061 ἐν
285 2009 400 2072 τοῖς
431 2008 667 2077 τείχεσιν
697 2007 864 2078 αὐτῆς
898 2004 1037 2061 εἶναι
1075 2009 1316 2080 εἰρήνην.
1376 2007 1630 2077 Δυνάμει
1661 2007 1770 2079 γὰρ

193 2097 264 2150 τὰ
297 2097 452 2165 τείχη
485 2096 673 2166 φησίν
729 2096 761 2167 ἢ
797 2096 918 2150 καθ’
964 2097 1149 2168 ἕτερον
1181 2097 1337 2165 λόγον
1379 2098 1505 2161 τοὺς
1534 2100 1591 2150 ἐν
1631 2098 1766 2169 αὐτῇ

197 2187 414 2255 ἁγίους.

267 2281 482 2332 Ἕνεκα
527 2280 631 2334 τοῦ
665 2281 836 2334 οἵκου
895 2282 1113 2348 Κυρίου
1147 2284 1252 2336 τοῦ
1283 2281 1428 2335 Θεοῦ
1467 2279 1636 2350 ἡμῶν
1667 2279 1768 2345 ἐξ·

190 2367 456 2438 εζήτησα
490 2368 679 2440 ἀγαθά
704 2386 823 2423 σοι.
862 2370 1009 2423 Ἐπεὶ
1033 2371 1091 2423 ἐν
1118 2372 1200 2424 σοί
1230 2373 1395 2432 ἐστιν,
1420 2365 1464 2424 ὧ
1493 2371 1766 2441 Ἰερουσα-

192 2461 326 2532 λὴμ,
343 2457 526 2524 ὁοῖκος
552 2461 646 2514 τοῦ
663 2459 798 2514 Θεοῦ
819 2461 998 2532 ήμῶν,
1025 2461 1384 2532 ἀμειϐόμενος
1411 2479 1470 2516 σε
1496 2461 1769 2531 ἐξεζήτηο

190 2569 276 2607 σα
293 2553 482 2624 ἀγαθά
497 2569 614 2607 σοι.

537 2643 660 2714 ῼδὴ
689 2641 809 2697 τῶν
839 2641 1210 2713 ἀναϐαθμῶν.
1248 2647 1438 2699 PKB'.

815 2733 1138 2798 Ὺπόθεσις.

203 2827 269 2878 'H
309 2825 541 2895 τετάρτη
588 2823 697 2894 ᾠδὴ
731 2824 894 2893 εὐχὴν
940 2823 1182 2893 περιέχει
1213 2822 1320 2875 τῶν
1351 2822 1410 2876 ἐν
1447 2825 1519 2895 τῇ
1555 2823 1764 2878 ὁδοιπο-

267 2913 361 2984 ρίᾳ
413 2911 502 2964 διὰ
536 2910 742 2964 πολλῶν
795 2908 930 2963 ἐτῶν
962 2909 1060 2980 τὴν
1092 2909 1348 2964 ἐπάνοδον
1403 2912 1758 2982 ποιουμένων.

263 3007 328 3060 02
360 3005 452 3058 καὶ
471 3042 488 3068 ,
512 3002 777 3073 καμόντες
799 3000 938 3055 κατά
956 3001 1054 3073 τήν
1085 3002 1201 3056 ὁδὸν
1217 3042 1231 3067 ,
1263 3002 1445 3067 ἐλέους
1467 3003 1559 3056 καὶ
1577 3003 1760 3058 οῐκτου

261 3099 470 3153 δέονται
495 3099 675 3166 τυχεῖν
715 3093 866 3166 παρὰ
894 3094 988 3148 τοῦ
1029 3095 1164 3148 Θεοῦ
1185 3137 1200 3162 ,
1240 3095 1316 3160 ὡς
1349 3095 1758 3168 ἐξουθενημένοι
1786 3131 1828 3188 c

262 3187 414 3260 παρὰ
447 3185 558 3240 τῶν
593 3185 781 3241 ἐθνῶν.
817 3184 908 3239 Διὸ
938 3186 1029 3240 καὶ
1059 3185 1460 3255 ἀναφθέγγεται
1492 3187 1629 3257 πρὸς
1661 3188 1761 3242 αὒ-

259 3281 385 3344 τοὺς
409 3278 896 3351 παραμυθούμενον
921 3277 982 3331 τὸ
1016 3276 1259 3347 Πνεῦμα,
1290 3277 1383 3330 καὶ
1405 3275 1586 3345 λέγον·
1632 3276 1760 3345 Τοῖξ-

260 3369 590 3440 εὐθηνοῦσι
623 3369 689 3424 τὸ
718 3368 965 3433 ὄνειδος.

259 3462 416 3533 Πρὸς
437 3461 512 3516 σὲ
539 3457 654 3530 ἦρα
677 3459 816 3525 τοὺς
846 3460 1189 3528 ὀφθαλμούς
1223 3477 1343 3528 μου
1363 3501 1378 3525 ,
1413 3461 1519 3514 τὸν
1563 3478 1756 3517 κατοι-

185 3555 412 3610 κοῦντα
436 3552 504 3605 ἐν
530 3550 611 3616 τῷ
638 3549 887 3620 οὐρανῷ.
927 3549 1072 3605 Ἰδοὺ
1103 3552 1182 3616 ὡς
1203 3551 1495 3620 ὀφθαλμοί
1523 3551 1759 3607 δούλων

183 3651 277 3713 εἰς
305 3645 507 3716 χεῖρας
553 3642 670 3698 τῶν
709 3645 930 3713 κυρίων
973 3641 1187 3698 αὐτῶν.
1242 3642 1362 3695 Τῶν
1395 3642 1495 3713 μὲν
1525 3643 1756 3714 ἐχόντων

187 3738 251 3792 τὸ
279 3737 492 3809 πνεῦμα
522 3736 619 3808 τῆς
647 3735 887 3800 δουλείας
927 3735 1008 3799 εἰς
1041 3734 1205 3804 φόϐον
1242 3733 1508 3806 ὀφθαλμοὶ
1534 3736 1614 3799 είς
1640 3737 1754 3806 χεῖ-

187 3848 291 3903 ρας
321 3831 523 3902 κυρίων
564 3847 625 3882 τε
668 3828 762 3882 καὶ
811 3827 1035 3899 κυρίας·
1068 3826 1161 3881 τοῦ
1198 3827 1255 3880 δὲ
1303 3826 1365 3880 τὸ
1399 3825 1612 3898 πνεῦμα
1657 3827 1756 3898 τῆς

186 3922 458 3984 υἱοθεσίας
483 3920 716 3990 ἔχοντος,
745 3918 882 3989 πρὸς
907 3917 1108 3989 Κύριον
1138 3917 1228 3968 τὸν
1257 3915 1407 3969 Θεόν.

272 4011 564 4077 Ἐλέησον
591 4007 766 4079 ἡμᾶς,
802 4009 996 4076 Κύριε,
1026 4005 1288 4074 ἐλέησον
1313 4005 1490 4075 ἡμᾶς.
1535 4007 1596 4060 '0
1623 4007 1754 4060 ἁνα-

182 4103 578 4174 διπλασιασμὺς
605 4101 756 4174 δηλοῖ
777 4100 838 4154 τὸ
863 4100 1063 4173 θερμὸν
1096 4103 1196 4171 τῆς
1225 4101 1490 4171 αἰτήσεως
1511 4140 1525 4163 ,
1551 4099 1646 4169 οὐχ
1675 4099 1751 4163 ὡς

181 4197 324 4264 ἄξιοι
349 4196 438 4248 τὸν
479 4193 626 4248 ἔλεον
665 4192 958 4263 αἰτοῦμεν,
986 4190 1100 4244 ἀλλ’
1140 4191 1216 4254 ὡς
1251 4189 1600 4244 ἐπονείδιστοι
1631 4188 1751 4244 λίαν

181 4288 486 4360 γενόμενοι.

509 4377 646 4448 mea.
683 4375 800 4430 τῶν
824 4373 1193 4445 ἀναϐαθμῶν.
1226 4375 1420 4428 PKI".

490 4470 560 4523 Et
582 4467 668 4539 μὴ
698 4467 787 4521 ὅτι
809 4469 1024 4534 Κύριος
1052 4463 1132 4538 ἦν
1167 4465 1236 4520 ὲν
1262 4463 1427 4536 ἡμῖν.

806 4561 1125 4622 Ὑπόθεσις.

174 4650 292 4722 Τὴν
312 4649 566 4720 πέμπτην
589 4647 730 4720 ᾠδὴν
748 4649 962 4720 ᾄδοντες
983 4649 1032 4700 οί
1057 4647 1341 4710 ἐπιϐάντες
1360 4649 1458 4716 τῆς
1487 4645 1743 4708 Ἰουδαίας

245 4739 370 4810 τῆς,
397 4738 560 4808 εὐχὰς
593 4739 1026 4808 ἁναπὲμπουσιν,
1056 4739 1139 4806 ἐφ’
1160 4733 1240 4801 οἷς
1268 4736 1609 4808 ἐῤῥύσθησαν
1638 4737 1743 4790 ἀπὸ

243 4830 344 4901 τῆς
381 4829 757 4899 αἰχμαλωσίας
786 4831 874 4883 καὶ
903 4829 1009 4881 τῶν
1045 4830 1245 4899 μεταξὺ
1279 4828 1506 4900 ἐχθρῶν.

489 4919 626 4990 ’ῼδὴ
665 4921 783 4975 τῶν
811 4919 1181 4989 ἀναϐαθμῶν.
1252 4924 1387 4976 ΡΚΔ
1408 4928 1438 4974 ’.

300 5014 366 5066 Ol
397 5012 741 5078 πεποιθότες
775 5013 872 5066 ἐπὶ
905 5013 1123 5080 Κύριον
1152 5013 1232 5079 ὡς
1259 5012 1394 5081 ὄρος
1425 5011 1595 5066 Σιών.

793 5101 806 5121 '
820 5104 1124 5166 Υπόθεσις.

170 5194 282 5265 Τὴν
310 5193 475 5264 Ξκτην
500 5195 640 5265 ᾠδὴν
670 5193 883 5264 ᾅδουσιν
912 5194 998 5247 ἐπ’
1021 5193 1152 5246 αὐτὸ
1177 5193 1238 5246 τὸ
1259 5193 1588 5264 ποθούμενον
1615 5195 1739 5264 ὅρος

240 5286 541 5355 γενόμενοι.
601 5281 731 5339 Εἶτα
810 5285 1039 5354 ὁρῶντες
1074 5284 1171 5356 τὴν
1215 5287 1366 5339 πόλιν
1414 5285 1734 5355 ἀτείχιστον,

242 5381 423 5448 τεῖχος
450 5377 586 5447 αὐτῇ
615 5379 715 5447 τὴν
760 5376 853 5430 τοῦ
905 5379 1108 5450 Κυρίου
1139 5379 1454 5450 ἐπικουρίαν
1488 5376 1735 5448 εὔχονται

237 5468 511 5538 γενέσθαι,
544 5467 697 5537 φησὶ,
721 5469 815 5522 καὶ
850 5468 955 5540 μὴν
980 5471 1075 5521 καὶ
1099 5469 1208 5523 τῶν
1236 5468 1446 5542 ἐχθρῶν
1473 5468 1734 5541 θαρροῦσι

236 5561 519 5630 διαφυγεῖν
550 5559 648 5623 τὰς
678 5560 990 5624 ἐπιϐουλάς·
1024 5560 1082 5625 ἐξ
1110 5563 1277 5634 αὐτῆς
1305 5561 1358 5614 δὲ
1381 5563 1479 5632 τῆς
1513 5565 1730 5616 ἐπικου-

239 5720 286 5751 ³⁶
317 5717 474 5771 Rom.
505 5732 624 5781 vui,
659 5716 745 5772 15.
825 5717 866 5748 ⁸⁸
896 5717 1022 5771 ibid.

1771 4463 1822 4524 D

1872 1944 1980 2000 tur,
2005 1943 2061 1987 ut
2088 1933 2294 1988 scilicet
2315 1949 2417 2004 pax
2452 1935 2522 1988 sit
2551 1934 2604 1986 in
2631 1934 2801 1988 muris
2826 1934 2978 2003 ejus:
3003 1949 3098 2002 per
3126 1934 3240 1989 haec
3265 1933 3434 1994 enim,

1868 2027 1936 2081 In
1973 2029 2193 2092 virtute,
2221 2042 2409 2082 muros
2450 2029 2714 2098 intelligit.
2778 2031 2886 2084 Aut
2933 2031 3230 2085 secundum
3273 2031 3435 2085 aliam

1870 2119 2132 2174 rationem
2157 2158 2172 2184 ,
2202 2129 2420 2175 sanctos
2446 2121 2537 2191 qui
2569 2121 2623 2174 in
2652 2121 2766 2190 ipsa
2799 2131 2970 2176 erant.

1936 2276 1988 2332 9.
2018 2275 2241 2347 Propter
2262 2278 2475 2331 domum
2505 2278 2720 2332 Domini
2745 2279 2842 2334 Dei
2872 2282 3039 2335 nostri
3066 2284 3282 2352 quasivi
3302 2285 3435 2339 bona

1869 2369 1984 2423 tibi.
2057 2367 2233 2436 Quia,
2277 2369 2488 2439 inquit,
2531 2385 2564 2424 ο
2591 2368 2928 2433 Jerusalem,
2967 2373 3018 2426 in
3054 2381 3104 2427 te
3129 2384 3211 2429 est
3239 2375 3437 2429 domus

1865 2457 1960 2513 Dei
2000 2459 2193 2524 nostri,
2229 2468 2451 2530 accepta
2481 2458 2722 2516 referens
2757 2460 3017 2516 beneficia
3046 2463 3263 2532 quwsivi
3298 2464 3435 2518 bona

1866 2549 1982 2605 tibi.

2188 2657 2468 2713 Canticum
2513 2661 2799 2730 graduum.
2855 2661 3098 2718 CXXII.

2450 2749 2851 2820 Argumentum.

1862 2840 2127 2908 Quartum
2166 2844 2436 2899 canticum
2467 2845 2770 2900 orationem
2804 2846 3050 2901 continet
3097 2861 3286 2902 eorum
3332 2851 3430 2920 qui

1933 2934 2289 3005 remigrantes
2310 2935 2496 2991 multis
2513 2937 2669 2991 annis
2693 2937 2744 2991 in
2764 2937 2955 2992 itinere
2975 2940 3172 2993 versati
3191 2939 3428 2995 fuerant.

1930 3023 2033 3090 Qui
2057 3023 2255 3078 defessi
2288 3024 2341 3077 in
2364 3023 2469 3089 via,
2494 3025 2920 3080 misericordiam
2949 3037 3001 3081 et
3025 3027 3426 3083 miserationem

1929 3131 1960 3169 a
1991 3114 2101 3169 Deo
2126 3115 2363 3184 impendi
2407 3115 2510 3170 sibi
2536 3116 2829 3184 postulant,
2859 3127 3042 3187 utpote
3067 3119 3160 3188 qui
3189 3135 3218 3173 a
3250 3122 3427 3190 genti-

1930 3204 2034 3259 bus
2083 3204 2237 3258 nihili
2274 3205 2652 3276 penderentur.
2712 3206 2892 3272 Quare
2943 3209 3237 3264 consolans
3282 3211 3428 3280 ipsos

1930 3293 2168 3364 Spiritus
2201 3305 2423 3358 sanctus
2443 3337 2458 3360 ,
2511 3297 2800 3366 respondet
2845 3307 2900 3353 et
2931 3297 3007 3354 ait
3034 3317 3047 3352 :
3079 3297 3426 3369 Opprobrium

1928 3387 2337 3441 abundantibus.

1927 3479 1981 3545 i,
2011 3479 2063 3532 2.
2101 3478 2183 3531 Ad
2214 3488 2264 3531 te
2287 3478 2450 3531 levavi
2471 3477 2648 3530 oculos
2678 3493 2839 3543 meos,
2886 3478 2978 3547 qui
3004 3477 3212 3532 habitas
3238 3481 3292 3534 in
3321 3497 3426 3535 car-

1856 3568 1943 3624 lis.
1971 3567 2104 3622 Ecce
2122 3570 2261 3622 sicut
2284 3567 2422 3622 oculi
2445 3583 2713 3621 servorum
2743 3568 2800 3621 in
2825 3569 3066 3623 manibus
3092 3569 3423 3625 dominorum

1853 3674 2089 3714 suorum.
2113 3655 2269 3714 Oculi
2290 3672 2481 3713 eorum
2511 3657 2604 3728 qui
2636 3657 2834 3712 habent
2856 3659 3111 3728 spiritum
3140 3662 3424 3717 servitutis

1854 3751 1908 3805 in
1936 3751 2130 3806 timore
2145 3750 2190 3782 '°
2214 3759 2341 3806 sunt
2365 3750 2419 3805 in
2442 3749 2694 3805 manibus
2711 3749 3057 3805 dominorum
3075 3761 3128 3807 et
3150 3752 3420 3820 domina;

1853 3841 1973 3912 ejus
2004 3850 2185 3897 autem
2214 3840 2308 3911 qui
2339 3841 2592 3910 spiritum
2612 3840 2922 3910 adoptionis
2941 3839 2986 3873 ⁸¹
3013 3840 3196 3908 habet,
3221 3843 3287 3898 ad
3315 3841 3423 3898 Do-

1851 3933 2061 3987 minum
2098 3930 2286 3985 Deum.

1922 4021 1975 4076 3.
2027 4019 2272 4073 Miserere
2303 4019 2504 4082 nostri,
2535 4015 2776 4082 Domine,
2819 4019 3062 4075 miserere
3094 4025 3282 4078 nostri.
3314 4022 3422 4077 Re-

1849 4108 2142 4179 duplicatio
2171 4106 2436 4163 fervorem
2466 4106 2792 4176 precationis
2825 4111 3080 4166 ostendit.
3108 4109 3228 4166 Non
3256 4115 3417 4182 quasi

1848 4201 1997 4271 digni
2027 4200 2198 4255 simus
2227 4199 2655 4255 misericordiam
2700 4203 3062 4271 postulamus,
3105 4204 3200 4258 sed
3233 4215 3420 4275 utpote

1847 4291 2153 4361 Opprobriis
2191 4293 2422 4346 onerati.

2150 4382 2425 4438 Canticum
2481 4382 2761 4452 graduum.
2820 4383 3095 4457 CXXIII.

2123 4474 2247 4530 Nisi
2282 4476 2408 4543 quia
2441 4473 2697 4529 Dominus
2727 4485 2842 4530 erat
2869 4478 2922 4529 in
2964 4476 3130 4531 nobis.

2423 4567 2823 4636 Argumentum.

1842 4653 2100 4721 Quintum
2129 4655 2400 4710 canticum
2427 4669 2685 4714 canentes
2719 4660 2811 4728 qui
2841 4660 2894 4712 in
2938 4661 3180 4716 Iudaeam
3220 4677 3416 4718 ascen-

1911 4747 2124 4806 derunt.
2163 4760 2346 4815 preces
2384 4751 2657 4815 emittunt,
2706 4765 2772 4805 eo
2813 4753 2955 4821 quod
2991 4751 3201 4804 liberati
3235 4752 3345 4806 sint
3385 4768 3412 4804 τι

1907 4837 2231 4909 captivitate,
2255 4846 2310 4893 et
2336 4838 2405 4892 ab
2429 4840 2664 4896 inimicis
2680 4857 2816 4910 quos
2848 4852 3031 4910 postea
3057 4853 3409 4912 superarunt.

2153 4927 2430 4984 Canticum
2480 4933 2762 5002 graduum.
2817 4931 3077 4988 CXXIV.

1978 5022 2080 5087 Qus
2110 5024 2380 5092 conﬁdunt
2407 5026 2460 5078 in
2489 5025 2711 5078 Domino
2737 5027 2871 5079 sicut
2918 5043 3066 5081 mons
3109 5026 3256 5081 Sion.

2413 5117 2810 5186 Argumentum.

1837 5206 2058 5261 Sextum
2090 5209 2362 5264 canticum
2390 5221 2614 5275 canunt,
2648 5218 2936 5280 postquam
2956 5209 3024 5265 ad
3060 5210 3238 5281 ipsum
3257 5209 3404 5266 desi-

1903 5299 2147 5354 deratum
2199 5309 2436 5354 montem
2481 5310 2856 5371 pervenerant.
2909 5299 3110 5357 Deinde
3155 5302 3400 5357 videntes

1902 5391 2092 5446 urbem
2126 5391 2330 5458 absque
2360 5393 2552 5457 muris,
2589 5407 2805 5447 murum
2838 5391 2938 5461 ipsl
2984 5390 3098 5447 fore
3124 5392 3401 5463 postulant

1904 5483 2120 5539 Domini
2150 5485 2438 5550 auxilium,
2463 5486 2662 5558 inquit,
2697 5502 2761 5542 ac
2787 5486 3134 5542 inimicorum
3166 5486 3402 5542 insidias

1900 5576 2134 5648 cﬂ'ugere
2149 5592 2309 5647 posse
2325 5578 2602 5635 confidunt
2629 5595 2723 5636 :ex
2741 5579 2928 5636 eodem
2948 5578 3208 5634 nimirum
3237 5577 3402 5634 auxi-
