4058 6482
654 408 762 464 515

1479 404 1534 457 S.
1583 399 1955 456 ATHANASII
1996 398 2146 453 OPP.
2189 396 2369 451 PARS
2410 396 2495 449 lll.
2536 426 2600 435 --
2641 395 3047 449 ΕΧΕΩΕἸΊΩΑ.

3779 392 3884 452 516

721 528 796 583 lio
823 528 938 595 Dei,
974 546 992 578 ι
1047 527 1142 598 qui
1170 543 1280 581 non
1311 527 1568 595 relinquit
1607 527 1815 593 virgam
1866 532 2223 590 peccatorum
2263 531 2281 580 Α

2411 518 2529 588 ρίας
2558 517 2718 571 πάλιν
2735 518 2825 571 τοῦ
2842 517 3001 581 Θεοῦ,
3035 535 3052 568 ι
3082 517 3156 588 μὴ
3187 516 3435 586 ἀφιέντος
3451 515 3549 586 τὴν
3579 514 3773 585 ῥάϐδον
3798 516 3902 568 τῶν

727 634 890 690 super
910 629 1112 674 sortem
1129 617 1401 686 justorum
1436 628 1490 672 et
1510 625 1824 671 sanctorum
1851 626 2077 667 suorum
2107 610 2177 660 ⁸².
2209 627 2228 659 ι

725 793 780 850 5.
840 791 960 846 Paa:
988 808 1142 860 super
1170 789 1362 846 Israel.
1408 789 1519 844 Pax
1551 788 1695 842 enim
1727 802 1850 856 quae
1889 799 2106 840 omnem
2141 798 2237 839 su-

657 898 809 959 perat
839 899 1072 945 mentem
1119 890 1196 954 ⁸³,
1226 890 1274 944 ei
1331 890 1433 945 soli
1490 888 1652 941 datur
1709 886 1800 955 qui
1855 891 2038 939 mente
2073 882 2233 936 valet.

657 981 772 1036 imo
807 981 971 1035 etiam
1007 981 1200 1036 deletis
1225 981 1460 1035 inimicis
1493 980 1549 1033 lii
1578 993 1712 1048 pace
1747 975 2098 1030 fruebantur.

1001 1157 1274 1212 Canticum
1325 1158 1604 1226 graduum.
1673 1153 1897 1212 CXXV.

1250 1249 1292 1300 Α
1301 1258 1654 1317 rgumentum.

666 1334 968 1408 Septimum
997 1339 1269 1392 canticum
1309 1349 1510 1392 eannnt
1543 1338 1634 1408 qui
1668 1353 1793 1392 cum
1835 1337 1902 1392 ad
1933 1338 2109 1407 ipsam
2138 1352 2235 1390 ur-

736 1426 855 1480 bem
888 1429 1247 1496 pervenerint,
1281 1429 1618 1482 liberationis
1651 1443 1679 1479 a
1728 1428 2043 1497 captivitate
2071 1428 2236 1482 certi-

737 1519 979 1572 tudinein
1029 1518 1245 1571 habent.
1278 1517 1490 1586 Rogant
1529 1526 1710 1571 autem
1745 1533 1844 1586 pro
1881 1518 2105 1587 reliquis
2143 1517 2238 1586 qui

739 1609 920 1664 adhuc
967 1618 1125 1663 erant
1167 1610 1222 1663 in
1273 1609 1570 1680 Babylone,
1629 1618 1687 1664 ut
1739 1610 1841 1679 ipsi
1888 1611 2055 1664 etiam
2091 1608 2237 1663 redi-

738 1707 1038 1755 merentur.

748 1795 799 1848 I.
853 1793 918 1846 In
960 1792 1302 1847 convertenda
1337 1793 1592 1846 Dominus
1622 1792 1976 1862 captivitatem
2004 1789 2133 1846 Sion
2162 1791 2240 1861 {a-

2409 608 2747 678 ἁμαρτωλῶν
2783 609 2876 662 ἐπὶ
2918 609 3008 660 τὸν
3040 607 3239 678 κλῆρον
3274 607 3384 660 τῶν
3427 606 3651 659 δικαίων
3681 604 3904 658 καὶτῶν

2405 701 2574 769 ἁγίων
2603 700 2788 753 αὐτοῦ.
2827 721 2845 752 ›

2409 791 2636 860 Εἰρήνη
2670 791 2767 844 ἐπὶ
2823 790 2930 843 τὸν
2979 788 3235 860 Ἰσραήλ.
3301 789 3368 843 Ἦ
3412 788 3520 860 γὰρ
3568 788 3907 860 ὑπερέχουσα

2337 882 2518 936 πάντα
2541 882 2665 936 νοῦν
2695 883 2881 952 εἰρήνη
2908 881 3049 952 μόνῳ
3069 881 3145 952 τῷ
3167 883 3289 934 νοῦν
3316 880 3487 950 ἔχοντι
3511 879 3728 932 δίδοται.
3750 878 3905 933 Ἀλλὰ

2339 976 2430 1028 καὶ
2460 970 2571 1027 τῶν
2595 974 2866 1045 πολεμίων
2895 974 3249 1027 ἀπολωλότων
3271 1013 3286 1038 ,
3344 965 3489 1025 οὗτοι
3530 971 3632 1042 τῆς
3687 972 3904 1042 εἰρήνης

2337 1066 2676 1138 ἀπήλαυσαν.

2662 1155 2798 1228 ’ῼδὴ
2824 1155 2940 1208 τῶν
2969 1151 3338 1222 ἀναϐαθμῶν.
3382 1154 3577 1207 PKE'.

2953 1248 2964 1266 '
2980 1247 3288 1310 Υπόθεσις.

2337 1341 2448 1412 Τὴν
2483 1340 2714 1411 ἑϐδόμην
2747 1335 2962 1410 ᾅδουσιν
2994 1338 3132 1408 ᾠδὴν
3169 1339 3217 1390 οἱ
3248 1337 3308 1389 τὸ
3349 1335 3586 1405 ἀσφαλὲς
3612 1333 3907 1406 ἐσχηκότες

2411 1434 2509 1502 τῆς
2538 1430 2853 1502 λυτρώσεως
2880 1431 2967 1484 διὰ
2999 1431 3057 1483 τὸ
3092 1433 3148 1483 ἐν
3181 1430 3318 1500 αὐτῇ
3357 1427 3681 1497 γεγενῆσθαι
3714 1429 3781 1497 τῇ
3815 1427 3906 1480 πό-

2407 1524 2507 1577 λει.
2551 1523 2931 1590 Παρακαλοῦσι
2963 1522 3020 1573 δὲ
3070 1522 3207 1591 ὑπὲρ
3252 1521 3360 1574 τῶν
3395 1518 3628 1584 λοιπῶν,
3681 1519 3792 1571 τῶν
3830 1519 3908 1572 ἔτι

2409 1612 2575 1666 ὅντων
2609 1615 2665 1666 ὲν
2692 1615 2758 1681 τῇ
2793 1612 3068 1666 Βαϐυλῶνι
3090 1651 3104 1674 ,
3133 1612 3277 1673 ὅπως
3310 1609 3376 1663 ἂν
3402 1610 3496 1662 καὶ
3522 1608 3675 1662 αὐτοὶ
3700 1608 3909 1680 λυτρω-

2411 1703 2599 1758 Θῶσιν.

2425 1796 2527 1848 Ἐν
2562 1793 2642 1859 τῷ
2685 1793 3038 1863 ἐπιστρέψαι
3083 1795 3299 1862 Κύριον
3341 1791 3455 1859 τὴν
3498 1791 3912 1862 αἰχμαλωσίαν

667 1885 740 1938 cti
766 1900 946 1939 sumus
991 1884 1129 1937 sicut
1175 1884 1456 1938 consolati.
1520 1883 1644 1938 Haec
1696 1884 1923 1952 apostoli
1987 1864 2281 1952 praenun-1

2343 1882 2493 1938 Σιὼν
2521 1883 2884 1954 ἐγενήθημεν
2910 1884 3051 1937 ὡσεὶ
3074 1883 3602 1952 παρακεκλημένοι,
3656 1884 3720 1936 Οἱ
3778 1884 3911 1937 ἀπὸ·

670 1976 810 2029 tiant
834 1976 902 2028 de
935 1975 1130 2044 seipsis
1161 1985 1215 2029 et
1259 1975 1325 2029 de
1358 1975 1629 2044 gentibus.
1679 1971 1812 2026 Nam
1853 1973 2071 2027 Davidis
2109 1983 2243 2026 tem-

669 2079 801 2133 pore
827 2064 974 2118 nulla
1021 2065 1306 2134 captivitas
1347 2073 1484 2118 erat.
1535 2062 1786 2119 Fortasse
1834 2078 1964 2118 vero
2017 2066 2131 2118 haec
2176 2063 2242 2118 de

671 2155 942 2225 spirituali
1008 2157 1325 2225 captivitate
1375 2155 1527 2209 dicit.
1603 2154 1738 2209 Illud
1789 2154 1980 2223 enim,
2028 2155 2238 2222 dicent,

672 2245 917 2301 futurum
950 2246 1262 2318 prophetice
1290 2247 1580 2317 signiﬁcat.

741 2423 857 2477 2-4.
913 2422 1056 2477 Tunc
1078 2423 1249 2477 dicent
1290 2423 1426 2477 inter
1466 2435 1638 2492 gentes
1665 2439 1683 2476 :
1723 2421 2082 2491 Magni/icavit
2129 2420 2240 2473 Do-

2343 1973 2516 2025 στολοι
2543 1973 2712 2025 ταῦτα
2753 1972 3178 2045 προφητεύονται
3205 1973 3330 2042 περὶ¹
3359 1972 3565 2025 ἑαυτῶν
3589 1976 3683 2026 καὶ
3713 1973 3824 2028 τῶν
3854 1975 3912 2026 ἑν

2340 2065 2450 2126 τοῖς
2477 2063 2675 2116 ἔθνεσι.
2737 2065 2891 2117 Κατὰ
2923 2064 3031 2134 γὰρ
3064 2065 3190 2127 τοὺς
3220 2064 3314 2117 τοῦ
3347 2063 3508 2116 Δαυῖδ
3535 2064 3764 2133 χρόνους
3812 2066 3910 2118 οὐκ

2337 2148 2405 2223 ἦν
2432 2152 2792 2223 αἰχμαλωσία.
2850 2154 3000 2223 Τάχα
3038 2149 3130 2206 οὖν
3185 2154 3311 2224 περὶ
3361 2153 3461 2223 τῆς
3497 2154 3696 2223 νοητῆς
3740 2155 3911 2208 ταῦτά

2341 2261 2493 2316 φησι.
2550 2243 2622 2296 Τὸ
2653 2242 2792 2315 γὰρ,
2847 2243 3083 2312 ἐροῦσι,
3129 2245 3475 2315 προφητικῶς
3503 2245 3563 2296 τὸ
3598 2246 3792 2315 μέλλον
3818 2247 3909 2317 δη-

2339 2336 2544 2391 λοῦται.

2415 2426 2550 2477 Τότε
2577 2424 2822 2492 ἐροῦσιν
2853 2425 2923 2478 ὲν
2952 2425 3076 2491 τοῖς
3107 2424 3375 2479 ἔθνεσινο
3409 2423 3772 2493 Ἐμεγάλυνε
3799 2423 3910 2476 Κύ-

673 2518 870 2580 minus,
909 2524 1012 2570 etc.
1052 2514 1165 2569 Hoc
1195 2530 1295 2569 nos
1342 2515 1530 2568 multis
1580 2513 1839 2584 lacrymis
1884 2513 2241 2582 deplorandos

2343 2532 2484 2584 ριος,
2501 2532 2556 2571 κ.
2578 2531 2629 2568 τ.
2649 2513 2698 2568 λ.
2719 2514 2886 2568 Τοῦτο
2900 2516 2954 2568 δὲ
2972 2518 3114 2586 ἡμᾶς
3131 2515 3563 2588 πολυθρηνήτους
3579 2512 3734 2586 παρὰ
3749 2515 3909 2567 πᾶσιν

672 2621 793 2661 esse
821 2605 891 2658 ab
919 2605 1174 2659 omnibus
1215 2604 1504 2673 signiﬁcat.
1546 2601 1749 2659 Omnes
1794 2604 1938 2658 enim
1989 2603 2083 2658 Dei
2133 2618 2245 2658 ma-

675 2695 1038 2766 gniﬁcentiam
1087 2694 1377 2762 mirantur,
1437 2695 1584 2764 quod
1637 2710 1737 2750 nos
1790 2710 1858 2750 ex
1909 2696 2102 2749 acerba
2150 2695 2240 2748 illa

677 2789 938 2841 servitute
967 2786 1300 2843 liberaverit.
1325 2784 1394 2838 Et
1415 2801 1512 2841 nos
1547 2786 1766 2855 quidem
1792 2785 2116 2847 clamamus,
2145 2799 2242 2838 ne-

678 2892 787 2943 que
813 2878 961 2932 enim
1007 2893 1263 2932 vacamus
1304 2893 1494 2941 sensu,
1548 2892 1672 2930 cum
1733 2878 1971 2946 reliquos
1999 2880 2240 2947 captivos

681 2972 923 3024 nondum
982 2971 1372 3038 receperimus,
1423 2984 1522 3038 pro
1581 2970 1780 3039 quibus
1839 2972 1912 3024 ita
1973 2971 2242 3040 supplica-

681 3077 802 3116 mus
832 3078 844 3114 :
876 3059 1143 3126 Converte,
1167 3060 1400 3124 Domine,
1442 3062 1799 3128 captivitatem
1828 3070 2064 3115 nostram
2106 3062 2240 3114 sicut

683 3162 884 3204 torrens
915 3152 967 3204 in
1025 3161 1223 3204 austro.
1275 3149 1371 3204 His
1420 3151 1725 3222 signiﬁcant
1771 3167 2021 3222 magnam
2065 3152 2241 3206 adhuc

684 3246 1082 3299 multitudinem
1115 3247 1165 3296 in
1202 3243 1475 3314 Babylone
1507 3260 1813 3307 remanere,
1844 3245 1914 3297 ita
1944 3253 2004 3298 ut
2037 3243 2242 3298 reditus

679 3339 800 3409 ejus
848 3338 1085 3408 Egyptii
1135 3337 1376 3390 ﬂuminis
1442 3337 1698 3390 decursui
1767 3337 1960 3390 similis
2011 3335 2241 3390 dicatur.

686 3432 886 3484 Auster
913 3430 1001 3483 hic
1030 3429 1303 3483 desertum
1336 3427 1553 3482 dicitur.

755 3523 808 3586 5,
862 3520 914 3575 6.
971 3521 1076 3587 Qui
1126 3522 1383 3574 seminant
1431 3521 1485 3572 in
1515 3518 1762 3588 lacrymis
1797 3518 1851 3570 in
1897 3517 2247 3571 exsultatione

686 3625 892 3667 metent.
925 3611 1120 3665 Euntes
1159 3613 1304 3665 ibant
1341 3620 1388 3664 et
1417 3611 1630 3679 ﬂebant.
1666 3609 2005 3679 Rogantibus
2035 3623 2133 3677 pro
2157 3623 2246 3662 re-

685 3705 866 3774 liquiis
896 3704 1254 3774 captivorum,
1289 3702 1579 3769 respondet
1607 3699 1840 3768 Spiritus
1880 3699 2245 3768 prolsheticus,

685 3805 740 3849 et
765 3796 879 3848 ait:
913 3794 967 3847 Si
1005 3793 1252 3847 ﬁeverint
1283 3808 1380 3862 pro
1411 3793 1478 3846 iis
1523 3791 1616 3860 qui
1651 3791 1705 3844 in
1752 3790 2023 3861 Babylone
2061 3805 2248 3861 super-

687 3893 836 3950 sunt,
871 3884 1077 3940 reditus
1115 3883 1222 3936 illis
1246 3883 1590 3938 concedetur.

849 4060 1125 4116 Canticum
1174 4063 1434 4133 graduum
1488 4061 1781 4118 Salomoni.
1837 4063 2095 4120 CXXVI.

1261 4154 1663 4224 Argumentum.

687 4246 945 4302 Octavum
975 4245 1189 4299 canitur
1226 4246 1497 4300 canticum
1531 4246 1693 4316 jactis
1721 4244 2086 4301 fundamentis
2116 4255 2251 4302 tem-

759 4337 856 4406 pli,
895 4334 1247 4405 sperantibus
1271 4332 1473 4390 Judaais
1500 4334 1616 4391 fore
1649 4347 1710 4391 ut
1736 4337 2024 4392 mdiﬁcium
2054 4339 2252 4394 immo-

760 4437 878 4480 tum
917 4442 1132 4495 semper
1177 4435 1440 4482 maneret.
1489 4428 1742 4484 Latenter
1787 4429 1952 4499 igitur
2001 4445 2253 4498 praenun-

770 4520 870 4573 tiat
899 4517 1141 4572 l‘nturum
1172 4518 1291 4587 ejus
1318 4519 1496 4572 denuo
1535 4520 1636 4574 sub
1666 4519 1927 4575 Romanis
1955 4520 2247 4574 excidium.
2275 4539 2326 4600 ι)

760 4610 1064 4678 Adjicitqne
1109 4609 1444 4678 prophetiam
1498 4611 1562 4664 de
1608 4609 1810 4665 Christi
1844 4610 2105 4666 Ecclesia.
2154 4610 2252 4665 Ca-

771 4702 921 4754 nitur
955 4715 1114 4769 porro
1146 4702 1459 4770 propltctiee
1485 4716 1513 4754 a
1552 4699 1860 4757 Salomone.
1895 4701 2048 4758 Sicut
2084 4703 2249 4757 etiam

775 4804 962 4844 revera
1011 4789 1178 4857 aliqui
1225 4790 1421 4858 psalmi
1476 4789 1753 4846 Zachariae
1806 4800 1934 4848 sunt
1965 4801 2018 4846 et
2045 4792 2245 4862 Aggaei.

773 4883 973 4938 Octava
1011 4893 1190 4936 autem
1218 4882 1342 4951 jure
1376 4881 1708 4954 intelligatur
1750 4899 1871 4940 esse
1922 4885 2249 4954 principium

773 4972 908 5028 Novi
953 4972 1305 5028 Testamenti.

761 5065 813 5120 l.
878 5064 1000 5119 Nisi
1054 5065 1308 5120 Dominus
1341 5067 1680 5136 aedificaverit
1713 5067 1947 5131 domum,
1980 5071 2037 5123 in
2059 5086 2253 5124 vanum

693 5159 1059 5213 laboraverunt
1083 5159 1172 5227 qui
1209 5159 1476 5223 aediﬁcant
1503 5177 1638 5213 eam.
1674 5159 1798 5214 Haec
1827 5158 2031 5217 Iudaeis
2060 5163 2157 5229 ait,
2187 5164 2255 5220 de

693 5252 947 5307 ﬁrmitate
973 5251 1186 5306 aediﬁcii
1215 5251 1301 5306 sui
1329 5252 1434 5305 alte
1470 5253 1850 5307 sentientibus.

762 5427 817 5481 5.
845 5427 978 5483 Cum
1001 5429 1202 5482 dederit
1219 5430 1427 5483 dilectis
1443 5431 1549 5484 suis
1566 5447 1824 5492 somnum,
1843 5448 1955 5486 ecce
1970 5432 2250 5488 hereditas

697 5519 929 5584 Domini,
960 5519 1081 5587 ﬁlii.
1114 5520 1231 5575 Alte
1258 5523 1323 5576 de
1366 5523 1566 5591 templo
1597 5523 1761 5576 nolite
1796 5524 2016 5590 sentire,
2055 5525 2250 5594 inquit,

696 5611 852 5680 quasi
889 5611 942 5663 in
978 5610 1070 5665 illo
1098 5612 1252 5666 vobis
1293 5615 1578 5668 limretlitas
1628 5616 1768 5672 datai
1804 5617 1894 5668 sit.
1939 5615 2140 5671 Verum
2187 5632 2249 5672 ea

777 5803 822 5834 ⁸⁵
874 5803 1024 5860 Vers.
1060 5807 1111 5860 5.
1195 5808 1236 5838 ⁸³
1292 5807 1519 5877 Philipp.
1588 5826 1656 5869 tv,
1695 5815 1742 5862 7.

2339 2604 2636 2675 ἀπέφηνεν.
2665 2605 2938 2668 Ἅπαντες
2967 2607 3073 2674 γὰρ
3102 2605 3198 2676 τὴν
3229 2605 3321 2658 τοῦ
3349 2603 3482 2659 Θεοῦ
3513 2601 3910 2676 μεγαλουργίαν

2340 2695 2735 2765 θαυμάζουσιν,
2780 2697 2861 2749 ὅτι
2892 2696 2988 2765 τῆς
3021 2699 3222 2767 πικρᾶς
3248 2697 3460 2765 ἐκείνης
3485 2698 3631 2766 ἡμᾶς
3673 2697 3910 2757 δουλείας

2338 2783 2647 2857 ἁπήλλαξελ
2675 2788 2767 2840 καὶ
2790 2789 2949 2857 ἡμεῖς
2977 2788 3157 2858 μέντοι
3182 2787 3414 2858 βοῶμεν,
3440 2789 3500 2840 οὐ
3526 2786 3636 2859 γὰρ
3663 2787 3910 2856 ἀναισθη-

2339 2877 2540 2945 τοῦμεν
2562 2917 2576 2938 ,
2613 2879 2661 2930 εί
2699 2879 2792 2930 καὶ
2829 2879 2902 2950 μὴ
2933 2879 3058 2943 τοὺς
3088 2879 3306 2943 λοιποὺς
3337 2879 3720 2950 ἀπειλήφαμεν
3739 2896 3750 2907 ’
3788 2879 3911 2947 περὶ

2337 2961 2411 3022 ὧν
2444 2969 2754 3040 ἱκετεύομεν
2776 2970 3024 3038 λέγοντες
3049 2985 3063 2999 ο
3103 2971 3526 3039 Ἐπίστρεψον,
3558 2973 3766 3039 Κύριε,
3801 2970 3912 3036 τὴν

2339 3064 2750 3132 αἰχμαλωσίαν
2797 3062 2966 3131 ἡμῶν
3010 3063 3090 3128 ὼς
3127 3063 3480 3132 χειμάρρους
3509 3063 3579 3115 ἐν
3625 3058 3707 3125 τῷ
3738 3063 3904 3128 νότῳ.

2343 3151 2567 3221 Δηλοῦσι
2596 3151 2656 3204 τὸ
2704 3152 2837 3204 πολὺ
2870 3151 3073 3220 πλῆθος
3107 3155 3459 3224 ὲναπομείναν
3506 3154 3564 3205 ὲν
3608 3152 3908 3214 Βαϐυλῶνι,

2341 3243 2416 3306 ὡς
2445 3244 2538 3296 καὶ
2563 3244 2662 3314 τὴν
2693 3242 3024 3314 ἐπιστροφὴν
3073 3242 3236 3295 αὑτοῦ
3257 3285 3271 3309 ,
3323 3244 3679 3315 παρεικάζσιν
3721 3245 3911 3305 αὐτοὺς

2343 3333 2419 3404 τῷ
2448 3333 2680 3404 ῥεύματι
2709 3334 2804 3387 τοῦ
2835 3333 3133 3402 Αἰγυπτίου
3167 3334 3434 3405 ποταμοῦ.
3483 3335 3653 3388 Νότον
3681 3337 3790 3407 γὰρ
3817 3338 3912 3405 τὴν

2344 3425 2547 3496 ἔρημόν
2580 3443 2763 3496 φησιν.

2421 3520 2484 3570 Ol
2516 3518 2863 3585 σπείροντες
2891 3517 2961 3569 ἐν
2990 3517 3113 3583 τοῖς
3137 3517 3433 3587 δάκρυσιν
3462 3517 3533 3571 ἐν
3559 3518 3912 3586 ἀγαλλιάσει

2346 3607 2627 3675 θεριοῦσι.
2692 3607 3083 3676 Πορευόμενοι
3124 3609 3478 3677 ἐπορεύοντο
3517 3609 3615 3663 καὶ
3647 3610 3910 3664 ἔκλαιον.

2347 3699 2472 3762 Τοῖς
2520 3697 2834 3768 εὐξαμένοις
2880 3698 3006 3768 περὶ
3050 3698 3157 3751 τῶν
3194 3698 3537 3752 καταλοίπων
3562 3700 3912 3771 ἀποκρὲνεται

2345 3787 2406 3840 τὸ
2432 3789 2766 3860 προφητικὸν
2794 3787 3035 3857 Πνεῦμα,
3066 3788 3162 3843 καί
3187 3805 3369 3861 φησιν,
3396 3789 3502 3852 ὅτι,
3534 3789 3596 3841 ΕΙ
3623 3790 3915 3844 κλαύσαιεν

2348 3879 2487 3948 ὑπὲρ
2537 3877 2645 3930 τῶν
2695 3881 2753 3931 ἐν
2815 3878 3123 3946 Βαϐυλῶνι,
3182 3879 3330 3932 ἔσται
3376 3880 3469 3933 καὶ
3494 3880 3680 3946 αὐτοῖς
3712 3885 3746 3953 ὴ
3797 3884 3912 3936 ἐπι·

2350 3972 2556 4044 στροφὴ
2569 4013 2581 4025 .

2436 4062 2573 4132 ’ῼδὴ
2609 4061 2726 4116 τῶν
2753 4062 3108 4132 ἀναϐαθμῶν
3134 4061 3213 4128 τῷ
3241 4063 3563 4134 Σολομῶνι.
3623 4065 3783 4131 ρκς
3814 4101 3832 4118 .

2963 4155 2978 4175 ⁹
2989 4156 3270 4221 Υπόθεσις

2361 4247 2429 4300 'H
2458 4246 2617 4318 ὀγδόη
2643 4246 2826 4320 ᾄδεται
2859 4247 2988 4320 ᾠδὴ,
3017 4247 3508 4318 καταϐεϐλημένων
3539 4247 3640 4318 ἤδη
3695 4247 3806 4302 τῶν
3833 4248 3918 4301 0s-

2421 4338 2619 4410 μελίων
2664 4339 2758 4394 τοῦ
2807 4340 2953 4412 ἱεροῦ
2980 4357 2992 4371 ·
3027 4339 3353 4404 ἐλπιζόντων
3387 4339 3726 4393 ἁδιάσειστον
3779 4334 3916 4393 εἶναι

2417 4428 2480 4483 τὸ
2510 4429 2786 4500 τείχισμα.
2829 4428 3143 4500 Δεληθότως
3180 4422 3271 4481 οῦν
3305 4425 3636 4498 προφητεύει
3666 4425 3767 4497 τὴν
3799 4427 3918 4478 ἐσο-

2423 4519 2591 4589 μένην
2625 4519 2789 4572 αὑτοῦ
2830 4519 3035 4573 πτῶσιν
3064 4518 3223 4571 πάλιν
3253 4517 3344 4570 ἐπὶ
3374 4517 3471 4587 τῆς
3507 4515 3793 4586 Ῥωμαίων
3822 4516 3916 4584 ἀρ-

2421 4609 2543 4680 χῆς.
2590 4609 2858 4661 Συνάπτει
2884 4608 2942 4661 δὲ
2987 4609 3082 4661 καὶ
3127 4606 3457 4678 προφητείαν
3499 4606 3754 4677 περὶτῆς
3785 4604 3916 4677 Χρυ-

2424 4700 2550 4756 στοῦ
2589 4701 2930 4771 Ἑκκλησίαςυ
2970 4700 3188 4771 ’ᾼδεται
3216 4693 3284 4752 δὲ’
3304 4697 3655 4769 προφητικῶς
3682 4698 3788 4751 ὑπὸ
3822 4697 3916 4752 τοῦ

2422 4792 2756 4864 Σολομῶνος·
2811 4792 3060 4863 καθάπερ
3120 4791 3308 4862 ἀμέλει
3354 4790 3447 4843 καὶ
3491 4790 3758 4861 Ζαχαρίου
3812 4789 3915 4842 εἰσὶ

2422 4883 2626 4952 ψαλμοὶ
2651 4884 2740 4936 καὶ
2777 4882 3048 4951 Ἀγγαίου.
3123 4882 3189 4936 Ἦ
3218 4881 3275 4934 δὲ
3317 4878 3476 4950 ὀγδόη
3523 4880 3748 4943 εἰκότως
3776 4877 3916 4949 ἀρχὴ

2422 4975 2520 5047 τῆς
2549 4975 2692 5038 Νέας
2719 4976 3008 5046 Διαθήκης.

2433 5066 2574 5121 Ἐὰν
2599 5067 2684 5136 μὴ
2720 5069 2931 5136 Κύριος
2958 5063 3324 5135 οὶκοδομήσῃ
3355 5078 3557 5129 οικον,
3587 5066 3674 5131 είς
3720 5061 3920 5132 μάτην

2349 5156 2680 5213 ἐκοπίασαν
2706 5162 2759 5211 ol
2786 5157 3250 5227 οἰκοδομοῦντες.
3281 5157 3366 5220 Ὦς
3399 5157 3539 5228 μέγα
3582 5153 3918 5226 φρονούντων

2347 5248 2456 5301 τῶν
2496 5250 2764 5303 Ἰουδαίων
2822 5250 2914 5302 ἐπὶ
2950 5249 3030 5318 τῷ
3069 5247 3272 5319 στερεῷ
3322 5249 3422 5318 τῆς
3472 5245 3791 5316 οἰκοδομῆς.
3850 5244 3920 5298 τὰ

2348 5337 2567 5392 τοιαῦτά
2588 5355 2768 5407 φησιν.

2429 5429 2614 5481 Ὅταν
2645 5427 2729 5493 δῷ
2761 5428 2884 5494 τοῖς
2930 5427 3255 5499 ἀταπητοις
3290 5427 3476 5483 αὐτοῦ
3525 5428 3744 5488 ὕπνον,
3789 5421 3918 5478 ἰδοὺ

2358 5520 2399 5588 ἡ
2425 5520 2786 5588 κληρονομία
2833 5521 3052 5587 Κυρίου
3078 5559 3094 5582 .
3147 5521 3286 5574 υίοί.
3334 5519 3423 5589 Μὴ
3460 5517 3598 5587 μέγα
3648 5519 3916 5586 φρονεῖτε,

2360 5613 2524 5684 φησὶν
2547 5652 2562 5676 ,
2592 5612 2683 5665 ἐπὶ
2728 5611 2806 5683 τῷ
2837 5611 2969 5682 ίερῷ
2992 5651 3007 5676 ,
3044 5611 3119 5675 ὡς
3166 5613 3223 5666 ὲν
3249 5610 3394 5683 αὺτῷ
3425 5610 3521 5681 τῆς
3557 5608 3920 5680 κληρονομίας
