4058 6452
181 393 283 448 517

1270 384 1632 443 EXPOSITIO
1666 383 1735 436 IN
1776 382 2112 437 I’SALMUM
2153 381 2387 436 CXXIX.

3320 374 3421 431 518

179 510 338 582 ὑμῶν
358 509 658 579 διδομένης.
695 507 768 560 Ού
803 506 910 578 γάρ
933 507 1077 559 ἐστιν
1109 503 1265 576 αῦτη.
1316 505 1455 558 Ἀλλ’
1478 506 1604 558 ὃταν
1625 504 1752 558 ἀνα-

1862 502 2140 557 litercditas
2185 515 2310 553 vere
2340 514 2445 551 non
2491 508 2594 552 est.
2635 499 2703 549 At
2748 512 2871 550 cum
2904 495 3131 551 dilectos
3176 507 3306 546 suos
3357 507 3424 544 ex

179 601 365 672 παύσῃ
415 602 538 662 τοὺς
589 599 971 669 ἡγαπημένους
1024 597 1185 650 αὑτοῦ
1242 599 1306 650 ἐκ
1339 597 1433 650 τοῦ
1487 596 1751 669 προτέρου

177 693 352 758 λαοῦ,
400 692 643 744 τουτέστι
694 693 818 752 τοὺς
871 692 1186 761 προφήτας·
1223 689 1342 742 τότε
1390 692 1500 751 τοῖς
1545 689 1751 741 ἐκείνου

179 783 322 837 υἱέσι
356 784 454 852 τὴν
485 781 843 852 κληρονομίαν
870 780 1046 834 δώσει,
1108 779 1262 842 Τίνες
1285 780 1327 830 δ’
1351 778 1415 830 ἂν
1450 777 1558 830 εἷεν
1607 772 1751 830 οῦτοι

175 873 213 944 ἢ
246 876 297 928 οἱ
331 874 606 945 poemati;
644 873 850 942 (Cord.)
898 875 959 924 ἸΙ
995 873 1102 941 γὰρ
1132 872 1250 924 θεία
1306 872 1625 940 ὑπόσχεσις,
1658 869 1751 922 καὶ

179 968 213 1035 ἡ
237 967 367 1035 περὶ
390 968 515 1028 τοὺς
546 965 736 1026 παῖδας
767 964 1003 1031 εὐλογία,
1038 964 1284 1034 καθάπερ
1312 981 1392 1025 τις
1424 963 1609 1033 μισθὸς
1641 965 1751 1024 τοῖς

179 1057 269 1108 ἐπ’
305 1057 466 1110 αὐτὸν
498 1057 750 1126 ὴλπικόσι
783 1055 1098 1125 δεδώρηται.
1142 1056 1202 1106 '0
1227 1057 1442 1124 μισθὸς
1472 1056 1578 1108 τοῦ
1618 1072 1753 1121 καρ-

179 1147 301 1200 ποῦ
350 1146 462 1216 τῆς
501 1149 778 1216 γαστρός.
848 1147 906 1198 'O
937 1146 1144 1214 καρπὸς
1173 1146 1272 1214 τῆς
1301 1147 1534 1217 γαστρὸς
1565 1146 1648 1216 εἴη
1687 1147 1753 1200 ἂν

180 1240 215 1308 ἡ
252 1240 495 1309 σωτηρία
548 1239 640 1291 τοῦ
677 1237 1004 1308 πνεύματος,
1030 1239 1168 1288 κατᾷ
1205 1237 1292 1289 τόο
1361 1236 1754 1306 Ὠδινήσαμεν

181 1329 281 1381 καὶ
328 1330 606 1397 ἐτέκομεν
636 1329 869 1397 πνεῦμα
915 1328 1249 1395 σωτηρίας,
1311 1326 1340 1379 ὃ
1382 1327 1754 1395 ἐποιήσαμεν

177 1417 280 1472 ἐπὶ
311 1417 422 1486 τῆς
448 1418 577 1489 γῆς.
628 1419 830 1472 Τούτου
864 1416 953 1468 τοῦ
984 1417 1195 1487 καρποῦ
1235 1416 1420 1487 μισθὸς
1446 1416 1631 1486 ὥσπερ
1657 1417 1750 1468 καὶ

266 1509 426 1564 Ὧσεὶ
476 1511 633 1578 ,ϐέλη
685 1512 755 1563 ἐν
807 1513 952 1580 χειρὶ
1002 1512 1295 1574 δυνατοῦ,
1328 1511 1513 1573 οὕτως
1555 1513 1606 1562 el
1633 1509 1747 1561 t'lol

179 1599 305 1654 τῶν
336 1601 855 1670 ἑκτετιναγγιένων.
894 1602 1404 1672 Ἐκτετιναγμένους
1434 1602 1556 1664 τοὺς
1584 1602 1756 1671 ἀπορ-

183 1694 444 1762 ριφέντας
469 1696 599 1764 φησὶ
623 1695 714 1747 τοῦ
750 1697 1012 1766 προτέρου
1035 1695 1162 1748 λαοῦ
1189 1711 1201 1723 ⁸
1231 1688 1305 1748 ὧν
1337 1696 1385 1746 οἱ
1424 1696 1529 1746 υἱοὶ
1553 1735 1566 1757 ,
1603 1711 1757 1746 τουτ-

182 1786 331 1838 έστιν
360 1787 409 1838 οἱ
442 1788 753 1855 ἀπόστολοι,
784 1790 1036 1857 γεγόνασι
1072 1788 1197 1859 βέλη
1235 1787 1327 1840 τοῦ
1357 1786 1603 1839 δυνατοῦ.
1676 1786 1751 1838 Δι’

181 1878 364 1929 αὐτῶν
393 1881 489 1942 τὰς
517 1881 892 1951 ἀντικειμένας
920 1882 1175 1950 δυνάμεις
1207 1879 1612 1945 κατετόξευσεν.

257 1971 553 2039 Μακάριος
583 1973 649 2039 ὃς
676 1973 973 2040 πληρώσει
1004 1973 1117 2040 τὴν
1141 1973 1456 2041 ἐπιθυμίαν
1480 1971 1663 2025 αὑτοῦ
1687 1969 1754 2034 ἐξ

180 2058 403 2113 αὐτῶν.
477 2063 563 2127 Ἐξ
600 2063 774 2115 αὐτῶν
807 2063 1096 2132 μακαρίζει
1134 2065 1259 2126 τοὺς
1293 2065 1356 2115 ἐκ
1379 2064 1474 2131 τῆς
1503 2062 1756 2113 διδασκα-

181 2150 306 2214 λίας
352 2152 886 2224 ὼφεληθησομένους.
977 2157 1058 2207 Οὐ
1113 2152 1755 2222 καταισχυνθήσονται,

181 2241 332 2294 ὅταν
386 2243 618 2297 λαλῶσι
687 2245 810 2311 τοῖς
859 2244 1093 2314 ἐχθροῖς
1140 2243 1338 2297 αὐτῶν
1389 2244 1460 2296 ἐν
1513 2244 1754 2308 πύλαις.

184 2332 383 2404 Σαφῶς
409 2335 506 2407 τὴν
533 2337 833 2406 παρουσίαν
859 2337 951 2389 τοῦ
982 2335 1332 2407 κηρύγματος
1358 2334 1526 2403 δηλοῖ.

514 2428 653 2498 ’ῼόὴ
685 2428 802 2481 τῶν
834 2425 1206 2496 ἀναϐαθμῶν.
1259 2428 1437 2479 PKZ’.

804 2524 817 2542 '
831 2525 1137 2587 Υπόθεσις.

194 2616 262 2667 'H
298 2615 489 2683 ὲννάτη
515 2612 626 2684 ᾠδὴ
661 2613 952 2685 μακαρίζει
979 2613 1069 2666 τὸν
1111 2611 1471 2683 προσελθόντα
1507 2608 1586 2680 τῷ
1612 2609 1760 2680 φόϐῳ

269 2704 360 2757 τοῦ
387 2704 542 2757 Θεοῦ.
576 2704 814 2768 Εἰκότως
835 2705 891 2757 δὲ
923 2704 1065 2776 μετά
1085 2705 1180 2775 τὴν
1209 2702 1474 2768 ἀνάδειξιν
1504 2705 1611 2757 τῶν
1635 2704 1762 2756 ἀπο-

269 2796 470 2850 στόλων
507 2796 796 2868 μακαρίζει
828 2799 954 2860 τοὺς
981 2797 1390 2860 πιστεύσαντας.

259 2975 542 3043 Μακάριοι
579 2975 800 3042 πάντες
826 2979 879 3030 οἱ
907 2978 1258 3046 φοϐούμενοι
1284 2977 1390 3031 τὸν
1417 2979 1652 3047 Κύριον.

274 3068 344 3120 Ἡ
364 3065 517 3136 γυνή
545 3083 660 3119 σου
686 3067 766 3131 ὡς
788 3067 1054 3135 ἄμπελος
1073 3067 1433 3134 εὑθηνοῦσα.
1461 3068 1551 3137 Τῷ
1572 3067 1762 3135 φοϐου-

192 3158 341 3228 μένῳ
364 3157 454 3210 τὸν
478 3156 680 3227 Κύριον
714 3157 884 3227 δῶρον
917 3157 1111 3210 δίδοται
1154 3158 1250 3228 οὐχ
1283 3160 1314 3228 ἡ
1339 3157 1573 3228 τυχοῦσα
1601 3158 1759 3229 γυνὴ,

1855 595 2035 662 priore
2067 593 2268 661 populo
2302 589 2638 658 requiescere
2669 586 2875 653 fecerit,
2905 587 2957 640 id
2983 595 3064 640 est
3097 584 3417 653 prophetas,

1855 696 1988 740 tunc
2039 687 2164 738 Iiliis
2226 685 2341 737 suis
2388 683 2753 736 Itan-rditalt-m
2804 681 3031 733 daturus
3075 686 3178 732 est.
3224 675 3425 743 Ecqui-

1855 794 1979 830 num
2040 778 2074 830 ii
2103 776 2322 839 fuerint,
2356 775 2454 827 nisi
2491 773 2789 842 discipuli?
2825 768 3196 840 ((ῖοι·ι1.)Ν;ιιιι
3241 768 3424 819 divina

1857 869 2174 938 promissio,
2214 878 2266 920 et
2318 882 2610 935 puerorum
2665 864 2986 928 benedictio,
3046 878 3144 914 ceu
3179 860 3423 928 qnzedam

1858 975 2069 1013 merces
2099 958 2447 1027 Sperantibns
2490 958 2541 1009 in
2590 972 2713 1009 eum
2758 956 2880 1008 data
2912 962 3012 1007 est.
3065 952 3262 1004 Merces
3313 949 3428 1016 fru-

1859 1063 1970 1106 ctus
2009 1053 2219 1105 ventris.
2286 1049 2518 1104 Fructus
2575 1049 2778 1100 ventris
2829 1057 2910 1100 est
2971 1047 3120 1099 salus
3175 1042 3426 1108 spiritus.

1853 1146 2009 1215 juxta
2060 1146 2236 1197 illud:
2290 1143 2679 1196 I’arttu'irimus
2740 1149 2787 1192 et
2840 1141 3129 1208 peperimus
3182 1135 3429 1202 spiritum

1859 1238 2071 1302 salutis,
2113 1253 2262 1305 quem
2320 1236 2536 1302 fecimus
2569 1235 2622 1286 in
2659 1244 2798 1284 terra
2831 1231 2894 1283 ⁸³.
2936 1229 3169 1292 ΙΙιιζιιεςιξ
3220 1227 3429 1276 l'rnctus

1860 1345 2090 1390 merces,
2121 1338 2176 1380 ιιι
2202 1335 2254 1381 et
2285 1327 2575 1379 luet-editas
2603 1327 2842 1387 dabitur,
2883 1323 3092 1377 scilicet
3115 1317 3355 1386 adoptio.

1782 1418 2113 1490 κληρονομία
2141 1419 2421 1488 δοθήσεται
2446 1419 2476 1485 ἠ
2511 1417 2766 1468 υἱοθεσία.

1929 1513 1982 1565 4.
2049 1511 2198 1566 Sicut
2249 1511 2456 1579 sagitta:
2487 1510 2538 1560 in
2592 1506 3021 1574 tnanupotcntis,
3059 1505 3134 1555 ita
3183 1502 3283 1570 ﬁlii
3335 1516 3431 1553 ear-

1861 1619 2150 1656 russorum.
2218 1601 2489 1655 Excussiis
2545 1609 2703 1653 vocat
2750 1615 2843 1651 eos
2892 1614 2956 1651 ex
3008 1612 3185 1665 priore
3236 1594 3435 1662 populo

1858 1697 1949 1766 qui
2005 1695 2200 1763 alijecti
2259 1703 2404 1748 sunt.
2461 1691 2703 1756 Quorum
2768 1691 2882 1751 lilii,
2920 1690 3126 1744 scilicet
3178 1687 3431 1755 apostoli,

1860 1787 2009 1840 fuere
2037 1787 2245 1846 sagittae
2279 1785 2530 1853 potentis.
2575 1783 2730 1834 "lSt'C
2771 1783 2916 1834 enim
2953 1780 3297 1833 adversar-ias
3330 1793 3432 1847 po-

1860 1887 2082 1932 testates
2117 1877 2271 1946 quasi
2314 1876 2530 1946 sagittis
2575 1875 2832 1930 confecit.

1927 1969 1979 2021 5.
2031 1968 2224 2020 Beatus
2273 1971 2352 2019 uir
2397 1968 2485 2036 qui
2531 1967 2760 2033 implevit
2801 1965 3118 2018 desiderium
3163 1982 3318 2019 suum
3369 1983 3433 2020 ea:

1854 2058 2001 2126 ipsis.
2029 2056 2222 2112 Beatos
2246 2057 2503 2125 prmdieat
2531 2073 2624 2108 eos
2652 2055 2744 2124 qui
2775 2070 2839 2108 ex
2862 2055 3108 2107 doctrinm
3141 2057 3432 2110 utilitatem

1856 2148 2172 2217 percipient.
2209 2145 2330 2198 Non
2363 2146 2750 2214 confundantur
2791 2161 2909 2196 cum
2939 2144 3218 2212 loquentur
3259 2147 3434 2198 inimi-

1857 2241 1931 2294 cis
1957 2242 2068 2293 suis
2114 2241 2171 2292 in
2215 2242 2404 2308 portis.
2457 2239 2656 2308 Aperte
2702 2237 3106 2307 praedicationis
3135 2236 3430 2291 adventuu:

1859 2332 2149 2404 significat.

2174 2421 2452 2477 Canticum
2503 2421 2785 2491 graduum.
2820 2418 2970 2475 CXX
2986 2418 3098 2473 VII

2445 2515 2845 2583 Argumentum.

1858 2605 2072 2661 Nonum
2100 2606 2374 2661 canticum
2404 2606 2621 2660 beatum
2651 2605 2911 2674 pradicet
2937 2619 3062 2659 eum
3104 2603 3196 2673 qui
3230 2604 3441 2659 accedit

1932 2697 1998 2752 ad
2033 2698 2284 2751 timorem
2317 2697 2429 2749 Dei.
2460 2694 2591 2750 Jure
2622 2705 2808 2750 autem
2849 2706 3135 2766 postquam
3162 2698 3440 2766 apostolos

1935 2787 2150 2842 futuros
2179 2788 2497 2855 declaravit,
2529 2788 2719 2842 beatos
2748 2788 3011 2857 pradicat
3042 2803 3139 2842 eos
3182 2790 3277 2859 qui
3321 2805 3441 2844 crc-

1932 2881 2208 2936 diderunt.

1933 2973 1985 3026 1.
2043 2971 2197 3025 Beati
2240 2989 2415 3025 omnes
2462 2973 2550 3044 qui
2596 2972 2780 3026 timent
2829 2970 3136 3028 Dominum.

1932 3064 1984 3116 5.
2042 3061 2187 3116 Uer
2218 3073 2311 3116 tua
2339 3065 2477 3117 sicut
2509 3065 2629 3116 vitis
2671 3065 2966 3118 abundans.
3007 3064 3240 3120 Timenti
3273 3065 3441 3121 Deum

1867 3154 2009 3208 dono
2036 3155 2197 3208 datur
2254 3169 2363 3208 non
2420 3156 2624 3225 qumvis
2681 3155 2899 3221 mulier,
2956 3157 3048 3209 sed
3102 3172 3225 3225 qua:
3284 3158 3444 3212 bonis

189 3250 307 3302 ἀλλ’
331 3252 363 3320 ὴ
391 3252 618 3320 καρποῖς
640 3250 862 3318 ἀγαθοῖς
890 3250 1300 3321 κεκοσμημένη.
1333 3249 1474 3320 Γυνὴ
1499 3249 1606 3321 γὰρ
1631 3251 1758 3318 ἀγα-

1869 3246 2138 3303 fructibus
2199 3257 2390 3302 ornata
2456 3248 2547 3304 sit.
2605 3245 2741 3300 Nam
2803 3251 2943 3302 bona
3001 3250 3233 3312 mulier,
3300 3250 3443 3304 bona

192 3340 261 3409 0i;-
294 3341 450 3411 μερὶς
479 3339 678 3411 ἀγαθή.

263 3429 374 3482 Καὶ
431 3429 583 3496 τδοις
631 3431 703 3484 τὰ
748 3428 938 3500 ἁγαθά
994 3426 1389 3495 Ἰερουσαλὴμ
1428 3427 1630 3493 πάσας
1661 3427 1768 3493 τὰς

189 3523 420 3592 ἡμέρας
468 3523 578 3590 τῆς
629 3521 776 3588 ζωῆς
831 3536 969 3577 σου.
1032 3521 1112 3574 Td:
1160 3520 1324 3590 νοητά
1380 3518 1651 3590 δηλονότι·
1697 3521 1766 3573 Ἀ

194 3612 504 3687 ὀφθαλμὸς
540 3614 652 3665 οὐκ
687 3608 829 3675 οἶδε,
854 3611 1040 3665 καὶτὰ
1078 3611 1222 3680 ἑξῆς.

266 3703 371 3757 Kal
411 3703 558 3767 ἴδοις
590 3701 770 3769 υἱοὺς⁹
785 3701 902 3754 τῶν
941 3698 1087 3756 υἱῶν
1111 3718 1226 3755 σου
1245 3741 1260 3766 ,
1290 3698 1496 3770 εἰρήνη
1542 3698 1639 3753 ἐπὶ
1665 3698 1772 3753 τὸν

208 3796 477 3860 Ἰσραηλ.
511 3793 620 3857 Tit;
652 3792 982 3861 ἐπαγγελίας
1020 3793 1185 3860 λέγει.
1249 3792 1457 3864 Ὥσπερ
1490 3789 1597 3862 γὰρ
1625 3789 1773 3861 πρῶ-

193 3904 280 3938 τοι
315 3886 515 3956 καρποῖ¹
549 3886 646 3955 τῆς
681 3883 959 3953 Θεοφιλοῦς
996 3883 1170 3953 ψυχῆς
1211 3883 1314 3934 εἰσι
1342 3883 1410 3935 τά
1436 3883 1769 3953 γεννήματα,

195 3977 373 4041 οὕτως
408 3977 501 4030 καὶ
536 3977 776 4046 δεύτεροι
809 3977 862 4027 αἱ
900 3973 1240 4042 ἐπαγγελίαι.

531 4068 668 4137 ’ῼδὴ
703 4067 819 4121 τῶν
849 4065 1218 4135 ἀναϐαθμῶν.
1273 4067 1455 4120 ΡΚΗ’.

828 4156 841 4174 '
855 4156 1163 4222 Υπόθεσις.

211 4252 280 4306 Ἦ
305 4251 507 4321 δεκάτη
532 4248 641 4321 ᾠδὴ
668 4249 793 4313 τοὺς
821 4248 1046 4312 πολλοὺς
1095 4248 1364 4320 διωγμοὺς
1412 4249 1491 4320 τῷ
1541 4248 1776 4321 Χριστοῦ

275 4340 390 4413 λαῷ
423 4342 758 4405 ἐκδιδάσκει,
810 4339 904 4394 καὶ
953 4338 1141 4411 ὥσπερ
1179 4340 1357 4394 πάντα
1402 4340 1777 4412 ὑπερπηδήσει

275 4433 538 4506 κρείττων
562 4433 649 4486 ἀεὶ
667 4432 775 4486 τῶν
803 4431 1254 4486 ἐπιϐουλευόντων
1283 4432 1591 4503 γενόμενος.
1643 4431 1780 4486 Τοῦ-

273 4527 334 4582 τό
361 4543 493 4598 φησι
526 4525 612 4579 διά
631 4525 690 4578 τὸ
722 4526 815 4579 ἀπ’
836 4525 1008 4597 ἀρχῆς
1037 4524 1131 4578 τοῦ
1153 4526 1505 4598 κηρύγματος
1527 4525 1777 4595 γενέσθαι

275 4620 401 4683 τοὺς
435 4615 726 4688 διωγμούς.

278 4708 608 4775 Πλεονάκις
662 4706 1051 4777 ἐπολέμησιϋ
1089 4723 1167 4778 με
1202 4745 1217 4761 .
1253 4746 1268 4761 .
1311 4746 1326 4763 .
1361 4748 1378 4763 .
1423 4709 1638 4779 Κύριος
1690 4707 1778 4761 δί-

203 4819 374 4868 καιος
419 4801 784 4870 συνέτριψεν
828 4798 1091 4868 αὐχένας
1139 4799 1522 4868 ἁμαρτωλῶν.
1571 4800 1778 4864 Πάντες

205 4894 320 4964 γὰρ
345 4894 394 4946 οἱ
422 4890 709 4956 διώξαντες
735 4889 892 4944 κακοὶ
926 4889 1108 4953 κακῶς
1135 4888 1483 4944 ἀπολοῦνται.

539 4983 679 5054 ’ῼδὴ
711 4982 828 5036 τῶν
864 4981 1231 5051 ἀναϐαθμῶν.
1268 4983 1444 5038 PKG’.

838 5075 851 5092 '
865 5075 1173 5139 Υπόθεσις.

219 5167 292 5221 Ἦ
326 5165 587 5236 ἑνδεκάτη
601 5164 712 5237 ᾠδὴ
745 5165 909 5237 εὐχὴν
930 5165 1171 5237 περιέχει
1194 5164 1504 5237 μαρτύρων,
1532 5167 1626 5220 καὶ
1646 5165 1785 5220 διδα-

288 5259 509 5312 σκαλίαν
559 5258 992 5327 ἐξομολογήσεως
1037 5255 1113 5327 τῷ
1146 5257 1252 5328 νέῳ
1298 5256 1429 5328 λαῷ.
1483 5257 1678 5328 Σαφῶς
1726 5257 1785 5311 δὲ

286 5351 490 5424 ἀρετῆς
537 5351 760 5422 ἱλασμὸν
807 5350 1092 5420 κηρύσσει,
1124 5350 1182 5412 ὃς
1233 5353 1350 5404 ἐστι
1395 5351 1650 5422 Χριστός.
1683 5351 1787 5404 Πε-

286 5445 344 5515 ρὶ
373 5442 536 5497 αὑτοῦ
566 5427 673 5513 γὰρ
706 5443 949 5515 εἴρηται·
989 5445 1099 5498 Καὶ
1131 5443 1312 5510 αὐτὸς
1352 5445 1608 5512 ἱλασμός
1654 5444 1788 5499 ἐστι

289 5538 428 5607 περὶ
450 5535 568 5592 τῶν
588 5537 887 5607 ἁμαρτιῶν
913 5537 1101 5607 ἡμῶν.

303 5628 409 5686 Ἕκ
427 5630 663 5694 ,ϐαθέων
690 5629 985 5699 ὲξέκραξά
1021 5643 1158 5695 σοι,
1193 5630 1369 5697 Κύριε
1401 5669 1413 5683 .
1454 5672 1465 5684 .
1501 5669 1514 5683 .
1551 5671 1565 5685 .
1605 5673 1620 5687 .
1662 5670 1676 5683 .
1712 5670 1726 5683 .
1764 5665 1785 5686 .

311 5804 364 5842 ⁸⁵
407 5805 506 5863 lsa.
564 5825 710 5878 sxw,
755 5809 839 5865 18.
947 5813 991 5844 ⁸³
1042 5811 1058 5864 I
1109 5810 1234 5866 Cor.
1291 5826 1360 5877 ιι,
1412 5814 1464 5867 9.

1806 4595 1852 4651 Ι)

1869 3339 2072 3408 portio.

1939 3430 1992 3484 5.
2028 3429 2097 3482 Et
2138 3431 2316 3484 uideas
2346 3430 2481 3483 bona
2502 3429 2801 3485 Jerusalem
2843 3433 3084 3485 omnibus
3113 3434 3297 3487 diebus
3327 3434 3456 3488 vita!

1870 3532 1994 3576 tute.
2039 3519 2352 3591 Spiritualia
2403 3522 2612 3578 scilicet
2640 3523 2804 3587 bona,
2849 3539 2967 3592 quis
2996 3523 3181 3577 oculus
3216 3540 3317 3577 non
3369 3527 3448 3578 ei-

1868 3614 1948 3667 dit
1987 3613 2033 3645 ⁸⁸
2052 3656 2066 3679 ,
2108 3623 2213 3669 etc.

1942 3705 1994 3759 6.
2037 3705 2107 3759 Et
2131 3707 2304 3761 videas
2357 3705 2498 3775 ﬁlios
2553 3706 2788 3776 ﬁliorum
2833 3715 3065 3772 tuorum,
3135 3724 3241 3773 pax
3292 3725 3448 3777 super

1873 3797 2067 3853 Israel.
2098 3797 2499 3854 Promissiones
2528 3799 2681 3854 dicit.
2710 3798 2862 3853 Sicut
2883 3800 3026 3853 enim
3051 3799 3210 3868 primi
3239 3800 3449 3853 fructus

1871 3889 2068 3942 anima:
2091 3903 2218 3957 erga
2241 3887 2412 3941 Deum
2444 3889 2713 3956 religiosae
2741 3896 2870 3943 sunt
2893 3885 3034 3941 fetus
3077 3887 3217 3956 ejus,
3251 3886 3332 3942 sic
3358 3900 3449 3939 se-

1875 3981 2040 4035 cundi
2066 3989 2194 4035 sunt
2224 3979 2634 4048 promissiones.

2149 4068 2427 4125 Canticum
2485 4061 2768 4138 graduum.
2834 4067 2984 4122 CXX
2997 4066 3072 4121 Vl
3080 4066 3144 4122 11
3151 4108 3166 4121 .

2467 4163 2867 4231 Argumentum.

1876 4256 2160 4313 Decimum
2201 4253 2474 4309 canticum
2531 4253 2702 4306 multa
2756 4251 3198 4321 persecutionum
3253 4262 3452 4320 genere

1935 4348 2141 4404 Christi
2191 4347 2446 4417 populum
2483 4345 2696 4409 edocet,
2719 4351 2773 4396 et
2799 4358 2910 4412 quo
2943 4352 3103 4412 pacto
3140 4341 3326 4394 omnia
3355 4357 3452 4394 su-

1948 4449 2238 4512 peraturus
2265 4440 2356 4504 sit,
2387 4435 2802 4491 insidiatoribus
2842 4448 3057 4502 semper
3089 4432 3340 4500 superior
3367 4430 3451 4485 et"-

1949 4532 2142 4588 fectus.
2176 4529 2292 4583 Hoc
2319 4539 2499 4583 autem
2533 4528 2609 4581 ait
2636 4527 2762 4598 quia
2795 4527 2864 4581 ab
2909 4526 3066 4580 initio
3112 4523 3455 4595 pi'azdicatio-

1951 4625 2037 4680 nis
2068 4621 2474 4693 persecutiones
2507 4620 2750 4674 fuerunt.

1950 4716 2076 4782 4,4.
2116 4713 2264 4784 Saepe
2301 4719 2725 4784 expugnaverunt
2773 4725 2945 4764 me....
2987 4706 3243 4760 Dominus
3273 4705 3457 4775 justus

1879 4808 2121 4864 contrivit
2167 4808 2385 4860 cervices
2425 4816 2774 4874 peccatorum.
2807 4800 2944 4856 Nam
2974 4813 3167 4854 omnes
3204 4798 3300 4866 qui
3340 4811 3460 4865 per-

1880 4900 2053 4956 secuti
2083 4906 2212 4954 sunt
2239 4899 2364 4952 mali
2395 4897 2534 4951 male
2566 4895 2839 4962 peribunt.

2229 4988 2505 5046 Canticum
2535 4989 2816 5059 graduum.
2844 4982 3106 5041 CXXIX.

2470 5080 2872 5149 Argumentum.

1889 5172 2245 5229 Undecimum
2263 5173 2533 5229 canticum
2562 5171 2863 5226 orationem
2900 5164 3279 5236 complectitur
3317 5179 3465 5218 mar-

1961 5275 2136 5338 tyrum
2165 5274 2220 5321 et
2243 5264 2544 5320 doctrinam
2577 5262 2940 5318 confessionis
2969 5273 3111 5313 novo
3142 5256 3343 5328 populo
3366 5256 3464 5310 da-

1962 5368 2091 5417 tam.
2126 5357 2282 5413 Clare
2315 5366 2496 5411 autem
2524 5357 2744 5410 virtutis
2779 5353 3220 5425 propinationem
3261 5346 3463 5418 praedi-

1964 5457 2069 5515 cat,
2087 5463 2210 5518 quae
2227 5449 2476 5505 Christus
2493 5455 2593 5503 est.
2622 5449 2695 5502 De
2713 5448 2830 5516 ipso
2850 5459 3082 5514 namque
3099 5443 3308 5496 dictum
3333 5447 3419 5496 est
3441 5454 3461 5493 :

1963 5539 2031 5594 Et
2055 5556 2162 5610 ipse
2181 5539 2490 5612 propitiatio
2522 5548 2598 5594 est
2626 5555 2721 5609 pro
2748 5539 2976 5607 peccatis
3003 5534 3197 5590 nostris
3215 5533 3282 5586 ".

1965 5632 2017 5688 l.
2045 5632 2117 5686 De
2147 5633 2423 5703 profundis
2454 5633 2679 5686 clamavi
2711 5631 2779 5684 ad
2806 5641 2872 5694 te,
2905 5628 3209 5684 Domina...

1567 5812 1610 5844 "
1639 5810 1836 5866 lJoan‘.
1872 5826 1930 5876 ιι,
1963 5812 2014 5862 ‘2.
