4058 6510
687 440 789 495 519

1494 432 1548 484 S.
1595 428 1961 484 ATHANASH
2004 428 2151 481 OPP.
2197 426 2376 481 PARS
2417 428 2501 483 111.
2545 459 2608 471 --
2654 432 3066 486 liXEGETlCA.

3818 433 3915 488 5‘20

752 554 805 604 ‘2.
838 550 999 603 Fiunt
1038 564 1189 601 aures
1221 557 1326 601 tute
1352 546 1671 599 intendentes
1714 549 1769 597 in
1805 561 1976 597 vocem
2005 544 2251 610 depreca-

2419 546 2737 613 Γενηθήτω
2764 548 2834 599 τὰ
2861 543 2983 600 ὦτά
3021 564 3136 601 σου
3158 562 3537 617 προσεχεῖ-τα
3561 550 3647 613 εις
3665 547 3781 616 τὴν
3810 566 3919 616 φω-

685 645 843 696 tiouis
871 648 1015 695 metr.
1049 644 1222 693 Aures
1248 640 1299 692 in
1334 636 1444 692 Deo
1471 637 1741 705 angelicas
1778 642 2070 705 potestates
2092 632 2249 685 intel-

686 738 900 807 ligimus
947 750 1088 798 esse,
1139 749 1230 803 per
1282 748 1421 802 quas
1464 731 1885 801 supplicationes
1935 739 2133 784 nostra:
2183 728 2248 782 ad

686 829 853 881 Deum
880 827 1164 880 accedunt.

750 902 805 973 .5.
850 916 909 971 Si
945 918 1249 984 iniquitates
1290 915 1674 973 observaveris.
1713 913 1953 977 Domine,
2007 912 2248 978 Domine,

678 1012 793 1080 quis
842 1010 1158 1062 sustinebit?
1194 1008 1283 1060 Illa
1325 1017 1502 1060 autem
1555 1006 1911 1074 reduplicatio
1947 1006 2116 1070 vocis,
2146 1006 2251 1058 Do-

680 1103 838 1164 mine,
873 1100 1110 1163 Domine,
1136 1099 1455 1152 admirantis
1476 1107 1558 1151 est
1585 1097 1778 1151 divina.-
1809 1096 2109 1151 clcmentiaa
2131 1113 2247 1151 ma-

679 1194 1038 1261 gnitudinem,
1080 1192 1220 1260 apud
1259 1206 1419 1259 quem
1466 1204 1587 1244 esse
1626 1190 2061 1259 propitiationem
2096 1188 2245 1255 dicit,

678 1295 733 1339 at
762 1301 866 1338 non
900 1285 952 1337 in
990 1283 1147 1336 bonis
1180 1282 1436 1351 cperibus
1470 1281 1693 1335 nostris.

745 1378 799 1430 4.
832 1376 1054 1444 Pr0pter
1082 1392 1263 1427 nomen
1293 1386 1441 1427 tuum
1482 1372 1710 1425 sustinui
1740 1381 1808 1434 te,
1844 1371 2079 1425 Domine.
2123 1369 2246 1427 Haec

678 1477 806 1523 sunt
850 1469 1010 1521 verba
1057 1481 1247 1520 eorum
1299 1466 1390 1534 qui
1436 1480 1542 1518 non
1601 1474 1819 1533 propter
1867 1464 2243 1518 necessitatem

676 1560 1037 1629 spiritualem,
1063 1558 1155 1611 sed
1191 1567 1410 1626 propter
1437 1556 1799 1609 venerandum
1831 1570 2027 1609 nomen
2066 1555 2243 1624 ipsum

675 1652 961 1714 accedunt,
997 1666 1060 1701 ac
1090 1650 1138 1702 si
1167 1650 1217 1701 in
1248 1648 1504 1717 patientia
1532 1658 1750 1701 currunt
1783 1648 2104 1716 propositum
2130 1665 2242 1701 cer-

676 1754 851 1796 tamen
875 1742 941 1806 ",
969 1749 1023 1795 et
1050 1741 1198 1794 nullo
1241 1750 1485 1810 tempore
1526 1740 1826 1795 abscedunt
1856 1755 1887 1795 a
1922 1738 2052 1805 Deo,
2090 1749 2143 1794 et
2176 1740 2244 1794 ab

678 1835 744 1888 iis
773 1849 893 1903 qua:
916 1833 1017 1903 ipsi
1046 1834 1276 1898 placent.

746 1900 805 1978 ϐξ
821 1926 861 1978 Α
895 1900 1135 1977 custodia
1158 1924 1416 1977 matutina
1448 1941 1608 1994 usque
1638 1925 1707 1977 ad
1742 1934 1943 1978 noctem
1964 1933 2128 1993 speret
2154 1921 2237 1977 Is-
2264 1900 2313 1961 Β

678 2015 790 2070 rae!
818 2018 873 2068 in
915 2015 1160 2069 Domino.
1196 2013 1418 2083 Oportet
1447 2018 1590 2069 enim
1616 2016 1781 2069 etiam
1812 2016 1865 2069 in
1902 2016 2144 2069 molestis
2165 2030 2244 2068 re-

676 2110 777 2163 bus
811 2108 1095 2163 Dominum
1128 2120 1461 2179 exspectare.
1496 2108 1611 2164 Non
1645 2110 1819 2165 solum
1856 2112 1998 2164 enim
2042 2109 2094 2163 in
2128 2125 2242 2162 ma-

674 2202 849 2254 tutina
896 2202 1178 2265 custodia,
1223 2218 1331 2255 non
1374 2202 1667 2270 conspicua
1705 2204 1887 2255 omnia
1936 2212 2095 2259 sunt.
2147 2202 2239 2255 sed

671 2295 835 2347 etiam
893 2310 1063 2363 usque
1094 2294 1159 2347 ad
1204 2293 1490 2346 tenebrosa
1535 2293 1745 2362 negotia
1786 2300 1840 2347 et
1885 2304 2094 2347 eventa.
2134 2292 2239 2347 Sed

673 2388 882 2442 oriente
905 2403 1029 2442 vero
1051 2386 1274 2451 lumine,
1296 2401 1445 2439 tuens
1467 2387 1767 2455 perspicax,
1786 2385 2027 2439 laetarum
2058 2401 2239 2439 rerum

672 2489 1042 2549 augmentum,
1083 2478 1319 2531 tristium
1352 2478 1672 2531 vacuitatem
1711 2477 1937 2544 accipit;
1973 2485 2150 2543 speret
2182 2476 2237 2528 in

672 2571 821 2624 illum
853 2568 1009 2639 quasi
1043 2569 1096 2622 in
1126 2568 1330 2623 fontem
1356 2585 1368 2632 ;
1398 2568 1539 2636 apud
1570 2567 1719 2619 illum
1756 2581 1989 2634 namque
2017 2574 2099 2619 est
2135 2566 2237 2618 mi-

669 2661 967 2715 sericordia
1000 2662 1093 2729 qui
1121 2660 1417 2727 redemptio
1458 2666 1541 2711 est
1575 2666 1628 2711 et
1649 2656 1978 2727 propitiatio,
2008 2657 2100 2726 qui
2123 2657 2236 2710 vir-

668 2761 784 2807 tute
807 2754 975 2806 multa
1007 2761 1225 2821 peccata
1255 2759 1466 2820 purgat.

1040 2927 1317 2983 Canticum
1344 2927 1626 2996 graduum.
1660 2925 1881 2979 CXXX.

1250 3022 1650 3088 Argumentum.

667 3108 1053 3165 Duodecimum
1086 3117 1357 3164 canticum
1390 3110 1549 3165 docet
1575 3125 1697 3165 eum
1733 3112 1822 3180 qui
1854 3112 2233 3182 propitiatione

734 3202 970 3256 donatus
1023 3199 1157 3265 fuit,
1194 3216 1261 3255 ne
1304 3200 1477 3257 ﬁdens
1531 3218 1630 3257 suo
1662 3202 1905 3273 profectu
1941 3204 2229 3267 exaltetur,

734 3292 827 3347 sed
860 3293 1137 3347 humiliter
1161 3294 1381 3348 sentiat.

736 3385 980 3449 Domine,
1010 3402 1111 3439 non
1137 3396 1212 3438 est
1235 3383 1525 3438 exaltatum
1550 3402 1641 3439 cor
1661 3402 1896 3442 meum...
1924 3386 2100 3456 Neque
2116 3404 2229 3440 am-

664 3479 839 3533 bulavi
882 3478 937 3531 in
984 3478 1223 3547 magnis,
1264 3492 1423 3546 neque
1456 3478 1512 3529 in
1552 3477 1881 3532 mirabilibus
1932 3494 2086 3548 super
2126 3496 2225 3545 me,

662 3580 767 3623 etc.
808 3567 876 3624 Ut
899 3568 1023 3638 quis
1056 3584 1162 3623 non
1196 3568 1482 3635 esaltctur,
1507 3569 1583 3623 ait
1610 3572 1940 3625 contrariam
1973 3575 2226 3627 virtutem

660 3676 783 3715 esse
823 3661 1112 3715 admodum
1161 3661 1368 3724 utilem,
1417 3678 1578 3732 quam
1624 3661 1867 3717 Salvator
1910 3664 2094 3718 docuit
2142 3665 2227 3720 his

662 3752 875 3807 verbis:
910 3750 1029 3805 Nisi
1060 3754 1289 3805 conversi
1320 3753 1526 3820 fueritis
1552 3762 1601 3806 et
1625 3754 1922 3821 eﬂiCiamini
1950 3756 2082 3807 sicut
2103 3773 2227 3823 par-

660 3824 790 3907 vuli,
829 3859 935 3896 non
964 3842 1228 3896 intrabstis
1259 3842 1312 3894 in
1330 3858 1544 3912 regnum
1560 3845 1807 3897 cwlorum
1829 3845 1893 3900 ⁸⁸.
1910 3846 2225 3903 Ablactatos

663 3942 846 3988 autem
878 3948 1076 4002 pueros
1101 3933 1253 3997 dicit,
1297 3934 1697 3991 tribulationem
1754 3937 2085 4010 signiﬁcans.
2133 3938 2226 3995 Et—

660 4026 804 4078 enim
831 4024 1047 4080 nonnisi
1100 4040 1223 4080 cum
1256 4026 1467 4079 ﬂetibus
1497 4026 1676 4083 infans
1708 4044 1738 4083 a
1768 4039 1942 4085 matre
1972 4031 2220 4097 discedit,

660 4116 848 4171 dolens
882 4116 1024 4186 quod
1054 4117 1191 4172 lacte
1212 4117 1451 4186 privatus
1484 4121 1663 4174 fuerit.
1700 4120 1775 4176 Ita
1800 4131 1854 4177 et
1877 4139 1998 4194 ego,
2023 4125 2219 4197 inquit,

660 4210 713 4263 in
738 4210 997 4263 :erumnis
1040 4210 1262 4279 degens,
1294 4225 1505 4279 semper
1539 4210 1705 4267 Deum
1742 4230 1950 4283 precor.
1993 4217 2144 4283 Quod
2175 4220 2220 4274 si

658 4315 766 4353 non
803 4300 875 4353 ita
904 4299 1130 4354 affectus
1163 4316 1360 4368 essem,
1387 4312 1687 4357 extremum
1734 4308 2059 4377 supplicium
2103 4309 2221 4365 lue-

658 4405 793 4445 rem.

1007 4483 1285 4539 Canticum
1313 4490 1590 4556 graduum.
1612 4488 1839 4543 CXXX:
1853 4528 1866 4543 .

1249 4580 1645 4649 Argumentum.

652 4666 936 4721 Decimum
962 4669 1179 4722 tertium
1206 4671 1476 4725 canticum
1516 4674 1814 4727 orationem
1853 4688 2094 4731 continet
2121 4693 2220 4749 pro

726 4759 947 4818 Davide.
980 4760 1114 4815 Nam
1150 4778 1273 4817 cum
1313 4766 1622 4833 propitiatio
1651 4768 1905 4825 omnibus
1935 4772 2218 4827 remissio-

726 4868 847 4906 nem
868 4864 1215 4923 peccatorum
1232 4856 1502 4921 conciliet,
1519 4860 1829 4913 necessario
1852 4860 2085 4931 Spiritus
2100 4879 2218 4933 pro-

721 4946 990 5015 pheticus,
1010 4964 1131 5002 cum
1158 4948 1379 5018 reliquis
1395 4950 1484 5018 qui
1503 4952 1727 5005 salutem
1744 4964 2151 5024 consequuntur
2164 4966 2218 5013 et

724 5053 847 5092 cum
880 5037 1081 5094 Davide
1104 5042 1211 5095 ait:
1249 5060 1268 5093 ι
1298 5043 1542 5109 Domine,
1580 5056 1871 5112 memento,
1914 5050 2213 5105 secundum

724 5134 1192 5189 mansuetudinem
1209 5136 1326 5205 ejus
1342 5137 1578 5191 retribue
1595 5139 1693 5194 illi.
1709 5160 1727 5191 ι
1749 5139 2212 5205 Quemadmodum

720 5226 865 5279 enim
890 5228 997 5291 iile,
1022 5237 1339 5283 mansuetus
1366 5246 1489 5284 cum
1528 5242 1689 5294 esset.
1721 5233 1927 5288 dimisit
1956 5234 2104 5290 Sauli
2130 5236 2215 5292 in-

723 5318 894 5389 iurias
914 5320 1014 5373 sibi
1048 5321 1245 5387 illatas,
1276 5322 1347 5375 ita
1376 5333 1427 5377 et
1461 5324 1561 5395 ipsi
1594 5325 1784 5380 delicta
1820 5329 2051 5385 remitte.

724 5414 775 5476 1,
804 5413 857 5464 Ξ.
894 5411 1171 5479 Memento,
1199 5414 1440 5479 Domine,
1474 5415 1643 5469 David
1688 5428 1737 5471 et
1778 5421 1944 5474 omnis
1972 5438 2213 5476 mansue—

652 5502 848 5555 tudinis
870 5503 1003 5571 ejus.
1043 5502 1192 5558 Sicut
1215 5506 1417 5571 juravit
1460 5506 1704 5574 Domino,
1731 5521 1903 5563 votum
1938 5515 2070 5567 vovit
2107 5512 2211 5568 Deo

646 5592 836 5655 Jacob.
865 5603 967 5648 etc.
1006 5594 1141 5649 Cum
1174 5596 1453 5651 didicisset
1480 5600 1624 5653 enim
1667 5619 1731 5655 ex
1761 5602 1961 5672 Spiritu
1998 5616 2209 5673 sancto,

650 5681 939 5737 Dominum
974 5686 1115 5753 apud
1151 5687 1399 5743 homines
1442 5690 1816 5757 sdventnrum,
1850 5696 2209 5767 daturumque

739 5799 781 5829 "
815 5798 971 5853 Hzln'.
1002 5816 1096 5863 xu,
1127 5801 1175 5854 l.
1254 5801 1298 5831 "‘
1324 5800 1517 5859 Matth.
1542 5822 1667 5861 ιιι-ιιι
1689 5850 1702 5873 ,
1734 5808 1786 5862 5.

718 5891 853 5963 (50')
886 5889 1060 5947 Lucus
1089 5892 1327 5947 vitiatus.

2357 636 2476 702 νὴν
2515 637 2623 703 τῆς
2661 638 2925 706 δεήσεώς
2945 657 3087 709 μου.
3118 636 3258 694 Ὦτα
3283 642 3375 694 ἐπὶ
3393 642 3553 703 Θεοῦ,
3577 642 3673 695 καὶ
3704 641 3803 703 τὰς
3828 643 3919 709 ἀγα

2356 728 2577 793 79m,-
2605 730 2861 801 δυνάμεις
2904 732 3150 803 νοοῦμν,
3197 733 3264 786 δι’
3313 728 3388 787 ὧν
3433 735 3487 787 αἱ
3520 734 3736 803 δεήσεις
3770 733 3921 804 ἡμῶν

2357 821 2493 891 πρὸς
2516 822 2647 875 Θεὸν
2674 824 3031 895 εἰσέρχονται.

2436 914 2576 967 Ἐὰν
2606 916 2854 983 ἀνομίας
2887 917 3332 985 παρατηρήσῃς,
3374 919 3569 985 Κύριε,
3605 918 3805 986 Κύριε,
3834 918 3921 983 τίς

2354 1002 2801 1069 ὐποστήσεται;
2844 1008 2903 1059 Ὀ
2943 1008 2999 1059 δὲ
3031 1007 3145 1069 τοῦ,
3182 1011 3377 1076 Κύριε,
3408 1011 3602 1077 Κύριε,
3637 1010 3919 1062 διπλασιαο

2357 1094 2488 1164 σμὸς
2516 1094 2881 1164 θανμάζοντῲ
2910 1099 3024 1150 ἐστι
3055 1098 3152 1166 τῆς
3186 1098 3275 1151 τοῦ
3329 1098 3463 1151 Θεοῦ
3514 1098 3921 1170 φιλανθρωπίας

2354 1184 2442 1237 τὸν
2493 1184 2675 1251 ὀγκον,
2715 1186 2843 1257 παρ’
2893 1183 2959 1260 ἦς
3014 1190 3233 1241 καὶτὸν
3282 1190 3507 1260 ἱλασμὸν
3541 1188 3681 1245 εἷναί
3735 1209 3919 1263 φησιν,

2351 1276 2466 1329 ἀλλ’
2492 1278 2591 1330 οὐκ
2624 1282 2680 1331 ἐν
2710 1281 2821 1340 τοῖς
2848 1280 3134 1349 ἡμετέροις
3164 1281 3600 1352 κατορθώμασιν.

2425 1370 2674 1422 Ἕνεκεν
2705 1370 2810 1423 τοῦ
2836 1368 3127 1440 ὀνόματός
3156 1388 3270 1425 σου
3292 1374 3578 1441 ὑπέμεινά
3600 1392 3693 1440 σε,
3721 1378 3919 1442 Κύριε.

2350 1459 2533 1513 Ταῦτα
2560 1460 2667 1512 τῶν
2698 1461 2771 1532 μὴ
2801 1460 2888 1513 διὰ
2918 1463 3103 1532 χρείαν
3153 1463 3544 1533 πνευματικὴν,
3588 1464 3655 1517 δι’
3697 1465 3832 1517 αὐτὸ
3865 1464 3920 1518 δι

2348 1552 2409 1604 τὸ
2458 1553 2653 1606 σεπτὸν
2692 1554 2861 1624 ὄνομα
2903 1555 3255 1624 προσιόντων,
3307 1556 3458 1608 οὕτω
3511 1556 3608 1609 καὶ
3652 1558 3724 1609 ἐν
3775 1560 3919 1612 ὐπο-

2343 1644 2502 1714 μονῇ
2527 1648 2859 1715 τρεχόντων
2882 1647 2987 1700 τὸν
3009 1649 3397 1716 προκείμενον
3418 1649 3640 1717 ἀγῶνα,
3662 1650 3759 1703 καὶ
3780 1649 3919 1703 κατὰ

2352 1738 2475 1807 μηδ’
2498 1738 2592 1789 ἕνα
2624 1739 2811 1809 καιρὸν
2843 1740 3225 1810 ἀφισταμένων
3246 1742 3378 1794 Θεοῦ
3398 1743 3487 1795 καὶ
3518 1741 3625 1795 τῶν
3656 1743 3893 1811 ἀρεσκόν

2349 1844 2454 1880 των
2488 1828 2654 1899 αὐτῷ.

2425 1921 2557 1975 Ἀπὸ
2585 1923 2867 1991 φυλακῆς
2899 1924 3111 1991 πρωΐας
3155 1926 3329 1993 μέχρι
3370 1926 3586 1991 νυκτὸς
3612 1926 3915 1987 ἐλπισὰτιυ

2357 2013 2603 2082 Ἰσραὴλ
2628 2014 2725 2067 ἐπὶ
2755 2015 2860 2069 τὸν
2888 2018 3125 2084 Κύριον.
3161 2020 3253 2069 Δεῖ
3280 2017 3387 2087 γὰρ
3416 2018 3509 2070 καὶ
3547 2020 3603 2070 ἐν
3634 2021 3747 2080 τοῖς
3784 2035 3886 2071 σκυ

2343 2105 2578 2177 θρωποῖς
2606 2108 2906 2179 προσδοκᾷν
2938 2110 3030 2161 ἐπὶ
3075 2109 3296 2181 Κύριον.
3346 2109 3420 2162 Οὐ
3464 2110 3570 2178 γὰρ
3618 2111 3779 2179 μόνον
3826 2112 3913 2163 ὅτε

2343 2200 2558 2269 φυλακὴ
2592 2199 2730 2270 πρωῒ
2764 2201 2837 2271 μὴ
2872 2202 2965 2254 καὶ
2997 2202 3224 2271 λαμπρά
3246 2201 3313 2255 τὰ
3348 2204 3612 2277 παρόντα,
3648 2204 3787 2257 ἀλλὰ
3822 2204 3913 2257 καὶ

2345 2294 2505 2362 μέχρι
2556 2293 2665 2344 τῶν
2724 2293 2966 2364 ζοφερῶν
3001 2295 3396 2364 περιστάσεων.
3448 2297 3604 2350 Ἀλλὰ
3657 2299 3753 2349 καὶ
3782 2300 3911 2352 ἀναν

2340 2381 2611 2444 τέλλοντος
2632 2383 2723 2435 τοῦ
2751 2383 3000 2452 ἀληθινοῦ
3028 2385 3205 2451 φωτὸς
3224 2387 3250 2437 ὀ
3273 2385 3572 2455 διορατικὸς
3598 2387 3723 2449 νοῦς
3745 2404 3911 2457 προσο

2341 2472 2512 2544 θήκην
2574 2474 2836 2543 λαμϐάνει
2886 2478 2948 2528 ὲκ
3000 2475 3134 2530 Θεοῦ
3183 2476 3291 2529 τῶν
3338 2478 3609 2551 φαιδρῶν,
3663 2481 3757 2533 καὶ
3804 2481 3911 2532 τῶν

2341 2566 2677 2637 σκυθρωπῶν
2694 2568 3010 2639 ἀπαλλαγήν
3027 2571 3159 2639 (50')
3174 2590 3183 2600 ·
3201 2571 3472 2624 ὲλπισὰτω
3488 2575 3616 2644 παρ’
3634 2572 3784 2643 αὐτῷ
3804 2573 3911 2644 γὰρ

2336 2656 2411 2719 ὠς
2444 2660 2502 2709 ἐν
2536 2663 2706 2731 πηγῇ,
2741 2663 2833 2713 καὶ
2866 2665 2993 2732 παρ’
3019 2663 3183 2716 αὐτοῦ
3213 2664 3271 2716 τὸ
3301 2664 3466 2727 ἔλεος,
3502 2664 3579 2733 τῷ
3612 2664 3761 2734 αὐτῷ
3798 2666 3909 2717 ὄντι

2335 2750 2620 2821 λυτρώσει,
2657 2754 2748 2805 καὶ
2776 2752 2853 2823 τῷ
2898 2754 3130 2825 ἱλασμῷ,
3173 2756 3251 2825 τῷ
3288 2757 3537 2809 ἱκανώσει
3591 2757 3760 2825 πολλῇ
3813 2756 3908 2821 τὰς

2338 2843 2607 2913 ἁμαρτίας
2636 2847 3091 2918 περικαθαίροντι.

2690 2939 2828 3009 ’ῼὸὴ
2864 2940 2979 2993 τῶν
3001 2940 3369 3009 ἀναϐαθμῶν.
3412 2946 3542 2997 PA'.

2952 3032 2964 3048 '
2978 3034 3282 3096 Υπὸθεσις.

2345 3120 2407 3173 ’Π
2427 3120 2699 3191 δωδεκάτη
2727 3121 2836 3193 ᾠδὴ
2869 3122 2959 3176 τὸν
3000 3124 3403 3190 καταξιωθέντα
3443 3126 3538 3179 τοῦ
3570 3128 3801 3199 ἱλασμοῦ
3826 3131 3903 3183 δι-

2407 3213 2594 3267 δάσκει
2629 3214 2703 3284 μὴ
2748 3214 3089 3287 ἐπαίρεσθαι,
3125 3220 3189 3288 τῇ
3226 3217 3415 3271 ἑαυτοῦ
3465 3219 3745 3289 βελτιὼσιι
3775 3224 3905 3295 θαρ-

2411 3304 2625 3375 ροῦντα,
2656 3307 2792 3360 ἀλλὰ
2815 3313 3271 3379 ταπεινοφρονεῖν.

2404 3399 2601 3466 Κύριε,
2636 3401 2746 3467 οὐχ
2796 3399 3003 3467 ὑψώθη
3038 3403 3076 3468 ἡ
3108 3401 3319 3468 καρδία
3358 3421 3477 3472 μου
3510 3446 3523 3457 .
3561 3446 3573 3458 .
3614 3446 3627 3458 .
3662 3446 3675 3458 .
3710 3447 3723 3459 .
3762 3409 3902 3462 οὐδὲ

2333 3487 2663 3555 ἐπορεύθην
2690 3489 2761 3540 ἐν
2776 3488 3062 3557 μεγάλοις
3099 3491 3241 3544 οὐδὲ
3274 3492 3345 3545 ἐν
3379 3496 3735 3563 θαυμασίοις
3750 3498 3901 3567 ὑπὲρ

2332 3578 2454 3647 ἐμέ,
2474 3596 2526 3635 κ,
2546 3596 2593 3632 τ.
2613 3578 2661 3632 λ.
2681 3579 2822 3649 Πρὸς
2836 3580 2965 3633 δὲτὸ
2982 3584 3056 3654 μὴ
3076 3582 3374 3653 ἐπαρθῆναξ
3391 3601 3521 3655 φησι
3538 3585 3633 3654 τὴν
3651 3588 3899 3641 ἐναντίαν

2332 3672 2532 3742 ἀρετὴν
2547 3674 2623 3735 είς
2642 3672 2943 3743 ὑπερϐολὴν
2972 3675 3291 3745 ἐπιτήδειον.
3317 3679 3382 3747 ἣν
3406 3679 3500 3730 καὶ
3527 3681 3553 3731 ὁ
3583 3681 3775 3750 Σωτὴρ
3796 3682 3899 3735 ἐδί-

2331 3764 2454 3827 δαξε
2498 3764 2669 3832 λέγων
2695 3782 2709 3796 ο
2756 3766 2889 3818 Ἐὰν
2929 3766 3013 3835 μὴ
3048 3767 3353 3835 στραφῆτε
3390 3770 3486 3822 καὶ
3524 3772 3781 3838 γένησθε
3821 3775 3899 3839 ὡς

2330 3856 2401 3908 τὰ
2445 3857 2671 3915 παιδία,
2716 3859 2789 3910 οὐ
2828 3856 2915 3925 μὴ
2959 3856 3268 3926 εἰσέλθητε
3297 3862 3382 3926 εἰς
3424 3862 3535 3929 τὴν
3567 3864 3899 3926 ,Βασιλείαν

2328 3946 2447 3999 τῶν
2476 3945 2765 4015 οὐρανῶν.
2815 3950 3374 4017 Ἀπογαλακτισθέντα
3402 3954 3458 4008 δὲ
3492 3955 3637 4022 λέγει
3688 3958 3895 4021 παιδία,

2328 4039 2424 4111 τὴν
2454 4040 2631 4111 θλίψιν
2678 4042 2871 4113 δη-λῶν.
2929 4046 3006 4097 Οὐ
3056 4045 3165 4113 γὰρ
3214 4046 3502 4112 ἀφίσταται
3534 4048 3635 4118 τῆς
3669 4050 3893 4122 μητρὸς,

2325 4131 2654 4204 ὀδυνώμενον
2681 4136 2773 4187 ἐπὶ
2799 4135 2890 4188 τοῦ
2918 4136 3240 4208 στερηθῆναι
3266 4138 3359 4191 τοῦ
3384 4140 3671 4206 γάλακτος.
3710 4142 3894 4206 Οῦτως

2324 4224 2400 4279 ὢν
2455 4227 2514 4279 ἐν
2562 4232 2863 4299 συμφοραῖς
2913 4229 3085 4297 κάγὼ,
3131 4231 3312 4300 φησιν,
3363 4232 3607 4304 ηὐχόμην
3661 4235 3748 4287 ἀεὶ
3802 4236 3892 4288 τοῦ

2325 4318 2479 4371 Θεοῦ.
2516 4319 2578 4371 El
2601 4320 2656 4373 δὲ
2696 4320 2767 4391 μὴ
2795 4322 2965 4383 οὕτως
2997 4324 3134 4387 εἴην,
3164 4324 3317 4391 δίκην
3355 4324 3503 4394 δοίην
3527 4326 3765 4396 ἐσχάτην

2650 4497 2787 4566 ’ῼδὶι
2819 4499 2937 4551 τῶν
2960 4500 3329 4569 ἀναϐαθμῶν.
3373 4505 3555 4557 PAA'.

2932 4591 2945 4608 '
2960 4593 3267 4657 Υπόθεσις.

2335 4678 2399 4731 Ἦ
2417 4682 2833 4753 τρισκαιδεκάτη
2850 4683 2957 4753 ᾠδὴ
2977 4684 3139 4755 εὐχὴν
3169 4701 3232 4736 πε
3244 4684 3409 4755 ριέχει
3438 4686 3575 4755 ὑπὲρ
3592 4686 3685 4739 τοῦ
3702 4690 3879 4741 Δανῖδ.

2390 4774 2496 4827 Τοῦ
2549 4775 2655 4846 γὰρ
2715 4776 2938 4848 ἱλασμοῦ
2993 4780 3125 4831 πᾶσι
3176 4778 3557 4848 προξενοῦντος
3600 4783 3883 4853 ἁμαρτιῶν

2388 4867 2600 4934 ἄφεσιν,
2620 4869 2928 4938 ἀναγκαίως
2951 4872 3009 4923 τὸ
3041 4872 3263 4942 Πνεῦμα
3285 4872 3345 4924 τὸ
3378 4875 3713 4944 προφητικὸν
3748 4874 3884 4944 μετὰ

2386 4956 2493 5008 τῶν
2539 4957 2737 5010 λοιπῶν
2766 4960 2873 5011 τῶν
2904 4959 3243 5030 σωζομένων,
3292 4962 3493 5015 καὶτοῦ
3516 4964 3675 5016 Δαυῖδ
3704 4983 3836 5035 φησι
3866 4979 3879 4992 '

2392 5062 2410 5094 ι
2436 5046 2625 5119 Κύριε,
2648 5048 2930 5120 μνήσθητι,
2950 5052 3089 5105 κατὰ
3106 5053 3201 5121 τὴν
3217 5054 3495 5124 πραότητα
3520 5054 3683 5107 αὑτοῦ
3698 5054 3883 5107 ἀποδι-

2386 5141 2509 5203 δοὺς
2528 5139 2694 5209 αὐτῷ.
2726 5160 2744 5191 ι
2764 5142 2850 5204 Ὠς
2871 5144 2976 5211 γὰρ
2994 5144 3152 5205 αὐτὸς
3170 5147 3340 5215 πρᾶος
3356 5144 3430 5197 ὢν
3454 5146 3599 5214 ἠφίει
3618 5146 3693 5215 τῷ
3711 5148 3881 5201 Σαοὺλ

2385 5232 2451 5286 τὰ
2478 5234 2557 5295 εἰς
2590 5234 2747 5285 αὑτὸν
2770 5234 3101 5304 ἀδικήματα,
3126 5236 3268 5291 οὕτω
3300 5238 3393 5291 καὶ
3424 5238 3570 5309 αὐτῷ
3600 5242 3883 5313 συγχώρη-

2391 5344 2482 5379 σον
2510 5327 2607 5389 τὰς
2640 5328 3037 5397 πλημμελείας.

2384 5418 2717 5486 Μνήσθητι,
2764 5421 2957 5487 Κύριε,
3000 5420 3105 5473 τοῦ
3148 5422 3329 5475 Δαυῖδ
3373 5424 3469 5477 καὶ
3514 5422 3719 5489 πάσης
3774 5422 3879 5491 τῆς

2314 5513 2642 5580 πραότητος
2690 5513 2895 5567 αὐτοῦ.
2934 5514 3031 5580 Ὠς
3075 5497 3389 5585 ῶμοσέτῷ
3408 5519 3620 5587 Κυρίῳ,
3651 5519 3879 5583 ηὔξητο

2315 5602 2393 5667 τῷ
2438 5603 2559 5667 Θεῷ
2602 5605 2817 5667 Ἰιικὼό,
2854 5607 2945 5659 καὶ
2974 5606 3043 5659 τὰ
3076 5608 3219 5677 ἑξῆς.
3252 5608 3458 5663 Μαθὼν
3486 5609 3594 5678 γὰρ
3621 5608 3677 5674 ἐξ
3721 5609 3876 5677 ἁγίου

2312 5694 2645 5765 Πνεῦματος,
2682 5697 2755 5758 ὡς
2776 5699 3009 5771 ἐπιδημή
3022 5718 3099 5753 σει
3124 5703 3233 5763 τοῖς
3260 5700 3565 5773 ἀνθρώποις
3591 5705 3619 5755 ὁ
3651 5703 3873 5775 Κύριος,
