  <div class='ocr_page' id='page_1' title='image "/cluster/home/n/w/nwhite01/storage/ocr_20150623/27/ien.35556001660521/272.png"; bbox 0 0 4058 6454; ppageno 0'>
   <div class='ocr_carea' id='block_1_1' title="bbox 164 336 1766 411">
    <p class='ocr_par' dir='ltr' id='par_1_1' title="bbox 164 342 1766 411">
     <span class='ocr_line' id='line_1_1' title="bbox 164 342 1766 411; baseline -0.009 0"><span class='ocrx_word' id='word_1_1' title='bbox 164 356 261 411; x_wconf 75' lang='grc'><strong>521</strong></span> <span class='ocrx_word' id='word_1_2' title='bbox 1223 342 1583 398; x_wconf 73' lang='lat' dir='ltr'><strong>EXPOSITIO</strong></span> <span class='ocrx_word' id='word_1_3' title='bbox 1623 342 1689 396; x_wconf 81' lang='lat' dir='ltr'><strong>IN</strong></span> <span class='ocrx_word' id='word_1_4' title='bbox 1727 344 1766 396; x_wconf 86' lang='lat' dir='ltr'><strong>P</strong></span> 
     </span>
    </p>
   </div>
   <div class='ocr_carea' id='block_1_2' title="bbox 1802 336 3404 411">
    <p class='ocr_par' dir='ltr' id='par_1_2' title="bbox 1802 336 3404 397">
     <span class='ocr_line' id='line_1_2' title="bbox 1802 336 3404 397; baseline -0.003 -1"><span class='ocrx_word' id='word_1_5' title='bbox 1802 342 2058 397; x_wconf 62' lang='lat' dir='ltr'><strong>BALMUM</strong></span> <span class='ocrx_word' id='word_1_6' title='bbox 2093 341 2328 397; x_wconf 79' lang='lat' dir='ltr'><strong>CXXXI.</strong></span> <span class='ocrx_word' id='word_1_7' title='bbox 3300 336 3404 391; x_wconf 69' lang='lat'><strong>522</strong></span> 
     </span>
    </p>
   </div>
   <div class='ocr_carea' id='block_1_3' title="bbox 159 460 1761 544">
    <p class='ocr_par' dir='ltr' id='par_1_3' title="bbox 159 465 1761 544">
     <span class='ocr_line' id='line_1_3' title="bbox 159 465 1761 544; baseline -0.007 -16"><span class='ocrx_word' id='word_1_8' title='bbox 159 473 354 544; x_wconf 75' lang='grc' dir='ltr'>ἄφεσιν</span> <span class='ocrx_word' id='word_1_9' title='bbox 382 471 554 535; x_wconf 80' lang='grc' dir='ltr'>διδοὺς</span> <span class='ocrx_word' id='word_1_10' title='bbox 574 470 681 525; x_wconf 86' lang='grc' dir='ltr'><strong>τῶν</strong></span> <span class='ocrx_word' id='word_1_11' title='bbox 710 465 918 525; x_wconf 80' lang='grc' dir='ltr'>πολλῶν</span> <span class='ocrx_word' id='word_1_12' title='bbox 964 468 1395 541; x_wconf 79' lang='grc' dir='ltr'><strong>ἁμαρτημάτων,</strong></span> <span class='ocrx_word' id='word_1_13' title='bbox 1424 467 1519 519; x_wconf 69' lang='grc' dir='ltr'>καὶ</span> <span class='ocrx_word' id='word_1_14' title='bbox 1568 466 1727 529; x_wconf 77' lang='grc' dir='ltr'>αὐτὸς</span> <span class='ocrx_word' id='word_1_15' title='bbox 1760 516 1761 519; x_wconf 41' lang='grc' dir='ltr'><strong>η</strong></span> 
     </span>
    </p>
   </div>
   <div class='ocr_carea' id='block_1_4' title="bbox 1798 460 3400 544">
    <p class='ocr_par' dir='ltr' id='par_1_4' title="bbox 1798 460 3400 534">
     <span class='ocr_line' id='line_1_4' title="bbox 1798 460 3400 534; baseline -0.011 -11"><span class='ocrx_word' id='word_1_16' title='bbox 1798 466 2121 523; x_wconf 84' lang='lat' dir='ltr'><strong>.multortun</strong></span> <span class='ocrx_word' id='word_1_17' title='bbox 2148 473 2489 534; x_wconf 69' lang='lat' dir='ltr'><strong>pareaturnam</strong></span> <span class='ocrx_word' id='word_1_18' title='bbox 2522 460 2920 522; x_wconf 74' lang='lat' dir='ltr'><strong>remissionem,</strong></span> <span class='ocrx_word' id='word_1_19' title='bbox 2954 467 3007 513; x_wconf 89' lang='lat' dir='ltr'><strong>et</strong></span> <span class='ocrx_word' id='word_1_20' title='bbox 3055 473 3178 513; x_wconf 84' lang='lat' dir='ltr'><strong>eum</strong></span> <span class='ocrx_word' id='word_1_21' title='bbox 3215 471 3336 525; x_wconf 82' lang='lat' dir='ltr'><strong>sper</strong></span> <span class='ocrx_word' id='word_1_22' title='bbox 3376 484 3400 495; x_wconf 92' lang='lat'><strong>-</strong></span> 
     </span>
    </p>
   </div>
   <div class='ocr_carea' id='block_1_5' title="bbox 160 552 1762 634">
    <p class='ocr_par' dir='ltr' id='par_1_5' title="bbox 160 558 1732 634">
     <span class='ocr_line' id='line_1_5' title="bbox 160 558 1732 634; baseline -0.005 -17"><span class='ocrx_word' id='word_1_23' title='bbox 160 562 504 634; x_wconf 81' lang='grc' dir='ltr'>σωθήσεσθαι</span> <span class='ocrx_word' id='word_1_24' title='bbox 544 562 634 617; x_wconf 86' lang='grc' dir='ltr'><strong>διά</strong></span> <span class='ocrx_word' id='word_1_25' title='bbox 683 561 891 631; x_wconf 79' lang='grc' dir='ltr'><strong>ταύτης</strong></span> <span class='ocrx_word' id='word_1_26' title='bbox 937 560 1163 622; x_wconf 78' lang='grc' dir='ltr'>ὲλπίσας</span> <span class='ocrx_word' id='word_1_27' title='bbox 1193 599 1209 623; x_wconf 88' lang='grc'><em>,</em></span> <span class='ocrx_word' id='word_1_28' title='bbox 1267 558 1485 611; x_wconf 76' lang='grc' dir='ltr'><strong>σπεύδει</strong></span> <span class='ocrx_word' id='word_1_29' title='bbox 1543 558 1732 628; x_wconf 82' lang='grc' dir='ltr'>μαθεῖν</span> 
     </span>
    </p>
   </div>
   <div class='ocr_carea' id='block_1_6' title="bbox 1798 552 3400 634">
    <p class='ocr_par' dir='ltr' id='par_1_6' title="bbox 1841 552 3400 625">
     <span class='ocr_line' id='line_1_6' title="bbox 1841 552 3400 625; baseline -0.008 -15"><span class='ocrx_word' id='word_1_30' title='bbox 1841 566 1922 610; x_wconf 86' lang='lat' dir='ltr'><strong>rel.</strong></span> <span class='ocrx_word' id='word_1_31' title='bbox 1955 555 2070 625; x_wconf 91' lang='lat' dir='ltr'><strong>ipse</strong></span> <span class='ocrx_word' id='word_1_32' title='bbox 2103 569 2195 623; x_wconf 86' lang='lat' dir='ltr'><strong>per</strong></span> <span class='ocrx_word' id='word_1_33' title='bbox 2220 553 2339 623; x_wconf 90' lang='lat' dir='ltr'><strong>ejus</strong></span> <span class='ocrx_word' id='word_1_34' title='bbox 2370 553 2657 607; x_wconf 74' lang='lat' dir='ltr'><strong>adventum</strong></span> <span class='ocrx_word' id='word_1_35' title='bbox 2708 552 2933 606; x_wconf 88' lang='lat' dir='ltr'><strong>salutem</strong></span> <span class='ocrx_word' id='word_1_36' title='bbox 2981 564 3039 603; x_wconf 89' lang='lat' dir='ltr'><strong>se</strong></span> <span class='ocrx_word' id='word_1_37' title='bbox 3078 558 3400 603; x_wconf 78' lang='lat' dir='ltr'><strong>consecutu-</strong></span> 
     </span>
    </p>
   </div>
   <div class='ocr_carea' id='block_1_7' title="bbox 161 643 1763 721">
    <p class='ocr_par' dir='ltr' id='par_1_7' title="bbox 161 647 1734 721">
     <span class='ocr_line' id='line_1_7' title="bbox 161 647 1734 721; baseline -0.006 -15"><span class='ocrx_word' id='word_1_38' title='bbox 161 653 292 707; x_wconf 69' lang='grc' dir='ltr'>ποτε</span> <span class='ocrx_word' id='word_1_39' title='bbox 328 652 502 716; x_wconf 65' lang='grc' dir='ltr'>ἔσται,</span> <span class='ocrx_word' id='word_1_40' title='bbox 544 653 636 705; x_wconf 72' lang='grc' dir='ltr'><strong>καὶ</strong></span> <span class='ocrx_word' id='word_1_41' title='bbox 663 650 765 705; x_wconf 77' lang='grc' dir='ltr'>ποῦ</span> <span class='ocrx_word' id='word_1_42' title='bbox 798 653 1107 721; x_wconf 78' lang='grc' dir='ltr'>γενήσεται,</span> <span class='ocrx_word' id='word_1_43' title='bbox 1139 649 1258 702; x_wconf 88' lang='grc' dir='ltr'>τίνα</span> <span class='ocrx_word' id='word_1_44' title='bbox 1282 648 1339 700; x_wconf 82' lang='grc' dir='ltr'>δὲ</span> <span class='ocrx_word' id='word_1_45' title='bbox 1370 647 1568 718; x_wconf 76' lang='grc' dir='ltr'>τρόπον</span> <span class='ocrx_word' id='word_1_46' title='bbox 1612 648 1734 699; x_wconf 79' lang='grc' dir='ltr'>ἐπι-</span> 
     </span>
    </p>
   </div>
   <div class='ocr_carea' id='block_1_8' title="bbox 1800 643 3402 721">
    <p class='ocr_par' dir='ltr' id='par_1_8' title="bbox 1840 643 3402 719">
     <span class='ocr_line' id='line_1_8' title="bbox 1840 643 3402 719; baseline -0.007 -14"><span class='ocrx_word' id='word_1_47' title='bbox 1840 666 1984 714; x_wconf 89' lang='lat' dir='ltr'><strong>rum,</strong></span> <span class='ocrx_word' id='word_1_48' title='bbox 2014 650 2256 704; x_wconf 85' lang='lat' dir='ltr'><strong>ediscere</strong></span> <span class='ocrx_word' id='word_1_49' title='bbox 2284 649 2462 719; x_wconf 76' lang='lat' dir='ltr'><strong>gestit,</strong></span> <span class='ocrx_word' id='word_1_50' title='bbox 2489 648 2837 719; x_wconf 87' lang='lat' dir='ltr'><strong>quandonam</strong></span> <span class='ocrx_word' id='word_1_51' title='bbox 2870 646 2922 700; x_wconf 89' lang='lat' dir='ltr'><strong>id</strong></span> <span class='ocrx_word' id='word_1_52' title='bbox 2956 646 3080 703; x_wconf 89' lang='lat' dir='ltr'><strong>erit,</strong></span> <span class='ocrx_word' id='word_1_53' title='bbox 3112 654 3164 699; x_wconf 88' lang='lat' dir='ltr'><strong>et</strong></span> <span class='ocrx_word' id='word_1_54' title='bbox 3194 644 3282 698; x_wconf 86' lang='lat' dir='ltr'><strong>ubi</strong></span> <span class='ocrx_word' id='word_1_55' title='bbox 3310 643 3402 695; x_wconf 85' lang='lat' dir='ltr'><strong>ad-</strong></span> 
     </span>
    </p>
   </div>
   <div class='ocr_carea' id='block_1_9' title="bbox 156 732 1758 814">
    <p class='ocr_par' dir='ltr' id='par_1_9' title="bbox 156 737 1733 814">
     <span class='ocr_line' id='line_1_9' title="bbox 156 737 1733 814; baseline -0.003 -19"><span class='ocrx_word' id='word_1_56' title='bbox 156 742 413 814; x_wconf 78' lang='grc' dir='ltr'>δημήσει.</span> <span class='ocrx_word' id='word_1_57' title='bbox 445 742 627 796; x_wconf 83' lang='grc' dir='ltr'>Ταῦτα</span> <span class='ocrx_word' id='word_1_58' title='bbox 650 741 853 810; x_wconf 87' lang='grc' dir='ltr'>γνῶναι</span> <span class='ocrx_word' id='word_1_59' title='bbox 894 740 1094 803; x_wconf 83' lang='grc' dir='ltr'>ποθῶν,</span> <span class='ocrx_word' id='word_1_60' title='bbox 1131 741 1210 803; x_wconf 85' lang='grc' dir='ltr'><strong>είς</strong></span> <span class='ocrx_word' id='word_1_61' title='bbox 1240 737 1509 810; x_wconf 73' lang='grc' dir='ltr'><strong>τοσαύτην</strong></span> <span class='ocrx_word' id='word_1_62' title='bbox 1543 738 1733 791; x_wconf 75' lang='grc' dir='ltr'>ἑαυτὸν</span> 
     </span>
    </p>
   </div>
   <div class='ocr_carea' id='block_1_10' title="bbox 1803 732 3405 814">
    <p class='ocr_par' dir='ltr' id='par_1_10' title="bbox 1840 732 3405 811">
     <span class='ocr_line' id='line_1_10' title="bbox 1840 732 3405 811; baseline -0.004 -18"><span class='ocrx_word' id='word_1_63' title='bbox 1840 753 2102 796; x_wconf 86' lang='lat' dir='ltr'><strong>venturus</strong></span> <span class='ocrx_word' id='word_1_64' title='bbox 2133 740 2223 805; x_wconf 89' lang='lat' dir='ltr'><strong>sit,</strong></span> <span class='ocrx_word' id='word_1_65' title='bbox 2249 749 2303 794; x_wconf 93' lang='lat' dir='ltr'><strong>et</strong></span> <span class='ocrx_word' id='word_1_66' title='bbox 2333 754 2572 811; x_wconf 86' lang='lat' dir='ltr'><strong>quonam</strong></span> <span class='ocrx_word' id='word_1_67' title='bbox 2600 739 2760 793; x_wconf 89' lang='lat' dir='ltr'><strong>modo</strong></span> <span class='ocrx_word' id='word_1_68' title='bbox 2795 737 3261 807; x_wconf 73' lang='lat' dir='ltr'><strong>peregrinaturus.</strong></span> <span class='ocrx_word' id='word_1_69' title='bbox 3282 732 3405 787; x_wconf 62' lang='lat' dir='ltr'><strong>ila&#39;c</strong></span> 
     </span>
    </p>
   </div>
   <div class='ocr_carea' id='block_1_11' title="bbox 160 828 1762 906">
    <p class='ocr_par' dir='ltr' id='par_1_11' title="bbox 160 833 1735 906">
     <span class='ocr_line' id='line_1_11' title="bbox 160 833 1735 906; baseline -0.003 -15"><span class='ocrx_word' id='word_1_70' title='bbox 160 836 401 891; x_wconf 76' lang='grc' dir='ltr'>ὑπέϐαλε</span> <span class='ocrx_word' id='word_1_71' title='bbox 424 837 687 899; x_wconf 80' lang='grc' dir='ltr'>κάκωσιν,</span> <span class='ocrx_word' id='word_1_72' title='bbox 718 836 793 899; x_wconf 83' lang='grc' dir='ltr'>ὡς</span> <span class='ocrx_word' id='word_1_73' title='bbox 810 837 990 890; x_wconf 79' lang='grc' dir='ltr'>πᾶσαν</span> <span class='ocrx_word' id='word_1_74' title='bbox 1018 835 1117 906; x_wconf 73' lang='grc' dir='ltr'>μὲν</span> <span class='ocrx_word' id='word_1_75' title='bbox 1145 833 1526 906; x_wconf 79' lang='grc' dir='ltr'>παραιτεῖσθαι</span> <span class='ocrx_word' id='word_1_76' title='bbox 1558 850 1735 904; x_wconf 82' lang='grc' dir='ltr'>στρω-</span> 
     </span>
    </p>
   </div>
   <div class='ocr_carea' id='block_1_12' title="bbox 1804 828 3406 906">
    <p class='ocr_par' dir='ltr' id='par_1_12' title="bbox 1840 828 3406 900">
     <span class='ocr_line' id='line_1_12' title="bbox 1840 828 3406 900; baseline -0.005 -15"><span class='ocrx_word' id='word_1_77' title='bbox 1840 831 2056 886; x_wconf 83' lang='lat' dir='ltr'><strong>edoceri</strong></span> <span class='ocrx_word' id='word_1_78' title='bbox 2099 840 2381 900; x_wconf 92' lang='lat' dir='ltr'><strong>exoptans,</strong></span> <span class='ocrx_word' id='word_1_79' title='bbox 2419 831 2471 884; x_wconf 93' lang='lat' dir='ltr'><strong>in</strong></span> <span class='ocrx_word' id='word_1_80' title='bbox 2508 840 2709 884; x_wconf 85' lang='lat' dir='ltr'><strong>tantam</strong></span> <span class='ocrx_word' id='word_1_81' title='bbox 2739 844 2859 884; x_wconf 92' lang='lat' dir='ltr'><strong>sese</strong></span> <span class='ocrx_word' id='word_1_82' title='bbox 2896 828 3237 882; x_wconf 80' lang='lat' dir='ltr'><strong>atilictionem</strong></span> <span class='ocrx_word' id='word_1_83' title='bbox 3272 841 3406 880; x_wconf 82' lang='lat' dir='ltr'><strong>con-</strong></span> 
     </span>
    </p>
   </div>
   <div class='ocr_carea' id='block_1_13' title="bbox 163 916 1765 999">
    <p class='ocr_par' dir='ltr' id='par_1_13' title="bbox 163 924 1731 999">
     <span class='ocr_line' id='line_1_13' title="bbox 163 924 1731 999; baseline -0.004 -17"><span class='ocrx_word' id='word_1_84' title='bbox 163 927 322 999; x_wconf 80' lang='grc' dir='ltr'><strong>μνὴν,</strong></span> <span class='ocrx_word' id='word_1_85' title='bbox 358 926 729 992; x_wconf 75' lang='grc' dir='ltr'><strong>ἀποτάξασθαι</strong></span> <span class='ocrx_word' id='word_1_86' title='bbox 754 926 811 980; x_wconf 77' lang='grc' dir='ltr'>δὲ</span> <span class='ocrx_word' id='word_1_87' title='bbox 838 926 917 997; x_wconf 80' lang='grc' dir='ltr'>τῷ</span> <span class='ocrx_word' id='word_1_88' title='bbox 948 927 1102 997; x_wconf 72' lang='grc' dir='ltr'>οἴκῳ,</span> <span class='ocrx_word' id='word_1_89' title='bbox 1139 924 1350 979; x_wconf 79' lang='grc' dir='ltr'>κεῖσθαι</span> <span class='ocrx_word' id='word_1_90' title='bbox 1379 924 1437 978; x_wconf 79' lang='grc' dir='ltr'>δὲ</span> <span class='ocrx_word' id='word_1_91' title='bbox 1481 924 1590 996; x_wconf 71' lang='grc' dir='ltr'><strong>πρὸ</strong></span> <span class='ocrx_word' id='word_1_92' title='bbox 1639 924 1731 977; x_wconf 78' lang='grc' dir='ltr'>τοῦ</span> 
     </span>
    </p>
   </div>
   <div class='ocr_carea' id='block_1_14' title="bbox 1803 916 3405 999">
    <p class='ocr_par' dir='ltr' id='par_1_14' title="bbox 1836 916 3405 991">
     <span class='ocr_line' id='line_1_14' title="bbox 1836 916 3405 991; baseline -0.004 -16"><span class='ocrx_word' id='word_1_93' title='bbox 1836 921 1987 991; x_wconf 88' lang='lat' dir='ltr'><strong>jecit,</strong></span> <span class='ocrx_word' id='word_1_94' title='bbox 2032 930 2093 977; x_wconf 90' lang='lat' dir='ltr'><strong>ut</strong></span> <span class='ocrx_word' id='word_1_95' title='bbox 2144 922 2342 978; x_wconf 90' lang='lat' dir='ltr'><strong>lectum</strong></span> <span class='ocrx_word' id='word_1_96' title='bbox 2381 937 2595 977; x_wconf 90' lang='lat' dir='ltr'><strong>omnem</strong></span> <span class='ocrx_word' id='word_1_97' title='bbox 2650 922 3004 985; x_wconf 81' lang='lat' dir='ltr'><strong>recusaverit,</strong></span> <span class='ocrx_word' id='word_1_98' title='bbox 3047 918 3232 972; x_wconf 83' lang='lat' dir='ltr'><strong>domui</strong></span> <span class='ocrx_word' id='word_1_99' title='bbox 3288 916 3405 972; x_wconf 84' lang='lat' dir='ltr'><strong>vale</strong></span> 
     </span>
    </p>
   </div>
   <div class='ocr_carea' id='block_1_15' title="bbox 160 1012 1762 1089">
    <p class='ocr_par' dir='ltr' id='par_1_15' title="bbox 160 1012 1734 1089">
     <span class='ocr_line' id='line_1_15' title="bbox 160 1012 1734 1089; baseline -0.001 -18"><span class='ocrx_word' id='word_1_100' title='bbox 160 1012 300 1071; x_wconf 76' lang='grc' dir='ltr'>Θεοῦ</span> <span class='ocrx_word' id='word_1_101' title='bbox 347 1017 488 1071; x_wconf 84' lang='grc' dir='ltr'><strong>κατά</strong></span> <span class='ocrx_word' id='word_1_102' title='bbox 524 1018 811 1089; x_wconf 83' lang='grc' dir='ltr'>πρόσωπον</span> <span class='ocrx_word' id='word_1_103' title='bbox 851 1017 947 1071; x_wconf 82' lang='grc' dir='ltr'>τοῦ</span> <span class='ocrx_word' id='word_1_104' title='bbox 979 1018 1317 1088; x_wconf 83' lang='grc' dir='ltr'>ἁγιάσματος</span> <span class='ocrx_word' id='word_1_105' title='bbox 1348 1017 1434 1068; x_wconf 72' lang='grc' dir='ltr'><strong>ἐπ’</strong></span> <span class='ocrx_word' id='word_1_106' title='bbox 1468 1015 1696 1085; x_wconf 76' lang='grc' dir='ltr'><strong>ἐδάφους</strong></span> <span class='ocrx_word' id='word_1_107' title='bbox 1718 1056 1734 1080; x_wconf 86' lang='grc'><em>,</em></span> 
     </span>
    </p>
   </div>
   <div class='ocr_carea' id='block_1_16' title="bbox 1804 1012 3406 1089">
    <p class='ocr_par' dir='ltr' id='par_1_16' title="bbox 1841 1012 3406 1068">
     <span class='ocr_line' id='line_1_16' title="bbox 1841 1012 3406 1068; baseline -0.003 0"><span class='ocrx_word' id='word_1_108' title='bbox 1841 1012 2057 1068; x_wconf 81' lang='lat' dir='ltr'><strong>dixerit.</strong></span> <span class='ocrx_word' id='word_1_109' title='bbox 2086 1024 2139 1068; x_wconf 88' lang='lat' dir='ltr'><strong>et</strong></span> <span class='ocrx_word' id='word_1_110' title='bbox 2188 1021 2314 1067; x_wconf 88' lang='lat' dir='ltr'><strong>ante</strong></span> <span class='ocrx_word' id='word_1_111' title='bbox 2359 1012 2524 1067; x_wconf 86' lang='lat' dir='ltr'><strong>Deum</strong></span> <span class='ocrx_word' id='word_1_112' title='bbox 2565 1012 2732 1067; x_wconf 82' lang='lat' dir='ltr'><strong>iaceat</strong></span> <span class='ocrx_word' id='word_1_113' title='bbox 2764 1012 2912 1065; x_wconf 88' lang='lat' dir='ltr'><strong>humi</strong></span> <span class='ocrx_word' id='word_1_114' title='bbox 2957 1020 3257 1067; x_wconf 74' lang='lat' dir='ltr'><strong>prostratus</strong></span> <span class='ocrx_word' id='word_1_115' title='bbox 3283 1016 3406 1063; x_wconf 79' lang='lat' dir='ltr'><strong>ante</strong></span> 
     </span>
    </p>
   </div>
   <div class='ocr_carea' id='block_1_17' title="bbox 160 1104 1762 1181">
    <p class='ocr_par' dir='ltr' id='par_1_17' title="bbox 160 1107 1733 1181">
     <span class='ocr_line' id='line_1_17' title="bbox 160 1107 1733 1181; baseline -0.001 -20"><span class='ocrx_word' id='word_1_116' title='bbox 160 1110 310 1180; x_wconf 81' lang='grc' dir='ltr'>ὅρκῳ</span> <span class='ocrx_word' id='word_1_117' title='bbox 339 1109 642 1179; x_wconf 77' lang='grc' dir='ltr'>βεϐαιώσας</span> <span class='ocrx_word' id='word_1_118' title='bbox 695 1110 769 1181; x_wconf 79' lang='grc' dir='ltr'>μὴ</span> <span class='ocrx_word' id='word_1_119' title='bbox 802 1109 1097 1180; x_wconf 81' lang='grc' dir='ltr'><strong>ἀναστῆναι</strong></span> <span class='ocrx_word' id='word_1_120' title='bbox 1140 1108 1268 1180; x_wconf 70' lang='grc' dir='ltr'>πρὶν</span> <span class='ocrx_word' id='word_1_121' title='bbox 1294 1107 1466 1162; x_wconf 76' lang='grc' dir='ltr'>ταῦτα</span> <span class='ocrx_word' id='word_1_122' title='bbox 1524 1108 1733 1179; x_wconf 80' lang='grc' dir='ltr'><strong>μαθεῖν.</strong></span> 
     </span>
    </p>
   </div>
   <div class='ocr_carea' id='block_1_18' title="bbox 1800 1104 3402 1181">
    <p class='ocr_par' dir='ltr' id='par_1_18' title="bbox 1844 1104 3402 1175">
     <span class='ocr_line' id='line_1_18' title="bbox 1844 1104 3402 1175; baseline -0.004 -17"><span class='ocrx_word' id='word_1_123' title='bbox 1844 1104 2037 1159; x_wconf 79' lang='lat' dir='ltr'><strong>faelem</strong></span> <span class='ocrx_word' id='word_1_124' title='bbox 2068 1106 2384 1169; x_wconf 84' lang='lat' dir='ltr'><strong>sanctuarii,</strong></span> <span class='ocrx_word' id='word_1_125' title='bbox 2398 1106 2613 1175; x_wconf 87' lang='lat' dir='ltr'><strong>jnratus</strong></span> <span class='ocrx_word' id='word_1_126' title='bbox 2636 1120 2693 1158; x_wconf 93' lang='lat' dir='ltr'><strong>se</strong></span> <span class='ocrx_word' id='word_1_127' title='bbox 2724 1119 3000 1173; x_wconf 81' lang='lat' dir='ltr'><strong>nunquam</strong></span> <span class='ocrx_word' id='word_1_128' title='bbox 3034 1112 3367 1155; x_wconf 77' lang='lat' dir='ltr'><strong>surrectur...</strong></span> <span class='ocrx_word' id='word_1_129' title='bbox 3390 1136 3402 1152; x_wconf 91' lang='lat'><strong>.</strong></span> 
     </span>
    </p>
   </div>
   <div class='ocr_carea' id='block_1_19' title="bbox 174 1192 1776 1270">
    <p class='ocr_par' dir='ltr' id='par_1_19' title="bbox 174 1194 1736 1270">
     <span class='ocr_line' id='line_1_19' title="bbox 174 1194 1736 1270; baseline -0.001 -19"><span class='ocrx_word' id='word_1_130' title='bbox 174 1199 299 1252; x_wconf 76' lang='grc' dir='ltr'><strong>Ἐπὶ</strong></span> <span class='ocrx_word' id='word_1_131' title='bbox 322 1199 379 1251; x_wconf 72' lang='grc' dir='ltr'>δὲ</span> <span class='ocrx_word' id='word_1_132' title='bbox 411 1201 477 1269; x_wconf 83' lang='grc' dir='ltr'>τῇ</span> <span class='ocrx_word' id='word_1_133' title='bbox 513 1198 701 1252; x_wconf 79' lang='grc' dir='ltr'>τούτου</span> <span class='ocrx_word' id='word_1_134' title='bbox 730 1199 943 1270; x_wconf 66' lang='grc' dir='ltr'>εὐτονία</span> <span class='ocrx_word' id='word_1_135' title='bbox 967 1196 1144 1251; x_wconf 73' lang='grc' dir='ltr'>λαϐὼν</span> <span class='ocrx_word' id='word_1_136' title='bbox 1165 1194 1344 1251; x_wconf 85' lang='grc' dir='ltr'>οἶκτον</span> <span class='ocrx_word' id='word_1_137' title='bbox 1376 1198 1405 1250; x_wconf 83' lang='grc' dir='ltr'>ὁ</span> <span class='ocrx_word' id='word_1_138' title='bbox 1450 1196 1582 1260; x_wconf 80' lang='grc' dir='ltr'>Θεὸς</span> <span class='ocrx_word' id='word_1_139' title='bbox 1613 1199 1736 1250; x_wconf 82' lang='grc' dir='ltr'><strong>ὲπι-</strong></span> 
     </span>
    </p>
   </div>
   <div class='ocr_carea' id='block_1_20' title="bbox 1804 1192 3406 1270">
    <p class='ocr_par' dir='ltr' id='par_1_20' title="bbox 1846 1192 3406 1264">
     <span class='ocr_line' id='line_1_20' title="bbox 1846 1192 3406 1264; baseline -0.004 -15"><span class='ocrx_word' id='word_1_140' title='bbox 1846 1195 1951 1252; x_wconf 92' lang='lat' dir='ltr'><strong>nisi</strong></span> <span class='ocrx_word' id='word_1_141' title='bbox 1984 1196 2098 1250; x_wconf 63' lang='lat' dir='ltr'><strong>hac</strong></span> <span class='ocrx_word' id='word_1_142' title='bbox 2125 1196 2406 1250; x_wconf 85' lang='lat' dir='ltr'><strong>edisceret.</strong></span> <span class='ocrx_word' id='word_1_143' title='bbox 2445 1195 2527 1249; x_wconf 90' lang='lat' dir='ltr'><strong>Ob</strong></span> <span class='ocrx_word' id='word_1_144' title='bbox 2548 1195 2669 1263; x_wconf 85' lang='lat' dir='ltr'><strong>ejus</strong></span> <span class='ocrx_word' id='word_1_145' title='bbox 2701 1193 3156 1264; x_wconf 82' lang='lat' dir='ltr'><strong>perseverantiam</strong></span> <span class='ocrx_word' id='word_1_146' title='bbox 3196 1192 3406 1245; x_wconf 79' lang='lat' dir='ltr'><strong>miseri-</strong></span> 
     </span>
    </p>
   </div>
   <div class='ocr_carea' id='block_1_21' title="bbox 160 1284 1762 1363">
    <p class='ocr_par' dir='ltr' id='par_1_21' title="bbox 160 1289 1736 1363">
     <span class='ocr_line' id='line_1_21' title="bbox 160 1289 1736 1363; baseline -0.001 -20"><span class='ocrx_word' id='word_1_147' title='bbox 160 1290 349 1343; x_wconf 79' lang='grc' dir='ltr'>νεύει·</span> <span class='ocrx_word' id='word_1_148' title='bbox 380 1290 456 1353; x_wconf 83' lang='grc' dir='ltr'><strong>ὡς</strong></span> <span class='ocrx_word' id='word_1_149' title='bbox 488 1290 545 1344; x_wconf 77' lang='grc' dir='ltr'><strong>ἓν</strong></span> <span class='ocrx_word' id='word_1_150' title='bbox 572 1290 717 1358; x_wconf 76' lang='grc' dir='ltr'>ἅπαξ</span> <span class='ocrx_word' id='word_1_151' title='bbox 749 1292 971 1362; x_wconf 78' lang='grc' dir='ltr'>ὠμόσας</span> <span class='ocrx_word' id='word_1_152' title='bbox 1008 1291 1081 1363; x_wconf 82' lang='grc' dir='ltr'>μὴ</span> <span class='ocrx_word' id='word_1_153' title='bbox 1142 1290 1382 1361; x_wconf 81' lang='grc' dir='ltr'>ψεύσατο</span> <span class='ocrx_word' id='word_1_154' title='bbox 1402 1307 1416 1322; x_wconf 75' lang='grc' dir='ltr'><strong><em>ο</em></strong></span> <span class='ocrx_word' id='word_1_155' title='bbox 1473 1289 1596 1343; x_wconf 76' lang='grc' dir='ltr'><strong>ὅθεν</strong></span> <span class='ocrx_word' id='word_1_156' title='bbox 1640 1292 1736 1341; x_wconf 71' lang='grc' dir='ltr'><strong>ἑπ-</strong></span> 
     </span>
    </p>
   </div>
   <div class='ocr_carea' id='block_1_22' title="bbox 1800 1284 3402 1363">
    <p class='ocr_par' dir='ltr' id='par_1_22' title="bbox 1844 1284 3402 1354">
     <span class='ocr_line' id='line_1_22' title="bbox 1844 1284 3402 1354; baseline -0.006 -12"><span class='ocrx_word' id='word_1_157' title='bbox 1844 1286 2027 1342; x_wconf 87' lang='lat' dir='ltr'><strong>cordia</strong></span> <span class='ocrx_word' id='word_1_158' title='bbox 2056 1295 2237 1341; x_wconf 90' lang='lat' dir='ltr'><strong>motus</strong></span> <span class='ocrx_word' id='word_1_159' title='bbox 2261 1285 2425 1347; x_wconf 85' lang='lat' dir='ltr'><strong>Deus,</strong></span> <span class='ocrx_word' id='word_1_160' title='bbox 2449 1286 2643 1339; x_wconf 83' lang='lat' dir='ltr'><strong>anmtit</strong></span> <span class='ocrx_word' id='word_1_161' title='bbox 2672 1286 2769 1354; x_wconf 89' lang='lat' dir='ltr'><strong>ipsi</strong></span> <span class='ocrx_word' id='word_1_162' title='bbox 2798 1298 2813 1337; x_wconf 89' lang='lat'><strong>:</strong></span> <span class='ocrx_word' id='word_1_163' title='bbox 2838 1300 2902 1338; x_wconf 80' lang='lat' dir='ltr'><strong>ac</strong></span> <span class='ocrx_word' id='word_1_164' title='bbox 2924 1292 3211 1353; x_wconf 86' lang='lat' dir='ltr'><strong>postquam</strong></span> <span class='ocrx_word' id='word_1_165' title='bbox 3240 1284 3402 1335; x_wconf 70' lang='lat' dir='ltr'><strong>semel</strong></span> 
     </span>
    </p>
   </div>
   <div class='ocr_carea' id='block_1_23' title="bbox 158 1371 1760 1454">
    <p class='ocr_par' dir='ltr' id='par_1_23' title="bbox 158 1380 1731 1454">
     <span class='ocr_line' id='line_1_23' title="bbox 158 1380 1731 1454; baseline 0 -20"><span class='ocrx_word' id='word_1_166' title='bbox 158 1382 423 1454; x_wconf 71' lang='grc' dir='ltr'>ήνεγκεν·</span> <span class='ocrx_word' id='word_1_167' title='bbox 474 1381 627 1435; x_wconf 81' lang='grc' dir='ltr'>Ἰδοὺ</span> <span class='ocrx_word' id='word_1_168' title='bbox 666 1383 1014 1452; x_wconf 79' lang='grc' dir='ltr'>ἠκούσαμεν</span> <span class='ocrx_word' id='word_1_169' title='bbox 1052 1382 1247 1450; x_wconf 81' lang='grc' dir='ltr'>αὐτὴν</span> <span class='ocrx_word' id='word_1_170' title='bbox 1282 1380 1731 1451; x_wconf 70' lang='grc' dir='ltr'>ὲνΕὑφρανθά·</span> 
     </span>
    </p>
   </div>
   <div class='ocr_carea' id='block_1_24' title="bbox 1805 1371 3407 1454">
    <p class='ocr_par' dir='ltr' id='par_1_24' title="bbox 1842 1371 3407 1445">
     <span class='ocr_line' id='line_1_24' title="bbox 1842 1371 3407 1445; baseline -0.006 -15"><span class='ocrx_word' id='word_1_171' title='bbox 1842 1377 2045 1445; x_wconf 86' lang='lat' dir='ltr'><strong>juravit</strong></span> <span class='ocrx_word' id='word_1_172' title='bbox 2091 1392 2197 1430; x_wconf 91' lang='lat' dir='ltr'><strong>non</strong></span> <span class='ocrx_word' id='word_1_173' title='bbox 2230 1375 2601 1433; x_wconf 82' lang='lat' dir='ltr'><strong>frustrabitur.</strong></span> <span class='ocrx_word' id='word_1_174' title='bbox 2632 1376 2809 1443; x_wconf 82' lang='lat' dir='ltr'><strong>Quare</strong></span> <span class='ocrx_word' id='word_1_175' title='bbox 2842 1375 3060 1428; x_wconf 89' lang='lat' dir='ltr'><strong>intulit:</strong></span> <span class='ocrx_word' id='word_1_176' title='bbox 3094 1371 3221 1425; x_wconf 87' lang='lat' dir='ltr'><strong>Ecce</strong></span> <span class='ocrx_word' id='word_1_177' title='bbox 3254 1372 3407 1423; x_wconf 75' lang='lat' dir='ltr'><strong>(mdi-</strong></span> 
     </span>
    </p>
   </div>
   <div class='ocr_carea' id='block_1_25' title="bbox 157 1460 1759 1543">
    <p class='ocr_par' dir='ltr' id='par_1_25' title="bbox 157 1470 1739 1543">
     <span class='ocr_line' id='line_1_25' title="bbox 157 1470 1739 1543; baseline -0.003 -17"><span class='ocrx_word' id='word_1_178' title='bbox 157 1472 304 1543; x_wconf 71' lang='grc' dir='ltr'>αὕτη</span> <span class='ocrx_word' id='word_1_179' title='bbox 331 1473 477 1527; x_wconf 72' lang='grc' dir='ltr'>ἐστιν</span> <span class='ocrx_word' id='word_1_180' title='bbox 524 1475 556 1543; x_wconf 87' lang='grc' dir='ltr'><strong>ή</strong></span> <span class='ocrx_word' id='word_1_181' title='bbox 594 1471 859 1543; x_wconf 74' lang='grc' dir='ltr'>Βηθλεέμ.</span> <span class='ocrx_word' id='word_1_182' title='bbox 902 1472 1037 1524; x_wconf 86' lang='grc' dir='ltr'><strong>Τίνα</strong></span> <span class='ocrx_word' id='word_1_183' title='bbox 1072 1472 1131 1525; x_wconf 80' lang='grc' dir='ltr'>δὲ</span> <span class='ocrx_word' id='word_1_184' title='bbox 1176 1470 1348 1543; x_wconf 77' lang='grc' dir='ltr'>αὐτὴν</span> <span class='ocrx_word' id='word_1_185' title='bbox 1390 1470 1423 1541; x_wconf 76' lang='grc' dir='ltr'><strong>ἢ</strong></span> <span class='ocrx_word' id='word_1_186' title='bbox 1471 1471 1572 1542; x_wconf 82' lang='grc' dir='ltr'><strong>τὴν</strong></span> <span class='ocrx_word' id='word_1_187' title='bbox 1614 1470 1739 1540; x_wconf 66' lang='grc' dir='ltr'>μέλε</span> 
     </span>
    </p>
   </div>
   <div class='ocr_carea' id='block_1_26' title="bbox 1802 1460 3404 1543">
    <p class='ocr_par' dir='ltr' id='par_1_26' title="bbox 1847 1460 3404 1535">
     <span class='ocr_line' id='line_1_26' title="bbox 1847 1460 3404 1535; baseline -0.005 -15"><span class='ocrx_word' id='word_1_188' title='bbox 1847 1467 2013 1520; x_wconf 82' lang='lat' dir='ltr'><strong>vimus</strong></span> <span class='ocrx_word' id='word_1_189' title='bbox 2032 1481 2146 1519; x_wconf 84' lang='lat' dir='ltr'><strong>eam</strong></span> <span class='ocrx_word' id='word_1_190' title='bbox 2164 1466 2216 1518; x_wconf 86' lang='lat' dir='ltr'><strong>in</strong></span> <span class='ocrx_word' id='word_1_191' title='bbox 2242 1464 2535 1535; x_wconf 83' lang='lat' dir='ltr'><strong>Epltratha,</strong></span> <span class='ocrx_word' id='word_1_192' title='bbox 2564 1468 2679 1535; x_wconf 88' lang='lat' dir='ltr'><strong>ipsa</strong></span> <span class='ocrx_word' id='word_1_193' title='bbox 2706 1475 2789 1520; x_wconf 90' lang='lat' dir='ltr'><strong>est</strong></span> <span class='ocrx_word' id='word_1_194' title='bbox 2818 1460 3404 1530; x_wconf 74' lang='lat' dir='ltr'><strong>Betlnleliem.Ecquam</strong></span> 
     </span>
    </p>
   </div>
   <div class='ocr_carea' id='block_1_27' title="bbox 160 1552 1762 1632">
    <p class='ocr_par' dir='ltr' id='par_1_27' title="bbox 160 1559 1107 1632">
     <span class='ocr_line' id='line_1_27' title="bbox 160 1559 1107 1632; baseline -0.001 -18"><span class='ocrx_word' id='word_1_195' title='bbox 160 1561 359 1614; x_wconf 91' lang='grc' dir='ltr'>λουσαν</span> <span class='ocrx_word' id='word_1_196' title='bbox 384 1559 602 1613; x_wconf 76' lang='grc' dir='ltr'>ἔσεσθαι</span> <span class='ocrx_word' id='word_1_197' title='bbox 630 1560 835 1632; x_wconf 83' lang='grc' dir='ltr'>Κυρίου</span> <span class='ocrx_word' id='word_1_198' title='bbox 866 1559 1107 1625; x_wconf 74' lang='grc' dir='ltr'>ἔλευσιν;</span> 
     </span>
    </p>
   </div>
   <div class='ocr_carea' id='block_1_28' title="bbox 1635 1552 3237 1632">
    <p class='ocr_par' dir='ltr' id='par_1_28' title="bbox 1846 1552 3237 1626">
     <span class='ocr_line' id='line_1_28' title="bbox 1846 1552 3237 1626; baseline -0.005 -15"><span class='ocrx_word' id='word_1_199' title='bbox 1846 1556 2052 1611; x_wconf 90' lang='lat' dir='ltr'><strong>audivit</strong></span> <span class='ocrx_word' id='word_1_200' title='bbox 2081 1556 2181 1611; x_wconf 90' lang='lat' dir='ltr'><strong>nisi</strong></span> <span class='ocrx_word' id='word_1_201' title='bbox 2217 1557 2450 1610; x_wconf 82' lang='lat' dir='ltr'><strong>futuram</strong></span> <span class='ocrx_word' id='word_1_202' title='bbox 2478 1556 2962 1626; x_wconf 78' lang='lat' dir='ltr'><strong>peregrinationem</strong></span> <span class='ocrx_word' id='word_1_203' title='bbox 2992 1552 3237 1606; x_wconf 85' lang='lat' dir='ltr'><strong>Domini?</strong></span> 
     </span>
    </p>
   </div>
   <div class='ocr_carea' id='block_1_29' title="bbox 231 1638 1833 1721">
    <p class='ocr_par' dir='ltr' id='par_1_29' title="bbox 231 1649 1736 1721">
     <span class='ocr_line' id='line_1_29' title="bbox 231 1649 1736 1721; baseline -0.001 -17"><span class='ocrx_word' id='word_1_204' title='bbox 231 1652 500 1721; x_wconf 82' lang='grc' dir='ltr'>Εὖρομεν</span> <span class='ocrx_word' id='word_1_205' title='bbox 530 1652 729 1720; x_wconf 81' lang='grc' dir='ltr'>αὐτὴν</span> <span class='ocrx_word' id='word_1_206' title='bbox 770 1653 840 1706; x_wconf 88' lang='grc' dir='ltr'><strong>ἐν</strong></span> <span class='ocrx_word' id='word_1_207' title='bbox 885 1651 1001 1717; x_wconf 81' lang='grc' dir='ltr'>τοῖς</span> <span class='ocrx_word' id='word_1_208' title='bbox 1061 1650 1290 1717; x_wconf 76' lang='grc' dir='ltr'><strong>πεδίοις</strong></span> <span class='ocrx_word' id='word_1_209' title='bbox 1338 1649 1443 1705; x_wconf 87' lang='grc' dir='ltr'>τοῦ</span> <span class='ocrx_word' id='word_1_210' title='bbox 1487 1649 1736 1720; x_wconf 76' lang='grc' dir='ltr'>δρυμοῦ.</span> 
     </span>
    </p>
   </div>
   <div class='ocr_carea' id='block_1_30' title="bbox 1806 1638 3408 1721">
    <p class='ocr_par' dir='ltr' id='par_1_30' title="bbox 1951 1638 3408 1711">
     <span class='ocr_line' id='line_1_30' title="bbox 1951 1638 3408 1711; baseline -0.007 -12"><span class='ocrx_word' id='word_1_211' title='bbox 1951 1644 2004 1699; x_wconf 84' lang='grc'>6.</span> <span class='ocrx_word' id='word_1_212' title='bbox 2028 1644 2325 1698; x_wconf 75' lang='lat' dir='ltr'><strong>Invenimus</strong></span> <span class='ocrx_word' id='word_1_213' title='bbox 2348 1660 2461 1699; x_wconf 88' lang='lat' dir='ltr'><strong>eam</strong></span> <span class='ocrx_word' id='word_1_214' title='bbox 2488 1646 2541 1696; x_wconf 91' lang='lat' dir='ltr'><strong>in</strong></span> <span class='ocrx_word' id='word_1_215' title='bbox 2573 1644 2771 1711; x_wconf 83' lang='lat' dir='ltr'><strong>campis</strong></span> <span class='ocrx_word' id='word_1_216' title='bbox 2804 1642 2970 1695; x_wconf 77' lang='lat' dir='ltr'><strong>silete.</strong></span> <span class='ocrx_word' id='word_1_217' title='bbox 2995 1638 3128 1693; x_wconf 84' lang='lat' dir='ltr'><strong>Nam</strong></span> <span class='ocrx_word' id='word_1_218' title='bbox 3156 1639 3408 1709; x_wconf 72' lang='lat' dir='ltr'><strong>spelunca</strong></span> 
     </span>
    </p>
   </div>
   <div class='ocr_carea' id='block_1_31' title="bbox 162 1736 1764 1815">
    <p class='ocr_par' dir='ltr' id='par_1_31' title="bbox 162 1736 1734 1815">
     <span class='ocr_line' id='line_1_31' title="bbox 162 1736 1734 1815; baseline -0.001 -20"><span class='ocrx_word' id='word_1_219' title='bbox 162 1736 239 1796; x_wconf 73' lang='grc' dir='ltr'><strong>Τὸ</strong></span> <span class='ocrx_word' id='word_1_220' title='bbox 265 1742 374 1813; x_wconf 79' lang='grc' dir='ltr'>γάρ</span> <span class='ocrx_word' id='word_1_221' title='bbox 418 1743 679 1814; x_wconf 83' lang='grc' dir='ltr'>σπήλαιον</span> <span class='ocrx_word' id='word_1_222' title='bbox 713 1745 771 1796; x_wconf 78' lang='grc' dir='ltr'><strong>ὲν</strong></span> <span class='ocrx_word' id='word_1_223' title='bbox 873 1743 1163 1815; x_wconf 76' lang='grc' dir='ltr'>γεγένηται</span> <span class='ocrx_word' id='word_1_224' title='bbox 1197 1744 1225 1798; x_wconf 97' lang='lat'><strong>6</strong></span> <span class='ocrx_word' id='word_1_225' title='bbox 1257 1742 1490 1814; x_wconf 82' lang='grc' dir='ltr'>Χριστὸς</span> <span class='ocrx_word' id='word_1_226' title='bbox 1538 1744 1595 1796; x_wconf 83' lang='grc' dir='ltr'><strong>ὲν</strong></span> <span class='ocrx_word' id='word_1_227' title='bbox 1638 1759 1734 1794; x_wconf 85' lang='grc' dir='ltr'>πε-</span> 
     </span>
    </p>
   </div>
   <div class='ocr_carea' id='block_1_32' title="bbox 1810 1736 3412 1815">
    <p class='ocr_par' dir='ltr' id='par_1_32' title="bbox 1848 1736 3412 1809">
     <span class='ocr_line' id='line_1_32' title="bbox 1848 1736 3412 1809; baseline -0.008 -10"><span class='ocrx_word' id='word_1_228' title='bbox 1848 1744 1940 1799; x_wconf 79' lang='grc' dir='ltr'>ιιιιί</span> <span class='ocrx_word' id='word_1_229' title='bbox 1988 1752 2148 1797; x_wconf 89' lang='lat' dir='ltr'><strong>natus</strong></span> <span class='ocrx_word' id='word_1_230' title='bbox 2199 1753 2282 1797; x_wconf 89' lang='lat' dir='ltr'><strong>est</strong></span> <span class='ocrx_word' id='word_1_231' title='bbox 2319 1742 2567 1797; x_wconf 82' lang='lat' dir='ltr'><strong>Christus</strong></span> <span class='ocrx_word' id='word_1_232' title='bbox 2616 1740 2670 1794; x_wconf 93' lang='lat' dir='ltr'><strong>in</strong></span> <span class='ocrx_word' id='word_1_233' title='bbox 2718 1738 2959 1809; x_wconf 80' lang='lat' dir='ltr'><strong>planitie,</strong></span> <span class='ocrx_word' id='word_1_234' title='bbox 2991 1752 3086 1791; x_wconf 87' lang='lat' dir='ltr'><strong>seu</strong></span> <span class='ocrx_word' id='word_1_235' title='bbox 3121 1737 3172 1790; x_wconf 93' lang='lat' dir='ltr'><strong>in</strong></span> <span class='ocrx_word' id='word_1_236' title='bbox 3204 1736 3412 1802; x_wconf 83' lang='lat' dir='ltr'><strong>campis</strong></span> 
     </span>
    </p>
   </div>
   <div class='ocr_carea' id='block_1_33' title="bbox 158 1828 1943 1909">
    <p class='ocr_par' dir='ltr' id='par_1_33' title="bbox 158 1828 1943 1909">
     <span class='ocr_line' id='line_1_33' title="bbox 158 1828 1943 1909; baseline -0.001 -19"><span class='ocrx_word' id='word_1_237' title='bbox 158 1837 296 1900; x_wconf 84' lang='grc' dir='ltr'>δίοις</span> <span class='ocrx_word' id='word_1_238' title='bbox 326 1837 493 1900; x_wconf 75' lang='grc' dir='ltr'>ἐστὶν,</span> <span class='ocrx_word' id='word_1_239' title='bbox 533 1838 652 1908; x_wconf 70' lang='grc' dir='ltr'>ἤτοι</span> <span class='ocrx_word' id='word_1_240' title='bbox 678 1840 789 1901; x_wconf 88' lang='grc' dir='ltr'><strong>τοίς</strong></span> <span class='ocrx_word' id='word_1_241' title='bbox 825 1838 1035 1909; x_wconf 82' lang='grc' dir='ltr'>ἀγροῖς.</span> <span class='ocrx_word' id='word_1_242' title='bbox 1772 1828 1813 1882; x_wconf 81' lang='grc' dir='ltr'><strong>Β</strong></span> <span class='ocrx_word' id='word_1_243' title='bbox 1841 1844 1943 1889; x_wconf 88' lang='lat' dir='ltr'><strong>est.</strong></span> 
     </span>
    </p>
   </div>
   <div class='ocr_carea' id='block_1_34' title="bbox 238 1914 1840 2000">
    <p class='ocr_par' dir='ltr' id='par_1_34' title="bbox 238 1926 1740 2000">
     <span class='ocr_line' id='line_1_34' title="bbox 238 1926 1740 2000; baseline -0.005 -15"><span class='ocrx_word' id='word_1_244' title='bbox 238 1932 724 2000; x_wconf 78' lang='grc' dir='ltr'>Ε’ὶσελευσόμεθα</span> <span class='ocrx_word' id='word_1_245' title='bbox 749 1934 836 1997; x_wconf 84' lang='grc' dir='ltr'><strong>είς</strong></span> <span class='ocrx_word' id='word_1_246' title='bbox 864 1932 935 1985; x_wconf 83' lang='grc' dir='ltr'>τὰ</span> <span class='ocrx_word' id='word_1_247' title='bbox 972 1930 1337 1999; x_wconf 78' lang='grc' dir='ltr'><strong>σκηνώματα</strong></span> <span class='ocrx_word' id='word_1_248' title='bbox 1373 1928 1580 1983; x_wconf 85' lang='grc' dir='ltr'>αὐτοῦ.</span> <span class='ocrx_word' id='word_1_249' title='bbox 1629 1926 1740 1991; x_wconf 85' lang='grc' dir='ltr'><strong>Τὰς</strong></span> 
     </span>
    </p>
   </div>
   <div class='ocr_carea' id='block_1_35' title="bbox 1810 1914 3412 2000">
    <p class='ocr_par' dir='ltr' id='par_1_35' title="bbox 1917 1914 3412 1987">
     <span class='ocr_line' id='line_1_35' title="bbox 1917 1914 3412 1987; baseline -0.009 -5"><span class='ocrx_word' id='word_1_250' title='bbox 1917 1930 1967 1982; x_wconf 91' lang='grc'><strong>7.</strong></span> <span class='ocrx_word' id='word_1_251' title='bbox 2026 1926 2368 1981; x_wconf 86' lang='lat' dir='ltr'><strong>Introibitnus</strong></span> <span class='ocrx_word' id='word_1_252' title='bbox 2412 1926 2469 1977; x_wconf 87' lang='lat' dir='ltr'><strong>in</strong></span> <span class='ocrx_word' id='word_1_253' title='bbox 2514 1921 2910 1977; x_wconf 75' lang='lat' dir='ltr'><strong>tabernaculum</strong></span> <span class='ocrx_word' id='word_1_254' title='bbox 2955 1918 3086 1987; x_wconf 82' lang='lat' dir='ltr'><strong>ejus.</strong></span> <span class='ocrx_word' id='word_1_255' title='bbox 3145 1914 3412 1970; x_wconf 84' lang='lat' dir='ltr'><strong>Ecclesias</strong></span> 
     </span>
    </p>
   </div>
   <div class='ocr_carea' id='block_1_36' title="bbox 160 2006 1762 2094">
    <p class='ocr_par' dir='ltr' id='par_1_36' title="bbox 160 2020 1738 2094">
     <span class='ocr_line' id='line_1_36' title="bbox 160 2020 1738 2094; baseline -0.003 -18"><span class='ocrx_word' id='word_1_256' title='bbox 160 2022 310 2077; x_wconf 82' lang='grc' dir='ltr'><strong>κατά</strong></span> <span class='ocrx_word' id='word_1_257' title='bbox 341 2023 531 2094; x_wconf 77' lang='grc' dir='ltr'>καιρὸν</span> <span class='ocrx_word' id='word_1_258' title='bbox 570 2022 836 2093; x_wconf 67' lang='grc' dir='ltr'>ἐσομένας</span> <span class='ocrx_word' id='word_1_259' title='bbox 880 2022 1208 2093; x_wconf 86' lang='grc' dir='ltr'>Ἐκκλησίας</span> <span class='ocrx_word' id='word_1_260' title='bbox 1240 2020 1519 2091; x_wconf 86' lang='grc' dir='ltr'><strong>σημαίνει.</strong></span> <span class='ocrx_word' id='word_1_261' title='bbox 1548 2022 1738 2088; x_wconf 86' lang='grc' dir='ltr'>Προσ-</span> 
     </span>
    </p>
   </div>
   <div class='ocr_carea' id='block_1_37' title="bbox 1808 2006 3410 2094">
    <p class='ocr_par' dir='ltr' id='par_1_37' title="bbox 1846 2006 3410 2089">
     <span class='ocr_line' id='line_1_37' title="bbox 1846 2006 3410 2089; baseline -0.011 -14"><span class='ocrx_word' id='word_1_262' title='bbox 1846 2018 2195 2089; x_wconf 87' lang='lat' dir='ltr'><strong>snbsequenti</strong></span> <span class='ocrx_word' id='word_1_263' title='bbox 2223 2026 2468 2086; x_wconf 90' lang='lat' dir='ltr'><strong>tempore</strong></span> <span class='ocrx_word' id='word_1_264' title='bbox 2502 2013 2715 2068; x_wconf 80' lang='lat' dir='ltr'><strong>futuras</strong></span> <span class='ocrx_word' id='word_1_265' title='bbox 2743 2012 3030 2081; x_wconf 82' lang='lat' dir='ltr'><strong>signiﬁcat.</strong></span> <span class='ocrx_word' id='word_1_266' title='bbox 3062 2006 3410 2061; x_wconf 75' lang='lat' dir='ltr'><strong>Adorabinms</strong></span> 
     </span>
    </p>
   </div>
   <div class='ocr_carea' id='block_1_38' title="bbox 160 2096 1762 2183">
    <p class='ocr_par' dir='ltr' id='par_1_38' title="bbox 160 2109 1740 2183">
     <span class='ocr_line' id='line_1_38' title="bbox 160 2109 1740 2183; baseline -0.002 -15"><span class='ocrx_word' id='word_1_267' title='bbox 160 2114 515 2183; x_wconf 73' lang='grc' dir='ltr'>κυνήσομεν</span> <span class='ocrx_word' id='word_1_268' title='bbox 555 2116 643 2180; x_wconf 85' lang='grc' dir='ltr'><strong>είς</strong></span> <span class='ocrx_word' id='word_1_269' title='bbox 683 2113 792 2167; x_wconf 87' lang='grc' dir='ltr'>τὸν</span> <span class='ocrx_word' id='word_1_270' title='bbox 835 2115 1023 2167; x_wconf 76' lang='grc' dir='ltr'>τόπον</span> <span class='ocrx_word' id='word_1_271' title='bbox 1055 2109 1127 2168; x_wconf 84' lang='grc' dir='ltr'>οὗ</span> <span class='ocrx_word' id='word_1_272' title='bbox 1160 2112 1434 2180; x_wconf 77' lang='grc' dir='ltr'>ἔστησαν</span> <span class='ocrx_word' id='word_1_273' title='bbox 1470 2115 1524 2167; x_wconf 81' lang='lat' dir='ltr'><strong>ot</strong></span> <span class='ocrx_word' id='word_1_274' title='bbox 1557 2112 1740 2177; x_wconf 83' lang='grc' dir='ltr'><strong>πόδες</strong></span> 
     </span>
    </p>
   </div>
   <div class='ocr_carea' id='block_1_39' title="bbox 1807 2096 3409 2183">
    <p class='ocr_par' dir='ltr' id='par_1_39' title="bbox 1847 2096 3409 2173">
     <span class='ocr_line' id='line_1_39' title="bbox 1847 2096 3409 2173; baseline -0.01 -9"><span class='ocrx_word' id='word_1_275' title='bbox 1847 2112 1901 2164; x_wconf 87' lang='lat' dir='ltr'><strong>in</strong></span> <span class='ocrx_word' id='word_1_276' title='bbox 1934 2110 2047 2163; x_wconf 90' lang='lat' dir='ltr'><strong>loco</strong></span> <span class='ocrx_word' id='word_1_277' title='bbox 2092 2108 2178 2161; x_wconf 83' lang='lat' dir='ltr'><strong>ubi</strong></span> <span class='ocrx_word' id='word_1_278' title='bbox 2227 2115 2479 2161; x_wconf 86' lang='lat' dir='ltr'><strong>steterunt</strong></span> <span class='ocrx_word' id='word_1_279' title='bbox 2503 2105 2656 2173; x_wconf 84' lang='lat' dir='ltr'><strong>pedes</strong></span> <span class='ocrx_word' id='word_1_280' title='bbox 2693 2103 2832 2173; x_wconf 82' lang='lat' dir='ltr'><strong>ejus.</strong></span> <span class='ocrx_word' id='word_1_281' title='bbox 2867 2099 3099 2154; x_wconf 79' lang='lat' dir='ltr'><strong>Montem</strong></span> <span class='ocrx_word' id='word_1_282' title='bbox 3136 2096 3409 2150; x_wconf 79' lang='lat' dir='ltr'><strong>Olivaruni</strong></span> 
     </span>
    </p>
   </div>
   <div class='ocr_carea' id='block_1_40' title="bbox 161 2194 1763 2276">
    <p class='ocr_par' dir='ltr' id='par_1_40' title="bbox 161 2202 1737 2276">
     <span class='ocr_line' id='line_1_40' title="bbox 161 2202 1737 2276; baseline -0.002 -17"><span class='ocrx_word' id='word_1_283' title='bbox 161 2205 375 2260; x_wconf 81' lang='grc' dir='ltr'>αὐτοῦ.</span> <span class='ocrx_word' id='word_1_284' title='bbox 411 2205 483 2257; x_wconf 85' lang='grc' dir='ltr'><strong>Τὸ</strong></span> <span class='ocrx_word' id='word_1_285' title='bbox 523 2204 647 2276; x_wconf 77' lang='grc' dir='ltr'>ὅρος</span> <span class='ocrx_word' id='word_1_286' title='bbox 668 2202 774 2258; x_wconf 84' lang='grc' dir='ltr'><strong>τῶν</strong></span> <span class='ocrx_word' id='word_1_287' title='bbox 814 2204 1036 2257; x_wconf 84' lang='grc' dir='ltr'><strong>Ἐλαιῶν</strong></span> <span class='ocrx_word' id='word_1_288' title='bbox 1070 2220 1256 2276; x_wconf 87' lang='grc' dir='ltr'>φησιν,</span> <span class='ocrx_word' id='word_1_289' title='bbox 1302 2202 1430 2255; x_wconf 72' lang='grc' dir='ltr'>ἔνθα</span> <span class='ocrx_word' id='word_1_290' title='bbox 1455 2204 1560 2266; x_wconf 75' lang='grc' dir='ltr'>πᾶς</span> <span class='ocrx_word' id='word_1_291' title='bbox 1595 2220 1737 2272; x_wconf 87' lang='grc' dir='ltr'>παρ-</span> 
     </span>
    </p>
   </div>
   <div class='ocr_carea' id='block_1_41' title="bbox 1424 2194 3026 2276">
    <p class='ocr_par' dir='ltr' id='par_1_41' title="bbox 1424 2194 3026 2272">
     <span class='ocr_line' id='line_1_41' title="bbox 1424 2194 3026 2272; baseline -0.004 -17"><span class='ocrx_word' id='word_1_292' title='bbox 1424 2204 1560 2266; x_wconf 75' lang='grc' dir='ltr'>ιπᾶς</span> <span class='ocrx_word' id='word_1_293' title='bbox 1595 2220 1737 2272; x_wconf 81' lang='grc' dir='ltr'>παρ·</span> <span class='ocrx_word' id='word_1_294' title='bbox 1846 2202 1997 2268; x_wconf 89' lang='lat' dir='ltr'><strong>dicit,</strong></span> <span class='ocrx_word' id='word_1_295' title='bbox 2030 2201 2119 2255; x_wconf 87' lang='lat' dir='ltr'><strong>ubi</strong></span> <span class='ocrx_word' id='word_1_296' title='bbox 2143 2200 2323 2253; x_wconf 88' lang='lat' dir='ltr'><strong>omnis</strong></span> <span class='ocrx_word' id='word_1_297' title='bbox 2356 2198 2447 2268; x_wconf 91' lang='lat' dir='ltr'><strong>qui</strong></span> <span class='ocrx_word' id='word_1_298' title='bbox 2480 2196 2773 2266; x_wconf 82' lang='lat' dir='ltr'><strong>pertransit</strong></span> <span class='ocrx_word' id='word_1_299' title='bbox 2817 2194 3026 2248; x_wconf 84' lang='lat' dir='ltr'><strong>adorat.</strong></span> 
     </span>
    </p>
   </div>
   <div class='ocr_carea' id='block_1_42' title="bbox 164 2296 803 2371">
    <p class='ocr_par' dir='ltr' id='par_1_42' title="bbox 164 2296 803 2371">
     <span class='ocr_line' id='line_1_42' title="bbox 164 2296 803 2371; baseline -0.002 -20"><span class='ocrx_word' id='word_1_300' title='bbox 164 2296 458 2371; x_wconf 81' lang='grc' dir='ltr'>ερχόμενος</span> <span class='ocrx_word' id='word_1_301' title='bbox 487 2299 803 2369; x_wconf 78' lang='grc' dir='ltr'>προσκυνεῖ.</span> 
     </span>
    </p>
   </div>
   <div class='ocr_carea' id='block_1_43' title="bbox 256 2372 1858 2457">
    <p class='ocr_par' dir='ltr' id='par_1_43' title="bbox 256 2386 1742 2457">
     <span class='ocr_line' id='line_1_43' title="bbox 256 2386 1742 2457; baseline -0.003 -15"><span class='ocrx_word' id='word_1_302' title='bbox 256 2386 597 2455; x_wconf 78' lang='grc' dir='ltr'>Ἀνάστηθι,</span> <span class='ocrx_word' id='word_1_303' title='bbox 622 2389 817 2457; x_wconf 81' lang='grc' dir='ltr'>Κύριε,</span> <span class='ocrx_word' id='word_1_304' title='bbox 840 2389 927 2454; x_wconf 81' lang='grc' dir='ltr'><strong>είς</strong></span> <span class='ocrx_word' id='word_1_305' title='bbox 953 2387 1071 2457; x_wconf 77' lang='grc' dir='ltr'>τὴν</span> <span class='ocrx_word' id='word_1_306' title='bbox 1088 2387 1437 2443; x_wconf 73' lang='grc' dir='ltr'>ἀνάπαυσιν</span> <span class='ocrx_word' id='word_1_307' title='bbox 1464 2404 1600 2442; x_wconf 89' lang='grc' dir='ltr'>σου.</span> <span class='ocrx_word' id='word_1_308' title='bbox 1630 2388 1742 2457; x_wconf 79' lang='grc' dir='ltr'><strong>Τὴν</strong></span> 
     </span>
    </p>
   </div>
   <div class='ocr_carea' id='block_1_44' title="bbox 1812 2372 3414 2457">
    <p class='ocr_par' dir='ltr' id='par_1_44' title="bbox 1917 2372 3414 2449">
     <span class='ocr_line' id='line_1_44' title="bbox 1917 2372 3414 2449; baseline -0.008 -15"><span class='ocrx_word' id='word_1_309' title='bbox 1917 2380 1971 2433; x_wconf 88' lang='grc'>8.</span> <span class='ocrx_word' id='word_1_310' title='bbox 2005 2378 2192 2449; x_wconf 85' lang='lat' dir='ltr'><strong>Surge,</strong></span> <span class='ocrx_word' id='word_1_311' title='bbox 2222 2376 2456 2438; x_wconf 80' lang='lat' dir='ltr'><strong>Domine,</strong></span> <span class='ocrx_word' id='word_1_312' title='bbox 2482 2376 2536 2427; x_wconf 90' lang='lat' dir='ltr'><strong>in</strong></span> <span class='ocrx_word' id='word_1_313' title='bbox 2560 2374 2784 2442; x_wconf 79' lang='lat' dir='ltr'><strong>requiem</strong></span> <span class='ocrx_word' id='word_1_314' title='bbox 2816 2383 2982 2425; x_wconf 82' lang='lat' dir='ltr'><strong>luant.</strong></span> <span class='ocrx_word' id='word_1_315' title='bbox 3011 2372 3142 2441; x_wconf 84' lang='lat' dir='ltr'><strong>Ejus</strong></span> <span class='ocrx_word' id='word_1_316' title='bbox 3174 2372 3224 2424; x_wconf 91' lang='lat' dir='ltr'><strong>in</strong></span> <span class='ocrx_word' id='word_1_317' title='bbox 3248 2372 3414 2424; x_wconf 59' lang='grc' dir='ltr'><strong>(αλιος</strong></span> 
     </span>
    </p>
   </div>
   <div class='ocr_carea' id='block_1_45' title="bbox 168 2461 1770 2551">
    <p class='ocr_par' dir='ltr' id='par_1_45' title="bbox 168 2477 1743 2551">
     <span class='ocr_line' id='line_1_45' title="bbox 168 2477 1743 2551; baseline -0.004 -16"><span class='ocrx_word' id='word_1_318' title='bbox 168 2481 254 2545; x_wconf 79' lang='grc' dir='ltr'>εις</span> <span class='ocrx_word' id='word_1_319' title='bbox 276 2481 536 2551; x_wconf 78' lang='grc' dir='ltr'>οὐρανοὺς</span> <span class='ocrx_word' id='word_1_320' title='bbox 563 2478 829 2549; x_wconf 77' lang='grc' dir='ltr'><strong>ἀνάληψιν</strong></span> <span class='ocrx_word' id='word_1_321' title='bbox 864 2479 1276 2532; x_wconf 72' lang='grc' dir='ltr'>ὲπισπεύδουσιν</span> <span class='ocrx_word' id='word_1_322' title='bbox 1312 2478 1499 2532; x_wconf 82' lang='grc' dir='ltr'>αὑτοῦ.</span> <span class='ocrx_word' id='word_1_323' title='bbox 1532 2479 1615 2532; x_wconf 87' lang='grc' dir='ltr'><strong>Σὺ</strong></span> <span class='ocrx_word' id='word_1_324' title='bbox 1642 2477 1743 2530; x_wconf 79' lang='grc' dir='ltr'><strong>καί</strong></span> 
     </span>
    </p>
   </div>
   <div class='ocr_carea' id='block_1_46' title="bbox 1810 2461 3412 2551">
    <p class='ocr_par' dir='ltr' id='par_1_46' title="bbox 1849 2461 3412 2536">
     <span class='ocr_line' id='line_1_46' title="bbox 1849 2461 3412 2536; baseline -0.007 -11"><span class='ocrx_word' id='word_1_325' title='bbox 1849 2485 2137 2526; x_wconf 87' lang='lat' dir='ltr'><strong>ascensum</strong></span> <span class='ocrx_word' id='word_1_326' title='bbox 2183 2466 2365 2520; x_wconf 81' lang='lat' dir='ltr'><strong>videre</strong></span> <span class='ocrx_word' id='word_1_327' title='bbox 2394 2465 2646 2536; x_wconf 75' lang='lat' dir='ltr'><strong>gestiunt.</strong></span> <span class='ocrx_word' id='word_1_328' title='bbox 2685 2461 2763 2516; x_wconf 87' lang='lat' dir='ltr'><strong>Tu</strong></span> <span class='ocrx_word' id='word_1_329' title='bbox 2792 2473 2842 2516; x_wconf 88' lang='lat' dir='ltr'><strong>et</strong></span> <span class='ocrx_word' id='word_1_330' title='bbox 2887 2479 3012 2516; x_wconf 87' lang='lat' dir='ltr'><strong>arca</strong></span> <span class='ocrx_word' id='word_1_331' title='bbox 3035 2461 3412 2529; x_wconf 76' lang='lat' dir='ltr'><strong>sanctiﬁcatio-</strong></span> 
     </span>
    </p>
   </div>
   <div class='ocr_carea' id='block_1_47' title="bbox 165 2550 1767 2637">
    <p class='ocr_par' dir='ltr' id='par_1_47' title="bbox 165 2550 1744 2637">
     <span class='ocr_line' id='line_1_47' title="bbox 165 2550 1744 2637; baseline -0.003 -12"><span class='ocrx_word' id='word_1_332' title='bbox 165 2570 208 2637; x_wconf 70' lang='grc' dir='ltr'>ἢ</span> <span class='ocrx_word' id='word_1_333' title='bbox 236 2550 478 2633; x_wconf 71' lang='grc' dir='ltr'>κιϐωτὸς</span> <span class='ocrx_word' id='word_1_334' title='bbox 506 2567 609 2621; x_wconf 88' lang='grc' dir='ltr'>τοῦ</span> <span class='ocrx_word' id='word_1_335' title='bbox 635 2569 1001 2637; x_wconf 72' lang='grc' dir='ltr'>ἁγιασματός</span> <span class='ocrx_word' id='word_1_336' title='bbox 1039 2582 1177 2622; x_wconf 89' lang='grc' dir='ltr'>σου.</span> <span class='ocrx_word' id='word_1_337' title='bbox 1211 2567 1455 2621; x_wconf 77' lang='grc' dir='ltr'>Κιὸωτδν</span> <span class='ocrx_word' id='word_1_338' title='bbox 1476 2568 1567 2619; x_wconf 83' lang='grc' dir='ltr'>τοῦ</span> <span class='ocrx_word' id='word_1_339' title='bbox 1592 2569 1744 2635; x_wconf 78' lang='grc' dir='ltr'>ἁγιά-</span> 
     </span>
    </p>
   </div>
   <div class='ocr_carea' id='block_1_48' title="bbox 1810 2550 3412 2637">
    <p class='ocr_par' dir='ltr' id='par_1_48' title="bbox 1851 2550 3412 2620">
     <span class='ocr_line' id='line_1_48' title="bbox 1851 2550 3412 2620; baseline -0.008 -6"><span class='ocrx_word' id='word_1_340' title='bbox 1851 2562 1931 2615; x_wconf 76' lang='lat' dir='ltr'><strong>nis</strong></span> <span class='ocrx_word' id='word_1_341' title='bbox 1958 2570 2081 2614; x_wconf 67' lang='lat' dir='ltr'><strong>tuae.</strong></span> <span class='ocrx_word' id='word_1_342' title='bbox 2126 2559 2322 2611; x_wconf 79' lang='lat' dir='ltr'><strong>Arcam</strong></span> <span class='ocrx_word' id='word_1_343' title='bbox 2374 2553 2819 2610; x_wconf 79' lang='lat' dir='ltr'><strong>sanctificationis</strong></span> <span class='ocrx_word' id='word_1_344' title='bbox 2857 2561 3101 2607; x_wconf 87' lang='lat' dir='ltr'><strong>sanetam</strong></span> <span class='ocrx_word' id='word_1_345' title='bbox 3133 2550 3250 2620; x_wconf 87' lang='lat' dir='ltr'><strong>ejus</strong></span> <span class='ocrx_word' id='word_1_346' title='bbox 3292 2566 3412 2603; x_wconf 78' lang='lat' dir='ltr'><strong>rar-</strong></span> 
     </span>
    </p>
   </div>
   <div class='ocr_carea' id='block_1_49' title="bbox 168 2658 1770 2735">
    <p class='ocr_par' dir='ltr' id='par_1_49' title="bbox 168 2660 1560 2735">
     <span class='ocr_line' id='line_1_49' title="bbox 168 2660 1560 2735; baseline -0.001 -19"><span class='ocrx_word' id='word_1_347' title='bbox 168 2678 376 2735; x_wconf 76' lang='grc' dir='ltr'>σματος</span> <span class='ocrx_word' id='word_1_348' title='bbox 404 2661 503 2732; x_wconf 82' lang='grc' dir='ltr'><strong>τὴν</strong></span> <span class='ocrx_word' id='word_1_349' title='bbox 529 2661 691 2729; x_wconf 82' lang='grc' dir='ltr'>ἁγίαν</span> <span class='ocrx_word' id='word_1_350' title='bbox 724 2661 887 2714; x_wconf 82' lang='grc' dir='ltr'><strong>αὐτοῦ</strong></span> <span class='ocrx_word' id='word_1_351' title='bbox 919 2661 1096 2732; x_wconf 92' lang='grc' dir='ltr'>σάρκα</span> <span class='ocrx_word' id='word_1_352' title='bbox 1123 2660 1308 2731; x_wconf 85' lang='grc' dir='ltr'>φησίν.</span> <span class='ocrx_word' id='word_1_353' title='bbox 1550 2716 1560 2729; x_wconf 70' lang='grc'><em>,</em></span> 
     </span>
    </p>
   </div>
   <div class='ocr_carea' id='block_1_50' title="bbox 568 2658 2170 2735">
    <p class='ocr_par' dir='ltr' id='par_1_50' title="bbox 568 2658 2170 2735">
     <span class='ocr_line' id='line_1_50' title="bbox 568 2658 2170 2735; baseline -0.009 -21"><span class='ocrx_word' id='word_1_354' title='bbox 568 2661 691 2729; x_wconf 84' lang='grc' dir='ltr'>γίαν</span> <span class='ocrx_word' id='word_1_355' title='bbox 724 2661 887 2714; x_wconf 82' lang='grc' dir='ltr'><strong>αὐτοῦ</strong></span> <span class='ocrx_word' id='word_1_356' title='bbox 919 2661 1096 2732; x_wconf 92' lang='grc' dir='ltr'>σάρκα</span> <span class='ocrx_word' id='word_1_357' title='bbox 1123 2660 1308 2731; x_wconf 83' lang='grc' dir='ltr'>φησίν.</span> <span class='ocrx_word' id='word_1_358' title='bbox 1550 2716 1560 2729; x_wconf 54' lang='grc'><em>,</em></span> <span class='ocrx_word' id='word_1_359' title='bbox 1848 2664 1971 2735; x_wconf 84' lang='lat' dir='ltr'><strong>nem</strong></span> <span class='ocrx_word' id='word_1_360' title='bbox 1998 2658 2170 2735; x_wconf 79' lang='lat' dir='ltr'><strong>vocat.</strong></span> 
     </span>
    </p>
   </div>
   <div class='ocr_carea' id='block_1_51' title="bbox 243 2730 1845 2822">
    <p class='ocr_par' dir='ltr' id='par_1_51' title="bbox 243 2730 1740 2822">
     <span class='ocr_line' id='line_1_51' title="bbox 243 2730 1740 2822; baseline -0.003 -15"><span class='ocrx_word' id='word_1_361' title='bbox 243 2756 311 2807; x_wconf 82' lang='lat' dir='ltr'><strong>Ol</strong></span> <span class='ocrx_word' id='word_1_362' title='bbox 361 2730 532 2822; x_wconf 71' lang='grc' dir='ltr'>ἱερεῖς</span> <span class='ocrx_word' id='word_1_363' title='bbox 576 2768 694 2807; x_wconf 90' lang='grc' dir='ltr'><strong>σου</strong></span> <span class='ocrx_word' id='word_1_364' title='bbox 722 2730 1078 2807; x_wconf 79' lang='grc' dir='ltr'>ἐνδύσονται</span> <span class='ocrx_word' id='word_1_365' title='bbox 1126 2730 1542 2818; x_wconf 74' lang='grc' dir='ltr'>δικαιοσύνην.</span> <span class='ocrx_word' id='word_1_366' title='bbox 1598 2751 1740 2803; x_wconf 69' lang='grc' dir='ltr'><strong>Οὑκο</strong></span> 
     </span>
    </p>
   </div>
   <div class='ocr_carea' id='block_1_52' title="bbox 1814 2730 3416 2822">
    <p class='ocr_par' dir='ltr' id='par_1_52' title="bbox 1922 2730 3416 2798">
     <span class='ocr_line' id='line_1_52' title="bbox 1922 2730 3416 2798; baseline -0.003 -11"><span class='ocrx_word' id='word_1_367' title='bbox 1922 2733 1973 2788; x_wconf 89' lang='grc'><strong>9.</strong></span> <span class='ocrx_word' id='word_1_368' title='bbox 2005 2732 2311 2787; x_wconf 81' lang='lat' dir='ltr'><strong>Sacerdotes</strong></span> <span class='ocrx_word' id='word_1_369' title='bbox 2348 2732 2423 2784; x_wconf 84' lang='lat' dir='ltr'><strong>tui</strong></span> <span class='ocrx_word' id='word_1_370' title='bbox 2457 2730 2737 2783; x_wconf 76' lang='lat' dir='ltr'><strong>induantur</strong></span> <span class='ocrx_word' id='word_1_371' title='bbox 2763 2730 3053 2798; x_wconf 82' lang='lat' dir='ltr'><strong>justitiam.</strong></span> <span class='ocrx_word' id='word_1_372' title='bbox 3096 2730 3213 2785; x_wconf 90' lang='lat' dir='ltr'><strong>Non</strong></span> <span class='ocrx_word' id='word_1_373' title='bbox 3256 2731 3416 2787; x_wconf 75' lang='lat' dir='ltr'><strong>vesti-</strong></span> 
     </span>
    </p>
   </div>
   <div class='ocr_carea' id='block_1_53' title="bbox 167 2818 1769 2915">
    <p class='ocr_par' dir='ltr' id='par_1_53' title="bbox 167 2818 1741 2915">
     <span class='ocr_line' id='line_1_53' title="bbox 167 2818 1741 2915; baseline -0.003 -18"><span class='ocrx_word' id='word_1_374' title='bbox 167 2843 273 2907; x_wconf 73' lang='grc' dir='ltr'><strong>ἑτι,</strong></span> <span class='ocrx_word' id='word_1_375' title='bbox 303 2818 459 2915; x_wconf 67' lang='grc' dir='ltr'>φησὶ,</span> <span class='ocrx_word' id='word_1_376' title='bbox 486 2818 624 2896; x_wconf 80' lang='grc' dir='ltr'><strong>κατά</strong></span> <span class='ocrx_word' id='word_1_377' title='bbox 648 2842 737 2896; x_wconf 84' lang='grc' dir='ltr'><strong>τὸν</strong></span> <span class='ocrx_word' id='word_1_378' title='bbox 769 2841 933 2912; x_wconf 84' lang='grc' dir='ltr'>νόμον</span> <span class='ocrx_word' id='word_1_379' title='bbox 964 2842 1175 2907; x_wconf 78' lang='grc' dir='ltr'>στολάς,</span> <span class='ocrx_word' id='word_1_380' title='bbox 1202 2843 1315 2895; x_wconf 79' lang='grc' dir='ltr'>ἀλλ’</span> <span class='ocrx_word' id='word_1_381' title='bbox 1344 2842 1512 2911; x_wconf 81' lang='grc' dir='ltr'>αὐτὴν</span> <span class='ocrx_word' id='word_1_382' title='bbox 1538 2840 1634 2911; x_wconf 78' lang='grc' dir='ltr'>τὴν</span> <span class='ocrx_word' id='word_1_383' title='bbox 1660 2842 1741 2894; x_wconf 86' lang='grc' dir='ltr'>δι-</span> 
     </span>
    </p>
   </div>
   <div class='ocr_carea' id='block_1_54' title="bbox 1812 2818 3414 2915">
    <p class='ocr_par' dir='ltr' id='par_1_54' title="bbox 1851 2818 3414 2890">
     <span class='ocr_line' id='line_1_54' title="bbox 1851 2818 3414 2890; baseline -0.004 -11"><span class='ocrx_word' id='word_1_384' title='bbox 1851 2835 2030 2879; x_wconf 84' lang='lat' dir='ltr'><strong>menta</strong></span> <span class='ocrx_word' id='word_1_385' title='bbox 2051 2824 2116 2877; x_wconf 91' lang='lat' dir='ltr'><strong>de</strong></span> <span class='ocrx_word' id='word_1_386' title='bbox 2145 2838 2313 2885; x_wconf 85' lang='lat' dir='ltr'><strong>more,</strong></span> <span class='ocrx_word' id='word_1_387' title='bbox 2335 2821 2529 2890; x_wconf 84' lang='lat' dir='ltr'><strong>inquit,</strong></span> <span class='ocrx_word' id='word_1_388' title='bbox 2562 2820 2653 2872; x_wconf 86' lang='lat' dir='ltr'><strong>sed</strong></span> <span class='ocrx_word' id='word_1_389' title='bbox 2680 2822 2849 2887; x_wconf 88' lang='lat' dir='ltr'><strong>ipsam</strong></span> <span class='ocrx_word' id='word_1_390' title='bbox 2875 2818 3173 2887; x_wconf 84' lang='lat' dir='ltr'><strong>iustitiam;</strong></span> <span class='ocrx_word' id='word_1_391' title='bbox 3204 2820 3414 2889; x_wconf 77' lang='lat' dir='ltr'><strong>justitia</strong></span> 
     </span>
    </p>
   </div>
   <div class='ocr_carea' id='block_1_55' title="bbox 168 2914 1770 3003">
    <p class='ocr_par' dir='ltr' id='par_1_55' title="bbox 168 2929 1261 3003">
     <span class='ocr_line' id='line_1_55' title="bbox 168 2929 1261 3003; baseline -0.005 -16"><span class='ocrx_word' id='word_1_392' title='bbox 168 2932 484 3003; x_wconf 81' lang='grc' dir='ltr'>καιοσύνην.</span> <span class='ocrx_word' id='word_1_393' title='bbox 522 2929 845 3001; x_wconf 83' lang='grc' dir='ltr'><strong>Δικαιοσύνη</strong></span> <span class='ocrx_word' id='word_1_394' title='bbox 872 2931 927 2982; x_wconf 82' lang='grc' dir='ltr'>δὲ</span> <span class='ocrx_word' id='word_1_395' title='bbox 955 2933 983 2982; x_wconf 90' lang='lat'><strong>6</strong></span> <span class='ocrx_word' id='word_1_396' title='bbox 1009 2930 1261 2999; x_wconf 83' lang='grc' dir='ltr'>Χριστός.</span> 
     </span>
    </p>
   </div>
   <div class='ocr_carea' id='block_1_56' title="bbox 837 2914 2439 3003">
    <p class='ocr_par' dir='ltr' id='par_1_56' title="bbox 837 2914 2439 3001">
     <span class='ocr_line' id='line_1_56' title="bbox 837 2914 2439 3001; baseline -0.01 -18"><span class='ocrx_word' id='word_1_397' title='bbox 837 2949 845 3001; x_wconf 72' lang='grc' dir='ltr'><strong>ι</strong></span> <span class='ocrx_word' id='word_1_398' title='bbox 872 2931 927 2982; x_wconf 83' lang='grc' dir='ltr'>δὲ</span> <span class='ocrx_word' id='word_1_399' title='bbox 955 2933 983 2982; x_wconf 90' lang='lat'><strong>6</strong></span> <span class='ocrx_word' id='word_1_400' title='bbox 1009 2930 1261 2999; x_wconf 83' lang='grc' dir='ltr'>Χριστός.</span> <span class='ocrx_word' id='word_1_401' title='bbox 1852 2927 2031 2971; x_wconf 87' lang='lat' dir='ltr'><strong>autem</strong></span> <span class='ocrx_word' id='word_1_402' title='bbox 2058 2925 2141 2970; x_wconf 77' lang='lat' dir='ltr'><strong>est</strong></span> <span class='ocrx_word' id='word_1_403' title='bbox 2169 2914 2439 2969; x_wconf 87' lang='lat' dir='ltr'><strong>Christus.</strong></span> 
     </span>
    </p>
   </div>
   <div class='ocr_carea' id='block_1_57' title="bbox 241 3004 1843 3089">
    <p class='ocr_par' dir='ltr' id='par_1_57' title="bbox 241 3018 1744 3089">
     <span class='ocr_line' id='line_1_57' title="bbox 241 3018 1744 3089; baseline 0.017 -15"><span class='ocrx_word' id='word_1_404' title='bbox 241 3024 490 3076; x_wconf 81' lang='grc' dir='ltr'>Ἕνεκεν</span> <span class='ocrx_word' id='word_1_405' title='bbox 515 3020 695 3075; x_wconf 86' lang='grc' dir='ltr'>Δαυῒδ</span> <span class='ocrx_word' id='word_1_406' title='bbox 714 3020 819 3075; x_wconf 86' lang='grc' dir='ltr'>τοῦ</span> <span class='ocrx_word' id='word_1_407' title='bbox 852 3019 1075 3073; x_wconf 75' lang='grc' dir='ltr'>δούλου</span> <span class='ocrx_word' id='word_1_408' title='bbox 1105 3034 1222 3073; x_wconf 80' lang='grc' dir='ltr'><strong>σου</strong></span> <span class='ocrx_word' id='word_1_409' title='bbox 1239 3018 1324 3089; x_wconf 79' lang='grc' dir='ltr'><em>μὴ</em></span> <span class='ocrx_word' id='word_1_410' title='bbox 1351 3018 1744 3088; x_wconf 58' lang='grc' dir='ltr'><strong>ἀποστρέψης</strong></span> 
     </span>
    </p>
   </div>
   <div class='ocr_carea' id='block_1_58' title="bbox 1813 3004 3415 3089">
    <p class='ocr_par' dir='ltr' id='par_1_58' title="bbox 1927 3004 3415 3076">
     <span class='ocr_line' id='line_1_58' title="bbox 1927 3004 3415 3076; baseline -0.004 -15"><span class='ocrx_word' id='word_1_411' title='bbox 1927 3009 2010 3061; x_wconf 81' lang='grc'>10.</span> <span class='ocrx_word' id='word_1_412' title='bbox 2062 3007 2285 3076; x_wconf 84' lang='lat' dir='ltr'><strong>Propter</strong></span> <span class='ocrx_word' id='word_1_413' title='bbox 2322 3006 2487 3058; x_wconf 83' lang='lat' dir='ltr'><strong>David</strong></span> <span class='ocrx_word' id='word_1_414' title='bbox 2533 3021 2736 3058; x_wconf 82' lang='lat' dir='ltr'><strong>servum</strong></span> <span class='ocrx_word' id='word_1_415' title='bbox 2773 3013 2919 3057; x_wconf 90' lang='lat' dir='ltr'><strong>tuum</strong></span> <span class='ocrx_word' id='word_1_416' title='bbox 2963 3019 3063 3056; x_wconf 86' lang='lat' dir='ltr'><strong>non</strong></span> <span class='ocrx_word' id='word_1_417' title='bbox 3096 3012 3299 3056; x_wconf 78' lang='lat' dir='ltr'><strong>avertas</strong></span> <span class='ocrx_word' id='word_1_418' title='bbox 3335 3004 3415 3070; x_wconf 83' lang='lat' dir='ltr'><strong>{a-</strong></span> 
     </span>
    </p>
   </div>
   <div class='ocr_carea' id='block_1_59' title="bbox 166 3095 1768 3181">
    <p class='ocr_par' dir='ltr' id='par_1_59' title="bbox 166 3110 1745 3181">
     <span class='ocr_line' id='line_1_59' title="bbox 166 3110 1745 3181; baseline -0.004 -13"><span class='ocrx_word' id='word_1_419' title='bbox 166 3114 238 3169; x_wconf 79' lang='grc' dir='ltr'>τὸ</span> <span class='ocrx_word' id='word_1_420' title='bbox 263 3115 587 3181; x_wconf 78' lang='grc' dir='ltr'>πρόσωπον</span> <span class='ocrx_word' id='word_1_421' title='bbox 606 3111 711 3165; x_wconf 85' lang='grc' dir='ltr'>τοῦ</span> <span class='ocrx_word' id='word_1_422' title='bbox 742 3110 994 3180; x_wconf 84' lang='grc' dir='ltr'>Χριστοῦ</span> <span class='ocrx_word' id='word_1_423' title='bbox 1021 3126 1158 3165; x_wconf 90' lang='grc' dir='ltr'>σου.</span> <span class='ocrx_word' id='word_1_424' title='bbox 1189 3110 1341 3164; x_wconf 88' lang='grc' dir='ltr'>Μετά</span> <span class='ocrx_word' id='word_1_425' title='bbox 1366 3110 1467 3181; x_wconf 77' lang='grc' dir='ltr'>τῆς</span> <span class='ocrx_word' id='word_1_426' title='bbox 1500 3113 1579 3173; x_wconf 88' lang='grc' dir='ltr'><strong>είς</strong></span> <span class='ocrx_word' id='word_1_427' title='bbox 1616 3112 1745 3163; x_wconf 77' lang='grc' dir='ltr'>πάνο</span> 
     </span>
    </p>
   </div>
   <div class='ocr_carea' id='block_1_60' title="bbox 1814 3095 3416 3181">
    <p class='ocr_par' dir='ltr' id='par_1_60' title="bbox 1852 3095 3416 3165">
     <span class='ocr_line' id='line_1_60' title="bbox 1852 3095 3416 3165; baseline -0.002 -15"><span class='ocrx_word' id='word_1_428' title='bbox 1852 3098 1980 3151; x_wconf 84' lang='lat' dir='ltr'><strong>cient</strong></span> <span class='ocrx_word' id='word_1_429' title='bbox 2033 3097 2232 3152; x_wconf 81' lang='lat' dir='ltr'><strong>Christi</strong></span> <span class='ocrx_word' id='word_1_430' title='bbox 2274 3099 2371 3150; x_wconf 86' lang='lat' dir='ltr'><strong>tui.</strong></span> <span class='ocrx_word' id='word_1_431' title='bbox 2425 3097 2538 3165; x_wconf 79' lang='lat'><strong>(5|)</strong></span> <span class='ocrx_word' id='word_1_432' title='bbox 2570 3095 2705 3148; x_wconf 89' lang='lat' dir='ltr'><strong>Cum</strong></span> <span class='ocrx_word' id='word_1_433' title='bbox 2748 3095 3133 3149; x_wconf 70' lang='lat' dir='ltr'><strong>beneficiorum</strong></span> <span class='ocrx_word' id='word_1_434' title='bbox 3164 3095 3416 3148; x_wconf 84' lang='lat' dir='ltr'><strong>omnibus</strong></span> 
     </span>
    </p>
   </div>
   <div class='ocr_carea' id='block_1_61' title="bbox 168 3179 1770 3275">
    <p class='ocr_par' dir='ltr' id='par_1_61' title="bbox 168 3202 1741 3275">
     <span class='ocr_line' id='line_1_61' title="bbox 168 3202 1741 3275; baseline -0.004 -14"><span class='ocrx_word' id='word_1_435' title='bbox 168 3221 269 3269; x_wconf 86' lang='grc' dir='ltr'><strong>τας</strong></span> <span class='ocrx_word' id='word_1_436' title='bbox 301 3203 619 3275; x_wconf 77' lang='grc' dir='ltr'>ἀνθρώπους</span> <span class='ocrx_word' id='word_1_437' title='bbox 651 3202 969 3274; x_wconf 81' lang='grc' dir='ltr'>εὐεργεσίας</span> <span class='ocrx_word' id='word_1_438' title='bbox 1001 3203 1095 3257; x_wconf 69' lang='grc' dir='ltr'>καὶ</span> <span class='ocrx_word' id='word_1_439' title='bbox 1122 3202 1216 3256; x_wconf 76' lang='grc' dir='ltr'>τοῦ</span> <span class='ocrx_word' id='word_1_440' title='bbox 1244 3202 1405 3256; x_wconf 81' lang='grc' dir='ltr'>Δαυῒδ</span> <span class='ocrx_word' id='word_1_441' title='bbox 1431 3202 1697 3275; x_wconf 80' lang='grc' dir='ltr'>μνήσθητι</span> <span class='ocrx_word' id='word_1_442' title='bbox 1726 3245 1741 3269; x_wconf 88' lang='grc'><em>,</em></span> 
     </span>
    </p>
   </div>
   <div class='ocr_carea' id='block_1_62' title="bbox 1812 3179 3414 3275">
    <p class='ocr_par' dir='ltr' id='par_1_62' title="bbox 1812 3180 3414 3255">
     <span class='ocr_line' id='line_1_62' title="bbox 1812 3180 3414 3255; baseline -0.005 -11"><span class='ocrx_word' id='word_1_443' title='bbox 1812 3180 1819 3237; x_wconf 72' lang='grc' dir='ltr'><strong>ἶ</strong></span> <span class='ocrx_word' id='word_1_444' title='bbox 1852 3190 2161 3244; x_wconf 88' lang='lat' dir='ltr'><strong>hominibus</strong></span> <span class='ocrx_word' id='word_1_445' title='bbox 2187 3189 2523 3251; x_wconf 79' lang='lat' dir='ltr'><strong>eollatorum,</strong></span> <span class='ocrx_word' id='word_1_446' title='bbox 2557 3195 2669 3239; x_wconf 90' lang='lat' dir='ltr'><strong>tum</strong></span> <span class='ocrx_word' id='word_1_447' title='bbox 2702 3182 2918 3239; x_wconf 78' lang='lat' dir='ltr'><strong>Davidis</strong></span> <span class='ocrx_word' id='word_1_448' title='bbox 2942 3197 3234 3251; x_wconf 86' lang='lat' dir='ltr'><strong>memento,</strong></span> <span class='ocrx_word' id='word_1_449' title='bbox 3257 3202 3414 3255; x_wconf 81' lang='lat' dir='ltr'><strong>quem</strong></span> 
     </span>
    </p>
   </div>
   <div class='ocr_carea' id='block_1_63' title="bbox 170 3274 1772 3365">
    <p class='ocr_par' dir='ltr' id='par_1_63' title="bbox 170 3274 1749 3365">
     <span class='ocr_line' id='line_1_63' title="bbox 170 3274 1749 3365; baseline -0.003 -18"><span class='ocrx_word' id='word_1_450' title='bbox 170 3296 201 3347; x_wconf 86' lang='lat'><strong>6</strong></span> <span class='ocrx_word' id='word_1_451' title='bbox 234 3274 466 3363; x_wconf 82' lang='grc' dir='ltr'>ποιήσας</span> <span class='ocrx_word' id='word_1_452' title='bbox 492 3292 654 3346; x_wconf 80' lang='grc' dir='ltr'>αὑτὸν</span> <span class='ocrx_word' id='word_1_453' title='bbox 684 3292 1029 3365; x_wconf 69' lang='grc' dir='ltr'>ἐπιστρέφειν</span> <span class='ocrx_word' id='word_1_454' title='bbox 1056 3291 1146 3343; x_wconf 83' lang='grc' dir='ltr'>διὰ</span> <span class='ocrx_word' id='word_1_455' title='bbox 1175 3290 1272 3361; x_wconf 83' lang='grc' dir='ltr'>τὴν</span> <span class='ocrx_word' id='word_1_456' title='bbox 1300 3291 1596 3361; x_wconf 84' lang='grc' dir='ltr'>ἁμαρτίαν.</span> <span class='ocrx_word' id='word_1_457' title='bbox 1628 3274 1749 3344; x_wconf 71' lang='lat' dir='ltr'><strong>A05-</strong></span> 
     </span>
    </p>
   </div>
   <div class='ocr_carea' id='block_1_64' title="bbox 1786 3274 3388 3365">
    <p class='ocr_par' dir='ltr' id='par_1_64' title="bbox 1852 3274 3388 3350">
     <span class='ocr_line' id='line_1_64' title="bbox 1852 3274 3388 3350; baseline -0.005 -17"><span class='ocrx_word' id='word_1_458' title='bbox 1852 3289 2073 3350; x_wconf 90' lang='lat' dir='ltr'><strong>propter</strong></span> <span class='ocrx_word' id='word_1_459' title='bbox 2104 3290 2384 3348; x_wconf 80' lang='lat' dir='ltr'><strong>peceatum</strong></span> <span class='ocrx_word' id='word_1_460' title='bbox 2424 3278 2492 3331; x_wconf 89' lang='lat' dir='ltr'><strong>ad</strong></span> <span class='ocrx_word' id='word_1_461' title='bbox 2522 3274 2931 3331; x_wconf 86' lang='lat' dir='ltr'><strong>conversionem</strong></span> <span class='ocrx_word' id='word_1_462' title='bbox 2961 3274 3253 3329; x_wconf 80' lang='lat' dir='ltr'><strong>adduxisti.</strong></span> <span class='ocrx_word' id='word_1_463' title='bbox 3292 3274 3388 3329; x_wconf 88' lang='lat' dir='ltr'><strong>Ser</strong></span> 
     </span>
    </p>
   </div>
   <div class='ocr_carea' id='block_1_65' title="bbox 170 3366 1772 3458">
    <p class='ocr_par' dir='ltr' id='par_1_65' title="bbox 170 3382 1749 3458">
     <span class='ocr_line' id='line_1_65' title="bbox 170 3382 1749 3458; baseline -0.003 -18"><span class='ocrx_word' id='word_1_464' title='bbox 170 3387 264 3451; x_wconf 85' lang='grc' dir='ltr'><strong>λος</strong></span> <span class='ocrx_word' id='word_1_465' title='bbox 294 3386 403 3458; x_wconf 78' lang='grc' dir='ltr'><strong>γάρ</strong></span> <span class='ocrx_word' id='word_1_466' title='bbox 435 3386 463 3434; x_wconf 82' lang='lat'><strong>6</strong></span> <span class='ocrx_word' id='word_1_467' title='bbox 492 3383 551 3449; x_wconf 77' lang='grc' dir='ltr'><strong>ἐξ</strong></span> <span class='ocrx_word' id='word_1_468' title='bbox 579 3383 742 3437; x_wconf 72' lang='grc' dir='ltr'>αὑτοῦ</span> <span class='ocrx_word' id='word_1_469' title='bbox 772 3382 911 3436; x_wconf 89' lang='grc' dir='ltr'><strong>κατά</strong></span> <span class='ocrx_word' id='word_1_470' title='bbox 948 3382 1127 3453; x_wconf 81' lang='grc' dir='ltr'>σάρκα</span> <span class='ocrx_word' id='word_1_471' title='bbox 1149 3382 1328 3435; x_wconf 74' lang='grc' dir='ltr'>λαϐὼν</span> <span class='ocrx_word' id='word_1_472' title='bbox 1366 3384 1466 3452; x_wconf 80' lang='grc' dir='ltr'><strong>τὴν</strong></span> <span class='ocrx_word' id='word_1_473' title='bbox 1504 3383 1597 3436; x_wconf 79' lang='grc' dir='ltr'>τοῦ</span> <span class='ocrx_word' id='word_1_474' title='bbox 1624 3382 1749 3436; x_wconf 78' lang='grc' dir='ltr'>δού-</span> 
     </span>
    </p>
   </div>
   <div class='ocr_carea' id='block_1_66' title="bbox 1815 3366 3417 3458">
    <p class='ocr_par' dir='ltr' id='par_1_66' title="bbox 1851 3366 3417 3440">
     <span class='ocr_line' id='line_1_66' title="bbox 1851 3366 3417 3440; baseline -0.003 -17"><span class='ocrx_word' id='word_1_475' title='bbox 1851 3387 1952 3426; x_wconf 85' lang='lat' dir='ltr'><strong>vtts</strong></span> <span class='ocrx_word' id='word_1_476' title='bbox 1981 3372 2179 3440; x_wconf 78' lang='lat' dir='ltr'><strong>quippe</strong></span> <span class='ocrx_word' id='word_1_477' title='bbox 2210 3378 2291 3425; x_wconf 88' lang='lat' dir='ltr'><strong>est</strong></span> <span class='ocrx_word' id='word_1_478' title='bbox 2334 3368 2426 3439; x_wconf 93' lang='lat' dir='ltr'><strong>qui</strong></span> <span class='ocrx_word' id='word_1_479' title='bbox 2456 3384 2522 3422; x_wconf 82' lang='lat' dir='ltr'><strong>ex</strong></span> <span class='ocrx_word' id='word_1_480' title='bbox 2558 3368 2651 3422; x_wconf 91' lang='lat' dir='ltr'><strong>illo</strong></span> <span class='ocrx_word' id='word_1_481' title='bbox 2694 3366 2995 3420; x_wconf 87' lang='lat' dir='ltr'><strong>secundum</strong></span> <span class='ocrx_word' id='word_1_482' title='bbox 3028 3381 3245 3421; x_wconf 82' lang='lat' dir='ltr'><strong>carnem</strong></span> <span class='ocrx_word' id='word_1_483' title='bbox 3278 3382 3417 3420; x_wconf 79' lang='lat' dir='ltr'><strong>sem</strong></span> 
     </span>
    </p>
   </div>
   <div class='ocr_carea' id='block_1_67' title="bbox 171 3464 1773 3550">
    <p class='ocr_par' dir='ltr' id='par_1_67' title="bbox 171 3478 538 3550">
     <span class='ocr_line' id='line_1_67' title="bbox 171 3478 538 3550; baseline -0.011 -17"><span class='ocrx_word' id='word_1_484' title='bbox 171 3478 269 3533; x_wconf 91' lang='grc' dir='ltr'><strong>λου</strong></span> <span class='ocrx_word' id='word_1_485' title='bbox 302 3480 538 3550; x_wconf 75' lang='grc' dir='ltr'>μορφήν.</span> 
     </span>
    </p>
   </div>
   <div class='ocr_carea' id='block_1_68' title="bbox 738 3464 2340 3550">
    <p class='ocr_par' dir='ltr' id='par_1_68' title="bbox 1849 3464 2340 3533">
     <span class='ocr_line' id='line_1_68' title="bbox 1849 3464 2340 3533; baseline -0.004 -15"><span class='ocrx_word' id='word_1_486' title='bbox 1849 3464 2082 3518; x_wconf 84' lang='lat' dir='ltr'><strong>formam</strong></span> <span class='ocrx_word' id='word_1_487' title='bbox 2117 3464 2340 3533; x_wconf 84' lang='lat' dir='ltr'><strong>accepit.</strong></span> 
     </span>
    </p>
   </div>
   <div class='ocr_carea' id='block_1_69' title="bbox 251 3549 1853 3638">
    <p class='ocr_par' dir='ltr' id='par_1_69' title="bbox 251 3549 1748 3638">
     <span class='ocr_line' id='line_1_69' title="bbox 251 3549 1748 3638; baseline -0.002 -15"><span class='ocrx_word' id='word_1_488' title='bbox 251 3549 473 3638; x_wconf 84' lang='grc' dir='ltr'>Ὠμοσε</span> <span class='ocrx_word' id='word_1_489' title='bbox 508 3566 729 3638; x_wconf 76' lang='grc' dir='ltr'>Κύριος</span> <span class='ocrx_word' id='word_1_490' title='bbox 770 3565 851 3633; x_wconf 88' lang='grc' dir='ltr'>τῷ</span> <span class='ocrx_word' id='word_1_491' title='bbox 901 3565 1082 3620; x_wconf 84' lang='grc' dir='ltr'>Δαυτδ</span> <span class='ocrx_word' id='word_1_492' title='bbox 1130 3565 1436 3631; x_wconf 66' lang='grc' dir='ltr'>ἀλήθειαν.</span> <span class='ocrx_word' id='word_1_493' title='bbox 1485 3568 1594 3621; x_wconf 69' lang='grc' dir='ltr'><strong>Καὶ</strong></span> <span class='ocrx_word' id='word_1_494' title='bbox 1645 3568 1748 3620; x_wconf 80' lang='grc' dir='ltr'>ποῦ</span> 
     </span>
    </p>
   </div>
   <div class='ocr_carea' id='block_1_70' title="bbox 1812 3549 3414 3638">
    <p class='ocr_par' dir='ltr' id='par_1_70' title="bbox 1926 3549 3414 3619">
     <span class='ocr_line' id='line_1_70' title="bbox 1926 3549 3414 3619; baseline -0.004 -10"><span class='ocrx_word' id='word_1_495' title='bbox 1926 3555 2007 3609; x_wconf 80' lang='lat' dir='ltr'><strong>Il.</strong></span> <span class='ocrx_word' id='word_1_496' title='bbox 2032 3553 2244 3608; x_wconf 71' lang='lat' dir='ltr'><strong>Iuravit</strong></span> <span class='ocrx_word' id='word_1_497' title='bbox 2268 3554 2524 3607; x_wconf 82' lang='lat' dir='ltr'><strong>Dominus</strong></span> <span class='ocrx_word' id='word_1_498' title='bbox 2565 3552 2731 3606; x_wconf 82' lang='lat' dir='ltr'><strong>David</strong></span> <span class='ocrx_word' id='word_1_499' title='bbox 2756 3556 3045 3608; x_wconf 77' lang='lat' dir='ltr'><strong>veritatem.</strong></span> <span class='ocrx_word' id='word_1_500' title='bbox 3085 3549 3150 3604; x_wconf 87' lang='lat' dir='ltr'><strong>Et</strong></span> <span class='ocrx_word' id='word_1_501' title='bbox 3173 3551 3414 3619; x_wconf 88' lang='lat' dir='ltr'><strong>quando-</strong></span> 
     </span>
    </p>
   </div>
   <div class='ocr_carea' id='block_1_71' title="bbox 170 3644 1772 3731">
    <p class='ocr_par' dir='ltr' id='par_1_71' title="bbox 170 3658 1745 3731">
     <span class='ocr_line' id='line_1_71' title="bbox 170 3658 1745 3731; baseline -0.001 -15"><span class='ocrx_word' id='word_1_502' title='bbox 170 3662 255 3723; x_wconf 81' lang='grc' dir='ltr'><strong>τὺ.</strong></span> <span class='ocrx_word' id='word_1_503' title='bbox 285 3660 528 3731; x_wconf 75' lang='grc' dir='ltr'>ὤμοσενς</span> <span class='ocrx_word' id='word_1_504' title='bbox 572 3662 630 3713; x_wconf 80' lang='grc' dir='ltr'><strong>ἐν</strong></span> <span class='ocrx_word' id='word_1_505' title='bbox 675 3659 753 3730; x_wconf 81' lang='grc' dir='ltr'>τῷ</span> <span class='ocrx_word' id='word_1_506' title='bbox 797 3660 968 3713; x_wconf 79' lang='grc' dir='ltr'>είπεῖν</span> <span class='ocrx_word' id='word_1_507' title='bbox 1009 3673 1144 3730; x_wconf 81' lang='grc' dir='ltr'>προς</span> <span class='ocrx_word' id='word_1_508' title='bbox 1183 3660 1376 3713; x_wconf 81' lang='grc' dir='ltr'>αὐτόν·</span> <span class='ocrx_word' id='word_1_509' title='bbox 1411 3658 1524 3712; x_wconf 79' lang='grc' dir='ltr'><strong>Καὶ</strong></span> <span class='ocrx_word' id='word_1_510' title='bbox 1551 3660 1745 3725; x_wconf 77' lang='grc' dir='ltr'>ἔσται,</span> 
     </span>
    </p>
   </div>
   <div class='ocr_carea' id='block_1_72' title="bbox 1813 3644 3415 3731">
    <p class='ocr_par' dir='ltr' id='par_1_72' title="bbox 1851 3644 3415 3713">
     <span class='ocr_line' id='line_1_72' title="bbox 1851 3644 3415 3713; baseline -0.004 -13"><span class='ocrx_word' id='word_1_511' title='bbox 1851 3662 1975 3700; x_wconf 88' lang='lat' dir='ltr'><strong>nam</strong></span> <span class='ocrx_word' id='word_1_512' title='bbox 1994 3644 2229 3713; x_wconf 81' lang='lat' dir='ltr'><strong>juravit?</strong></span> <span class='ocrx_word' id='word_1_513' title='bbox 2253 3659 2375 3697; x_wconf 90' lang='lat' dir='ltr'><strong>cum</strong></span> <span class='ocrx_word' id='word_1_514' title='bbox 2394 3644 2596 3698; x_wconf 76' lang='lat' dir='ltr'><strong>diceret</strong></span> <span class='ocrx_word' id='word_1_515' title='bbox 2616 3646 2664 3697; x_wconf 91' lang='lat' dir='ltr'><strong>ei</strong></span> <span class='ocrx_word' id='word_1_516' title='bbox 2684 3645 2763 3699; x_wconf 82' lang='lat' dir='ltr'><strong>l&quot;;</strong></span> <span class='ocrx_word' id='word_1_517' title='bbox 2799 3644 2866 3699; x_wconf 84' lang='lat' dir='ltr'><strong>Et</strong></span> <span class='ocrx_word' id='word_1_518' title='bbox 2889 3645 2989 3698; x_wconf 89' lang='lat' dir='ltr'><strong>erit</strong></span> <span class='ocrx_word' id='word_1_519' title='bbox 3012 3653 3289 3713; x_wconf 83' lang='lat' dir='ltr'><strong>postquam</strong></span> <span class='ocrx_word' id='word_1_520' title='bbox 3312 3644 3415 3696; x_wconf 82' lang='lat' dir='ltr'><strong>im-</strong></span> 
     </span>
    </p>
   </div>
   <div class='ocr_carea' id='block_1_73' title="bbox 171 3733 1773 3823">
    <p class='ocr_par' dir='ltr' id='par_1_73' title="bbox 171 3749 1747 3823">
     <span class='ocr_line' id='line_1_73' title="bbox 171 3749 1747 3823; baseline 0.001 -19"><span class='ocrx_word' id='word_1_521' title='bbox 171 3752 324 3805; x_wconf 75' lang='grc' dir='ltr'>ὅταν</span> <span class='ocrx_word' id='word_1_522' title='bbox 358 3749 752 3820; x_wconf 76' lang='grc' dir='ltr'>πληρωθῶσιν</span> <span class='ocrx_word' id='word_1_523' title='bbox 784 3754 843 3803; x_wconf 82' lang='grc' dir='ltr'>αὶ</span> <span class='ocrx_word' id='word_1_524' title='bbox 870 3751 1081 3819; x_wconf 69' lang='grc' dir='ltr'>ἡμέραι</span> <span class='ocrx_word' id='word_1_525' title='bbox 1104 3766 1245 3816; x_wconf 84' lang='grc' dir='ltr'>σου,</span> <span class='ocrx_word' id='word_1_526' title='bbox 1280 3751 1379 3805; x_wconf 78' lang='grc' dir='ltr'>καὶ</span> <span class='ocrx_word' id='word_1_527' title='bbox 1408 3753 1747 3823; x_wconf 78' lang='grc' dir='ltr'>κοιμηθήσῃ</span> 
     </span>
    </p>
   </div>
   <div class='ocr_carea' id='block_1_74' title="bbox 1813 3733 3415 3823">
    <p class='ocr_par' dir='ltr' id='par_1_74' title="bbox 1850 3733 3415 3807">
     <span class='ocr_line' id='line_1_74' title="bbox 1850 3733 3415 3807; baseline -0.003 -16"><span class='ocrx_word' id='word_1_528' title='bbox 1850 3737 1974 3807; x_wconf 83' lang='lat' dir='ltr'><strong>pleti</strong></span> <span class='ocrx_word' id='word_1_529' title='bbox 2000 3737 2193 3807; x_wconf 78' lang='lat' dir='ltr'><strong>fuerint</strong></span> <span class='ocrx_word' id='word_1_530' title='bbox 2221 3736 2333 3788; x_wconf 84' lang='lat' dir='ltr'><strong>dies</strong></span> <span class='ocrx_word' id='word_1_531' title='bbox 2367 3736 2463 3800; x_wconf 87' lang='lat' dir='ltr'><strong>tui,</strong></span> <span class='ocrx_word' id='word_1_532' title='bbox 2499 3745 2545 3787; x_wconf 87' lang='lat' dir='ltr'><strong>et</strong></span> <span class='ocrx_word' id='word_1_533' title='bbox 2580 3734 2857 3789; x_wconf 85' lang='lat' dir='ltr'><strong>dormieris</strong></span> <span class='ocrx_word' id='word_1_534' title='bbox 2887 3750 3005 3786; x_wconf 89' lang='lat' dir='ltr'><strong>cum</strong></span> <span class='ocrx_word' id='word_1_535' title='bbox 3026 3733 3263 3801; x_wconf 85' lang='lat' dir='ltr'><strong>patribus</strong></span> <span class='ocrx_word' id='word_1_536' title='bbox 3289 3735 3415 3795; x_wconf 82' lang='lat' dir='ltr'><strong>tuis,</strong></span> 
     </span>
    </p>
   </div>
   <div class='ocr_carea' id='block_1_75' title="bbox 164 3825 1766 3911">
    <p class='ocr_par' dir='ltr' id='par_1_75' title="bbox 164 3840 1749 3911">
     <span class='ocr_line' id='line_1_75' title="bbox 164 3840 1749 3911; baseline -0.001 -15"><span class='ocrx_word' id='word_1_537' title='bbox 164 3843 323 3911; x_wconf 82' lang='grc' dir='ltr'><strong>μετά</strong></span> <span class='ocrx_word' id='word_1_538' title='bbox 343 3841 460 3896; x_wconf 83' lang='grc' dir='ltr'><strong>τῶν</strong></span> <span class='ocrx_word' id='word_1_539' title='bbox 480 3841 748 3911; x_wconf 76' lang='grc' dir='ltr'>πατέρων</span> <span class='ocrx_word' id='word_1_540' title='bbox 767 3858 904 3904; x_wconf 86' lang='grc' dir='ltr'>σου.</span> <span class='ocrx_word' id='word_1_541' title='bbox 928 3840 1335 3908; x_wconf 82' lang='grc' dir='ltr'>ἀναστήσεται</span> <span class='ocrx_word' id='word_1_542' title='bbox 1349 3843 1417 3895; x_wconf 73' lang='grc' dir='ltr'>ἐκ</span> <span class='ocrx_word' id='word_1_543' title='bbox 1442 3842 1547 3896; x_wconf 83' lang='grc' dir='ltr'>τοῦ</span> <span class='ocrx_word' id='word_1_544' title='bbox 1566 3843 1749 3910; x_wconf 78' lang='grc' dir='ltr'>σπέρ-</span> 
     </span>
    </p>
   </div>
   <div class='ocr_carea' id='block_1_76' title="bbox 1812 3825 3414 3911">
    <p class='ocr_par' dir='ltr' id='par_1_76' title="bbox 1853 3825 3414 3898">
     <span class='ocr_line' id='line_1_76' title="bbox 1853 3825 3414 3898; baseline -0.004 -15"><span class='ocrx_word' id='word_1_545' title='bbox 1853 3837 2093 3898; x_wconf 77' lang='lat' dir='ltr'><strong>exsurget</strong></span> <span class='ocrx_word' id='word_1_546' title='bbox 2126 3842 2190 3880; x_wconf 76' lang='lat' dir='ltr'><strong>ea:</strong></span> <span class='ocrx_word' id='word_1_547' title='bbox 2223 3826 2417 3879; x_wconf 88' lang='lat' dir='ltr'><strong>semine</strong></span> <span class='ocrx_word' id='word_1_548' title='bbox 2453 3836 2541 3878; x_wconf 90' lang='lat' dir='ltr'><strong>tuo</strong></span> <span class='ocrx_word' id='word_1_549' title='bbox 2584 3825 2721 3878; x_wconf 85' lang='lat' dir='ltr'><strong>alius</strong></span> <span class='ocrx_word' id='word_1_550' title='bbox 2744 3827 2834 3895; x_wconf 83' lang='lat' dir='ltr'><strong>qui</strong></span> <span class='ocrx_word' id='word_1_551' title='bbox 2868 3826 2969 3878; x_wconf 90' lang='lat' dir='ltr'><strong>erit</strong></span> <span class='ocrx_word' id='word_1_552' title='bbox 3005 3840 3069 3877; x_wconf 73' lang='lat' dir='ltr'><strong>ea:</strong></span> <span class='ocrx_word' id='word_1_553' title='bbox 3096 3834 3267 3877; x_wconf 88' lang='lat' dir='ltr'><strong>ventre</strong></span> <span class='ocrx_word' id='word_1_554' title='bbox 3291 3835 3414 3877; x_wconf 89' lang='lat' dir='ltr'><strong>tuo:</strong></span> 
     </span>
    </p>
   </div>
   <div class='ocr_carea' id='block_1_77' title="bbox 166 3913 1768 4002">
    <p class='ocr_par' dir='ltr' id='par_1_77' title="bbox 166 3931 1746 4002">
     <span class='ocr_line' id='line_1_77' title="bbox 166 3931 1746 4002; baseline 0.001 -16"><span class='ocrx_word' id='word_1_555' title='bbox 166 3934 361 4002; x_wconf 80' lang='grc' dir='ltr'>ματός</span> <span class='ocrx_word' id='word_1_556' title='bbox 390 3949 505 3987; x_wconf 89' lang='grc' dir='ltr'><strong>σου</strong></span> <span class='ocrx_word' id='word_1_557' title='bbox 536 3933 747 3998; x_wconf 67' lang='grc' dir='ltr'><strong>ἄλλος,</strong></span> <span class='ocrx_word' id='word_1_558' title='bbox 796 3931 863 3998; x_wconf 80' lang='grc' dir='ltr'>ὃς</span> <span class='ocrx_word' id='word_1_559' title='bbox 894 3932 1064 3985; x_wconf 70' lang='grc' dir='ltr'>ἔσται</span> <span class='ocrx_word' id='word_1_560' title='bbox 1097 3934 1165 3986; x_wconf 80' lang='grc' dir='ltr'>ἐκ</span> <span class='ocrx_word' id='word_1_561' title='bbox 1208 3931 1316 4001; x_wconf 83' lang='grc' dir='ltr'>τῆς</span> <span class='ocrx_word' id='word_1_562' title='bbox 1354 3935 1585 3999; x_wconf 73' lang='grc' dir='ltr'>κοιλίας</span> <span class='ocrx_word' id='word_1_563' title='bbox 1605 3949 1746 3989; x_wconf 84' lang='grc' dir='ltr'>σου.</span> 
     </span>
    </p>
   </div>
   <div class='ocr_carea' id='block_1_78' title="bbox 1815 3913 3417 4002">
    <p class='ocr_par' dir='ltr' id='par_1_78' title="bbox 1851 3913 3417 3987">
     <span class='ocr_line' id='line_1_78' title="bbox 1851 3913 3417 3987; baseline -0.004 -15"><span class='ocrx_word' id='word_1_564' title='bbox 1851 3934 1899 3972; x_wconf 89' lang='lat' dir='ltr'><strong>et</strong></span> <span class='ocrx_word' id='word_1_565' title='bbox 1936 3918 2243 3987; x_wconf 77' lang='lat' dir='ltr'><strong>prwparabo</strong></span> <span class='ocrx_word' id='word_1_566' title='bbox 2276 3917 2330 3967; x_wconf 88' lang='lat' dir='ltr'><strong>in</strong></span> <span class='ocrx_word' id='word_1_567' title='bbox 2358 3915 2607 3968; x_wconf 74' lang='lat' dir='ltr'><strong>sarculum</strong></span> <span class='ocrx_word' id='word_1_568' title='bbox 2639 3930 2850 3982; x_wconf 87' lang='lat' dir='ltr'><strong>regnum</strong></span> <span class='ocrx_word' id='word_1_569' title='bbox 2880 3914 3016 3982; x_wconf 75' lang='lat' dir='ltr'><strong>ejus,</strong></span> <span class='ocrx_word' id='word_1_570' title='bbox 3050 3913 3158 3981; x_wconf 77' lang='lat' dir='ltr'><strong>ipse</strong></span> <span class='ocrx_word' id='word_1_571' title='bbox 3184 3913 3417 3982; x_wconf 70' lang='lat' dir='ltr'><strong>(edi/ica-</strong></span> 
     </span>
    </p>
   </div>
   <div class='ocr_carea' id='block_1_79' title="bbox 178 4005 1780 4093">
    <p class='ocr_par' dir='ltr' id='par_1_79' title="bbox 178 4021 1749 4093">
     <span class='ocr_line' id='line_1_79' title="bbox 178 4021 1749 4093; baseline -0.001 -15"><span class='ocrx_word' id='word_1_572' title='bbox 178 4023 291 4078; x_wconf 67' lang='grc' dir='ltr'><strong>Καὶ</strong></span> <span class='ocrx_word' id='word_1_573' title='bbox 313 4022 604 4093; x_wconf 77' lang='grc' dir='ltr'>ἑτοιμάσω</span> <span class='ocrx_word' id='word_1_574' title='bbox 636 4026 723 4089; x_wconf 82' lang='grc' dir='ltr'>εὶς</span> <span class='ocrx_word' id='word_1_575' title='bbox 750 4022 857 4076; x_wconf 80' lang='grc' dir='ltr'>τὸν</span> <span class='ocrx_word' id='word_1_576' title='bbox 891 4021 1079 4077; x_wconf 71' lang='grc' dir='ltr'>αἰῶνα</span> <span class='ocrx_word' id='word_1_577' title='bbox 1114 4022 1231 4092; x_wconf 83' lang='grc' dir='ltr'>τὴν</span> <span class='ocrx_word' id='word_1_578' title='bbox 1267 4024 1596 4088; x_wconf 77' lang='grc' dir='ltr'>βασιλείαν</span> <span class='ocrx_word' id='word_1_579' title='bbox 1642 4027 1749 4078; x_wconf 86' lang='grc' dir='ltr'><strong>αὺ-</strong></span> 
     </span>
    </p>
   </div>
   <div class='ocr_carea' id='block_1_80' title="bbox 1814 4005 3416 4093">
    <p class='ocr_par' dir='ltr' id='par_1_80' title="bbox 1853 4005 3416 4074">
     <span class='ocr_line' id='line_1_80' title="bbox 1853 4005 3416 4074; baseline -0.003 -11"><span class='ocrx_word' id='word_1_580' title='bbox 1853 4011 1928 4063; x_wconf 87' lang='lat' dir='ltr'><strong>bit</strong></span> <span class='ocrx_word' id='word_1_581' title='bbox 1968 4014 2179 4062; x_wconf 84' lang='lat' dir='ltr'><strong>domum</strong></span> <span class='ocrx_word' id='word_1_582' title='bbox 2216 4006 2415 4063; x_wconf 87' lang='lat' dir='ltr'><strong>nomini</strong></span> <span class='ocrx_word' id='word_1_583' title='bbox 2448 4021 2559 4059; x_wconf 91' lang='lat' dir='ltr'><strong>meo</strong></span> <span class='ocrx_word' id='word_1_584' title='bbox 2591 4021 2609 4059; x_wconf 90' lang='lat'><strong><em>:</em></strong></span> <span class='ocrx_word' id='word_1_585' title='bbox 2642 4014 2692 4059; x_wconf 90' lang='lat' dir='ltr'><strong>et</strong></span> <span class='ocrx_word' id='word_1_586' title='bbox 2734 4005 2935 4074; x_wconf 83' lang='lat' dir='ltr'><strong>erigant</strong></span> <span class='ocrx_word' id='word_1_587' title='bbox 2968 4020 3181 4074; x_wconf 85' lang='lat' dir='ltr'><strong>regnum</strong></span> <span class='ocrx_word' id='word_1_588' title='bbox 3223 4005 3335 4073; x_wconf 82' lang='lat' dir='ltr'><strong>ejus</strong></span> <span class='ocrx_word' id='word_1_589' title='bbox 3365 4007 3416 4059; x_wconf 79' lang='lat' dir='ltr'><strong>in</strong></span> 
     </span>
    </p>
   </div>
   <div class='ocr_carea' id='block_1_81' title="bbox 174 4096 1776 4189">
    <p class='ocr_par' dir='ltr' id='par_1_81' title="bbox 174 4107 1742 4189">
     <span class='ocr_line' id='line_1_81' title="bbox 174 4107 1742 4189; baseline 0 -19"><span class='ocrx_word' id='word_1_590' title='bbox 174 4115 305 4171; x_wconf 76' lang='grc' dir='ltr'>τοῦ.</span> <span class='ocrx_word' id='word_1_591' title='bbox 347 4114 537 4182; x_wconf 77' lang='grc' dir='ltr'>Αὐτὸς</span> <span class='ocrx_word' id='word_1_592' title='bbox 576 4114 958 4185; x_wconf 72' lang='grc' dir='ltr'>οἰκοδομήσει</span> <span class='ocrx_word' id='word_1_593' title='bbox 1001 4116 1170 4170; x_wconf 80' lang='grc' dir='ltr'>οἷκον</span> <span class='ocrx_word' id='word_1_594' title='bbox 1214 4114 1294 4182; x_wconf 84' lang='grc' dir='ltr'>τῷ</span> <span class='ocrx_word' id='word_1_595' title='bbox 1329 4107 1573 4187; x_wconf 68' lang='grc' dir='ltr'>ὀνόματί</span> <span class='ocrx_word' id='word_1_596' title='bbox 1601 4134 1742 4189; x_wconf 81' lang='grc' dir='ltr'>μου·</span> 
     </span>
    </p>
   </div>
   <div class='ocr_carea' id='block_1_82' title="bbox 1812 4096 3414 4189">
    <p class='ocr_par' dir='ltr' id='par_1_82' title="bbox 1850 4096 3414 4169">
     <span class='ocr_line' id='line_1_82' title="bbox 1850 4096 3414 4169; baseline -0.004 -14"><span class='ocrx_word' id='word_1_597' title='bbox 1850 4101 2123 4156; x_wconf 71' lang='lat' dir='ltr'><strong>sarculum.</strong></span> <span class='ocrx_word' id='word_1_598' title='bbox 2153 4098 2264 4169; x_wconf 85' lang='lat' dir='ltr'><strong>Ego</strong></span> <span class='ocrx_word' id='word_1_599' title='bbox 2290 4116 2378 4154; x_wconf 85' lang='lat' dir='ltr'><strong>ero</strong></span> <span class='ocrx_word' id='word_1_600' title='bbox 2405 4098 2486 4152; x_wconf 86' lang='lat' dir='ltr'><strong>illi</strong></span> <span class='ocrx_word' id='word_1_601' title='bbox 2527 4101 2580 4151; x_wconf 86' lang='lat' dir='ltr'><strong>in</strong></span> <span class='ocrx_word' id='word_1_602' title='bbox 2610 4106 2835 4166; x_wconf 87' lang='lat' dir='ltr'><strong>patrem,</strong></span> <span class='ocrx_word' id='word_1_603' title='bbox 2859 4107 2909 4150; x_wconf 88' lang='lat' dir='ltr'><strong>et</strong></span> <span class='ocrx_word' id='word_1_604' title='bbox 2935 4096 3042 4166; x_wconf 84' lang='lat' dir='ltr'><strong>ipse</strong></span> <span class='ocrx_word' id='word_1_605' title='bbox 3074 4098 3172 4151; x_wconf 81' lang='lat' dir='ltr'><strong>erit</strong></span> <span class='ocrx_word' id='word_1_606' title='bbox 3204 4098 3329 4148; x_wconf 78' lang='lat' dir='ltr'><strong>mihi</strong></span> <span class='ocrx_word' id='word_1_607' title='bbox 3362 4113 3414 4149; x_wconf 85' lang='lat' dir='ltr'><strong>tn</strong></span> 
     </span>
    </p>
   </div>
   <div class='ocr_carea' id='block_1_83' title="bbox 177 4194 2045 4277">
    <p class='ocr_par' dir='ltr' id='par_1_83' title="bbox 177 4194 2045 4277">
     <span class='ocr_line' id='line_1_83' title="bbox 177 4194 2045 4277; baseline -0.005 -8"><span class='ocrx_word' id='word_1_608' title='bbox 177 4212 280 4268; x_wconf 68' lang='grc' dir='ltr'>καὶ</span> <span class='ocrx_word' id='word_1_609' title='bbox 324 4207 641 4277; x_wconf 77' lang='grc' dir='ltr'><strong>ἀνορθώσω</strong></span> <span class='ocrx_word' id='word_1_610' title='bbox 700 4206 814 4274; x_wconf 80' lang='grc' dir='ltr'>τὴν</span> <span class='ocrx_word' id='word_1_611' title='bbox 858 4208 1186 4271; x_wconf 72' lang='grc' dir='ltr'>,ϐασιλείαν</span> <span class='ocrx_word' id='word_1_612' title='bbox 1242 4207 1429 4263; x_wconf 83' lang='grc' dir='ltr'>αὑτοῦ</span> <span class='ocrx_word' id='word_1_613' title='bbox 1483 4213 1568 4275; x_wconf 80' lang='grc' dir='ltr'><strong>είς</strong></span> <span class='ocrx_word' id='word_1_614' title='bbox 1643 4209 1750 4262; x_wconf 61' lang='grc' dir='ltr'>τιίπν</span> <span class='ocrx_word' id='word_1_615' title='bbox 1853 4194 2045 4262; x_wconf 64' lang='grc' dir='ltr'><strong>βλέπητ-</strong></span> 
     </span>
    </p>
   </div>
   <div class='ocr_carea' id='block_1_84' title="bbox 176 4295 1747 4368">
    <p class='ocr_par' dir='ltr' id='par_1_84' title="bbox 176 4295 1747 4368">
     <span class='ocr_line' id='line_1_84' title="bbox 176 4295 1747 4368; baseline -0.003 -12"><span class='ocrx_word' id='word_1_616' title='bbox 176 4298 382 4356; x_wconf 84' lang='grc' dir='ltr'>αὶῶνα.</span> <span class='ocrx_word' id='word_1_617' title='bbox 422 4296 561 4368; x_wconf 69' lang='grc' dir='ltr'><strong>Ἐγὼ</strong></span> <span class='ocrx_word' id='word_1_618' title='bbox 587 4296 801 4365; x_wconf 71' lang='grc' dir='ltr'>ἔσομαι</span> <span class='ocrx_word' id='word_1_619' title='bbox 826 4295 986 4363; x_wconf 85' lang='grc' dir='ltr'><strong>αὑτῷ</strong></span> <span class='ocrx_word' id='word_1_620' title='bbox 1015 4300 1103 4350; x_wconf 78' lang='grc' dir='ltr'>εὶι-</span> <span class='ocrx_word' id='word_1_621' title='bbox 1136 4298 1392 4365; x_wconf 75' lang='grc' dir='ltr'>πατέρα.</span> <span class='ocrx_word' id='word_1_622' title='bbox 1424 4299 1523 4353; x_wconf 80' lang='grc' dir='ltr'>καὶ</span> <span class='ocrx_word' id='word_1_623' title='bbox 1565 4300 1747 4367; x_wconf 71' lang='grc' dir='ltr'>αὐτὸς</span> 
     </span>
    </p>
   </div>
   <div class='ocr_carea' id='block_1_85' title="bbox 174 4388 776 4457">
    <p class='ocr_par' dir='ltr' id='par_1_85' title="bbox 174 4388 776 4457">
     <span class='ocr_line' id='line_1_85' title="bbox 174 4388 776 4457; baseline -0.013 -12"><span class='ocrx_word' id='word_1_624' title='bbox 174 4392 350 4445; x_wconf 70' lang='grc' dir='ltr'>ἔσται</span> <span class='ocrx_word' id='word_1_625' title='bbox 377 4404 477 4457; x_wconf 84' lang='grc' dir='ltr'><strong>μοι</strong></span> <span class='ocrx_word' id='word_1_626' title='bbox 509 4388 596 4452; x_wconf 84' lang='grc' dir='ltr'><strong>είς</strong></span> <span class='ocrx_word' id='word_1_627' title='bbox 622 4388 776 4439; x_wconf 73' lang='grc' dir='ltr'>υἱόν.</span> 
     </span>
    </p>
   </div>
   <div class='ocr_carea' id='block_1_86' title="bbox 262 4474 1864 4579">
    <p class='ocr_par' dir='ltr' id='par_1_86' title="bbox 262 4474 1829 4579">
     <span class='ocr_line' id='line_1_86' title="bbox 262 4474 1829 4579; baseline -0.011 -30"><span class='ocrx_word' id='word_1_628' title='bbox 262 4476 410 4579; x_wconf 46' lang='grc' dir='ltr'><strong>Ἔάηξ</strong></span> <span class='ocrx_word' id='word_1_629' title='bbox 457 4474 837 4579; x_wconf 47' lang='grc' dir='ltr'>φυῇιξξωνται</span> <span class='ocrx_word' id='word_1_630' title='bbox 881 4477 1097 4579; x_wconf 35' lang='grc' dir='ltr'>οιςυιοί</span> <span class='ocrx_word' id='word_1_631' title='bbox 1138 4493 1256 4532; x_wconf 90' lang='grc' dir='ltr'>σου</span> <span class='ocrx_word' id='word_1_632' title='bbox 1303 4478 1418 4546; x_wconf 70' lang='grc' dir='ltr'>τὴν</span> <span class='ocrx_word' id='word_1_633' title='bbox 1454 4479 1745 4547; x_wconf 74' lang='grc' dir='ltr'><strong>διαθήκην</strong></span> <span class='ocrx_word' id='word_1_634' title='bbox 1780 4540 1829 4579; x_wconf 69' lang='lat' dir='ltr'><strong>n</strong></span> 
     </span>
    </p>
   </div>
   <div class='ocr_carea' id='block_1_87' title="bbox 1811 4474 3413 4579">
    <p class='ocr_par' dir='ltr' id='par_1_87' title="bbox 1811 4496 3413 4579">
     <span class='ocr_line' id='line_1_87' title="bbox 1811 4496 3413 4579; baseline 0.001 -28"><span class='ocrx_word' id='word_1_635' title='bbox 1811 4544 1829 4579; x_wconf 48' lang='grc' dir='ltr'>ι</span> <span class='ocrx_word' id='word_1_636' title='bbox 1924 4497 2010 4551; x_wconf 73' lang='grc'><strong>12.</strong></span> <span class='ocrx_word' id='word_1_637' title='bbox 2042 4496 2100 4551; x_wconf 78' lang='lat' dir='ltr'><strong>Si</strong></span> <span class='ocrx_word' id='word_1_638' title='bbox 2149 4496 2491 4550; x_wconf 82' lang='lat' dir='ltr'><strong>custodieriut</strong></span> <span class='ocrx_word' id='word_1_639' title='bbox 2536 4498 2635 4565; x_wconf 79' lang='lat' dir='ltr'><strong>lilii</strong></span> <span class='ocrx_word' id='word_1_640' title='bbox 2685 4498 2763 4550; x_wconf 85' lang='lat' dir='ltr'><strong>tui</strong></span> <span class='ocrx_word' id='word_1_641' title='bbox 2817 4508 3182 4551; x_wconf 87' lang='lat' dir='ltr'><strong>testamentum</strong></span> <span class='ocrx_word' id='word_1_642' title='bbox 3221 4514 3413 4555; x_wconf 80' lang='lat' dir='ltr'><strong>meum.</strong></span> 
     </span>
    </p>
   </div>
   <div class='ocr_carea' id='block_1_88' title="bbox 167 4540 1769 4673">
    <p class='ocr_par' dir='ltr' id='par_1_88' title="bbox 167 4540 1741 4673">
     <span class='ocr_line' id='line_1_88' title="bbox 167 4540 1741 4673; baseline 0.001 -51"><span class='ocrx_word' id='word_1_643' title='bbox 167 4586 314 4641; x_wconf 80' lang='grc' dir='ltr'>μου.</span> <span class='ocrx_word' id='word_1_644' title='bbox 350 4540 473 4673; x_wconf 28' lang='grc' dir='ltr'><strong>Τὴν*</strong></span> <span class='ocrx_word' id='word_1_645' title='bbox 501 4566 795 4637; x_wconf 80' lang='grc' dir='ltr'>μέλλουσαν</span> <span class='ocrx_word' id='word_1_646' title='bbox 826 4566 1011 4637; x_wconf 81' lang='grc' dir='ltr'>σαφῶς</span> <span class='ocrx_word' id='word_1_647' title='bbox 1043 4540 1410 4641; x_wconf 74' lang='grc' dir='ltr'>ἀνακηρύττει</span> <span class='ocrx_word' id='word_1_648' title='bbox 1456 4540 1741 4643; x_wconf 72' lang='grc' dir='ltr'>διαθήκην,</span> 
     </span>
    </p>
   </div>
   <div class='ocr_carea' id='block_1_89' title="bbox 1810 4540 3412 4673">
    <p class='ocr_par' dir='ltr' id='par_1_89' title="bbox 1810 4540 3412 4660">
     <span class='ocr_line' id='line_1_89' title="bbox 1930 4540 3412 4565; baseline 0.001 -16"><span class='ocrx_word' id='word_1_649' title='bbox 1930 4540 2010 4551; x_wconf 94' lang='grc'>....</span> <span class='ocrx_word' id='word_1_650' title='bbox 2042 4540 2100 4551; x_wconf 80' lang='grc'><strong>.,-</strong></span> <span class='ocrx_word' id='word_1_651' title='bbox 2150 4540 2489 4550; x_wconf 61' lang='grc' dir='ltr'><strong>---η-.-.πη</strong></span> <span class='ocrx_word' id='word_1_652' title='bbox 2536 4540 2635 4565; x_wconf 84' lang='grc'>,....</span> <span class='ocrx_word' id='word_1_653' title='bbox 2685 4540 2763 4550; x_wconf 59' lang='grc' dir='ltr'><strong>,η</strong></span> <span class='ocrx_word' id='word_1_654' title='bbox 2817 4540 3182 4551; x_wconf 74' lang='grc'>.--......-...-..-</span> <span class='ocrx_word' id='word_1_655' title='bbox 3222 4540 3412 4555; x_wconf 65' lang='grc' dir='ltr'>...ν,.,...</span> 
     </span>
     <span class='ocr_line' id='line_1_90' title="bbox 1810 4544 3412 4660; baseline 0.001 -17"><span class='ocrx_word' id='word_1_656' title='bbox 1810 4544 2118 4643; x_wconf 66' lang='grc' dir='ltr'>Τυῑιιιοιιιη</span> <span class='ocrx_word' id='word_1_657' title='bbox 2169 4596 2551 4644; x_wconf 87' lang='lat' dir='ltr'><strong>testamentum</strong></span> <span class='ocrx_word' id='word_1_658' title='bbox 2588 4600 2772 4660; x_wconf 88' lang='lat' dir='ltr'><strong>aperte</strong></span> <span class='ocrx_word' id='word_1_659' title='bbox 2813 4590 3159 4658; x_wconf 70' lang='lat' dir='ltr'><strong>praenuntiat,</strong></span> <span class='ocrx_word' id='word_1_660' title='bbox 3186 4592 3330 4659; x_wconf 85' lang='lat' dir='ltr'><strong>quod</strong></span> <span class='ocrx_word' id='word_1_661' title='bbox 3365 4592 3412 4645; x_wconf 85' lang='lat' dir='ltr'><strong>si</strong></span> 
     </span>
    </p>
   </div>
   <div class='ocr_carea' id='block_1_90' title="bbox 176 4653 1778 4750">
    <p class='ocr_par' dir='ltr' id='par_1_90' title="bbox 176 4653 1745 4732">
     <span class='ocr_line' id='line_1_91' title="bbox 176 4653 1745 4732; baseline 0.002 -19"><span class='ocrx_word' id='word_1_662' title='bbox 176 4663 245 4732; x_wconf 66' lang='grc' dir='ltr'><strong>ἢν</strong></span> <span class='ocrx_word' id='word_1_663' title='bbox 277 4661 326 4713; x_wconf 83' lang='grc' dir='ltr'><strong>εί</strong></span> <span class='ocrx_word' id='word_1_664' title='bbox 354 4653 492 4728; x_wconf 75' lang='grc' dir='ltr'>ἦσαν</span> <span class='ocrx_word' id='word_1_665' title='bbox 518 4656 851 4726; x_wconf 79' lang='grc' dir='ltr'>φυλάξαντες</span> <span class='ocrx_word' id='word_1_666' title='bbox 875 4661 922 4711; x_wconf 85' lang='grc' dir='ltr'>οἱ</span> <span class='ocrx_word' id='word_1_667' title='bbox 946 4658 1086 4712; x_wconf 87' lang='grc' dir='ltr'><strong>κατά</strong></span> <span class='ocrx_word' id='word_1_668' title='bbox 1114 4658 1290 4729; x_wconf 84' lang='grc' dir='ltr'>σάρκα</span> <span class='ocrx_word' id='word_1_669' title='bbox 1314 4661 1419 4714; x_wconf 78' lang='grc' dir='ltr'>υίοὶ</span> <span class='ocrx_word' id='word_1_670' title='bbox 1446 4662 1537 4715; x_wconf 81' lang='grc' dir='ltr'>τοῦ</span> <span class='ocrx_word' id='word_1_671' title='bbox 1561 4662 1745 4729; x_wconf 77' lang='grc' dir='ltr'>Δαυτδ,</span> 
     </span>
    </p>
   </div>
   <div class='ocr_carea' id='block_1_91' title="bbox 1808 4653 3410 4750">
    <p class='ocr_par' dir='ltr' id='par_1_91' title="bbox 1849 4679 3410 4750">
     <span class='ocr_line' id='line_1_92' title="bbox 1849 4679 3410 4750; baseline 0 -14"><span class='ocrx_word' id='word_1_672' title='bbox 1849 4680 2215 4736; x_wconf 87' lang='lat' dir='ltr'><strong>custodissent</strong></span> <span class='ocrx_word' id='word_1_673' title='bbox 2237 4681 2332 4750; x_wconf 89' lang='lat' dir='ltr'><strong>qui</strong></span> <span class='ocrx_word' id='word_1_674' title='bbox 2357 4696 2423 4735; x_wconf 94' lang='lat' dir='ltr'><strong>ex</strong></span> <span class='ocrx_word' id='word_1_675' title='bbox 2441 4679 2643 4735; x_wconf 89' lang='lat' dir='ltr'><strong>Davide</strong></span> <span class='ocrx_word' id='word_1_676' title='bbox 2659 4683 2958 4737; x_wconf 87' lang='lat' dir='ltr'><strong>secundum</strong></span> <span class='ocrx_word' id='word_1_677' title='bbox 2993 4697 3211 4737; x_wconf 89' lang='lat' dir='ltr'><strong>carnem</strong></span> <span class='ocrx_word' id='word_1_678' title='bbox 3235 4694 3410 4744; x_wconf 85' lang='lat' dir='ltr'><strong>erant,</strong></span> 
     </span>
    </p>
   </div>
   <div class='ocr_carea' id='block_1_92' title="bbox 175 4749 1777 4897">
    <p class='ocr_par' dir='ltr' id='par_1_92' title="bbox 175 4749 1747 4897">
     <span class='ocr_line' id='line_1_93' title="bbox 175 4749 1747 4824; baseline -0.006 -19"><span class='ocrx_word' id='word_1_679' title='bbox 175 4750 400 4821; x_wconf 70' lang='grc' dir='ltr'>ἔμελλον</span> <span class='ocrx_word' id='word_1_680' title='bbox 444 4750 510 4803; x_wconf 80' lang='grc' dir='ltr'><strong>ἂν</strong></span> <span class='ocrx_word' id='word_1_681' title='bbox 554 4750 629 4820; x_wconf 79' lang='grc' dir='ltr'>μὴ</span> <span class='ocrx_word' id='word_1_682' title='bbox 686 4750 936 4802; x_wconf 72' lang='grc' dir='ltr'>ἐκπεσεῖν</span> <span class='ocrx_word' id='word_1_683' title='bbox 984 4749 1085 4820; x_wconf 83' lang='grc' dir='ltr'>τῆς</span> <span class='ocrx_word' id='word_1_684' title='bbox 1128 4752 1538 4824; x_wconf 78' lang='grc' dir='ltr'>ἡτοιμασμένης</span> <span class='ocrx_word' id='word_1_685' title='bbox 1595 4754 1747 4823; x_wconf 73' lang='grc' dir='ltr'><strong>βασι-</strong></span> 
     </span>
     <span class='ocr_line' id='line_1_94' title="bbox 179 4841 349 4897; baseline -0.024 0"><span class='ocrx_word' id='word_1_686' title='bbox 179 4841 349 4897; x_wconf 76' lang='grc' dir='ltr'>λείας.</span> 
     </span>
    </p>
   </div>
   <div class='ocr_carea' id='block_1_93' title="bbox 1811 4749 3413 4897">
    <p class='ocr_par' dir='ltr' id='par_1_93' title="bbox 1849 4749 3413 4897">
     <span class='ocr_line' id='line_1_95' title="bbox 1850 4749 3413 4842; baseline 0.003 -19"><span class='ocrx_word' id='word_1_687' title='bbox 1850 4768 2092 4825; x_wconf 78' lang='lat' dir='ltr'><strong>futurum</strong></span> <span class='ocrx_word' id='word_1_688' title='bbox 2134 4749 2266 4823; x_wconf 11' lang='lat' dir='ltr'><strong>erat,</strong></span> <span class='ocrx_word' id='word_1_689' title='bbox 2304 4779 2363 4825; x_wconf 88' lang='lat' dir='ltr'><strong>ut</strong></span> <span class='ocrx_word' id='word_1_690' title='bbox 2405 4785 2437 4825; x_wconf 91' lang='lat' dir='ltr'><strong>a</strong></span> <span class='ocrx_word' id='word_1_691' title='bbox 2478 4781 2668 4841; x_wconf 89' lang='lat' dir='ltr'><strong>parato</strong></span> <span class='ocrx_word' id='word_1_692' title='bbox 2713 4773 2814 4827; x_wconf 86' lang='lat' dir='ltr'><strong>sibi</strong></span> <span class='ocrx_word' id='word_1_693' title='bbox 2850 4787 3015 4842; x_wconf 79' lang='lat' dir='ltr'><strong>regno</strong></span> <span class='ocrx_word' id='word_1_694' title='bbox 3045 4788 3153 4827; x_wconf 92' lang='lat' dir='ltr'><strong>non</strong></span> <span class='ocrx_word' id='word_1_695' title='bbox 3195 4773 3413 4827; x_wconf 47' lang='lat' dir='ltr'><strong>excide.</strong></span> 
     </span>
     <span class='ocr_line' id='line_1_96' title="bbox 1849 4870 1965 4897; baseline 0 0"><span class='ocrx_word' id='word_1_696' title='bbox 1849 4870 1965 4897; x_wconf 70' lang='lat' dir='ltr'><strong>ron!</strong></span> 
     </span>
    </p>
   </div>
   <div class='ocr_carea' id='block_1_94' title="bbox 305 4870 1986 4918">
    <p class='ocr_par' dir='ltr' id='par_1_94' title="bbox 305 4870 1986 4918">
     <span class='ocr_line' id='line_1_97' title="bbox 305 4870 1986 4918; baseline 0 -1"><span class='ocrx_word' id='word_1_697' title='bbox 305 4878 349 4903; x_wconf 73' lang='grc' dir='ltr'><strong>ν’</strong></span> <span class='ocrx_word' id='word_1_698' title='bbox 1849 4870 1986 4918; x_wconf 84' lang='lat' dir='ltr'><strong>rent.</strong></span> 
     </span>
    </p>
   </div>
   <div class='ocr_carea' id='block_1_95' title="bbox 244 4932 1846 5024">
    <p class='ocr_par' dir='ltr' id='par_1_95' title="bbox 244 4932 1749 5003">
     <span class='ocr_line' id='line_1_98' title="bbox 244 4932 1749 5003; baseline 0.001 -16"><span class='ocrx_word' id='word_1_699' title='bbox 244 4932 409 5001; x_wconf 81' lang='grc' dir='ltr'>Αὔτη</span> <span class='ocrx_word' id='word_1_700' title='bbox 458 4933 497 5000; x_wconf 72' lang='grc' dir='ltr'><strong><em>ἡ</em></strong></span> <span class='ocrx_word' id='word_1_701' title='bbox 541 4932 921 4999; x_wconf 79' lang='grc' dir='ltr'>κατάπαυσις</span> <span class='ocrx_word' id='word_1_702' title='bbox 944 4951 1064 5003; x_wconf 85' lang='grc' dir='ltr'><strong>μου</strong></span> <span class='ocrx_word' id='word_1_703' title='bbox 1092 4936 1183 5000; x_wconf 78' lang='grc' dir='ltr'>εις</span> <span class='ocrx_word' id='word_1_704' title='bbox 1222 4934 1426 4988; x_wconf 68' lang='grc' dir='ltr'>αἰῶνα.</span> <span class='ocrx_word' id='word_1_705' title='bbox 1475 4936 1537 4989; x_wconf 80' lang='lat' dir='ltr'><strong>Et</strong></span> <span class='ocrx_word' id='word_1_706' title='bbox 1575 4936 1683 4989; x_wconf 72' lang='grc' dir='ltr'><strong>γὰο</strong></span> <span class='ocrx_word' id='word_1_707' title='bbox 1720 4938 1749 4989; x_wconf 90' lang='lat'><strong>6</strong></span> 
     </span>
    </p>
   </div>
   <div class='ocr_carea' id='block_1_96' title="bbox 1814 4932 3416 5024">
    <p class='ocr_par' dir='ltr' id='par_1_96' title="bbox 1926 4950 3416 5024">
     <span class='ocr_line' id='line_1_99' title="bbox 1926 4950 3416 5024; baseline 0.003 -17"><span class='ocrx_word' id='word_1_708' title='bbox 1926 4952 2008 5007; x_wconf 77' lang='lat' dir='ltr'><strong>M.</strong></span> <span class='ocrx_word' id='word_1_709' title='bbox 2036 4950 2162 5005; x_wconf 67' lang='lat' dir='ltr'><strong>&quot;asc</strong></span> <span class='ocrx_word' id='word_1_710' title='bbox 2208 4954 2405 5024; x_wconf 84' lang='lat' dir='ltr'><strong>requies</strong></span> <span class='ocrx_word' id='word_1_711' title='bbox 2445 4971 2562 5008; x_wconf 89' lang='lat' dir='ltr'><strong>mea</strong></span> <span class='ocrx_word' id='word_1_712' title='bbox 2608 4956 2660 5007; x_wconf 88' lang='lat' dir='ltr'><strong>in</strong></span> <span class='ocrx_word' id='word_1_713' title='bbox 2703 4955 2975 5010; x_wconf 69' lang='lat' dir='ltr'><strong>sarculum.</strong></span> <span class='ocrx_word' id='word_1_714' title='bbox 3011 4957 3149 5011; x_wconf 83' lang='lat' dir='ltr'><strong>Nam</strong></span> <span class='ocrx_word' id='word_1_715' title='bbox 3197 4957 3242 5013; x_wconf 87' lang='lat' dir='ltr'><strong>si</strong></span> <span class='ocrx_word' id='word_1_716' title='bbox 3275 4958 3416 5012; x_wconf 81' lang='lat' dir='ltr'><strong>anti-</strong></span> 
     </span>
    </p>
   </div>
   <div class='ocr_carea' id='block_1_97' title="bbox 176 5024 1778 5129">
    <p class='ocr_par' dir='ltr' id='par_1_97' title="bbox 176 5024 1745 5129">
     <span class='ocr_line' id='line_1_100' title="bbox 176 5024 1745 5129; baseline 0 -48"><span class='ocrx_word' id='word_1_717' title='bbox 176 5026 344 5129; x_wconf 46' lang='lat' dir='ltr'><strong>u&#39;ilat</strong></span> <span class='ocrx_word' id='word_1_718' title='bbox 371 5024 495 5087; x_wconf 76' lang='grc' dir='ltr'>ναὸς</span> <span class='ocrx_word' id='word_1_719' title='bbox 524 5024 729 5095; x_wconf 73' lang='grc' dir='ltr'>ἕρημος</span> <span class='ocrx_word' id='word_1_720' title='bbox 758 5024 845 5078; x_wconf 73' lang='grc' dir='ltr'><strong>διὰ</strong></span> <span class='ocrx_word' id='word_1_721' title='bbox 896 5027 1095 5096; x_wconf 85' lang='grc' dir='ltr'>μανίαν</span> <span class='ocrx_word' id='word_1_722' title='bbox 1141 5026 1248 5079; x_wconf 86' lang='grc' dir='ltr'><strong>τῶν</strong></span> <span class='ocrx_word' id='word_1_723' title='bbox 1304 5027 1595 5092; x_wconf 76' lang='grc' dir='ltr'>Ἰουδαίων,</span> <span class='ocrx_word' id='word_1_724' title='bbox 1629 5028 1745 5081; x_wconf 78' lang='grc' dir='ltr'>αλλ’</span> 
     </span>
    </p>
   </div>
   <div class='ocr_carea' id='block_1_98' title="bbox 1812 5024 3414 5129">
    <p class='ocr_par' dir='ltr' id='par_1_98' title="bbox 1848 5043 3414 5113">
     <span class='ocr_line' id='line_1_101' title="bbox 1848 5043 3414 5113; baseline 0.004 -16"><span class='ocrx_word' id='word_1_725' title='bbox 1848 5059 2017 5112; x_wconf 83' lang='lat' dir='ltr'><strong>quum</strong></span> <span class='ocrx_word' id='word_1_726' title='bbox 2050 5043 2181 5097; x_wconf 88' lang='lat' dir='ltr'><strong>illud</strong></span> <span class='ocrx_word' id='word_1_727' title='bbox 2217 5045 2499 5113; x_wconf 89' lang='lat' dir='ltr'><strong>templum,</strong></span> <span class='ocrx_word' id='word_1_728' title='bbox 2520 5046 2590 5101; x_wconf 91' lang='lat' dir='ltr'><strong>ob</strong></span> <span class='ocrx_word' id='word_1_729' title='bbox 2619 5044 2929 5101; x_wconf 74' lang='lat' dir='ltr'><strong>Judzeorum</strong></span> <span class='ocrx_word' id='word_1_730' title='bbox 2958 5048 3197 5104; x_wconf 84' lang='lat' dir='ltr'><strong>furorem</strong></span> <span class='ocrx_word' id='word_1_731' title='bbox 3229 5050 3414 5104; x_wconf 87' lang='lat' dir='ltr'><strong>deser-</strong></span> 
     </span>
    </p>
   </div>
   <div class='ocr_carea' id='block_1_99' title="bbox 174 5113 1776 5217">
    <p class='ocr_par' dir='ltr' id='par_1_99' title="bbox 174 5113 1746 5185">
     <span class='ocr_line' id='line_1_102' title="bbox 174 5113 1746 5185; baseline 0.002 -16"><span class='ocrx_word' id='word_1_732' title='bbox 174 5113 271 5169; x_wconf 77' lang='grc' dir='ltr'><strong>οὖν</strong></span> <span class='ocrx_word' id='word_1_733' title='bbox 297 5116 414 5167; x_wconf 81' lang='grc' dir='ltr'>ἐκεῖ</span> <span class='ocrx_word' id='word_1_734' title='bbox 436 5113 599 5167; x_wconf 79' lang='grc' dir='ltr'>πάλιν</span> <span class='ocrx_word' id='word_1_735' title='bbox 628 5116 722 5168; x_wconf 71' lang='grc' dir='ltr'><strong>καὶ</strong></span> <span class='ocrx_word' id='word_1_736' title='bbox 750 5113 842 5167; x_wconf 76' lang='grc' dir='ltr'>τοῦ</span> <span class='ocrx_word' id='word_1_737' title='bbox 867 5115 1122 5185; x_wconf 81' lang='grc' dir='ltr'>σταυροῦ,</span> <span class='ocrx_word' id='word_1_738' title='bbox 1140 5116 1353 5183; x_wconf 74' lang='grc' dir='ltr'>καὶτῆς</span> <span class='ocrx_word' id='word_1_739' title='bbox 1380 5118 1746 5182; x_wconf 69' lang='grc' dir='ltr'>ἀναστάσεως.</span> 
     </span>
    </p>
   </div>
   <div class='ocr_carea' id='block_1_100' title="bbox 1813 5113 3415 5217">
    <p class='ocr_par' dir='ltr' id='par_1_100' title="bbox 1853 5136 3415 5207">
     <span class='ocr_line' id='line_1_103' title="bbox 1853 5136 3415 5207; baseline 0.003 -18"><span class='ocrx_word' id='word_1_740' title='bbox 1853 5146 1965 5189; x_wconf 89' lang='lat' dir='ltr'><strong>tum</strong></span> <span class='ocrx_word' id='word_1_741' title='bbox 1996 5136 2085 5195; x_wconf 82' lang='lat' dir='ltr'><strong>sit.</strong></span> <span class='ocrx_word' id='word_1_742' title='bbox 2106 5148 2161 5190; x_wconf 91' lang='lat' dir='ltr'><strong>at</strong></span> <span class='ocrx_word' id='word_1_743' title='bbox 2188 5136 2383 5191; x_wconf 83' lang='lat' dir='ltr'><strong>ibidem</strong></span> <span class='ocrx_word' id='word_1_744' title='bbox 2408 5137 2523 5193; x_wconf 86' lang='lat' dir='ltr'><strong>loca</strong></span> <span class='ocrx_word' id='word_1_745' title='bbox 2544 5142 2745 5207; x_wconf 89' lang='lat' dir='ltr'><strong>erucis,</strong></span> <span class='ocrx_word' id='word_1_746' title='bbox 2764 5141 3198 5207; x_wconf 86' lang='lat' dir='ltr'><strong>resurrectionis,</strong></span> <span class='ocrx_word' id='word_1_747' title='bbox 3222 5156 3415 5198; x_wconf 82' lang='lat' dir='ltr'><strong>ascen-</strong></span> 
     </span>
    </p>
   </div>
   <div class='ocr_carea' id='block_1_101' title="bbox 175 5202 1777 5297">
    <p class='ocr_par' dir='ltr' id='par_1_101' title="bbox 175 5202 1749 5279">
     <span class='ocr_line' id='line_1_104' title="bbox 175 5202 1749 5279; baseline 0.004 -22"><span class='ocrx_word' id='word_1_748' title='bbox 175 5204 272 5257; x_wconf 79' lang='grc' dir='ltr'>καὶ</span> <span class='ocrx_word' id='word_1_749' title='bbox 305 5203 401 5272; x_wconf 78' lang='grc' dir='ltr'>τῆς</span> <span class='ocrx_word' id='word_1_750' title='bbox 432 5202 749 5273; x_wconf 77' lang='grc' dir='ltr'>ἀναλήψεως</span> <span class='ocrx_word' id='word_1_751' title='bbox 773 5202 843 5257; x_wconf 82' lang='grc' dir='ltr'>τὰ</span> <span class='ocrx_word' id='word_1_752' title='bbox 878 5204 1053 5275; x_wconf 87' lang='grc' dir='ltr'>χωρία</span> <span class='ocrx_word' id='word_1_753' title='bbox 1078 5204 1179 5275; x_wconf 83' lang='grc' dir='ltr'>τῆς</span> <span class='ocrx_word' id='word_1_754' title='bbox 1212 5204 1359 5268; x_wconf 83' lang='grc' dir='ltr'>θείας</span> <span class='ocrx_word' id='word_1_755' title='bbox 1393 5206 1619 5275; x_wconf 72' lang='grc' dir='ltr'>ἠξίωται</span> <span class='ocrx_word' id='word_1_756' title='bbox 1651 5216 1749 5279; x_wconf 81' lang='grc' dir='ltr'><strong>χά-</strong></span> 
     </span>
    </p>
   </div>
   <div class='ocr_carea' id='block_1_102' title="bbox 1241 5202 2843 5297">
    <p class='ocr_par' dir='ltr' id='par_1_102' title="bbox 1241 5202 2843 5297">
     <span class='ocr_line' id='line_1_105' title="bbox 1241 5202 2843 5297; baseline 0.011 -30"><span class='ocrx_word' id='word_1_757' title='bbox 1241 5205 1359 5268; x_wconf 45' lang='grc' dir='ltr'>ηείας</span> <span class='ocrx_word' id='word_1_758' title='bbox 1393 5206 1619 5275; x_wconf 66' lang='grc' dir='ltr'>ἠξίωται</span> <span class='ocrx_word' id='word_1_759' title='bbox 1651 5216 1749 5279; x_wconf 55' lang='grc' dir='ltr'><strong>μ’</strong></span> <span class='ocrx_word' id='word_1_760' title='bbox 1850 5225 2023 5280; x_wconf 87' lang='lat' dir='ltr'><strong>sionis</strong></span> <span class='ocrx_word' id='word_1_761' title='bbox 2057 5226 2238 5280; x_wconf 87' lang='lat' dir='ltr'><strong>divina</strong></span> <span class='ocrx_word' id='word_1_762' title='bbox 2268 5228 2441 5297; x_wconf 77' lang='lat' dir='ltr'><strong>gratia</strong></span> <span class='ocrx_word' id='word_1_763' title='bbox 2477 5229 2674 5283; x_wconf 84' lang='lat' dir='ltr'><strong>donata</strong></span> <span class='ocrx_word' id='word_1_764' title='bbox 2697 5202 2843 5286; x_wconf 84' lang='lat' dir='ltr'><strong>sunt.</strong></span> 
     </span>
    </p>
   </div>
   <div class='ocr_carea' id='block_1_103' title="bbox 179 5310 350 5369">
    <p class='ocr_par' dir='ltr' id='par_1_103' title="bbox 179 5310 350 5369">
     <span class='ocr_line' id='line_1_106' title="bbox 179 5310 350 5369; baseline -0.023 -20"><span class='ocrx_word' id='word_1_765' title='bbox 179 5310 350 5369; x_wconf 85' lang='grc' dir='ltr'>ριτος.</span> 
     </span>
    </p>
   </div>
   <div class='ocr_carea' id='block_1_104' title="bbox 255 5382 1857 5457">
    <p class='ocr_par' dir='ltr' id='par_1_104' title="bbox 255 5384 1749 5457">
     <span class='ocr_line' id='line_1_107' title="bbox 255 5384 1749 5457; baseline 0.004 -17"><span class='ocrx_word' id='word_1_766' title='bbox 255 5385 376 5453; x_wconf 74' lang='grc' dir='ltr'><strong>Τὴν</strong></span> <span class='ocrx_word' id='word_1_767' title='bbox 399 5384 587 5454; x_wconf 78' lang='grc' dir='ltr'>θήραν</span> <span class='ocrx_word' id='word_1_768' title='bbox 618 5384 809 5453; x_wconf 77' lang='grc' dir='ltr'>αὐτῆς</span> <span class='ocrx_word' id='word_1_769' title='bbox 825 5388 1092 5456; x_wconf 74' lang='grc' dir='ltr'>εὐλογῶν</span> <span class='ocrx_word' id='word_1_770' title='bbox 1123 5387 1455 5457; x_wconf 71' lang='grc' dir='ltr'>εὐλογήσω.</span> <span class='ocrx_word' id='word_1_771' title='bbox 1483 5391 1749 5446; x_wconf 70' lang='grc' dir='ltr'><strong>Ἕκαστος⁹</strong></span> 
     </span>
    </p>
   </div>
   <div class='ocr_carea' id='block_1_105' title="bbox 1811 5382 3413 5457">
    <p class='ocr_par' dir='ltr' id='par_1_105' title="bbox 1928 5382 3413 5455">
     <span class='ocr_line' id='line_1_108' title="bbox 1928 5382 3413 5455; baseline 0.004 -21"><span class='ocrx_word' id='word_1_772' title='bbox 1928 5382 2008 5436; x_wconf 83' lang='lat' dir='ltr'><strong>l5.</strong></span> <span class='ocrx_word' id='word_1_773' title='bbox 2043 5382 2235 5437; x_wconf 88' lang='lat' dir='ltr'><strong>Escam</strong></span> <span class='ocrx_word' id='word_1_774' title='bbox 2273 5386 2384 5454; x_wconf 83' lang='lat' dir='ltr'><strong>ejus</strong></span> <span class='ocrx_word' id='word_1_775' title='bbox 2431 5388 2731 5444; x_wconf 87' lang='lat' dir='ltr'><strong>benedicens</strong></span> <span class='ocrx_word' id='word_1_776' title='bbox 2777 5388 3096 5443; x_wconf 86' lang='lat' dir='ltr'><strong>benedicam.</strong></span> <span class='ocrx_word' id='word_1_777' title='bbox 3153 5387 3413 5455; x_wconf 83' lang='lat' dir='ltr'><strong>Pauperes</strong></span> 
     </span>
    </p>
   </div>
   <div class='ocr_carea' id='block_1_106' title="bbox 174 5473 1776 5553">
    <p class='ocr_par' dir='ltr' id='par_1_106' title="bbox 174 5476 1750 5553">
     <span class='ocr_line' id='line_1_109' title="bbox 174 5476 1750 5553; baseline 0.013 -25"><span class='ocrx_word' id='word_1_778' title='bbox 174 5479 287 5550; x_wconf 73' lang='grc' dir='ltr'><strong>γὰρ</strong></span> <span class='ocrx_word' id='word_1_779' title='bbox 315 5476 420 5531; x_wconf 85' lang='grc' dir='ltr'><strong>τῶν</strong></span> <span class='ocrx_word' id='word_1_780' title='bbox 451 5478 724 5542; x_wconf 77' lang='grc' dir='ltr'>τοιούτων,</span> <span class='ocrx_word' id='word_1_781' title='bbox 757 5477 967 5532; x_wconf 82' lang='grc' dir='ltr'>δικαίου</span> <span class='ocrx_word' id='word_1_782' title='bbox 1019 5479 1242 5549; x_wconf 79' lang='grc' dir='ltr'>σπέρμα</span> <span class='ocrx_word' id='word_1_783' title='bbox 1286 5482 1599 5553; x_wconf 70' lang='grc' dir='ltr'>τυγχάνων.</span> <span class='ocrx_word' id='word_1_784' title='bbox 1651 5485 1750 5538; x_wconf 63' lang='grc' dir='ltr'><strong>οὐκ</strong></span> 
     </span>
    </p>
   </div>
   <div class='ocr_carea' id='block_1_107' title="bbox 1809 5473 3411 5553">
    <p class='ocr_par' dir='ltr' id='par_1_107' title="bbox 1850 5473 3411 5550">
     <span class='ocr_line' id='line_1_110' title="bbox 1850 5473 3411 5550; baseline 0.002 -22"><span class='ocrx_word' id='word_1_785' title='bbox 1850 5473 1964 5542; x_wconf 85' lang='lat' dir='ltr'><strong>ejus</strong></span> <span class='ocrx_word' id='word_1_786' title='bbox 1986 5477 2238 5530; x_wconf 82' lang='lat' dir='ltr'><strong>saturabo</strong></span> <span class='ocrx_word' id='word_1_787' title='bbox 2269 5479 2514 5545; x_wconf 83' lang='lat' dir='ltr'><strong>panibus.</strong></span> <span class='ocrx_word' id='word_1_788' title='bbox 2550 5479 2761 5550; x_wconf 79' lang='lat' dir='ltr'><strong>Singuli</strong></span> <span class='ocrx_word' id='word_1_789' title='bbox 2800 5496 3035 5536; x_wconf 84' lang='lat' dir='ltr'><strong>namuue</strong></span> <span class='ocrx_word' id='word_1_790' title='bbox 3070 5494 3258 5533; x_wconf 91' lang='lat' dir='ltr'><strong>eorum</strong></span> <span class='ocrx_word' id='word_1_791' title='bbox 3281 5479 3411 5547; x_wconf 86' lang='lat' dir='ltr'><strong>justi</strong></span> 
     </span>
    </p>
   </div>
   <div class='ocr_carea' id='block_1_108' title="bbox 247 5596 874 5700">
    <p class='ocr_par' dir='ltr' id='par_1_108' title="bbox 247 5596 874 5700">
     <span class='ocr_line' id='line_1_111' title="bbox 247 5596 874 5700; baseline 0.002 -16"><span class='ocrx_word' id='word_1_792' title='bbox 247 5630 294 5662; x_wconf 70' lang='grc' dir='ltr'>ιν</span> <span class='ocrx_word' id='word_1_793' title='bbox 327 5628 369 5684; x_wconf 88' lang='grc' dir='ltr'><strong>ιι</strong></span> <span class='ocrx_word' id='word_1_794' title='bbox 397 5628 530 5700; x_wconf 76' lang='lat' dir='ltr'><strong>Reg.</strong></span> <span class='ocrx_word' id='word_1_795' title='bbox 556 5645 652 5692; x_wconf 80' lang='lat' dir='ltr'><strong>vn,</strong></span> <span class='ocrx_word' id='word_1_796' title='bbox 689 5628 874 5685; x_wconf 68' lang='grc' dir='ltr'>ιε-ιι.</span> 
     </span>
    </p>
   </div>
   <div class='ocr_carea' id='block_1_109' title="bbox 252 5789 902 5861">
    <p class='ocr_par' dir='ltr' id='par_1_109' title="bbox 252 5789 902 5861">
     <span class='ocr_line' id='line_1_112' title="bbox 252 5789 902 5861; baseline -0.005 -15"><span class='ocrx_word' id='word_1_797' title='bbox 252 5791 367 5861; x_wconf 82' lang='lat'>(5|)</span> <span class='ocrx_word' id='word_1_798' title='bbox 395 5789 707 5860; x_wconf 85' lang='lat' dir='ltr'><strong>lmplicatus</strong></span> <span class='ocrx_word' id='word_1_799' title='bbox 728 5792 902 5845; x_wconf 89' lang='lat' dir='ltr'><strong>locus.</strong></span> 
     </span>
    </p>
   </div>
   <div class='ocr_carea' id='block_1_110' title="bbox 460 5873 3065 5943">
    <p class='ocr_par' dir='ltr' id='par_1_110' title="bbox 460 5873 3065 5943">
     <span class='ocr_line' id='line_1_113' title="bbox 460 5873 3065 5943; baseline -0.002 -1"><span class='ocrx_word' id='word_1_800' title='bbox 460 5873 653 5942; x_wconf 71' lang='lat' dir='ltr'><strong>Pun.</strong></span> <span class='ocrx_word' id='word_1_801' title='bbox 713 5882 830 5943; x_wconf 85' lang='lat' dir='ltr'><strong>Gn.</strong></span> <span class='ocrx_word' id='word_1_802' title='bbox 893 5882 1156 5943; x_wconf 80' lang='lat' dir='ltr'><strong>XXVII.</strong></span> <span class='ocrx_word' id='word_1_803' title='bbox 2989 5878 3065 5937; x_wconf 83' lang='lat'><strong>17</strong></span> 
     </span>
    </p>
   </div>
  </div>
