4058 6496
691 441 796 496 525
1532 435 1588 489 S.
1633 433 2006 490 ATHANASII
2045 430 2195 486 OPP.
2239 430 2420 485 PARS
2460 431 2552 488 Ill.
2593 465 2665 475 —
2704 432 3115 489 EXEGETICA.
3830 435 3926 488 59.4

722 577 873 613 enten
915 573 1036 611 cum
1070 557 1174 612 sint
1205 571 1309 611 non
1344 565 1501 626 egent
1533 557 1786 626 panibus.
1825 554 2092 611 Scribitur
2114 567 2247 623 quo-

2357 552 2668 607 ἐλαττοῦται
2692 553 2899 624 ἄρτοις.
2931 553 3207 625 Γράφεται
3231 553 3285 606 δὲ
3323 552 3436 616 καὶ,
3466 555 3508 606 Τ
3506 551 3587 620 ἡν
3619 551 3816 621 χήραν
3831 555 3929 605 αὺ-

693 669 844 723 .ιιιο;
899 651 1122 704 Viduam
1172 650 1322 720 ejus,
1368 649 1574 704 scilicet
1620 664 1740 703 eam
1785 664 1906 718 qua:
1951 646 2247 717 patrocinio

2355 645 2484 714 τῆς,
2501 648 2593 700 καὶ
2613 647 2856 716 δηλονότι
2876 647 2974 718 τὴν
2996 648 3479 717 ἁπροστασίαστον.
3505 645 3651 711 Τοὺς
3663 644 3931 713 πτωχοὺς

692 751 859 799 caret.
889 741 1144 796 Pauperes
1167 741 1279 808 ejus
1302 740 1552 793 saturabo
1571 739 1814 808 panibus.
1839 736 1894 791 ld
1919 749 2021 802 est,
2044 751 2139 791 eos
2161 735 2247 805 qui

2355 737 2541 804 αὐτῆς
2575 737 2844 806 χορτάσω
2871 737 3085 807 ἄρτων.
3120 738 3257 799 Τοὺς
3283 737 3424 790 κατὰ
3455 737 3587 790 Θεὸν
3639 737 3740 807 μὲν
3787 752 3930 788 πτω-

692 830 985 884 secundum
1041 828 1208 882 Deum
1262 843 1526 898 pauperes
1567 836 1716 882 sunt.
1773 826 2015 882 Panibus
2071 836 2252 880 autem

689 919 1084 989 spiritualibus.

759 1011 844 1065 16.
888 1009 1190 1066 Sacerdotes
1239 1008 1353 1078 ejus
1415 1008 1632 1061 induam
1683 1005 1933 1060 salutari.
1968 1006 2090 1074 Ipse
2124 1003 2250 1057 item

693 1101 940 1156 Christus
969 1110 1074 1164 est,
1106 1102 1197 1172 qui
1225 1102 1459 1155 salutare
1484 1107 1586 1162 est,
1608 1098 1817 1166 justitia
1839 1109 2056 1166 quoque
2089 1106 2251 1162 supra

690 1203 931 1248 vocatus.

756 1285 836 1338 17.
865 1284 1003 1338 Illuc
1029 1287 1313 1352 producam
1343 1299 1504 1337 cornu
1536 1279 1722 1335 David.
1752 1279 1871 1346 Quo
1896 1288 2138 1347 tempore
2165 1290 2253 1330 sa-

687 1377 857 1432 lutare
886 1378 1182 1447 apparebit,
1215 1376 1383 1446 gloria
1412 1375 1629 1428 Davidis
1662 1374 1887 1428 orietur.
1929 1371 2121 1424 Paravi
2164 1368 2250 1421 lu-

692 1482 890 1520 ‘ernam
916 1465 1125 1522 Christo
1173 1484 1302 1520 meo.
1357 1465 1468 1520 Hoc
1503 1469 1569 1520 de
1604 1465 1813 1519 Joanne
1843 1466 1936 1527 ait,
1963 1463 2117 1534 juxta
2143 1461 2251 1515 Do-

685 1559 813 1613 mini
851 1559 1050 1612 dictum
1082 1577 1092 1612 :
1133 1557 1252 1626 Ipse
1281 1567 1395 1610 erat
1424 1557 1638 1610 lucerna
1670 1557 1860 1610 ardens
1891 1565 1940 1608 et
1973 1556 2151 1608 lucens
2181 1553 2246 1605 '°.

1019 1827 1295 1882 Canticum
1323 1843 1600 1896 graduum.
1637 1825 1930 1880 CXXXII.

1263 1921 1666 1989 Argumentum.

679 2013 956 2068 Decimum
984 2021 1240 2082 quartum
1269 2014 1537 2066 canticum
1566 2012 1804 2067 declarat
1827 2013 2028 2067 bonum
2062 2028 2090 2065 a
2127 2011 2252 2067 Sal-

748 2117 963 2167 ratore,
1009 2113 1296 2173 postquam
1353 2104 1530 2158 illuxit
1573 2104 1923 2169 hominibus,
1973 2104 2249 2169 collatum,

745 2196 934 2250 dicens
967 2213 981 2248 :

747 2289 797 2352 l,
819 2286 872 2341 2.
909 2284 1043 2339 Ecce
1086 2302 1243 2355 quam
1269 2285 1459 2339 bonum
1486 2295 1533 2338 et
1569 2301 1724 2352 quam
1744 2285 2058 2354 jucundum.
2099 2284 2248 2340 Sicut

677 2387 992 2448 unguentum
1024 2379 1076 2429 in
1108 2378 1296 2446 capite,
1314 2376 1452 2446 quod
1479 2376 1742 2429 descendit
1772 2376 1827 2428 in
1855 2373 2091 2429 barbam.
2111 2374 2247 2430 Cum

675 2479 998 2540 congregata
1021 2507 1036 2534 ,
1101 2470 1313 2538 inquit,
1348 2469 1509 2522 fuerit
1566 2466 1804 2522 Ecclesia
1829 2506 1844 2531 ,
1870 2475 1924 2520 et
1959 2469 2246 2536 quemdam

673 2577 774 2617 ceu
799 2571 1120 2615 concentum
1159 2560 1382 2615 fecerit:
1421 2569 1534 2614 tum
1571 2560 1756 2612 unctio
1805 2559 1982 2613 sancti
2010 2557 2248 2628 Spiritus

673 2670 739 2712 ac
767 2654 1130 2709 sacerdotium
1157 2652 1461 2713 inducetur,
1489 2651 1721 2720 primum
1753 2652 1971 2720 quidem
2002 2651 2055 2704 in
2088 2660 2249 2720 caput

677 2746 966 2810 Ecclesiae,
1005 2744 1152 2814 quod
1201 2754 1284 2798 est
1323 2742 1575 2799 Christus
1617 2743 1854 2799 :deinde
1903 2745 1956 2798 in
1999 2744 2243 2809 barbam,

675 2850 798 2904 qua:
845 2843 928 2889 est
972 2834 1137 2888 decor
1177 2831 1334 2886 faciei
1368 2831 1641 2887 Ecclesiae.
1675 2831 1774 2886 llic
1812 2843 1994 2890 autem
2042 2835 2246 2888 intelli-

678 2935 880 2994 guntur
927 2925 1176 2994 apostoli.
1207 2923 1487 2978 Postremo
1529 2935 1708 2979 autem
1741 2926 1807 2979 ad
1836 2934 2008 2979 totum
2046 2940 2245 2994 corpus

679 3017 1010 3086 pertransiit,
1040 3017 1090 3070 id
1142 3025 1225 3070 est
1254 3016 1319 3069 ad
1367 3031 1554 3069 omnes
1589 3021 1680 3086 qui
1716 3016 1770 3070 in
1811 3014 2050 3072 Ecclesia
2083 3016 2245 3072 Chri-

677 3117 820 3161 stum
852 3108 1166 3160 induerunt.

746 3285 802 3341 5.
822 3284 1081 3349 Quoniam
1104 3285 1213 3338 illic
1237 3286 1504 3338 mandavit
1537 3284 1790 3337 Dominus
1815 3283 2240 3352 benedictionem,

673 3382 725 3432 et
752 3377 913 3431 vitam
943 3393 1103 3445 usque
1132 3379 1185 3428 in
1210 3376 1480 3430 saeculum.
1514 3373 1633 3426 Illic
1652 3415 1667 3438 ,
1694 3375 1802 3437 ait,
1832 3375 2078 3428 videlicet
2103 3377 2244 3444 apud

677 3468 870 3524 fratres
902 3469 1206 3522 habitantes
1251 3469 1304 3520 in
1340 3483 1505 3520 unum
1536 3484 1549 3531 ;
1583 3476 1630 3519 et
1676 3467 1880 3529 vitam;
1915 3482 2019 3520 non
2057 3482 2248 3533 quam-

677 3558 828 3621 libet,
877 3559 971 3612 sed
1017 3558 1399 3611 immortalem.
1441 3556 1493 3609 In
1544 3555 1673 3610 Sion
1729 3557 1871 3610 enim
1916 3557 2245 3612 sanctissimi

680 3649 915 3715 Spiritus
946 3666 1037 3705 ros
1072 3651 1319 3704 vivitieus
1353 3650 1405 3704 in
1443 3665 1629 3705 sacros
1667 3650 1943 3719 apostolos
1976 3651 2246 3707 demissus

677 3751 782 3809 est,
813 3758 907 3812 per
941 3757 1102 3813 quem
1156 3757 1344 3796 omnes
1392 3743 1486 3812 qui
1534 3743 1761 3797 credunt
1810 3743 2243 3799 benedictionem

674 3842 930 3889 aeternam
962 3844 1390 3904 consequuntur.
1429 3832 1650 3888 Illorum
1677 3833 1822 3886 enim
1858 3848 1950 3886 cor
1981 3841 2035 3888 et
2063 3833 2244 3888 anima

677 3939 809 3981 una.

994 4104 1268 4159 Canticum
1303 4108 1580 4176 graduum.
1599 4106 1927 4163 CXXXIII.

744 4196 798 4250 1.
851 4194 980 4251 Ecce
1023 4215 1159 4252 nunc
1203 4200 1484 4254 benedicite
1533 4199 1850 4265 Dominum,
1893 4216 2068 4254 omnes
2111 4201 2247 4258 servi

684 4286 915 4344 Domini.

1257 4381 1299 4435 Α
1311 4393 1659 4451 rgumentum.

679 4466 958 4528 Decimum
987 4471 1237 4541 quintum
1270 4472 1567 4536 canticum,
1601 4473 1755 4540 jubet
1795 4489 1892 4529 eos
1941 4474 2034 4544 qui
2067 4472 2246 4528 adhuc

2356 828 2650 898 χεύσαντας
2672 845 2687 860 ο
2720 830 2898 900 ἄρτων
2930 829 2986 882 δὲ
3021 827 3128 882 τῶν
3170 828 3394 897 νοητῶν.

2431 1008 2573 1075 Τοὺς
2606 1009 2778 1078 ἱερεῖς
2808 1008 2997 1077 αὐτῆς
3018 1006 3252 1061 ἐνδύσω
3279 1006 3600 1072 σωτηρίαν.
3625 1004 3797 1066 Αὐτός
3817 1003 3930 1056 ἐστι

2357 1100 2517 1153 πάλιν
2541 1102 2568 1153 ὁ
2596 1100 2828 1169 Χριστὸς
2854 1102 2887 1170 η
2915 1099 3174 1168 σωτηρία,
3207 1099 3234 1149 ὁ
3269 1097 3363 1149 καὶ
3386 1095 3704 1166 δικαιοσύνη
3732 1097 3789 1148 ὲν
3825 1095 3929 1158 τοῖς

2355 1193 2645 1264 ἁνωτέροις
2674 1191 3082 1262 ὠνομασμένος.

2435 1283 2596 1337 Ἐκεῖ
2616 1281 2953 1347 ἐξανατελῶ
2981 1281 3158 1351 κέρας
3186 1276 3265 1343 τῷ
3300 1278 3499 1332 Δαυΐὸ.
3557 1279 3694 1331 Κατ’
3726 1278 3928 1329 ἐκεῖνον

2352 1375 2442 1427 τὸν
2466 1375 2653 1446 χρόνον
2679 1374 2796 1428 καθ’
2825 1374 2883 1426 ὃν
2918 1374 3171 1440 ἐπιφανεῖ
3195 1370 3255 1423 τὸ
3287 1371 3553 1441 σωτήριον
3574 1410 3588 1431 ,
3621 1368 3861 1437 δηλονότι
3894 1369 3926 1436 ἡ

2352 1465 2478 1530 δόξα
2493 1465 2736 1518 ἁνατελεῖ
2767 1464 2859 1518 τοῦ
2891 1464 3073 1518 Δαυῖδ.
3100 1464 3418 1532 Ἠτοίμασα
3437 1462 3670 1528 λύχνοι·
3699 1458 3781 1524 τῷ
3810 1461 3930 1526 Χρι-

2353 1556 2475 1622 στῷ
2484 1576 2620 1626 μου.
2640 1556 2810 1610 Τοῦτο
2827 1557 2954 1628 περὶ
2977 1556 3224 1608 Ἰωάννου
3238 1555 3390 1625 φησὶ,
3411 1552 3551 1606 κατὰ
3571 1553 3631 1604 τὺ
3644 1553 3692 1603 εί
3699 1568 3768 1622 pr,
3776 1551 3930 1622 μένον

2354 1649 2500 1720 παρὰ
2543 1649 2636 1703 τοῦ
2681 1649 2909 1722 Κυρίουο
2955 1648 3216 1715 Ἐκεῖνος
3247 1644 3326 1717 ἦν
3360 1649 3391 1700 ὀ
3421 1646 3649 1714 λύχνος
3699 1647 3732 1696 ό
3775 1643 3930 1696 καιό-

2348 1758 2531 1810 μενος
2580 1742 2677 1793 καὶ
2709 1743 3087 1809 φαινόμενος.

2679 1831 2813 1903 ᾨδὴ
2850 1831 2968 1885 τῶν
3007 1828 3384 1897 ἀναϐαθμῶν.
3415 1823 3596 1880 PAB’.

2969 1921 2983 1940 ⁹
2997 1923 3310 1985 Υπόθεσις.

2363 2013 2427 2066 Ἦ
2474 2013 3039 2084 τεσσαρεσκαιδεκάτη
3074 2012 3183 2083 ᾠδὴ
3219 2011 3525 2073 ἀκολούθως
3572 2011 3638 2079 τῇ
3689 2006 3782 2060 τοῦ
3829 2007 3931 2059 Σω-

2419 2105 2583 2175 τῆρος
2609 2105 2905 2175 ὲπιλάμψει
2930 2104 2992 2158 τὸ
3035 2103 3095 2169 ἐξ
3129 2099 3294 2157 αὑτοῦ
3326 2101 3666 2174 δωρούμενον
3697 2101 3811 2161 τοῖς
3840 2101 3929 2151 ἁν-

2420 2193 2657 2266 θρὼποις
2696 2195 2857 2248 καλὸν
2885 2194 3119 2266 φανερὸν
3149 2196 3294 2247 ποιεῖ
3324 2192 3576 2261 λέγουσα.

2432 2287 2585 2344 Ἰδοὺ
2629 2286 2703 2354 δὴ
2748 2287 2806 2340 τί
2839 2288 3053 2350 καλὸν,
3098 2286 3136 2354 ἡ
3182 2286 3239 2339 τί
3276 2285 3555 2352 τερπνόν.
3598 2281 3696 2346 Ὦς
3736 2280 3930 2348 μύρον

2346 2382 2442 2436 ἐπὶ
2479 2377 2750 2448 κεφαλῆς
2797 2378 2864 2431 τὸ
2904 2377 3265 2432 καταϐαῖνον
3291 2375 3390 2428 ἐπὶ
3422 2373 3694 2442 πώγωνα.
3749 2372 3929 2424 Ἐπει-

2346 2472 2462 2536 δὰν,
2492 2471 2645 2540 φησὶ,
2681 2469 2971 2538 συναχθείη
2999 2471 3032 2538 ὴ
3080 2467 3372 2538 Ἐκκλησία
3396 2507 3412 2532 ,
3450 2465 3543 2518 καί
3579 2465 3711 2535 μίαν
3743 2463 3930 2532 ὥσπερ

2347 2562 2468 2616 τινὰ
2514 2561 2778 2633 ἁρμονίαν
2836 2561 3149 2632 ποιήσηται,
3179 2559 3301 2612 τότε
3334 2558 3398 2630 δὴ
3453 2557 3574 2610 τότε
3609 2558 3705 2610 καὶ
3754 2558 3928 2626 χρίσις

2346 2655 2439 2708 τοῦ
2480 2654 2633 2723 ἁγίου
2657 2654 2976 2724 Πνεύματος
3008 2653 3102 2706 καὶ
3140 2652 3436 2724 ἱεράτευμα
3465 2649 3750 2722 προσαχθῇ
3783 2647 3930 2719 πρῶ-

2345 2763 2435 2798 τον
2462 2746 2557 2817 μὲν
2589 2745 2682 2798 ἐπὶ
2708 2744 2807 2816 τὴν
2838 2743 3079 2814 κεφαλὴν
3113 2745 3212 2813 τῆς
3249 2740 3596 2810 Ἐκκλησίας,
3623 2741 3744 2809 ἥτις
3777 2739 3924 2792 ἐστὶν

2347 2843 2375 2893 ὸ
2408 2840 2664 2910 Χριστὸς,
2700 2840 2891 2893 ἔπειτα
2938 2840 3032 2892 καὶ
3066 2840 3146 2902 εἰς
3170 2838 3259 2890 τὸν
3291 2834 3548 2902 πώγωνα,
3583 2833 3640 2894 ὃς
3670 2835 3818 2884 ἐστιν
3842 2831 3929 2883 εὐ-

2350 2930 2584 3000 πρέπεια
2612 2929 2706 2982 τοῦ
2740 2927 3032 3001 προσώπου
3062 2929 3159 2999 τῆς
3203 2924 3545 2995 Ἐκκλησίας.
3580 2920 3845 2974 Νοοῦνται
3874 2919 3928 2972 δὲ

2347 3021 2432 3074 διὰ
2461 3020 2649 3074 τούτου
2684 3023 2730 3073 οἱ
2765 3020 3077 3075 ἀπόστολοι.
3135 3019 3208 3070 Τὸ
3253 3015 3559 3070 τελευταῖον
3607 3011 3665 3064 δὲ
3714 3011 3807 3063 καὶ
3852 3011 3929 3071 εἱς

2345 3111 2465 3164 ὅλον
2497 3111 2558 3164 τὸ
2589 3112 2746 3180 σῶμα
2805 3110 3176 3181 μεταϐέϐηκε,
3224 3106 3504 3160 τουτέστιν
3550 3105 3630 3165 είς
3683 3103 3927 3161 ἅπαντας

2346 3203 2471 3264 τοὺς
2501 3203 2557 3254 ἐν
2584 3205 2647 3272 τῇ
2689 3201 2982 3271 Ἐκκλησία
3009 3199 3388 3270 ὲνδεδυμένους
3436 3195 3695 3267 Χριστόν.

2422 3295 2546 3346 Ὅτι
2567 3293 2692 3346 ἐκεῖ
2712 3293 3050 3345 ἐνετείλατο
3082 3288 3300 3358 Κύριος
3337 3289 3452 3357 τὴν
3483 3289 3795 3357 εὐλογίαν.
3829 3285 3926 3339 καί

2348 3383 2500 3452 ζωὴν
2539 3383 2646 3448 ἕως
2690 3382 2794 3436 τοῦ
2825 3381 3054 3446 αἰῶνος.
3097 3379 3274 3445 Ἐκεῖ,
3318 3377 3449 3449 φησί
3481 3395 3494 3407 ·
3530 3377 3688 3446 δῆλον
3722 3378 3801 3441 δὲ,
3847 3378 3928 3430 ὅτι

2347 3473 2475 3544 παρ’
2513 3474 2696 3534 αὐτοῖς
2727 3475 2839 3534 τοῖς
2875 3469 3221 3524 κατοικοῦσιν
3255 3467 3503 3535 ἀδελφοῖς
3536 3466 3627 3518 ἐπὶ
3660 3465 3721 3516 τὸ
3755 3465 3889 3517 αὐτό
3914 3483 3927 3497 ο

2347 3565 2443 3619 καὶ
2475 3562 2626 3629 ζωήν
2649 3579 2661 3591 ·
2711 3562 2772 3614 οὐ
2821 3562 2920 3632 τὴν
2962 3559 3227 3631 τυχοῦσαν
3251 3602 3265 3625 ,
3307 3560 3443 3613 ἁλλὰ
3494 3557 3592 3629 τὴν
3636 3556 3923 3610 ἀθάνατον.

2359 3657 2481 3710 Ἐπὶ
2505 3655 2605 3725 τὴν
2644 3651 2784 3706 Σιὼν
2817 3652 2927 3722 γὰρ
2957 3654 2990 3724 ἡ
3019 3651 3113 3705 τοῦ
3149 3653 3414 3720 παναγίου
3468 3649 3787 3720 Πνεύματος
3835 3647 3926 3699 ἐπὶ

2345 3748 2472 3810 τοὺς
2523 3746 2698 3816 ἱεροὺς
2730 3744 3059 3808 ἀποστόλους
3101 3740 3362 3807 ζωοποιὸς
3399 3740 3763 3812 κατεπέμφθη
3802 3739 3926 3810 δρό-

2349 3856 2458 3903 σος,
2487 3839 2552 3893 δι’
2590 3836 2657 3912 ἦς
2689 3839 2927 3901 ἅπαντες
2971 3839 3021 3891 οἱ
3066 3836 3413 3898 πιστεύοντες
3450 3835 3549 3905 τὴν
3581 3833 3800 3887 αἰώνιον
3838 3835 3926 3885 εὐ-

2345 3929 2530 3998 λογίαν
2577 3928 2937 3998 καρποῦνται.
2981 3925 3234 3978 Ἐκείνων
3263 3922 3370 3995 γὰρ
3394 3918 3462 3994 ἦν
3489 3923 3521 3993 ἡ
3546 3920 3743 3993 καρδία
3774 3921 3868 3974 καὶ
3891 3922 3923 3990 ὴ

2344 4019 2491 4091 ψυχὴ
2517 4019 2634 4091 μία-

2677 4109 2816 4182 ’ῼδὴ
2861 4109 2978 4163 τῶν
3016 4106 3390 4177 ἀναϐαθμῶν.
3423 4107 3606 4160 PAI".

2429 4199 2575 4254 Ἰδοὺ
2603 4199 2682 4267 δὴ
2711 4199 3013 4268 εὐλογεῖτε
3049 4197 3156 4251 τὸν
3187 4199 3427 4264 Κύριον,
3459 4195 3682 4261 πάντες
3703 4197 3757 4249 οι
3790 4194 3924 4250 601':-

2346 4297 2443 4350 λοι
2467 4295 2711 4361 Κυρίου.

2972 4383 2984 4400 '
2999 4383 3308 4448 Υπόθεσις.

2358 4476 2425 4529 Ἦ
2470 4474 2926 4544 πεντεκαιδεκάτη
2954 4473 3065 4544 ᾠδὴ
3095 4475 3206 4536 τοῖς
3255 4472 3334 4525 ἔτι
3390 4471 3818 4542 κατηχουμένοις
3868 4472 3925 4526 ἐν

752 4561 808 4614 in
836 4559 1073 4617 Ecclesia
1099 4562 1480 4617 catechumeni
1503 4573 1632 4616 sunt
1661 4562 1878 4617 laudare
1902 4562 2093 4617 Deum.
2122 4559 2247 4616 Ser-

2421 4571 2488 4640 τῇ
2529 4567 2826 4639 Ἐκκλησία
2858 4568 3026 4620 αἰνεῖν
3051 4566 3140 4619 τὸν
3164 4565 3296 4618 Θεὸν
3314 4563 3766 4636 παρακελεύεται.
3795 4562 3925 4617 Δού-

749 4666 848 4705 vos
879 4661 1057 4707 autem
1095 4663 1252 4708 vocat
1301 4654 1483 4724 ipsos,
1521 4661 1706 4723 utpote
1742 4655 1832 4723 qui
1868 4653 2109 4710 nondum
2156 4652 2245 4707 ad-

749 4747 970 4818 eptione
995 4748 1195 4818 dignati
1219 4749 1346 4802 sint.
1370 4747 1425 4802 2.
1456 4746 1520 4801 In
1539 4747 1778 4801 noctibus
1801 4748 2036 4802 extollite
2061 4763 2248 4802 manus

750 4847 948 4892 vestras
988 4839 1042 4890 in
1077 4848 1279 4892 sancta.
1335 4837 1388 4890 In
1435 4840 1684 4893 noctibus
1728 4838 1905 4894 adhuc
1951 4839 2251 4894 consistere

751 4933 874 4986 illos
911 4933 1005 4992 ait,
1038 4932 1164 5000 quia
1207 4933 1446 4985 nondum
1477 4929 1713 5000 Spiritus
1759 4933 1931 4987 sancti
1972 4932 2247 4986 illumina-

749 5024 897 5079 tione
918 5024 1098 5076 donati
1123 5033 1268 5077 sunt.

752 5114 806 5171 3.
840 5113 1119 5167 Benedicat
1152 5125 1198 5167 te
1229 5113 1478 5167 Dominus
1504 5129 1568 5166 ex
1603 5112 1752 5167 Sion.
1788 5113 1866 5167 Ex
1905 5111 2034 5166 Sion
2073 5112 2202 5166 dicit
2233 5131 2247 5165 :

680 5205 809 5272 quia
851 5205 955 5258 hoc
1001 5219 1195 5258 nomen
1230 5205 1462 5258 amabile
1498 5203 1630 5272 ipsis
1666 5212 1801 5265 erat,
1832 5204 1922 5258 ubi
1968 5213 2084 5258 erat
2115 5201 2249 5272 ipsis

681 5297 862 5351 omnis
907 5297 1355 5351 sanctiﬁcationis
1415 5304 1815 5368 argumentum.
1870 5296 2075 5349 Exinde
2121 5309 2249 5349 vero

681 5387 838 5441 docet
864 5403 929 5442 ex
956 5404 1279 5459 quocunque
1298 5391 1419 5444 loco
1449 5391 1812 5447 invocantium
1846 5403 1984 5445 esse.
2016 5387 2202 5443 dicens
2231 5405 2245 5443 :

682 5479 788 5550 Qui
824 5481 944 5549 fecit
975 5481 1159 5534 caelum
1192 5493 1240 5535 et
1276 5492 1489 5538 terram.

1186 5575 1435 5630 Alleluia.
1463 5573 1777 5629 CXXXIV.

754 5665 805 5719 1.
837 5663 1073 5720 Laudate
1117 5683 1302 5721 nomen
1349 5667 1578 5733 Domini,
1605 5665 1842 5730 laudate,
1875 5665 2029 5731 servi,
2068 5664 2251 5719 Domi-

753 5824 801 5858 ”
826 5822 982 5879 Joan.
1019 5839 1073 5890 ν,
1104 5824 1192 5880 35.

2423 4660 2546 4723 λους
2561 4658 2618 4712 δὲ
2634 4659 2828 4721 αὐτοὺς
2847 4658 3016 4720 καλεῖ,
3041 4658 3136 4712 ἁτε
3158 4658 3323 4728 μήπω
3340 4659 3438 4727 τῆς
3461 4656 3740 4719 υἱοθεσίας
3762 4656 3925 4727 ἠξιω-

2424 4751 2638 4823 μένους.
2658 4752 2752 4804 Ἑν
2780 4751 2909 4816 ταῖς
2929 4749 3108 4814 νυξὶν
3135 4747 3389 4817 ἐπάρατε
3411 4748 3515 4814 τὰς
3531 4750 3734 4817 χεῖρας
3757 4748 3924 4817 ὑμῶν

2422 4847 2506 4910 εἰς
2538 4846 2609 4899 τὰ
2637 4843 2790 4911 ἅγια.
2847 4845 2935 4896 Ἐν
2961 4843 3115 4896 νυκτὶ
3150 4841 3229 4896 ἔτι
3257 4842 3478 4895 ἑστάναι
3511 4840 3709 4904 αὐτούς
3739 4857 3924 4912 φησιν,

2423 4936 2514 4989 ἆτε
2565 4936 2638 5007 μὴ
2685 4937 3031 5006 φωτίσματος
3067 4936 3159 4989 τοῦ
3208 4934 3364 5003 ἁγίου
3413 4931 3730 5004 Πνεύματος
3762 4932 3924 5002 ἠξιω-

2426 5029 2637 5098 μένους.

2415 5116 2759 5186 Εὺλογήσαι
2798 5134 2871 5171 σε
2917 5118 3134 5182 Κύριος
3183 5115 3252 5169 ἐκ
3307 5114 3479 5170 Σιών.
3534 5115 3628 5166 Ἐκ
3678 5111 3817 5166 Σιὼν
3870 5109 3924 5164 δέ

2352 5224 2516 5277 φησιν
2535 5223 2548 5238 ο
2585 5208 2770 5278 ἐπειδὴ
2801 5207 2893 5260 καὶ
2913 5206 3147 5276 τοῦνομα
3176 5204 3422 5258 ποθεινὸν
3448 5205 3691 5276 ὑπῆρχεν
3719 5205 3926 5265 αὐτοῖς,

2351 5300 2478 5354 ἔνθα
2527 5301 2706 5371 πάσης
2750 5300 3029 5368 ἁγιστείας
3075 5297 3331 5362 ὑπόθεσις
3377 5293 3467 5368 ἦν.
3505 5293 3638 5349 Εἶτα
3684 5296 3922 5349 διδάσκει

2352 5388 2686 5458 πανταχόθεν
2720 5389 2902 5441 καλεῖν
2939 5387 3146 5456 λέγων’
3189 5387 3252 5440 Ὀ
3303 5385 3565 5455 ποιήσας
3613 5386 3722 5439 τὸν
3753 5387 3923 5454 οὐρα·

2349 5477 2462 5532 ’νὺν
2498 5481 2596 5533 καὶ
2628 5479 2742 5548 τὴν
2771 5479 2908 5550 γῆν.

2850 5571 3223 5629 ἈΜηλούτω
3253 5570 3389 5624 ΡΛΔ
3414 5610 3427 5623 .

2422 5658 2647 5715 Αἰνεῖτε
2677 5661 2741 5715 τὸ
2773 5661 2957 5730 ὄνομα
2987 5659 3233 5728 Κυρίου,
3271 5659 3516 5724 αἰνεῖτε,
3543 5658 3775 5722 δοῦλοι,
3809 5655 3918 5713 Κύ-
