4058 6480
707 412 808 470 52⁵1

1546 405 1602 459 5.
1641 403 2010 458 ATHANASII
2044 404 2191 459 OPP.
2234 402 2413 458 PARS
2450 402 2535 458 lll.
2574 434 2644 445 -—
2682 402 3090 459 EXEGETICA.

3833 406 3932 463 59.8

705 534 807 578 est.
841 521 1005 577 Multa
1047 520 1243 591 quippe
1287 528 1439 574 erant
1470 533 1588 589 qua:
1625 529 1855 574 mortem
1894 520 2258 587 minabantur,
2291 573 2296 584 ,

2372 521 2541 574 Πολλά
2570 520 2677 591 γάρ
2706 524 2775 574 τά
2810 521 3033 574 θάνατον
3067 520 3425 586 ἀπειλοῦντα,
3469 521 3642 591 λιμὸς,
3699 522 3931 592 αὐχμὸς.

707 614 1095 678 fames,aestus,
1120 613 1258 674 sitis,
1280 611 1508 664 ferarum
1534 611 1841 674 multitudo,
1861 613 2266 666 commodorum

707 705 951 759 omnium
1026 705 1343 771 indigentia.
1390 701 1465 755 Illi
1517 718 1644 757 vero
1690 704 1903 757 nemine
1950 702 2269 772 perterrefa-

707 798 881 853 ciente
934 798 1033 850 iter
1082 796 1329 865 agebant.
1377 794 1454 849 Ex
1501 794 1712 848 duobus
1750 804 1927 848 autem
1957 794 2268 849 fortissimis

707 890 956 960 regibus,
986 889 1079 958 qui
1114 889 1179 942 dc
1225 888 1417 941 robore
1464 896 1517 940 et
1549 887 1919 956 magnitudine
1956 887 2264 955 gloriaban-

708 990 815 1045 tur,
836 979 1079 1033 liberavit
1108 994 1219 1032 eos.
1246 977 1323 1031 Ex
1347 978 1544 1046 quibus
1565 976 1642 1047 Og
1670 992 1861 1031 novem
1893 977 2265 1046 longitudinis,

708 1073 948 1142 quinque
974 1070 1273 1125 latitudinis
1303 1070 1512 1126 cubitos
1552 1071 1808 1134 habebat,
1840 1080 1893 1125 et
1927 1070 2066 1125 lecto
2094 1070 2268 1124 ferreo

710 1164 979 1217 utebatur.

778 1254 863 1307 l9.
887 1254 1051 1308 Sehon
1070 1268 1236 1322 regem
1254 1251 1693 1316 Amorrhworum,
1710 1258 1813 1305 etc.
1834 1249 1949 1306 Non
1968 1251 2086 1306 sine
2104 1266 2269 1307 causa

708 1345 827 1399 aliis
856 1345 1076 1399 omissis
1123 1344 1224 1398 hos
1271 1344 1589 1397 memoravit
1628 1359 1799 1411 reges,
1833 1343 1926 1398 sed
1978 1352 2037 1397 ut
2071 1344 2269 1413 pepulo

708 1437 760 1491 in
786 1446 1019 1492 mentem
1038 1446 1308 1490 revocaret
1328 1434 1587 1489 divinitus
1604 1450 1921 1490 concessam
1955 1436 2265 1489 victoriam.

707 1529 840 1583 Nam
863 1531 929 1584 de
950 1529 1147 1584 robore
1176 1528 1277 1599 ipsi
1296 1537 1348 1582 et
1376 1528 1617 1597 potentia
1644 1536 1697 1581 et
1725 1528 1974 1597 corporis
1999 1527 2141 1581 mole
2162 1527 2270 1597 glo-

709 1623 1003 1675 riahantur.

773 1714 861 1767 9.3.
895 1711 1033 1778 Quin
1078 1713 1131 1765 in
1167 1711 1461 1764 humilitate
1496 1720 1676 1763 nostra
1723 1726 1921 1763 memor
1967 1709 2066 1778 fuit
2104 1709 2268 1762 nostri

706 1804 980 1857 Dominus.
1009 1802 1131 1859 llaec
1159 1804 1322 1858 verba
1348 1823 1361 1857 :
1390 1802 1526 1867 Quia
1556 1804 1608 1854 in
1633 1802 1931 1855 humilitate
1956 1810 2137 1855 nostra
2164 1817 2269 1853 me-

706 1911 818 1947 mor
843 1897 942 1963 [uit
980 1896 1143 1947 nostri
1188 1894 1464 1957 Dominus,
1492 1893 1667 1961 aptius
1709 1892 2039 1945 conveniunt
2085 1891 2149 1943 iis
2176 1892 2267 1959 qui
2301 1870 2342 1925 Β

705 2002 734 2039 a
764 1985 1029 2055 spirituali
1080 1984 1192 2039 sive
1232 1984 1471 2039 sensibili
1516 1984 1824 2052 captivitate
1862 1981 2075 2036 liberati
2119 1992 2266 2037 sunt.

775 2170 959 2236 25,26.
984 2169 1088 2236 Qui
1112 2170 1203 2223 dat
1246 2187 1417 2225 escam
1440 2170 1581 2222 omni
1607 2168 1778 2224 carni.
1807 2168 1924 2223 Non
1955 2168 2101 2223 enim
2150 2168 2272 2238 pios

706 2276 914 2321 tantum
960 2266 1224 2333 benignus
1271 2263 1414 2317 Deus
1449 2271 1623 2326 curat,
1666 2262 1758 2315 sed
1792 2262 1953 2315 etiam
1997 2276 2171 2330 usque
2204 2262 2271 2315 ad

702 2358 867 2412 bruta
883 2355 1303 2411 animantiazita
1336 2363 1394 2408 ut
1417 2362 1799 2423 congruentem
1829 2354 2059 2424 singulis
2087 2355 2270 2406 cibum

705 2447 1000 2516 dispenset,
1030 2454 1080 2499 et
1118 2444 1506 2514 providentiam
1540 2460 1692 2498 suam
1745 2445 2002 2498 extendat
2046 2459 2074 2496 a
2105 2446 2273 2495 mira-

706 2538 906 2592 bilibus
942 2537 1062 2592 coeli
1109 2551 1282 2605 usque
1331 2536 1395 2590 ad
1445 2537 1708 2590 vilissima
1757 2544 1945 2599 terrm;
1989 2543 2042 2587 et
2075 2536 2273 2587 exhinc

706 2645 925 2684 rursum
972 2629 1039 2683 ad
1073 2644 1245 2697 usque
1294 2628 1489 2681 coelum
1537 2626 1897 2695 progreditur.
1933 2624 2113 2690 Quare
2152 2633 2274 2694 post

707 2721 867 2782 illud,
911 2721 1051 2773 omni
1099 2720 1278 2782 carni,
1330 2718 1513 2786 adjicit
1551 2735 1563 2767 :
1608 2716 1943 2785 Con/itemiui
1981 2716 2087 2768 Deo
2134 2715 2270 2769 caeli.

706 2810 839 2866 Nam
878 2812 997 2865 licet
1024 2810 1269 2865 omnium
1317 2810 1385 2863 sit
1418 2808 1617 2879 epil'cx,
1657 2824 1751 2878 per
1788 2809 2166 2863 excellentiam
2194 2816 2275 2860 ta-

708 2919 830 2958 men
859 2900 1003 2957 Deus
1036 2903 1157 2957 caeli
1185 2902 1402 2967 dicitur,
1431 2916 1617 2954 eorum
1650 2900 1742 2970 qui
1778 2900 1941 2953 isthic
1970 2899 2172 2967 degunt
2196 2895 2276 2948 [ευ

708 2996 913 3049 mulatu
946 2995 1145 3049 cultus.
1179 2990 1461 3063 Siquidem
1495 2991 1649 3045 locus
1676 2990 1766 3044 ille
1792 3004 1823 3043 a
1851 2998 2076 3059 peccato
2104 3001 2275 3057 purus

708 3096 763 3143 ει
788 3101 990 3141 vacuus
1020 3093 1124 3140 est.

830 3178 1020 3233 Davidi
1045 3193 1135 3246 per
1160 3173 1463 3229 Jeremiam.
1492 3169 1828 3226 PSALMUS
1854 3169 2165 3227 CXXXVI.

779 3269 831 3324 1.
875 3266 1041 3337 Super
1068 3266 1291 3336 ﬂumina
1327 3264 1615 3334 Babylonis
1649 3264 1759 3317 illic
1786 3264 2014 3316 sedimus
2047 3272 2092 3315 et
2128 3260 2276 3331 ﬂevi-

712 3378 846 3415 mus.
901 3358 1132 3414 Docetur
1180 3359 1271 3413 hic
1323 3356 1567 3410 futurum
1622 3364 1680 3407 ut
1732 3354 1769 3406 ii
1817 3353 1911 3421 qui
1946 3351 2131 3405 multis
2158 3358 2278 3420 post

712 3456 868 3510 annis
916 3453 968 3505 in
1015 3450 1285 3521 Babylone
1330 3456 1550 3517 propter
1591 3445 1934 3513 iniquitatem
1982 3443 2276 3496 habitaturi

710 3555 885 3613 erant,
921 3544 1111 3599 ﬂerent
1139 3551 1189 3596 et
1222 3540 1367 3595 anxii
1409 3548 1611 3603 essent,
1644 3537 1923 3608 cupientes
1958 3536 2099 3591 bona
2125 3551 2277 3605 repe-

712 3649 821 3693 tere
848 3652 968 3692 sua.

779 3729 833 3783 5.
869 3726 928 3781 Si
960 3724 1151 3779 oblitus
1190 3724 1335 3793 fuero
1363 3724 1462 3789 tui,
1494 3721 1817 3787 Jerusalem,
1851 3719 2100 3773 oblivioni
2125 3718 2278 3772 detur

710 3823 925 3875 dextera
959 3834 1093 3872 mea.
1126 3816 1364 3882 Scilicet,
1412 3830 1479 3868 ue
1525 3828 1821 3884 supernum
1856 3812 2119 3867 auxilium
2147 3826 2277 3866 cou-

712 3929 925 3984 sequar.

780 4006 831 4061 6.
881 4004 1159 4057 Adhwreat
1209 4001 1391 4069 lingua
1431 4015 1547 4051 mea
1594 3996 1835 4066 faucibus
1867 3996 2031 4058 meis,
2074 3995 2122 4047 si
2173 4009 2277 4047 non

712 4096 991 4150 meminero
1035 4093 1135 4147 tui.
1184 4090 1315 4157 Qua:
1361 4089 1505 4143 enim
1554 4087 1759 4141 utilitas
1804 4084 2154 4140 instrumenti
2207 4082 2274 4136 ad

712 4200 1015 4242 sermonem
1052 4180 1305 4237 destinati
1351 4180 1396 4235 si
1444 4177 1511 4232 ad
1555 4176 1790 4232 olIiciutn
1820 4191 1926 4230 non
1956 4172 2277 4229 moveatur?

710 4276 1074 4345 Quamobrem
1106 4274 1248 4328 beati
1289 4272 1389 4325 viri
1422 4286 1515 4340 per
1562 4279 1730 4322 totam
1775 4267 1936 4320 vitam
1965 4266 2031 4320 de
2062 4266 2275 4336 hymnis

710 4366 1041 4422 celebrandis
1066 4379 1252 4419 curam
1300 4362 1536 4416 habuere
1576 4360 1815 4413 dicentes
1847 4373 1861 4409 :
1897 4354 2136 4413 Cantabo
2168 4356 2277 4409 Do-

712 4461 850 4513 mino
872 4458 927 4510 in
956 4457 1063 4509 vita
1091 4472 1206 4509 mea
1227 4455 1293 4509 ".
1320 4453 1449 4507 Erat
1477 4463 1655 4506 autem
1684 4451 1792 4505 illis
1815 4450 2113 4504 veneranda
2143 4448 2275 4502 civi-

2366 612 2513 681 δίνᾷα,
2549 612 2748 682 πλῆθος
2800 611 3034 683 θηρίων,
3072 614 3323 665 ἁπάντων
3360 613 3681 682 ἐπιτηδείων
3730 616 3763 684 ἠ
3811 616 3932 684 Ep”:

2371 706 2486 774 μία.
2518 705 2581 755 Ol
2605 704 2659 756 δὲ
2689 703 2916 774 μηδενὸς
2952 704 3241 773 φοϐοῦντος
3289 704 3553 767 ἐϐάδιζον.
3604 706 3699 758 ‘lix
3744 706 3803 758 δὲ
3843 706 3932 757 δύο

2366 795 2602 849 δυνατῶν
2627 798 2720 848 καὶ
2754 795 3095 865 βασιλέων,οῖ
3118 797 3206 848 ἐπὶ
3240 795 3397 867 ῥώμῃ
3413 795 3505 848 καὶ
3525 796 3813 866 δυναστείᾳ
3845 796 3935 848 καὶ

2372 890 2585 960 μεγέθει
2609 888 2856 959 σώματος
2878 888 3248 958 ἐσεμνύνοντο,
3280 888 3546 959 ἐρρύσατο
3586 888 3805 951 αύτούς.
3838 889 3937 956 Ὤγ

2368 980 2559 1050 πηχῶν
2589 980 2723 1049 ἔχων
2755 978 2909 1032 ὲννέα
2942 978 3003 1030 τὸ
3036 979 3228 1048 μῆκος,
3260 978 3353 1030 καὶ
3388 978 3547 1031 πέντε
3582 978 3644 1030 τί»
3688 977 3890 1041 πλάτος
3918 1018 3936 1042 ,

2368 1074 2462 1126 καὶ
2502 1073 2721 1145 σιδηρᾶν
2752 1068 2865 1141 εἶχε
2898 1071 2995 1141 τὴν
3026 1070 3235 1141 κλίνην.

2444 1256 2553 1310 Τὸν
2573 1253 2743 1322 Σηὼν
2772 1251 3037 1319 βασιλέα
3056 1250 3175 1305 τῶν
3199 1252 3580 1320 Ἀμορραίων.
3610 1251 3724 1322 Οὐχ
3748 1251 3934 1314 ἁπλῶς

2367 1348 2422 1401 δὲ
2446 1349 2570 1412 τοὺς
2600 1346 2791 1410 ἀλλους
2816 1344 3165 1417 παραλείπων
3198 1343 3453 1414 βασιλέας
3497 1342 3702 1396 τούτων
3746 1345 3935 1412 διαφε-

2371 1438 2567 1507 ρόντως
2599 1436 2864 1507 ἐμνήσθη,
2909 1436 3042 1489 ἀλλά
3078 1435 3167 1488 τὸν
3202 1435 3327 1487 λαὸν
3368 1435 3465 1505 τῆς
3504 1434 3749 1487 θεοδότου
3785 1436 3938 1504 νίκης

2369 1533 2817 1601 ἀναμιμνήσκων.
2866 1528 2988 1581 Ἐπὶ
3018 1527 3176 1600 ῥώμῃ
3208 1528 3317 1598 γὰρ
3340 1522 3484 1580 οὗτοι
3515 1529 3609 1580 καὶ
3650 1526 3941 1596 δυναστείᾳ

2370 1625 2464 1677 καὶ
2494 1622 2710 1692 μεγέθει
2738 1620 2987 1693 σώματος
3020 1617 3395 1689 ἐσεμνύνοντο.

2441 1716 2567 1767 Ὀτι
2593 1715 2662 1767 ἐν
2685 1713 2758 1781 τῇ
2782 1711 3131 1766 ταπεινώσει
3162 1708 3329 1779 ἡμῶν
3368 1708 3640 1778 ἐμνήσθη
3690 1707 3862 1777 ἡμῶν
3911 1710 3939 1759 ό

2368 1808 2599 1875 Κύριος.
2628 1804 2795 1858 ΠΑέον
2824 1804 3052 1875 ἁρμόσει
3080 1806 3107 1856 ό
3135 1803 3291 1871 λόγος
3324 1805 3353 1855 ό
3392 1802 3586 1870 λέγων,
3619 1802 3753 1853 ’Ὁτι
3776 1801 3846 1853 ἐν
3870 1798 3941 1865 τῇ

2370 1896 2720 1952 ταπεινώσει
2744 1895 2910 1966 ἡμῶν
2944 1894 3215 1964 ἐμνήσθη
3268 1893 3436 1962 ἡμῶν
3460 1896 3492 1946 ό
3537 1890 3782 1961 Κύριος,
3834 1894 3941 1953 τοῖς

2370 1991 2467 2059 τῆς
2488 1988 2683 2059 νοητῆς
2712 1986 2949 2051 δουλείας
2979 1984 3393 2053 ἀπαλλαγεῖσιν,
3440 1984 3578 2052 ἦτοι,
3620 1983 3721 2052 τῆς
3753 1981 3942 2052 αἰσθη-

2371 2098 2490 2149 της.

2453 2172 2507 2225 Ὁ
2539 2170 2742 2237 διδοὺς
2766 2169 2996 2239 τρυφὴν
3031 2168 3197 2238 πάσῃ
3249 2168 3453 2237 σαρκί.
3507 2166 3581 2220 Ob
3636 2166 3747 2237 γὰρ
3784 2166 3944 2237 μέχρι

2370 2264 2478 2318 τῶν
2509 2262 2872 2317 εὐσεϐούντων
2904 2261 3054 2333 ήτοῦ
3089 2261 3467 2332 φιλανθρώπου
3524 2259 3662 2313 Θεοῦ
3711 2260 3945 2330 κηδεμο-

2373 2359 2480 2420 νία.
2514 2356 2650 2410 ἀλλά
2683 2355 2774 2408 καὶ
2808 2357 2968 2425 μέχρι
2993 2354 3099 2407 τῶν
3128 2352 3358 2420 ἀλόγων,
3400 2353 3475 2415 ὡς
3503 2353 3717 2421 ἑκάστῳ
3746 2353 3945 2405 κατάλ-

2372 2448 2532 2519 ληλον
2560 2446 2756 2501 διδόναι
2804 2446 3031 2517 τροφὴν,
3075 2443 3409 2497 ἑκτείνεσθαί
3454 2461 3513 2496 τε
3558 2444 3656 2514 τὴν
3688 2448 3944 2515 πρόνοιαν

2374 2538 2481 2591 ἀπὸ
2500 2536 2605 2589 τῶν
2632 2538 2751 2590 κατ’
2779 2534 3002 2605 οὐρανὸν
3050 2532 3343 2603 θαυμάτων
3378 2534 3536 2604 μέχρι
3568 2533 3677 2585 τῶν
3722 2534 3815 2585 ἐπὶ
3847 2533 3945 2601 γῆς

2375 2627 2747 2700 σμικροτάτων
2766 2642 2778 2655 ·
2812 2623 3060 2677 ἐντεῦθεν
3085 2623 3143 2676 δὲ
3168 2623 3329 2677 πάλιν
3375 2624 3560 2694 διῆκεν
3586 2626 3665 2687 εἰς
3693 2625 3940 2695 οὐρανόν.

2373 2720 2463 2772 Διὸ
2510 2718 2649 2788 μετά
2674 2718 2753 2781 τὸ,
2792 2716 2958 2783 πάσῃ
3001 2714 3199 2783 σαρκὶ,
3248 2716 3599 2785 ἐπενήνοχεν·
3636 2716 3946 2785 Ἐξομολο-

2373 2810 2573 2879 γεῖσθε
2601 2806 2682 2873 τῷ
2712 2806 2835 2871 Θεῷ
2866 2805 2971 2859 τοῦ
2999 2804 3279 2872 οἰφανοῦ.
3311 2806 3421 2858 Καὶ
3448 2806 3662 2859 πάντων
3683 2805 3759 2858 ῶν
3792 2824 3948 2876 ποιηο

2372 2902 2471 2972 τὴς
2503 2942 2517 2967 ,
2553 2898 2783 2971 οὐρανοῦ
2809 2896 2929 2949 κατ’
2962 2896 3236 2968 ἐξαίρετον
3279 2897 3603 2968 χρηματίζει
3629 2896 3765 2961 Θεὸς
3796 2937 3810 2961 ,
3847 2898 3946 2949 ὑπὸ

2372 2996 2481 3047 τῶν
2509 2996 2625 3047 ἐκεῖ
2667 2991 3036 3063 διαιτωμένων
3066 2989 3521 3061 θεραπευόμενος.
3557 2989 3813 3061 Καθαρὸν
3840 2990 3945 3059 γάρ

2376 3089 2648 3159 ἁμαρτίας
2673 3086 2789 3139 ἐστὶ
2823 3084 3038 3155 χωρίον.

2522 3176 2606 3243 Τῷ
2620 3178 2799 3232 Δαυΐό
2830 3178 2927 3231 διὰ
2943 3178 3242 3247 Ἰερεμίου.
3277 3177 3584 3230 ΨΑΑΜΟΣ
3610 3177 3806 3243 ΡΛςν.

2450 3268 2577 3321 Ἐπί
2595 3267 2713 3321 τῶν
2733 3266 3013 3337 ποταμῶν
3033 3267 3391 3332 Βαϐυλῶνος
3421 3265 3546 3319 ἐκεῖ
3577 3266 3947 3335 ἐκαθίσαμεν

2375 3362 2472 3416 καὶ
2516 3362 2918 3431 ἐκλαύσαμεν.
2979 3360 3229 3414 Διδάσκει
3274 3360 3302 3411 ό
3355 3357 3510 3426 λόγος
3561 3360 3687 3421 τοὺς
3734 3359 3946 3421 πολλοῖς

2377 3455 2598 3528 ὕστερον
2622 3455 2831 3526 χρόνοις
2862 3454 3151 3525 ἐσομένους
3174 3455 3230 3506 ὲν
3262 3448 3539 3504 Βαϐυλῶνι
3573 3450 3661 3503 διὰ
3699 3452 3800 3521 τὴν
3828 3454 3947 3505 avo—

2380 3544 2505 3613 μίαν
2533 3542 2757 3607 κλαίειν,
2810 3542 3117 3613 ἀδημονεῖν,
3165 3539 3552 3608 ἐπιζητοῦντας
3582 3540 3692 3593 τῶν
3730 3542 3945 3594 οἰκείων

2376 3632 2596 3701 ἀγαθῶν
2628 3634 2727 3705 τὴν
2751 3633 3041 3705 ἀπόληψιν.

2446 3725 2583 3778 Ἐὰν
2603 3726 2967 3795 ἐπιλάθωμαι
2999 3741 3135 3789 σου,
3162 3726 3566 3796 Ἰερουσαλὴμ,
3592 3727 3945 3793 ἐπιλησθείη

2374 3818 2413 3886 ’ἠ
2445 3816 2946 3887 δεξιάμου.”Ητοι,
2974 3817 3048 3888 μὴ
3064 3816 3281 3889 τύχοιμι
3312 3818 3409 3887 τῆς
3442 3816 3645 3871 ἀνωθεν
3673 3816 3945 3887 βοηθείας.

2443 3995 2778 4063 Κολληθείη
2805 3995 2844 4063 ὴ
2872 3993 3119 4066 γλῶσσά
3142 4012 3260 4063 μου
3290 3991 3370 4058 τῷ
3393 3992 3649 4063 λάρυγγί
3676 4011 3819 4059 μου,
3844 3993 3952 4047 ἐὰν

2370 4086 2454 4157 μή
2509 4102 2626 4141 σου
2673 4083 2946 4157 μνησθῶ.
2983 4084 3048 4138 Τί
3094 4084 3203 4155 γάρ
3248 4084 3438 4151 ὄφελος
3482 4083 3757 4154 ὲρρῶσθαι
3791 4084 3946 4151 λόγου

2375 4180 2602 4252 ὄργανον
2621 4218 2637 4244 ,
2669 4179 2803 4250 πρὸς
2846 4178 2906 4231 τὸ
2948 4178 3065 4230 δέον
3109 4177 3181 4247 μὴ
3210 4175 3566 4246 κρουόμενον;
3596 4174 3687 4227 Διὸ
3724 4177 3820 4228 καὶ
3851 4176 3946 4245 τὴν

2376 4271 2519 4341 ζωὴν
2552 4271 2763 4324 ἀπασαν
2786 4270 2833 4321 oi
2860 4269 3115 4340 μακάριοι
3141 4267 3329 4338 ἄνδρες
3358 4270 3424 4338 τῇ
3449 4268 3576 4337 περὶ
3597 4268 3721 4330 τοὺς
3750 4267 3946 4338 ὕμνους

2376 4364 2442 4418 ἂν
2483 4359 2621 4434 ἦσαν
2664 4362 2901 4434 φροντίδι
2944 4360 3212 4428 λέγοντες·
3249 4361 3410 4429 ᾋσω
3442 4358 3521 4424 τῷ
3553 4359 3749 4426 Κυρίῳ
3776 4359 3846 4411 ἐν
3874 4357 3947 4425 τῇ

2376 4453 2485 4521 ζωῇ
2514 4471 2652 4522 μου,
2680 4449 2787 4507 'Hv
2814 4452 2869 4505 δὲ
2905 4453 2937 4522 ἡ
2968 4451 3118 4514 πόλις
3150 4452 3330 4514 αὐτοῖς
3360 4449 3520 4520 τιμία
3545 4448 3633 4502 διὰ
3659 4450 3760 4519 τὴν
3796 4448 3944 4502 θείαν

706 4561 791 4606 tas
816 4549 886 4603 ob
910 4549 1148 4604 divinum
1176 4548 1404 4611 cultum,
1436 4556 1493 4599 ut
1518 4554 1641 4598 ante
1668 4544 1869 4597 dictum
1894 4554 1975 4598 est
2004 4562 2016 4597 :
2051 4544 2274 4612 Propter

2376 4544 2659 4617 λατρείαν,
2704 4546 2778 4607 ὡς
2825 4543 3146 4615 προείρηται
3191 4542 3271 4603 τὸ.
3322 4543 3533 4595 Ἕνεκα
3575 4541 3797 4609 Κυρίου
3839 4541 3947 4594 τοῦ

706 4645 919 4697 domum
953 4640 1165 4694 Domini
1199 4640 1295 4693 Dei
1322 4640 1486 4692 nostri
1517 4638 1731 4707 qttwsivi
1758 4637 1891 4688 bona
1917 4636 2029 4687 tibi.

780 4733 839 4789 Si
868 4751 969 4788 non
1003 4749 1318 4805 proposuero
1356 4730 1651 4785 Jerusalem
1699 4731 1751 4781 in
1782 4728 2043 4797 principio
2071 4726 2273 4781 laetitiae

710 4844 856 4882 mea.
892 4826 1086 4891 Tuam,
1118 4827 1311 4897 inquit,
1361 4824 1679 4878 memoriam
1726 4821 1874 4876 omni
1911 4820 2105 4874 laetitiae
2139 4835 2271 4888 prae-

710 4932 928 4986 ponam.
956 4919 1031 4970 lta
1060 4917 1199 4971 enim
1228 4916 1490 4984 contingit
1522 4924 1579 4968 ut
1611 4915 1829 4983 reliqua:
1862 4927 2050 4965 omnes
2079 4912 2273 4964 laetitiae

710 5012 862 5065 bonae
895 5011 1021 5076 sint.
1063 5008 1322 5063 Dominus
1370 5009 1493 5063 item
1540 5022 1726 5061 sacros
1750 5004 1900 5058 cibos
1932 5012 2054 5056 ante
2082 5018 2273 5071 corpo-

710 5103 848 5157 rales
878 5102 1106 5156 inducit.

776 5286 828 5337 7.
861 5282 1069 5337 Memor
1093 5294 1223 5347 esto,
1255 5282 1492 5344 Domine,
1516 5283 1749 5352 ﬁliorum
1793 5280 1985 5344 Edam,
2009 5290 2112 5335 etc.
2148 5278 2271 5332 Filii

703 5374 873 5430 Edom
902 5376 969 5429 ab
993 5374 1131 5430 Esau
1160 5377 1403 5435 Idumaei,
1431 5378 1519 5444 qui
1548 5385 1701 5443 capta
1730 5372 2050 5435 Jerusalem,
2078 5372 2269 5425 acerbe

707 5470 1062 5532 insultabant,
1109 5468 1279 5523 donec
1308 5484 1424 5521 eam
1455 5483 1485 5521 a
1526 5466 1892 5519 fundamentis
1920 5466 2153 5519 dirutam
2188 5464 2268 5517 vi-

705 5561 904 5615 derint.

776 5650 829 5705 8.
859 5648 1001 5702 Filia
1025 5649 1312 5720 Babylonis
1334 5652 1543 5706 misera.
1578 5649 1933 5722 Propheticus
1957 5660 2041 5707 est
2068 5666 2267 5717 sermo,

773 5804 818 5837 θ’
843 5802 986 5859 Psal.
1018 5820 1135 5868 cur,
1168 5806 1259 5859 9.5.

2378 4637 2523 4692 Θεοῦ
2547 4636 2714 4705 ἡμῶν
2740 4634 3067 4702 ἐξεζήτησα
3095 4632 3284 4703 ἀγαθὰ
3316 4649 3435 4687 σοι.

2456 4730 2589 4781 Ἐὰν
2626 4727 2711 4796 μὴ
2755 4725 3246 4795 προανατάξωμαι
3285 4724 3399 4792 τὴν
3445 4722 3835 4791 Ἰερουσαλὴμ
3867 4724 3944 4789 ὠς

2372 4820 2441 4873 ἐν
2461 4818 2618 4888 ἀρχῇ
2648 4818 2759 4885 τῆς
2780 4819 3159 4886 εὐφροσύνης
3178 4834 3317 4885 μου.
3341 4816 3451 4887 Τὴν
3481 4816 3597 4887 σὴν,
3624 4816 3781 4885 φησὶ,
3815 4819 3943 4888 μνή-

2376 4931 2482 4983 μην
2514 4913 2690 4982 πάσης
2724 4911 3059 4981 εὐφροσύνης
3089 4908 3361 4979 προτάξω.
3407 4908 3639 4976 Ἀγαθάς
3670 4908 3779 4980 γὰρ
3806 4910 3943 4963 οὕτω

2372 5007 2465 5059 καί
2495 5006 2591 5066 τάς
2614 5003 2803 5067 λοιπὰς
2834 5006 2963 5074 ἡμῖν
2993 5002 3327 5070 εὐφροσύνας
3356 4999 3603 5069 γενέσθαι
3632 5000 3938 5070 συμϐαίνει.

2372 5097 2481 5149 Καὶ
2512 5097 2541 5147 ό
2569 5095 2769 5165 Κύριος
2801 5094 2857 5146 δὲ
2890 5093 2987 5156 τὰς
3017 5092 3168 5164 ίεράς
3198 5092 3405 5164 τροφὰς
3429 5092 3533 5163 πρὸ
3562 5092 3672 5144 τῶν
3698 5108 3939 5162 σωματι-

2373 5188 2483 5240 κῶν
2504 5189 2820 5257 εἰσηγεῖται.

2441 5279 2785 5343 Μνήσθητι,
2834 5279 3049 5343 Κυριε.
3102 5274 3220 5328 τῶν
3266 5274 3410 5328 υἱῶν
3466 5274 3666 5343 Ἐδώμ.
3725 5277 3789 5329 Οί
3840 5279 3941 5331 υἱοὶ

2386 5369 2560 5440 Ἐδὼμ
2592 5371 2639 5421 oi
2672 5369 2778 5422 ἀπὸ
2815 5368 2984 5422 Ἦσαῦ
3026 5368 3329 5437 Ἰδουμαῖοι,
3379 5368 3427 5419 οἳ
3460 5369 3551 5419 καὶ
3584 5366 3819 5438 ἀλούσης
3848 5370 3941 5438 τῆς

2384 5462 2734 5532 Ἰερουσαλὴμ
2774 5460 3103 5529 ὲπέμϐαινον
3149 5459 3396 5530 πικρῶς,
3442 5460 3545 5521 ἕως
3577 5460 3641 5511 ἐκ
3681 5458 3941 5529 θεμελίων

2372 5556 2540 5625 αὐτὴν
2574 5552 3015 5607 ἁνασπασθεῖσαν
3045 5552 3307 5619 ἔγνωσαν.

2444 5643 2713 5714 Θυγάτηρ
2739 5642 3095 5709 Βαϐυλῶνος
3123 5644 3161 5709 ἠ
3183 5642 3574 5711 ταλαίπωρος.
3602 5643 3940 5714 Προφητικὸς
