4058 6454
140 404 245 460 539

1156 391 1518 448 EXPOSI'I‘IO
1555 389 1619 443 IN
1658 391 1984 448 PSALMUM
2025 389 2354 446 CXXXVIII.

3274 387 3377 443 530

137 519 169 572 ὁ
200 514 358 587 λόγος
384 517 628 577 κάκεῖνος
672 514 768 584 τῆς
801 511 1116 574 Βαϐυλῶνος
1152 509 1405 581 σημαίνει
1444 508 1542 580 τὴν
1573 509 1706 579 πόρ-

1832 510 1902 578 ιιιί
1944 508 2234 579 Babylonis
2276 507 2547 563 excidiqu
2581 504 2921 575 praetiuntiat.
2957 502 3156 557 Beatus
3181 504 3269 570 qui
3300 519 3379 556 re-

139 609 322 680 θησιν.
353 605 654 675 Μακάριος
691 604 756 670 ὃς
789 601 1198 656 ἀνταποδώσει
1231 602 1298 653 τὸ
1336 597 1716 668 ἀνταπόδομά

138 719 279 756 σου.
299 701 554 758 Ἐκεῖνος.
581 697 732 767 φησι,
755 697 1019 766 μακάριος
1043 695 1071 746 ὁ
1093 691 1611 762 ἀνταιχμαλωτεύων
1633 707 1712 743 σε.

281 792 366 858 Τῷ
391 789 570 846 Δαυΐὸ
597 788 694 842 διὰ
731 788 1048 856 Ζαχαρίου.
1092 786 1398 838 ΨΑΛΜΟΣ
1429 785 1608 836 ΡΛΖ’.

777 879 1102 943 Ὑπόθεσις.

154 976 216 1029 '0
249 973 440 1048 παρὼν
463 974 677 1044 ψαλμὺς
698 969 1030 1043 προφητείαν
1062 969 1302 1040 περιέχει
1333 967 1432 1038 τῆς
1464 967 1717 1020 ἁπάντων

217 1065 388 1120 ὲθνῶν
420 1066 683 1138 κλήσεως
717 1065 799 1131 ἐφ’
886 1063 980 1114 καὶ
1004 1060 1331 1130 εὐχαριστεῖ,
1359 1060 1439 1112 ὃτι
1465 1059 1525 1112 οὐ
1562 1059 1719 1128 μόνος

214 1157 399 1220 αὐτὸς,
437 1155 688 1225 βασιλεὺς
712 1152 807 1215 ὢν,
836 1150 1061 1222 ἠξίωται
1089 1150 1188 1221 τῆς
1209 1149 1358 1212 θείας
1382 1148 1717 1218 θεοφανείαςο

214 1249 352 1302 ἀλλὰ
380 1249 472 1302 καὶ
497 1247 725 1310 πολλοὺς
749 1244 856 1298 τῶν
884 1243 1055 1297 ἐθνῶν
1088 1242 1324 1312 βασιλεῖς
1348 1258 1479 1312 φησι
1506 1239 1607 1310 τῆς
1629 1242 1720 1294 αὐ-

213 1341 316 1410 τῆς
342 1337 738 1409 ἀξιωθήσεσθαι
781 1336 1022 1406 χάριτος,
1062 1334 1198 1404 ὅπερ
1243 1333 1400 1404 μόνον
1445 1331 1581 1404 μετὰ
1620 1331 1718 1400 τὴν

214 1431 508 1501 ἐπιδημίαν
536 1429 846 1498 γεγένηται.

229 1518 771 1590 Ἐξομολογήσομαί
815 1531 942 1580 σοι,
989 1516 1196 1584 Κύριε,
1236 1513 1305 1567 ἐν
1350 1512 1463 1581 ὅλῃ
1511 1512 1721 1580 καρδίᾳ

135 1630 284 1682 μου.
320 1611 535 1680 Ταύτην
568 1609 644 1679 τῷ
686 1608 924 1678 πλουσίῳ
965 1606 1194 1659 δέδωκεν
1228 1605 1256 1656 ὁ
1288 1605 1476 1675 Σωτὴρ
1508 1604 1605 1674 τὴν
1637 1605 1721 1656 ὲν-

141 1703 326 1774 τολὴν,
354 1701 541 1755 εἰπών·
579 1700 932 1769 Ἀγαπήσεις
963 1699 1178 1765 Κύριον
1198 1695 1304 1750 τὸν
1332 1697 1478 1750 Θεόν
1505 1711 1620 1750 σου
1651 1694 1719 1758 ἐξ

1819 603 2006 655 tribuet
2039 601 2133 654 tibi
2172 601 2560 653 retributionem
2610 607 2779 655 tuam.
2813 597 2924 662 Ille,
2955 597 3150 666 inquit,
3187 597 3376 651 beatus

1816 694 1908 765 qui
1944 707 1993 749 te
2027 695 2079 747 in
2112 691 2474 762 captivitatem
2508 691 2742 746 duxerit.

1887 784 2079 840 Davidi
2102 802 2193 856 per
2226 784 2564 839 Zachariam.
2599 781 2932 838 PSALMUS
2958 780 3156 836 CXXX
3176 778 3300 836 VII.

2401 875 2795 945 Argumentum.

1815 974 2064 1027 Praesens
2113 973 2358 1042 psalmus
2403 971 2738 1041 prophetiam
2797 975 3038 1023 continet
3080 964 3380 1020 vocationis

1885 1063 2127 1116 omnium
2157 1062 2419 1133 gentium,
2462 1061 2529 1115 de
2558 1075 2664 1129 qua
2707 1059 2909 1129 gratias
2944 1058 3072 1127 agit,
3098 1057 3242 1126 quod
3274 1071 3377 1111 non

1889 1154 2062 1209 solum
2094 1154 2207 1223 ipse
2234 1154 2326 1222 qui
2353 1169 2444 1207 rex
2472 1159 2606 1215 erat,
2639 1150 2728 1205 Dei
2757 1149 2986 1204 adventu
3008 1157 3060 1202 et
3086 1157 3378 1216 conspectu

1890 1243 2141 1312 dignatus
2184 1245 2282 1305 sit,
2328 1242 2421 1296 sed
2466 1242 2627 1295 etiam
2673 1240 2872 1294 multos
2914 1238 3150 1309 gentium
3197 1249 3378 1304 reges,

1889 1336 2075 1388 eadem
2118 1335 2288 1404 gratia
2326 1331 2608 1386 donandos
2648 1330 2742 1394 ait,
2773 1328 2914 1401 quod
2943 1335 3065 1398 post
3094 1326 3379 1381 adventum

1891 1425 2104 1479 Domini
2136 1426 2397 1478 duntaxat
2424 1421 2621 1476 factum
2649 1429 2750 1476 est.

1892 1517 1943 1570 l.
1975 1515 2273 1584 Conﬁtebor
2306 1514 2420 1577 tibi,
2449 1511 2688 1576 Domine,
2718 1512 2772 1564 in
2800 1519 2905 1563 toto
2932 1510 3086 1562 corde
3115 1524 3246 1561 meo.
3272 1505 3385 1561 IIoc

1821 1614 2148 1676 praeceptum
2189 1603 2334 1657 dedit
2392 1602 2638 1656 Salvator
2683 1601 2868 1666 diviti,
2915 1598 3146 1654 dicens:
3191 1596 3384 1667 Diliges

1822 1695 2104 1748 Dominum
2137 1693 2301 1747 Deum
2343 1703 2487 1746 tuum
2530 1708 2594 1746 ea:
2626 1703 2733 1745 toto
2774 1691 2926 1744 corde
2957 1699 3065 1756 tuo,
3095 1699 3144 1744 et
3175 1703 3239 1743 ex
3263 1688 3395 1741 totis.

143 1795 301 1861 ὅλης
332 1792 442 1861 τῆς
470 1791 718 1862 καρδίας
761 1807 877 1845 σου
918 1790 1015 1844 καὶ
1049 1787 1118 1854 ἐξ
1161 1787 1310 1856 ὅλης
1354 1786 1466 1856 τῆς
1508 1788 1720 1855 ίσχύος

1832 1785 2016 1838 viribus
2051 1785 2151 1837 tuis
2181 1785 2245 1836 ”.

146 1903 288 1940 σου.

222 1975 332 2029 Kal
361 1974 639 2028 ἐναντίον
670 1972 940 2042 ἀγγέλων
969 1968 1145 2040 ψαλῶ
1168 1983 1286 2032 σοι,
1317 1965 1722 2036 προσκυνήσω

143 2067 302 2134 πρὸς
331 2066 480 2118 ναὸν
509 2065 680 2133 ἅγιόν
716 2078 851 2118 σου.
890 2063 979 2125 Ὠς
1017 2060 1298 2132 παρόντων
1323 2059 1430 2111 τῶν
1455 2057 1720 2126 ἀγγέλων,

145 2157 244 2210 καὶ
274 2157 373 2225 τὴν
413 2154 556 2208 κατά
586 2154 718 2208 Θεὸν
751 2152 914 2208 αὑτοῦ
947 2153 1104 2223 νίκην
1141 2152 1228 2205 ἀεὶ
1256 2148 1720 2221 ὲπιθεωρούντων.

145 2247 260 2302 Kal
306 2246 819 2316 ἐξομολογήσομαι
865 2243 945 2310 τῷ
994 2244 1236 2313 ὀνόματί
1304 2259 1420 2296 σου
1483 2240 1584 2294 ἐπὶ
1646 2238 1725 2304 τῷ

145 2339 307 2394 ἐλέει
332 2354 449 2392 σου
472 2338 575 2392 ’καὶ
613 2335 687 2406 τῇ
724 2336 977 2404 ἀληθείᾳ
1003 2349 1140 2389 σου.
1171 2332 1584 2404 Εὑχαριστήσω,
1616 2347 1723 2400 φη-

150 2431 260 2493 σὶν,
291 2432 377 2498 ἐφ’
403 2423 485 2493 οἷς
515 2430 614 2500 τῆς
656 2429 754 2498 μὲν
785 2428 942 2488 σκιᾶς
979 2425 1341 2494 λελύτρωμαι,
1373 2423 1472 2492 τῆς
1504 2421 1562 2475 δὲ
1592 2420 1720 2490 ἀλη-

150 2522 302 2585 θείας
335 2520 591 2590 ὴξίωμαι.
641 2518 747 2571 Ὀτι
771 2515 1143 2586 ἑμεγὰλυνας
1161 2511 1261 2566 ἐπὶ
1291 2511 1412 2567 πᾶν
1442 2510 1506 2564 τὸ
1541 2510 1726 2577 ὄνομα

149 2613 216 2666 τὸ
246 2611 419 2680 ἅγιόν
456 2627 592 2664 σου.
640 2609 762 2664 Ἐπὶ
790 2611 857 2679 τῇ
895 2607 1002 2660 τῶν
1027 2605 1195 2660 ἐθνῶν
1220 2603 1408 2674 κλήσει
1445 2601 1543 2673 τὴν
1569 2601 1727 2671 εὐχα-

152 2705 367 2778 ριστίαν
398 2703 686 2776 ἀναφέρειν
717 2702 886 2771 λέγει.
929 2701 1040 2754 Οὐκ
1070 2699 1153 2768 ἐφ’
1196 2692 1277 2761 οἷς
1309 2692 1368 2750 εὖ
1397 2694 1596 2748 ἔπαθον
1631 2693 1726 2763 μό.

153 2812 247 2849 νον
290 2792 612 2866 εὐχαριστῶο
643 2791 778 2845 ἀλλά
811 2790 907 2843 καὶ
947 2789 1014 2840 δι’
1042 2787 1162 2840 ὅλου
1191 2787 1290 2856 τὴν
1315 2784 1471 2850 δόξαν
1497 2782 1594 2852 τὴν
1629 2780 1727 2852 σὴν

152 2889 379 2959 θεωρῶν
399 2928 413 2950 ,
458 2883 978 2955 δημιουργήσαντος,
1007 2875 1439 2950 εὐεργετοῦντος,
1473 2872 1725 2936 κολάζον-

151 2996 266 3043 τος.
314 2976 479 3030 Οὐδὲν
520 2975 627 3046 γὰρ
660 2974 758 3044 τῆς
797 2971 1025 3034 κτίσεως
1057 2970 1086 3023 ὃ
1136 2969 1210 3040 μὴ
1242 2966 1339 3039 τὴν
1364 2967 1462 3037 σὴν
1494 2964 1726 3035 μεγαλο-

157 3069 326 3139 σύνην
353 3068 616 3140 κηρύττῃ.

1891 1963 1947 2017 2.
1983 1961 2049 2015 In
2093 1971 2366 2031 conspectu
2413 1961 2713 2031 angelorum
2741 1960 2971 2029 psallam
2998 1959 3116 2024 tibi,
3153 1956 3388 2011 adorabo

1823 2057 1890 2108 ad
1927 2054 2172 2123 templum
2205 2064 2445 2107 sanctum
2493 2063 2659 2107 tuum.
2695 2051 2858 2118 Quasi
2906 2051 3108 2105 scilicet
3153 2064 3389 2118 przesen—

1822 2149 1970 2202 tibus
2018 2148 2244 2213 angelis,
2289 2155 2343 2201 et
2380 2146 2500 2216 ejus
2539 2145 2821 2199 victoriam
2865 2159 2958 2214 per
2991 2142 3083 2197 Dei
3125 2143 3386 2196 auxilium

1824 2246 2034 2309 partam
2082 2252 2293 2304 semper
2335 2236 2701 2290 cernentibus.
2755 2233 2823 2288 Et
2872 2233 3148 2303 confitebor
3190 2233 3390 2286 nomini

1828 2339 1916 2382 tuo
1967 2343 2119 2396 super
2158 2324 2523 2379 misericordia
2559 2336 2650 2376 tua
2691 2333 2741 2377 et
2773 2326 2990 2377 veritate
3033 2334 3146 2377 tua.
3175 2321 3390 2378 Gratias

1826 2436 2003 2491 agam,
2030 2418 2222 2488 inquit,
2255 2416 2396 2486 quod
2425 2415 2492 2469 ab
2515 2415 2706 2471 umbra
2735 2413 3010 2478 liberatus,
3033 2423 3086 2468 et
3109 2414 3389 2467 veritatem

1825 2521 2154 2568 consecutus
2198 2509 2322 2564 sim.
2359 2505 2620 2572 Quoniam
2668 2504 3020 2574 magni/icasti
3057 2519 3211 2572 super
3240 2517 3390 2556 omne

1827 2618 2012 2656 nomen
2040 2608 2279 2655 sanctum
2309 2607 2474 2652 tuum.
2514 2596 2588 2651 De
2621 2597 2858 2668 gentium
2885 2594 3167 2649 vocatione
3191 2592 3393 2662 gratias

1827 2709 1884 2749 se
1919 2691 2119 2746 referre
2147 2688 2296 2744 dicit.
2325 2687 2512 2758 Neque
2547 2697 2754 2742 tantum
2792 2686 2859 2740 de
2891 2684 3101 2739 collatis
3135 2683 3269 2738 mihi
3299 2683 3392 2737 be-

1829 2782 2035 2838 neflciis
2066 2781 2269 2853 gratias
2299 2796 2399 2848 ago
2421 2821 2435 2845 ,
2466 2779 2558 2834 sed
2588 2777 2732 2846 quod
2769 2776 2842 2830 tni
2879 2774 3101 2845 gloriam
3133 2774 3188 2827 in
3215 2773 3393 2828 omni-

1829 2875 1931 2930 bus
1978 2872 2339 2941 contempler,
2394 2867 2656 2925 creatoris
2713 2866 2952 2926 scilicet,
3008 2861 3390 2922 henefactoris,

1829 2964 2041 3017 ultoris.
2077 2959 2222 3013 Nihil
2249 2962 2450 3029 quippe
2477 2968 2557 3012 est
2588 2957 2640 3010 in
2671 2971 2850 3009 rermn
2883 2963 3074 3017 natura
3102 2952 3246 3023 quod
3280 2966 3394 3006 ma-

1830 3052 2161 3121 gnitudinem
2192 3058 2338 3102 tuam
2371 3063 2475 3100 non
2511 3046 2781 3116 praedicet.

229 3137 647 3236 Πολυωρήσεις
679 3172 756 3226 με
797 3155 867 3209 ἐν
911 3151 1080 3223 ψυχῇ
1132 3168 1250 3220 μου
1296 3147 1540 3218 δυνάμει
1587 3163 1724 3200 σου.

1901 3148 1955 3201 5.
1986 3145 2303 3199 Diuturnam
2341 3159 2524 3196 curam
2567 3139 2775 3193 habebis
2819 3137 3010 3192 animce
3050 3151 3176 3191 mea!
3204 3137 3395 3190 virtute

153 3251 508 3319 Πολυωρίαν
547 3234 643 3318 τὴν
677 3241 1134 3316 πολυχρονιότητά
1165 3254 1346 3308 φησιν.
1395 3237 1452 3290 '0
1483 3236 1538 3289 δὲ
1580 3234 1722 3296 νοῦςο

157 3343 395 3413 Δυνάμει
451 3343 518 3412 τῇ
583 3342 650 3410 σῇ
712 3335 1092 3409 μεταποιήσεις
1146 3347 1211 3400 με
1268 3330 1331 3381 ἐκ
1390 3327 1594 3399 φθορᾶς
1649 3326 1728 3387 εἰς

157 3433 493 3507 ἀφθαρσίαν.

232 3529 342 3583 Kal
379 3523 704 3592 ᾀσὰτωσαν
743 3520 813 3573 ἐν
849 3518 977 3584 ταῖς
1013 3515 1191 3584 ᾠδαῖς
1217 3515 1468 3582 Κυρίου,
1505 3511 1594 3564 ὅτι
1625 3526 1730 3579 με·

161 3618 316 3692 γὰυῑη
346 3619 384 3685 ἠ
413 3614 563 3679 δόξα
609 3613 850 3682 Κυρίου.
892 3610 1047 3682 ’ῼδάς
1088 3608 1292 3678 Κυρίου
1330 3601 1728 3673 ἀναγέγραφεν,

158 3713 226 3774 ἃς
253 3709 396 3781 ᾅδειν
426 3709 551 3771 τοὺς
573 3706 634 3771 ἐξ
655 3704 822 3760 ἐθνῶν
848 3704 1053 3765 πάντας
1087 3696 1495 3767 ἐπαγγέλλεται.

238 3896 360 3948 Ὅτι
382 3891 620 3962 ὑψηλὸς
663 3889 878 3956 Κύριος
912 3887 1008 3939 καὶ
1034 3886 1105 3938 τὰ
1129 3882 1378 3938 ταπεινὰ
1403 3875 1608 3948 ἐφορᾷ.
1641 3876 1732 3948 M’q

165 3985 474 4055 θαυμάσῃς,
503 3982 685 4052 φησιν,
718 3981 766 4033 εί
796 3978 968 4032 ταῦτα
1004 3977 1288 4047 γενήσεται
1322 3975 1380 4025 ὲν
1407 3968 1731 4040 ἀνθρώποις·

163 4082 228 4137 οὐ
258 4080 367 4150 γὰρ
391 4076 823 4148 ἀπηλλοτρίωται
851 4073 951 4142 τῆς
979 4071 1072 4126 τοῦ
1108 4068 1240 4124 Θεοῦ
1268 4065 1520 4139 προνοίας
1550 4063 1618 4116 τὰ
1642 4063 1734 4116 ἁν-

165 4167 433 4240 θρώπινα.
474 4167 580 4220 Kal
617 4166 690 4218 τὰ
720 4161 929 4232 ὑψηλὰ
962 4160 1086 4240 ἀπὸκ
1102 4157 1400 4227 μακρόθεν
1444 4150 1735 4224 γινώσκει.

166 4259 450 4332 Ηροὼρισε
478 4257 587 4328 γὰρ
611 4256 718 4310 ἀπὸ
745 4251 1046 4319 καταϐολῆς
1081 4249 1283 4317 κόσμου
1314 4244 1452 4298 κατά
1479 4243 1570 4296 τὸν
1600 4241 1740 4294 θεῖον

181 4349 504 4404 ’Δπόστολον
545 4347 644 4416 τὴν
677 4344 866 4414 κλῆσιν
897 4340 1002 4395 τῶν
1049 4337 1238 4398 ἐθνῶν,
1273 4337 1365 4388 καὶ
1412 4333 1509 4403 τὴν
1557 4332 1637 4392 εἰς
1671 4327 1741 4381 τὰ

169 4441 356 4511 ὑψηλά
381 4437 689 4506 ἀναγωγήν.

1831 3246 1940 3291 ιιια.
1970 3235 2280 3308 Πολυωρίαν
2319 3235 2448 3289 dicit
2478 3230 2911 3297 diuturnitatem.
2948 3227 3074 3283 Hec
3103 3235 3184 3282 est
3215 3238 3394 3281 autem

1829 3330 2097 3386 sententia
2133 3345 2145 3380 :
2176 3326 2386 3381 Virtute
2437 3336 2525 3379 tua
2572 3321 2964 3377 transmutabis
3009 3335 3097 3374 me
3139 3334 3167 3373 a
3206 3333 3397 3374 corru-

1829 3419 2010 3490 ptione
2042 3417 2096 3470 in
2132 3415 2614 3483 incorruptionem.

1901 3509 1953 3563 5.
1983 3506 2052 3560 Et
2081 3514 2292 3559 cantent
2333 3506 2388 3558 in
2415 3504 2636 3558 canticis
2666 3501 2897 3565 Domini,
2931 3501 3181 3570 quoniam
3207 3513 3397 3569 magna

1831 3608 1910 3654 est
1957 3598 2128 3669 gloria
2174 3597 2404 3652 Domini.
2434 3597 2651 3652 Cantica
2701 3594 2909 3649 Domini
2941 3592 3246 3660 descripsit,
3277 3607 3399 3661 qua:

1833 3693 1901 3746 ab
1929 3690 2182 3747 omnibus
2207 3689 2533 3760 exigentium
2563 3687 2758 3759 p0pulo
2785 3684 3126 3741 credentibus
3158 3684 3396 3739 canenda

1833 3783 2096 3855 praedicit.

1908 3873 1961 3927 6.
1994 3871 2254 3938 Quoniam
2279 3870 2514 3923 excelsus
2549 3867 2804 3923 Dominus
2829 3876 2877 3922 et
2911 3865 3131 3920 humilia
3167 3863 3398 3932 respicit.

1836 3963 1913 4018 Ne
1957 3963 2173 4026 mirere,
2226 3962 2430 4032 inquit,
2481 3962 2528 4015 si
2584 3961 2698 4015 haec
2747 3960 2888 4028 apud
2936 3956 3180 4011 homines
3219 3952 3399 4008 futura

1837 4057 1966 4116 sint.
2001 4056 2236 4108 humana
2275 4054 2473 4123 quippe
2515 4067 2621 4104 non
2665 4065 2692 4105 a
2736 4048 2824 4102 Dei
2859 4046 3192 4117 providentia
3225 4044 3398 4098 aliena

1839 4154 1985 4200 sunt.
2020 4144 2087 4198 Et
2135 4145 2247 4197 alta
2282 4161 2313 4196 a
2345 4144 2493 4211 longe
2533 4140 2815 4208 cognoscit.
2866 4135 3223 4190 Prasdelinivit
3255 4135 3398 4187 enim

1841 4256 1871 4294 a
1918 4239 2302 4295 constitutione
2353 4235 2542 4289 mundi
2585 4234 2919 4288 vocationem
2957 4229 3217 4302 gentium,
3246 4228 3401 4296 juxta

1841 4334 2080 4389 divinum
2111 4330 2451 4402 Apostolum,
2481 4327 3014 4397 assumptionemque
3041 4323 3108 4377 ad
3131 4322 3362 4377 excelsa.

256 4502 390 4585 ’ἐὰν
434 4502 701 4597 πορευθῶ
741 4526 810 4578 ἐν
849 4522 1016 4592 μέσῳ
1064 4521 1355 4588 θλίψεως,
1404 4514 1601 4579 ζήσεις
1641 4527 1729 4579 με.

1916 4515 1967 4569 7.
2005 4513 2063 4568 Si
2092 4509 2425 4566 ambulavero
2455 4511 2509 4562 in
2533 4508 2701 4561 medio
2732 4505 3085 4559 tribulationis
3113 4502 3405 4572 eiriﬁcabis

170 4628 398 4697 Ὅμοιον
439 4621 532 4675 τό·
583 4620 802 4686 Θλίψιν
849 4615 1014 4679 ἕξετε
1055 4612 1127 4665 ἐν
1175 4608 1255 4673 τῷ
1301 4610 1531 4676 κόσμῳ’
1579 4601 1739 4697 ἁλξὰ

170 4692 465 4786 θαρσεῖτε,
493 4711 608 4783 ἐγὼ
638 4709 926 4774 νενίκηκα
963 4706 1069 4759 τὸν
1107 4702 1354 4769 κόσμον.
1391 4697 1513 4752 Ἐπ’
1555 4692 1740 4763 ὀργὴν

169 4806 403 4879 ἐχθρῶν
435 4823 552 4874 μου
591 4801 888 4868 ἐξέτεινας
918 4798 1023 4863 τὰς
1048 4793 1248 4865 χεῖράς
1283 4809 1418 4845 σου.
1458 4787 1742 4879 Ἐπενήνε-

174 4877 302 4952 κται
333 4895 443 4966 γὰρ
474 4894 592 4946 κατ’
621 4891 798 4946 αὐτῶν
827 4891 861 4960 ἡ
887 4887 1032 4952 δεξιά
1061 4884 1154 4938 τοῦ
1193 4881 1423 4950 Πατρὸς,
1466 4877 1740 4932 τουτέστιν

172 4993 202 5042 ὁ
233 4987 382 5049 Υἱδς,
415 4986 535 5055 ἦτις
568 4984 662 5036 καὶ
683 4985 882 5036 ἔσωσεν
912 4981 1076 5050 ἡμᾶς.

247 5079 463 5146 Κύριος
516 5073 921 5131 ἀνταποδώσει
969 5070 1120 5138 ὑπὲρ
1175 5067 1340 5137 ἐμοῦ.
1385 5065 1587 5136 Κρίνας
1635 5061 1743 5131 γὰρ

175 5170 276 5242 τὴν
325 5169 446 5224 καθ⁹
483 5166 642 5238 ἡμῶν
684 5165 930 5229 ἀδικίαν,
975 5162 1195 5227 ἐξέϐαλε
1239 5160 1329 5212 τὸν
1378 5159 1611 5228 ἄρχοντα
1649 5155 1741 5207 τοῦ

177 5260 406 5328 κόσμου.

178 5355 287 5417 Είς
313 5349 485 5415 τέλος
531 5346 611 5413 τῷ
652 5344 831 5400 Δαυῒδ
866 5346 1170 5399 ΨΑΛΜΟΣ
1211 5342 1308 5394 διὰ
1350 5338 1640 5408 Ζαχαρίου
1678 5336 1746 5388 ἐν

649 5436 723 5507 τῇ
754 5433 1065 5504 διασπορᾷ.
1099 5438 1192 5488 ΡΛ
1200 5437 1282 5488 ιιν.

811 5531 1133 5594 ’Υπόθεσις.

190 5623 549 5696 Ἀναφέρεται
603 5622 700 5694 μὲν
753 5625 783 5676 ὁ
829 5621 1039 5692 ψαλμὸς
1087 5622 1164 5682 εἰς
1215 5618 1274 5670 τὸ
1319 5614 1413 5668 τοῦ
1480 5609 1747 5680 Ζαχαρίου

261 5715 568 5786 πρόσωπον,
607 5713 686 5766 ἔτι
729 5713 894 5765 ὄντων
925 5713 980 5764 ἐν
1005 5712 1069 5780 τῇ
1106 5706 1444 5778 αἰχμαλωσίᾳ
1474 5702 1578 5755 τῶν
1616 5700 1746 5754 υἱῶν

227 5831 276 5864 ⁸³
298 5828 485 5885 Matth.
517 5846 647 5897 ιλιι,
677 5829 741 5884 37
842 5829 885 5860 ’³
912 5826 1066 5881 Joan.
1099 5841 1208 5891 xw,
1238 5823 1323 5877 55.

1845 4620 1943 4660 me.
1965 4602 2153 4659 Simile
2172 4611 2255 4656 est
2283 4602 2448 4656 illud:
2472 4597 2882 4652 Tribulationem
2905 4595 3156 4648 [rubebitis
3178 4594 3233 4645 in
3255 4609 3415 4645 munt

1845 4697 1944 4759 do;
1974 4694 2062 4750 sed
2106 4692 2375 4762 conﬁdite,
2402 4709 2494 4762 ego
2539 4690 2640 4743 vici
2675 4689 2928 4743 mundum
2972 4687 3040 4740 ".
3073 4685 3240 4754 Super
3268 4685 3406 4737 iram

1847 4790 2178 4846 inimicorum
2207 4802 2438 4840 meorum
2463 4784 2743 4837 extendisti
2773 4797 2957 4835 manus
2985 4791 3126 4834 tuas.
3162 4777 3406 4832 lmmissa

1847 4884 2045 4953 quippe
2074 4890 2155 4936 est
2181 4880 2442 4934 adversus
2479 4878 2601 4930 illos
2628 4877 2844 4930 dextera
2880 4873 3076 4938 Patris,
3117 4871 3168 4927 id
3202 4880 3284 4925 est
3317 4869 3408 4923 Fi-

1849 4976 1975 5037 lius,
2006 4988 2125 5041 qua:
2158 4986 2257 5025 nos
2291 4970 2468 5024 salvos
2500 4967 2644 5021 fecit.

1918 5068 1970 5120 8.
2010 5063 2264 5117 Dominus
2294 5061 2540 5114 retribuet
2571 5074 2663 5128 pro
2697 5072 2797 5108 me.
2831 5053 3122 5122 Postquam
3147 5051 3409 5121 judicavit

1849 5157 1991 5210 enim
2021 5154 2086 5207 de
2111 5152 2372 5222 iniustitia
2395 5163 2502 5218 qua
2526 5147 2636 5202 laesi
2665 5161 2874 5208 sumus,
2898 5141 3198 5212 principem
3220 5141 3407 5195 mundi

1849 5246 2025 5316 ejecit.

1922 5338 1987 5393 In
2028 5339 2182 5406 finem
2215 5333 2458 5389 PSALM
2465 5331 2551 5387 US
2585 5329 2773 5383 Danidi
2811 5345 2900 5396 per
2937 5325 3252 5381 Zachariam
3283 5325 3340 5377 in

2259 5424 2592 5490 dispersione.
2623 5416 2820 5472 CXXX
2837 5414 3000 5469 VIII.

2431 5511 2824 5579 Argumentum.

1853 5612 2101 5668 Refertur
2136 5605 2377 5677 psalmus
2408 5602 2474 5656 ad
2507 5615 2788 5670 personam
2831 5596 3123 5658 Zacharite,
3153 5594 3280 5647 dum
3315 5589 3408 5643 ﬁlii

1925 5701 2086 5757 Israel
2134 5699 2310 5754 adhuc
2361 5705 2544 5751 essent
2593 5695 2644 5746 in
2700 5691 3007 5761 captivitate
3048 5699 3097 5743 et
3145 5683 3417 5756 Propheta
