4058 6514
707 445 804 502 531

783 656 917 709 vina:
955 671 1082 726 erga
1127 674 1225 712 nos
1259 660 1638 727 providentne,
1679 669 1733 714 et
1765 661 1907 730 quod
1953 675 2059 714 non
2096 662 2266 715 solum

776 749 840 800 ad
873 749 1120 803 universa
1160 751 1500 816 extendatur,
1533 753 1624 804 sed
1657 752 1817 805 rebus
1846 751 2006 805 etiam
2043 752 2270 822 singulis

783 840 1104 907 prospiciat;
1146 841 1216 896 ita
1261 852 1318 913 ut
1354 857 1528 912 neque
1558 853 1739 897 motus
1782 843 1950 896 nostri
1978 857 2150 911 neque
2180 861 2268 897 co-

778 929 1062 995 gitationes
1091 931 1158 984 ab
1182 932 1299 1000 ejus
1326 933 1656 1000 providentia
1695 932 2051 1002 negligantur.
2087 935 2268 987 Admi-

777 1026 929 1072 ratur
960 1023 1278 1076 oeconomia:
1306 1023 1747 1091 profunditatem,
1777 1025 2112 1080 vocationem
2140 1041 2267 1096 gen-

778 1112 911 1164 tium
939 1122 1120 1182 aperte
1145 1115 1436 1181 signiﬁcat,
1467 1125 1521 1169 et
1546 1118 1956 1185 repugnantiam
1989 1114 2265 1170 lsraelitici

776 1203 954 1271 populi
987 1204 1246 1259 adversus
1309 1205 1608 1261 Christum.
1655 1206 1880 1276 Propter
1929 1207 2041 1262 haec
2085 1208 2265 1261 omnia

779 1297 831 1347 in
860 1297 1019 1349 ﬁnem
1051 1293 1236 1351 Davidi
1274 1299 1567 1369 inscriptus
1591 1309 1694 1355 est.
1730 1299 2051 1369 Plerumque
2085 1307 2263 1353 autem

779 1384 1038 1445 diximus,
1072 1387 1310 1454 psalmos
1359 1387 1433 1440 ita
1493 1389 1780 1459 inscriptos
1821 1393 1886 1445 ad
1929 1401 2137 1458 tempus
2172 1389 2264 1442 ad-

777 1474 968 1531 veutds
995 1475 1204 1532 Domini
1233 1488 1493 1547 spectare.

781 1756 826 1809 1.
864 1754 1101 1819 Domine,
1142 1757 1374 1825 probasti
1410 1773 1488 1809 me
1532 1767 1581 1810 et
1615 1757 1903 1826 cognovisti
1933 1773 2029 1811 me.
2071 1755 2256 1824 Utpott

703 1846 798 1914 qui
830 1845 1083 1914 conﬁdat,
1119 1862 1177 1901 se
1217 1847 1425 1900 ﬁrmam
1466 1847 1518 1899 in
1544 1847 1816 1901 Christum
1854 1847 2008 1901 ﬁdem
2045 1847 2259 1906 habere.

706 1938 947 2006 nihilque
974 1939 1075 1992 sibi
1105 1954 1390 1992 commune
1417 1954 1536 1993 csse
1567 1954 1688 1992 eum
1717 1938 2001 2007 iniquitate
2034 1937 2260 2006 improbi

706 2028 910 2096 populi,
943 2045 1066 2084 eum
1122 2030 1295 2099 ipsum
1339 2031 1431 2099 qui
1475 2029 1638 2084 corda
1692 2029 1941 2085 formavit
1979 2038 2168 2083 evocat
2209 2030 2261 2082 in

707 2129 916 2172 lCSlClII.

771 2210 824 2264 5.
855 2209 1171 2264 Intellexisti
1197 2213 1536 2280 cogitationes
1565 2228 1703 2264 meas
1734 2211 1797 2263 de
1826 2211 1993 2279 longe,
2024 2213 2260 2263 semitam

707 2315 873 2354 meam
901 2312 948 2355 et
975 2305 1269 2370 funiculum
1294 2321 1463 2357 meum
1491 2306 1832 2374 investigasti.
1864 2304 2088 2358 Etiamsi
2125 2304 2263 2358 Deus

702 2395 1090 2463 cogitationum
1128 2406 1332 2450 motuin
1362 2399 1566 2463 videat,
1597 2397 1768 2452 multo
1798 2395 1969 2465 magis
1995 2397 2116 2449 vitae
2143 2411 2264 2448 cur-

701 2499 823 2538 sum
853 2487 1149 2553 cognoscit.
1184 2487 1437 2540 Semitam
1478 2503 1646 2540 meam
1688 2496 1736 2539 et
1770 2486 2064 2554 {articulant
2095 2501 2262 2538 meum

702 2576 1050 2645 investigasti.
1083 2577 1398 2647 Σχοινισμός
1439 2587 1520 2632 est
1569 2594 1821 2632 mensura
1865 2579 2106 2648 quzcdam
2142 2579 2256 2633 viae.

701 2664 842 2719 Dicit
871 2676 1049 2720 autem
1083 2683 1203 2721 eum
1234 2683 1447 2722 omnem
1479 2669 1820 2739 cogitationis
1857 2680 2060 2724 motum
2093 2670 2258 2735 scire;

703 2771 795 2825 per
823 2758 937 2811 vias
958 2759 1100 2812 enim
1138 2770 1316 2815 motus
1356 2762 1638 2831 signiﬁcat.

769 3017 821 3073 4.
854 3017 1120 3083 Quoniam
1157 3035 1257 3072 non
1287 3028 1364 3072 est
1389 3020 1541 3073 dolus
1573 3021 1627 3074 in
1665 3022 1847 3091 lingua
1891 3039 2024 3076 utea.
2061 3022 2126 3077 Et
2159 3025 2260 3078 boc

701 3118 786 3163 est
824 3125 987 3179 quam
1035 3111 1330 3166 maximum
1363 3113 1576 3168 Davidis
1609 3115 1884 3178 meritum,
1911 3115 2054 3184 quod
2091 3117 2259 3168 nemi-

1545 452 1604 507 S.
1646 451 2017 509 ATHANASII
2051 452 2199 509 OPI’.
2243 453 2425 507 PARS
2468 451 2554 506 Ill.
2595 482 2663 492 -—
2697 452 3105 510 EXEGETICA.

781 580 997 633 quoque
1041 581 1163 619 eum
1219 566 1344 620 illis.
1381 566 1642 623 Describit
1682 580 1862 624 autem
1899 570 2162 624 rationem
2188 569 2270 623 di-
2297 575 2343 629 Α

3838 452 3937 509 552

2458 567 2705 638 Ἰσραὴλ,
2755 569 2846 621 καὶ
2891 570 2995 640 μὴν
3027 571 3120 624 καὶ
3166 569 3327 623 αὑτοῦ
3373 569 3467 623 τοῦ
3513 569 3799 640 Προφήτου
3847 570 3936 622 σὺν

2441 659 2642 721 αὐτοῖς.
2674 659 2877 730 Γράφει
2904 659 2961 712 δὲ
2982 662 3081 730 τῆς
3105 661 3231 730 περὶ
3259 658 3393 713 Θεοῦ
3428 661 3508 722 είς
3535 660 3682 730 ἡμᾶς
3713 658 3937 728 κηδεμο-

2442 756 2560 817 νίας
2591 753 2682 806 τὸν
2729 754 2946 824 τρόπον·
2995 755 3089 806 καὶ
3135 754 3209 816 ὡς
3251 752 3311 805 οὐ
3365 751 3524 822 μόνον
3567 748 3677 801 τῶν
3714 747 3937 801 καθόλου

2441 847 2671 896 ποιεῖται
2704 844 2977 914 πρόνοιαν,
3024 844 3161 897 ἀλλὰ
3187 844 3293 913 γὰρ
3319 843 3411 895 καὶ
3443 840 3551 893 τῶν
3581 838 3726 893 κατὰ
3759 839 3934 908 μέρος·

2441 939 2516 999 ὡς
2551 937 2684 1007 μηδὲ
2713 938 2811 1000 τὰς
2848 937 3106 1007 κινήσεις,
3138 935 3270 1006 μηδὲ
3303 934 3400 998 τὰς
3433 931 3757 1002 ἐνθυμήσεις
3789 930 3940 1000 ἡμῶν

2440 1029 2536 1098 τῆς
2581 1028 2743 1081 αὑτοῦ
2790 1029 3068 1082 λείπεσθαι
3107 1027 3378 1100 προνοίας.
3429 1019 3833 1093 Ἀποθαυμάζει
3879 1039 3938 1089 γε

2439 1117 2542 1187 μὴν
2566 1118 2658 1170 καὶ
2683 1118 2780 1188 τῆς
2805 1117 3109 1188 οἰκονομίας
3136 1117 3196 1170 τὸ
3225 1116 3407 1186 βάθος,
3436 1117 3536 1185 τήν
3557 1131 3617 1167 τε
3641 1113 3750 1166 τῶν
3776 1111 3938 1165 ἐθνῶν

2442 1207 2630 1277 κλῆσιν
2663 1209 3057 1279 κατασημαίνει
3088 1207 3292 1276 σαφῶς,
3323 1209 3418 1260 καὶ
3441 1206 3539 1277 τὴν
3569 1205 3940 1274 γεγενημένην

2438 1302 2742 1370 ἀντιλογίαν
2771 1301 2847 1370 τῷ
2876 1301 3086 1372 Σωτῆρι
3111 1298 3327 1370 Χριστῷ
3349 1296 3499 1370 παρὰ
3521 1296 3613 1348 τοῦ
3641 1295 3703 1359 ἐξ
3730 1293 3940 1364 Ἰσραὴλ

2437 1393 2584 1448 λαοῦ.
2631 1393 2728 1446 Διὰ
2777 1393 2840 1463 δὴ
2874 1393 3046 1446 ταῦτα
3089 1392 3264 1444 πάντα
3311 1390 3403 1443 καὶ
3433 1391 3512 1451 εἰς
3539 1387 3601 1440 τὸ
3635 1386 3791 1448 τέλος
3824 1387 3940 1438 ἐπι-

2437 1489 2743 1557 γέγραπται
2782 1483 2858 1554 τῴ
2891 1483 3068 1536 Δαυῖδ.
3106 1483 3346 1551 Εἴπομεν
3378 1481 3435 1533 δὲ
3469 1477 3751 1542 πολλάκις,
3786 1478 3863 1540 ὡς
3892 1477 3939 1528 οΞ

2440 1576 2580 1629 οὔτω
2603 1574 2709 1628 τῶν
2740 1571 2968 1644 ψαλμῶν
3008 1572 3434 1643 ἐπιγραψάμενοι
3461 1571 3541 1632 εἰς
3563 1569 3654 1622 τὸν
3691 1569 3792 1638 τῆς
3825 1570 3939 1622 ἑπι-

2434 1670 2496 1738 δη
2506 1669 2632 1738 μίας
2659 1668 3070 1738 ἀναπέμπονται
3105 1664 3312 1734 καιρόν.

2432 1760 2626 1825 Κύριε,
2658 1756 3022 1825 ἑδοκίμασάς
3039 1773 3115 1824 με
3144 1756 3239 1806 καὶ
3264 1755 3449 1822 ἔγνως
3471 1769 3565 1819 με.
3601 1750 3693 1813 Ὡς
3722 1749 3941 1820 θαρρῶν

2366 1845 2585 1914 βεδαίαν
2628 1844 2771 1913 ἔχειν
2813 1846 2910 1915 τὴν
2950 1844 3128 1895 πίστιν
3170 1842 3270 1913 τὴν
3315 1844 3394 1904 είς
3433 1841 3698 1911 Χριστὸν,
3737 1840 3830 1892 καὶ
3867 1839 3947 1899 ὡς

2364 1937 2583 2007 οὐδεμία
2634 1937 2778 2006 αὑτῷ
2817 1936 3066 1989 κοινωνία
3103 1935 3289 2002 γέγονε
3338 1936 3402 2003 τῇ
3440 1933 3534 1985 τοῦ
3569 1932 3776 2002 φαύλου
3810 1931 3937 1984 λαοῦ

2365 2029 2697 2099 παρανομίᾳ,
2734 2028 2910 2080 αὐτῶν
2937 2026 3044 2080 τῶν
3077 2025 3311 2097 καρδιῶν
3343 2025 3432 2078 τὸν
3459 2025 3706 2093 πλάστην
3740 2025 3936 2075 ἐπικαο

2365 2123 2531 2174 λεῖται
2568 2123 2837 2192 μάρτυρα.

2433 2211 2515 2264 Σὺ
2545 2209 2815 2276 συνῆχας
2864 2210 3002 2273 τοὺς
3047 2208 3474 2278 διαλογισμούς
3514 2224 3632 2276 μου
3667 2206 3790 2260 ἀπὸ
3823 2223 3937 2274 μα-

2365 2303 2599 2369 κρόθεν,
2641 2301 2756 2368 τὴν
2783 2302 2985 2368 τρίϐον
3019 2318 3136 2368 μου
3169 2300 3264 2352 καὶ
3298 2301 3401 2352 τὸν
3434 2299 3686 2366 σχοῖνόν
3702 2317 3826 2367 μου
3857 2298 3938 2351 σὺ

2362 2394 2731 2462 ἐξιχνίασας.
2768 2393 2828 2445 ΕΞ
2866 2394 2959 2446 καὶ
2988 2391 3093 2444 τῶν
3117 2389 3492 2461 διανοημάτων
3520 2385 3626 2442 οἶδε
3651 2389 3748 2459 τὴν
3785 2389 3935 2458 κίνη-

2365 2500 2446 2535 σιν
2486 2485 2513 2534 ὁ
2545 2482 2693 2547 Θεὸς,
2735 2481 2911 2551 πολλῷ
2951 2482 3110 2534 πλέον
3153 2481 3252 2550 τῆς
3284 2481 3424 2534 κατὰ
3447 2481 3537 2532 τὸν
3565 2479 3679 2549 βίον
3713 2479 3934 2549 πορείας

2362 2571 2472 2640 ἔχει
2501 2569 2596 2640 τὴν
2624 2570 2840 2638 γνῶσιν.
2884 2570 3000 2636 Τὴν
3032 2569 3231 2637 τρίϐον
3263 2587 3381 2638 μου
3417 2568 3515 2622 καὶ
3539 2568 3654 2634 τὴν
3685 2567 3938 2634 σχοῖνόν

2356 2679 2474 2728 μου
2515 2660 2595 2712 σὺ
2626 2660 2999 2726 ἐξιχνίασας.
3032 2657 3391 2726 Σχοινισμὸς
3437 2657 3532 2726 μὲν
3561 2657 3758 2726 μέτρον
3792 2657 3936 2709 ἐστὶν

2362 2751 2661 2821 ὡρισμένον
2700 2748 2838 2806 ὁδοῦ.
2884 2750 3041 2816 Λέγει
3088 2749 3172 2812 δὲ,
3217 2749 3291 2811 ὡς
3334 2750 3512 2800 πᾶσαν
3543 2747 3758 2817 κίνησιν
3796 2748 3930 2814 λογι-

2365 2842 2499 2913 σμοῦ
2529 2843 2816 2896 ἐπίστασαι
2837 2859 2850 2872 ·
2883 2842 2979 2904 τὰς
3009 2841 3116 2912 γὰρ
3149 2842 3389 2912 κινήσεις
3420 2839 3509 2892 διὰ
3535 2839 3642 2891 τῶν
3671 2839 3808 2891 ὁδῶν
3845 2855 3938 2909 ση-

2364 2934 2558 3002 μαίνει.

2436 3025 2558 3075 Ὅτι
2590 3027 2700 3076 οὐκ
2728 3024 2860 3076 ἐστι
2889 3022 3067 3086 δόλος
3089 3021 3160 3073 ἐν
3186 3022 3435 3089 γλώσσῃ
3458 3040 3598 3088 μου.
3632 3023 3741 3074 Καὶ
3776 3023 3934 3074 τοῦτο

2364 3115 2616 3185 μέγιστον
2642 3113 2750 3168 τῶν
2775 3112 3211 3184 κατορθωμάτων
3242 3113 3320 3182 τῷ
3351 3113 3542 3176 Δαυῗδ,
3578 3115 3652 3183 μὴ
3681 3114 3934 3181 ἀδικῆσαι

703 3217 824 3256 nem
860 3202 1055 3257 laeserit
1083 3204 1283 3273 lingua,
1328 3205 1409 3258 vel
1443 3206 1743 3270 mendacio,
1771 3207 1852 3259 vel
1881 3205 2139 3275 perjurio,
2175 3207 2258 3260 vel
2286 3245 2294 3286 ε

2362 3209 2456 3277 τὴν
2487 3206 2736 3274 γλῶσσαν
2762 3207 2896 3277 μήτε
2921 3207 2978 3258 ὲν
3007 3204 3212 3273 ψεύδει,
3247 3206 3380 3276 μήτε
3414 3205 3471 3258 ὲν
3497 3205 3772 3274 ἐπιορκξᾳ,
3800 3206 3932 3275 μήτε

704 3292 895 3347 l'raude
921 3293 1132 3360 dolove,
1163 3295 1378 3364 aliaque
1411 3296 1572 3348 simili
1600 3295 1836 3352 ratione.

771 3385 824 3439 5.
867 3383 1020 3448 Ecce,
1072 3384 1313 3448 Domine,
1363 3395 1420 3437 tu
1453 3386 1736 3454 cognovisti
1773 3387 1951 3439 omnia
1981 3389 2260 3442 novissima

700 3486 750 3527 el
780 3477 1021 3542 antiqua.
1055 3473 1223 3529 Media
1265 3484 1422 3538 tacet,
1450 3477 1575 3547 quia
1611 3477 1663 3531 in
1695 3479 1873 3532 medio
1917 3481 2017 3534 sita
2057 3481 2260 3535 malitia

701 3574 809 3620 est.
834 3563 951 3619 Non
977 3565 1045 3619 ab
1074 3566 1228 3620 initio
1247 3569 1388 3622 enim
1418 3567 1539 3635 fuit,
1567 3584 1664 3624 nec
1689 3569 1741 3622 in
1766 3570 1871 3625 ﬁne
1900 3572 2019 3626 erit.
2055 3572 2130 3625 Tu
2161 3573 2262 3641 for-

703 3658 862 3710 masti
904 3673 984 3710 me
1013 3668 1060 3711 et
1084 3660 1306 3728 posuisti
1332 3676 1486 3728 super
1510 3678 1588 3713 me
1617 3677 1828 3714 manum
1861 3671 2026 3716 tuam.
2058 3662 2262 3718 Etiam-

701 3751 771 3814 si,
824 3750 1014 3820 inquit,
1059 3767 1145 3806 me
1190 3750 1543 3812 formaveris,
1580 3751 1868 3806 formatum
1901 3770 1987 3808 me
2029 3768 2177 3811 tenes
2208 3766 2262 3812 et

701 3860 921 3910 servas;
958 3861 1082 3898 nam
1120 3845 1395 3914 impositio
1438 3860 1628 3900 manus
1683 3845 1774 3901 Dei
1815 3848 2069 3903 collatum
2106 3852 2261 3907 nobis

706 3931 940 4001 Spiritus
970 3934 1168 3986 donum
1213 3934 1501 4003 signiﬁcat.
1529 3936 1993 4000 Quemadmodum
2031 3943 2258 4010 apostoli

708 4036 801 4089 per
826 4036 1082 4076 manuum
1115 4022 1512 4092 impositionem
1555 4022 1817 4094 Spiritum
1851 4040 2094 4083 sanctum
2121 4045 2260 4099 pra:—

704 4113 920 4167 bebant.

774 4205 828 4258 6.
861 4205 1127 4259 Mirabilis
1159 4208 1300 4274 facta
1329 4219 1404 4261 est
1449 4210 1669 4264 scientia
1705 4219 1794 4263 tua
1832 4224 1896 4262 ea:
1927 4225 2026 4274 me,
2051 4213 2261 4279 confer-

706 4306 819 4350 tata
865 4306 940 4350 est
984 4308 1032 4350 et
1071 4315 1173 4351 non
1206 4309 1382 4367 potero
1422 4301 1490 4354 ad
1521 4318 1656 4355 eam.
1693 4302 1972 4371 Ejusmodi
2000 4311 2084 4357 est
2117 4307 2260 4373 quod

703 4387 835 4440 dicit
869 4387 1074 4441 :multa
1120 4389 1223 4442 alia
1268 4403 1390 4444 esse
1426 4405 1456 4442 a
1482 4388 1591 4444 Deo
1619 4391 1670 4444 in
1703 4407 1762 4445 se
1797 4391 1933 4445 facta
1957 4431 1972 4453 ,
2001 4408 2120 4461 qua:
2150 4395 2262 4463 ipse

703 4491 1029 4547 cognoscere
1071 4495 1177 4532 non
1229 4479 1418 4549 possit.
1460 4477 1595 4533 Nam
1643 4491 2001 4550 exsuperant,
2050 4483 2258 4553 inquit,

2361 3299 2418 3350 ὲν
2447 3297 2628 3368 ἀπάτῃ
2653 3297 2743 3348 καὶ
2775 3296 2929 3364 δόλῳ,
2953 3296 3047 3348 καὶ
3076 3296 3221 3366 πάσῃ
3253 3295 3474 3367 τοιαύτῃ
3501 3295 3633 3366 ἄλλῃ

2443 3384 2586 3437 Ἰδοὺ
2607 3425 2620 3446 ,
2647 3385 2822 3450 Κύριε
2841 3423 2854 3446 ,
2883 3383 2964 3435 σὺ
3008 3384 3195 3451 ἔγνως
3234 3382 3428 3436 πάντα
3465 3385 3536 3437 τὰ
3575 3386 3807 3450 ἔσχατα
3836 3385 3933 3441 καί

2358 3474 2431 3526 τὰ
2470 3475 2702 3542 ἀρχαῖα.
2747 3475 2827 3526 Τὰ
2863 3475 3003 3545 μέσα
3051 3474 3566 3545 παρασεσιώπηται,
3618 3475 3707 3528 διὰ
3749 3478 3812 3529 τὺ
3839 3477 3936 3547 τὴν

2360 3565 2554 3618 κακίαν
2585 3561 2724 3618 εἶναι
2757 3567 2815 3618 ἐν
2841 3565 2919 3636 τῷ
2957 3565 3180 3636 μεταξύ.
3206 3567 3280 3619 Οὐ
3307 3567 3414 3637 γὰρ
3439 3562 3507 3637 ἦν
3537 3567 3595 3620 ἐν
3617 3568 3784 3638 ἀρχῇ,
3814 3568 3934 3621 οὐδὲ

2359 3657 2508 3710 ἔσται
2555 3655 2715 3710 πάλιν
2757 3657 2813 3708 ὲν
2840 3657 3002 3710 τέλει.
3036 3656 3118 3709 Σὺ
3147 3656 3420 3722 ἕπ..ἶασὰς
3445 3674 3552 3725 με,
3585 3657 3684 3710 καὶ
3712 3659 3933 3724 ἔθηκας

2360 3749 2452 3801 ἐπ’
2482 3748 2587 3818 ἐμὲ
2613 3747 2728 3816 τὴν
2765 3747 2933 3816 χεῖρά
2963 3763 3097 3800 σου.
3137 3748 3198 3800 Εἰ
3240 3749 3334 3801 καὶ
3363 3747 3602 3810 ἔπλασας
3650 3765 3717 3818 με
3739 3790 3752 3814 ,
3779 3751 3930 3819 φησὶ,

2361 3841 2459 3893 καὶ
2503 3839 2760 3908 γεγονότα
2785 3840 3110 3912 διακρατεῖςο
3150 3840 3182 3910 ἡ
3212 3841 3318 3910 γὰρ
3357 3839 3598 3902 ἐπίθεσις
3626 3841 3724 3911 τῆς
3754 3841 3933 3910 χειρὸς

2360 3931 2453 3985 τοῦ
2484 3932 2618 3985 Θεοῦ
2641 3934 2739 4004 τὴν
2766 3932 3159 4004 χορηγηθείσαν
3194 3935 3324 4004 ἡμῖν
3355 3932 3448 3986 τοῦ
3484 3932 3803 4004 Πνεύμαεος
3830 3934 3931 3987 δω-

2365 4024 2492 4092 ρεὰν
2523 4024 2794 4094 σημαίνει·
2826 4024 2902 4086 ὡς
2949 4026 2996 4076 οἱ
3029 4025 3314 4079 ἀπόστολοι
3354 4025 3443 4078 διὰ
3487 4026 3583 4096 τῆς
3632 4024 3932 4087 ἐπιθέσεως

2359 4113 2467 4165 τῶν
2493 4114 2685 4184 χειρῶν
2712 4118 2968 4184 παρεῖχον
2999 4115 3220 4185 Πνεῦμα
3247 4116 3415 4184 ἅγιον.

2445 4204 2897 4274 Ἐθαυμαστώθη
2936 4207 2974 4273 ἡ
3006 4205 3226 4275 γνῶσίς
3270 4221 3386 4259 σου
3420 4207 3488 4270 ἐξ
3529 4206 3676 4274 ἐμοῦ
3695 4248 3709 4271 ,
3759 4208 3933 4275 ἐκρα-

2361 4296 2594 4363 ταιώθη,
2619 4297 2786 4364 οὺμὴ
2812 4296 3069 4366 δύνωμαι
3094 4296 3241 4363 πρὸς
3259 4295 3466 4362 αὑτήν.
3503 4300 3568 4350 Ὃ
3590 4297 3736 4365 λέγει
3769 4299 3935 4352 τοιοῦο

2360 4387 2451 4438 τόν
2484 4387 2652 4439 ἐστιν’
2692 4388 2811 4440 Ὀτι
2843 4386 3002 4455 ἔτερα
3037 4385 3262 4438 πλεῖστά
3295 4388 3408 4438 ἐστι
3441 4387 3509 4438 τὰ
3539 4387 3646 4439 ἀπὸ
3677 4387 3772 4439 τοῦ
3797 4388 3932 4440 Θεοῦ

2363 4481 2442 4541 είς
2475 4478 2634 4532 αὐτὸν
2670 4478 3029 4547 γεγενημένα,
3064 4476 3159 4529 καὶ
3183 4478 3278 4547 οὐχ
3308 4473 3416 4540 οἷός
3443 4477 3502 4530 τὲ
3530 4477 3645 4530 ἐστι
3677 4477 3932 4545 sumo-

705 4565 1015 4623 facultatem
1065 4585 1263 4635 meam,
1306 4581 1358 4625 et
1401 4587 1590 4627 eorum
1629 4573 1864 4642 cognitio
1916 4585 2095 4630 mente
2144 4593 2260 4632 mea

2370 4585 2537 4622 σκειν.
2577 4568 2929 4638 ’Υπερὸἁλλει
2982 4568 3090 4640 γὰρ
3142 4570 3238 4640 τὴν
3288 4569 3426 4639 ἐμὴν
3467 4568 3727 4638 δύναμιν,
3779 4570 3931 4639 φησὶ,

705 4659 864 4728 longe
910 4660 1154 4728 superior
1200 4670 1314 4727 est,
1346 4662 1418 4716 ita
1450 4671 1509 4717 ut
1541 4680 1628 4727 ea,
1671 4679 1772 4718 nec
1817 4667 2138 4735 investigare
2168 4682 2266 4722 nec

707 4750 854 4820 loqui
889 4752 1112 4820 possim.
1142 4751 1487 4823 Quaecunque
1514 4757 1658 4811 enim
1688 4755 1799 4810 dixi
1841 4773 2002 4826 parva
2044 4758 2265 4827 exigua-

707 4858 814 4911 que
838 4850 983 4897 sunt.
1023 4841 1227 4898 Divina:
1253 4845 1524 4913 siquidem
1555 4847 1772 4902 virtutis
1807 4849 2000 4903 notitia
2029 4849 2265 4919 parvita-

707 4945 814 4988 tem
847 4950 1020 4988 meam
1051 4935 1204 5004 fugit.

778 5107 830 5159 8.
863 5107 921 5160 Si
948 5107 1222 5163 ascendere
1252 5113 1305 5163 in
1329 5112 1535 5176 cretum,
1560 5126 1616 5166 tu
1643 5115 1753 5166 illic
1779 5130 1852 5168 es.
1881 5112 2067 5170 Simile
2091 5115 2219 5168 illud
2247 5132 2257 5164 :

707 5195 909 5252 Caelum
945 5201 1071 5252 mihi
1113 5201 1326 5254 thronus
1365 5213 1443 5256 est
1475 5204 1542 5256 ".
1581 5203 1638 5257 Si
1672 5205 1979 5259 descendero
2016 5208 2071 5258 in
2099 5205 2262 5274 infcr-

709 5301 858 5352 num,
885 5288 1028 5342 ades.
1070 5288 1317 5346 Praedicit
1341 5291 1580 5346 futurutn
1613 5292 1825 5348 Domini
1857 5295 2175 5351 descensum
2211 5296 2264 5348 in

712 5376 1003 5432 infernum.

780 5469 831 5524 9.
860 5468 919 5523 Si
946 5488 1210 5540 sumpsero
1233 5491 1425 5534 pennas
1450 5491 1587 5529 meas
1618 5476 1867 5540 diluculo,
1895 5488 1941 5532 et
1969 5479 2266 5532 habitavere

709 5560 761 5608 in
812 5563 1055 5620 extremis
1099 5567 1280 5617 maris.
1325 5564 1380 5619 ld
1418 5575 1521 5633 est,
1562 5569 1606 5622 si
1655 5569 1913 5636 accipiam
1945 5570 2123 5622 avium
2155 5568 2267 5622 alas

710 5655 948 5708 nondum
975 5653 1243 5721 defossas;
1284 5657 1335 5712 id
1363 5660 1510 5727 enim
1537 5660 1801 5730 signiﬁcat
1837 5661 1985 5725 illud,
2013 5662 2266 5727 diluculo,

782 5827 828 5861 ³⁸
853 5829 1036 5882 Matth.
1071 5849 1118 5885 ν.
1149 5834 1233 5887 34.

2366 4664 2458 4715 καὶ
2503 4660 2758 4714 ἐπέκεινα
2800 4661 2914 4712 ἐστι
2957 4661 3056 4730 τῆς
3100 4661 3238 4731 ἐμῆς
3282 4661 3632 4732 καταλήψεως
3661 4663 3693 4731 ἠ
3727 4661 3933 4712 τούτων

2364 4752 2581 4821 γνῶσις,
2609 4752 2684 4814 ὼς
2717 4753 2790 4822 μὴ
2813 4751 3069 4806 δύνασθαί
3105 4770 3171 4822 με
3194 4751 3431 4823 ἐξευρεῖν
3456 4754 3488 4824 ἦ
3515 4753 3751 4816 ἐξειπεῖν
3770 4754 3928 4806 αὐτὰ.

2365 4845 2506 4896 Ὅσα
2553 4843 2659 4913 γὰρ
2699 4838 2826 4894 εῐπα
2861 4843 3067 4914 σμικρὰ
3099 4845 3190 4897 καὶ
3231 4845 3485 4914 ἐλάχιστα
3510 4845 3784 4915 τυγχάνει.
3819 4844 3932 4911 Τῆς

2363 4935 2471 5007 γὰρ
2499 4935 2684 5004 θεῖκῆς
2711 4934 2990 5005 δυνάμεως
3014 4936 3048 5004 ή
3084 4935 3382 5005 κατάληψις
3412 4935 3508 5005 τὴν
3540 4936 3677 5006 ἐμὴν
3710 4937 3934 5007 σμικρό-

2362 5044 2500 5098 τητα
2529 5025 2824 5094 διαφεύγει.

2446 5119 2586 5172 Ἐὰν
2611 5117 2808 5172 ἀναϐῶ
2835 5120 2922 5183 είς
2946 5119 3051 5171 τὸν
3077 5115 3352 5185 οὐρανόν,
3379 5116 3458 5170 σὺ
3486 5115 3611 5169 ἐκεῖ
3624 5113 3931 5186 εἷ.’”ομοιον

2363 5208 2443 5265 τὸ.
2478 5207 2531 5258 ’0
2560 5208 2812 5273 οὐρανός
2831 5225 2933 5275 μοι
2956 5208 3185 5273 θρόνος.
3225 5206 3362 5260 Ἐὰν
3389 5203 3616 5260 καταϐῶ
3639 5208 3728 5270 εις
3754 5205 3928 5271 ᾅδην,

2365 5297 2555 5364 πάρει.
2598 5297 2934 5367 Προφητεύει
2974 5293 3071 5366 τὴν
3113 5295 3406 5366 γενομένην
3439 5297 3517 5357 εἰς
3544 5295 3670 5364 ᾅδου
3705 5295 3935 5348 κάθοδον

2365 5389 2457 5440 τοῦ
2491 5388 2713 5459 Κυρίου.

2451 5479 2590 5532 Ἐὰν
2634 5478 2982 5547 ἁναλιὶϐοιμι
3025 5478 3125 5544 τὰς
3169 5477 3462 5547 πτέρυγάς
3497 5495 3614 5546 μου
3658 5479 3786 5530 κατ’
3835 5477 3932 5544 5p-

2369 5575 2529 5636 θρον,
2569 5570 2664 5622 καὶ
2713 5569 3156 5637 κατασκηνώσω
3194 5573 3280 5634 εὶς
3318 5571 3388 5622 τὰ
3429 5569 3660 5638 ἔσχατα
3700 5568 3808 5639 τῆς
3837 5573 3935 5623 8a-

2368 5660 2628 5727 λίὶσσης.
2673 5661 2992 5723 Τουτέστιν,
3033 5663 3080 5713 εἰ
3124 5660 3342 5729 λάϐοιμι
3392 5662 3668 5732 πτέρυγας
3719 5661 3935 5732 πτηνῶν
