4058 6448
159 364 269 423 553

1173 361 1534 418 EXPOSITIO
1576 361 1639 415 IN
1681 359 2015 416 PSALMUM
2049 361 2376 419 CXXXVIII.

3312 357 3414 419 554

169 486 341 554 μήπω
368 480 735 552 κεκμηκότας·
768 478 922 532 τοῦτο
946 478 1052 549 γὰρ
1081 479 1330 550 σημαίνει
1360 495 1440 545 το,
1489 479 1612 533 κατ’
1644 479 1737 544 ὅρ-

1865 481 2063 551 utegris
2112 481 2317 535 scilicet
2363 479 2566 534 viribus
2614 478 2678 532 ad
2731 477 3052 543 mlandum,
3107 484 3160 530 et
3215 476 3413 530 robore

165 579 336 642 θρον,
370 573 568 644 νεαρὰς
609 573 666 626 ὲν
702 570 779 642 τῷ
813 570 1076 623 πέτασθαι
1106 570 1200 624 καὶ
1228 570 1508 641 δυνάμεως
1539 569 1745 640 πεπλη-

167 666 440 737 ρωμένας.
482 665 539 717 '0
571 664 627 717 δέ
665 680 781 726 πως
808 663 932 726 νοῦς
956 658 1127 724 οὗτοςο
1165 662 1372 725 Πάντα,
1401 662 1553 732 φησὶ,
1593 677 1744 733 περι-

167 752 408 822 ειληφώς
448 751 683 823 Κύριος,
727 752 820 805 καὶ
871 752 1043 804 πάντα
1095 751 1373 822 προλαϐὼν
1418 747 1596 815 οἶδας,
1654 751 1745 802 καὶ

168 843 445 914 πανταχοῦ
478 843 662 914 πάρει,
697 843 790 895 καὶ
825 842 1000 895 πάντα
1050 842 1275 914 πληροῖς
1305 843 1380 905 ὡς
1415 841 1564 904 Θεὸς.
1589 837 1742 893 Εἶτα·

167 937 265 999 Τίς
320 937 584 1006 γένωμαι,
635 933 700 988 ἄν
731 952 784 987 τι
839 934 1017 1004 συμϐῇ
1068 952 1156 1004 μοι
1195 934 1534 1004 ἁμάρτημα,
1566 934 1660 985 καὶ
1699 933 1745 985 εἰ

167 1026 380 1093 γένοιτό
413 1043 500 1095 μοι
548 1024 704 1095 χρεία
735 1023 978 1095 δρασμοῦ
1020 1023 1114 1076 καὶ
1146 1023 1354 1092 φυγῆς,
1383 1022 1475 1075 σού
1511 1021 1606 1074 τοῦ
1637 1022 1746 1074 Κυ-

172 1117 290 1188 ρίου
321 1117 497 1168 πάντα
523 1114 879 1185 ύπειληφότος

241 1211 353 1264 Καὶ
379 1206 535 1262 εἶπαο
562 1205 707 1276 Ἆρα
735 1209 952 1272 σκότος
973 1206 1380 1273 καταπατήσει
1398 1223 1494 1275 με.
1526 1206 1618 1269 Τὸ,
1648 1221 1746 1257 κα-

168 1299 506 1366 ταπατήσει
529 1337 543 1362 ,
581 1299 699 1351 ἀντὶ
729 1297 820 1350 τοῦ
843 1337 858 1362 ,
897 1297 1156 1350 σκεπάσει
1189 1298 1281 1351 καὶ
1307 1296 1609 1368 ἀποκρύψει
1641 1295 1746 1348 τῶν

174 1391 284 1444 σῶν
337 1389 650 1459 ὀφθαλμῶν.
703 1387 860 1440 Ἀλλά
902 1389 994 1442 καὶ
1038 1389 1224 1452 τοῦτο,
1259 1390 1410 1459 φησι,
1459 1389 1520 1439 τὸ
1559 1387 1747 1449 σκότος

170 1482 348 1545 οὕτως
375 1481 520 1534 ἐστὶν
549 1483 605 1533 ὲν
628 1482 693 1550 τῇ
721 1482 785 1550 σῇ
818 1479 1034 1550 γνώσει,
1066 1480 1253 1553 ὥσπερ
1289 1482 1352 1534 ἂν
1377 1483 1459 1551 εῐη
1494 1482 1586 1533 καὶ
1620 1480 1748 1532 αὐτὸ

169 1574 234 1627 τὸ
267 1573 404 1642 φῶς.

255 1665 352 1728 Ὠς
380 1663 444 1716 τὸ
471 1663 688 1727 σκότος·
719 1659 905 1729 αὐτῆς
925 1701 939 1725 ,
967 1663 1117 1715 οὕτω
1145 1662 1241 1716 καὶ
1289 1663 1352 1716 τὸ
1387 1661 1511 1731 φώς
1539 1661 1745 1729 αὐτῆς.

175 1755 446 1826 Καθάπερ
492 1755 600 1825 γάρ
633 1753 756 1823 ἐμοὶ
810 1752 1054 1823 ζοφώδης
1091 1756 1123 1824 η
1160 1754 1276 1818 νὺξ,
1324 1752 1494 1816 οὕτως
1519 1753 1633 1806 ὲστί
1669 1769 1749 1804 σοι

1844 573 2050 642 plenas.
2081 570 2204 626 Hae
2231 581 2313 627 est
2337 581 2516 626 autem
2551 571 2816 626 sententia
2846 589 2860 624 :
2889 569 2967 624 Tu
2989 611 3003 636 ,
3042 568 3285 632 Domine,
3320 570 3412 639 qui

1844 661 2024 715 omnia
2059 661 2328 727 contines,
2361 661 2544 715 omnia
2575 661 2892 730 priusquam
2931 660 3183 714 eveniant
3211 675 3413 728 cogno-

1845 750 1974 814 scis,
2021 750 2221 818 ubique
2266 765 2537 820 praesens,
2568 750 2750 804 omnia
2802 749 2990 817 imples
3024 757 3210 818 utpote
3251 747 3410 802 Deus.

1847 838 2068 902 Deinde,
2094 855 2204 909 quo
2233 855 2319 893 me
2358 849 2582 904 vertam,
2624 839 2669 893 si
2717 839 2770 892 in
2805 838 3095 908 quodpiam
3133 848 3411 906 peccatum

1848 933 2110 1000 incidam,
2135 943 2188 989 et
2214 934 2260 989 si
2289 933 2428 1004 luga:
2464 934 2594 988 mihi
2627 933 2921 988 necessitas
2957 932 3255 996 incumbat,
3291 947 3414 986 cum

1849 1035 1927 1094 tu,
1959 1027 2204 1090 Domine,
2236 1028 2420 1081 omnia
2452 1025 2769 1081 contineas?

1923 1205 2005 1258 II.
2037 1203 2103 1257 Et
2129 1205 2241 1257 dixi
2280 1222 2298 1258 :
2331 1203 2583 1257 Forsitan
2625 1203 2846 1256 tenebra:
2886 1202 3260 1254 conculcabunt
3315 1219 3413 1255 me.

1851 1293 2266 1360 Conculcabunt,
2301 1294 2351 1348 id
2389 1304 2492 1356 est,
2534 1302 2823 1363 contegent
2869 1301 2922 1346 et
2953 1293 3301 1346 occultabunt
3335 1306 3419 1345 me

1850 1385 2024 1439 oculis
2052 1384 2177 1439 tuis.
2211 1381 2315 1438 Sed
2362 1385 2491 1453 ipsae
2537 1384 2774 1437 tenebrae
2819 1382 3040 1452 perinde
3089 1393 3192 1436 tua:
3238 1384 3419 1452 cogni-

1852 1476 1984 1529 tioni
2017 1484 2143 1530 sunt
2177 1486 2337 1544 atque
2368 1475 2568 1527 lumen.

1926 1679 2011 1733 I2.
2062 1679 2212 1734 Sicut
2249 1689 2298 1734 et
2332 1681 2553 1734 tenebrae
2584 1682 2697 1749 ejus
2735 1683 2813 1734 ita
2856 1691 2903 1734 et
2937 1681 3110 1734 lumen
3141 1698 3279 1750 ejus,
3311 1693 3418 1736 etc.

1854 1766 2321 1832 Quemadmodum
2352 1769 2495 1822 enim
2542 1769 2674 1822 mihi
2725 1784 2831 1822 nox
2880 1771 3168 1824 tenebrosa
3210 1780 3312 1834 est,
3349 1771 3421 1824 ita

176 1848 434 1917 φωτεινή.
467 1848 716 1919 Νεφροὺς
743 1846 797 1900 δέ
829 1863 990 1916 φησιν
1028 1841 1162 1898 εἶναι
1201 1847 1324 1908 τοὺς
1353 1845 1516 1913 φόϐου
1545 1861 1747 1915 ποιητιο

1865 1869 1936 1913 ast
1965 1859 2058 1912 tibi
2091 1859 2290 1915 lucida.
2322 1858 2496 1914 Renes
2528 1869 2710 1915 autem
2758 1861 2925 1927 dicit,
2963 1861 3188 1916 terroris
3235 1862 3423 1915 incus-

177 1940 330 2002 κούς.
378 1938 538 2007 Λέγει
582 1939 658 1994 δὲ.
695 1941 774 1992 ὅτι
819 1940 884 1990 Σὲ
924 1937 1209 2000 διαπαντὸς
1243 1936 1582 2006 ἐφοϐούμην,
1637 1938 1755 1990 ἐπεὶ

178 2031 288 2102 πρὸ
316 2031 604 2101 ὀφθαλμῶν
631 2027 774 2100 εἶχον
807 2031 894 2083 ἀεὶ
922 2030 1019 2100 τὴν
1048 2030 1146 2100 σὴν
1176 2029 1374 2099 κρίσιν.
1412 2027 1754 2082 Ἄντελάϐου

169 2141 295 2194 μου
339 2124 406 2176 ἐκ
447 2125 705 2191 γαστρὸς
744 2125 968 2192 μητρός
1006 2140 1144 2190 μου.
1188 2121 1452 2184 Εἰκότως,
1493 2122 1644 2190 φησι,
1666 2122 1756 2173 τὸν

179 2215 276 2267 σὸν
320 2213 483 2282 φόϐον
515 2213 864 2284 ἐκτησάμην,
903 2210 1090 2282 ἐπειδὴ
1123 2210 1383 2280 κυόμενον
1413 2226 1477 2280 με
1508 2210 1541 2280 ἡ
1568 2209 1634 2280 σὴ
1669 2226 1760 2261 ’τιτιε⁸

179 2325 277 2380 ριφ
288 2309 468 2378 ρουρεῖ
500 2307 745 2378 πρόνοια.

265 2395 815 2466 Ἐξομολογήσομαί
842 2411 960 2458 σοι,
992 2394 1080 2447 ὅτι
1102 2393 1361 2462 φοϐερῶς
1384 2391 1760 2460 ἐθαυμαστώ-

180 2494 313 2556 θης.
344 2486 626 2558 Εὑκαίρως
661 2485 795 2556 μετὰ
821 2485 917 2555 τὴν
941 2484 1339 2556 προειρημένην
1369 2481 1638 2550 θεολογίαν
1662 2481 1760 2552 τὴν

180 2577 566 2648 ἐξομολόγησιν
588 2576 1006 2646 ἀναφθέγγεται.
1029 2575 1339 2644 Θαυμάσια
1363 2575 1432 2628 τὰ
1449 2576 1591 2643 ἔργα
1619 2591 1756 2639 σου,

182 2670 283 2724 καί
317 2669 354 2735 ή
378 2667 546 2737 ψυχή
568 2686 687 2736 μου
719 2667 996 2736 γινώσκει
1027 2667 1279 2736 σφόδρα.
1310 2667 1468 2730 ’Ἠτις
1498 2666 1632 2729 ἐστὶ,
1665 2683 1761 2736 φη-

184 2765 292 2823 σιν,
323 2763 446 2832 ἐμοὶ
481 2761 707 2829 δύναμις
746 2761 1084 2829 ἀπόρρητος,
1123 2759 1215 2811 καὶ
1259 2759 1395 2827 αύτή
1430 2775 1509 2810 σοι
1539 2758 1615 2829 τῷ
1643 2757 1762 2828 Θεῷ

186 2853 398 2924 φανερά
424 2853 694 2922 τυγχάνει.

263 2947 385 2998 Οὐκ
425 2944 643 3010 ἐκρύϐη
687 2942 752 2996 τὸ
786 2941 1009 2994 ὀστοῦν
1043 2958 1162 3010 μου
1210 2939 1325 2994 ἀπὸ
1359 2939 1474 2994 σοῦ
1509 2939 1539 2992 ὃ
1565 2940 1763 3005 ἐποίη-

186 3052 306 3101 σας
341 3036 412 3089 ἐν
437 3032 654 3103 κρυφῇ.
701 3035 814 3086 Ούκ
857 3032 1043 3095 ἔλαθε,
1094 3033 1259 3100 φησι,
1305 3033 1403 3101 τῆς
1447 3031 1695 3100 γυναικὸς
1736 3033 1763 3084 ὁ

186 3125 417 3188 δλισθος,
453 3126 519 3195 ἦν
557 3125 620 3176 ὲκ
665 3123 758 3175 τοῦ
803 3123 988 3176 ὀστέου
1025 3139 1124 3191 μου
1155 3121 1453 3189 λεληθότως
1482 3121 1760 3190 ἐποίησας,

191 3219 346 3287 ὕπνῳ
378 3217 534 3286 βαρεῖ
561 3213 789 3276 εύνάσας
820 3230 905 3285 με’
933 3213 1046 3266 ἀλλ’
1080 3212 1248 3280 ἔγνως
1274 3211 1343 3264 τὰ
1369 3213 1611 3282 ἡμέτερα
1641 3211 1764 3280 κρύ-

192 3324 313 3380 φια,
344 3311 372 3361 ὁ
409 3307 622 3378 ἐκείνην
645 3307 886 3378 κρυφίως
914 3306 1374 3374 ὑποστησάμενος.
1406 3302 1513 3356 Καὶ
1548 3303 1585 3369 ή
1616 3303 1763 3356 ὑπό-

188 3400 412 3465 στασίς
437 3417 556 3468 μου
599 3398 669 3450 ἐν
701 3395 824 3462 τοῖς
871 3394 1224 3460 κατωτάτοις
1267 3392 1375 3461 τῆς
1407 3392 1537 3463 τῆς.
1573 3391 1682 3445 Καὶ
1717 3393 1766 3445 εἰ

188 3489 522 3559 διαλυθείην,
551 3488 704 3558 φησὶ,
746 3488 839 3540 καὶ⁸
877 3488 956 3549 εις
988 3485 1114 3556 χοῦν
1137 3483 1474 3554 πορευθείην,
1506 3483 1587 3534 σοὶ
1608 3483 1767 3535 πάλιν

191 3581 435 3651 γνωστὸν
465 3581 527 3631 τὸ
550 3578 786 3632 τοιοῦτον
809 3578 955 3629 ἐστιν

274 3672 344 3725 Τὸ
377 3669 826 3738 ἀκατέργαστόν
857 3685 977 3739 μου
1009 3664 1172 3722 εἶδον
1201 3669 1254 3720 oi
1300 3665 1593 3734 ὀφθαλμοί
1629 3679 1766 3718 σου.

194 3762 336 3833 Πρὶν
380 3761 652 3829 γενέσθαι,
682 3759 834 3829 φησι,
867 3759 959 3812 καὶ
1004 3759 1132 3828 πρὶν
1182 3755 1564 3828 μορφωθῆναι,
1598 3756 1646 3807 οί
1688 3754 1770 3807 σοὶ

193 3855 300 3922 τῆς
329 3851 688 3923 προγνώσεως
718 3851 985 3921 ὀφθαλμοὶ
1016 3848 1305 3904 ἐθεάσαντο
1347 3864 1411 3918 με
1457 3849 1550 3900 καὶ
1591 3849 1773 3918 προεῖ-

195 3945 288 3998 δόν
323 3959 409 4015 με,
441 3944 536 4012 οὐχ
566 3940 772 4004 ἁπλῶς,
796 3941 908 3994 ἀλλ’
934 3941 1009 4004 ώς
1033 3940 1132 4012 ήδη
1161 3938 1493 4008 ἐγκείμενον,
1529 3937 1621 3991 καὶ
1650 3952 1772 3988 συν-

196 4035 610 4110 ηριθμημένον,
662 4035 755 4087 καὶ
796 4034 853 4085 ὲν
906 4035 972 4103 τῇ
1021 4031 1184 4102 βίϐλῳ
1233 4047 1326 4083 σου
1370 4027 1768 4100 γεγραμμένον.

211 4127 443 4196 Ἡμέραι
500 4125 979 4191 πλασθήσονται,
1033 4122 1133 4175 καὶ
1186 4121 1383 4187 οὐδεὶς
1428 4121 1498 4172 ἐν
1548 4118 1769 4184 αὐτοῖς.

199 4217 360 4272 ι-ἱατὰ
388 4218 564 4280 πάσας
595 4217 695 4287 τῆς
725 4214 868 4286 ζωῆς
911 4214 1088 4268 αὐτῶν
1120 4213 1218 4277 τὰς
1247 4215 1459 4286 ἡμέρας
1489 4212 1774 4284 εὐρύθμως

201 4310 301 4368 καὶ
350 4309 664 4371 εύπλάστως
720 4307 942 4370 ἑαυτοὺς
990 4306 1277 4376 διήγαγον,
1324 4306 1416 4358 καὶ
1465 4304 1597 4376 μηδὲ
1647 4303 1774 4374 μίαν

202 4402 421 4476 ἡμέραν
447 4402 642 4463 αὐτοὺς
667 4399 870 4454 άτυπον
897 4398 929 4467 ἦ
956 4397 1227 4452 ἄπλαστον
1253 4396 1563 4467 ἐσχηκέναι.

1856 1965 2026 2004 seres.
2057 1949 2153 2013 Te,
2212 1951 2407 2020 inquit,
2471 1967 2686 2020 semper
2757 1953 3037 2014 timebam,
3101 1952 3228 2021 quia
3288 1951 3424 2004 mihi

1857 2056 2067 2110 semper
2097 2040 2362 2109 judicium
2395 2050 2547 2094 tuum
2593 2041 2663 2094 ob
2704 2042 2892 2097 oculos
2925 2043 3262 2098 versabatur.
3294 2042 3426 2098 Sus-

1857 2132 2037 2199 cepisti
2071 2148 2150 2184 me
2189 2130 2252 2185 de
2293 2141 2441 2186 utero
2490 2136 2677 2186 matris
2703 2150 2848 2188 mem.
2900 2130 3048 2198 Jure,
3091 2134 3305 2203 inquit,
3346 2136 3422 2188 tui

1858 2222 2105 2276 timorem
2153 2221 2343 2286 habui,
2377 2224 2820 2292 quandoquidem
2870 2241 2955 2280 me
3001 2224 3058 2280 in
3100 2236 3255 2280 utero
3298 2241 3422 2280 ver-

1857 2322 2065 2368 santem
2094 2313 2427 2383 providentia
2460 2324 2549 2368 tua
2595 2325 2904 2371 conservat.

1931 2405 2016 2458 14.
2093 2403 2389 2474 Conﬁtebor
2424 2406 2515 2460 tibi
2555 2408 2679 2480 quia
2710 2408 3016 2461 terribiliter
3055 2409 3426 2478 magnificatus

1858 2511 1932 2549 ei.
1965 2493 2278 2565 Opportune
2315 2496 2594 2566 praemissa
2641 2498 2731 2552 illa
2780 2497 3072 2568 theologia,
3128 2497 3428 2554 confessio-

1859 2603 1983 2642 nem
2029 2597 2215 2657 postea
2259 2588 2392 2643 edit.
2444 2588 2720 2644 Mirabitia
2767 2607 2924 2659 opera
2972 2601 3103 2657 tua,
3147 2601 3196 2645 et
3247 2592 3429 2644 anima

1860 2695 1974 2732 mea
2013 2681 2274 2748 cognoscit
2324 2679 2503 2732 nimis.
2543 2677 2728 2735 Virtus
2772 2681 2864 2734 illa
2892 2697 3014 2750 quae
3043 2682 3177 2736 mihi
3219 2682 3429 2738 occulta

1861 2780 1963 2836 est,
2001 2771 2099 2826 tibi
2131 2769 2240 2828 Deo
2274 2773 2567 2842 conspicua
2604 2781 2704 2826 cst.

1935 2947 2020 3002 15.
2089 2947 2207 3003 Νοη
2236 2959 2311 3003 est
2335 2951 2655 3003 occultatum
2689 2968 2745 3004 os
2791 2968 2959 3004 meum
2987 2968 3020 3004 a
3053 2962 3101 3004 te
3129 2951 3266 3021 quod
3299 2953 3428 3020 feci-

1864 3041 1932 3092 sti
1957 3040 2010 3092 in
2039 3039 2260 3094 occulto.
2302 3038 2420 3094 Non
2465 3041 2640 3102 latuit,
2689 3040 2903 3108 inquit,
2951 3041 3193 3095 mulieris
3227 3041 3430 3110 lapsus.

1864 3144 2028 3198 quam
2055 3145 2118 3183 ex
2147 3145 2270 3184 osse
2315 3145 2438 3185 meo
2470 3130 2610 3186 clam
2656 3129 2976 3193 eﬂ‘ormasti,
3011 3140 3300 3200 postquam
3346 3148 3433 3185 me

1865 3216 2014 3286 gravi
2047 3232 2239 3271 somno
2284 3220 2679 3288 oppressisses;
2727 3220 2819 3275 sed
2871 3219 3188 3275 abscondita
3237 3229 3428 3276 nostra

1866 3308 2169 3376 cognoscis,
2201 3308 2294 3378 qui
2335 3309 2563 3362 latenter
2617 3311 2763 3363 illam
2819 3312 3080 3364 exsistere
3136 3309 3329 3365 fecisti.
3365 3311 3434 3367 Et

1867 3398 2164 3452 substantia
2188 3416 2302 3455 mea
2332 3400 2386 3453 in
2416 3401 2754 3470 inferioribus
2783 3411 2954 3454 terrm.
2988 3400 3210 3457 Etiamsi
3242 3403 3436 3458 dissol-

1867 3504 1984 3551 var,
2012 3489 2206 3557 inquit,
2235 3500 2289 3545 et
2330 3491 2382 3544 in
2412 3491 2686 3561 pulverem
2723 3491 2935 3557 abeam,
2968 3491 3098 3545 illud
3129 3493 3294 3549 etiam
3333 3512 3433 3550 no-

1867 3587 1981 3634 tum
2010 3586 2093 3633 est
2124 3579 2216 3634 tibi

1943 3670 2031 3726 16.
2087 3669 2459 3742 Imperfectum
2514 3689 2685 3727 meum
2739 3677 2976 3732 uiderunt
3014 3682 3154 3735 oculi
3190 3683 3288 3743 tui,
3328 3691 3433 3736 etc.

1869 3764 2171 3832 Antequam
2219 3764 2425 3829 ﬁerem,
2472 3763 2668 3835 inquit,
2716 3776 2769 3821 et
2800 3777 3087 3838 antequam
3137 3770 3427 3831 iormarer.

1871 3855 2224 3926 przescientiae
2256 3863 2361 3910 tua:
2390 3856 2534 3910 oculi
2566 3873 2651 3912 me
2675 3861 3021 3930 contemplati
3050 3874 3178 3916 sunt
3209 3877 3274 3917 ac
3301 3877 3437 3932 pra:-

1870 3947 2155 4013 viderunt;
2183 3962 2283 4002 nec
2310 3949 2650 4018 simpliciter,
2670 3953 2763 4004 sed
2790 3963 2848 4005 ut
2874 3952 2986 4021 jam
3014 3954 3271 4023 positum,
3303 3969 3436 4008 cou-

1873 4047 2216 4093 numeratum
2247 4049 2300 4094 et
2329 4040 2663 4110 descriptum
2713 4043 2766 4096 in
2815 4043 2954 4098 libro
3003 4055 3119 4100 tuo.
3161 4047 3284 4101 Dies
3322 4048 3438 4114 for-

1874 4130 2156 4184 mabuntur
2195 4142 2244 4185 et
2293 4149 2442 4185 nemo
2479 4133 2534 4185 in
2565 4134 2660 4186 eis.
2699 4132 2967 4190 Omnibus
3003 4136 3123 4191 vita:
3165 4152 3278 4191 sua:
3318 4137 3436 4192 die-

1874 4222 1977 4277 bus
2004 4223 2171 4292 probe
2216 4229 2272 4276 et
2315 4223 2565 4277 ordinate
2614 4239 2733 4280 sese
2784 4237 3090 4294 gesserunt,
3142 4228 3213 4282 ita
3265 4237 3325 4283 ut
3373 4245 3441 4284 ne

1876 4329 2041 4367 unam
2071 4314 2290 4383 quidem
2335 4315 2479 4369 diem
2515 4315 2935 4387 incompositam
2981 4328 3034 4371 et
3077 4318 3438 4375 inordinatam

1875 4405 2099 4475 egerint.

291 4498 448 4568 Ἐμοὶ
473 4497 540 4550 δὲ
563 4497 705 4550 λίαν
723 4495 1092 4564 ἐτιμήθησαν
1119 4496 1173 4547 οἱ
1197 4493 1362 4561 φίλοι
1390 4508 1526 4555 σου,
1552 4494 1584 4545 ό
1610 4490 1763 4555 Θεόςη

1949 4495 2052 4562 17,
2118 4497 2204 4550 18.
2287 4495 2420 4549 Mihi
2479 4509 2655 4550 autem
2715 4500 2873 4552 nimis
2926 4499 3258 4567 honori/icati
3320 4511 3441 4553 sunt

205 4591 434 4660 ’Ὅμοιον
469 4588 558 4640 τό·
618 4588 680 4640 '0
724 4585 1045 4654 δεχόμενος
1095 4583 1407 4652 προφήτην
1457 4584 1544 4647 είς
1592 4581 1777 4648 ὄνομα

203 4679 538 4749 προφήτου,
568 4677 787 4747 μισθὸν
821 4675 1127 4744 προφήτου
1147 4671 1779 4743 λήψεται.Ἐξαριθμήι

204 4786 387 4838 (rogat
413 4769 653 4836 αὐτοὺς,
684 4769 782 4821 καὶ
812 4767 962 4837 ὑπὲρ
1000 4768 1196 4837 ἄμμον
1232 4764 1774 4832 πληθυνθήσονται,

205 4861 441 4924 Εὕελπίς
489 4862 640 4931 ειμι,
673 4859 804 4929 φησι
828 4898 843 4923 ,
893 4859 1016 4922 τοὺς
1062 4856 1245 4926 φίλους
1272 4855 1444 4924 τιμῶν
1474 4854 1598 4916 τοὺς
1632 4853 1776 4917 σοὺς,

207 4955 293 5006 ὅτι
323 4952 388 5022 δὴ
417 4955 473 5004 ὲν
503 4954 568 5022 τῇ
596 4949 889 5006 ἀναστάσει
923 4950 1038 5019 μετ’
1063 4947 1240 5002 αὐτῶν
1267 4947 1554 5017 στήσομαι,
1591 4945 1683 4998 καὶ
1712 4944 1777 4996 δι’

206 5045 405 5107 αὐτοὺς
430 5043 528 5113 τὴν
557 5041 707 5115 παρὰ
733 5041 825 5095 σοῦ
851 5042 1118 5111 κτήσομαι
1148 5041 1328 5110 τιμήν.
1357 5037 1488 5091 Τότε
1514 5039 1598 5108 δὴ,
1626 5038 1778 5107 φησὶ,

207 5135 305 5189 καὶ
344 5135 394 5186 oi
433 5133 744 5205 ἁμαρτωλοὶ
779 5135 1175 5193 ἀποκτενοῖντο,
1205 5130 1468 5194 τουτέστι,
1499 5130 1596 5194 τὰς
1624 5148 1782 5202 προσ-

208 5222 347 5296 ηκού
355 5239 451 5287 σας
479 5221 844 5293 ἀπολήψονται
873 5221 1045 5284 δίκας.

295 5316 436 5376 Ἐὰν
476 5315 838 5380 ἀποκτείνῃς
888 5312 1302 5381 ἁμαρτωλοὺς.
1341 5313 1373 5364 d
1418 5312 1577 5376 Θεός.
1613 5310 1780 5375 Εἰδὼς

213 5405 312 5468 τὰς
361 5404 623 5474 ἐσομένας
665 5405 783 5456 κατ’
829 5401 1008 5456 αὐτῶν
1039 5402 1221 5463 δίκας,
1262 5399 1364 5464 ἔξω
1395 5416 1494 5451 που
1538 5400 1780 5469 ἀφορίζει

213 5497 413 5559 αὐτοὺς
459 5493 672 5548 ἑαυτοῦ.
718 5492 956 5563 Ἄνδρες
993 5492 1284 5562 αἱμάτων,
1328 5491 1641 5544 ὲκκλίνατε
1682 5491 1779 5543 ἀπ’

217 5583 382 5655 ἐμοῦ,
416 5583 503 5636 ὅτι
543 5583 771 5651 ἑρισται
797 5583 936 5637 ἐστε
961 5585 1046 5648 εἰς
1087 5581 1528 5650 διαλογισμούς.
1561 5579 1671 5651 Τὴν
1701 5581 1781 5634 αξ-

281 5765 328 5797 "
387 5763 570 5818 Matth.
614 5781 668 5826 ι,
704 5764 788 5818 ll.

1878 4589 2035 4641 amici
2060 4589 2158 4652 tui,
2196 4589 2356 4646 Deus.
2389 4587 2577 4642 Simile
2610 4599 2693 4644 est
2715 4589 2844 4644 illud
2868 4591 2914 4622 “
2945 4610 2957 4645 :
2995 4590 3100 4655 Qui
3118 4592 3298 4660 recipit
3321 4608 3442 4660 pro-

1877 4677 2082 4747 phetam
2138 4678 2192 4730 in
2251 4680 2458 4731 nomine
2495 4679 2777 4748 prophetat,
2842 4681 3123 4734 mercedem
3179 4684 3445 4750 propheta:

1880 4766 2120 4835 accipiet.
2160 4766 2511 4821 Dinumerabo
2545 4785 2630 4822 eos
2659 4779 2707 4822 et
2745 4786 2899 4839 super
2927 4787 3141 4824 arenam
3184 4771 3444 4840 multipti-

1879 4858 2155 4911 cabuntnr.
2199 4858 2353 4927 Spes,
2391 4859 2586 4929 inquit,
2623 4861 2754 4914 mihi
2783 4872 2864 4916 est
2898 4862 3041 4931 quod
3083 4862 3287 4918 amicos
3319 4871 3444 4917 tuos

1882 4947 2086 5001 honore
2132 4963 2452 5018 prosequar,
2511 4948 2755 5004 futurum
2824 4960 2882 5004 ut
2943 4951 2995 5005 in
3048 4953 3445 5008 resurrectione

1882 5052 2003 5091 cum
2035 5036 2139 5091 illis
2165 5039 2484 5101 consistam,
2534 5047 2587 5092 et
2633 5049 2850 5109 propter
2900 5056 2995 5095 eos
3026 5040 3287 5095 honorem
3331 5059 3360 5095 a
3393 5052 3444 5096 te

1883 5127 2163 5196 accipiam.
2197 5126 2366 5194 Tunc,
2395 5129 2590 5199 inquit,
2622 5138 2934 5198 peccatores
2962 5130 3303 5196 occidantur,
3341 5133 3444 5188 hoc

1883 5227 1985 5282 est,
2024 5220 2346 5288 promeritas
2377 5236 2566 5289 pinnas
2590 5222 2760 5275 luant.

1956 5312 2042 5368 19.
2104 5309 2161 5364 Si
2191 5312 2463 5378 occideris,
2507 5311 2661 5377 Deus,
2701 5324 3015 5383 peccatores.
3060 5313 3276 5370 Gnarus
3316 5330 3444 5384 sup-

1885 5404 2172 5474 pliciorum
2226 5403 2425 5472 quibus
2468 5403 2714 5459 futurum
2761 5415 2845 5460 est
2892 5415 2951 5460 ut
2995 5405 3318 5475 alliciantur,
3350 5422 3444 5462 eos

1885 5495 2288 5565 quodammodo
2331 5497 2397 5550 ab
2425 5511 2482 5552 se
2510 5506 2770 5568 segregat.
2828 5497 2939 5551 Viri
2978 5499 3312 5568 sanguinum,
3349 5499 3443 5551 de-

1886 5589 2123 5642 ciinatea
2147 5604 2245 5656 me,
2284 5590 2407 5657 quia
2439 5591 2750 5644 contentiosi
2773 5592 2896 5645 estis
2929 5592 2981 5644 in
3015 5590 3440 5661 cogitationibus.
