4058 6510
700 441 806 499 535

1553 438 1609 495 S.
1648 439 2019 495 ATIIANASU
2058 441 2205 495 ΟΡΡ.
2251 440 2432 495 PARS
2471 440 2555 495 lli.
2599 471 2664 479 —
2705 440 3110 499 EXEGETICA.

3844 444 3937 498 536

699 568 933 618 Causam
964 563 1163 617 indicat
1192 577 1289 616 cur
1317 561 1384 614 ab
1407 576 1462 614 se
1492 570 1805 627 peccatores
1834 559 2088 628 expellat.
2116 559 2254 623 ldeo,

2330 598 2339 616 ,
2366 555 2486 609 τίαν
2522 557 2655 627 φησὶ
2681 557 2747 609 δι’
2778 556 2843 627 ἣν
2872 556 3164 610 ἀπελαύνει
3194 558 3288 626 ἀφ’
3313 556 3508 610 ἐαυτοῦ
3541 558 3664 621 τοὺς
3690 559 3938 627 ἁμαρτω⁸

701 655 897 723 inquit,
925 654 1286 723 expelluntur,
1321 653 1443 721 quia
1471 653 1733 706 adversus
1770 650 1935 706 Deum
1966 652 2264 721 loquuntur

701 747 911 815 ipsique
945 756 1266 816 repugnant.
1313 755 1367 799 et
1397 745 1600 800 frustra
1636 746 1763 800 elati
1805 746 2040 815 superbe
2095 754 2263 815 agunt

697 839 985 894 adversum
1021 855 1191 909 genus
1243 839 1560 891 humanum.

762 932 853 994 21,
884 931 975 984 22.
1033 929 1216 983 Nonne
1246 932 1334 998 qui
1359 928 1580 981 oderunt
1626 940 1695 994 te,
1726 928 1968 994 Domine,
2008 930 2218 982 oderam
2237 932 2262 982 ."

694 1023 913 1076 Amicos
964 1022 1184 1091 quidem
1236 1032 1361 1077 tuos
1400 1022 1690 1089 diligebam
1752 1032 1806 1074 et
1854 1022 1907 1074 in
1963 1021 2257 1075 amicitiam

694 1129 866 1167 meam
918 1116 1283 1183 reeipiebam:
1338 1116 1592 1169 inimicos
1625 1124 1805 1168 autem
1856 1123 1980 1168 tuos
2026 1112 2258 1182 perfecte

692 1204 930 1259 oderam.
982 1204 1189 1258 Inimici
1222 1214 1401 1261 autem
1447 1205 1541 1259 Dei
1578 1215 1706 1259 sunt
1748 1205 1924 1273 primo
1949 1203 2164 1273 quidem
2204 1214 2258 1257 et

691 1296 905 1361 proprie
943 1296 1139 1364 impuri
1176 1295 1451 1350 daemones
1490 1314 1502 1349 :
1540 1296 1759 1351 secundi
1810 1306 1933 1364 post
1985 1295 2129 1360 illos,
2158 1294 2252 1364 qui

688 1387 1047 1441 idololatriam
1074 1387 1391 1450 defendunt,
1422 1398 1477 1441 et
1510 1388 1779 1442 luerosum
1818 1389 2109 1456 principes.

864 1477 929 1530 In
964 1480 1120 1546 ﬁnem
1149 1478 1485 1534 PSALMUS
1522 1479 1709 1532 David.
1763 1477 2075 1533 CXXXIX.

753 1571 804 1623 1.
860 1568 1020 1639 Eripe
1054 1589 1154 1637 me,
1192 1572 1435 1634 Domine,
1467 1573 1531 1626 ab
1564 1572 1775 1625 homine
1822 1572 1984 1626 malo.
2039 1572 2252 1626 Clamat

682 1664 748 1718 ad
784 1662 949 1718 Deum
982 1674 1042 1718 ut
1066 1665 1359 1721 ulciscatur
1395 1665 1654 1734 injuriam
1687 1679 1717 1717 a
1767 1663 2106 1719 daemonibus
2158 1665 2250 1717 lm-

683 1770 857 1809 mame
889 1764 1096 1811 natura:
1138 1757 1367 1819 illatam,
1403 1765 1458 1809 et
1511 1763 1572 1809 ut
1615 1754 1958 1825 iniquitatem
1997 1755 2049 1807 in
2084 1764 2249 1823 caput

681 1846 991 1914 iniquorum
1022 1856 1322 1902 convertat.
1370 1846 1496 1902 Haec
1546 1856 1727 1903 autem
1760 1848 1924 1902 etiam
1976 1847 2041 1902 de
2073 1846 2247 1902 sensi-

680 1936 879 1993 bilibus
917 1937 1156 1995 inimicis
1182 1938 1288 1993 dici
1322 1938 1552 2007 possint.

745 2112 798 2164 2.
861 2113 965 2177 Qui
998 2116 1349 2184 cogitaverunt
1374 2117 1701 2184 iniquitatem
1725 2117 1781 2168 in
1811 2115 1985 2180 corde,
2019 2124 2128 2167 tota
2161 2114 2247 2166 die

673 2205 1057 2259 constituebant
1102 2209 1311 2276 prtelia.
1366 2204 1485 2260 Non
1537 2215 1748 2260 tantum
1808 2207 1953 2261 enim
2008 2207 2244 2259 ltuniana

675 2298 960 2351 ratiocinia
998 2300 1373 2363 admiserunt,
1414 2300 1510 2353 sed
1556 2300 1720 2355 etiam
1765 2315 1929 2370 opera
1968 2299 2245 2369 cogitatio-

674 2391 835 2443 nibus
869 2390 1206 2458 adjecerunt.
1252 2390 1387 2445 lllud
1431 2400 1656 2457 autem,
1700 2403 1811 2445 tota
1851 2392 1959 2455 die,
1992 2390 2243 2461 Symma-

674 2480 810 2534 chus
834 2518 852 2546 ,
890 2496 983 2549 per
1010 2482 1244 2550 singulos
1274 2484 1410 2547 dies,
1448 2485 1855 2552 interpretatur.

741 2573 792 2628 6.
849 2570 1016 2625 Juxta
1059 2576 1160 2627 iter
1188 2576 1501 2628 scandalum
1546 2585 1832 2644 posuerunt
1896 2575 2045 2627 nti/ti.
2114 2574 2240 2629 Haec

670 2662 875 2728 omnia,
908 2662 1105 2731 inquit,
1140 2660 1431 2727 faciebant,
1468 2672 1527 2716 ut
1553 2678 1775 2718 cursum
1808 2663 1926 2733 ejus
1955 2664 2023 2718 ad
2069 2663 2236 2717 Deum

670 2755 945 2818 sisterent,
976 2754 1188 2823 laqueis
1224 2756 1388 2825 pedes
1426 2755 1546 2827 ejus
1572 2757 1982 2827 complicantes,
2014 2767 2073 2811 ut
2111 2772 2236 2811 emn

667 2863 696 2898 a
731 2843 829 2899 Dei
868 2855 1161 2915 conspectu
1188 2847 1506 2918 dejicerent.

735 3021 789 3075 9.
850 3018 931 3074 Ne
966 3021 1148 3073 tradas
1194 3037 1295 3086 me,
1326 3020 1567 3088 Domine,
1598 3040 1631 3075 a
1660 3022 1919 3078 desiderio
1960 3040 2070 3077 meo
2112 3040 2233 3093 pec-

665 3113 854 3165 catori.
912 3111 1046 3181 Ego,
1100 3113 1297 3182 inquit,
1332 3113 1581 3182 Domine,
1628 3116 1860 3171 salutem
1913 3126 2129 3181 expeto,
2168 3132 2235 3170 ne

664 3204 829 3273 igitur
861 3204 1207 3276 derelinquas
1257 3222 1364 3273 me,
1423 3222 1491 3259 ne
1532 3224 1598 3260 ex
1645 3207 1746 3261 hac
1794 3208 1879 3262 via
1915 3207 2232 3263 deturbatus

663 3295 847 3350 tradar
896 3298 1215 3366 peecatori,
1278 3298 1487 3351 scilicet
1552 3299 1789 3355 diabolo.
1859 3297 2230 3370 Cogitaverunt

663 3395 847 3439 contra
868 3402 969 3450 me,
1008 3403 1073 3439 ne
1123 3386 1455 3458 derelinquas
1489 3406 1569 3442 me
1625 3407 1688 3443 ne
1725 3391 1860 3459 forte
1908 3390 2227 3444 excitentur.

665 3476 779 3531 Sub
813 3486 1121 3549 legumento
1166 3480 1374 3535 alarum
1423 3483 1544 3551 ejus
1590 3481 1801 3553 contegi
1837 3493 2011 3553 rogat,
2051 3494 2103 3538 et
2130 3485 2232 3539 sub

660 3570 864 3638 potenti
903 3588 1068 3626 manu
1101 3573 1240 3642 ejus,
1272 3588 1301 3625 a
1332 3588 1437 3641 qua
1480 3589 1640 3629 nemo
1672 3575 1879 3643 eripere
1912 3586 2128 3646 potest;
2164 3591 2232 3630 ne

659 3662 843 3731 itaque
880 3672 939 3715 ut
980 3664 1033 3716 in
1071 3664 1177 3717 alia
1201 3664 1443 3734 qualibet
1481 3680 1540 3719 re
1572 3666 1858 3738 magniﬁce
1897 3668 2156 3723 sentiant.

731 3838 816 3894 10.
880 3839 1049 3911 Caput
1082 3844 1333 3898 circuitus
1362 3861 1562 3908 eorum,
1608 3844 1779 3911 labor,
1809 3852 1915 3899 etc.
1965 3844 2023 3897 In
2059 3844 2224 3912 ipsos,

656 3930 853 4000 inquit,
885 3930 1091 3985 recidat
1117 3934 1406 3987 consilium
1442 3948 1655 3988 eorum.
1688 3932 1803 3988 Hoc
1830 3934 1975 3987 enim
2012 3933 2225 4003 signiﬁ-

653 4032 763 4086 cat,
809 4032 972 4092 caput
1020 4025 1283 4079 circuitus
1311 4041 1522 4081 eorum.
1570 4026 1747 4095 Caput
1780 4028 1925 4081 enim
1974 4036 2225 4096 peccato-

654 4128 775 4167 rum
800 4123 885 4169 est
910 4116 1165 4185 cogitatio
1204 4126 1258 4172 et
1285 4133 1501 4173 sensus.
1533 4118 1861 4176 lnsidiarum
1898 4120 2097 4189 quibus
2139 4134 2225 4174 me

650 4209 1129 4263 circumdederunt
1170 4211 1500 4281 principium
1543 4220 1597 4267 et
1647 4223 1829 4283 caput,
1891 4213 2000 4267 imo
2058 4213 2220 4267 etiam

650 4299 967 4370 defatigatio
1012 4313 1065 4355 et
1109 4302 1263 4356 labor
1294 4303 1537 4374 ipsorum
1573 4304 1860 4359 adversum
1906 4320 1992 4358 me
2029 4319 2221 4359 susce-

649 4402 776 4461 ptus
810 4393 863 4447 in
899 4394 1053 4463 ipsos
1079 4395 1305 4452 recidat.
1351 4395 1501 4463 Quos
1542 4414 1759 4469 aequum
1800 4409 1880 4453 est
1911 4399 2051 4470 ignis
2086 4414 2218 4467 sup-

647 4483 813 4551 plicio
849 4486 1008 4540 tradi.

2369 649 2510 711 λούς.
2542 649 2640 701 Διά
2676 647 2852 710 τοῦτο,
2882 649 3064 718 φησιν,
3088 648 3420 712 ἐλαύνονται,
3450 650 3531 702 ὅτι
3561 648 3937 716 ἀντιφθέγγον-

2366 757 2452 791 ται
2485 739 2579 792 καὶ
2622 738 3107 807 ἀειτιφιλονεικοῦσι
3132 739 3250 808 Θεῷ
3270 779 3284 802 ,
3316 742 3409 793 καὶ¹
3443 741 3617 809 μάτην
3648 741 3935 810 ἐπαιρόμε-

2365 847 2443 883 νοι
2478 829 3020 901 καταλαζονευόμενοι
3054 830 3146 883 τοῦ
3177 830 3283 885 τῶν
3314 830 3615 900 ἀνθρώπων
3645 830 3783 900 βίου.

2438 921 2584 989 Οὐχὶ
2614 921 2751 987 τοὺς
2778 921 3111 991 μισοῦντάς
3137 937 3230 984 σε,
3257 923 3458 989 Κύριε,
3486 923 3788 989 ἐμίσησα;
3818 923 3932 976 Ὅτι

2360 1018 2486 1080 τοὺς
2522 1016 2621 1087 μὲν
2665 1017 2790 1079 σοὺς
2819 1018 3048 1086 ἠγάπων
3078 1018 3170 1070 καὶ
3201 1018 3547 1088 ἀπεδεχόμην
3573 1018 3780 1087 φίλους·
3814 1019 3932 1080 τοὺς

2359 1107 2415 1160 δὲ
2461 1108 2685 1180 ἐχθρούς
2742 1125 2834 1162 σου
2881 1108 3102 1171 τελείως
3149 1110 3392 1178 ἐμίσουν.
3459 1109 3673 1179 Ἐχθροὶ
3729 1109 3786 1162 δὲ
3838 1108 3931 1161 τοῦ

2359 1199 2494 1252 Θεοῦ
2528 1200 2756 1270 πρώτως
2778 1202 2875 1272 μὲν
2902 1200 2995 1253 καὶ
3024 1200 3225 1270 κυρίως
3255 1200 3304 1252 οἱ
3328 1198 3629 1271 ἀκάθαρτοι
3661 1201 3927 1270 δαίμονες·

2358 1290 2598 1363 δεύτεροι
2636 1291 2693 1345 δὲ
2735 1294 2851 1362 μετ’
2894 1291 3134 1354 ἐκείνους
3182 1290 3237 1343 οἵ
3277 1307 3335 1343 τε
3368 1291 3465 1362 τὴν
3498 1291 3931 1363 εἰδωλολατρείαν

2359 1383 2770 1456 πρεσϐεύοντες,
2796 1384 2888 1437 καὶ
2920 1384 2968 1436 οἱ
2996 1382 3102 1435 τῶν
3128 1382 3393 1454 αἱρέσεων
3422 1383 3672 1453 ἀρχηγοί.

2548 1479 2650 1542 Εἰς
2687 1475 2862 1541 τέλος
2896 1477 3203 1529 ΨΑΛΜΟΣ
3227 1472 3306 1539 τῷ
3329 1474 3528 1528 Δαυτδ.
3557 1477 3715 1528 PAO’

2438 1569 2686 1633 Ἐξέλου
2724 1585 2818 1638 με,
2850 1568 3046 1635 Κύριε,
3071 1566 3139 1631 ἐξ
3167 1565 3478 1635 ἀνθρώπου
3504 1564 3793 1632 πονηροῦ.
3824 1566 3932 1636 Τῆς

2355 1662 2651 1733 γενομένης
2684 1660 2896 1723 ἀδικίας
2925 1658 3078 1730 παρὰ
3109 1658 3218 1711 τῶν
3246 1658 3517 1728 δαιμόνων
3542 1661 3608 1729 τῇ
3643 1656 3930 1727 ἀνθρώπου

2355 1755 2512 1825 φύσει
2542 1752 2875 1822 κεκραγέναι
2908 1751 3044 1822 πρὸς
3086 1750 3177 1803 τὸν
3218 1750 3350 1803 Θεὸν
3400 1750 3621 1820 ποιῆσαι
3659 1749 3757 1820 τὴν
3791 1751 3931 1803 ἐκδί-

2353 1863 2533 1916 κησιν,
2568 1845 2659 1899 καὶ
2691 1843 3058 1915 μεταστρέψαι
3089 1846 3170 1907 εἰς
3195 1842 3433 1912 κεφαλὴν
3465 1842 3573 1894 τῶν
3605 1842 3930 1895 ἀδικούντων

2279 1919 2320 1971 Β
2348 1939 2445 2009 τὴν
2471 1939 2703 1991 ἀδικίαν.
2732 1936 2963 2008 Λεχθείη
2999 1936 3056 1988 δὲ
3086 1936 3178 1988 και
3206 1935 3300 1989 ἐπὶ
3323 1934 3597 2006 αἰσθητῶν
3626 1934 3841 2005 ἐχθρῶν
3864 1936 3930 1989 τὰ

2348 2030 2631 2101 λεγόμενα.

2418 2124 2644 2186 Οἳτινες
2691 2120 3048 2188 ἐλογίσαντο
3092 2118 3331 2172 ἀδικίαν
3372 2118 3441 2170 ἐν
3482 2116 3696 2185 καρδίᾳ
3718 2156 3732 2181 ,
3775 2115 3927 2183 ὅλην

2344 2214 2458 2283 τὴν
2488 2212 2718 2283 ἡμέραν
2756 2211 3148 2280 παρέτασσεν
3179 2208 3498 2279 πολέμους.
3529 2210 3603 2261 Οὐ
3630 2210 3740 2280 γὰρ
3768 2210 3927 2278 μόνον

2343 2306 2599 2374 πονηροῖς
2648 2303 2949 2372 ἐχρήσαντο
3001 2299 3302 2377 λογισμοῖς,
3346 2298 3483 2351 ἀλλά
3527 2301 3620 2352 καὶ
3674 2302 3742 2354 τά
3788 2301 3925 2372 ἔργα

2342 2393 2686 2467 προσέθηκαν
2736 2395 2846 2455 τοῖς
2889 2391 3184 2461 λογισμοῖς.
3229 2391 3303 2444 Τὸ
3336 2390 3420 2451 δὲ,
3448 2390 3606 2460 ὅλην
3635 2392 3753 2459 τὴν
3780 2394 3924 2462 ἠμέ-

2332 2500 2472 2552 ραν,
2502 2483 2531 2535 6
2562 2480 2853 2551 Σύμμαχος
2872 2520 2886 2543 ,
2919 2478 3069 2532 κατὰ
3096 2476 3304 2533 πᾶσαν
3328 2479 3577 2549 ἡμέραν,
3606 2482 3919 2552 ἐρμηνεύει.

2422 2575 2710 2643 Ἐχόμενα
2743 2573 2979 2642 τρίϐους
3008 2570 3325 2626 σκάνδαλα
3349 2574 3555 2625 ἕθεν-τό
3579 2591 3703 2642 μοι.
3730 2575 3917 2627 Ταῦτα

2338 2666 2547 2727 πάντα,
2580 2666 2773 2735 φησὶν,
2802 2664 3038 2725 ἐποίουν,
3070 2664 3157 2715 ἵνα
3196 2663 3286 2714 τὸν
3328 2663 3525 2733 δρόμον
3555 2666 3795 2728 στήσωσι
3825 2667 3923 2735 τῆς

2338 2755 2478 2808 κοιτά
2518 2754 2648 2807 Θεὸν
2699 2753 2943 2823 πορείας,
2984 2751 3110 2814 τοὺς
3143 2750 3307 2814 πόδας
3341 2751 3505 2805 αὑτοῦ
3536 2756 3732 2821 παγίσι
3766 2771 3921 2823 περι-

2338 2843 2646 2908 ϐάλλοντες,
2693 2842 2781 2895 ἵνα
2811 2842 2910 2912 τῆς
2957 2842 3014 2895 ἐν
3052 2839 3171 2911 Θεῷ
3218 2842 3459 2906 στάσεως
3484 2843 3644 2898 αὑτὸν
3681 2845 3920 2898 κατασὰ-

2337 2934 2517 2988 λωσιν.

2404 3031 2461 3081 Μ
2468 3027 2500 3095 ὴ
2532 3025 2809 3093 παραδῷς
2829 3041 2926 3094 με,
2953 3024 3147 3092 Κύριε,
3178 3024 3296 3077 ἀπὸ
3322 3023 3430 3092 τῆς
3456 3025 3915 3097 ἐπιθυμίας-,μου

2334 3116 2679 3186 ἁμαρτωλῷ.
2717 3115 2895 3185 Ἐγὼ,
2924 3116 3077 3186 φησὶ,
3117 3116 3289 3186 Κύριε
3326 3116 3616 3187 ἐπιθυμίαν
3662 3119 3915 3189 ἐπιθυμῶ

2338 3208 2628 3279 σωτηρίας·
2685 3206 2760 3278 μὴ
2806 3201 2900 3260 οὖν
2947 3204 3346 3278 ἐγκαταλειπῃς
3400 3223 3489 3277 με,
3520 3205 3663 3260 ὥστε
3712 3208 3915 3279 ταύτης

2335 3296 2761 3370 παρατραπέντα
2782 3295 3151 3366 παραδοθῆναι
3185 3295 3511 3366 ἁμαρτωλῷ,
3539 3297 3658 3368 ἦτοι
3691 3297 3771 3368 τῷ
3804 3298 3913 3351 δια-

2334 3390 2490 3461 ϐόλῳ.
2522 3390 2942 3457 Διελογίσαντο
2987 3387 3114 3440 κατ’
3152 3385 3319 3455 ἐμοῦ
3354 3386 3439 3455 μὴ
3472 3387 3913 3457 ἐγκαταλείπῃς

2326 3500 2425 3552 με,
2456 3480 2689 3551 μήποτε
2735 3476 3076 3547 ὑψωθῶσιν.
3124 3478 3212 3531 Ἐν
3247 3478 3425 3551 σκέπῃ
3469 3478 3579 3533 τῶν
3624 3482 3913 3552 πτερύγων

2332 3573 2495 3626 αὐτοῦ
2524 3572 2665 3636 ἀξιοῖ
2692 3570 3088 3642 σκεπασθῆναι,
3124 3570 3219 3623 καὶ
3254 3570 3357 3623 ὑπὸ
3392 3568 3491 3641 τὴν
3517 3573 3790 3643 κραταιὰν
3818 3573 3912 3627 αύ-

2330 3665 2422 3717 τοῦ
2471 3668 2659 3735 χεῖρα,
2691 3664 2785 3732 ἀφ’
2831 3658 2899 3735 ἧς
2943 3662 3114 3726 οὐδεὶς
3146 3661 3366 3718 δύναται
3399 3662 3679 3736 ἁρπάσαι,
3716 3664 3803 3719 ἕνα
3835 3665 3908 3739 μὴ

2329 3756 2403 3818 ὡς
2431 3756 2522 3808 ἐπί
2555 3773 2607 3808 τι
2633 3754 2764 3809 ἄλλο
2794 3772 2849 3807 τι
2882 3756 3385 3827 μεγαφρονήσωσιν.

2409 3848 2470 3902 Ἠ
2513 3846 2747 3916 κεφαλὴ
2794 3847 2902 3902 τοῦ
2952 3849 3337 3916 κυκλώματος
3383 3847 3601 3903 αὐτῶν.
3644 3850 3763 3903 Ἐπ’
3814 3849 3911 3903 αύ-

2325 3939 2471 4002 τοὺς,
2502 3939 2684 4009 φησὶν,
2717 3936 2858 3992 ἔλθοι
2886 3938 2915 3991 δ
2941 3936 3347 3991 ἐϐουλεύσαντο.
3375 3938 3545 3993 Τοῦτο
3575 3940 3686 4011 γὰρ
3714 3941 3911 4011 σημαί-

2326 4046 2403 4083 νει
2436 4031 2469 4099 ή
2504 4028 2713 4100 κεφαλὴ
2755 4028 2849 4083 τοῦ
2884 4026 3242 4098 κυκλώματος
3291 4028 3492 4084 αὐτῶν.
3533 4031 3763 4102 Κεφαλὴ
3795 4031 3905 4102 γὰρ

2322 4120 2433 4173 τῶν
2460 4120 2799 4190 ἁμαρτωλῶν
2834 4124 2862 4174 6
2889 4120 3147 4191 λογισμὸς
3185 4122 3280 4173 καὶ
3310 4122 3341 4191 ἡ
3372 4120 3643 4191 αἴσθησις.
3671 4123 3783 4193 Τῆς
3812 4121 3905 4176 οὖν

2323 4211 2614 4283 ἐπιδουλῆς
2641 4211 2823 4265 αὐτῶν
2850 4213 2948 4283 τῆς
2981 4214 3102 4266 κατ’
3128 4211 3284 4283 ἐμοῦ,
3308 4212 3374 4265 δι’
3400 4206 3469 4282 ἦς
3495 4211 3812 4268 ἐκύκλωσαν
3836 4233 3904 4286 με

2320 4307 2353 4376 ὴ
2384 4306 2524 4377 ἀρχὴ
2553 4306 2647 4358 καὶ
2672 4305 2705 4377 ἡ
2728 4305 2966 4377 κεφαλὴ,
3000 4307 3061 4359 οὐ
3093 4305 3199 4376 μὴν
3229 4304 3363 4359 ἀλλὰ
3406 4305 3501 4358 καὶ
3549 4307 3578 4359 6
3608 4306 3778 4370 κόπος
3803 4309 3900 4360 αύ-

2320 4397 2447 4461 τῶν,
2477 4397 2570 4450 καὶ
2593 4398 2622 4449 6
2652 4397 2847 4468 μόχθος
2868 4400 2896 4451 6
2924 4399 3044 4449 κατ’
3078 4395 3235 4467 ἐμοῦ,
3270 4397 3349 4460 εἰς
3381 4396 3577 4460 αὐτοὺς
3599 4396 3765 4450 ἔλθοι.
3794 4398 3902 4462 Οὓς

2321 4488 2414 4541 καὶ
2436 4486 2561 4559 δίκῃ
2587 4487 2958 4558 παραδοθῆναι
2985 4490 3051 4558 τῇ
3079 4486 3170 4540 διὰ
3198 4487 3389 4557 πυρός.

730 4578 813 4669 il.
880 4575 1082 4632 Cadent
1111 4596 1266 4648 super
1298 4597 1384 4634 eos
1416 4583 1662 4637 carbones
1692 4584 1746 4635 in
1779 4585 1913 4651 igne.
1947 4580 2080 4636 Nam
2116 4598 2213 4637 cett
2246 4618 2254 4668 1

2389 4581 2723 4634 Πεσοῦνται
2766 4582 2858 4634 ἐπ’
2900 4582 3121 4647 αὐτοὺς
3162 4581 3456 4651 ἄνθρακες
3481 4581 3553 4636 ἐν
3583 4584 3747 4651 πυρί.
3775 4579 3901 4637 Οίον

646 4667 884 4737 quodam
930 4670 1055 4741 igne
1098 4672 1178 4725 ira
1214 4681 1305 4726 tua
1340 4674 1595 4729 absumes
1635 4690 1749 4729 eos.
1784 4674 2006 4742 Dejicies
2034 4690 2119 4728 eos
2159 4676 2215 4728 in

2330 4672 2425 4743 γάρ
2456 4689 2561 4725 τινι
2591 4673 2726 4744 πυρὶ
2748 4674 2816 4743 τῇ
2851 4673 2987 4744 ὀργῇ
3022 4672 3423 4737 καταναλώσεις
3452 4674 3667 4737 αὐτούς.
3712 4678 3903 4729 Κατα-

646 4758 905 4824 miserias,
938 4771 983 4812 et
1010 4778 1113 4813 non
1142 4762 1445 4817 subsistent.
1472 4763 1730 4818 Decident
1775 4764 1831 4817 in
1854 4766 2211 4829 calamitates,

643 4868 709 4906 ex
733 4852 935 4921 quibus
967 4868 1073 4905 non
1112 4854 1362 4908 evadent.
1413 4853 1528 4910 Hoc
1568 4865 1748 4909 autem
1796 4857 2020 4927 contigit
2065 4854 2213 4911 Sauli

646 4944 697 4997 in
734 4943 875 4999 bello
926 4943 1188 5000 adversus
1236 4946 1586 5018 alienigenas.
1628 4946 1704 5003 lbi
1740 4950 1883 5003 enim
1928 4948 2213 5005 confossus

643 5036 806 5088 tinem
841 5035 965 5090 vita:
997 5037 1226 5105 accepit.

732 5210 819 5264 Η.
871 5208 963 5265 Vir
1001 5213 1269 5281 linguosus
1298 5232 1399 5268 non
1440 5218 1699 5286 dirigetur
1744 5218 1800 5271 in
1836 5229 1997 5272 terra.
2048 5217 2208 5273 Exci—

638 5304 719 5373 pit
746 5305 945 5373 impios
974 5306 1114 5374 ignis
1138 5319 1396 5363 aeternus.
1426 5308 1490 5365 Et
1523 5312 1575 5364 in
1610 5312 1708 5366 hac
1740 5313 1849 5366 vita
1882 5314 1966 5365 vir
1990 5312 2204 5383 linguo-

640 5414 735 5452 sus
789 5414 897 5453 non
961 5399 1226 5470 dirigetur
1275 5419 1445 5472 usque
1500 5406 1550 5457 in
1606 5405 1785 5459 ﬁnem.
1842 5404 2012 5459 Nemo
2063 5407 2205 5459 enim

640 5493 1011 5549 contentiosus
1050 5505 1103 5550 et
1130 5496 1448 5561 maledicus,
1478 5500 1569 5567 qui
1610 5501 1664 5552 in
1700 5509 1915 5555 terreno
1950 5501 2206 5570 quopiam

638 5583 915 5650 proposito
945 5594 1212 5651 versetur,
1242 5586 1493 5655 dirigitur
1524 5608 1537 5642 :
1582 5607 1645 5641 ex
1689 5604 1755 5643 eo
1783 5607 2019 5661 namque
2062 5594 2205 5660 quod

636 5675 1009 5729 contentiosus
1044 5676 1113 5729 sit
1147 5679 1490 5745 pervertitur.
1517 5680 1651 5735 Cum
1695 5683 1839 5736 enim
1891 5683 2204 5752 hujusmodi

637 5764 888 5820 homines
934 5770 1170 5837 peccatis
1200 5770 1366 5823 dediti
1403 5772 1531 5835 sint,
1562 5790 1666 5840 qua
1703 5775 1910 5829 ratione
1947 5792 1975 5830 a
2008 5776 2206 5832 virtute

637 5854 976 5925 dirigantur?
1042 5858 1214 5913 Virum
1255 5862 1506 5928 injustam
1558 5866 1701 5918 mala
1731 5868 1932 5935 capient
1972 5869 2024 5920 in
2073 5870 2204 5922 inte-

2319 4763 2519 4829 ϐαλεῖς
2556 4763 2777 4830 αὐτοὺς
2802 4765 2874 4818 ἐν
2917 4766 3371 4832 ταλαιπωρίαις,
3403 4765 3502 4819 καὶ
3541 4768 3613 4819 οὐ
3638 4766 3725 4835 μὴ
3752 4770 3902 4821 ὐπο-

2315 4855 2527 4910 στὼσι.
2568 4858 2999 4928 Περιπεσοῦνται
3041 4861 3368 4930 συμφοραῖς,
3412 4859 3504 4912 καὶ
3531 4860 3591 4912 οὐ
3616 4862 3901 4931 περιέσον-

2313 4966 2403 5003 ται
2454 4948 2679 5004 τούτων.
2719 4950 2903 5003 Ταῦτα
2947 4951 3005 5003 δὲ
3053 4950 3342 5020 συμϐαίνει
3390 4950 3466 5020 τῷ
3506 4951 3679 5003 Σαοὺλ
3719 4954 3778 5005 ἐν
3820 4951 3899 5019 τῷ

2315 5042 2456 5095 κατά
2501 5043 2627 5105 τοὺς
2674 5041 3002 5110 ἀλλοφύλους
3053 5041 3292 5113 πολέμῳ.
3346 5042 3492 5095 Ἐκεῖ
3517 5042 3627 5113 γὰρ
3667 5043 3899 5111 σφαγεὶς

2311 5135 2527 5199 ἐδέξατο
2554 5134 2615 5187 τὸ
2637 5134 2730 5187 τοῦ
2765 5135 2879 5203 βίου
2905 5135 3073 5196 τέλος.

2397 5226 2567 5296 Ἀνὴρ
2588 5226 2958 5297 γλωσσώδης
2984 5229 3054 5280 οὐ
3082 5227 3625 5295 κατευθυνθήσεται
3657 5229 3755 5281 ἐπὶ
3784 5227 3900 5296 τῆς

2309 5320 2442 5389 γῆς.
2494 5320 2800 5391 Ἐκδέχεται
2847 5320 2945 5391 μὲν
2988 5320 3113 5382 τοὺς
3153 5320 3369 5384 ἀσεϐεῖς
3406 5322 3465 5373 τὸ
3498 5320 3712 5373 αἰώνιον
3759 5323 3895 5393 πῦρ.

2310 5415 2417 5465 Καὶ
2445 5395 2501 5466 ἐν
2526 5412 2700 5483 τούτῳ
2731 5411 2787 5464 δέ
2818 5412 2895 5481 τῷ
2927 5410 3023 5481 βίῳ
3068 5412 3149 5473 είς
3196 5411 3348 5475 τέλος
3379 5412 3437 5464 οὐ
3470 5412 3897 5482 κατευθυνθήσε-

2308 5519 2397 5553 ται
2426 5500 2774 5571 γλωσσώδης.
2804 5500 2994 5563 Οὐδεὶς
3019 5500 3127 5571 γὰρ
3160 5501 3396 5571 μάχιμός
3417 5517 3475 5552 τε
3504 5500 3597 5553 καὶ
3631 5501 3893 5571 λοίδορος,

2306 5594 2363 5656 ὃς
2391 5596 2538 5645 ἐστιν
2566 5596 2624 5646 ἐν
2658 5597 2721 5664 τῇ
2757 5592 2947 5661 γεώδει
2980 5594 3317 5663 προαιρέσει,
3354 5592 3759 5656 κατευθύνεται,
3789 5595 3896 5645 ὑπὸ

2306 5685 2399 5737 τοῦ
2453 5686 2690 5755 μάχιμος
2736 5682 2875 5738 εἶναι
2924 5685 3368 5757 στρεϐλούμενος.
3405 5685 3895 5756 Φιλαμαρτήμονες

2307 5779 2415 5849 γὰρ
2445 5777 2596 5841 ὄντες
2629 5779 2678 5829 oi
2718 5777 2977 5843 τοιοῦτοι,
3015 5778 3128 5841 πῶς
3176 5778 3266 5830 ὑπ’
3308 5778 3507 5849 ἀρετῆς
3542 5778 3897 5832 κατευθύνον-

2306 5888 2423 5935 ut;
2462 5870 2673 5937 Ἀνδρα
2701 5869 2909 5924 ἄδικον
2940 5872 3093 5925 κακὰ
3120 5872 3394 5939 θηρεύσει
3424 5874 3509 5937 είς
3539 5871 3895 5941 διαφθοράν.
