4058 6480
183 414 294 474 557

1276 412 1638 469 EXPOSITIO
1693 414 1763 468 ΙΝ
1812 414 2136 472 PSALMUM
2181 417 2335 474 CXL.

3320 418 3419 474 538

187 530 404 600 Ὠσπερ
452 527 563 600 γὰρ
612 527 715 581 ὑπὸ
755 527 958 583 οἰκείας
1002 527 1156 580 νόσου
1212 528 1580 601 διαφθείρεται
1624 531 1753 584 ἄνευ

1858 534 1986 588 ritu.
2035 532 2202 599 Quasi
2233 534 2378 588 enim
2432 533 2651 603 proprio
2705 532 2807 588 sibi
2847 532 3037 586 morbo
3072 547 3137 585 ex
3183 546 3283 587 sua
3322 530 3421 583 im-

184 626 286 693 τῆς
328 620 520 675 ἑαυτοῦ
571 620 798 684 κακίας,
835 619 994 690 δίκην
1041 620 1163 683 δοὺς
1210 620 1308 690 τὴν
1356 621 1755 693 προσήκουσαν.

196 712 383 776 ’ἱκανὴ
420 712 527 784 γάρ
569 712 715 764 ἐστιν
745 711 863 763 ἀντὶ
894 712 1072 781 πάσης
1113 712 1377 784 τιμωρίας
1408 714 1505 786 τὴν
1533 714 1758 784 ἔχουσαν

185 806 360 877 αὐτὴν
395 805 570 877 ψυχὴν
603 807 636 875 ἡ
671 804 837 857 κακία
864 804 1217 875 διαφθείρειν.

569 900 875 953 ΨΑΛΜΟΣ
905 894 985 961 τῷ
1012 895 1210 950 Δαυΐδ.
1242 899 1380 952 PM'.

816 988 1138 1052 Ὑπόθεσις.

184 1077 409 1147 Ὀμοιος
461 1079 555 1131 καὶ
587 1078 749 1143 αὐτὸς
792 1078 870 1150 τῷ
905 1080 1079 1133 ὀπίσω
1119 1084 1327 1145 κεῖται,
1379 1079 1517 1151 πλὴν
1559 1081 1760 1151 δογμα-

816 1169 1014 1224 τικώτε
1023 1188 1131 1241 ρος.

255 1258 464 1326 Κύριε,
511 1259 806 1327 ἐκέκραξα
854 1261 1003 1329 πρὸς
1048 1260 1155 1325 σὲ,
1205 1260 1576 1315 είσὰκουσόν
1616 1278 1755 1331 μου·

180 1354 453 1422 πρόσχες
480 1353 553 1421 τῇ
579 1352 750 1423 φωνῇ
775 1352 884 1422 τῆς
906 1353 1169 1423 δεήσεὼς
1194 1372 1333 1423 μου,
1357 1355 1427 1407 ἐν
1451 1354 1531 1419 τῷ
1561 1372 1762 1423 κεκραρ

182 1444 354 1513 γέναι
395 1461 470 1514 με
500 1445 651 1513 πρὸς
685 1444 777 1498 σέ.
815 1445 881 1497 ἸΙ
914 1444 1128 1517 κραυγὴ
1155 1444 1217 1497 τὸ
1250 1445 1496 1498 σύντονον
1523 1446 1621 1516 τῆς
1648 1446 1759 1499 δια-

182 1536 337 1599 νοίας
374 1536 587 1599 πάντως
628 1535 796 1607 δηλοῖ.
828 1536 1105 1607 Εὐμενῶς,
1133 1537 1288 1609 φησὶ,
1309 1537 1574 1601 Δέσποτα,
1608 1536 1757 1602 δέξαι

182 1627 285 1697 τὴν
310 1625 448 1697 ἐμὴν
473 1626 727 1679 ἱκετείαν.

256 1719 723 1789 Κατευθυνθήτω
764 1722 803 1797 ἡ
847 1722 1157 1791 προσευχή
1200 1738 1317 1791 μου
1362 1722 1445 1788 ὡς
1499 1721 1757 1790 θυμίαμα

177 1812 443 1869 ἐνώπιόν
468 1831 604 1869 σου.
630 1814 709 1867 Τὰ
738 1814 845 1867 ἀπὸ
882 1814 1118 1877 διανοίας
1160 1812 1464 1884 θυμιάμασι
1491 1814 1756 1884 παρεικά-

178 1906 289 1971 ζει,
336 1908 431 1962 ἅτε
469 1907 639 1961 λεπτὰ
664 1907 814 1973 ὄντα,
844 1908 939 1961 καὶ
982 1907 1058 1978 τῷ
1101 1908 1246 1978 μόνῳ
1287 1907 1647 1977 ἁνατιθέμενα
1679 1906 1755 1978 τῷ
1786 1894 1828 1944 Β

178 1996 324 2071 Θεῷ.
365 2002 659 2067 Ἔπαρσις
692 1998 812 2053 τῶν
841 1999 1053 2068 χειρῶν
1088 2016 1207 2067 μου
1235 1999 1414 2053 θυσία
1444 1997 1752 2067 ἐσπερινή.

176 2090 298 2154 Τὰς
327 2090 553 2161 πράξεις
590 2090 689 2154 τὰς
720 2090 810 2144 διὰ
854 2091 963 2144 τῶν
1010 2090 1207 2161 χειρῶν
1234 2090 1565 2161 δηλουμένας
1596 2090 1755 2160 θυσία

178 2181 530 2253 παρεικάζει,
565 2181 660 2235 ἅτε
700 2180 982 2254 παχύτερα
1018 2183 1147 2235 ὄντα
1193 2182 1340 2255 παρὰ
1370 2183 1468 2243 τὰς
1508 2183 1605 2253 τῆς
1641 2183 1757 2236 δια-

176 2275 331 2338 νοίας
357 2274 615 2347 αἱρέσεις.
644 2274 717 2327 Τὸ
735 2273 790 2328 δὲ
816 2276 1109 2347 ἑσπερινήν
1137 2291 1321 2345 φησιν,
1351 2276 1433 2329 ὅτι
1458 2275 1563 2347 χρὴ
1594 2276 1753 2349 μέχρι

173 2365 365 2430 τέλους
396 2363 623 2437 πράξεις
654 2365 989 2437 ἐπιτηδεύειν
1013 2365 1241 2434 ἀγαθάς.

251 2455 392 2520 Θοῦ,
424 2458 622 2524 Κύριε,
647 2456 933 2524 φυλακὴν
964 2455 1041 2521 τῷ
1065 2457 1318 2525 στόματί
1338 2475 1480 2526 μου,
1516 2458 1614 2511 καὶ
1654 2460 1753 2512 θύ-

168 2564 294 2617 ραν
335 2546 623 2616 περιοχῆς
665 2548 799 2615 περὶ
839 2545 911 2599 τὰ
958 2547 1127 2615 χείλη
1164 2566 1304 2616 μου.
1350 2549 1564 2620 Ἐπειδὴ
1614 2551 1754 2619 μέγα

173 2633 285 2691 οἶδε
306 2637 365 2691 τὸ
386 2637 681 2709 κατορθοῦν
710 2639 806 2709 τῆς
830 2635 1078 2707 γλώσσης
1099 2638 1196 2706 τὴν
1224 2639 1486 2711 φυλακὴν,
1509 2642 1597 2693 τὸν
1623 2642 1753 2694 Θεὸν

173 2733 323 2783 αἰτεῖ
342 2729 543 2799 ταύτης
567 2729 666 2799 τὴν
692 2730 1015 2801 ἐγκράτειαν
1040 2729 1188 2801 αὐτῷ
1211 2730 1557 2802 χαρίσασθαι.

253 2820 353 2888 Μὴ
379 2821 664 2887 ἐκκλίνῃς
696 2818 810 2887 τὴν
842 2821 1093 2887 καρδίαν
1130 2838 1248 2889 μου
1289 2824 1376 2887 είς
1404 2825 1623 2892 λόγους
1651 2837 1755 2875 πο-

174 2912 408 2978 νηρίας.
439 2910 694 2963 Τουτέστι
730 2911 800 2981 μὴ
832 2912 1192 2983 συγχωρήσῃς
1225 2916 1649 2985 παρατραπῆναι
1675 2916 1754 2977 εἰς

172 3002 239 3055 τὸ
272 3001 511 3054 ἐναντίον
548 3000 646 3073 τὴν
676 3000 821 3065 ἅπαξ
863 3000 1039 3065 καλῶς
1082 3003 1611 3058 κατασκευασθεῖσαν
1653 3023 1752 3076 μου

172 3099 435 3154 διιίινοιαν⁸
461 3100 547 3152 ’ίνα
578 3100 650 3171 μὴ
676 3100 1017 3169 νοῶλφησὶν,
1042 3100 1249 3162 ἐννοίας
1275 3097 1636 3169 παρανομίας.

250 3190 566 3244 Παιδεύσει
593 3208 671 3258 με
704 3190 930 3255 δίκαιος
958 3192 1028 3243 ἐν
1056 3189 1230 3255 ἐλέει,
1263 3191 1359 3243 καί
1394 3188 1623 3258 ἐλέγξει
1651 3206 1727 3256 με

174 3284 367 3335 Πᾶσαν
402 3282 498 3353 μὲν
521 3282 769 3337 παιδείαν
798 3283 1058 3353 δεξαίμην
1094 3281 1187 3334 τοῦ
1213 3280 1440 3343 δικαίου,
1474 3280 1572 3350 τὴν
1595 3278 1745 3330 εὐλο-

172 3375 303 3444 γίαν
334 3374 391 3428 δὲ
425 3376 517 3428 καὶ
557 3375 657 3447 τὴν
695 3374 983 3429 κολακείαν
1031 3373 1122 3429 τοῦ
1175 3371 1498 3445 ἁμαρτωλοῦ
1533 3373 1607 3443 μὴ
1655 3370 1751 3423 λά-

175 3468 352 3537 ϐοιμι,
384 3465 450 3520 δι’
488 3461 556 3538 ἧς
584 3466 773 3537 ὥσπερ
825 3466 1003 3520 ἔλαιον
1044 3466 1143 3537 τὴν
1176 3464 1418 3535 κεφαλήν
1448 3480 1549 3535 μου
1583 3479 1751 3517 κατα-

177 3557 445 3629 χρίουσιν.

251 3647 373 3700 Ὅτι
398 3648 485 3701 ἐτι
517 3646 618 3700 καὶ
639 3645 678 3714 ἡ
711 3644 1020 3715 προσευχὴ
1051 3662 1169 3714 μου
1198 3644 1268 3697 ἐν
1295 3642 1425 3709 ταῖς
1451 3642 1753 3708 εὐδοκίαις

172 3737 411 3805 αὐτῶν,
447 3739 869 3807 κατεπόθησαν
912 3738 1169 3808 ἐχόμενα
1219 3734 1437 3804 πέτρας
1476 3738 1528 3789 ot
1562 3734 1753 3803 κριταὶ

172 3830 393 3885 αὐτῶν.
434 3832 649 3900 Ἐγγὺς,
692 3832 855 3902 φησὶ,
883 3831 1089 3898 πέτρας
1121 3828 1398 3898 γενόμενοι
1432 3844 1755 3881 καταποντι-

177 3920 489 3989 εθήσονται.
524 3919 786 3990 Σημαίνει
813 3919 891 3981 δὲ,
923 3918 999 3982 ὼς
1033 3918 1196 3980 αὐτὸς
1223 3917 1420 3981 αὐτοὺς
1448 3920 1477 3971 ὁ
1520 3919 1753 3989 Χριστὸς

175 4010 566 4064 καταποντίσει
602 4011 682 4072 εἰς
736 4008 825 4080 τὴν
853 4009 1106 4062 ἄϐυσσον.
1150 4009 1528 4062 Ἀκούσονται
1556 4008 1627 4061 τὰ
1644 4008 1754 4075 ρή-

167 4101 335 4177 ματά
377 4119 531 4171 μου,
579 4099 668 4154 ὅτι
714 4101 1090 4170 ἡδύν-θησαν.
1121 4099 1412 4162 Ἐκϐασις,
1461 4100 1625 4169 φησὶ,
1658 4100 1755 4169 τῆς

176 4196 300 4249 κατ’
333 4193 511 4247 αὐτῶν
549 4191 935 4265 προλεχθείσης
959 4193 1248 4262 τιμωρίας,
1285 4191 1465 4245 πίστιν
1500 4189 1755 4261 ἀληθείας

178 4284 276 4337 καί
307 4282 637 4352 εὐπρεπείας
666 4283 735 4336 τὰ
773 4282 881 4354 ἐμὰ
908 4281 1122 4335 λάϐοιεν
1153 4284 1391 4353 ῥήματα.

264 4374 420 4427 Ὠσεί
465 4372 660 4441 πάχος
710 4372 824 4443 τῆς
875 4372 1096 4442 ἐρράγη
1142 4372 1239 4425 ἐπὶ
1274 4371 1385 4439 τῆς
1431 4370 1565 4442 γῆς.
1608 4373 1752 4439 Πᾶν,

179 4464 348 4535 φησὶ,
389 4464 449 4516 τὸ
487 4463 689 4531 γεῶδες
734 4461 889 4532 ήμῶν
931 4458 1327 4534 διερῤήξαμεν,
1376 4460 1757 4525 ταπεινοῦντες

1863 624 2131 694 probitate
2161 626 2364 689 interit,
2404 626 2726 696 congruenti
2777 641 2934 695 poena
2969 625 3252 679 multatus.
3294 623 3419 678 Sola

1862 716 2008 769 enim
2048 715 2368 783 improbitas
2402 716 2639 769 animam
2666 730 2729 769 ea
2772 714 3040 778 aﬂ‘ectatn,
3070 714 3187 768 vice
3215 714 3419 784 suppli-

1861 806 1933 862 cii
1959 807 2268 877 cujuslibet,
2311 808 2363 860 in
2405 808 2681 861 interitum
2710 807 2951 876 conjicit.

2246 898 2585 954 PSALMUS
2644 898 2832 953 David.
2874 897 3036 954 CXL.

2443 994 2837 1061 Argumentum.

1866 1081 2073 1139 Similis
2099 1092 2180 1139 est
2213 1084 2300 1139 hic
2339 1085 2581 1163 psalmus
2622 1084 2977 1154 praecedenti;
3014 1098 3199 1138 verum
3229 1083 3294 1138 ad
3326 1084 3423 1139 do-

2331 1178 2559 1230 ctrinam
2593 1176 2944 1230 commodior.

1948 1266 2000 1322 l.
2061 1266 2304 1333 Domine,
2335 1266 2559 1320 clamavi
2606 1266 2674 1319 ad
2707 1276 2775 1331 te,
2817 1265 3013 1318 exaudi
3050 1281 3167 1319 me:
3220 1264 3423 1318 intende

1861 1360 1973 1414 uoci
2013 1359 2410 1428 supplicationis
2440 1374 2568 1412 mea:
2606 1376 2723 1411 cum
2770 1361 3060 1411 clamavero
3090 1357 3158 1409 ad
3209 1368 3272 1411 te.
3302 1357 3420 1410 Cla-

1861 1468 1984 1506 mor
2014 1452 2415 1506 contentionem
2464 1451 2659 1506 mentis
2706 1465 2930 1519 prorsus
2972 1448 3191 1503 indicat.
3247 1447 3422 1501 Bene-

1858 1544 2005 1608 volo,
2046 1542 2240 1613 inquit,
2278 1543 2496 1610 animo,
2546 1540 2792 1606 Domine,
2842 1540 3030 1611 excipe
3075 1538 3423 1610 supplicatio-

1856 1653 1979 1691 nem
2015 1651 2210 1689 meam.

1925 1725 1980 1779 2.
2046 1726 2319 1795 Dirigatur
2351 1724 2520 1776 oratio
2571 1738 2685 1775 mea
2735 1724 2868 1775 sicut
2916 1722 3184 1775 incensum
3218 1720 3273 1772 in
3300 1734 3424 1771 con-

1858 1828 2032 1887 spectu
2067 1826 2174 1868 tuo.
2209 1814 2340 1881 Quze
2361 1829 2426 1868 ex
2452 1821 2630 1868 mente
2668 1812 2986 1882 procedunt,
3020 1811 3243 1864 incenso
3279 1823 3423 1863 cont-

1854 1915 2030 1978 parat,
2066 1916 2250 1975 utpote
2278 1919 2400 1975 quze
2435 1904 2652 1960 subtilia
2686 1905 2795 1959 sint
2833 1910 2885 1957 et
2913 1902 3020 1955 Deo
3056 1900 3157 1957 soli
3189 1897 3424 1954 oll‘erau-

1856 2008 1963 2053 tur.
2009 1996 2247 2051 Elevatio
2286 2012 2538 2049 manuum
2581 2012 2812 2049 mearum
2858 1994 3184 2063 sacriﬁcium
3220 2007 3423 2068 uesper-

1855 2090 2043 2143 tinum.
2078 2087 2252 2158 Opera
2279 2103 2375 2157 per
2420 2102 2616 2141 manus
2643 2085 2788 2141 edita
2819 2087 3088 2140 sacrilicio
3118 2091 3419 2154 comparat,

1854 2182 1981 2251 quia
2019 2181 2363 2235 sensibiliora
2395 2193 2519 2236 sunt
2548 2180 2715 2233 animi
2757 2180 3147 2234 voluntatibus.
3193 2177 3423 2247 Vesper-

1855 2275 2026 2327 tinum
2061 2282 2238 2327 autem
2285 2273 2380 2337 ait,
2415 2274 2541 2342 quia
2572 2281 2779 2342 oportet
2812 2274 2875 2325 ad
2905 2274 3062 2325 linem
3109 2286 3281 2339 usque
3322 2272 3421 2325 be-

1855 2364 1942 2419 nis
1969 2363 2220 2433 operibus
2254 2381 2273 2415 \
2287 2378 2465 2419 acare.

1925 2460 1981 2515 '5.
2045 2457 2207 2522 Pone,
2250 2456 2493 2521 Domine,
2522 2457 2818 2510 custodiant
2853 2457 2934 2509 ori
2975 2473 3107 2522 meo,
3138 2468 3185 2510 et
3231 2456 3423 2509 ostium

1856 2551 2271 2604 circumstantia:
2299 2549 2455 2602 labiis
2488 2550 2636 2601 meis.
2668 2546 2807 2614 Quia
2842 2547 2990 2601 novit
3023 2561 3274 2617 magnam
3307 2561 3419 2599 rem

1854 2657 1975 2698 esse
2027 2642 2263 2711 linguam
2315 2640 2552 2709 perfecte
2601 2640 2897 2706 enstodire,
2935 2638 3104 2693 Deum
3160 2646 3316 2708 rogat
3367 2649 3424 2690 ut

1857 2732 1960 2788 sibi
1995 2731 2257 2785 concedat
2293 2731 2490 2799 lingua:
2526 2731 2967 2799 temperantiam.

1926 2825 1981 2879 4.
2040 2823 2159 2878 Non
2202 2822 2428 2878 declines
2463 2839 2551 2875 cor
2599 2838 2765 2876 meum
2798 2824 2849 2874 in
2891 2823 3047 2875 verba
3073 2822 3314 2875 malitia.
3365 2815 3421 2873 ld

1855 2929 1958 2983 est,
1996 2934 2063 2972 ne
2094 2916 2361 2972 concedas
2403 2926 2635 2968 mentem
2682 2929 2856 2967 meam
2890 2914 3053 2968 semel
3096 2914 3262 2983 probe
3292 2928 3423 2966 con-

1856 3012 2133 3065 cinnatam
2165 3009 2218 3062 in
2258 3008 2546 3063 adversum
2574 3022 2814 3075 vergere,
2870 3013 2929 3060 ut
2974 3020 3081 3059 non
3115 3004 3418 3071 admittam,

1857 3101 2053 3169 inquit,
2085 3099 2443 3169 cogitationes
2484 3098 2808 3167 iniquitatis.

1927 3194 1981 3246 5.
2038 3191 2296 3261 Corripiet
2344 3207 2422 3243 me
2441 3190 2620 3259 justus
2652 3190 2706 3242 in
2748 3187 3132 3249 misericordia,
3170 3197 3217 3240 et
3253 3188 3422 3239 incre-

1850 3286 1996 3355 pabit
2030 3302 2128 3349 me,
2173 3291 2278 3337 etc.
2320 3280 2548 3336 Omnem
2585 3281 2995 3349 castigationem
3029 3294 3057 3333 a
3096 3279 3245 3347 justo
3278 3280 3420 3333 acci—

1852 3378 1997 3448 piam
2026 3396 2039 3430 :
2077 3376 2509 3431 benedictionem
2541 3382 2721 3426 autem
2752 3381 2802 3426 et
2830 3370 3195 3425 adulationem
3226 3383 3418 3437 pecca-

1853 3466 1991 3521 toris
2039 3482 2106 3520 ne
2140 3466 2449 3532 admittam,
2489 3480 2595 3533 qua
2649 3463 2815 3517 veluti
2854 3462 2974 3517 oleo
3024 3470 3186 3531 caput
3238 3476 3417 3513 mequ

1852 3557 2142 3626 inungunt.

1922 3650 1976 3704 6.
2031 3650 2290 3715 Quoniam
2325 3648 2494 3701 adhuc
2525 3659 2571 3702 et
2622 3647 2793 3700 oratio
2833 3662 2946 3699 mea
2994 3648 3047 3699 in
3080 3645 3418 3715 bencplacilis

1852 3758 2053 3805 eorum,
2100 3741 2335 3808 absorpti
2376 3752 2496 3794 sunt
2537 3739 2698 3809 juxta
2742 3746 2943 3807 petram
2975 3737 3180 3803 judices
3215 3751 3416 3789 eorum.

1852 3830 2014 3886 Juxta
2066 3841 2270 3900 petram
2318 3830 2622 3893 constituti,
2662 3830 2757 3889 ait,
2818 3826 3273 3881 absorbebuntur.
3336 3820 3420 3877 Si-

1854 3924 2075 3993 gniﬁcat
2102 3930 2283 3976 autem
2315 3921 2490 3990 ipsum
2523 3921 2801 3975 Christum
2836 3933 2930 3972 eos
2961 3918 3013 3970 in
3044 3917 3300 3987 abyssum
3325 3915 3421 3970 de—

1856 4028 2181 4067 met-surum.
2212 4010 2438 4064 Audient
2473 4012 2622 4064 verba
2658 4025 2772 4063 mea
2805 4009 3050 4079 quoniam
3090 4006 3417 4075 placuerunt.

1858 4104 2130 4168 Eventus,
2188 4106 2283 4170 ait,
2341 4104 2686 4173 praenuntiati
2745 4112 2933 4156 contra
2993 4101 3113 4155 illos
3171 4100 3420 4169 supplicii

1855 4197 2070 4251 aderit:
2123 4196 2249 4250 hinc
2294 4204 2476 4248 autem
2520 4194 2762 4248 veritatis
2821 4201 2875 4247 et
2925 4192 3207 4246 modestiae
3256 4191 3418 4246 ﬁdem

1854 4291 2018 4344 verba
2051 4303 2171 4343 mea
2207 4288 2492 4357 accipient.

1928 4381 1979 4434 7.
2036 4379 2182 4435 Sicut
2209 4380 2501 4433 crassitudo
2533 4388 2685 4432 teme
2710 4386 2894 4447 erupta
2917 4385 2993 4430 est
3016 4392 3173 4446 super
3200 4385 3416 4429 terram.

1855 4475 2012 4543 Quod
2048 4484 2319 4528 terrenum
2350 4482 2467 4526 erat
2512 4472 2566 4525 in
2610 4470 2787 4534 nobis,
2846 4471 3045 4539 inquit,
3095 4471 3419 4539 dirupimus,

177 4554 405 4616 ἑαυτοὺς
429 4552 515 4605 διὰ
539 4551 621 4604 σέο
654 4550 824 4614 οὕτως
848 4551 924 4614 ὡς
952 4554 1132 4605 πᾶσαν
1162 4551 1387 4620 δύναμιν
1411 4553 1442 4620 ή
1452 4551 1567 4621 μῶν
1593 4550 1751 4622 μέχρι

1858 4568 2219 4637 nosmetipsos
2248 4575 2465 4634 propter
2510 4574 2561 4619 te
2613 4563 2992 4629 liumiliantes;
3035 4564 3107 4616 ita
3139 4571 3198 4615 ut
3241 4565 3422 4619 omnis

176 4641 305 4713 ᾅδου
335 4638 742 4711 κατενεχθῆναι.
768 4641 989 4709 Ὅμοιον
1013 4638 1069 4692 δὲ
1094 4638 1251 4692 τοῦτο
1276 4637 1374 4708 τῷ,
1398 4639 1611 4693 Ἕνεκα
1634 4639 1748 4693 σοῦ

176 4733 589 4802 θανατούμεθα
619 4731 769 4800 ὅλην
802 4730 916 4800 τὴν
940 4731 1187 4801 ἡμέραν.

253 4931 373 4983 Ὅτι
410 4928 559 4995 πρὸς
586 4927 693 4991 σὲ,
732 4928 925 4995 Κύριε,
964 4928 1157 4996 Κύριε,
1203 4930 1257 4982 ol
1291 4928 1585 4998 ὀφθαλμοί
1610 4948 1749 4999 μου.

190 5020 333 5089 Ἐγὼ
363 5020 420 5073 δὲ
442 5020 615 5073 οὐδενί
637 5019 743 5071 τῶν
769 5019 1118 5091 ἀνθρωπίνων
1146 5019 1349 5093 θαρρῶο
1375 5020 1507 5073 ἀλλὰ
1533 5022 1629 5091 τὴν
1656 5021 1753 5092 σὴν

179 5112 472 5182 προσμένω
501 5111 750 5181 βοήθειαν
772 5151 787 5175 ,
816 5112 909 5165 καὶ
939 5111 1239 5181 παρακαλῶ
1268 5112 1465 5181 ταύτης
1498 5113 1594 5183 τὴν
1618 5114 1754 5184 ἐμὴν

182 5206 257 5275 μὴ
292 5202 641 5273 γυμνωθῆναι
676 5203 876 5273 ψυχήν.
918 5203 1038 5255 Ἐπί
1074 5203 1173 5256 σοὶ
1204 5202 1435 5271 ἤλπισα
1455 5243 1468 5265 ,
1494 5204 1579 5273 μὴ
1610 5206 1752 5259 ἀντ-

178 5296 402 5364 ανέλῃς
448 5294 563 5362 τὴν
591 5294 804 5363 ψυχήν
841 5313 979 5363 μου.
1036 5296 1179 5349 Ἀντὶ
1215 5295 1341 5349 τοῦ·
1385 5294 1475 5367 Μὴ
1519 5296 1752 5371 ὲκχύσῃς

178 5387 212 5459 ἢ
245 5384 554 5455 ὲκκενὼσῃς
584 5386 683 5455 τῆς
713 5386 925 5448 ἐλπίδος
959 5380 1024 5455 ἦς
1060 5385 1165 5456 ἔχω
1192 5385 1324 5455 πρὸς
1359 5386 1438 5439 σέ.

250 5477 583 5531 Πεσοῦνται
620 5477 690 5528 ἐν
720 5478 1146 5546 ἀμφιϐλήστρῳ
1176 5476 1374 5531 αὐτῶν
1415 5481 1468 5531 οἱ
1494 5478 1754 5547 ἀμαρτω-

179 5571 295 5625 .lol.
360 5569 715 5637 Ἐμπέσοιεν,
768 5574 953 5641 φησιν,
998 5573 1077 5632 είς
1126 5571 1195 5625 τὰ
1234 5571 1439 5624 ἑαυτῶν
1487 5571 1678 5626 δίκτυα
1704 5574 1753 5625 oi

178 5660 512 5732 ἁμαρτωλοί.
554 5664 901 5731 Καταμόνας
926 5664 1040 5733 εἰμὶ
1070 5664 1184 5736 ἐγὼ
1218 5663 1326 5729 ἕως
1356 5662 1431 5718 ἂν
1460 5665 1748 5733 παρέλθω.

219 5842 261 5874 ’τ
296 5838 456 5895 Rom.
491 5854 611 5902 vm,
657 5841 744 5898 56,.

1854 4669 2040 4716 nostra
2071 4660 2240 4713 virtus
2274 4659 2338 4711 ad
2368 4655 2640 4710 infernum
2681 4671 2853 4725 usque
2886 4654 3297 4723 deprimeretur.
3335 4655 3422 4708 Si-

1854 4752 1981 4806 mile
2007 4759 2090 4805 est
2120 4762 2297 4803 autem
2349 4748 2469 4801 illi:
2507 4744 2730 4811 Propter
2775 4756 2823 4798 te
2874 4745 3261 4813 mortiﬁcamur
3311 4755 3422 4799 tota

1852 4844 1936 4895 die
1963 4840 2031 4894 ".

1924 4931 1977 4985 8.
2033 4930 2173 4996 Quia
2218 4930 2287 4983 ad
2314 4938 2382 4992 te,
2429 4927 2670 4992 Domine,
2705 4926 2947 4992 Domine,
2975 4924 3117 4979 oculi
3157 4924 3278 4978 mei.
3305 4923 3419 4996 Ego

1854 5040 1983 5079 vero
2015 5025 2145 5078 nulli
2176 5023 2425 5076 humanae
2454 5022 2529 5075 rei
2559 5021 2811 5085 conlido;
2842 5021 2932 5075 sed
2969 5029 3119 5071 tuum
3164 5032 3417 5088 exspecto

1854 5116 2137 5181 auxilium,
2178 5126 2231 5169 et
2272 5130 2401 5183 rogo
2432 5124 2492 5167 ut
2535 5129 2603 5167 ne
2634 5113 2814 5167 anima
2860 5128 2979 5165 mea
3028 5112 3120 5165 illo
3162 5110 3415 5164 nudetur.

1857 5207 1922 5261 In
1965 5221 2013 5261 te
2059 5208 2283 5277 speravi,
2323 5223 2425 5259 non
2463 5205 2675 5274 auferas
2722 5206 2958 5257 animam
3007 5218 3192 5255 meam.
3230 5200 3282 5255 Id
3315 5210 3415 5263 est,

1856 5315 1922 5351 ie
1963 5297 2208 5351 eﬂ’undas
2240 5306 2335 5350 aut
2359 5310 2588 5351 evacues
2620 5309 2783 5364 quam
2818 5294 2870 5347 in
2905 5303 2957 5347 te
2997 5292 3225 5362 positam
3266 5306 3422 5360 spem

1856 5391 2049 5444 habeo.

1926 5483 2012 5536 10.
2074 5480 2274 5536 Cadent
2309 5483 2363 5534 in
2387 5480 2639 5533 retiaculo
2664 5478 2777 5548 ejus
2804 5489 3117 5548 peccatores.
3154 5475 3413 5541 lncidant,

1857 5576 2051 5645 inquit,
2089 5575 2142 5628 in
2176 5590 2272 5629 sua
2321 5574 2452 5628 retia
2504 5586 2817 5643 peccatores
2850 5590 2862 5624 :
2909 5570 3261 5641 Singulariter
3301 5585 3417 5622 sunt

1855 5685 1967 5739 rgo,
2002 5669 2162 5721 donec
2196 5677 2481 5722 transeam.
2514 5665 2688 5732 Tunc,
2722 5669 2814 5732 ait,
2840 5667 2956 5720 sine
3001 5665 3193 5718 timore
3228 5674 3281 5720 et
3308 5662 3420 5719 sol-
