4058 6454
637 413 739 468 539

640 622 771 675 retia
833 619 1137 672 inciderint.
1177 614 1289 685 Ego
1328 627 1456 667 vero
1509 613 1578 666 ab
1623 611 1690 666 iis
1738 617 2050 680 segregatus
2104 605 2200 661 de-

640 727 783 782 gam,
818 711 990 764 donec
1026 710 1146 762 vita:
1173 709 1332 761 linem
1366 718 1648 774 accepero.

710 890 760 945 l.
805 887 1110 943 Intellectus
1165 883 1355 945 David,
1409 897 1526 934 cum
1577 887 1708 933 esset
1764 879 1818 930 in
1864 875 2134 946 spelunca,

1215 968 1408 1020 oratio.
1450 961 1646 1017 CXLI.

1231 1058 1273 1111 Α
1287 1065 1633 1126 rgumentum.

1457 403 1514 456 S.
1552 399 1926 455 ATHANASll
1965 396 2115 452 OPP.
2157 392 2337 449 PARS
2374 388 2462 444 lll.
2505 417 2572 428 —
2611 380 3022 440 EXEGETICA.

637 531 914 586 licitudine
954 527 1317 598 pertransibo,
1363 540 1484 578 cum
1530 523 1631 592 ipsi
1678 531 1990 591 peccatores
2015 520 2067 574 in
2099 534 2197 573 sua
2229 533 2260 586 Α

2340 513 2454 577 ὅτε,
2492 509 2658 580 φησὶ,
2694 501 3104 574 παρελεύσομαι
3147 491 3365 564 ἀφόϐως
3405 490 3499 542 καὶ

2305 576 2447 658 ὅταν
2481 576 2634 654 αὐτοὶ
2676 597 2727 649 οἱ
2774 588 3085 664 ἁμαρτωλοὶ
3130 587 3240 648 τοῖς
3291 579 3495 634 ἑαυτῶν
3544 576 3885 647 περιπέσωσι

2306 691 2561 753 δικτύοις.
2608 687 2746 755 Ἐγὼ
2788 685 2843 738 δὲ
2890 681 3093 736 τούτων
3142 672 3558 746 κεχωρισμένως
3598 667 3885 722 διατελέ-σω

2307 786 2408 847 ἕως
2440 783 2506 836 ἂν
2535 780 2772 849 δὲξωμαι
2799 776 2892 828 τοῦ
2923 774 3039 844 βίου
3063 769 3122 824 τὸ
3157 769 3344 839 πέρας.

3777 369 3882 423 510

3541 487 3883 558 ἀμερίμνως,

2377 846 2687 934 Συνέσεωξ
2712 865 2790 932 τῷ
2817 863 3016 928 Δαυῒδ,
3044 862 3114 914 ἐν
3140 857 3220 924 τῷ
3247 855 3395 911 εἶναι
3427 853 3614 906 αὑτὸν
3642 851 3712 903 ἑν
3742 846 3821 912 τῷ

2658 949 2953 1018 σπηλαίῳ,
2987 941 3318 1013 προσευχὴ.
3346 941 3529 992 PMA'.

2948 1032 3267 1096 Ὑπόθεσις.

641 1153 828 1209 Oratio
855 1162 906 1207 ct
937 1152 1068 1206 nihil
1096 1148 1239 1202 aliud
1274 1113 1402 1201 sunt
1447 1147 1654 1200 istluec.
1692 1141 1894 1196 Verum
1936 1139 2208 1194 intellectu

2340 1132 2594 1207 [ροσευχὴ
2632 1131 2728 1203 μὲν
2766 1129 2880 1181 ἔστι
2910 1126 3004 1179 καὶ
3034 1123 3182 1176 οὐδὲν
3207 1122 3390 1191 ἔτερον
3421 1117 3492 1171 τά
3534 1113 3890 1185 προκείμενα.

713 1261 850 1314 opus
886 1245 1119 1307 habent;
1163 1250 1221 1294 ut
1250 1239 1560 1294 ediscamus
1599 1251 1700 1290 nos
1732 1249 1843 1302 quo
1877 1239 2037 1303 pacto
2076 1232 2211 1285 inter

709 1336 891 1390 varias
921 1332 1259 1396 occasiones,
1289 1331 1431 1383 mala
1464 1329 1701 1397 ell'ugere
1727 1325 2022 1378 valeamus.

710 1488 827 1542 2-3.
904 1486 1035 1539 Voce
1086 1503 1201 1538 mea
1239 1484 1307 1536 ad
1340 1482 1620 1534 Dominum
1662 1479 1904 1537 clamari.
1951 1493 2071 1530 voce
2101 1491 2216 1528 mea

642 1582 712 1635 ad
753 1577 1032 1632 Dominum
1063 1577 1368 1643 deprecatus
1398 1590 1532 1626 sum.
1570 1570 1853 1640 Eﬂ‘undam
1901 1571 1955 1622 in
2003 1583 2217 1636 conspe-

645 1686 730 1726 etu
773 1671 886 1740 ejus
939 1671 1228 1722 orationem
1284 1683 1471 1720 meam.
1520 1665 1710 1719 Totam
1761 1671 1996 1716 mentem
2039 1675 2216 1723 suam,

2384 1226 2530 1296 Πλὴν
2564 1202 2697 1276 ἀλλά
2725 1222 2893 1275 δεῖται
2930 1216 3215 1278 συνέσεως·
3251 1214 3397 1274 ὅπως
3429 1209 3494 1262 ἂν
3520 1209 3684 1277 ¹ἡμεῖς
3710 1202 3893 1275 μάθω-

2386 1295 2497 1388 μεν
2531 1315 2633 1368 τίνι
2676 1313 2861 1385 τρόπῳ
2906 1311 2962 1362 ὲν
3006 1305 3388 1379 περιστάσεσιν
3432 1300 3582 1361 ὄντες
3613 1295 3892 1364 διαφυγεῖν

2387 1405 2702 1476 δυνηθῶμεν
2732 1402 2800 1455 τὰ
2826 1399 3056 1470 πονηρά.

2386 1497 2558 1566 Φωνῇ
2584 1514 2703 1566 μου
2749 1494 2897 1562 πρὸς
2929 1492 3145 1559 Κύριον
3186 1485 3506 1555 ἐκέκραξαο
3556 1479 3728 1552 φωνῇ
3781 1497 3893 1549 μου

2318 1589 2466 1656 πρὸς
2489 1589 2706 1655 Κύριον
2732 1583 3006 1649 ἐδεήθην.
3047 1577 3260 1648 Ἐκχεῶ
3287 1575 3541 1630 ἐνώπιον
3570 1569 3760 1626 αὐτοῦ
3785 1568 3898 1635 τὴν

2318 1678 2530 1746 δέησίν
2568 1695 2706 1746 μου.
2745 1674 2913 1745 Ὅλην
2951 1673 3138 1741 ῶσπερ
3163 1669 3260 1740 τὴν
3291 1669 3528 1722 διάνοιαν
3568 1662 3737 1717 αὑτοῦ
3770 1661 3899 1713 ἀνα-

646 1763 841 1832 inquit,
887 1760 1116 1815 Domino
1159 1759 1384 1812 dicavit.
1436 1754 1850 1809 Tribulationem
1889 1767 2058 1805 nteant
2099 1760 2220 1802 ante

2340 1770 2550 1832 τέθεικε,
2583 1768 2734 1838 φησὶ,
2759 1765 2836 1835 τῷ
2869 1764 3074 1835 Κυρίῳ.
3113 1759 3231 1826 Τὴν
3257 1759 3468 1826 θλίψιν
3490 1772 3609 1824 μου
3645 1751 3900 1806 ἐνώπιον

644 1857 816 1918 ipsum
849 1850 1226 1923 pronuntiabo.
1286 1848 1344 1901 In
1389 1846 1685 1910 curriculo,
1726 1844 1920 1914 inquit,
1957 1857 2056 1913 pro
2106 1841 2217 1909 ipsa

2321 1863 2505 1917 αὑτοῦ
2534 1856 2867 1928 ἀπαγγελῶ.
2901 1857 3005 1909 Τὸν
3039 1855 3164 1925 περὶ
3190 1851 3379 1921 αὐτῆς,
3412 1849 3566 1919 φησὶ,
3593 1846 3693 1915 τῆς
3724 1844 3902 1913 ψυχῆς

645 1948 826 2000 anima
888 1952 1246 2004 concertans,
1309 1941 1732 2010 supplicationes
1776 1937 1967 1997 oﬂ'ero,
2023 1937 2260 2003 rogans'

2340 1952 2713 2021 ιγωνιζόμενος
2765 1949 2996 2020 δρόμον,
3056 1946 3153 2010 τὰς
3202 1946 3414 2015 δεήσεις
3459 1941 3752 2013 ἀναφέρω,
3807 1940 3902 2001 τὰς

646 2038 1028 2094 tribulationes
1063 2035 1255 2091 minui.
1300 2032 1455 2089 Nosti
1487 2034 1672 2102 utique
1711 2045 1796 2084 me
1847 2026 2049 2095 injuria
2099 2040 2221 2094 per-

649 2131 983 2185 secutionem
1013 2129 1142 2198 pati.

721 2223 772 2276 ι.
823 2220 889 2275 In
923 2222 1213 2290 deﬁciendo
1245 2236 1308 2273 ex
1339 2235 1417 2272 me
1446 2218 1689 2286 spiritum
1722 2229 1911 2267 meum.
1950 2211 2093 2274 Haec,
2126 2211 2220 2273 ait,

2322 2045 2526 2113 θλίψεις
2573 2042 2843 2094 διαδοῦναι
2888 2040 3195 2108 εὐχόμενος.
3239 2037 3325 2099 Ὧς
3361 2036 3421 2088 οὐ
3462 2033 3686 2096 δικαίως
3716 2028 3907 2084 διώκο-

2326 2154 2444 2208 μαι,
2481 2134 2792 2194 ἐπίστασαι,
2826 2133 3007 2201 φησίν.

2407 2227 2509 2280 Ἐν
2534 2227 2614 2293 τῷ
2634 2226 2935 2280 ἐκλείπειν
2961 2223 3028 2288 ἐξ
3057 2222 3199 2292 ἐμοῦ
3221 2220 3286 2274 τὸ
3310 2218 3544 2288 πνεῦμά
3563 2236 3702 2286 μου.
3723 2214 3910 2269 Ταῦτα

649 2313 936 2376 faciebam,
969 2313 1239 2365 malorum
1303 2309 1646 2363 vehementia
1701 2315 2032 2376 c0nspecta;
2099 2320 2223 2358 nam

2340 2321 2379 2373 ῑὲ
2407 2320 2593 2389 ἔδρων,
2631 2320 2727 2388 τὴν
2761 2316 3066 2388 ὑπερϐολὴν
3107 2313 3375 2385 θεώμενος
3402 2311 3510 2364 τῶν
3537 2309 3742 2363 κακῶν·
3780 2311 3908 2379 παρ’

649 2420 816 2474 prope
849 2412 1076 2456 mortem
1112 2403 1282 2471 ipsam
1313 2401 1586 2456 versabar.
1625 2398 1696 2451 Et
1723 2409 1779 2451 tu
1815 2396 2104 2465 cognovisti
2141 2411 2226 2448 se-

650 2494 810 2547 mitas
858 2508 1017 2545 meas.
1070 2491 1193 2546 llzec
1244 2492 1406 2545 verba
1443 2509 1455 2544 :
1493 2489 1560 2542 Et
1592 2501 1646 2542 tu
1693 2487 1978 2558 cognovisti
2012 2485 2226 2539 semitas

650 2603 816 2650 meas,
848 2594 975 2640 sunt
1022 2585 1235 2638 tidentis
1284 2585 1336 2636 in
1384 2583 1505 2636 vita:
1538 2597 1703 2635 cursu
1736 2589 1789 2635 et
1848 2583 1897 2632 in
1940 2579 2222 2647 operibus.

649 2680 787 2735 Cum
824 2681 1031 2732 videret
1063 2687 1244 2731 autem
1279 2676 1594 2745 spirituales
1635 2674 1822 2729 hostes
1853 2684 2109 2727 curantes
2143 2671 2228 2724 in~

653 2775 866 2828 troduci
915 2769 1132 2826 Saulem
1198 2771 1251 2824 in
1306 2771 1659 2839 speluncam,
1718 2765 1938 2820 Davidis
1985 2764 2229 2834 capiendi

653 2881 842 2928 causa,
870 2865 989 2934 jure
1036 2863 1297 2916 dicebat:
1347 2860 1738 2914 Abscondernnt
1789 2858 2031 2925 laqueum
2080 2855 2230 2920 mihi,

654 2975 818 3029 quem
854 2973 1094 3028 praesens
1127 2956 1304 3009 oratio
1354 2951 1659 3020 dissipavit.
1711 2947 1843 3002 Nam
1878 2946 2022 3017 quod
2057 2947 2234 3001 hami--

658 3067 754 3106 nes
783 3050 1078 3120 spectabat,
1113 3046 1542 3115 comprehensus
1589 3042 1870 3112 spelunca,
1913 3040 2059 3094 omni
2099 3038 2229 3092 εσυ-

658 3144 836 3213 giendi
881 3141 964 3195 via
1011 3139 1333 3193 interclusus
1365 3148 1501 3200 erat,
1544 3151 1644 3189 nec
1687 3145 1802 3188 erat
1839 3134 1931 3203 qui
1979 3133 2235 3186 liberaret

657 3249 804 3299 eum,
839 3247 936 3286 nec
960 3231 1049 3301 qui
1091 3230 1394 3299 requireret
1434 3229 1670 3282 animam
1710 3227 1850 3294 ejus.

727 3324 783 3378 5.
836 3321 901 3376 In
927 3324 1013 3376 ria
1060 3321 1158 3372 hac
1203 3336 1309 3388 qua
1353 3317 1687 3371 ambulabam
1725 3315 2107 3368 absconderant
2148 3314 2231 3365 la-

660 3430 849 3486 queum
890 3414 1039 3467 mihi.
1087 3410 1144 3464 Si
1194 3410 1318 3479 quis
1351 3407 1623 3477 spelunca:
1678 3407 1858 3460 laeum
1903 3403 2230 3466 consideret,

666 3509 782 3560 haec
829 3511 1198 3573 congruenter
1230 3502 1372 3554 dicta
1417 3497 1582 3552 fuisse
1625 3499 1876 3566 reperiet.
1917 3494 2235 3549 Considera-

663 3600 783 3652 bam
826 3598 894 3650 ad
924 3598 1192 3650 dexteram
1236 3604 1284 3646 et
1333 3592 1594 3655 videbam,
1638 3599 1687 3642 et
1733 3605 1836 3641 non
1883 3597 1995 3641 erat
2030 3589 2119 3656 qui
2149 3602 2236 3639 co-

665 3700 928 3761 gnosceret
961 3705 1059 3743 me.
1097 3686 1452 3755 Apponebant
1487 3683 1739 3735 virtutem
1774 3679 2078 3733 colentibus
2104 3693 2236 3731 con.-

667 3783 913 3850 gruenlia
971 3780 1192 3833 malitiae
1242 3775 1705 3839 machinamenta,
1743 3771 1995 3826 videlicet
2041 3770 2091 3824 ei
2147 3770 2238 3839 qui

668 3887 793 3926 cum
838 3869 1098 3939 sapientia
1152 3865 1497 3930 ambulabat;
1551 3861 1960 3918 abscondebant
2013 3875 2111 3930 pro
2161 3860 2240 3912 la-

671 3976 834 4033 queo,
863 3960 1184 4030 sapientiam
1218 3973 1340 4026 qua:
1389 3956 1688 4009 secundum
1737 3952 1909 4006 Deum
1964 3967 2071 4004 non
2119 3959 2241 4015 est;

671 4055 933 4124 qurerenti
975 4052 1338 4120 cognitionem
1398 4047 1746 4117 apponebant
1790 4061 1909 4099 eam
1943 4060 2064 4114 qua:
2107 4041 2243 4096 falso

677 4149 750 4201 ita
777 4154 1022 4200 vocatur.
1059 4141 1172 4197 Hoc
1203 4156 1367 4212 porro
1395 4141 1597 4194 dictum
1647 4138 1884 4207 aliquam
1916 4135 2079 4190 habet
2113 4150 2236 4189 cum

677 4237 768 4291 illo
824 4234 1160 4297 allinitatem.
1209 4232 1380 4286 Juxta
1435 4232 1536 4284 iter
1589 4228 1901 4283 scandalum
1956 4235 2240 4296 posuerunt

676 4328 825 4382 mihi.
881 4327 1117 4382 Possunt
1175 4333 1352 4379 autem
1393 4325 1484 4377 hic
1532 4322 1713 4392 laquei
1759 4336 1856 4390 per
1915 4318 2242 4391 hyperbolen

675 4415 972 4480 declarari;
1007 4415 1061 4467 in
1092 4429 1228 4482 quos
1259 4412 1468 4467 scilicet
1511 4410 1701 4465 incidit
1731 4409 1822 4478 qui
1855 4425 1966 4464 non
2021 4407 2124 4462 sibi
2160 4421 2244 4460 ca-

2327 2411 2486 2463 αὒτὸν
2515 2410 2624 2480 γὰρ
2656 2407 2996 2480 ὲσκηνούμην
3028 2407 3118 2459 τὸν
3154 2404 3400 2458 θάνατον.
3445 2401 3555 2456 Kal
3587 2400 3671 2454 σὺ
3719 2400 3909 2468 ἔγνως

2328 2502 2433 2567 τὰς
2478 2502 2714 2569 τρίϐους
2746 2517 2899 2569 μου,
2936 2497 3260 2571 θαρροῦντος
3303 2498 3369 2566 τῇ
3411 2493 3504 2546 τοῦ
3554 2491 3671 2561 βίου
3719 2490 3914 2561 πορεία

2328 2593 2422 2644 καὶ
2453 2595 2569 2654 ταῖς
2611 2589 2841 2662 πράξεσι
2874 2589 2967 2653 τὸ,
3001 2588 3083 2642 Σὺ
3117 2588 3305 2656 ἔγνως
3347 2586 3451 2650 τὰς
3495 2585 3732 2651 τρίϐους
3772 2599 3910 2650 μου.

2341 2682 2511 2751 Ὁρῶν
2531 2683 2587 2734 δὲ
2602 2684 2725 2743 τοὺς
2743 2681 2963 2750 νοητοὺς
2984 2680 3081 2746 τῆς
3105 2675 3282 2747 ψυχῆς
3309 2674 3536 2746 ἐχθροὺς
3562 2672 3916 2746 παρασκευά-

2332 2790 2529 2837 σαντας
2580 2771 2837 2825 εἰσελθεῖν
2888 2770 2977 2823 τὸν
3027 2769 3198 2822 Σαοὺλ
3241 2769 3321 2830 εἰς
3365 2765 3427 2818 τὸ
3478 2764 3740 2835 σπήλαιον
3773 2762 3915 2832 ὑπὲρ

2331 2865 2424 2921 τοῦ
2457 2865 2822 2936 συλληφθῆναι
2848 2865 2937 2917 τὸν
2968 2862 3148 2924 Δαυῒδ,
3179 2861 3400 2922 εἰκότως
3428 2857 3667 2925 ὲλέγετοο
3696 2856 3914 2923 Ἕκρυ-

2331 2963 2459 3026 grav
2506 2955 2728 3025 παγίδα
2765 2973 2889 3023 μοι,
2932 2954 2999 3022 ἢν
3043 2955 3076 3020 ὴ
3103 2949 3354 3021 παροῦσα
3397 2948 3716 3015 κατήργησε
3746 2959 3913 3013 προσ-

2335 3048 2490 3117 ευχή.
2519 3046 2592 3097 Τὸ
2620 3045 2728 3114 γὰρ
2760 3044 2844 3094 ἐπ’
2881 3039 3204 3110 ἀνθρώποις,
3238 3033 3557 3105 συλληφθεὶς
3583 3037 3640 3086 ὲν
3673 3031 3752 3102 τῷ
3783 3047 3916 3099 σπη-

2335 3139 2490 3206 λαίῳ,
2536 3133 2779 3207 δρασμοῦ
2826 3132 3025 3194 παντὸς
3073 3127 3499 3190 ἀποκέκλειστο,
3533 3125 3629 3177 καὶ
3672 3124 3772 3176 οὐκ
3800 3118 3919 3192 ἦνό

2258 3238 2300 3294 C
2336 3230 2616 3302 ῥυόμενος,
2644 3225 2676 3296 ἢ
2710 3222 2952 3292 ἐκζητῶν
2979 3221 3141 3276 αὑτοῦ
3165 3222 3263 3292 τὴν
3284 3219 3483 3289 ψυχήν.

2418 3321 2513 3371 Ἐν
2534 3316 2650 3381 ὁδῷ
2690 3317 2875 3380 ταύτῃ
2905 3307 2944 3383 ᾖ
2971 3310 3345 3378 ἐπορευόμην
3383 3308 3661 3374 ἔκρυψαν
3700 3303 3920 3373 παγίδα

2335 3426 2453 3480 μοι.
2487 3410 2555 3462 Εἴ
2579 3425 2663 3470 τις
2691 3407 2782 3459 τὸν
2810 3407 2867 3458 ὲν
2908 3403 2985 3474 τῷ
3020 3401 3268 3472 σπηλαίῳ
3300 3399 3583 3468 λογίσηται
3617 3397 3798 3459 τύπον,
3835 3396 3924 3446 εὑ-

2343 3503 2498 3573 ρήσει
2528 3498 2924 3570 προσηκόντως¹
2945 3496 3012 3550 τὰ
3043 3492 3323 3565 είρημένα.
3367 3491 3708 3545 Κατενόουν
3733 3489 3819 3553 είς
3853 3488 3923 3540 τὰ

2341 3591 2524 3656 δεξιὰ.
2546 3591 2642 3644 καὶ
2669 3589 3020 3652 ἐπέϐλεπον,
3051 3586 3146 3639 καὶ
3187 3586 3298 3638 οὐκ
3326 3579 3406 3654 ἦν
3452 3586 3484 3636 ό
3513 3578 3923 3651 ἐπιγινώσκων

2337 3703 2432 3756 με.
2459 3684 2854 3755 Παρατιθέντες
2880 3681 2978 3744 τὰς
3004 3678 3332 3749 ἀγχιθύρους
3362 3676 3560 3736 κακίας
3585 3677 3702 3736 τοῖς
3728 3675 3924 3726 ἀσκου-

2349 3778 2528 3848 μένοις
2562 3777 2802 3845 ἀρεταῖς.
2847 3768 2971 3825 Οἷον
3009 3770 3243 3824 ὁδεύοντι
3290 3767 3382 3820 ἐπὶ
3411 3765 3624 3835 σοφίαν,
3657 3765 3926 3835 ἔκρυπτον

2345 3866 2566 3934 παγίδα,
2607 3863 2795 3932 σοφίαν
2825 3862 2886 3913 οὐ
2915 3858 3069 3912 Θεοῦ·
3100 3859 3195 3911 καὶ
3222 3854 3470 3928 ζητοῦντι
3503 3854 3739 3924 γνῶσιν,
3792 3870 3928 3923 παρ-

2346 3957 2588 4011 ετίθεσαν
2617 3954 2714 4025 τὴν
2758 3949 3127 4021 ψευδώνυμον.
3172 3947 3323 4016 Ἔχει
3358 3945 3419 3998 se
3470 3962 3591 3998 τινα
3636 3943 3927 4014 ὁμοιότητα

2345 4049 2406 4100 τὸ
2453 4045 2613 4117 ῥητὸν
2661 4043 2796 4114 πρὸς
2832 4041 2930 4104 τὸ,
2981 4037 3272 4105 Ἐχόμενα
3323 4035 3563 4103 τρίϐου,
3612 4029 3928 4085 σκάνδαλα

2345 4137 2549 4192 ἑθεν-τό
2571 4152 2691 4205 μοι.
2724 4132 2986 4185 Δύνανται
3013 4129 3069 4181 δὲ
3100 4128 3196 4181 καὶ
3223 4127 3278 4180 αἱ
3307 4123 3604 4194 ὑπερϐολαὶ
3636 4119 3926 4192 δηλοῦσθαι

2349 4228 2591 4298 παγίδες,
2641 4228 2718 4289 είς
2747 4225 2813 4289 ἃς
2847 4224 3104 4296 ἐμπίπτει
3141 4227 3170 4278 ὁ
3213 4223 3288 4293 μὴ
3333 4219 3756 4289 φυλαττόμενος,
3804 4217 3931 4288 περὶ

2350 4313 2426 4374 ὧν
2456 4321 2624 4388 λέγει’
2657 4319 2996 4373 Κατενόουν
3037 4319 3117 4381 είς
3153 4316 3223 4368 τὰ
3261 4310 3448 4378 δεξιά.
3478 4311 3604 4374 Τοῖς
3633 4309 3742 4380 γὰρ
3784 4307 3930 4377 φιλο-

2349 4412 2656 4483 τιμοτέροις
2689 4412 2766 4474 είς
2797 4409 2946 4474 δεξιά
2978 4407 3223 4476 παγίδες.

677 4517 787 4574 vet,
847 4507 915 4564 de
955 4506 1152 4572 quibus
1203 4503 1339 4559 dicit
1381 4522 1393 4558 :
1438 4501 1849 4558 Considerabam
1908 4499 1978 4552 ad
2024 4499 2314 4554 dexteram.
2375 4502 2854 4557 Ambitiosiorihus
2900 4498 3044 4554 enim
3103 4497 3169 4550 ad
3213 4496 3490 4550 dexteram
3541 4491 3720 4563 laquei
3773 4491 3932 4560 positi

678 4611 807 4662 ευιιι

750 4714 915 4769 Periit
949 4711 1072 4782 fuga
1099 4729 1130 4764 a
1162 4728 1262 4775 me,
1292 4720 1342 4764 et
1371 4724 1476 4762 non
1508 4713 1583 4759 est
1616 4704 1704 4773 qui
1736 4702 1966 4773 requirat
2009 4702 2245 4756 animam
2279 4707 2320 4760 D

682 4824 869 4862 meam.
901 4805 1059 4860 Nulla
1085 4806 1283 4875 quippe
1313 4811 1592 4872 supererat
1638 4797 1877 4868 fugiendi
1907 4795 1991 4848 via
2033 4794 2089 4847 in
2126 4807 2248 4862 spe—

682 4903 864 4958 lunca.
913 4915 1036 4954 cum
1090 4908 1216 4952 ante
1280 4896 1480 4950 ostium
1536 4892 1917 4948 obsiderentur
1975 4901 2007 4940 a
2064 4884 2246 4940 Saule.

680 4991 872 5056 Nemo,
909 4990 1006 5053 ait,
1035 4991 1228 5042 anima:
1261 5001 1396 5040 mea:
1428 4983 1657 5039 salutem
1690 4979 1904 5049 quaerit.

752 5176 807 5233 6.
860 5173 1096 5230 Clamavi
1129 5173 1195 5224 ad
1219 5183 1286 5234 te,
1316 5169 1557 5222 Domine.
1594 5166 1649 5220 ln
1693 5166 1868 5234 ipsum
1899 5160 2045 5216 enim
2075 5158 2250 5213 solum

691 5284 839 5340 spem
878 5267 1068 5322 salutis
1094 5277 1356 5333 reponere
1384 5258 1658 5315 convenit.

762 5363 814 5417 8.
880 5358 1030 5413 Educ
1080 5358 1143 5410 de
1180 5355 1421 5409 custodia
1471 5352 1706 5404 animam
1766 5361 1952 5398 meam.
2009 5341 2133 5396 Haec
2179 5340 2257 5394 ait

691 5453 850 5524 quasi
900 5451 966 5506 ad
1018 5450 1331 5519 speluncam
1379 5443 1695 5513 respiciens.
1749 5436 2112 5510 Symmachus
2160 5449 2259 5487 au-

698 5561 804 5603 tem
841 5566 855 5601 :
897 5546 1046 5599 Educ
1079 5561 1110 5598 a
1142 5542 1472 5596 conclusione
1501 5540 1734 5592 animam
1764 5550 1954 5588 meam.
1978 5532 2059 5586 Ad
2088 5531 2255 5599 conﬁ-

701 5638 914 5691 tendum
947 5635 1148 5688 nomini
1180 5644 1290 5686 tuo.
1323 5629 1556 5696 Quando
1588 5643 1694 5691 me,
1724 5626 1818 5687 ait,
1855 5623 1924 5677 ab
1949 5620 2260 5691 hujusmodi

698 5745 941 5785 aerumna
990 5736 1044 5782 et
1093 5743 1120 5780 a
1185 5724 1434 5780 custodia
1498 5719 1761 5784 liberasti,
1811 5715 1908 5771 tibi
1965 5713 2257 5784 gratiarum

701 5820 929 5878 actionis
957 5818 1165 5874 cantica
1203 5815 1516 5886 rependam.
1564 5811 1642 5864 ile
1673 5816 1970 5878 exspectant
1995 5805 2127 5869 iusti
2168 5803 2263 5856 do-

2433 4697 2716 4754 Ἇπὼλετο
2758 4694 2919 4766 φυγὴ
2952 4695 3053 4748 ἀπ’
3083 4692 3262 4762 ἐμοῦ,
3295 4692 3392 4745 καὶ
3427 4692 3539 4745 οὐκ
3570 4690 3744 4744 ἔστιν
3773 4692 3806 4743 ὀ
3835 4691 3930 4741 ὲκ-

2355 4791 2540 4859 ζτητῶν
2582 4789 2695 4857 τὴν
2733 4785 2946 4858 ψυχήν
2969 4803 3109 4855 μου.
3141 4784 3217 4837 Οὐ
3251 4783 3358 4854 γὰρ
3401 4778 3469 4852 ἦν
3516 4780 3936 4850 ἀποδιδράσκειν

2354 4884 2418 4934 ὲκ
2440 4881 2531 4934 τοῦ
2560 4879 2823 4950 σπηλαίου
2843 4877 2949 4930 τῶν
2973 4874 3281 4946 ἔμπροσθεν
3308 4872 3684 4943 κατεχομένων
3711 4871 3816 4923 ὑπὸ
3838 4870 3936 4922 τοῦ

2357 4974 2550 5029 Σαούλ.
2583 4973 2800 5035 Οὐδεὶς,
2835 4969 2991 5041 φησὶ,
3026 4968 3123 5038 τῆς
3160 4967 3298 5038 ὲμῆς
3329 4967 3505 5037 ψυχῆς
3535 4964 3630 5035 τὴν
3661 4964 3937 5033 σωτηρίαν

2357 5066 2604 5137 ἐπιζητεῖ

2441 5156 2765 5223 Ἐκέκραξα
2797 5155 2948 5223 πρὸς
2973 5154 3069 5219 σὲ,
3102 5154 3296 5220 Κύριε.
3339 5149 3453 5202 Ἐπ’
3479 5145 3626 5205 αύτῶ
3656 5145 3764 5219 γὰρ
3791 5146 3938 5216 μόνῳ

2358 5250 2525 5303 δεῖται
2549 5247 2647 5310 τὰς
2679 5248 2898 5310 ἐλπίδας
2922 5248 3019 5316 τῆς
3051 5245 3340 5315 σωτηρίας.

2447 5340 2728 5410 Ἐξάγαγε
2767 5342 2835 5393 ἐκ
2883 5335 3164 5408 φυλακῆς
3190 5335 3305 5402 τὴν
3336 5334 3548 5403 ψυχήν
3579 5349 3718 5400 μου.
3751 5328 3942 5384 Ταῦτά

2363 5452 2525 5506 φησιν
2552 5432 2626 5496 ὡς
2659 5442 2794 5503 προς
2824 5431 2914 5483 τὸν
2943 5427 3036 5482 τοῦ
3071 5424 3337 5497 σπηλαίου
3381 5423 3564 5476 τόπον.
3608 5423 3667 5473 ’0
3709 5418 3766 5471 δὲ
3797 5418 3941 5487 Σύμ-

2367 5543 2554 5597 μαχος.
2611 5524 2767 5588 -Εξω
2807 5523 3065 5587 ποίησον
3117 5513 3527 5582 ἀποκλεισμοῡ
3575 5510 3690 5578 τὴν
3728 5508 3943 5578 ψυχήν

2359 5634 2498 5685 μου.
2561 5613 2669 5667 Τοῦ
2728 5608 3288 5680 ἐξομολογήσασθαι
3344 5601 3423 5667 τῷ
3493 5599 3740 5668 ὀνόματί
3802 5614 3938 5651 σου.

2382 5705 2648 5770 Ἐπειδὰν,
2700 5703 2854 5774 φησὶ,
2896 5701 3098 5770 ταύτης
3148 5716 3214 5770 με
3247 5699 3345 5768 τῆς
3394 5694 3623 5762 θλίψεως
3667 5691 3943 5750 ἀπέλυσας

2371 5801 2462 5855 καὶ
2503 5817 2597 5868 της
2646 5799 2896 5867 εἱρκτῆς,
2945 5792 3386 5864 εὐχαριστηρίους
3431 5785 3738 5856 ἀναπέμψω
3777 5781 3940 5854 ᾠδάς.
