4058 6460
201 391 303 446 541
1278 384 1642 442 ΕΧΡΟΞΙΤΙΟ
1683 383 1748 438 ΙΝ
1788 382 1803 436 I

1855 380 2015 436 SALM
2029 379 2124 438 ωι
2161 379 2391 436 CXLIII.
3351 371 3457 428 542

213 509 352 580 Ἐμὲ
378 507 748 578 ὑπομένουσι
775 508 988 561 δίκαιοι
1020 507 1130 572 ἕως
1175 503 1247 562 οὗ
1292 504 1640 571 ἁνταποδῷς
1659 522 1782 574 μοι.
1814 558 1815 561 η

1854 553 1860 565 _
1889 519 1980 556 nec
2007 501 2270 555 retribuas
2311 497 2460 552 milii.
2512 495 2568 550 Si
2604 511 2689 550 me
2723 495 2918 550 exhinc
2950 491 3230 552 eduxeris.
3260 489 3456 558 inquit,

214 602 345 656 Ἐὰν
371 601 641 674 ὲξαγάγῃς
669 618 756 671 με,
788 601 972 671 φησιν,
1005 598 1251 652 ἐντεῦθεν
1280 598 1648 670 ἀμειψάμενός
1677 614 1777 667 μου

1885 595 1938 648 in
1971 593 2276 648 mercedem
2321 590 2586 645 bonorum
2616 601 2866 656 Operum,
2895 584 3086 654 reliqui
3110 581 3246 652 justi
3286 597 3372 636 me
3401 580 3458 633 in

197 696 304 760 τὰς
333 694 543 764 ἀγαθὰς
575 671 824 767 ⁸ιιράξεις,
868 694 962 745 καὶ
1008 694 1058 745 οἰ
1086 691 1261 744 λοιποὶ
1284 690 1481 744 δίκαιοι
1508 691 1606 761 ἐμὲ
1646 690 1778 742 ὑπό-

1884 684 2199 754 exemplum-
2229 697 2342 752 prae
2370 681 2542 735 oculis
2566 680 2851 741 habentes,
2880 687 2935 732 et
2969 692 3035 731 ex
3064 676 3130 730 iis
3161 689 3284 744 qua:
3321 671 3458 728 mihi

199 788 404 858 δειγμα
437 787 541 858 πρὸ
569 786 862 857 ὀφθαλμῶν
884 785 1129 856 ἔχοντες,
1164 785 1257 838 καὶ
1293 786 1358 837 ὲκ
1389 785 1497 836 τῶν
1531 785 1650 836 κατ’
1681 783 1780 852 ἐμὲ

1881 778 2230 845 contigerunt
2265 789 2387 843 quae
2431 773 2578 842 ipsos
2624 778 2868 840 spectant
2903 785 3086 823 secum
3120 775 3455 835 reputantes,

199 881 273 933 τὰ
305 881 427 932 κατ’
455 879 650 942 αὐτοὺς
678 878 1192 948 ἀποταμιευόμενοι,
1216 875 1551 930 ἁποδώσουσξ
1575 891 1656 928 σοι
1684 874 1782 938 τὰς

1684 874 1782 938 τὰς
1885 869 2310 940 supplicationes
2336 864 2560 921 offerent
2590 863 2684 918 tibi
2711 873 2764 918 et
2795 862 2860 915 ad
2888 872 2940 916 te
2967 869 3275 916 accurrent.

200 972 358 1036 λιτὰς
388 971 481 1025 καί
508 989 590 1026 σοι
625 972 1116 1044 προσδραμοῦνται.

208 1081 525 1138 ΨΑΛΜΟΣ
560 1081 719 1151 ᾠδῆς
747 1080 826 1148 τῷ
857 1083 1057 1149 Δαυῒδ,
1088 1084 1186 1137 ὅτε
1212 1083 1572 1138 κατεδίωκεν
1597 1084 1782 1139 αὑτὸν

1885 1089 1938 1142 I.
1982 1081 2325 1139 PSALMUS
2354 1082 2550 1135 cantici
2588 1081 2783 1144 David,
2814 1078 3022 1151 quando
3052 1089 3456 1147 persequecatur

472 1174 504 1224 ὁ
528 1169 657 1236 υἱὸς
678 1171 864 1226 αὑτοῦ
902 1173 1298 1242 Ἀϐεσσαλώμ.
1322 1175 1509 1227 PMB'.

2095 1191 2212 1230 eum
2259 1173 2564 1228 Abessalom
2621 1174 2766 1242 ﬁlius
2819 1172 2954 1241 ejus.
3008 1167 3238 1225 CXLII.

833 1263 1159 1331 Ὑπόθεσις.

2467 1267 2865 1336 Argumentum.

201 1355 316 1408 Καὶ
343 1345 497 1418 οὗτος
527 1354 720 1426 ὁμοίαν
763 1355 874 1426 ἔχει
913 1355 1005 1409 τοῦ
1037 1357 1142 1428 πρὸ
1181 1357 1348 1411 αὐτοῦ
1379 1357 1476 1429 τὴν
1506 1357 1778 1414 ὑπόθεσιν.

1889 1363 2096 1418 Similis
2150 1360 2459 1431 argumenti
2515 1375 2638 1414 cum
2696 1359 2879 1427 priore
2927 1365 3011 1411 est
3048 1354 3138 1409 hic
3184 1352 3449 1423 psalmus.

273 1446 507 1518 Εὔχεται
551 1448 660 1521 γὰρ
702 1449 809 1502 ἀπὸ
840 1449 950 1502 τῶν
991 1449 1294 1504 διωκόντων
1338 1451 1627 1522 ρυσθῆναι,
1654 1451 1729 1516 ὡς
1755 1455 1784 1506 ὁ

1955 1455 2131 1523 Rogat
2188 1453 2335 1508 enim
2389 1451 2608 1505 liberari
2665 1465 2696 1504 a
2750 1446 3222 1518 persequentibus,
3275 1453 3335 1497 ut
3379 1446 3456 1497 ait

290 1539 608 1604 ’Λπόστολός
651 1557 804 1612 φησι.
852 1541 1107 1604 Τυπικῶς
1133 1542 1190 1595 δὲ
1229 1542 1402 1596 ταῦτα
1443 1543 1638 1613 συνέϐη
1673 1547 1784 1608 τοῖς

1952 1546 2268 1616 Apostolus.
2318 1543 2572 1612 Figurate
2611 1553 2793 1595 autem
2839 1541 3026 1595 isthzec
3054 1536 3453 1606 antiquioribus

271 1628 684 1700 ἀρχαιοτέροις·
737 1630 954 1703 ἐγράφη
994 1632 1052 1685 δὲ
1103 1632 1240 1704 πρὸς
1285 1631 1568 1686 νουθεσίαν
1603 1633 1780 1703 ἡμῶν.

1953 1635 2246 1705 contigere,
2287 1634 2601 1702 scriptaque
2649 1640 2776 1685 sunt
2823 1629 2890 1684 ad
2936 1628 3292 1684 monitionem
3350 1643 3454 1681 no-

272 1719 651 1792 Διδασκὸμεθα
675 1722 852 1776 τοίνυν
888 1725 945 1775 ὲν
969 1723 1351 1794 περιστάσεσιν
1381 1722 1473 1776 ἐπὶ
1505 1723 1663 1793 μόνον
1686 1741 1785 1777 κα-

1968 1738 2164 1784 stram.
2210 1726 2481 1781 Docemnr
2530 1725 2716 1794 itaque
2758 1724 2810 1777 in
2850 1722 3230 1777 occasionibus
3268 1719 3336 1774 ad
3368 1735 3454 1775 so-

274 1811 568 1880 ταφεύγειν
608 1811 699 1865 τὸν
727 1811 878 1867 Θεόν.
925 1815 1120 1868 ’ἰστέον
1151 1814 1207 1866 δὲ
1239 1815 1318 1868 ὅτι
1346 1814 1672 1885 ἀναφέρεται
1705 1817 1784 1876 εἰς
1818 1878 1856 1887 __

1850 1881 1856 1887 _
1973 1820 2084 1873 lum
2151 1817 2321 1872 Deum
2376 1815 2692 1887 confugere.
2757 1813 3050 1869 Sciendum
3114 1821 3296 1866 autem
3345 1819 3452 1877 est,

272 1902 336 1956 τὸ
358 1878 900 1978 τῆς-ἀνθρωπότητος
929 1907 1215 1975 πρόσωπον
1245 1909 1277 1978 ἡ
1314 1878 1584 1977 προσευχὴ
1616 1923 1783 1960 κατα-
1813 1878 1858 1935 Β

1851 1882 1858 1932 ἶ
1978 1911 2284 1965 orationem
2315 1908 2508 1964 referri
2547 1909 2613 1963 ad
2647 1923 2934 1978 personam
2966 1908 3218 1961 humana:
3244 1915 3453 1960 naturae

271 1992 608 2063 διωκομένης
638 1994 732 2046 καὶ
763 1993 1082 2066 θλιὸομένης
1111 1996 1214 2048 ὑπὸ
1241 1996 1334 2048 τοῦ
1365 1995 1783 2066 πλεονεκτήσαν-

1969 2005 2187 2074 agitata:
2219 2013 2274 2058 et
2308 2003 2516 2057 alnictze
2559 2002 2628 2056 ab
2683 2010 2968 2072 arrogante
3014 2000 3106 2054 illo
3149 1996 3374 2063 Satana,
3421 2013 3452 2051 a

272 2099 365 2145 τος
394 2083 623 2146 Σατανᾶ,
655 2079 714 2139 οὗ
739 2087 831 2139 καὶ
863 2086 1124 2156 ῥωσθῆναι
1153 2086 1372 2157 εὔχεται
1404 2086 1491 2138 διὰ
1517 2088 1613 2157 τῆς
1643 2104 1782 2158 παρ-

1966 2113 2075 2165 quo
2109 2110 2203 2165 per
2235 2092 2507 2164 Unigeniti
2540 2093 2829 2148 adventum
2868 2091 3059 2146 redimi
3101 2105 3162 2145 se
3192 2089 3450 2159 postulat.

272 2172 458 2236 ouala;
486 2172 579 2226 τοῦ
612 2173 968 2242 Μονογενοῦς.

274 2267 482 2335 Κύριε,
525 2268 893 2322 εἰσάκουσον
935 2268 1048 2337 τῆς
1079 2269 1426 2340 προσευχῆς
1463 2289 1604 2339 μου.
1653 2271 1778 2324 Eia-

1955 2268 2008 2324 ‘2.
2076 2269 2334 2333 Domine,
2389 2271 2582 2323 exaudi
2631 2270 2918 2324 orationem
2963 2285 3152 2323 meam.
3193 2265 3452 2322 Exaudirt

195 2358 554 2429 ακουσθῆναι,
577 2361 759 2431 φησὶν,
779 2359 913 2424 ἀξιῶ
933 2361 1020 2413 διὰ
1033 2361 1130 2432 τῆς
1157 2361 1254 2432 σῆς
1272 2361 1778 2432 ἀληθείας.”ομοιον

1885 2377 1992 2427 me,
2040 2362 2236 2431 inquit,
2289 2363 2502 2431 postulo
2555 2376 2648 2430 per
2684 2362 2966 2416 veritatem
3002 2370 3171 2416 tuam.
3223 2359 3454 2415 Perinde

194 2445 256 2499 δὲ
291 2445 422 2498 ὡσεὶ
450 2447 614 2516 λέγοιε
656 2450 787 2501 Ἔσο
827 2467 914 2518 μοι
946 2451 1212 2520 ὑπήκοος,
1246 2449 1335 2502 τὸν
1369 2452 1648 2521 Μονογενῆ
1683 2468 1776 2504 σου

1884 2464 2064 2507 autem
2094 2461 2177 2509 est
2210 2468 2273 2508 ac
2302 2453 2348 2508 si
2379 2452 2613 2507 diceret:
2645 2450 2855 2506 Exaudi
2887 2468 2996 2516 me,
3029 2453 3291 2522 mitteque
3322 2450 3453 2507 Uni-

197 2537 549 2606 ἀποστείλας,
579 2539 637 2602 ὃς
667 2541 812 2593 ἐστιν
835 2539 1057 2611 ἀλήθεια
1087 2541 1180 2593 καὶ
1211 2539 1545 2612 δικαιοσύνη.

1886 2545 2127 2613 genitum
2155 2554 2330 2610 tuum,
2363 2545 2456 2614 qui
2489 2553 2575 2599 est
2611 2544 2809 2599 veritas
2845 2552 2899 2598 et
2922 2542 3157 2613 iustitia.

1227 2657 1409 2728 (Deest
1446 2674 1616 2713 unum
1667 2656 1855 2712 folium
1905 2659 1960 2713 in
2003 2659 2157 2714 Colb.
2202 2658 2238 2712 2
2270 2669 2324 2714 et
2361 2659 2439 2728 '5.)

288 2749 563 2804 Ἐκάθισέ
599 2768 677 2819 με
723 2753 793 2805 ἐν
832 2752 1166 2819 σκοτεινοῖς
1197 2752 1339 2806 ὡσεὶ
1371 2753 1620 2821 νεκροὺς
1646 2751 1783 2805 aldi-

1955 2755 2008 2811 3.
2067 2753 2356 2808 Collocavit
2414 2770 2491 2807 me
2541 2754 2597 2806 in
2646 2753 2883 2808 obscuris
2920 2761 3055 2805 sicut
3089 2759 3323 2803 mortuos
3352 2765 3449 2804 sa:-

199 2858 328 2906 νος.
359 2841 582 2895 Σκοτίαν
610 2844 708 2914 τὴν
733 2844 1004 2911 ἀγνωσίαν
1027 2846 1092 2914 ἣν
1123 2844 1246 2914 ἔσχε
1275 2845 1404 2896 ποτὲ
1426 2843 1591 2915 δηλοῖ.
1619 2845 1783 2896 Οὐδὲν

1892 2851 2022 2905 culi.
2052 2847 2154 2902 Per
2187 2847 2572 2903 obscuritatem
2603 2845 2804 2900 indicat
2837 2843 3218 2916 ignorantiam,
3256 2843 3307 2894 in
3344 2856 3456 2912 qua

198 2933 314 3000 γάρ
345 2932 672 3003 διεφερόμην
705 2935 922 3005 νεκροῦ.
950 2936 1194 3007 Νεκροὺς
1227 2935 1477 2998 αἰωνίους
1523 2937 1647 2998 τοὺς
1677 2937 1784 2990 πά·

1884 2942 2013 2995 olim
2048 2942 2381 2996 versabatur.
2430 2938 2574 2993 Nihil
2618 2940 2786 3004 enim,
2830 2937 3026 3008 inquit,
3074 2935 3387 2991 diﬂ'erebam
3420 2953 3450 2987 a

197 3025 294 3077 λαι
325 3024 607 3078 εἰδωλολάτ
617 3043 712 3095 ρας
741 3028 926 3097 φησιν.

1885 3044 2125 3088 mortuo.
2181 3031 2425 3087 Mortuos
2479 3032 2685 3096 sweuli,
2737 3040 2895 3084 vocat
2953 3029 3268 3084 idololatras
3329 3029 3450 3082 illos

1882 3137 2113 3180 veteres.

281 3199 437 3267 Ταχὺ
472 3199 838 3255 εἰσάκουσον
862 3221 1002 3272 μου,
1028 3205 1222 3273 Κύριε,
1246 3202 1487 3268 ἐξέλιπε
1508 3205 1571 3259 τὸ
1598 3207 1778 3261 πνεῦ-
1812 3263 1854 3284 Α

1848 3263 1854 3284 ,
1955 3216 2007 3270 7.
2074 3214 2537 3270 νειοεὶιετεπαιιιιὶ
2579 3231 2679 3277 me,
2725 3213 2962 3278 Domine,
3001 3214 3190 3284 defecit
3230 3213 3450 3282 spiritus

193 3291 287 3361 μὰ
322 3311 463 3361 μου.
512 3295 600 3347 Ἐν
643 3298 765 3358 ταῖς
813 3296 1068 3366 ἐσχάταις
1115 3297 1517 3367 περιστάσεσιν,
1563 3300 1781 3354 ἐπειδάν

1839 3303 2048 3364 'meus.
2103 3307 2160 3363 In
2221 3308 2511 3378 postremis
2562 3307 2941 3362 occasionibus
2996 3306 3216 3376 quando
3265 3306 3441 3373 cujus-

201 3385 606 3438 ἁνακινδυνεύει
648 3387 789 3449 τινὸς
832 3389 863 3457 ἡ
901 3387 1067 3458 ψυχὴ,
1099 3388 1368 3459 προσήκει
1395 3388 1552 3444 τοῦτο
1583 3391 1780 3460 λέγειν,

1884 3400 2029 3468 piam
2069 3398 2248 3452 anima
2294 3399 2629 3467 periclitatur
2657 3398 2708 3451 id
2737 3397 2989 3452 convenit
3020 3398 3234 3462 dicere;
3276 3412 3452 3466 neque

198 3477 267 3529 οὗ
311 3477 418 3547 μὴν
460 3479 517 3531 ἐν
553 3478 916 3548 ἀνθρωπίνοις
963 3480 1284 3552 πράγμασιν
1330 3483 1641 3552 ἀναγκαίως
1687 3501 1781 3537 xs-

1715 3501 1781 3537 ιε·
1885 3500 2062 3545 tamen
2111 3490 2166 3544 in
2209 3489 2463 3544 humanis
2487 3489 2717 3560 negotiis
2750 3488 2818 3544 iis
2857 3488 2935 3542 uti
2965 3503 3185 3544 necesse
3216 3496 3317 3542 est.

199 3570 458 3644 χρῆσθαι.

289 3660 606 3715 Ἀκουστὸν
637 3660 898 3728 ποίησόν
917 3681 1018 3732 μοι
1046 3663 1113 3715 τὸ
1160 3664 1310 3732 πρωϊ
1339 3665 1403 3718 τὸ
1438 3667 1608 3732 ἔλεός
1643 3685 1780 3721 σου.

1955 3665 2008 3720 8.
2068 3666 2321 3719 Auditam
2357 3665 2442 3735 [ac
2478 3665 2607 3717 mihi
2647 3681 2800 3718 mane
2831 3663 3250 3718 misericordiam
3282 3673 3447 3718 tuam.

201 3752 319 3825 Τὴν
365 3752 610 3825 πρωῑνὴν
655 3754 949 3808 ἀνάστασιν
989 3754 1083 3807 τοῦ
1116 3755 1323 3827 Κυρίου
1369 3757 1550 3825 λέγει·
1583 3759 1782 3830 ῆτάχα

1886 3753 2206 3808 Matutinam
2252 3752 2466 3807 Domini
2514 3755 2968 3808 resurrectionem
2999 3753 3310 3819 signiﬁcat:
3358 3763 3452 3806 aut

203 3846 303 3896 καὶ
347 3845 447 3916 τὴν
501 3847 743 3916 πρωῖνὴν
783 3845 1080 3898 ἀνάστασιν
1121 3844 1335 3915 εὔχεται
1382 3849 1783 3918 παραγενέσθαι

1885 3845 2118 3899 fortasse
2168 3852 2321 3913 rogat
2367 3843 2624 3897 advenire
2657 3843 2978 3897 matutinam
3017 3843 3220 3897 Christi
3268 3859 3451 3897 resur-

204 3934 468 4006 Χριστοῦ,
495 3935 563 3987 δι’
594 3930 658 4006 ἧς
692 3934 1006 4007 ὲλεούμεθα.

1885 3938 2205 4001 rectionem,
2263 3949 2371 4005 qua
2405 3933 2837 3989 misericordiam
2893 3934 3172 3988 consecuti
3236 3949 3448 3988 sumus.

279 4025 589 4095 Γνὼρισόν
611 4045 739 4096 μοι,
774 4025 987 4097 Κύριε,
1021 4028 1166 4082 ὁδὸν
1206 4030 1275 4084 ἐν
1318 4024 1358 4105 ᾖ
1397 4031 1778 4099 πορεύσομαι.

1959 4027 2160 4082 Notam
2185 4028 2270 4097 fac
2297 4028 2446 4093 mihi,
2475 4026 2717 4090 Domine,
2751 4029 2887 4081 viam
2930 4028 2984 4080 in
3025 4044 3129 4097 qua
3168 4027 3445 4081 ambulem.

203 4116 321 4188 Τῆς
356 4119 717 4192 εὐαγγελικῆς
741 4119 1082 4184 διδασκαλίας
1115 4120 1333 4192 εὔχεται
1362 4125 1560 4192 τυχεῖν.

1508 4125 1560 4174 ἵν.
1888 4117 2266 4188 Erangelicam
2308 4117 2611 4171 doctrinam
2647 4115 2904 4184 consequi
2941 4124 3110 4184 rogat.

292 4209 540 4273 Ἐεέλου
586 4227 666 4280 με
711 4212 778 4265 ἐκ
812 4209 930 4266 τῶν
974 4211 1202 4280 ἐχθρῶν
1239 4231 1381 4281 μου.
1422 4213 1542 4266 Τῶν
1582 4211 1784 4283 νοητῶν

1954 4213 2007 4267 9.
2045 4210 2207 4281 Eripe
2250 4225 2330 4262 me
2361 4207 2424 4261 de
2468 4207 2697 4260 inimicis
2744 4206 2892 4260 meis.
2950 4203 3334 4275 Spiritualibus
3367 4204 3447 4256 ri-

201 4302 469 4374 δηλονότι.

1885 4306 2099 4365 delicet.

1257 4421 1379 4494 (Hic
1411 4423 1606 4480 desunt
1636 4422 1690 4476 in
1728 4423 1878 4478 Colb.
1905 4424 1939 4479 5
1958 4423 2205 4495 quadam
2232 4419 2404 4489 folia.)

466 4513 551 4581 Τῷ
576 4513 755 4568 Δαυῒδ
785 4515 932 4583 πρὸς
958 4513 1064 4568 τὸν
1089 4513 1333 4568 Γολιάθ.
1359 4518 1548 4570 PMF’.
1808 4533 1864 4590 ι)

1808 4533 1864 4590 ι)
2110 4513 2304 4567 0αυὶάὶ
2354 4511 2603 4566 adversus
2659 4507 2891 4565 Goliath.
2951 4507 3194 4564 CXLIII

281 4603 626 4675 Εὐλογητὸς
655 4605 868 4672 Κύριος
897 4607 930 4657 d
957 4605 1102 4671 Θεός
1125 4623 1263 4675 μου.
1313 4605 1406 4659 Ἐκ
1432 4605 1783 4678 περιχαρείας

1957 4608 2009 4662 1.
2057 4605 2369 4660 Benedictus
2404 4603 2657 4658 Dominus
2705 4601 2845 4655 Deus
2900 4617 3065 4655 meus.
3118 4601 3196 4656 Ex
3253 4602 3445 4674 gaudio

201 4698 269 4754 τὸ
295 4698 597 4771 προοίμιον.
640 4699 701 4750 '0
728 4694 1030 4750 διδάσκων
1054 4697 1160 4762 τὰς
1186 4695 1385 4764 χεῖράς
1405 4715 1523 4767 μου
1560 4699 1647 4762 εὶς
1675 4713 1784 4750 πα-

1887 4701 1992 4755 tale
2043 4699 2366 4768 prooemium
2410 4696 2693 4751 emittitur.
2733 4695 2838 4760 Qui
2888 4694 3036 4748 docet
3084 4710 3270 4753 manus
3307 4711 3446 4750 nicas

195 4789 475 4861 ράταξιν.
506 4791 708 4861 Χεῖρας
740 4789 838 4852 τὰς
881 4788 1105 4860 πράξεις
1149 4790 1312 4858 φησὶν
1350 4786 1487 4842 εἶναι
1515 4788 1611 4852 τὰς
1644 4790 1785 4843 κατά

1887 4793 1956 4846 ad
1989 4792 2254 4862 prcelium.
2304 4788 2498 4843 Manus
2531 4797 2688 4843 vocat
2719 4803 2881 4858 opera
2930 4802 3054 4841 cum
3086 4787 3282 4856 pietate
3318 4800 3447 4856 erga

205 4881 517 4938 θεοσέϐειαν
533 4882 850 4952 γενομένας,
874 4879 938 4933 δι’
952 4875 1026 4935 ὧν
1049 4879 1389 4952 πολεμοῦμεν
1412 4882 1503 4934 τὸν
1520 4882 1780 4935 Σατανᾶν.

1633 4883 1780 4935 ινᾶν.
1889 4884 2054 4937 Deum
2085 4881 2249 4949 facta,
2272 4895 2366 4951 per
2395 4896 2516 4950 qua:
2552 4880 2808 4934 Satanam
2831 4881 3235 4950 impugnamus.

282 4976 618 5041 Ἀνθρωπος
655 4974 1000 5042 ματαιότητι
1039 4973 1324 5043 ὡμοιώθη.
1369 4975 1636 5037 Ἕκαστος
1673 4973 1782 5028 τῶν

1953 4977 2007 5031 3.
2063 4975 2235 5030 Homo
2261 4974 2486 5028 vanitati
2530 4973 2720 5028 similis
2763 4973 2936 5042 factus
2964 4984 3060 5027 est.
3093 4972 3303 5044 Singuli
3350 4971 3446 5025 ho-

204 5067 510 5140 ἀνθρώπων
537 5064 617 5135 τῷ
642 5067 832 5136 κόσμῳ
851 5065 1026 5137 τούτῳ
1045 5065 1321 5137 ὡμοιιῖιθη.

1266 5081 1321 5136 η.
1883 5069 2058 5124 mines
2096 5068 2220 5122 huic
2247 5065 2450 5121 mundo
2489 5065 2693 5120 similes
2723 5074 2868 5119 sunt.

283 5162 636 5230 Ἀστραψον
670 5157 1011 5228 ἀστραπὴν,
1060 5160 1161 5212 καὶ
1199 5157 1502 5227 σκορπιεῖς
1540 5159 1778 5225 αὐτούς.

1951 5162 2005 5218 6.
2090 5160 2333 5231 Fulgura
2397 5159 2842 5219 coruscationem.
2892 5166 2942 5209 at
2995 5157 3280 5226 dissipabis
3333 5173 3443 5212 eos.

220 5250 531 5322 ’Δστραπὴν
559 5249 622 5302 τὸ
647 5250 997 5318 εὐαγγελικὸν
1030 5248 1292 5321 κήρυγμά
1316 5266 1500 5319 φησιν.

1884 5253 2089 5324 Fulgur
2113 5259 2271 5306 vocat
2301 5249 2669 5321 evangelicam
2704 5247 3161 5319 praedicationem.

293 5341 761 5406 Ἐξαπόστειλον
801 5339 915 5409 τὴν
942 5339 1109 5408 χεῖρά
1151 5355 1267 5394 σου
1309 5339 1378 5404 ἐξ
1417 5342 1646 5409 ὕψους’
1684 5341 1786 5404 ἐξ-

1952 5340 2004 5396 7.
2065 5340 2262 5395 Emitte
2294 5356 2508 5394 manum
2561 5349 2706 5392 tuam
2736 5337 2799 5391 de
2837 5338 2966 5404 alto,
3001 5338 3141 5407 eripe
3171 5353 3251 5391 me
3286 5347 3337 5391 et
3376 5339 3448 5392 li-

205 5433 354 5488 ἐλου
374 5450 470 5503 με,
494 5435 591 5488 καὶ
613 5433 800 5502 ῥῦσαι
819 5451 894 5503 με
913 5434 981 5498 ἐξ
1011 5433 1244 5488 ὑδάτων
1275 5433 1539 5498 πολλῶν,
1567 5434 1634 5487 ἐκ
1662 5450 1779 5502 χει-

1881 5432 2005 5486 bern
2032 5448 2110 5486 me
2149 5431 2212 5484 de
2244 5433 2394 5502 aquis
2428 5430 2630 5495 multis,
2665 5430 2729 5485 de
2777 5446 2936 5483 manu
2971 5428 3203 5498 ﬁliorum
3238 5428 3441 5483 alieno-

197 5524 314 5594 ρὸς
345 5522 492 5579 υἱῶν
519 5525 868 5594 ἀλλοτρίων.
901 5518 1011 5578 Ὧν
1037 5524 1103 5576 τὸ
1141 5528 1335 5594 στόμα
1376 5525 1641 5590 ἐλάλησε
1670 5541 1783 5593 μα-

1882 5539 2019 5576 rum.
2070 5522 2307 5587 Quorum
2363 5537 2420 5576 os
2477 5520 2711 5574 locutum
2761 5531 2838 5575 est
2887 5520 3162 5574 vanitates.
3205 5519 3328 5590 Agit
3376 5520 3444 5575 de

208 5617 543 5684 ταιότητας.
587 5615 707 5667 Τῶν
741 5615 1265 5686 περικυκλωσάντων
1315 5616 1460 5686 ἡμᾶς
1509 5615 1780 5686 λογισμῶν

1880 5613 2300 5685 cogitationibus
2341 5627 2464 5683 quae
2502 5627 2569 5667 ex
2602 5613 2906 5668 daemonum
2951 5611 3160 5666 insidiis
3203 5625 3304 5664 nos
3335 5610 3445 5664 cir-

209 5708 318 5763 ὑτεὺ
345 5711 444 5778 τῆς
485 5707 589 5763 τῶν
631 5707 901 5778 δαιμόνων
932 5708 1240 5780 ἐπιϐουλῆς.
1274 5709 1341 5760 Ἣ
1373 5708 1466 5762 καὶ
1499 5707 1663 5762 ὔδατα
1689 5708 1780 5762 τὸν

1879 5707 2227 5762 enmsistunt.
2270 5708 2376 5761 Ant
2401 5707 2538 5761 forte
2572 5721 2743 5776 aquas
2766 5704 2894 5759 dicit
2923 5702 3230 5759 Judzeorum
3266 5717 3443 5773 papu-

208 5798 320 5856 ῑῶν
366 5797 630 5854 Ἰουδαίων
659 5798 792 5870 φησὶ
834 5800 959 5854 λαὸν
997 5799 1083 5853 τὸν
1113 5797 1463 5853 κυκλώσαντα
1493 5799 1616 5863 τοὺς
1646 5801 1779 5853 ἀπο-

1883 5801 1991 5854 lnm
2036 5798 2128 5867 qui
2178 5797 2549 5854 circumdabat
2601 5796 2896 5867 apostolos,
2953 5805 3013 5850 ut
3061 5794 3336 5852 cohiberet
3378 5806 3442 5850 ac
