4058 6452
651 415 758 473 543
1499 411 1558 468 S.
1590 409 1958 466 ATHANASII
1996 407 2148 465 OPP.
2188 405 2388 462 PARS.
2431 404 2522 461 111.
2562 433 2626 444 -
2669 403 3077 458 EXECETICA.
3785 401 3894 457 5M

636 538 902 606 perderet.
959 536 1129 601 Atque
1185 535 1258 588 illi
1297 533 1398 601 ipsi
1462 531 1662 586 lderint
1713 530 1804 585 filii
1866 529 2048 586 alieni.
2108 527 2198 594 qui

2306 524 2544 587 στόλους.
2579 525 2637 575 ἐν
2661 522 2738 592 τῷ
2766 523 2982 591 συσχεῖν
3026 519 3121 574 καὶ
3155 519 3434 575 ἀπολέσαι.
3467 520 3575 574 Καὶ
3600 510 3748 573 οὗτοι
3777 516 3894 573 εἶεν

635 644 771 683 vana
828 627 1154 695 loquuntur:
1212 635 1263 679 et
1295 639 1414 692 quae
1463 639 1618 685 vana,
1671 622 1772 675 nisi
1818 637 1940 674 cum
1989 619 2198 673 Christo

2311 617 2417 670 υἱοὶ
2471 613 2920 685 ἠλλοτριωμένοι,
2961 614 3012 666 oi
3050 612 3144 666 καὶ
3193 611 3394 681 μάταια
3438 609 3743 673 λαλοῦντες.
3777 611 3893 662 Καὶ

633 721 874 776 dicere-t
911 739 923 774 :
979 718 1153 784 Quare
1184 728 1260 779 tu.
1321 719 1473 770 homo
1503 733 1618 769 cum
1678 717 1773 781 sis,
1817 715 1950 784 facis
1985 718 2198 782 teipsum

2307 714 2438 763 ποῖα
2469 710 2690 779 μάταια,
2731 708 2763 778 ἢ
2805 707 2866 760 τὸ
2899 706 3076 774 λέγειν
3115 707 3191 774 τῷ
3221 705 3459 776 Χριστῷσ
3489 703 3621 773 Πῶς
3649 707 3751 771 σὺ,
3781 707 3892 760 ἆν-

637 817 796 870 Deum
827 814 914 868 "i

703 909 754 963 9.
802 907 958 968 Deus.
991 908 1251 960 canticum
1292 922 1476 959 norum
1510 905 1730 958 cantabo
1767 905 1882 957 tibi.
1924 902 2206 968 Evangeli-

633 1017 755 1055 rum
789 1002 1028 1064 scilicet;
1074 1015 1254 1054 sermo
1281 1008 1459 1054 autem
1493 1009 1574 1052 est
1603 1013 1666 1050 ex
1701 1012 1932 1066 persona
1967 995 2202 1050 Davidis.

640 1092 699 1148 1η
729 1093 978 1161 psalterio
999 1091 1323 1146 deeachordo
1352 1090 1574 1156 psallam
1609 1089 1723 1142 tibi.
1761 1088 2082 1144 Psalterium
2115 1087 2206 1142 de-

631 1184 957 1239 cachordum
985 1193 1066 1238 est
1095 1198 1315 1251 eoi-pus.
1352 1181 1492 1250 quod
1527 1181 1767 1249 quinque
1794 1195 1987 1236 sensus
2018 1180 2200 1246 habet,

630 1287 684 1329 et
703 1275 939 1345 quinque
966 1274 1160 1329 anima:
1185 1272 1526 1342 operationes
1550 1290 1562 1325 :
1589 1271 1818 1342 singulis
1848 1272 2054 1327 scilicet
2079 1287 2201 1327 sen-

629 1366 778 1421 sibus
808 1366 995 1420 insunt
1023 1365 1248 1433 singulm
1276 1367 1635 1434 operatioues.

699 1457 787 1522 10,
820 1458 906 1513 ll.
951 1457 1055 1523 Qui
1091 1459 1188 1510 das
1231 1457 1454 1512 salutem
1488 1457 1693 1521 reaibus
1726 1456 1937 1508 uastris.
1983 1453 2199 1511 Sanctis

628 1549 834 1605 scilicet
881 1549 1164 1618 apostolis,
1191 1564 1330 1618 quos
1381 1549 1633 1602 Christus
1684 1548 1957 1616 principes
2004 1564 2194 1602 eorum

627 1641 926 1697 constituit.
966 1640 1069 1706 Qui
1102 1640 1368 1694 redemisti
1403 1637 1572 1692 David
1597 1655 1800 1693 servum
1831 1648 1976 1692 tuum
2002 1640 2065 1692 de
2087 1639 2200 1708 gla-

625 1733 714 1785 dio
745 1731 996 1801 maligna,
1026 1732 1164 1799 eripe
1193 1747 1291 1792 me,
1319 1739 1368 1784 et
1397 1745 1516 1782 erue
1551 1745 1632 1781 me
1672 1728 1736 1780 de
1774 1744 1932 1780 manu
1963 1728 2196 1796 filiorum

625 1824 936 1878 alienorum.
970 1822 1196 1892 Propter
1222 1835 1312 1877 tua
1349 1837 1470 1878 cum
1501 1819 1605 1873 illis
1633 1827 1810 1887 pacta.
1850 1833 2064 1873 omnem
2097 1836 2195 1873 no-

627 1917 724 1971 stri
771 1915 1189 1970 sollicitudinem
1236 1932 1414 1985 geras.
1455 1913 1704 1969 Gladium
1757 1928 1988 1978 namque
2035 1913 2191 1966 mali-

627 2026 814 2082 gnum,
852 2011 1173 2064 irruentium
1213 2010 1446 2065 furorem
1495 2020 1548 2065 et
1599 2009 1932 2065 ferocitatem
1968 2008 2194 2062 vocavit.

628 2099 780 2168 ipsos
807 2107 987 2154 autem
1017 2099 1223 2154 alienos
1253 2107 1431 2162 vocat,
1466 2109 1650 2169 utpote
1685 2100 1897 2167 impios.

698 2275 784 2329 12.
829 2274 1066 2340 Quorum
1099 2278 1201 2345 filii
1228 2278 1362 2331 sicut
1400 2279 1614 2332 noecllce
1642 2279 1994 2346 plantationes
2023 2279 2074 2331 in
2105 2278 2198 2345 juo

627 2376 830 2420 wntute
857 2385 973 2423 sua.
1011 2367 1140 2438 Ejus
1172 2369 1262 2439 qui
1294 2369 1588 2441 secundum
1623 2386 1842 2425 carnem
1881 2379 1965 2425 est
1991 2371 2198 2438 populi,

628 2458 822 2523 inquit.
858 2458 1111 2514 florentes
1156 2469 1325 2524 sunt;
1363 2459 1480 2529 ejus
1527 2469 1707 2514 autem
1757 2461 1848 2528 qui
1899 2459 2198 2514 secundum

625 2547 897 2612 Spiritum,
942 2548 1197 2603 humiles.
1246 2546 1312 2602 Hi
1353 2563 1590 2617 namque
1636 2557 1763 2602 sunt
1815 2550 1905 2616 qui
1962 2548 2196 2602 dicunt:

632 2639 858 2692 Etiamsi
905 2641 1134 2693 exterior
1180 2649 1355 2694 noster
1396 2641 1549 2694 homo
1579 2643 1955 2711 corrumpitur,
1981 2642 2200 2695 interior

628 2740 909 2780 renovatur
923 2730 988 2782 ”.

702 2815 859 2873 Filia
888 2834 1066 2872 eorum
1090 2820 1410 2888 compositas,
1440 2821 1840 2874 circumornatae
1871 2831 1925 2873 ut
1949 2822 2201 2875 similitu-

628 2910 695 2963 do
719 2910 914 2973 templi.
957 2909 1030 2963 De
1057 2920 1253 2964 ornatu
1289 2912 1527 2966 terrestri
1552 2913 1807 2978 loquitur.
1835 2913 2197 2978 Quamobrem

629 3017 737 3056 non
774 3001 1032 3071 templum
1071 3001 1161 3055 Dei
1202 3001 1354 3057 facta!
1385 3012 1533 3066 sunt,
1562 3004 1702 3059 sicut
1743 3013 1946 3060 sancta:
1975 3006 2201 3062 creden-

627 3098 764 3154 tium
824 3099 1054 3164 animae;
1107 3100 1200 3154 sed
1247 3099 1544 3155 similitudo
1596 3103 1798 3171 templi.
1862 3101 2201 3159 Simulabant

2307 805 2538 870 θρωπος
2569 799 2672 860 ὢν.
2705 799 2892 864 ποιεῖς
2920 798 3179 851 σεαυτὸν-
3213 799 3392 860 δεύῃ

2389 892 2441 944 Ὀ
2471 892 2633 957 Θεὸς.
2663 891 2827 957 ᾠδὴν
2855 888 3074 955 καινὴν
3103 887 3326 957 ᾄσομαι
3362 907 3479 944 σοι.
3509 890 3621 960 Τὴν
3648 891 3885 957 εὐαγγε-

2304 982 2459 1052 λικὴν
2489 983 2730 1053 δηλονότι
2769 983 2856 1048 Ἐξ
2891 982 3055 1036 αὐτοῦ
3085 983 3141 1036 δὲ
3165 981 3258 1035 τοῦ
3286 981 3576 1054 προσώπου
3605 982 3697 1036 τοῦ
3724 982 3888 1036 Δαυῒδ

2303 1074 2330 1126 δ
2363 1073 2518 1141 λόγος
2544 1073 2708 1126 ἐστίν,
2727 1075 2830 1127 Ἐν
2853 1074 3162 1142 gradum/cp
3188 1073 3528 1142 δεκαχόρδῳ
3555 1072 3732 1141 ηιξ-ιι.ἳῶ
3757 1090 3882 1127 σοι.

2302 1166 2616 1236 Ψαλτήριον
2642 1165 2962 1236 δεκάχορδον
2995 1166 3055 1219 τὸ
3087 1166 3244 1235 σῶμά
3267 1167 3432 1228 ἐστιν,
3465 1166 3559 1219 ἆτε
3607 1166 3767 1219 πέντε
3797 1169 3884 1220 αι-

2305 1259 2523 1328 σθήσεις
2549 1259 2690 1329 ἔχον.
2718 1261 2811 1312 καὶ
2842 1259 3000 1313 πέντε
3030 1259 3312 1331 ἐνεργείας
3329 1260 3525 1330 ψυχῆς,
3551 1260 3616 1314 δι’
3645 1261 3883 1333 ἑκάστης

2301 1349 2607 1420 αίσθήσεως
2635 1349 2963 1422 γιγνομένης
2996 1351 3274 1424 ἐνεργείας
3304 1353 3556 1424 ἑκάστης.

2376 1443 2458 1507 Τῷ
2530 1442 2752 1496 διδόντι
2829 1443 2945 1511 τὴν
2993 1445 3296 1512 σωτηρίαν
3344 1445 3467 1510 τοῖς
3510 1445 3885 1510 βασιλεῦσιν

2298 1534 2485 1606 ἡμῶν.
2519 1535 2645 1601 Τοῖς
2675 1535 2853 1604 ἁγίοις
2899 1536 3236 1601 ἀποστόλοις,
3264 1535 3357 1602 οὓς
3400 1537 3732 1608 κατέστησεν
3777 1538 3880 1609 ἄρ-

2297 1645 2490 1699 χοντας
2521 1627 2701 1680 αὐτῶν
2729 1627 3024 1698 ὁΧριστός.
3050 1625 3134 1692 Τῷ
3160 1629 3544 1698 ,κυτρουμένῳ
3567 1629 3750 1684 Δαυῒδ
3775 1629 3884 1685 τὸν

2297 1719 2522 1773 δοῦλον
2570 1719 2756 1773 αὐτοῦ
2792 1719 2861 1773 ἐκ
2895 1720 3198 1788 ῥομφαίας
3239 1720 3505 1788 πονηρᾶς
3531 1737 3544 1750 ·
3570 1720 3766 1788 ῥῦσαι
3803 1740 3884 1788 με

2298 1811 2394 1865 καί
2425 1811 2642 1876 ἐξέλοι)
2668 1829 2744 1881 με
2770 1811 2838 1866 ἐκ
2872 1812 3070 1881 χειρὸς
3094 1811 3240 1866 υιῶν
3265 1813 3614 1879 ἀλλοτρΙων.
3649 1814 3748 1868 Διὰ
3771 1817 3882 1886 γὰρ

2295 1903 2394 1965 τὰς
2424 1903 2559 1973 πρὸς
2588 1903 2825 1966 ἐκείνους
2856 1902 3126 1973 συνθήκας
3155 1904 3335 1956 πᾶσαν
3365 1902 3524 1974 ἡμῶν
3555 1903 3882 1972 κηδεμονίαν

2298 1993 2542 2062 ποίησον.
2561 1995 2864 2064 Ῥομφαίαν
2904 1993 3012 2064 γὰρ
3039 1994 3279 2064 πονηρὰν
3311 1993 3419 2048 τῶν
3457 1994 3791 2049 ἐπελθόντων
3820 1997 3882 2051 τδ

2300 2085 2526 2155 μανικὸν
2557 2087 2649 2140 καὶ
2682 2086 2944 2157 Θηριῶδες
2976 2086 3229 2140 ἐκάλεσε⁸
3266 2086 3392 2151 τοὺς
3421 2086 3476 2140 δέ
3502 2087 3701 2152 αὐτοὺς
3728 2087 3881 2142 ἁλλο-

2295 2177 2500 2249 τρίους,
2526 2177 2600 2242 ὡς
2626 2177 2922 2241 δυσσεϐεῖς.

2365 2268 2476 2326 Ὧν
2513 2275 2568 2325 οι
2604 2271 2722 2325 υιοι
2760 2270 2958 2326 αὐτῶν
2985 2272 3065 2337 ὡς
3093 2273 3357 2339 νεόφυτα
3383 2270 3668 2340 ἱδρυμένα
3706 2271 3777 2325 ἐν
3806 2270 3884 2337 τῇ

2295 2365 2528 2428 νεότητι
2567 2362 2781 2416 αὐτῶν.
2825 2362 2930 2415 Τοῦ
2964 2362 3104 2415 κατὰ
3147 2363 3324 2434 σάρκα
3354 2361 3482 2415 λαοῦ
3525 2362 3656 2425 υἱοὶ,
3692 2361 3880 2431 φησὶν,

2299 2453 2544 2516 εὐθαλεῖς
2571 2455 2676 2505 είσι
2697 2470 2711 2483 ’
2754 2451 2847 2505 τοῦ
2881 2451 2938 2505 δέ
2971 2451 3112 2504 κατὰ
3145 2452 3360 2520 πνεῦμα
3399 2453 3876 2522 τεταπεινωμένοι.

2302 2540 2475 2600 Οὗτοι
2502 2543 2613 2614 γάρ
2645 2547 2802 2600 εἰσιν
2827 2547 2882 2598 ol
2909 2544 3220 2612 λέγοντες-ο
3263 2547 3332 2599 Ei
3362 2545 3457 2598 καὶ
3495 2549 3528 2600 ό
3557 2545 3676 2608 ἔξω
3708 2544 3882 2614 ἡμῶν

2297 2637 2606 2706 ἅνθρωπος
2649 2635 3063 2704 διαφθείρεται,
3103 2637 3238 2690 ἀλλ’
3269 2640 3302 2690 ό
3348 2637 3469 2691 ἔσω
3516 2638 3879 2693 ἀνακαινοῦ-

2299 2746 2414 2782 ται.

2369 2823 2439 2875 Al
2467 2819 2785 2887 θυγατέρες
2813 2819 3011 2874 αὐτῶν
3043 2822 3626 2890 κεκαλλωπισμέναι,
3654 2835 3883 2889 περικε-

2299 2910 2668 2980 κοσμημέναι
2704 2911 2784 2976 ὡς
2818 2911 3076 2979 ὁμοίωμα
3096 2911 3263 2964 ναοῦ.
3288 2911 3375 2981 Τῷ
3406 2913 3632 2982 ἐπιγείῳ
3665 2912 3878 2983 κόσμῳ.

2298 3002 2390 3056 Διὸ
2423 3003 2518 3055 καὶ
2548 3002 2608 3054 οὐ
2642 3001 2768 3064 ναὸς
2793 3000 2927 3054 Θεοῦ
2957 3003 3260 3069 γεγόνασιν,
3293 3003 3368 3064 ὼς
3387 3006 3444 3055 αἱ
3479 3003 3632 3070 ἅγιαι
3660 3004 3766 3057 τῶν
3789 3023 3884 3059 πι-

2301 3093 2639 3148 στευσάντων
2665 3091 2851 3161 ψυχαὶν
2877 3091 2990 3145 ἀλλ’
3013 3093 3261 3161 ὁμοίωμα
3287 3091 3414 3146 ναοῦ
3435 3110 3448 3122 ⁸
3487 3095 3882 3163 προσεποιοῦν-

628 3192 772 3245 enim
806 3207 862 3245 se
887 3191 1182 3246 secundum
1219 3193 1386 3261 legem
1410 3193 1572 3246 vitam
1607 3211 1785 3264 agere.
1811 3197 1880 3249 At
1907 3197 1958 3250 in
1984 3213 2042 3252 se
2069 3197 2198 3252 Ver-

2302 3201 2359 3238 το
2390 3183 2498 3254 γὰρ
2521 3182 2618 3252 τὴν
2643 3179 2783 3234 κατὰ
2803 3179 2965 3251 νόμον
2987 3180 3396 3250 ἐπιτηδεύουσαι
3425 3181 3720 3235 πολιτείαν.
3739 3183 3881 3234 Ἀλλ’

629 3281 758 3336 bum
794 3296 899 3334 non
931 3279 1222 3346 habebant,
1257 3280 1348 3335 sed
1382 3281 1676 3352 malignum
1711 3284 1982 3352 spiritum.

699 3455 786 3512 l3.
833 3454 1206 3524 Promptuaria
1222 3475 1399 3512 eorum
1420 3459 1594 3526 plena.
1619 3464 1915 3517 eructantia
1939 3480 2002 3517 ea:
2027 3465 2118 3519 hoc
2147 3467 2201 3520 in

631 3550 780 3605 illud.
824 3550 1264 3607 Recoudiderunt
1289 3553 1435 3608 enim
1463 3568 1570 3607 non
1601 3554 1872 3621 cmlesnes,
1905 3556 1998 3610 sed
2033 3565 2196 3611 terre-

628 3655 730 3696 nas
761 3641 999 3697 divitias.

699 3731 784 3786 14.
830 3735 959 3787 Oves
1004 3748 1181 3786 eorum
1208 3732 1408 3800 [ασθαι.
1444 3733 1770 3787 abundantes
1812 3735 1868 3788 in
1914 3738 2202 3806 egressibus

629 3824 760 3889 suis,
792 3835 897 3881 etc.
938 3823 1162 3893 Pinguia
1210 3834 1262 3880 et
1311 3824 1536 3880 fecunda
1575 3836 1702 3881 sunt
1748 3843 1941 3896 pecora
1987 3844 2200 3885 eorum.

633 3911 756 3967 Non
801 3925 878 3968 est
926 3919 1077 3969 ruina
1124 3918 1367 3971 maceria:
1414 3935 1574 3986 neque
1619 3921 1896 3975 transitus.
1936 3919 2203 3992 Magnam,

631 4009 826 4078 inquit,
864 4009 1170 4064 felicitatem
1201 4011 1342 4064 nacti
1386 4022 1548 4077 sunt;
1579 4027 1700 4080 quae
1737 4023 1916 4069 tamen
1946 4016 2010 4069 ad
2044 4016 2204 4071 tinem

631 4115 804 4169 usque
838 4117 946 4153 nou
984 4102 1317 4169 perduralnit.
1361 4101 1492 4155 Illud
1544 4103 1689 4156 enim
1745 4104 1796 4156 in
1846 4105 1954 4158 alio
1998 4108 2208 4175 psalmo

632 4193 817 4249 docuit
847 4193 930 4248 his
966 4192 1142 4249 verbis
1177 4214 1190 4248 :
1231 4192 1481 4262 Dejecisti
1504 4211 1590 4250 eos
1621 4194 1743 4248 dum
1776 4196 2157 4254 elevarenlur‘.

704 4368 788 4423 i5.
832 4370 1052 4425 Beatum
1083 4372 1326 4425 dixerunt
1360 4372 1606 4441 populum
1635 4374 1718 4426 cui
1749 4375 1858 4426 Ιιιτι·
1887 4383 2043 4427 sunt:
2071 4374 2207 4428 Bea-

635 4468 716 4510 tus
748 4458 968 4527 populus
1004 4460 1152 4523 cuius
1189 4459 1443 4514 Dominus
1487 4459 1619 4515 Deus
1665 4462 1796 4524 eius.
1842 4461 1908 4517 Ει
1963 4463 2036 4518 illi
2088 4465 2207 4532 qui-

2299 3276 2398 3328 οὐκ
2449 3274 2604 3344 ἔσχον
2659 3274 2716 3326 ἐν
2768 3272 2959 3335 αὑταῖς
3003 3273 3094 3324 τὸν
3127 3273 3318 3341 Λόγον,
3351 3272 3486 3326 ἀλλὰ
3532 3274 3594 3326 τὸ
3643 3275 3885 3346 πονηρὸν

2306 3364 2536 3434 πνεῦμα.

2375 3458 2450 3512 Τὰ
2474 3456 2701 3526 ταμιεῖα
2736 3455 2934 3510 αὐτῶν
2965 3454 3163 3524 πλήρη
3196 3455 3624 3524 ἐξερευγόμπα
3650 3455 3718 3508 ἐκ
3744 3459 3883 3509 τού-

2302 3566 2406 3601 του
2443 3551 2528 3612 εις
2569 3547 3180 3618 τοῦτο.Ἐθησαύρισαν
3223 3548 3331 3618 γὰρ
3364 3547 3424 3602 οὐ
3472 3547 3564 3602 τὸν
3609 3548 3888 3620 οὐράνιον,

2302 3640 2436 3694 ἀλλὰ
2468 3641 2557 3694 τὸν
2583 3641 2825 3708 ἐπίγειον
2854 3640 3102 3694 πλοῦτον.

2381 3731 2454 3785 Τὰ
2498 3733 2762 3796 πρόϐατα
2806 3731 3003 3785 αὐτῶν
3042 3732 3367 3795 πολυτόκα,
3399 3736 3782 3800 πληθύνοντα
3815 3736 3889 3788 ἐν·

2305 3822 2432 3888 ταῖς
2460 3823 2693 3888 ἐξόδοις
2725 3823 2944 3877 αὐτῶν.
2983 3822 3149 3876 Πίονα
3173 3822 3228 3877 δὲ
3257 3823 3435 3878 αὐτῶν
3476 3827 3569 3880 καὶ
3612 3827 3886 3894 πολύγονα

2304 3914 2374 3967 τὰ
2405 3916 2597 3984 κτήνη.
2621 3916 2742 3967 Οὐκ
2769 3914 2899 3968 ἔστι
2951 3914 3308 3986 κατάπτωμαι
3330 3921 3602 3989 φραγμοῦ
3632 3921 3772 3977 οὐδὲ
3800 3924 3890 3978 δεμ

2304 4007 2532 4072 έξοδος.
2562 4005 2787 4077 Πολλὴν,
2820 4008 3001 4078 φησὶν,
3023 4007 3177 4078 ἔσχον
3201 4008 3298 4079 τὴν
3331 4012 3650 4083 εὐημερίαν·
3685 4015 3798 4068 ἀλλ’
3824 4019 3888 4071 οὐ

2310 4100 2468 4170 μέχρι
2521 4100 2706 4162 τέλους
2753 4100 2935 4163 αὐτοῖς
2984 4102 3257 4171 στήσεται.
3292 4101 3463 4156 Τοῦτο
3493 4105 3603 4175 γὰρ
3651 4109 3709 4160 ἐν
3740 4109 3891 4178 ᾅλλιρ

2306 4191 2504 4262 ψαλμῷ
2545 4193 2780 4257 ἐδίδαξεν
2814 4192 3011 4248 εἰπών·
3067 4194 3400 4264 Κατέϐτιλες
3437 4199 3658 4266 αὐτοὺς
3697 4201 3765 4254 ἐν
3806 4204 3891 4269 τῷ

2307 4283 2660 4352 ἐπαρθῆναι.

2408 4376 2797 4444 Εμακάρισαν
2827 4379 2935 4431 τὸν
2973 4380 3129 4433 λαὸν
3172 4372 3220 4444 ᾧ
3253 4381 3436 4434 ταῦτά
3479 4384 3638 4435 ἐστι’
3688 4400 3890 4452 μακε-

2302 4485 2433 4535 plac
2461 4472 2494 4522 ό
2524 4471 2674 4536 λαὸς
2697 4466 2770 4525 οὗ
2799 4472 3012 4539 Κύριος
3038 4476 3071 4526 ό
3099 4473 3243 4537 Θεὸς
3274 4475 3478 4528 αὑτοῦ.
3507 4477 3568 4529 Οἱ
3601 4475 3674 4545 μὴ
3707 4476 3841 4545 ὀρθὸ
3858 4495 3891 4540 ις

631 4551 752 4602 dem
787 4566 895 4603 non
927 4561 1070 4605 recte
1101 4551 1421 4620 iudicantes.
1448 4555 1539 4608 sed
1569 4569 1688 4622 quae
1711 4571 1928 4608 carnem
1961 4566 2198 4625 spectant

2311 4561 2603 4631 κρίνοντες,
2630 4562 2764 4615 ἀλλὰ
2790 4564 2885 4616 καὶ
2910 4563 3047 4616 αὐτὰ
3076 4563 3466 4632 φανταζόμενοι
3493 4565 3558 4620 τὰ
3589 4544 3841 4636 expungi
3858 4567 3892 4622 δ

633 4641 812 4710 magni
849 4640 1129 4708 facientes,
1161 4658 1284 4696 eum
1316 4645 1405 4712 qui
1435 4644 1549 4700 lure
1579 4645 1755 4714 ample
1780 4646 2053 4713 possideat
2077 4648 2205 4701 bea-

632 4737 750 4785 tum
783 4745 904 4784 esse
937 4732 1266 4786 existimant.
1293 4730 1492 4788 Verum
1521 4735 1572 4788 id
1608 4752 1947 4804 nequaquam
1978 4737 2207 4793 felicitas

2303 4652 2508 4705 τούτων
2540 4654 2598 4705 ἐν
2625 4653 2919 4706 ἀπολαύσει
2945 4653 3194 4720 γενέσθαι
3229 4655 3392 4726 πολλῇ
3433 4656 3698 4727 μακάριον
3741 4653 3890 4712 εἶναι

2307 4743 2635 4813 νομίζουσιν.
2662 4745 2774 4798 Οὐκ
2798 4745 2911 4798 ἔστι
2935 4745 2990 4798 δὲ
3010 4744 3165 4798 τοῦτο
3197 4748 3464 4819 μακάριον
3482 4767 3494 4778 ·
3518 4749 3650 4803 ἀλλὰ
3676 4749 3734 4803 τὺ
3763 4752 3839 4804 ἐπ
3858 4783 3890 4803 .-

631 4834 733 4876 est.
766 4820 870 4875 Sed
904 4822 1154 4876 invocare
1183 4822 1470 4879 Dominum
1517 4825 1683 4881 Deum
1715 4842 1871 4882 suum
1922 4828 2093 4898 (illud
2125 4837 2198 4884 est

2309 4835 2588 4889 καλεῖσθαι
2612 4835 2816 4909 Κύριον
2844 4837 2935 4890 τὸν
2967 4836 3095 4892 Θεὸν
3129 4837 3314 4893 αὐτοῦ.

633 4929 760 4969 vere
787 4912 1062 4984 felicitas).

966 5005 1228 5060 Laudatio
1257 5009 1357 5075 ipsi
1391 5008 1573 5062 David.
1606 5009 1836 5064 CXLIV

706 5099 755 5151 l.
801 5096 1064 5152 Exaltabo
1089 5109 1154 5164 te,
1188 5099 1324 5153 Deus
1346 5118 1488 5156 meus
1515 5141 1529 5162 .
1562 5117 1651 5153 rea:
1675 5119 1833 5156 incus.
1875 5100 1992 5156 Non
2020 5105 2202 5158 altitu-

630 5188 814 5242 dinem
865 5189 964 5256 ipsi
1015 5191 1107 5244 dat
1152 5191 1306 5258 quasi
1341 5207 1401 5246 ea
1435 5203 1653 5257 careat;
1691 5195 1781 5248 sed
1813 5195 1935 5250 aliis
1965 5195 2202 5251 declarat

629 5293 749 5334 eam
785 5279 961 5347 ipsqu
997 5281 1258 5338 obtinere.
1291 5282 1460 5350 Quale
1491 5295 1574 5338 est
1607 5285 1734 5338 illml
1774 5305 1787 5340 :
1829 5285 2008 5352 Pater,
2040 5289 2203 5342 clari-

631 5366 734 5436 ﬁca
765 5383 948 5421 nomen
976 5382 1122 5422 tuum
1150 5373 1203 5423 in
1235 5375 1432 5426 terra’.
1465 5372 1578 5426 Non
1605 5386 1755 5444 rogat
1781 5377 1924 5429 enim
1960 5392 2078 5432 eam
2110 5394 2201 5433 ac-

631 5458 808 5523 cipere
842 5475 1003 5526 quam
1052 5479 1156 5515 non
1209 5463 1387 5526 habet.
1423 5467 1514 5522 sed
1549 5482 1665 5521 eam
1706 5483 1867 5536 quam
1894 5468 2055 5522 hahet
2090 5485 2204 5524 ma-

632 5545 901 5608 nifestari.
943 5560 1001 5604 ut
1044 5551 1242 5608 indicat
1303 5556 1432 5609 illud
1471 5575 1483 5608 :
1517 5556 1768 5624 Clariﬁca
1824 5573 1902 5610 me
1952 5557 2200 5614 claritate

629 5656 788 5708 quam
821 5641 979 5696 habui
1007 5646 1146 5712 apud
1184 5657 1230 5700 te
1263 5659 1540 5718 antequam
1576 5650 1799 5702 mundus
1825 5650 1972 5717 ﬁeret
1991 5650 2032 5705 ³.

2705 5018 2947 5083 Αἵνεσις
2974 5015 3054 5082 τῷ
3083 5017 3280 5072 Δαυΐδ.
3311 5021 3489 5072 PMA'.

2387 5109 2626 5178 Ὑψώσω
2667 5125 2758 5170 σε,
2798 5111 2830 5162 ό
2865 5111 3008 5176 Θεός
3033 5127 3172 5178 μου,
3205 5114 3239 5164 ό
3270 5112 3569 5176 βασιλεύς
3598 5130 3733 5180 μου.
3767 5115 3833 5164 0t
3858 5132 3888 5182 χ

2313 5201 2388 5265 ὡς
2425 5201 2499 5272 μὴ
2534 5201 2707 5270 ἔχοντι
2733 5199 2789 5252 δέ
2818 5200 3030 5254 δίδωσιν
3062 5200 3193 5270 ὕψος
3213 5219 3226 5232 ·
3268 5201 3402 5255 ἀλλὰ
3437 5205 3546 5263 τοῖς
3575 5203 3749 5265 ἄλλοις
3772 5203 3833 5256 δε
3858 5209 3886 5244 ‘—

2308 5310 2492 5347 κνυσιν
2541 5291 2749 5361 ἔχοντα.
2779 5291 3018 5344 Ὅτι-οἶον·
3068 5295 3278 5362 Πάτερ,
3332 5293 3598 5356 δόξασόν
3644 5307 3757 5346 σου
3816 5293 3883 5347 τό

2311 5385 2495 5452 ὄνομα
2530 5383 2601 5436 ἐν
2626 5382 2701 5451 τῇ
2861 5385 2936 5437 Οὐ
2967 5384 3075 5455 γὰρ
3101 5386 3165 5453 ἢν
3201 5386 3274 5455 μὴ
3313 5381 3455 5454 εἶχεν
3483 5387 3638 5445 αίτεῖ,
3672 5384 3787 5437 ἀλλ’
3817 5389 3831 5435 ι
3858 5401 3882 5433 ν

2310 5477 2403 5530 καὶ
2431 5471 2541 5547 εἶχε
2565 5475 2871 5546 δειχθῆναι·
2901 5476 2976 5539 ὡς
3000 5477 3149 5544 δηλοῖ
3177 5477 3236 5529 τό
3254 5495 3268 5507 ο
3301 5477 3573 5540 Δόεασόν
3592 5494 3667 5546 με
3693 5475 3769 5543 τῇ
3791 5476 3829 5528 δ
3858 5476 3882 5512 ί-

2307 5567 2384 5634 εῃ
2509 5564 2674 5638 εἶχον
2699 5569 2857 5638 παρὰ
2897 5569 2995 5622 σοι
3024 5567 3136 5635 πρὸ
3162 5567 3268 5620 τοῦ
3299 5568 3407 5621 τὸν
3436 5569 3666 5638 κόσμον
3701 5564 3829 5635 τετοέ
3858 5594 3880 5605 -

2307 5662 2468 5712 σθαι.

698 5821 744 5853 ⁸⁸
773 5820 928 5880 Joan.
975 5843 1026 5889 ι,
1085 5825 1173 5882 33.
1249 5831 1292 5860 ”
1335 5829 1377 5883 ll
1403 5830 1528 5886 Cor.
1567 5847 1639 5898 ιν,
1677 5830 1759 5886 16.
1843 5833 1854 5864 ¹
1899 5834 2038 5890 Psal.
2079 5849 2251 5900 Lxxn,
2281 5837 2364 5892 l8.
2443 5839 2461 5868 '
2502 5837 2657 5893 Joan.
2698 5855 2794 5902 χιι,
2830 5837 2917 5893 28.
2997 5836 3185 5891 “Joan.
3230 5853 3354 5900 xvu,
3382 5837 3433 5890 5.
