4058 6464
188 375 296 431 545

262 496 398 549 Καθ’
424 493 691 560 ἑκάστην
727 509 954 563 ημεραν
985 493 1299 562 εὐλογήσω
1321 510 1415 548 σε.
1433 495 1600 566 ’Λρχη
1628 496 1756 568 παρ’
1789 502 1834 559 Α

195 585 469 656 Ἑϐραίοις
507 585 599 638 τοῦ
635 585 896 656 παρόντος
931 585 1111 654 στίχου
1154 584 1214 637 τὺ
1245 584 1387 654 Βήο.
1421 586 1670 640 Διδάσκει
1704 588 1759 640 δὲ

181 676 260 738 ὡς
287 674 345 728 οὐ
373 675 498 745 μίαν
525 676 735 745 ἡμέραν
763 674 1191 743 παραπεμπτέον
1222 673 1403 744 ὓμνων
1426 677 1758 750 χωρίς.”ολῃ

187 769 288 837 μὲν
317 764 408 822 οὖν
432 767 575 836 ψ’)χῇ
605 767 697 819 καὶ
731 764 936 833 διανοίᾳ
962 763 1127 832 ὑψοῦν
1157 765 1236 818 δεῖ
1281 767 1373 818 καὶ
1398 767 1636 834 εὐλογεῖν
1669 768 1757 822 τὸν

182 861 318 912 θεὸν
336 877 348 888 ·
380 859 437 911 τὸ
466 860 634 927 ονομα
662 857 716 908 δὲ
743 857 906 910 αὑτοῦ
930 856 1167 918 δοξάζειν
1203 855 1414 927 θνητοῖς
1444 857 1669 928 ὀνόμασί
1696 877 1756 912 τε

182 951 279 1002 καὶ
311 952 568 1021 ῥήμασιν.

256 1045 444 1098 Γενεὰ
489 1042 587 1095 καὶ
636 1042 808 1111 γενεὰ
854 1040 1152 1096 ἐπαινέσει
1182 1041 1252 1095 τὰ
1292 1043 1432 1112 ἔργα
1472 1057 1610 1095 σου.
1641 1041 1750 1114 Τὴν

177 1136 503 1206 ἀμφοτέρων
534 1135 664 1205 φησι
692 1133 832 1187 λαῶν
859 1132 1210 1203 συναχθεῖσαν
1249 1133 1573 1201 Ἐκκλησίαν
1601 1134 1662 1186 ἐκ
1688 1151 1746 1186 τε

179 1229 290 1281 τῶν
317 1229 381 1280 ὲκ
409 1225 704 1296 περιτομῆς
745 1225 837 1277 καὶ
863 1223 968 1276 τῶν
997 1224 1054 1290 ἐξ
1081 1223 1454 1294 ὲθνῶν.Ἔργα
1478 1224 1534 1277 δὲ
1560 1224 1745 1288 αὐτοῦ,

175 1318 213 1371 ἃ
249 1318 536 1387 πεποίηται
587 1317 644 1368 ὲν
689 1317 754 1386 τῇ
806 1314 1065 1384 ἐπιδημία
1120 1313 1285 1383 φησί·
1313 1313 1663 1385 πολυτρόπως
1694 1313 1750 1367 δὲ

175 1410 320 1464 αὐτὰ
367 1410 556 1480 ὑμνεῖσ
590 1409 836 1478 δύναμιν,
870 1408 962 1461 καὶ
994 1405 1481 1478 μεγαλοπρέπειαν,
1526 1406 1618 1458 καὶ
1664 1406 1750 1460 δό-

175 1500 297 1564 ξαν,
342 1499 436 1552 καὶ
464 1497 790 1568 ἁγιωσύνην,
819 1497 911 1550 καὶ
954 1495 1254 1567 θαυμάσιαι
1294 1497 1384 1549 καὶ
1409 1496 1566 1550 πάλιν
1591 1496 1750 1548 δύνα-

176 1611 274 1663 μιν
305 1594 398 1646 καὶ
427 1592 812 1663 μεγαλωσύνην
841 1590 930 1643 καὶ
960 1589 1320 1661 χρηστότητα,
1351 1589 1442 1642 καὶ
1474 1588 1745 1643 δικαιοσύ-

172 1702 276 1755 νην
300 1686 391 1738 καὶ
419 1685 732 1756 οἰκτιρμοὺς
761 1682 1198 1755 προσαγορεύων.

1242 371 1602 429 EXPOSITIO
1640 373 1707 430 IN
1747 374 2074 433 PSALMUM
2114 376 2341 435 CXLVI.

3314 377 3416 435 546

1930 499 1981 552 ‘3.
2023 499 2126 553 Per
2170 500 2400 570 singulos
2447 501 2556 556 dies
2604 500 2899 552 benedicam
2951 498 3064 554 tibi.
3107 499 3258 569 Apud
3313 498 3415 556 He-

1857 588 2027 644 brmos
2075 589 2286 643 initium
2335 590 2615 659 praesentis
2657 589 2906 643 versiculi
2956 588 3212 644 estBetli.
3251 587 3416 646 Docet

1853 685 2055 740 autem,
2088 677 2286 730 nullam
2335 692 2453 731 esse
2501 678 2640 731 diem
2687 678 2890 747 absque
2935 677 3146 748 hymnis
3193 687 3425 747 preter-

1853 769 2188 822 mittendam.
2219 767 2351 822 Tota
2384 770 2547 840 igitur
2576 770 2779 832 anima,
2818 779 2926 823 tota
2951 779 3149 837 mente,
3176 771 3418 826 exaltare

1853 857 2043 920 Deum,
2081 868 2134 912 et
2187 860 2503 915 benedicere
2553 861 2627 914 illi
2676 871 2907 930 Oportet,
2946 877 3250 932 nomenque
3297 865 3416 934 ejus

1855 948 2153 1017 glorilicarc
2182 951 2503 1005 mortalibus
2535 952 2846 1006 nominibus
2875 966 3035 1020 atque
3060 953 3262 1008 verbis.

1923 1039 1976 1092 4.
2020 1039 2296 1094 Ceneratio
2322 1050 2370 1095 et
2397 1043 2660 1112 generatio
2698 1042 2935 1095 laudabit
2972 1058 3126 1111 opera
3169 1053 3279 1109 ιιια,
3307 1052 3410 1097 etc.

1852 1127 2145 1185 Ecclesiam
2176 1132 2252 1185 ait
2281 1148 2346 1187 ex
2377 1134 2640 1187 ambobus
2672 1134 2885 1202 populis
2916 1144 3314 1204 congregatam,
3347 1151 3412 1187 ex

1851 1221 2262 1278 circumcisione
2310 1225 2516 1278 scilicet
2559 1235 2612 1278 et
2654 1239 2719 1278 ex
2771 1225 3037 1294 gentibus.
3080 1224 3209 1294 Ejus
3237 1236 3412 1279 autem

1850 1327 2011 1382 opera
2047 1322 2230 1368 uariat
2260 1331 2381 1383 quo:
2411 1316 2462 1370 in
2495 1316 2726 1371 adventu
2775 1331 2874 1370 suo
2922 1315 3047 1371 fecit
3083 1335 3096 1369 :
3124 1317 3416 1385 multisque

1850 1405 2027 1461 modis
2073 1422 2134 1460 ea
2182 1407 2440 1471 celebrat,
2468 1410 2744 1472 virtutem,
2777 1407 3254 1478 magniﬁcentiam,
3301 1409 3414 1476 glo—

1851 1497 2008 1561 riam,
2045 1499 2405 1561 sanctitatem,
2434 1508 2488 1552 et
2533 1500 2799 1554 mirabilia
2851 1501 3067 1566 dicens,
3099 1516 3161 1555 ac
3193 1517 3410 1555 rursum

1850 1586 2124 1651 virtutem,
2179 1590 2625 1660 magnitudinem,
2677 1592 3017 1660 suavitatem,
3065 1592 3328 1658 justitiam
3361 1602 3415 1646 et

1851 1678 2246 1733 miserationes.

1199 1768 1442 1845 (Desunt
1469 1774 1713 1845 quaedam
1749 1770 1876 1827 folia
1904 1770 1957 1824 iu
1991 1770 2095 1825 line
2127 1772 2176 1824 in
2209 1769 2269 1825 C.
2301 1769 2378 1839 5.)

245 1870 355 1924 Kal
401 1868 518 1936 τὴν
568 1868 824 1939 δύναμιν
874 1865 992 1922 τῶν
1041 1868 1305 1938 φοϐερῶν
1352 1885 1469 1923 σου
1513 1869 1738 1938 ἐροῦσι.

1912 1865 1966 1919 6.
2008 1864 2076 1918 Et
2125 1868 2370 1919 virtutem
2418 1866 2731 1919 terribilium
2784 1875 2992 1920 tuorum
3042 1867 3231 1921 dicent.
3274 1868 3407 1924 Cum

171 1962 499 2036 Πρακτικῶς
544 1961 725 2034 ὲροῦσι
759 1961 852 2013 καὶ
886 1960 1021 2031 μετὰ
1049 1959 1208 2032 ὀρθοῦ
1238 1961 1596 2033 φρονήματος.
1619 1955 1742 2014 Οἷόν

166 2055 322 2106 ἐστι·
358 2051 616 2120 Φοὸερὸν
661 2051 728 2104 τὸ
765 2050 1050 2120 ἐμπεσεῖν
1083 2053 1170 2116 είς
1203 2050 1406 2120 χεῷας
1431 2050 1577 2105 Θεοῦ
1609 2049 1746 2110 ζῶν-

169 2164 292 2212 τος.
340 2145 449 2198 Καὶ
487 2141 942 2205 τὸ,Ἁλα.ζὰξίιτε
983 2140 1104 2208 Θεῷ
1143 2141 1213 2194 ἐν
1256 2141 1425 2211 φωνῇ
1457 2140 1744 2210 ἀγαλλιά-

162 2252 354 2301 σεως·
406 2234 492 2287 ὅτι
540 2232 754 2302 Κύριος
796 2233 1054 2302 ὕψιστος
1102 2233 1370 2300 φοϐερός.
1413 2232 1596 2285 Ταῦτα
1636 2231 1742 2303 γαρ

163 2327 354 2401 ἐροῦσι
390 2327 454 2380 δι’
485 2326 650 2380 αὑτοῦ
680 2325 773 2379 τοῦ
802 2324 1080 2395 φοϐεῖσθαι
1109 2325 1201 2377 καὶ
1227 2323 1387 2388 σέϐας
1415 2323 1556 2395 ἔχειν
1585 2324 1738 2378 Θεοῦ.

163 2419 528 2490 Διηγήσονται
558 2415 616 2469 δὲ
642 2415 737 2470 καὶ
764 2415 838 2478 ὠς
872 2415 1046 2486 πέρας
1076 2413 1175 2466 οὐκ
1207 2413 1432 2485 ἔχουσαν
1460 2414 1620 2466 αὑτοῦ
1644 2415 1741 2485 τὴν

167 2506 583 2577 μεγαλωσύνην,
615 2507 677 2559 οὐ
716 2505 1154 2576 περιγράψαντες
1174 2504 1392 2574 γνώσει,
1420 2505 1535 2558 ἀλλ’
1559 2506 1633 2570 ὡς
1660 2502 1742 2561 οὗ·

163 2617 268 2654 σαν
319 2598 700 2668 ἀκατάληπτον
722 2612 735 2626 '
793 2596 950 2666 μόνος
981 2595 1090 2667 γὰρ
1137 2596 1165 2649 ό
1205 2596 1331 2660 Υἱὸς
1360 2596 1612 2664 γινώσκει
1648 2597 1740 2650 τὸν

161 2689 406 2761 Πατέρα,
441 2689 536 2743 καὶ
573 2691 601 2742 ό
643 2687 830 2759 Πατὴρ
859 2687 949 2741 τὸν
979 2687 1126 2741 Υίόν.
1163 2687 1225 2740 Et
1247 2687 1304 2740 δὲ
1332 2687 1426 2740 καὶ⁵
1461 2686 1738 2741 ἀποκαλύ-

161 2800 291 2836 πτει
330 2782 419 2836 τὸν
451 2780 669 2851 Πατέρα
715 2773 795 2842 οἷς
838 2777 1103 2850 βούλεται,
1134 2777 1246 2832 ἀλλ’
1277 2775 1369 2832 οὖν
1410 2779 1484 2842 ὼς
1523 2779 1738 2848 ἐφικτὸν

157 2877 410 2944 γενητοῖς
441 2872 590 2937 ίδεῖν,
621 2869 760 2923 κατὰ
793 2869 1081 2936 ἀναλογίαν
1109 2864 1175 2940 ἦς
1200 2887 1282 2933 τις
1310 2869 1421 2940 ἔχει
1452 2888 1738 2943 προπαρα-

162 2967 388 3036 σκευῆς.

234 3056 493 3126 Μνήμην
534 3054 641 3109 τοῦ
690 3054 962 3120 πλήθους
1009 3050 1118 3120 τῆς
1157 3052 1565 3122 χρηστότητος
1618 3068 1737 3109 σου

156 3149 593 3216 ἐξερεύξονται.
627 3146 768 3198 Πᾶσι
800 3145 896 3215 μὲν
924 3143 1105 3206 αὐτὸς,
1138 3142 1233 3196 ἇτε
1249 3143 1378 3206 Θεὸς
1410 3143 1485 3195 ὢν
1511 3145 1730 3212 ἀγαθὸς,

1845 1956 2000 2010 bonis
2039 1957 2294 2026 operibus
2329 1958 2400 2011 ita
2437 1957 2744 2027 loquentur,
2773 1967 2825 2012 et
2851 1973 2972 2010 cum
3012 1967 3158 2012 recta
3187 1971 3406 2013 senten-

1844 2047 1937 2102 tia.
1965 2046 2133 2113 Quale
2159 2057 2240 2102 ρει
2276 2047 2406 2101 illud
2443 2065 2457 2101 :
2498 2047 2751 2101 Terribile
2774 2057 2849 2100 est
2876 2048 3104 2100 incidere
3138 2048 3191 2099 in
3224 2064 3407 2100 manus

1843 2138 1941 2193 Dei
1988 2139 2260 2192 viventis‘.
2295 2137 2360 2191 Et
2393 2138 2521 2192 illud
2552 2138 2824 2194 :Jubilate
2857 2139 2960 2192 Deo
2991 2143 3042 2191 in
3072 2155 3188 2192 voce
3228 2140 3407 2192 exsul-

1843 2230 2058 2283 tationis
2086 2246 2104 2283 :
2129 2230 2374 2300 quoniam
2404 2229 2655 2283 Dominus
2682 2230 2915 2284 excelsus
2946 2229 3195 2283 terribilis
3210 2230 3251 2286 '.
3283 2228 3407 2285 Hae

1839 2321 1982 2374 enim
2018 2320 2199 2374 dicent
2227 2322 2370 2390 quod
2405 2322 2628 2377 timeant
2653 2332 2705 2376 et
2733 2321 3000 2376 honorent
3047 2321 3232 2378 Deum.
3270 2320 3404 2377 Nar-

1840 2413 2037 2468 rabunt
2085 2421 2264 2467 autem
2295 2412 2414 2480 ejus
2443 2413 2896 2483 magnitudinem,
2931 2423 3114 2483 utpete
3151 2430 3271 2485 quae
3301 2423 3398 2468 ter-

1841 2505 2046 2559 minum
2077 2519 2183 2558 non
2215 2503 2431 2568 habeat,
2465 2519 2571 2558 non
2603 2505 3105 2558 eircumscribcntes
3148 2521 3267 2558 eam
3310 2518 3402 2557 co-

1839 2597 2078 2665 gnitione
2106 2610 2227 2656 sua,
2266 2595 2358 2649 sed
2411 2603 2469 2648 ut
2499 2594 3099 2665 iucomprehensibilem
3135 2594 3270 2665 (52).
3306 2592 3407 2646 So-

1838 2687 1924 2743 lus
1974 2703 2206 2757 namque
2255 2686 2426 2741 Filius
2475 2687 2752 2755 cognoscit
2785 2684 3016 2751 Patrem,
3045 2697 3096 2739 et
3126 2684 3286 2740 Pater
3317 2684 3406 2737 Fi-

1838 2777 1990 2830 lium.
2024 2775 2244 2830 Etiamsi
2280 2792 2407 2829 vero
2441 2775 2651 2829 Patrem
2685 2774 2990 2829 manifestet
3019 2775 3217 2844 quibus
3247 2777 3406 2842 vult,

1838 2876 1893 2923 at
1919 2877 1978 2924 ut
2006 2868 2234 2938 opiliciis
2259 2868 2516 2938 possibile
2554 2875 2637 2922 est
2667 2868 2842 2936 ipsum
2875 2865 3076 2931 videre,
3108 2864 3288 2919 habita
3317 2881 3404 2918 ta-

1836 2960 1985 3014 tione
2019 2961 2429 3030 praeparationis
2457 2960 2719 3030 cujusque
2744 2959 3004 3014 hominis.

1909 3051 1960 3107 7.
2005 3051 2314 3106 Memoriam
2360 3052 2702 3106 abundantia:
2744 3052 3022 3105 suavitatis
3053 3060 3157 3105 tua:
3198 3061 3405 3105 eructa-

1837 3143 1982 3196 bunt.
2019 3141 2278 3197 Omnibus
2323 3143 2435 3212 ipse
2487 3142 2822 3203 hominibus.
2879 3153 3064 3211 utpote
3116 3144 3209 3212 qui
3263 3143 3405 3200 Deus

157 3215 453 3294 ἐπιδέδωκε
498 3237 596 3307 τὴν
644 3235 1004 3307 χρηστότητα,
1033 3233 1126 3286 καὶ
1172 3235 1427 3303 οίκτείρει
1457 3235 1632 3287 πάντα
1667 3235 1734 3288 τὰ

1842 3233 2012 3287 bonus
2041 3232 2130 3296 sit,
2159 3233 2477 3287 suavitatem
2529 3249 2683 3286 suam
2730 3232 3048 3303 impertivit,
3084 3242 3138 3287 et
3168 3235 3402 3290 misero-

158 3331 300 3401 ἔργα
341 3327 524 3382 αὑτοῦ.
553 3325 819 3391 Σώζονται
859 3326 916 3380 δὲ
952 3325 1000 3379 οἳ
1033 3325 1132 3395 τῆς
1181 3323 1544 3395 χρηστότητος
1575 3323 1734 3378 αὑτοῦ

157 3417 454 3473 ἀπολαύειν
483 3416 664 3470 ὲθέλου
672 3433 775 3471 σιν.

686 3510 896 3562 ΨΑΛΜ
901 3505 994 3562 ΟΣ
1030 3509 1219 3559 PME'.

234 3599 418 3664 Αἴνει,
461 3597 499 3665 ἠ
543 3595 714 3666 ψυχή
754 3612 893 3664 μου,
937 3595 1043 3648 τὸν
1074 3592 1320 3662 Κύριονο
1360 3593 1581 3648 αἰνέσω
1629 3593 1737 3649 τὸν

159 3690 389 3759 Κύριον
421 3689 490 3743 ἐν
515 3687 587 3756 τῇ
618 3685 730 3755 ζωῇ
750 3703 893 3756 μου.

249 3784 341 3836 Ἐν
359 3781 560 3849 ἐκείνῃ
590 3778 664 3848 τῇ
691 3778 876 3848 ἡμέρᾳ
901 3775 1272 3832 ἀπολοῦνται
1294 3774 1514 3843 πάντες
1535 3780 1589 3832 ot
1614 3776 1736 3831 δια-

155 3874 440 3945 λογισμοὶ
471 3870 782 3929 αὺτοῦ.Ἐν
827 3869 906 3940 τῷ
947 3869 1123 3942 καιρῷ
1159 3869 1253 3923 τοῦ
1301 3869 1552 3935 θανάτου,
1579 3872 1732 3944 φησὶ,

159 3969 340 4021 πάντα
373 3966 474 4018 ὅσα
505 3963 801 4034 ἐφρόνησεν
832 3962 1144 4032 ἠχήσονται,
1179 3962 1274 4014 καὶ
1304 3961 1455 4014 οὐδὲν
1483 3961 1632 4016 ἔσται
1660 3956 1734 4017 ὧν

153 4056 488 4127 ἐφαντάζετο
521 4055 612 4107 ἐπὶ
641 4053 764 4123 γῆς.

235 4145 484 4202 Διόόντα
516 4141 747 4212 τροφὴν
774 4139 899 4206 τοῖς
924 4139 1190 4196 πεινῶσι.
1226 4142 1604 4216 Πνευματικὴν
1635 4143 1731 4215 δη-

156 4243 335 4298 λονότι
361 4244 472 4304 τοῖς
504 4238 797 4311 λιμῶξουσι
831 4237 1030 4302 παντὸς
1064 4237 1289 4306 ἀγαθοῦ.

682 4331 988 4383 “mox
1019 4330 1216 4395 PMq'.

231 4423 458 4480 Λινεῖτε
510 4423 616 4476 τὸν
666 4421 904 4491 Κύριον,
953 4421 1040 4475 ὅτι
1085 4423 1306 4492 ἀγαθὸν
1350 4424 1608 4493 ψαλμός.
1643 4425 1732 4478 Ἐν

1839 3334 1927 3379 tur
1952 3325 2131 3379 omnia
2159 3341 2321 3395 opera
2362 3341 2480 3379 sua.
2511 3324 2750 3380 Salutem
2785 3335 2963 3380 autem
2993 3337 3403 3396 consequuntur

1836 3420 1928 3489 qui
1953 3421 2218 3474 suavitate
2250 3420 2367 3489 ejus
2395 3418 2499 3472 frui
2528 3420 2735 3473 volunt.

2313 3510 2652 3568 PSALMUS
2693 3512 2912 3568 CXLV.

1906 3601 1956 3655 1.
1999 3600 2206 3666 Lauda,
2237 3603 2418 3656 anima
2445 3619 2582 3667 mea,
2616 3603 2893 3656 Dominum
2915 3619 2932 3666 ,'
2958 3604 3188 3660 laudabo
3223 3604 3402 3661 Domi—

1835 3708 1959 3746 num
1982 3695 2036 3746 in
2058 3694 2162 3747 vita
2190 3709 2322 3747 mea.

1904 3784 1957 3839 4.
2001 3782 2065 3837 1η
2100 3784 2194 3837 illa
2238 3784 2322 3838 die
2345 3783 2585 3852 peribunt
2619 3800 2794 3838 omnes
2835 3784 3172 3854 cogitationes
3195 3800 3394 3839 (omni.

1837 3875 1890 3929 In
1921 3875 2054 3930 hora
2085 3878 2295 3940 mortis,
2325 3876 2521 3944 inquit,
2555 3878 2739 3929 omnia
2774 3877 3003 3945 cogitata
3028 3876 3146 3947 ejus
3180 3876 3399 3947 publica

1835 3969 1982 4029 llent,
2018 3982 2115 4022 nec
2163 3967 2433 4022 occultum
2484 3966 2589 4022 erit
2634 3967 2911 4038 quidpiam
2967 3983 3157 4023 eorum
3192 3985 3313 4040 quae
3340 3969 3393 4022 in

1835 4070 1974 4115 terra
2004 4060 2278 4130 cogitavit.

1903 4150 1955 4203 Ἰ.
1999 4149 2106 4204 Dat
2160 4166 2332 4204 est-am
2373 4148 2739 4204 esurientibus.
2781 4147 3126 4220 Spiritualem
3164 4147 3389 4215 scilicet,

1833 4240 1900 4297 iis
1928 4242 2020 4312 qui
2054 4257 2215 4296 omne
2239 4241 2437 4294 bonum
2469 4250 2746 4310 expetent.

2302 4330 2638 4386 PSALMUS
2674 4330 2926 4389 CXLVI.

1903 4426 1953 4481 i.
1995 4424 2233 4480 Laudat:
2267 4424 2545 4479 Dominum
2577 4427 2824 4495 quoniam
2848 4426 3008 4480 bonus
3034 4433 3111 4480 est
3133 4425 3388 4496 psalmus.

159 4515 263 4588 μὲν
305 4515 383 4586 τῷ
412 4512 733 4586 προλαϐόντι
779 4512 940 4576 αὐτὸς
968 4513 1157 4567 ἑαυτὸν
1187 4513 1415 4584 παρῄνει
1449 4515 1529 4577 εἰς
1573 4514 1730 4585 μόνον

1842 4516 1890 4570 ln
1921 4515 2241 4586 praecedenti
2285 4515 2493 4584 psalmo
2522 4529 2642 4570 sese
2668 4514 2986 4571 hortabatur
3012 4515 3066 4570 in
3091 4514 3257 4571 Deum
3300 4530 3394 4569 so-

152 4607 250 4659 τὸν
275 4604 406 4658 Θεὸν
435 4605 576 4675 ἔχειν
603 4604 700 4677 τὴν
731 4603 916 4657 ἐλπίδα
932 4619 946 4634 ο
979 4605 1036 4656 ὲν
1062 4603 1119 4656 δὲ
1140 4603 1310 4673 τούτῳ
1335 4604 1425 4658 τὸν
1448 4605 1730 4659 ἀποστολι-

155 4698 256 4752 κὸν
289 4695 446 4766 χορὸν
483 4695 722 4748 δείκνυσι
757 4693 1070 4748 διδάσκοντα
1099 4694 1160 4746 τὺ
1191 4693 1393 4764 πλῆθος
1429 4697 1597 4750 αἰνεῖν
1639 4696 1729 4750 τὸν

153 4784 312 4847 Θεὸν,
341 4783 423 4853 ἐφ’
453 4778 532 4847 οἷς
561 4783 621 4837 τὸ
645 4781 800 4851 γένος
832 4782 1212 4854 εὐηργέτησεν.

243 4875 694 4944 Ἁναλαμϐάνων
716 4875 922 4944 πραεῖς
943 4879 974 4930 ό
1004 4873 1238 4944 Κύριος.
1262 4876 1462 4946 Πραεῖς
1483 4875 1580 4946 μὲν
1599 4894 1727 4943 τους

152 4969 255 5040 τὴν
285 4969 466 5024 πίστιν
498 4967 662 5021 αὐτοῦ
686 4967 1009 5038 δεξαμένους
1040 4969 1191 5040 φησὶ,
1236 4970 1361 5032 τοὺς
1409 4972 1726 5041 μιμησαμέ-

155 5077 282 5124 νους
326 5059 418 5112 τὸν
465 5059 707 5113 είπόνταο
756 5057 952 5127 Πρᾷός
986 5061 1100 5129 ειμι
1144 5059 1276 5128 ἐγώ.
1313 5059 1452 5130 Ἐγὼ
1497 5059 1551 5113 δὲ
1599 5063 1725 5124 τοὺς

155 5150 513 5224 ἁμαρτωλοὺς
543 5149 704 5223 μισῶ,
736 5153 918 5220 φησὶν,
947 5150 1140 5214 οἵτινές
1165 5152 1301 5204 εἰσιν
1340 5153 1390 5205 ot
1424 5151 1723 5224 ἀκάθαρτοι

153 5243 427 5314 δαίμονες,
455 5244 502 5294 οἱ
529 5241 607 5313 τῷ
640 5243 772 5312 πυρὶ
797 5240 1148 5306 ἐνοικοῦντες.

229 5331 344 5387 Καὶ
371 5334 564 5402 χλόην
593 5331 666 5400 τῇ
698 5332 943 5400 δουλείᾳ
968 5331 1086 5385 τῶν
1105 5331 1444 5402 ἀνθρώπων.
1473 5333 1724 5388 Δουλείαν

153 5425 264 5480 τῶν
295 5423 593 5495 ἀνθρώπων
616 5425 747 5496 φησὶ
768 5423 913 5495 βοῦς,
936 5425 1029 5479 καὶ
1060 5424 1312 5495 ἡμιόνους
1340 5424 1433 5477 καὶ
1464 5423 1532 5476 τὰ
1562 5425 1722 5497 ἕτερα

151 5517 264 5571 τῶν
298 5515 529 5587 κτηνῶν.

225 5676 251 5708 ⁸
289 5673 453 5732 Hebr.
483 5688 539 5737 ι,
567 5673 657 5729 5|.
734 5674 755 5706 ³
795 5671 936 5728 Psal.
968 5686 1114 5740 XLVI,
1143 5669 1196 5726 2.
1274 5672 1295 5704 ⁶
1335 5669 1523 5726 Matth.
1556 5686 1630 5738 ιι,
1657 5669 1747 5727 29.

225 5785 341 5858 (52)
379 5784 519 5843 Nota
542 5785 892 5842 Athanasiani
921 5783 1065 5854 styli.

1838 4609 1947 4662 lum
1978 4621 2124 4676 spem
2155 4622 2392 4676 ponere;
2439 4608 2491 4660 iu
2521 4606 2622 4660 hoc
2646 4615 2827 4661 autem
2871 4606 3225 4677 apostolicum
3258 4607 3388 4661 cbo-

1834 4716 1955 4756 rum
1981 4699 2200 4754 exhibet
2221 4699 2499 4754 docentem
2527 4697 2947 4762 nndtitudinem,
2977 4696 3196 4753 laudare
3219 4696 3388 4753 Deum

1831 4792 1899 4847 de.
1933 4792 2207 4846 benellciis
2233 4790 2413 4861 generi
2444 4791 2724 4845 hominum
2752 4791 2986 4846 collatis.

1900 4880 1952 4935 6.
1996 4879 2293 4949 Suscipiens
2337 4889 2632 4934 mansuetos
2656 4877 2936 4934 Dominus.
2962 4877 3269 4934 Iiansuetos
3292 4892 3390 4932 vo-

1830 4983 1918 5029 eat
1937 4987 2032 5028 eos
2056 4973 2147 5037 qui
2182 4972 2340 5027 tidem
2371 4971 2491 5042 ejus
2516 4979 2892 5042 susceperunt,
2929 4971 3122 5026 imitati
3148 4986 3270 5025 eum
3293 4969 3388 5039 qui

1830 5065 1967 5120 dixit
1993 5082 2006 5119 :
2033 5063 2179 5118 Mitis
2222 5081 2314 5135 ego
2346 5080 2461 5118 sum
2481 5064 2526 5118 ‘.
2556 5062 2666 5134 Ego
2703 5071 2882 5118 autem
2914 5071 3223 5134 peccatores
3260 5061 3386 5116 odio

1827 5158 2022 5223 habeo,
2056 5157 2250 5228 inquit,
2278 5157 2372 5226 qui
2418 5167 2546 5211 sunt
2592 5155 2792 5226 impuri
2839 5156 3114 5211 daemones
3159 5154 3215 5210 in
3263 5153 3388 5226 igne

1825 5247 2149 5304 habitantes.

1893 5336 1946 5391 8.
1988 5335 2057 5390 Et
2088 5336 2302 5391 herbam
2324 5337 2564 5393 servituti
2604 5337 2890 5393 hominum.
2934 5335 3257 5393 Servitutem
3283 5338 3388 5394 ho-

1825 5429 2033 5486 minum
2067 5439 2224 5488 vocat
2253 5429 2440 5497 boves,
2463 5430 2642 5488 mulos
2666 5439 2720 5487 et
2746 5431 2953 5504 reliqua
2975 5430 3239 5503 jumeuta.
