4058 6492
655 436 761 495 5δῖ
1526 441 1583 496 S.
1623 442 1991 499 ATHANASII
2027 442 2177 498 OPP.
2218 443 2396 499 PARS
2426 444 2512 499 Ill.
2551 476 2617 485 —
2657 445 3066 503 EXEUETICA.
3798 446 3904 507 548

1399 780 1479 841 IN
1536 782 2036 845 FRAGMENTA
2082 783 2675 858 SUBSEQUENTIA
2741 782 3141 843 MONITUM.

656 1097 787 1164 Quae
820 1101 1199 1169 subsequuntur
1238 1102 1535 1171 fragmenta
1573 1101 2088 1157 Commentariorum
2125 1105 2406 1159 Athanasii
2432 1106 2485 1158 in
2522 1106 2753 1173 psalmos
2785 1106 2930 1174 prior
2956 1105 3119 1158 edidit
3149 1104 3338 1160 Petrus
3374 1104 3763 1161 Feleltmannus
3803 1106 3900 1162 sub

968 1200 1127 1268 finem
1154 1199 1452 1268 appendicis
1485 1201 1553 1253 ad
1580 1199 1858 1256 editionem
1881 1202 2376 1264 Commelinianam,
2408 1202 2505 1254 hac
2531 1203 2809 1271 prazmissa
2840 1201 2908 1254 ad
2939 1202 3179 1255 lectorem
3202 1202 3577 1256 admonitione.

1726 1368 1727 1371 η
1817 1310 2027 1348 Ρετκιιε
2066 1309 2444 1349 Ιιέιςιίιιλκηιςε
2480 1310 2729 1348 LECTORI.

732 1414 748 1442 «
778 1391 908 1447 Cum
934 1394 1263 1460 prtrmissam
1295 1391 1627 1460 appendicem
1658 1393 1920 1463 hucusque
1942 1393 2059 1461 jam
2088 1392 2469 1459 perduxissem,
2492 1392 2653 1445 incidi
2684 1393 2738 1445 in
2765 1407 2919 1459 opera
2943 1391 3174 1460 Luciferi
3207 1392 3433 1459 episcopi
3457 1390 3786 1450 Calaritani.
3810 1409 3898 1444 cu-

650 1483 737 1552 jus
771 1483 952 1537 crebra
980 1493 1027 1537 et
1068 1482 1287 1537 laudata
1321 1485 1371 1537 in
1408 1485 1702 1538 Athanasio
1727 1494 1906 1538 nostro
1938 1488 2152 1545 utentia,
2178 1486 2293 1553 jam
2317 1487 2440 1539 olim
2469 1484 2689 1539 Lutetia:
2719 1502 2749 1537 a
2778 1483 2983 1538 Joanne
3018 1484 3153 1539 Tilio
3177 1485 3417 1553 episcopo
3450 1483 3710 1537 Meldensi
3736 1484 3899 1538 edita.

656 1578 786 1641 Qua
815 1593 930 1629 cum
962 1579 1329 1645 pervolverem,
1364 1577 1524 1630 incidi
1558 1579 1610 1629 in
1656 1587 1758 1631 tres
1796 1577 2073 1631 Athanasii
2103 1578 2377 1645 epistolas,
2412 1578 2545 1631 duas
2589 1578 2657 1630 ad
2700 1575 3024 1644 Luciferum,
3050 1586 3100 1630 et
3149 1576 3357 1629 tertiam
3392 1575 3461 1628 ad
3492 1576 3756 1629 solitaria:
3785 1577 3903 1628 vitae

653 1668 937 1730 studiosos,
965 1684 1189 1737 quarum
1220 1684 1280 1720 ne
1309 1667 1454 1735 fama
1481 1668 1686 1735 quidem
1715 1676 1836 1721 ante
1864 1669 1931 1721 ad
1963 1684 2056 1721 nos
2080 1677 2401 1734 pervenerat.
2438 1666 2584 1730 Quas
2613 1682 2730 1719 cum
2761 1681 2824 1720 ex
2853 1682 3027 1719 rerum
3055 1682 3170 1719 cum
3200 1668 3321 1720 aliis
3353 1668 3637 1721 Athanasii
3666 1667 3902 1734 epistolis

652 1765 999 1819 similitudine
1022 1774 1070 1817 et
1101 1766 1411 1818 tractatione
1440 1767 1689 1835 genuinas
1719 1782 1830 1819 esse
1859 1766 2173 1827 existimem,
2202 1765 2285 1817 hic
2318 1764 2704 1833 subjungendas
2734 1780 2844 1818 esse
2874 1765 3073 1832 putavi.
3100 1762 3166 1816 Et
3194 1760 3319 1828 quia
3346 1760 3525 1811 eodem
3543 1774 3748 1827 quoque
3771 1768 3902 1811 tem-

652 1877 775 1927 pore
812 1861 1102 1929 fragmenta
1128 1858 1369 1929 qua-dam
1393 1857 1901 1913 Commentariorum
1934 1858 2103 1910 sancti
2138 1856 2290 1924 hujus
2321 1858 2489 1909 nostri
2516 1856 2568 1908 in
2595 1855 2825 1923 psalmos
2858 1856 2910 1907 in
2939 1852 3217 1923 συλλογῇ
3248 1850 3448 1905 Nicette
3488 1850 3819 1905 Heracleota'
3852 1850 3905 1903 in

659 1950 909 2004 Biblioth.
941 1949 1193 2003 Palatina
1225 1950 1411 2018 reperi,
1443 1948 1623 2002 eadem
1644 1949 1911 2009 similiter,
1941 1951 2102 2002 donec
2128 1950 2328 2016 integra
2353 1948 2565 2000 aliunde
2595 1948 2871 2015 prodeant,
2892 1947 3061 2016 arljeci
3093 1946 3439 2000 tumultuario
3461 1959 3611 2012 opere
3637 1944 3904 2011 festinan-

655 2040 788 2093 tibus
812 2041 971 2109 prelis
1005 2059 1037 2093 a
1062 2057 1140 2094 me
1172 2057 1340 2093 versa.
1379 2039 1692 2109 Quanquam
1728 2040 1952 2107 fortasse
1982 2057 2081 2092 non
2119 2042 2295 2092 omnia
2320 2056 2436 2108 qua
2471 2038 2688 2092 Nicetas
2731 2054 2797 2092 ex
2838 2038 2944 2094 illis
2996 2038 3274 2108 decerpsit,
3307 2039 3519 2091 damus.
3566 2036 3710 2090 Nam
3745 2037 3908 2090 code:

651 2147 753 2199 quo
784 2134 867 2185 usi
894 2148 1075 2185 sumus
1114 2134 1165 2185 in
1203 2131 1394 2201 psalm.
1431 2147 1588 2184 Lxxvi
1616 2131 1908 2199 deﬁciebat.
1937 2130 2002 2183 Et
2036 2132 2315 2184 verisimile
2352 2147 2452 2184 non
2478 2140 2554 2183 est
2585 2128 2830 2184 Nicetam
2855 2130 2911 2183 in
2948 2131 3151 2200 reliqua
3200 2129 3529 2199 psalmorum
3557 2138 3709 2197 parte
3741 2128 3909 2180 Allia-

652 2230 793 2282 nasii
814 2229 1208 2297 explicationes,
1242 2246 1371 2299 quas
1405 2240 1619 2283 eatenus
1653 2238 1761 2282 tam
1787 2229 2080 2297 frequenter
2102 2229 2252 2288 citat.
2278 2228 2538 2282 omisisse.

724 2342 745 2374 ι
775 2322 1003 2392 Denique
1045 2322 1241 2376 brevem
1272 2322 1552 2376 Athanasii
1586 2322 1973 2380 sententiolam.
2000 2332 2049 2375 et
2093 2321 2327 2375 locorum
2374 2320 2728 2391 quorumdam
2761 2322 2934 2373 varias
2974 2319 3217 2373 lectiones
3250 2320 3321 2372 ad
3349 2319 3508 2389 ﬁnem
3545 2316 3782 2379 subdidi,
3818 2317 3909 2371 de-

650 2426 918 2485 promptas
947 2432 1011 2469 ex
1032 2418 1379 2470 vetustissimo
1402 2419 1576 2470 codice
1596 2416 1848 2471 Biblioth.
1874 2415 2162 2479 Palatinas,
2198 2418 2287 2485 qui
2331 2416 2625 2469 continebat
2659 2416 2883 2469 similem
2908 2425 3144 2468 catenam
3167 2416 3554 2483 expositionum
3585 2414 3637 2465 in
3686 2410 3906 2471 Jobum.

653 2509 717 2562 ab
746 2510 943 2562 incerto
980 2515 1193 2560 auctore
1224 2509 1610 2560 concinnatam.
1639 2505 1715 2558 Tu
1741 2522 1879 2570 vero,
1906 2506 2139 2558 benevole
2163 2506 2346 2569 lector,
2377 2505 2677 2558 auctarium
2701 2505 2854 2558 hocce
2878 2503 3114 2557 benevole
3141 2513 3430 2572 acceptare,
3456 2502 3756 2571 nostrisque
3793 2512 3908 2554 stu-

650 2606 756 2658 diis
790 2606 961 2673 favere
994 2603 1119 2657 velis
1148 2619 1259 2656 oro.
1286 2623 1311 2654 ι
1347 2600 1476 2655 Hac
1510 2600 1921 2655 Felckmannus.

724 2700 991 2771 Epistolas
1040 2716 1195 2769 porro
1242 2710 1559 2752 memoratas
1596 2716 1629 2751 a
1662 2696 2017 2751 Felcltmanno
2069 2697 2138 2750 ad
2184 2694 2489 2765 Luciferum
2535 2706 2582 2750 et
2629 2697 2697 2750 ad
2738 2696 3041 2762 monachos,
3074 2696 3332 2749 edidimus
3356 2709 3538 2760 supra.
3575 2693 3707 2747 Hazc
3730 2706 3909 2747 autem

652 2796 949 2865 fragmenta
981 2793 1117 2863 quod
1140 2800 1359 2861 spectat,
1383 2790 1760 2844 consimillima
1793 2789 1887 2843 illa
1919 2798 2060 2853 sunt,
2089 2789 2419 2858 paucissimis
2464 2790 2715 2856 exceptis,
2760 2788 3172 2857 expositionibus
3218 2787 3499 2840 Athanasii
3531 2801 3695 2851 supra
3722 2787 3903 2841 editis.

652 2887 806 2953 Quod
834 2888 880 2940 si
904 2886 1214 2955 quandoque
1244 2882 1497 2936 nonnulla
1518 2888 1795 2935 occurrant
1819 2895 1934 2948 qua:
1962 2879 2016 2931 in
2050 2876 2477 2947 Expositionibus
2506 2894 2607 2931 non
2633 2888 2989 2947 compareant,
3017 2895 3117 2931 non
3150 2880 3266 2932 ideo
3288 2877 3637 2948 repudianda,
3664 2879 3905 2932 etAtha-

651 2980 802 3031 tzasio
830 2976 1190 3048 abjudicanda
1206 2990 1225 3039 ;
1258 2992 1402 3038 nam,
1432 2980 1569 3043 quod
1594 2976 1892 3028 observasse
1909 2971 2143 3042 juvabit,
2170 2972 2237 3024 ad
2258 2988 2345 3028 eos
2376 2973 2701 3042 psalmorum
2727 2992 2903 3030 versus
2927 2978 3210 3045 pertinent,
3237 2992 3459 3047 quorum
3484 2976 3777 3045 explicatio
3800 2991 3909 3031 non

648 3081 825 3126 exstat
853 3072 905 3124 in
931 3068 1381 3139 Expositionibus,
1410 3080 1584 3138 utpote
1609 3085 1711 3122 non
1756 3069 1972 3138 integris
1994 3084 2055 3120 ac
2089 3083 2317 3137 perswpe
2344 3068 2725 3137 deficientibus.
2761 3070 3021 3125 Cteterum
3051 3072 3161 3125 haec
3196 3083 3439 3140 excerpta
3462 3089 3565 3126 non
3589 3074 3659 3125 ad
3692 3074 3907 3126 verbum

653 3164 811 3234 refert
836 3162 1069 3224 Nicetas,
1101 3162 1192 3217 sed
1211 3163 1508 3233 plerumque
1535 3162 1708 3231 quoad
1734 3160 2046 3214 sententious
2075 3168 2281 3212 tantum
2306 3176 2398 3213 nec
2428 3177 2548 3214 raro
2576 3162 2826 3230 permista
2846 3177 2964 3213 cum
2986 3162 3212 3215 aliorum
3242 3163 3461 3217 Patrum
3482 3167 3905 3228 commentariis,

649 3277 706 3332 qs
726 3277 871 3314 orum
900 3262 1007 3331 ipse
1036 3262 1245 3315 nomina
1280 3261 1455 3329 affert.
1481 3259 1687 3313 Etenim
1711 3258 1923 3327 quando
1953 3257 2134 3311 eadem
2158 3259 2391 3322 omnino,
2416 3274 2505 3311 nec
2527 3258 2806 3311 immutata
2845 3274 2937 3310 nec
2975 3258 3216 3312 auctiora
3246 3267 3365 3311 sunt
3394 3273 3553 3328 quam
3590 3257 3648 3311 in
3666 3254 3905 3325 Exposi-

654 3353 900 3418 tinnibus,
938 3370 1001 3407 ea
1023 3353 1313 3416 omisimus,
1339 3369 1401 3405 ne
1428 3353 1506 3405 bis
1537 3350 1673 3403 idem
1700 3350 1961 3402 inutiliter
1985 3358 2270 3417 repetatur.

845 3676 1561 3769 FRAGMENTA
1634 3672 2792 3769 COMMENTARIORUM
2878 3677 2989 3766 D.
3057 3668 3715 3767 ATHANASII

2012 3872 2095 3934 ΙΝ
2145 3872 2536 3935 PSALMOS.

755 4190 832 4247 Ex
862 4188 1064 4246 Nicette
1089 4191 1444 4260 metropolitse
1473 4188 1746 4245 Heraclea
1774 4198 1967 4245 catena
1990 4190 2218 4259 expositi

2315 4207 2425 4257 im,
2455 4190 2568 4246 sive
2599 4198 2657 4245 ut
2713 4189 2828 4258 ipse
2867 4196 3043 4252 vocat,
3089 4190 3384 4263 Συναγωγῇ
3437 4190 3780 4262 ἐξηγήσεων.
3830 4207 3900 4247 ex

1705 4281 1908 4337 Grateis
1953 4279 2205 4336 Patribus
2235 4281 2288 4334 in
2317 4279 2563 4335 Psalmos
2592 4279 2817 4334 collecta

758 4375 975 4430 Nicetas
998 4375 1082 4428 hic
1104 4375 1157 4429 in
1184 4376 1431 4445 praemio
1458 4378 1666 4431 tertiam
1688 4394 1751 4431 ex
1771 4379 2015 4448 quinque,
2033 4394 2164 4448 quas
2188 4378 2292 4431 sibi
2322 4378 2715 4444 praemittendus
2737 4394 2847 4431 esse
2876 4380 3185 4449 quaestiones
3208 4380 3429 4447 censuit,
3454 4381 3614 4446 hanc,
3641 4383 3699 4437 tl
3723 4382 3792 4435 τὸ

1232 4469 1587 4538 Ψαλτήριον,
1624 4469 1911 4539 explicans,
1940 4470 2123 4522 addito
2154 4470 2361 4522 nomine
2396 4469 2771 4536 Ἀθανασίου,
2801 4472 3068 4540 sequentia
3092 4472 3325 4543 subjicit.

721 4562 821 4621 Est
888 4564 1051 4633 igitur
1100 4563 1411 4631 psalterium
1470 4566 1890 4619 instrumentum
1943 4564 2213 4619 musicum

2393 4565 2545 4617 Ἐστι
2574 4564 2747 4617 τοίνυν
2772 4566 2831 4619 τὸ
2868 4565 3161 4638 ψαλτήριον
3185 4568 3415 4639 ὄργανον
3445 4574 3707 4642 μουσικὸν
3740 4574 3901 4630 δεκά-

654 4666 909 4710 constans
935 4655 1119 4709 decem
1163 4656 1401 4717 chordis,
1430 4654 1497 4709 de
1542 4656 1769 4710 summis
1802 4656 1971 4725 ipsius
1998 4671 2219 4725 compa-

652 4748 736 4818 gis
772 4746 1015 4816 partibus
1060 4762 1253 4801 sonum
1301 4748 1606 4816 perliciens,
1634 4762 1929 4817 vocemque
1974 4761 2217 4803 consona

650 4840 884 4910 quadam
916 4839 1145 4894 melodia
1172 4840 1471 4893 articulatm
1504 4841 1621 4894 voci
1654 4840 1883 4894 similem
1931 4840 2161 4893 reddens
2198 4858 2212 4893 :

652 4947 716 4987 ac
763 4931 979 4996 dicitur,
1015 4930 1252 4986 Hebraeis
1300 4932 1539 5001 quidem,
1586 4933 1782 4996 naula;
1834 4930 2037 4986 Grazcis
2064 4946 2213 4995 vero,

650 5025 855 5080 cithara
920 5022 1218 5078 Conficitur
1244 5038 1371 5078 vero
1424 5024 1525 5078 hoc
1575 5026 1733 5079 modo
1773 5042 1786 5077 :
1818 5033 2037 5091 sumpto
2067 5023 2214 5091 ligno

649 5128 819 5177 reeto,
848 5116 1086 5185 nihilque
1110 5116 1325 5184 penitus
1352 5116 1568 5181 inﬂexo,
1597 5117 1783 5170 decem
1825 5115 1877 5168 in
1908 5129 1973 5169 eo
1998 5114 2215 5169 chorda:

649 5206 1039 5272 tendebantur;
1094 5220 1159 5259 ac
1209 5206 1433 5274 singulae
1484 5206 1712 5261 seorsim
1779 5206 1831 5259 in
1884 5206 2215 5261 summitate

650 5293 821 5363 ipsius
872 5294 1109 5362 psalterii
1156 5296 1274 5348 lixae
1317 5294 1827 5365 constringebantur
1863 5310 2089 5349 :earum
2116 5311 2215 5349 au-

649 5396 755 5439 tem
818 5386 1079 5455 principia
1146 5388 1433 5443 desursum
1488 5391 1863 5446 demittuntur.
1925 5392 1980 5444 In
2030 5392 2214 5446 cubito

646 5475 776 5546 (sive
806 5474 963 5544 collo)
999 5491 1232 5546 namque
1257 5479 1426 5548 ipsius
1454 5483 1690 5550 psalterii
1721 5485 1904 5537 decem
1934 5484 2213 5539 claviculte

646 5569 761 5624 sive
792 5568 969 5635 paxilli
1007 5568 1213 5637 trajecti
1245 5582 1551 5637 vertuntur,
1578 5575 1669 5644 qui
1696 5574 1928 5630 chordas
1961 5576 2208 5642 tendunt,

2321 4658 2527 4729 χορδον,
2552 4661 2615 4712 ὲκ
2648 4660 2753 4713 τῶν
2781 4659 2984 4715 ἄνωθεν
3019 4661 3200 4733 μερῶν
3230 4665 3330 4734 τῆς
3371 4668 3719 4739 κατασκευῆς
3757 4670 3897 4722 ἀπο-

2317 4750 2502 4803 τελοῦν
2525 4751 2616 4804 τὸν
2638 4747 2791 4822 ἦχον,
2818 4754 3150 4825 ἑναρμονίως
3181 4755 3307 4819 τοὺς
3335 4756 3605 4826 φθόγγους
3633 4760 3768 4831 πρὸς
3799 4762 3898 4831 τὴν

2318 4844 2382 4897 ὲκ
2402 4842 2501 4913 τῆς
2520 4842 2703 4913 φωνῆς
2726 4843 2989 4914 μελῳδίαν
3015 4845 3261 4898 ἀποδιδόν
3282 4863 3296 4877 ο
3327 4848 3476 4918 παρὰ
3496 4849 3593 4918 μὲν
3624 4850 3897 4922 Ἑϐραίοις

2316 4933 2485 4987 ναῦλα
2514 4934 2821 5006 λεγόμενον,
2848 4938 2974 5009 παρ’
3004 4936 3226 5008 Ἕλλησι
3254 4938 3309 4992 δὲ
3334 4939 3534 5011 κιθάρα
3558 4941 3897 5012 ὀνομαζόμε-

2316 5044 2424 5081 νον.
2450 5028 2866 5083 Κατεσκεύαστο
2892 5029 3000 5101 γὰρ
3025 5030 3206 5094 αὐτοῖς
3226 5031 3382 5103 ὀρθὸν
3413 5032 3565 5097 ξύλον
3592 5034 3685 5088 καὶ
3715 5035 3896 5108 amp-

2317 5119 2579 5187 έγκλιτον,
2621 5120 2807 5191 χορδαὶ
2835 5119 2891 5175 δὲ
2916 5124 2973 5174 ὲν
3001 5121 3171 5192 τούτῳ
3194 5122 3325 5176 δέκα
3356 5126 3893 5199 ὲτείνοντο.Ἐκάστη

2314 5211 2371 5264 δὲ
2420 5211 2527 5265 τῶν
2568 5211 2768 5283 χορδῶν
2800 5214 2880 5277 εἰς
2913 5212 2973 5265 τὸ
3001 5213 3405 5284 ἀκροτελεύτιον
3452 5216 3544 5269 τοῦ
3588 5217 3892 5289 ψαλτηρίου

2313 5304 2652 5377 διῃρημένους
2682 5307 3141 5375 ὲναπεσςρίγγετο·
3183 5307 3241 5359 αἱ
3272 5306 3328 5360 δὲ
3355 5307 3517 5378 ἁρχαὶ
3544 5308 3649 5360 τῶν
3684 5310 3893 5379 χορδῶν

2313 5397 2561 5451 καθίεντο
2584 5398 2805 5453 ἄνωθεν.
2838 5398 2979 5452 Δέκα
3011 5400 3119 5469 γὰρ
3144 5398 3390 5452 κόλλαεοι
3422 5400 3600 5453 εῖτουν
3628 5401 3893 5455 maculi-

2315 5507 2452 5553 σκοι,
2488 5491 2613 5563 περὶ
2661 5491 2751 5543 τὸν
2798 5490 2977 5561 πῆχυν
3025 5490 3117 5543 τοῦ
3172 5491 3468 5563 ψαλτηρίου
3506 5493 3886 5561 στρεφόμενοι,

2312 5582 2508 5636 ἔτεινον
2542 5600 2599 5636 τε
2627 5582 2723 5653 τὴν
2746 5584 2939 5655 χορδὴν
2972 5583 3066 5637 καὶ
3099 5585 3303 5655 ἐχάλων
3332 5584 3466 5655 πρός
3485 5600 3543 5636 τε
3568 5584 3657 5638 τὸν
3683 5584 3887 5655 ῥυθμὸν

645 5660 1010 5723 remittuntve,
1043 5670 1199 5727 prout
1225 5678 1417 5718 vocum
1448 5668 1801 5720 consonantia
1843 5676 1894 5722 et
1930 5670 2210 5739 proportio

2315 5674 2407 5739 τῆς
2452 5674 2709 5745 ἁρμονίας
2763 5675 2857 5727 καὶ
2904 5674 3037 5745 πρὸς
3069 5676 3129 5729 τὸ
3172 5674 3263 5729 τοῦ
3301 5675 3581 5746 ψαλτρῦοὗ
3618 5675 3883 5747 βούλημα,

647 5753 893 5823 requirit,
924 5764 974 5808 et
1008 5756 1071 5807 ad
1102 5756 1380 5825 psallentis
1428 5758 1656 5815 libitum.
1698 5759 1762 5817 Et
1797 5761 1900 5818 hoc
1924 5772 2027 5828 est,
2060 5764 2205 5835 quod

2315 5766 2415 5818 Καὶ
2438 5764 2594 5818 τοῦτό
2619 5767 2766 5819 ἐστιν
2798 5766 2826 5819 ὅ
2854 5782 3019 5837 φησιν
3050 5767 3079 5818 ὁ
3112 5766 3283 5837 μέγας
3308 5766 3606 5831 Βασίλειος,
3636 5778 3741 5823 etc.

645 5860 871 5917 magnus
910 5844 1140 5903 Basilius
1172 5849 1265 5915 ait,
1294 5858 1397 5906 etc.
