4058 6460
178 381 286 438 549

1173 386 1593 444 FRAGMENTA
1632 393 1991 449 COMMENT.
2034 395 2097 448 ΙΝ
2138 396 2474 453 PSALMOS.

3319 374 3427 462 σεο

763 496 909 550 Idem
932 497 1200 567 explicans
1225 501 1327 554 ista
1358 503 1550 570 psalmi
1576 501 1659 566 ΙΙ,
1695 522 1713 555 ι
1744 504 2098 561 Conrenerunt
2125 527 2263 580 reges
2288 522 2458 575 (errat,
2497 534 2510 565 ι
2541 525 2667 577 ctc.,
2691 518 2874 583 ponit:

246 606 623 677 “(las-datm.
643 610 740 665 Διὰ
761 612 810 664 τί
839 610 894 664 δὲ
915 612 962 664 οί
988 611 1223 681 βασιλεῖς
1237 614 1481 687 Ἡρώδης
1510 620 1537 671 6
1554 619 1728 671 Ἀσκα-

1922 623 2260 679 Athanasius.
2304 626 2434 692 Qua:
2478 643 2604 681 vero
2658 642 2822 683 causa
2873 638 3008 693 erat,
3053 630 3198 699 quod
3246 648 3421 702 rcges.

174 708 410 775 Ἆωνίτης
432 707 525 760 καὶ
552 706 777 769 Πιλᾶτος
804 708 832 758 6
856 708 1077 770 Πόντιος
1107 708 1477 779 παρέστησαν,
1508 712 1751 765 τουτέστι

176 798 551 867 παρετάξαντο
579 797 673 849 καὶ
698 797 929 868 ἐπῆλθον
958 798 1097 851 κατὰ
1125 798 1393 868 Χριστοῦ;
1426 800 1523 852 Διά
1544 802 1596 852 τί
1625 800 1679 853 δὲ
1702 804 1750 853 οί

1854 709 2092 767 Herodes
2126 714 2433 769 Ascalonita
2466 725 2517 770 et
2547 715 2771 771 Pontius
2805 716 3007 773 Pilatus
3044 722 3419 788 convenirent,

1853 804 1955 857 hoc
2001 811 2103 865 est,
2147 806 2541 875 conspirarent,
2576 816 2628 861 et
2658 808 2921 877 impetum
2957 809 3197 865 lacerent
3230 824 3424 869 contra

172 889 437 959 ἄρχοντες
486 888 592 939 τῶν
628 888 892 939 Ἰουδαίων
937 890 985 941 οί
1032 888 1267 953 ἀσεϐεῖς,
1304 890 1396 943 καὶ
1428 890 1623 960 λοιμοὶ,
1659 910 1728 945 κα

1851 891 2164 947 Christum?
2188 897 2294 948 Aut
2319 896 2448 965 quid
2484 897 2558 950 rei
2585 908 2719 958 erat,
2744 899 2887 967 quod
2913 900 3181 968 principes
3206 900 3421 956 Judae-

171 979 513 1049 ἁμαρτωλοὶ,
540 979 911 1049 Γραμματεῖς,
943 981 1036 1032 καὶ
1062 981 1364 1052 Φαρισαῖοι,
1390 982 1482 1033 καὶ
1514 984 1746 1052 νομικοὶ,

171 1075 254 1133 είς
284 1070 475 1123 ταύτὸν
522 1070 875 1141 συνέδραμον,
908 1070 1000 1123 καὶ
1038 1070 1178 1123 κατὰ
1212 1071 1303 1123 τοῦ
1338 1073 1563 1142 Κυρίου,
1596 1091 1750 1127 τουτ-

170 1164 293 1215 έστι
330 1162 423 1214 τοῦ
455 1162 685 1233 Πατρὸς,
716 1162 810 1215 καὶ
858 1160 999 1215 κατὰ
1043 1163 1136 1216 τοῦ
1166 1162 1400 1233 Χριστοῦ
1428 1165 1744 1237 ἐλύττησαν,

167 1255 417 1307 τουτέστι
448 1253 538 1306 τοῦ
569 1253 697 1306 Υἱοῦ
727 1254 927 1319 αὐτοῦς
976 1256 1033 1307 '0
1059 1256 1163 1327 γὰρ
1193 1255 1267 1326 μὴ
1293 1256 1469 1326 τιμῶν
1504 1258 1592 1311 τὸν
1624 1260 1747 1312 Υίὸν

166 1346 294 1398 οὐδὲ
320 1345 409 1397 τὸν
439 1344 655 1414 Πατέρα
683 1346 836 1415 τιμᾷ.
867 1344 1016 1414 Τάχα
1052 1346 1149 1415 μὲν
1174 1341 1285 1410 οὖν,
1309 1347 1493 1419 ἐπειδὴ
1522 1349 1588 1401 τὰ
1618 1352 1744 1421 παρ’

166 1438 402 1500 ἐκείνοις
446 1436 818 1507 τετολμημένα
863 1436 956 1488 τοῦ
991 1438 1194 1508 Κυρίου
1231 1438 1431 1509 μᾶλλον
1462 1441 1558 1512 τὴν
1590 1441 1746 1495 δύναο

1851 999 1998 1047 rum,
2040 985 2191 1053 impii
2245 986 2343 1053 illi,
2391 988 2817 1056 pestilentissimi
2866 1000 2919 1043 et
2971 989 3417 1046 facinorosissimi

1850 1076 2118 1143 homines,
2155 1078 2375 1133 Scr-ibas
2404 1079 2553 1145 dico,
2582 1079 2883 1135 Pharisaos
2900 1090 2951 1135 et
2982 1082 3341 1154 legisperitos,
3364 1084 3419 1137 in

1848 1184 2013 1222 unum
2043 1171 2349 1240 congregati
2378 1180 2526 1236 sunt,
2556 1182 2605 1227 et
2638 1183 2825 1226 contra
2860 1173 3172 1239 Dominum,
3205 1175 3308 1230 hoc
3336 1187 3420 1229 est

1850 1257 2083 1323 Patrem,
2118 1261 2475 1330 insanierunt,
2514 1274 2812 1333 contraque
2837 1265 3112 1319 Christum
3144 1268 3284 1335 ejus,
3313 1270 3419 1323 sci-

1847 1350 1971 1405 licet
1998 1350 2232 1404 Filium?
2260 1350 2396 1406 Nam
2447 1354 2540 1422 qui
2590 1370 2695 1407 non
2732 1356 2964 1410 honorat
2989 1356 3207 1420 Filium,
3246 1360 3292 1412 is
3322 1374 3417 1412 ue-

1846 1458 1951 1511 que
1976 1442 2187 1497 Patrem
2219 1443 2506 1499 honorat'.
2541 1444 2989 1517 Quandoquidem
3023 1450 3187 1519 igitur
3210 1458 3264 1504 et
3294 1465 3415 1519 quae

166 1548 266 1600 μιν
290 1531 477 1596 ἔδειξε,
502 1530 596 1583 καὶ
621 1532 699 1593 είς
717 1529 1027 1583 τούναντίον
1053 1532 1233 1594 αὐτοῖς
1251 1530 1320 1584 τὰ
1342 1533 1728 1605 ἐπιχειρήματι

1845 1537 1913 1589 ab
1948 1536 2052 1589 illis
2081 1545 2286 1604 patrata
2320 1546 2467 1599 sunt,
2503 1536 2715 1592 Domini
2747 1541 3042 1608 pctentiam
3083 1542 3262 1595 adhuc
3308 1559 3416 1596 ma-

161 1622 411 1692 γέγονεν,
444 1621 606 1673 οἱονεὶ
641 1620 959 1692 μυκτηρίζει
1009 1622 1203 1684 αὐτοὺς
1256 1623 1284 1674 6
1327 1623 1506 1688 Δαυῒδ,
1540 1624 1615 1687 ὡς
1665 1627 1728 1688 είς

1844 1628 1926 1697 gis
1954 1627 2419 1691 demonstrarunt,
2454 1631 2806 1699 ipsorumque
2839 1640 3067 1685 conatus
3103 1633 3259 1702 plane
3286 1648 3416 1688 con-

162 1715 325 1768 κενὸν
348 1714 525 1767 πάντα
551 1712 923 1784 τολμήσαντας
942 1730 955 1743 ·
988 1714 1127 1784 τάχα
1157 1713 1213 1767 δὲ
1241 1716 1334 1768 καὶ
1362 1716 1653 1786 μέμφεται.
1678 1719 1721 1769 Τ

1845 1720 2069 1773 trarium
2111 1720 2314 1774 exitum
2362 1722 2541 1776 sortiti
2593 1731 2719 1777 sunt
2763 1740 2776 1775 :
2814 1722 3017 1778 idcirco
3047 1724 3261 1779 videtur
3294 1727 3413 1779 illus

159 1806 277 1877 γὰρ
299 1805 497 1875 δήποτε
521 1803 830 1876 αίτιώμενοι
851 1806 898 1858 οί
930 1806 1069 1859 κατὰ
1090 1806 1323 1877 Χριστοῦ
1348 1808 1728 1881 συνδραμόντες

1844 1809 2011 1865 David
2043 1813 2194 1880 quasi
2234 1812 2480 1873 irridere,
2524 1822 2584 1865 ut
2615 1814 2706 1883 qui
2741 1814 2795 1867 in
2845 1831 3041 1870 vanum
3083 1816 3265 1871 omnia
3299 1827 3416 1869 teu-

161 1895 387 1967 σταυρῷ
428 1894 613 1949 τοῦτον
666 1898 1007 1969 ἁνήρτησαν;
1062 1898 1171 1968 Οὐχ
1218 1894 1369 1963 οὗτός
1402 1901 1599 1953 ἐστινό
1629 1905 1728 1965 τοῖς

1844 1909 2027 1956 tarunt
2071 1921 2084 1955 :
2136 1905 2216 1958 vel
2270 1902 2499 1958 fortasse
2551 1906 2715 1959 etiam
2771 1920 3049 1961 accusare.
3082 1907 3197 1973 Qua
3243 1908 3412 1971 enim,

159 1965 343 2042 ἔθνεσι
362 1965 469 2060 μὲν
496 1965 871 2059 δεδωκὼς-τὴν
910 1988 1120 2057 σοφίαν,
1141 1965 1267 2052 τοῖς
1292 1990 1347 2043 δὲ
1378 1990 1653 2060 βασιλεῦσι
1678 1993 1728 2045 τί

1839 2010 2044 2063 qmeso,
2074 2011 2239 2050 causa
2290 1997 2513 2065 culpave
2552 1997 2604 2050 in
2639 1996 2857 2051 Christo
2903 1998 3235 2067 deprehensa
3278 2016 3412 2055 cou-

158 2079 367 2150 κράτος
401 2078 715 2150 παρασχὼν,
752 2079 846 2132 καὶ
884 2080 996 2141 τοῖς
1028 2079 1250 2149 ἄρχουσι
1272 2080 1370 2150 τὴν
1402 2081 1574 2151 ἀρχὴν
1605 2098 1740 2152 κρα-

155 2173 472 2243 τυνάμενος,
513 2171 607 2224 καὶ
644 2173 755 2234 τοῖς
794 2170 1066 2235 Ἰουδαίοις
1096 2172 1161 2224 τὰ
1195 2170 1426 2242 μέγιστα
1449 2190 1740 2245 τερατουρ⁸

156 2264 339 2333 γήσας
367 2262 460 2314 καὶ
486 2260 733 2331 βοώμενα
760 2260 1044 2331 Θαύματα;

1839 2101 2004 2141 cursu
2055 2086 2196 2141 facto
2248 2088 2420 2157 ipsum
2472 2088 2526 2141 in
2572 2104 2788 2143 crucem
2818 2090 3195 2145 sustulerunt?
3224 2090 3415 2145 Nonne

1841 2180 1957 2248 ipse
1984 2188 2085 2239 est.
2109 2178 2201 2247 qui
2233 2179 2484 2249 gentibus
2518 2179 2839 2249 sapientiam
2873 2181 3040 2243 dedit,
3075 2182 3166 2251 qui
3196 2183 3413 2253 regibus

1841 2270 2130 2340 imperium
2167 2269 2376 2331 tribuit,
2404 2270 2495 2338 qui
2522 2271 2858 2341 principibus
2890 2270 3231 2327 dominatum
3276 2291 3411 2328 cou-

1839 2363 2013 2417 lirmat
2039 2362 2061 2415 ?
2091 2362 2182 2430 qui
2208 2362 2442 2430 denique
2471 2362 2673 2418 Judteis
2698 2380 2910 2419 summa
2942 2375 2996 2420 et
3032 2367 3410 2436 proclamatis-

1840 2454 1977 2508 sima
2003 2453 2090 2505 illa
2124 2459 2380 2521 operatus
2409 2460 2493 2507 est
2522 2452 2823 2508 miracula?

1291 2562 1357 2617 Et
1388 2567 1443 2620 in
1475 2581 1678 2619 versum
1706 2577 2000 2636 sequentem
2024 2566 2253 2618 scribens
2272 2579 2291 2617 :

242 2656 601 2723 Ἆθανὰσιος.
621 2656 731 2727 (55)
748 2655 1005 2711 Ἐνταῦθα
1022 2656 1195 2710 λείπει
1208 2658 1287 2718 τὸ.
1306 2659 1569 2729 λέγοντες,
1589 2662 1673 2715 ἵνα

152 2751 189 2820 ἡ
219 2749 427 2802 διάνοια
458 2747 594 2819 αῦτη
614 2764 626 2777 °
664 2747 1064 2817 Συνήχθησαν
1088 2751 1236 2804 κατὰ
1256 2750 1361 2805 τοῦ
1393 2750 1613 2821 Κυρίου
1635 2754 1732 2807 καί

152 2842 309 2896 κατὰ
354 2840 460 2894 τοῦ
495 2840 751 2907 Χριστοῦ
781 2840 986 2904 αὑτοῦ,
1019 2839 1301 2909 λέγοντεςο
1350 2845 1735 2914 Διακόψωμεν

150 2932 300 2997 ⁴τοὺς
337 2931 597 3000 δεσμοὺς
641 2929 855 2983 αὐτῶν.
887 2931 1090 2995 Τίνων;
1137 2931 1231 2984 τοῦ
1277 2934 1488 3005 Πατρὺς
1518 2936 1732 2989 καὶτοῦ

153 3024 287 3077 Υίοῦ
307 3040 320 3054 ’
354 3024 413 3076 οὐ
444 3022 552 3093 γὰρ
576 3020 762 3092 ἠθελον
810 3021 939 3074 εἴσω
968 3022 1066 3091 τῆς
1099 3023 1247 3094 ἱερᾶς
1283 3024 1531 3092 γενέσθαι
1563 3028 1731 3097 σαγή-

148 3134 254 3188 νης
271 3133 285 3146 ⁹
326 3116 767 3182 Ἁπορῤίψωμεν
800 3112 867 3166 δὲ
898 3113 1005 3166 τὸν
1030 3113 1226 3184 ζυγὸν,
1258 3117 1502 3170 τουτέστι
1529 3115 1618 3172 τὸν
1644 3119 1733 3171 εύ-

148 3207 444 3277 αγγελικὸν
478 3206 635 3276 νόμον
662 3205 754 3257 καὶ
776 3204 872 3275 τὴν
900 3205 1138 3275 ἐντολὴν,
1164 3224 1230 3259 πε
1240 3208 1291 3279 pl
1313 3202 1372 3262 οὗ
1400 3208 1726 3281 γέγραπται-

162 3303 218 3353 Ὀ
251 3300 423 3368 ζυγός
449 3314 567 3367 μου
593 3298 855 3365 χρηστός
877 3296 1027 3350 ἐστι.
1066 3296 1234 3351 Τοῦτο
1269 3298 1323 3351 δὲ
1356 3300 1515 3364 αὐτὸς
1544 3300 1732 3354 ὀνειδί-

1913 2664 2256 2715 Athanasius.
2298 2660 2461 2715 Deest
2509 2660 2598 2714 hic
2652 2661 2804 2725 illud,
2831 2661 3091 2725 dicentes,
3118 2670 3178 2716 ut
3221 2660 3306 2716 hic
3342 2665 3412 2717 sit

1838 2767 2054 2815 sensus,
2083 2752 2397 2821 Congregati
2441 2760 2563 2803 sunt
2606 2765 2789 2805 contra
2829 2752 3113 2806 Dominum
3145 2763 3192 2807 et
3225 2766 3411 2809 contra

1839 2844 2109 2899 Christum
2153 2843 2288 2913 ejus,
2328 2836 2611 2898 dicentes:
2654 2842 3025 2911 Dirumpamus
3071 2845 3278 2899 vincula
3324 2862 3411 2900 eo-

1840 2949 1975 2986 rum.
2011 2932 2290 2998 Quorum?
2333 2930 2509 2987 Patris
2554 2932 2811 2986 nimirum
2854 2943 2906 2987 et
2946 2931 3066 2986 Filii
3107 2952 3119 2986 :
3157 2936 3411 2990 nolebant

1838 3023 1981 3077 enim
2033 3025 2173 3078 intra
2210 3038 2419 3077 sacram
2453 3022 2665 3077 Domini
2701 3040 2953 3093 sagenam
2987 3040 3105 3079 esse
3138 3044 3151 3079 :
3182 3026 3406 3095 abjicia-

1838 3130 1953 3167 mus
2004 3128 2129 3166 vero
2177 3113 2336 3165 etiam
2370 3113 2559 3180 jugum
2589 3114 2840 3180 ipsorum,
2874 3113 2975 3167 hoc
3020 3124 3121 3177 est,
3156 3114 3322 3183 legem
3353 3121 3409 3168 et

1838 3214 2099 3275 praecepta
2151 3201 2445 3272 Evangelii,
2495 3202 2560 3255 de
2608 3217 2717 3274 quo
2760 3202 3020 3270 scriptum
3053 3211 3174 3257 est:
3207 3202 3407 3272 Jngum

1836 3312 2007 3349 meum
2045 3312 2199 3348 suave
2222 3294 2355 3351 est“.
2386 3291 2499 3347 Hoc
2528 3309 2656 3349 vero
2690 3295 2852 3348 etiam
2884 3294 3111 3364 ipsemet
3143 3294 3406 3352 Dominus

147 3390 263 3456 ζων
284 3392 464 3454 αὐτοῖς
489 3389 576 3443 διὰ
595 3390 861 3460 Ἱερεμίου
892 3388 1073 3458 ἔλεγεν
1094 3408 1106 3420 ·
1142 3388 1332 3457 Εἶπας
1348 3409 1362 3423 ·
1390 3395 1471 3446 Οὐ
1492 3393 1728 3448 δουλεύ-

1843 3390 1973 3457 ipsis
2025 3389 2317 3456 exprobrat
2352 3402 2446 3456 per
2476 3385 2787 3448 Jeremiam,
2832 3386 2959 3440 dum
3010 3388 3085 3440 ait
3117 3406 3130 3441 :
3162 3387 3405 3443 Dixisti:

146 3497 245 3535 σω
278 3497 406 3537 σοι’
438 3479 734 3540 τουτέστιν,
761 3478 944 3540 Οὕτως
966 3479 1315 3542 ὲπολιτεύσω,
1342 3480 1480 3533 ὥστε
1509 3481 1728 3533 ἀποσεί⁴

149 3575 351 3628 σασθαι
391 3574 490 3644 τὴν
530 3572 669 3642 ἐμὴν
695 3570 1031 3624 δουλείαν.Ἦ
1065 3571 1241 3625 τοίνυν
1264 3574 1433 3626 ταῦτα
1467 3577 1531 3627 ὲκ
1564 3591 1731 3645 προσ-

145 3665 302 3717 ώπου
331 3664 438 3717 τῶν
471 3664 737 3718 Ἰουδαίων
781 3664 992 3735 εἴρηται
1021 3663 1353 3719 ἀθετούντων
1385 3667 1483 3739 τὴν
1528 3669 1606 3730 είς
1636 3668 1731 3721 τὸν

148 3755 355 3827 Κύριον
385 3755 684 3827 ὑποταγὴν,
707 3756 801 3809 καὶ
820 3754 942 3809 οὔτε
972 3757 1117 3827 αὐτῷ
1146 3756 1267 3810 οὔτε
1297 3758 1374 3828 τῷ
1392 3759 1564 3831 Πατρὶ
1598 3762 1732 3813 ὑπο-

146 3848 375 3919 ζεῦχθαι
400 3848 657 3903 Θελόντων
676 3864 691 3881 ο
738 3849 771 3920 ἢ
808 3849 899 3902 καὶ
931 3852 1043 3913 τοῖς
1073 3849 1389 3904 πιστεύσασι
1412 3850 1473 3904 τὸ
1504 3851 1727 3922 Πνεῦμα

147 3941 440 4013 παρεγγυᾷ
469 3940 561 3993 καὶ
586 3939 763 4008 λέγει’
787 3940 877 4010 Μὴ
906 3940 1259 4011 ὁμοιωθῶμεν
1280 3944 1391 4005 τοῖς
1416 3942 1730 3996 ἐπιϐουλεύ-

147 4048 279 4086 σασι
310 4031 387 4102 τῷ
420 4030 660 4101 Χριστῷ,
694 4030 828 4102 μηδὲ
874 4031 1216 4104 συώεθῶμεν
1246 4035 1429 4097 αὐτοῖς
1460 4033 1599 4087 κατὰ
1630 4035 1729 4107 τὴν

144 4124 402 4194 ὁμόνοιαν
422 4138 436 4152 ·
462 4121 597 4176 ἀλλὰ
629 4122 722 4176 καὶ
746 4122 835 4175 τὸν
866 4121 1034 4197 βαρὺν
1058 4123 1151 4177 τοῦ
1183 4123 1412 4177 παλαιοῦ
1446 4125 1608 4195 νόμου
1636 4124 1729 4189 ζυ-

142 4216 244 4283 γὸν
281 4212 752 4284 ἀποτιναξὼμεθα,
786 4215 949 4285 μηδὲν
996 4214 1288 4286 ἡγούμενοι
1329 4214 1396 4269 τὰ
1429 4215 1486 4270 ὲν
1514 4214 1727 4279 τύποις.

143 4306 194 4357 εί
227 4304 301 4375 μὴ
333 4306 533 4357 νοοίντο
562 4303 963 4374 πνευματικῶς.
982 4305 1293 4369 Ἀσυντελὲς
1320 4308 1428 4378 γὰρ
1450 4306 1582 4377 πρὸς
1605 4306 1729 4379 ὄνη-

145 4412 235 4448 σιν
266 4397 302 4466 ὴ
342 4394 490 4461 σκιὰ,
524 4397 573 4449 εί
606 4395 683 4467 μὴ
715 4395 775 4449 τδ
809 4395 1042 4467 Χριστοῦ
1078 4397 1369 4467 μυστήριον
1393 4396 1688 4467 ζωγραφεῖ.

1836 3476 1959 3530 Νοιι
1982 3478 2202 3529 serviam
2233 3477 2324 3528 tibi
2340 3476 2380 3539 ',
2397 3476 2549 3545 quasi
2572 3477 2733 3535 dicat,
2755 3474 2845 3527 Sic
2877 3483 2925 3527 te
2946 3476 3180 3545 gessisti,
3206 3487 3262 3529 ut
3288 3493 3402 3532 ser-

1831 3570 2055 3625 vitutem
2094 3584 2267 3622 meam
2304 3578 2605 3624 excuteres.
2652 3567 2759 3621 Aut
2792 3568 2954 3637 igitur
2996 3567 3105 3621 haec
3141 3578 3399 3637 tanquam

1831 3676 1898 3715 ex
1925 3658 2235 3714 Judaeorum
2267 3674 2497 3730 persona
2526 3658 2803 3721 dicuntur,
2830 3658 2921 3727 qui
2958 3657 3182 3712 subesse
3216 3658 3404 3712 Domi-

1832 3767 1902 3806 no
1934 3760 2208 3813 recusant,
2239 3758 2292 3804 et
2334 3766 2431 3805 nec
2478 3750 2602 3820 ipsi,
2634 3765 2809 3820 neque
2848 3749 2993 3804 Patri
3040 3751 3157 3819 ejus
3203 3750 3400 3821 subjici

1831 3844 2063 3897 volunt:
2098 3851 2191 3897 aut
2233 3851 2379 3897 certe
2429 3843 2663 3911 Spiritus
2715 3841 2997 3897 credentes
3043 3842 3297 3896 admonet
3346 3851 3403 3897 et

1833 3934 1964 3989 dicit
1988 3952 2001 3988 :
2029 3931 2107 3987 Ne
2135 3933 2500 3988 assimilemur
2529 3934 2596 3987 iis
2620 3934 2714 4004 qui
2739 3934 2954 3989 Christo
2983 3933 3221 3989 insidiati
3246 3945 3396 3999 sunt,

1832 4041 2005 4096 neque
2050 4035 2438 4080 connectamur
2491 4025 2623 4094 ipsis
2654 4024 3045 4080 consentiendo
3078 4044 3091 4078 :
3124 4027 3255 4094 quin
3301 4041 3399 4096 po-

1824 4119 1938 4175 tius
1966 4133 2127 4191 grave
2154 4118 2283 4172 illud
2317 4117 2516 4173 veteris
2546 4116 2679 4186 legis
2712 4132 2849 4172 onus
2885 4115 3230 4186 abjiciamus,
3258 4118 3395 4171 nihil

1828 4212 2158 4266 aestimantes
2190 4219 2345 4279 typos
2381 4210 2524 4274 illos,
2552 4209 2658 4264 nisi
2701 4209 3054 4278 spiritualiter
3084 4208 3394 4280 intelligan-

1829 4312 1935 4357 tur.
1966 4300 2169 4355 Umbra
2205 4315 2441 4369 namque
2469 4316 2556 4355 res
2581 4301 2828 4370 quaedam
2854 4308 2938 4355 est
2968 4300 3281 4370 imperfecta
3312 4312 3396 4356 at-

1829 4407 1933 4463 que
1968 4391 2195 4452 inutilis.
2224 4391 2268 4447 si
2295 4390 2497 4445 Christi
2527 4391 2844 4463 mysterium
2873 4407 2980 4447 non
3008 4393 3282 4448 describit.

893 4509 963 4563 Et
1000 4509 1055 4562 in
1082 4509 1177 4563 illa
1205 4508 1395 4563 verba:
1423 4530 1441 4557 η
1474 4507 1617 4563 Tunc
1645 4509 1887 4579 loquetur
1920 4507 1991 4561 ad
2019 4524 2105 4562 eos
2142 4509 2195 4561 in
2222 4508 2305 4560 ira
2330 4522 2448 4572 sua,
2480 4525 2498 4557 ι
2527 4523 2573 4561 v.
2602 4507 2652 4563 5.

228 4627 595 4683 Ἀθανασίου.
616 4626 725 4697 (54)
740 4629 891 4682 Τότε.
914 4628 1070 4693 Πότε,
1093 4630 1125 4699 ἢ
1149 4630 1234 4682 ὅτε
1254 4628 1435 4697 ἔλεγον
1452 4646 1467 4661 ·
1485 4628 1725 4699 Διαρρή-

1901 4628 2196 4683 Athanasii.
2228 4625 2399 4682 Tunc.
2431 4626 2677 4693 Quando,
2702 4626 2805 4682 nisi
2832 4642 2955 4682 cum
2982 4627 3261 4684 dicerent:
3291 4628 3389 4684 Di-

142 4719 340 4787 εωμεν
371 4716 513 4783 τοὺς
538 4715 799 4785 δεσμοὺς
821 4714 1049 4779 astam;
1084 4718 1216 4772 Τίνα
1242 4717 1299 4771 δέ
1332 4720 1475 4771 ἐστιν
1497 4721 1553 4772 ὲν
1576 4719 1711 4790 ὀργῇ

140 4811 276 4880 παρ’
310 4809 473 4862 αὐτοῦ
501 4808 827 4878 λαληθέντας
867 4808 1010 4863 Οὐαί
1042 4809 1199 4878 ὑμῖν,
1225 4810 1591 4881 Γραμματεῖς
1614 4812 1712 4863 καὶ

142 4897 471 4964 Φαρισαῖοι,
513 4897 602 4951 ὅτι
645 4894 969 4967 ἀρθήσεται
1012 4899 1113 4968 ἀφ’
1142 4896 1309 4967 ὑμῶν
1352 4899 1391 4965 ἠ
1428 4899 1713 4964 ,βασιλεία

138 4988 249 5043 τοῦ
282 4988 449 5041 Θεοῦ.
496 4987 603 5042 Kal
633 4989 757 5055 τοῖς
781 4989 1063 5057 νομικοῖς,
1091 4990 1324 5043 οὺαί.“Π
1348 4990 1428 5055 τὸ,
1458 4991 1609 5048 Τότε,
1633 4990 1712 5052 είς

138 5081 233 5133 τὸν
276 5080 465 5151 καιρὸν
507 5080 607 5148 τῆς
646 5080 877 5152 κρίσεως
906 5083 1253 5153 ἀναφέρεται,
1291 5081 1435 5135 ὅταν
1462 5082 1711 5150 ὄψονται

138 5174 229 5236 εις
278 5171 351 5225 ὃν
394 5171 811 5239 ἐξεκέντησαν.
844 5173 973 5225 Τότε
1008 5174 1116 5246 γὰρ
1144 5173 1363 5245 ταράξει
1395 5175 1591 5236 αὐτοὺς
1621 5173 1710 5227 λέ-

140 5279 287 5331 γων’
324 5265 651 5333 Πορεύεσθε
696 5265 797 5318 ἀπ’
829 5266 973 5334 ἐμοῦ
1005 5271 1058 5320 ol
1097 5267 1508 5336 κατηραμένοι.
1528 5269 1711 5320 Ἐπει-

143 5354 387 5425 ρὰθησαν
420 5356 475 5409 δὲ
511 5355 659 5419 θείας
690 5358 877 5429 ὀργῆς,
903 5359 994 5411 καί
1018 5359 1106 5412 ὅτε
1140 5362 1172 5431 ἡ
1222 5359 1501 5430 Ῥωμαϊκῇ
1529 5359 1711 5423 αὐτοῖς

139 5449 410 5503 ἐπιστᾶσα
455 5448 682 5522 στρατιὰ
724 5452 823 5521 τήν
866 5470 925 5505 τε
969 5451 1123 5505 πόλιν
1169 5453 1455 5525 ἐνέπρησε,
1492 5452 1585 5504 καὶ
1616 5449 1708 5504 τὸν

210 5586 322 5655 (55)
362 5582 487 5638 Haec
519 5585 782 5640 habentur
808 5585 1078 5653 superius,
1100 5582 1195 5639 sed
1220 5583 1488 5639 breviora.

209 5700 229 5729 '
269 5696 428 5753 Joan.
460 5714 513 5758 v.
544 5696 632 5751 25.
708 5698 729 5729 ⁸
766 5698 960 5755 Matth.
995 5715 1071 5765 xl,
1109 5697 1195 5753 30.
1275 5697 1296 5730 ⁹
1333 5694 1536 5753 Jeretn.
1565 5692 1740 5763 11,20.

136 5774 222 5827 37.
307 5770 350 5800 ⁸³
390 5767 578 5823 Matth.
612 5784 737 5834 xxv,
774 5770 860 5823 41.

1821 4736 2121 4789 rumpamus
2157 4719 2364 4773 vincula
2394 4718 2669 4789 ipsorum?
2711 4716 2882 4773 Porro
2934 4734 3055 4789 qua:
3100 4728 3226 4774 sunt
3271 4720 3387 4785 illa,

1818 4828 1940 4883 quae
1983 4812 2034 4865 in
2083 4812 2161 4865 ira
2198 4811 2266 4865 ab
2315 4812 2433 4880 ipso
2482 4810 2627 4863 dicta
2658 4809 2821 4863 sunt?
2854 4809 2975 4864 Hazc
3006 4808 3253 4864 scilicet:
3298 4808 3388 4865 Vae

1818 4904 1979 4967 vobis,
2013 4900 2213 4957 Scriba:
2250 4912 2300 4956 et
2336 4900 2618 4965 Pharisazi,
2665 4902 2788 4971 quia
2824 4901 3035 4954 tolletur
3058 4918 3091 4955 α
3113 4900 3253 4954 vobis
3298 4919 3384 4956 re-

1818 5010 1975 5064 gnum
2004 4992 2097 5046 Dei
2117 4994 2178 5046 ιο.
2216 4991 2282 5045 Et
2309 4991 2446 5045 vobis
2472 4991 2808 5061 legisperitis,
2831 5006 2907 5044 vta
2928 4991 2991 5043 “.
3024 4989 3118 5044 Vel
3144 5000 3289 5045 certe
3320 4991 3386 5045 il-

1816 5084 1927 5149 lud,
1962 5093 2108 5147 tunc,
2142 5082 2372 5138 refertur
2411 5082 2475 5135 ad
2512 5092 2723 5151 tempus
2752 5081 2963 5147 judirii,
2997 5081 3214 5149 quando
3235 5082 3382 5135 vide-

1818 5174 1941 5228 bunt
1968 5174 2023 5227 in
2051 5190 2201 5244 quem
2230 5172 2606 5241 transﬁxerunt
2635 5170 2697 5222 η.
2734 5169 2888 5225 Tunc
2913 5170 3058 5225 enim
3089 5171 3381 5224 conturba-

1816 5266 1897 5321 bit
1926 5280 2040 5330 eos,
2069 5265 2255 5319 dicens
2289 5280 2302 5315 :
2341 5262 2602 5317 Discedite
2647 5278 2679 5315 ο
2724 5278 2824 5324 me,
2870 5262 3136 5315 maledicti
3156 5262 3214 5315 “.
3246 5259 3384 5315 Divi-

1819 5372 1939 5411 nam
1974 5365 2153 5411 autem
2183 5355 2319 5408 iram
2345 5352 2515 5407 Judaai
2536 5353 2743 5423 experti
2772 5365 2917 5416 sunt,
2950 5368 3072 5407 cum
3103 5352 3378 5408 Romanus

1816 5447 1869 5501 in
1897 5446 2041 5515 ipsos
2072 5447 2282 5500 irruens
2305 5444 2576 5500 exercitus
2604 5445 2789 5499 urbem
2822 5444 3083 5509 incendit,
3115 5444 3375 5515 templum

1881 5578 1989 5652 (54)
2031 5577 2156 5633 Haec
2180 5578 2307 5633 item
2334 5579 2607 5650 superius,
2638 5576 2730 5632 sed
2756 5577 3033 5648 pauciora.

1819 5692 1861 5724 ¹⁰
1904 5689 2095 5748 Matth.
2133 5705 2247 5758 xxI,
2280 5690 2371 5746 4'5.
2449 5692 2491 5724 ¹ι
2531 5688 2665 5746 Luc.
2700 5705 2778 5758 χι,
2806 5688 2893 5745 ιδ.
2972 5691 3015 5722 ⁸⁸
3053 5688 3209 5747 Joan.
3256 5706 3373 5756 x13.
