4058 6468
653 413 753 471 551

1506 411 1566 467 S.
1607 407 1972 464 ATIIANASlI
2010 405 2159 462 OPP.
2197 406 2378 462 PARS
2414 405 2499 460 Ill.
2542 436 2608 446 —
2650 404 3067 460 EXEGETICA.

3806 414 3916 471 552

654 530 944 599 expilavit,
992 539 1045 584 et
1088 528 1321 599 denique
1374 530 1665 583 maximam
1725 528 1965 599 ipsorum
2017 536 2222 597 partem

2333 526 2451 579 ναὸν
2505 524 2793 597 ἐπόρθησε,
2839 528 2932 580 καὶ
2980 529 3104 589 τοὺς
3156 526 3407 591 πλείονας
3457 526 3638 582 αὐτῶν
3696 527 3915 601 θανάτῳ

656 633 831 678 morte
864 623 1078 677 delevit.

2331 618 2709 691 παρέπεμψεν.

1741 713 1886 768 Idem
1913 717 1966 768 in
2000 715 2397 784 inscriptionem
2430 713 2623 783 psalmi
2656 713 2820 768 tertii.

726 812 1001 865 Athanasii
1039 822 1087 865 et
1118 810 1328 881 Cyrilli.
1370 812 1532 866 Tertii
1583 814 1777 883 psalmi
1821 815 2101 885 inscriptio
2137 830 2224 868 re-

656 905 821 958 mittit
875 919 974 958 nos
1019 903 1084 956 ad
1135 903 1438 969 historiam,
1489 920 1611 973 quae
1654 915 1833 961 exstat
1880 906 1933 960 in
1978 905 2219 961 secundo

659 997 797 1049 libro
831 994 1160 1065 Regnorum.
1194 992 1468 1050 Habuerat
1492 995 1656 1052 David
1685 1012 1751 1051 ex
1781 998 2010 1052 diversis
2047 997 2225 1051 uxori-

656 1087 755 1145 bus
800 1088 1106 1157 complures
1141 1088 1301 1143 filios.
1339 1089 1483 1142 Inter
1511 1089 1608 1143 hos
1636 1089 1848 1143 Amnon
1878 1097 1996 1144 erat
2024 1090 2228 1159 primo-

655 1184 899 1251 genitus;
932 1196 996 1235 ex
1032 1183 1135 1236 alia
1175 1198 1303 1237 vero
1348 1183 1579 1253 conjuge
1608 1182 1843 1253 suscepti
1886 1183 2220 1247 Abessalom,

654 1283 709 1328 et
730 1272 965 1327 Thamar
1001 1274 1128 1337 ﬁlia,
1159 1285 1385 1345 uterque
1408 1274 1581 1330 forma
1606 1277 1839 1348 egregia.
1872 1276 2046 1347 Hujus
2076 1293 2227 1330 arno-

656 1382 714 1421 re
742 1376 1024 1437 correptus
1070 1368 1305 1436 Amnon,
1336 1384 1400 1424 ac
1456 1370 1708 1424 morbum
1758 1370 2045 1433 simulans,
2100 1385 2223 1424 cum

653 1474 685 1513 a
717 1458 917 1515 Davide
944 1462 1272 1525 visitaretur,
1304 1460 1458 1531 petiit
1485 1460 1554 1515 ab
1586 1460 1728 1530 ipso,
1765 1471 1823 1514 ut
1849 1474 2089 1514 sororem
2121 1459 2223 1512 sibi

653 1553 975 1607 curatricem
1004 1552 1193 1608 adesse
1216 1553 1448 1621 iuberet.
1481 1551 1655 1620 Atque
1686 1551 1758 1605 ita
1788 1566 1907 1605 eam
1939 1550 2180 1619 corrupit
2208 1567 2221 1603 :

655 1652 778 1713 post
808 1645 968 1699 etiam
1003 1645 1129 1699 odio
1159 1646 1384 1711 habens,
1425 1646 1587 1699 domo
1608 1644 1789 1714 eiecit.
1813 1646 1934 1714 Ipsa
1965 1659 2094 1697 vero
2125 1643 2227 1697 fra-

656 1735 724 1788 tri
754 1735 1069 1791 Abessaloui
1100 1736 1166 1791 de
1196 1736 1394 1806 injuria
1421 1737 1793 1807 conqueritur.
1832 1735 1935 1803 Qui
1975 1736 2101 1791 licet
2130 1751 2223 1789 ve-

2416 811 2783 874 Ἇθανασίου,
2808 808 2856 862 Κ
2861 809 3135 877 υρίλλου.
3155 809 3247 863 Sic
3268 808 3459 879 absque
3483 807 3671 876 copula
3704 818 3911 859 utrum-

2330 922 2427 975 que
2465 920 2649 958 nomen
2691 903 3007 972 conjungens
3052 919 3071 954 :
3107 901 3242 970 forte
3291 917 3354 955 ea:
3385 912 3602 971 utroque
3641 901 3909 969 novrum;

2330 999 2561 1067 conﬂata
2603 1014 2713 1051 esse
2755 997 2972 1049 innuero
3009 995 3285 1049 colens.'H
3328 992 3421 1047 τοῦ
3473 993 3659 1063 τρίτου
3688 990 3907 1062 ψαλμοπ

2328 1094 2607 1165 ἐπιγραφὴ
2649 1092 2786 1163 πρὸς
2829 1091 2926 1163 τὴν
2976 1092 3034 1143 ὲν
3077 1092 3143 1161 τῇ
3178 1089 3407 1160 δευτέρα
3454 1086 3563 1140 τῶν
3608 1086 3907 1139 Βασιλειῶν

2329 1186 2569 1256 ἱστορίαν
2611 1186 2757 1255 ἡμᾶς
2805 1182 3185 1254 παραπέμπει.
3218 1181 3308 1250 Τῷ
3337 1179 3499 1234 Δαυτδ
3527 1183 3591 1233 ὲκ
3636 1179 3909 1249 διαφόρων

2326 1278 2600 1346 γυναικῶν
2631 1278 2817 1341 παῖδες
2848 1277 3093 1345 ἐγένοντο
3118 1276 3379 1337 πλείονες.
3399 1276 3485 1327 Ἐν
3512 1274 3727 1336 τούτοις
3760 1272 3855 1325 καὶ
3883 1274 3911 1324 6

2338 1370 2550 1442 Ἀμνὼν
2576 1366 2644 1442 ἦν
2670 1371 3010 1442 πρωτότοκος
3028 1387 3041 1400 ο
3071 1369 3129 1436 ἐξ
3178 1369 3371 1439 ἑτέρας
3394 1366 3449 1420 δὲ
3478 1369 3506 1420 6
3548 1363 3912 1432 Ἀὁεσσαλὼμ

2330 1461 2426 1516 καὶ
2454 1464 2487 1533 ἡ
2522 1461 2739 1533 Θάμαρ,
2771 1460 2937 1531 ἄμφω
2964 1460 3060 1532 τὴν
3084 1460 3205 1530 ὄψιν
3234 1458 3406 1513 καλοί.
3429 1455 3645 1524 Ταύτης
3694 1454 3909 1525 ἠράσθη

2328 1555 2358 1607 6
2402 1552 2614 1624 Ἀμνών
2634 1570 2647 1583 °
2678 1554 2772 1607 καὶ
2795 1555 2971 1606 νοσεῖν
3000 1552 3455 1623 ὑποκρινάμενος,
3480 1546 3669 1616 ἐπειδὴ
3695 1548 3725 1598 6
3750 1546 3911 1599 Δαυῖδ

2329 1648 2492 1700 αὐτὸν
2517 1645 2875 1715 ἐπεσκέψατο,
2908 1647 3159 1717 παρεῖναι
3183 1642 3335 1713 ἠξίου
3364 1642 3463 1712 τὴν
3486 1640 3724 1709 ἀδελφὴν
3750 1637 3912 1691 αὑτὸν

2332 1736 2792 1808 Θεραπεύσουσαν.
2813 1736 2923 1788 Καὶ
2948 1734 3284 1805 διαφθείρας,
3317 1728 3435 1787 εἶτα
3467 1732 3724 1803 μισήσας,
3753 1727 3912 1790 εὐθὺς

656 1825 936 1883 hementer
977 1838 1116 1883 esset
1161 1838 1491 1895 commotus,
1523 1828 1657 1882 iram
1684 1838 1862 1882 tamen
1890 1826 2223 1881 dissimulat.

2333 1827 2655 1897 ἐξέπεμψεν.
2674 1828 2737 1880 Ἡ
2762 1827 2819 1880 δὲ
2866 1825 2944 1897 τῷ
2992 1823 3204 1895 ἀδελφῷ
3243 1822 3593 1891 Ἀδεσσαλὼμ
3615 1819 3716 1891 τὴν
3754 1818 3910 1912 ὓϐριν

652 1919 723 1972 At
754 1920 1029 1989 aliquanto
1055 1927 1177 1989 post
1215 1928 1455 1989 tempore
1479 1920 1779 1974 Amnonem
1804 1918 1868 1972 ad
1896 1932 2108 1973 ctenam
2141 1934 2230 1971 vu-

657 2019 837 2064 catum
890 2010 1171 2074 interimit,
1220 2023 1579 2080 metuensque
1628 2012 1795 2081 patris
1838 2011 1996 2076 iram,
2050 2010 2224 2081 fugit:

657 2100 985 2169 demumque
1032 2108 1155 2169 post
1204 2110 1314 2155 tres
1354 2116 1529 2154 annos
1556 2100 1863 2164 revertitur,
1898 2102 1976 2154 ira
2013 2099 2229 2155 Davidis

650 2190 764 2261 iam
800 2193 1050 2247 remissa.
1085 2190 1203 2246 Non
1242 2192 1388 2246 illico
1423 2200 1602 2245 tamen
1654 2193 1708 2246 in
1744 2200 2097 2260 conspectum
2129 2190 2231 2244 Pa-

659 2284 757 2337 tris
792 2282 1087 2347 admissus,
1124 2282 1217 2338 sed
1246 2283 1465 2337 demum
1514 2292 1639 2351 post
1683 2284 1821 2338 duos
1852 2299 2045 2338 annos.
2076 2282 2231 2337 Tunc

655 2388 785 2427 vero
812 2373 1043 2427 insidias
1066 2372 1212 2427 Patri
1250 2382 1463 2436 struere
1498 2374 1684 2445 cmpit,
1715 2390 2015 2446 currusque
2047 2376 2150 2430 sibi
2176 2384 2231 2430 et

657 2465 868 2532 equites
900 2467 1254 2535 comparavit,
1287 2466 1500 2533 sibique
1525 2467 1839 2521 conciliavit
1863 2483 1983 2530 eos,
2016 2468 2110 2537 qui
2144 2483 2231 2522 re-

656 2572 775 2627 gem
803 2556 993 2626 iudicii
1021 2573 1185 2613 causa
1215 2559 1455 2623 adibant,
1499 2560 1601 2613 sub
1633 2560 1810 2627 specie
1845 2560 2231 2615 benevolentiae

654 2655 707 2701 et
740 2647 1038 2702 clementiae
1062 2647 1357 2715 subiiciens
1382 2648 1484 2701 sibi
1501 2646 1682 2703 Patris
1712 2649 1980 2714 subditos,
2004 2665 2231 2721 cogens-

656 2750 763 2806 que
793 2736 1061 2805 ingentem
1096 2734 1499 2806 transfugarum
1527 2739 1951 2801 multitudinem,
1988 2750 2046 2794 ut
2082 2739 2229 2795 Patri

657 2820 883 2875 insidias
916 2822 1172 2877 tenderet.
1215 2822 1295 2875 Ad
1330 2832 1659 2892 extremum,
1692 2825 1909 2892 defecit,
1944 2843 2110 2898 seque
2147 2845 2231 2883 re-

656 2929 775 2985 gem
821 2915 1170 2985 nuncupavit.
1200 2916 1515 2987 Assumpsit
1558 2933 1688 2971 vero
1721 2934 1846 2972 cum
1887 2919 2075 2974 multis
2107 2922 2229 2977 aliis

654 3006 817 3059 etiam
848 3005 1279 3076 Acbitophelem,
1314 3007 1406 3076 qui
1442 3006 1623 3062 Davidi
1652 3018 1769 3064 erat
1806 3024 1837 3063 a
1863 3011 2127 3077 consiliis,
2151 3014 2232 3067 vi-

658 3112 779 3150 rum
804 3094 1018 3151 vafrum
1048 3106 1102 3151 et
1126 3098 1474 3153 industrium.
1502 3098 1621 3165 Quo
1656 3100 1863 3167 audito,
1892 3100 2028 3173 fugit
2060 3102 2227 3160 David

2330 1917 2649 1990 ἀπήγγειλε.
2678 1918 2941 1980 Κάκεῖνος
2974 1916 3273 1984 ἀγανακτεῖ
3314 1914 3431 1984 μὲν,
3459 1911 3690 1983 κρύπτει
3729 1910 3786 1962 δὲ
3814 1909 3911 1978 τὴν

2329 2010 2519 2080 ὀργήν.
2556 2009 2713 2063 Μετά
2744 2026 2865 2062 τινα
2896 2007 2954 2061 δὲ
2996 2006 3183 2078 καιρὸν
3213 2006 3303 2059 τὸν
3344 2004 3554 2077 ’Δμνὼν
3584 2007 3663 2068 είς
3697 2004 3913 2057 δεῖπνον

2331 2102 2585 2164 καλέσας,
2613 2100 2919 2163 ἀπέκτεινε,
2950 2100 3045 2153 καὶ
3075 2098 3329 2169 φοϐηθεὶς
3360 2097 3458 2170 τὴν
3483 2097 3654 2169 ὀργὴν
3678 2096 3775 2149 τοῦ
3805 2112 3911 2147 πα-

2329 2190 2475 2262 τρὸς,
2500 2190 2747 2260 ἀπέφυγε
2766 2206 2779 2219 ’
2817 2189 2954 2261 μετά
2981 2189 3036 2243 δὲ
3060 2188 3185 2259 τρία
3207 2188 3301 2257 ἔτη
3323 2188 3588 2251 ἐπάνεισι,
3612 2187 3706 2240 τοῦ
3738 2185 3912 2257 θυμοῦ

2331 2282 2668 2345 κοπάσαντος
2714 2281 2792 2352 τῷ
2836 2280 3018 2335 Δαυῖδ.
3058 2282 3131 2335 Οὐ
3169 2281 3274 2351 μὴν
3306 2282 3399 2333 καὶ
3439 2280 3615 2350 ὅψεως
3665 2280 3912 2345 ἀξιοῦται

2329 2374 2429 2445 τῆς
2457 2373 2733 2443 πατρικῆς
2770 2373 2986 2434 αὐτίκα,
3013 2370 3148 2424 ἀλλά
3174 2372 3312 2441 μετά
3335 2370 3428 2425 δύο
3456 2372 3754 2433 ἐνιαυτούς.
3775 2372 3913 2442 Ἥρ-

2331 2462 2458 2530 ξατο
2500 2465 2557 2518 δὲ
2606 2463 2976 2517 ὲπιὸουλεύειν
3007 2462 3084 2534 τῷ
3119 2464 3309 2536 πατρὶ,
3348 2464 3443 2516 καὶ
3471 2463 3696 2536 ἆρματα
3734 2462 3914 2535 ἑαυτῷ

2331 2555 2424 2608 καὶ
2460 2555 2644 2618 ίππεῖς
2673 2554 2912 2625 ἐποίησε,
2950 2555 3041 2607 καὶ
3077 2554 3381 2607 ίδιοποιείτο
3419 2555 3544 2616 τοὺς
3579 2556 3911 2626 ἐρχομένους

2331 2642 2586 2715 κριθῆναι
2619 2644 2753 2716 πρὸς
2785 2645 2875 2698 τὸν
2914 2644 3155 2715 βασιλέα,
3185 2646 3421 2715 σχήματι
3467 2648 3769 2711 ἐπιεικείας
3808 2649 3912 2701 ὑπ-

2330 2736 2595 2804 αγόμενος
2626 2736 2752 2797 τοὺς
2778 2735 3070 2805 ὑπηκόους,
3092 2736 3186 2789 καὶ
3214 2735 3417 2801 πλῆθος
3442 2737 3765 2790 ἀποστατῶν
3787 2754 3883 2790 συν
3900 2768 3911 2775 -

2330 2820 2617 2891 αθροίζων,
2652 2822 2730 2885 είς
2762 2822 3051 2895 ἐπιϐουλὴν
3084 2823 3175 2877 τοῦ
3228 2824 3449 2895 πατρός.
3484 2826 3594 2880 Καὶ
3620 2825 3774 2890 τέλος
3808 2828 3914 2880 ἀπ-

2331 2910 2481 2982 έστη,
2522 2913 2614 2965 καὶ
2648 2911 2873 2981 βασιλέα
2917 2915 3105 2968 ἑαυτὸν
3137 2917 3490 2988 ἀνηγόρευσε.
3539 2918 3915 2990 Προσελά6ετο

2330 3001 2387 3054 δὲ
2420 3005 2516 3057 σὺν
2548 3003 2727 3067 ἀλλοις
2771 3005 2983 3069 πολλοῖς
3025 3008 3116 3059 καὶ
3145 3008 3236 3061 τὸν
3274 3008 3573 3078 Ἀχιτόφελ,
3609 3010 3669 3063 ὃν
3696 3012 3725 3064 6
3750 3012 3916 3065 Δαυῖδ

2333 3088 2447 3164 εἶχε
2478 3093 2799 3165 σύμῦουλον,
2832 3096 3000 3167 ἄνδρα
3035 3095 3208 3152 δεινὸν
3244 3100 3340 3152 καὶ
3370 3099 3720 3171 δραστήριον.
3754 3104 3863 3155 Καὶ
3884 3105 3914 3155 6

655 3201 782 3241 cum
814 3186 902 3251 iis,
924 3186 1017 3256 qui
1041 3187 1184 3242 circa
1208 3188 1384 3258 ipsum
1410 3199 1586 3255 erant,
1619 3191 1781 3247 nudis
1804 3192 2051 3261 pedibus.
2074 3192 2229 3249 Tunc

2333 3185 2493 3239 Δαυῖδ
2516 3187 2773 3249 ἀκούσας,
2802 3188 2990 3256 φεύγει
3038 3189 3174 3259 μετά
3202 3189 3309 3243 τῶν
3338 3192 3467 3261 περὶ
3488 3191 3654 3245 αὐτὸν
3682 3196 3913 3263 γυμνοῖς

656 3281 817 3334 etiam
869 3278 1046 3334 Semei
1095 3281 1275 3349 ipsum
1319 3292 1636 3337 exsecratus
1679 3292 1781 3337 est.
1818 3282 2077 3341 Precatus
2101 3301 2231 3342 vero

657 3369 850 3437 David,
887 3379 946 3424 ut
987 3368 1131 3425 Deus
1175 3371 1463 3424 consilium
1494 3372 1869 3443 AcbitOpbelis
1896 3376 2025 3429 velit
2054 3375 2232 3432 facere

656 3461 898 3528 irritum,
926 3462 1195 3517 submittit
1227 3462 1388 3517 etiam
1423 3460 1614 3528 Chusi,
1653 3464 1888 3519 amicum
1922 3481 2105 3531 suum,
2137 3467 2231 3535 qui

656 3553 938 3609 sententias
980 3553 1124 3609 illius
1158 3556 1519 3615 contradicat.
1554 3571 1617 3611 ac
1647 3572 1742 3625 per
1790 3559 2102 3615 sacerdotes
2133 3558 2232 3613 Sa-

655 3646 854 3700 docum
886 3655 939 3701 et
970 3646 1319 3701 Abiatharcm
1363 3648 1465 3702 sibi
1492 3649 1676 3703 omnia
1713 3648 1975 3719 signiticet
2003 3651 2234 3705 Abessa-

659 3740 801 3794 lonis
846 3738 1093 3793 consilia.
1118 3738 1287 3793 Clausi
1315 3754 1462 3803 vero,
1494 3739 1586 3793 ubi
1636 3738 1706 3793 ad
1756 3741 2079 3809 parricidam
2108 3757 2233 3812 per-

658 3831 826 3896 venit,
857 3831 926 3885 ab
975 3829 1093 3899 ipso
1145 3840 1402 3899 tanquam
1436 3830 1607 3885 fidelis
1643 3839 1698 3886 et
1732 3830 2025 3889 benevolus
2057 3833 2234 3889 credi-

659 3932 771 3984 tus,
802 3936 908 3975 una
944 3937 1067 3976 cum
1096 3920 1448 3991 Achitophele
1474 3924 1525 3977 in
1560 3924 1798 3979 medium
1832 3927 2121 3981 consulere
2140 3927 2234 3996 ju-

663 4014 840 4074 Iictur,
874 4026 983 4081 quo
1013 4019 1172 4082 pacto
1226 4012 1426 4067 bellum
1472 4014 1584 4083 geri
1619 4024 1886 4083 oporteat.
1921 4014 1986 4070 Et
2015 4016 2235 4072 Achito-

660 4100 785 4171 phel
818 4102 1035 4172 quidem
1066 4114 1255 4157 auctor
1282 4114 1384 4166 est,
1411 4113 1470 4157 ut
1501 4103 1838 4173 Abessalom,
1866 4108 2019 4176 prius
2053 4118 2232 4164 tamen

660 4210 786 4249 cum
824 4194 995 4265 patris
1026 4194 1311 4266 pellicibus
1338 4209 1687 4267 congressus,
1713 4212 1838 4252 eum
1878 4214 1909 4252 a
1942 4208 2094 4269 tergo
2117 4215 2236 4269 per-

661 4295 945 4357 sequatur,
971 4296 1134 4357 atque
1164 4286 1488 4356 imparatum
1533 4288 1895 4360 aggrediatur.
1924 4288 2091 4345 Chusi
2133 4307 2234 4345 au-

663 4389 794 4444 tem,
829 4380 897 4437 de
926 4381 1207 4452 pellicibus
1238 4382 1455 4451 quidem
1488 4382 1624 4436 nihil
1651 4384 1862 4439 consilii
1891 4384 2012 4449 dat;
2038 4394 2093 4439 at
2122 4395 2180 4440 ut
2205 4401 2236 4440 e

2331 3281 2442 3341 τοῖς
2471 3279 2626 3330 ποσίν
2646 3296 2659 3308 ·
2695 3279 2783 3331 ὅτε
2813 3280 2905 3332 καὶ
2936 3280 3125 3350 Σεμεεὶ
3155 3282 3300 3352 αύτῷ
3326 3286 3624 3355 κατηρᾶτο.
3660 3285 3912 3357 Εὑχὸμε-

2332 3385 2421 3431 νος
2456 3369 2513 3423 δὲ
2550 3370 2649 3440 τὴν
2692 3369 2786 3423 τοῦ
2830 3371 3109 3441 Ἀχιτόφελ
3151 3372 3602 3446 διασκεδασθῆναι
3652 3377 3849 3449 βουλὴν
3884 3381 3915 3433 6

2331 3460 2511 3525 Δαυῒδ,
2543 3463 2749 3532 πέμπει
2774 3464 2869 3516 καὶ
2894 3463 2988 3517 τὸν
3022 3455 3216 3518 ἑαυτοῦ
3240 3466 3391 3536 φίλον
3410 3468 3582 3521 Χουσὶ
3604 3472 3669 3541 τῇ
3700 3470 3912 3525 ἐκείνου

2332 3553 2526 3623 γνώμῃ
2558 3554 2992 3625 ἀντιταξόμενον,
3017 3558 3111 3609 καὶ
3133 3558 3221 3611 διὰ
3244 3557 3353 3633 τῷν
3381 3560 3575 3632 ἱερέων
3601 3561 3793 3615 Σαδὼκ
3816 3564 3912 3616 καὶ

2345 3642 2605 3716 Ἀϐιάθαρ
2647 3644 2954 3716 δηλώσοντα
3001 3646 3147 3717 αὐτῷ
3183 3650 3291 3703 πᾶν
3340 3650 3369 3703 6
3394 3650 3460 3704 ἂν
3488 3650 3851 3725 βουλεύσηται
3885 3656 3914 3709 6

2347 3735 2711 3807 Ἀσεσσαλώμ.
2732 3737 2789 3791 Ὀ
2807 3737 2863 3790 δὲ
2882 3739 3071 3800 Χουσὶ,
3089 3740 3277 3811 ἐπειδὴ
3304 3742 3440 3812 πρὸς
3459 3742 3552 3796 τὸν
3574 3745 3917 3815 πατραλοίαν

2331 3826 2517 3881 τοῦτον
2545 3828 2789 3897 ἀφίκετο,
2812 3830 3117 3894 πιστευθεὶς
3146 3831 3222 3894 ὡς
3248 3831 3435 3897 εὔνους
3461 3834 3631 3905 αὐτῷ,
3661 3837 3827 3900 αὐτός
3853 3856 3912 3893 τε

2333 3918 2428 3972 καὶ
2466 3919 2746 3989 Ἀχιτόφελ
2780 3920 3174 3992 προτρέπονται
3205 3922 3235 3974 ὁ
3267 3940 3321 3976 τι
3359 3923 3477 3979 δέον
3522 3928 3651 3997 περὶ
3675 3928 3913 3999 πολέμου

2333 4013 2526 4065 εἰπεῖν.
2560 4013 2668 4065 Καὶ
2706 4014 2735 4066 6
2774 4012 3057 4083 ’Δχιτόφελ
3086 4016 3473 4086 προτρέπεται,
3500 4021 3622 4083 ταῖς
3667 4019 3763 4074 τοῦ
3808 4039 3916 4077 πα-

2333 4102 2459 4173 τρὸς
2490 4102 2677 4157 τοῦτον
2710 4105 2935 4175 μιγέντα
2979 4104 3299 4170 παλλακαῖς,
3327 4106 3504 4161 ὀπίσω
3536 4108 3777 4176 διώκειν,
3819 4114 3915 4166 καὶ

2334 4193 2651 4265 ἀσυντάκτῳ
2700 4194 3040 4266 προσϐαλεῖν.
3060 4197 3117 4250 '0
3163 4196 3221 4251 δὲ
3269 4198 3439 4251 Χουσὶ
3485 4201 3612 4271 περὶ
3660 4202 3760 4272 μὲν
3802 4202 3916 4258 τῶν

2335 4282 2625 4338 παλλακῶν
2670 4281 2819 4337 οὐδὲν
2852 4285 3193 4358 ἀπεφήνατο·
3227 4288 3463 4361 ὲξορμᾷν
3494 4288 3551 4342 δὲ
3584 4289 3747 4355 εὐθὺς
3774 4293 3912 4348 κατὰ

2334 4376 2425 4430 τοῦ
2458 4376 2662 4449 πατρὸς
2696 4378 2757 4431 οὐ
2805 4379 3098 4452 συνεχώρει
3159 4380 3236 4451 τῷ
3274 4380 3654 4454 Ἀσεσσαλώμθ
3683 4384 3771 4438 ἴνα
3816 4386 3916 4457 μὴ,

665 4474 894 4543 vestigio
940 4472 994 4525 iu
1035 4480 1241 4541 patrem
1276 4473 1533 4541 impetum
1562 4473 1744 4537 faciat,
1784 4473 1889 4529 hoc
1913 4475 2231 4530 Abessaloui

2336 4472 2392 4524 ὲν
2432 4469 2602 4542 ὄρεσι,
2630 4471 2813 4539 φησὶν,
2842 4471 3092 4542 ἐμπεσὼν
3113 4472 3207 4525 καὶ
3227 4472 3561 4544 δυσφορίαις,
3580 4475 3641 4527 τό
3666 4492 3725 4528 τε
3753 4493 3917 4548 στρα-

664 4562 961 4618 dissuadet.
994 4561 1092 4627 Ne,
1127 4562 1323 4633 inquit,
1356 4562 1409 4617 in
1439 4565 1715 4619 montibus
1766 4565 1820 4619 in
1870 4565 2045 4635 ipsum
2098 4565 2234 4620 inci-

2334 4560 2555 4615 τόπεδον
2592 4559 2929 4634 διαφθείρῃς,
2959 4560 3055 4614 καὶ
3099 4561 3259 4625 αὐτὸς
3284 4565 3405 4626 ταῖς
3432 4562 3526 4616 τοῦ
3578 4565 3788 4635 πατρὸς
3818 4564 3919 4635 λη-

666 4657 823 4722 dens,
870 4655 1021 4711 clade
1068 4664 1306 4725 accepts,
1336 4671 1462 4711 cum
1514 4656 1815 4711 exercitum
1867 4658 2081 4727 perdas,
2119 4666 2234 4712 tum

667 4762 798 4802 vero
830 4746 944 4817 ipse
988 4745 1041 4799 in
1075 4748 1245 4815 patris
1273 4762 1467 4801 manus
1492 4746 1742 4816 captivus
1782 4747 2084 4816 pervenias.
2107 4744 2239 4800 Par-

670 4840 839 4894 ricida
888 4838 1053 4908 igitur
1091 4838 1343 4893 dicente:
1373 4837 1563 4892 Melius
1612 4849 1690 4892 cst
1729 4838 2009 4892 consilium
2052 4838 2234 4902 Chusi,

668 4948 827 5001 quam
859 4930 1291 5001 Achitopltelis",
1323 4945 1558 4986 mcerore
1590 4940 1873 4999 correptus
1916 4931 2239 5001 Acbitopbel

670 5020 774 5075 sibi
824 5020 925 5089 ipsi
966 5020 1160 5090 laqueo
1190 5020 1351 5075 vitam
1399 5021 1615 5090 eripuit.
1660 5020 1830 5075 Chusi
1874 5037 2002 5076 vero
2054 5022 2237 5077 omnia

672 5108 859 5163 Davidi
906 5125 999 5179 per
1048 5111 1358 5167 sacerdotes
1385 5111 1713 5182 signiﬁcavit
1740 5129 1754 5163 :
1778 5111 2052 5182 iussitque
2086 5112 2241 5167 insu-

672 5214 767 5268 per
814 5200 976 5254 etiam
1030 5199 1233 5271 fugere.
1264 5200 1529 5270 Deinceps
1566 5216 1694 5255 vero
1748 5216 1872 5255 cum
1915 5201 2234 5256 Abessalnm

675 5291 839 5344 rebus
861 5292 1110 5345 omnibus
1132 5293 1432 5356 instructis,
1460 5291 1734 5361 corruptis
1763 5292 1926 5346 etiam
1957 5292 2107 5361 prius
2138 5307 2238 5361 pa-

678 5385 778 5437 tris
809 5383 1090 5452 pollicibus
1117 5384 1275 5453 idque
1294 5385 1527 5453 publice,
1560 5395 1764 5455 patrem
1791 5395 2235 5454 persequeretur,

678 5469 843 5524 David
878 5471 1093 5540 quidem
1148 5472 1263 5541 ipse
1310 5475 1362 5527 in
1394 5474 1564 5529 aciem
1596 5489 1703 5528 non
1736 5475 1971 5543 prodiit;
2006 5476 2241 5530 ducibus

678 5578 808 5617 vero
839 5564 954 5618 suis
982 5564 1189 5617 credito
1231 5566 1470 5619 exercitu
1523 5567 1778 5637 pra-cepit
1828 5566 1981 5637 ipsis,
2010 5568 2195 5622 dicens
2224 5585 2237 5620 :

679 5650 893 5707 Parcite
939 5653 1051 5722 ﬁlio
1100 5670 1209 5708 meo
1251 5654 1639 5709 Abessaloni".
1692 5655 1887 5711 Przelio
1940 5672 2069 5713 vero
2128 5656 2241 5712 acri

753 5811 797 5843 “
836 5808 877 5865 ll
907 5810 1035 5885 Reg.
1072 5829 1202 5879 xvn,
1238 5815 1323 5871 14.
1400 5816 1443 5849 ⁸⁸
1484 5814 1522 5871 ll
1547 5814 1677 5885 Reg.
1706 5830 1859 5886 xvm,
1885 5816 1938 5871 5.

2336 4650 2527 4721 φθείης
2568 4650 2745 4722 χερσί.
2778 4650 2883 4703 Τοῦ
2912 4650 2970 4704 δὲ
3009 4649 3338 4721 πατραλοίου
3387 4652 3659 4717 εἰπόντος·
3705 4654 3918 4724 Ἄταθὴ

2331 4742 2534 4812 ,ϐουλὴ
2568 4743 2757 4797 Χουσὶ
2787 4742 2939 4811 ὑπὲρ
2966 4741 3082 4812 τὴν
3101 4744 3347 4812 ,ϐουλὴν
3387 4745 3708 4815 Ἀχιτόφελ.
3747 4746 3922 4821 λύπη·

2337 4834 2451 4897 θεὶς
2474 4834 2756 4904 Ἀχιτόφελ
2778 4834 3083 4905 ἀπήγξατο.
3101 4834 3158 4887 '0
3176 4833 3233 4888 δὲ
3254 4836 3423 4889 Χουσὶ
3451 4836 3531 4907 τῷ
3547 4836 3711 4891 Δαυῖδ
3737 4839 3922 4893 πάντα

2336 4925 2423 4979 διά
2446 4926 2555 4979 τῶν
2588 4926 2774 4997 ίερέων
2805 4927 3061 4999 ἐδήλωσε,
3097 4927 3192 4983 καὶ
3230 4927 3449 4997 φεύγειν
3480 4927 3561 4981 ἔτι
3603 4929 3917 4988 ἐκέλευσεν.

2351 5019 2502 5072 Ἐπεὶ
2552 5018 2611 5072 δὲ
2660 5018 3220 5092 παρασκευασάμενος
3262 5020 3292 5073 6
3340 5018 3691 5089 Ἀὁεσσαλὼμ
3738 5022 3922 5076 ὀπίσω

2338 5112 2432 5165 τοῦ
2466 5112 2669 5185 πατρὸς
2714 5111 3026 5178 κατεδίωξε,
3061 5112 3325 5184 πρότερον
3374 5115 3495 5176 ταῖς
3537 5111 3746 5166 ἐκείνου
3781 5115 3923 5168 παλ-

2338 5204 2530 5271 λακαῖς
2571 5208 2629 5260 ὲν
2670 5206 2920 5278 ὑπαίθρῳ
2960 5207 3160 5276 μιγεὶς,
3193 5208 3222 5260 6
3252 5206 3351 5277 μὲν
3378 5206 3541 5260 Δαυῒδ
3566 5208 3668 5260 οὐκ
3695 5206 3924 5277 ἐξῆλθεν

2341 5298 2501 5360 αὐτὸς
2534 5299 2613 5361 είς
2652 5296 3097 5367 ἀντιπαράταξιν,
3134 5299 3365 5369 ἡγεμόσι
3409 5299 3466 5353 δὲ
3513 5299 3816 5363 πιστεύσας
3865 5302 3925 5353 τὸ

2344 5390 2675 5460 στράτευμα,
2710 5389 3009 5443 ἐνετείλατο
3035 5390 3217 5455 αὐτοῖς
3244 5392 3419 5459 λέγων
3438 5408 3451 5422 ·
3476 5393 3777 5447 Φείσασθέ
3796 5410 3925 5460 μιν

2341 5482 2446 5535 τοῦ
2475 5480 2789 5548 παιδαρίου
2818 5480 3209 5550 Ἀϐεσσιιλώμ.
3233 5480 3340 5535 Τοῦ
3365 5482 3422 5536 δὲ
3449 5482 3689 5553 πολέμου
3716 5484 3924 5553 συρρα-

2342 5572 2528 5642 γέντος
2567 5574 2625 5625 ὲν
2659 5571 2738 5642 τῷ
2774 5569 2965 5643 δρυμῷ
3009 5570 3267 5643 Ἐφραῒμ,
3294 5572 3553 5625 πίπτουσι
3601 5571 3700 5642 μὲν
3745 5570 3921 5623 εἴκοσι

2342 5663 2572 5735 χιλιάδες
2601 5661 2812 5733 ἀνδρῶν
2838 5660 2946 5718 ἀπὸ
2967 5660 3061 5716 τοῦ
3090 5660 3499 5734 στρατεύματος
3530 5662 3626 5715 τοῦ
3667 5663 3928 5716 ’Δ6εσσα-
