4058 6524
653 403 760 460 555

1484 407 1538 458 S.
1582 406 1952 459 ATIlANASIl
1992 408 2142 461 OPP.
2179 408 2358 462 PARS
2411 407 2498 462 Ill.
2528 435 2595 446 -—-
2641 407 3057 462 EXEGETICA.

3796 415 3901 472 556

727 532 861 586 Tum
917 533 1076 588 etiam
1120 532 1442 587 Graecorum
1492 541 1660 600 poetae
1708 540 1762 584 et
1809 542 2074 595 oratores,
2125 532 2216 600 qui

2392 533 2501 584 Καὶ
2519 532 2564 583 οἱ
2588 532 2714 600 παρ’
2741 529 2960 598 Ἕλλησι
2982 529 3036 581 δὲ
3059 535 3277 600 ποιηταὶ
3304 534 3396 585 καί
3418 532 3763 602 λογογράφοι,
3781 536 3900 589 κατ’

655 639 776 677 cum
810 623 1029 678 omnino
1063 623 1265 677 nullam
1294 622 1413 692 ejus
1435 623 1508 675 rei
1541 637 1724 674 curam
1765 622 2044 684 haberent,
2074 638 2226 675 vera-

655 732 722 770 ne
751 723 932 770 essent
962 730 1081 784 quae
1113 715 1373 776 dicerent,
1408 713 1844 781 conscripserunt
1899 713 2119 782 singuli,
2156 712 2228 766 si-

654 821 720 861 ne
748 806 947 876 przevio
975 805 1247 870 examine,
1272 821 1391 874 qua:
1422 804 1553 871 ipsis
1584 805 1923 865 videbantur,
1960 803 2104 857 hunc
2139 818 2228 856 so-

652 900 762 953 lum
810 899 971 954 ﬁnem
1011 899 1293 958 habentes,
1329 907 1387 952 ut
1432 897 1688 950 nimirum
1742 896 1938 964 linguae
1973 909 2086 946 suae
2119 895 2228 947 ele-

651 995 890 1062 gantiam
924 1002 1284 1048 ostentarent.

2321 624 2509 676 οὑδὲνα
2559 623 2755 692 τρόπον
2797 623 2889 674 τοῦ
2920 622 3136 693 ἀληθεῖς
3176 619 3314 675 εἶναι
3347 625 3749 692 φροντίσαντες,
3781 643 3900 677 συν-

2323 710 2625 763 τεΟείκασιν
2675 710 3051 773 ἀϐασανίστως
3095 712 3154 764 τὸ
3198 715 3380 776 αὐτοῖς
3429 714 3638 779 δοκοῦν,
3701 715 3903 768 σκοπὸν

2325 801 2537 870 ἔχοντες
2569 803 2683 866 ἕνα,
2718 803 2778 854 τὸ
2812 802 3070 867 ἐπίδειξιν
3099 805 3425 875 ποιήσασθαι
3459 804 3722 874 γλώττης.

1805 1083 1938 1137 Item
1963 1085 2015 1136 in
2041 1083 2231 1151 psalm.
2268 1099 2365 1136 xm
2391 1084 2744 1154 ἐπιγραφήν.

724 1184 1019 1238 Athanasii.
1063 1182 1371 1237 Secundum
1413 1195 1688 1250 anagogen
1739 1195 1885 1242 vero,
1938 1180 2110 1247 aperit
2159 1179 2214 1233 in

651 1279 752 1332 hoc
784 1278 992 1347 psalmo
1027 1285 1078 1330 et
1106 1275 1341 1343 explicat
1373 1273 1676 1328 clarissime
1714 1271 1996 1325 hominum
2026 1271 2217 1339 impie-

649 1376 814 1420 tatem
840 1377 894 1420 et
921 1366 1051 1436 legis
1081 1363 1580 1435 praevaricationem
1608 1363 1660 1415 in
1692 1362 1945 1416 omnibus
1972 1362 2087 1416 suis
2121 1375 2213 1415 co-

651 1458 867 1512 natibus
893 1478 904 1510 :
932 1468 990 1511 ut
1015 1457 1140 1511 hinc
1165 1456 1539 1511 necessitatem
1562 1455 1824 1508 adventus
1850 1452 2056 1507 Christi
2082 1469 2215 1521 prae—

649 1550 807 1604 dicet.
845 1551 1020 1618 Atque
1047 1548 1126 1603 sic
1155 1547 1372 1617 quidem
1422 1547 1582 1600 divus
1609 1544 1937 1599 Athanasius
1969 1560 1980 1594 :
2016 1557 2212 1598 secun-

647 1643 774 1695 dum
808 1650 986 1695 autem
1017 1654 1270 1709 magnum
1295 1637 1573 1700 Basilium,
1601 1644 1707 1690 etc.

2395 1179 2504 1249 (56)
2544 1181 2908 1235 Ἄθανασιόυ.
2942 1184 3096 1238 Κατὰ
3124 1184 3305 1255 μέντοι
3335 1183 3644 1252 ἀναγωγὴν,
3675 1181 3897 1254 διαρῤήο

2316 1271 2412 1342 δην
2451 1275 2507 1325 ὲν
2540 1273 2616 1342 τῷ
2652 1276 2874 1343 παρόντι
2905 1275 3104 1346 ψαλμῷ
3132 1275 3415 1346 σαφηνίζει
3441 1275 3549 1328 τῶν
3594 1276 3898 1347 ἀνθρώπων

2317 1364 2414 1432 τὴν
2446 1367 2524 1428 εἰς
2554 1366 2613 1418 τὸ
2643 1366 2900 1428 παντελὲς
2925 1367 3028 1420 τῶν
3062 1367 3504 1439 ἐπιτηδευμάτων
3529 1369 3782 1421 ἀσέϐειαν
3804 1370 3898 1422 καὶ

2316 1457 2681 1526 παρανομίαν,
2718 1460 2803 1512 ἵνα
2839 1459 2897 1512 τὸ
2940 1460 3234 1528 ἀναγκαῖον
3280 1461 3379 1531 τῆς
3415 1461 3737 1529 ἐπιφανείας
3767 1463 3896 1515 ἁνα-

2316 1548 2525 1619 κηρύξῃ
2561 1550 2817 1618 Χριστοῦ.
2857 1551 2964 1603 Καὶ
2996 1551 3167 1615 οὕτως
3200 1551 3296 1622 μὲν
3317 1554 3344 1605 ὀ
3369 1551 3508 1614 θεῖος
3543 1552 3892 1617 Ἀϐανάσιοςο

2314 1638 2453 1690 κατὰ
2477 1638 2533 1691 δὲ
2559 1640 2647 1692 τὸν
2681 1641 2850 1710 μέγαν
2877 1640 3174 1704 Βασίλειον,
3206 1651 3308 1695 etc.

1189 1751 1445 1805 Similiter
1473 1752 1526 1803 in
1551 1751 1761 1805 titulunt
1784 1751 1975 1820 psalm.
2017 1767 2129 1815 xxv,
2163 1751 2441 1820 prtemissa
2469 1749 2779 1804 Theodoreti
2808 1754 3087 1816 sententia,
3116 1752 3364 1820 subjicit:

717 1849 1047 1902 Athanasius
1078 1859 1256 1901 autem
1290 1856 1343 1901 et
1370 1846 1622 1910 Basilius,
1653 1847 1832 1916 magni
1882 1847 1956 1899 illi
1995 1845 2201 1910 Patres,
2237 1852 2282 1908 Β

647 1946 819 2000 aiunt,
846 1936 1098 1990 Davidem
1148 1937 1413 2005 psalmum
1461 1937 1605 1990 hunc
1636 1936 1917 2000 cecinisse,
1957 1944 2014 1989 ut
2050 1937 2210 1991 doce-

645 2037 747 2090 ret,
781 2026 1038 2096 quidnam
1077 2026 1206 2080 illud
1236 2027 1326 2090 sit,
1360 2027 1509 2095 quod
1542 2027 1815 2079 hominem
1849 2035 2112 2095 praeparet
2141 2027 2210 2079 ad

645 2116 856 2170 beatam
902 2117 1047 2170 illam
1089 2116 1323 2186 quietem
1354 2115 1810 2184 consequendam.
1851 2114 2049 2179 Quare,
2084 2130 2208 2169 cum

644 2207 980 2278 propositum
1036 2213 1182 2259 esset
1237 2204 1290 2257 in
1338 2207 1440 2258 hoc
1471 2203 1679 2273 psalmo
1724 2203 1998 2255 hominem
2038 2202 2212 2270 perfe-

643 2310 792 2354 ctum
843 2297 1169 2361 describere,
1217 2311 1373 2360 eum,
1421 2295 1664 2364 inquam,
1710 2294 1804 2362 qui
1857 2291 2205 2346 beatitudinis

643 2392 914 2460 particeps
960 2389 1174 2443 futurus
1212 2399 1311 2453 est,
1343 2387 1530 2442 ordine
1565 2401 1628 2441 ac
1656 2385 1740 2440 via
1767 2385 1999 2455 quadam
2036 2383 2204 2437 utitur

645 2485 698 2537 in
741 2483 807 2536 iis
851 2496 970 2552 qua:
1018 2482 1072 2535 in
1125 2481 1242 2550 ipso
1277 2479 1508 2549 spectari
1555 2479 1750 2540 solent,
1781 2477 2098 2547 aproximis
2143 2489 2205 2529 ac

644 2573 834 2643 primis
856 2571 998 2627 facto
1025 2572 1267 2625 exordio.
1299 2571 1390 2624 Sic
1421 2570 1584 2639 igitur
1607 2569 1814 2639 incipit,
1836 2568 2074 2634 Domine,
2096 2578 2200 2622 etc.

2383 1845 2494 1915 (57)
2548 1845 2862 1908 ἈΟανάσιος
2896 1846 2950 1899 δὲ
2978 1847 3068 1900 καὶ
3104 1847 3401 1908 Βασίλειος,
3435 1847 3482 1898 οἱ
3526 1846 3752 1916 μεγάλοι
3779 1846 3896 1898 Πα-

2313 1935 2486 2004 τέρες,
2524 1937 2687 2005 φασίν
2706 1953 2717 1966 ο
2751 1938 2830 1989 ὅτι
2857 1937 3039 1990 τοῦτον
3064 1936 3176 2007 ᾄδει
3204 1937 3292 1990 τὸν
3317 1935 3526 2006 ψαλμὸν
3567 1938 3596 1990 ὁ
3629 1937 3789 1989 Δαυῖδ
3815 1940 3896 1989 διο

2309 2026 2542 2089 δάσκων,
2573 2026 2625 2078 τί
2667 2026 2731 2079 ἂν
2781 2027 3060 2098 ἄνθρωπον
3109 2027 3516 2098 παρασκευάσω
3570 2028 3669 2096 τῆς
3717 2045 3894 2097 μακα-

2315 2115 2432 2186 ρίας
2467 2116 2681 2185 ἐκείνης
2714 2118 2895 2186 τυχεῖν
2941 2115 3163 2185 λήξεως.
3212 2119 3302 2170 Διὸ
3344 2118 3434 2171 τὸν
3481 2116 3684 2170 τέλειον
3712 2120 3843 2187 ἡμῖν
3869 2119 3895 2170 ἑ

2310 2207 2467 2274 λόγος
2515 2208 2824 2279 ὑπογράψαι
2872 2208 3208 2278 βουλόμενός,
3238 2209 3330 2264 τὸν
3361 2209 3468 2263 τῶν
3504 2208 3893 2280 μακαρισμῶν,

2313 2298 2689 2369 ἐπιτυγχάνειν
2721 2299 2998 2370 μέλλοντα,
3031 2298 3179 2364 τάξει
3214 2303 3320 2354 τινὶ
3359 2303 3454 2354 καί
3481 2302 3585 2372 ὁδῷ
3619 2303 3728 2355 τῶν
3765 2300 3895 2371 mp!

2313 2389 2474 2443 αὑτὸν
2518 2390 2903 2461 Θεωρουμένων
2955 2391 3314 2462 χρησάμενος,
3340 2393 3449 2446 ἀπὸ
3477 2393 3586 2444 τῶν
3628 2410 3895 2463 προσελι-

2314 2479 2518 2550 στέρων
2566 2480 2658 2533 καὶ
2693 2479 2922 2550 πρώτων
2967 2480 3064 2551 τὴν
3097 2481 3267 2550 ἀρχὴν
3295 2480 3893 2553 πεποίηται.’Δρχόμε-

2311 2587 2397 2634 νος
2427 2566 2516 2624 οὖν
2547 2586 2706 2640 φησί’
2737 2572 2933 2639 Κύριε,
2959 2579 3062 2626 etc.

1193 2685 1417 2740 Rursum
1447 2686 1499 2737 in
1521 2685 1710 2754 psalm.
1741 2700 1808 2738 xv
1835 2685 1929 2738 illa
1967 2685 2136 2747 verba,
2172 2703 2189 2736 t
2222 2683 2432 2738 Sanctis
2462 2685 2550 2753 qui
2586 2694 2705 2736 sunt
2732 2685 2786 2736 in
2818 2695 2976 2749 terra,
3006 2705 3025 2737 ι
3053 2695 3176 2751 etc.,
3208 2702 3254 2740 υ.
3278 2686 3328 2740 5.

710 2783 1052 2836 Athanasius.
1098 2780 1323 2835 Sanctos
1357 2796 1476 2835 esse
1524 2781 1598 2834 ait
1650 2780 1755 2847 hic,
1785 2780 1876 2849 qui
1917 2780 1967 2832 in
2001 2778 2203 2847 Spiritu

641 2885 768 2929 sunt
809 2875 1131 2929 sanctiﬁcati
1177 2892 1189 2926 :
1225 2871 1429 2926 Christi
1468 2887 1592 2925 vero
1628 2881 1848 2934 terram,
1883 2869 2200 2926 Ecclesium.

641 2961 772 3017 Illud
797 2979 942 3028 vero,
975 2961 1298 3030 Mirificasti,
1332 2975 1450 3028 pro,
1484 2959 1802 3022 Declarasti,
1836 2959 2071 3027 p0nitur.
2104 2956 2202 3012 Vo.

641 3059 874 3110 luntates
923 3069 1085 3124 porro
1131 3053 1299 3122 ipsius
1328 3051 1502 3106 Patris
1534 3051 1800 3122 intelligit.
1833 3049 1901 3105 Ut
1931 3052 2201 3106 universo.

642 3163 763 3201 ium
797 3145 883 3199 hic
909 3146 977 3199 sit
1005 3160 1197 3198 sensus
1229 3163 1241 3198 :
1271 3143 1340 3198 lis
1362 3145 1455 3214 qui
1484 3145 1538 3197 in
1567 3143 1671 3198 ﬁde
1702 3143 2023 3198 sanctiﬁcati
2052 3154 2201 3209 sunt,

641 3237 912 3308 cognitam
964 3235 1194 3290 reddidit
1241 3235 1571 3288 voluntatem
1600 3234 1797 3288 Patris.
1828 3233 1989 3287 Potes
2024 3243 2206 3287 tamen

641 3329 788 3382 hunc
826 3341 1043 3382 versant
1087 3326 1166 3380 sic
1212 3325 1540 3395 intelligere:
1576 3323 1936 3378 Admirabiles
1979 3323 2210 3378 reddidit

641 3418 783 3474 Deus
828 3428 1045 3474 sanctos
1092 3431 1240 3472 suos.
1284 3415 1504 3482 Quare?
1545 3414 1683 3482 Quia
1736 3415 2040 3470 voluntates
2087 3413 2207 3483 ejus

639 3527 827 3566 omnes
861 3511 915 3564 in
950 3510 1080 3580 ipsis
1106 3518 1280 3572 erant,
1316 3508 1461 3562 etab
1497 3509 1628 3576 ipsis
1661 3508 2048 3577 implebantur.

2383 2776 2496 2846 (58)
2531 2776 2891 2843 Ἀθανίὶσιος.
2922 2779 3132 2846 Ἀγίους
3163 2775 3300 2831 εἷναί
3327 2797 3486 2848 φησιν
3509 2779 3739 2833 ἐνταῦθα
3758 2783 3890 2844 τοὺς

2311 2868 2672 2938 ήγιασμένους
2716 2871 2771 2922 ὲν
2817 2871 3126 2941 Πνεύματι·
3154 2870 3386 2942 Χριστοῦ
3417 2869 3473 2922 δὲ
3505 2870 3606 2939 γῆν
3628 2873 3725 2939 τὴν
3763 2872 3891 2924 Ἐκ-

2309 2961 2531 3033 κλησίαν
2547 2979 2558 2991 ·
2579 2961 2638 3015 τὸ
2656 2963 2731 3028 δὲ,
2750 2963 3268 3033 Ἐθαυμάστωσας,
3289 2963 3407 3016 ἀντὶ
3432 2961 3548 3025 τοῦ,
3580 2963 3890 3033 Ἐφανέρω-

2310 3070 2424 3116 σας.
2481 3053 2771 3123 Θελήματα
2819 3055 2875 3107 δὲ
2925 3054 3085 3107 αὑτοῦ
3115 3053 3208 3106 τοῦ
3239 3053 3450 3126 Πατρός
3470 3070 3483 3086 ·
3513 3055 3577 3105 ἵν’
3671 3055 3730 3106 τὸ
3764 3055 3889 3110 ἕλον

2304 3143 2472 3195 οὕτω·
2500 3143 2622 3207 Τοῖς
2647 3145 2995 3214 ἡγιασμένοις
3021 3147 3077 3198 ἐν
3106 3147 3284 3199 πίστει
3308 3145 3544 3214 γνωστὸν
3575 3145 3796 3216 ἐποίησε
3827 3145 3889 3199 τδ

2305 3232 2512 3306 Θέλημα
2536 3233 2628 3287 τοῦ
2658 3235 2885 3306 Πατρός.
2916 3237 3148 3307 Νοήσεις
3173 3236 3229 3289 δὲ
3248 3236 3339 3289 τὸν
3366 3235 3542 3304 στίχον
3569 3237 3662 3287 καὶ
3682 3235 3882 3298 οὕτως’

2316 3323 2730 3394 Ἐθαυμάστωσε
2761 3327 2886 3390 τοὺς
2915 3326 3101 3393 ἁγίους
3143 3328 3171 3379 ὁ
3217 3326 3366 3387 Θεός.
3397 3324 3495 3376 Διὰ
3525 3325 3608 3386 τί;
3645 3324 3791 3377 Διότι
3817 3325 3888 3379 τὰ

2305 3413 2430 3485 θελή
2441 3432 2582 3485 ματα
2627 3415 2790 3468 αὑτοῦ
2819 3416 2995 3470 πάντα
3025 3416 3082 3468 ἐν
3108 3416 3287 3477 αὐτοῖς
3315 3411 3477 3486 ἦσαν,
3505 3415 3599 3467 καὶ
3633 3415 3756 3484 παρ’
3792 3418 3887 3469 αὖ·

2302 3507 2416 3568 τοῖς
2448 3505 2705 3573 ἐγίνοντο.

1713 3625 1898 3677 Adhuc
1936 3624 2003 3677 ad
2034 3622 2422 3693 inscriptionem
2461 3624 2603 3693 psal.
2637 3638 2796 3678 xvttt.

709 3742 1050 3799 Athanasius.
1085 3738 1533 3808 Quandoquidem
1579 3737 1751 3793 David
1797 3738 1901 3793 hoc
1945 3739 2066 3792 luco
2108 3752 2198 3791 ca-

639 3831 736 3893 nit,
769 3839 827 3884 ut
855 3838 907 3883 et
942 3829 994 3881 in
1013 3843 1147 3881 χχιιι
1169 3827 1402 3896 psalmo,
1426 3841 1604 3881 rerum
1632 3827 1876 3881 omnium
1895 3826 2198 3896 opiﬁcium,

638 3920 984 3991 reprehendit
1009 3934 1122 3983 eos,
1155 3919 1248 3989 qui
1279 3918 1543 3973 mundum
1574 3934 1604 3974 a
1634 3922 1814 3987 scipso
1853 3928 1907 3974 et
1935 3933 2066 3974 casu
2096 3932 2198 3972 e1-

638 4009 842 4064 stitisse
901 4009 1107 4070 dicunt,
1167 4017 1221 4061 et
1264 4009 1408 4061 nulla
1480 4009 1592 4078 regi
1637 4009 1972 4078 providentia
2019 4026 2033 4063 :
2080 4009 2200 4063 illos

637 4102 821 4166 etiam,
851 4100 943 4168 qui
981 4099 1224 4154 serviunt
1260 4109 1525 4155 creatura:
1569 4115 1680 4170 prae
1731 4099 2006 4155 Creatore.
2059 4099 2196 4166 Quid

637 4193 801 4262 igitur
830 4194 1067 4262 loquitur
1096 4192 1165 4248 ad
1189 4206 1282 4247 eos
1327 4192 1421 4262 qui
1451 4207 1516 4246 ex
1538 4191 1787 4263 gentibus
1814 4192 1990 4246 vocati
2016 4191 2179 4246 sunt?

2380 3737 2492 3808 (59)
2533 3737 2907 3804 Ἀθανάσιος.
2961 3736 3226 3790 Ἐνταῦθα
3281 3734 3462 3804 μέντοι
3504 3736 3532 3787 ὁ
3573 3731 3753 3794 Δαυῒδ,
3801 3731 3887 3797 ὡς

2303 3829 2361 3879 ὲν
2401 3827 2479 3897 τῷ
2524 3828 2752 3896 εἰκοστῷ
2785 3828 2950 3897 τρίτῳ
2981 3824 3179 3894 ψαλμῷ
3201 3866 3215 3889 ,
3246 3823 3462 3893 ψάλλων
3490 3821 3558 3874 τά
3594 3824 3691 3890 τῆς
3717 3825 3888 3888 γενέ.

2305 3935 2459 3982 σεως,
2489 3919 2725 3972 αἰτιᾶται
2756 3922 2880 3982 τοὺς
2910 3919 3188 3989 αὐτόματα
3211 3917 3463 3983 λέγοντας
3485 3915 3781 3982 ὑφεστάναι
3811 3917 3890 3969 τὰ

2303 4011 2433 4064 ὄντα
2465 4009 2557 4062 καὶ
2595 4010 2904 4080 ἀπρονόητα
2932 4003 3091 4072 εἶναι,
3127 4011 3219 4061 καὶ
3248 4007 3371 4069 τοὺς
3400 4004 3758 4077 λατρεύοντας
3813 4007 3891 4074 τῇ

2302 4103 2479 4160 κτίσει,
2510 4102 2661 4174 παρὰ
2687 4100 2776 4153 τὸν
2819 4101 3095 4155 κτίσαντα.
3144 4100 3208 4151 Τί
3242 4093 3334 4154 οὖν
3366 4099 3474 4170 ἄρα
3501 4098 3632 4167 φησὶ
3669 4098 3789 4160 τοῖς
3823 4098 3889 4163 ἐξ

2314 4191 2482 4243 ἐθνῶν
2510 4189 2904 4261 κεκλημένοις;
2941 4190 3030 4244 Sic
3063 4191 3136 4243 ibi
3170 4205 3322 4242 sensu
3346 4189 3675 4256 incomplete.

1293 4301 1428 4358 Item
1460 4305 1514 4358 in
1545 4304 1778 4373 ejusdem
1807 4304 1999 4373 psalmi
2032 4303 2185 4356 verba
2212 4303 2337 4369 ista,
2386 4304 2506 4355 Οὐκ
2532 4300 2650 4355 εἰσὶ
2672 4305 2894 4370 ﬂuitat,
2917 4313 3041 4368 etc.,
3069 4319 3116 4357 υ.
3139 4301 3172 4354 4

711 4421 876 4476 Porro
926 4423 984 4477 S.
1030 4421 1263 4493 Cyrillus
1315 4429 1370 4476 et
1413 4424 1686 4476 maximus
1734 4422 1822 4475 ille
1870 4420 2202 4475 Athanasius
2235 4426 2279 4476 D

638 4527 733 4585 per
765 4514 985 4568 modum
1020 4512 1465 4583 interrogationis
1512 4512 1723 4582 legunt,
1752 4512 1899 4581 quod
1929 4511 2018 4565 hic
2067 4511 2200 4565 dici—

641 4613 761 4654 tur:
795 4601 983 4656 Nonne
1015 4614 1133 4656 sunt
1174 4603 1410 4673 loquelw,
1434 4613 1526 4656 aut
1561 4616 1841 4666 sermones,
1874 4615 2098 4669 quorum
2119 4614 2201 4652 vo-

638 4708 717 4745 ces
749 4710 849 4746 non
891 4694 1220 4747 audientur.’
1257 4695 1414 4763 quasi
1453 4694 1598 4747 dicat
1626 4692 1832 4746 David:
1877 4689 2068 4746 Nonne
2098 4705 2198 4744 au-

640 4784 867 4837 diuntur
889 4786 1051 4839 etiam
1085 4795 1359 4840 mutarum
1411 4786 1524 4841 sive
1570 4799 1774 4846 rerum,
1829 4782 1943 4838 sive
1972 4795 2198 4851 operum

638 4893 798 4931 voces
840 4877 1041 4948 absque
1099 4893 1349 4933 sermone
1369 4887 1423 4933 et
1472 4877 1698 4947 lingua?
1725 4874 1889 4939 Sane,
1918 4875 2061 4930 dicat
2098 4874 2198 4927 ali-

637 4970 777 5037 quis.
806 4968 936 5022 Nam
976 4969 1434 5039 quemadmodum
1470 4969 1700 5025 textoris
1754 4969 2042 5022 artiﬁcium
2085 4969 2196 5022 ela—

639 5072 746 5115 mat
806 5063 949 5115 varia
997 5078 1059 5116 ac
1093 5063 1388 5117 versicolor
1422 5062 1621 5124 vestis;
1658 5076 1721 5116 ac
1757 5062 1932 5122 navis,
1989 5062 2043 5114 in
2088 5076 2195 5129 qua

638 5154 770 5205 nihil
804 5154 1120 5223 reprehendi
1165 5165 1359 5221 potest,
1401 5155 1649 5223 opilicem
1696 5169 1855 5207 suum
1887 5154 2144 5222 prmdicat
2178 5170 2192 5218 ;

639 5249 848 5302 fabrum
877 5251 1109 5320 denique
1141 5253 1310 5320 ipsius
1336 5265 1474 5319 opus
1503 5266 1515 5301 :
1558 5248 1636 5302 sic
1663 5257 1714 5303 et
1741 5257 2012 5310 creatura.
2037 5245 2195 5313 cuius

638 5350 965 5397 mentionem
1018 5341 1278 5404 fecimus,
1311 5344 1413 5396 etsi
1449 5356 1702 5394 sermone
1737 5355 1803 5394 ac
1836 5339 2044 5393 ratione
2101 5337 2194 5392 de-

710 5501 820 5567 (iiﬁ)
864 5499 974 5554 lloc
999 5509 1374 5566 argumentum
1421 5496 1670 5564 superius
1693 5492 2037 5567 przemittitur
2061 5489 2201 5567 psal-

640 5563 728 5623 mo
766 5587 813 5622 χι
846 5586 881 5630 ι,
917 5571 1007 5623 sed
1040 5563 1218 5638 priora
1266 5569 1447 5631 verba,
1485 5563 1625 5618 κατὰ
1679 5563 1857 5634 μέντοι
1887 5563 2195 5630 ἀναγωγήν,

639 5641 710 5694 ibi
740 5642 951 5693 desunt.

711 5710 817 5774 (57)
858 5708 990 5761 Vide
1023 5709 1155 5775 psal.
1178 5725 1297 5762 .xtv.

710 5782 817 5845 (ὃὸ)
860 5780 978 5834 lber
1008 5780 1254 5847 leguntur
1279 5779 1343 5832 ad
1377 5795 1586 5834 vcrstnn
1618 5778 1648 5830 5
1688 5776 1822 5846 psal.
1860 5790 1945 5828 vv.
1976 5782 2022 5826 et
2064 5787 2187 5841 pau-

2374 4418 2486 4489 (60)
2521 4420 2580 4472 '0
2603 4419 2660 4471 δὲ
2693 4419 2846 4487 ἅγιος
2876 4416 3140 4488 Κύριλλος
3186 4417 3279 4471 καὶ
3311 4419 3339 4472 ὁ
3368 4419 3668 4489 παμμέγας
3705 4419 3887 4474 Ἀθα-

2300 4510 2484 4575 νάσιος
2515 4513 2572 4563 ἐν
2598 4513 2862 4582 ἐρωτήσει
2895 4509 3320 4578 ἀναγινώσκουσι
3352 4511 3431 4576 τὸ,
3463 4513 3582 4567 Οὐκ
3610 4511 3726 4563 εἰσὶ
3765 4516 3891 4566 ,ια-

2299 4605 2443 4665 λιαὶ,
2480 4602 2621 4657 οὐδὲ
2649 4605 2837 4671 λόγοι,
2868 4597 2955 4656 ὧν
2999 4603 3134 4672 οὐχὶ
3176 4603 3540 4658 ἀκούσονται
3576 4605 3633 4656 al
3676 4606 3886 4671 φωναὶ

2300 4695 2528 4759 uerter;
2550 4694 2824 4748 τουτέστιν
2847 4712 2859 4725 ·
2892 4691 3037 4766 'Apa
3069 4695 3169 4747 οὐκ
3194 4695 3300 4748 εἰσὶ
3349 4697 3442 4748 καὶ
3471 4695 3576 4747 τῶν
3607 4693 3883 4763 ἀςρκώνων,

2301 4787 2335 4858 ἢ
2393 4788 2764 4860 πραγμάτων,
2808 4787 2841 4858 ἢ
2903 4788 3098 4857 ἔργων,
3129 4790 3304 4855 φωναὶ
3346 4789 3512 4858 χωρὶς
3561 4788 3718 4854 λόγου
3781 4792 3888 4844 καὶ

2302 4879 2584 4949 γλώττης;
2621 4879 2746 4940 Ναὶ,
2781 4880 2912 4950 φαίη
2940 4879 3003 4931 ἄν
3029 4895 3131 4941 τις.
3171 4882 3380 4949 Ὠσπερ
3409 4878 3515 4949 γὰρ
3543 4877 3633 4930 τοῦ
3691 4880 3886 4946 ὑφάν-

2303 4990 2395 5026 του
2418 4973 2513 5042 τὴν
2547 4972 2740 5042 τέχνην
2790 4974 2822 5042 ὴ
2871 4970 3248 5034 πολυποίκιλος
3290 4969 3453 5041 ἐσθὴς
3504 4970 3723 5039 ἀναϐοᾷ,
3778 4975 3888 5026 καὶ

2301 5063 2391 5116 τὸν
2420 5063 2697 5133 ναυπηγὸν
2729 5065 2762 5133 ἡ
2796 5061 3129 5132 ἀδιαδλήτως
3161 5063 3361 5131 ἔχουσα
3387 5060 3519 5124 ναῦς
3552 5062 3883 5130 ἀνακηρύτ-

2302 5174 2403 5217 τει,
2430 5156 2522 5208 καὶ
2548 5156 2634 5207 τὸν
2670 5154 2892 5226 σιδηρὲα
2915 5152 2975 5206 τὸ
3000 5154 3158 5224 ἔργον
3178 5150 3340 5207 αὑτοῦ
3362 5170 3373 5179 ’
3404 5153 3544 5206 οὕτω
3567 5154 3659 5206 καὶ
3686 5154 3716 5221 ἡ
3750 5155 3883 5206 κτί-

2306 5243 2502 5318 σις,.ἦς
2532 5248 2730 5317 ἀρτίως
2750 5248 2826 5299 διε
2836 5263 2938 5316 μνη
2949 5245 3302 5316 μονεύσαμεν,
3327 5245 3538 5314 ἄφωνος
3561 5245 3677 5313 μὲν,
3696 5244 3883 5313 ἧτουν

2298 5342 2520 5409 ἄλογος’
2550 5339 2705 5393 λαλιά
2737 5340 2792 5392 δὲ
2823 5339 3009 5410 ὥσπερ
3039 5339 3206 5407 αὐτῆς
3245 5338 3306 5391 τὸ
3356 5337 3540 5405 θαῦμά
3577 5337 3716 5399 ἐστι,
3777 5342 3885 5392 καὶ

2296 5496 2406 5548 lum
2444 5503 2648 5548 mutata
2678 5504 2731 5548 et
2761 5495 3006 5548 auctiora
3039 5492 3127 5548 hic
3156 5502 3302 5547 sunt.

2367 5565 2476 5627 (59)
2516 5565 2635 5618 lla-c
2688 5581 2794 5617 non
2846 5565 3098 5633 leguntur
3141 5565 3195 5617 in
3247 5561 3721 5630 Expositionibus,
3766 5562 3872 5619 sed

2298 5647 2424 5689 sunt
2453 5636 2746 5687 Athanasio
2761 5635 2942 5701 digna.

2364 5704 2473 5775 (60)
2505 5703 2634 5759 Vide
2660 5705 2787 5759 ibid.
2813 5701 3062 5772 superius
3094 5703 3161 5758 ad
3194 5717 3412 5758 versum
3452 5702 3503 5756 4.
