4058 6474
159 367 260 423 557

1155 361 1580 418 FRAGMENTA
1614 361 1975 417 COMMENT.
2021 361 2086 416 IN
2129 360 2472 418 PSALMOS.

3305 361 3408 417 558

155 478 269 539 οἷον
291 484 444 555 φωνὴ
467 484 527 536 τδ
552 482 742 545 κάλλος
775 481 868 534 καὶ
894 479 1134 545 εὐταξία.
1168 481 1242 534 Τὸ
1264 481 1372 551 γάρ
1401 481 1646 550 διήγημα
1674 480 1735 532 τὸ

1842 481 2102 545 Slitttilur,
2155 481 2380 550 loquelze
2408 492 2584 534 tamen
2619 479 2790 533 instar
2826 479 2940 548 ipsa
2959 487 3063 544 est,
3089 477 3409 532 admiranda

155 576 409 648 οὐράνιον
442 577 534 630 καὶ
569 576 629 628 τὸ
660 577 808 644 ῥῆμα
837 575 896 628 τὸ
942 575 1093 646 παρὰ
1123 575 1222 644 τῆς
1268 574 1480 645 ἡμέρας
1529 572 1733 644 βοώμε-

159 683 248 718 νον
279 667 432 737 φωνὴ
467 667 567 737 μὲν
599 665 855 736 ἔναρθρος
899 666 998 718 οὐκ
1046 665 1222 728 ἔστιν,
1269 664 1392 718 οὔτε
1445 664 1604 718 λαλιὰ
1650 665 1736 716 διά

159 759 428 827 στόματος
449 777 460 788 ·
492 758 804 811 διδασκαλία
822 758 879 810 δὲ
903 757 1049 822 θείας
1077 758 1358 828 δυνάμεως
1393 758 1600 826 γίνεται
1627 759 1737 821 τοῖς

159 851 376 909 ἐπαΐειν
402 850 786 920 ἐπισταμένοις
813 847 1100 918 σιωπώσης
1123 850 1325 919 φωνῆς.
1355 849 1500 918 Πλὴν
1525 848 1735 916 ἄφωνον

156 938 258 1009 τὴν
295 937 471 993 κτίσιν
523 937 691 992 εἰπὼν
729 941 757 992 ὁ
785 939 966 998 Δαυῒδ,
991 939 1302 1008 ἀπέφηνεν,
1336 939 1416 992 ὅτι
1459 941 1593 1009 μήτε
1634 938 1732 1010 ἐμ-

156 1045 347 1092 πνους,
391 1030 525 1098 μήτε
568 1027 781 1098 λογικὴ,
831 1027 970 1080 κατᾶ
1003 1027 1063 1080 τὸ
1096 1026 1286 1079 δοκοῦν
1317 1029 1428 1089 τοῖς
1470 1025 1736 1096 Ἑλλήνων

158 1128 366 1194 σοφοῖς.
390 1123 533 1176 Ζῶον
567 1123 675 1194 γὰρ
702 1118 840 1175 εἶναί
874 1139 1038 1190 φασιν
1063 1122 1122 1174 ἓν
1150 1122 1241 1174 τὸν
1289 1120 1579 1192 σύμπαντα
1609 1119 1734 1172 τοῦ-

154 1233 248 1271 τον
272 1217 506 1288 κόσμον·
539 1215 652 1280 ζῶα
676 1217 728 1268 δὲ
763 1215 961 1287 ὁμοίως
989 1215 1177 1268 καὶτὰ
1212 1215 1372 1285 μέρη,
1403 1215 1462 1278 ἐξ
1492 1207 1566 1267 ὧν
1601 1231 1736 1283 συμ-

159 1309 489 1380 πληροῦται.

1849 574 2022 642 ipsius
2057 574 2393 641 magnitudo,
2427 588 2638 642 voxque
2668 580 2751 626 est
2807 572 3007 625 eximia
3065 571 3238 640 ipsius
3295 573 3414 639 put,

1845 666 2097 719 ehrituilo
2144 675 2196 719 et
2255 665 2662 718 ordiuatissima
2733 663 3040 734 dispositio.
3129 661 3410 716 leorum

1847 773 2080 828 namque
2126 759 2390 820 narratio,
2442 759 2734 826 verbaque,
2787 771 2910 826 quas
2957 756 3072 810 dies
3123 757 3411 826 loquitur.

1847 849 2198 917 quantumvis
2247 865 2351 902 non
2400 858 2647 903 constent
2704 863 2834 902 voce
2893 848 3196 911 articulata,
3236 865 3413 917 neque

1846 939 1978 993 ﬁant
2018 940 2319 994 ministerio
2368 942 2520 1005 oris;
2572 939 2768 993 docent
2801 950 2978 994 tamen
3019 940 3258 994 divinam
3317 955 3413 1009 po-

1845 1032 2069 1087 tentiam
2109 1047 2222 1095 eos,
2258 1032 2351 1097 qui
2384 1047 2565 1086 vocem
2601 1039 2804 1086 mutam
2863 1031 3050 1085 audire
3102 1047 3165 1086 ac
3218 1032 3410 1086 intelli-

1846 1139 1973 1194 gere
2011 1134 2230 1178 norunt.
2269 1123 2593 1193 Quanquam
2622 1125 2784 1178 etiam
2823 1124 2926 1179 hoc
2951 1125 3184 1177 asseruit
3219 1122 3410 1185 David,

1846 1232 1970 1272 cum
2005 1226 2211 1272 mutam
2245 1219 2449 1272 diceret
2475 1227 2803 1278 creaturam,
2835 1217 2980 1286 quod
3018 1217 3275 1271 nimirum
3315 1234 3409 1270 ne-

1847 1325 1952 1376 que
1992 1309 2252 1371 animata.
2285 1325 2461 1378 neque
2523 1310 2804 1363 rationalis
2840 1311 2908 1363 sit
2938 1352 2951 1371 ,
2990 1317 3046 1361 nt
3099 1309 3409 1361 Cra-corum

155 1405 495 1475 sapientibus
542 1406 732 1474 placet.
795 1403 859 1457 lli
919 1419 1152 1473 namque
1204 1404 1404 1456 animal
1447 1403 1720 1473 quoddam
1765 1420 1931 1456 unum
1971 1421 2090 1459 esse
2118 1406 2305 1458 dicunt
2344 1407 2656 1458 universum
2701 1385 2848 1458 (hunc
2889 1404 3184 1456 mundum:
3225 1403 3331 1456 imo
3361 1413 3412 1457 et

162 1506 352 1574 partes
383 1497 521 1566 ejus,
544 1514 608 1552 ex
645 1498 846 1568 quibus
898 1507 1133 1560 constat,
1167 1497 1424 1550 animalia
1458 1496 1792 1550 existimant.

1388 1607 1523 1662 Item
1557 1611 1611 1662 in
1656 1609 1867 1663 titulum
1901 1610 2041 1679 psal.
2075 1627 2188 1664 xix.

229 1729 343 1801 (6|)
395 1732 495 1795 Εἰς
533 1728 599 1782 τὸ
651 1728 823 1794 τέλος
876 1728 968 1781 καὶ
1011 1722 1160 1791 οὗτος
1211 1730 1238 1780 ὁ
1282 1726 1495 1797 eam;
1540 1726 1726 1795 ὲπιγέ-
1763 1738 1802 1792 Β

149 1838 423 1894 γραπται,
463 1821 761 1893 μελλόντων
786 1821 947 1873 τινῶν
971 1820 1106 1890 ἔχων
1132 1821 1547 1892 προαγόρευσιν.
1583 1821 1735 1874 Κατὰ

162 1916 280 1986 γὰρ
308 1915 398 1967 τὸν
431 1915 602 1985 μέγαν
635 1913 970 1976 ’Δθανάσιον,
997 1912 1210 1980 λέγεται
1245 1913 1344 1983 μὲν
1365 1915 1391 1966 ὁ
1422 1913 1633 1983 ψαλμὸς
1657 1913 1732 1976 ὡς

152 2009 222 2060 ἐκ
258 2005 546 2077 προσώπου
575 2006 682 2058 τῶν
717 2005 844 2075 περὶ
869 2006 957 2058 τὸν
991 2005 1152 2058 Δαυῖδ
1184 2005 1436 2076 ἑταίρων,
1473 2005 1620 2075 αὐτῷ
1658 2004 1736 2074 τῷ

151 2095 324 2151 Δαυῖδ
356 2097 734 2167 ἐπευχομένων
762 2096 998 2148 ποιοῦντι
1031 2094 1219 2149 θυσίαν
1258 2113 1270 2124 ·
1309 2095 1639 2167 ἀναφέρεται
1679 2095 1734 2148 δὲ

157 2190 259 2244 καὶ
291 2193 372 2253 είς
396 2191 685 2260 πρόσωπον
717 2189 824 2242 τῶν
860 2189 1194 2253 ἀποστόλων,
1219 2188 1292 2252 ὡς
1324 2190 1379 2240 ὲν
1426 2188 1608 2258 ἡμέρᾳ
1641 2186 1734 2239 τοῦ

154 2280 397 2354 σταυροῦ
428 2281 505 2352 τῷ
534 2280 753 2352 Χριστῷ
777 2281 1198 2352 συνευχομένων.

1905 1728 2199 1799 Inscriptio
2227 1733 2389 1784 etiam
2419 1731 2583 1800 hujus
2613 1732 2805 1801 psalmi
2839 1741 2943 1796 cst,
2981 1729 3042 1783 In
3073 1731 3250 1799 ﬁnem,
3283 1730 3410 1799 quia

1847 1819 2153 1877 futurorum
2236 1823 2600 1892 quornnulam
2661 1823 3067 1893 praulietioncm
3143 1823 3407 1876 continet.

1845 1909 1979 1966 Nam
2039 1912 2338 1968 secundum
2374 1929 2628 1982 magnum
2661 1914 2811 1966 illum
2863 1914 3246 1976 Athanasium,
3283 1913 3413 1966 dici-

1845 2015 1936 2059 tur
1982 2007 2069 2061 hic
2125 2007 2366 2075 psalmus
2429 2006 2480 2059 in
2542 2021 2770 2074 persona
2811 2006 3110 2059 amicorum
3168 2003 3409 2064 Davidis.

1845 2097 1946 2167 ipsi
1982 2097 2332 2152 sacriﬁcanti
2392 2098 2684 2151 astantiuin
2748 2098 2991 2166 beneque
3048 2096 3408 2166 precantium.

1844 2187 2054 2242 Referri
2078 2197 2255 2242 tamen
2291 2199 2465 2256 potest
2493 2190 2651 2242 etiam
2684 2189 2748 2240 ad
2779 2188 3075 2255 apostolos,
3107 2187 3198 2255 qui
3255 2186 3413 2239 Chri-

1843 2289 1947 2339 sto,
1988 2294 2110 2333 eum
2139 2278 2566 2345 cruciﬁgeretur,
2603 2292 2789 2345 preces
2820 2291 2946 2331 suas
2991 2275 3407 2345 conjungehant.

713 2395 781 2449 Et
811 2399 862 2450 in
897 2397 1034 2466 psal.
1075 2412 1245 2450 xxvnt
1272 2395 1382 2450 lia'c
1421 2397 1596 2458 verba,
1636 2413 1654 2445 ι
1693 2393 1760 2446 Et
1793 2401 2022 2448 conteret
2052 2391 2230 2446 cedros
2274 2389 2485 2458 Libani,
2516 2409 2534 2441 ›
2567 2399 2692 2455 etc.,
2725 2407 2770 2443 ι’.
2802 2387 2852 2442 ’5.

225 2512 340 2584 (62)
366 2512 524 2567 Κατὰ
555 2513 611 2565 δὲ
638 2514 728 2566 τὸν
772 2514 943 2583 μέγαν
985 2512 1320 2574 Ἀθανάσιον,
1350 2512 1528 2582 κέδροι
1569 2511 1736 2565 Διδά-

152 2623 252 2659 νου
285 2607 334 2658 οί
364 2604 554 2675 ὑψηλοὶ
585 2603 678 2657 τοῦ
723 2604 832 2656 τῶν
873 2603 1138 2657 Ἰουδαίων
1181 2601 1334 2666 λαοῦ,
1381 2601 1465 2655 διὰ
1498 2601 1558 2654 τὸ
1601 2601 1735 2657 {bvo-

155 2693 369 2765 μάσθαι
425 2693 683 2757 πολλάκις
724 2695 782 2746 ἐν
813 2695 880 2765 τῇ
933 2693 1052 2765 θείᾳ
1105 2693 1295 2764 Γραφῇ
1345 2692 1576 2746 Λίὸανον
1635 2692 1734 2764 τὴν

160 2785 546 2857 Ἰερουσαλήμ.
593 2786 652 2838 '0
693 2785 749 2839 δὲ
794 2787 992 2857 μόσχος
1031 2785 1093 2838 τὸ
1131 2784 1518 2856 θυσιαστήριον
1563 2783 1730 2854 δηλοῖ.

151 2876 544 2945 Συντρίσονται
572 2872 664 2931 οὖν
689 2876 840 2930 αὐτοί
873 2893 932 2929 τε
956 2876 1048 2928 καὶ
1077 2876 1138 2928 τὸ
1158 2877 1286 2946 παρ’
1321 2875 1502 2938 αὐτοῖς
1528 2878 1606 2937 εἰς
1645 2873 1733 2927 τέ-

151 2966 253 3031 λος
285 2959 548 3040 θυσιαστῆ
556 2985 691 3040 ριον.

1915 2511 1984 2564 At
2015 2510 2314 2566 secundum
2345 2524 2602 2577 magnum
2638 2507 3013 2567 Athanasium,
3044 2508 3188 2562 cedri
3220 2506 3410 2561 Libani

1847 2603 2104 2657 dicuntur
2134 2603 2520 2656 eminentiores
2556 2602 2607 2653 in
2642 2601 2840 2668 populo
2867 2599 3111 2661 .Iudaico,
3140 2616 3203 2654 co
3263 2616 3410 2668 quoa

1842 2694 2148 2751 Jerusalem
2177 2710 2416 2765 perszrpe
2455 2693 2696 2748 Libauus
2737 2705 2957 2748 vocetur
2986 2695 3038 2747 in
3072 2711 3224 2748 sacra
3258 2692 3409 2750 Scri-

1845 2799 2023 2862 ptura.
2062 2788 2275 2844 Vitulus
2315 2804 2443 2842 vero
2495 2786 2764 2855 signiﬁcat
2814 2789 3000 2840 altare.
3037 2788 3408 2841 Conteruntur

1852 2879 2018 2949 igitur
2048 2880 2101 2934 in
2137 2879 2296 2935 linem
2328 2889 2382 2933 et
2417 2880 2516 2949 ipsi
2546 2877 2712 2933 Judaei
2751 2890 2799 2933 et
2828 2895 3015 2932 eorum
3058 2881 3246 2937 altare.

509 3085 576 3138 At
599 3086 649 3140 in
679 3085 816 3154 psal.
850 3101 1034 3150 xxxiv,
1072 3086 1224 3139 verba
1264 3086 1388 3152 ista,
1424 3103 1442 3137 ι
1481 3083 1545 3138 Et
1578 3086 1748 3137 oratio
1780 3098 1892 3137 mea
1923 3083 1977 3135 in
1999 3082 2171 3134 sinum
2215 3097 2404 3143 meum,
2441 3098 2457 3128 ι
2490 3093 2613 3142 cra,
2658 3084 2896 3148 adnotat,
2931 3101 2976 3138 υ.
3009 3083 3092 3137 15.

230 3198 344 3271 (65)
389 3199 546 3254 Κατὰ
579 3199 635 3252 δὲ
682 3199 774 3252 τὸν
801 3199 944 3252 θεῖον
999 3201 1332 3265 Ἀθανάσιον,
1368 3202 1428 3254 τὸ
1459 3203 1736 3271 ἀποστρα-

1916 3197 2225 3252 Secundum
2258 3213 2384 3252 vero
2418 3197 2602 3251 divum
2659 3199 3034 3263 Athanasium,
3076 3199 3221 3267 quod
3252 3197 3412 3253 Chri-

154 3295 328 3365 φῆναι
361 3295 442 3356 είς
489 3291 686 3347 κόλπον
717 3293 814 3364 τὴν
861 3293 1002 3365 ὑπὲρ
1045 3294 1314 3346 Ἰουδαίων
1359 3293 1452 3346 τοῦ
1497 3291 1730 3362 Χριστοῦ

150 3386 470 3459 προσευχὴν
504 3387 836 3457 σημαντικὸν
866 3386 931 3440 ἂν
957 3385 1042 3457 εἴη
1077 3385 1171 3438 τοῦ
1201 3387 1548 3456 ὲναπομεῖναι
1592 3384 1736 3437 ἐκεί-

151 3497 288 3544 νους
317 3482 381 3550 τῇ
414 3480 678 3550 ἁμαρτίᾳ.
714 3480 809 3532 καὶ
843 3481 1008 3550 μηδὲν
1045 3479 1428 3549 ὠφεληθῆναι,
1460 3482 1525 3550 τῇ
1572 3479 1738 3549 ὑπερ-

153 3568 295 3639 ϐολῇ
323 3569 426 3638 τῆς
455 3569 710 3630 ἀπονοίας
730 3569 829 3639 τὴν
864 3569 1170 3640 προσευχὴν
1203 3568 1390 3641 ὥσπερ
1419 3568 1737 3639 ἀνακάμψαι

153 3661 517 3728 ποιήσαντας.
566 3658 624 3712 '0
656 3660 753 3728 μὲν
786 3659 892 3732 γάρ
921 3660 1142 3731 Κύριος,
1194 3659 1414 3730 Θεωρῶν
1443 3660 1535 3712 τὸν
1571 3675 1738 3712 κατα-

152 3752 468 3824 ληψόμενον
501 3752 696 3815 αὐτοὺς
735 3751 958 3824 ὀλεθρον
985 3794 999 3815 ,
1052 3755 1147 3808 καὶ
1198 3753 1296 3824 τὴν
1353 3752 1584 3825 ἐσχάτην
1633 3754 1737 3805 ἀπ-

152 3845 382 3909 ώλειαν,
421 3845 634 3899 ἐπένθει
667 3845 808 3917 ὑπὲρ
839 3845 1016 3900 αὐτῶν
1050 3863 1062 3876 ·
1096 3848 1143 3899 οἱ
1172 3846 1230 3900 δὲ
1258 3844 1482 3900 τοιαῦτα
1539 3846 1738 3916 ἔπρατ-

151 3935 376 3998 τον.ὼς
403 3936 500 4006 τὴν
537 3937 702 4007 εὐχὴν
731 3936 895 3990 αὐτοῦ
926 3937 1025 4010 τὴν
1065 3938 1204 4008 ὑπὲρ
1233 3937 1413 3992 αὐτῶν
1448 3938 1522 4008 μὴ
1553 3955 1731 4009 napa-

151 4028 476 4098 πέμπεσθαι
509 4032 586 4093 εἰς
619 4030 686 4082 τὰ
725 4022 842 4084 ὦτα
889 4029 984 4084 τοῦ
1017 4031 1250 4101 Πατρὸς.
1285 4029 1399 4084 ἀλλ’
1429 4029 1617 4100 ὥσπερ
1646 4030 1737 4082 ἀν-

148 4117 558 4188 τικρουομένην
584 4118 687 4172 ὑπὸ
720 4118 811 4172 τοῦ
861 4119 1124 4191 μεγέθους
1171 4119 1272 4190 τῆς
1331 4118 1510 4172 αὐτῶν
1546 4118 1736 4171 δυσσε-

150 4208 336 4270 ϐείας,
375 4206 732 4262 καθέλκεσθαι
763 4209 855 4263 καὶ
884 4209 1310 4280 ἐπαναστρέφειν
1368 4208 1502 4280 πρὸς
1553 4207 1732 4260 αὐτόν.

151 4300 252 4354 Διὸ
281 4299 434 4368 ἔλεγε
465 4315 480 4328 ο
513 4300 620 4354 Καὶ
651 4301 689 4367 ἡ
720 4299 1028 4370 προσευχή
1077 4318 1195 4370 μου
1224 4303 1311 4366 εὶς
1342 4301 1573 4354 κόλπον
1615 4317 1734 4369 μου

150 4391 712 4460 ἀποστραφήσεται.
745 4393 805 4445 Εί
838 4393 948 4463 γάρ
979 4391 1243 4458 σώζεσθαι
1273 4391 1493 4463 ἔμελλον
1518 4393 1610 4446 καὶ
1647 4408 1735 4462 με·

150 4483 415 4542 τασαλεῐν
440 4483 547 4538 τῶν
574 4483 956 4555 ἀσεϐημάτων,
992 4482 1398 4556 εὐθυδρομοῦσα
1439 4485 1472 4554 ἡ
1502 4500 1732 4554 προσευ-

1841 3292 1909 3345 sti
1944 3290 2184 3361 precatio
2212 3304 2308 3360 pro
2346 3288 2547 3344 Juilmis
2603 3291 2654 3344 in
2711 3292 2889 3345 sinum
2925 3292 3043 3360 ejus
3100 3293 3408 3353 revertitur,

1845 3383 2075 3438 denotat
2103 3398 2198 3437 eos
2229 3391 2452 3451 peccato
2481 3397 2580 3437 suo
2611 3384 2925 3446 immanere,
2961 3400 3059 3438 nec
3109 3385 3410 3453 quidquam

1836 3474 2018 3544 juvari
2051 3490 2116 3528 eo
2143 3474 2287 3543 quod
2335 3473 2561 3527 insania:
2589 3490 2700 3527 sure
2729 3478 3111 3544 exsuperantia
3147 3477 3407 3538 elliciunt,

1841 3574 1901 3618 ut
1929 3579 2118 3634 preces
2160 3563 2364 3618 Christi
2398 3565 2556 3633 quasi
2599 3576 2896 3620 retrorsum
2925 3565 3241 3622 ﬂectantur.
3294 3568 3405 3622 Do-

1839 3657 2021 3711 minus
2050 3655 2216 3722 enim,
2249 3671 2374 3711 cum
2408 3656 2708 3712 intueretur
2755 3668 3051 3713 extremam
3111 3659 3406 3728 perniciem

1839 3763 1961 3818 qua:
1994 3748 2142 3818 ipsos
2173 3752 2635 3818 comprehensura
2657 3759 2793 3813 erat,
2820 3765 3055 3805 mcerore
3090 3750 3293 3820 ingenti
3317 3765 3409 3806 eo-

1841 3855 1963 3894 rum
1993 3855 2161 3896 causa
2191 3841 2523 3896 adiciebatur
2561 3861 2574 3896 :
2613 3844 2714 3912 ipsi
2742 3858 2870 3897 vero
2898 3843 3023 3897 talia
3069 3842 3318 3913 agebant.
3351 3855 3408 3898 ut

1840 3947 2030 4001 preces
2061 3931 2267 3989 Christi
2296 3949 2392 4004 pro
2445 3935 2576 4003 ipsis
2612 3936 2927 4004 neutiquam
2973 3937 3408 3992 transmitteren-

1840 4031 1927 4077 tur
1948 4023 2014 4077 ad
2045 4038 2206 4079 aures
2236 4039 2406 4093 usque
2435 4021 2630 4086 Patris,
2660 4025 2750 4078 sed
2783 4039 3114 4093 repercussae
3143 4027 3408 4095 quodam-

1840 4115 2003 4170 modo
2053 4131 2084 4170 a
2120 4117 2490 4186 magnitudine
2535 4117 2826 4186 impietatis
2867 4118 3108 4187 ipsorum
3163 4119 3409 4172 retrahe-

1839 4216 2027 4261 rentur
2059 4223 2124 4262 ac
2167 4217 2562 4264 reverterentur
2597 4209 2660 4263 ad
2697 4208 3006 4264 Dominum.
3047 4207 3281 4280 Ideoque
3307 4210 3408 4265 aie-

1843 4300 1938 4356 bat
1973 4319 1984 4353 :
2023 4298 2091 4352 Et
2121 4302 2290 4354 oratio
2321 4318 2434 4353 mea
2464 4302 2518 4353 in
2547 4303 2719 4353 sinum
2749 4318 2918 4354 meum
2942 4313 3242 4356 revertetur.
3271 4299 3406 4356 Nam

1838 4393 1886 4448 si
1911 4393 2157 4448 sali-andi
2190 4393 2422 4449 fuissent
2463 4404 2517 4450 et
2564 4395 2633 4448 ab
2685 4393 2962 4464 impietate
2995 4395 3344 4449 convertendi
3383 4436 3399 4458 ,

1837 4484 2152 4540 transiissct
2184 4486 2369 4556 utique
2425 4490 2665 4556 precatio
2702 4487 3003 4542 Salvatoris
3036 4497 3180 4542 recto
3214 4503 3401 4548 cursu.

149 4577 227 4649 χὴ
247 4575 345 4630 τοῦ
377 4575 631 4648 Σωτῆρος
683 4577 974 4640 ἀκωλύτως
1024 4577 1090 4630 ἂν
1136 4578 1228 4630 καὶ
1274 4575 1732 4647 ἁπαραποδίστως

1842 4587 1929 4646 atq
1943 4591 2007 4630 ue
2037 4592 2066 4630 a
2096 4578 2310 4632 nemine
2340 4578 2597 4648 impedita
2630 4581 2694 4635 ad
2724 4595 2883 4634 aures
2932 4595 3102 4648 usque
3151 4589 3405 4648 paternas

149 4671 252 4726 ἐπὶ
286 4669 358 4724 τὰ
388 4663 502 4723 ὦτα
533 4669 601 4722 τὰ
635 4669 877 4741 πατρικὰ
907 4669 1126 4742 παρῄει.

1839 4665 2180 4720 accessisset.

812 4783 873 4839 In
901 4784 1038 4856 psal.
1069 4801 1274 4839 xxxviii
1303 4784 1479 4845 verba,
1519 4801 1535 4834 ι
1574 4780 1764 4850 Utique
1801 4781 1856 4832 in
1891 4781 2122 4850 imagine
2144 4782 2380 4836 ambulat
2409 4783 2582 4846 homo,
2617 4801 2634 4834 ι
2667 4799 2711 4837 ιι.
2745 4784 2798 4836 7.

230 4899 288 4969 (6
301 4899 345 4967 ι)
373 4901 526 4953 Κατὰ
555 4899 610 4954 δὲ
643 4901 768 4964 τοὺς
795 4901 934 4954 πάνυ
976 4899 1289 4954 Ἀθανάσιον
1315 4901 1408 4955 καὶ
1440 4899 1728 4970 Κύριλλονο

162 4992 393 5064 Ἐπειδὴ
426 4993 487 5044 ὲν
509 4993 676 5046 είκόνι
707 4994 798 5046 καὶ
825 4993 923 5046 οὐκ
950 4995 1008 5047 ὲν
1035 4992 1262 5063 ἀληθείᾳ.
1281 4992 1375 5046 νῦν
1407 4990 1729 5063 διαπορεύε-

150 5101 250 5138 ται
280 5080 310 5133 ὁ
339 5082 623 5153 ἄνθρωπος
643 5099 656 5112 ⁸
687 5085 721 5154 ἡ
751 5084 860 5155 γὰρ
892 5083 1096 5156 ἀληθὴς
1138 5081 1250 5153 ζωὴ
1299 5084 1438 5137 κατᾶ
1471 5085 1560 5135 τὸν
1604 5082 1732 5152 μέλ-

149 5175 319 5228 λοντα
347 5173 518 5228 aiam
535 5176 682 5227 ἐστιν
703 5189 715 5202 °
743 5174 964 5236 εἰκότως
991 5175 1020 5226 ὁ
1043 5174 1260 5244 ψάλλων
1286 5176 1384 5246 τὴν
1407 5176 1590 5229 εἰκόνα
1629 5192 1732 5246 μα·-

145 5264 420 5334 ταιότητα
467 5265 783 5335 προσεῖπεν,
823 5265 1038 5334 Ἐπειδὴ
1085 5266 1145 5319 οὐ
1187 5267 1284 5336 τὴν
1318 5265 1579 5336 ἀληθινὴν
1633 5264 1728 5318 νῦν

149 5357 344 5427 ζῶμεν
378 5355 544 5424 ζωὴν,
594 5354 729 5409 ἀλλὰ
761 5355 857 5426 τὴν
899 5355 973 5420 ὡς
1014 5357 1071 5408 ὲν
1103 5357 1292 5418 εἰκόνι,
1328 5358 1448 5410 οὐδὲ
1482 5359 1610 5430 περὶ
1662 5359 1731 5412 τὰ

144 5449 324 5511 ὅντως
349 5446 530 5516 ἀγαθὰ
559 5446 858 5517 ποιούμεθα
886 5448 981 5518 τὴν
1015 5449 1268 5520 σπουδὴν,
1300 5451 1378 5504 διὸ
1427 5451 1602 5519 μάτην
1637 5469 1730 5504 τα-

229 5625 345 5698 (fil)
371 5625 472 5698 Est
497 5637 876 5696 argumentum
903 5628 1098 5698 psalm.
1135 5643 1243 5681 xu.

229 5695 344 5764 (es;
369 5695 606 5754 llabetur
631 5699 760 5752 ibid.

231 5765 346 5836 (δῦ)
373 5765 497 5822 liae
524 5767 789 5825 habentur
812 5768 1028 5834 ibidem,
1059 5768 1148 5823 scd
1179 5768 1347 5826 multo
1384 5765 1658 5838 pauciora.

1914 4898 2190 4955 Sententia
2243 4916 2371 4956 vero
2425 4917 2744 4978 magnorum
2792 4902 3074 4960 Athanasii
3117 4915 3168 4960 et
3217 4905 3406 4972 Cyrilli

1842 4990 1957 5046 haec
1991 5002 2111 5045 est:
2148 4991 2600 5062 Quandoquidem
2636 4995 2796 5049 homo
2839 5011 2985 5052 nunc
3016 5014 3124 5052 non
3171 4998 3222 5052 in
3260 5001 3407 5054 veri-

1836 5092 1963 5147 tate,
2005 5085 2097 5138 sed
2131 5085 2184 5138 in
2215 5084 2448 5156 imagine
2475 5084 2697 5148 incedit,
2715 5086 2823 5140 vita
2854 5088 3000 5142 enim
3033 5104 3157 5143 vera
3184 5089 3403 5145 demum

1837 5177 1890 5228 in
1922 5175 2106 5230 futuro
2138 5176 2244 5230 erit
2276 5176 2497 5240 saeculo,
2533 5176 2734 5231 idcirco
2774 5176 3028 5234 fortassis
3058 5180 3270 5235 Psaltes
3314 5199 3406 5235 va-

1836 5271 2056 5324 nitatem
2088 5268 2376 5340 appellavit
2407 5269 2723 5338 imaginem.
2755 5268 2892 5335 Quia
2927 5285 3054 5341 ergo
3086 5287 3190 5325 non
3221 5288 3401 5326 veram

1835 5361 1924 5416 hic
1951 5361 2190 5414 vivimus
2219 5362 2408 5422 vitam,
2467 5362 2560 5414 sed
2615 5362 2796 5423 talem,
2832 5377 2954 5430 qua:
2999 5370 3082 5416 est
3136 5363 3291 5432 quasi
3350 5367 3401 5416 iu

1836 5454 2091 5525 imagine,
2121 5468 2295 5524 neque
2328 5454 2474 5508 circa
2511 5468 2635 5507 vera
2669 5453 2808 5507 bona
2843 5467 3147 5518 versamur,
3200 5452 3402 5509 idcirco

1905 5636 2016 5760 {64)
2049 5638 2380 5704 Expressum
2420 5651 2482 5692 ex
2521 5636 2964 5704 interpretatione
3021 5636 3184 5691 lnrus
3230 5636 3402 5695 versi-

1927 5727 1961 5760 l.
1999 5725 2180 5760 sunra.

1833 5725 1961 5774 cun,
1999 5725 2180 5778 supra.
