4058 6438
144 405 251 465 561

1160 404 1583 465 FRAGMENTA
1620 405 1975 463 COMMENT.
2018 403 2087 459 IN
2123 402 2458 459 PSALMOS.

3281 403 3381 457 562

146 519 290 592 θάρᾳ
319 518 703 591 ὑπισχνοῦνται
732 517 1059 591 προσφέρειν
1090 520 1236 591 αὐτῷ
1273 521 1370 593 τὴν
1396 522 1713 593 ἐξομολόγη-

1822 519 2100 573 oblaturos
2147 515 2566 571 confessionem.
2620 514 2723 571 Per
2758 515 3019 571 citharam
3062 529 3195 571 vero
3241 530 3377 585 saepe

147 624 256 664 σιν.
283 609 533 680 Κιθάραν
559 609 616 663 δὲ
643 608 902 672 πολλάκις
927 608 988 661 τὸ
1030 607 1188 680 σῶμα
1219 613 1356 665 νοεῖν
1390 610 1643 676 ἐδίδαξεν.

1823 625 2021 681 corpus
2056 608 2279 677 intelligi
2305 608 2510 664 docuit.

746 763 817 819 Et
843 766 897 818 in
920 765 1153 835 ejusdem
1174 766 1367 834 psalmi
1390 768 1563 833 verba,
1595 785 1613 818 ι
1648 768 1783 830 Quia
1807 776 1863 819 tu
1894 783 1947 819 es
1976 768 2116 823 Deus
2149 765 2407 837 fortitudo
2436 780 2572 833 mea,
2611 781 2628 815 ι
2655 782 2701 818 ιθ.
2735 763 2790 818 2.

220 917 338 995 (69)
368 922 729 988 Ἆθανὰσιος,
762 923 1077 991 Κύριλλος,
1108 922 1492 991 Θεοδώρητος.
1523 922 1632 975 Καὶ
1659 923 1708 975 οἱ

141 1016 209 1069 ἐκ
231 1018 529 1088 περιτομῆς
551 1014 1043 1087 μεταγινώσκοντες
1060 1016 1302 1087 κραταίω
1310 1033 1384 1087 μα
1398 1015 1602 1069 ἑαυτῶν
1621 1016 1709 1068 τὸν

139 1108 278 1162 Θεὸν
325 1108 749 1180 ἐπιγράφονταν
782 1107 875 1160 καὶ
922 1107 969 1159 οἱ
1015 1106 1075 1171 ἐξ
1120 1106 1289 1161 ἐθνῶν
1324 1107 1710 1169 πιστεύσαντες

138 1199 333 1253 τοῦτον
382 1200 534 1269 ίσχύν
588 1200 792 1252 ἑαυτῶν
832 1199 1103 1252 τίθενται⁸
1155 1200 1247 1250 καὶ
1279 1202 1326 1251 oi
1381 1198 1710 1268 αἰχμάλωτοι

139 1288 277 1359 παρ’
303 1288 460 1342 ἀλλον
495 1286 832 1360 λυτρωθῆναι
859 1288 958 1341 οὐκ
994 1287 1321 1351 ἐλπίζουσιν.

1888 922 2234 984 Athanasius,
2262 920 2517 990 Cyriltus,
2562 918 2936 973 Theodoretus.
2963 917 3030 972 Et
3054 919 3144 989 qui
3175 934 3239 974 ex
3274 918 3377 974 cir-

1812 1015 2150 1069 cumcisionc
2178 1014 2529 1082 resipiscunt,
2579 1010 2749 1065 Deum
2784 1009 3184 1065 ﬁrmamentum
3220 1026 3377 1065 suum

1813 1104 2114 1173 appellant:
2140 1113 2191 1156 et
2222 1103 2313 1171 qui
2343 1117 2405 1155 ex
2446 1098 2694 1169 gentibus
2718 1138 2732 1161 ,
2774 1098 2949 1167 ipsum
3006 1097 3379 1153 fortitudinem

1816 1212 1970 1249 suam
2004 1194 2189 1247 dicunt
2220 1212 2231 1246 :
2274 1203 2327 1247 et
2356 1192 2449 1260 qui
2500 1190 2695 1259 captivi
2730 1201 2876 1251 sunt,
2910 1190 2979 1245 ab
3009 1190 3115 1244 alio
3143 1204 3203 1245 se
3248 1189 3383 1244 libs.

1818 1285 2018 1339 randos
2049 1299 2155 1336 non
2189 1291 2427 1351 sperant.

643 1445 778 1502 Item
809 1448 865 1501 in
901 1446 1004 1499 ista
1037 1445 1210 1507 verba,
1252 1465 1271 1497 ι
1308 1445 1605 1515 Conﬁtcbor
1629 1444 1723 1496 tibi
1751 1445 1803 1495 in
1836 1444 2066 1505 cithara,
2102 1445 2262 1508 Deus,
2301 1440 2439 1495 Deus
2471 1459 2632 1503 meus,
2676 1462 2694 1495 ι
2722 1460 2768 1497 v.
2802 1442 2857 1498 -ι,

228 1606 603 1672 Ἀθανάσιος,
630 1602 946 1673 Κύριλλος.
982 1599 1226 1670 Κιοάραν
1256 1600 1314 1653 τὸ
1357 1600 1513 1669 σῶμα
1542 1599 1705 1665 λέγει,

133 1696 205 1749 δι’
236 1690 298 1749 οῦ
326 1696 565 1764 πέφυκεν
606 1696 634 1747 ὁ
662 1693 783 1756 νοῦς
829 1689 1223 1761 ἀνακρούεσθαι
1251 1729 1265 1748 .
1316 1689 1564 1759 καθάπερ
1620 1689 1706 1742 διὰ

1892 1598 2236 1661 Athanasius,
2270 1596 2523 1666 Cyr-illus.
2555 1596 2832 1650 Citharam
2878 1597 3112 1667 appellat
3160 1613 3381 1669 corpus,

1816 1704 1922 1757 quo
1967 1704 2121 1742 mens
2160 1704 2251 1758 per
2303 1703 2497 1743 sensus
2548 1688 2704 1756 quasi
2735 1702 2828 1757 per
2855 1689 3090 1745 chordas
3118 1691 3380 1761 quasdam

133 1784 349 1858 χορδῶν
379 1785 486 1839 τῶν
512 1782 879 1853 αἰσθητηρίων
916 1779 1177 1850 μελῳδίαν
1206 1779 1541 1848 ἀναπέμπων
1569 1778 1707 1848 Θεῷ.

1818 1782 2090 1837 canticum
2124 1781 2231 1836 Deo
2258 1797 2476 1836 sursum
2504 1782 2685 1835 mittit.
2718 1780 2999 1849 Signiﬁcat
3048 1797 3178 1837 vero
3208 1783 3382 1837 citha-

136 1872 305 1943 Δηλοῖ
336 1872 392 1924 δὲ
424 1872 457 1942 ή
497 1869 696 1938 κιθάρα
734 1868 828 1920 καὶ
876 1867 973 1935 τὴν
1008 1865 1271 1933 νέκρωσιν
1302 1865 1394 1915 τοῦ
1422 1863 1668 1933 σώματος
1692 1902 1707 1925 ,

133 1965 235 2018 καὶ
261 1964 356 2034 τὴν
372 1961 682 2032 συμφωνίαν
702 1959 808 2012 τῶν
828 1958 1056 2030 ἀρετῶν.
1078 1957 1187 2028 Τὴν
1214 1958 1310 2026 μὲν
1326 1956 1431 2027 γὰρ
1447 1956 1711 2026 νέκρωσιν

133 2058 194 2108 αι
232 2055 440 2125 νευραὶ,
463 2053 560 2124 τὴν
584 2054 640 2106 δὲ
664 2051 977 2122 συμφωνίαν
1010 2052 1066 2103 αἱ
1095 2051 1345 2121 ἁρμονίαι
1369 2051 1707 2104 αἰνίττονται.

135 2144 353 2209 Ἕδειξε
374 2144 546 2216 δὲτὴν
567 2145 663 2214 μὲν
680 2144 1007 2214 φαιδρότητα
1023 2145 1087 2212 τῇ
1110 2143 1206 2213 τῆς
1228 2142 1457 2213 κιθάρας
1473 2143 1713 2214 προσθή-

133 2250 233 2305 κῃ,
250 2232 353 2304 τὴν,
364 2234 422 2287 δὲ
442 2233 661 2303 ἀγάπην
677 2234 733 2286 ἐν
750 2236 812 2303 τῇ
836 2233 1210 2303 προσφωνήσει
1225 2235 1289 2302 τῇ
1303 2233 1381 2295 δὶς
1402 2232 1713 2303 ἐπαναλαμ-

132 2325 432 2397 ϐενομένῃ·
451 2324 511 2377 '0
526 2323 806 2394 Θεὸςγὰρ.
822 2322 1002 2392 φησιν,
1024 2326 1054 2376 ὀ
1074 2326 1216 2388 Θεός
1232 2324 1493 2391 μου.⁹’1να
1515 2324 1711 2395 μάθῃς,

132 2416 219 2469 ὅτι
241 2416 332 2468 τὸν
354 2416 445 2467 ἐπὶ
462 2415 678 2468 πάντων
697 2414 848 2478 Θεὸν,
868 2414 1051 2466 τοῦτον
1069 2414 1344 2483 ἐξαίρετον
1361 2413 1490 2468 Θεὸν
1511 2415 1597 2467 διὰ
1614 2414 1681 2484 ζῆ
1697 2445 1713 2455 -

135 2507 234 2559 λον
264 2506 359 2558 καλ⁵
384 2506 562 2557 πίστιν
598 2506 647 2556 ot
672 2507 736 2556 ἐκ
759 2505 1057 2575 περιτομῆς
1081 2502 1596 2573 μεταγινώσκοντες,
1618 2509 1713 2559 καὶ

134 2598 189 2650 οἱ
225 2596 288 2661 ἐξ
320 2597 486 2650 ἐθνῶν
541 2595 882 2659 πιστεύοντες
940 2594 1335 2665 ἐπιγράψονται
1375 2610 1388 2623 ·
1424 2590 1505 2659 οἷς
1540 2600 1632 2649 καὶ
1678 2598 1710 2667 ἡ

137 2688 488 2760 πνευματικὴ
514 2689 699 2756 νεότης
725 2687 1093 2759 εὐφραίνεταιι
1116 2687 1499 2757 ἀντικειμένως
1518 2688 1715 2757 ἔχουσα

140 2779 287 2853 πρὸς
313 2780 403 2833 τὸν
446 2779 675 2834 παλαιὸν
702 2780 1004 2851 ἄνθρωπον.
1033 2779 1208 2842 Μόνος
1258 2780 1365 2850 γὰρ
1395 2782 1422 2833 ὁ
1447 2781 1716 2849 πνεύματι

139 2870 240 2923 καὶ
274 2870 581 2939 φρονήματι
608 2869 812 2932 νεάζων
841 2867 1113 2935 συγγενῶς
1147 2867 1223 2935 τῷ
1251 2868 1419 2938 καινῷ
1447 2870 1716 2943 ἀνθρώπῳ

135 2960 238 3012 καὶ
261 2963 326 3029 τῇ
354 2961 625 3029 καινότητι
651 2958 743 3011 τοῦ
764 2959 1064 3029 πνεύματος
1085 2959 1271 3011 εἴσεισι
1300 2959 1433 3031 πρὸς
1451 2961 1539 3013 τὸν
1562 2961 1713 3029 Θεὸν,

138 3049 236 3105 τὸν
264 3052 624 3123 εὐφραίνοντα
650 3051 748 3122 τὴν
772 3053 1021 3123 τοιαύτην
1054 3054 1301 3122 νεότητα.

1815 1890 1894 1937 ra,
1929 1884 2042 1928 tum
2095 1875 2566 1928 mortiﬁcationem
2624 1873 2890 1943 corporis,
2921 1882 3034 1927 tum
3067 1888 3383 1928 consonan-

1816 1966 1943 2019 tiam
1982 1966 2265 2019 virtutum.
2298 1963 2432 2017 Nam
2479 1966 2979 2027 mortiﬁcationem,
3022 1966 3206 2019 nervi:
3249 1979 3382 2019 con-

1814 2057 2125 2111 sonantiam
2166 2073 2292 2111 vero
2354 2057 2653 2112 harmonia:
2680 2057 2933 2112 innuunt.
2978 2056 3383 2112 Demonstravit

1814 2157 1994 2202 autem
2032 2148 2362 2201 hilaritatem
2390 2147 2607 2217 quidem
2658 2146 2963 2213 adjectione
2994 2147 3250 2202 cithara:
3299 2146 3383 2201 di-

1814 2240 2101 2295 lectionem
2138 2248 2340 2303 autem,
2379 2240 2431 2293 in
2472 2239 2801 2293 allocutione
2849 2239 2940 2292 illa
2989 2238 3074 2292 bis
3131 2239 3379 2308 repetita.

1813 2331 1949 2386 Nam
1998 2333 2218 2401 inquit:
2264 2332 2400 2385 Deus
2458 2329 2597 2384 Deus
2625 2347 2817 2384 meus:
2874 2339 2933 2384 ut
2986 2330 3167 2384 discas
3233 2329 3379 2399 quod

1816 2424 1985 2479 Deum
2022 2426 2195 2491 illum,
2224 2426 2314 2494 qui
2344 2439 2507 2493 supra
2540 2423 2720 2477 omnia
2750 2431 2852 2485 est,
2880 2424 3024 2476 hunc
3062 2420 3233 2475 Deum
3261 2421 3381 2475 exi-

1814 2517 1984 2570 mium
2040 2525 2258 2585 propter
2294 2515 2470 2568 zelum
2502 2524 2555 2569 ct
2597 2514 2776 2579 (idem,
2816 2513 2907 2583 qui
2966 2528 3028 2567 ex
3088 2510 3381 2566 circumci-

1816 2608 1967 2663 sione
1993 2608 2355 2677 rcsipuerunt,
2394 2617 2447 2660 et
2478 2608 2570 2675 qui
2607 2622 2670 2661 ex
2708 2607 2961 2675 gentibus
2993 2605 3339 2659 crediderunt
3363 2645 3379 2667 ,

1817 2698 2106 2767 appellant.
2154 2697 2364 2763 Quibus
2401 2696 2565 2750 etiam
2605 2696 2905 2765 spiritualis
2942 2696 3202 2763 juventus
3227 2693 3380 2747 laeta-

1818 2799 1927 2854 tur,
1955 2804 2266 2859 repugnans
2301 2787 2465 2841 veteri
2504 2787 2730 2841 homini.
2787 2787 2879 2840 llle
2921 2786 3065 2839 enim
3104 2786 3253 2841 solus
3287 2800 3381 2838 ac-

1818 2882 1961 2936 cedit
1984 2881 2050 2935 ad
2089 2881 2255 2933 Deum
2296 2879 2691 2933 exhilarantem
2754 2878 3019 2947 ejusmodi
3074 2878 3377 2945 juventam,

1817 2970 1908 3035 qui
1945 2970 2137 3037 spiritu
2175 2976 2227 3021 ct
2275 2977 2455 3023 mente
2500 2962 2795 3024 renovatur
2849 2968 3207 3023 consimiliter
3238 2981 3379 3022 novo

1820 3059 2028 3112 homini
2063 3068 2117 3113 et
2145 3059 2373 3112 novitati
2403 3058 2649 3127 spiritus.

1346 3209 1412 3265 Et
1441 3212 1492 3265 in
1528 3215 1774 3281 procemio
1803 3214 1941 3283 psal.
1980 3228 2131 3268 xutt.

240 3363 329 3435 70)
364 3363 521 3418 Κατά
555 3380 650 3433 μεν
671 3380 760 3416 τον
803 3363 970 3433 μέγαν
1019 3363 1354 3426 ’Λθανάσιον,
1383 3365 1461 3416 ἔτι
1495 3366 1587 3418 καὶ
1625 3357 1715 3418 οὗ-
1745 3373 1781 3430 C

136 3473 234 3521 τος
265 3459 293 3510 ὀ
317 3456 528 3525 ψαλμὸς
581 3455 677 3524 τῆς
709 3454 878 3522 αὐτῆς
923 3454 1225 3519 ὑποθέσεως
1277 3455 1476 3525 ἔχεται,
1528 3458 1624 3520 τάς
1658 3475 1714 3509 τε

138 3546 380 3607 παλαιὰς
431 3544 744 3614 εὐεργεσίας
790 3545 1155 3616 διηγουμένων
1205 3547 1312 3600 τῶν
1352 3544 1408 3614 ἐξ
1478 3548 1709 3619 Ἰσραὴλ,

141 3635 661 3706 μεταγινωσκόντων
688 3636 780 3689 καὶ
809 3637 1213 3708 προσληφθῆναι
1242 3637 1530 3702 ἀξιούντων
1564 3640 1711 3710 παρὰ

138 3724 405 3797 Χριστοῦ.
438 3724 526 3777 διὰ
552 3725 610 3777 τὸ
640 3726 785 3795 αὐτῷ
821 3726 1217 3796 ἐπιγράφεσθαι
1244 3729 1341 3798 τὴν
1379 3728 1586 3791 ἐλπίδα,
1620 3729 1713 3781 καὶ

140 3820 240 3871 ἐπὶ
270 3817 345 3887 τῷ
375 3817 596 3887 ὀνόματι
632 3818 792 3870 αὐτοῦ
837 3817 1271 3885 ἐξομολογεῖσθαι
1297 3834 1308 3846 ’
1344 3820 1482 3872 κατά
1526 3821 1580 3873 δὲ
1624 3823 1713 3874 τὸν

140 3909 474 3982 χρυσολόγον
500 3907 733 3978 Πατέρα,
770 3925 827 3961 κ.
849 3925 898 3961 τ.
919 3908 967 3961 λ.

1893 3366 2199 3422 Secundum
2230 3367 2451 3434 quidem
2492 3382 2744 3436 magnum
2799 3368 3176 3428 Athanasium,
3221 3370 3382 3423 etiam

1825 3457 1911 3510 hic.
1943 3460 2183 3526 psalmus
2236 3458 2477 3527 ejusdem
2512 3459 2817 3527 argumenti
2875 3467 2958 3511 est
3005 3473 3127 3510 cum
3185 3475 3382 3527 prace-

1818 3549 2086 3611 dcntllms,
2143 3563 2207 3603 eo
2242 3548 2385 3618 quod
2437 3558 2657 3601 narrent
2694 3548 2948 3603 Israelita:
2989 3555 3169 3603 vetera
3206 3547 3295 3603 Dei
3329 3549 3382 3604 in

1821 3658 1877 3694 se
1907 3641 2189 3701 beneficia,
2224 3656 2285 3693 ac
2317 3641 2697 3709 resipiscentcs
2729 3647 2885 3692 orent
2924 3639 3092 3707 recipi
3143 3655 3172 3693 a
3223 3640 3385 3694 Chri—

1823 3742 1928 3793 sto,
1962 3742 2243 3802 propterea
2307 3732 2450 3799 quod
2487 3744 2635 3798 spem
2693 3744 2847 3782 suam
2883 3730 2935 3782 in
2974 3730 3093 3799 ipso
3131 3739 3335 3799 ponant
3368 3769 3384 3791 ,

1824 3836 1875 3877 et
1906 3824 2111 3876 nomini
2166 3822 2337 3891 ipsius
2392 3824 2799 3875 conliteantur:
2839 3831 2893 3873 at
2935 3821 3235 3874 St‘t‘tllldum
3288 3836 3385 3875 att—

1824 3928 1946 3965 reos
1977 3926 2260 3965 sermones
2296 3909 2611 3964 fundentem
2644 3908 2878 3976 Patrem,
2920 3919 3023 3963 etc.

909 4066 1042 4121 Item
1072 4070 1124 4122 in
1161 4068 1258 4122 illa
1294 4072 1445 4124 verba
1480 4073 1733 4138 ejusdem,
1776 4090 1793 4120 ι
1826 4072 2142 4125 Canuertisti
2185 4088 2275 4125 nos
2310 4084 2611 4126 retrorsum.

200 4224 287 4295 (Ἠ
304 4227 320 4291 )
337 4225 696 4290 Ἀθανάσιος.
713 4224 902 4285 Πάλαι,
923 4223 1075 4292 φησι,
1101 4228 1553 4295 συνεστρατήγεις
1568 4226 1715 4293 ἡμῖν’

146 4317 240 4374 θῦν
270 4318 327 4370 δὲ
362 4318 423 4370 οὐ
459 4316 616 4388 μόνον
645 4317 704 4367 οὐ
731 4314 961 4387 συνέρχῃ
993 4316 1144 4385 ἡμῖν,
1174 4313 1307 4366 ἀλλὰ
1333 4318 1425 4368 καὶ
1455 4316 1717 4384 ἀπέστρε-

139 4412 250 4479 ςσας
292 4410 437 4479 ἡμᾶς
463 4449 477 4471 ,
527 4407 620 4459 καὶ
664 4407 924 4476 ἐσχάτους
957 4406 1149 4471 ἔταξας
1198 4405 1397 4469 παντὸς
1448 4406 1706 4459 ἐναντίου·

137 4499 217 4565 ὡς
251 4502 347 4555 καὶ
405 4502 513 4563 τοῖς
564 4498 811 4569 μισοῦσιν
857 4500 1002 4569 ἡμᾶς
1053 4498 1303 4568 γενέσθαι
1354 4501 1431 4563 είς
1484 4501 1710 4571 διαρπα-

140 4595 267 4663 γήν.
347 4593 456 4643 Καὶ
507 4593 863 4663 περιέστηκεν
919 4594 1064 4661 ἡμᾶς
1109 4594 1142 4661 ἡ
1195 4591 1313 4643 τότε
1368 4590 1710 4660 κατασχοῦσα

141 4684 272 4746 τοὺς
300 4681 589 4751 πολεμίους
622 4683 871 4752 αἰσχύνη,
896 4682 989 4734 καὶ
1017 4681 1317 4750 γεγόναμεν
1342 4681 1711 4750 ἠλαττωμένοι

141 4776 277 4843 παρ’
310 4773 534 4835 ἐκείνοις
581 4767 655 4825 ὧν
687 4772 1022 4843 ἐκρατοῦμεν
1046 4772 1105 4825 τὸ
1139 4772 1420 4843 πρότερον,
1452 4773 1543 4824 καὶ
1567 4770 1714 4841 διηρ-

141 4861 436 4931 πάσθημεν
466 4863 557 4915 ὐπ’
610 4863 789 4915 αὐτῶν
836 4861 928 4922 οὓς
978 4861 1375 4932 διηρπάσαμεν.
1429 4860 1609 4913 Ταῦτα
1658 4861 1713 4912 δέ

142 4971 312 5027 φησιν
355 4954 383 5004 ὁ
419 4954 573 5024 χορὸς
604 4954 633 5005 ὁ
663 4954 995 5024 προφητικὸς
1039 4953 1176 5006 κατὰ
1218 4954 1306 5005 τὸν
1350 4955 1519 5023 μέγαν
1558 4954 1713 5006 Ἀθα-

143 5049 331 5099 νάσιον
363 5046 496 5109 (72),
525 5045 889 5116 οἱκοιούμενος
934 5045 1027 5099 τοῦ
1076 5046 1204 5099 λαοῦ
1248 5047 1343 5109 τὰς
1391 5047 1672 5117 συμφορὰς
1700 5064 1713 5077 ·

143 5139 286 5191 κατὰ
317 5137 371 5189 δὲ
396 5139 518 5200 τοὺς
546 5136 756 5202 ἄλλους,
790 5141 817 5191 ὁ
843 5138 948 5190 τῶν
978 5138 1350 5191 Μακκαϐαίων
1392 5142 1638 5208 στρατός.

1904 4226 2242 4280 Athanasius.
2260 4223 2421 4287 Olim,
2440 4223 2633 4299 inquit,
2649 4222 2812 4277 simul
2830 4221 3110 4276 nobiscum
3128 4222 3189 4276 ad
3206 4222 3385 4293 pratlia

1823 4318 2010 4371 cxibas
2040 4332 2214 4370 :nunc
2243 4332 2367 4369 vero
2391 4330 2495 4368 non
2520 4313 2678 4368 modo
2708 4330 2814 4369 non
2845 4314 3095 4383 adjungis
3126 4324 3178 4367 te
3208 4313 3385 4377 nobis,

1820 4410 1912 4463 sed
1930 4418 1980 4463 et
2000 4406 2238 4461 arerlisti
2264 4422 2383 4467 nos,
2406 4413 2459 4460 et
2477 4405 2754 4473 subjecisti
2788 4422 2886 4459 nos
2903 4405 3155 4459 omnibus
3189 4405 3387 4458 nostris

1817 4502 2067 4561 inimicis,
2084 4499 2219 4554 adeo
2234 4509 2292 4552 ut
2313 4500 2474 4552 etiam
2499 4498 2677 4568 praeda
2698 4496 2823 4551 facti
2842 4497 3014 4550 simus
3040 4497 3165 4550 odio
3185 4496 3386 4549 haben-

1818 4593 1961 4645 tibus
1984 4606 2104 4644 nos.
2152 4590 2573 4660 Comprehendit
2602 4587 2762 4641 etiam
2795 4604 2893 4643 nos
2933 4586 3387 4658 ignominia,qua:

1818 4685 1943 4737 olim
1965 4682 2215 4737 inimicos
2238 4691 2455 4736 nostros
2473 4681 2707 4744 tenebat,
2728 4689 2782 4735 et
2800 4681 3007 4735 subacti
3029 4694 3219 4735 sumus
3234 4679 3302 4732 ab
3322 4680 3386 4733 iis

1820 4773 2015 4841 quibus
2030 4783 2152 4826 ante
2171 4773 2608 4835 dominabamur,
2628 4772 2821 4841 direpti
2842 4771 3077 4840 denique
3101 4784 3293 4825 sumus
3320 4771 3388 4822 ab

1824 4862 1889 4915 iis
1922 4876 2059 4931 quos
2086 4861 2429 4929 diripuimus.
2472 4861 2596 4918 llaec
2623 4876 2785 4932 porro
2807 4859 2970 4914 verba
3002 4874 3065 4913 ex
3119 4858 3387 4913 sententia

1824 4953 2004 5021 magni
2038 4953 2324 5008 Athanasii
2370 4963 2499 5009 sunt
2546 4953 2699 5008 chori
2744 4950 3067 5020 prophetici,
3102 4947 3386 5003 calamita-

1824 5057 1905 5100 tes
1938 5046 2120 5114 populi
2183 5048 2338 5115 quasi
2378 5046 2480 5100 sibi
2534 5046 2707 5100 factas
2758 5044 3107 5115 reputantis:
3164 5050 3225 5096 ut
3258 5055 3388 5095 vero

1824 5139 1944 5191 aliis
1976 5139 2173 5208 placet,
2206 5139 2479 5193 exercitus
2510 5136 2964 5191 Machabteorum.

776 5293 1002 5347 liursum
1045 5294 1097 5345 in
1134 5294 1284 5347 verba
1313 5310 1330 5346 :
1366 5312 1384 5344 ι
1418 5294 1752 5348 Oblivisceris
1783 5297 2111 5361 paupertatis
2147 5304 2361 5357 nostra',
2402 5314 2420 5345 ι
2454 5304 2577 5359 etc.,
2610 5310 2659 5349 υ.
2689 5293 2779 5348 23.

218 5410 332 5481 (73)
388 5410 745 5476 Ἀθανάσιος.
796 5412 988 5482 ’Ὕπνῳ
1038 5413 1135 5481 μὲν
1180 5408 1277 5465 οὖν.
1320 5411 1721 5484 παραϐάλλουσι

218 5572 331 5642 (69)
357 5567 503 5624 Nihil
536 5571 729 5625 horum
767 5570 996 5626 habetur
1022 5572 1272 5641 superius
1306 5573 1371 5625 ad
1412 5574 1553 5627 hunc
1580 5590 1719 5644 psal-

148 5658 201 5696 ιιι
249 5658 323 5694 ll).

207 5657 335 5781 270)
370 5711 687 5782 Huiusmodi
722 5725 1121 5781 argumentum.
1146 5714 1286 5782 quod
1323 5714 1531 5769 videtur
1584 5731 1713 5773 sane

198 5783 461 5847 thanasii,
497 5798 600 5838 non
640 5782 951 5837 lmbcturin
988 5783 1430 5845 Exposuionibus.

1901 5413 2251 5468 Athanasius.
2290 5413 2495 5469 Somno
2525 5414 2689 5484 igitur
2725 5418 3045 5482 comparant
3073 5410 3387 5465 diuturram

1901 5575 2010 5643 (71)
2035 5574 2156 5629 Haec
2174 5575 2424 5643 superius
2454 5574 2517 5626 a.l
2543 5573 2685 5627 hunc
2716 5586 2954 5636 versum,
2978 5568 3069 5624 sed
3105 5566 3381 5638 p‘ancicm.

1902 5647 2013 5715 (79.)
2044 5645 2174 5699 Vide
2213 5646 2429 5699 ibidem.

1902 5710 2013 5785 (75}
2042 5715 2161 5771 llaec
2189 5717 2383 5771 desunt
2411 5716 2464 5770 in
2496 5710 2925 5782 Expositionibus
2956 5723 3139 5779 supra.
