4058 6510
678 452 780 507 563
1520 452 1575 509 S.
1618 451 1986 509 ATHANASII
2023 451 2173 506 OPP.

2320 451 2408 507 RS
2447 450 2533 507 ill.
2573 483 2644 496 —
2686 452 3089 511 EXEGETICA.
3794 452 3897 510 σοι

666 569 763 623 Dei
802 566 1135 630 dilationem,
1186 579 1290 635 qua
1327 581 1458 621 usus
1503 577 1586 622 est
1636 583 1763 636 erga
1815 567 2056 636 ipsorum
2097 582 2212 635 pce-

2320 567 2420 637 τὴν
2459 567 2658 638 πολλὴν
2714 567 2910 638 ἀνοχὴν
2959 569 3054 621 τοῦ
3092 567 3222 622 Θεοῦ
3254 568 3320 640 ἣν
3368 569 3602 623 ἐποιεῖτο
3647 570 3735 625 διὰ
3794 575 3894 636 τὰς

667 663 810 710 cata.
838 651 1136 707 Precantur
1169 669 1319 718 vero,
1357 664 1415 708 ut
1442 656 1543 709 sibi
1576 657 1857 725 contingat
1885 657 1974 710 ille
2023 656 2212 712 Christ

2330 659 2599 729 ἁμαρτίας
2632 659 2830 712 αὐτῶν.
2873 659 3133 729 Εῦχονται
3187 660 3244 713 δὲ
3296 659 3512 731 δοθῆναι
3561 662 3743 726 αὐτοῖς
3792 665 3895 734 τὴν

663 749 947 811 adventus,
982 749 1074 818 qui
1129 749 1232 802 sub
1267 759 1504 803 extrema
1543 758 1786 818 tempora
1821 750 2040 804 futurus
2087 760 2223 814 erat,

661 857 729 895 ne
763 849 1010 910 expertes
1044 841 1153 895 sint
1186 841 1342 903 vitm,
1375 856 1500 910 qua!
1535 843 1602 896 ab
1632 843 1750 912 ipso
1797 851 1880 897 est
1907 861 1918 896 :
1953 853 2113 911 atque
2143 844 2228 896 in-

661 929 889 999 quiunt:
918 928 1029 984 Cur
1052 931 1328 985 abscondis
1382 931 1570 999 faciem
1616 942 1782 996 luant,
1820 943 1870 986 et
1907 933 2224 988 Oblivisceris

659 1023 1025 1075 calamitatum
1059 1033 1108 1074 et
1131 1023 1473 1093 aﬂlictiouunt
1496 1035 1797 1078 nostrarum
1825 1026 1850 1078 ?
1878 1023 1959 1078 Tu
1980 1027 2222 1096 quidem,

661 1129 694 1159 η
728 1111 886 1174 Deus.
924 1113 1216 1168 abscondis
1257 1122 1306 1168 et
1340 1115 1541 1169 avertis
1574 1115 1767 1168 faciem
1819 1123 1994 1180 tuam,
2045 1130 2113 1170 ne
2141 1115 2223 1170 vi-

658 1203 787 1257 deas
821 1203 1020 1270 turpia,
1065 1212 1120 1257 et
1166 1202 1386 1272 indigna
1430 1202 1594 1271 facta,
1631 1213 1794 1273 atque
1836 1213 1931 1259 tuo
1979 1204 2219 1258 contuitu

660 1293 856 1346 aliena.
888 1291 1086 1347 Verum
1121 1293 1244 1363 quia
1272 1294 1430 1348 nobis
1454 1295 1506 1347 in
1549 1294 1882 1348 enumeratis
1913 1295 2034 1350 istis
2063 1294 2219 1350 factis

657 1381 933 1447 praeclaris
990 1382 1184 1435 tiducia
1221 1382 1400 1451 aliqua
1438 1391 1686 1451 superest
1716 1423 1731 1444 ,
1779 1398 1880 1435 cur
1927 1382 2218 1438 abscondis

656 1470 847 1524 faciem
875 1472 1063 1524 tuum?
1088 1471 1334 1540 Cumque
1374 1480 1452 1527 tot
1487 1473 1631 1542 passi
1663 1473 1802 1526 mala
1838 1474 2013 1529 simus
2037 1475 2218 1530 cultus

656 1562 734 1615 tui
783 1577 846 1616 ac
892 1564 1107 1632 pietatis
1158 1579 1344 1627 causa.
1396 1581 1494 1619 cur
1536 1565 1880 1622 Oblivisceris
1909 1566 2218 1622 amictionis

653 1659 747 1705 aut
787 1654 1120 1722 paupertatis
1145 1655 1380 1709 nostras?
1400 1652 1533 1708 Nam
1565 1655 1690 1708 licet
1738 1671 1800 1708 ea
1851 1672 1960 1711 non
1991 1657 2216 1726 perinde

653 1757 849 1812 magna
885 1744 994 1796 sint
1025 1743 1164 1811 apud
1222 1754 1272 1797 te
1298 1782 1313 1808 ,
1348 1753 1408 1797 ut
1445 1745 1585 1812 apud
1623 1760 1724 1800 nos
1749 1784 1763 1809 ,
1820 1745 1914 1800 sed
1946 1761 2111 1816 egena
2160 1758 2216 1802 et

2329 750 2646 818 ἐπιφάνειαν
2675 748 2768 801 τοῦ
2798 750 3031 822 Χριστοῦ
3065 750 3161 820 τὴν
3208 750 3295 803 ἐπ’
3343 750 3583 820 ὲσχάτων
3620 751 3724 804 τῶν
3773 769 3894 806 καις

2331 840 2457 910 ρῶν,
2495 840 2580 891 ἵνα
2617 840 2693 910 μὴ
2720 839 2818 909 τῆς
2843 839 2974 909 παρ’
3017 839 3180 893 αὐτοῦ
3214 841 3555 912 ἀμοιρήσωσι
3586 842 3728 912 ζωῆς
3749 859 3764 874 ⁸
3795 844 3892 897 καί

2326 946 2488 998 φασιν
2510 946 2523 960 ο
2555 930 2681 982 Ἵνα
2710 931 2765 981 τί
2798 928 2864 982 τὸ
2911 931 3234 997 πρόσωπόν
3272 945 3388 985 σου
3442 932 3843 1002 ἀποκρύπτεις
3873 976 3889 1000 ,

2324 1020 2425 1073 καὶ
2476 1017 2847 1088 ἐπιλανθάνῃ
2882 1019 2992 1088 τῆς
3032 1021 3348 1088 κακώσεως
3390 1023 3558 1092 ἡμῶν
3607 1027 3704 1079 καὶ
3758 1027 3889 1080 θλι.

2322 1113 2518 1180 ψεως;
2552 1110 2831 1182 Κρῦπτεις
2869 1111 2966 1182 μὲν
2994 1111 3053 1165 τὺ
3082 1112 3305 1166 σεαυτοῦ
3338 1115 3645 1188 πρόσωπον,
3673 1120 3703 1171 δ
3731 1118 3886 1184 Θεὸς,

2321 1200 2416 1255 καὶ
2447 1201 2824 1271 ἀποστρέφεις,
2857 1201 2991 1272 πρὸς
3013 1201 3073 1253 τὸ
3103 1201 3178 1272 μὴ
3213 1201 3428 1272 βλέπειν
3460 1205 3527 1258 τὰ
3554 1207 3755 1277 αἰσχρὰ
3793 1211 3889 1263 καὶ

2319 1291 2566 1360 ἀπρεπῆ.
2602 1291 2697 1342 καὶ
2726 1291 2822 1359 τῆς
2847 1291 2943 1361 σῆς
2974 1290 3100 1354 θέας
3123 1291 3376 1362 ἀλλότρια
3399 1309 3411 1322 ·
3437 1294 3551 1347 ἀλλ’
3579 1297 3702 1349 ἐπεὶ
3729 1298 3890 1368 ἡμεῖς

2319 1382 2412 1435 ἐπὶ
2448 1384 2559 1444 τοῖς
2589 1381 2824 1450 λεχθεῖσι
2857 1381 3239 1454 κατορθώμασι
3279 1388 3590 1458 παρρησίαν
3636 1389 3844 1461 ἄγομεν
3871 1430 3886 1454 ,

2317 1471 2403 1524 ἵνα
2434 1471 2486 1523 τί
2509 1471 2569 1524 τὸ
2597 1469 2882 1541 πρόσωπόν
2935 1488 3027 1527 σου
3069 1473 3363 1544 κρύπτειςς
3405 1477 3652 1531 Τοσαῦτα
3687 1479 3745 1533 δὲ
3782 1499 3888 1535 πα-

2318 1561 2550 1632 σχόντων
2582 1563 2674 1614 καὶ
2711 1562 3160 1617 κακοπαθούντων
3195 1565 3291 1636 τῆς
3340 1566 3439 1637 σῆς
3486 1568 3672 1622 ἕνεκεν
3723 1572 3883 1625 ab“-

2315 1652 2486 1716 δείὰς,
2512 1654 2596 1705 ἵνα
2615 1654 2667 1706 τί
2687 1654 3013 1728 ἐπιλανθάνῃ
3035 1656 3133 1725 τῆς
3154 1656 3446 1722 κακώσεως
3461 1660 3492 1729 ἡ
3501 1660 3635 1729 μῶν,
3653 1661 3773 1731 ἤτοι
3789 1664 3887 1734 τῆς

2317 1744 2618 1813 πτωχείας;
2651 1744 2711 1797 Et
2741 1745 2847 1815 γὰρ
2879 1748 2972 1799 καὶ
3003 1747 3213 1816 μεγάλα
3241 1748 3414 1804 ταῦτα
3447 1752 3523 1814 ὡς
3555 1753 3692 1824 πρὸς
3735 1755 3886 1824 ἡμᾶς

652 1847 817 1898 parva
869 1841 922 1886 et
967 1833 1332 1901 paucissima:
1371 1848 1562 1903 magna
1599 1843 1802 1898 tamen,
1837 1845 2103 1904 quatenus
2145 1853 2212 1892 ex

2317 1833 2380 1885 τὰ
2413 1831 2827 1904 κατορθώματα,
2878 1836 2994 1888 ἀλλ’
3045 1838 3119 1901 ὡς
3171 1839 3307 1909 πρὸς
3361 1841 3420 1893 σὲ
3460 1843 3635 1895 πάντα
3689 1844 3887 1914 πτωχὰ

652 1924 807 1976 nobis
857 1934 1003 1977 sunt.
1056 1924 1240 1994 Itaque
1291 1926 1702 1996 supplicamus,
1757 1944 1826 1983 ne
1872 1927 2211 1985 obliviscaris

2318 1926 2409 1978 καὶ
2441 1925 2645 1997 σμικρὰ
2678 1927 2770 1978 καὶ
2799 1927 3070 1996 ὀλίγιστα·
3105 1930 3244 2002 πλὴν
3273 1931 3348 1996 ὡς
3368 1932 3427 1997 ἐξ
3463 1934 3619 2005 ἡμῶν
3646 1937 3882 2005 μεγάλα.

649 2016 987 2086 paupertatis
1014 2025 1232 2081 nostrae,
1268 2034 1302 2072 ο
1331 2017 1560 2074 Domine
1593 2037 1606 2072 :
1639 2019 1771 2088 quin
1825 2021 2007 2090 potius
2046 2022 2211 2076 remi-

651 2106 883 2162 niscaris
907 2107 1231 2171 aﬂlictiouis,
1255 2125 1414 2179 quam
1447 2112 1813 2167 sustinuimus
1846 2113 1922 2166 tui
1951 2128 2135 2168 causa.

2317 2018 2409 2071 Διδ
2447 2019 2754 2089 ἱκετεύομεν
2788 2020 2860 2089 μὴ
2895 2021 3062 2092 λήθην
3104 2023 3428 2094 ποιήσασθαι
3476 2024 3578 2093 τῆς
3606 2025 3885 2096 ἡμετέρας

2317 2110 2584 2179 πτωχείας
2608 2125 2621 2138 ’
2655 2109 2952 2181 μνησθῆναι
2977 2112 3033 2167 δὲ
3072 2115 3290 2186 καὶτῆς
3330 2117 3558 2187 θλίψεως
3605 2118 3785 2188 ἡμῶν,
3813 2114 3884 2190 ἧς

2319 2201 2687 2271 ὑπεμείναμεν
2713 2201 2871 2272 χάριν
2900 2202 3014 2266 σοῦ,
3046 2200 3089 2259 ὧ
3117 2209 3379 2264 Δέσποτα.

1846 2350 1918 2404 Et
1949 2354 2001 2405 in
2031 2369 2232 2408 rersum
2257 2366 2546 2426 sequentem
2576 2359 2662 2412 ‘25.

717 2501 1058 2556 Athanasius.
1114 2503 1280 2560 Porro
1310 2506 1622 2575 depressam
1673 2509 1775 2562 sibi
1817 2517 2051 2563 mentem
2087 2524 2208 2565 esse

649 2592 834 2644 dicunt
861 2592 1022 2647 etiam
1054 2593 1222 2649 Judaei
1253 2615 1263 2649 :
1298 2599 1424 2666 quia
1459 2609 1745 2669 postquam
1775 2616 1836 2654 ea
1882 2617 2003 2670 qua!
2048 2600 2208 2656 Chrio

647 2683 714 2733 sti
749 2691 877 2733 sunt
905 2684 1108 2738 sentire
1146 2698 1486 2756 recusarunt,
1521 2689 1840 2746 deciderunt
1886 2693 1941 2746 in
1976 2709 2200 2748 sensum

646 2771 944 2824 carnalem.

2386 2512 2498 2583 (74)
2551 2513 2910 2581 Ἀθανάσιος.
2972 2516 3408 2572 Τεταπεινῶσθαι
3454 2517 3510 2573 δὲ
3555 2517 3738 2575 αὐτῶν
3781 2522 3884 2593 τὴν

2312 2604 2488 2674 ψυχήν
2533 2623 2662 2674 φασι
2694 2608 2785 2660 καὶ
2841 2608 3110 2662 Ἰουδαῖοι·
3163 2610 3378 2682 ἐπειδὴ,
3427 2611 3777 2684 ἀπωσάμενοι
3821 2617 3885 2670 τὸ

2315 2699 2527 2765 φρονεῖν
2561 2696 2629 2748 τὰ
2673 2697 2906 2767 Χριστοῦ
2935 2737 2950 2762 ,
2987 2701 3064 2762 είς
3114 2699 3363 2771 φρόνημα
3401 2701 3701 2756 κατέπεσον
3748 2719 3886 2777 σαρ-

2313 2784 2482 2840 κικόν.

1867 2933 1999 2988 Item
2030 2937 2080 2990 in
2115 2954 2317 2994 rersmn
2344 2943 2618 3000 ultimum.

714 3082 1054 3134 Athanasius.
1102 3081 1304 3138 Deinde
1346 3084 1586 3141 indicant
1619 3087 1672 3142 lii
1734 3104 1920 3146 versus
1958 3093 2197 3148 vocatio-

2378 3097 2486 3170 (75)
2536 3100 2891 3169 Ἀθιινάσιιτς.
2929 3105 3037 3157 Καὶ
3064 3105 3162 3175 τὴν
3195 3106 3252 3158 ὲν
3282 3106 3528 3177 ὑστέροις
3559 3109 3616 3161 δὲ
3664 3113 3886 3181 καιροῖς

651 3202 769 3239 nem
832 3182 982 3237 illam
1037 3190 1098 3240 et.
1140 3197 1553 3238 canverswnetn
1615 3185 1985 3238 lsraelitarutu
2017 3223 2034 3248 ,
2087 3199 2206 3251 quae

646 3281 854 3334 ultimis
881 3278 1217 3347 temporibus
1254 3277 1486 3333 accidet.
1520 3278 1625 3342 Qui
1649 3279 1812 3332 etiam
1839 3278 2025 3332 dicunt
2056 3297 2068 3331 :
2095 3277 2205 3334 Rc-

645 3373 764 3439 cipe
792 3383 914 3432 nos,
960 3378 1016 3422 et
1046 3370 1123 3423 sis
1169 3369 1325 3423 nobis
1361 3369 1650 3438 propitius.
1707 3369 1942 3440 Tempus
1988 3384 2208 3440 quoque

643 3460 1022 3515 c0uversionis
1052 3476 1184 3526 suae,
1212 3459 1371 3514 ﬁdem
1397 3461 1606 3516 scilicet
1639 3461 1692 3514 in
1727 3470 1798 3523 te.
1849 3477 1882 3516 o
1917 3460 2079 3528 Deus,
2113 3475 2208 3517 ve-

649 3568 760 3606 ram
817 3553 1181 3618 conﬁtentur;
1222 3554 1576 3623 subjicientes
1617 3551 1744 3606 illud
1789 3575 1800 3606 ;
1842 3551 2064 3619 Propter
2114 3569 2209 3605 no-

647 3661 763 3697 men
808 3653 976 3706 tuum,
1025 3644 1228 3699 diserte
1269 3643 1544 3706 fatentur,
1586 3643 1729 3713 quod
1766 3658 1873 3696 non
1918 3644 2027 3697 sint
2061 3642 2210 3710 digni

646 3736 737 3803 qui
783 3736 1212 3791 miscricordiam
1269 3744 1700 3804 consequantur,
1752 3733 1896 3803 quod
1950 3733 2209 3787 contrarii

646 3825 866 3881 Christo
898 3825 1120 3882 fuerint.
1153 3827 1218 3881 Et
1252 3837 1430 3881 tamen
1466 3827 1690 3897 dignum
1734 3831 1816 3879 est
1866 3825 2002 3893 ipso,
2050 3826 2211 3878 mise-

648 3919 755 3971 reri
781 3927 832 3972 et
855 3919 1136 3988 ignoscere
1161 3921 1402 3992 lapsibus
1423 3920 1678 3974 humanis
1702 3925 1920 3986 propter
1948 3915 2209 3984 seipsum.

645 4007 735 4062 Ait
766 4010 908 4063 cnim
937 4029 949 4065 :
997 4010 1117 4065 Non
1145 4013 1284 4080 facio
1315 4021 1528 4080 propter
1573 4027 1681 4074 vos,
1713 4008 1884 4078 inquit
1925 4007 2204 4070 Dominus,

645 4096 736 4151 sed
767 4111 977 4168 propter
1007 4117 1189 4154 nomen
1231 4117 1395 4154 meum
1417 4102 1484 4155 “.

2312 3194 2574 3263 ἐσομένην
2602 3195 2692 3247 τοῦ
2733 3198 2946 3268 Ἰσραὴλ
2976 3199 3304 3268 ἐπιστροφὴν
3343 3200 3434 3251 καὶ
3467 3199 3657 3270 κλῆσιν
3686 3204 3734 3254 οἱ
3767 3205 3888 3255 στί-

2311 3298 2395 3350 χοι
2430 3285 2798 3352 σημαίνουσιν.
2830 3288 2891 3338 Οἳ
2916 3289 3007 3340 καί
3033 3304 3194 3356 φασιν
3219 3304 3230 3316 °
3277 3289 3586 3342 Ἀντιλάϐου
3613 3290 3676 3362 δὴ
3697 3292 3882 3362 ἡμῶν,

2311 3367 2404 3420 καὶ
2434 3367 2572 3420 δίδον
2601 3370 2660 3422 τὸ
2689 3371 2932 3441 εὐμενές.
2960 3374 3067 3427 Καὶ
3099 3373 3286 3444 καιρὸν
3311 3374 3645 3444 ἐπιστροφῆς
3669 3378 3770 3448 τὴν
3799 3380 3887 3442 είς

2323 3458 2382 3510 σὲ
2431 3460 2686 3531 ἀληθινὴν
2748 3462 2927 3515 πίστιν
2979 3464 3326 3535 ὁμολογοῦσιν
3365 3483 3378 3495 ·
3417 3467 3710 3535 ἐπάγοντες
3763 3469 3830 3522 τό
3865 3488 3883 3503 ο

2317 3546 2566 3603 Ἕνεκεν
2600 3550 2706 3604 τοῦ
2750 3554 3036 3622 ὀνόματός
3074 3571 3211 3620 σου,
3250 3555 3548 3628 διαρρήδην
3586 3558 3886 3628 ὁμολογοῦ-

2315 3659 2398 3695 σιν
2428 3681 2443 3706 ,
2472 3643 2545 3708 ὡς
2574 3643 2672 3695 οὐκ
2699 3643 2836 3709 ἄξιοι
2865 3644 2956 3697 τοῦ
2996 3645 3259 3699 ἐλεεῖσθαι
3309 3649 3445 3700 εἰσιν
3481 3648 3529 3700 οἱ
3564 3649 3703 3704 κατὰ
3742 3652 3887 3721 Χρι-

2315 3733 2439 3787 στοῦ
2468 3735 2762 3804 γενόμενοι.
2795 3736 2999 3806 Πρέπει
3039 3753 3102 3804 γε
3140 3739 3244 3808 μὴν
3269 3737 3328 3790 τὸ
3360 3739 3528 3791 ἐλεεῖν
3578 3740 3744 3810 αὐτῷ,
3784 3743 3886 3795 καὶ

2313 3825 2702 3896 κατοικτείρειν
2736 3830 2846 3888 τοῖς
2877 3826 3235 3896 ἀνθρωπίνοις
3287 3829 3589 3900 πταίσμασι
3633 3830 3700 3883 δι’
3750 3834 3886 3888 ἐαυ-

2311 3917 2421 3968 τόν.
2455 3917 2592 3987 Φησὶ
2622 3917 2729 3986 γάρ
2749 3933 2762 3947 ·
2799 3920 2878 3970 Οὺ
2904 3916 2978 3970 δι’
3011 3917 3166 3987 ὑμᾶς
3197 3919 3312 3989 ἐγὼ
3341 3920 3506 3988 ποιῶ,
3539 3921 3700 3993 λέγει
3752 3922 3886 3980 Κύ-

2307 4023 2455 4073 ριος,
2485 4008 2620 4061 ἀλλ’
2653 4007 2689 4077 ἦ
2724 4007 2820 4062 διὰ
2841 4009 2905 4062 τὸ
2928 4008 3115 4079 ὄνομά
3140 4027 3278 4079 μου.

725 4238 915 4291 Deinde
943 4240 1177 4305 sequitur
1220 4247 1584 4308 argumentum
1619 4239 1670 4290 in
1704 4238 1963 4306 psalmum
1999 4248 2119 4288 XLIV
2165 4231 2358 4286 eisdem
2398 4247 2610 4285 ororsus
2641 4230 2803 4283 verbis
2856 4231 3042 4299 quibus
3095 4230 3314 4284 habetur
3366 4246 3567 4299 supra;
3610 4247 3776 4299 quare

647 4308 896 4361 omissum
931 4319 1025 4360 cst.

998 4469 1064 4523 Et
1091 4473 1140 4522 in
1171 4484 1368 4521 versum
1420 4468 1670 4535 priorum,
1699 4464 1976 4535 prmmissa
2022 4461 2238 4527 Basilii,
2262 4460 2622 4529 Chrysostomi
2654 4467 2702 4512 et
2751 4455 2963 4511 Eusebii
2989 4460 3267 4521 sententia,
3302 4456 3534 4525 subjicit.

720 4625 946 4695 Magnus
976 4639 1103 4678 vero
1138 4621 1559 4684 Athanasius,et
1587 4620 1743 4675 divus
1769 4618 2028 4691 Cyrillus,
2047 4616 2203 4685 quasi

2382 4613 2492 4684 (76)
2529 4613 2841 4677 Ἀθανάσιος
2871 4613 2926 4666 δὲ
2947 4615 2974 4667 ὁ
3001 4613 3138 4666 πάνυ
3170 4612 3265 4666 καὶ
3285 4614 3313 4665 ὁ
3335 4611 3476 4675 Θεῖος
3503 4609 3771 4681 Κύριλλος
3807 4609 3888 4674 ὡς

647 4719 764 4772 hac
796 4733 858 4771 ex
893 4730 1124 4785 persona
1168 4712 1262 4767 Dei
1318 4721 1372 4765 et
1422 4709 1598 4764 Patris
1637 4709 1966 4772 dicerentur,
2011 4707 2209 4761 intelli-

649 4817 785 4878 gunt
810 4822 871 4862 ea
910 4805 978 4860 de
1011 4803 1207 4868 Verbo,
1238 4803 1381 4873 quod
1408 4802 1546 4872 apud
1571 4800 1784 4854 Patrem
1825 4807 1942 4855 erat
1971 4800 2023 4852 in
2057 4799 2208 4867 prin-

650 4902 790 4969 cipio
817 4918 831 4958 :
860 4897 1026 4967 quod,
1063 4896 1337 4963 inquiunt,
1379 4892 1779 4962 quodammodo
1813 4907 1877 4944 ex
1910 4889 2071 4945 corde
2118 4896 2212 4941 aut

650 4985 785 5055 ipsis
820 4984 1124 5037 visceribus
1173 4981 1477 5051 progenuit.
1512 4982 1586 5036 De
1627 4995 1736 5049 quo
1762 4980 1924 5034 etiam
1955 4979 2087 5034 dicit
2117 4993 2211 5046 per

653 5076 906 5131 Davidem
936 5094 948 5128 :
983 5074 1254 5128 Eructavit
1286 5091 1375 5127 cor
1406 5089 1576 5126 meum
1612 5072 1819 5126 verbum
1848 5072 2057 5124 bonum.
2078 5069 2211 5126 Pro-

651 5177 846 5235 gnntus
870 5182 1104 5237 namque
1150 5175 1231 5222 est
1257 5165 1455 5229 Filius,
1485 5171 1546 5220 ut
1577 5179 1757 5219 sermo
1787 5176 1849 5216 ex
1881 5170 2082 5225 mente,
2110 5160 2211 5214 bo-

651 5272 755 5310 nus
788 5271 851 5309 ex
889 5256 1052 5320 bono,
1101 5255 1242 5309 Deus
1280 5271 1344 5310 ex
1378 5253 1507 5309 Deo.
1561 5252 1969 5308 Observandum
2027 5267 2210 5322 porro,

649 5348 799 5416 loqui
830 5347 1041 5401 Patrem
1075 5347 1141 5402 de
1167 5345 1302 5401 Filio
1337 5356 1592 5414 tanquam
1619 5346 1919 5402 incarnato.
1955 5359 2082 5398 cum
2115 5343 2210 5396 ait:

653 5438 783 5492 Dico
804 5454 895 5508 ego
925 5454 1078 5504 opera
1105 5455 1217 5492 mea
1244 5439 1370 5507 regi.
1412 5435 1544 5489 Nam
1604 5444 1812 5490 tantum
1850 5449 1954 5488 non
1985 5434 2213 5493 promit-

755 5616 800 5646 ³⁸
831 5612 1021 5668 Ezeeh.
1063 5629 1151 5677 xx,
1184 5612 1271 5670 14.

728 5767 836 5832 (741
869 5774 988 5825 Haec
1008 5777 1076 5826 ior
1119 5774 1259 5828 Vide.

726 5842 833 5905 (75l
865 5842 982 5895 tltec
1012 5843 1251 5897 auctiora
1289 5852 1412 5898 sunt
1437 5860 1595 5903 quam
1645 5844 1694 5899 in
1721 5841 2170 5899 Emositionibus.

2311 4710 2374 4760 ἐκ
2403 4705 2692 4775 προσώπου
2727 4705 2820 4757 τοῦ
2860 4704 2995 4758 Θεοῦ
3028 4706 3122 4758 καὶ
3166 4703 3376 4775 Πατρὸς
3406 4701 3657 4769 λέγεσθαι
3703 4703 3887 4758 ταῦτα

2311 4800 2488 4850 νοοῦσι
2524 4798 2650 4868 περὶ
2678 4794 2771 4849 τοῦ
2800 4796 2858 4847 ὲν
2885 4796 3027 4866 ἀρχῇ
3054 4793 3204 4856 ὄντος
3231 4792 3366 4864 πρὸς
3399 4792 3560 4844 αὑτὸν
3592 4791 3794 4860 Λόγου,
3824 4792 3889 4846 ὃν

2312 4891 2377 4942 ἐκ
2408 4891 2506 4960 τῆς
2534 4889 2694 4941 οἱονεὶ
2719 4887 2942 4959 καρδίας
2971 4885 3005 4955 ἢ
3035 4885 3213 4939 αὐτῶν
3234 4885 3339 4938 τῶν
3357 4884 3696 4954 σπλάγχνων,
3719 4885 3886 4953 φασὶ,

2313 4983 2617 5053 προήγαγε.
2668 4979 2802 5050 Περὶ
2832 4970 2892 5029 οῦ
2930 4979 3024 5031 καὶ
3052 4975 3201 5044 λέγει
3244 4975 3331 5029 διὰ
3370 4974 3563 5028 Δαυῒδ·
3609 4975 3890 5044 Ἐξηρεύο

2317 5072 2466 5136 ξατο
2499 5073 2537 5139 ἠ
2558 5069 2771 5138 καρδία
2787 5087 2905 5138 μου
2927 5070 3112 5136 λόγον
3135 5068 3372 5137 ἀγαθόν.
3394 5066 3718 5137 Γεγέννηται
3746 5069 3886 5138 γὰρ,

2318 5162 2392 5225 ὼς
2413 5161 2569 5229 λόγος
2602 5161 2665 5212 ἐκ
2700 5158 2815 5222 νοῦ,
2849 5158 3051 5228 ἀγαθὸς
3082 5158 3143 5225 ἐξ
3176 5156 3403 5227 ἀγαθοῦ,
3439 5157 3570 5220 Θεὸς
3609 5157 3676 5210 ὲκ
3717 5157 3884 5211 Θεοῦ.

2321 5253 2510 5323 Ἀθρει
2557 5252 2613 5305 δὲ
2647 5251 2720 5314 ὡς
2752 5251 2878 5322 περὶ
2927 5250 3438 5321 ὲνανθρωπήσαντος
3483 5248 3576 5302 τοῦ
3615 5248 3749 5301 Υίοῦ
3801 5250 3892 5303 λέ-

2318 5359 2481 5411 γοντα
2512 5340 2602 5393 τὸν
2635 5339 2853 5411 Πατέρα
2877 5357 2890 5369 ·
2928 5338 3090 5409 Λέγω
3116 5337 3230 5408 ἐγὼ
3261 5339 3333 5392 τὰ
3362 5339 3503 5406 ἔργα
3521 5354 3640 5405 μου
3669 5334 3751 5400 τῷ
3769 5337 3892 5401 ,ϐα-

2319 5434 2500 5490 σιλεῖ.
2519 5433 2815 5502 Μονονουχὶ
2836 5432 2942 5502 γὰρ
2957 5432 3398 5502 καθυπισχνεῖται
3412 5428 3682 5483 διδάσκειν
3697 5429 3890 5496 αὑτὸν,

2399 5771 2506 5843 (76)
2539 5773 2610 5827 Ex
2624 5787 2869 5842 pressum
2924 5787 2987 5827 ex
3023 5766 3460 5840 interpretatione
3510 5767 3704 5836 psalmi
3739 5779 3886 5827 nar.
