4058 6458
203 371 314 428 565

1229 371 1655 428 FRAGMENTA
1692 369 2053 428 COMMENT.
2100 371 2166 426 IN
2201 366 2542 424 PSALMOS.

3357 366 3458 424 566

197 487 409 552 ὁποίοις
430 489 542 543 τισὶ
557 486 736 557 λόγοις
776 487 1060 560 χρήσεται.
1105 486 1417 560 ἐμϐιϐάζων
1452 490 1599 560 ἡμᾶς
1619 491 1698 552 εἰς
1722 489 1772 542 τὲ

1887 487 1948 542 tit
1981 502 2039 542 se
2071 487 2248 556 ipsum
2280 484 2602 539 edocturum
2626 521 2638 542 ,
2673 481 2979 551 cujusmodi
3034 482 3214 538 verbis
3248 485 3323 538 uti
3363 488 3455 543 de-

197 575 339 650 δρᾷν
372 576 442 631 τὰ
462 577 599 649 ἔργα
617 576 991 649 αὐτοῦ.Ἔργα
1011 577 1069 630 δὲ
1092 576 1230 630 Θεοῦ
1257 595 1437 650 φαμεν
1465 579 1562 650 τὴν
1587 578 1781 650 εὐσεϐῆ

197 669 571 740 mlta-dumi}:
579 686 624 734 ις
635 669 723 723 διὰ
737 669 844 723 τῶν
854 669 1227 737 εὐαγγελικῶν
1243 687 1311 740 κη
1320 687 1420 742 ρυγ
1427 669 1609 740 μάτων
1624 671 1783 738 γέγο-

196 775 294 814 νεν
315 761 448 832 ἡμῖν
470 760 740 831 ἐμφανής.
772 758 1099 831 Προσλαλῶν
1131 757 1188 811 δὲ
1223 759 1456 832 Χριστὸς
1511 758 1782 823 Ἰουδαίοις

193 851 271 906 τὰ
300 853 549 926 χρήσιμα
577 852 716 925 πρὸς
751 852 1048 924 σωτηρίαν,
1082 851 1161 923 τῷ
1196 853 1370 924 Πατρὶ
1420 854 1546 917 τοὺς
1585 851 1779 906 ἑαυτοῦ

194 945 395 1016 λόγους
420 945 651 999 ἀνετίθει
683 943 855 1014 λέγων
874 961 888 976 ·
929 945 1055 999 Ἀπ’
1089 944 1349 1013 ἐμαυτοῦ
1381 942 1528 996 ποιῶ
1554 943 1733 997 οὐδέν
1763 961 1777 974 ·

195 1036 299 1090 καὶ
329 1035 489 1089 πάλιν
513 1053 527 1066 ·
579 1035 633 1088 Ὁ
666 1034 870 1103 Πατὴρ
892 1031 1093 1105 ἀγαπᾷ
1128 1033 1233 1088 τὸν
1269 1032 1424 1096 Υίὸν,
1453 1033 1550 1086 καὶ
1584 1031 1782 1086 πάντα

194 1127 516 1183 δείκνυσιν
559 1124 720 1191 αὐτῷ
758 1124 799 1179 ἁ
841 1125 1024 1192 αὐτὸς
1070 1123 1245 1180 ποιεῖ.
1295 1123 1466 1178 Καλεῖ
1517 1123 1574 1176 δὲ
1619 1123 1780 1176 αὑτὸν

197 1217 426 1290 βασιλέα
457 1216 599 1270 κατὰ
632 1216 824 1287 καιρὸν
855 1219 884 1270 ὁ
930 1215 1141 1287 Πατὴρ,
1190 1215 1265 1278 ὡς
1318 1214 1386 1268 ἂν
1444 1214 1518 1285 μὴ
1572 1213 1650 1284 τῷ
1682 1213 1781 1284 τῆς

194 1310 674 1382 ὲνανθρωπήσεως
705 1309 890 1380 μέτρῳ
917 1307 1042 1380 δόξῃ
1077 1308 1176 1378 τῆς
1203 1305 1430 1378 ἐνούσης
1458 1305 1606 1376 αὑτῷ
1637 1305 1780 1358 κατὰ

193 1404 364 1476 φύσιν
395 1402 552 1470 ἀξίας
581 1401 970 1475 ἀποφέρεσθαι.
999 1401 1222 1472 Ἔμεινε
1255 1400 1365 1472 γὰρ
1392 1400 1488 1453 καὶ
1517 1399 1656 1470 μετὰ
1678 1399 1778 1469 τὴν

190 1498 512 1568 οἰκονομίαν
530 1496 681 1550 οὐδὲν
702 1492 884 1569 ἦττον,
919 1496 984 1547 ὲκ
1008 1493 1268 1565 βασιλέως
1297 1491 1373 1544 ὣν
1411 1492 1505 1546 τοῦ
1540 1492 1774 1562 Πατρὺς,

191 1588 476 1660 βασιλεὺς,
513 1589 608 1642 καὶ
653 1587 842 1658 ὥσπερ
889 1585 1139 1657 βασιλεὺς
1174 1585 1433 1656 ὑπάρχων
1483 1584 1579 1637 καὶ
1621 1583 1775 1645 Θεὸς,
1822 1574 1827 1578 ’

188 1684 277 1746 είς
305 1679 570 1752 βασιλέως
600 1679 777 1752 ἀρχὴν
809 1679 1029 1748 λέγεται
1056 1675 1335 1749 ἔρχεσθαι,
1365 1676 1452 1730 διὰ
1484 1676 1546 1729 τὸ
1579 1692 1775 1746 σεσαρ-

187 1773 426 1828 κῶσθαι,
462 1773 619 1828 Οῦτω
655 1774 751 1828 καὶ
803 1774 946 1844 ἅπερ
1005 1767 1112 1825 οἶδε
1161 1771 1404 1842 φυσικῶς
1434 1813 1449 1837 ,
1499 1771 1574 1834 ὡς
1617 1771 1771 1834 Θεὸς,

1885 581 2029 648 beat,
2061 579 2325 634 inducens
2347 591 2470 641 nos,
2518 581 2579 628 ut
2621 572 2888 630 faciamus
2920 589 3086 644 opera
3112 576 3252 646 ejus.
3280 575 3456 648 Opera

1884 687 2015 729 vero
2051 671 2146 726 Dei
2193 671 2452 732 dicimus,
2499 667 2644 737 piam
2687 667 3184 736 conversationem,
3214 684 3337 739 qua:
3363 683 3458 739 per

1885 763 2322 835 praedicationem
2361 759 2730 831 erangelicam
2772 758 2932 814 nobis
2963 757 3312 815 manifestata
3350 771 3456 817 est.

1883 854 2135 911 Christus
2169 869 2318 919 vero,
2352 869 2476 909 cum
2506 860 2806 921 exponeret
2851 850 3054 908 Iudaeis
3102 868 3226 922 qua:
3258 852 3326 907 ad
3361 867 3454 907 sa-

1884 949 2051 1003 lutem
2093 947 2354 1012 facerent,
2404 945 2633 1001 ascribit
2676 961 2739 1000 ea
2780 943 2926 999 Patri
2964 961 3097 1009 suo,
3152 945 3454 1015 inquiens:

1885 1042 1926 1092 A
1973 1055 2053 1094 me
2102 1041 2214 1108 ipso
2245 1039 2376 1092 nihil
2433 1038 2608 1106 facio;
2665 1042 2718 1090 ct
2766 1049 2986 1090 rursum
3033 1032 3240 1088 :Pater
3272 1035 3453 1107 diligit

1884 1129 2108 1194 Filium,
2139 1139 2186 1182 et
2211 1129 2439 1184 ostendit
2475 1129 2576 1196 ipsi
2608 1127 2784 1180 omnia
2809 1143 2940 1196 qua:
2973 1125 3102 1195 facit
3118 1126 3184 1178 ⁸⁷.
3208 1126 3458 1196 Appellat

1881 1237 2011 1276 vero
2062 1222 2224 1276 etiam
2263 1219 2422 1274 Pater
2453 1217 2652 1274 Filium
2691 1231 2872 1290 regem
2921 1233 3020 1288 pro
3065 1227 3328 1288 tempore,
3387 1236 3456 1276 ne

1884 1313 2136 1368 videatur
2166 1312 2545 1367 mediocritate
2583 1309 2980 1366 incarnationis
3029 1309 3448 1380 aliquid'detra-

1881 1405 2009 1458 here
2040 1403 2332 1472 maiestati,
2381 1420 2546 1473 quam
2603 1419 2700 1474 per
2732 1415 2981 1459 naturam
3013 1403 3200 1459 habet.
3244 1401 3447 1460 Mansit

1878 1495 2024 1550 enim
2052 1498 2217 1550 etiam
2264 1507 2384 1565 post
2426 1497 2860 1551 incarnationem
2910 1495 3274 1552 nihilominus
3327 1512 3445 1562 rex,

1881 1599 2123 1644 natusex
2158 1588 2318 1644 Patre
2350 1605 2506 1660 rege:
2536 1598 2590 1645 et
2623 1590 2741 1645 licet
2785 1603 2875 1642 rex
2918 1601 3080 1661 atque
3107 1588 3277 1652 Deus.
3309 1589 3450 1645 dici-

1881 1688 1971 1734 tur
2001 1681 2065 1734 ad
2099 1683 2299 1750 regiam
2338 1681 2657 1752 dignitatem
2701 1682 2858 1736 erehi
2885 1722 2898 1742 .
2934 1691 3154 1752 propter
3197 1681 3446 1735 incarna—

1882 1771 2107 1826 tionem.
2137 1772 2420 1838 Similiter,
2450 1788 2790 1843 qumcunque
2821 1774 3144 1829 naturaliter
3187 1774 3339 1828 novit
3390 1784 3448 1826 ut

186 1867 367 1922 ταῦτα
398 1867 564 1922 πάλιν
591 1866 813 1922 ἀκούειν
841 1865 1057 1936 λέγεται
1091 1865 1181 1919 διὰ
1214 1865 1276 1919 τὸ
1308 1863 1645 1936 ἀνθρώπινον
1696 1865 1772 1916 ot-

1882 1862 2050 1925 Deus,
2083 1865 2270 1917 eadem
2307 1879 2524 1917 rursum
2560 1864 2750 1920 audite
2776 1865 2976 1920 dicitur
2999 1864 3296 1920 secundum
3343 1866 3446 1918 hu-

185 1958 522 2032 κονομικῶς.
548 1959 785 2032 Χριστὸς
812 1959 921 2030 γάρ
945 1960 1092 2012 ἐστιν
1119 1959 1148 2010 ὁ
1173 1957 1446 2028 βασιλεὺς,
1543 1955 1612 2008 τὰ
1638 1955 1776 2028 ἔργα

183 2051 420 2132 λέγεινὸ
480 2050 691 2121 Πατήρ.
750 2051 846 2103 Ὃν
891 2048 949 2102 δὲ
1003 2048 1192 2120 εἴρηκε
1238 2048 1431 2116 Λόγον,
1465 2045 1652 2099 τοῦτον
1681 2045 1775 2098 καὶ

183 2142 444 2213 γλῶσσαν
466 2139 632 2195 αὑτοῦ
660 2140 962 2194 ἀποκαλεῖ·
983 2140 1057 2204 t'o;
1079 2141 1178 2211 οὐχ
1208 2139 1395 2210 ἕτερόν
1425 2155 1480 2192 τι
1509 2136 1773 2192 λαλοῦντα

184 2236 335 2307 πλὴν
364 2236 394 2289 δ
413 2253 466 2289 τι
493 2235 552 2288 ὲν
581 2232 733 2305 αὐτῷ
753 2232 1019 2305 πατρικόν
1039 2235 1157 2288 ἐστι
1189 2231 1460 2303 βούλημα.
1485 2231 1604 2284 Καὶ
1640 2227 1771 2299 παρ’

179 2329 324 2402 ἡμῖν
359 2329 463 2402 γὰρ
493 2329 712 2399 γλῶττα
741 2325 1135 2399 διαπορθμεῦει
1170 2329 1284 2389 τοῖς
1332 2324 1437 2390 ἔξω
1486 2322 1577 2376 τὸν
1623 2322 1768 2376 νοῦν.

179 2419 470 2492 Κάλαμος
496 2420 567 2474 δὲ
607 2417 993 2491 γραμματέως
1023 2416 1367 2488 ὀξυψάερου
1406 2416 1721 2486 ὠνόμασται
1755 2453 1770 2480 ,

177 2511 279 2567 διὰ
307 2512 368 2566 sb
403 2512 584 2583 λέγειν
615 2529 670 2566 τι
697 2513 793 2565 καὶ
819 2511 1019 2574 εὐθέως
1051 2509 1326 2579 γενέσθαι,
1357 2508 1432 2572 ὡς
1459 2508 1522 2560 τό
1542 2524 1555 2538 ·
1585 2506 1768 2576 Λέγωο

178 2601 616 2673 Καθαρίσθητι,
653 2602 754 2658 καί
779 2600 999 2668 εὐθέως
1022 2600 1391 2668 ἐκαθαρίσθη
1413 2614 1426 2629 ο
1450 2599 1768 2660 Νεανίσκε,

177 2696 290 2751 σοι
344 2696 520 2767 λέγω,
580 2696 874 2766 ἐγέρθητι,
909 2694 1008 2748 καί
1044 2691 1262 2759 εὐθέως
1308 2690 1550 2762 ἠγέρθη.
1612 2688 1770 2743 Ἀλλὰ

181 2788 288 2843 καὶ
316 2787 392 2854 ὡς
421 2787 668 2859 κάλαμος
697 2787 863 2853 ὀξέως
896 2785 1163 2857 ἐγγράφει
1184 2787 1306 2849 ταῖς
1335 2784 1584 2856 καρδίαις
1615 2784 1771 2856 ἡμῶν

178 2877 530 2949 τδβούλημα
554 2877 655 2931 τοῦ
688 2876 925 2949 Πατρός.
957 2875 1212 2946 Βούλημα
1257 2875 1336 2938 δὲ,
1390 2875 1555 2945 φησιν
1584 2873 1766 2937 αὐτὸς,

177 2969 284 3024 τοῦ
323 2971 558 3044 Πατρὸς,
593 2970 719 3038 Ἵνα
747 2967 866 3024 πᾶν
901 2967 934 3022 ὃ
962 2967 1182 3021 δέδωκέ
1203 2984 1326 3038 μοι,
1356 2967 1444 3036 μὴ
1487 2965 1770 3020 ἀπολέσω

177 3061 502 3128 ἐειαὺτοῦ.
547 3063 701 3128 Ὀξὺς
728 3063 840 3117 δὲὸ
877 3061 1122 3133 κάλαμος
1144 3059 1239 3114 τοῦ
1284 3059 1516 3132 Πατρός.
1564 3060 1623 3112 '0
1672 3059 1771 3130 μὲν

181 3156 302 3229 γὰρ
331 3156 576 3220 Μωσέως
603 3155 768 3226 νόμος
786 3154 875 3208 διὰ
902 3154 1009 3208 τῶν
1032 3155 1174 3208 κατά
1201 3155 1262 3208 τὸ
1284 3154 1520 3226 γράμμα
1553 3153 1770 3208 κύκλων
1797 3187 1841 3252 c

179 3246 448 3321 ἀμυδρῶς
505 3246 692 3318 ἐδήλου
741 3247 812 3301 τὰ
853 3247 1133 3318 χρήσιμαο
1176 3247 1205 3299 ὁ
1248 3246 1306 3299 δὲ
1353 3247 1531 3310 κοινὸς
1576 3245 1767 3317 Σωτὴρ

182 3339 472 3412 συντόμως
495 3338 730 3412 ἐδήλωσε
758 3338 821 3393 τὸ
854 3337 1066 3409 θέλημα
1087 3337 1181 3391 τοῦ
1207 3338 1439 3409 Πατρός.
1473 3338 1629 3390 Ἔστι
1659 3339 1768 3411 γὰρ

178 3432 446 3503 Μεγάλης
471 3432 665 3503 βουλῆς
699 3432 944 3501 ἄγγελος.
983 3430 1096 3486 Kal
1119 3433 1327 3502 λόγον,
1359 3431 1512 3504 φησὶ,
1549 3448 1764 3486 συντε-

179 3524 490 3596 τμημένον
511 3522 752 3589 ποιήσει
781 3522 1001 3592 Κύριος
1032 3525 1102 3578 ἐν
1126 3522 1202 3595 τῇ
1226 3523 1546 3595 οἰκουμένῃ
1576 3523 1710 3595 ὅλῃ.

1878 1953 2217 2017 manitateln,
2253 1969 2388 2023 prop
2413 1970 2474 2008 er
2495 1954 2979 2024 dispensationem.
3015 1955 3272 2011 Christus
3301 1956 3446 2010 enim

1878 2055 1960 2098 est
1981 2045 2225 2107 rex-ille.
2271 2047 2358 2100 cui
2411 2061 2576 2116 opera
2628 2062 2724 2102 sua
2777 2046 2934 2104 Pater
2983 2048 3227 2118 exponit.
3277 2045 3446 2102 Porro

1876 2154 2038 2210 quem
2077 2137 2311 2194 Verbum
2353 2139 2511 2206 dixit,
2559 2140 2704 2196 hunc
2749 2142 2986 2213 linguam
3028 2157 3184 2198 suam
3231 2157 3448 2213 quoque

1876 2231 2144 2301 appellat:
2171 2247 2236 2286 co
2267 2232 2410 2301 quod
2458 2232 2594 2286 nihil
2648 2233 2793 2288 aliud
2827 2249 2997 2304 quam
3039 2231 3219 2290 Patris
3253 2234 3446 2288 volun-

1876 2331 2043 2377 tatem
2071 2323 2348 2393 loquatur.
2375 2321 2508 2378 Nam
2532 2327 2694 2380 etiam
2725 2325 2777 2379 in
2807 2325 2967 2380 nobis
2999 2325 3206 2396 lingua,
3241 2327 3445 2381 mentis

1875 2430 2036 2472 sensa
2065 2417 2188 2472 aliis
2215 2417 2372 2487 quasi
2404 2417 2759 2472 transfretare
2782 2416 2932 2473 facit.
2965 2417 3173 2473 Dicitur
3205 2433 3444 2489 quoque,

1875 2503 2113 2558 calamus
2145 2505 2332 2560 scriba:
2384 2505 2630 2561 velociter
2679 2507 2980 2572 scribentis,
3016 2508 3162 2578 quod
3205 2524 3327 2579 quae
3361 2508 3444 2562 lo-

1873 2595 2080 2665 quitur,
2115 2597 2261 2652 illico
2294 2598 2456 2653 etiam
2499 2599 2554 2653 in
2585 2597 2837 2654 cll‘eetum
2861 2599 3130 2656 deducat:
3175 2601 3434 2671 quemad-

1875 2687 2094 2742 modum
2121 2689 2289 2744 illud:
2326 2688 2607 2752 Mundare.
2631 2701 2680 2744 et
2720 2693 2902 2747 statim
2939 2691 3224 2746 mundatus
3259 2701 3335 2746 est
3374 2690 3442 2747 ’⁸.

1874 2777 2208 2847 Adolescens,
2239 2781 2358 2834 dico
2412 2781 2529 2845 tibi,
2576 2781 2766 2853 Surge,
2804 2791 2854 2836 et
2882 2783 3065 2836 statim
3102 2782 3335 2838 surrexit
3376 2781 3443 2837 ".

1873 2866 2196 2939 Quanquam
2241 2871 2406 2925 etiam
2462 2873 2514 2926 in
2555 2873 2814 2926 cordibus
2865 2872 3068 2928 nostris
3097 2880 3158 2926 ut
3199 2871 3444 2927 calamus

1873 2960 2132 3016 velociter
2162 2963 2424 3018 inseribat
2465 2964 2799 3019 voluntatem
2825 2962 3024 3018 Patris.
3061 2961 3319 3017 Voluntas
3345 2977 3443 3016 au-

1874 3059 1982 3106 tem
2017 3051 2195 3109 Patris
2231 3065 2334 3122 est,
2379 3066 2438 3110 ut
2472 3057 2700 3126 ipsemet
2741 3056 2849 3110 ait:
2889 3055 2951 3110 Ut
2984 3069 3134 3109 omne
3183 3052 3320 3124 quod
3361 3057 3447 3107 de-

1873 3144 1952 3198 dit
1971 3145 2123 3210 mihi,
2156 3146 2291 3199 nihil
2312 3148 2530 3216 perdant
2560 3161 2625 3200 ex
2645 3163 2704 3199 eo
2731 3147 2798 3200 ³ο.
2835 3143 2999 3199 Velox
3028 3159 3157 3200 vero
3185 3154 3268 3199 est
3299 3142 3446 3199 caia-

1874 3254 2000 3294 mus
2026 3238 2222 3296 Patris.
2258 3239 2367 3294 Lex
2400 3255 2636 3310 namque
2685 3239 2854 3296 Musis
2887 3255 2983 3309 per
3011 3237 3210 3294 ductus
3240 3237 3447 3292 littera-

1877 3348 1995 3387 rum
2020 3332 2344 3402 perohseurc
2375 3332 2700 3403 signiﬁcavit
2736 3346 2799 3386 ea
2853 3347 2973 3401 quae
3025 3329 3095 3384 ad
3147 3330 3440 3386 utilitatem

1877 3419 2158 3474 hominum
2192 3429 2360 3476 sunt:
2394 3419 2644 3484 Salvator
2679 3435 2806 3474 vero
2850 3419 3152 3475 communis
3183 3420 3236 3474 in
3291 3435 3442 3475 com-

1874 3513 2072 3581 pendio
2101 3512 2496 3567 demonstravit
2528 3513 2687 3566 nobis
2725 3512 3063 3568 voluntatem
3104 3509 3300 3566 Patris.
3349 3508 3446 3564 Est

1873 3600 2016 3654 enim
2042 3601 2225 3670 magni
2263 3601 2477 3658 consilii
2517 3602 2767 3674 angelos.
2827 3599 2896 3655 Et
2940 3601 3191 3666 verbum,
3232 3600 3444 3670 inquit,

1873 3695 2231 3749 abbreviatum
2265 3693 2426 3764 faciet
2456 3694 2712 3748 Dominus
2735 3695 2788 3747 in
2820 3695 3064 3748 universo
3103 3692 3226 3746 orbe
3248 3691 3313 3745 ⁸¹.

183 3869 261 3926 Et
295 3871 348 3924 in
376 3869 608 3940 ejusdem
634 3869 963 3938 psalmiluec
988 3871 1144 3927 verba
1173 3885 1194 3928 :
1229 3890 1248 3925 ι
1285 3871 1449 3939 Audi,
1479 3871 1619 3942 ﬁlia,
1647 3880 1710 3942 et
1734 3871 1866 3942 vide,
1910 3890 1929 3922 ι
1959 3879 2395 3942 elc.,_postquam
2430 3869 2623 3925 Basilii
2656 3878 2705 3942 et
2733 3869 3102 3942 βίαι-νεοδιοωὶ
3137 3869 3444 3924 explicatio-

729 3957 866 4009 nem,
895 3943 986 4012 qui
1021 3951 1188 3997 totum
1215 3943 1352 3998 hunc
1390 3940 1563 3998 locum
1591 3945 1654 3997 de
1686 3941 1925 3996 Ecclesia
1955 3940 2280 4011 intelligunt,
2311 3941 2589 4010 pramtisit.
2621 3940 2831 4009 subjicit
2859 3956 2879 3995 :

282 4101 375 4170 77)
416 4100 730 4166 Ἀθανάσιος
761 4100 817 4156 δὲ
845 4103 874 4155 ὁ
912 4105 1054 4157 πάνυ
1099 4104 1190 4156 καὶ
1227 4105 1293 4174 τῇ
1341 4103 1473 4175 ἁγίᾳ
1517 4103 1764 4175 Θεοτόκῳ

177 4194 471 4267 ἀνατίθησι
499 4194 593 4249 τόο
627 4197 950 4260 Ἄκουσον,
1003 4198 1276 4266 θύγατερ,
1317 4197 1412 4251 καὶ
1438 4196 1500 4250 τό
1523 4214 1536 4228 ·
1571 4198 1762 4262 Αὐτός

177 4285 316 4342 ἐστι
338 4285 552 4354 Κύριός
579 4283 935 4356 comma-1:39
961 4283 1144 4355 ὅμοιόν
1173 4285 1288 4337 ἔστι
1321 4284 1402 4338 τό.
1432 4283 1628 4354 Xar'pe,
1660 4300 1758 4338 κε-

178 4375 575 4448 χαριτωμένη,
594 4378 628 4429 ό
651 4376 864 4444 Κύριος
876 4375 1028 4444 μετὰ
1055 4375 1192 4431 σοῦ.
1219 4374 1472 4448 Είρηκὼς
1497 4376 1627 4448 γὰρ,
1648 4391 1754 4446 φη-

1944 4101 2276 4156 Athanasius
2309 4115 2437 4156 vero
2467 4101 2557 4154 illa
2587 4115 2837 4172 magnus,
2866 4116 2932 4157 aa
2956 4111 3200 4157 sanctam
3225 4118 3444 4176 quoque

1871 4192 2155 4263 Deiparam
2179 4191 2362 4257 refert,
2391 4191 2532 4262 quod
2555 4191 2776 4256 dicitur,
2803 4191 2966 4258 Audi,
2991 4192 3107 4262 [ilia
3131 4209 3149 4248 :
3177 4204 3231 4250 et
3253 4194 3397 4252 istud
3421 4213 3439 4249 ι

1869 4283 1990 4353 Ipse
2021 4285 2155 4338 enim
2191 4282 2450 4337 Dominus
2485 4293 2628 4337 tuus.
2659 4282 2758 4336 Cui
2787 4283 2964 4338 simile
2992 4293 3075 4339 est
3107 4284 3238 4340 illud
3271 4304 3285 4340 :
3314 4286 3440 4354 Au,

1865 4376 2039 4447 gratia
2054 4375 2230 4445 plena,
2255 4374 2508 4429 Dominus
2527 4384 2696 4428 tecum
2715 4374 2807 4430 “‘.
2832 4372 2968 4430 Nam
2990 4386 3278 4446 postquam
3305 4377 3442 4433 dixit

181 4470 292 4532 σιν,
311 4470 341 4522 ό
354 4465 516 4522 Δαυῒδ
533 4466 767 4539 Χριστὸν
779 4467 867 4521 τὸν
883 4468 1056 4537 Λόγον
1072 4467 1166 4522 τοῦ
1188 4467 1346 4532 Θεοῦ,
1366 4467 1529 4533 εὐθὺς
1552 4468 1644 4521 καὶ
1659 4468 1757 4540 τὴν

1876 4467 2053 4534 David,
2079 4467 2358 4523 Christum
2388 4481 2512 4522 esse
2538 4463 2778 4522 Verbum
2809 4465 2933 4535 Dei,
2969 4467 3115 4524 illico
3143 4468 3438 4526 humanam

177 4556 533 4631 ἀνθρωπίνην
565 4556 819 4628 γέννησιν
849 4555 1142 4628 δεδήλωκε,
1198 4556 1298 4630 τὴν
1352 4558 1418 4610 ὲκ
1465 4555 1757 4628 παρθένου.

174 4653 293 4708 Καὶ
319 4651 349 4704 ὁ
384 4649 485 4721 μὲν
517 4648 759 4722 Γαϐριὴλ
814 4648 1262 4722 κεχαριτωμένην
1311 4647 1498 4712 ἁπλῶς
1555 4647 1711 4702 καλεῖ
1741 4691 1756 4714 ,

1863 4574 2083 4631 quoque
2135 4559 2256 4630 ejus
2284 4575 2350 4615 ex
2394 4557 2606 4628 virgine
2652 4558 2987 4614 nativitatem
3034 4561 3303 4632 exposuit.
3376 4561 3442 4618 Et

1863 4650 2081 4706 Gabriel
2113 4651 2332 4722 quidem
2373 4650 2698 4721 simpliciter
2723 4651 2897 4722 gratia
2935 4651 3153 4725 plenam
3185 4655 3438 4725 appellat,

175 4745 331 4812 ξένος
361 4741 440 4795 ὣν
471 4740 643 4812 αὐτῆς
689 4742 832 4796 κατὰ
863 4741 960 4813 τὴν
1009 4743 1263 4814 γέννησιν
1286 4758 1302 4775 ο
1345 4743 1373 4796 ὁ
1403 4743 1460 4797 δὲ
1491 4743 1653 4797 Δαυῒδ
1694 4745 1762 4799 ὲκ

1876 4759 1927 4800 :o
1969 4743 2116 4814 quod
2163 4744 2376 4799 alienus
2426 4743 2496 4798 ab
2529 4757 2595 4798 ea
2628 4752 2776 4800 esset
2807 4746 2987 4816 quoad
3035 4742 3438 4816 g’enuszbavid

175 4833 273 4889 τοῦ
305 4830 619 4903 σπέρματος
647 4829 813 4886 αὐτοῦ
842 4832 1218 4903 τυγχάνουσαν
1263 4831 1537 4904 θυγατέρα
1590 4851 1760 4905 προσ-

175 4927 367 4998 φωνεῖ.

1859 4853 1994 4892 vero
2029 4837 2195 4893 ﬁliam
2236 4837 2409 4901 dicit,
2467 4835 2613 4906 quod
2656 4851 2779 4892 eam
2821 4854 2890 4894 ex
2930 4839 3140 4896 semine
3167 4855 3270 4896 suo
3317 4853 3440 4896 esse

1860 4930 2042 4985 sciret.

1319 5084 1384 5136 At
1419 5083 1471 5136 in
1503 5085 1894 5156 inscriptionem
1920 5088 2116 5157 psalmi
2150 5106 2293 5146 ιςιιί.

243 5244 359 5317 (78)
409 5244 763 5314 Ἀθανὰσιος”
786 5247 884 5302 καί
927 5244 1249 5314 Κύριλλος.
1279 5246 1484 5319 Κλῆσιν
1516 5246 1684 5300 ἐθνῶν
1724 5249 1753 5301 ὁ

1930 5251 2253 5307 Athanasius
2277 5260 2324 5306 et
2352 5252 2604 5323 Cyrillus.
2653 5250 3045 5326 Prmsigniﬁcat
3078 5253 3167 5311 hic
3194 5254 3440 5325 psalmus

175 5337 390 5407 ψαλμδς
425 5337 701 5410 σημαίνει,
731 5336 989 5410 ᾁδόμενος
1015 5339 1080 5392 ὲκ
1115 5337 1410 5410 προσώπου
1445 5337 1552 5391 τῶν
1583 5338 1753 5407 ἁγίων

1876 5345 2200 5399 rocationem
2245 5345 2524 5416 gentium,
2573 5360 2698 5402 cum
2741 5360 2806 5402 ex
2839 5361 3072 5416 persona
3123 5356 3436 5402 sanctorum

176 5429 491 5486 ἀποστόλων
539 5430 948 5504 παραινούντων
996 5435 1110 5496 τοῖς
1158 5430 1367 5484 ἔθνεσιν
1417 5431 1751 5503 ἁνασκιρτᾷν

1876 5439 2227 5507 ipostolorum
2260 5447 2490 5493 canatur
2515 5481 2531 5506 ,
2581 5439 2672 5508 qui
2709 5449 2895 5510 gentes
2923 5439 3281 5495 cohortantur
3303 5475 3317 5501 ,
3379 5450 3435 5493 ιιι

252 5591 300 5623 ⁸⁷
327 5588 487 5645 Joan.
520 5606 573 5658 ν,
597 5590 688 5648 20.
770 5593 815 5624 ’⁸
846 5589 1035 5647 Matth.
1113 5608 1232 5659 vm,
1270 5593 1323 5647 3.
1412 5593 1456 5626 ”
1496 5593 1628 5650 Luc.
1661 5611 1757 5661 vn,

1961 5599 2004 5630 “
2037 5597 2194 5654 Joan.
2228 5614 2302 5662 γι,
2333 5599 2420 5653 59.
2493 5598 2534 5629 ³¹
2569 5599 2669 5654 lsa.
2710 5615 2788 5665 st,
2810 5599 2901 5654 25.

245 5744 359 5815 (77)
394 5744 526 5817 llaec,
548 5745 930 5817 diversasunt
959 5746 1027 5800 ab
1067 5748 1403 5816 expositione
1437 5748 1600 5817 hujus
1631 5766 1751 5804 ver-

176 5833 270 5873 sus
302 5835 314 5872 :
353 5816 441 5871 uhi
479 5815 531 5872 id
564 5816 629 5873 de
665 5814 903 5873 Ecclesia
939 5814 1167 5888 explicat
1203 5814 1534 5876 Athanasius
1561 5835 1745 5891 supra.

3005 5601 3072 5633 ³ι·
3098 5597 3233 5656 Luc.
3271 5615 3310 5668 ι,
3340 5597 3432 5653 28.

1933 5755 2042 5827 (78)
2070 5753 2202 5811 Vide
2230 5765 2609 5826 argumentum
2641 5755 2831 5826 psalmi
2867 5772 3008 5811 ιιιί.
