4058 6464
641 388 741 441 567

1493 385 1550 439 S.
1590 386 1958 440 ATHANASII
2001 386 2149 442 OPP.
2187 387 2365 443 PARS
2398 390 2488 444 III.
2529 417 2599 429 -—
2639 387 3051 445 EXEGETICA.

3790 393 3896 448 568

634 520 728 573 per
752 505 994 558 actiones
1030 501 1196 556 bonas
1227 515 1288 556 ac
1316 502 1602 570 prazclaras
1628 503 1899 556 exsultent
1922 519 1984 556 ac
2021 503 2214 556 trium-
2243 543 2252 564 ε

2315 503 2401 556 διὰ
2448 504 2696 574 πράξεων
2746 504 2966 573 ἀγαθῶν
3018 505 3110 558 ἐπὶ
3143 508 3207 576 τῇ
3242 503 3506 576 γενομένῃ
3563 505 3690 578 νίκῃ
3750 507 3896 560 κατὰ

637 595 804 664 phent
833 595 899 647 de
932 602 1086 662 parta
1119 593 1346 647 victoria
1393 594 1458 648 de
1491 595 1828 648 daemonibus
1860 595 2211 663 perniciosis-

635 685 814 741 simis.
872 685 1172 754 lnscriptus
1223 700 1385 754 porro
1432 695 1537 746 est,
1573 685 1679 737 Pro
1714 685 1844 754 filiis
1884 684 2015 739 Core
2050 702 2068 738 .’
2104 700 2212 738 non

636 779 782 846 quod
813 779 1054 848 ipsorum
1090 793 1254 831 causa
1289 778 1589 845 composita
1624 778 1736 834 haec
1772 777 1873 830 oda
1898 818 1912 838 ,
1949 777 2043 830 sed
2067 775 2212 845 quod

634 886 730 940 per
768 872 913 941 ipsos
946 870 1329 941 prmcincrctur
1354 911 1369 935 ,
1409 879 1592 938 utpote
1659 871 1723 923 ad
1763 870 1950 924 laudes
1984 868 2093 922 Deo
2127 867 2210 920 of-

637 961 889 1016 ferendas
921 964 1268 1016 constitutos.
1323 961 1587 1014 Dicuntur
1616 973 1794 1015 autem
1833 962 1969 1022 ista,
2012 963 2206 1029 ntjum

638 1054 1015 1122 praemissum,
1066 1053 1118 1105 in
1167 1068 1399 1121 persona
1455 1061 1764 1106 sanctorum
1818 1052 2208 1120 apostolorum,

638 1152 823 1214 utpote
865 1145 957 1216 qui
1002 1147 1142 1215 jussi
1172 1155 1328 1198 erant
1357 1146 1552 1199 docere
1581 1160 1772 1197 omnes
1805 1153 2011 1213 gentes.
2073 1143 2210 1209 Quia

635 1253 763 1292 vero
808 1239 938 1293 fides
991 1239 1351 1307 plurimorum
1402 1248 1454 1290 et
1524 1237 1885 1290 maximorum
1942 1237 2209 1289 bonorum

638 1331 978 1385 conciliatrix
1014 1332 1263 1399 gentibus
1297 1330 1469 1385 fuerat
1502 1349 1513 1383 :
1549 1347 1643 1400 per
1685 1331 1823 1384 hanc
1855 1331 2001 1384 enim
2035 1330 2210 1383 vocati

634 1429 788 1473 erant
821 1421 872 1472 in
906 1419 1246 1489 adoptionem
1287 1419 1415 1485 Dei,
1457 1434 1519 1473 ac
1547 1421 2014 1489 participationem
2048 1419 2215 1489 Spiri-

634 1522 721 1564 tus
761 1511 973 1574 sancti,
1023 1513 1219 1566 divina:
1270 1527 1488 1581 quoque
1524 1521 1730 1566 natura:
1765 1515 2208 1567 communionem

635 1603 849 1667 sortiti,
889 1619 951 1658 ac
984 1604 1223 1672 opulenti
1259 1603 1448 1657 redditi
1487 1605 1674 1671 gratiis
1705 1604 2015 1658 cmlestibus
2039 1646 2053 1667 ,
2084 1619 2212 1672 par-

635 1698 826 1764 ticipes
856 1697 1086 1766 denique
1119 1697 1242 1751 facti
1278 1706 1433 1752 erant
1466 1697 1579 1766 spei
1614 1705 1964 1760 sanctorum,
2009 1696 2213 1750 idcirco

634 1788 806 1856 igitur
834 1802 886 1843 ct
918 1791 1137 1859 quidem
1167 1807 1274 1845 non
1309 1792 1513 1859 absque
1537 1791 1746 1844 ratione
1769 1831 1782 1857 ,
1815 1791 2077 1860 jubentur
2109 1805 2209 1859 pu-

633 1883 803 1938 blicas
833 1881 1152 1939 festivitates
1183 1898 1453 1952 peragere.

2237 1851 2287 1910 B

2314 594 2422 646 τῶν
2477 597 2768 668 ἀλιτηρίων
2811 597 3103 667 δαιμόνων.
3162 598 3594 668 Ἐπιγέγραπται
3627 596 3682 649 δὲ
3724 596 3896 666 Ὑπὲρ

2316 687 2433 740 τῶν
2470 688 2614 741 υἱῶν
2649 690 2819 756 Κορέ’
2849 691 2947 759 οὑχ
2974 689 3049 752 ὼς
3079 691 3216 759 ὑπὲρ
3239 690 3460 742 ἐκείνων
3493 691 3708 752 πάντως
3735 706 3897 757 γεγε-

2315 779 2553 850 νημένης
2583 781 2677 851 τῆς
2704 781 2867 851 ᾠδῆς,
2903 781 3016 835 ἀλλ’
3043 781 3118 844 ὡς
3155 782 3220 834 δι’
3267 781 3445 833 αὐτῶν
3475 781 3771 851 ὑπηρετεῖν
3807 799 3896 834 τε-

2314 872 2601 941 ταγμένων
2630 875 2969 943 τῇ·ἁναφορᾷ
2998 875 3094 944 τῆς
3116 873 3281 943 ᾠδῆς.
3329 873 3484 925 Ἐστι
3511 873 3589 933 δὲ,
3617 873 3691 936 ὡς
3737 875 3895 946 εἴρη-

2313 982 2434 1027 ται,
2461 964 2570 1017 τῶν
2602 965 2770 1032 ἁγίων
2801 965 3112 1017 ἀποστόλων
3157 965 3216 1017 τὸ
3266 965 3576 1036 πρόσωπον,
3616 963 3691 1027 ὡς
3731 983 3894 1018 κεκε-

2313 1053 2623 1123 λευσμένων
2656 1053 2834 1106 πάντα
2892 1053 3229 1124 μαθητεῦσαι
3269 1054 3338 1106 τὰ
3374 1053 3521 1124 ἔθνη.
3565 1055 3784 1124 Ἐπειδὴ
3837 1054 3895 1108 δὲ

2314 1145 2581 1200 πλείστων
2615 1146 2753 1198 ὅσων
2787 1146 2968 1208 αὐτοῖς
2993 1146 3084 1198 καὶ
3112 1145 3360 1214 μεγάλων
3395 1145 3616 1213 ἀγαθῶν
3642 1147 3894 1217 προμνή-

2315 1255 2473 1308 στρια
2507 1239 2729 1306 γέγονεν
2761 1239 2792 1307 ἡ
2827 1237 3341 1307 πίστις’κέκληνται
3371 1237 3480 1308 γάρ
3513 1238 3577 1290 δι’
3608 1239 3779 1307 αὑτῆς
3812 1239 3894 1300 εἰς

2315 1329 2585 1382 υἱοθεσίαν
2639 1329 2808 1395 Θεοῦ,
2856 1332 2935 1393 εἰς
2977 1329 3191 1399 μέθεξίν
3229 1347 3289 1381 τε
3343 1330 3498 1397 ἁγίου
3548 1330 3894 1399 Πνεύματος,

2314 1423 2462 1486 Θείας
2491 1441 2550 1475 τε
2577 1423 2789 1491 φύσεως
2816 1423 3070 1491 γεγόνασι
3106 1424 3371 1487 κοινωνοὶ,
3411 1423 3481 1475 τά
3513 1441 3572 1475 τε
3625 1423 3685 1486 ἐξ
3736 1423 3892 1493 ούρα-

2313 1516 2403 1568 νοῦ
2443 1516 2756 1586 χαρίσματα
2805 1514 3235 1584 πεπλουτήκασι,
3270 1515 3363 1567 καὶ⁹
3415 1513 3519 1584 τῆς
3566 1513 3673 1566 τῶν
3721 1514 3892 1581 ἁγίων

2314 1607 2522 1670 ἐλπίδος
2558 1608 2891 1678 συμμέτοχοι
2919 1606 3324 1677 καθεστήκασι·
3356 1606 3528 1677 ταύτῃ
3558 1623 3637 1658 τοι
3661 1607 3757 1660 καὶ
3791 1605 3893 1675 μάο

2313 1700 2377 1752 λα
2404 1700 2628 1764 εἰκότως
2653 1700 3040 1773 πανηγυρίζειν
3072 1702 3253 1763 αὐτοῖς
3276 1699 3678 1754 ἐπιτάττουσιν.

1187 2037 1248 2091 Et
1280 2040 1328 2090 in
1362 2039 1591 2108 ejusdem
1625 2041 1816 2108 psalmi
1843 2041 1994 2094 verba
2023 2039 2167 2092 ista:
2199 2058 2216 2089 ι
2254 2036 2484 2108 Subjecit
2512 2040 2728 2108 populos
2755 2038 2902 2093 nobis
2926 2079 2940 2105 ,
2971 2057 2990 2090 ι
3039 2046 3162 2102 etc.,
3198 2054 3244 2121 v.
3281 2036 3314 2089 4

706 2195 869 2250 Divus
905 2212 1030 2250 vero
1063 2196 1427 2256 Athanasius,
1460 2210 1554 2263 per
1579 2195 1808 2263 populos
1838 2204 1890 2249 et
1920 2204 2103 2265 gentes
2127 2194 2208 2246 in-

636 2289 830 2357 telligit
864 2286 1144 2351 Satanam,
1174 2298 1226 2342 et
1251 2305 1370 2358 qua:
1397 2303 1519 2341 eum
1561 2303 1626 2341 eo
1664 2298 1789 2343 sunt
1819 2289 2083 2357 malignas
2116 2303 2210 2355 po-

637 2388 876 2432 testates.
911 2377 983 2432 De
1013 2380 1210 2448 quibus
1239 2379 1372 2432 dixit
1403 2377 1651 2433 Salvator
1680 2398 1691 2432 :
1723 2379 1852 2432 Ecce
1900 2381 2020 2431 dedi
2068 2379 2209 2431 vobis

630 2478 941 2535 potestatem
976 2469 1247 2521 incedendi
1282 2486 1433 2536 super
1474 2470 1795 2537 serpentibus
1824 2477 1872 2522 et
1921 2469 2212 2534 scorpioni-

639 2559 733 2610 bus
755 2560 863 2612 "".
901 2558 1212 2612 Dwtnonum
1249 2575 1481 2627 namque
1506 2572 1692 2628 gentes
1719 2560 1943 2629 subjecit
1982 2560 2208 2628 pedibus

637 2651 1026 2718 apostolorum.

2387 2194 2495 2263 (79)
2537 2196 2594 2247 Ὁ
2621 2194 2677 2247 δέ
2712 2194 2852 2258 θεῖος
2887 2193 3203 2256 Ἀθανέισιος
3228 2193 3389 2256 λαοὺς
3417 2193 3509 2246 καὶ
3544 2192 3670 2264 ἔθνη
3701 2194 3795 2247 τόν
3833 2211 3893 2247 τε

2316 2285 2554 2337 Σατανᾶν
2585 2287 2677 2338 καὶ
2715 2285 2812 2348 τὰς
2862 2286 2957 2339 σὺν
2991 2285 3138 2355 αὑτῷ
3182 2285 3424 2357 πονηρὰς
3452 2286 3712 2356 δυνάμεις
3755 2280 3894 2340 εἷναί

2317 2395 2447 2446 φησι
2472 2394 2480 2405 '
2516 2378 2641 2448 περὶ
2668 2371 2743 2430 ὧν
2770 2377 2954 2445 ἔλεγεν
2977 2380 3004 2429 ὁ
3031 2379 3221 2449 Σωτήρ
3246 2395 3259 2407 ·
3311 2379 3456 2432 Ἰδοὺ
3495 2378 3729 2432 δέδωκα
3750 2379 3890 2447 ὑμῖν

2317 2468 2527 2520 πατεῖν
2552 2470 2751 2522 ἐπάνω
2778 2469 2973 2536 ὄφεων
3002 2471 3097 2523 καὶ
3147 2471 3474 2538 σκορπίων.
3507 2470 3589 2523 Τὰ
3623 2471 3734 2541 γὰρ
3767 2471 3892 2527 ἔθνη

2315 2560 2421 2612 τῶν
2447 2561 2715 2614 δαιμόνων
2738 2561 2971 2626 ὑπέταξε
3004 2562 3114 2624 τοῖς
3147 2562 3252 2616 τῶν
3283 2563 3594 2616 ἀποστόλων
3639 2563 3818 2614 ποσίν.

1845 2741 1970 2795 Item
2003 2744 2054 2794 in
2085 2741 2332 2811 prooemio
2359 2740 2492 2809 psal.
2526 2755 2692 2795 xcvn.

709 2903 1050 2955 Athanasius.
1089 2901 1314 2954 Cauitur
1340 2899 1501 2968 igitur
1533 2910 1586 2953 et
1614 2899 1702 2952 hic
1729 2898 1969 2966 psalmus
1999 2912 2059 2950 ex
2096 2912 2210 2965 per-
2240 2899 2282 2961 C

636 3011 767 3049 sona
821 3004 1134 3049 sanctorum
1184 2993 1554 3060 apostolorum
1584 3031 1596 3054 ,
1653 2990 2022 3044 enarrantium
2069 3005 2205 3058 quas

635 3086 782 3155 passi
815 3093 940 3139 sunt
968 3085 1378 3153 persecutiones
1407 3091 1624 3151 propter
1655 3081 2119 3150 praedicationem,
2156 3091 2209 3136 ct

634 3177 892 3231 victorias
940 3192 1076 3246 quas
1114 3177 1166 3229 in
1221 3174 1692 3244 persccutiouibus
1740 3175 2058 3227 retulerunt.
2124 3171 2209 3227 ln-

635 3271 894 3324 scribitur
927 3279 1103 3323 autem
1157 3267 1431 3323 Canticum
1465 3268 1690 3335 psalmi,
1738 3281 1802 3320 eo
1840 3269 1982 3335 quod
2030 3266 2209 3320 ethica

636 3364 975 3432 philosophia
1016 3377 1138 3417 cum
1178 3360 1471 3414 theoretica
1502 3359 1555 3411 in
1580 3373 1644 3412 eo
1668 3360 1957 3428 conjuncta
1987 3361 2075 3420 sit.

2387 2896 2498 2966 (80)
2532 2897 2902 2965 Ἀθανάσιος.
2927 2899 3142 2951 Ἀδεται
3163 2897 3345 2969 μέντοι
3363 2899 3453 2952 καὶ
3465 2893 3621 2962 οὗτος
3639 2901 3667 2952 ὁ
3683 2897 3896 2969 ψαλμδς

2313 2991 2377 3043 ἐκ
2429 2990 2722 3064 προσώπου
2772 2992 2880 3044 τῶν
2927 2991 3093 3057 ἁγίων
3135 2991 3467 3057 ἀποστόλων,
3519 2991 3898 3062 διηγουμένων

2314 3083 2439 3144 τοὺς
2474 3083 2565 3136 διὰ
2591 3083 2652 3135 τὸ
2685 3084 2944 3154 κήρυγμα
2982 3081 3273 3150 διωγμοὺς,
3310 3081 3403 3136 καὶ
3440 3083 3540 3145 τὰς
3581 3084 3740 3146 νίκας
3794 3081 3897 3146 τὰς

2317 3174 2407 3226 ἐπὶ
2437 3173 2644 3236 τούτοις
2672 3173 2986 3243 γενομένας.
3031 3169 3168 3240 ’ῼδὴ
3219 3173 3274 3224 δὲ
3312 3172 3557 3241 ψαλμοῦ
3590 3174 3896 3246 ἐπιγέγρα-

2318 3283 2470 3329 πται,
2510 3265 2584 3328 ὡς
2613 3266 2709 3335 τῆς
2742 3264 2936 3336 ἠθικῆς
2970 3263 3287 3334 φιλοσοφίας
3329 3265 3465 3336 πρὸς
3499 3264 3596 3335 τὴν
3625 3265 3896 3336 θεωρητι-

2323 3356 2422 3425 κὴν
2455 3355 2881 3426 συνδραμούσης.

1130 3518 1197 3572 Ει
1227 3521 1280 3573 in
1314 3522 1466 3574 verba
1499 3518 1610 3586 ejus
1638 3535 1655 3572 :
1689 3538 1707 3570 ι
1741 3517 2002 3583 Quoniam
2032 3532 2144 3570 ecce
2175 3532 2314 3585 reges
2348 3523 2501 3570 terra:
2532 3513 2832 3586 congregati
2861 3520 3007 3577 sunt,
3037 3532 3055 3564 ι
3090 3522 3186 3568 etc.
3208 3555 3223 3582 ,
3253 3531 3302 3569 υ.
3339 3511 3391 3568 5.

710 3680 777 3734 At
806 3680 1102 3733 secundum
1137 3693 1393 3748 magnum
1441 3679 1795 3732 Athanasium
1825 3719 1839 3742 ,
1873 3678 2209 3745 signiﬁcatur

636 3774 722 3827 hic
757 3772 982 3834 bellum,
1014 3772 1156 3839 quod
1188 3773 1256 3824 ob
1293 3771 1731 3840 praedicationem
1770 3778 1956 3822 contra
1991 3779 2208 3836 aposto-

636 3866 717 3918 los
750 3872 961 3932 gestum
999 3871 1082 3916 est
1107 3901 1122 3924 ,
1154 3871 1264 3915 tam
1303 3877 1332 3915 a
1363 3861 1668 3915 visibilibus
1703 3860 1941 3931 gentium
1968 3860 2206 3929 regibus,

636 3970 801 4026 quam
832 3955 899 4007 ab
932 3954 1298 4007 invisibilibus
1346 3953 1718 4017 daemonibus,
1754 3954 1845 4021 qui
1872 3953 1997 4006 olim
2027 3953 2206 4006 domi-

635 4047 926 4101 nabantur.
956 4046 1058 4111 Qui
1083 4057 1135 4100 et
1161 4047 1468 4100 conturbati
1494 4057 1619 4099 sunt
1642 4061 1703 4100 ac
1728 4055 1903 4098 mente
1927 4047 2203 4110 commoti,

638 4138 728 4191 ubi
759 4138 1011 4192 viderunt
1044 4137 1212 4192 Deum
1261 4139 1462 4192 sanctis
1509 4139 1623 4191 suis
1658 4137 1928 4190 auxiliari.
1993 4136 2207 4205 Insigne

637 4230 779 4284 enim
817 4230 982 4283 robur
1014 4230 1282 4284 servantis
1311 4245 1436 4294 eos,
1477 4229 1889 4282 admirationem
1937 4238 1989 4282 et
2022 4238 2204 4297 stupo-

636 4335 748 4373 rem
782 4321 981 4374 attulit.
1044 4319 1243 4373 Deinde
1277 4319 1436 4373 etiam
1468 4318 1772 4373 conturbati
1809 4326 1936 4371 sunt
1961 4358 1974 4381 ,
2026 4327 2084 4371 ut
2115 4318 2206 4385 qui

2390 3675 2498 3746 (8|)
2531 3675 2687 3728 Κατὰ
2713 3676 2767 3728 δὲ
2800 3677 2889 3730 τὸν
2921 3676 3091 3746 μέγαν
3138 3673 3472 3739 Ἀθανάσιον,
3527 3677 3556 3729 ὁ
3591 3677 3736 3730 κατὰ
3782 3681 3897 3732 τῶν

2315 3769 2629 3821 ἀποστόλων
2656 3768 2741 3821 διὰ
2771 3769 2830 3821 τὸ
2857 3770 3121 3838 κήρυγμα
3139 3769 3425 3836 γενόμενος
3455 3768 3692 3839 πόλεμος
3709 3771 3816 3823 ὑπο
3835 3788 3894 3823 τε

2315 3857 2424 3909 τῶν
2450 3857 2721 3928 αἰσθητῶν
2747 3857 3008 3926 βασιλέων
3029 3857 3134 3909 τῶν
3155 3857 3342 3920 ἐθνῶν,
3379 3857 3472 3909 καὶ
3509 3857 3616 3927 μὴν
3648 3859 3743 3911 καὶ
3781 3861 3898 3913 τῶν

2315 3948 2560 4019 ἀοράτων
2589 3948 2856 4017 δαιμόνων
2881 3948 2988 4000 τῶν
3023 3948 3186 4000 πάλαι
3207 3947 3619 4017 βασιλευόντων,
3654 3951 3896 4006 ἐνταῦθα

2317 4038 2657 4109 σημαίνεται.
2688 4037 2747 4090 Οἳ
2772 4039 2864 4092 καὶ⁵
2896 4038 3311 4106 κατεπλάγησαν
3339 4038 3430 4090 καὶ
3455 4037 3770 4109 ἐξέστησαν,
3790 4042 3896 4111 τὴν

2317 4131 2616 4202 γενομένην
2648 4132 2894 4201 βοήθειαν
2925 4134 3072 4201 παρὰ
3103 4129 3195 4182 τοῦ
3223 4129 3357 4181 Θεοῦ
3390 4133 3501 4192 τοῖς
3534 4132 3710 4198 ἁγίοις
3754 4130 3894 4185 θεω-

2315 4225 2552 4295 ροῦντες.
2601 4225 2665 4276 Ἦ
2694 4224 2802 4295 γὰρ
2830 4222 3098 4293 ὑπερϐολὴ
3123 4223 3221 4292 τῆς
3264 4222 3444 4291 ἰσχύος
3482 4223 3574 4277 τοῦ
3620 4224 3894 4291 σώζοντος

2309 4318 2369 4369 τὸ
2402 4317 2588 4385 θαῦμα
2620 4318 2799 4381 αὐτοῖς
2822 4317 2912 4368 καὶ
2932 4315 3031 4383 τὴν
3049 4315 3386 4384 κατάπληξιν
3415 4313 3719 4385 εἴργασται.
3749 4316 3894 4371 Εἶτα.

639 4413 836 4464 bellum
867 4410 982 4465 Deo
1006 4410 1348 4474 intulissent,
1398 4425 1463 4465 ac
1497 4410 1548 4464 in
1581 4410 1812 4463 summis
1858 4408 2008 4463 fuere
2055 4410 2207 4462 dolo-
2242 4407 2252 4460 1

2313 4409 2708 4479 ἐταράχθησαν,
2733 4409 2806 4470 ὡς
2836 4408 2900 4460 ἂν
2923 4406 3057 4459 Θεοῦ
3087 4409 3458 4470 καταστάντες
3495 4407 3761 4478 πολέμιοι,
3793 4411 3892 4464 καὶ

634 4504 810 4556 ribus.
847 4502 996 4568 Quod
1037 4517 1162 4556 vero
1197 4502 1452 4570 deinceps
1477 4501 1794 4570 subjicitur,
1829 4502 1968 4556 scias
1992 4541 2004 4562 ,
2039 4518 2203 4556 naves

634 4592 860 4649 Tharsis
886 4595 993 4648 dici
1019 4609 1140 4661 quae
1169 4593 1411 4662 ingentes
1437 4593 1656 4646 divitias
1694 4591 1969 4646 Salomoni
2010 4592 2203 4646 affere-

631 4687 759 4740 bant
783 4727 795 4748 ,
835 4685 1288 4754 quemadmodum
1320 4685 1373 4737 in
1403 4684 1629 4738 historia
1663 4683 1972 4752 Regnorum
2006 4699 2203 4752 cogno-

631 4775 836 4828 vimus.
889 4774 1067 4841 Quare
1094 4777 1254 4830 etiam
1299 4775 1387 4828 hic
1418 4790 1512 4844 per
1543 4775 1807 4829 contritas
1838 4789 2001 4829 naves
2032 4774 2203 4827 Thar-

631 4869 708 4922 sis
732 4908 744 4929 ,
781 4869 1101 4937 signiﬁcavit
1128 4869 1633 4924 exterminationem
1663 4883 1826 4937 epum
1853 4877 1906 4922 et
1951 4869 2200 4937 potentiae

633 4976 818 5031 regum
852 4961 1252 5029 praedictorum.
1300 4959 1556 5029 Spiritum
1593 4975 1723 5014 vero
1766 4961 2058 5014 violentum
2105 4977 2198 5015 su-

635 5067 745 5105 mes
777 5067 874 5121 pro
899 5053 1153 5121 potentiis
1181 5053 1656 5118 intellectualibus,
1687 5068 1779 5122 per
1810 5068 1947 5121 quas
1981 5061 2198 5122 aposto-

635 5147 805 5198 lorum
843 5145 1027 5199 hostes
1053 5145 1352 5199 debellavit.

2309 4495 2450 4568 ἧσαν
2478 4498 2552 4560 ὡς
2586 4500 2641 4549 ἐν
2671 4498 2844 4550 ὠδῖσι.
2892 4497 2963 4548 Τό
3009 4514 3069 4564 γε
3114 4498 3219 4568 μὴν
3264 4497 3390 4568 ἑξῆς
3425 4499 3711 4569 εἰρημένον
3759 4501 3894 4554 ἐπι-

2312 4593 2513 4660 στήσας
2543 4592 2773 4660 νοήσεις,
2807 4589 2881 4652 ὠς
2908 4589 3032 4658 νῆες
3075 4588 3306 4660 Θαρσεῖς
3332 4590 3597 4658 ἐλέγοντο,
3648 4591 3894 4648 πλοῦτον

2310 4684 2571 4752 φέρουσαι
2603 4685 2772 4753 μέγαν
2810 4684 2886 4753 τῷ
2924 4682 3247 4752 Σολομῶντι,
3292 4684 3543 4754 καθάπερ
3582 4685 3638 4736 ἐν
3670 4687 3737 4754 τῇ
3773 4688 3891 4739 τῶν

2309 4774 2606 4826 Βασιλειῶν
2638 4774 2955 4845 ἐγνώκαμεν
2990 4774 3217 4846 ἱστορίᾳ.
3253 4775 3341 4827 Διὸ
3372 4776 3466 4828 καὶ
3515 4774 3608 4828 νῦν
3649 4775 3739 4828 διὰ
3769 4779 3892 4831 τῶν

2312 4864 2746 4936 συντριϐομένων
2791 4864 2990 4918 πλοίων
3032 4865 3263 4935 Θαρσεῖς
3313 4865 3411 4935 τὴν
3460 4866 3730 4919 ἀπώλειαν
3789 4868 3890 4923 τοῦ

2308 4956 2544 5008 πλούτου
2581 4958 2671 5009 καὶ
2699 4957 2796 5026 τῆς
2828 4957 3146 5018 δυναστείας
3181 4955 3289 5008 τῶν
3315 4957 3716 5028 προλεχθέντων
3753 4959 3888 5032 ἐδή-

2304 5049 2443 5102 λωσε
2482 5048 2766 5118 βασιλέων.
2820 5049 3042 5119 Πνεῦμα
3085 5051 3140 5103 δὲ
3171 5050 3344 5120 βίαιον
3377 5049 3570 5119 νοητὰς
3615 5051 3887 5121 δυνάμεις

2306 5142 2456 5204 τινὰς
2494 5143 2728 5212 νοήσεις,
2774 5142 2837 5195 δι’
2866 5135 2940 5194 ὧν
2971 5144 3094 5205 τοὺς
3145 5142 3370 5214 ἐχθροὺς
3419 5141 3526 5194 τῶν
3566 5141 3887 5197 ἀποστόλων

2310 5232 2775 5303 κατεπολέμησεν.

1487 5363 1616 5418 Item
1646 5366 1698 5418 in
1732 5364 1823 5417 illa
1855 5365 2005 5418 rerba
2036 5381 2053 5417 :
2091 5382 2107 5414 ι
2140 5362 2361 5434 Propter
2389 5367 2600 5436 judicia
2629 5375 2740 5431 tua,
2767 5365 3007 5421 Domine.
3048 5386 3066 5419 ι

702 5504 1001 5560 Athanasii.
1044 5506 1202 5571 Quia,
1238 5506 1432 5575 inquit,
1464 5506 1768 5575 dijudicans
1797 5509 2035 5579 gentium
2063 5527 2192 5567 cau-

701 5621 741 5653 ετ
773 5621 903 5677 Luc.
926 5641 953 5678 x
975 5664 988 5681 .
1015 5625 1098 5679 19.

700 5717 808 5792 Q9)
839 5716 967 5792 Yide
989 5722 1040 5774 in
1062 5728 1384 5792 argumento
1409 5720 1569 5792 hujus
1597 5723 1810 5792 psalmi.

701 5786 808 5853 (80)
845 5788 970 5845 Vide
1000 5791 1216 5850 ibidem.
1481 5786 1494 5792 ’
1597 5786 1613 5792 ’
1825 5790 1828 5794 ’

2376 5509 2486 5576 (ὃίὶλ
2523 5511 2898 5564 Ἀθανασίου.
2921 5512 3041 5566 Ὅτι
3065 5512 3250 5584 κρίνας
3275 5513 3371 5586 τὴν
3383 5514 3538 5586 δίκην
3552 5513 3658 5569 τῶν
3685 5515 3886 5584 ἐθνῶν,

2374 5721 2482 5782 (8|)
2518 5720 2590 5772 lbi
2628 5722 2841 5778 videsis.

2373 5790 2478 5862 ise)
2520 5789 2646 5846 Vide
2679 5793 2808 5850 ibid.
