  <div class='ocr_page' id='page_1' title='image "/cluster/home/n/w/nwhite01/storage/ocr_20150623/27/ien.35556001660521/296.png"; bbox 0 0 4058 6490; ppageno 0'>
   <div class='ocr_carea' id='block_1_1' title="bbox 161 419 260 474">
    <p class='ocr_par' dir='ltr' id='par_1_1' title="bbox 161 419 260 474">
     <span class='ocr_line' id='line_1_1' title="bbox 161 419 260 474; baseline -0.01 0"><span class='ocrx_word' id='word_1_1' title='bbox 161 419 260 474; x_wconf 86' lang='lat'><strong>569</strong></span> 
     </span>
    </p>
   </div>
   <div class='ocr_carea' id='block_1_2' title="bbox 1118 417 2440 478">
    <p class='ocr_par' dir='ltr' id='par_1_2' title="bbox 1118 417 2440 478">
     <span class='ocr_line' id='line_1_2' title="bbox 1118 417 2440 478; baseline 0.005 -8"><span class='ocrx_word' id='word_1_2' title='bbox 1118 417 1537 473; x_wconf 77' lang='lat' dir='ltr'><strong>FRAGMENTA</strong></span> <span class='ocrx_word' id='word_1_3' title='bbox 1595 420 1951 475; x_wconf 81' lang='lat' dir='ltr'><strong>COMMENT.</strong></span> <span class='ocrx_word' id='word_1_4' title='bbox 1995 421 2057 475; x_wconf 80' lang='lat' dir='ltr'><strong>IN</strong></span> <span class='ocrx_word' id='word_1_5' title='bbox 2100 421 2440 478; x_wconf 79' lang='lat' dir='ltr'><strong>PSALMOS.</strong></span> 
     </span>
    </p>
   </div>
   <div class='ocr_carea' id='block_1_3' title="bbox 3285 430 3389 483">
    <p class='ocr_par' dir='ltr' id='par_1_3' title="bbox 3285 430 3389 483">
     <span class='ocr_line' id='line_1_3' title="bbox 3285 430 3389 483; baseline 0.01 -2"><span class='ocrx_word' id='word_1_6' title='bbox 3285 430 3389 483; x_wconf 82' lang='lat'><strong>570</strong></span> 
     </span>
    </p>
   </div>
   <div class='ocr_carea' id='block_1_4' title="bbox 160 535 1785 613">
    <p class='ocr_par' dir='ltr' id='par_1_4' title="bbox 160 535 1785 608">
     <span class='ocr_line' id='line_1_4' title="bbox 160 535 1785 608; baseline 0.002 -19"><span class='ocrx_word' id='word_1_7' title='bbox 160 539 427 608; x_wconf 76' lang='grc' dir='ltr'>ὲξήλασας</span> <span class='ocrx_word' id='word_1_8' title='bbox 455 541 544 590; x_wconf 85' lang='grc' dir='ltr'><strong>τὸν</strong></span> <span class='ocrx_word' id='word_1_9' title='bbox 573 538 689 591; x_wconf 84' lang='grc' dir='ltr'>κατ’</span> <span class='ocrx_word' id='word_1_10' title='bbox 734 536 911 590; x_wconf 75' lang='grc' dir='ltr'>αὐτῶν</span> <span class='ocrx_word' id='word_1_11' title='bbox 953 535 1206 605; x_wconf 86' lang='grc' dir='ltr'>πολέμιον</span> <span class='ocrx_word' id='word_1_12' title='bbox 1254 537 1500 607; x_wconf 87' lang='grc' dir='ltr'>δαίμονα.</span> <span class='ocrx_word' id='word_1_13' title='bbox 1552 541 1612 592; x_wconf 86' lang='grc' dir='ltr'>Εἰ</span> <span class='ocrx_word' id='word_1_14' title='bbox 1667 541 1723 592; x_wconf 79' lang='grc' dir='ltr'><strong>δὲ</strong></span> <span class='ocrx_word' id='word_1_15' title='bbox 1756 547 1785 599; x_wconf 76' lang='grc' dir='ltr'><em>Α</em></span> 
     </span>
    </p>
   </div>
   <div class='ocr_carea' id='block_1_5' title="bbox 1866 535 3391 613">
    <p class='ocr_par' dir='ltr' id='par_1_5' title="bbox 1866 541 3391 613">
     <span class='ocr_line' id='line_1_5' title="bbox 1866 541 3391 613; baseline -0.001 -17"><span class='ocrx_word' id='word_1_16' title='bbox 1866 558 1964 608; x_wconf 72' lang='lat' dir='ltr'><strong>am,</strong></span> <span class='ocrx_word' id='word_1_17' title='bbox 1998 543 2202 613; x_wconf 80' lang='lat' dir='ltr'><strong>ejecisti</strong></span> <span class='ocrx_word' id='word_1_18' title='bbox 2245 543 2543 595; x_wconf 62' lang='lat' dir='ltr'><strong>daemonem</strong></span> <span class='ocrx_word' id='word_1_19' title='bbox 2577 554 2720 610; x_wconf 80' lang='lat' dir='ltr'><strong>Ipsas</strong></span> <span class='ocrx_word' id='word_1_20' title='bbox 2750 541 3152 612; x_wconf 86' lang='lat' dir='ltr'><strong>impugnantcm</strong></span> <span class='ocrx_word' id='word_1_21' title='bbox 3206 542 3391 607; x_wconf 80' lang='lat' dir='ltr'><strong>Qttod‘</strong></span> 
     </span>
    </p>
   </div>
   <div class='ocr_carea' id='block_1_6' title="bbox 162 629 1728 702">
    <p class='ocr_par' dir='ltr' id='par_1_6' title="bbox 162 629 1728 702">
     <span class='ocr_line' id='line_1_6' title="bbox 162 629 1728 702; baseline -0.001 -19"><span class='ocrx_word' id='word_1_22' title='bbox 162 630 361 702; x_wconf 67' lang='grc' dir='ltr'>βδύλεῖ,</span> <span class='ocrx_word' id='word_1_23' title='bbox 384 631 508 700; x_wconf 79' lang='grc' dir='ltr'>ὅρος</span> <span class='ocrx_word' id='word_1_24' title='bbox 542 630 678 682; x_wconf 86' lang='grc' dir='ltr'>Σιὼν</span> <span class='ocrx_word' id='word_1_25' title='bbox 700 632 748 682; x_wconf 90' lang='grc' dir='ltr'>οἱ</span> <span class='ocrx_word' id='word_1_26' title='bbox 770 630 830 682; x_wconf 80' lang='grc' dir='ltr'><strong>τὸ</strong></span> <span class='ocrx_word' id='word_1_27' title='bbox 857 629 987 698; x_wconf 70' lang='grc' dir='ltr'>ὐψος</span> <span class='ocrx_word' id='word_1_28' title='bbox 1009 631 1105 700; x_wconf 78' lang='grc' dir='ltr'><strong>τῆς</strong></span> <span class='ocrx_word' id='word_1_29' title='bbox 1138 630 1413 698; x_wconf 84' lang='grc' dir='ltr'>Θεολογίας</span> <span class='ocrx_word' id='word_1_30' title='bbox 1435 648 1698 684; x_wconf 86' lang='grc' dir='ltr'>πεπιστευ</span> <span class='ocrx_word' id='word_1_31' title='bbox 1714 660 1728 670; x_wconf 94' lang='grc'><strong><em>-</em></strong></span> 
     </span>
    </p>
   </div>
   <div class='ocr_carea' id='block_1_7' title="bbox 166 721 1731 792">
    <p class='ocr_par' dir='ltr' id='par_1_7' title="bbox 166 721 1731 792">
     <span class='ocr_line' id='line_1_7' title="bbox 166 721 1731 792; baseline 0 -18"><span class='ocrx_word' id='word_1_32' title='bbox 166 722 316 792; x_wconf 70' lang='grc' dir='ltr'>μένοι</span> <span class='ocrx_word' id='word_1_33' title='bbox 339 738 351 750; x_wconf 94' lang='grc'><strong>·</strong></span> <span class='ocrx_word' id='word_1_34' title='bbox 386 721 681 792; x_wconf 81' lang='grc' dir='ltr'><strong>Θυγατέρες</strong></span> <span class='ocrx_word' id='word_1_35' title='bbox 723 721 779 774; x_wconf 82' lang='grc' dir='ltr'>δὲ</span> <span class='ocrx_word' id='word_1_36' title='bbox 820 721 915 790; x_wconf 86' lang='grc' dir='ltr'>τῆς</span> <span class='ocrx_word' id='word_1_37' title='bbox 977 723 1228 785; x_wconf 83' lang='grc' dir='ltr'><strong>Ἰουδαίας</strong></span> <span class='ocrx_word' id='word_1_38' title='bbox 1260 723 1314 774; x_wconf 76' lang='grc' dir='ltr'><strong>αἱ</strong></span> <span class='ocrx_word' id='word_1_39' title='bbox 1358 722 1500 774; x_wconf 88' lang='grc' dir='ltr'><strong>κατά</strong></span> <span class='ocrx_word' id='word_1_40' title='bbox 1529 722 1623 792; x_wconf 82' lang='grc' dir='ltr'>τὴν</span> <span class='ocrx_word' id='word_1_41' title='bbox 1653 723 1731 774; x_wconf 82' lang='grc' dir='ltr'><strong>οι-</strong></span> 
     </span>
    </p>
   </div>
   <div class='ocr_carea' id='block_1_8' title="bbox 163 813 1732 885">
    <p class='ocr_par' dir='ltr' id='par_1_8' title="bbox 163 813 1732 885">
     <span class='ocr_line' id='line_1_8' title="bbox 163 813 1732 885; baseline 0.001 -20"><span class='ocrx_word' id='word_1_42' title='bbox 163 813 436 885; x_wconf 82' lang='grc' dir='ltr'>κουμένην</span> <span class='ocrx_word' id='word_1_43' title='bbox 474 814 811 884; x_wconf 81' lang='grc' dir='ltr'>Ἐκκλησίαι,</span> <span class='ocrx_word' id='word_1_44' title='bbox 841 814 915 876; x_wconf 82' lang='grc' dir='ltr'>ὡς</span> <span class='ocrx_word' id='word_1_45' title='bbox 938 815 1041 868; x_wconf 85' lang='grc' dir='ltr'><strong>ὐπὸ</strong></span> <span class='ocrx_word' id='word_1_46' title='bbox 1072 815 1178 866; x_wconf 82' lang='grc' dir='ltr'><strong>τῶν</strong></span> <span class='ocrx_word' id='word_1_47' title='bbox 1203 815 1514 868; x_wconf 77' lang='grc' dir='ltr'><strong>ἀποστόλων</strong></span> <span class='ocrx_word' id='word_1_48' title='bbox 1537 818 1732 882; x_wconf 88' lang='grc' dir='ltr'>παγεῖ-</span> 
     </span>
    </p>
   </div>
   <div class='ocr_carea' id='block_1_9' title="bbox 165 890 1734 978">
    <p class='ocr_par' dir='ltr' id='par_1_9' title="bbox 165 890 1734 978">
     <span class='ocr_line' id='line_1_9' title="bbox 165 890 1734 978; baseline 0.003 -22"><span class='ocrx_word' id='word_1_49' title='bbox 165 890 279 970; x_wconf 80' lang='grc' dir='ltr'>σαι,</span> <span class='ocrx_word' id='word_1_50' title='bbox 308 907 358 958; x_wconf 78' lang='grc' dir='ltr'>οἳ</span> <span class='ocrx_word' id='word_1_51' title='bbox 382 905 442 958; x_wconf 84' lang='grc' dir='ltr'>τὸ</span> <span class='ocrx_word' id='word_1_52' title='bbox 471 906 625 974; x_wconf 87' lang='grc' dir='ltr'>γένος</span> <span class='ocrx_word' id='word_1_53' title='bbox 655 906 712 972; x_wconf 80' lang='grc' dir='ltr'><strong>ἐξ</strong></span> <span class='ocrx_word' id='word_1_54' title='bbox 749 907 1015 959; x_wconf 76' lang='grc' dir='ltr'><strong>Ἰουδαίων</strong></span> <span class='ocrx_word' id='word_1_55' title='bbox 1059 908 1314 976; x_wconf 81' lang='grc' dir='ltr'><strong>κατῆγον.</strong></span> <span class='ocrx_word' id='word_1_56' title='bbox 1359 909 1650 978; x_wconf 80' lang='grc' dir='ltr'>Παρεγγυᾷ</span> <span class='ocrx_word' id='word_1_57' title='bbox 1679 906 1734 960; x_wconf 81' lang='grc' dir='ltr'>δὲ</span> 
     </span>
    </p>
   </div>
   <div class='ocr_carea' id='block_1_10' title="bbox 164 997 1736 1069">
    <p class='ocr_par' dir='ltr' id='par_1_10' title="bbox 164 997 1736 1069">
     <span class='ocr_line' id='line_1_10' title="bbox 164 997 1736 1069; baseline 0.001 -21"><span class='ocrx_word' id='word_1_58' title='bbox 164 999 260 1049; x_wconf 75' lang='grc' dir='ltr'>καὶ</span> <span class='ocrx_word' id='word_1_59' title='bbox 299 1001 411 1060; x_wconf 82' lang='grc' dir='ltr'>τοῖς</span> <span class='ocrx_word' id='word_1_60' title='bbox 459 997 818 1069; x_wconf 78' lang='grc' dir='ltr'><strong>κηρύττουσιν</strong></span> <span class='ocrx_word' id='word_1_61' title='bbox 868 998 1252 1069; x_wconf 76' lang='grc' dir='ltr'>εὐφραίνεσθαι</span> <span class='ocrx_word' id='word_1_62' title='bbox 1304 999 1466 1051; x_wconf 79' lang='grc' dir='ltr'>ἓνεκα</span> <span class='ocrx_word' id='word_1_63' title='bbox 1523 998 1632 1051; x_wconf 86' lang='grc' dir='ltr'><strong>τῶν</strong></span> <span class='ocrx_word' id='word_1_64' title='bbox 1665 999 1736 1050; x_wconf 88' lang='grc' dir='ltr'>δι-</span> 
     </span>
    </p>
   </div>
   <div class='ocr_carea' id='block_1_11' title="bbox 167 1087 1735 1161">
    <p class='ocr_par' dir='ltr' id='par_1_11' title="bbox 167 1087 1735 1161">
     <span class='ocr_line' id='line_1_11' title="bbox 167 1087 1735 1161; baseline 0.001 -21"><span class='ocrx_word' id='word_1_65' title='bbox 167 1090 336 1141; x_wconf 89' lang='grc' dir='ltr'>καίων</span> <span class='ocrx_word' id='word_1_66' title='bbox 359 1091 450 1143; x_wconf 87' lang='grc' dir='ltr'><strong>τοῦ</strong></span> <span class='ocrx_word' id='word_1_67' title='bbox 474 1090 606 1144; x_wconf 82' lang='grc' dir='ltr'>Θεοῦ</span> <span class='ocrx_word' id='word_1_68' title='bbox 637 1091 939 1160; x_wconf 75' lang='grc' dir='ltr'><strong>χριμάτων,</strong></span> <span class='ocrx_word' id='word_1_69' title='bbox 971 1087 1049 1153; x_wconf 71' lang='grc' dir='ltr'>οἷς</span> <span class='ocrx_word' id='word_1_70' title='bbox 1095 1091 1457 1161; x_wconf 84' lang='grc' dir='ltr'>χρησάμενος,</span> <span class='ocrx_word' id='word_1_71' title='bbox 1491 1089 1588 1160; x_wconf 81' lang='grc' dir='ltr'><strong>τὴν</strong></span> <span class='ocrx_word' id='word_1_72' title='bbox 1636 1091 1735 1159; x_wconf 81' lang='grc' dir='ltr'>τῆς</span> 
     </span>
    </p>
   </div>
   <div class='ocr_carea' id='block_1_12' title="bbox 166 1181 1319 1253">
    <p class='ocr_par' dir='ltr' id='par_1_12' title="bbox 166 1181 1319 1253">
     <span class='ocr_line' id='line_1_12' title="bbox 166 1181 1319 1253; baseline 0.003 -20"><span class='ocrx_word' id='word_1_73' title='bbox 166 1181 491 1252; x_wconf 79' lang='grc' dir='ltr'>οἰκουμένης</span> <span class='ocrx_word' id='word_1_74' title='bbox 514 1183 783 1253; x_wconf 79' lang='grc' dir='ltr'>σωτηρίαν</span> <span class='ocrx_word' id='word_1_75' title='bbox 811 1182 1319 1252; x_wconf 75' lang='grc' dir='ltr'>ἐπραγματεύσατο.</span> 
     </span>
    </p>
   </div>
   <div class='ocr_carea' id='block_1_13' title="bbox 1834 633 3393 703">
    <p class='ocr_par' dir='ltr' id='par_1_13' title="bbox 1834 633 3393 703">
     <span class='ocr_line' id='line_1_13' title="bbox 1834 633 3393 703; baseline -0.002 -13"><span class='ocrx_word' id='word_1_76' title='bbox 1834 638 1879 690; x_wconf 92' lang='lat' dir='ltr'><strong>si</strong></span> <span class='ocrx_word' id='word_1_77' title='bbox 1912 638 1983 691; x_wconf 87' lang='lat' dir='ltr'><strong>ita</strong></span> <span class='ocrx_word' id='word_1_78' title='bbox 2005 636 2108 694; x_wconf 79' lang='lat' dir='ltr'><strong>vis.</strong></span> <span class='ocrx_word' id='word_1_79' title='bbox 2133 650 2292 688; x_wconf 92' lang='lat' dir='ltr'><strong>mons</strong></span> <span class='ocrx_word' id='word_1_80' title='bbox 2319 633 2469 698; x_wconf 83' lang='lat' dir='ltr'><strong>Sion,</strong></span> <span class='ocrx_word' id='word_1_81' title='bbox 2495 635 2604 689; x_wconf 88' lang='lat' dir='ltr'><strong>sint</strong></span> <span class='ocrx_word' id='word_1_82' title='bbox 2630 633 2825 703; x_wconf 81' lang='lat' dir='ltr'><strong>quibus</strong></span> <span class='ocrx_word' id='word_1_83' title='bbox 2847 648 3093 703; x_wconf 83' lang='lat' dir='ltr'><strong>suprema</strong></span> <span class='ocrx_word' id='word_1_84' title='bbox 3127 634 3393 702; x_wconf 77' lang='lat' dir='ltr'><strong>theologia</strong></span> 
     </span>
    </p>
   </div>
   <div class='ocr_carea' id='block_1_14' title="bbox 1835 724 3395 793">
    <p class='ocr_par' dir='ltr' id='par_1_14' title="bbox 1835 724 3395 793">
     <span class='ocr_line' id='line_1_14' title="bbox 1835 724 3395 793; baseline -0.002 -14"><span class='ocrx_word' id='word_1_85' title='bbox 1835 725 2144 779; x_wconf 88' lang='lat' dir='ltr'><strong>concredita</strong></span> <span class='ocrx_word' id='word_1_86' title='bbox 2169 734 2252 778; x_wconf 83' lang='lat' dir='ltr'><strong>est</strong></span> <span class='ocrx_word' id='word_1_87' title='bbox 2279 743 2292 777; x_wconf 90' lang='lat'>:</span> <span class='ocrx_word' id='word_1_88' title='bbox 2319 725 2440 778; x_wconf 73' lang='lat' dir='ltr'><strong>ﬁlia:</strong></span> <span class='ocrx_word' id='word_1_89' title='bbox 2475 741 2600 779; x_wconf 82' lang='lat' dir='ltr'><strong>vero</strong></span> <span class='ocrx_word' id='word_1_90' title='bbox 2626 725 2842 786; x_wconf 54' lang='grc' dir='ltr'>δυόωσι,</span> <span class='ocrx_word' id='word_1_91' title='bbox 2878 724 3131 779; x_wconf 72' lang='lat' dir='ltr'><strong>Ecclesia:</strong></span> <span class='ocrx_word' id='word_1_92' title='bbox 3159 739 3279 793; x_wconf 66' lang='lat' dir='ltr'><strong>qua!</strong></span> <span class='ocrx_word' id='word_1_93' title='bbox 3303 739 3395 790; x_wconf 85' lang='lat' dir='ltr'><strong>per</strong></span> 
     </span>
    </p>
   </div>
   <div class='ocr_carea' id='block_1_15' title="bbox 1835 811 3397 884">
    <p class='ocr_par' dir='ltr' id='par_1_15' title="bbox 1835 811 3397 884">
     <span class='ocr_line' id='line_1_15' title="bbox 1835 811 3397 884; baseline -0.003 -14"><span class='ocrx_word' id='word_1_94' title='bbox 1835 817 2021 871; x_wconf 88' lang='lat' dir='ltr'><strong>orbem</strong></span> <span class='ocrx_word' id='word_1_95' title='bbox 2066 824 2333 869; x_wconf 88' lang='lat' dir='ltr'><strong>terrarum</strong></span> <span class='ocrx_word' id='word_1_96' title='bbox 2383 815 2640 884; x_wconf 74' lang='lat' dir='ltr'><strong>dispersa:</strong></span> <span class='ocrx_word' id='word_1_97' title='bbox 2689 826 2846 878; x_wconf 90' lang='lat' dir='ltr'><strong>sunt,</strong></span> <span class='ocrx_word' id='word_1_98' title='bbox 2877 816 2942 869; x_wconf 89' lang='lat' dir='ltr'><strong>ab</strong></span> <span class='ocrx_word' id='word_1_99' title='bbox 2969 815 3263 884; x_wconf 77' lang='lat' dir='ltr'><strong>apostolis,</strong></span> <span class='ocrx_word' id='word_1_100' title='bbox 3302 811 3397 881; x_wconf 87' lang='lat' dir='ltr'><strong>qui</strong></span> 
     </span>
    </p>
   </div>
   <div class='ocr_carea' id='block_1_16' title="bbox 1836 905 3399 979">
    <p class='ocr_par' dir='ltr' id='par_1_16' title="bbox 1836 905 3399 979">
     <span class='ocr_line' id='line_1_16' title="bbox 1836 905 3399 979; baseline -0.003 -17"><span class='ocrx_word' id='word_1_101' title='bbox 1836 923 2006 979; x_wconf 84' lang='lat' dir='ltr'><strong>genus</strong></span> <span class='ocrx_word' id='word_1_102' title='bbox 2035 924 2100 962; x_wconf 78' lang='lat' dir='ltr'><strong>ex</strong></span> <span class='ocrx_word' id='word_1_103' title='bbox 2129 905 2332 962; x_wconf 71' lang='lat' dir='ltr'><strong>Iudaeis</strong></span> <span class='ocrx_word' id='word_1_104' title='bbox 2363 908 2663 971; x_wconf 88' lang='lat' dir='ltr'><strong>ducebant,</strong></span> <span class='ocrx_word' id='word_1_105' title='bbox 2695 908 3020 962; x_wconf 55' lang='lat' dir='ltr'><strong>constitutas.</strong></span> <span class='ocrx_word' id='word_1_106' title='bbox 3082 905 3240 959; x_wconf 84' lang='lat' dir='ltr'><strong>Jubet</strong></span> <span class='ocrx_word' id='word_1_107' title='bbox 3271 919 3399 958; x_wconf 65' lang='lat' dir='ltr'><strong>vero</strong></span> 
     </span>
    </p>
   </div>
   <div class='ocr_carea' id='block_1_17' title="bbox 1838 993 3400 1070">
    <p class='ocr_par' dir='ltr' id='par_1_17' title="bbox 1838 993 3400 1070">
     <span class='ocr_line' id='line_1_17' title="bbox 1838 993 3400 1070; baseline -0.003 -14"><span class='ocrx_word' id='word_1_108' title='bbox 1838 1003 1999 1056; x_wconf 89' lang='lat' dir='ltr'><strong>etiam</strong></span> <span class='ocrx_word' id='word_1_109' title='bbox 2024 993 2409 1070; x_wconf 67' lang='lat' dir='ltr'><strong>praedicatores</strong></span> <span class='ocrx_word' id='word_1_110' title='bbox 2443 1001 2676 1066; x_wconf 78' lang='lat' dir='ltr'><strong>gaudere</strong></span> <span class='ocrx_word' id='word_1_111' title='bbox 2713 1009 2927 1067; x_wconf 79' lang='lat' dir='ltr'><strong>prapter</strong></span> <span class='ocrx_word' id='word_1_112' title='bbox 2949 999 3094 1067; x_wconf 88' lang='lat' dir='ltr'><strong>justa</strong></span> <span class='ocrx_word' id='word_1_113' title='bbox 3135 997 3226 1051; x_wconf 88' lang='lat' dir='ltr'><strong>Dei</strong></span> <span class='ocrx_word' id='word_1_114' title='bbox 3255 997 3400 1067; x_wconf 82' lang='lat' dir='ltr'><strong>judi-</strong></span> 
     </span>
    </p>
   </div>
   <div class='ocr_carea' id='block_1_18' title="bbox 1842 1090 3218 1161">
    <p class='ocr_par' dir='ltr' id='par_1_18' title="bbox 1842 1090 3218 1161">
     <span class='ocr_line' id='line_1_18' title="bbox 1842 1090 3218 1161; baseline -0.004 -14"><span class='ocrx_word' id='word_1_115' title='bbox 1842 1094 1943 1159; x_wconf 86' lang='lat' dir='ltr'><strong>cia,</strong></span> <span class='ocrx_word' id='word_1_116' title='bbox 1976 1106 2095 1161; x_wconf 66' lang='lat' dir='ltr'><strong>quae</strong></span> <span class='ocrx_word' id='word_1_117' title='bbox 2127 1105 2388 1146; x_wconf 79' lang='lat' dir='ltr'><strong>exercens</strong></span> <span class='ocrx_word' id='word_1_118' title='bbox 2413 1090 2561 1144; x_wconf 84' lang='lat' dir='ltr'><strong>orbis</strong></span> <span class='ocrx_word' id='word_1_119' title='bbox 2590 1090 2818 1144; x_wconf 78' lang='lat' dir='ltr'><strong>salutem</strong></span> <span class='ocrx_word' id='word_1_120' title='bbox 2839 1097 3092 1159; x_wconf 83' lang='lat' dir='ltr'><strong>operatus</strong></span> <span class='ocrx_word' id='word_1_121' title='bbox 3115 1096 3218 1142; x_wconf 91' lang='lat' dir='ltr'><strong>est.</strong></span> 
     </span>
    </p>
   </div>
   <div class='ocr_carea' id='block_1_19' title="bbox 709 1331 2912 1404">
    <p class='ocr_par' dir='ltr' id='par_1_19' title="bbox 709 1331 2912 1404">
     <span class='ocr_line' id='line_1_19' title="bbox 709 1331 2912 1404; baseline -0.002 -14"><span class='ocrx_word' id='word_1_122' title='bbox 709 1338 844 1392; x_wconf 81' lang='lat' dir='ltr'><strong>Item</strong></span> <span class='ocrx_word' id='word_1_123' title='bbox 877 1343 929 1391; x_wconf 86' lang='lat' dir='ltr'><strong>in</strong></span> <span class='ocrx_word' id='word_1_124' title='bbox 960 1338 1097 1404; x_wconf 82' lang='lat' dir='ltr'><strong>psal.</strong></span> <span class='ocrx_word' id='word_1_125' title='bbox 1132 1352 1255 1390; x_wconf 80' lang='lat' dir='ltr'><strong>xm</strong></span> <span class='ocrx_word' id='word_1_126' title='bbox 1293 1337 1387 1390; x_wconf 86' lang='lat' dir='ltr'><strong>illa</strong></span> <span class='ocrx_word' id='word_1_127' title='bbox 1417 1336 1567 1389; x_wconf 77' lang='lat' dir='ltr'><strong>verba</strong></span> <span class='ocrx_word' id='word_1_128' title='bbox 1595 1354 1612 1390; x_wconf 93' lang='lat'><strong><em>:</em></strong></span> <span class='ocrx_word' id='word_1_129' title='bbox 1647 1355 1664 1387; x_wconf 81' lang='grc' dir='ltr'><strong>ι</strong></span> <span class='ocrx_word' id='word_1_130' title='bbox 1696 1334 1779 1388; x_wconf 76' lang='lat' dir='ltr'><strong>Ex</strong></span> <span class='ocrx_word' id='word_1_131' title='bbox 1803 1333 1931 1391; x_wconf 87' lang='lat' dir='ltr'><strong>Sion</strong></span> <span class='ocrx_word' id='word_1_132' title='bbox 1961 1335 2148 1404; x_wconf 76' lang='lat' dir='ltr'><strong>species</strong></span> <span class='ocrx_word' id='word_1_133' title='bbox 2177 1337 2374 1388; x_wconf 84' lang='lat' dir='ltr'><strong>decoris</strong></span> <span class='ocrx_word' id='word_1_134' title='bbox 2401 1337 2512 1404; x_wconf 84' lang='lat' dir='ltr'><strong>ejus</strong></span> <span class='ocrx_word' id='word_1_135' title='bbox 2536 1378 2547 1399; x_wconf 91' lang='lat'><strong>,</strong></span> <span class='ocrx_word' id='word_1_136' title='bbox 2587 1353 2605 1386; x_wconf 75' lang='grc' dir='ltr'><strong>ι</strong></span> <span class='ocrx_word' id='word_1_137' title='bbox 2637 1343 2757 1399; x_wconf 89' lang='lat' dir='ltr'><strong>etc.,</strong></span> <span class='ocrx_word' id='word_1_138' title='bbox 2782 1348 2827 1385; x_wconf 83' lang='grc' dir='ltr'><strong>υ.</strong></span> <span class='ocrx_word' id='word_1_139' title='bbox 2858 1331 2912 1386; x_wconf 69' lang='grc' dir='ltr'><strong>ἓ.</strong></span> 
     </span>
    </p>
   </div>
   <div class='ocr_carea' id='block_1_20' title="bbox 241 1497 1741 1570">
    <p class='ocr_par' dir='ltr' id='par_1_20' title="bbox 241 1497 1741 1570">
     <span class='ocr_line' id='line_1_20' title="bbox 241 1497 1741 1570; baseline -0.007 -13"><span class='ocrx_word' id='word_1_140' title='bbox 241 1501 354 1570; x_wconf 76' lang='grc'>(85)</span> <span class='ocrx_word' id='word_1_141' title='bbox 397 1503 552 1555; x_wconf 84' lang='grc' dir='ltr'>Κατά</span> <span class='ocrx_word' id='word_1_142' title='bbox 584 1501 637 1554; x_wconf 84' lang='grc' dir='ltr'>δὲ</span> <span class='ocrx_word' id='word_1_143' title='bbox 666 1501 755 1552; x_wconf 82' lang='grc' dir='ltr'><strong>τὸν</strong></span> <span class='ocrx_word' id='word_1_144' title='bbox 786 1499 956 1568; x_wconf 85' lang='grc' dir='ltr'>μέγαν</span> <span class='ocrx_word' id='word_1_145' title='bbox 999 1497 1310 1550; x_wconf 81' lang='grc' dir='ltr'>ἈΟανάσιον</span> <span class='ocrx_word' id='word_1_146' title='bbox 1334 1535 1350 1561; x_wconf 87' lang='grc'><strong>,</strong></span> <span class='ocrx_word' id='word_1_147' title='bbox 1396 1498 1457 1549; x_wconf 80' lang='grc' dir='ltr'><strong>ἐκ</strong></span> <span class='ocrx_word' id='word_1_148' title='bbox 1502 1499 1599 1565; x_wconf 82' lang='grc' dir='ltr'><strong>τῆς</strong></span> <span class='ocrx_word' id='word_1_149' title='bbox 1632 1497 1741 1550; x_wconf 82' lang='grc' dir='ltr'>ἄνω</span> 
     </span>
    </p>
   </div>
   <div class='ocr_carea' id='block_1_21' title="bbox 169 1590 1740 1663">
    <p class='ocr_par' dir='ltr' id='par_1_21' title="bbox 169 1590 1740 1663">
     <span class='ocr_line' id='line_1_21' title="bbox 169 1590 1740 1663; baseline -0.003 -17"><span class='ocrx_word' id='word_1_150' title='bbox 169 1591 313 1646; x_wconf 82' lang='grc' dir='ltr'>Σιὼν</span> <span class='ocrx_word' id='word_1_151' title='bbox 345 1596 371 1645; x_wconf 87' lang='grc' dir='ltr'>ὁ</span> <span class='ocrx_word' id='word_1_152' title='bbox 405 1594 605 1663; x_wconf 82' lang='grc' dir='ltr'>Κύριος</span> <span class='ocrx_word' id='word_1_153' title='bbox 640 1592 736 1661; x_wconf 76' lang='grc' dir='ltr'><strong>τὴν</strong></span> <span class='ocrx_word' id='word_1_154' title='bbox 765 1591 1022 1660; x_wconf 81' lang='grc' dir='ltr'>δευτέραν</span> <span class='ocrx_word' id='word_1_155' title='bbox 1071 1590 1370 1659; x_wconf 74' lang='grc' dir='ltr'>παρουσίαν</span> <span class='ocrx_word' id='word_1_156' title='bbox 1421 1590 1701 1659; x_wconf 85' lang='grc' dir='ltr'>ποιήσεται</span> <span class='ocrx_word' id='word_1_157' title='bbox 1727 1628 1740 1648; x_wconf 88' lang='grc'><strong>,</strong></span> 
     </span>
    </p>
   </div>
   <div class='ocr_carea' id='block_1_22' title="bbox 168 1681 1746 1754">
    <p class='ocr_par' dir='ltr' id='par_1_22' title="bbox 168 1681 1746 1754">
     <span class='ocr_line' id='line_1_22' title="bbox 168 1681 1746 1754; baseline -0.003 -18"><span class='ocrx_word' id='word_1_158' title='bbox 168 1687 273 1754; x_wconf 82' lang='grc' dir='ltr'>τὴν</span> <span class='ocrx_word' id='word_1_159' title='bbox 301 1686 536 1754; x_wconf 80' lang='grc' dir='ltr'>ἐπιφανῆ</span> <span class='ocrx_word' id='word_1_160' title='bbox 561 1686 651 1736; x_wconf 73' lang='grc' dir='ltr'>καὶ</span> <span class='ocrx_word' id='word_1_161' title='bbox 686 1684 915 1748; x_wconf 78' lang='grc' dir='ltr'>ἔνδοξον,</span> <span class='ocrx_word' id='word_1_162' title='bbox 958 1685 1021 1751; x_wconf 84' lang='grc' dir='ltr'>ῆν</span> <span class='ocrx_word' id='word_1_163' title='bbox 1067 1684 1160 1734; x_wconf 74' lang='grc' dir='ltr'><strong>καὶ</strong></span> <span class='ocrx_word' id='word_1_164' title='bbox 1194 1681 1523 1749; x_wconf 84' lang='grc' dir='ltr'>εὐπρέπειαν</span> <span class='ocrx_word' id='word_1_165' title='bbox 1553 1682 1746 1747; x_wconf 81' lang='grc' dir='ltr'>ὡραιό-</span> 
     </span>
    </p>
   </div>
   <div class='ocr_carea' id='block_1_23' title="bbox 169 1776 652 1846">
    <p class='ocr_par' dir='ltr' id='par_1_23' title="bbox 169 1776 652 1846">
     <span class='ocr_line' id='line_1_23' title="bbox 169 1776 652 1846; baseline 0.004 -20"><span class='ocrx_word' id='word_1_166' title='bbox 169 1792 336 1844; x_wconf 81' lang='grc' dir='ltr'>τητος</span> <span class='ocrx_word' id='word_1_167' title='bbox 367 1776 652 1846; x_wconf 83' lang='grc' dir='ltr'><strong>κέκληκεν.</strong></span> 
     </span>
    </p>
   </div>
   <div class='ocr_carea' id='block_1_24' title="bbox 1920 1492 3410 1563">
    <p class='ocr_par' dir='ltr' id='par_1_24' title="bbox 1920 1492 3410 1563">
     <span class='ocr_line' id='line_1_24' title="bbox 1920 1492 3410 1563; baseline 0.003 -17"><span class='ocrx_word' id='word_1_168' title='bbox 1920 1495 1988 1546; x_wconf 86' lang='lat' dir='ltr'><strong>At</strong></span> <span class='ocrx_word' id='word_1_169' title='bbox 2023 1494 2316 1547; x_wconf 90' lang='lat' dir='ltr'><strong>secundum</strong></span> <span class='ocrx_word' id='word_1_170' title='bbox 2353 1508 2604 1563; x_wconf 83' lang='lat' dir='ltr'><strong>magnum</strong></span> <span class='ocrx_word' id='word_1_171' title='bbox 2647 1492 2998 1546; x_wconf 79' lang='lat' dir='ltr'><strong>Athanasium</strong></span> <span class='ocrx_word' id='word_1_172' title='bbox 3020 1532 3034 1557; x_wconf 95' lang='lat'><strong>,</strong></span> <span class='ocrx_word' id='word_1_173' title='bbox 3069 1507 3133 1547; x_wconf 83' lang='lat' dir='ltr'><strong>ex</strong></span> <span class='ocrx_word' id='word_1_174' title='bbox 3162 1492 3410 1561; x_wconf 75' lang='lat' dir='ltr'><strong>&#39;superna</strong></span> 
     </span>
    </p>
   </div>
   <div class='ocr_carea' id='block_1_25' title="bbox 1852 1585 3411 1639">
    <p class='ocr_par' dir='ltr' id='par_1_25' title="bbox 1852 1585 3411 1639">
     <span class='ocr_line' id='line_1_25' title="bbox 1852 1585 3411 1639; baseline 0 0"><span class='ocrx_word' id='word_1_175' title='bbox 1852 1585 2014 1639; x_wconf 88' lang='lat' dir='ltr'><strong>Sione</strong></span> <span class='ocrx_word' id='word_1_176' title='bbox 2047 1587 2342 1638; x_wconf 85' lang='lat' dir='ltr'><strong>secundum</strong></span> <span class='ocrx_word' id='word_1_177' title='bbox 2395 1586 2684 1639; x_wconf 74' lang='lat' dir='ltr'><strong>adventura</strong></span> <span class='ocrx_word' id='word_1_178' title='bbox 2717 1601 2872 1639; x_wconf 90' lang='lat' dir='ltr'><strong>suum</strong></span> <span class='ocrx_word' id='word_1_179' title='bbox 2903 1587 3196 1639; x_wconf 79' lang='lat' dir='ltr'><strong>constituet</strong></span> <span class='ocrx_word' id='word_1_180' title='bbox 3223 1585 3411 1639; x_wconf 88' lang='lat' dir='ltr'><strong>Domi-</strong></span> 
     </span>
    </p>
   </div>
   <div class='ocr_carea' id='block_1_26' title="bbox 1851 1677 3410 1747">
    <p class='ocr_par' dir='ltr' id='par_1_26' title="bbox 1851 1677 3410 1747">
     <span class='ocr_line' id='line_1_26' title="bbox 1851 1677 3410 1747; baseline -0.001 -16"><span class='ocrx_word' id='word_1_181' title='bbox 1851 1694 1974 1739; x_wconf 90' lang='lat' dir='ltr'><strong>nus,</strong></span> <span class='ocrx_word' id='word_1_182' title='bbox 2013 1678 2299 1742; x_wconf 82' lang='lat' dir='ltr'><strong>illustrem,</strong></span> <span class='ocrx_word' id='word_1_183' title='bbox 2331 1678 2548 1743; x_wconf 84' lang='lat' dir='ltr'><strong>inquam</strong></span> <span class='ocrx_word' id='word_1_184' title='bbox 2573 1718 2586 1740; x_wconf 95' lang='lat'><strong>,</strong></span> <span class='ocrx_word' id='word_1_185' title='bbox 2619 1677 2767 1729; x_wconf 90' lang='lat' dir='ltr'><strong>illum</strong></span> <span class='ocrx_word' id='word_1_186' title='bbox 2801 1685 2855 1731; x_wconf 85' lang='lat' dir='ltr'><strong>et</strong></span> <span class='ocrx_word' id='word_1_187' title='bbox 2884 1678 3215 1747; x_wconf 82' lang='lat' dir='ltr'><strong>gloriosum,</strong></span> <span class='ocrx_word' id='word_1_188' title='bbox 3249 1690 3410 1747; x_wconf 88' lang='lat' dir='ltr'><strong>quem</strong></span> 
     </span>
    </p>
   </div>
   <div class='ocr_carea' id='block_1_27' title="bbox 1850 1771 3103 1842">
    <p class='ocr_par' dir='ltr' id='par_1_27' title="bbox 1850 1771 3103 1842">
     <span class='ocr_line' id='line_1_27' title="bbox 1850 1771 3103 1842; baseline -0.001 -17"><span class='ocrx_word' id='word_1_189' title='bbox 1850 1773 2013 1826; x_wconf 87' lang='lat' dir='ltr'><strong>etiam</strong></span> <span class='ocrx_word' id='word_1_190' title='bbox 2045 1773 2244 1827; x_wconf 87' lang='lat' dir='ltr'><strong>idcirco</strong></span> <span class='ocrx_word' id='word_1_191' title='bbox 2278 1774 2512 1842; x_wconf 79' lang='lat' dir='ltr'><strong>speciem</strong></span> <span class='ocrx_word' id='word_1_192' title='bbox 2547 1773 2759 1826; x_wconf 87' lang='lat' dir='ltr'><strong>decoris</strong></span> <span class='ocrx_word' id='word_1_193' title='bbox 2798 1771 3103 1841; x_wconf 82' lang='lat' dir='ltr'><strong>appellavit.</strong></span> 
     </span>
    </p>
   </div>
   <div class='ocr_carea' id='block_1_28' title="bbox 883 1928 2716 2001">
    <p class='ocr_par' dir='ltr' id='par_1_28' title="bbox 883 1928 2716 2001">
     <span class='ocr_line' id='line_1_28' title="bbox 883 1928 2716 2001; baseline 0.002 -18"><span class='ocrx_word' id='word_1_194' title='bbox 883 1931 946 1983; x_wconf 81' lang='lat' dir='ltr'><strong>lu</strong></span> <span class='ocrx_word' id='word_1_195' title='bbox 977 1932 1113 2001; x_wconf 79' lang='lat' dir='ltr'><strong>psal.</strong></span> <span class='ocrx_word' id='word_1_196' title='bbox 1149 1948 1176 1983; x_wconf 87' lang='lat' dir='ltr'><strong>L</strong></span> <span class='ocrx_word' id='word_1_197' title='bbox 1211 1929 1360 1984; x_wconf 86' lang='lat' dir='ltr'><strong>verba</strong></span> <span class='ocrx_word' id='word_1_198' title='bbox 1385 1947 1401 1987; x_wconf 56' lang='grc' dir='ltr'><strong>,ἢ</strong></span> <span class='ocrx_word' id='word_1_199' title='bbox 1437 1949 1453 1980; x_wconf 87' lang='grc' dir='ltr'><strong>ι</strong></span> <span class='ocrx_word' id='word_1_200' title='bbox 1487 1931 1589 1985; x_wconf 86' lang='lat' dir='ltr'><strong>Cor</strong></span> <span class='ocrx_word' id='word_1_201' title='bbox 1615 1932 1863 1988; x_wconf 83' lang='lat' dir='ltr'><strong>mundum</strong></span> <span class='ocrx_word' id='word_1_202' title='bbox 1890 1951 2005 1987; x_wconf 83' lang='lat' dir='ltr'><strong>crea</strong></span> <span class='ocrx_word' id='word_1_203' title='bbox 2031 1936 2082 1986; x_wconf 85' lang='lat' dir='ltr'><strong>in</strong></span> <span class='ocrx_word' id='word_1_204' title='bbox 2115 1950 2232 1996; x_wconf 72' lang='lat' dir='ltr'><strong>me,</strong></span> <span class='ocrx_word' id='word_1_205' title='bbox 2267 1931 2400 1984; x_wconf 88' lang='lat' dir='ltr'><strong>Deus</strong></span> <span class='ocrx_word' id='word_1_206' title='bbox 2426 1969 2440 1990; x_wconf 89' lang='lat'><strong>,</strong></span> <span class='ocrx_word' id='word_1_207' title='bbox 2480 1950 2500 1981; x_wconf 74' lang='grc' dir='ltr'><strong>ι</strong></span> <span class='ocrx_word' id='word_1_208' title='bbox 2534 1948 2579 1984; x_wconf 83' lang='grc' dir='ltr'>υ.</span> <span class='ocrx_word' id='word_1_209' title='bbox 2623 1928 2716 1987; x_wconf 71' lang='grc'><strong>12..</strong></span> 
     </span>
    </p>
   </div>
   <div class='ocr_carea' id='block_1_29' title="bbox 251 2093 1785 2167">
    <p class='ocr_par' dir='ltr' id='par_1_29' title="bbox 251 2093 1785 2166">
     <span class='ocr_line' id='line_1_29' title="bbox 251 2093 1785 2166; baseline 0.004 -20"><span class='ocrx_word' id='word_1_210' title='bbox 251 2094 360 2162; x_wconf 66' lang='lat'><strong>(85)</strong></span> <span class='ocrx_word' id='word_1_211' title='bbox 386 2094 542 2147; x_wconf 79' lang='grc' dir='ltr'>Κατὰ</span> <span class='ocrx_word' id='word_1_212' title='bbox 571 2093 624 2146; x_wconf 84' lang='grc' dir='ltr'>δὲ</span> <span class='ocrx_word' id='word_1_213' title='bbox 666 2094 755 2145; x_wconf 85' lang='grc' dir='ltr'><strong>τὸν</strong></span> <span class='ocrx_word' id='word_1_214' title='bbox 793 2093 964 2162; x_wconf 86' lang='grc' dir='ltr'>μέγαν</span> <span class='ocrx_word' id='word_1_215' title='bbox 1012 2093 1344 2159; x_wconf 81' lang='grc' dir='ltr'>Ἀθανάσιον,</span> <span class='ocrx_word' id='word_1_216' title='bbox 1398 2097 1615 2166; x_wconf 85' lang='grc' dir='ltr'>Πνεῦμα</span> <span class='ocrx_word' id='word_1_217' title='bbox 1644 2098 1735 2150; x_wconf 86' lang='grc' dir='ltr'><strong>τὸν</strong></span> <span class='ocrx_word' id='word_1_218' title='bbox 1770 2099 1785 2152; x_wconf 87' lang='grc' dir='ltr'><strong>Ι</strong></span> 
     </span>
    </p>
   </div>
   <div class='ocr_carea' id='block_1_30' title="bbox 1866 2093 3414 2167">
    <p class='ocr_par' dir='ltr' id='par_1_30' title="bbox 1911 2095 3414 2167">
     <span class='ocr_line' id='line_1_30' title="bbox 1911 2095 3414 2167; baseline 0.001 -17"><span class='ocrx_word' id='word_1_219' title='bbox 1911 2095 2218 2150; x_wconf 84' lang='lat' dir='ltr'><strong>Secundum</strong></span> <span class='ocrx_word' id='word_1_220' title='bbox 2274 2108 2454 2152; x_wconf 89' lang='lat' dir='ltr'><strong>autem</strong></span> <span class='ocrx_word' id='word_1_221' title='bbox 2516 2115 2773 2167; x_wconf 81' lang='lat' dir='ltr'><strong>magnum</strong></span> <span class='ocrx_word' id='word_1_222' title='bbox 2830 2097 2982 2152; x_wconf 89' lang='lat' dir='ltr'><strong>illum</strong></span> <span class='ocrx_word' id='word_1_223' title='bbox 3035 2098 3414 2164; x_wconf 86' lang='lat' dir='ltr'><strong>Athanasium,</strong></span> 
     </span>
    </p>
   </div>
   <div class='ocr_carea' id='block_1_31' title="bbox 173 2186 1748 2258">
    <p class='ocr_par' dir='ltr' id='par_1_31' title="bbox 173 2186 1748 2258">
     <span class='ocr_line' id='line_1_31' title="bbox 173 2186 1748 2258; baseline 0.003 -20"><span class='ocrx_word' id='word_1_224' title='bbox 173 2186 304 2238; x_wconf 86' lang='grc' dir='ltr'>νοῦν</span> <span class='ocrx_word' id='word_1_225' title='bbox 333 2186 590 2238; x_wconf 71' lang='grc' dir='ltr'>ἐκάλεσεν</span> <span class='ocrx_word' id='word_1_226' title='bbox 615 2204 626 2214; x_wconf 90' lang='grc'><strong>·</strong></span> <span class='ocrx_word' id='word_1_227' title='bbox 661 2186 814 2248; x_wconf 65' lang='lat' dir='ltr'><strong>eset;</strong></span> <span class='ocrx_word' id='word_1_228' title='bbox 864 2187 921 2239; x_wconf 86' lang='grc' dir='ltr'>δὲ</span> <span class='ocrx_word' id='word_1_229' title='bbox 953 2186 1116 2240; x_wconf 88' lang='grc' dir='ltr'>αὐτοῦ</span> <span class='ocrx_word' id='word_1_230' title='bbox 1167 2188 1225 2240; x_wconf 82' lang='grc' dir='ltr'>τὺ</span> <span class='ocrx_word' id='word_1_231' title='bbox 1275 2188 1517 2258; x_wconf 80' lang='grc' dir='ltr'>ἑδραῖον·</span> <span class='ocrx_word' id='word_1_232' title='bbox 1547 2190 1748 2242; x_wconf 70' lang='grc' dir='ltr'>ὡσανεὶ</span> 
     </span>
    </p>
   </div>
   <div class='ocr_carea' id='block_1_32' title="bbox 173 2277 1747 2353">
    <p class='ocr_par' dir='ltr' id='par_1_32' title="bbox 173 2277 1747 2353">
     <span class='ocr_line' id='line_1_32' title="bbox 173 2277 1747 2353; baseline 0.001 -21"><span class='ocrx_word' id='word_1_233' title='bbox 173 2277 362 2344; x_wconf 73' lang='grc' dir='ltr'>λέγοιο</span> <span class='ocrx_word' id='word_1_234' title='bbox 406 2279 722 2346; x_wconf 68' lang='grc' dir='ltr'>Ἀσφάλισαί</span> <span class='ocrx_word' id='word_1_235' title='bbox 762 2297 859 2349; x_wconf 86' lang='grc' dir='ltr'><strong>μου</strong></span> <span class='ocrx_word' id='word_1_236' title='bbox 883 2279 973 2334; x_wconf 84' lang='grc' dir='ltr'><strong>τὸν</strong></span> <span class='ocrx_word' id='word_1_237' title='bbox 1006 2278 1150 2343; x_wconf 91' lang='grc' dir='ltr'>νοῦν,</span> <span class='ocrx_word' id='word_1_238' title='bbox 1179 2281 1272 2334; x_wconf 82' lang='grc' dir='ltr'><strong>τοῦ</strong></span> <span class='ocrx_word' id='word_1_239' title='bbox 1312 2282 1505 2353; x_wconf 78' lang='grc' dir='ltr'>μηκέτι</span> <span class='ocrx_word' id='word_1_240' title='bbox 1529 2283 1747 2336; x_wconf 74' lang='grc' dir='ltr'>εὔκολον</span> 
     </span>
    </p>
   </div>
   <div class='ocr_carea' id='block_1_33' title="bbox 177 2366 1150 2443">
    <p class='ocr_par' dir='ltr' id='par_1_33' title="bbox 177 2366 1150 2443">
     <span class='ocr_line' id='line_1_33' title="bbox 177 2366 1150 2443; baseline 0.005 -20"><span class='ocrx_word' id='word_1_241' title='bbox 177 2366 320 2424; x_wconf 75' lang='grc' dir='ltr'>εἶναι</span> <span class='ocrx_word' id='word_1_242' title='bbox 353 2373 712 2425; x_wconf 80' lang='grc' dir='ltr'>καταπίπτειν</span> <span class='ocrx_word' id='word_1_243' title='bbox 750 2376 826 2436; x_wconf 79' lang='grc' dir='ltr'>εἰς</span> <span class='ocrx_word' id='word_1_244' title='bbox 854 2374 1150 2443; x_wconf 75' lang='grc' dir='ltr'>ἁμαρτίαν.</span> 
     </span>
    </p>
   </div>
   <div class='ocr_carea' id='block_1_34' title="bbox 1858 2187 3419 2261">
    <p class='ocr_par' dir='ltr' id='par_1_34' title="bbox 1858 2187 3419 2261">
     <span class='ocr_line' id='line_1_34' title="bbox 1858 2187 3419 2261; baseline 0.002 -19"><span class='ocrx_word' id='word_1_245' title='bbox 1858 2187 2116 2257; x_wconf 83' lang='lat' dir='ltr'><strong>Spiritum</strong></span> <span class='ocrx_word' id='word_1_246' title='bbox 2164 2193 2452 2260; x_wconf 73' lang='lat' dir='ltr'><strong>appellarit</strong></span> <span class='ocrx_word' id='word_1_247' title='bbox 2506 2192 2676 2261; x_wconf 84' lang='lat' dir='ltr'><strong>ipsam</strong></span> <span class='ocrx_word' id='word_1_248' title='bbox 2713 2204 2977 2255; x_wconf 85' lang='lat' dir='ltr'><strong>mentem;</strong></span> <span class='ocrx_word' id='word_1_249' title='bbox 3042 2192 3419 2246; x_wconf 89' lang='lat' dir='ltr'><strong>rectitudinem</strong></span> 
     </span>
    </p>
   </div>
   <div class='ocr_carea' id='block_1_35' title="bbox 1854 2283 3420 2353">
    <p class='ocr_par' dir='ltr' id='par_1_35' title="bbox 1854 2283 3420 2353">
     <span class='ocr_line' id='line_1_35' title="bbox 1854 2283 3420 2353; baseline 0.003 -21"><span class='ocrx_word' id='word_1_250' title='bbox 1854 2297 1982 2334; x_wconf 84' lang='lat' dir='ltr'><strong>vero</strong></span> <span class='ocrx_word' id='word_1_251' title='bbox 2017 2298 2111 2347; x_wconf 86' lang='lat' dir='ltr'><strong>pro</strong></span> <span class='ocrx_word' id='word_1_252' title='bbox 2141 2283 2394 2337; x_wconf 82' lang='lat' dir='ltr'><strong>ﬁrmitate</strong></span> <span class='ocrx_word' id='word_1_253' title='bbox 2420 2284 2537 2353; x_wconf 85' lang='lat' dir='ltr'><strong>ejus</strong></span> <span class='ocrx_word' id='word_1_254' title='bbox 2569 2284 2722 2346; x_wconf 80' lang='lat' dir='ltr'><strong>dixlt,</strong></span> <span class='ocrx_word' id='word_1_255' title='bbox 2747 2285 2901 2351; x_wconf 88' lang='lat' dir='ltr'><strong>quasi</strong></span> <span class='ocrx_word' id='word_1_256' title='bbox 2926 2284 3146 2339; x_wconf 79' lang='lat' dir='ltr'><strong>dixisset</strong></span> <span class='ocrx_word' id='word_1_257' title='bbox 3173 2303 3185 2340; x_wconf 94' lang='lat'>:</span> <span class='ocrx_word' id='word_1_258' title='bbox 3211 2284 3420 2338; x_wconf 75' lang='lat' dir='ltr'><strong>Confir—</strong></span> 
     </span>
    </p>
   </div>
   <div class='ocr_carea' id='block_1_36' title="bbox 1854 2375 3422 2444">
    <p class='ocr_par' dir='ltr' id='par_1_36' title="bbox 1854 2375 3422 2444">
     <span class='ocr_line' id='line_1_36' title="bbox 1854 2375 3422 2444; baseline 0.004 -21"><span class='ocrx_word' id='word_1_259' title='bbox 1854 2386 1940 2424; x_wconf 90' lang='lat' dir='ltr'><strong>ma</strong></span> <span class='ocrx_word' id='word_1_260' title='bbox 1972 2384 2204 2424; x_wconf 85' lang='lat' dir='ltr'><strong>mentem</strong></span> <span class='ocrx_word' id='word_1_261' title='bbox 2239 2390 2432 2436; x_wconf 87' lang='lat' dir='ltr'><strong>meam,</strong></span> <span class='ocrx_word' id='word_1_262' title='bbox 2461 2384 2517 2428; x_wconf 92' lang='lat' dir='ltr'><strong>ut</strong></span> <span class='ocrx_word' id='word_1_263' title='bbox 2541 2389 2880 2443; x_wconf 84' lang='lat' dir='ltr'><strong>nequaquam</strong></span> <span class='ocrx_word' id='word_1_264' title='bbox 2907 2375 3160 2444; x_wconf 81' lang='lat' dir='ltr'><strong>proclivis</strong></span> <span class='ocrx_word' id='word_1_265' title='bbox 3183 2378 3252 2430; x_wconf 91' lang='lat' dir='ltr'><strong>sit</strong></span> <span class='ocrx_word' id='word_1_266' title='bbox 3273 2375 3422 2433; x_wconf 83' lang='lat' dir='ltr'><strong>dein-</strong></span> 
     </span>
    </p>
   </div>
   <div class='ocr_carea' id='block_1_37' title="bbox 1856 2464 2936 2534">
    <p class='ocr_par' dir='ltr' id='par_1_37' title="bbox 1856 2464 2936 2534">
     <span class='ocr_line' id='line_1_37' title="bbox 1856 2464 2936 2534; baseline 0.003 -16"><span class='ocrx_word' id='word_1_267' title='bbox 1856 2479 1980 2533; x_wconf 90' lang='lat' dir='ltr'><strong>ceps</strong></span> <span class='ocrx_word' id='word_1_268' title='bbox 2010 2464 2075 2516; x_wconf 89' lang='lat' dir='ltr'><strong>ad</strong></span> <span class='ocrx_word' id='word_1_269' title='bbox 2115 2465 2506 2533; x_wconf 89' lang='lat' dir='ltr'><strong>prolabendum</strong></span> <span class='ocrx_word' id='word_1_270' title='bbox 2547 2465 2601 2519; x_wconf 91' lang='lat' dir='ltr'><strong>i-n</strong></span> <span class='ocrx_word' id='word_1_271' title='bbox 2637 2475 2936 2534; x_wconf 83' lang='lat' dir='ltr'><strong>peccatum.</strong></span> 
     </span>
    </p>
   </div>
   <div class='ocr_carea' id='block_1_38' title="bbox 785 2617 2858 2689">
    <p class='ocr_par' dir='ltr' id='par_1_38' title="bbox 785 2617 2858 2689">
     <span class='ocr_line' id='line_1_38' title="bbox 785 2617 2858 2689; baseline 0 -17"><span class='ocrx_word' id='word_1_272' title='bbox 785 2618 848 2673; x_wconf 84' lang='grc' dir='ltr'>1η</span> <span class='ocrx_word' id='word_1_273' title='bbox 887 2619 1024 2689; x_wconf 81' lang='lat' dir='ltr'><strong>psal.</strong></span> <span class='ocrx_word' id='word_1_274' title='bbox 1056 2635 1124 2674; x_wconf 68' lang='grc' dir='ltr'><strong>ωε</strong></span> <span class='ocrx_word' id='word_1_275' title='bbox 1162 2621 1256 2673; x_wconf 84' lang='lat' dir='ltr'><strong>illa</strong></span> <span class='ocrx_word' id='word_1_276' title='bbox 1289 2622 1440 2677; x_wconf 86' lang='lat' dir='ltr'><strong>verba</strong></span> <span class='ocrx_word' id='word_1_277' title='bbox 1472 2639 1491 2676; x_wconf 91' lang='lat'><em>:</em></span> <span class='ocrx_word' id='word_1_278' title='bbox 1524 2639 1542 2672; x_wconf 83' lang='grc' dir='ltr'><strong>ι</strong></span> <span class='ocrx_word' id='word_1_279' title='bbox 1576 2621 1618 2673; x_wconf 84' lang='grc' dir='ltr'><em>Α</em></span> <span class='ocrx_word' id='word_1_280' title='bbox 1646 2621 1837 2689; x_wconf 76' lang='lat' dir='ltr'><strong>ﬁnibus</strong></span> <span class='ocrx_word' id='word_1_281' title='bbox 1868 2631 2021 2675; x_wconf 79' lang='lat' dir='ltr'><strong>terra:</strong></span> <span class='ocrx_word' id='word_1_282' title='bbox 2052 2619 2120 2671; x_wconf 86' lang='lat' dir='ltr'><strong>ad</strong></span> <span class='ocrx_word' id='word_1_283' title='bbox 2151 2629 2198 2674; x_wconf 84' lang='lat' dir='ltr'><strong>le</strong></span> <span class='ocrx_word' id='word_1_284' title='bbox 2237 2619 2482 2681; x_wconf 80' lang='lat' dir='ltr'><strong>clamavi,</strong></span> <span class='ocrx_word' id='word_1_285' title='bbox 2516 2638 2533 2669; x_wconf 76' lang='grc' dir='ltr'><strong>ι</strong></span> <span class='ocrx_word' id='word_1_286' title='bbox 2571 2627 2695 2681; x_wconf 87' lang='lat' dir='ltr'><strong>etc.,</strong></span> <span class='ocrx_word' id='word_1_287' title='bbox 2724 2635 2772 2671; x_wconf 85' lang='grc' dir='ltr'><strong>υ.</strong></span> <span class='ocrx_word' id='word_1_288' title='bbox 2805 2617 2858 2673; x_wconf 77' lang='grc'><strong>5.</strong></span> 
     </span>
    </p>
   </div>
   <div class='ocr_carea' id='block_1_39' title="bbox 288 2777 1758 2848">
    <p class='ocr_par' dir='ltr' id='par_1_39' title="bbox 288 2777 1758 2848">
     <span class='ocr_line' id='line_1_39' title="bbox 288 2777 1758 2848; baseline -0.003 -16"><span class='ocrx_word' id='word_1_289' title='bbox 288 2777 632 2832; x_wconf 78' lang='grc' dir='ltr'>Αθαναισίσυ</span> <span class='ocrx_word' id='word_1_290' title='bbox 677 2777 773 2830; x_wconf 78' lang='grc' dir='ltr'>καὶ</span> <span class='ocrx_word' id='word_1_291' title='bbox 827 2778 1140 2832; x_wconf 77' lang='grc' dir='ltr'><strong>Εἱνσεϐἰου.</strong></span> <span class='ocrx_word' id='word_1_292' title='bbox 1189 2778 1410 2848; x_wconf 53' lang='lat' dir='ltr'><strong>amate</strong></span> <span class='ocrx_word' id='word_1_293' title='bbox 1457 2779 1510 2830; x_wconf 77' lang='grc' dir='ltr'>δὲ</span> <span class='ocrx_word' id='word_1_294' title='bbox 1548 2777 1758 2844; x_wconf 77' lang='grc' dir='ltr'>ἀληθῶς</span> 
     </span>
    </p>
   </div>
   <div class='ocr_carea' id='block_1_40' title="bbox 186 2866 1758 2938">
    <p class='ocr_par' dir='ltr' id='par_1_40' title="bbox 186 2866 1758 2938">
     <span class='ocr_line' id='line_1_40' title="bbox 186 2866 1758 2938; baseline -0.001 -18"><span class='ocrx_word' id='word_1_295' title='bbox 186 2868 283 2920; x_wconf 79' lang='grc' dir='ltr'>καὶ</span> <span class='ocrx_word' id='word_1_296' title='bbox 320 2868 579 2936; x_wconf 76' lang='grc' dir='ltr'>ἀδημονεῖ</span> <span class='ocrx_word' id='word_1_297' title='bbox 625 2869 732 2928; x_wconf 82' lang='grc' dir='ltr'>πᾶς</span> <span class='ocrx_word' id='word_1_298' title='bbox 773 2866 1022 2936; x_wconf 73' lang='grc' dir='ltr'>Θεοφιλὴς</span> <span class='ocrx_word' id='word_1_299' title='bbox 1063 2869 1140 2936; x_wconf 85' lang='grc' dir='ltr'><strong>τῷ</strong></span> <span class='ocrx_word' id='word_1_300' title='bbox 1185 2868 1361 2938; x_wconf 82' lang='grc' dir='ltr'>Ονητῷ</span> <span class='ocrx_word' id='word_1_301' title='bbox 1411 2867 1758 2937; x_wconf 74' lang='grc' dir='ltr'>ἐνδιατρίεων</span> 
     </span>
    </p>
   </div>
   <div class='ocr_carea' id='block_1_41' title="bbox 189 2958 1757 3028">
    <p class='ocr_par' dir='ltr' id='par_1_41' title="bbox 189 2958 1757 3028">
     <span class='ocr_line' id='line_1_41' title="bbox 189 2958 1757 3028; baseline -0.002 -17"><span class='ocrx_word' id='word_1_302' title='bbox 189 2959 294 3028; x_wconf 78' lang='grc' dir='ltr'><strong>βίῳ</strong></span> <span class='ocrx_word' id='word_1_303' title='bbox 319 2976 331 2986; x_wconf 90' lang='grc'><strong>·</strong></span> <span class='ocrx_word' id='word_1_304' title='bbox 367 2959 626 3027; x_wconf 84' lang='grc' dir='ltr'>ἀδημονεῖ</span> <span class='ocrx_word' id='word_1_305' title='bbox 651 2959 706 3010; x_wconf 82' lang='grc' dir='ltr'><strong>δὲ</strong></span> <span class='ocrx_word' id='word_1_306' title='bbox 746 2959 837 3010; x_wconf 75' lang='grc' dir='ltr'>καὶ</span> <span class='ocrx_word' id='word_1_307' title='bbox 864 2958 951 3010; x_wconf 75' lang='grc' dir='ltr'><strong>διὰ</strong></span> <span class='ocrx_word' id='word_1_308' title='bbox 980 2959 1403 3028; x_wconf 70' lang='grc' dir='ltr'>φιλανθρωπίαν,</span> <span class='ocrx_word' id='word_1_309' title='bbox 1460 2959 1519 3010; x_wconf 82' lang='grc' dir='ltr'><strong>τὸ</strong></span> <span class='ocrx_word' id='word_1_310' title='bbox 1559 2958 1757 3026; x_wconf 81' lang='grc' dir='ltr'>πλἧοος</span> 
     </span>
    </p>
   </div>
   <div class='ocr_carea' id='block_1_42' title="bbox 181 3047 1754 3122">
    <p class='ocr_par' dir='ltr' id='par_1_42' title="bbox 181 3047 1754 3122">
     <span class='ocr_line' id='line_1_42' title="bbox 181 3047 1754 3122; baseline -0.001 -20"><span class='ocrx_word' id='word_1_311' title='bbox 181 3067 298 3102; x_wconf 77' lang='grc' dir='ltr'><strong>των</strong></span> <span class='ocrx_word' id='word_1_312' title='bbox 344 3051 729 3122; x_wconf 71' lang='grc' dir='ltr'>ἀπολλυμένων</span> <span class='ocrx_word' id='word_1_313' title='bbox 765 3050 1002 3120; x_wconf 85' lang='grc' dir='ltr'>Οεωρῶν.</span> <span class='ocrx_word' id='word_1_314' title='bbox 1053 3051 1267 3120; x_wconf 77' lang='grc' dir='ltr'>Ἐπειδὴ</span> <span class='ocrx_word' id='word_1_315' title='bbox 1301 3047 1391 3103; x_wconf 73' lang='grc' dir='ltr'><strong>οὖν</strong></span> <span class='ocrx_word' id='word_1_316' title='bbox 1423 3051 1515 3102; x_wconf 69' lang='grc' dir='ltr'><strong>καὶ</strong></span> <span class='ocrx_word' id='word_1_317' title='bbox 1556 3049 1717 3102; x_wconf 77' lang='grc' dir='ltr'>Δαυῒδ</span> <span class='ocrx_word' id='word_1_318' title='bbox 1741 3091 1754 3113; x_wconf 92' lang='grc'><strong>,</strong></span> 
     </span>
    </p>
   </div>
   <div class='ocr_carea' id='block_1_43' title="bbox 185 3135 1752 3210">
    <p class='ocr_par' dir='ltr' id='par_1_43' title="bbox 185 3135 1752 3210">
     <span class='ocr_line' id='line_1_43' title="bbox 185 3135 1752 3210; baseline -0.003 -16"><span class='ocrx_word' id='word_1_319' title='bbox 185 3144 270 3203; x_wconf 69' lang='grc' dir='ltr'>εἰς</span> <span class='ocrx_word' id='word_1_320' title='bbox 339 3142 435 3210; x_wconf 70' lang='grc' dir='ltr'><strong>τὴν</strong></span> <span class='ocrx_word' id='word_1_321' title='bbox 488 3135 946 3194; x_wconf 81' lang='grc' dir='ltr'>καταδυναστείαν</span> <span class='ocrx_word' id='word_1_322' title='bbox 999 3143 1092 3193; x_wconf 68' lang='grc' dir='ltr'><strong>καὶ</strong></span> <span class='ocrx_word' id='word_1_323' title='bbox 1142 3141 1430 3210; x_wconf 83' lang='grc' dir='ltr'>τυραννίδα</span> <span class='ocrx_word' id='word_1_324' title='bbox 1481 3141 1585 3193; x_wconf 83' lang='grc' dir='ltr'><strong>τῶν</strong></span> <span class='ocrx_word' id='word_1_325' title='bbox 1636 3140 1752 3192; x_wconf 84' lang='grc' dir='ltr'>δαι-</span> 
     </span>
    </p>
   </div>
   <div class='ocr_carea' id='block_1_44' title="bbox 189 3232 1754 3305">
    <p class='ocr_par' dir='ltr' id='par_1_44' title="bbox 189 3232 1754 3305">
     <span class='ocr_line' id='line_1_44' title="bbox 189 3232 1754 3305; baseline 0.001 -19"><span class='ocrx_word' id='word_1_326' title='bbox 189 3239 372 3304; x_wconf 73' lang='grc' dir='ltr'>μόνων</span> <span class='ocrx_word' id='word_1_327' title='bbox 418 3232 657 3302; x_wconf 81' lang='grc' dir='ltr'>θεωρῶν,</span> <span class='ocrx_word' id='word_1_328' title='bbox 718 3234 945 3302; x_wconf 80' lang='grc' dir='ltr'>ἀκηδίας</span> <span class='ocrx_word' id='word_1_329' title='bbox 978 3235 1336 3304; x_wconf 76' lang='grc' dir='ltr'>πεπλήρωτο,</span> <span class='ocrx_word' id='word_1_330' title='bbox 1374 3235 1562 3286; x_wconf 73' lang='grc' dir='ltr'>τούτου</span> <span class='ocrx_word' id='word_1_331' title='bbox 1597 3235 1754 3305; x_wconf 83' lang='grc' dir='ltr'>χάριν</span> 
     </span>
    </p>
   </div>
   <div class='ocr_carea' id='block_1_45' title="bbox 187 3323 1754 3394">
    <p class='ocr_par' dir='ltr' id='par_1_45' title="bbox 187 3323 1754 3394">
     <span class='ocr_line' id='line_1_45' title="bbox 187 3323 1754 3394; baseline 0.001 -18"><span class='ocrx_word' id='word_1_332' title='bbox 187 3324 448 3385; x_wconf 80' lang='grc' dir='ltr'>ἱκετεύει,</span> <span class='ocrx_word' id='word_1_333' title='bbox 476 3325 641 3385; x_wconf 80' lang='grc' dir='ltr'>ὅπως,</span> <span class='ocrx_word' id='word_1_334' title='bbox 679 3325 957 3391; x_wconf 71' lang='grc' dir='ltr'>ἐπιφανεὶς</span> <span class='ocrx_word' id='word_1_335' title='bbox 993 3326 1021 3376; x_wconf 86' lang='grc' dir='ltr'>ὁ</span> <span class='ocrx_word' id='word_1_336' title='bbox 1063 3323 1285 3394; x_wconf 81' lang='grc' dir='ltr'>Κύριος,</span> <span class='ocrx_word' id='word_1_337' title='bbox 1317 3326 1414 3394; x_wconf 83' lang='grc' dir='ltr'>τῆς</span> <span class='ocrx_word' id='word_1_338' title='bbox 1443 3326 1548 3378; x_wconf 81' lang='grc' dir='ltr'><strong>τῶν</strong></span> <span class='ocrx_word' id='word_1_339' title='bbox 1580 3327 1754 3393; x_wconf 71' lang='grc' dir='ltr'>βιαξοο</span> 
     </span>
    </p>
   </div>
   <div class='ocr_carea' id='block_1_46' title="bbox 191 3415 1758 3486">
    <p class='ocr_par' dir='ltr' id='par_1_46' title="bbox 191 3415 1758 3486">
     <span class='ocr_line' id='line_1_46' title="bbox 191 3415 1758 3486; baseline 0 -16"><span class='ocrx_word' id='word_1_340' title='bbox 191 3418 374 3486; x_wconf 85' lang='grc' dir='ltr'>μένων</span> <span class='ocrx_word' id='word_1_341' title='bbox 403 3418 551 3486; x_wconf 83' lang='grc' dir='ltr'>ἡμᾶς</span> <span class='ocrx_word' id='word_1_342' title='bbox 577 3415 824 3484; x_wconf 82' lang='grc' dir='ltr'>ἐξέληται</span> <span class='ocrx_word' id='word_1_343' title='bbox 868 3416 1046 3486; x_wconf 82' lang='grc' dir='ltr'>χειρός</span> <span class='ocrx_word' id='word_1_344' title='bbox 1076 3416 1208 3486; x_wconf 79' lang='lat'><strong>(85).</strong></span> <span class='ocrx_word' id='word_1_345' title='bbox 1260 3417 1332 3469; x_wconf 80' lang='grc' dir='ltr'>Τὸ</span> <span class='ocrx_word' id='word_1_346' title='bbox 1378 3417 1454 3480; x_wconf 83' lang='grc' dir='ltr'>δὲ,</span> <span class='ocrx_word' id='word_1_347' title='bbox 1495 3418 1610 3470; x_wconf 81' lang='grc' dir='ltr'>ἀπὸ</span> <span class='ocrx_word' id='word_1_348' title='bbox 1640 3416 1758 3470; x_wconf 79' lang='grc' dir='ltr'><strong>τῶν</strong></span> 
     </span>
    </p>
   </div>
   <div class='ocr_carea' id='block_1_47' title="bbox 1932 2771 3428 2832">
    <p class='ocr_par' dir='ltr' id='par_1_47' title="bbox 1932 2771 3428 2832">
     <span class='ocr_line' id='line_1_47' title="bbox 1932 2771 3428 2832; baseline -0.001 -1"><span class='ocrx_word' id='word_1_349' title='bbox 1932 2777 2211 2832; x_wconf 74' lang='lat' dir='ltr'><strong>Athanasii</strong></span> <span class='ocrx_word' id='word_1_350' title='bbox 2265 2786 2313 2827; x_wconf 83' lang='lat' dir='ltr'><strong>et</strong></span> <span class='ocrx_word' id='word_1_351' title='bbox 2372 2773 2604 2826; x_wconf 75' lang='lat' dir='ltr'><strong>Eusebii.</strong></span> <span class='ocrx_word' id='word_1_352' title='bbox 2664 2774 2874 2826; x_wconf 77' lang='lat' dir='ltr'><strong>Anxius</strong></span> <span class='ocrx_word' id='word_1_353' title='bbox 2915 2784 3062 2829; x_wconf 88' lang='lat' dir='ltr'><strong>certe</strong></span> <span class='ocrx_word' id='word_1_354' title='bbox 3094 2782 3253 2830; x_wconf 87' lang='lat' dir='ltr'><strong>estet</strong></span> <span class='ocrx_word' id='word_1_355' title='bbox 3284 2771 3428 2830; x_wconf 77' lang='lat' dir='ltr'><strong>dolet</strong></span> 
     </span>
    </p>
   </div>
   <div class='ocr_carea' id='block_1_48' title="bbox 1868 2865 3427 2934">
    <p class='ocr_par' dir='ltr' id='par_1_48' title="bbox 1868 2865 3427 2934">
     <span class='ocr_line' id='line_1_48' title="bbox 1868 2865 3427 2934; baseline -0.002 -11"><span class='ocrx_word' id='word_1_356' title='bbox 1868 2869 2046 2923; x_wconf 86' lang='lat' dir='ltr'><strong>omnis</strong></span> <span class='ocrx_word' id='word_1_357' title='bbox 2081 2867 2172 2919; x_wconf 81' lang='lat' dir='ltr'><strong>Dei</strong></span> <span class='ocrx_word' id='word_1_358' title='bbox 2207 2881 2416 2929; x_wconf 83' lang='lat' dir='ltr'><strong>amans,</strong></span> <span class='ocrx_word' id='word_1_359' title='bbox 2441 2866 2566 2919; x_wconf 91' lang='lat' dir='ltr'><strong>dum</strong></span> <span class='ocrx_word' id='word_1_360' title='bbox 2593 2865 2701 2934; x_wconf 83' lang='lat' dir='ltr'><strong>agit</strong></span> <span class='ocrx_word' id='word_1_361' title='bbox 2735 2865 2785 2916; x_wconf 94' lang='lat' dir='ltr'><strong>in</strong></span> <span class='ocrx_word' id='word_1_362' title='bbox 2822 2865 2922 2917; x_wconf 86' lang='lat' dir='ltr'><strong>hac</strong></span> <span class='ocrx_word' id='word_1_363' title='bbox 2949 2866 3056 2917; x_wconf 83' lang='lat' dir='ltr'><strong>vita</strong></span> <span class='ocrx_word' id='word_1_364' title='bbox 3085 2886 3095 2917; x_wconf 92' lang='lat'>:</span> <span class='ocrx_word' id='word_1_365' title='bbox 3124 2866 3267 2918; x_wconf 89' lang='lat' dir='ltr'><strong>dolet</strong></span> <span class='ocrx_word' id='word_1_366' title='bbox 3302 2880 3427 2920; x_wconf 83' lang='lat' dir='ltr'><strong>vero</strong></span> 
     </span>
    </p>
   </div>
   <div class='ocr_carea' id='block_1_49' title="bbox 1863 2957 3429 3021">
    <p class='ocr_par' dir='ltr' id='par_1_49' title="bbox 1863 2957 3429 3021">
     <span class='ocr_line' id='line_1_49' title="bbox 1863 2957 3429 3021; baseline -0.004 -7"><span class='ocrx_word' id='word_1_367' title='bbox 1863 2963 2026 3014; x_wconf 86' lang='lat' dir='ltr'><strong>etiam</strong></span> <span class='ocrx_word' id='word_1_368' title='bbox 2070 2961 2138 3013; x_wconf 91' lang='lat' dir='ltr'><strong>ob</strong></span> <span class='ocrx_word' id='word_1_369' title='bbox 2181 2960 2641 3021; x_wconf 77' lang='lat' dir='ltr'><strong>benevolentiam,</strong></span> <span class='ocrx_word' id='word_1_370' title='bbox 2677 2958 2866 3010; x_wconf 81' lang='lat' dir='ltr'><strong>videns</strong></span> <span class='ocrx_word' id='word_1_371' title='bbox 2913 2966 3112 3009; x_wconf 87' lang='lat' dir='ltr'><strong>tantam</strong></span> <span class='ocrx_word' id='word_1_372' title='bbox 3148 2957 3429 3009; x_wconf 87' lang='lat' dir='ltr'><strong>hominum</strong></span> 
     </span>
    </p>
   </div>
   <div class='ocr_carea' id='block_1_50' title="bbox 1861 3046 3430 3119">
    <p class='ocr_par' dir='ltr' id='par_1_50' title="bbox 1861 3046 3430 3119">
     <span class='ocr_line' id='line_1_50' title="bbox 1861 3046 3430 3119; baseline -0.003 -14"><span class='ocrx_word' id='word_1_373' title='bbox 1861 3051 2258 3105; x_wconf 86' lang='lat' dir='ltr'><strong>multitudinem</strong></span> <span class='ocrx_word' id='word_1_374' title='bbox 2294 3051 2488 3118; x_wconf 87' lang='lat' dir='ltr'><strong>perire.</strong></span> <span class='ocrx_word' id='word_1_375' title='bbox 2527 3047 2663 3114; x_wconf 87' lang='lat' dir='ltr'><strong>Quia</strong></span> <span class='ocrx_word' id='word_1_376' title='bbox 2697 3048 2859 3119; x_wconf 81' lang='lat' dir='ltr'><strong>igitur</strong></span> <span class='ocrx_word' id='word_1_377' title='bbox 2889 3047 3048 3102; x_wconf 82' lang='lat' dir='ltr'><strong>etiam</strong></span> <span class='ocrx_word' id='word_1_378' title='bbox 3080 3046 3242 3100; x_wconf 81' lang='lat' dir='ltr'><strong>David</strong></span> <span class='ocrx_word' id='word_1_379' title='bbox 3265 3089 3279 3110; x_wconf 94' lang='lat'><strong>,</strong></span> <span class='ocrx_word' id='word_1_380' title='bbox 3305 3062 3430 3100; x_wconf 91' lang='lat' dir='ltr'><strong>cum</strong></span> 
     </span>
    </p>
   </div>
   <div class='ocr_carea' id='block_1_51' title="bbox 1859 3139 3430 3210">
    <p class='ocr_par' dir='ltr' id='par_1_51' title="bbox 1859 3139 3430 3210">
     <span class='ocr_line' id='line_1_51' title="bbox 1859 3139 3430 3210; baseline -0.003 -14"><span class='ocrx_word' id='word_1_381' title='bbox 1859 3144 2152 3210; x_wconf 79' lang='lat' dir='ltr'><strong>reSpiceret</strong></span> <span class='ocrx_word' id='word_1_382' title='bbox 2187 3141 2250 3193; x_wconf 89' lang='lat' dir='ltr'><strong>ad</strong></span> <span class='ocrx_word' id='word_1_383' title='bbox 2284 3141 2576 3208; x_wconf 85' lang='lat' dir='ltr'><strong>potentiam</strong></span> <span class='ocrx_word' id='word_1_384' title='bbox 2624 3156 2687 3192; x_wconf 88' lang='lat' dir='ltr'><strong>ac</strong></span> <span class='ocrx_word' id='word_1_385' title='bbox 2731 3139 3067 3210; x_wconf 85' lang='lat' dir='ltr'><strong>tyrannidem</strong></span> <span class='ocrx_word' id='word_1_386' title='bbox 3103 3141 3430 3207; x_wconf 77' lang='lat' dir='ltr'><strong>dzemonum,</strong></span> 
     </span>
    </p>
   </div>
   <div class='ocr_carea' id='block_1_52' title="bbox 1863 3231 3434 3302">
    <p class='ocr_par' dir='ltr' id='par_1_52' title="bbox 1863 3231 3434 3302">
     <span class='ocr_line' id='line_1_52' title="bbox 1863 3231 3434 3302; baseline -0.003 -13"><span class='ocrx_word' id='word_1_387' title='bbox 1863 3236 2134 3289; x_wconf 80' lang='lat' dir='ltr'><strong>anxietate</strong></span> <span class='ocrx_word' id='word_1_388' title='bbox 2174 3233 2567 3302; x_wconf 83' lang='lat' dir='ltr'><strong>corripiebatur</strong></span> <span class='ocrx_word' id='word_1_389' title='bbox 2592 3273 2606 3296; x_wconf 96' lang='lat'><strong>,</strong></span> <span class='ocrx_word' id='word_1_390' title='bbox 2663 3232 2866 3285; x_wconf 84' lang='lat' dir='ltr'><strong>idcirco</strong></span> <span class='ocrx_word' id='word_1_391' title='bbox 2893 3233 3161 3300; x_wconf 85' lang='lat' dir='ltr'><strong>supplicat</strong></span> <span class='ocrx_word' id='word_1_392' title='bbox 3199 3231 3308 3285; x_wconf 91' lang='lat' dir='ltr'><strong>Deo</strong></span> <span class='ocrx_word' id='word_1_393' title='bbox 3333 3273 3346 3297; x_wconf 98' lang='lat'><strong>,</strong></span> <span class='ocrx_word' id='word_1_394' title='bbox 3377 3241 3434 3285; x_wconf 85' lang='lat' dir='ltr'><strong>ut</strong></span> 
     </span>
    </p>
   </div>
   <div class='ocr_carea' id='block_1_53' title="bbox 1866 3324 3435 3392">
    <p class='ocr_par' dir='ltr' id='par_1_53' title="bbox 1866 3324 3435 3392">
     <span class='ocr_line' id='line_1_53' title="bbox 1866 3324 3435 3392; baseline -0.003 -10"><span class='ocrx_word' id='word_1_395' title='bbox 1866 3330 2129 3383; x_wconf 89' lang='lat' dir='ltr'><strong>Dominus</strong></span> <span class='ocrx_word' id='word_1_396' title='bbox 2160 3330 2215 3382; x_wconf 88' lang='lat' dir='ltr'><strong>in</strong></span> <span class='ocrx_word' id='word_1_397' title='bbox 2242 3346 2399 3382; x_wconf 81' lang='lat' dir='ltr'><strong>carne</strong></span> <span class='ocrx_word' id='word_1_398' title='bbox 2430 3345 2486 3383; x_wconf 86' lang='lat' dir='ltr'><strong>se</strong></span> <span class='ocrx_word' id='word_1_399' title='bbox 2516 3327 2870 3383; x_wconf 80' lang='lat' dir='ltr'><strong>manifestans</strong></span> <span class='ocrx_word' id='word_1_400' title='bbox 2891 3369 2905 3392; x_wconf 88' lang='lat'><strong>,</strong></span> <span class='ocrx_word' id='word_1_401' title='bbox 2942 3343 3041 3382; x_wconf 90' lang='lat' dir='ltr'><strong>nos</strong></span> <span class='ocrx_word' id='word_1_402' title='bbox 3070 3326 3136 3379; x_wconf 89' lang='lat' dir='ltr'><strong>de</strong></span> <span class='ocrx_word' id='word_1_403' title='bbox 3183 3324 3435 3378; x_wconf 64' lang='lat' dir='ltr'><strong>manibuﬂ</strong></span> 
     </span>
    </p>
   </div>
   <div class='ocr_carea' id='block_1_54' title="bbox 1866 3415 3434 3486">
    <p class='ocr_par' dir='ltr' id='par_1_54' title="bbox 1866 3415 3434 3486">
     <span class='ocr_line' id='line_1_54' title="bbox 1866 3415 3434 3486; baseline -0.003 -15"><span class='ocrx_word' id='word_1_404' title='bbox 1866 3420 2235 3486; x_wconf 88' lang='lat' dir='ltr'><strong>torquentium</strong></span> <span class='ocrx_word' id='word_1_405' title='bbox 2259 3429 2433 3470; x_wconf 86' lang='lat' dir='ltr'><strong>eruat.</strong></span> <span class='ocrx_word' id='word_1_406' title='bbox 2464 3418 2594 3470; x_wconf 90' lang='lat' dir='ltr'><strong>Illud</strong></span> <span class='ocrx_word' id='word_1_407' title='bbox 2623 3434 2772 3481; x_wconf 82' lang='lat' dir='ltr'><strong>vero,</strong></span> <span class='ocrx_word' id='word_1_408' title='bbox 2797 3436 2826 3470; x_wconf 79' lang='grc' dir='ltr'><strong>α</strong></span> <span class='ocrx_word' id='word_1_409' title='bbox 2858 3419 3048 3486; x_wconf 79' lang='lat' dir='ltr'><strong>ﬁnibus</strong></span> <span class='ocrx_word' id='word_1_410' title='bbox 3075 3427 3247 3479; x_wconf 65' lang='lat' dir='ltr'><strong>terrae,</strong></span> <span class='ocrx_word' id='word_1_411' title='bbox 3273 3415 3434 3485; x_wconf 83' lang='lat' dir='ltr'><strong>signi-</strong></span> 
     </span>
    </p>
   </div>
   <div class='ocr_carea' id='block_1_55' title="bbox 189 3506 1785 3580">
    <p class='ocr_par' dir='ltr' id='par_1_55' title="bbox 189 3507 1766 3580">
     <span class='ocr_line' id='line_1_55' title="bbox 189 3507 1766 3580; baseline 0.001 -19"><span class='ocrx_word' id='word_1_412' title='bbox 189 3507 472 3574; x_wconf 80' lang='grc' dir='ltr'>περάτων</span> <span class='ocrx_word' id='word_1_413' title='bbox 503 3507 612 3574; x_wconf 78' lang='grc' dir='ltr'>τῆς</span> <span class='ocrx_word' id='word_1_414' title='bbox 641 3507 773 3576; x_wconf 75' lang='grc' dir='ltr'>γῆς,</span> <span class='ocrx_word' id='word_1_415' title='bbox 803 3509 1054 3577; x_wconf 73' lang='grc' dir='ltr'>σημαίνει</span> <span class='ocrx_word' id='word_1_416' title='bbox 1085 3510 1226 3580; x_wconf 86' lang='grc' dir='ltr'>ὑπὲρ</span> <span class='ocrx_word' id='word_1_417' title='bbox 1272 3513 1447 3580; x_wconf 83' lang='grc' dir='ltr'>πάσης</span> <span class='ocrx_word' id='word_1_418' title='bbox 1486 3510 1646 3562; x_wconf 86' lang='grc' dir='ltr'>αὐτὸν</span> <span class='ocrx_word' id='word_1_419' title='bbox 1670 3511 1766 3580; x_wconf 72' lang='grc' dir='ltr'>τῆς</span> 
     </span>
    </p>
   </div>
   <div class='ocr_carea' id='block_1_56' title="bbox 1866 3506 3431 3580">
    <p class='ocr_par' dir='ltr' id='par_1_56' title="bbox 1872 3506 3431 3579">
     <span class='ocr_line' id='line_1_56' title="bbox 1872 3506 3431 3579; baseline -0.001 -16"><span class='ocrx_word' id='word_1_420' title='bbox 1872 3511 1993 3564; x_wconf 87' lang='lat' dir='ltr'><strong>licat</strong></span> <span class='ocrx_word' id='word_1_421' title='bbox 2026 3511 2199 3579; x_wconf 90' lang='lat' dir='ltr'><strong>ipsum</strong></span> <span class='ocrx_word' id='word_1_422' title='bbox 2239 3525 2335 3578; x_wconf 92' lang='lat' dir='ltr'><strong>pro</strong></span> <span class='ocrx_word' id='word_1_423' title='bbox 2366 3511 2620 3563; x_wconf 85' lang='lat' dir='ltr'><strong>universo</strong></span> <span class='ocrx_word' id='word_1_424' title='bbox 2655 3519 2919 3563; x_wconf 86' lang='lat' dir='ltr'><strong>terrarum</strong></span> <span class='ocrx_word' id='word_1_425' title='bbox 2948 3511 3077 3563; x_wconf 90' lang='lat' dir='ltr'><strong>orbe</strong></span> <span class='ocrx_word' id='word_1_426' title='bbox 3103 3524 3290 3578; x_wconf 79' lang='lat' dir='ltr'><strong>preces</strong></span> <span class='ocrx_word' id='word_1_427' title='bbox 3315 3506 3431 3561; x_wconf 81' lang='lat' dir='ltr'><strong>l&#39;un-</strong></span> 
     </span>
    </p>
   </div>
   <div class='ocr_carea' id='block_1_57' title="bbox 187 3598 1766 3671">
    <p class='ocr_par' dir='ltr' id='par_1_57' title="bbox 187 3598 1766 3671">
     <span class='ocr_line' id='line_1_57' title="bbox 187 3598 1766 3671; baseline 0.004 -21"><span class='ocrx_word' id='word_1_428' title='bbox 187 3598 521 3667; x_wconf 80' lang='grc' dir='ltr'>οἰκουμένης</span> <span class='ocrx_word' id='word_1_429' title='bbox 553 3599 869 3666; x_wconf 79' lang='grc' dir='ltr'>ποιούμενον</span> <span class='ocrx_word' id='word_1_430' title='bbox 902 3599 998 3661; x_wconf 80' lang='grc' dir='ltr'>τὰς</span> <span class='ocrx_word' id='word_1_431' title='bbox 1027 3600 1195 3662; x_wconf 79' lang='grc' dir='ltr'>λιτάς.</span> <span class='ocrx_word' id='word_1_432' title='bbox 1230 3603 1301 3654; x_wconf 91' lang='grc' dir='ltr'>Οὐ</span> <span class='ocrx_word' id='word_1_433' title='bbox 1332 3603 1488 3671; x_wconf 77' lang='grc' dir='ltr'>μόνον</span> <span class='ocrx_word' id='word_1_434' title='bbox 1513 3604 1588 3664; x_wconf 83' lang='grc' dir='ltr'><strong>δὲ,</strong></span> <span class='ocrx_word' id='word_1_435' title='bbox 1635 3604 1766 3656; x_wconf 84' lang='grc' dir='ltr'><strong>ἀλλά</strong></span> 
     </span>
    </p>
   </div>
   <div class='ocr_carea' id='block_1_58' title="bbox 188 3689 1768 3765">
    <p class='ocr_par' dir='ltr' id='par_1_58' title="bbox 188 3689 1768 3765">
     <span class='ocr_line' id='line_1_58' title="bbox 188 3689 1768 3765; baseline 0.003 -22"><span class='ocrx_word' id='word_1_436' title='bbox 188 3691 290 3743; x_wconf 72' lang='grc' dir='ltr'><strong>καὶ</strong></span> <span class='ocrx_word' id='word_1_437' title='bbox 315 3691 375 3741; x_wconf 78' lang='grc' dir='ltr'><strong>τὸ</strong></span> <span class='ocrx_word' id='word_1_438' title='bbox 411 3689 572 3759; x_wconf 85' lang='grc' dir='ltr'>μέσον</span> <span class='ocrx_word' id='word_1_439' title='bbox 614 3691 748 3742; x_wconf 83' lang='grc' dir='ltr'>Θεοῦ</span> <span class='ocrx_word' id='word_1_440' title='bbox 792 3692 884 3744; x_wconf 68' lang='grc' dir='ltr'><strong>καὶ</strong></span> <span class='ocrx_word' id='word_1_441' title='bbox 918 3691 1218 3762; x_wconf 75' lang='grc' dir='ltr'>ἀνθρώπων</span> <span class='ocrx_word' id='word_1_442' title='bbox 1250 3694 1437 3756; x_wconf 84' lang='grc' dir='ltr'>οὐσίας</span> <span class='ocrx_word' id='word_1_443' title='bbox 1465 3696 1597 3747; x_wconf 84' lang='grc' dir='ltr'><strong>πολύ</strong></span> <span class='ocrx_word' id='word_1_444' title='bbox 1629 3713 1768 3765; x_wconf 79' lang='grc' dir='ltr'>παρ-</span> 
     </span>
    </p>
   </div>
   <div class='ocr_carea' id='block_1_59' title="bbox 194 3776 1766 3856">
    <p class='ocr_par' dir='ltr' id='par_1_59' title="bbox 194 3776 1766 3856">
     <span class='ocr_line' id='line_1_59' title="bbox 194 3776 1766 3856; baseline 0.003 -23"><span class='ocrx_word' id='word_1_445' title='bbox 194 3782 458 3845; x_wconf 82' lang='grc' dir='ltr'>ιστῶντα,</span> <span class='ocrx_word' id='word_1_446' title='bbox 517 3784 656 3835; x_wconf 87' lang='grc' dir='ltr'><strong>κατά</strong></span> <span class='ocrx_word' id='word_1_447' title='bbox 702 3783 761 3836; x_wconf 79' lang='grc' dir='ltr'>τὸ</span> <span class='ocrx_word' id='word_1_448' title='bbox 806 3787 862 3836; x_wconf 82' lang='grc' dir='ltr'><strong>έν</strong></span> <span class='ocrx_word' id='word_1_449' title='bbox 895 3783 970 3854; x_wconf 82' lang='grc' dir='ltr'>τῷ</span> <span class='ocrx_word' id='word_1_450' title='bbox 1021 3776 1453 3856; x_wconf 73' lang='grc' dir='ltr'>Ἐκκλησιαστῇο</span> <span class='ocrx_word' id='word_1_451' title='bbox 1517 3787 1576 3838; x_wconf 88' lang='grc' dir='ltr'><strong>Ὀ</strong></span> <span class='ocrx_word' id='word_1_452' title='bbox 1623 3787 1766 3852; x_wconf 73' lang='grc' dir='ltr'>Θεὸς</span> 
     </span>
    </p>
   </div>
   <div class='ocr_carea' id='block_1_60' title="bbox 192 3868 1767 3942">
    <p class='ocr_par' dir='ltr' id='par_1_60' title="bbox 192 3868 1767 3942">
     <span class='ocr_line' id='line_1_60' title="bbox 192 3868 1767 3942; baseline 0.001 -19"><span class='ocrx_word' id='word_1_453' title='bbox 192 3871 266 3923; x_wconf 81' lang='grc' dir='ltr'><strong>ἐν</strong></span> <span class='ocrx_word' id='word_1_454' title='bbox 296 3868 378 3935; x_wconf 84' lang='grc' dir='ltr'>τῲ</span> <span class='ocrx_word' id='word_1_455' title='bbox 408 3871 640 3938; x_wconf 73' lang='grc' dir='ltr'>οὐρανῷ</span> <span class='ocrx_word' id='word_1_456' title='bbox 669 3869 810 3933; x_wconf 73' lang='grc' dir='ltr'>ἅνω,</span> <span class='ocrx_word' id='word_1_457' title='bbox 852 3871 951 3923; x_wconf 80' lang='grc' dir='ltr'>καὶ</span> <span class='ocrx_word' id='word_1_458' title='bbox 994 3872 1074 3925; x_wconf 81' lang='grc' dir='ltr'>σὺ</span> <span class='ocrx_word' id='word_1_459' title='bbox 1120 3873 1188 3926; x_wconf 83' lang='grc' dir='ltr'><strong>ἐν</strong></span> <span class='ocrx_word' id='word_1_460' title='bbox 1231 3871 1300 3940; x_wconf 79' lang='grc' dir='ltr'>τῇ</span> <span class='ocrx_word' id='word_1_461' title='bbox 1337 3870 1411 3942; x_wconf 77' lang='grc' dir='ltr'>γῇ</span> <span class='ocrx_word' id='word_1_462' title='bbox 1447 3873 1620 3926; x_wconf 80' lang='grc' dir='ltr'>κάτω.</span> <span class='ocrx_word' id='word_1_463' title='bbox 1663 3871 1767 3924; x_wconf 88' lang='grc' dir='ltr'><strong>Τοῦ</strong></span> 
     </span>
    </p>
   </div>
   <div class='ocr_carea' id='block_1_61' title="bbox 199 3964 1772 4033">
    <p class='ocr_par' dir='ltr' id='par_1_61' title="bbox 199 3964 1772 4033">
     <span class='ocr_line' id='line_1_61' title="bbox 199 3964 1772 4033; baseline -0.001 -16"><span class='ocrx_word' id='word_1_464' title='bbox 199 3965 392 4032; x_wconf 84' lang='grc' dir='ltr'>μέντοι</span> <span class='ocrx_word' id='word_1_465' title='bbox 426 3964 724 4033; x_wconf 74' lang='grc' dir='ltr'>Συμμάχού</span> <span class='ocrx_word' id='word_1_466' title='bbox 761 3964 1094 4032; x_wconf 73' lang='grc' dir='ltr'>σαφέστερον</span> <span class='ocrx_word' id='word_1_467' title='bbox 1131 3964 1397 4029; x_wconf 83' lang='grc' dir='ltr'>εἰπόντος,</span> <span class='ocrx_word' id='word_1_468' title='bbox 1427 3965 1496 4017; x_wconf 78' lang='grc' dir='ltr'><strong>ἐν</strong></span> <span class='ocrx_word' id='word_1_469' title='bbox 1523 3964 1600 4030; x_wconf 79' lang='grc' dir='ltr'>τῷ</span> <span class='ocrx_word' id='word_1_470' title='bbox 1632 3965 1772 4032; x_wconf 82' lang='grc' dir='ltr'>ἁδη-</span> 
     </span>
    </p>
   </div>
   <div class='ocr_carea' id='block_1_62' title="bbox 189 4053 1774 4128">
    <p class='ocr_par' dir='ltr' id='par_1_62' title="bbox 189 4053 1774 4128">
     <span class='ocr_line' id='line_1_62' title="bbox 189 4053 1774 4128; baseline 0.001 -20"><span class='ocrx_word' id='word_1_471' title='bbox 189 4056 430 4128; x_wconf 81' lang='grc' dir='ltr'>μονεῖν,</span> <span class='ocrx_word' id='word_1_472' title='bbox 466 4056 856 4125; x_wconf 79' lang='grc' dir='ltr'>ἐναργέστερον</span> <span class='ocrx_word' id='word_1_473' title='bbox 890 4057 980 4107; x_wconf 71' lang='grc' dir='ltr'><strong>καὶ</strong></span> <span class='ocrx_word' id='word_1_474' title='bbox 1022 4055 1490 4124; x_wconf 75' lang='grc' dir='ltr'>ἐμφαντικώτερον</span> <span class='ocrx_word' id='word_1_475' title='bbox 1536 4053 1687 4110; x_wconf 75' lang='grc' dir='ltr'>εἷπον</span> <span class='ocrx_word' id='word_1_476' title='bbox 1727 4060 1774 4111; x_wconf 79' lang='grc' dir='ltr'>οἱ</span> 
     </span>
    </p>
   </div>
   <div class='ocr_carea' id='block_1_63' title="bbox 209 4145 1774 4220">
    <p class='ocr_par' dir='ltr' id='par_1_63' title="bbox 209 4145 1774 4220">
     <span class='ocr_line' id='line_1_63' title="bbox 209 4145 1774 4220; baseline 0.001 -20"><span class='ocrx_word' id='word_1_477' title='bbox 209 4147 643 4216; x_wconf 79' lang='grc' dir='ltr'>Ἐδδομήκοντα,</span> <span class='ocrx_word' id='word_1_478' title='bbox 686 4147 780 4197; x_wconf 75' lang='grc' dir='ltr'><strong>Ἐν</strong></span> <span class='ocrx_word' id='word_1_479' title='bbox 819 4145 896 4210; x_wconf 85' lang='grc' dir='ltr'>τῷ</span> <span class='ocrx_word' id='word_1_480' title='bbox 924 4145 1267 4213; x_wconf 77' lang='grc' dir='ltr'>ἀκηδιάσιιι.</span> <span class='ocrx_word' id='word_1_481' title='bbox 1318 4149 1627 4218; x_wconf 87' lang='grc' dir='ltr'>Ἀδημονεῖν</span> <span class='ocrx_word' id='word_1_482' title='bbox 1667 4149 1774 4220; x_wconf 73' lang='grc' dir='ltr'><strong>γὰρ</strong></span> 
     </span>
    </p>
   </div>
   <div class='ocr_carea' id='block_1_64' title="bbox 196 4240 1774 4312">
    <p class='ocr_par' dir='ltr' id='par_1_64' title="bbox 196 4240 1774 4312">
     <span class='ocr_line' id='line_1_64' title="bbox 196 4240 1774 4312; baseline 0 -18"><span class='ocrx_word' id='word_1_483' title='bbox 196 4243 300 4294; x_wconf 76' lang='grc' dir='ltr'><strong>καὶ</strong></span> <span class='ocrx_word' id='word_1_484' title='bbox 342 4240 436 4292; x_wconf 72' lang='grc' dir='ltr'>ἐπὶ</span> <span class='ocrx_word' id='word_1_485' title='bbox 465 4242 575 4302; x_wconf 86' lang='grc' dir='ltr'>τοῖς</span> <span class='ocrx_word' id='word_1_486' title='bbox 626 4241 839 4309; x_wconf 85' lang='grc' dir='ltr'>μικροῖς</span> <span class='ocrx_word' id='word_1_487' title='bbox 873 4240 1123 4306; x_wconf 87' lang='grc' dir='ltr'>λέγεται·</span> <span class='ocrx_word' id='word_1_488' title='bbox 1166 4241 1392 4312; x_wconf 80' lang='grc' dir='ltr'>ἀκηδιᾷν</span> <span class='ocrx_word' id='word_1_489' title='bbox 1435 4242 1490 4294; x_wconf 83' lang='grc' dir='ltr'>δὲ</span> <span class='ocrx_word' id='word_1_490' title='bbox 1518 4243 1612 4293; x_wconf 74' lang='grc' dir='ltr'><strong>ἐπὶ</strong></span> <span class='ocrx_word' id='word_1_491' title='bbox 1661 4244 1774 4305; x_wconf 81' lang='grc' dir='ltr'>τοῖς</span> 
     </span>
    </p>
   </div>
   <div class='ocr_carea' id='block_1_65' title="bbox 199 4331 1776 4403">
    <p class='ocr_par' dir='ltr' id='par_1_65' title="bbox 199 4331 1776 4403">
     <span class='ocr_line' id='line_1_65' title="bbox 199 4331 1776 4403; baseline 0.002 -20"><span class='ocrx_word' id='word_1_492' title='bbox 199 4331 466 4403; x_wconf 80' lang='grc' dir='ltr'>μεγάλοις</span> <span class='ocrx_word' id='word_1_493' title='bbox 492 4331 726 4393; x_wconf 87' lang='grc' dir='ltr'>πάντως,</span> <span class='ocrx_word' id='word_1_494' title='bbox 759 4332 884 4385; x_wconf 83' lang='grc' dir='ltr'>ὅταν</span> <span class='ocrx_word' id='word_1_495' title='bbox 913 4331 1000 4387; x_wconf 79' lang='grc' dir='ltr'><strong>διὰ</strong></span> <span class='ocrx_word' id='word_1_496' title='bbox 1025 4332 1083 4384; x_wconf 82' lang='grc' dir='ltr'><strong>τὸ</strong></span> <span class='ocrx_word' id='word_1_497' title='bbox 1114 4333 1314 4402; x_wconf 73' lang='grc' dir='ltr'>πλῆθος</span> <span class='ocrx_word' id='word_1_498' title='bbox 1343 4333 1448 4386; x_wconf 84' lang='grc' dir='ltr'><strong>τῶν</strong></span> <span class='ocrx_word' id='word_1_499' title='bbox 1471 4335 1654 4386; x_wconf 81' lang='grc' dir='ltr'>κακῶν</span> <span class='ocrx_word' id='word_1_500' title='bbox 1675 4333 1776 4386; x_wconf 85' lang='grc' dir='ltr'>λοι-</span> 
     </span>
    </p>
   </div>
   <div class='ocr_carea' id='block_1_66' title="bbox 196 4422 1776 4493">
    <p class='ocr_par' dir='ltr' id='par_1_66' title="bbox 196 4422 1776 4493">
     <span class='ocr_line' id='line_1_66' title="bbox 196 4422 1776 4493; baseline -0.001 -17"><span class='ocrx_word' id='word_1_501' title='bbox 196 4425 305 4476; x_wconf 80' lang='grc' dir='ltr'><strong>πὸν</strong></span> <span class='ocrx_word' id='word_1_502' title='bbox 336 4423 446 4475; x_wconf 80' lang='grc' dir='ltr'><strong>τῶν</strong></span> <span class='ocrx_word' id='word_1_503' title='bbox 481 4424 536 4474; x_wconf 82' lang='grc' dir='ltr'>ὲν</span> <span class='ocrx_word' id='word_1_504' title='bbox 584 4422 731 4491; x_wconf 83' lang='grc' dir='ltr'>μέσῳ</span> <span class='ocrx_word' id='word_1_505' title='bbox 784 4439 867 4483; x_wconf 82' lang='grc' dir='ltr'><strong>τις</strong></span> <span class='ocrx_word' id='word_1_506' title='bbox 917 4422 1413 4492; x_wconf 75' lang='grc' dir='ltr'>περιλαμϐάνεται,</span> <span class='ocrx_word' id='word_1_507' title='bbox 1463 4422 1776 4493; x_wconf 78' lang='grc' dir='ltr'>ἀπαγορεύῃ</span> 
     </span>
    </p>
   </div>
   <div class='ocr_carea' id='block_1_67' title="bbox 195 4511 1781 4588">
    <p class='ocr_par' dir='ltr' id='par_1_67' title="bbox 195 4511 1781 4588">
     <span class='ocr_line' id='line_1_67' title="bbox 195 4511 1781 4588; baseline -0.001 -19"><span class='ocrx_word' id='word_1_508' title='bbox 195 4517 345 4588; x_wconf 74' lang='grc' dir='ltr'>πρὸς</span> <span class='ocrx_word' id='word_1_509' title='bbox 368 4514 508 4567; x_wconf 86' lang='grc' dir='ltr'><strong>αὐτά</strong></span> <span class='ocrx_word' id='word_1_510' title='bbox 538 4516 628 4567; x_wconf 80' lang='grc' dir='ltr'><strong>καὶ</strong></span> <span class='ocrx_word' id='word_1_511' title='bbox 658 4511 769 4567; x_wconf 78' lang='grc' dir='ltr'>οἷον</span> <span class='ocrx_word' id='word_1_512' title='bbox 795 4515 1181 4585; x_wconf 83' lang='grc' dir='ltr'>ἀπογινώσκει,</span> <span class='ocrx_word' id='word_1_513' title='bbox 1213 4516 1371 4585; x_wconf 61' lang='grc' dir='ltr'>ῥίψας</span> <span class='ocrx_word' id='word_1_514' title='bbox 1400 4515 1494 4568; x_wconf 89' lang='grc' dir='ltr'><strong>τοῦ</strong></span> <span class='ocrx_word' id='word_1_515' title='bbox 1527 4515 1643 4578; x_wconf 84' lang='grc' dir='ltr'>νοὸς</span> <span class='ocrx_word' id='word_1_516' title='bbox 1668 4515 1781 4585; x_wconf 74' lang='grc' dir='ltr'>βου-</span> 
     </span>
    </p>
   </div>
   <div class='ocr_carea' id='block_1_68' title="bbox 194 4603 1370 4680">
    <p class='ocr_par' dir='ltr' id='par_1_68' title="bbox 194 4603 1370 4680">
     <span class='ocr_line' id='line_1_68' title="bbox 194 4603 1370 4680; baseline -0.001 -19"><span class='ocrx_word' id='word_1_517' title='bbox 194 4610 475 4678; x_wconf 75' lang='grc' dir='ltr'>λεύματα,</span> <span class='ocrx_word' id='word_1_518' title='bbox 497 4607 570 4671; x_wconf 80' lang='grc' dir='ltr'><strong>ὡς</strong></span> <span class='ocrx_word' id='word_1_519' title='bbox 606 4607 800 4677; x_wconf 77' lang='grc' dir='ltr'>μηκέτι</span> <span class='ocrx_word' id='word_1_520' title='bbox 830 4608 1015 4680; x_wconf 74' lang='grc' dir='ltr'>φέρειν</span> <span class='ocrx_word' id='word_1_521' title='bbox 1047 4603 1156 4671; x_wconf 83' lang='grc' dir='ltr'>οἷός</span> <span class='ocrx_word' id='word_1_522' title='bbox 1191 4625 1246 4660; x_wconf 92' lang='grc' dir='ltr'><strong>τε</strong></span> <span class='ocrx_word' id='word_1_523' title='bbox 1276 4605 1370 4660; x_wconf 79' lang='grc' dir='ltr'>ὢν.</span> 
     </span>
    </p>
   </div>
   <div class='ocr_carea' id='block_1_69' title="bbox 1875 3598 3437 3670">
    <p class='ocr_par' dir='ltr' id='par_1_69' title="bbox 1875 3598 3437 3670">
     <span class='ocr_line' id='line_1_69' title="bbox 1875 3598 3437 3670; baseline -0.001 -17"><span class='ocrx_word' id='word_1_524' title='bbox 1875 3602 2020 3655; x_wconf 82' lang='lat' dir='ltr'><strong>dere.</strong></span> <span class='ocrx_word' id='word_1_525' title='bbox 2072 3600 2256 3670; x_wconf 84' lang='lat' dir='ltr'><strong>Neque</strong></span> <span class='ocrx_word' id='word_1_526' title='bbox 2283 3602 2382 3654; x_wconf 91' lang='lat' dir='ltr'><strong>hoc</strong></span> <span class='ocrx_word' id='word_1_527' title='bbox 2409 3611 2615 3654; x_wconf 88' lang='lat' dir='ltr'><strong>tantum</strong></span> <span class='ocrx_word' id='word_1_528' title='bbox 2642 3641 2658 3664; x_wconf 92' lang='lat'><strong>,</strong></span> <span class='ocrx_word' id='word_1_529' title='bbox 2708 3601 2801 3654; x_wconf 89' lang='lat' dir='ltr'><strong>sed</strong></span> <span class='ocrx_word' id='word_1_530' title='bbox 2837 3611 2889 3655; x_wconf 90' lang='lat' dir='ltr'><strong>et</strong></span> <span class='ocrx_word' id='word_1_531' title='bbox 2913 3600 3150 3653; x_wconf 90' lang='lat' dir='ltr'><strong>medium</strong></span> <span class='ocrx_word' id='word_1_532' title='bbox 3182 3598 3437 3666; x_wconf 86' lang='lat' dir='ltr'><strong>quiddam</strong></span> 
     </span>
    </p>
   </div>
   <div class='ocr_carea' id='block_1_70' title="bbox 1876 3692 3439 3752">
    <p class='ocr_par' dir='ltr' id='par_1_70' title="bbox 1876 3692 3439 3752">
     <span class='ocr_line' id='line_1_70' title="bbox 1876 3692 3439 3752; baseline -0.001 -7"><span class='ocrx_word' id='word_1_533' title='bbox 1876 3695 2014 3747; x_wconf 89' lang='lat' dir='ltr'><strong>inter</strong></span> <span class='ocrx_word' id='word_1_534' title='bbox 2075 3695 2166 3747; x_wconf 87' lang='lat' dir='ltr'><strong>Dei</strong></span> <span class='ocrx_word' id='word_1_535' title='bbox 2221 3710 2283 3748; x_wconf 92' lang='lat' dir='ltr'><strong>ac</strong></span> <span class='ocrx_word' id='word_1_536' title='bbox 2339 3695 2616 3748; x_wconf 89' lang='lat' dir='ltr'><strong>hominum</strong></span> <span class='ocrx_word' id='word_1_537' title='bbox 2679 3694 3036 3750; x_wconf 87' lang='lat' dir='ltr'><strong>substantiam</strong></span> <span class='ocrx_word' id='word_1_538' title='bbox 3088 3692 3439 3752; x_wconf 89' lang='lat' dir='ltr'><strong>constituere,</strong></span> 
     </span>
    </p>
   </div>
   <div class='ocr_carea' id='block_1_71' title="bbox 1876 3782 3441 3838">
    <p class='ocr_par' dir='ltr' id='par_1_71' title="bbox 1876 3782 3441 3838">
     <span class='ocr_line' id='line_1_71' title="bbox 1876 3782 3441 3838; baseline -0.004 0"><span class='ocrx_word' id='word_1_539' title='bbox 1876 3783 2170 3838; x_wconf 89' lang='lat' dir='ltr'><strong>secundum</strong></span> <span class='ocrx_word' id='word_1_540' title='bbox 2223 3785 2350 3836; x_wconf 91' lang='lat' dir='ltr'><strong>illud</strong></span> <span class='ocrx_word' id='word_1_541' title='bbox 2388 3783 2723 3837; x_wconf 55' lang='lat' dir='ltr'><strong>Ecclesiaste</strong></span> <span class='ocrx_word' id='word_1_542' title='bbox 2753 3801 2765 3836; x_wconf 94' lang='lat'>:</span> <span class='ocrx_word' id='word_1_543' title='bbox 2801 3782 2934 3835; x_wconf 86' lang='lat' dir='ltr'><strong>Deus</strong></span> <span class='ocrx_word' id='word_1_544' title='bbox 2976 3785 3030 3834; x_wconf 83' lang='lat' dir='ltr'><strong>in</strong></span> <span class='ocrx_word' id='word_1_545' title='bbox 3078 3785 3202 3835; x_wconf 66' lang='lat' dir='ltr'><strong>caelo</strong></span> <span class='ocrx_word' id='word_1_546' title='bbox 3233 3795 3441 3833; x_wconf 85' lang='lat' dir='ltr'><strong>sursum</strong></span> 
     </span>
    </p>
   </div>
   <div class='ocr_carea' id='block_1_72' title="bbox 1876 3872 3439 3944">
    <p class='ocr_par' dir='ltr' id='par_1_72' title="bbox 1876 3872 3439 3944">
     <span class='ocr_line' id='line_1_72' title="bbox 1876 3872 3439 3944; baseline -0.003 -16"><span class='ocrx_word' id='word_1_547' title='bbox 1876 3884 1952 3929; x_wconf 84' lang='lat' dir='ltr'><strong>est</strong></span> <span class='ocrx_word' id='word_1_548' title='bbox 1976 3892 1992 3928; x_wconf 89' lang='lat'><strong><em>:</em></strong></span> <span class='ocrx_word' id='word_1_549' title='bbox 2018 3885 2066 3929; x_wconf 85' lang='lat' dir='ltr'><strong>et</strong></span> <span class='ocrx_word' id='word_1_550' title='bbox 2112 3884 2166 3927; x_wconf 86' lang='lat' dir='ltr'><strong>tu</strong></span> <span class='ocrx_word' id='word_1_551' title='bbox 2197 3875 2250 3927; x_wconf 83' lang='lat' dir='ltr'><strong>in</strong></span> <span class='ocrx_word' id='word_1_552' title='bbox 2294 3883 2430 3927; x_wconf 80' lang='lat' dir='ltr'><strong>terra</strong></span> <span class='ocrx_word' id='word_1_553' title='bbox 2460 3874 2602 3943; x_wconf 77' lang='lat' dir='ltr'><strong>infra</strong></span> <span class='ocrx_word' id='word_1_554' title='bbox 2631 3875 2694 3926; x_wconf 83' lang='grc'><strong>³¹.</strong></span> <span class='ocrx_word' id='word_1_555' title='bbox 2737 3873 2801 3928; x_wconf 84' lang='lat' dir='ltr'><strong>Et</strong></span> <span class='ocrx_word' id='word_1_556' title='bbox 2828 3873 3187 3944; x_wconf 86' lang='lat' dir='ltr'><strong>Symmachus</strong></span> <span class='ocrx_word' id='word_1_557' title='bbox 3221 3872 3439 3942; x_wconf 89' lang='lat' dir='ltr'><strong>quidem</strong></span> 
     </span>
    </p>
   </div>
   <div class='ocr_carea' id='block_1_73' title="bbox 1878 3963 3424 4034">
    <p class='ocr_par' dir='ltr' id='par_1_73' title="bbox 1878 3963 3424 4034">
     <span class='ocr_line' id='line_1_73' title="bbox 1878 3963 3424 4034; baseline -0.003 -13"><span class='ocrx_word' id='word_1_558' title='bbox 1878 3968 1959 4021; x_wconf 88' lang='lat' dir='ltr'><strong>sic</strong></span> <span class='ocrx_word' id='word_1_559' title='bbox 1988 3968 2132 4020; x_wconf 89' lang='lat' dir='ltr'><strong>clare</strong></span> <span class='ocrx_word' id='word_1_560' title='bbox 2163 3967 2308 4021; x_wconf 87' lang='lat' dir='ltr'><strong>hunc</strong></span> <span class='ocrx_word' id='word_1_561' title='bbox 2337 3967 2516 4020; x_wconf 92' lang='lat' dir='ltr'><strong>locum</strong></span> <span class='ocrx_word' id='word_1_562' title='bbox 2545 3966 2797 4030; x_wconf 83' lang='lat' dir='ltr'><strong>reddidit,</strong></span> <span class='ocrx_word' id='word_1_563' title='bbox 2830 3966 2961 4021; x_wconf 88' lang='lat' dir='ltr'><strong>Cum</strong></span> <span class='ocrx_word' id='word_1_564' title='bbox 2994 3966 3242 4020; x_wconf 84' lang='lat' dir='ltr'><strong>dolerem.</strong></span> <span class='ocrx_word' id='word_1_565' title='bbox 3273 3963 3424 4034; x_wconf 83' lang='lat' dir='ltr'><strong>Signi</strong></span> 
     </span>
    </p>
   </div>
   <div class='ocr_carea' id='block_1_74' title="bbox 1877 4056 3442 4128">
    <p class='ocr_par' dir='ltr' id='par_1_74' title="bbox 1877 4056 3442 4128">
     <span class='ocr_line' id='line_1_74' title="bbox 1877 4056 3442 4128; baseline -0.003 -14"><span class='ocrx_word' id='word_1_566' title='bbox 1877 4061 2092 4114; x_wconf 91' lang='lat' dir='ltr'><strong>cantius</strong></span> <span class='ocrx_word' id='word_1_567' title='bbox 2131 4075 2260 4113; x_wconf 89' lang='lat' dir='ltr'><strong>vero</strong></span> <span class='ocrx_word' id='word_1_568' title='bbox 2291 4069 2343 4111; x_wconf 89' lang='lat' dir='ltr'><strong>et</strong></span> <span class='ocrx_word' id='word_1_569' title='bbox 2374 4059 2610 4128; x_wconf 83' lang='lat' dir='ltr'><strong>apertius</strong></span> <span class='ocrx_word' id='word_1_570' title='bbox 2643 4058 2990 4128; x_wconf 83' lang='lat' dir='ltr'><strong>Septuaginta</strong></span> <span class='ocrx_word' id='word_1_571' title='bbox 3028 4076 3040 4110; x_wconf 88' lang='lat'>:</span> <span class='ocrx_word' id='word_1_572' title='bbox 3084 4057 3216 4108; x_wconf 85' lang='lat' dir='ltr'><strong>Dum</strong></span> <span class='ocrx_word' id='word_1_573' title='bbox 3250 4056 3442 4110; x_wconf 68' lang='lat' dir='ltr'><strong>anxius</strong></span> 
     </span>
    </p>
   </div>
   <div class='ocr_carea' id='block_1_75' title="bbox 1876 4147 3442 4206">
    <p class='ocr_par' dir='ltr' id='par_1_75' title="bbox 1876 4147 3442 4206">
     <span class='ocr_line' id='line_1_75' title="bbox 1876 4147 3442 4206; baseline -0.002 -2"><span class='ocrx_word' id='word_1_574' title='bbox 1876 4167 2057 4204; x_wconf 86' lang='lat' dir='ltr'><strong>essent.</strong></span> <span class='ocrx_word' id='word_1_575' title='bbox 2098 4149 2257 4203; x_wconf 87' lang='lat' dir='ltr'><strong>Dolor</strong></span> <span class='ocrx_word' id='word_1_576' title='bbox 2280 4151 2423 4206; x_wconf 90' lang='lat' dir='ltr'><strong>cnim</strong></span> <span class='ocrx_word' id='word_1_577' title='bbox 2453 4151 2612 4204; x_wconf 82' lang='lat' dir='ltr'><strong>etiam</strong></span> <span class='ocrx_word' id='word_1_578' title='bbox 2652 4149 2717 4204; x_wconf 90' lang='lat' dir='ltr'><strong>de</strong></span> <span class='ocrx_word' id='word_1_579' title='bbox 2757 4149 2981 4202; x_wconf 90' lang='lat' dir='ltr'><strong>minutis</strong></span> <span class='ocrx_word' id='word_1_580' title='bbox 3021 4149 3178 4202; x_wconf 88' lang='lat' dir='ltr'><strong>malis</strong></span> <span class='ocrx_word' id='word_1_581' title='bbox 3209 4147 3442 4202; x_wconf 92' lang='lat' dir='ltr'><strong>dicitur:</strong></span> 
     </span>
    </p>
   </div>
   <div class='ocr_carea' id='block_1_76' title="bbox 1883 4240 3444 4313">
    <p class='ocr_par' dir='ltr' id='par_1_76' title="bbox 1883 4240 3444 4313">
     <span class='ocr_line' id='line_1_76' title="bbox 1883 4240 3444 4313; baseline -0.001 -18"><span class='ocrx_word' id='word_1_582' title='bbox 1883 4243 2128 4296; x_wconf 78' lang='lat' dir='ltr'><strong>anxietas</strong></span> <span class='ocrx_word' id='word_1_583' title='bbox 2183 4257 2312 4296; x_wconf 82' lang='lat' dir='ltr'><strong>vero</strong></span> <span class='ocrx_word' id='word_1_584' title='bbox 2352 4243 2418 4297; x_wconf 91' lang='lat' dir='ltr'><strong>de</strong></span> <span class='ocrx_word' id='word_1_585' title='bbox 2462 4244 2674 4313; x_wconf 89' lang='lat' dir='ltr'><strong>magnis</strong></span> <span class='ocrx_word' id='word_1_586' title='bbox 2723 4243 3098 4296; x_wconf 88' lang='lat' dir='ltr'><strong>tantummodo</strong></span> <span class='ocrx_word' id='word_1_587' title='bbox 3127 4281 3142 4305; x_wconf 92' lang='lat'><strong>,</strong></span> <span class='ocrx_word' id='word_1_588' title='bbox 3205 4240 3444 4310; x_wconf 89' lang='lat' dir='ltr'><strong>quando,</strong></span> 
     </span>
    </p>
   </div>
   <div class='ocr_carea' id='block_1_77' title="bbox 1878 4333 3443 4403">
    <p class='ocr_par' dir='ltr' id='par_1_77' title="bbox 1878 4333 3443 4403">
     <span class='ocr_line' id='line_1_77' title="bbox 1878 4333 3443 4403; baseline -0.003 -15"><span class='ocrx_word' id='word_1_589' title='bbox 1878 4336 2221 4389; x_wconf 85' lang='lat' dir='ltr'><strong>multitudine</strong></span> <span class='ocrx_word' id='word_1_590' title='bbox 2251 4336 2511 4388; x_wconf 90' lang='lat' dir='ltr'><strong>malorum</strong></span> <span class='ocrx_word' id='word_1_591' title='bbox 2552 4336 2954 4389; x_wconf 84' lang='lat' dir='ltr'><strong>circumventus</strong></span> <span class='ocrx_word' id='word_1_592' title='bbox 2996 4333 3154 4403; x_wconf 85' lang='lat' dir='ltr'><strong>quis,</strong></span> <span class='ocrx_word' id='word_1_593' title='bbox 3206 4336 3443 4386; x_wconf 88' lang='lat' dir='ltr'><strong>animum</strong></span> 
     </span>
    </p>
   </div>
   <div class='ocr_carea' id='block_1_78' title="bbox 1877 4425 3445 4496">
    <p class='ocr_par' dir='ltr' id='par_1_78' title="bbox 1877 4425 3445 4496">
     <span class='ocr_line' id='line_1_78' title="bbox 1877 4425 3445 4496; baseline 0 -17"><span class='ocrx_word' id='word_1_594' title='bbox 1877 4427 2175 4496; x_wconf 88' lang='lat' dir='ltr'><strong>despondet</strong></span> <span class='ocrx_word' id='word_1_595' title='bbox 2214 4443 2276 4481; x_wconf 89' lang='lat' dir='ltr'><strong>ac</strong></span> <span class='ocrx_word' id='word_1_596' title='bbox 2303 4428 2460 4496; x_wconf 90' lang='lat' dir='ltr'><strong>quasi</strong></span> <span class='ocrx_word' id='word_1_597' title='bbox 2506 4428 2792 4496; x_wconf 87' lang='lat' dir='ltr'><strong>desperat,</strong></span> <span class='ocrx_word' id='word_1_598' title='bbox 2844 4426 3055 4495; x_wconf 88' lang='lat' dir='ltr'><strong>abjecto</strong></span> <span class='ocrx_word' id='word_1_599' title='bbox 3098 4426 3246 4480; x_wconf 91' lang='lat' dir='ltr'><strong>omni</strong></span> <span class='ocrx_word' id='word_1_600' title='bbox 3278 4425 3445 4480; x_wconf 91' lang='lat' dir='ltr'><strong>animi</strong></span> 
     </span>
    </p>
   </div>
   <div class='ocr_carea' id='block_1_79' title="bbox 1877 4519 3163 4591">
    <p class='ocr_par' dir='ltr' id='par_1_79' title="bbox 1877 4519 3163 4591">
     <span class='ocr_line' id='line_1_79' title="bbox 1877 4519 3163 4591; baseline -0.002 -17"><span class='ocrx_word' id='word_1_601' title='bbox 1877 4521 2130 4587; x_wconf 89' lang='lat' dir='ltr'><strong>consilio,</strong></span> <span class='ocrx_word' id='word_1_602' title='bbox 2167 4529 2225 4574; x_wconf 94' lang='lat' dir='ltr'><strong>ut</strong></span> <span class='ocrx_word' id='word_1_603' title='bbox 2261 4521 2352 4591; x_wconf 92' lang='lat' dir='ltr'><strong>qui</strong></span> <span class='ocrx_word' id='word_1_604' title='bbox 2388 4521 2529 4575; x_wconf 89' lang='lat' dir='ltr'><strong>malo</strong></span> <span class='ocrx_word' id='word_1_605' title='bbox 2558 4519 2781 4576; x_wconf 77' lang='lat' dir='ltr'><strong>ferendo</strong></span> <span class='ocrx_word' id='word_1_606' title='bbox 2811 4536 2909 4591; x_wconf 89' lang='lat' dir='ltr'><strong>par</strong></span> <span class='ocrx_word' id='word_1_607' title='bbox 2935 4535 3041 4574; x_wconf 90' lang='lat' dir='ltr'><strong>non</strong></span> <span class='ocrx_word' id='word_1_608' title='bbox 3074 4520 3163 4574; x_wconf 90' lang='lat' dir='ltr'><strong>sit.</strong></span> 
     </span>
    </p>
   </div>
   <div class='ocr_carea' id='block_1_80' title="bbox 1014 4789 2659 4857">
    <p class='ocr_par' dir='ltr' id='par_1_80' title="bbox 1014 4789 2659 4857">
     <span class='ocr_line' id='line_1_80' title="bbox 1014 4789 2659 4857; baseline 0.001 -15"><span class='ocrx_word' id='word_1_609' title='bbox 1014 4789 1082 4842; x_wconf 89' lang='lat' dir='ltr'><strong>Et</strong></span> <span class='ocrx_word' id='word_1_610' title='bbox 1114 4793 1163 4842; x_wconf 85' lang='lat' dir='ltr'><strong>in</strong></span> <span class='ocrx_word' id='word_1_611' title='bbox 1196 4807 1327 4846; x_wconf 83' lang='lat' dir='ltr'><strong>vers.</strong></span> <span class='ocrx_word' id='word_1_612' title='bbox 1358 4800 1644 4848; x_wconf 76' lang='lat' dir='ltr'><strong>sequentem</strong></span> <span class='ocrx_word' id='word_1_613' title='bbox 1680 4805 1697 4842; x_wconf 90' lang='lat'><strong><em>:</em></strong></span> <span class='ocrx_word' id='word_1_614' title='bbox 1733 4808 1750 4840; x_wconf 82' lang='grc' dir='ltr'><strong>ι</strong></span> <span class='ocrx_word' id='word_1_615' title='bbox 1784 4789 1848 4841; x_wconf 82' lang='lat' dir='ltr'><strong>In</strong></span> <span class='ocrx_word' id='word_1_616' title='bbox 1882 4799 2027 4857; x_wconf 81' lang='lat' dir='ltr'><strong>petra</strong></span> <span class='ocrx_word' id='word_1_617' title='bbox 2054 4790 2300 4844; x_wconf 78' lang='lat' dir='ltr'><strong>exaltasti</strong></span> <span class='ocrx_word' id='word_1_618' title='bbox 2327 4806 2405 4843; x_wconf 88' lang='lat' dir='ltr'><strong>me</strong></span> <span class='ocrx_word' id='word_1_619' title='bbox 2428 4831 2443 4857; x_wconf 95' lang='lat'><strong>,</strong></span> <span class='ocrx_word' id='word_1_620' title='bbox 2477 4809 2497 4842; x_wconf 71' lang='grc' dir='ltr'><strong>ι</strong></span> <span class='ocrx_word' id='word_1_621' title='bbox 2530 4806 2575 4844; x_wconf 86' lang='grc' dir='ltr'><strong>υ.</strong></span> <span class='ocrx_word' id='word_1_622' title='bbox 2607 4790 2659 4844; x_wconf 76' lang='lat'><strong>3.</strong></span> 
     </span>
    </p>
   </div>
   <div class='ocr_carea' id='block_1_81' title="bbox 282 4949 1785 5026">
    <p class='ocr_par' dir='ltr' id='par_1_81' title="bbox 282 4951 1780 5026">
     <span class='ocr_line' id='line_1_81' title="bbox 282 4951 1780 5026; baseline -0.006 -16"><span class='ocrx_word' id='word_1_623' title='bbox 282 4954 398 5026; x_wconf 84' lang='lat'><strong>(86)</strong></span> <span class='ocrx_word' id='word_1_624' title='bbox 437 4953 803 5018; x_wconf 80' lang='grc' dir='ltr'>Ἀθανάσιος.</span> <span class='ocrx_word' id='word_1_625' title='bbox 847 4951 990 5024; x_wconf 69' lang='grc' dir='ltr'>Πρὸς</span> <span class='ocrx_word' id='word_1_626' title='bbox 1021 4951 1077 5006; x_wconf 83' lang='grc' dir='ltr'>δὲ</span> <span class='ocrx_word' id='word_1_627' title='bbox 1107 4951 1342 5004; x_wconf 80' lang='grc' dir='ltr'>διάνοιαν</span> <span class='ocrx_word' id='word_1_628' title='bbox 1377 4951 1656 5021; x_wconf 78' lang='grc' dir='ltr'>κρείττους</span> <span class='ocrx_word' id='word_1_629' title='bbox 1687 4967 1780 5018; x_wconf 79' lang='grc' dir='ltr'>γε·</span> 
     </span>
    </p>
   </div>
   <div class='ocr_carea' id='block_1_82' title="bbox 1866 4949 3452 5026">
    <p class='ocr_par' dir='ltr' id='par_1_82' title="bbox 1959 4949 3452 5015">
     <span class='ocr_line' id='line_1_82' title="bbox 1959 4949 3452 5015; baseline 0.001 -12"><span class='ocrx_word' id='word_1_630' title='bbox 1959 4953 2299 5004; x_wconf 76' lang='lat' dir='ltr'><strong>Athanasius.</strong></span> <span class='ocrx_word' id='word_1_631' title='bbox 2340 4949 2647 5006; x_wconf 88' lang='lat' dir='ltr'><strong>Secundum</strong></span> <span class='ocrx_word' id='word_1_632' title='bbox 2683 4951 3010 5006; x_wconf 86' lang='lat' dir='ltr'><strong>intellectum</strong></span> <span class='ocrx_word' id='word_1_633' title='bbox 3041 4967 3188 5015; x_wconf 88' lang='lat' dir='ltr'><strong>vero,</strong></span> <span class='ocrx_word' id='word_1_634' title='bbox 3217 4953 3319 5005; x_wconf 77' lang='lat' dir='ltr'><strong>sire</strong></span> <span class='ocrx_word' id='word_1_635' title='bbox 3342 4967 3452 5006; x_wconf 82' lang='lat' dir='ltr'><strong>sen-</strong></span> 
     </span>
    </p>
   </div>
   <div class='ocr_carea' id='block_1_83' title="bbox 196 5043 1775 5119">
    <p class='ocr_par' dir='ltr' id='par_1_83' title="bbox 196 5043 1775 5119">
     <span class='ocr_line' id='line_1_83' title="bbox 196 5043 1775 5119; baseline -0.006 -14"><span class='ocrx_word' id='word_1_636' title='bbox 196 5051 450 5119; x_wconf 79' lang='grc' dir='ltr'>γόναμεν</span> <span class='ocrx_word' id='word_1_637' title='bbox 478 5047 586 5103; x_wconf 82' lang='grc' dir='ltr'><strong>τῶν</strong></span> <span class='ocrx_word' id='word_1_638' title='bbox 632 5046 1044 5118; x_wconf 78' lang='grc' dir='ltr'>ἐπηρεαζόντων</span> <span class='ocrx_word' id='word_1_639' title='bbox 1076 5046 1342 5114; x_wconf 79' lang='grc' dir='ltr'>δαιμόνων</span> <span class='ocrx_word' id='word_1_640' title='bbox 1387 5046 1472 5096; x_wconf 76' lang='grc' dir='ltr'>διὰ</span> <span class='ocrx_word' id='word_1_641' title='bbox 1519 5043 1775 5115; x_wconf 80' lang='grc' dir='ltr'>Χριστοῦ,</span> 
     </span>
    </p>
   </div>
   <div class='ocr_carea' id='block_1_84' title="bbox 197 5138 1780 5214">
    <p class='ocr_par' dir='ltr' id='par_1_84' title="bbox 197 5138 1780 5214">
     <span class='ocr_line' id='line_1_84' title="bbox 197 5138 1780 5214; baseline -0.004 -17"><span class='ocrx_word' id='word_1_642' title='bbox 197 5144 266 5207; x_wconf 75' lang='grc' dir='ltr'>ὃς</span> <span class='ocrx_word' id='word_1_643' title='bbox 297 5141 475 5211; x_wconf 83' lang='grc' dir='ltr'>πέτρα</span> <span class='ocrx_word' id='word_1_644' title='bbox 507 5139 583 5214; x_wconf 56' lang='grc' dir='ltr'>τις)</span> <span class='ocrx_word' id='word_1_645' title='bbox 613 5141 863 5211; x_wconf 78' lang='grc' dir='ltr'>μακαρίῳ</span> <span class='ocrx_word' id='word_1_646' title='bbox 886 5141 1296 5209; x_wconf 77' lang='grc' dir='ltr'>κατωνόμασται</span> <span class='ocrx_word' id='word_1_647' title='bbox 1325 5139 1536 5208; x_wconf 84' lang='grc' dir='ltr'>Παύλῳ.</span> <span class='ocrx_word' id='word_1_648' title='bbox 1567 5140 1675 5189; x_wconf 74' lang='grc' dir='ltr'>Καὶ</span> <span class='ocrx_word' id='word_1_649' title='bbox 1696 5138 1780 5190; x_wconf 84' lang='grc' dir='ltr'><strong>ἵνα</strong></span> 
     </span>
    </p>
   </div>
   <div class='ocr_carea' id='block_1_85' title="bbox 195 5229 1778 5302">
    <p class='ocr_par' dir='ltr' id='par_1_85' title="bbox 195 5229 1778 5302">
     <span class='ocr_line' id='line_1_85' title="bbox 195 5229 1778 5302; baseline -0.007 -11"><span class='ocrx_word' id='word_1_650' title='bbox 195 5239 302 5292; x_wconf 80' lang='grc' dir='ltr'><strong>τὸν</strong></span> <span class='ocrx_word' id='word_1_651' title='bbox 334 5235 458 5288; x_wconf 86' lang='grc' dir='ltr'>νοῦν</span> <span class='ocrx_word' id='word_1_652' title='bbox 491 5235 704 5288; x_wconf 76' lang='grc' dir='ltr'>ἅπαντα</span> <span class='ocrx_word' id='word_1_653' title='bbox 745 5233 844 5302; x_wconf 78' lang='grc' dir='ltr'>τῆς</span> <span class='ocrx_word' id='word_1_654' title='bbox 891 5232 1207 5301; x_wconf 68' lang='grc' dir='ltr'>ψαλμῳδίας</span> <span class='ocrx_word' id='word_1_655' title='bbox 1240 5231 1396 5292; x_wconf 78' lang='grc' dir='ltr'>εἴπω,</span> <span class='ocrx_word' id='word_1_656' title='bbox 1431 5229 1778 5298; x_wconf 78' lang='grc' dir='ltr'>εὐχαριστίαν</span> 
     </span>
    </p>
   </div>
   <div class='ocr_carea' id='block_1_86' title="bbox 198 5324 1777 5400">
    <p class='ocr_par' dir='ltr' id='par_1_86' title="bbox 198 5324 1777 5400">
     <span class='ocr_line' id='line_1_86' title="bbox 198 5324 1777 5400; baseline -0.005 -16"><span class='ocrx_word' id='word_1_657' title='bbox 198 5339 232 5388; x_wconf 81' lang='grc' dir='ltr'>ὁ</span> <span class='ocrx_word' id='word_1_658' title='bbox 264 5334 426 5398; x_wconf 76' lang='grc' dir='ltr'>λόγος</span> <span class='ocrx_word' id='word_1_659' title='bbox 459 5330 720 5400; x_wconf 81' lang='grc' dir='ltr'>περιέχει.</span> <span class='ocrx_word' id='word_1_660' title='bbox 773 5329 955 5380; x_wconf 78' lang='grc' dir='ltr'>Ταῦτα</span> <span class='ocrx_word' id='word_1_661' title='bbox 999 5327 1106 5396; x_wconf 82' lang='grc' dir='ltr'><strong>γάρ</strong></span> <span class='ocrx_word' id='word_1_662' title='bbox 1140 5343 1249 5396; x_wconf 86' lang='grc' dir='ltr'>μοι.</span> <span class='ocrx_word' id='word_1_663' title='bbox 1303 5327 1483 5394; x_wconf 77' lang='grc' dir='ltr'>φησὶν,</span> <span class='ocrx_word' id='word_1_664' title='bbox 1536 5324 1777 5393; x_wconf 74' lang='grc' dir='ltr'>ὑπῆρξαν</span> 
     </span>
    </p>
   </div>
   <div class='ocr_carea' id='block_1_87' title="bbox 201 5416 1777 5494">
    <p class='ocr_par' dir='ltr' id='par_1_87' title="bbox 201 5416 1777 5494">
     <span class='ocr_line' id='line_1_87' title="bbox 201 5416 1777 5494; baseline -0.009 -14"><span class='ocrx_word' id='word_1_665' title='bbox 201 5428 318 5480; x_wconf 76' lang='grc' dir='ltr'>ὅσα</span> <span class='ocrx_word' id='word_1_666' title='bbox 349 5424 672 5494; x_wconf 85' lang='grc' dir='ltr'>προείρηκα,</span> <span class='ocrx_word' id='word_1_667' title='bbox 712 5419 896 5490; x_wconf 76' lang='grc' dir='ltr'>ἐπειδὴ</span> <span class='ocrx_word' id='word_1_668' title='bbox 918 5422 979 5472; x_wconf 82' lang='grc' dir='ltr'><strong>σύ</strong></span> <span class='ocrx_word' id='word_1_669' title='bbox 1000 5417 1179 5481; x_wconf 83' lang='grc' dir='ltr'>αὐτὸς,</span> <span class='ocrx_word' id='word_1_670' title='bbox 1214 5419 1241 5468; x_wconf 87' lang='grc' dir='ltr'>ὁ</span> <span class='ocrx_word' id='word_1_671' title='bbox 1275 5418 1426 5479; x_wconf 69' lang='grc' dir='ltr'>Θεὸς,</span> <span class='ocrx_word' id='word_1_672' title='bbox 1448 5416 1656 5486; x_wconf 79' lang='grc' dir='ltr'>ὲπῆράς</span> <span class='ocrx_word' id='word_1_673' title='bbox 1690 5433 1777 5484; x_wconf 86' lang='grc' dir='ltr'><strong>με,</strong></span> 
     </span>
    </p>
   </div>
   <div class='ocr_carea' id='block_1_88' title="bbox 283 5553 1217 5620">
    <p class='ocr_par' dir='ltr' id='par_1_88' title="bbox 283 5553 1217 5620">
     <span class='ocr_line' id='line_1_88' title="bbox 283 5553 1217 5620; baseline -0.009 -7"><span class='ocrx_word' id='word_1_674' title='bbox 283 5560 329 5590; x_wconf 83' lang='grc'><strong>³¹</strong></span> <span class='ocrx_word' id='word_1_675' title='bbox 371 5558 548 5612; x_wconf 72' lang='lat' dir='ltr'><strong>Hrcle.</strong></span> <span class='ocrx_word' id='word_1_676' title='bbox 581 5574 632 5620; x_wconf 82' lang='grc' dir='ltr'><strong>ν,</strong></span> <span class='ocrx_word' id='word_1_677' title='bbox 672 5558 719 5609; x_wconf 81' lang='grc' dir='ltr'><strong>Ι.</strong></span> <span class='ocrx_word' id='word_1_678' title='bbox 799 5554 842 5585; x_wconf 81' lang='grc'><strong>³³</strong></span> <span class='ocrx_word' id='word_1_679' title='bbox 874 5553 890 5606; x_wconf 92' lang='lat' dir='ltr'><strong>l</strong></span> <span class='ocrx_word' id='word_1_680' title='bbox 924 5554 1049 5608; x_wconf 90' lang='lat' dir='ltr'><strong>Cor.</strong></span> <span class='ocrx_word' id='word_1_681' title='bbox 1086 5570 1139 5617; x_wconf 67' lang='grc' dir='ltr'>ι,</span> <span class='ocrx_word' id='word_1_682' title='bbox 1167 5554 1217 5606; x_wconf 74' lang='lat' dir='ltr'><strong>.i.</strong></span> 
     </span>
    </p>
   </div>
   <div class='ocr_carea' id='block_1_89' title="bbox 288 5698 724 5760">
    <p class='ocr_par' dir='ltr' id='par_1_89' title="bbox 288 5698 724 5760">
     <span class='ocr_line' id='line_1_89' title="bbox 288 5698 724 5760; baseline -0.002 -10"><span class='ocrx_word' id='word_1_683' title='bbox 288 5700 404 5760; x_wconf 73' lang='lat'><strong>(83)</strong></span> <span class='ocrx_word' id='word_1_684' title='bbox 437 5699 567 5752; x_wconf 84' lang='lat' dir='ltr'><strong>Vide</strong></span> <span class='ocrx_word' id='word_1_685' title='bbox 597 5698 724 5750; x_wconf 89' lang='lat' dir='ltr'><strong>ibid.</strong></span> 
     </span>
    </p>
   </div>
   <div class='ocr_carea' id='block_1_90' title="bbox 289 5764 1274 5834">
    <p class='ocr_par' dir='ltr' id='par_1_90' title="bbox 289 5764 1274 5834">
     <span class='ocr_line' id='line_1_90' title="bbox 289 5764 1274 5834; baseline -0.011 -9"><span class='ocrx_word' id='word_1_686' title='bbox 289 5771 404 5828; x_wconf 71' lang='grc'>(84)</span> <span class='ocrx_word' id='word_1_687' title='bbox 445 5770 577 5823; x_wconf 74' lang='lat' dir='ltr'><strong>Vide</strong></span> <span class='ocrx_word' id='word_1_688' title='bbox 617 5784 776 5834; x_wconf 87' lang='lat' dir='ltr'><strong>supra</strong></span> <span class='ocrx_word' id='word_1_689' title='bbox 811 5767 874 5821; x_wconf 83' lang='lat' dir='ltr'><strong>ad</strong></span> <span class='ocrx_word' id='word_1_690' title='bbox 907 5765 1047 5818; x_wconf 83' lang='lat' dir='ltr'><strong>hunc</strong></span> <span class='ocrx_word' id='word_1_691' title='bbox 1077 5764 1274 5816; x_wconf 85' lang='lat' dir='ltr'><strong>locum.</strong></span> 
     </span>
    </p>
   </div>
   <div class='ocr_carea' id='block_1_91' title="bbox 291 5831 1779 5910">
    <p class='ocr_par' dir='ltr' id='par_1_91' title="bbox 291 5831 1779 5910">
     <span class='ocr_line' id='line_1_91' title="bbox 291 5831 1779 5910; baseline -0.008 -15"><span class='ocrx_word' id='word_1_692' title='bbox 291 5841 404 5910; x_wconf 83' lang='lat'><strong>(85)</strong></span> <span class='ocrx_word' id='word_1_693' title='bbox 446 5839 568 5896; x_wconf 65' lang='lat' dir='ltr'><strong>lleec</strong></span> <span class='ocrx_word' id='word_1_694' title='bbox 620 5831 886 5894; x_wconf 76' lang='lat' dir='ltr'><strong>habentur</strong></span> <span class='ocrx_word' id='word_1_695' title='bbox 939 5837 990 5890; x_wconf 88' lang='lat' dir='ltr'><strong>in</strong></span> <span class='ocrx_word' id='word_1_696' title='bbox 1041 5834 1470 5905; x_wconf 73' lang='lat' dir='ltr'><strong>Expositionibus</strong></span> <span class='ocrx_word' id='word_1_697' title='bbox 1521 5831 1585 5888; x_wconf 82' lang='lat' dir='ltr'><strong>ad</strong></span> <span class='ocrx_word' id='word_1_698' title='bbox 1639 5831 1779 5886; x_wconf 83' lang='lat' dir='ltr'><strong>hunc</strong></span> 
     </span>
    </p>
   </div>
   <div class='ocr_carea' id='block_1_92' title="bbox 1888 5045 3451 5114">
    <p class='ocr_par' dir='ltr' id='par_1_92' title="bbox 1888 5045 3451 5114">
     <span class='ocr_line' id='line_1_92' title="bbox 1888 5045 3451 5114; baseline 0 -16"><span class='ocrx_word' id='word_1_699' title='bbox 1888 5063 2002 5098; x_wconf 86' lang='lat' dir='ltr'><strong>sum</strong></span> <span class='ocrx_word' id='word_1_700' title='bbox 2033 5046 2382 5113; x_wconf 82' lang='lat' dir='ltr'><strong>spirituaiem,</strong></span> <span class='ocrx_word' id='word_1_701' title='bbox 2414 5046 2690 5099; x_wconf 83' lang='lat' dir='ltr'><strong>victoriam</strong></span> <span class='ocrx_word' id='word_1_702' title='bbox 2726 5045 3121 5114; x_wconf 85' lang='lat' dir='ltr'><strong>reportavimus</strong></span> <span class='ocrx_word' id='word_1_703' title='bbox 3154 5045 3220 5098; x_wconf 88' lang='lat' dir='ltr'><strong>de</strong></span> <span class='ocrx_word' id='word_1_704' title='bbox 3250 5045 3451 5098; x_wconf 70' lang='lat' dir='ltr'><strong>daemo-</strong></span> 
     </span>
    </p>
   </div>
   <div class='ocr_carea' id='block_1_93' title="bbox 1891 5136 3449 5206">
    <p class='ocr_par' dir='ltr' id='par_1_93' title="bbox 1891 5136 3449 5206">
     <span class='ocr_line' id='line_1_93' title="bbox 1891 5136 3449 5206; baseline -0.003 -15"><span class='ocrx_word' id='word_1_705' title='bbox 1891 5139 2071 5198; x_wconf 85' lang='lat' dir='ltr'><strong>nibus,</strong></span> <span class='ocrx_word' id='word_1_706' title='bbox 2122 5140 2211 5206; x_wconf 92' lang='lat' dir='ltr'><strong>qui</strong></span> <span class='ocrx_word' id='word_1_707' title='bbox 2269 5153 2368 5190; x_wconf 88' lang='lat' dir='ltr'><strong>nos</strong></span> <span class='ocrx_word' id='word_1_708' title='bbox 2402 5136 2749 5202; x_wconf 81' lang='lat' dir='ltr'><strong>infestabant,</strong></span> <span class='ocrx_word' id='word_1_709' title='bbox 2791 5153 2884 5206; x_wconf 88' lang='lat' dir='ltr'><strong>per</strong></span> <span class='ocrx_word' id='word_1_710' title='bbox 2928 5137 3224 5201; x_wconf 85' lang='lat' dir='ltr'><strong>Christum,</strong></span> <span class='ocrx_word' id='word_1_711' title='bbox 3279 5136 3368 5204; x_wconf 91' lang='lat' dir='ltr'><strong>qui</strong></span> <span class='ocrx_word' id='word_1_712' title='bbox 3420 5152 3449 5186; x_wconf 89' lang='lat' dir='ltr'><strong>a</strong></span> 
     </span>
    </p>
   </div>
   <div class='ocr_carea' id='block_1_94' title="bbox 1890 5227 3452 5299">
    <p class='ocr_par' dir='ltr' id='par_1_94' title="bbox 1890 5227 3452 5299">
     <span class='ocr_line' id='line_1_94' title="bbox 1890 5227 3452 5299; baseline -0.002 -17"><span class='ocrx_word' id='word_1_713' title='bbox 1890 5229 1950 5284; x_wconf 82' lang='grc' dir='ltr'><strong>ι).</strong></span> <span class='ocrx_word' id='word_1_714' title='bbox 1974 5229 2139 5283; x_wconf 83' lang='lat' dir='ltr'><strong>Paulo</strong></span> <span class='ocrx_word' id='word_1_715' title='bbox 2168 5240 2314 5299; x_wconf 85' lang='lat' dir='ltr'><strong>petra</strong></span> <span class='ocrx_word' id='word_1_716' title='bbox 2342 5230 2639 5298; x_wconf 87' lang='lat' dir='ltr'><strong>appellatur</strong></span> <span class='ocrx_word' id='word_1_717' title='bbox 2667 5229 2725 5280; x_wconf 86' lang='grc'><strong>³³.</strong></span> <span class='ocrx_word' id='word_1_718' title='bbox 2753 5227 2816 5281; x_wconf 79' lang='lat' dir='ltr'><strong>Et</strong></span> <span class='ocrx_word' id='word_1_719' title='bbox 2841 5239 2897 5282; x_wconf 93' lang='lat' dir='ltr'><strong>ut</strong></span> <span class='ocrx_word' id='word_1_720' title='bbox 2923 5229 3112 5296; x_wconf 89' lang='lat' dir='ltr'><strong>psalmi</strong></span> <span class='ocrx_word' id='word_1_721' title='bbox 3148 5229 3308 5297; x_wconf 85' lang='lat' dir='ltr'><strong>hujus</strong></span> <span class='ocrx_word' id='word_1_722' title='bbox 3327 5242 3452 5280; x_wconf 90' lang='lat' dir='ltr'><strong>sen-</strong></span> 
     </span>
    </p>
   </div>
   <div class='ocr_carea' id='block_1_95' title="bbox 1888 5320 3448 5391">
    <p class='ocr_par' dir='ltr' id='par_1_95' title="bbox 1888 5320 3448 5391">
     <span class='ocr_line' id='line_1_95' title="bbox 1888 5320 3448 5391; baseline -0.003 -15"><span class='ocrx_word' id='word_1_723' title='bbox 1888 5340 2006 5376; x_wconf 88' lang='lat' dir='ltr'><strong>sum</strong></span> <span class='ocrx_word' id='word_1_724' title='bbox 2045 5324 2354 5377; x_wconf 73' lang='lat' dir='ltr'><strong>universum</strong></span> <span class='ocrx_word' id='word_1_725' title='bbox 2391 5338 2695 5391; x_wconf 82' lang='lat' dir='ltr'><strong>exponam,</strong></span> <span class='ocrx_word' id='word_1_726' title='bbox 2757 5323 2996 5375; x_wconf 85' lang='lat' dir='ltr'><strong>continet</strong></span> <span class='ocrx_word' id='word_1_727' title='bbox 3051 5320 3096 5375; x_wconf 89' lang='lat' dir='ltr'><strong>is</strong></span> <span class='ocrx_word' id='word_1_728' title='bbox 3151 5320 3448 5390; x_wconf 88' lang='lat' dir='ltr'><strong>gratiarum</strong></span> 
     </span>
    </p>
   </div>
   <div class='ocr_carea' id='block_1_96' title="bbox 1891 5413 3449 5486">
    <p class='ocr_par' dir='ltr' id='par_1_96' title="bbox 1891 5413 3449 5486">
     <span class='ocr_line' id='line_1_96' title="bbox 1891 5413 3449 5486; baseline -0.001 -18"><span class='ocrx_word' id='word_1_729' title='bbox 1891 5418 2178 5470; x_wconf 73' lang='lat' dir='ltr'><strong>actionem.</strong></span> <span class='ocrx_word' id='word_1_730' title='bbox 2202 5415 2304 5469; x_wconf 80' lang='lat' dir='ltr'><strong>Ista</strong></span> <span class='ocrx_word' id='word_1_731' title='bbox 2334 5416 2476 5469; x_wconf 89' lang='lat' dir='ltr'><strong>enim</strong></span> <span class='ocrx_word' id='word_1_732' title='bbox 2510 5418 2716 5479; x_wconf 90' lang='lat' dir='ltr'><strong>omnia,</strong></span> <span class='ocrx_word' id='word_1_733' title='bbox 2741 5416 2933 5486; x_wconf 89' lang='lat' dir='ltr'><strong>inquit,</strong></span> <span class='ocrx_word' id='word_1_734' title='bbox 2969 5432 3086 5485; x_wconf 72' lang='lat' dir='ltr'><strong>qua:</strong></span> <span class='ocrx_word' id='word_1_735' title='bbox 3114 5413 3449 5469; x_wconf 83' lang='lat' dir='ltr'><strong>enumeravi.</strong></span> 
     </span>
    </p>
   </div>
   <div class='ocr_carea' id='block_1_97' title="bbox 1893 5698 2126 5737">
    <p class='ocr_par' dir='ltr' id='par_1_97' title="bbox 1893 5698 2126 5737">
     <span class='ocr_line' id='line_1_97' title="bbox 1893 5698 2126 5737; baseline 0.009 -5"><span class='ocrx_word' id='word_1_736' title='bbox 1893 5698 2126 5737; x_wconf 76' lang='lat' dir='ltr'><strong>versum.</strong></span> 
     </span>
    </p>
   </div>
   <div class='ocr_carea' id='block_1_98' title="bbox 1963 5750 2640 5825">
    <p class='ocr_par' dir='ltr' id='par_1_98' title="bbox 1963 5750 2640 5825">
     <span class='ocr_line' id='line_1_98' title="bbox 1963 5750 2640 5825; baseline 0 -19"><span class='ocrx_word' id='word_1_737' title='bbox 1963 5758 2068 5825; x_wconf 72' lang='lat'><strong>(86)</strong></span> <span class='ocrx_word' id='word_1_738' title='bbox 2112 5754 2183 5809; x_wconf 91' lang='lat' dir='ltr'><strong>lbi</strong></span> <span class='ocrx_word' id='word_1_739' title='bbox 2220 5754 2338 5809; x_wconf 78' lang='lat' dir='ltr'><strong>vide</strong></span> <span class='ocrx_word' id='word_1_740' title='bbox 2371 5750 2640 5823; x_wconf 82' lang='lat' dir='ltr'><strong>supcrius.</strong></span> 
     </span>
    </p>
   </div>
  </div>
