4058 6506
636 445 737 503 571

1481 446 1537 499 S.
1581 444 1948 501 ATHANASII
1982 445 2133 501 OPP.
2177 445 2356 501 PARS
2384 446 2474 502 111.
2502 477 2572 487 —-
2613 445 3022 503 EXEGETICA.

3765 445 3875 504 5η

631 564 945 620 acciderunt
985 566 1114 619 mibi
1141 566 1396 634 quoniam
1434 575 1512 629 tu,
1545 581 1578 620 o
1607 565 1770 630 Deus,
1799 567 2048 622 exaltasti
2089 583 2198 635 me,

2303 569 2394 622 καὶ
2424 568 2642 638 ὖψωσας
2675 571 2732 623 ἐν
2763 572 2826 640 τῇ
2857 569 3005 640 παρὰ
3042 572 3121 622 σοὶ
3152 568 3345 638 πέτρᾳ,
3369 568 3490 636 ἥτις
3520 567 3667 619 ἐστὶν
3714 566 3743 618 ὀ
3783 567 3877 630 σὸς

625 667 684 713 et
703 657 940 713 extulisti
975 671 1061 711 me
1103 658 1156 710 in
1182 667 1355 726 petra,
1395 674 1515 727 quae
1551 660 1692 727 apud
1731 667 1783 714 te
1810 669 1913 727 est,
1945 661 1998 715 in
2036 662 2198 714 verbo

629 750 839 806 scilicet
866 758 958 804 tuo
988 767 1001 802 :
1030 749 1282 805 Christus
1310 753 1456 805 enim
1489 760 1606 805 erat
1631 761 1780 822 petra
1808 753 1918 808 illa.
1944 753 2079 820 Quia
2097 753 2199 823 igi-

625 849 718 897 tur
739 841 906 896 verbo
940 851 1036 895 tuo
1067 855 1152 894 me
1177 841 1454 904 exaltasti,
1488 853 1648 912 atque
1678 842 1750 898 ita
1771 844 2054 898 sublimem
2076 843 2198 898 feci-

627 936 720 1001 sti,
759 943 820 989 ut
844 948 949 988 non
985 935 1218 1002 amplius
1248 935 1301 988 in
1331 934 1510 988 medio
1533 945 1710 1001 teme,
1740 936 1832 1000 sed
1858 937 1909 988 in
1941 935 2198 990 extremis

627 1028 748 1097 ejus
772 1027 1008 1081 habitem
1048 1046 1059 1081 :
1101 1028 1322 1096 insuper
1354 1029 1517 1081 etiam
1543 1031 1670 1098 quia
1710 1029 1978 1083 deduxisti
2007 1043 2110 1090 me,
2141 1037 2200 1082 ut

620 1120 737 1188 jam
789 1121 1124 1188 propinquus
1151 1119 1246 1172 tibi
1288 1118 1461 1173 factus
1502 1121 1627 1184 sim,
1664 1130 1718 1175 et
1749 1122 1875 1190 quia
1906 1137 2030 1189 spes
2061 1137 2200 1189 quo-

625 1225 731 1280 que
761 1224 877 1263 mea
912 1207 1088 1264 factus
1116 1225 1176 1263 es
1202 1252 1216 1274 ,
1253 1227 1358 1280 qua
1408 1212 1689 1266 conlidens
1735 1227 1840 1265 non
1878 1211 2199 1276 confundar,

2302 664 2459 732 λόγος
2483 682 2494 694 ·
2533 666 2566 736 ή
2603 666 2777 737 πέτρα
2805 666 2912 738 γὰρ
2941 662 3006 738 ἦν
3038 668 3066 719 ὁ
3093 667 3339 738 Χριστός.
3391 666 3538 717 Ἐπεὶ
3576 664 3754 716 τοίνυν
3797 661 3878 734 τῷ

2301 753 2443 825 λόγῳ
2478 773 2570 808 σου
2610 755 2831 826 ὖψωσάς
2877 775 2963 827 με,
3015 758 3109 809 καὶ
3162 755 3433 826 μετέωρον
3473 755 3766 823 ἐποίησας,
3799 754 3878 817 ὡς

2306 846 2502 917 μηκέτι
2537 850 2807 900 κατοικεῖν
2833 847 2900 902 τὰ
2939 847 3077 917 μέσα
3109 845 3210 915 τῆς
3261 845 3386 914 γῆς,
3436 844 3546 897 ἀλλ’
3581 845 3637 896 ὲν
3683 845 3878 913 ἄκροις

2305 940 2474 1010 αὐτῆς
2501 939 2790 1008 γενέσθαι·
2841 941 2940 1011 ἤδη
2979 940 3034 993 δὲ
3092 941 3187 992 καὶ
3241 937 3528 1008 ιῦδήγησὰς
3577 953 3682 1006 με,
3733 934 3878 988 ὥστε

2307 1032 2532 1102 πλησίον
2580 1048 2672 1084 σου
2705 1031 2926 1100 φθάσαι.
2958 1030 3186 1098 γέγονας
3229 1047 3286 1081 τε
3338 1029 3490 1090 ἐλπίς
3539 1046 3661 1097 μου,
3709 1027 3757 1079 δι
3812 1029 3879 1096 ἦν

2305 1123 2491 1176 ἐλπίδα
2514 1122 2574 1173 ού
2605 1121 3143 1191 καταισχυνθήσομαι
3165 1136 3178 1149 °
3207 1118 3342 1171 ἀλλά
3378 1119 3469 1170 καὶ
3501 1117 3710 1170 πολλῶν
3757 1119 3881 1168 ἐπι-

2306 1214 2574 1285 κειμένων
2604 1213 2806 1281 νοητῶν
2832 1211 3058 1284 ὲχθρῶν,
3093 1211 3201 1264 τῶν
3237 1211 3540 1280 ζητούντων
3568 1211 3668 1279 τὴν
3694 1209 3880 1278 ψυχήν

625 1300 751 1370 quia
803 1300 1039 1366 denique
1078 1315 1199 1354 cum
1239 1301 1422 1356 hostes
1476 1301 1629 1353 multi
1661 1316 1744 1354 tne
1792 1301 2106 1370 impetercnt
2141 1317 2205 1357 ac

2309 1323 2431 1375 μου,
2465 1306 2584 1358 ἀντὶ
2613 1304 2826 1356 πάντων
2855 1303 3092 1374 ἧρκεσας
3122 1303 3185 1355 σὺ
3229 1303 3408 1372 μόνος,
3443 1302 3650 1372 πύργος
3692 1303 3880 1372 ἰσχύος

624 1405 934 1468 quaererent
965 1395 1204 1448 animam
1257 1407 1469 1456 meam,
1512 1401 1567 1446 tu
1611 1394 1758 1448 solus
1784 1403 1971 1447 contra
2013 1410 2204 1448 omnes

627 1488 956 1550 sufficiebas,
989 1484 1164 1539 factus
1182 1484 1312 1537 mihi
1344 1484 1513 1537 turris
1535 1482 1904 1548 fortitudinis;
1940 1486 2074 1545 huic,
2111 1486 2193 1536 in-

621 1596 812 1652 quam,
852 1579 1033 1633 omnia
1065 1591 1185 1629 cum
1226 1591 1256 1629 a
1286 1583 1337 1629 te
1362 1586 1685 1630 consecutus
1717 1567 1840 1638 sini,
1871 1578 2062 1629 merito
2098 1577 2193 1629 tibi

625 1673 858 1743 hymnos
878 1669 1065 1735 offero,
1087 1677 1147 1724 ut
1173 1665 1270 1736 qui
1293 1665 1424 1720 milii
1450 1667 1692 1720 omnium
1719 1667 1989 1721 bonorum.
2007 1677 2194 1720 auctor

625 1764 814 1822 fueris.

2311 1415 2397 1468 μοι
2422 1399 2707 1465 γενόμενος
2729 1414 2741 1427 ο
2771 1397 2996 1458 εἰκότως
3028 1394 3231 1447 τούτων
3257 1395 3510 1447 ἁπάντων
3553 1395 3754 1465 τυχὼν,
3814 1395 3883 1448 σὺ

2298 1496 2314 1557 (
2339 1490 2474 1557 forte
2507 1489 2620 1554 eoi)
2651 1489 2774 1550 τοὺς
2806 1486 3006 1556 ὕμνους
3035 1485 3364 1556 ἀναπέμπω,
3393 1484 3468 1551 ὡς
3491 1487 3751 1541 ἁπάντων
3789 1502 3886 1558 μοι

2296 1581 2402 1634 τῶν
2432 1580 2650 1648 ἀγαθῶν
2670 1579 2945 1654 γενομένῳ
2979 1578 3156 1649 αἰτίῳ.

1470 1852 1538 1907 Et
1571 1856 1622 1908 in
1647 1870 1846 1908 versum
1881 1863 2206 1921 sequentem:
2244 1871 2260 1902 ι
2303 1850 2579 1905 Dedtuisti
2607 1868 2703 1916 me,
2735 1872 2753 1902 ι
2795 1861 2918 1919 ctc.,
2947 1869 2993 1907 υ.
3024 1853 3059 1904 ι

705 2023 985 2078 Athanasii
1008 2031 1056 2076 et
1082 2019 1292 2090 Cyrilli.
1332 2018 1467 2084 Quia
1502 2033 1628 2072 vero
1678 2018 1778 2070 viae
1829 2015 2026 2069 ducum
2076 2031 2199 2084 pro-

2373 2017 2483 2085 (87)
2528 2018 2874 2072 Ἀθανασίου
2921 2018 3017 2071 καὶ
3070 2018 3390 2086 Κυρίλλου.
3463 2017 3617 2073 Ἐπεὶ
3666 2020 3726 2073 δὲ
3772 2021 3884 2074 τῶν

624 2115 801 2184 prium
830 2122 914 2166 est
938 2113 1332 2174 demonstrare,
1369 2125 1615 2179 quaenam
1646 2110 1729 2161 via
1780 2117 1894 2161 tuta
1945 2109 2036 2168 sit,
2074 2124 2193 2175 qua:

628 2221 753 2260 vero
788 2204 1088 2276 periculosa
1121 2211 1174 2257 et
1218 2203 1517 2271 perniciosa
1548 2220 1559 2253 :
1597 2201 1761 2253 etiam
1797 2200 1899 2252 hoc
1940 2197 2192 2252 Christus

625 2297 821 2351 fecisse
854 2294 1206 2363 comperitur,
1259 2291 1384 2344 dum
1429 2292 1540 2343 ait:
1582 2290 1691 2356 Ego
1719 2304 1834 2340 sum
1880 2288 1962 2342 via
2011 2297 2059 2341 et
2103 2304 2189 2340 os-

627 2388 758 2439 tium
803 2383 870 2440 “.
909 2385 1042 2438 Illud
1069 2398 1219 2446 vero,
1250 2383 1416 2436 turris
1452 2380 1802 2443 fortitudinis,
1835 2379 1972 2432 idem
2016 2387 2099 2432 est
2129 2393 2192 2433 ac

624 2479 670 2532 si
698 2478 966 2532 dixisset:
1009 2473 1196 2529 Murus
1247 2489 1310 2527 ac
1355 2481 1596 2526 tutamen
1625 2473 1758 2525 mihi
1794 2470 1968 2524 iactus
2019 2486 2099 2532 es,
2133 2479 2192 2523 ut

624 2569 756 2622 nihil
794 2568 925 2622 mihi
964 2567 1175 2622 accidat
1204 2566 1352 2630 mali,
1388 2580 1512 2619 cum
1549 2564 1601 2617 hi
1636 2563 1936 2617 molestiam
1973 2562 2190 2632 pariunt

623 2659 846 2714 inimici.
876 2657 1126 2713 Christus
1154 2671 1389 2727 namque
1437 2657 1604 2710 turris
1637 2664 1719 2710 est
1769 2655 1980 2710 stabilis
2027 2664 2188 2726 atque

623 2752 967 2808 inconcussa.

1310 2862 1378 2916 Et
1409 2863 1462 2917 in
1496 2863 1766 2933 sequentia
1799 2874 1821 2916 :
1858 2879 1879 2913 ι
1919 2861 2188 2915 Habitabo

692 3027 1041 3092 Athanasius,
1069 3028 1326 3099 Cyrillua.
1363 3027 1443 3083 Ad
1476 3041 1696 3084 sensum
1727 3044 1858 3085 vero
1887 3027 2001 3084 :Ex
2030 3029 2190 3085 bonis

622 3133 744 3188 quae
766 3120 876 3188 jam
903 3136 932 3174 a
959 3123 1067 3176 Deo
1092 3130 1394 3189 acceperat,
1437 3136 1585 3190 spem
1621 3122 1722 3176 sibi
1760 3121 1888 3176 facit
1930 3122 2091 3175 etiam
2122 3122 2189 3176 de

622 3211 844 3277 futuris,
881 3213 1026 3282 quod
1063 3213 1320 3268 nimirum
1367 3223 1614 3281 receptus
1646 3214 1699 3266 in
1732 3229 1965 3282 superna
2007 3214 2188 3266 taber-

620 3302 840 3366 nacula,
874 3319 1088 3374 semper
1123 3304 1225 3359 sub
1253 3304 1344 3358 Dei
1385 3304 1489 3357 erit
1523 3303 1878 3371 protectione.
1920 3301 2192 3368 Quemad—

622 3392 843 3444 modum
899 3393 1044 3445 enim
1097 3393 1190 3461 qui
1241 3390 1438 3446 festum
1487 3391 1703 3460 aliquod
1737 3392 1908 3445 acturi
1945 3401 2092 3456 sunt,
2128 3408 2192 3446 eo

615 3482 727 3551 jam
760 3499 867 3553 prae
897 3482 1107 3540 foribus
1156 3485 1472 3549 exsistente,
1524 3486 1862 3553 iucunditate
1911 3502 1973 3540 ae
2008 3487 2192 3541 Iretitia

621 3574 854 3643 quadam
892 3575 1314 3646 perfunduntur,
1365 3585 1420 3630 et
1472 3577 1619 3645 quod
1655 3577 1895 3630 nondum
1953 3591 2193 3645 przesens

620 3668 776 3736 quasi
807 3683 1046 3736 praesens
1101 3668 1426 3722 intuentur:
1478 3667 1557 3722 sic
1604 3668 1769 3721 etiam
1817 3669 2011 3731 sancti,
2065 3683 2189 3723 cum

620 3759 792 3815 bonas
841 3775 966 3828 spes
1008 3759 1243 3813 habeant
1291 3760 1356 3814 de
1398 3758 1580 3814 futura
1627 3759 1734 3814 vita
1762 3800 1779 3824 ,
1830 3760 2076 3814 laetantur
2121 3758 2189 3814 de

619 3853 754 3921 ipsa.
791 3852 917 3907 Alas
939 3867 1068 3907 vero
1093 3852 1328 3922 appellat
1349 3851 1706 3907 Providentiaa
1728 3853 1923 3906 divinae
1953 3861 2188 3922 potesta-

620 3949 767 3995 tem:
803 3956 834 3994 a
867 3956 974 4009 qua
1017 3950 1192 3996 tectus
1225 3943 1403 3996 omnis
1453 3941 1546 3996 Dei
1582 3959 1772 4014 amans
1805 3959 2082 4013 nunquam
2119 3959 2184 3997 ex

620 4030 970 4086 tabernaculo
1017 4029 1110 4086 Dei
1159 4031 1391 4097 excedit,
1435 4033 1526 4087 sed
1577 4032 1631 4086 in
1667 4043 1928 4087 azternum
1982 4033 2036 4087 in
2070 4033 2184 4102 ipsa

620 4131 921 4191 permanet.

2293 2107 2627 2177 ὀδηγούντων
2679 2109 2808 2161 ἴδιον
2842 2110 2903 2161 τὸ
2948 2108 3233 2172 δεικνύειν,
3293 2110 3424 2163 ποία
3483 2110 3583 2180 μὲν
3629 2112 3881 2181 ἀσφαλὴς

2292 2199 2429 2264 ὁδὸς,
2455 2199 2665 2252 ποὶαδὲ
2695 2201 2937 2272 σφαλερά
2965 2202 3058 2254 καὶ
3084 2201 3320 2273 βλαϐερὰ
3354 2203 3732 2274 μαρτύρεσθαι
3749 2221 3762 2234 °
3788 2205 3883 2257 καὶ

2291 2289 2448 2342 τοῦτο
2479 2291 2713 2361 Χριστὸς
2745 2289 3058 2359 πεποιηκὼς
3083 2292 3396 2362 εὑρίσκεται
3425 2331 3440 2356 ,
3465 2295 3526 2344 ὲν
3553 2292 3632 2363 τῷ
3656 2293 3842 2361 λέγειν
3863 2309 3880 2326 ⁸

2307 2381 2454 2447 Ἐγώ
2474 2384 2589 2449 εἰμι
2618 2384 2654 2448 ἠ
2680 2381 2818 2446 ὁδὸς
2845 2381 2943 2434 καὶ
2971 2382 3008 2446 ἠ
3037 2384 3204 2451 θύρα.
3236 2384 3308 2436 Τὸ
3329 2385 3406 2444 δὲ.
3437 2385 3647 2455 πύργος
3673 2387 3883 2455 ἰσχύος,

2295 2474 2478 2542 ὅμοιον
2512 2473 2642 2524 ὡσεὶ
2665 2472 2811 2540 λέγοι
2831 2490 2843 2501 θ
2877 2473 3066 2544 Τοῖχος
3099 2473 3190 2525 καὶ
3221 2475 3488 2542 ἀσφάλεια
3520 2476 3772 2544 γέγονας,
3801 2480 3883 2540 εις

2294 2563 2354 2616 τὸ
2391 2562 2554 2634 μηδὲν
2581 2564 2772 2616 παθεῖν
2806 2563 3220 2636 ἐπηρεαζόντων
3245 2565 3352 2616 τῶν
3393 2565 3621 2636 ἐχθρῶν.
3657 2565 3883 2637 Πύργος

2293 2656 2401 2727 γὰρ
2433 2657 2665 2729 ἑδραῖος,
2699 2655 3091 2718 ἀκατάσειστος
3115 2658 3142 2707 ὁ
3183 2658 3434 2727 Χριστός.

2219 2862 2273 2915 in
2305 2858 2646 2915 tabernaculo
2674 2867 2784 2926 tuo,
2830 2879 2850 2912 ›
2878 2870 3003 2928 etc.,
3035 2877 3081 2915 ι’.
3115 2861 3168 2915 5.

2368 3027 2478 3100 (88)
2525 3025 2885 3092 Ἀθανάσιος,
2911 3025 3228 3092 Κύριλλος.
3261 3024 3402 3096 Πρὸς
3420 3025 3476 3078 δὲ
3502 3024 3645 3089 νοῦν,
3682 3024 3780 3093 ἀφ’
3802 3016 3886 3081 ὧν

2297 3119 2397 3189 ήδη
2428 3119 2646 3189 εἴληφεν
2667 3117 2906 3186 ἀγαθῶν,
2929 3117 3023 3169 καὶ
3056 3117 3183 3187 περὶ
3230 3117 3336 3170 τῶν
3383 3116 3685 3186 μελλόντων
3717 3116 3881 3171 ἐλπί-

2299 3208 2401 3274 ζει,
2435 3211 2514 3263 ὅτι
2549 3210 2633 3282 δὴ,
2693 3211 2770 3272 εἰς
2818 3208 2915 3273 τάς
2943 3208 3054 3262 ἀνω
3087 3209 3290 3278 σκηνὰς
3324 3207 3582 3276 γεγονὼς,
3617 3208 3721 3260 ὑπὸ
3774 3207 3886 3280 τὴν

2299 3299 2460 3352 αὐτοῦ
2487 3301 2576 3353 διὰ
2608 3299 2807 3362 παντὸς
2846 3298 3134 3368 γενήσεται
3172 3297 3400 3366 σκέπην.
3441 3297 3652 3368 Ὠσπερ
3684 3297 3800 3368 γὰρ
3831 3299 3887 3351 oi

2297 3392 2576 3462 μέλλοντες
2601 3391 2868 3445 ἐπιτελεῖν
2902 3391 3114 3460 ἑορτὴν,
3149 3389 3314 3455 ἐγγύς
3343 3405 3402 3441 τε
3428 3390 3520 3441 καὶ
3551 3391 3642 3441 ἐπὶ
3676 3389 3885 3460 θύραις

2290 3483 2501 3552 ἔχοντες
2520 3483 2710 3552 αὐτὴν,
2741 3479 3295 3552 προαναπίμπλανται
3324 3478 3612 3551 θυμηδίας,
3655 3482 3750 3532 καὶ
3774 3483 3885 3552 τὴν

2290 3576 2440 3630 οῠπω
2475 3574 2752 3646 παροῦσαν
2782 3575 2856 3636 ὡς
2888 3575 2991 3645 ἤδη
3020 3573 3300 3644 παροῦσαν
3328 3573 3530 3644 ὁρῶσιν
3553 3590 3565 3604 ⁸
3597 3572 3742 3626 οὕτω
3778 3576 3886 3628 καὶ

2286 3669 2336 3720 οἱ
2367 3667 2529 3735 ἅγιοι,
2560 3665 2800 3737 χρηστὰς
2838 3665 3054 3735 ἔχοντες
3099 3665 3322 3729 ἐλπίδας
3349 3668 3442 3720 ἐπὶ
3486 3669 3552 3738 τῇ
3592 3666 3886 3741 μελλούσῃ

2289 3758 2424 3831 ζωῇ,
2455 3759 2733 3829 χαίρουσιν
2762 3757 2848 3808 ἐπ’
2874 3758 3033 3827 αὐτῇ.
3067 3756 3350 3828 Πτέρυγας
3374 3758 3431 3811 δὲ
3458 3759 3614 3811 καλεί
3642 3758 3747 3821 τὰς
3775 3760 3884 3812 τοῦ

2286 3850 2420 3904 Θεοῦ
2456 3848 2814 3921 προνοητικάς
2840 3847 3098 3920 δυνάμεις
3122 3866 3134 3878 ·
3171 3850 3261 3918 ὑφ’
3289 3848 3357 3912 ἀς
3394 3849 3652 3902 σκέπεται
3679 3851 3708 3903 ὁ
3745 3850 3886 3904 θεοι-

2289 3942 2466 4012 φιλὴς,
2511 3940 2778 4012 μηδέποτε
2823 3940 2921 4010 τῆς
2975 3941 3178 4012 σκηνῆς
3228 3940 3526 4012 ἀναχωρῶν
3561 3939 3654 3994 τοῦ
3703 3940 3885 4012 Θεοῦ,

2290 4033 2424 4086 ἀλλά
2459 4032 2523 4085 δι’
2559 4031 2753 4096 αἰῶνος
2777 4032 2836 4086 ὲν
2860 4031 2999 4103 αὐτῇ
3029 4032 3316 4086 κατοικῶν.

1149 4238 1219 4292 Et
1243 4240 1413 4295 adhuc
1447 4242 1500 4294 in
1532 4241 1724 4295 verba:
1770 4261 1789 4291 ι
1824 4239 2029 4294 Dedisti
2065 4240 2416 4295 hereditatem
2450 4241 2754 4297 timentibus
2781 4257 2967 4296 nomen
2995 4249 3164 4306 tuum,
3197 4249 3333 4295 ιρις.

691 4391 905 4448 Eusebii
941 4403 990 4448 et
1044 4393 1343 4448 Athanasii.
1399 4395 1691 4450 Sciendum
1727 4410 1914 4465 porro,
1964 4410 2086 4451 esse
2129 4395 2182 4449 in

620 4484 708 4540 his
752 4485 931 4541 verbis
984 4487 1273 4542 obscuram
1337 4487 1787 4556 signiﬁcationem
1839 4502 1981 4542 verte
2041 4486 2184 4541 illius

621 4578 968 4633 hereditatis.
1003 4579 1076 4632 Ea
1110 4594 1238 4632 vero
1276 4579 1494 4632 estvita
1536 4587 1759 4632 :eterna.
1799 4577 1902 4632 Sed
1933 4592 2056 4631 cum
2079 4577 2183 4630 ista

619 4669 836 4722 demum
868 4669 920 4723 in
954 4669 1139 4723 futuro
1165 4671 1366 4724 sazculo
1390 4669 1565 4724 danda
1611 4669 1703 4734 sit,
1754 4668 2023 4739 quomodo
2055 4682 2184 4739 ergo

619 4760 695 4814 ait
728 4760 915 4829 David,
954 4760 1200 4815 Dedisti?
1230 4761 1349 4815 Ideo
1380 4764 1661 4826 nimirum,
1685 4764 1808 4831 quia
1840 4763 1962 4816 licet
1992 4777 2053 4816 ea
2086 4777 2182 4815 ex-

617 4862 892 4922 spectetur
939 4863 1064 4922 post
1117 4855 1569 4908 resurrectionem
1602 4893 1616 4918 ,
1668 4851 1792 4907 data
1847 4862 2028 4907 tamen
2077 4861 2178 4915 est,

619 4944 746 5012 quia
772 4943 885 5013 jam
918 4944 1046 4997 olim
1082 4956 1269 5014 parata
1303 4955 1380 4999 est
1413 4946 1479 4999 iis
1505 4945 1599 5015 qui
1641 4959 1741 4999 suo
1778 4953 2017 5014 tempore
2060 4957 2181 4999 eam

619 5042 746 5087 sunt
789 5035 1055 5103 adepturi.
1109 5034 1347 5088 Observa
1406 5044 1610 5102 autem,
1659 5035 1822 5089 etiam
1868 5035 2182 5088 timentibus

619 5121 787 5177 Deum
815 5125 996 5178 datam
1038 5140 1161 5179 esse
1211 5125 1599 5178 hereditatem.
1639 5123 1694 5177 Si
1725 5123 1908 5192 itaque
1957 5122 2042 5175 his
2090 5120 2180 5190 qui

617 5215 778 5287 longe
819 5216 1104 5272 inferiores
1128 5227 1262 5280 sunt
1285 5233 1346 5271 ea
1377 5217 1500 5271 data
1535 5226 1650 5270 est:
1692 5215 1860 5269 multo
1892 5229 2023 5285 ergo
2065 5228 2180 5266 ma-

619 5308 700 5376 gis
729 5309 796 5365 iis
826 5309 918 5378 qui
953 5309 1113 5381 longe
1165 5309 1327 5364 altius
1367 5309 1822 5373 conscenderunt,
1855 5302 1958 5360 hoc
1985 5315 2065 5360 est
2095 5305 2176 5358 di-

616 5397 909 5467 ligentibus
942 5398 1130 5453 Deum.
1164 5400 1319 5466 Quod
1351 5414 1477 5453 vero
1501 5398 1774 5452 indefinite
1804 5397 1956 5457 dixit,
1992 5399 2178 5449 limen-

617 5489 782 5550 tihus,
831 5506 930 5546 nec
975 5489 1181 5544 addidit
1227 5490 1427 5546 Judazis
1463 5500 1555 5544 aut
1600 5491 1851 5560 gentibus
1879 5529 1892 5550 ,
1941 5504 2006 5543 eo
2060 5490 2175 5557 ipso

615 5579 872 5648 expandit
929 5583 1159 5650 gratiam
1195 5598 1347 5638 suam
1384 5599 1548 5652 super
1591 5582 1874 5638 universos
1907 5581 2172 5635 homines.

686 5713 732 5746 "
747 5713 905 5770 Joan.
937 5717 1132 5783 x1v,6;
1165 5735 1216 5785 χ,
1243 5720 1294 5774 9.

688 5832 796 5906 (87)
836 5837 963 5891 Vide
992 5841 1240 5907 SUpetius
1271 5840 1321 5891 in
1358 5836 1804 5905 Erpositionibus.

2360 4396 2656 4450 Εὑσεϐἰου
2705 4396 2803 4449 καὶ
2856 4396 3225 4453 Ἆθανασίου.
3290 4398 3481 4452 ’ἰστέον
3517 4400 3719 4470 μέντοι,
3791 4422 3858 4460 o.

2289 4481 2464 4535 ταῦτα
2489 4483 2715 4554 αἴνιγμα
2763 4485 2875 4554 ἔχει
2921 4484 3016 4537 καὶ
3065 4485 3165 4556 τῆς
3197 4486 3428 4557 ἀληθοῦς
3481 4489 3880 4563 κληρονομίας,

2289 4573 2438 4645 Δῦτη
2466 4575 2524 4628 δέ
2559 4578 2704 4629 ἐστιν
2743 4578 2776 4648 ἡ
2830 4575 3045 4641 αἰώνιος
3091 4578 3227 4650 ζωή.
3296 4580 3457 4635 Ἀλλά
3495 4584 3598 4654 μὴν
3630 4583 3778 4658 αὕτη
3817 4590 3886 4642 ὲν

2289 4667 2365 4737 τῷ
2391 4667 2634 4738 μέλλοντι
2665 4668 2819 4722 αἰῶνι
2847 4669 3131 4739 δοθήσεται
3152 4687 3166 4701 °
3205 4671 3322 4735 πῶς
3359 4668 3451 4726 οὖν
3484 4668 3602 4726 εἷπε
3621 4714 3636 4738 ,
3673 4676 3883 4732 Δέδω-

2288 4775 2441 4825 κας;
2473 4759 2617 4822 Ὅτι,
2652 4762 2700 4812 εἰ
2727 4760 2820 4813 καὶ
2853 4760 3218 4831 προσδοκᾶται
3256 4763 3398 4833 μετὰ
3425 4765 3522 4835 τὴν
3542 4766 3880 4837 ἀνάστασιν,

2287 4849 2424 4902 ἀλλά
2449 4867 2511 4917 γε
2528 4848 2602 4920 τῷ
2624 4849 2722 4920 ἥδη
2744 4849 3131 4921 εύπρέπεσθαι,
3162 4851 3368 4907 δέδοται
3387 4857 3500 4919 τοῖς
3525 4856 3691 4928 αὐτὴν
3716 4861 3883 4914 κατὰ

2288 4943 2477 5012 καιρὸν
2510 4941 2597 4994 τὸν
2617 4941 2804 4996 δέοντα
2835 4941 3177 5013 ληψομένοις.
3208 4945 3348 5015 Ὅρα
3398 4945 3480 5012 δὲ,
3511 4947 3591 4999 ὅτι
3624 4948 3716 5000 καὶ
3748 4955 3882 5014 τοῖς

2287 5033 2640 5104 φοϐουμένοις
2663 5034 2755 5086 τδν
2775 5034 2905 5087 Θεὸν
2931 5033 3137 5088 δέδοται
3169 5037 3202 5106 ἡ
3255 5037 3606 5108 κληρονομία.
3657 5039 3716 5091 Εἰ
3770 5038 3880 5096 οὖν

2286 5127 2468 5190 αὐτοῖς
2510 5127 2915 5198 ὑποδεεστέροις
2945 5123 3096 5190 οὖσι,
3132 5127 3311 5200 πολλῷ
3344 5129 3506 5183 πλέον
3550 5134 3660 5195 τοῖς
3688 5132 3882 5206 ὑπερ-

2284 5216 2692 5286 αναῦεϐηκόσιν,
2715 5217 2890 5269 εῐτουν
2922 5214 3176 5284 ἀγαπῶσι
3195 5217 3284 5269 τὸν
3307 5216 3459 5272 Θεόν.
3479 5218 3783 5290 Ἀορὶστως
3811 5223 3880 5275 δὲ

2285 5307 2475 5368 εἰπὼν,
2501 5312 2612 5371 τοῖς
2635 5308 3004 5378 φοϐουμένοις,
3031 5309 3120 5361 καὶ
3149 5311 3207 5361 οὐ
3240 5309 3515 5382 προσθεὶς,
3557 5310 3874 5378 Ἰουδαέοις,

2282 5401 2315 5470 ἢ
2359 5400 2630 5468 Ἕλλησιν,
2666 5401 2884 5469 ἥπλωσε
2921 5401 3019 5471 τὴν
3055 5401 3212 5470 χάριν
3247 5402 3339 5454 ἐπὶ
3391 5402 3598 5465 πάντας
3639 5401 3877 5474 ἀνθρὼ-

2284 5506 2415 5551 πους
2435 5506 2448 5519 .
2477 5491 2708 5558 μάλιστα
2747 5489 2803 5541 δὲ
2844 5491 2967 5551 τοὺς
2992 5489 3048 5554 ἐξ
3079 5489 3243 5542 ἐθνῶν
3273 5493 3612 5560 προσιόντας,
3658 5493 3873 5560 φοδουο

2287 5580 2481 5644 μένους
2510 5581 2599 5632 τὸν
2633 5581 2858 5650 Κύριον,
2891 5581 3080 5634 εἴωθεν
3103 5583 3395 5634 ἀποκαλεῖν
3433 5584 3462 5634 ὁ
3487 5582 3661 5650 λόγος.
3713 5583 3877 5644 Ποία.

2348 5833 2456 5904 (88)
2502 5832 2576 5889 lta
2612 5834 2722 5890 fere
2749 5835 2800 5890 in
2833 5809 3259 5902 Expositionibus
3291 5853 3472 5907 supra.
