4058 6440
234 371 344 428 573

1183 375 1608 431 FRAGMENTA
1647 375 2008 433 COMMENT.
2047 378 2109 434 IN
2148 375 2486 433 PSALMOS.

3361 380 3462 437 5η

227 483 344 556 αὴ
377 485 706 557 κληρονομία
739 485 851 541 ἀλλ’
884 487 916 558 ἢ
943 490 974 558 ἡ
1009 487 1249 558 βασιλεία
1289 490 1397 542 τῶν
1432 491 1709 562 οὐρανῶν;
1735 493 1785 561 ip

1905 494 2039 547 Cum
2072 495 2263 562 primis
2295 506 2496 554 autem.
2535 491 2789 547 timentes
2819 492 2985 547 Deum
3021 494 3159 548 solet
3200 495 3470 562 appellare

226 576 295 635 hi
319 582 432 642 τοῖς
455 583 822 651 μακαρισμοῖς
849 582 1066 652 εἴρηκεν
1091 584 1119 636 6
1143 582 1354 655 Σωτήρ.

1907 585 2209 654 Scriptura,
2253 587 2346 654 qui
2374 602 2438 638 ex
2468 585 2716 655 gentibus
2743 586 3024 640 accedunt.
3052 584 3183 650 Quae
3216 601 3343 640 vero
3366 586 3469 640 alia

1905 681 2190 734 han'etlitas
2211 688 2314 740 est,
2337 694 2500 748 quam
2527 693 2750 747 regnum
2780 680 3041 732 caelorum
3064 679 3086 731 ?
3114 693 3278 749 quam
3301 679 3468 734 etiam

1903 775 1956 829 in
1992 773 2410 829 beatitudinibus
2439 772 2732 827 celebravit
2761 770 3031 826 Salvator.

905 938 970 992 Et
996 940 1047 993 in
1074 942 1378 1010 sequentia:
1409 960 1427 990 ε
1457 939 1605 993 Diem
1633 953 1791 1007 supra
1817 935 1956 989 diem
1989 935 2123 1003 regis
2155 949 2399 1003 appones,
2427 953 2454 986 ι
2483 943 2606 996 etc.,
2638 949 2686 988 υ.
2725 931 2775 985 7.

300 1097 409 1167 (89)
442 1097 755 1157 Eudeo’iov,
794 1097 1161 1161 Ἀθανασὶου,
1197 1099 1519 1167 Κυρίλλου.
1566 1097 1708 1167 Πρὸς
1740 1097 1796 1148 δὲ

224 1188 354 1241 νοῦν
379 1189 631 1258 σημαίνει
665 1189 693 1240 6
721 1188 896 1256 λόγος,
927 1189 1002 1252 ὡς
1029 1190 1122 1242 καὶ
1157 1189 1316 1242 τοῦτο
1341 1190 1507 1260 μέρος
1533 1188 1791 1259 κληρονο-

226 1278 360 1347 μίας
397 1279 542 1330 ἐστὶν
575 1280 606 1346 ἡ
635 1277 848 1341 αἰώνιος
869 1278 1002 1349 ζωή.
1040 1280 1209 1332 Τοῦτο
1228 1280 1334 1350 γάρ
1353 1283 1465 1332 ἐστι
1496 1280 1556 1332 τὸ
1585 1280 1796 1349 ἡμέρας

222 1367 447 1439 ἡμερῶν
468 1370 576 1430 τοῖς
604 1367 746 1420 ἔτεσι
773 1368 863 1420 τοῦ
892 1368 1154 1438 βασιλέως
1184 1370 1508 1441 προσθῆναι.
1533 1372 1792 1440 Σημαὶνει

219 1459 333 1529 γὰρ
364 1459 451 1512 διὰ
479 1461 584 1512 τῶν
616 1460 834 1531 ἡμερῶν
862 1461 1086 1531 χρόνους
1116 1464 1264 1526 τινας
1305 1464 1396 1515 καὶ
1437 1462 1656 1525 αἰῶνας.
1707 1461 1792 1532 Μὴ

219 1548 503 1623 ὑπολάϐῃς
531 1551 606 1613 δὲ,
638 1552 719 1604 ὅτι
743 1552 869 1621 περὶ¹
898 1552 1014 1615 ἑνός
1046 1570 1188 1616 τινος
1225 1554 1486 1623 βασιλέως
1531 1554 1599 1606 τὰ
1620 1553 1794 1606 τοιάδε

219 1643 388 1712 φησιν
405 1661 417 1672 ·
444 1642 551 1696 ῐσθι
579 1642 636 1694 δὲ
669 1643 887 1713 μᾶλλον,
910 1644 992 1696 ὅτι
1014 1646 1141 1716 περὶ
1168 1645 1367 1707 παντὸς
1400 1644 1492 1697 τοῦ
1522 1645 1795 1714 κεκλημέ-

216 1750 316 1786 νου
340 1736 420 1796 εἰς
447 1733 721 1803 βασιλείαν
753 1735 997 1806 οὐρανῶν
1023 1753 1035 1765 ·
1065 1736 1124 1788 ὃν
1166 1737 1259 1790 καὶ
1313 1736 1582 1806 διαμένειν
1632 1738 1795 1806 φησὶν

215 1826 303 1889 εἰς
325 1825 416 1877 τὸν
445 1827 615 1879 αἰῶνα
641 1825 870 1880 ἐνώπιον
898 1826 992 1880 τοῦ
1018 1827 1174 1880 Θεοῦ.
1234 1829 1296 1880 Ol
1331 1828 1438 1900 γὰρ
1481 1827 1792 1898 σύμμορφοι

1965 1100 2200 1165 Eusebii,
2231 1099 2534 1162 Athanasii,
2571 1093 2780 1164 Cyrilli.
2815 1093 3019 1149 Sensus
3054 1108 3183 1146 vero
3215 1093 3464 1163 spiritua-

1897 1193 1964 1248 lis
1987 1203 2106 1248 est:
2144 1193 2380 1248 indicant
2417 1191 2528 1243 hinc
2569 1189 2754 1251 verba,
2785 1187 3108 1256 quodetiam
3142 1186 3257 1239 haec
3285 1185 3465 1255 portio

1898 1283 2224 1338 lmreditatis
2276 1281 2384 1336 vita
2418 1290 2618 1334 aeterna
2674 1279 2762 1333 sit.
2816 1276 2929 1331 lloc
2963 1278 3104 1331 enim
3140 1287 3238 1338 est,
3301 1276 3463 1330 annis

1897 1374 2038 1443 regis
2072 1374 2307 1442 adjicere
2342 1373 2460 1426 dies
2505 1373 2743 1425 dierum.
2777 1368 3042 1426 Denotant
3074 1386 3304 1440 namque
3344 1370 3463 1424 dies

1898 1472 2138 1531 tempora
2176 1462 2423 1530 qutedam
2467 1470 2519 1514 et
2551 1461 2770 1514 saecula.
2822 1461 2964 1514 Cave
2993 1477 3121 1514 vero
3169 1476 3238 1515 ne
3281 1461 3464 1515 existi-

1891 1570 2007 1609 mes
2039 1555 2150 1608 hate
2182 1554 2308 1608 talia
2333 1553 2400 1607 de
2425 1552 2608 1619 aliquo
2636 1566 2759 1620 rege
2781 1550 2888 1604 dici
2920 1569 2933 1604 :
2963 1553 3091 1616 quin
3117 1553 3296 1621 potius
3323 1552 3461 1607 scito

1889 1648 2004 1702 haec
2040 1647 2104 1700 de
2137 1645 2416 1709 omnibus,
2449 1645 2540 1713 qui
2572 1643 2624 1695 in
2661 1657 2884 1712 regnum
2917 1641 3008 1694 Dei
3047 1653 3336 1707 vocantur,
3366 1658 3460 1698 ac-

1889 1737 2134 1807 cipienda
2193 1751 2352 1790 esse:
2403 1749 2544 1803 quos
2615 1733 2802 1800 utique
2850 1733 3014 1786 etiam
3071 1746 3460 1801 permansuros

1891 1832 1967 1884 ait
1999 1829 2051 1882 in
2086 1838 2349 1882 :eternum
2392 1827 2446 1880 in
2482 1835 2774 1892 conspectu
2819 1823 2932 1877 Dei.
2976 1823 3079 1889 Qui
3130 1823 3274 1878 enim
3327 1839 3459 1878 con-

213 1916 502 1986 γενόμενοι
551 1917 660 1970 τῶν
711 1919 1048 1988 παθημάτων
1079 1918 1242 1972 αὑτοῦ
1287 1918 1382 1971 καῖ⁹
1431 1916 1785 1986 συμϐασιλεύ-

1894 1919 2096 1976 formes
2123 1919 2316 1974 redditi
2362 1926 2491 1973 sunt
2524 1915 2876 1986 passionibus
2907 1915 3046 1984 ejus.
3083 1915 3120 1969 ii
3160 1916 3464 1985 regnabunt

215 2023 406 2060 σουσνν
433 2007 576 2076 αὐτῷ
595 2007 873 2078 διηνεκῶς.
901 2009 1181 2080 Προειπὼν
1206 2007 1387 2078 μέντοι
1418 2009 1445 2060 6
1480 2008 1790 2077 Προφήτης,

211 2100 301 2153 ὅτι
317 2101 411 2160 Σὺ,
425 2101 452 2152 6
467 2100 620 2162 Θεὸς,
640 2102 757 2170 εἰσή
767 2117 960 2163 κουσας
975 2100 1082 2156 τῶν
1100 2101 1271 2171 εὐχῶν
1290 2117 1413 2170 μου,
1429 2098 1549 2152 καθ’
1565 2097 1796 2168 ὑπερϐα-

207 2191 307 2243 τὸν
324 2189 524 2260 συνῆψε
539 2190 600 2242 τό
618 2206 631 2217 ·
656 2189 897 2260 Ἡμέρας
914 2192 994 2259 ἐφ’
1017 2191 1123 2262 ὴμέ
1131 2208 1230 2261 ρας
1243 2190 1336 2244 τοῦ
1353 2188 1610 2261 βασιλέως
1630 2204 1795 2259 προσ-

210 2283 427 2354 θήσεις.
461 2284 738 2345 Ἤκουσας
770 2285 899 2354 γὰρ,
933 2284 1084 2354 φησὶ,
1119 2283 1226 2336 τῶν
1242 2282 1414 2353 εὐχῶν
1437 2300 1534 2353 μου
1554 2299 1568 2312 ο
1588 2281 1796 2352 ἡμέρας

209 2375 303 2442 ἐφ’
338 2373 547 2444 ἡμέρας
605 2371 968 2442 προσέθηκας.
1013 2373 1111 2428 Διὰ
1164 2373 1329 2443 μέσου
1355 2371 1410 2425 δὲ
1442 2369 1702 2441 ἐνεϐλήθη
1751 2371 1784 2438 ἡ

210 2465 469 2536 περὶτῶν
490 2463 838 2533 φοϐουμένων
853 2465 913 2517 τὺ
928 2465 1098 2535 ὄνομα
1120 2466 1323 2536 Κυρίου
1354 2464 1542 2534 μνήμη
1563 2479 1575 2490 '
1603 2460 1788 2532 ἐπειδὴ

208 2556 313 2610 καὶ
341 2555 523 2617 αὐτοῖς
550 2553 881 2625 ἐπήγγελται
896 2556 996 2625 τὴν
1023 2555 1435 2628 κληρονομίανὴ
1463 2554 1784 2627 προφητεία.

208 2643 328 2703 Ἦν
355 2647 411 2701 δὲ
444 2649 478 2718 ἡ
510 2645 723 2712 αἰώνιος
745 2647 882 2719 ζωή.

1893 2027 2111 2082 quoque
2156 2027 2278 2066 cum
2327 2012 2447 2079 ipso
2478 2010 2530 2063 in
2583 2017 2924 2077 perpetuum.
2957 2008 3096 2073 Quia
3131 2009 3295 2077 igitur
3326 2007 3460 2061 Pro-

1893 2105 2052 2174 pheta
2091 2102 2370 2174 praemisit,
2423 2100 2550 2170 quia
2585 2100 2687 2165 Tu,
2734 2113 2768 2152 ο
2801 2098 2943 2152 Deus
2974 2113 3150 2160 meus,
3190 2097 3459 2153 exaudisti

1895 2210 2083 2265 preces
2110 2209 2294 2258 meas;
2330 2193 2528 2259 adjecit
2555 2206 2649 2260 per
2681 2189 2968 2259 quemdam
3008 2188 3296 2241 verborum
3348 2196 3462 2243 tra-

1890 2290 2091 2356 jectum
2119 2287 2273 2351 illud,
2304 2287 2423 2340 Dies
2457 2287 2523 2341 ad
2561 2286 2676 2340 dies
2704 2285 2848 2355 regis
2874 2284 3112 2354 adjicies.
3159 2282 3315 2348 Nam,
3370 2283 3458 2337 in-

1893 2378 2036 2448 quit,
2067 2379 2194 2446 quia
2219 2375 2487 2430 exandisti
2520 2389 2708 2442 preces
2736 2388 2906 2434 meas.
2938 2373 3194 2428 addidisti
3223 2373 3340 2428 dies
3366 2388 3460 2429 su-

1893 2484 1990 2540 pra
2039 2470 2176 2523 dies.
2231 2465 2548 2536 Interposita
2601 2480 2731 2518 vero
2777 2472 2862 2518 est
2908 2463 3046 2517 inter
3091 2463 3208 2518 haec
3253 2462 3457 2518 mentio

1892 2559 2198 2612 timentium
2253 2572 2449 2612 nomen
2512 2555 2769 2620 Domini,
2820 2554 2947 2624 quia
3011 2552 3174 2609 etiam
3246 2552 3366 2608 istis
3424 2566 3460 2609 a

1894 2647 2158 2717 Propheta
2198 2647 2468 2715 promissa
2521 2655 2606 2701 est
2657 2643 2964 2699 hereditas.
3015 2639 3140 2698 Haec
3184 2655 3314 2696 vero
3371 2645 3458 2696 est

1893 2737 2001 2790 vita
2037 2744 2258 2792 aeterna.

893 2897 961 2951 Et
992 2899 1161 2952 adhuc
1196 2899 1250 2952 in
1275 2909 1568 2969 sequentem
1595 2913 1798 2952 versum
1821 2911 1841 2950 :
1877 2915 1895 2947 ι
1925 2894 2259 2952 Permanebit
2290 2898 2342 2951 in
2362 2897 2631 2964 saxulum,
2671 2917 2689 2948 ι
2715 2906 2812 2951 ere.

286 3008 396 3078 (90)
439 3007 802 3074 ‘Adardmoc.
836 3007 926 3072 Ἐξ
956 3011 1298 3081 ἀναστροφῆς
1332 3011 1388 3064 δὲ
1417 3011 1446 3062 6
1475 3010 1650 3078 λόγος,
1701 3009 1785 3063 ἵνα

1959 3009 2304 3064 Athanasius.
2339 3008 2554 3064 Inversa
2596 3018 2679 3064 est
2725 3007 2936 3062 oratio:
2987 3007 3111 3064 talis
3141 3007 3285 3063 enim
3334 3022 3458 3064 esse

207 3095 250 3172 ᾗ
285 3098 525 3162 τοιοῦτος
544 3114 558 3128 ·
594 3099 662 3151 Εἴ
687 3116 769 3163 τις
797 3100 1091 3172 ὲκζητήσει
1117 3101 1175 3154 τὸ
1198 3101 1344 3164 ἔλεος
1377 3100 1540 3155 αὑτοῦ
1570 3101 1662 3155 καὶ
1693 3101 1789 3173 τὴν

211 3190 493 3261 ἀλήθειαν,
522 3183 677 3254 οὗτος
709 3193 772 3245 ὲν
797 3194 910 3256 τοῖς
941 3193 1318 3263 ἁτελευτήτοις
1353 3193 1514 3245 αίῶσι
1547 3192 1790 3263 διαμενεῖ

204 3283 444 3338 ἐνώπιον
470 3283 565 3337 τοῦ
598 3283 752 3337 Θεοῦ.
788 3283 958 3335 Τοῦτο
985 3283 1042 3336 δὲ
1066 3283 1400 3354 σαφέστερον
1427 3284 1456 3335 6
1496 3283 1787 3352 Σύμμαχος

202 3379 576 3449 ήρμήνευσενο
631 3377 844 3440 Ἔλεος
867 3375 965 3428 καὶ
1008 3374 1258 3444 ἀλήθεια
1312 3373 1788 3443 διατηρήσουσιν

201 3474 416 3524 αὐτόν.
442 3469 628 3522 Ταῦτα
650 3467 758 3537 γὰρ
783 3467 882 3537 τῆς
908 3466 1203 3532 ἀθανασίας
1236 3466 1385 3538 αὐτῷ
1431 3467 1582 3521 ἔσται
1613 3468 1782 3534 αἴτια,

201 3563 270 3615 τὸ
292 3561 385 3614 τοῦ
411 3557 545 3612 Θεοῦ
572 3558 718 3621 ἔλεος
746 3559 889 3629 καὶὴ
918 3558 1163 3629 ἀλήθεια.
1189 3559 1347 3613 Κατὰ
1373 3559 1429 3612 δὲ
1449 3562 1572 3624 τοὺς
1605 3544 1784 3612 Ἐϐδοέ-

205 3655 486 3724 μήκοντα·
524 3651 640 3713 Τίς,
679 3651 861 3721 φησὶν,
888 3650 1070 3712 ἱκανὸς
1092 3649 1183 3702 τὸν
1212 3652 1534 3720 κεκριμένον
1578 3649 1672 3702 καὶ
1698 3649 1779 3702 δί-

200 3760 364 3797 καιον
395 3741 488 3795 τοῦ
514 3741 647 3794 Θεοῦ
679 3741 826 3793 ἔλεον
857 3739 1192 3810 καταμαθεῖν
1241 3740 1522 3811 ἀκριϐὦς;
1553 3740 1634 3793 Τὰ
1666 3740 1778 3811 γὰρ

201 3835 452 3908 κρίματα
475 3832 641 3886 αὑτοῦ
674 3831 906 3894 ἄϐυσσος
938 3831 1127 3902 πολλή.

1894 3098 2052 3153 debet
2079 3117 2092 3151 :
2126 3097 2450 3168 Quicunque
2476 3099 2831 3167 exquisiverit
2861 3098 3287 3153 misericordiam
3334 3097 3455 3169 ejus

1889 3199 1944 3244 et
1971 3191 2274 3257 veritatem,
2304 3191 2348 3246 is
2376 3190 2713 3261 permanebit
2742 3190 2794 3244 in
2826 3199 3118 3258 conspectu
3155 3189 3245 3243 Dei
3274 3192 3326 3243 in
3353 3205 3457 3245 sae-

1889 3281 2010 3336 cula
2042 3298 2320 3352 nunquam
2349 3281 2710 3336 terminanda.
2762 3280 2876 3334 Hoc
2915 3295 3078 3350 porro
3124 3281 3297 3351 magis
3333 3297 3456 3351 per-

1889 3375 2078 3445 spicue
2120 3375 2384 3444 expressit
2422 3373 2801 3445 Symmachus,
2849 3372 2967 3428 sic:
3011 3371 3377 3426 Misericordia
3402 3383 3453 3427 et

1885 3465 2081 3519 ueritas
2121 3463 2413 3518 custodierit
2462 3465 2652 3532 ipsum.
2703 3461 2798 3518 Ha:
2843 3463 2986 3518 enim
3037 3479 3215 3519 causa:
3269 3473 3451 3526 erunt,

1887 3557 2032 3627 quod
2068 3557 2183 3627 ipse
2213 3557 2675 3611 immortalitatem
2725 3564 3113 3623 consequatur.
3145 3553 3238 3608 Dei
3286 3556 3453 3610 mise-

1886 3648 2119 3704 ricordia
2152 3657 2207 3705 et
2256 3649 2475 3704 veritas.
2509 3648 2578 3701 At
2607 3646 2908 3700 secundum
2967 3645 3318 3716 Septuaginta
3360 3646 3451 3702 hic

1884 3751 1969 3796 est
1996 3755 2189 3797 sensus
2215 3758 2229 3795 :
2267 3739 2400 3806 Quis
2429 3747 2607 3808 potest
2635 3747 2886 3793 accurate
2916 3751 3242 3808 cognoscere
3269 3737 3452 3793 occul-

1885 3839 1995 3885 tam
2029 3839 2085 3885 et
2133 3831 2338 3901 justam
2389 3829 2486 3885 Dei
2527 3829 3005 3884 misericordiam?
3052 3827 3263 3884 Iudicia
3300 3829 3449 3885 enim

1885 3922 2005 3992 ejus
2033 3921 2262 3993 abyssus
2286 3920 2475 3976 multa.

284 4059 487 4134 Exinde
516 4058 750 4129 sequitur
781 4068 1142 4129 argumentum
1166 4060 1358 4130 psalmi
1396 4075 1527 4115 uin
1557 4061 1627 4115 ad
1649 4061 1860 4116 verbum
1889 4069 1947 4116 ut
1977 4061 2170 4134 legitur
2206 4064 2264 4118 in
2295 4059 2749 4131 Expositionibus,
2789 4062 3004 4132 ideoque
3033 4062 3201 4132 ipsum
3227 4072 3445 4132 prmer-

203 4133 474 4188 misimus.

934 4214 1066 4269 Item
1091 4215 1146 4268 in
1179 4214 1275 4268 illa
1302 4215 1491 4270 verba:
1526 4232 1544 4268 ι
1582 4213 1689 4280 Qui
1715 4228 1969 4272 acuerunt
1993 4228 2052 4272 ut
2086 4219 2343 4289 gladium,
2383 4240 2403 4273 ι
2434 4228 2559 4286 etc.,
2582 4238 2631 4276 υ.
2654 4221 2709 4275 4.

275 4345 390 4406 (91)
429 4345 786 4412 Ἁθανὰσιος.
827 4346 970 4419 Πρὸς
999 4345 1056 4399 δὲ
1082 4343 1208 4399 νοῦν
1238 4344 1412 4398 ταῦτά
1438 4360 1570 4414 φησι
1600 4343 1689 4396 διὰ
1712 4344 1772 4396 τὸ

1947 4345 2289 4400 Athanasius.
2323 4343 2496 4399 Sensu
2535 4358 2668 4400 vero
2704 4344 2998 4400 secretiore
3035 4343 3294 4400 dicuntur
3323 4346 3446 4404 διδ

201 4437 659 4508 βλασφημοῦντας
683 4440 880 4503 αὐτοὺς
915 4440 1006 4493 τὸν
1052 4439 1256 4511 Ἰησοῦν
1284 4440 1461 4508 λέγειν
1500 4440 1612 4503 τοῖς
1637 4440 1774 4492 ἀπο-

199 4529 414 4593 στόλοις
435 4546 447 4559 ·
481 4532 564 4584 Οὺ
575 4533 944 4602 παραγγελία
961 4533 1442 4601 παρηγγείλαμεν
1456 4531 1617 4600 ὑμῖν,
1629 4529 1781 4599 μηδ-

195 4619 294 4673 ενὶ
336 4619 549 4674 λαλεῖν
584 4621 684 4674 ἐπὶ
719 4620 799 4687 τῷ
840 4622 1082 4690 ὀνόματι
1133 4621 1354 4688 τούτῳ;
1407 4621 1547 4684 Τοὺς
1595 4619 1777 4691 μέντοι

197 4714 395 4782 ὶίόγους
417 4716 511 4787 τῆς
531 4715 780 4785 διαϐολῆς
806 4715 1074 4786 ῥομφαίαν
1100 4717 1267 4783 ἠκονη
1277 4713 1446 4783 μένην
1471 4712 1774 4786 ὠνόμασεν,

198 4808 294 4860 ἵνα
318 4806 466 4880 δείξῃ
496 4807 558 4860 τὸ
577 4807 829 4878 ὀξύτερον
862 4807 998 4877 πρὸς
1026 4806 1303 4875 ἀναίρεσιν
1323 4823 1334 4836 ·
1370 4805 1463 4858 καὶ
1511 4803 1650 4874 τόξῳ
1676 4802 1774 4873 τὴν

196 4895 455 4976 γλῶσσαν
499 4897 594 4972 τοῦ
635 4900 968 4967 συκοφάντου
1000 4899 1354 4970 παρείκασεν,
1389 4899 1470 4950 ὅτι
1506 4897 1600 4950 καὶ
1645 4897 1773 4958 τοὺς

196 4988 394 5060 πόρρω
444 4989 689 5058 βλάπτει.
752 4990 977 5054 Οὐδενὸς
1010 4985 1117 5062 γὰρ
1173 4987 1298 5042 οὔτε
1328 4990 1592 5059 παρόντος
1648 4986 1772 5040 οὔτε

196 5080 432 5143 ἀπόντος
459 5083 487 5134 6
509 5081 743 5153 λοίδορος
779 5083 873 5135 καὶ
904 5083 1242 5152 συκοφάντης
1267 5080 1521 5150 φείδεται.

1886 4435 1941 4489 ἱη
1991 4434 2299 4490 Judaeorum
2349 4436 2656 4507 principes,
2699 4452 2767 4493 eo
2798 4437 2944 4508 quod
2977 4436 3342 4506 blasphemias
3389 4438 3444 4492 in

1882 4525 2064 4582 Jesum
2096 4525 2384 4596 jacientes,
2425 4526 2670 4583 dicerent
2698 4526 3003 4597 apostolis:
3041 4525 3229 4582 Nonne
3254 4529 3445 4597 prteri-

1881 4620 2068 4689 piendo
2109 4622 2439 4690 praecipimus
2494 4623 2670 4686 vobis,
2727 4637 2792 4675 ne
2835 4623 3089 4677 docentis
3136 4623 3194 4676 in
3236 4624 3444 4677 nomine

1883 4712 2090 4766 isto"?
2118 4710 2293 4766 Verba
2320 4712 2503 4782 itaque
2527 4713 2864 4768 calumniosa
2889 4752 2906 4779 ,
2963 4713 3253 4783 appellavit
3297 4729 3444 4768 rom-

1883 4805 2089 4874 phseam
2123 4812 2362 4867 acutam.
2390 4815 2449 4859 ut
2479 4807 2672 4861 innuat
2697 4815 2752 4860 et
2780 4807 2896 4876 ipsa
2922 4817 3080 4860 acuta
3113 4820 3236 4860 esse
3263 4812 3318 4860 et
3361 4805 3444 4860 fa-

1879 4898 1982 4951 cile
2011 4898 2297 4965 perimere.
2346 4895 2610 4966 Linguam
2649 4912 2778 4951 vero
2815 4897 3166 4969 syeOphautte
3215 4911 3442 4966 compa-

1880 4988 2020 5043 ravit
2046 4991 2280 5060 sagittae,
2306 5003 2373 5043 eo
2398 4989 2543 5058 quod
2570 4989 2733 5043 etiam
2773 4990 2930 5059 longe
2970 4989 3222 5044 absentes
3261 4989 3437 5043 laedat.

1879 5080 2176 5137 Maledictis
2217 5082 2362 5136 enim
2396 5091 2450 5136 et
2474 5082 2805 5152 sycophanta
2836 5082 2991 5149 nulli,
3044 5095 3143 5136 nec
3163 5081 3439 5151 praesenti,

1885 5191 1987 5230 nec
2013 5175 2221 5230 absenti
2251 5175 2444 5245 parcit.

677 5302 811 5358 Item
844 5305 898 5357 in
925 5304 1020 5356 illa
1049 5303 1243 5372 psalmi
1280 5303 1535 5372 ejusdem,
1572 5321 1590 5354 ς
1627 5304 1944 5358 Conturbati
1971 5315 2090 5359 sunt
2123 5321 2300 5361 omnes
2326 5306 2416 5376 qui
2437 5305 2566 5367 uid..
2609 5324 2628 5358 ι
2659 5316 2781 5366 etc..
2805 5323 2852 5359 υ.
2884 5306 2970 5360 10.

267 5419 380 5492 (92)
426 5420 784 5486 ‘Aoardo'toc.
815 5422 877 5473 Ol
907 5419 1254 5495 θεωροῦντες,
1280 5420 1432 5489 φησὶ,
1451 5419 1576 5480 τοὺς
1596 5397 1774 5472 τοίοόέ

267 5529 318 5563 ³⁸
335 5529 456 5587 Act.
480 5547 513 5584 v
556 5532 647 5586 28.

271 5641 388 5715 (89)
420 5642 552 5715 _Vide
576 5645 629 5700 in
662 5645 1111 5715 Expositionibus.

196 5711 590 5836 “natiigilllujus
621 5718 722 5772 loci
745 5711 894 5775 nulla
922 5731 1001 5775 est
1043 5721 1412 5792 interpretatio
1444 5723 1497 5777 in
1533 5721 1758 5786 Exposi-

410 5803 454 5836 δ.

410 5803 454 5837 δ.

1953 5421 2296 5475 Athanasius.
2324 5419 2602 5491 Quotquot
2631 5422 2834 5486 vident,
2867 5420 3044 5491 inquit
3113 5420 3247 5474 tales
3295 5435 3441 5475 Viros

1947 5645 2059 5723 (9‘!)
2087 5649 2230 5723 Fide
2259 5654 2653 5723 expositionem
2684 5655 2736 5708 in
2773 5655 2916 5711 hunc
2951 5671 3192 5712 versum.

1876 5795 1913 5845 ι·
1939 5723 2053 5844 (9%)
2083 5722 2251 5795 Hujus
2282 5722 2382 5780 luci
2426 5726 2568 5778 nulla
2599 5734 2681 5779 est
2717 5726 3086 5795 interpretatio
3118 5729 3170 5782 in
3207 5724 3436 5794 Exposi-

1899 5810 2002 5846 tom
2044 5810 2122 5846 us.
