4058 6504
629 430 734 484 575

1486 430 1543 485 S.
1587 431 1961 487 A'IllANASll
2001 432 2151 489 OPP.
2196 435 2377 492 PARS
2416 437 2502 494 111.
2542 470 2614 481 -
2648 439 3057 499 EXEGETICA.

3778 445 3886 499 576

629 546 795 601 tantis
825 547 1072 605 excidere
1128 548 1360 620 negotiis
1401 558 1454 601 et
1502 564 1532 601 a
1580 551 1862 617 proposito
1911 552 2188 617 aberrare,

2303 572 2422 619 τους
2449 557 2544 610 καὶ
2568 557 2853 624 τοσούτους
2888 560 2997 613 τῶν
3027 561 3439 633 ἐγχειρημάτων
3478 562 3885 635 διαμαρτόντας

629 640 1026 694 conturbantur
1075 656 1138 696 ac
1199 639 1571 709 corripiuntur
1611 650 1781 705 metu,
1837 651 1895 697 et
1958 643 2197 697 divinam

629 728 901 783 mirantur
936 731 1359 800 providentiam.
1391 729 1527 781 Dum
1560 730 1706 783 enim
1749 732 1987 785 divinam
2016 742 2200 800 prote-

630 821 866 875 etionem
922 823 1065 892 apud
1120 837 1179 878 se
1231 824 1601 888 considerant,
1654 831 1925 877 terrentur
1979 822 2203 878 horrore

630 911 801 965 divini
841 912 1055 981 judicii,
1093 929 1158 969 ac
1209 914 1522 984 intelligunt
1567 930 1760 970 omnes
1790 912 1960 969 Deum
2012 913 2199 980 fuisse,

630 1004 724 1073 qui
751 1004 906 1059 dolos
935 1016 988 1059 et
1018 1006 1246 1061 insidias
1288 1021 1477 1061 eorum
1523 1006 1707 1061 irritas
1750 1006 1896 1071 fecit,
1942 1022 2006 1060 eo
2055 1007 2199 1075 quod

629 1111 754 1165 qua:
785 1107 974 1151 contra
1003 1114 1091 1153 me
1132 1098 1367 1153 inierant
1406 1098 1631 1154 consilia
1663 1114 1802 1152 vana
1832 1100 2202 1153 demonstrata

630 1198 778 1241 sunt.
812 1187 963 1242 Adeo
987 1189 1173 1259 utjam
1202 1205 1396 1245 omnes
1419 1190 1793 1259 pronuntient,
1822 1198 1978 1243 tuum
2012 1189 2201 1254 fuisse,

630 1293 664 1333 ο
727 1278 977 1347 Domine,
1035 1282 1135 1336 hoc
1195 1296 1355 1350 opus,
1403 1281 1611 1351 tibique
1660 1275 1853 1335 cuncta
1898 1280 2195 1335 ascribant.

629 1368 764 1437 Quis
798 1373 944 1427 enim
977 1389 1086 1428 non
1122 1383 1346 1438 metuat,
1400 1374 1490 1429 ubi
1544 1374 1687 1429 videt
1725 1372 1820 1427 Dei
1864 1371 2203 1426 animadver-

2311 651 2408 703 καὶ
2440 652 2848 722 ἀστοχήσαντας
2880 653 3110 725 θορύϐου
3155 656 3257 710 ’καὶ
3302 657 3455 721 δέους
3505 658 3883 729 ἐπλήσθησαν,

2305 742 2399 793 καὶ
2430 742 2526 811 τὴν
2560 741 2709 795 θείαν
2733 742 3049 814 ἐθαύμασαν
3078 747 3350 818 πρόνοιαν.
3389 745 3475 800 Ἐν
3502 751 3749 819 περινοίᾳ
3772 750 3886 821 γὰρ

2305 833 2405 902 τῆς
2426 832 2516 885 τοῦ
2548 834 2683 887 Θεοῦ
2721 835 3046 907 κηδεμονίας
3074 837 3370 907 γενόμενοι,
3408 838 3471 891 τὸ
3501 839 3642 891 θεῖον
3679 841 3882 910 κριτή-

2308 942 2421 995 ριον
2466 925 2695 989 ἔδεισαν,
2729 928 2821 979 καὶ
2870 927 3067 990 πάντες
3116 930 3375 997 συνῆκαν,
3426 931 3506 983 ὅτι
3562 932 3713 1001 παρά
3744 930 3881 983 Θεοῦ

2308 1016 2704 1088 κατεργάζεται
2736 1018 2800 1071 τὸ
2824 1019 2923 1088 τῆς
2945 1018 3121 1073 αὐτῶν
3152 1020 3449 1092 δολιὰεητος
3480 1021 3780 1093 ἄπρακτον.
3798 1024 3881 1075 ὅτι

2304 1109 2372 1164 τὰ
2407 1112 2524 1163 κατ’
2559 1109 2690 1179 ἐμοῦ
2722 1110 2925 1181 μάταια
2945 1110 3205 1183 ἠλέγχθη.
3241 1113 3329 1173 Ὠς
3356 1113 3561 1175 πάντας
3601 1114 3883 1182 ἀπαγγελ-

2303 1199 2435 1263 λειν,
2461 1200 2541 1251 ὅτι
2571 1200 2688 1263 Σὺν,
2717 1194 2762 1252 ὦ
2792 1202 3058 1266 Δέσποτα,
3085 1202 3243 1274 ἔργον
3269 1201 3446 1263 τοῦτο,
3470 1206 3562 1256 καὶ
3588 1205 3670 1256 σοὶ
3694 1204 3763 1255 τά
3791 1220 3882 1271 γε·

2306 1291 2506 1361 νόμενα
2532 1292 2914 1362 ἐπιγράφουσι.
2945 1294 3057 1363 (95)
3097 1294 3193 1357 Τίς
3225 1294 3334 1365 γάρ
3359 1296 3460 1348 οὐκ
3490 1296 3556 1348 ἂν
3590 1295 3879 1366 φοϐηθείη,

2307 1383 2609 1454 ἐπισκοπὴν
2635 1385 2699 1436 ἐκ
2720 1383 2853 1458 Θεοῦ
2868 1384 3011 1456 ὁρῶν
3038 1385 3327 1456 γινομένην
3352 1386 3490 1439 κατὰ
3508 1388 3614 1441 τῶν
3641 1387 3878 1455 ἀσεϐῶν,

629 1462 836 1518 sionem
880 1463 934 1518 in
975 1464 1207 1536 impios.
1259 1474 1313 1522 et
1367 1465 1630 1521 ultionem
1673 1480 1773 1537 pro
1819 1463 2019 1535 injuste
2067 1462 2211 1521 actis

2308 1475 2403 1528 καὶ
2433 1475 2711 1544 ἐκδίκησιν
2739 1476 2879 1548 ὑπὲρ
2906 1475 3013 1530 τῶν
3052 1476 3415 1548 ἀδικουμένων
3439 1495 3454 1544 ;

628 1553 851 1610 relatam
873 1555 898 1609 ἲ

1368 1670 1505 1727 Item
1530 1672 1587 1725 in
1623 1672 1834 1725 titulum
1870 1688 2008 1741 psa..
2043 1686 2187 1734 utv,
2212 1681 2488 1738 prwnttssa
2521 1662 2822 1716 Theodoreti
2853 1666 3129 1717 sententia.

701 1784 1042 1841 Athanasius.
1083 1786 1384 1858 Conjuncta
1409 1804 1574 1859 porro
1601 1798 1684 1844 est
1713 1805 1837 1844 cum
1878 1790 2069 1843 harum
2106 1804 2193 1844 re-
2226 1790 2272 1849 Β

629 1895 751 1934 rum
786 1880 1137 1949 praedictione
1181 1882 1344 1936 etiam
1408 1882 1690 1951 prophetia
1739 1882 1804 1936 de
1834 1882 2009 1937 salute
2060 1898 2194 1952 gen-

626 1970 788 2037 tium.
817 1970 984 2024 David
1017 1985 1254 2040 namque
1284 1970 1580 2025 introducit
1606 1971 1693 2025 hic
1721 1987 1814 2026 eos
1848 1971 1940 2040 qui
1973 1986 2037 2025 ex
2069 1986 2199 2039 gen-

629 2062 774 2116 tibus
796 2063 849 2116 in
876 2061 1152 2116 Christum
1182 2060 1547 2129 crediderunt,
1578 2063 1733 2133 quasi
1762 2061 2197 2117 contradicentes

626 2153 961 2222 sapientibus
995 2154 1157 2222 hujus
1186 2154 1393 2215 saeculi,
1425 2169 1488 2208 ac
1520 2162 1741 2209 orantes
1776 2154 1974 2223 prioris
2007 2154 2197 2223 impie-

625 2245 754 2300 tatis
787 2246 1185 2301 dimissionem.
1241 2246 1377 2300 Orat
1427 2245 1624 2299 deinde
1651 2247 1814 2300 etiam
1858 2262 1955 2315 pro
2002 2246 2070 2301 iis
2102 2246 2195 2314 qui

625 2338 754 2389 olim
787 2338 999 2391 steriles
1022 2347 1076 2391 et
1100 2336 1427 2393 infructuosi
1459 2348 1636 2403 erant,
1662 2353 1806 2391 nunc
1832 2353 1959 2392 vero
1991 2336 2195 2393 fertiles

627 2430 755 2483 facti
793 2438 924 2484 sunt
952 2444 1047 2499 per
1078 2430 1237 2484 tidem
1276 2429 1329 2483 in
1356 2429 1659 2484 Christum.
1706 2429 1919 2485 Dictum
1952 2443 2082 2484 vero
2115 2436 2198 2481 est

624 2520 733 2589 iam
786 2530 931 2586 ante,
987 2521 1133 2591 quod
1182 2521 1426 2591 psalmus
1474 2522 1691 2590 praxin,
1742 2522 2014 2575 canticum
2067 2533 2197 2573 vero

625 2610 891 2666 theoriam
944 2612 1185 2665 denotet.
1250 2610 1481 2675 Quando
1536 2610 1701 2681 igitur
1756 2626 1850 2680 per
1903 2622 2197 2679 utrumque

624 2702 854 2757 istorum
896 2716 984 2756 res
1013 2702 1195 2770 aliqua
1231 2702 1491 2771 praclare
1522 2715 1669 2775 gesta
1701 2712 1816 2769 est,
1849 2703 2024 2757 ethica
2053 2702 2193 2757 scili-

623 2802 710 2847 cet
739 2789 1083 2862 phil050phia
1124 2806 1245 2845 cum
1280 2791 1576 2845 theoretica
1610 2800 1990 2852 concurrente,
2043 2791 2195 2857 psal-

624 2900 750 2941 mus
780 2885 978 2940 cantici
1011 2883 1245 2939 exsistit.
1283 2881 1408 2938 Vita
1440 2882 1583 2937 enim
1618 2882 2034 2951 contemplativa
2065 2895 2192 2950 ope—

624 2980 779 3031 ribus
806 2985 1017 3041 ornata,
1058 2975 1236 3031 reddit
1266 2975 1563 3044 perlectum
1606 2972 1907 3027 hominem.

2374 1783 2482 1852 (94)
2537 1780 2900 1847 Ἄθανάσιος.
2943 1782 3337 1853 Ἀναμέμικται
3378 1784 3434 1836 δὲ
3472 1788 3538 1856 τῇ
3585 1787 3714 1860 περὶ
3747 1789 3883 1841 τού-

2301 1894 2407 1929 των
2438 1875 2739 1945 προρρήσει
2770 1874 2866 1925 καὶ
2892 1874 2992 1944 τῆς
3027 1875 3136 1927 τῶν
3170 1874 3339 1928 ἐθνῶν
3376 1878 3648 1949 σωτηρίας
3684 1882 3717 1950 ἡ
3747 1899 3883 1955 προ-

2303 1966 2516 2036 φητεία.
2546 1965 2768 2033 Εὶσάγει
2803 1964 2912 2037 γὰρ
2939 1967 2967 2017 ὁ
2987 1964 3149 2018 Δαυῖδ
3180 1965 3413 2020 ἐνταῦθα
3441 1970 3565 2030 τοὺς
3604 1969 3664 2033 ἐξ
3707 1971 3882 2025 ἐθνῶν

2300 2057 2699 2121 πιστεύσαντας
2728 2060 2807 2121 είς
2836 2058 3069 2128 Χριστὸν
3087 2099 3102 2125 ,
3146 2058 3527 2122 καταϐοῶντας
3556 2061 3663 2114 τῶν
3699 2063 3882 2131 σοφῶν

2300 2150 2393 2205 τοῦ
2424 2150 2621 2214 αἰῶνος
2645 2149 2855 2213 τούτου,
2904 2150 3188 2215 αἰτοῦντας
3214 2169 3271 2205 τε
3294 2152 3392 2222 τῆς
3428 2154 3698 2226 προτέρας
3750 2157 3881 2209 ἀσε-

2301 2244 2454 2306 ϐείας
2485 2243 2708 2311 ἄφεσιν·
2737 2241 2815 2294 ἔτι
2845 2258 2903 2294 τε
2936 2243 3099 2313 εὐχὴν
3137 2243 3450 2315 ἀναπέμπει
3495 2246 3633 2316 ὑπὲρ
3674 2247 3880 2312 αὐτῶν,

2299 2334 2468 2386 ὄντων
2506 2333 2604 2402 μὲν
2634 2330 2797 2384 πάλαι
2845 2329 3114 2400 ἀκάρπων
3139 2371 3153 2393 ,
3192 2331 3497 2401 γενομένων
3524 2332 3584 2383 δέ
3630 2330 3883 2403 εὐφόρων

2298 2423 2385 2477 διὰ
2412 2424 2511 2493 τῆς
2540 2425 2619 2485 εἰς
2646 2422 2880 2493 Χριστὸν
2933 2420 3187 2483 πίστεως.
3220 2420 3448 2492 Εἴρηται
3501 2422 3559 2474 δὲ
3588 2422 3881 2493 πρότερον,

2298 2516 2372 2579 ὡς
2411 2516 2608 2587 πρᾶξιν
2667 2516 2763 2586 μὲν
2791 2515 2820 2567 ὁ
2856 2512 3091 2585 ψαλμὸς,
3141 2511 3374 2585 θεωρίαν
3412 2512 3466 2566 δὲ
3494 2515 3527 2585 ἡ
3560 2513 3673 2585 ᾠδὴ
3706 2514 3861 2585 δηλοῖ

2300 2609 2470 2661 Ὅταν
2499 2604 2592 2662 οὖν
2619 2607 2686 2659 δι’
2708 2602 3083 2679 ἀμφοτέρω-ιῇ
3108 2607 3167 2658 τὸ
3191 2604 3392 2674 ἀγαθὸν
3424 2605 3881 2677 κατορθούμενον,

2298 2700 2399 2769 τῆς
2424 2698 2619 2770 neua;
2654 2698 2963 2766 φιλοσοφίας
2998 2699 3132 2768 πρὸς
3154 2698 3251 2768 τὴν
3277 2697 3615 2770 θεωρητικὴν
3650 2701 3883 2771 συνδρα-

2307 2790 2532 2862 μούσης,
2571 2789 2783 2861 ψαλμὸς
2829 2788 2972 2860 ᾠδῆς
3005 2788 3233 2856 γίνεται.
3278 2789 3334 2841 ’0
3390 2790 3723 2860 θεωρητικὸς
3776 2790 3884 2860 γὰρ

2301 2882 2417 2951 ἅμα
2463 2881 2539 2952 τῷ
2573 2880 2858 2952 πρακτικῶ
2883 2878 3311 2943 κατοοθούιιενος
3340 2879 3438 2951 βίῳ
3478 2880 3644 2951 ἄνδρα
3680 2880 3884 2934 τέλειον

2296 2973 2581 3028 ἀποδείκνυ
2590 2990 2688 3026 σιν.

624 3130 692 3186 In
714 3131 952 3202 ejusdem
980 3133 1174 3202 psalmi
1210 3131 1387 3197 verba,
1418 3149 1437 3182 ι
1473 3130 1675 3186 Beatus
1702 3146 1855 3201 quem
1895 3129 2126 3201 elegisti,
2158 3140 2420 3253 nete-“bu.
2542 3131 2834 3203 Postquam
2875 3148 2939 3187 ex
2986 3130 3309 3186 Theodoreto
3344 3147 3553 3187 sensum
3595 3132 3882 3191 Iitteralem

1264 3238 1265 3245 η
1993 3213 2251 3253 exposuit.
2284 3218 2343 3253 su
2385 3218 2472 3253 ιιει
2529 3217 2547 3253 ;

1264 3238 1265 3245 ι
1993 3213 2251 3271 exposuit,
2284 3213 2495 3269 subjtctt
2529 3217 2547 3254 :

693 3318 1041 3374 Athanasius.
1071 3318 1441 3390 Spiritualiter
1462 3332 1594 3373 vero
1620 3315 1906 3372 adumbrat
1932 3319 2192 3388 pupulum
2224 3328 2266 3384 ε

623 3413 778 3468 illum
817 3428 1038 3479 novum,
1072 3414 1165 3483 qui
1194 3413 1417 3468 Christo
1448 3413 1503 3467 in
1538 3420 1737 3468 sortem
1774 3410 2103 3467 hereditatis
2132 3428 2199 3468 ex

623 3506 875 3576 gentibus
902 3508 1110 3561 electus
1152 3512 1257 3559 est.
1308 3505 1474 3561 Aulas
1525 3519 1652 3559 vero
1696 3504 1996 3574 intelligere
2038 3504 2202 3558 debe-

624 3615 750 3655 mus
794 3599 1072 3654 Ecclesias
1122 3613 1219 3668 per
1258 3598 1507 3667 regiones
1550 3598 1844 3667 dispersas.
1893 3598 2040 3652 Alias
2072 3612 2201 3652 vero

625 3691 844 3747 beatum
881 3692 1045 3746 etiam
1077 3692 1330 3762 praedicat
1365 3692 1453 3746 hic
1480 3690 1751 3759 Pr0pheta
1779 3705 1925 3753 eum,
1956 3691 2049 3759 qui
2089 3690 2201 3743 vir-

627 3784 833 3839 tutibus
871 3794 957 3840 est
1001 3793 1435 3840 consummatus.
1476 3781 1619 3837 Deus
1675 3782 1818 3835 enim
1852 3797 1975 3836 eum
2028 3782 2199 3851 eligit,

626 3878 719 3946 qui
753 3878 819 3932 ad
850 3877 1172 3932 certandum
1205 3885 1258 3930 et
1295 3892 1459 3931 cursu
1505 3874 1944 3931 contendendum
1973 3886 2056 3930 est
2086 3875 2202 3930 ido-

626 3985 801 4035 neus;
847 3971 941 4040 qui
988 3984 1117 4023 vero
1151 3969 1433 4023 victoriam
1480 3968 1594 4038 jam
1624 3969 1938 4037 reportavit,
1977 3969 2203 4038 praecla-

624 4076 798 4130 roque
826 4061 934 4117 line
982 4061 1150 4115 vitam
1205 4060 1495 4123 conclusit,
1547 4061 1693 4112 hunc
1723 4060 1954 4112 assumit
1983 4059 2035 4112 in
2086 4074 2199 4117 cte-

626 4155 764 4219 lum,
812 4155 905 4209 ubi
934 4154 1098 4208 etiam
1134 4154 1235 4222 ipsi
1279 4153 1690 4206 tabernaculum
1745 4153 1956 4219 tribuit,
1992 4153 2044 4205 in
2076 4166 2201 4220 pro-

626 4247 762 4316 priis
786 4246 886 4301 sibi
928 4245 1092 4311 aulis,
1129 4244 1196 4299 de
1227 4244 1426 4314 quibus
1457 4244 1660 4298 dictum
1694 4255 1813 4299 est:
1865 4243 2045 4298 Multa:
2073 4254 2202 4298 sunt

627 4338 941 4392 mansiones
989 4337 1129 4407 apud
1166 4335 1380 4390 Patrem
1409 4337 1472 4389 ".
1510 4334 1577 4389 Ut
1625 4337 1694 4390 ita
1728 4336 2020 4406 perfectius
2050 4337 2202 4405 quid—

628 4427 753 4481 dam
790 4429 860 4481 sit
886 4427 1093 4482 assumi
1133 4426 1203 4479 ab
1233 4426 1463 4494 eligente
1500 4441 1664 4494 quam
1718 4427 1861 4495 eligi.
1918 4425 2052 4479 Nam
2107 4427 2199 4480 ubi

626 4521 719 4590 qui
767 4520 969 4574 electus
1020 4528 1105 4574 est
1148 4518 1331 4572 omnia
1379 4519 1677 4575 secundum
1725 4516 1816 4571 Dei
1867 4519 2198 4572 voluntatem

626 4610 927 4679 peregerit,
982 4619 1112 4663 tune
1156 4607 1375 4662 demum
1425 4624 1549 4663 cum
1594 4608 1760 4678 gloria
1819 4609 1869 4661 in
1932 4609 2199 4678 promissa

628 4701 771 4754 bona
822 4701 1164 4766 assumitur,
1217 4711 1313 4765 et,
1364 4701 1644 4755 domicilio
1694 4702 1811 4770 ejus
1862 4702 1928 4755 de
1970 4702 2198 4756 terrenis

629 4793 768 4847 locis
801 4794 1087 4859 translato,
1119 4794 1229 4848 illic
1260 4795 1666 4848 tabernaculum
1708 4795 1839 4863 ligit,
1878 4794 1930 4847 in
1964 4795 2200 4864 palatiis,

630 4886 883 4954 inquam,
946 4886 1196 4956 eligentis
1248 4900 1328 4940 se.
1376 4883 1616 4951 Quorum
1659 4885 1929 4940 desiderio
1981 4887 2199 4955 quidam

631 4980 740 5033 illic
767 4981 946 5035 adhuc
983 4981 1316 5036 constitutus
1349 4996 1471 5034 cum
1521 4990 1823 5046 teneretur,
1878 4982 2157 5050 inquiebat
2185 5001 2198 5036 :

630 5074 824 5125 Anima
874 5089 989 5127 mea
1030 5070 1207 5143 deﬁcit
1240 5075 1296 5128 in
1343 5074 1482 5126 atria
1518 5073 1727 5124 Domini
1744 5073 1810 5127 ³⁷.
1843 5070 2019 5127 Verba
2074 5089 2202 5144 ergo

632 5161 745 5217 haec
772 5182 782 5216 :
813 5163 1012 5218 Beatus
1058 5182 1209 5237 quem
1240 5166 1440 5235 elegisti
1485 5174 1535 5217 et
1593 5167 1947 5235 assumpsisti,
2002 5166 2197 5219 merito

2372 3324 2484 3395 (95)
2553 3325 2913 3391 Ἀθανάσιος.
2974 3324 3114 3396 Πρὸς
3170 3322 3227 3377 δὲ
3283 3322 3521 3377 διάνοιαν
3584 3323 3883 3378 αἰνίττεται

2300 3415 2393 3468 τὸν
2447 3415 2573 3469 λαὸν
2632 3414 2723 3468 τὸν
2778 3416 2918 3480 νέον,
2973 3414 3065 3467 τὸν
3121 3414 3178 3481 ἐξ
3243 3413 3410 3467 ἐθνῶν
3457 3414 3754 3482 ἐκλεγέντα
3804 3415 3883 3485 τῷ

2301 3505 2522 3578 Χριστῴ
2562 3508 2640 3569 εἰς
2691 3505 3074 3578 κληρονομίαν.
3123 3505 3303 3571 Λὺλάς
3340 3505 3397 3559 δὲ
3441 3504 3542 3570 τὰς
3576 3505 3724 3559 κατά
3771 3506 3881 3577 χὼ-

2305 3616 2403 3670 ραν
2446 3598 2773 3669 Ἐκκλησίας
2805 3599 3163 3671 ὑποληπτέον.
3207 3599 3441 3671 Ἑτέρως
3467 3601 3524 3655 δὲ
3554 3601 3649 3654 καὶ
3684 3602 3778 3655 τὸν
3801 3619 3883 3655 τε·

2303 3690 2588 3745 λειωθέντα
2618 3694 2675 3745 ἐν
2705 3693 2948 3763 ἀρεταῖς,
2981 3692 3167 3745 τοῦτον
3192 3692 3285 3744 καὶ
3308 3693 3337 3744 ὁ
3373 3692 3665 3763 Προφήτης
3707 3711 3886 3763 μακα-

2307 3782 2460 3852 ρίζει.
2503 3782 2812 3851 Ἐκλὲγεται
2864 3782 2963 3853 μὲν
3010 3782 3119 3854 γὰρ
3176 3786 3204 3836 ὀ
3234 3783 3366 3847 Θεὸς
3395 3783 3484 3837 τὸν
3518 3783 3885 3852 ἀγωνίζεσθαι

2304 3873 2399 3925 καὶ
2434 3874 2661 3943 δραμεῖν
2691 3874 2996 3945 ἐπιτήδειον
3016 3891 3028 3903 ·
3063 3875 3154 3927 τὸν
3182 3875 3239 3928 δέ
3266 3876 3367 3947 ἤδη
3409 3877 3756 3949 νενικηκότα,
3792 3880 3887 3931 καὶ

2304 3966 2454 4035 καλῷ
2502 3966 2644 4019 τέλει
2698 3967 2797 4038 τὴν
2855 3966 2999 4039 ζωὴν
3053 3969 3492 4041 περικλείσαντα,
3554 3975 3635 4035 εἰς
3654 3973 3886 4045 οὐρανὸν

2305 4057 2804 4130 προσλαμϐάνεται,
2831 4059 2961 4115 ἔνθα
2994 4061 3089 4115 καὶ⁵
3139 4062 3342 4133 σκηνὴν
3395 4062 3545 4134 αὐτῷ
3576 4066 3695 4127 ταῖς
3727 4065 3885 4129 ἰδίαις

2301 4152 2493 4213 αὐλαῖς
2518 4151 2856 4223 ἀποκληροῖ·
2884 4154 3012 4225 περὶ
3055 4147 3129 4206 ὧν
3180 4154 3425 4225 εἴρηται·
3474 4155 3673 4210 Πολλαὶ
3728 4160 3883 4228 μοναὶ

2303 4243 2453 4314 παρά
2489 4242 2565 4312 τῷ
2595 4241 2791 4313 Πατρί.
2836 4244 2998 4298 Ὥστε
3031 4244 3363 4316 τελειότερον
3384 4245 3475 4298 τοῦ
3504 4246 3800 4317 ἐκλεγῆναι
3825 4246 3884 4300 τὸ

2305 4337 2716 4407 προσληφθῆναι
2751 4336 2901 4407 παρά
2930 4336 3022 4390 τοῦ
3059 4338 3445 4408 ἐκλεξαμένου.
3491 4340 3661 4392 Ὅταν
3705 4342 3816 4412 γὰρ
3858 4342 3885 4393 ὀ

2302 4428 2547 4495 ἐκλεγείς
2572 4428 2747 4480 πάντα
2769 4429 2908 4481 κατὰ
2932 4428 3183 4499 βούλησιν
3204 4430 3338 4481 Θεοῦ
3365 4429 3566 4501 πράξῃ,
3597 4432 3719 4483 τότε
3750 4433 3885 4503 μετά

2302 4519 2460 4587 δόξης
2485 4521 2561 4582 εἰς
2593 4518 2693 4581 τὰς
2740 4521 3065 4588 ἐπαγγελίας
3098 4520 3594 4592 προσλαμϐάνεται,
3622 4524 3717 4575 καὶ
3754 4542 3885 4595 μετ·-

2305 4611 2563 4673 οικισθεὶς
2592 4610 2684 4663 τοῦ
2720 4614 2848 4682 περὶ
2876 4614 2977 4682 γῆν
3033 4615 3220 4672 τόπου,
3262 4614 3381 4665 ἐκεῖ
3428 4620 3785 4685 κατασκηνοί,
3828 4618 3883 4669 ἐν

2304 4706 2424 4766 ταῖς
2457 4704 2644 4767 αὐλαῖς
2672 4704 2766 4757 τοῦ
2802 4704 3178 4775 ἐκλεξαμένου.
3214 4701 3311 4759 Ὧν
3339 4706 3584 4760 ἐντεῦθεν
3614 4708 3697 4760 ἔτι
3722 4709 3882 4762 πόθον

2304 4809 2388 4855 τις
2416 4793 2576 4861 ἔχων,
2619 4791 2803 4847 εἶπεν·
2872 4797 3165 4849 Ἐκ.1είπει
3217 4798 3255 4865 ἡ
3286 4797 3455 4865 ψυχή
3490 4816 3609 4868 μου
3656 4802 3749 4866 εἰς
3781 4801 3883 4867 τὰς

2307 4885 2500 4948 αὐλὰς
2533 4884 2637 4937 τοῦ
2673 4886 2913 4955 Κυρίου.
2954 4887 3113 4939 Ὥστε
3140 4887 3237 4950 τάς
3275 4887 3445 4951 λέξεις
3481 4888 3706 4952 ταύτας,
3741 4892 3883 4961 φημὶ

2303 4975 2368 5045 δὴ
2392 4976 2471 5037 τὸ,
2495 4976 2810 5045 Μακάριος,
2832 4979 2903 5031 ὃν
2922 4979 3177 5043 ἐξελέξω
3201 4981 3297 5034 καὶ
3317 4980 3721 5049 προσελάϐου,
3744 4982 3884 5036 εἰκό-

2307 5085 2414 5130 τως
2448 5070 2810 5141 προφέρουσιν
2846 5073 2895 5124 οἱ
2921 5072 3047 5135 τοὺς
3082 5072 3491 5143 ἀπαλλαγέντας
3513 5074 3608 5128 τοῦ
3641 5074 3760 5147 βίου
3792 5077 3885 5146 ζη-

2304 5162 2521 5225 λοῦντες
2548 5164 2639 5215 καὶ
2679 5165 3088 5235 μακαρίζοντες.

632 5252 980 5319 protulerint,
1010 5255 1103 5326 qui
1140 5254 1391 5324 praesenti
1414 5255 1523 5308 vita
1556 5254 1860 5309 abstractos
1895 5254 2199 5318 imitantur,
2229 5270 2292 5311 ac
2329 5254 2513 5307 beatos
2537 5254 2853 5323 praedicant.

903 5364 970 5419 Et
1003 5368 1054 5420 in
1080 5383 1281 5420 versum
1312 5379 1608 5437 sequentem
1634 5384 1651 5421 :
1684 5372 1957 5437 prwmissa
1986 5386 2192 5423 rursum
2226 5368 2447 5421 litterati
2477 5369 2823 5437 explicatione
2853 5387 2916 5424 ea:
2943 5371 3262 5429 Theodoreto
3286 5417 3301 5443 ,
3340 5379 3594 5448 sequitur.

704 5481 1002 5535 Athanasii.
1055 5480 1259 5537 Horum
1307 5483 1573 5537 sententia
1628 5484 1761 5539 hare.
1820 5485 1964 5539 Bona
1999 5486 2195 5540 domus

704 5596 748 5627 ³⁸
770 5594 928 5649 Joan.
954 5611 1063 5661 xw,
1101 5595 1155 5648 2.
1232 5596 1275 5626 ³⁷
1301 5595 1444 5651 Psal.
1473 5613 1701 5665 Lxxxm,
1730 5599 1781 5653 '5.

706 5709 817 5776 (95)
846 5707 971 5832 [me
1003 5709 1054 5764 in
1100 5708 1525 5777 Expositionibus
1558 5713 1623 5767 ad
1650 5712 1941 5769 secundam
1989 5721 2191 5781 partem

706 5795 826 5832 rsus
934 5823 946 5832 .

638 5794 826 5833 \‘CI‘SIIS
861 5794 946 5833 ‘IU.

720 5850 827 5918 (95)
866 5849 987 5905 Haec
1019 5854 1256 5909 auctiora
1295 5862 1416 5908 sunt
1449 5868 1609 5922 quam
1652 5852 1702 5905 in
1741 5850 2187 5918 Expositionibus.

2389 5484 2499 5554 (96)
2574 5486 2939 5539 Ἀθανασίου.
2998 5488 3138 5560 Πρὸς
3189 5490 3246 5543 δὲ
3300 5491 3455 5545 νοῦν
3528 5493 3731 5562 Ἅγαθά
3792 5505 3879 5561 τοῦ

2379 5712 2491 5787 (θὲῥ)
2514 5710 2637 5787 ﬂare
2660 5730 2764 5767 non
2784 5715 3054 5770 habentur
3082 5719 3335 5787 superius
3372 5721 3436 5776 ad
3471 5722 3615 5777 hunc
3639 5737 3877 5779 versum.

2375 5785 2485 5851 (96)
2516 5782 2715 5839 Horum
2750 5789 2993 5856 quadam
3033 5782 3283 5859 Superius
3333 5791 3602 5848 habentur
3630 5796 3702 5847 ad
3742 5796 3880 5849 hunc

2302 5869 2512 5910 versum
2522 5890 2536 5906 .
