4058 6448
167 363 274 418 577

1158 361 1578 418 FRAGMENTA
1618 362 1973 419 COMMENT.
2017 362 2081 417 ΙΝ
2119 361 2453 418 PSALMOS.

3313 369 3416 424 578

169 480 322 534 οἴκου
377 480 470 533 τοῦ
525 480 659 534 Θεοῦ
713 481 782 534 τὰ
820 481 914 536 τοῦ
948 481 1262 552 Πνεύματος
1308 484 1540 554 διάφορα
1589 487 1748 558 χαρί-

1862 485 1966 552 Dei,
1989 485 2266 549 dicuntur,
2293 487 2502 540 diversa
2529 485 2764 556 Spiritus
2792 489 2964 543 sancti
2995 488 3156 543 dona.
3186 487 3420 547 Donmm

171 591 378 644 σματα.
437 570 598 627 Οἷκον
645 575 701 628 δέ
744 574 877 628 Θεοῦ
925 575 1023 646 τὴν
1081 577 1403 648 Ἐκκλησίαν
1460 581 1489 632 ὁ
1545 580 1752 645 Παῦλος

171 661 351 714 καλεῖ.
396 662 483 715 Ἐν
509 663 564 716 δὲ
588 663 761 733 τούτῳ
790 665 1116 734 θαυμαστῶς
1143 667 1468 723 ἐπιτελεῖται
1492 673 1523 741 ἡ
1560 672 1748 742 ἀρετὴ,

173 751 482 824 καλουμένη
507 753 838 824 δικαιοσύνη.
882 756 939 807 '0
961 757 1138 810 τοίνυν
1161 760 1429 813 πιστεύων
1458 764 1548 814 καὶ
1577 763 1752 833 ἔργων

171 843 396 910 ἀγαθῶν
422 843 730 914 πληρωθεὶς
762 846 873 915 ἕχει
903 845 994 898 τὸν
1025 847 1226 917 Κύριον
1262 853 1319 903 ἐν
1349 852 1546 922 ἐαυτῷ.
1583 855 1752 924 Εἴρηο

171 955 266 988 ται
299 937 406 1006 γὰρ
437 937 523 989 διὰ
547 938 645 1007 τῆς
674 938 909 1002 πίστεως
938 947 1210 997 κατοικεῖν
1252 945 1341 997 τὸν
1387 947 1620 1016 Χριστὸν
1673 952 1751 1014 εξς

171 1029 268 1081 τὸν
298 1029 405 1082 ἔσω
424 1029 727 1099 ἄνθρωπον,
766 1033 859 1084 καὶ
890 1033 1024 1103 πρὸς
1056 1035 1145 1088 τὸν
1170 1037 1438 1107 τηροῦντα
1467 1040 1558 1092 τὸν
1595 1041 1747 1110 λόγον

174 1121 344 1176 αὐτοῦ
376 1121 512 1191 μετὰ
534 1120 625 1174 τοῦ
663 1124 874 1194 Πατρὸς
927 1125 1216 1194 ἐρχόμενος
1269 1129 1434 1197 μονὴν
1491 1135 1744 1187 ποιεῖται.

174 1215 288 1267 Καὶ
317 1214 521 1282 γίνεται
551 1217 578 1267 ὁ
599 1216 835 1278 τοιοῦτος
868 1217 1012 1279 ναὸς,
1053 1217 1212 1285 (κατὰ
1250 1221 1310 1272 τό
1331 1236 1342 1248 ·
1390 1225 1508 1276 Οὐκ
1530 1226 1746 1292 οἴδατε,

174 1306 267 1360 ὅτι
293 1306 438 1372 ναὸς
455 1308 602 1361 Θεοῦ
628 1309 767 1362 ἐστε
788 1310 826 1377 ;)
871 1309 926 1372 ὃς
954 1311 1044 1364 καὶ
1059 1311 1402 1385 δικαιοσύνην
1425 1316 1751 1388 θαυμαστῶς

175 1400 452 1471 κατορθοῖ,
472 1401 568 1472 τὴν
595 1402 680 1454 διὰ
712 1403 947 1466 πίστεως
978 1407 1390 1477 συνισταμένην.
1422 1410 1608 1477 ’Ἄγιος
1639 1414 1757 1481 μέν·

173 1509 261 1544 τοι
295 1494 440 1546 ἐστὶν
474 1493 549 1556 ὡς
582 1494 834 1563 καθαρὸς,
869 1494 1178 1566 Θαυμαστὸς
1216 1497 1272 1550 δὲ
1316 1501 1409 1552 ἐπὶ
1456 1504 1521 1573 τῇ
1555 1503 1756 1559 δικαιο-

175 1582 336 1658 σύνῃ.

1852 585 2032 631 autem
2065 576 2156 631 Dei
2195 587 2352 631 vocat
2389 576 2590 633 Paulus
2633 579 2804 648 ipsam
2859 579 3179 636 Ecclesiam.
3215 580 3272 635 In
3321 583 3424 638 hac

1850 683 1977 722 vero
2027 668 2189 722 domo
2240 667 2562 722 mirabiliter
2605 669 2882 738 perficitur
2915 672 3088 726 virtus
3140 673 3250 736 illa,
3301 689 3424 741 qua:

1851 759 2154 828 appellatur
2191 759 2423 827 justitia.
2452 759 2553 825 Qui
2591 761 2756 830 igitur
2785 763 2977 829 credit,
3011 780 3074 818 ac
3107 764 3263 818 bonis
3296 779 3425 834 ope-

1851 853 2002 906 ribus
2026 853 2284 910 abundat.
2314 853 2359 906 is
2392 853 2858 907 liabetDominum
2890 856 2942 909 in
2975 857 3174 926 seipso.
3207 856 3423 910 Dictum

1853 959 2086 1012 namque
2119 953 2201 997 est
2231 943 2382 1006 alibi,
2426 944 2569 1011 quod
2597 942 2848 998 Christus
2884 945 3087 999 habitet
3119 947 3171 999 in
3206 948 3426 999 homine

1853 1033 2108 1087 interiore
2139 1050 2232 1102 per
2259 1035 2416 1087 fidem
2445 1043 2529 1087 :et
2552 1036 2693 1102 quod
2721 1046 2981 1091 venturus
3011 1039 3079 1089 sit
3110 1053 3232 1090 cum
3266 1037 3426 1091 Patre

1855 1127 1919 1180 ad
1952 1142 2073 1179 eum
2112 1126 2202 1194 qui
2233 1141 2541 1182 sermonem
2588 1127 2706 1195 ejus
2746 1137 2946 1183 servat.
2980 1144 3042 1181 ac
3084 1129 3425 1182 mansionem

1858 1218 1996 1285 apud
2041 1218 2217 1286 ipsum
2251 1218 2518 1270 facturus.
2549 1218 2726 1286 Atque
2757 1219 2826 1271 ita
2856 1220 2912 1271 lit
2943 1221 3031 1273 hic
3065 1220 3186 1273 talis
3229 1221 3426 1274 domus

1859 1309 1991 1363 Dei:
2029 1312 2367 1374 (secundum
2413 1311 2541 1364 illud
2572 1331 2584 1364 :
2626 1310 2858 1365 Nescitis
2900 1313 3143 1381 quoniam
3178 1316 3429 1381 templum

1859 1399 1956 1452 Dei
1984 1402 2106 1452 estis
2128 1401 2175 1432 ³⁸
2198 1402 2255 1472 ⁸2)
2288 1403 2379 1470 qui
2415 1403 2576 1455 etiam
2612 1403 2936 1456 mirabiliter
2981 1415 3236 1472 Operatur
3266 1405 3429 1474 justi-

1858 1493 2009 1556 tiam,
2042 1493 2212 1555 illam,
2258 1496 2500 1564 inquam,
2535 1510 2654 1564 qua:
2687 1510 2780 1563 per
2811 1494 2966 1547 fidem
3010 1497 3239 1550 exsistit.
3288 1494 3428 1550 San-

1859 1591 1980 1635 ctus
2016 1583 2179 1650 igitur
2207 1593 2309 1646 est,
2343 1585 2470 1652 quia
2511 1599 2679 1653 purus
2708 1601 2721 1649 ;
2754 1583 3022 1638 mirabilis
3056 1599 3184 1638 vero
3215 1595 3431 1654 propter

1852 1671 2143 1742 justitiam.

339 1757 411 1812 Et
452 1759 507 1812 in
541 1759 777 1828 ejusdem
797 1761 992 1830 psalmi
1016 1765 1169 1819 verba
1199 1781 1217 1818 :
1253 1786 1272 1817 ι
1312 1768 1416 1833 Qui
1437 1788 1706 1842 prwparat
1734 1795 1962 1847 montes,
2004 1805 2021 1837 ι
2055 1796 2179 1847 etc.,
2207 1803 2254 1843 υ.
2287 1787 2340 1840 7.
2388 1786 2650 1842 Similiter
2683 1789 2958 1857 praemissa
2984 1788 3291 1845 Theodorett

1149 1863 1438 1929 sententia,
1490 1870 2008 1937 subjectoAthanasii
2034 1880 2266 1943 nomine,
2310 1880 2430 1932 ait:

249 1966 391 2036 Πρὸς
418 1964 473 2018 δὲ
504 1965 736 2019 διάνοιαν
757 1980 771 1995 °
805 1965 898 2028 Σὺ,
935 1969 1118 2039 φησὶν,
1144 1965 1197 2023 εἴ
1226 1974 1253 2025 ὁ
1295 1974 1362 2028 τά
1408 1977 1533 2049 ὅρη,
1582 1982 1748 2052 ἤγουν

1925 1968 2004 2022 Ad
2031 1979 2262 2022 mentem
2296 1985 2421 2023 vero
2450 1991 2462 2023 :
2493 1969 2594 2033 Tu,
2616 1969 2811 2040 inquit,
2837 1986 2916 2035 es,
2947 1973 3038 2040 qui
3075 1985 3304 2035 montes.
3333 1976 3432 2031 hoc

169 2059 277 2122 τὰς
302 2059 683 2128 ἀντικειμένας
710 2059 988 2130 δυνάμεις,
1029 2064 1334 2133 ἐτοιμάξων
1359 2070 1439 2132 εἰς
1483 2075 1753 2144 τιμωρίαν

175 2151 544 2220 (ἡτοίμασται
592 2149 698 2220 γὰρ
766 2150 955 2216 αὐταῖς
1025 2154 1058 2226 ἡ
1111 2153 1410 2220 ἄϐυσσος)·
1477 2161 1631 2215 τοῦτο
1695 2167 1752 2219 δὲ

173 2250 447 2314 ποιήσεις,
484 2242 707 2306 δυνατὸς
737 2241 833 2298 ὧν.

1860 2068 1945 2111 est
1991 2059 2329 2114 adversarias
2379 2071 2690 2133 potestates,
2738 2077 3010 2131 pracparas
3054 2068 3120 2116 ad
3170 2067 3430 2134 supplicia

1862 2150 2021 2219 (istis
2050 2153 2193 2204 enim
2239 2165 2538 2222 prtepat‘ata
2565 2165 2646 2210 est
2666 2156 2937 2225 abyssus)
2973 2173 2987 2209 :
3025 2164 3078 2211 et
3106 2157 3210 2212 hoc
3241 2156 3433 2228 facies,

1860 2243 1984 2311 quia
2015 2253 2205 2311 potens
2234 2259 2315 2297 es.

853 2399 921 2454 Et
959 2402 1011 2455 in
1043 2420 1245 2459 versum
1277 2421 1567 2480 sequentem
1607 2413 1914 2471 Theodoreti
1939 2421 2278 2488 explicationi
2307 2423 2415 2476 licet:
2441 2423 2691 2491 subjicit:

263 2511 615 2566 ’AOaraO't'ov
661 2513 756 2566 καὶ
817 2516 1141 2582 Κυρίλλου.
1196 2521 1340 2591 Πρὸς
1369 2523 1424 2575 δέ
1479 2526 1757 2581 διάνοιαν·

176 2601 552 2673 Συνταράσσει
579 2603 808 2674 Χριστὸς
831 2599 940 2657 οἶόν
962 2623 1012 2658 τι
1041 2606 1199 2672 κύτος
1224 2612 1315 2662 καὶ
1341 2612 1540 2677 πλάτος
1558 2615 1760 2669 θαλάσ-

179 2711 284 2764 σης
309 2693 377 2746 τὰ
412 2693 587 2764 πλήθη
618 2695 726 2747 τῶν
755 2694 944 2760 ἐθνῶν,
977 2695 1050 2767 μὴ
1088 2702 1446 2771 συγχωρήσας
1474 2705 1611 2757 αὐτὰ
1637 2707 1763 2777 ἡρε-

178 2788 304 2855 μεῖν
339 2787 397 2837 ἐν
425 2789 543 2847 ταῖς
579 2786 834 2856 ἀρχαίαις
877 2788 1112 2852 ἀπάταις
1136 2807 1148 2820 ·
1188 2794 1494 2863 κεκινηκὼς
1526 2796 1582 2848 δέ
1630 2798 1764 2866 μᾶλ-

176 2876 272 2927 λον
306 2877 384 2938 εἰς
410 2875 702 2944 ἐπίγνωσιν
738 2877 838 2948 τῆς
884 2879 1076 2931 ἐαυτοῦ
1123 2879 1424 2952 δυνάμεως,
1454 2886 1546 2938 καὶ
1574 2886 1762 2960 ὥσπερ

175 2968 334 3031 τινὰς
362 2969 526 3039 ἤχους
557 2967 835 3038 κυμάτων,
870 2969 1240 3036 ἁνασαλεύσας
1273 2975 1526 3028 ἁπάντων
1546 2977 1644 3040 τὰς
1675 2981 1760 3031 ἐπ’

177 3061 334 3132 αὐτῷ
382 3060 706 3130 δοξολογίας.
747 3063 815 3115 Ἢ
849 3061 1124 3117 θάλασσαν
1172 3066 1404 3120 ἐνταῦθα
1454 3069 1513 3122 τὸ
1561 3071 1761 3142 πλῆθος

176 3154 290 3206 τῶν
332 3152 659 3224 ἀκαθάρτων
684 3155 1011 3225 πνευμάτων
1045 3159 1229 3228 φησὶν,
1270 3159 1298 3211 ὃ
1332 3162 1761 3232 συνταράσσεται

175 3249 247 3318 τῇ
278 3244 374 3298 τοῦ
398 3245 632 3316 Χριστοῦ
662 3248 952 3319 παρουσίᾳ.
980 3250 1070 3302 Διὸ
1094 3253 1184 3304 καὶ
1204 3252 1526 3323 φοϐούμενοι
1554 3256 1758 3325 ἔλεγον⁸

1935 2534 2212 2588 Athanasii
2249 2549 2301 2590 et
2329 2539 2540 2606 Cyrilli.
2573 2538 2696 2594 llaec
2720 2550 2898 2596 autem
2929 2544 3009 2600 sic
3037 2546 3432 2620 intelliguntur,

1865 2622 2144 2680 Christum
2192 2643 2311 2683 esse
2358 2632 2450 2699 qui
2510 2635 2797 2688 conturbat
2850 2637 3250 2696 multitudinem
3307 2661 3439 2714 gen.

1868 2718 2000 2770 tium
2036 2719 2206 2773 instar
2242 2723 2406 2775 maris
2435 2723 2686 2791 profundi
2719 2741 2783 2780 ac
2828 2728 3106 2797 latissimi,
3154 2735 3282 2788 dum
3331 2753 3435 2791 non

1867 2810 1996 2863 sinit
2027 2826 2120 2867 eas
2161 2815 2553 2882 conquiescere
2606 2817 2657 2870 in
2693 2818 2929 2886 antiquis
2975 2825 3292 2880 erroribus:
3343 2830 3437 2882 sed

1866 2902 2047 2968 potius
2080 2916 2384 2960 commovet
2413 2916 2467 2960 et
2514 2909 2759 2977 perducit
2805 2913 2867 2964 ad
2924 2917 3286 2985 cognitionem
3327 2936 3439 2974 suae

1866 2992 2139 3057 potentite.
2171 3009 2234 3048 ac
2267 3010 2459 3050 omnes
2510 2997 2574 3050 ad
2620 3001 2704 3053 sui
2736 2999 2950 3056 laudem
2986 3006 3142 3073 quasi
3190 3006 3439 3065 fremitus

1865 3075 2126 3133 ﬂuctuum
2153 3083 2371 3136 excitat.
2411 3083 2504 3137 Vel
2532 3087 2767 3155 appellat
2818 3090 2905 3145 hic
2955 3109 3125 3160 mare,
3170 3097 3438 3168 ingentem

1865 3167 2014 3223 illam
2049 3173 2452 3229 multitudinem
2483 3177 2770 3246 spirituum
2797 3181 3156 3250 impurorum,
3192 3167 3282 3258 qui
3315 3206 3443 3246 con-

1866 3263 2157 3320 turbantur
2184 3266 2388 3322 Christi
2433 3270 2685 3324 adventu.
2740 3271 2892 3328 Unde
2921 3276 3085 3330 etiam
3137 3292 3442 3339 metuentes

174 3334 402 3402 Ἦλθες
419 3330 533 3390 ὧδε
559 3337 673 3404 πρὸ
711 3339 918 3406 καιροῦ
935 3341 1274 3404 βασανίσαι
1305 3345 1482 3415 ἡμᾶς.
1549 3350 1618 3401 Ἢ
1668 3350 1757 3404 θά-

1869 3360 2123 3414 dicebant
2155 3378 2166 3412 :
2204 3358 2403 3414 Venisti
2432 3372 2553 3416 ante
2581 3374 2779 3434 tempus
2827 3376 3065 3437 torquere
3101 3387 3192 3424 nos
3218 3373 3283 3427 ³⁸.
3344 3373 3440 3431 Vel

176 3432 389 3484 λασσαν
442 3430 538 3500 μὲν
571 3430 634 3482 τὸ
683 3429 882 3499 πλῆθος
939 3432 1094 3484 καλεί
1135 3434 1243 3486 τῶν
1282 3438 1556 3506 τυράννων
1584 3439 1671 3492 διὰ
1703 3441 1762 3494 τὸ

177 3519 429 3590 ἁλμυρὸν
453 3520 552 3590 τῆς
576 3518 1019 3592 αἰδωλόλατρείας
1040 3523 1240 3586 αὐτῶν,
1272 3527 1436 3595 ἤχους
1483 3529 1539 3580 δὲ
1585 3532 1762 3599 κυμά-

175 3629 293 3665 των
319 3610 418 3674 τὰς
449 3612 589 3665 κατὰ
617 3611 724 3663 τῶν
757 3611 1050 3684 μαρτύρων
1102 3613 1394 3680 ἐπιϐουλὰς
1454 3620 1545 3671 καὶ
1597 3619 1762 3688 βασά-

174 3718 331 3765 νους.
366 3703 464 3765 “Ac
490 3701 572 3765 τίς
596 3703 918 3771 ὑπέμεινεν,
948 3706 996 3757 εί
1041 3705 1115 3778 μὴ
1151 3709 1215 3779 τῇ
1264 3708 1488 3781 δυνάμει
1522 3711 1757 3784 Χριστοῦ

175 3792 578 3864 ἐνεδυναμοῦτο
607 3794 700 3847 καὶ
731 3792 1048 3864 ἐστηρίζετο
1072 3813 1087 3864 ;

1865 3460 2010 3506 certe
2041 3466 2187 3504 mare
2217 3452 2437 3520 quidem
2468 3455 2601 3510 dicit
2633 3458 3036 3514 multitudinem
3063 3473 3440 3533 tyrannorum,

1863 3550 2086 3611 pr0pter
2103 3541 2428 3597 salsedinem
2457 3545 2569 3598 sive
2587 3549 2935 3604 acerbitatem
2956 3553 3273 3611 idololatria:
3298 3558 3442 3627 ipso-

1867 3648 1987 3686 rum
2023 3651 2036 3698 ;
2071 3632 2319 3689 fremitus
2344 3651 2472 3690 vero
2509 3636 2796 3703 fluctuum,
2834 3643 3059 3700 insidias
3094 3657 3147 3701 et
3173 3659 3442 3705 tormenta

1865 3725 2068 3780 sanctis
2103 3728 2427 3797 martyribus
2475 3731 2543 3783 ab
2575 3731 2707 3799 ipsis
2742 3731 2964 3791 inﬂicta.
3001 3737 3130 3802 Qua:
3159 3741 3281 3808 quis
3320 3757 3444 3796 sus-

1877 3816 2117 3881 tinuerit,
2155 3818 2258 3872 nisi
2304 3820 2398 3888 qui
2447 3823 2685 3890 potentia
2712 3823 2916 3881 Christi
2958 3828 3245 3886 roboratus
3279 3841 3443 3889 atoue

1878 3911 2128 3967 suffultus
2157 3911 2358 3967 fuerit?

821 4035 891 4091 Et
925 4037 1096 4093 adhuc
1125 4038 1179 4093 in
1209 4056 1414 4095 versum
1441 4053 1734 4112 sequentem
1777 4044 2086 4102 Theodoreti
2114 4047 2459 4118 explicationi
2492 4051 2761 4122 subjungit
2789 4071 2806 4106 :

263 4147 636 4204 Ἄθανασίου.
691 4151 1052 4222 Παρεδήλωσε
1091 4152 1146 4206 δὲ
1201 4154 1294 4207 καὶ
1341 4152 1403 4208 τὸ
1456 4155 1563 4207 τῶν
1594 4156 1763 4223 ἁγίων

174 4243 498 4295 ἀποστόλων
528 4245 788 4316 κήρυγμα
811 4260 825 4274 ⁸
855 4246 990 4317 ὅπερ
1012 4245 1102 4299 διὰ
1129 4246 1189 4300 τὸ
1233 4246 1400 4317 ἄηθες
1432 4250 1524 4302 καὶ
1571 4250 1661 4304 διὰ
1703 4253 1764 4306 τὸ

177 4329 552 4386 καταλύεσθαι
574 4333 635 4384 τὸ
669 4333 919 4405 πατρῷον
945 4334 1052 4388 τῶν
1086 4334 1253 4390 ἐθνῶν
1283 4336 1468 4400 σέϐας,
1511 4339 1605 4392 καὶ
1661 4342 1760 4412 τὴν

175 4427 461 4480 πολιτείαν
495 4427 673 4481 αὐτῶν
711 4427 1055 4498 ἀμείϐεσθαι,
1084 4429 1327 4500 ταραχὴν
1358 4429 1517 4492 εὐθὺς
1550 4433 1643 4485 καὶ
1668 4435 1763 4496 ζά-

1935 4161 2232 4216 Athanasii.
2271 4161 2610 4233 Significavit
2638 4182 2767 4221 vero
2799 4169 2960 4224 simul
3013 4172 3174 4226 etiam
3208 4181 3431 4229 saneto-

1865 4268 1985 4307 rum
2029 4255 2400 4324 apostolorum
2445 4259 2910 4327 praedicationem,
2958 4279 3079 4333 qua:
3127 4275 3240 4319 tum
3289 4267 3436 4336 quod

1867 4344 2186 4400 inconsueta
2217 4355 2380 4412 esset,
2417 4357 2526 4401 tum
2571 4352 2732 4404 etiam
2772 4354 2916 4421 quod
2949 4353 3300 4410 demoliretur
3324 4357 3438 4411 avi-

1866 4448 1981 4492 tum
2033 4441 2313 4509 gentilium
2376 4441 2606 4506 cultum,
2659 4443 2933 4514 vitamque
2990 4461 3177 4500 eorum
3209 4463 3270 4502 ac
3305 4464 3437 4502 c011-

173 4521 281 4592 λην
328 4524 441 4583 τοῖς
497 4520 804 4592 ἀνθρώποις
859 4523 1076 4594 ἐκίνησε
1109 4524 1249 4577 κατὰ
1302 4525 1398 4596 τὴν
1426 4524 1518 4578 τοῦ
1552 4527 1757 4597 Κυρίου

1863 4533 2222 4586 versationem
2302 4535 2632 4604 corrigeret.
2704 4535 2850 4591 illico
2910 4539 3093 4594 turbas
3147 4553 3211 4594 ac
3256 4549 3437 4595 motus

174 4611 395 4683 φωνὴν,
426 4612 657 4682 χωρίζον
686 4613 904 4684 νύμφην
928 4615 991 4666 ἐκ
1020 4613 1304 4686 πενθερᾶς,
1330 4616 1423 4668 καὶ
1452 4616 1666 4687 πατέρα
1699 4614 1758 4680 ἐξ

175 4703 325 4756 υἱοῦ.
355 4703 510 4757 Μετὰ
528 4703 583 4756 δὲ
601 4704 700 4775 τὴν
735 4705 903 4773 ζάλην
925 4707 1258 4772 κατέπαυσε,
1289 4710 1383 4761 καὶ
1413 4710 1512 4780 τὴν
1537 4711 1760 4781 εἰρήνην

175 4796 391 4849 ᾶπασιν
421 4795 842 4865 ἐπρυτάνευσεν.
869 4798 996 4849 ’Ὀτε
1019 4792 1132 4860 οὖν,
1159 4799 1312 4869 φησὶ,
1336 4799 1404 4852 τὰ
1434 4798 1560 4871 ἔθνη
1596 4816 1762 4870 ταρα-

175 4885 498 4959 χθήσονται,
551 4888 796 4941 τουτέστι
852 4888 961 4941 τῶν
1004 4889 1269 4960 δαιμόνων
1320 4891 1389 4944 τὰ
1417 4893 1759 4963 συστήματα,

171 4978 304 5032 τότε
348 4977 412 5048 δὴ
447 4979 565 5031 τότε
619 4982 711 5033 καὶ
735 4983 782 5034 oi
817 4984 874 5034 ἐν
902 4983 1016 5044 τοῖς
1066 4982 1266 5053 πέρασι
1307 4984 1405 5053 τῆς
1437 4983 1761 5054 οἰκουμένης

175 5069 460 5141 ἂνθρωποι
492 5069 888 5143 φοϐηθήσονταί
916 5090 994 5138 σε,
1037 5075 1106 5127 τὰ
1145 5073 1358 5144 μεγάλα
1401 5078 1599 5145 σημεῖα
1628 5075 1759 5129 θεω-

179 5165 474 5239 ρήσαντες,
502 5164 570 5217 τά
603 5164 695 5216 ἐπὶ
720 5167 785 5237 τῇ
823 5170 888 5236 σῇ
919 5167 1190 5240 παρουσία
1219 5167 1577 5237 γεγενημένα.

1866 4622 2012 4675 dedit
2039 4621 2181 4675 inter
2227 4622 2496 4690 homines,
2547 4639 2612 4678 ac
2664 4628 2960 4681 secundum
3017 4628 3165 4682 illam
3218 4629 3435 4684 Domini

1865 4727 2081 4776 vocem,
2109 4729 2306 4768 nurum
2338 4731 2367 4768 a
2418 4731 2602 4780 socru,
2638 4727 2692 4771 et
2726 4719 2894 4771 (ilium
2928 4735 2958 4772 a
3001 4728 3153 4788 patre
3187 4735 3437 4791 segrega-

1865 4802 1960 4857 bat
1983 4803 2049 4859 ⁸⁸.
2086 4802 2410 4874 Quanquam
2438 4816 2562 4875 post
2587 4809 2748 4862 etiam
2781 4818 2959 4863 motus
2991 4810 3111 4865 illos
3143 4812 3432 4874 sedaverit.

1865 4903 1919 4948 et
1947 4909 2134 4963 pacem
2164 4896 2380 4950 cunctis
2409 4897 2722 4953 reddiderit.
2757 4899 2982 4966 Quando
3017 4903 3199 4972 igitur,
3233 4903 3428 4971 inquit,

1867 4995 2076 5057 gentes,
2128 4987 2232 5041 hoc
2269 4997 2353 5042 est
2376 4989 2682 5044 daemonum
2728 4993 2980 5047 examina
3011 4993 3435 5048 commovebun-

1867 5084 1974 5140 tur,
2020 5085 2149 5131 tunc
2185 5087 2236 5131 te
2279 5087 2520 5132 metuent
2567 5081 2815 5137 homines
2865 5082 2918 5136 in
2964 5083 3222 5136 extremis
3275 5089 3436 5136 terra:

1870 5168 2074 5221 finibus
2104 5168 2407 5230 constituti,
2445 5171 2706 5224 miracula
2742 5173 2980 5243 ingentia
3015 5173 3434 5244 conspicientes,

1869 5274 1990 5329 qua:
2018 5259 2121 5313 sub
2151 5259 2443 5314 adventum
2479 5269 2629 5315 tuum
2669 5265 2915 5318 edentur.

1460 5397 1490 5451 1
1498 5409 1595 5451 tem
1626 5398 1678 5451 in
1711 5408 2005 5469 sequentem
2037 5414 2083 5450 ιν.
2117 5397 2169 5452 9.

265 5489 639 5553 Ἄθανασιου,
675 5490 968 5544 Εὐσεόἰου
1008 5492 1106 5545 καὶ
1137 5493 1459 5563 Κυρίλλου.
1499 5495 1606 5547 Καὶ
1641 5493 1766 5564 μέν·

167 5595 257 5636 τοι
290 5580 504 5633 eum
530 5580 740 5649 μεγάλα
770 5587 967 5654 σημεῖα
994 5581 1365 5654 θεωρήσαντες
1391 5586 1437 5636 οἱ
1463 5586 1561 5656 τὴν
1580 5586 1761 5636 οἰκου-

250 5709 491 5769 8'lCor.
525 5715 712 5785 111,16.
789 5717 832 5751 ³⁵
858 5717 1047 5775 .‘liattlt.
1091 5733 1204 5783 vm,
1241 5717 1329 5773 2|.

1947 5493 2247 5559 Athanasii,
2297 5492 2510 5548 Eusebii
2559 5505 2608 5549 et
2660 5493 2870 5565 Cyrilli.
2931 5494 2995 5549 Et
3039 5496 3257 5565 quidem
3314 5514 3437 5554 cum

1874 5584 2107 5644 viderint
2131 5601 2326 5658 magna
2368 5587 2457 5642 illa
2481 5586 2632 5658 signa
2665 5588 2758 5658 qui
2807 5586 2993 5643 orbem
3043 5597 3319 5643 terrarum
3351 5588 3438 5646 in-

1410 5719 1452 5750 "
1477 5718 1665 5777 Matth.
1692 5735 1747 5791 ι,
1778 5719 1864 5777 55.
