4058 6510
678 430 785 488 5Ἱθ

1517 426 1572 481 S.
1602 425 1971 481 ATUANASH
2009 426 2157 483 OPP.
2197 426 2379 481 PARS
2420 422 2509 480 Ill.
2549 451 2617 463 α·-
2657 420 3065 478 EXEGETICA.

3808 414 3908 468 580

682 548 887 613 colunt,
920 562 981 601 ac
1010 548 1291 601 timuerint
1330 547 1432 601 sibi
1461 547 1655 600 timore
1682 546 1842 611 bono,
1874 557 2001 599 tunc
2051 546 2238 615 utique

2346 544 2506 613 μένην
2563 540 2834 603 οἰκοῦντες
2866 538 3141 611 φοϐηθῶσι
3191 538 3282 589 τὸν
3335 535 3534 601 ἁγαθδν
3566 534 3755 602 φόϐον,
3791 533 3909 584 τότε

682 650 793 692 tam
846 637 1129 692 matutinis
1171 650 1332 705 quam
1388 634 1707 705 vespertinis
1739 635 2047 702 egressibus
2096 634 2240 703 (hoc

680 740 781 791 cst,
816 729 963 784 omni
996 728 1277 797 tempore)
1329 728 1571 781 laetantes
1611 726 2021 780 oblectabuutur
2073 727 2124 779 in
2172 727 2240 782 iis

680 834 801 889 qua:
831 819 1034 873 Christi
1067 817 1327 871 adventus
1366 816 1650 885 reparavit.
1679 814 1846 869 Porro
1884 816 2053 884 ipsius
2077 816 2239 871 etiam

679 910 883 965 Christi
933 909 1043 963 duo
1083 918 1209 964 sunt
1256 923 1530 978 egressus,
1580 915 1673 961 aut
1718 922 2073 977 progressus:
2110 908 2242 963 alter

678 1002 899 1073 quidem
934 1016 1113 1066 mane,
1143 1002 1244 1055 hoc
1270 1008 1354 1053 est
1403 1009 1528 1053 ante
1556 1013 1769 1054 omnem
1798 999 2146 1053 aeternitatem
2175 1016 2242 1055 ex

679 1092 840 1147 Patre
878 1090 1076 1155 factus,
1121 1091 1417 1145 secundum
1469 1087 1641 1143 illud:
1692 1087 2027 1158 Egressiones
2058 1092 2171 1158 ejus
2210 1106 2243 1141 a

679 1183 937 1254 principio
983 1200 1014 1235 α
1059 1183 1239 1235 diebus
1276 1181 1480 1234 aeternis
1504 1182 1547 1212 “
1587 1199 1601 1248 ;
1646 1178 1781 1235 alter
1830 1196 1959 1233 vero
1999 1181 2241 1249 vesperi,

680 1275 771 1329 ille
797 1276 1059 1330 nimirum
1110 1290 1177 1327 ex
1222 1274 1448 1342 virgine,
1482 1273 1577 1343 qui
1610 1273 1837 1342 contigit
1887 1271 1940 1324 in
1984 1287 2242 1326 consum-

678 1368 921 1422 matione
979 1366 1325 1421 saeculorum.
1377 1363 1616 1435 Uterque
1661 1373 1841 1418 autem
1902 1364 2244 1419 delectationi

676 1471 762 1515 est
783 1467 837 1513 et
866 1458 1083 1529 gaudio.
1119 1457 1478 1528 Symmachus
1505 1456 1722 1525 quidem
1767 1456 2013 1518 reddens,
2056 1458 2243 1509 Acces-

676 1552 852 1605 siones
903 1550 1157 1603 matutini
1203 1558 1252 1603 et
1287 1565 1509 1619 uespera
1559 1548 1804 1602 laudibus
1851 1549 2092 1616 efferunt,
2143 1549 2245 1603 hoc

677 1641 860 1697 dicere
908 1641 1141 1705 videtur,
1171 1642 1316 1711 quod
1356 1650 1409 1695 et
1439 1640 1717 1695 exoriente
1769 1648 1821 1693 et
1853 1640 2129 1694 desinente
2158 1640 2245 1694 die

677 1742 955 1803 acceptam
988 1732 1096 1788 Deo
1131 1731 1357 1788 offerent
1386 1731 1599 1785 laudem
1641 1731 1699 1796 ii,
1734 1731 1828 1800 qui
1874 1746 2058 1784 errore
2088 1731 2245 1784 dere-

677 1822 828 1890 licto,
862 1835 1055 1881 natura
1086 1824 1256 1880 Deum
1291 1832 1679 1894 cognoverunt.

2339 637 2403 707 δὴ
2439 639 2529 689 καὶ
2554 638 2633 700 εἰς
2680 637 2777 698 τὰς
2804 636 3014 705 πρωῖας
3044 633 3135 685 καὶ
3164 632 3241 693 εἰς
3267 629 3361 691 τὰς
3396 629 3635 697 ἑσπέρας
3675 624 3907 691 ἐξόδους,

2340 728 2616 781 τουτέστιν
2644 729 2701 780 ἐν
2740 727 2902 780 πει.νῇ⁵
2923 724 3118 795 καιρῷ,
3150 723 3339 793 τέρψις
3368 721 3515 773 ἔσται
3540 721 3722 780 αὑτοῖς
3744 717 3911 784 ἀγαλ-

2341 819 2641 890 λιωμένοις,
2672 819 2755 889 ἐφ’
2794 812 2873 881 οἷς
2901 816 3264 888 κατώρθωσεν
3295 816 3327 883 ἡ
3352 811 3587 883 Χριστοῦ
3617 809 3911 881 παρουσία.

2341 913 2450 965 Καὶ
2477 913 2639 965 αὑτοῦ
2660 912 2716 965 δὲ
2756 910 2848 964 τοῦ
2876 908 3109 981 Χριστοῦ
3140 907 3232 961 δύο
3249 906 3439 973 ἔξοδοι,
3470 904 3635 973 ἦγουν
3668 900 3910 968 πρόοδον

2341 1006 2375 1077 ἡ
2406 1006 2502 1075 μὲν
2540 1004 2750 1076 πρωτας
2773 1043 2790 1069 ,
2836 1003 2940 1073 πρὸ
2972 1004 3186 1055 πάντων
3223 999 3332 1051 τῶν
3361 997 3568 1050 αἰώνων
3603 997 3668 1048 ὲκ
3695 992 3914 1061 lla-.96.;

2342 1095 2624 1167 γενομένη,
2646 1094 2787 1147 κατὰ
2814 1093 2875 1145 τό
2899 1111 2913 1123 ·
2949 1094 3016 1144 At
3043 1089 3239 1154 ἔξοδοι
3270 1084 3457 1142 αὑτοῦ
3482 1086 3581 1139 ἀπ’
3618 1081 3817 1151 ἀρχῆς
3850 1081 3914 1141 ἐξ

2343 1186 2576 1256 ἡμερῶν
2601 1185 2843 1251 αἰῶνος⁹
2881 1186 2913 1254 ή
2939 1184 2993 1236 δὲ
3018 1182 3279 1253 ἑσπέρας,
3307 1182 3341 1249 ἡ
3366 1180 3431 1231 ὲκ
3468 1176 3761 1247 παρθένου,
3796 1174 3916 1242 ἥτις

2344 1283 2436 1335 ἐπὶ
2464 1280 2740 1351 συντελείᾳ
2785 1280 2893 1333 τῶν
2923 1277 3134 1331 αἰώνων
3173 1276 3501 1345 ἀπήντησεν.
3559 1269 3830 1335 Ἐκατέρα
3862 1265 3921 1319 δὲ

2344 1372 2533 1442 τέρψις
2579 1371 2695 1425 ἐστὶ
2750 1370 2843 1423 καὶ
2901 1368 3236 1436 ἀγαλλίασις.
3291 1365 3350 1418 '0
3404 1363 3588 1433 μέντοι
3621 1360 3920 1429 Σύμμαχος

2343 1461 2533 1527 εἰπὼν,
2583 1462 2691 1527 Τὰς
2746 1463 3175 1529 πρυσελεὺσεις
3230 1459 3336 1513 τοῦ
3389 1458 3600 1523 ὄρθρου
3654 1452 3752 1505 καί
3810 1449 3921 1516 τῆς

2345 1553 2606 1622 ἑσπέρας
2631 1553 3055 1623 ὑμνολογοῦσι,
3094 1553 3252 1607 τοῦτο
3277 1553 3425 1605 δοκεῖ
3459 1549 3660 1615 λέγειν.
3703 1548 3788 1598 ὅτι
3828 1544 3919 1596 καὶ

2346 1642 2652 1712 ἀρχομένης
2682 1644 2775 1696 καὶ
2796 1642 3066 1713 ληγούσης
3084 1642 3297 1713 ἡμέρας
3322 1640 3418 1710 τὴν
3442 1636 3677 1709 ἀρεστὴν
3702 1634 3778 1704 τῷ
3801 1633 3921 1701 Θεῷ

2350 1733 2723 1803 προσοίσουσιν
2755 1734 3088 1804 ὑμνῳδίανοὶ
3118 1734 3213 1804 τὴν
3262 1733 3467 1803 πλάνην
3502 1726 3896 1785 καταλιπόντες

2347 1822 2435 1875 τὸν
2466 1822 2520 1875 δὲ
2554 1823 2711 1892 φύσει
2757 1826 2975 1893 γνόντες
3006 1824 3156 1878 Θεὸν.

1024 1937 1095 1991 Et
1131 1939 1185 1991 in
1211 1954 1412 1992 versum
1443 1937 1613 1991 adhuc
1641 1946 1954 2007 sequentem,
1984 1935 2207 1990 litterati
2230 1936 2552 2005 expositione
2579 1953 2644 1992 ea:
2680 1936 2998 1992 Theodoreto
3021 1940 3359 2005 prwcedciite,
3389 1954 3432 1990 v.
3470 1938 3534 1989 10
3564 1954 3576 1987 :

752 2052 1095 2107 Athanasius.
1134 2051 1455 2108 Secundum
1490 2052 1820 2107 intellectum
1862 2062 2040 2108 autem
2070 2070 2084 2107 :
2138 2052 2243 2106 Ex-
2275 2064 2317 2119 Β

670 2143 961 2208 saturasti,
993 2144 1187 2214 inquit,
1230 2154 1428 2200 terram
1459 2146 1767 2200 universam
1810 2144 1967 2199 bonis
2013 2146 2117 2198 tuis
2149 2145 2243 2198 de-

677 2251 920 2302 sursum,
951 2236 1240 2305 implevisti
1270 2237 1457 2306 gratiis
1499 2237 1870 2306 spiritualibus
1911 2252 2099 2292 omnes
2149 2236 2243 2305 qui

677 2328 783 2384 sub
824 2328 963 2383 cmlo
995 2328 1237 2397 degunt;
1288 2342 1388 2381 nos
1441 2343 1567 2382 vero
1623 2338 1749 2383 tunc
1788 2328 2145 2391 errabundos,
2181 2342 2246 2382 ac

679 2421 854 2476 instar
878 2430 1035 2476 terra:
1063 2421 1228 2476 aridae
1256 2429 1311 2475 et
1331 2421 1608 2489 inaquosa:
1643 2421 1991 2482 constitutos,
2023 2419 2244 2485 fertiles,

677 2513 791 2567 tum
822 2509 1240 2568 fecundissimos
1264 2527 1329 2568 ac
1369 2527 1493 2568 vere
1519 2525 1710 2567 sacros
1735 2510 2039 2566 reddidisti.

2428 2053 2786 2120 Ἄθανάσιος.
2847 2054 2989 2125 Πρὸς
3042 2054 3098 2108 δὲ
3141 2054 3408 2107 διάνοιαν·
3479 2054 3870 2123 Κατεκόρεσας
3900 2079 3919 2109 s

2352 2147 2504 2217 φησὶ,
2540 2146 2644 2199 τῶν
2671 2147 2873 2201 ἄνωθεν
2899 2146 3117 2215 ἀγαθῶν
3158 2148 3255 2218 τὴν
3307 2150 3597 2216 σύμπασαν
3648 2146 3790 2214 γῆνο
3828 2160 3919 2195 πε-

2350 2240 2644 2310 πλήρωκας
2673 2239 2781 2292 τῶν
2806 2239 3186 2309 πνευματικῶν
3219 2238 3574 2309 χαρισμάτων
3607 2240 3734 2297 τοὺς
3781 2236 3918 2289 κατὰ

2352 2332 2529 2384 πᾶσαν
2560 2330 2719 2393 ὄντας
2766 2330 2864 2401 τὴν
2897 2331 2987 2383 ὑπ’
3018 2331 3243 2402 οὐρανόν
3265 2349 3278 2362 ο
3309 2333 3455 2400 ἡμᾶς
3511 2331 3566 2382 δὲ
3627 2331 3756 2391 τοὺς
3802 2326 3918 2381 τότε

2350 2420 2751 2490 πλανωμένους,
2780 2421 2881 2491 γῆν
2904 2420 3091 2490 ὥσπερ
3113 2420 3234 2473 τινὰ
3262 2421 3432 2491 ξηράν
3463 2420 3620 2482 όντας
3685 2422 3782 2471 καὶ
3827 2420 3916 2473 ἇν-

2338 2513 2526 2585 ὐδρον,
2556 2512 2897 2584 καρποφόρον
2924 2512 3199 2580 ἁνέδειξας
3218 2553 3231 2576 ,
3268 2513 3359 2567 καὶ
3382 2513 3787 2582 γονιμωτάτην,
3827 2510 3918 2564 καὶ

2341 2604 2501 2674 ιίεράν
2530 2605 2763 2676 ἀληθῶς.

1689 2710 1882 2767 Itidem
1913 2722 1961 2767 et
1986 2713 2041 2768 in
2080 2729 2279 2768 versum
2304 2719 2539 2785 proxime
2565 2729 2877 2788 sequentem.

733 2822 1095 2876 Athanasius.
1134 2819 1438 2877 Secundum
1488 2832 1666 2879 autem
1708 2824 2111 2896 intelligentiam
2142 2826 2242 2880 llu-

674 2912 808 2970 vius
858 2912 951 2968 Dei
1006 2923 1088 2968 est
1136 2914 1444 2983 unigenitus
1494 2915 1613 2983 ejus
1641 2913 1829 2969 Filius.
1879 2915 2245 2981 Quemadmo-

678 3006 809 3062 dum
854 3005 998 3060 enim
1044 3021 1107 3059 ex
1143 3002 1293 3059 fonte
1326 3005 1545 3075 proﬂuit
1590 3008 1825 3074 ﬂuvius,
1868 3010 1939 3064 ita
1983 3011 2142 3065 etiam
2178 3027 2244 3066 ex

679 3096 983 3153 substantia
1034 3097 1341 3165 generantis
1391 3098 1629 3153 nascitur
1663 3099 1855 3166 Filius,
1905 3111 1960 3158 et
2010 3111 2093 3157 est
2143 3103 2247 3174 ipsi

680 3188 1184 3244 consubstantialis.
1222 3187 1318 3243 Est
1342 3190 1503 3245 etiam
1537 3192 1727 3262 plenus
1754 3195 1931 3263 aquis,
1972 3196 2097 3264 quia
2131 3196 2244 3265 ple-

678 3278 870 3335 nitudo
905 3280 1119 3336 deitatis
1150 3280 1359 3335 habitat
1384 3282 1437 3335 in
1468 3283 1586 3353 ipso
1613 3302 1625 3337 :
1658 3282 1726 3335 Et
1760 3285 1983 3337 vidimus
2023 3285 2247 3355 gloriam

673 3371 920 3441 ejus.qui
950 3371 1133 3440 plenus
1164 3380 1276 3423 erat
1315 3373 1493 3441 gratia
1520 3381 1568 3425 et
1592 3374 1806 3427 ueritate
1826 3374 1892 3427 ".
1925 3372 2246 3447 Quanquam

678 3463 840 3517 etiam
868 3477 965 3532 per
993 3460 1215 3515 lluvium
1252 3462 1424 3532 possit
1453 3464 1678 3535 intelligi
1711 3464 1824 3534 ipse
1855 3462 2089 3536 Spiritus
2116 3483 2246 3523 san-

678 3562 825 3611 ctus,
860 3554 953 3623 qui
1007 3553 1199 3623 plenus
1236 3565 1319 3608 est
1360 3556 1539 3626 aquis,
1595 3557 1698 3612 hoc
1735 3567 1820 3612 est
1865 3559 2029 3613 variis
2064 3560 2248 3630 gratia:

680 3643 861 3701 donis.
893 3643 1238 3715 Praeparatus
1266 3655 1445 3701 autem
1490 3662 1615 3702 esse
1660 3648 1857 3702 dicitur
1901 3650 2054 3703 cibus
2089 3650 2247 3713 spiri-

678 3735 865 3798 tualis,
900 3749 967 3789 eo
1011 3734 1155 3804 quod
1189 3743 1313 3788 ante
1339 3735 1488 3804 jacta
1522 3736 1707 3789 mundi
1758 3735 2127 3803 fundamenta,
2151 3738 2247 3794 de-

680 3825 895 3880 ﬁnitum
931 3840 996 3880 ac
1028 3825 1304 3881 decretum
1363 3835 1480 3882 erat
1522 3826 1727 3883 Christi
1777 3830 2114 3899 mysterium,
2151 3831 2245 3901 qui

677 3918 831 3986 panis
858 3928 959 3979 est,
995 3918 1085 3989 qui
1110 3918 1172 3972 de
1194 3918 1321 3972 calo
1346 3918 1629 3983 descendit,
1672 3937 1735 3974 ac
1768 3922 1860 3975 dat
1899 3924 2061 3975 vitam
2092 3939 2245 3978 mun-

677 4009 828 4063 do“.
867 4006 1027 4074 Quia,
1074 4008 1270 4078 inquit,
1317 4011 1430 4065 haec
1470 4020 1555 4066 est
1598 4012 1686 4065 illa
1738 4014 2079 4082 praeparatio,
2133 4014 2246 4068 veri

678 4100 827 4155 cibi:
878 4102 1022 4170 quod
1061 4103 1177 4173 ipse
1221 4117 1346 4156 eum
1390 4104 1744 4173 praeparasti,
1800 4113 1854 4158 et
1895 4119 2002 4158 non
2046 4105 2242 4161 aliter:

677 4191 836 4264 quasi
875 4194 1098 4258 diceret,
1128 4209 1341 4248 summa
1376 4193 1709 4263 providentia
1759 4209 1822 4248 ac
1870 4192 2031 4263 digne
2082 4195 2245 4262 maie-

680 4293 820 4339 state
870 4285 1068 4339 divina.
1108 4284 1217 4339 Deo
1254 4285 1398 4338 enim
1444 4286 1696 4340 convenit
1744 4287 1869 4340 talia
1917 4301 2242 4357 praeparare,

680 4389 915 4445 quorum
962 4376 1055 4445 qui
1099 4375 1234 4430 fiunt
1282 4376 1590 4447 participes,
1642 4378 1675 4431 ii
1722 4393 1817 4447 per
1873 4380 2240 4447 paenitentiam

682 4470 1052 4524 conscendunt
1086 4470 1153 4524 ad
1184 4469 1420 4524 divinam
1455 4470 1844 4541 dignationem.

2427 2829 2786 2893 Ἀθανάσιος.
2827 2828 2969 2901 Πρὸς
3015 2827 3071 2880 δὲ
3113 2827 3237 2880 νοῦν
3281 2827 3525 2897 ποταμὸς
3573 2826 3709 2880 Θεοῦ
3746 2828 3775 2880 ὁ
3808 2831 3917 2883 Mo-

2346 2920 2586 2989 νογενής.
2630 2917 2715 2982 Ὠς
2736 2918 2842 2990 γάρ
2861 2918 2966 2972 ἀπὸ
2989 2916 3169 2989 πηγῆς
3198 2916 3412 2988 ἔρχεται
3459 2919 3722 2988 ποταμὸς,
3781 2918 3919 2973 οὕτω

2348 3011 2442 3068 καὶ
2467 3010 2626 3074 αὑτὸς
2649 3013 2713 3064 ὲκ
2741 3011 2839 3081 τῆς
2858 3010 2952 3063 τοῦ
2983 3009 3232 3072 τεκόντος
3254 3008 3463 3072 οὐσίας,
3492 3010 3586 3062 καὶ
3612 3009 3764 3064 ἔστιν
3790 3014 3917 3083 ὁμο-

2349 3099 2529 3163 ούσιος
2561 3099 2735 3167 αὑτῷ·
2762 3098 2819 3160 ὃς
2858 3098 3069 3168 πλήρης
3095 3098 3301 3152 ὑδάτων
3330 3098 3477 3151 ἐστίν
3499 3114 3511 3125 ·
3547 3100 3671 3152 ἐπεὶ
3698 3100 3759 3153 τὸ
3784 3100 3917 3172 πλη-

2348 3203 2510 3259 ρωμα
2542 3187 2639 3256 τῆς
2664 3186 2914 3256 θεότητος
2942 3189 2999 3241 ὲν
3022 3187 3169 3257 αὑτῷ
3211 3191 3474 3242 κατοικεῖ.
3532 3188 3644 3244 Καὶ
3674 3191 3919 3246 ἐθεασά-

2343 3279 2495 3347 μεθα
2522 3277 2635 3345 τὴν
2666 3276 2851 3342 δόξαν
2872 3277 3057 3331 αὑτοῦ
3081 3292 3094 3306 ο
3122 3278 3357 3346 πλήρης
3375 3279 3614 3349 χάριτος
3636 3283 3739 3337 καί
3773 3285 3920 3351 ἄλη-

2348 3368 2531 3434 θείας.
2562 3368 2797 3439 Νοηθείη
2851 3366 2895 3420 δ’
2923 3366 2989 3420 ἂν
3036 3367 3276 3438 ποταμὸς
3325 3371 3419 3423 καὶ
3461 3372 3522 3424 τὸ
3582 3373 3811 3445 Πνεῦμα
3862 3377 3922 3428 τὸ

2348 3461 2521 3527 ἅγιον,
2576 3459 2779 3531 πλῆρες
2824 3458 3027 3513 ὑδάτων
3058 3459 3165 3513 τῶν
3216 3461 3487 3534 διαφόρων
3539 3468 3919 3536 χαρισμάτων.

2359 3551 2713 3622 Ἠτοιμάσθαι
2738 3550 2796 3604 δέ
2828 3567 2958 3622 φησι
2986 3553 3084 3621 τὴν
3113 3556 3485 3626 πνευματικὴν
3527 3558 3754 3629 τροφὴν,
3784 3558 3915 3613 διότι

2350 3642 2455 3714 πρὸ
2485 3642 2785 3715 καταϐολῆς
2813 3643 3019 3713 κόσμου
3049 3642 3278 3715 ὥρισται
3327 3647 3389 3699 τὸ
3412 3649 3650 3717 Χριστοῦ
3697 3652 3914 3724 μυστή-

2351 3752 2482 3806 ριον,
2514 3735 2572 3800 ὃς
2599 3737 2772 3791 ἐστιν
2803 3738 2981 3808 ἄρτος
3011 3740 3079 3792 ἐκ
3097 3739 3203 3793 τοῦ
3223 3739 3482 3806 οὐρανοῦ
3516 3742 3801 3809 καταϐὰς,
3824 3743 3922 3797 καί

2348 3826 2500 3895 ζωὴν
2518 3826 2722 3894 δίδοὺς
2755 3828 2835 3894 τῷ
2862 3831 3083 3899 κόσμῳ.
3122 3830 3244 3883 Ὅτι
3268 3828 3458 3894 οὕτως,
3494 3834 3681 3902 φησιν,
3710 3836 3745 3904 ἡ
3782 3836 3921 3888 ἑτοι-

2348 3919 2520 3988 μασία
2560 3919 2662 3989 τῆς
2705 3919 2963 3993 ἀληθινῆς
2995 3920 3233 3993 τροφῆς,
3264 3921 3340 3987 ὡς
3388 3923 3550 3987 αὑτὸς
3596 3925 3919 3996 ἡτοίμασας,

2347 4012 2441 4065 καὶ
2463 4012 2561 4066 οὑκ
2575 4010 2745 4076 ἄλλως
2764 4012 2826 4082 (Ῑ.
2844 4011 3041 4078 ἀλλοςὶ·
3068 4015 3185 4067 ἀντὶ
3201 4014 3313 4079 τοῦ,
3334 4017 3815 4087 προνοητικώτατα
3830 4020 3920 4072 καὶ

2347 4100 2681 4173 θεοπρεπῶς.
2705 4102 2825 4174 Θεῷ
2850 4108 2959 4176 γὰρ
2984 4104 3181 4175 πρέπει
3207 4104 3430 4157 τοιαῦτα
3456 4105 3769 4176 ἑτοιμάζειν
3796 4150 3809 4170 ,
3841 4104 3914 4162 ὦν

2345 4192 2394 4246 οἶ
2430 4193 2931 4264 μεταλαμϐάνονται
2965 4197 3045 4257 είς
3063 4193 3217 4258 ἀξίαν
3238 4195 3373 4249 Θεοῦ
3387 4196 3475 4250 διὰ
3504 4198 3599 4269 τῆς
3634 4201 3919 4267 μετανοίας

2347 4282 2632 4340 ἅναϐαίνου
2640 4301 2743 4339 σιν.

1208 4582 1392 4635 Adhuc
1418 4584 1473 4635 in
1496 4600 1695 4637 versum
1731 4595 2043 4651 sequentem,
2072 4592 2345 4655 prwmissa
2370 4609 2551 4647 rursus
2588 4593 2895 4650 Theodoreti
2920 4597 3195 4665 sententia,
3223 4616 3272 4655 υ.
3303 4600 3389 4653 Η.

753 4674 1036 4729 Athanasii
1058 4682 1105 4727 et
1130 4672 1361 4728 Eusebii.
1390 4675 1578 4728 Altiori
1610 4691 1735 4729 vero
1753 4680 2238 4747 contemplatione:

2429 4686 2772 4741 Ἀθανασίου
2798 4686 2895 4741 καὶ
2926 4690 3237 4743 Εὐσεόίου.
3267 4690 3626 4762 Θεωρητικῶς
3646 4692 3734 4745 δέ·
3779 4692 3920 4747 Ἐπί-

682 4764 894 4820 Morare
924 4765 1124 4829 adhuc,
1170 4766 1363 4834 inquit,
1393 4781 1425 4817 o
1467 4766 1713 4829 Domine,
1764 4782 1827 4820 ac
1867 4769 1979 4837 riga
2017 4771 2241 4840 profun-

678 4856 877 4911 ditates
907 4856 1153 4910 cordium
1196 4856 1557 4911 humanorum
1612 4864 1669 4909 ut
1703 4858 1904 4921 sulcos,
1939 4870 1992 4914 et
2039 4861 2244 4916 inebria

678 4963 773 5003 eas
807 4962 871 5002 ac
905 4948 1069 5002 redde
1109 4948 1334 5012 fertiles,
1373 4958 1429 5003 ut
1459 4949 1881 5019 multiplicemur
1913 4951 2120 5009 fructus
2155 4954 2245 5023 ju-

680 5038 840 5094 stitia:
865 5038 1148 5108 ipsorum;
1189 5056 1297 5095 non
1332 5040 1505 5094 solum
1543 5057 1637 5110 per
1688 5041 1911 5097 ﬂuvium
1958 5046 1975 5111 (
2010 5047 2111 5101 hoc
2162 5055 2246 5102 est

679 5144 775 5199 per
802 5129 1027 5199 gratiam
1055 5131 1227 5184 sancti
1260 5129 1537 5201 Spiritus),
1572 5133 1664 5187 sed
1710 5144 1762 5188 et
1800 5151 1895 5205 per
1949 5136 2120 5192 stillas
2154 5152 2242 5192 ro-

681 5228 863 5275 rantes
880 5235 910 5274 ε
926 5221 1221 5292 magistris,
1242 5232 1497 5292 tanquam
1527 5239 1594 5277 ex
1623 5225 1856 5281 nubibus
1879 5227 2235 5298 quibusdam:

681 5310 789 5367 hoc
846 5321 930 5366 est
987 5329 1083 5382 per
1152 5314 1399 5370 notitiam
1445 5323 1500 5370 et
1551 5316 1881 5373 intellectum
1935 5321 2243 5376 divinarum

684 5399 1111 5471 Scripturarum.

2350 4793 2551 4848 μεινον,
2582 4781 2733 4848 φησὶ,
2762 4778 3022 4844 Δέσποτα,
3058 4778 3127 4833 τὰ
3152 4779 3287 4851 βάθη
3314 4781 3411 4850 τῆς
3438 4781 3663 4850 καρδίας
3690 4782 3799 4835 τῶν
3827 4784 3918 4837 ἁν-

2348 4867 2579 4939 θρώπων
2608 4868 2857 4940 καθάπερ
2892 4870 3042 4933 τινας
3076 4869 3320 4935 αὔλακας
3347 4871 3545 4942 ἄρδων,
3602 4873 3697 4924 καὶ
3751 4873 3915 4944 μεθὺο

2352 4976 2516 5025 σκων,
2545 4963 2639 5014 καὶ
2664 4962 2743 5025 εἰς
2766 4963 3131 5034 καρπογονίαν
3161 4962 3441 5033 διεγείρων
3460 4982 3471 4992 ο
3505 4962 3645 5017 ὥστε
3683 4965 3918 5036 πληθυν-

2350 5050 2509 5120 θῆναι
2546 5052 2612 5105 τά
2639 5055 2953 5125 γεννήματα
2984 5054 3082 5125 τῆς
3108 5053 3451 5126 δικαιοσύνης
3485 5055 3695 5118 αὑτῶν,
3728 5059 3790 5111 οὑ
3822 5059 3916 5126 μό-

2347 5160 2437 5196 νον
2482 5142 2568 5198 διά
2611 5143 2704 5199 τοῦ
2741 5145 2982 5216 ποταμοῦ
3012 5146 3288 5216 (τουτέστι
3339 5146 3438 5216 τῆς
3476 5145 3569 5199 τοῦ
3600 5147 3919 5217 Πνεὺματος

2345 5237 2607 5307 χάριτος),
2658 5238 2792 5292 ἀλλά
2818 5239 2911 5292 καὶ
2950 5238 3035 5292 διὰ
3066 5239 3173 5291 τῶν
3203 5239 3515 5311 φερομένων
3535 5237 3812 5306 ψεκάδων,
3848 5240 3919 5301 ώς

2345 5326 2493 5397 παρὰ
2516 5344 2675 5380 τινων
2702 5328 2937 5397 νεφελῶν
2984 5329 3091 5381 τῶν
3129 5328 3461 5384 διδασκάλων
3484 5369 3498 5393 ,
3539 5329 3787 5383 τουτέστι
3835 5329 3920 5381 διὰ

2343 5416 2450 5471 τῶν
2474 5419 2756 5489 νοημάτων
2783 5419 2889 5472 τῶν
2917 5419 3075 5472 θείων
3108 5420 3353 5490 Γραφῶν.

1856 5524 1918 5577 Et
1942 5524 1996 5579 in
2028 5528 2264 5598 proxime
2297 5546 2556 5586 annexum
2582 5549 2631 5589 υ.
2666 5532 2747 5588 12.

755 5606 1095 5669 Athanasius.
1150 5613 1306 5680 Quod
1347 5617 1510 5687 igitur
1562 5617 1626 5673 ad
1680 5616 1968 5674 verborum
2020 5635 2240 5676 sensum

680 5701 895 5769 attinet,
943 5720 1142 5762 annum
1180 5710 1524 5778 benignitatis
1557 5712 1899 5766 benedictum
1955 5713 2244 5784 appellavit

752 5815 979 5871 “Mich.
1019 5835 1068 5883 ν,
1108 5820 1163 5878 Ξ.
1233 5820 1455 5875 “Joan.
1481 5840 1514 5884 I,
1558 5826 1638 5878 14.
1716 5826 1759 5858 “
1788 5824 1941 5878 Joan.
1978 5841 2046 5890 νι,
2074 5826 2159 5879 55.

2430 5624 2795 5692 Ἀθανάσιος.
2850 5627 3007 5682 Κατὰ
3056 5630 3152 5699 μὲν
3189 5629 3282 5683 οὖν
3336 5631 3395 5684 τὸ
3452 5632 3637 5703 ῥητὸν,
3671 5627 3915 5686 ἐνιαυτὸν

2350 5716 2711 5787 χρηστότητος
2739 5716 3121 5789 εὐλογούμενον
3146 5723 3235 5773 τὸν
3262 5722 3357 5792 τῆς
3406 5722 3659 5793 εὐθηνίας
3700 5722 3915 5795 divolsu-
