4058 6454
172 379 269 434 581
1154 370 1568 426 FRAGMENTA
1609 369 1962 426 COMMENT.
2009 368 2074 423 ΙΝ
2116 366 2454 424 PSALIIOS.

3301 364 3408 418 582

168 510 283 558 ων,
317 495 392 556 ὡς
426 496 491 564 τῇ
522 491 614 545 τοῦ
658 491 793 544 Θεοῦ
831 490 1153 561 χρηστότητι
1189 489 1289 560 τὴν
1326 489 1610 561 εὐετηρίαν
1659 489 1742 542 δε-

1847 504 1964 544 eum
1992 487 2086 556 qui
2118 500 2403 556 prosperos
2441 498 2726 540 successus
2758 482 2973 548 habuit,
3004 492 3064 537 ut
3107 482 3198 552 qui
3230 498 3258 535 a
3315 482 3404 535 Dei

169 583 416 654 χύμενον,
442 584 535 634 καὶ
561 581 804 649 εὐλογίας
839 581 922 633 διὰ
950 581 1046 650 τῆς
1068 580 1317 650 εὐθηνίας
1344 580 1734 651 πληρούμενον·

169 675 309 745 πρὸς
342 673 397 725 δὲ
426 674 571 726 νοῦν.
615 672 896 742 διηιιεηιὶα
920 672 1110 740 Cyrilli
1136 682 1275 726 sunt.
1313 671 1378 725 Et
1408 674 1565 740 paulo
1600 681 1736 741 post,

172 763 552 832 Θεοδωρήτου
593 764 688 816 καὶ
727 764 1099 818 Ἀθανασίου.
1133 763 1231 834 Είη
1267 764 1311 815 δ’
1345 763 1410 816 ἂν
1437 765 1530 817 καὶ
1562 767 1590 816 ὁ
1612 765 1739 834 μέλ-

173 857 280 910 λων
328 857 461 911 αἰὼν
501 858 760 924 στέφανος
814 858 1199 929 χρηστότητος,
1242 856 1328 910 διὰ
1390 857 1449 910 τὸ
1482 859 1538 912 ἐν
1574 859 1739 930 πολλῇ

174 951 501 1021 χρηστότητι
526 951 651 1012 τοὺς
675 947 859 1018 ἁγίους
887 950 945 1002 ὲν
965 949 1112 1020 αὑτῷ
1143 947 1553 1018 στεφανοῦσθαι.

1840 580 2167 648 benignitate
2195 577 2532 632 commodam
2569 576 2710 630 aeris
2744 577 3053 644 temperiem
3083 575 3308 642 accepit,
3343 588 3407 627 ac

1840 676 1986 728 omni
2004 673 2369 727 benedictione
2381 676 2594 740 pr0pter
2611 683 2916 739 prosperam
2937 684 3113 722 rerum
3131 667 3185 722 [ο
3217 677 3406 724 tunam

1840 765 1943 821 fuit
1973 767 2240 836 impletus.
2267 764 2330 818 Et
2352 763 2511 832 paulo
2535 772 2668 831 post,
2699 761 3006 815 Theodoreti
3031 771 3080 814 et
3104 759 3400 812 Athanasii.

1844 857 2028 913 Fuerit
2059 875 2185 914 vero
2225 873 2425 914 corona
2459 857 2800 928 benignitatis
2839 857 3002 910 etiam
3033 853 3272 908 futurum
3304 867 3406 906 sa:-

1842 950 2048 1012 culum,
2087 964 2152 1003 eo
2179 949 2325 1019 quod
2354 949 2406 1004 in
2436 962 2503 1003 eo
2524 963 2716 1019 magna
2752 948 3081 1017 benignitate
3118 946 3289 1001 sancti
3321 958 3402 999 co-

1842 1040 2068 1094 ronandi
2099 1039 2225 1092 sint.

173 1172 308 1227 Item
334 1174 385 1226 in
423 1171 519 1226 illa
543 1188 562 1226 .'
593 1192 611 1224 ι
638 1171 701 1226 Et
727 1173 898 1242 campi
923 1173 1000 1226 tui
1022 1174 1416 1241 complebuntur
1443 1172 1773 1244 pinguedine.
1801 1193 1820 1225 ι
1857 1174 2144 1230 Prarmissa
2179 1175 2487 1230 Theodoreti
2513 1175 2734 1229 litterali
2761 1173 3109 1242 explicatione
3146 1171 3384 1225 subtexit

253 1288 632 1342 Ἀθανασίου.
680 1288 823 1358 Πρὸς
881 1288 937 1341 δὲ
987 1287 1110 1340 νοῦν
1169 1287 1372 1350 πεδίοις
1410 1287 1503 1340 καὶ
1559 1286 1743 1356 γαίαις

1630 1382 1742 1442 τοῖς

171 1378 496 1449 παρεικάζει
524 1381 622 1443 τὰς
675 1380 784 1432 τῶν
834 1381 1195 1434 πιστευόντων
1244 1380 1438 1449 ψυχας.
1495 1381 1590 1442 Ἀς

170 1471 337 1535 θείοις
371 1474 462 1526 καὶ
493 1475 877 1542 πνευματικοῖς
897 1473 1198 1543 χαρίσμασι
1225 1472 1566 1525 καταπιαίνει
1588 1470 1738 1536 Θεὸς,

163 1561 255 1615 ’ἵνα
275 1564 534 1619 δύνωνται
557 1564 740 1635 φέρειν
768 1566 892 1628 τοὺς
926 1565 1022 1636 τῆς
1060 1563 1338 1628 εὐσεϐείας
1363 1561 1628 1633 καρπούς.

1920 1290 2218 1343 Athanasii.
2248 1287 2418 1344 Sensu
2453 1304 2578 1344 vero
2622 1287 2887 1358 spirituali
2921 1295 3201 1356 comparat
3241 1284 3404 1339 David

1847 1381 2058 1435 animas
2089 1382 2418 1436 credentium
2449 1382 2654 1450 eampis
2679 1390 2732 1434 et
2754 1383 2916 1451 agris.
2945 1379 3092 1445 Quas
3125 1378 3266 1433 Deus
3297 1378 3404 1446 spi-

1844 1473 2137 1526 ritualibus
2169 1483 2220 1527 et
2260 1473 2458 1526 divinis
2492 1474 2648 1526 donis
2683 1472 2754 1526 ita
2785 1469 3132 1542 piuguefacit,
3173 1479 3234 1524 ut
3279 1483 3405 1538 pro-

1843 1561 1983 1617 ferre
2013 1564 2220 1634 possint
2260 1563 2475 1633 pietatis
2507 1563 2736 1617 fructus.

973 1700 1038 1753 Et
1068 1703 1121 1754 in
1142 1699 1294 1754 verba
1317 1715 1335 1752 :
1370 1718 1389 1750 ι
1431 1698 1774 1769 Pinguescent
1804 1702 2036 1769 speciosa
2064 1701 2277 1766 deserti,
2319 1719 2338 1752 ι
2373 1707 2502 1764 etc.,
2536 1715 2586 1753 υ.
2618 1698 2703 1752 15.

238 1821 352 1892 (97)
387 1819 764 1874 ’Adartw’iov.
799 1818 940 1889 Πρὸς
969 1817 1024 1871 δὲ
1053 1817 1174 1870 νοῦν
1200 1817 1374 1888 ὡραῖα
1400 1818 1523 1882 τοὺς
1555 1820 1741 1884 ἁγίους

1914 1817 2212 1871 Athanasii.
2265 1817 2572 1870 Secundum
2621 1831 2752 1871 vero
2807 1814 3234 1885 intelligentiam,
3285 1830 3408 1884 spe-

162 1912 499 1974 ἀποστόλους
534 1911 627 1964 καὶ
688 1909 1080 1978 εὐαγγελιστάς
1125 1927 1275 1978 φησι,
1300 1911 1424 1972 τοὺς
1456 1911 1740 1980 εὐτραφεῖς

161 2005 562 2076 γεγενημένους
581 2007 693 2065 τοῖς
721 2005 1107 2071 πνευματικοῖς
1128 2002 1458 2072 χαρίσμασιν
1476 2003 1562 2054 ,Ἥ
1573 2019 1636 2074 ρη
1645 2019 1741 2072 μον

161 2097 224 2150 δὲ
250 2097 350 2166 τὴν
380 2093 701 2163 Ἐκκλησίαν
730 2093 1011 2158 ἀποκαλεῖ,
1034 2093 1131 2164 τὴν
1154 2092 1318 2144 παλαι
1343 2091 1545 2165 ἔρημον
1577 2088 1741 2146 οὖεαν

162 2187 268 2256 τῆς
302 2185 430 2255 περὶ
459 2183 593 2237 Θεοῦ
627 2182 903 2252 γνώσεως.

1846 1910 1994 1965 eiusa
2038 1910 2111 1962 ait
2151 1910 2298 1978 ipsos
2348 1917 2568 1961 sanctos
2608 1906 2884 1976 apostolos
2928 1915 2982 1958 et
3025 1905 3404 1974 evangelistas,

1847 2003 1939 2071 qui
1985 2001 2118 2054 bene
2153 1999 2379 2067 saginati
2427 1999 2640 2051 l'uerant
2683 1997 3058 2067 spiritualibus
3087 1997 3262 2051 donis.
3301 1997 3405 2049 De-

1849 2103 2050 2146 sertum
2089 2103 2266 2146 autem
2303 2101 2458 2146 vocat
2489 2090 2802 2154 Ecclesium,
2833 2091 2978 2159 quod
3029 2089 3158 2143 olim
3192 2089 3402 2143 deserta

1849 2199 1912 2238 ac
1948 2200 2114 2237 vacua
2145 2198 2287 2238 esset
2311 2185 2620 2253 cognitione
2646 2181 2759 2238 Dei.

744 2323 814 2378 Et
845 2324 896 2377 in
921 2323 1071 2379 verba
1109 2322 1397 2393 sequentia,
1427 2337 1474 2377 υ.
1503 2321 1555 2374 5.
1589 2318 1897 2374 Theodoreti
1945 2319 2286 2388 explicationi
2324 2319 2677 2386 subjiciuntur
2713 2320 2844 2375 hare.

227 2441 603 2503 Ἆθανασίου,
631 2440 955 2508 Κυρίλλου.
975 2440 1116 2510 Πρὸς
1132 2438 1188 2492 δὲ
1205 2436 1346 2491 νοῦψ
1363 2437 1474 2508 Τῆς
1494 2436 1586 2490 τοῦ
1602 2434 1734 2489 Θεοῦ

163 2533 438 2604 φανείσης
466 2531 849 2601 χρηστότητος,
874 2533 907 2600 ἠ
943 2531 1107 2583 πάλαι
1151 2529 1355 2600 ἔρημος
1387 2527 1739 2598 καρποφορή-

165 2641 277 2686 σει,
302 2623 395 2676 καὶ
410 2623 459 2675 οἱ
501 2621 698 2691 βουνοί,
732 2623 779 2673 οἱ
817 2623 938 2682 ταῖς
965 2619 1265 2683 είδωλικαῖς
1297 2618 1506 2681 θυσίαις
1538 2617 1738 2688 μιαινό-

167 2730 345 2785 μενοι,
376 2713 501 2774 τοὺς
528 2712 619 2764 τὸν
651 2710 937 2780 ἁγγελικὸν
985 2709 1337 2782 αἱρουμένους
1370 2708 1480 2777 βίον
1515 2707 1740 2777 δεξάμε-

162 2823 271 2869 νοι,
296 2803 777 2874 εὐφρανθήσονται.
810 2803 879 2855 Ἢ
910 2801 1116 2873 βουνοῖς
1147 2801 1426 2865 ἀπεικάζει
1455 2802 1578 2864 τοὺς
1601 2799 1740 2852 κατά

163 2899 398 2968 καιροὺς
421 2896 526 2950 τῶν
545 2897 714 2964 ἁγίων
746 2894 1076 2966 Ἐκκλησιῶν
1103 2894 1454 2964 ἡγουμένους,
1480 2893 1572 2945 καὶ
1599 2890 1740 2943 λαῶν

1917 2433 2220 2495 Athanasii,
2274 2431 2482 2502 Cyrtlli.
2537 2432 2616 2486 Ad
2657 2432 2983 2486 intellectum
3023 2448 3191 2488 vero:
3224 2436 3404 2505 Appa-

1844 2537 1996 2582 rente
2040 2529 2128 2581 Dei
2180 2527 2506 2597 benignitate
2536 2566 2550 2589 .
2597 2541 2717 2594 qua:
2768 2525 2894 2579 olim
2942 2526 3156 2581 deserta
3211 2527 3405 2594 fuerat,

1845 2623 2079 2676 fructum
2114 2616 2268 2680 feret,
2303 2626 2356 2671 et
2386 2617 2551 2671 colles
2592 2616 2855 2669 idolorum
2885 2615 3167 2670 sacrificiis
3195 2619 3406 2687 pollat.,

1846 2713 2199 2781 suscipientes
2242 2724 2337 2762 eos
2377 2709 2468 2778 qui
2517 2710 2814 2778 angelicam
2858 2709 3023 2762 vitam
3086 2715 3361 2767 sectantur
3388 2754 3403 2774 .

1846 2804 2212 2861 exsultabunt.
2255 2800 2350 2855 V'el
2399 2811 2544 2855 certe
2587 2801 2819 2855 collibus
2868 2804 3133 2858 assimilat
3164 2820 3278 2868 eos,
3311 2809 3405 2874 qui

1847 2896 2130 2966 quibusvis
2153 2895 2484 2963 temporibus
2505 2902 2816 2948 sanctarum
2843 2891 3207 2948 Ecclesiarum
3238 2897 3407 2952 duces

166 2990 600 3063 προεστηκότας,
621 2989 738 3058 ἦτοι
759 2988 1021 3057 ποιμένας
1048 2986 1517 3049 καὶδιδασκάλους.
1539 2985 1708 3037 Ὥσπε
1718 3001 1745 3054 ρ

1849 2997 2008 3050 sunt,
2062 3000 2126 3040 ac
2179 2985 2499 3059 populorum
2551 2983 2849 3054 praesides,
2907 2985 3018 3038 sive
3058 2997 3304 3054 pastores
3355 3000 3410 3044 ot

166 3080 279 3150 γὰρ
309 3078 408 3146 τῆς
435 3076 599 3146 ἄλλης
625 3076 842 3146 ἀπάσης
871 3075 974 3144 γῆς
999 3075 1393 3147 ὑπερανέχουσι
1422 3076 1489 3128 τά
1521 3076 1621 3146 ὅρη
1652 3075 1743 3127 καὶ

166 3171 218 3223 οἱ
247 3168 456 3240 βουνοί·
493 3168 582 3220 τὸν
604 3167 761 3221 αὑτὸν
794 3167 994 3238 τρόπον
1018 3167 1110 3220 καὶ
1136 3169 1168 3238 ἡ
1194 3166 1301 3218 τῶν
1340 3167 1508 3233 ἁγίων
1536 3183 1738 3236 μυστα-

167 3260 368 3328 γωγῶν
396 3259 520 3323 ἀξία
549 3258 855 3331 ὑψηλοτέρα
898 3258 1005 3311 τῶν
1056 3257 1228 3314 ἄλλων
1255 3257 1420 3310 ἐστίν.
1450 3249 1606 3309 Οὗτοι
1649 3257 1741 3310 καὶ

167 3350 496 3420 ἀγαλλίασιν
519 3351 962 3422 περιζὼννυνται,
984 3349 1228 3405 τουτέστι
1258 3349 1355 3420 τὴν
1381 3347 1474 3402 τοῦ
1504 3349 1744 3421 πνεύμα-

168 3459 262 3508 τος
299 3442 660 3514 παράκλησιν.

1848 3079 2113 3132 όοειοιιες.
2163 3074 2628 3140 Quemadmodum
2684 3076 2827 3132 enim
2886 3088 3094 3131 montes
3146 3087 3199 3132 et
3243 3079 3410 3132 colles

1847 3177 2068 3221 caateras
2092 3179 2279 3218 onmes
2310 3173 2464 3216 terrae
2486 3173 2666 3232 partes
2694 3163 2978 3218 altitudine
2998 3164 3289 3232 excedunt,
3336 3167 3408 3222 ita

1845 3261 2007 3314 etiam
2071 3257 2228 3310 altior
2291 3265 2375 3311 est
2434 3254 2668 3325 dignitas
2728 3265 3040 3310 sanctorum
3081 3256 3407 3322 doctorum,

1849 3363 2012 3417 quam
2062 3348 2292 3401 aliorum
2339 3346 2639 3400 hominum.
2689 3345 2754 3399 Et
2792 3345 2844 3399 hi
2899 3349 3254 3403 exsultatione
3301 3350 3408 3403 cir-

1848 3438 2284 3508 cumcinguntur,
2321 3436 2425 3491 hoc
2449 3446 2533 3490 est
2555 3436 2925 3491 consolatione
2947 3439 3192 3507 spiritus.

900 3577 1128 3631 Rursum
1159 3579 1214 3631 in
1247 3578 1399 3631 verba
1425 3579 1566 3631 ista:
1610 3595 1628 3627 r
1667 3573 1736 3628 Et
1766 3575 1923 3630 valles
1958 3573 2295 3628 abundabunt
2323 3573 2607 3643 frumento.
2639 3596 2656 3626 ι

247 3695 578 3763 Γρηψρίου
631 3695 924 3763 Θεολότου
970 3695 1067 3749 καὶ
1103 3695 1480 3751 Ἀθανασίου.
1541 3697 1604 3748 Ai
1642 3694 1740 3767 μὲν

167 3789 274 3856 τῆς
306 3788 408 3858 γῆς
437 3788 526 3840 τὸν
557 3787 809 3856 αἰσθητὸν
843 3788 937 3841 καὶ
991 3790 1284 3860 ἐφήμερον
1316 3792 1371 3843 αἱ
1407 3790 1462 3843 δὲ
1500 3791 1606 3843 τῶν
1637 3790 1741 3860 ψυ-

1919 3692 2156 3764 Gregorii
2189 3689 2454 3761 Theologi,
2481 3703 2528 3745 et
2568 3691 2868 3746 Athanasii.
2915 3689 3220 3745 Terrestrcs
3248 3693 3411 3745 nimi-

1848 3803 1967 3841 rum
2003 3786 2190 3850 valles,
2227 3785 2482 3839 sensibile
2516 3784 2859 3852 diariumque
2910 3783 3238 3836 frumentum
3291 3783 3410 3838 fun-

171 3881 288 3952 χῶν
313 3878 420 3932 τῶν
453 3877 632 3942 καλῶς
679 3879 756 3949 τῷ
813 3879 954 3950 λόγῳ
981 3881 1403 3951 γεωργουμένων
1450 3881 1541 3936 τὸν
1589 3899 1745 3936 πνευ-

1849 3881 2014 3943 dent;
2047 3879 2244 3933 animte
2271 3893 2397 3932 vero
2429 3892 2614 3930 eorum
2650 3877 2744 3946 qui
2778 3877 3034 3946 prteclare
3073 3877 3236 3931 verbo
3277 3877 3408 3932 culti

175 3970 408 4042 ματικὸν
436 3971 530 4022 καὶ
557 3967 791 4024 αἰώνιον.
827 3971 891 4023 Αἱ
940 3971 1048 4042 γὰρ
1090 3972 1276 4037 πάλαι,
1313 3973 1494 4042 φησὶν,
1526 3973 1746 4044 ἀπορώ-

166 4077 335 4114 ταται
365 4060 459 4112 καὶ
489 4059 670 4127 ἄγονοι
694 4057 801 4112 τῶν
828 4059 994 4113 ὲθνῶν
1018 4061 1188 4134 ψυχαὶ
1237 4063 1589 4134 πνευματικῷ
1613 4080 1749 4137 καρ-

172 4151 267 4220 τεῷ
301 4151 510 4204 ἔσονται
537 4149 778 4223 πλήρεις.

1852 3979 1997 4029 sunt.
2045 3969 2326 4038 spirituale
2359 3970 2489 4023 illud
2524 3981 2686 4039 atque
2719 3979 2999 4025 aeternum.
3053 3968 3409 4025 Ethnicorum

1852 4064 1996 4117 enim
2033 4064 2245 4126 animae,
2286 4064 2480 4133 inquit,
2527 4079 2648 4133 quae
2677 4064 2803 4117 olim
2854 4064 3216 4136 egentissima:
3253 4076 3411 4121 erant

1844 4166 2004 4224 atque
2033 4153 2354 4219 infecunda,
2385 4153 2562 4208 fructu
2598 4153 2862 4224 spirituali
2893 4154 3263 4208 abundabunt.

1122 4286 1190 4341 Et
1217 4289 1269 4340 in
1299 4288 1452 4342 verba
1477 4288 1687 4355 ultima,
1723 4286 2040 4342 Theodoreto
2071 4287 2428 4359 subjungitur.

263 4397 637 4466 Ἀθανάσιος.
707 4398 918 4464 ’Δπλῶς
957 4401 1035 4454 δέ·
1100 4400 1390 4464 Ἅπαντες,
1455 4402 1638 4473 φησὶν,
1694 4402 1740 4454 οἱ

1916 4399 2260 4454 Athanasius.
2319 4399 2646 4470 Simpliciter
2697 4418 2828 4458 vero
2872 4422 2884 4457 :
2921 4403 3154 4468 Omnes,
3211 4404 3404 4475 inquit.

171 4489 570 4560 προλεχθέντες
618 4493 713 4545 τὶν
769 4491 919 4563 πάσῃ
954 4492 1227 4565 προθυμία
1268 4493 1358 4546 τὸν
1399 4492 1528 4545 Θεὸν
1569 4495 1742 4564 ἀνυμ-

171 4590 423 4658 νήσουσι,
455 4587 554 4658 τὴν
604 4586 860 4660 τοιαύτην
889 4587 1188 4660 μεταϐολὴν
1217 4590 1281 4659 τῇ
1309 4587 1416 4642 τῶν
1445 4587 1745 4660 ἀνθρώπων

169 4677 563 4749 δωρησάμενον
595 4677 776 4747 φύσει.

1848 4494 2089 4563 praedicti
2143 4508 2268 4548 cum
2319 4493 2468 4548 omni
2541 4494 2817 4549 alacritate
2871 4497 3166 4551 laudabunt
3219 4497 3405 4562 Deum,

1846 4585 1941 4654 qui
1996 4587 2156 4639 talem
2210 4585 2662 4656 permutationem
2730 4599 2937 4642 natura:
2994 4589 3276 4644 hominum
3308 4591 3408 4646 do-

1842 4678 2009 4732 navit.

711 4817 773 4873 In
799 4819 989 4888 psalmi
1014 4835 1116 4874 va
1149 4836 1352 4874 versum
1385 4821 1636 4891 primum,
1662 4831 1776 4891 post
1805 4820 2110 4876 Theodoreti
2163 4823 2564 4892 explicationem
2610 4825 2862 4894 sequitur.

277 4933 648 4988 Ἆθανασίου.
706 4932 838 5005 (98)
895 4936 1049 4990 Κατά
1097 4935 1153 4989 δὲ
1219 4935 1492 5008 θεωρίαν,
1542 4937 1744 4991 ἀλαλα-

168 5025 318 5096 γμός
367 5025 517 5080 ἑστιν
582 5026 844 5091 ὲπινίκιος
893 5026 1059 5098 ὕμνος
1113 5027 1203 5084 ἐπὶ
1266 5030 1478 5100 ἐχθροῖς
1526 5048 1742 5084 πεπτω-

168 5119 330 5172 κόσιν
369 5117 644 5188 ᾁδόμενος.
697 5119 780 5182 Ὠς
824 5114 915 5174 οὖν
950 5121 1305 5193 ἀνῃρημένων
1332 5123 1438 5177 τῶν
1471 5123 1748 5194 ἀρχόντων

168 5207 270 5261 τοῦ
331 5207 524 5270 αἰῶνος
587 5207 774 5263 τούτου
832 5209 920 5263 διὰ
969 5213 1067 5280 τῆς
1118 5212 1350 5282 Χριστοῦ
1409 5216 1743 5284 παρουσίας,

169 5301 356 5354 πάντα
383 5298 452 5352 τὰ
504 5298 632 5370 ἔθνη
655 5301 782 5364 τοὺς
826 5301 1122 5365 ἐπινικίους
1171 5301 1370 5374 ὕμνους
1400 5305 1745 5375 ἀναπέμπειν

169 5391 612 5462 παρακελεύεται
657 5391 736 5463 τῷ
790 5393 888 5464 τῆς
942 5393 1095 5466 νίκης
1154 5395 1308 5469 αἰτίῳ
1361 5394 1478 5466 Θεῷ
1524 5399 1617 5451 καὶ
1667 5395 1743 5466 τῷ

165 5483 400 5552 ὀνόματι
445 5484 635 5550 αὑτοῦ,
681 5485 922 5539 τουτέστι
980 5487 1057 5555 τῷ
1116 5487 1247 5558 Υἱῷ.

243 5655 363 5729 (θῖ)
395 5657 520 5715 Ιιεευ
550 5662 801 5729 superius
828 5679 928 5718 suo
963 5661 1086 5718 loco
1114 5664 1402 5719 habentur.

1920 4936 2220 4991 Athanasii.
2261 4940 2330 4993 At
2356 4938 2652 4994 secundum
2689 4939 2933 4994 altiorem
2964 4938 3405 5011 intelligentiam:

1847 5028 2100 5098 jubilatio
2128 5040 2211 5085 est
2251 5030 2509 5101 hymnus,
2554 5031 2646 5100 qui
2679 5040 2932 5085 cantatur
2963 5040 3182 5100 propter
3225 5032 3410 5089 hostes

1851 5122 2111 5176 devictos.
2163 5121 2300 5188 Quia
2357 5121 2518 5193 igitur
2553 5124 2823 5193 principes
2874 5124 3058 5177 saeculi
3106 5123 3268 5195 hujus
3317 5139 3412 5194 per

1852 5214 2052 5269 Christi
2096 5216 2433 5284 prasentiam
2507 5215 2704 5271 sublati
2773 5226 2900 5269 sunt
2947 5234 2959 5270 :
3007 5215 3206 5272 idcirco
3258 5216 3414 5285 jubet

1853 5321 2043 5360 omnes
2074 5317 2280 5376 gentes,
2310 5315 2369 5360 ut
2398 5306 2585 5360 laudes
2625 5306 2977 5375 triumphales
3010 5305 3117 5361 Deo
3160 5304 3410 5374 oil'erant,

1856 5406 1913 5449 ut
1954 5397 2044 5466 qui
2079 5412 2243 5452 causa
2283 5395 2445 5452 fuerit
2478 5397 2713 5452 victoriae
2742 5414 2756 5463 ;
2793 5408 2846 5452 et
2879 5398 3083 5452 nomini
3117 5397 3236 5467 ejus
3260 5436 3274 5460 ,
3310 5397 3413 5454 hoc

1857 5497 1938 5544 est
1962 5488 2115 5544 Filio.
2165 5487 2298 5544 Nam
2323 5489 2774 5561 quemadmodum
2800 5505 2899 5545 nos
2915 5504 2978 5544 ex
3005 5488 3218 5544 nomine
3241 5488 3414 5560 ipsius

243 5726 356 5792 (98)
403 5729 528 5787 Hzec
560 5726 826 5789 habentur
869 5735 1118 5799 superius
1144 5753 1245 5792 suo
1292 5737 1429 5802 loco,
1591 5735 1864 5802 pauciora-
