4058 6506
657 416 762 471 583

1501 416 1557 469 S.
1599 415 1968 472 ATHANASII
2008 414 2150 473 OPP.
2205 419 2383 477 PARS
2423 372 2619 475 lll.‘—
2662 422 3074 481 EXEGETICA.

3796 442 3886 499 584

657 535 1079 605 cognoscimur,
1130 537 1211 592 sic
1278 539 1625 609 cognoscitur
1672 540 1835 593 etiam
1904 538 2062 595 Pater
2132 558 2212 612 pet

2298 598 2300 604 ν
2340 544 2425 608 Ὠς
2457 545 2562 616 γὰρ
2591 548 2752 615 ἡμεῖς
2777 547 2862 599 δια
2895 548 2984 600 τοῦ
3014 550 3276 620 ὀνόματος
3316 554 3479 607 αὑτοῦ
3507 559 3881 630 γνωριζόμεθαι

654 627 876 686 Filium.

2330 635 2471 689 οὕτω
2495 639 2588 691 καὶ
2613 641 2639 692 ὀ
2670 640 2856 710 Πατὴρ
2887 640 2974 692 διὰ
2995 641 3088 693 τοῦ
3122 643 3269 700 Υἱοῦ.

1222 789 1453 843 Rursum
1483 790 1533 842 in
1559 802 1851 860 sequentem
1883 807 2084 846 versum
2113 792 2168 845 Ξ.
2201 790 2461 849 Praecedit
2509 795 2757 849 similiter
2798 794 3150 855 Tlteodoretus
3178 802 3314 872 (99).

724 913 977 984 Cyrinus,
1022 910 1366 963 Atnanast‘us.
1416 909 1484 963 At
1531 909 1617 963 hic
1660 911 1878 980 quidem
1930 910 2215 967 verborum

651 1024 844 1063 sensus
892 1016 975 1060 est
1026 1004 1339 1059 historicus.
1410 1004 1478 1056 At
1529 1006 1827 1058 secundum
1883 1004 2217 1074 spiritualem

650 1101 1049 1169 acceptionem,
1088 1097 1241 1151 valde
1274 1097 1561 1151 metuenda
1598 1108 1726 1153 sunt
1773 1098 1975 1152 Christi
2029 1113 2214 1167 Opera,

648 1192 763 1249 sive
795 1191 975 1245 divina
1010 1190 1128 1259 ejus
1160 1189 1443 1253 miracula,
1478 1202 1531 1243 et
1560 1190 1705 1260 quod
1736 1190 1803 1245 de
1836 1190 2015 1244 medio
2044 1191 2213 1244 nostri

646 1284 866 1339 sustulit
934 1282 1273 1351 impurorum
1326 1282 1718 1337 daemoniorum
1782 1284 2206 1337 multitudinem.

643 1375 931 1431 Multitudo
961 1386 1137 1429 autem
1183 1386 1235 1430 et
1287 1375 1613 1429 abundantia
1648 1377 1919 1445 potentiae,
1970 1389 2212 1428 resurre-

643 1470 752 1527 ctio
784 1470 952 1539 ipsius
976 1480 1059 1525 est
1087 1484 1101 1522 :
1133 1485 1253 1540 qua!
1287 1470 1503 1539 quidem
1555 1471 1821 1524 subvertit
1861 1471 2025 1523 robur
2066 1484 2213 1523 mor-

646 1563 717 1619 tis
747 1582 761 1629 ;
793 1565 1065 1618 revocavit
1091 1580 1219 1617 vero
1264 1565 1329 1617 ad
1383 1563 1846 1633 incorruptionem
1901 1564 2207 1616 universam

645 1656 885 1711 hominis
920 1667 1190 1710 naturam.
1226 1657 1361 1722 Quia
1394 1667 1570 1711 autem
1609 1655 1800 1721 Judaei,
1837 1672 1958 1709 eum
1996 1666 2209 1722 specta-

646 1755 794 1804 tores
842 1758 1025 1804 esseut
1081 1751 1473 1804 miraculorum
1534 1749 1781 1811 Christi,
1831 1748 1922 1803 ubi
1990 1758 2208 1816 stupere

647 1839 949 1909 oportebat,
978 1840 1079 1909 ipsi
1111 1856 1300 1893 eorum
1335 1849 1611 1894 auctorem
1639 1840 2112 1898 calutnniabautur
2145 1854 2207 1892 ac

2369 912 2681 979 Κύριλλες,
2702 914 3073 980 Ἀθονιὶστος.
3093 917 3199 970 Καὶ
3216 917 3357 971 οὕτω
3375 920 3473 989 μὲν
3492 921 3623 991 πρὸς
3643 925 3875 995 ἱστορίαν

2318 1003 2453 1073 πρὸς
2469 1004 2525 1056 δὲ
2540 1006 2909 1076 πνευματικὴν
2936 1006 3161 1079 ἕκληψιν
3190 1009 3310 1063 λίαν
3324 1011 3606 1085 φοϐερὰτὰ
3624 1014 3757 1085 ἔργα
3775 1018 3867 1086 Χρι

2320 1096 2467 1158 στοῦ,
2501 1098 2671 1148 εἴτουν
2697 1100 2749 1150 αἱ
2782 1099 3117 1169 θεοσημεῖαι,
3143 1105 3236 1154 καὶ
3265 1104 3346 1166 τὸ,
3379 1104 3625 1157 ἐκποδὼν
3650 1107 3880 1175 γενέσθαι

2314 1187 2423 1238 τῶν
2449 1188 2769 1258 ἀκαθάρτων
2788 1190 3057 1260 δαιμόνων
3074 1192 3139 1244 τά
3163 1192 3363 1264 πλήθη.
3385 1195 3593 1266 Πλῆθος
3619 1197 3673 1249 δὲ
3691 1199 3781 1250 καὶ
3796 1214 3879 1249 πε-

2321 1282 2530 1352 ριουσία
2558 1281 2838 1352 δυνάμεως
2866 1285 2897 1354 ἡ
2924 1285 3217 1349 ἀνάστασις
3240 1287 3425 1350 αὐτοῦ,
3446 1292 3881 1361 καταστρέψουσσ

2319 1374 2417 1443 μὲν
2446 1372 2536 1424 τοῦ
2569 1372 2797 1426 θανάτου
2833 1375 2893 1426 τὸ
2925 1376 3142 1447 κράτος,
3188 1378 3405 1431 ἃπασαν
3437 1381 3490 1432 δὲ
3540 1383 3642 1452 τὴν
3687 1382 3879 1446 ἀνθρὼ-

2316 1484 2417 1519 που
2446 1466 2604 1536 φύσιν
2652 1469 2731 1530 είς
2787 1468 3095 1539 ἀφθαρσίαν
3150 1472 3593 1536 ἁνακαινίζουσα.
3651 1476 3799 1528 Ἐπεὶ
3832 1477 3881 1530 δὲ

2328 1557 2588 1621 Ἰουδαῖοι,
2619 1557 2726 1610 τῶν
2747 1560 2982 1629 Χριστοῦ
3016 1560 3308 1631 θαυμάτων
3368 1564 3646 1633 γενόμενοι
3678 1564 3880 1638 θεωροὶ,

2314 1649 2431 1703 δέον
2456 1651 2871 1722 ἐκπλήττεσθαι,
2897 1652 2987 1704 τὸν
3016 1655 3379 1726 τερατουργὸν
3410 1656 3768 1719 ὲνδιέϐαλλον,
3798 1661 3883 1711 καὶ

2322 1744 2519 1796 πλάνον
2542 1743 2789 1805 ἐκάλουν,
2817 1744 3221 1815 ὲπιπλήττωνό
3250 1746 3464 1813 ψάλλων
3494 1748 3647 1816 φησί·
3674 1749 3880 1800 Παιὶσα⁹

2317 1841 2429 1903 σθε,
2461 1841 2648 1913 εἴπατε
2678 1839 2735 1891 δὲ
2793 1838 2989 1909 μᾶλλον
3038 1837 3208 1908 αὐτῷ,
3258 1839 3339 1890 ὅτι
3388 1838 3597 1910 Φοϐερὰ
3633 1841 3705 1894 τά
3755 1842 3882 1913 ἔργα

638 1929 992 2000 impostorem
1028 1932 1312 1996 vocabant,
1362 1932 1564 1987 idcirco
1602 1932 1898 2003 objurgans
1937 1947 2030 1985 eos
2063 1930 2207 1985 Psal-

2309 1947 2424 1987 σου.
2462 1927 2596 1984 Εἶτα
2624 1932 2744 1983 ἐπεὶ
2771 1928 3126 1992 ἀπειθοῦντας
3155 1929 3321 2003 ἐώρα,
3351 1932 3508 2000 ἀφεὶς
3534 1931 3593 1983 τὸ
3629 1934 3764 2003 πρὸς
3795 1936 3882 1986 αῦ-

636 2032 720 2078 tes
754 2023 831 2077 ait
860 2044 871 2077 :
904 2023 1175 2090 Desistite,
1207 2043 1270 2081 ac
1304 2027 1482 2094 potius
1523 2027 1687 2080 dicite
1727 2028 1828 2095 ipsi
1857 2044 1869 2079 :
1899 2024 2201 2080 Tremenda

635 2123 763 2169 sunt
788 2131 951 2185 opera
983 2127 1094 2172 tua.
1134 2117 1355 2183 Deinde,
1396 2120 1655 2189 quoniam
1707 2118 1926 2173 videbat
1968 2133 2063 2172 eos
2100 2117 2202 2172 sibi

630 2221 842 2260 morem
887 2223 995 2261 non
1041 2224 1262 2279 gerere,
1319 2224 1511 2263 averso
1560 2211 1629 2267 ab
1671 2210 1803 2279 ipsis
1839 2225 2092 2264 sermone
2135 2210 2202 2264 ad

631 2297 911 2352 Christum
940 2299 1230 2355 calumniis
1267 2302 1569 2371 impetitum
1607 2318 1662 2357 se
1690 2303 1953 2357 convertit
1976 2304 2197 2358 dicens:

632 2388 799 2445 Multa
828 2399 909 2446 est
939 2395 1175 2462 potentia
1223 2403 1333 2456 tua,
1372 2406 1858 2463 quantumcunque
1906 2396 2089 2448 hostes
2121 2394 2199 2447 tui

628 2483 695 2537 de
733 2492 785 2537 te
831 2486 1037 2539 mentiti
1079 2486 1217 2550 sint,
1269 2498 1459 2554 sponte
1507 2502 1603 2540 sua
1644 2488 1833 2540 oculos
1880 2487 2196 2540 claudentes

628 2577 693 2630 ad
742 2578 987 2632 divinum
1037 2588 1193 2633 tuum
1241 2579 1423 2633 lumen
1464 2579 1607 2649 quod
1660 2580 1862 2633 mundo
1908 2582 2193 2649 apparuit,

626 2669 762 2723 adeo
791 2680 849 2723 ut
885 2685 952 2724 ne
998 2671 1215 2738 quidem
1260 2672 1619 2740 praecellentia
1672 2674 2062 2726 miraculorum
2100 2688 2196 2727 eos

624 2759 691 2812 ad
756 2759 1115 2815 obedientiam
1188 2778 1501 2832 permovere
1543 2764 1799 2833 potuerit.
1865 2762 2000 2817 Nam
2066 2780 2192 2818 eum

624 2850 888 2908 Dominus
945 2863 1129 2908 noster
1195 2856 1539 2913 multitudine
1598 2858 1853 2925 potentiae
1915 2873 2067 2911 suam
2124 2876 2190 2914 ex

2312 2026 2434 2090 τοὺς
2462 2024 2823 2091 διαλέγεσθαι,
2859 2023 2936 2094 τῷ
2962 2025 3446 2095 συκοφαντουμένῳ
3476 2026 3699 2096 Χριστῷ
3722 2044 3880 2096 προσ-

2311 2119 2489 2188 ομιλεί
2520 2157 2535 2181 ,
2589 2118 2783 2186 λέγων’
2850 2116 3023 2186 Πολλὴ
3073 2134 3166 2170 σου
3223 2119 3255 2186 ἡ
3313 2116 3562 2187 δύναμις,
3622 2120 3672 2169 εἰ
3721 2120 3881 2171 καίοί

2305 2210 2487 2281 ἐχθροί
2515 2226 2607 2262 σου
2631 2208 2923 2278 ὲψεύσαντό
2954 2225 3033 2271 σε,
3059 2208 3321 2271 ἑκουσίως
3353 2208 3488 2280 πρὸς
3524 2208 3584 2261 τὸ
3614 2210 3782 2277 φανὲν
3810 2211 3882 2281 τῷ

2306 2304 2494 2373 κόσμῳ
2522 2303 2662 2354 θεῖόν
2698 2318 2789 2353 σου
2826 2300 2940 2369 φῶς
2970 2301 3258 2370 μύσαντες,
3310 2299 3405 2353 καὶ
3449 2301 3581 2371 μηδὲ
3608 2301 3719 2354 τῶν
3756 2303 3881 2355 θαυ-

2306 2396 2492 2465 μάτων
2521 2396 2616 2465 τῆς
2661 2393 2963 2463 ὑπερϐολῆς
2990 2396 3437 2463 παρενεγκοῦσης
3490 2393 3687 2455 αὐτοὺς
3714 2395 3792 2455 εἰς
3828 2395 3881 2446 τὸ

2302 2488 2602 2542 πείθεσθαι.
2634 2487 2831 2557 Πλήθει
2878 2486 2985 2557 γὰρ
3013 2485 3290 2556 δυνάμεως
3322 2486 3415 2539 τοῦ
3475 2487 3704 2557 Κυρίου.
3731 2486 3883 2556 ἡμῶν

2304 2582 2684 2644 ἐκτελέσαντος
2706 2580 2803 2651 τὴν
2822 2579 3027 2633 οἰκείαν
3061 2579 3124 2631 ὲκ
3155 2578 3363 2649 νεκρῶν
3419 2579 3719 2632 ἀνάστασιν
3748 2578 3881 2632 κατὰ

2302 2674 2363 2728 τὸ
2416 2673 2752 2745 ἀνθρώπινον
2781 2711 2794 2737 ,
2855 2673 2903 2723 oi
2975 2671 3157 2741 ἐχθροὶ
3209 2670 3372 2724 αὐτοῦ
3437 2671 3679 2741 Ἑϐραῖοι
3728 2672 3880 2738 ἐψευ-

2304 2783 2463 2818 σαντο
2529 2764 2723 2818 αὐτόν·
2789 2762 3095 2826 τουτέστιν,
3168 2760 3504 2814 ἐνδιέϐαλλον
3579 2762 3683 2832 τὴν
3753 2763 3881 2815 ανά-

2302 2876 2509 2911 στασιν.

623 2948 855 3003 mortuis
904 2948 1091 3019 (quod
1139 2950 1205 3003 ad
1277 2950 1572 3003 humanam
1642 2961 1893 3006 naturam
1963 2956 2196 3023 attinet,
2250 2952 2715 3011 resurrectionem
2793 2945 3145 3018 perfecisset,
3220 2946 3623 3002 mentiebantur
3705 2947 3775 3003 de
3820 2962 3883 3005 eo

622 3037 832 3095 Hebraei
886 3040 1072 3096 hostes
1106 3041 1225 3110 ejus
1258 3061 1273 3097 :
1315 3042 1417 3100 hoc
1445 3052 1531 3099 est
1579 3045 2049 3103 caluntuiabantur
2084 3050 2202 3120 ejus
2233 3045 2711 3103 resurrectionem.

1699 3177 1767 3234 Et
1802 3180 1856 3233 in
1880 3197 2081 3235 versum
2107 3183 2345 3251 proxime
2369 3180 2714 3234 colterenlem
2744 3175 2776 3230 4

690 3294 1035 3357 Athanasius,
1063 3290 1319 3362 Cyrillus,
1365 3292 1645 3364 Gregorius
1690 3292 1984 3364 Nyssenus.
2022 3295 2190 3361 Licet,
2221 3304 2262 3360 C

617 3385 814 3457 inquit,
860 3382 1032 3437 Judaei
1081 3389 1136 3437 te
1169 3384 1412 3454 negaturi
1464 3387 1594 3448 sint,
1650 3386 1971 3455 subjicietur
2004 3395 2190 3442 tamen

615 3478 713 3533 tibi
745 3491 845 3547 pro
880 3476 1015 3546 ipsis
1049 3483 1103 3529 et
1125 3476 1375 3530 adorabit
1409 3488 1460 3531 te
1494 3477 1673 3532 omnis
1719 3487 1883 3541 terra,
1915 3480 2028 3534 sive
2061 3496 2190 3548 geu-

616 3581 697 3625 tes
736 3585 858 3638 qua:
884 3568 1266 3623 inhabitabant
1304 3577 1524 3623 terram.
1553 3567 1739 3640 Neque
1777 3571 1921 3625 enim
1951 3573 2187 3642 amplius

613 3660 861 3715 adoratio
910 3659 1001 3714 tiet
1029 3658 1423 3730 Jerosolymis:
1456 3674 1579 3715 cum
1608 3659 1720 3730 jam
1768 3660 1955 3731 legalis
1992 3663 2184 3716 umbra

614 3755 913 3810 cessaverit
936 3754 1235 3809 secundum
1262 3752 1395 3807 illud
1421 3772 1434 3808 :
1470 3753 1780 3807 Adorabunt
1804 3771 1922 3807 eum
1965 3757 2184 3823 quisque

613 3862 678 3901 ea:
707 3846 822 3901 loco
850 3864 946 3902 suo
968 3847 1035 3911 “,
1070 3854 1124 3901 et
1152 3846 1398 3900 adoratio
1425 3846 1537 3916 jam
1567 3846 1660 3899 ﬁat
1691 3847 1743 3899 in
1770 3846 1964 3915 spiritu
2014 3858 2067 3900 et
2092 3862 2185 3900 ve-

611 3939 793 4001 ritate,
825 3952 890 3991 eo
917 3935 1063 4007 quod
1107 3936 1463 4004 congruentia
1510 3945 1844 4005 peraguntur
1890 3934 2182 4005 Opera'Dei

608 4028 941 4097 adoratioui,
985 4028 1157 4099 ipsius
1205 4028 1570 4099 appellatione
1612 4028 1721 4083 illis
1766 4028 2037 4098 imposita.
2071 4030 2179 4083 Ista

606 4135 796 4192 porro,
853 4120 1136 4191 praedictio
1178 4129 1307 4175 sunt
1349 4119 1633 4191 praesentis
1678 4120 1843 4189 hujus
1891 4122 2176 4191 temporis,

606 4228 718 4284 quo
748 4214 800 4268 in
832 4213 1086 4268 omnibus
1114 4213 1363 4284 gentibus
1390 4214 1766 4267 universorum
1791 4215 1933 4268 Deus
1964 4214 2179 4284 hymnis

606 4307 932 4372 celebratur,
964 4323 1029 4361 ac
1064 4305 1329 4361 Dominus
1377 4316 1562 4360 noster
1591 4304 1750 4362 Jesus
1791 4305 2066 4373 Christus,
2101 4306 2177 4361 al-

606 4399 855 4456 tissimus
870 4399 939 4455 ab
968 4398 1223 4454 omnibus
1252 4406 1501 4454 vocatur.

2370 3295 2448 3366 (1)
2483 3292 2858 3357 Ἀθανάσιος,
2899 3290 3215 3357 Κύριλλος,
3250 3289 3575 3358 Γρηγόριος
3600 3291 3881 3360 Νύσσης.

2296 3388 2358 3440 Et
2401 3388 2494 3438 καὶ
2535 3384 2795 3449 Ἰουδαῖοι,
2829 3382 3014 3453 φησὶν,
3041 3379 3364 3452 ἁρνήσονταί
3396 3398 3477 3442 σε,
3510 3383 3626 3434 ἀντ’
3657 3382 3885 3438 ἐκείνων

2294 3476 2717 3548 ὑποκλιθήσεταί
2754 3492 2833 3528 σοι
2868 3475 2961 3527 καὶ
2984 3474 3353 3544 προσκυνήσει
3380 3474 3532 3525 πᾶσα
3560 3475 3593 3544 ἡ
3631 3474 3733 3543 γῆ.
3767 3475 3882 3544 ἦτοι

2292 3571 2358 3625 τά
2387 3570 2512 3641 ἔθνη
2549 3569 2616 3621 τά
2645 3566 3002 3621 κατοικοῦντα
3043 3567 3142 3636 τὴν
3166 3566 3287 3637 γῆν.
3315 3566 3512 3619 υὺκέτι
3543 3566 3655 3636 γὰρ
3684 3570 3745 3619 ἐν
3791 3567 3884 3619 Ἱε-

2292 3663 2573 3736 ρουσαλὴμ
2601 3664 2635 3733 ἡ
2665 3661 3053 3732 προσκύνησις,
3080 3659 3180 3729 τῆς
3227 3657 3458 3729 νομικῆς
3512 3659 3883 3729 παυσαμένης

2290 3758 2467 3820 σκιᾶς,
2504 3756 2643 3808 κατὰ
2668 3754 2749 3806 τό⁶
2799 3751 3351 3821 Προσκυνήσυυσιν
3403 3748 3567 3814 αὐτῷ
3618 3750 3883 3816 ἕκαστος

2285 3849 2353 3902 ἐκ
2380 3848 2483 3901 τοῦ
2519 3847 2705 3899 τόπου
2739 3844 2946 3909 αὐτοῦ,
2975 3844 3066 3896 καὶ
3096 3843 3219 3913 τῆς
3258 3845 3686 3913 προσκυνήσεως
3720 3860 3880 3911 γενο-

2289 3940 2456 4010 μένης
2478 3939 2533 3991 ἐν
2563 3938 2829 4008 πνεύματι
2860 3936 2952 3989 καὶ
2985 3934 3230 4005 ἀληθεία,
3292 3932 3647 4005 καταλλήλων
3698 3934 3882 4006 ἔργων

2284 4033 2580 4101 γινομένων
2603 4032 2667 4101 τῇ
2704 4029 3068 4100 προσκυνήσει
3093 4025 3250 4080 Θεοῦ.
3278 4025 3378 4095 τῆς
3404 4024 3570 4078 αὑτοῦ
3600 4042 3881 4097 προσ-ητα·

2290 4125 2409 4196 ρίας
2438 4122 2826 4193 ὲπικληῦείσης
2863 4120 3063 4182 αὐτοῖς.
3101 4119 3415 4189 Πρόρῤησις
3461 4117 3519 4170 δὲ
3570 4117 3755 4172 ταῦτα
3784 4118 3877 4171 τοῦ

2290 4215 2551 4285 παρόντος
2575 4212 2786 4283 καιροῦ,
2816 4210 2933 4263 καθ’
2961 4210 3017 4263 ὃν
3047 4210 3103 4261 ἐν
3134 4209 3305 4262 ἅπασι
3332 4211 3443 4271 τοῖς
3474 4207 3689 4261 ἔθνεσιν
3713 4212 3746 4262 ό
3771 4209 3879 4263 τῶν

2288 4308 2424 4361 ὅλων
2448 4307 2695 4375 ὑμνεῖται
2713 4304 2864 4367 Θεὸς,
2892 4303 2989 4357 καὶ⁹
3017 4305 3045 4356 ὁ
3074 4302 3348 4370 Δεσπότης
3375 4300 3612 4371 Χριστὸς
3648 4300 3879 4359 ὕψιστα·

2288 4397 2438 4469 παρὰ
2465 4396 2682 4450 πάντων
2711 4396 2976 4449 καλεῖται.

1301 4535 1530 4590 Rursum
1557 4538 1611 4590 in
1637 4535 1739 4588 ista
1770 4535 1921 4591 verba
1947 4552 1966 4589 :
2000 4555 2020 4587 ι
2070 4533 2250 4591 Venite
2271 4548 2319 4591 et
2356 4536 2523 4589 videte
2550 4552 2706 4606 opera
2740 4532 2856 4595 Dei,
2892 4551 2908 4582 ι
2942 4541 3062 4597 etc.,
3100 4531 3154 4585 5.

671 4650 1015 4706 Athanasius.
1069 4649 1280 4707 ludueit
1316 4653 1405 4707 hic
1451 4655 1822 4723 apostolorum
1876 4669 2168 4724 personam
2202 4656 2248 4711 ι)

599 4745 695 4811 qui
723 4744 956 4799 doceant
982 4753 1189 4815 gentes,
1219 4744 1365 4816 quod
1401 4744 1503 4802 iste
1528 4746 1618 4816 qui
1656 4747 1708 4799 in
1740 4749 2027 4811 praasentia
2070 4761 2169 4801 sua

599 4837 899 4894 secundum
956 4852 1176 4891 carnem
1228 4838 1409 4893 divina
1462 4837 1553 4892 illa
1609 4839 1865 4894 miracula
1913 4848 2171 4908 operatus

597 4938 703 4993 est,
736 4931 852 4999 ipse
882 4928 1022 4983 idem
1056 4928 1146 4992 sit,
1180 4927 1274 4996 qui
1299 4928 1429 4981 olim
1462 4942 1611 4982 mare
1638 4925 1882 4983 Rubrum
1920 4928 2163 4994 arefecit,

596 5027 652 5074 et
675 5017 927 5072 Jordanis
953 5017 1154 5073 ﬂuenta
1178 5017 1383 5082 divisit,
1414 5018 1550 5073 adeo
1585 5027 1644 5072 ut
1672 5020 1802 5088 pede
1825 5035 1950 5073 eum
1984 5018 2167 5073 Israe-

596 5111 707 5167 lita:
756 5110 1068 5165 transirent.
1125 5110 1302 5181 Inquit
1352 5110 1552 5179 igitur:
1603 5110 1933 5182 Cognoscite
1971 5111 2159 5165 animo

594 5213 759 5274 atque
791 5202 1070 5273 intelligite
1100 5218 1166 5257 ex
1192 5202 1425 5273 singulis
1452 5218 1573 5271 qua:
1595 5221 1622 5256 ιι
1659 5203 1803 5257 bono
1834 5202 1943 5257 Deo
1970 5201 2158 5257 eﬂ'ecta

594 5303 741 5361 sunt,
776 5309 939 5363 quam
979 5295 1024 5348 is
1054 5294 1124 5348 sit
1150 5296 1203 5347 in
1235 5294 1483 5349 consiliis
1528 5295 1642 5349 suis
1687 5294 2156 5365 incomprehensi-

592 5386 757 5442 bilis:
804 5386 1149 5441 admiremiui
1195 5388 1356 5441 etiam
1397 5386 1721 5443 ineﬂ‘abilem
1772 5388 1891 5457 ejus
1939 5388 2162 5457 sapien-

592 5477 743 5545 tiam,
774 5495 871 5549 per
903 5495 1067 5550 quam
1105 5479 1403 5534 humanum
1442 5496 1611 5553 genus
1660 5482 1904 5551 perducit
1948 5480 2015 5535 ad
2044 5481 2156 5549 pie-

656 5656 707 5688 “
731 5654 970 5723 Sophon.
1004 5673 1065 5720 ιι,
1095 5657 1146 5711 3.

656 5788 922 5863 (99)_Haec
950 5792 1219 5848 habentur
1249 5795 1494 5863 superius
1522 5796 1585 5849 ad
1622 5797 1766 5852 hunc
1793 5810 2035 5853 versum.

658 5864 732 5931 (l)
768 5861 891 5917 Haec
919 5866 1171 5931 superius
1208 5870 1271 5922 ad
1318 5861 1377 5921 ht

2349 4651 2425 4723 (2)
2481 4650 2856 4715 Ἀθανάσιος.
2889 4647 3011 4701 Τῶν
3046 4646 3360 4701 ἀποστόλων
3382 4640 3623 4701 ἐνταῦθα
3657 4649 3872 4718 εἰσάγει

2278 4746 2339 4799 τὸ
2372 4745 2681 4817 πρόσωπον,
2701 4742 3058 4796 διδασκόντων
3090 4739 3160 4793 τὰ
3186 4740 3332 4811 ἔθνη,
3350 4741 3425 4804 ὡς
3448 4740 3557 4813 ἄρα
3570 4734 3734 4807 οὗτος
3762 4745 3791 4796 ό
3815 4746 3874 4797 ἐν

2278 4842 2344 4910 τῇ
2372 4837 2510 4892 κατὰ
2546 4837 2721 4908 σάρκα
2752 4836 3022 4908 παρουσίᾳ
3058 4833 3157 4899 τὰς
3192 4833 3516 4904 θεοσημείας
3553 4835 3875 4907 ἐργαζόμε-

2277 4948 2386 4994 νος,
2420 4929 2579 4995 αὑτός
2608 4932 2753 4981 ἐστιν
2809 4931 2837 4982 ὁ
2886 4928 3054 4982 πάλαι
3108 4927 3206 4999 τὴν
3275 4925 3543 4997 Ἐρυθρὰν
3585 4928 3875 4984 θάλασσαν

2278 5023 2539 5095 ξηράνας,
2587 5022 2680 5075 καὶ
2716 5021 2819 5093 μὴν
2869 5021 2965 5075 καὶ
3019 5021 3111 5074 τοῦ
3156 5019 3421 5091 Ἰορδάνου
3467 5021 3762 5093 ἀνακύψας
3805 5022 3876 5077 τὰ

2279 5115 2548 5187 ῥεύματα,
2592 5115 2667 5177 ὡς
2722 5115 2845 5167 ποδὶ
2880 5112 3166 5185 παρελθεῖν
3228 5112 3352 5175 τοὺς
3406 5114 3556 5176 υἱοὺς
3619 5115 3871 5186 Ἰσραήλ.

2274 5208 2441 5277 Φησὶν
2470 5203 2581 5261 οὖν*
2624 5205 2984 5277 Ἑπιστήσατε
3039 5204 3130 5257 τὸν
3166 5205 3290 5257 νοῦν
3344 5204 3439 5258 καὶ
3481 5209 3872 5279 κατανοήσατε

2272 5297 2380 5349 τῶν
2411 5297 2514 5349 ὑπὸ
2542 5295 2632 5349 τοῦ
2665 5296 2867 5365 ἀγαθοῦ
2903 5295 3037 5349 Θεοῦ
3073 5296 3375 5366 γινομένων
3406 5295 3679 5361 ἑκάστων,
3715 5299 3874 5363 ὅπως

2271 5390 2415 5456 ἐστὶν
2450 5392 2505 5441 ἐν
2534 5389 2744 5459 βουλαῖς
2797 5389 3199 5457 ἀκατάληπτος’
3231 5389 3324 5442 καὶ
3362 5390 3460 5458 τὴν
3494 5390 3745 5461 ἄρρητον
3773 5394 3874 5446 αὑ-

2268 5482 2360 5534 τοῦ
2390 5483 2579 5551 σοφίαν
2604 5482 2941 5552 θαυμάσατε,
2974 5481 3039 5534 δι⁶
3061 5475 3127 5553 ἧς
3151 5482 3211 5535 τὸ
3236 5482 3344 5535 τῶν
3372 5481 3685 5554 ἀνθρώπων
3706 5484 3871 5555 γένος

2332 5794 2407 5864 (2)
2450 5795 2570 5853 Περ
2600 5813 2785 5868 supra.
2818 5799 2908 5854 sed
2940 5797 3208 5852 breviora.
