4058 6456
199 360 303 416 585

1165 362 1589 418 FRAGMENTA
1627 358 1976 417 COMMENT.
2019 356 2082 411 1N
2126 351 2468 411 PSALMOS.

3310 333 3414 391 586

201 479 423 549 ποδηγεῖ
456 479 588 550 rapo;
642 479 940 533 εὐσέϐειαν.
974 480 1232 552 Φοδεραῖς
1266 479 1372 551 γὰρ
1407 483 1499 532 κάκ
1551 479 1761 546 θαυμα-

1885 482 2048 528 atcm.
2085 468 2404 524 'l'remendis
2435 477 2669 532 namque
2700 469 2754 515 et
2784 455 3115 514 admirandis
3153 449 3419 507 machinis

200 573 350 632 σταῖς
392 573 661 641 μηχαναῖς
699 572 838 643 ὑπὲρ
863 572 960 640 τῆς
989 572 1094 625 τῶν
1147 571 1444 642 ἀνθρώπων
1497 572 1760 640 κέχρηται

201 660 488 730 σωτηρίας.

1870 582 2000 622 usus
2027 575 2108 620 νει
2135 571 2354 634 propter
2383 558 2660 614 hominum
2693 554 2941 609 salutem.

1095 752 1159 806 In
1190 753 1340 805 verba
1367 751 1594 819 ejusdem
1622 765 1637 803 :
1669 769 1687 799 ι
1731 748 1811 801 Ibi
1849 744 2164 808 lmtabinmr,
2201 761 2218 792 ι
2255 749 2378 802 etc.,
2410 754 2456 789 υ.
2487 735 2540 788 6.

274 867 560 922 Prarmissa
589 869 937 936 explicatione
957 884 1021 921 ea:
1051 868 1392 928 Theodoreto.
1417 866 1764 937 sequitnr('5).

1940 861 2240 914 Athanasii.
2294 855 2396 910 Sed
2432 854 2494 908 ad
2532 851 2860 906 intellectum
2889 864 2902 899 :
2927 843 3040 898 lllic
3079 837 3421 911 regi-abimus

214 959 588 1013 Ἀθανασίου.
626 931 769 1031 ῐῖρδς
802 960 856 1013 δὲ
891 959 1033 1014 νοῦν·
1079 961 1223 1013 Ἐκεῖ
1265 961 1361 1013 σὺν
1419 931 1636 1028 Χριστῷ
1677 931 1772 1027 βά-

1885 970 1993 1011 :qu
2024 953 2264 1015 Christo,
2312 963 2434 1003 cum
2466 959 2607 1000 novo
2639 944 2728 997 ille
2775 938 2972 995 saecqu
3020 931 3322 1004 imperabit,
3369 932 3424 1030 et

203 1050 541 1120 σιλεύσομεν,
578 1051 736 1122 ἡνίκα
764 1051 858 1104 τοῦ
910 1052 1030 1104 νέου
1065 1052 1256 1113 αἰῶνος
1291 1049 1616 1122 βασιλεύσει,
1675 1049 1769 1102 καὶ

1885 1046 2177 1101 mtabimur
2207 1056 2370 1111 super
2400 1039 2538 1108 ipso.
2589 1032 2917 1088 Laatahimur
2953 1041 3077 1081 vero
3126 1026 3179 1079 in
3213 1037 3298 1088 eo,
3329 1026 3424 1090 qui

202 1142 686 1214 εὐφρανθησόμεθα
712 1145 796 1197 ἐπ’
820 1143 986 1213 αὐτῷ.
1041 1141 1454 1213 Εὗςρραινόμεθα
1499 1141 1557 1193 δὲ
1589 1142 1645 1192 ἐν
1693 1139 1770 1210 τῷ

1885 1154 1992 1208 pne
2020 1134 2252 1190 tliﬂicilia
2281 1141 2457 1194 erant,
2491 1130 2624 1184 levia
2653 1124 2904 1181 reddidit.

202 1236 487 1306 ποιήσαντι
517 1234 584 1287 τὰ
609 1235 838 1306 δυσχερῆ
873 1235 1046 1306 ῥᾴδια.

1337 1323 1592 1379 Similiter
1614 1325 1665 1375 in
1690 1335 1892 1376 versum
1921 1323 2216 1386 sequentem
2245 1311 2294 1367 7.

288 1418 647 1486 Ἆθανὰσιος,
703 1421 1009 1486 Εὐσέϐιος.
1065 1421 1220 1474 Κατά
1295 1421 1351 1473 δὲ
1404 1418 1772 1490 πνευματικὴν

203 1511 429 1583 ἐκδοχὴν
453 1512 758 1583 ὀφθαλμοὺς
789 1511 923 1565 Θεοῦ
968 1513 1091 1576 τοὺς
1133 1512 1456 1574 ἀποστόλους
1487 1513 1769 1580 νοήσομενο

203 1603 740 1676 παραπικραίνοντας
773 1604 829 1657 δέ
858 1606 982 1663 τοὺς
1011 1605 1315 1666 Ἰουδαίους,
1342 1602 1431 1667 οὓς
1464 1603 1558 1655 καὶ
1578 1604 1625 1654 οἱ
1649 1618 1774 1672 προ-

202 1696 370 1766 φῆται
414 1691 560 1748 οἷκον
622 1695 846 1750 ἐκάλουν
899 1694 1422 1766 παραπικραίνοντα.
1486 1692 1580 1755 Τίς
1640 1692 1770 1762 γὰρ,

203 1789 390 1859 φησὶν,
431 1789 460 1840 6
490 1787 942 1859 παραπικραίνων
972 1787 1140 1858 ἀλλ’ἢ
1173 1787 1205 1838 ὁ
1229 1782 1375 1848 οἶκος
1418 1784 1632 1856 Ἰσραήλ
1652 1801 1667 1849 ;
1687 1782 1775 1853 Τῷ

202 1879 338 1948 γοῦν
365 1878 769 1951 παραπτώματι
801 1879 894 1932 τοῦ
951 1878 1164 1949 Ἰσραὴλ
1189 1878 1281 1930 ἐπὶ
1311 1876 1380 1930 τά
1409 1875 1535 1946 ἔθνη
1570 1876 1778 1929 ἐπεῖδεν

201 1973 235 2025 6
264 1971 485 2043 Κύριος.
521 1971 676 2025 Ὅθεν
705 1972 777 2042 μὴ
804 1970 1154 2039 ύψούσθωσαν
1179 1973 1226 2023 οἱ
1257 1968 1490 2032 ἀσεϐεῖς,
1517 1968 1590 2031 ὡς
1623 1967 1780 2021 δυνά-

207 2081 362 2135 μενοι
385 2063 644 2116 ἀπολέσαι
672 2064 796 2123 τοὺς
827 2062 904 2134 τῷ
946 2062 1258 2133 Εὐαγγελίῳ
1292 2061 1775 2133 προσερχομένους

201 2155 346 2210 ἀλλὰ
375 2156 496 2226 μηδ’
528 2157 556 2208 ὁ
588 2155 896 2226 ὑπερόπτης
927 2155 1073 2218 λαὸς,
1110 2156 1276 2226 ἡγουν
1308 2155 1336 2206 ὁ
1375 2153 1611 2224 Ἰσραὴλ,
1638 2153 1777 2223 μέγα

203 2249 494 2318 φρονείτω,
522 2248 655 2319 μηδὲ
702 2247 844 2302 κατὰ
867 2247 966 2317 τῆς
1002 2247 1109 2300 τῶν
1156 2245 1324 2299 ἐθνῶν
1378 2245 1612 2315 πληθύος
1643 2245 1780 2316 ὑψη-

203 2342 306 2414 λὴν
338 2343 608 2414 ἐπαιρέτω
649 2343 744 2415 τὴν
787 2343 976 2415 ὀφρύν.
1017 2344 1108 2416 Μὴ
1158 2345 1360 2413 λεγέτω
1415 2343 1533 2397 καθ’
1566 2342 1775 2396 έαυτόνο

219 2433 365 2504 Ἐγὼ
396 2434 594 2502 γέγονα
651 2436 988 2506 πρωτότοκος
1025 2439 1080 2489 ἐν
1111 2437 1319 2500 τέκνοις
1362 2436 1517 2490 Θεοῦ·
1565 2435 1696 2488 ἴστω
1723 2435 1779 2488 δὲ

209 2527 433 2598 μᾶλλον,
457 2527 537 2579 ὅτι
561 2544 699 2598 παρε
713 2527 936 2598 πίκρανε
967 2528 1055 2579 τὸν
1085 2529 1362 2582 κτίσαντα.
1406 2529 1496 2581 Διὸ
1526 2529 1618 2580 καὶ
1647 2545 1774 2597 μετ-

205 2617 439 2690 έστησεν
471 2618 563 2672 ἀπ’
603 2619 766 2672 αὐτοῦ
805 2619 902 2690 τὴν
936 2621 1256 2691 ἐπισκοπήν.

1947 1413 2292 1476 Athanasius,
2327 1407 2604 1464 Eusebius.
2661 1405 2715 1459 Si
2763 1418 2889 1458 vero
2921 1398 3269 1470 spiritualiter
3315 1394 3430 1449 haec

1874 1506 2251 1576 accipiantur,
2307 1502 2498 1557 oculos
2545 1499 2636 1554 Dei
2698 1495 2971 1566 apostolos
3014 1492 3118 1546 dici
3165 1488 3432 1558 intellige-

1875 1614 1999 1654 mus
2026 1616 2037 1649 :
2065 1594 2450 1651 exaeerbantes
2479 1605 2625 1655 vero,
2655 1587 2893 1651 Iudaeos,
2929 1600 3068 1656 quos
3094 1583 3256 1637 etiam
3304 1595 3429 1650 pro-

1879 1691 2058 1762 pheta:
2084 1687 2583 1742 vocaruntdomum
2614 1679 3020 1738 exacerbantem
3042 1679 3102 1732 ⁵⁸.
3130 1676 3261 1742 Quis
3287 1675 3429 1730 enim

1877 1789 1982 1846 est,
2005 1781 2078 1834 ait
2111 1777 2271 1842 Deus,
2295 1778 2385 1846 qui
2413 1791 2500 1830 me
2523 1773 2827 1837 exacerbat,
2864 1770 2968 1825 nisi
3002 1769 3195 1824 domus
3235 1765 3434 1822 Israel?

1881 1868 2018 1924 Cum
2052 1867 2215 1937 igitur
2242 1864 2408 1919 Israel
2433 1863 2743 1924 excidisset,
2775 1860 3009 1929 respexit
3039 1858 3183 1912 Deus
3214 1856 3281 1910 ari
3307 1870 3434 1923 gen-

1879 1967 1981 2014 tes.
2029 1956 2297 2024 Quocirca
2355 1969 2462 2008 non
2512 1961 2594 2006 est
2645 1967 2742 2006 cur
2799 1966 2918 2006 sese
2968 1948 3119 2018 impii
3161 1946 3432 2017 jactilent,

1880 2051 2037 2122 quasi
2063 2052 2155 2120 qui
2202 2047 2565 2103 exterminare
2613 2043 2827 2114 possint
2855 2057 2949 2096 eos
3003 2043 3095 2112 qui
3144 2038 3435 2110 Evangelia

1881 2140 2186 2196 accedunt:
2217 2138 2326 2191 imo
2364 2151 2472 2189 non
2519 2143 2622 2198 est,
2659 2141 2716 2187 ut
2768 2129 3034 2201 superbus
3069 2130 3156 2183 ille
3187 2128 3435 2198 populus,

1882 2231 2136 2287 Israelem
2170 2230 2312 2292 dico,
2345 2228 2516 2282 altum
2571 2226 2766 2296 sapiat,
2813 2238 2988 2293 neque
3025 2223 3184 2276 etiam
3237 2220 3436 2274 clatum

1886 2325 2039 2380 tollat
2084 2321 2434 2392 supercilium
2482 2327 2672 2372 contra
2720 2315 2962 2386 gentium
3015 2311 3436 2368 multitudinem.

1885 2415 1962 2470 Ne
1986 2415 2128 2470 dicat
2158 2414 2297 2484 apud
2327 2413 2564 2482 seipsum
2592 2428 2605 2464 :
2637 2409 2748 2478 Ego
2775 2424 2893 2463 sum
2928 2406 3316 2476 primogenitus
3358 2404 3440 2458 in—

1886 2517 1966 2562 ter
1997 2507 2136 2562 filios
2182 2506 2298 2570 Dei,
2339 2505 2470 2576 quin
2501 2503 2683 2574 potius
2731 2503 2867 2556 sciat
2909 2500 3054 2570 quod
3099 2495 3442 2552 exacerbavit

1883 2599 2194 2653 Creatorem
2245 2613 2426 2652 suum.
2471 2595 2832 2661 Quamobrem
2881 2591 3044 2646 etiam
3087 2590 3174 2644 hic
3219 2589 3284 2642 ad
3315 2602 3440 2643 eum

1881 2690 2152 2759 respicere
2181 2689 2396 2744 desinit.

1326 2807 1526 2862 Eadem
1550 2809 1750 2861 ratione
1777 2809 1828 2861 iu
1859 2807 2012 2862 verba
2037 2808 2324 2879 sequentia.

293 2903 653 2970 Ἆθανάσιος.
701 2903 842 2975 Πρὸς
884 2904 941 2956 δέ
989 2901 1112 2955 νοῦν
1169 2904 1218 2955 οἱ
1269 2904 1556 2957 ἀπόστολοι
1585 2909 1696 2968 τοῖς
1725 2904 1783 2967 ἐξ

207 2992 380 3046 ἐθνῶν
409 3009 588 3060 φασιν·
609 2993 773 3044 Ὅταν
798 2992 1064 3062 ἀκούσητε
1092 2993 1217 3062 παρ’
1236 2995 1268 3062 ἡ
1278 2992 1414 3062 μῶν,
1441 2993 1559 3046 τίνα
1583 2994 1782 3067 τρόπον

209 3085 481 3156 προσήκει
531 3083 850 3150 δοξολογεῖν,
900 3083 1021 3136 τότε
1072 3083 1186 3153 μεθ’
1223 3084 1378 3154 ἡμῶν
1430 3085 1779 3156 εύλογήσατε,

207 3177 311 3230 οὐκ
337 3175 416 3228 ἔτι
442 3176 565 3237 τοὺς
583 3174 965 3246 ψευδωνύμους
991 3174 1165 3238 θεοὺς,
1193 3176 1327 3230 ἀλλὰ
1358 3177 1448 3229 τὸν
1473 3176 1602 3229 Θεὸν
1631 3177 1784 3248 ἡμῶν

207 3267 302 3322 τὸν
326 3269 424 3338 τῆς
444 3266 585 3338 ζωῆς
607 3267 825 3339 δοτῆρα.
873 3268 992 3340 Ζωὴ
1021 3267 1128 3340 γὰρ
1165 3265 1231 3339 ἦν
1264 3271 1295 3339 ἠ
1326 3269 1417 3322 τοῦ
1463 3271 1784 3342 παραδείσου

207 3360 415 3432 τρυφὴ,
451 3361 508 3412 ἐν
540 3354 583 3428 ᾧ
606 3360 757 3414 ἔθετο
793 3363 820 3414 6
846 3360 977 3425 Θεὸς
1015 3362 1106 3414 τὸν
1151 3361 1435 3432 ἄνθρωπον
1462 3363 1787 3434 ἐργάζεσθαι

207 3455 307 3510 καὶ
334 3452 625 3523 φυλάσσειν
659 3451 842 3504 αὐτόν.

1954 2906 2297 2959 Athanasius.
2357 2901 2667 2958 Secundum
2721 2909 2954 2955 mentem
3005 2913 3156 2963 vero,
3211 2895 3445 2968 apostoli

1883 2996 1962 3051 sic
1985 2997 2336 3066 alloquuntur
2366 2997 2591 3066 gentiles
2624 3014 2637 3050 :
2671 2991 2772 3049 Ubi
2823 2991 3102 3048 audieritis
3147 3007 3211 3046 ex
3267 2987 3442 3052 nobis,

1811 3118 1852 3174 ο
1887 3089 2163 3156 quomodo
2200 3086 2343 3141 Deus
2370 3088 2439 3141 sit
2469 3086 2721 3140 laudibus
2763 3085 3140 3149 celebrandus,
3171 3094 3301 3138 tunc
3328 3081 3446 3136 lau-

1886 3180 2008 3233 date
2043 3180 2350 3242 nobiscum,
2388 3195 2494 3232 non
2522 3177 2634 3246 jam
2683 3177 2916 3247 amplius
2967 3175 3103 3229 falso
3153 3174 3232 3229 sic
3273 3173 3448 3228 dictos

1888 3272 2040 3335 deos,
2088 3271 2180 3326 sed
2235 3270 2404 3325 Deum
2460 3281 2706 3326 nostrum
2767 3269 2892 3323 vita:
2941 3267 3271 3336 largitorem.
3331 3262 3451 3322 Vita

1892 3379 2128 3432 namque
2164 3371 2284 3417 erat
2335 3362 2572 3432 paradisi
2608 3363 2858 3432 voluptas
2902 3379 2915 3414 :
2951 3361 3006 3414 in
3060 3374 3169 3428 quo
3195 3365 3451 3428 posuerat

1893 3453 2036 3508 Deus
2067 3454 2364 3519 hominem,
2399 3463 2457 3508 ut
2481 3469 2606 3510 eum
2642 3455 2846 3509 coleret
2871 3460 3037 3522 atque
3063 3449 3376 3505 custodiret.

992 3567 1188 3621 Eodem
1217 3568 1368 3621 modo
1399 3570 1451 3622 in
1474 3570 1623 3623 verba
1645 3588 1662 3623 :
1699 3591 1717 3619 ε
1759 3573 2005 3624 Probasti
2033 3588 2145 3636 nos,
2179 3571 2339 3634 Deus,
2383 3590 2402 3623 ι
2438 3581 2561 3633 etc.,
2593 3586 2641 3625 υ.
2677 3571 2761 3622 10.

299 3662 679 3724 Ἀθανασὼυ,
730 3660 1054 3731 Κυρίλλου.
1084 3662 1156 3732 (4)
1217 3663 1359 3732 Πρὸς
1393 3663 1449 3716 δὲ
1506 3665 1631 3717 νοῦν
1690 3664 1789 3729 τὰς

212 3755 424 3825 θλίψεις
475 3754 572 3818 τὰς
623 3754 918 3825 γενομένας
958 3753 1046 3806 διὰ
1082 3753 1142 3807 τὸ
1191 3756 1448 3826 κήρυγμα
1500 3758 1612 3819 τοῖς
1650 3758 1785 3810 ἀπο-

212 3848 425 3911 στόλοις
451 3847 510 3900 τὺ
567 3844 787 3917 Πνεῦμα
819 3850 1218 3918 προαναφωνεῖ,
1274 3851 1337 3901 ἐκ
1366 3847 1656 3918 προσώπου
1689 3842 1787 3902 αὑ-

209 3941 325 3996 τῶν
354 3940 556 4001 ταύτας
586 3937 901 4006 καταλέγον.
933 3939 1141 4010 ’Ὥσπερ
1174 3939 1280 4012 γὰρ
1331 3942 1358 3994 6
1390 3940 1626 4011 ἄργυρος
1657 3941 1788 4012 πυρὶ

213 4033 520 4104 τηκόμενος
551 4027 607 4084 εὖ
638 4031 780 4101 μάλα
810 4030 1239 4102 διακαθαίρεται,
1272 4032 1413 4086 οὕτω
1447 4033 1541 4086 καὶ
1593 4035 1645 4086 αἱ
1679 4032 1788 4086 τῶν

213 4127 393 4196 ἁγίων
423 4124 593 4196 ψυχαὶ
619 4122 818 4187 παντὸς
844 4122 1271 4177 ἀπαλλάττονται
1304 4123 1495 4195 ῥύπου,
1530 4128 1650 4187 ταῖς
1686 4124 1793 4177 τῶν

214 4217 542 4290 πειρασμῶν
600 4216 806 4284 ἐφόδοις
849 4213 1277 4287 προσϐάλλουσαι
1306 4214 1587 4278 νεανικῶς.
1624 4217 1794 4288 Καὶὴ

214 4311 402 4366 αὐτῶν
432 4309 780 4381 εὐδοκίμησις
827 4308 916 4362 διὰ
940 4306 1232 4380 πυρώσεως
1253 4307 1480 4376 γίνεται,
1509 4308 1795 4379 δοκιμαζο-

219 4403 402 4476 μένων
430 4402 505 4464 ὼς
529 4399 616 4453 διὰ
641 4400 832 4472 πυρός.
865 4398 1080 4462 Ταύτας
1123 4397 1221 4461 τὰς
1264 4399 1446 4467 φωνάς
1480 4402 1590 4462 τοῖς
1620 4400 1797 4468 ἁγίοις

1962 3668 2263 3732 Athanasii,
2295 3665 2506 3736 Cyrillt'.
2557 3665 2626 3718 At
2672 3678 2800 3718 vero
2832 3663 2897 3718 ad
2931 3663 3284 3726 intellectum,
3320 3677 3456 3731 pra!-

1895 3760 2025 3815 dicit
2052 3760 2284 3829 Spiritus
2316 3768 2536 3814 sanctus
2587 3759 2921 3811 calamitates
2964 3754 3223 3825 apostolis
3255 3755 3454 3808 obven-

1895 3864 2046 3909 turas
2085 3866 2304 3925 propter
2331 3855 2767 3923 praedicationem
2798 3851 3094 3921 Evangelii,
3127 3863 3457 3904 enumerans

1893 3959 1987 3998 eas
2018 3944 2071 3996 in
2105 3942 2476 4012 apostolorum
2521 3957 2773 4010 persima.
2807 3937 3272 4005 Quemadmodum
3312 3936 3455 3990 enim

1897 4043 2182 4103 argentum
2215 4032 2337 4102 igne
2361 4031 2709 4102 liquefactum
2738 4032 2939 4099 Optime
2969 4037 3347 4099 perpurgatur,
3378 4028 3459 4082 sic

1897 4125 2058 4178 etiam
2117 4134 2427 4180 sanctorum
2501 4124 2695 4178 animae
2755 4122 3110 4176 tentatiouum
3169 4119 3459 4175 insultibus

1899 4225 2120 4271 strenue
2162 4217 2497 4281 resistentes,
2545 4217 2612 4270 ab
2637 4215 2891 4270 omnibus
2925 4215 3256 4268 mundantur
3284 4212 3461 4267 sordi-

1897 4307 2020 4362 bus.
2055 4307 2254 4362 Earum
2289 4317 2466 4362 autem
2489 4309 2738 4378 probatio
2765 4323 2861 4377 per
2887 4305 3319 4361 combustionem
3349 4303 3460 4359 επὶ-

1899 4401 2077 4455 citur:
2115 4416 2239 4454 nam
2270 4416 2362 4470 per
2394 4401 2569 4470 ignem
2608 4400 2927 4470 probantur.
2960 4397 3068 4454 Has
3093 4413 3253 4468 porro
3305 4412 3461 4452 voces

219 4497 496 4568 μάρτυσιν
530 4495 558 4547 6
595 4492 802 4555 Παῦλος
822 4492 1154 4563 ἀνατίθησιν.
1201 4490 1360 4542 Ἀλλὰ
1389 4492 1482 4546 καὶ
1507 4494 1554 4544 οἱ
1580 4491 1664 4544 διὰ
1695 4508 1782 4544 πυ-

1901 4491 2068 4547 refert
2089 4493 2247 4548 divus
2263 4492 2465 4547 Paulus
2495 4494 2558 4547 ad
2589 4503 2807 4548 sanctos
2836 4500 3118 4561 martyres.
3141 4488 3460 4557 Quanquam

220 4589 319 4661 ρὺς
343 4589 436 4641 καὶ
469 4587 656 4646 ὓδατος
683 4585 776 4638 τοῦ
810 4585 1020 4650 ζέοντος
1049 4583 1242 4655 θυμοῦ,
1289 4585 1383 4636 καὶ
1415 4584 1514 4653 τῆς
1542 4585 1795 4654 διακεχυ-

221 4682 397 4753 μένης
453 4679 644 4750 ἡδονῆς
702 4679 796 4730 καὶ
855 4675 1144 4746 ἐπιθυμίας
1191 4674 1514 4738 διελθόντες,
1573 4675 1666 4728 καὶ
1720 4675 1794 4746 μὴ

219 4772 678 4839 ἐναπομείναντες
706 4768 914 4832 τούτοις
940 4771 1052 4832 τοῖς
1079 4767 1325 4833 πάθεσιν,
1357 4768 1670 4839 εὑρίσκουσι
1700 4768 1796 4837 τὴν

218 4863 512 4933 ἀνάψυξιν.

1903 4588 2064 4638 etiam
2116 4586 2152 4639 ii
2205 4585 2548 4656 refrigerium
2607 4586 2892 4640 inveniunt
2914 4583 3002 4653 qni
3045 4599 3137 4653 per
3188 4583 3364 4651 ignem
3410 4591 3463 4635 ct

1903 4692 2100 4747 aquam
2143 4677 2404 4732 ferventis
2439 4679 2550 4743 iras,
2584 4693 2647 4733 ac
2676 4677 2993 4731 dill’usarum
3029 4674 3363 4744 voluptatum
3400 4687 3465 4726 ac

1903 4770 2265 4839 cupiditatum
2309 4778 2710 4840 pertranseunt,
2757 4768 2802 4823 si
2843 4771 2896 4821 in
2950 4765 3254 4822 istiusmodi
3297 4762 3464 4817 animi

1907 4863 2256 4931 passionibus
2281 4878 2386 4917 non
2419 4861 2838 4932 permanserint.

993 4977 1127 5032 Item
1157 4981 1210 5031 in
1240 4978 1426 5032 verba:
1454 4997 1471 5030 ι
1508 4976 1745 5031 Intruibo
1777 4977 1832 5030 in
1863 4977 2077 5032 domum
2107 4987 2271 5043 tuam,
2309 4996 2326 5028 ι
2356 4987 2479 5043 etc.,
2517 4993 2564 5030 υ.
2605 4976 2689 5030 15.

299 5097 378 5169 (5)
421 5093 789 5160 ’AOardo'toc.
825 5093 968 5166 Πρὸς
1030 5093 1153 5146 νοῦν
1181 5093 1343 5162 φασὶν
1392 5093 1440 5144 oi
1470 5091 1755 5145 ἀπόστολοι

1970 5093 2312 5147 Athanasius.
2369 5092 2448 5146 Ad
2500 5091 2830 5152 intellectum
2885 5103 3014 5142 vero
3051 5086 3418 5143 :lntrabirnus
3449 5126 3464 5148 ,

220 5187 659 5260 Είσελευσόμεθα
683 5189 761 5250 είς
789 5187 878 5240 τὸν
928 5186 1052 5240 ναὸν
1105 5187 1197 5238 τὸν
1246 5186 1567 5255 ἐπουράνιον
1598 5184 1695 5237 οὐκ
1743 5185 1782 5236 ὲκ

1901 5185 2155 5256 inquiunt
2200 5185 2461 5256 apostoli,
2518 5184 2569 5236 in
2621 5184 2840 5236 domum
2890 5179 3186 5238 emlestem,
3245 5189 3352 5229 non
3414 5174 3467 5227 in

221 5281 527 5351 αἰσθητοῖς,
583 5279 694 5333 ἀλλ’
728 5280 785 5332 ἐν
841 5281 1050 5350 νοητοῖς
1096 5277 1557 5348 ὁλοκαυτώμασιν.
1615 5274 1782 5328 Ὅλου.

1907 5280 2276 5343 sensibilibus,
2318 5278 2411 5333 sed
2444 5281 2498 5332 in
2533 5273 2962 5344 intelligibilibus
2992 5266 3465 5326 holocautomatis.

222 5377 339 5446 γὰρ
369 5372 592 5433 ἑαυτοὺς
650 5368 920 5440 ἀνέθηκαν
970 5367 1048 5438 τῷ
1091 5367 1210 5437 Θεῷ
1247 5370 1303 5422 ἐν
1329 5366 1477 5431 τάξει
1507 5366 1780 5420 ὁλοκαυτω

1909 5371 1979 5427 Se
2033 5386 2270 5441 namque
2325 5379 2490 5433 totos,
2547 5368 2719 5422 instar
2771 5365 3308 5423 holocautomatum,
3360 5356 3468 5410 Deo

227 5469 443 5539 μάτων.

1911 5473 2322 5521 consecrarunt.

301 5604 348 5634 ⁸³
372 5601 566 5656 Ezech.
605 5616 665 5665 ιι,
703 5600 737 5653 5
783 5608 838 5653 et
871 5612 1019 5666 seqq.

305 5717 388 5860 (5;
413 5715 537 5770 Hmc
569 5716 785 5786 paulum
817 5713 1028 5767 diversa
1062 5728 1249 5780 supra.
1983 5709 2059 5778 (5)
2091 5707 2212 5763 Haec
2245 5707 2516 5777 superius,
2552 5705 2645 5762 sed
2670 5703 2934 5758 breviora.

307 5793 363 5860 (ι
422 5786 543 5842 Hau:
574 5787 844 5856 superius,
879 5785 1095 5853 paulum
1131 5783 1365 5838 diversa.

307 5783 388 5860 (ι)
422 5786 543 5842 Hau:
570 5783 844 5856 superius,
879 5785 1095 5853 paulum
1131 5783 1365 5838 diversa.

557 5885 826 5942 PATnOL.
860 5882 977 5939 Gn.
1019 5880 1277 5939 XXVII.
3161 5859 3238 5921 19
