4058 6440
653 330 755 386 587

1527 334 1579 389 S.
1623 335 1985 390 ATHANASII
2027 335 2174 393 OI’P.
2217 338 2392 394 PARS
2429 341 2513 396 111.
2558 375 2621 384 --
2664 342 3067 402 EXEGETICA.

1971 448 2153 504 Adhuc
2183 452 2235 503 in
2267 457 2547 523 sequentia.

721 557 1058 624 Athanasius,
1107 559 1367 630 Cyrillus,
1413 562 1666 616 Basilius.
1731 563 1854 620 Haec
1909 577 1992 621 est
2043 568 2204 623 altior
2233 578 2275 633 Α

651 651 958 705 sententia:
999 650 1191 708 Omnia
1242 664 1369 707 sunt
1411 657 1732 724 spiritualia,
1779 668 1832 712 et
1891 659 2204 712 ltolocauto-

648 749 816 807 mata,
842 753 895 795 et
929 748 1112 806 boves,
1159 755 1210 798 et
1247 745 1403 811 hirci,
1433 763 1572 815 quos
1616 748 1923 802 oblaturum
1973 766 2029 802 se
2074 767 2200 818 pro-

647 833 834 888 mittit.
868 834 1208 889 Sacriﬁcium
1241 853 1457 906 quoque
1485 839 1709 893 oﬁ‘ertur
1761 855 1882 894 cum
1921 841 2202 896 arietibus.

649 923 786 980 Sunt
817 943 943 982 vero
990 930 1186 984 arietes
1237 941 1415 986 motus
1455 942 1615 1002 atque
1660 934 1893 1003 impetus
1925 936 2090 989 animi
2139 936 2206 990 ab

646 1019 909 1075 irascibili
937 1025 1053 1093 ejus
1101 1035 1248 1093 parte
1281 1027 1498 1081 excitati
1528 1046 1540 1080 :
1588 1038 1679 1082 aut
1715 1039 1860 1084 certe.
1907 1031 2200 1084 ratiocina-

645 1113 820 1169 tiones
860 1117 1101 1171 rcctrieis
1140 1120 1335 1174 animae
1375 1119 1667 1183 facultatis,
1719 1123 1998 1190 passiones
2044 1125 2198 1193 quasi

642 1207 901 1262 cornibus
938 1219 1180 1277 petentes
1213 1221 1266 1264 et
1299 1212 1696 1281 impugnantes.
1730 1213 1923 1268 Bovem
1959 1230 2084 1268 vero
2113 1233 2198 1268 sa-

640 1300 867 1366 criﬁcat,
903 1305 988 1371 qni
1022 1305 1261 1373 seipsum
1301 1303 1406 1358 Deo
1432 1305 1582 1358 oﬁert
1615 1307 1842 1360 hostiam
1878 1308 2072 1371 vivam,
2105 1324 2198 1376 per

642 1392 882 1446 actiones
913 1395 1186 1449 ltoztesms.
1235 1394 1406 1450 liabet
1453 1399 1596 1451 enim
1649 1397 1745 1455 hos
1785 1396 2194 1452 similitudinem

637 1484 926 1550 quamdam
971 1500 1094 1540 cum
1160 1503 1383 1556 corpore
1434 1504 1498 1542 ex
1548 1495 1688 1541 terra
1747 1487 2018 1550 formato,
2070 1505 2190 1542 cum

638 1581 793 1627 terra:
839 1576 1075 1631 colendae
1118 1578 1458 1632 adhibeatur.
1509 1577 1650 1632 Hirci
1697 1593 1820 1631 vero
1855 1589 1982 1632 sunt
2029 1596 2192 1648 Opera

2384 572 2744 638 ‘Aoardmoc,
2778 571 3098 640 Κύριλλος,
3128 574 3462 638 Βασίλειος.
3497 571 3637 642 Πρὸς
3670 572 3728 626 δὲ
3765 572 3879 627 διά.-

2305 679 2466 716 νοιαν’
2499 664 2846 732 Πνευματικά
2877 665 3050 716 πάντα
3079 665 3170 715 καὶ
3217 662 3284 716 τὰ
3311 662 3753 732 ὁλοκαυτώματα,
3781 665 3878 716 καὶ

2303 757 2350 807 οἱ
2393 756 2530 825 βόες,
2565 758 2653 809 καὶ
2674 759 2721 809 οί
2748 758 2988 826 χίμαροι,
3012 756 3103 820 οὒς
3136 755 3429 809 ἀποδώσειν
3459 755 3873 823 ἐπαγγέλλεται.

2308 847 2414 898 Καὶ
2457 847 2591 916 μετά
2622 847 2788 917 κριῶν
2817 848 2873 901 δὲ
2921 847 3200 919 προσφορά
3243 848 3466 916 γίνεται.
3493 847 3613 898 Εἰσὶ
3642 846 3698 897 δὲ
3731 847 3876 915 κριοὶ

2308 939 2544 1006 κινήσεις
2575 940 2665 992 καὶ
2691 939 2858 1009 ὁρμαὶ
2883 939 2988 991 ἀπὸ
3036 938 3128 991 τοῦ
3181 937 3410 1008 θυμικοῦ
3437 936 3534 1004 τῆς
3571 935 3748 1006 ψυχῆς
3777 937 3876 1002 τὴν

2306 1030 2478 1099 ὁρμὴν
2501 1029 2738 1099 ἔχουσαι,
2779 1031 2810 1102 ἢ
2849 1030 3095 1099 λογισμοὶ
3134 1031 3448 1100 ἡγεμονικοὶ
3486 1030 3554 1081 τὰ
3603 1027 3748 1095 πάθη
3784 1044 3877 1078 κε-

2304 1122 2632 1192 ρατίζοντες.
2665 1121 2800 1174 Βοῦν
2831 1121 2888 1174 δὲ
2937 1123 3212 1192 ίερουργεῖ
3265 1123 3291 1173 ὁ
3340 1119 3630 1190 προσάγων
3683 1117 3873 1170 θυσίαν

2301 1213 2477 1277 ζῶσαν
2506 1214 2694 1266 ἑαυτὸν
2723 1214 2809 1266 διά
2832 1213 3099 1284 πράξεως.
3141 1213 3416 1281 Ἀναλογεῖ
3439 1213 3545 1283 γὰρ
3577 1212 3654 1281 τῷ
3685 1213 3748 1262 ὲκ
3775 1211 3875 1278 τῆς

2299 1306 2398 1374 γῆς
2434 1306 2719 1358 πλασθέντι
2764 1305 2993 1375 σώματι,
3034 1306 3304 1373 γεωπόνον
3364 1306 3604 1376 ὑπάρχον
3641 1303 3702 1356 τὸ
3737 1303 3873 1365 ζῶον

2297 1399 2323 1450 ό
2355 1397 2500 1466 βοῦς.
2531 1399 2768 1468 Χίμαροι
2809 1397 2864 1450 δὲ
2899 1397 2967 1449 τὰ
3025 1397 3308 1468 μετανοίας
3339 1397 3494 1467 ἔργαο
3528 1396 3656 1466 περὶ
3688 1397 3869 1465 ἀμαρ-

2299 1489 2416 1552 τίας
2455 1490 2562 1561 γὰρ
2607 1491 3024 1561 προσεφέροντο.
3076 1490 3333 1560 Θυμίαμα
3360 1489 3416 1542 δὲ
3467 1487 3874 1558 ηὰποπνέουσα

2298 1581 2402 1634 τῶν
2440 1583 2691 1654 καθαρῶν
2723 1582 2907 1652 ψυχῶν
2944 1582 3158 1635 εὐωδία.

634 1667 1054 1737 resipiscentie:
1090 1673 1163 1726 illi
1205 1689 1438 1743 namque
1494 1689 1590 1743 pro
1639 1683 1854 1742 peccato
1907 1674 2287 1731 offerebantur.
2325 1675 2544 1732 Sumtus
2573 1691 2751 1733 autent
2793 1688 2875 1734 est
2913 1679 3091 1733 bonus
3121 1679 3253 1733 odor
3287 1692 3445 1748 quem
3480 1692 3628 1746 pura:
3678 1674 3873 1729 anima

630 1759 902 1816 exhalant.

1631 1857 1698 1913 Et
1721 1863 1774 1913 in
1801 1861 1996 1915 verba:
2032 1879 2048 1911 ι
2097 1859 2294 1926 Venite,
2325 1861 2525 1922 audite,
2565 1879 2582 1910 ι
2616 1870 2738 1922 etc.,
2785 1858 2868 1912 16.

702 1967 1040 2022 Athanasius.
1072 1970 1316 2041 Apostoli
1346 1972 1562 2042 quidem
1595 1987 1700 2026 non
1727 1987 1906 2027 rerum
1940 1972 2188 2042 antiqua-
2223 1983 2263 2036 ιι

633 2073 752 2111 rum
795 2073 1056 2114 renovant
1089 2062 1409 2116 memoriam
1441 2079 1453 2114 :
1489 2062 1581 2117 sed
1617 2062 1852 2117 recentia
1894 2061 2188 2116 Saluatoris

633 2153 800 2206 nostri
835 2154 1102 2208 mirantur
1151 2169 1337 2224 opera,
1370 2171 1489 2225 quae
1543 2155 1589 2212 is
1642 2157 1886 2210 omnium
1939 2166 2185 2210 nostrum

630 2245 915 2301 animabus
954 2246 1179 2316 largitus
1211 2259 1310 2302 est.

2373 1970 2734 2034 ‘Adardmoc.
2796 1971 2858 2022 Οἱ
2915 1968 3097 2039 μέντοι
3157 1965 3440 2020 ἀπόστολοι
3488 1966 3586 2018 οὐκ
3627 1965 3872 2037 ἀρχαίων

2293 2067 2642 2138 διηγημάτων
2671 2062 2947 2117 ποιοῦνται
2983 2062 3218 2132 μνήμην·
3255 2060 3388 2114 ἀλλά
3413 2059 3480 2113 τά
3509 2059 3604 2112 νέα
3628 2058 3725 2112 τοῦ
3766 2059 3872 2110 Σω-

2293 2158 2456 2230 τῆρος
2503 2157 2659 2227 ἡμῶν
2718 2153 3054 2226 θαυμάζουσι
3113 2151 3532 2223 κατορθώματα,
3593 2153 3696 2205 ὅσα
3749 2153 3870 2215 ταῖς

2292 2248 2543 2301 ἁπάντων
2573 2247 2726 2318 ἡμῶν
2754 2247 2949 2317 ψυχαῖς
2980 2243 3290 2316 ἐχαρίσατο.

1242 2365 1374 2419 Item
1401 2369 1451 2419 in
1477 2367 1613 2435 psal.
1639 2382 1784 2420 vatt
1816 2367 2006 2420 verba:
2041 2386 2057 2418 ι
2098 2365 2244 2421 Sicut
2268 2367 2442 2435 deﬁcit
2481 2366 2676 2434 fumus,
2708 2364 2976 2433 deﬁciant,
3016 2383 3033 2415 ι
3069 2375 3193 2430 etc.,
3226 2363 3275 2418 5.

699 2481 999 2535 Athanasii.
1039 2480 1356 2535 Peccatores
1382 2498 1506 2536 vero
1542 2482 1775 2537 fortasse
1802 2483 2060 2537 dicuntur
2086 2483 2188 2553 ipsn

627 2572 902 2627 demones
936 2572 1144 2642 peccati
1175 2573 1522 2628 inventores:
1578 2574 1671 2643 qui
1701 2575 1865 2628 etiam
1912 2584 1970 2627 ut
2006 2573 2189 2628 fumus

626 2663 906 2730 deﬁciunt,
945 2680 974 2718 a
1009 2674 1197 2720 sancto
1227 2663 1431 2734 Spiritu
1464 2667 1703 2722 submoti
1729 2683 1792 2722 ac
1818 2668 2050 2736 dispersi
2080 2684 2093 2720 :
2139 2676 2192 2720 et

624 2762 686 2808 ut
731 2770 854 2809 cera
898 2755 1181 2826 liqueﬁunt
1222 2759 1642 2812 suecumbeutes
1674 2760 1924 2812 adventui
1960 2759 2186 2824 Christi,

620 2847 715 2916 qui
748 2847 886 2917 ignis
917 2849 1117 2901 dicitur
1144 2863 1475 2902 consumens
1510 2850 1932 2917 improbitatem.
1964 2850 2039 2906 De
2079 2867 2186 2906 ca:-

622 2947 739 2992 tero
771 2939 982 2992 sublata
1025 2941 1331 2993 daemonum
1378 2942 1678 3010 tyrannide,
1709 2943 1802 3013 qui
1848 2959 1911 2996 ex
1965 2943 2068 2997 ﬁde
2097 2946 2185 3015 ju-

621 3030 836 3084 stiticati
863 3041 1007 3095 sunt,
1036 3031 1305 3086 laetantur.

2381 2483 2756 2537 Ἀθανασίου.
2793 2482 2942 2550 Τάχα
2963 2481 3017 2534 δὲ
3043 2478 3354 2551 ἁμαρτωλοὶ
3379 2482 3427 2535 οἱ
3461 2478 3559 2548 τῆς
3594 2479 3868 2551 ἁμαρτίας

2295 2575 2510 2646 εὑρεταὶ
2537 2575 2804 2644 δαίμονες·
2842 2575 2889 2626 οἳ
2923 2573 3014 2625 καὶ
3068 2573 3142 2635 ὼς
3173 2573 3376 2635 καπνὸς
3419 2571 3754 2636 ἐκλείπουσι,
3791 2575 3866 2642 τῳ

2294 2667 2431 2736 ἁγίῳ
2470 2665 2743 2735 Πνεῦματι
2777 2665 3117 2732 ἐλαυνόμενοι
3169 2665 3265 2718 καὶ
3305 2663 3740 2732 σκεδαννύμενοι·
3775 2664 3864 2716 καὶ

2291 2760 2365 2822 ὡς
2396 2761 2560 2828 κηρὸς
2617 2760 2872 2827 τήκονται
2923 2756 3280 2827 ὑπορρέοντες
3341 2758 3404 2826 τῇ
3437 2755 3730 2826 ἐπιφανείᾳ
3772 2755 3861 2808 τοῦ

2290 2849 2544 2921 Χριστοῦ,
2575 2849 2632 2913 ὃς
2667 2849 2776 2919 πῦρ
2824 2848 3037 2915 λεγεται
3097 2846 3485 2900 καταναλίσκον
3525 2846 3623 2916 τὴν
3661 2844 3862 2916 μοχθηο

2292 2941 2432 3012 ρίαν.
2483 2942 2588 2994 Kal
2617 2939 2797 2993 λοιπὸν
2820 2939 2867 2990 οἱ
2894 2938 3266 3000 δικαιωθέντες
3305 2939 3367 2990 ὲκ
3400 2936 3652 2999 πίστεως,
3697 2953 3861 2989 κατα-

2290 3032 2538 3102 λυθείσης
2591 3033 2687 3103 τῆς
2744 3030 3051 3102 τυραννίδος
3115 3030 3223 3084 τῶν
3279 3029 3577 3100 δαιμόνων,
3632 3029 3858 3100 εὐφραί-

2290 3142 2485 3177 νονται.

1284 3237 1419 3292 Item
1448 3241 1502 3292 in
1530 3239 1760 3306 ejusdem
1782 3241 1973 3308 psalmi
2001 3238 2187 3292 verba:
2233 3259 2249 3290 ι
2293 3238 2485 3295 Parate
2517 3244 2653 3294 viam
2678 3242 2746 3305 ei,
2777 3241 2885 3309 qui,
2927 3260 2944 3290 ι
2979 3249 3103 3302 etc.,
3136 3239 3186 3292 5.

687 3345 921 3410 Eusebii,
957 3347 1255 3402 Athanasii.
1280 3349 1343 3404 Et
1372 3351 1452 3405 sol
1474 3366 1689 3421 quoque
1720 3352 2048 3420 illcjustitiae
2071 3351 2182 3406 for-

2352 3357 2664 3418 Εὺσεϐίου,
2710 3353 3086 3408 Ἀθανασίοιο.
3140 3352 3248 3405 Kal
3296 3355 3324 3404 ό
3361 3351 3459 3421 τῆς
3511 3351 3858 3420 δικαιοσύνης

617 3451 761 3490 mam
792 3436 932 3490 servi
973 3439 1301 3507 suscipiens,
1334 3454 1397 3493 ac
1427 3441 1606 3494 radios
1635 3440 1848 3496 deitatis
1881 3457 1992 3496 sua:
2021 3443 2178 3512 quasi

617 3524 948 3592 subducens,
995 3526 1170 3597 deque
1219 3528 1358 3582 coelo
1404 3528 1762 3594 descendens,
1818 3530 1870 3582 in
1929 3544 2176 3598 corpore,

614 3617 726 3671 imo
760 3632 891 3671 vero
934 3618 1096 3672 etiam
1150 3617 1202 3671 in
1252 3619 1368 3686 ipsa
1407 3629 1605 3681 morte,
1658 3618 1877 3672 sustulit
1928 3619 2178 3672 tenebras

614 3707 900 3762 hominum
929 3707 1127 3762 animis
1160 3707 1386 3761 otiosas.
1423 3709 1486 3761 Et
1516 3708 1640 3762 licet
1669 3709 1721 3762 in
1753 3718 1990 3762 nostiam
2019 3723 2178 3763 vene-

614 3805 685 3859 rit
710 3812 1106 3874 paupertatem,
1143 3805 1527 3874 propriamque
1558 3806 1787 3875 gloriam
1836 3821 1928 3862 per
1957 3820 2178 3860 meone-

613 3897 779 3952 miam
816 3897 1006 3952 umbra
1033 3896 1436 3967 quodammodo
1462 3898 1786 3963 obscurarit,
1820 3912 1942 3951 cum
1978 3898 2042 3951 ad
2074 3897 2175 3951 lto-

611 3989 787 4044 mines
811 3990 1183 4049 descenderet.
1218 4004 1280 4043 ac
1310 4005 1530 4043 carnem
1562 3990 1871 4043 inhabitare
1900 3990 2174 4059 erupisset,

609 4082 970 4137 nihilominus
1003 4091 1181 4135 tamen
1229 4080 1492 4135 Dominus
1533 4091 1615 4134 cst
1645 4097 1838 4134 nomen
1889 4083 2010 4150 ipsi.
2042 4079 2173 4134 Nam

609 4173 773 4227 etiam
803 4173 966 4227 homo
995 4170 1171 4226 factus
1201 4185 1308 4224 non
1338 4172 1500 4226 desiit
1547 4187 1667 4226 esse
1712 4171 1874 4226 Deus.
1908 4169 2175 4226 Juhentur

609 4265 775 4337 igitur
815 4267 987 4321 sancti
1021 4265 1248 4335 apostoli
1290 4266 1374 4320 bis
1421 4266 1620 4330 verbis,
1670 4275 1728 4320 ut
1758 4266 2092 4320 exsultantes
2125 4275 2177 4320 et

609 4358 896 4414 laudantes
926 4359 1084 4429 pleno
1115 4374 1276 4412 cursu
1305 4359 1370 4414 ad
1404 4359 1632 4430 gentiles
1659 4358 1922 4422 ferantur,
1943 4374 2005 4413 ac
2029 4360 2172 4413 viam

608 4451 916 4504 animarum
965 4451 1208 4520 ipsorum
1247 4466 1339 4519 per
1371 4451 1814 4520 praedicationem
1867 4461 2174 4522 prteparent

607 4545 988 4600 universorum
1019 4543 1171 4614 Regi.
1203 4543 1443 4599 Occasus
1480 4559 1605 4598 vero
1648 4545 1809 4598 etiam
1843 4560 1906 4600 ac
1958 4553 2170 4606 noctes,

605 4637 857 4695 fortassis
882 4648 1008 4694 sunt
1032 4640 1243 4705 animae,
1269 4656 1390 4710 qua:
1411 4655 1474 4694 ex
1504 4640 1617 4694 sole
1643 4641 1866 4710 justitize
1889 4640 2168 4696 excident:

2281 3449 2448 3520 ἥλιος,
2481 3449 2691 3520 μορφὴν
2728 3449 2912 3501 δούλου
2976 3445 3172 3509 λαϐὼν,
3225 3445 3320 3498 καὶ
3382 3446 3477 3508 τὰς
3505 3447 3730 3509 ἀκτῖνας
3761 3447 3857 3515 τῆς

2279 3541 2440 3595 αὑτοῦ
2475 3540 2661 3611 ῶσπερ
2688 3539 2965 3602 συστείλας
2994 3538 3261 3607 θεότητος,
3299 3537 3390 3590 καὶ
3419 3537 3652 3601 καταδὺς
3697 3539 3755 3592 ὲν
3782 3537 3856 3607 τῴ

2281 3635 2510 3705 σώματι,
2544 3635 2575 3705 ἢ
2603 3634 2694 3688 καὶ
2712 3637 2771 3689 ὲν
2809 3634 2954 3703 αὐτῷ
2984 3632 3060 3702 τῷ
3095 3633 3328 3701 θανάτῳ,
3370 3633 3428 3684 τὸ
3477 3633 3855 3703 κατακεχυμέ-

2279 3744 2366 3779 νον
2402 3727 2506 3779 τῶν
2537 3725 2885 3796 ἀνθρωπείων
2924 3725 3107 3794 ψυχῶν
3154 3724 3341 3786 σκότος
3403 3723 3674 3793 ἀπήλασε.
3710 3725 3854 3794 Πλὴν

2278 3820 2324 3871 εί
2351 3819 2443 3872 καὶ
2473 3819 2571 3889 τῆς
2601 3818 2869 3890 ἡμετέρας
2904 3816 3070 3886 ἐπέϐη
3107 3815 3395 3885 πτωχείας.
3415 3815 3509 3868 καὶ
3530 3814 3627 3886 τὴν
3650 3815 3851 3868 οἰκείαν

2275 3909 2626 3980 οἰκονομικῶς
2657 3910 2974 3963 συνεσκίασε
3004 3908 3179 3972 δόξαν.
3239 3907 3336 3979 τὴν
3389 3910 3466 3970 είς
3531 3906 3850 3978 ἀνθρώπους

2279 4001 2641 4071 ποιησάμενος
2685 3999 2914 4070 πάροδον
2955 3999 3048 4052 καὶ
3093 3998 3190 4070 τὴν
3243 3998 3506 4070 ἐνσαρκον
3563 3999 3845 4068 ὲνδημίαν,

2276 4093 2385 4145 ἀλλ’
2419 4090 2509 4146 οῦν
2543 4093 2744 4164 Κύριος
2769 4093 2937 4164 ὄνομα
2958 4093 3122 4164 αὐτῷ.
3158 4094 3265 4147 Kal
3307 4092 3413 4163 γὰρ
3447 4091 3734 4163 ἄνθρωπος
3763 4107 3850 4160 γε·

2275 4185 2445 4254 γονὼς
2477 4187 2576 4238 οὐκ
2627 4186 2867 4240 ἀπέὅαλε
2918 4187 2977 4240 τὸ
3015 4182 3152 4239 εἶναι
3209 4184 3360 4246 Θεός.
3411 4184 3794 4254 Παρακελεύετ
3832 4203 3848 4236 ι

2274 4276 2498 4331 τοίνυνὸ
2551 4277 2706 4346 λόγος
2733 4282 2846 4342 τοῖς
2899 4281 3060 4348 ἱεροῖς
3103 4278 3420 4338 ἀποστόλοις
3454 4277 3590 4347 μετά
3633 4278 3848 4347 χορείας

2275 4371 2366 4423 καὶ
2395 4371 2665 4440 ὑμνῳδίας
2701 4372 2779 4434 είς
2811 4370 2880 4424 τά
2901 4370 3024 4441 ἔθνη
3061 4370 3307 4441 δραμεῖν,
3331 4369 3424 4422 καὶ⁸
3453 4368 3548 4440 τὴν
3578 4369 3696 4422 ὁδὸν
3745 4369 3848 4421 τῶν

2272 4461 2458 4532 ψυχῶν
2486 4461 2664 4515 αὐτῶν
2712 4462 3026 4533 εὐτρεπίσαι
3054 4463 3130 4532 τῷ
3175 4462 3283 4515 τῶν
3330 4461 3465 4514 ὅλων
3511 4460 3849 4530 παμϐασιλεῖ

2272 4555 2361 4607 διά
2383 4555 2476 4607 τοῦ
2511 4555 2880 4627 κηρύγματος.
2909 4552 3032 4608 Εἶεν
3061 4554 3104 4608 δ’
3125 4555 3190 4608 ἂν
3223 4554 3425 4624 δυσμαὶ
3451 4554 3628 4606 εἴτουν
3659 4554 3846 4615 νύκτες

2275 4646 2366 4698 καὶ
2392 4647 2447 4699 αί
2477 4646 2570 4699 τοῦ
2600 4647 2696 4717 τῆς
2725 4645 3069 4716 δικαιοσύνης
3111 4646 3263 4717 ἡλίου
3295 4644 3624 4700 ἐκπεσοῦσαι
3659 4644 3843 4717 ψυχαί·

604 4745 637 4785 a
667 4732 865 4801 quibus
893 4730 1145 4791 Christus
1167 4733 1372 4787 erroris
1401 4732 1650 4788 tenebras
1679 4733 1982 4804 depulerat,
2011 4734 2166 4788 inlta-
2199 4720 2207 4768 ί

2285 4730 2344 4789 ὒν
2372 4737 2603 4808 Χριστὸς
2630 4739 2721 4790 τὸν
2752 4738 2853 4808 τῆς
2881 4737 3087 4808 πλάνης
3117 4735 3278 4808 ζόφον
3311 4738 3594 4808 ἐξήλασεν,
3635 4739 3846 4807 ἐνοική-

602 4827 782 4883 bitans
809 4828 941 4897 ipsis
972 4843 1067 4897 per
1098 4827 1279 4882 ﬁdem.

2272 4844 2370 4892 σας
2399 4830 2582 4892 αὑταῖς
2604 4828 2688 4882 διὰ
2713 4830 2965 4892 πίστεως.

1203 4941 1336 4997 Item
1372 4943 1422 4996 in
1459 4944 1649 5012 psalm.
1678 4960 1824 4998 Lxxtt
1860 4944 2052 4998 verba:
2085 4946 2192 4998 Kal

2285 4945 2514 4999 τέλαϐων
2541 4945 2636 4998 τοῦ
2668 4945 2889 5009 γνῶναι,
2923 4957 3048 5008 etc.,
3080 4964 3126 4999 υ.
3157 4943 3241 4998 l6.

668 5098 734 5154 At
759 5099 1056 5155 secundum
1088 5098 1148 5153 Ι).
1179 5099 1533 5155 Athanasium
1561 5101 1637 5155 ait
1670 5101 1860 5161 David,
1891 5116 2014 5154 cum
2044 5101 2160 5153 exi-

599 5194 876 5248 stimarem
921 5208 1082 5262 posse
1133 5210 1217 5248 me
1266 5209 1598 5262 cognoscere
1634 5203 1739 5248 tam
1775 5192 2039 5262 profunda
2071 5203 2159 5247 tua

593 5291 822 5363 judicia,
858 5289 1066 5360 conieci
1099 5305 1182 5343 mc
1210 5291 1261 5342 in
1295 5287 1570 5342 molestias
1603 5306 1613 5339 :
1649 5302 1773 5341 cum
1809 5286 1896 5341 illa
1930 5286 2040 5340 sint
2073 5286 2148 5338 ius

598 5381 934 5436 scrutabilia.
983 5380 1048 5434 Et
1085 5389 1262 5433 tamen
1302 5380 1554 5431 idoneum
1599 5392 1788 5430 eorum
1824 5390 2154 5446 cognoscen-

597 5473 789 5528 dorum
824 5483 1033 5540 tempus
1078 5471 1208 5525 milti
1243 5469 1528 5538 acquisivi.
1564 5467 1615 5522 Id
1661 5485 1785 5522 vero
1830 5477 1913 5522 est
1941 5477 2152 5537 tempus

599 5556 810 5632 iudicii,
840 5564 1058 5632 quando
1108 5561 1301 5616 reddes
1333 5560 1624 5628 unicuique
1652 5559 1950 5615 secundum
1992 5573 2153 5628 opera

671 5738 744 5810 (6)
766 5737 887 5794 Haec
914 5741 1183 5809 superius,
1220 5739 1309 5793 sed
1343 5738 1611 5791 breviora.

2341 5101 2414 5168 (6)
2446 5101 2598 5154 Κατά
2625 5101 2678 5154 δὲ
2705 5102 2793 5154 τὸν
2815 5101 2953 5154 θεῖον
2981 5101 3313 5162 Ἀθανάσιον,
3343 5102 3670 5172 ὑπονοήσας,
3692 5103 3842 5171 φησὶ,

2269 5191 2335 5243 τὰ
2365 5192 2506 5244 οὓτω
2540 5191 2708 5260 βαθέα
2746 5191 2948 5259 γνῶναι
2981 5190 3247 5260 κρίματα,
3289 5193 3346 5243 ἐν
3407 5191 3561 5258 κόπῳ
3591 5189 3845 5242 ἐνέϐαλον

2267 5281 2521 5352 ἐμαυτὸν,
2555 5283 2648 5336 ἂτε
2673 5283 3106 5353 ἀνεξερευνήτων
3135 5282 3323 5336 ὄντων.
3370 5280 3516 5351 Πλὴν
3540 5281 3632 5333 τὸν
3661 5280 3843 5334 δέοντα

2266 5376 2344 5436 είς
2375 5375 2472 5445 τὴν
2501 5373 2705 5428 τούτων
2747 5374 2946 5442 γνῶσιν
3007 5374 3227 5444 ἐμαυτῷ
3261 5374 3597 5444 πεπόρισμαι
3634 5373 3840 5444 καιρόν.

2263 5459 2428 5526 Οῦτος
2463 5464 2516 5515 δὲ
2551 5459 2616 5534 ἦν
2639 5466 2666 5515 ό
2691 5465 2783 5517 τοῦ
2813 5464 3159 5535 δικαστηρίου
3190 5466 3396 5535 καιρὸς,
3420 5465 3507 5516 ὅτε
3545 5461 3844 5526 ἀποδώσεις

2263 5557 2476 5626 ἑκάστῳ
2511 5556 2652 5609 κατά
2679 5556 2744 5610 τά
2779 5557 2914 5628 ἔργα
2943 5557 3128 5612 αὐτοῦ.
3175 5558 3306 5612 Τότε
3367 5557 3472 5629 γὰρ
3522 5555 3768 5629 ἀκριϐῶς
3796 5555 3844 5609 c-l
