4058 6448
150 363 256 419 589
1136 356 1565 415 FRAGMENTA
1601 353 1959 412 COMMENT.
1997 352 2062 407 IN
2108 350 2451 408 PSALMOS.
3326 354 3431 411 590

153 486 478 559 μικρόᾲυχοι
508 485 765 549 εἴσονται,
825 487 1007 539 ὁποῖον
1037 485 1137 556 μὲν
1167 488 1201 556 ἠ
1248 484 1440 555 ἀρετὴ,
1476 484 1657 535 ὁποῖον
1689 480 1746 532 δὲ

1852 494 1974 531 sua.
2022 475 2176 531 Tunc
2208 476 2351 530 enim
2400 484 2655 529 accurate
2691 484 3046 544 cognoscent,
3098 476 3191 547 qui
3246 474 3432 530 animo

150 577 405 648 ἡκακία.
1853 568 2075 621 fuerunt
2122 565 2461 627 remissiore,
2509 565 2688 634 qualis
2739 581 2826 619 res
2874 565 2947 618 sit.
2985 566 3197 630 virtus,
3250 564 3434 636 qualis

1845 661 2010 714 etiam
2040 657 2269 711 malitia.

766 778 830 833 Et
861 781 915 833 in
960 780 1097 848 psal.
1124 778 1354 847 ejusdem
1378 778 1529 831 verba
1556 792 1572 828 :
1610 794 1627 825 ι
1664 773 1806 839 Quid
1828 775 1965 828 enim
1997 774 2127 826 mihi
2155 784 2231 826 est
2262 774 2316 825 in
2345 773 2494 837 caelo,
2532 793 2548 821 ι
2577 782 2702 838 etc.,
2730 773 2821 827 25.

226 900 305 972 (7)
332 902 491 955 Κατὰ
521 900 579 953 δὲ
627 899 718 951 τὸν
774 900 915 968 ἱερὸν
958 898 1297 951 Ἀθανάσιον·
1345 896 1564 968 Ἐπειδὴ
1590 894 1743 948 οὐδέν

1924 896 1993 948 At
2023 895 2319 949 secundum
2352 902 2601 947 sanctum
2634 893 2993 948 Athanasium
3022 912 3035 949 :
3072 892 3430 965 Quandoqui-

153 1013 273 1065 μοι,
306 996 490 1064 φησὶν,
526 993 759 1063 ὑπάρχει
790 994 846 1045 ἐν
892 993 968 1063 τῷ
1006 991 1221 1063 οὐρανῴ
1258 991 1398 1061 πλὴν
1434 990 1527 1043 σοῦ
1557 990 1742 1061 μόνον,

1856 987 2005 1052 dem,
2059 987 2258 1056 inquit,
2304 1001 2429 1040 cum
2465 986 2519 1039 in
2568 986 2710 1041 casio
2746 996 2938 1056 praeter
2984 996 3037 1042 te
3068 987 3246 1042 solum
3291 989 3429 1045 nihil

150 1087 472 1155 ἀναγκαίως
498 1084 619 1138 οὐδέ
669 1102 720 1137 τι
760 1083 866 1136 τῶν
905 1085 996 1136 ἐπὶ
1048 1083 1153 1152 γῆς
1194 1081 1434 1152 ἠθέλησα
1492 1079 1746 1146 δέξασθαι

1852 1079 2106 1141 habeam,
2139 1094 2247 1133 non
2277 1078 2437 1132 debui
2465 1093 2684 1148 quoque
2716 1078 2851 1132 velle
2889 1078 3132 1147 accipere
3161 1093 3191 1132 a
3219 1088 3270 1134 te
3309 1094 3432 1149 quae

152 1180 310 1249 παρὰ
366 1177 479 1241 σοῦ,
512 1176 605 1229 ἅτε
653 1174 906 1248 φθαρτῶν
944 1174 1113 1227 ὄντων
1163 1176 1380 1228 πάντων
1431 1175 1542 1226 καῖ’
1574 1189 1745 1242 προσ-

1850 1173 2085 1226 interra
2142 1181 2265 1226 sunt
2334 1170 2501 1241 (cum
2551 1171 2735 1226 omnia
2787 1171 3161 1241 corruptibilia
3206 1171 3316 1226 sint
3379 1181 3432 1227 et

151 1270 386 1340 χαίρων·
431 1268 549 1331 ἐνὸς
609 1268 666 1321 δὲ
706 1269 868 1337 μόνου
903 1266 1150 1338 ηὐχόμην
1183 1271 1387 1337 τυχεῖν,
1419 1266 1613 1336 καὶτῷ
1634 1267 1750 1319 τού·

1856 1265 2297 1335 momentanea),
2336 1266 2429 1320 sed
2482 1280 2651 1319 unum
2692 1264 3093 1332 tantummodo,
3131 1272 3191 1319 ut
3239 1280 3428 1321 conse-

150 1380 250 1415 του
288 1362 437 1432 πόθῳ
476 1362 806 1433 κατέτρυχον
852 1360 1086 1430 ἐμαυτὸν
1133 1361 1227 1413 ἐπὶ
1274 1360 1371 1431 τῆς
1396 1360 1517 1430 γῆς.
1578 1359 1749 1412 Τοῦτο

1855 1373 1996 1429 quar
2035 1358 2211 1422 oravi,
2244 1358 2401 1428 cujus
2429 1358 2591 1411 etiam
2622 1357 2894 1413 desiderio
2939 1372 3027 1413 me
3073 1358 3253 1428 ipsum
3299 1374 3430 1414 con-

150 1452 209 1503 δέ
240 1453 359 1503 ἐστι
414 1450 475 1502 τὸ
510 1450 569 1503 σὲ
606 1450 796 1520 μερίδα
825 1466 913 1520 μοι
964 1452 1058 1503 καὶ
1120 1450 1280 1520 μόνον
1322 1449 1593 1517 γενέσθαι,
1633 1450 1750 1513 Ἐξ-

1856 1450 1959 1505 feci
1986 1451 2039 1504 in
2074 1460 2241 1505 terra.
2276 1449 2330 1505 ιιι
2362 1466 2491 1505 vero
2521 1459 2624 1515 est,
2658 1459 2719 1505 ut
2752 1459 2808 1506 tu
2842 1466 2962 1505 mea
2992 1452 3193 1522 portio,
3229 1462 3283 1508 et
3313 1453 3433 1523 qui-

151 1541 321 1593 ἐλιπε
350 1542 459 1610 γὰρ
493 1542 525 1610 ἠ
560 1539 758 1610 καρδία
809 1557 929 1611 μοιν
974 1540 1025 1592 τί
1060 1538 1473 1611 ὲπιζητοῦντοςς
1506 1539 1604 1602 τὰς
1637 1538 1749 1592 ἄνω

1856 1543 1977 1598 dem
2012 1544 2162 1598 solus
2213 1544 2312 1599 sis.
2343 1543 2547 1601 Deiecit
2577 1546 2724 1600 enim
2767 1544 2947 1600 anima
2991 1562 3148 1610 mea:
3176 1546 3306 1616 quid
3333 1562 3430 1601 cx-

150 1634 465 1706 διατριϐάς.

1857 1643 2047 1703 petens
2073 1636 2096 1688 ?
2125 1635 2247 1690 Illas
2288 1637 2623 1701 mansiones,
2654 1653 2775 1708 qua:
2807 1653 3026 1692 sursum
3060 1648 3206 1693 sunt.

232 1795 507 1849 Hactenus
535 1795 832 1865 fragmenta
862 1809 925 1847 ex
954 1805 1143 1847 catena
1187 1791 1416 1857 Nicetaz,
1446 1792 1623 1863 cujus,
1653 1803 1711 1845 ut
1736 1794 1873 1860 dixi,
1911 1794 2139 1856 priorem
2171 1794 2359 1848 saltent
2398 1805 2598 1862 partem
2633 1812 2697 1849 ex
2737 1796 2864 1850 bibl.
2912 1796 3232 1863 archipalat.
3289 1812 3434 1864 nacti

151 1902 369 1940 sumus.
420 1886 573 1952 Quod
623 1888 669 1940 si
722 1888 838 1956 quis
879 1898 927 1939 et
976 1884 1237 1955 reliquam
1282 1885 1478 1950 habet,
1540 1886 1733 1955 poterit
1782 1903 1899 1956 qua:
1945 1886 2315 1940 desiderantur
2374 1888 2624 1957 adjicere.
2695 1886 2978 1958 Sequentia
3026 1904 3143 1941 vero
3188 1888 3435 1941 similiter

151 1992 285 2036 sunt
315 1999 380 2035 ex
424 1983 541 2037 cod.
588 1982 907 2051 archipalat.
962 1980 1204 2037 biblioth.
1258 1982 1633 2047 vetustissimo,
1678 1984 1976 2037 continente
2020 1984 2247 2037 similem
2295 1986 2618 2054 συναγωγήν
2662 1985 3092 2054 explauationum
3150 1987 3202 2037 in
3238 1984 3434 2038 lolium

150 2092 225 2131 ex
260 2076 459 2130 Grtzcis
491 2075 746 2129 Patribus
798 2085 1121 2141 contextam,
1164 2074 1228 2127 ab
1284 2083 1501 2129 auctore
1554 2076 1775 2129 incerto.
1832 2073 1889 2129 Is
1937 2075 2104 2145 igitur
2147 2077 2383 2144 quisquis
2409 2077 2513 2145 fuit
2547 2080 2614 2130 ad
2640 2078 2733 2131 illa
2758 2078 2909 2131 verba
2942 2094 3055 2146 cap.
3084 2078 3147 2131 4|
3180 2095 3193 2131 :
3233 2076 3439 2149 Δένδρα

152 2170 538 2241 φθινοπωρινὰ
560 2168 805 2241 ἄκαρπα.
848 2169 997 2239 παρὰ
1026 2170 1300 2239 πάπυρον,
1340 2166 1434 2220 καὶ
1468 2165 1735 2236 κάλαμον,

1834 2166 1864 2218 Li
1895 2164 2179 2236 βούτομον,
2212 2167 2485 2235 prwmissa
2511 2168 2621 2220 alia
2647 2168 2997 2236 explicatione
3036 2168 3272 2235 subiicit.
3306 2168 3436 2226 Hau:

152 2268 576 2323 Felckmaunus.

234 2423 648 2498 [Fragmentum
678 2424 958 2478 Athanasii
975 2424 1029 2477 in
1050 2422 1293 2478 Psalmos
1316 2431 1373 2476 ut
1393 2422 1650 2477 ineditum
1671 2424 1878 2478 exhibet
1901 2425 2047 2479 card.
2066 2426 2200 2495 Aug.
2222 2424 2333 2480 Mai
2362 2436 2501 2480 tomo
2524 2424 2591 2481 ιιι
2652 2424 3001 2483 Bibliotheca
3024 2440 3174 2480 nova:
3189 2423 3439 2491 Patrum;

153 2516 600 2587 ἱηεὶρὶιῖτρίτον
630 2518 915 2588 προέκειτο
941 2516 1172 2587 ζητῆσαι
1201 2515 1254 2568 τί
1280 2515 1360 2587 ,τὸ
1390 2514 1724 2589 Ψαλτήριον,
1754 2546 1755 2557 ι

1776 2525 1859 2573 uc.
1896 2519 2053 2573 Ἐστι
2092 2518 2291 2586 τοίνυν,
2321 2530 2423 2576 ctc.
2456 2520 2673 2591 Legitur
2709 2537 2869 2590 supra
2898 2523 2979 2574 col
3035 2519 3160 2575 547.
3193 2514 3378 2589 Ευιτ.]

240 2816 325 2889 (7)
354 2813 479 2871 Ηεέε
504 2814 778 2883 superius,
804 2811 900 2868 sed
932 2811 1215 2883 pauciora.
