4058 6466
667 363 766 420 591
1523 359 1578 413 S.
1622 358 1996 416 ATHANASII
2027 359 2174 415 OPP.
2218 360 2397 416 PARS
2437 362 2524 418 Ill.
2579 395 2625 407 —
2661 363 3071 423 EXEGETICA.
3806 366 3915 419 592

1381 798 1606 883 ΤΟΥ
1678 800 1820 885 ΕΝ
1895 795 2255 886 ΑΓΙΟΙΣ
2329 798 2758 886 ΠΑΤΡΟΣ
2831 802 3155 888 ΗΜΩΝ

1612 1010 2925 1150 ΑΘΑΝΑΣΙΟΥ

1008 1300 2293 1419 ΑΡΧΙΕΠΙΣΚΟΠΟΥ
2402 1290 3550 1416 ΑΛΕΞΑΝΔΡΕΙΑΣ

1184 1570 2019 1709 ΕΡΜΗΝΕΙΑ
2162 1577 2499 1705 ΤΩΝ
2625 1570 3349 1709 ΨΑΛΜΩΝ

2253 1824 2299 1875 Η

1485 2010 1741 2096 ΠΕΡΙ
1828 2011 2450 2098 ΕΠΙΓΡΑΦΗΣ
2521 2011 3035 2101 ΨΑΛΜΩΝ.

1287 2413 1447 2570 S.
1550 2419 1721 2567 P.
1886 2417 2067 2569 N.
2218 2411 3256 2571 ATHANASII

1748 2681 2273 2740 ARCHIEPISCOPI
2312 2680 2780 2738 ALEXANDRIE

1088 2860 2366 2991 INTERPRETATIO
2476 2857 3442 2993 PSALMOBUM

2194 3121 2334 3163 SIVE

1469 3283 1615 3371 DE
1692 3284 2180 3373 TITULIS
2255 3285 3036 3379 PSALMORUM.

1016 3624 1424 3689 EPISTULA
1482 3625 1875 3687 PREFIXA
1932 3625 2327 3691 EDITIONI
2371 3626 2749 3691 ROMANzE
2805 3628 3026 3693 ΑΝΝῙ
3072 3629 3529 3694 MDCCXLVI.

1864 3967 2057 4011 SACRO
2112 3967 2188 4010 AC
2242 3966 2614 4011 VENERABILI

760 4066 1007 4113 SANCTE
1060 4067 1332 4114 ΒΟΜΛΝΛΕ
1390 4067 1689 4112 ECCLESIE
1743 4067 2165 4113 CARDINALIUM
2193 4069 2511 4126 COLLEGIO,
2568 4068 2897 4125 EPISCOPIS,
2940 4067 3384 4125 PRESBYTERIS,
3445 4068 3758 4116 DIACONIS.

714 4230 937 4300 Magnus
980 4231 1331 4296 Athanasius,
1366 4247 1526 4302 quem
1564 4232 1786 4286 laudare
1817 4232 2073 4287 virtutem
2128 4232 2354 4287 laudare
2388 4243 2490 4297 est,
2525 4235 2704 4289 aiebat
2742 4233 2799 4288 S.
2844 4234 3139 4303 Gregorius
3168 4233 3544 4290 Nazianzenus
3588 4238 3690 4306 (l),
3723 4244 3880 4295 noris

639 4322 879 4393 quotidie
904 4322 1229 4377 Arianorum
1268 4322 1557 4377 calumniis
1588 4333 1835 4387 vexatus,
1870 4329 1925 4377 et
1961 4338 2253 4392 pravorum
2298 4324 2583 4379 hominum
2621 4326 3030 4379 circumventus
3060 4325 3295 4389 insidiis,
3332 4323 3587 4389 Romam,
3617 4328 3778 4395 quasi
3813 4328 3876 4380 ad

639 4416 969 4472 tutissimum
999 4417 1399 4472 communionis
1437 4433 1549 4471 sua:
1592 4427 1805 4486 portum
1852 4415 2113 4487 confugit,
2150 4429 2208 4471 ut
2246 4434 2385 4488 quos
2436 4435 2536 4473 nec
2575 4419 2855 4472 hominum
2887 4419 3084 4488 pudor,
3120 4434 3217 4472 nec
3262 4417 3351 4471 Dei
3386 4419 3549 4473 timor
3582 4420 3875 4481 retinebat,

636 4513 849 4582 prolato
879 4528 944 4567 ex
975 4511 1117 4567 Petri
1165 4511 1421 4566 cathedra
1452 4511 1613 4581 justaa
1645 4512 2015 4567 damnationis
2041 4512 2280 4577 decreto,
2315 4513 2559 4567 Romana
2595 4506 2870 4569 coerceret
2901 4513 3218 4567 auctoritas.
3260 4512 3627 4583 Posteaquam
3657 4532 3789 4571 vero
3826 4518 3875 4568 in

638 4610 836 4668 Urbem
872 4612 1132 4681 pervenit,
1162 4612 1222 4666 B.
1263 4611 1462 4676 Julius,
1502 4610 1596 4679 qui
1637 4620 1748 4665 tum
1787 4610 2041 4665 Romanae
2076 4610 2330 4667 Ecclesia:
2375 4622 2627 4679 praeerat,
2671 4621 2725 4666 et
2752 4611 3157 4666 ecclesiasticus
3190 4617 3435 4673 senatus,
3468 4609 3561 4677 qui
3603 4608 3707 4678 ipsi
3740 4612 3878 4663 assi-

634 4709 814 4773 debat,
848 4718 1192 4778 peramanter
1228 4723 1351 4761 eum
1382 4705 1829 4775 excoperunt(2),
1856 4705 2109 4759 aﬂlictum
2140 4708 2403 4761 consolati
2430 4716 2575 4769 sunt.
2608 4707 2878 4776 dejectum
2904 4706 3281 4765 sublevarunt,
3311 4704 3660 4759 innocentem
3690 4705 3879 4759 dcfen~

634 4798 851 4861 derunt,
906 4808 1153 4853 sanctum
1198 4806 1252 4850 et
1302 4797 1451 4849 omni
1504 4798 1767 4848 virtutum
1812 4810 2009 4863 genere
2055 4796 2428 4859 cumulatum,
2490 4798 2708 4866 rejectis
2762 4797 3146 4853 hmreticorum
3202 4794 3549 4861 criminibus,
3607 4798 3876 4865 prmelaro

633 4896 945 4953 testimonio
983 4911 1081 4949 suo
1122 4894 1374 4947 universo
1398 4893 1515 4947 orbi
1548 4892 1915 4945 declararunt.
1954 4889 2071 4945 Duo
2112 4902 2291 4945 autem
2324 4908 2389 4946 ex
2430 4892 2678 4948 Romano
2716 4893 3078 4965 presbyterio,
3111 4891 3355 4959 ejusdem
3395 4888 3524 4943 Julii
3568 4892 3873 4954 voluntate.

631 4991 878 5062 Elpidius
917 5001 971 5043 et
1004 4988 1336 5042 Philoxenus
1366 4986 1687 5053 legationem
1714 4995 2072 5052 susceperunt
2103 4983 2168 5037 ad
2205 4983 2543 5039 Eusebianos
2576 4986 2883 5055 episcopos,
2917 4993 2974 5037 ut
3002 4997 3098 5037 eos
3138 4984 3201 5038 ad
3237 4984 3538 5039 Romanam
3576 4988 3873 5057 synodum,

630 5099 794 5153 quam
840 5083 940 5151 ipsi
982 5082 1407 5151 postulaverant,
1446 5091 1758 5135 evocarent.
1796 5080 1900 5134 Sed
1945 5080 2161 5149 expavit
2191 5080 2256 5133 ad
2302 5079 2576 5136 Romanos
2622 5082 2817 5137 aﬂ‘atus
2854 5082 3053 5135 Ariana
3085 5081 3377 5148 calliditas,
3409 5091 3462 5135 et
3490 5080 3872 5137 Romanorum

632 5171 788 5226 [idem
824 5171 1120 5239 pertimuit,
1155 5185 1295 5239 quae,
1335 5170 1597 5239 Apostolo
1640 5170 1986 5238 praedicante,
2018 5170 2233 5224 laudata
2262 5180 2345 5225 est
2382 5188 2394 5235 ;
2439 5184 2491 5226 et
2528 5173 2594 5225 ad
2639 5190 2734 5229 eos
2779 5175 2960 5229 venire
3004 5188 3324 5241 rennerunt,
3364 5180 3429 5231 ad
3464 5194 3603 5246 quos
3646 5182 3872 5249 perlidia

632 5263 831 5316 habere
866 5276 973 5314 non
1009 5269 1187 5329 potest
1216 5274 1519 5314 accessum.
1558 5259 1741 5327 Itaque
1776 5258 1977 5313 [rastra
2015 5259 2106 5313 diu
2146 5264 2500 5329 exspectatis,
2532 5279 2655 5317 cum
2688 5265 3014 5319 delictorum
3054 5283 3281 5322 suorum
3322 5270 3665 5324 conscientia
3700 5274 3870 5325 territi

629 5352 696 5406 ad
730 5352 1087 5423 prastitntam
1124 5352 1288 5417 diem,
1328 5352 1509 5405 varias
1550 5352 1905 5405 contumaciae
1957 5367 2069 5407 sure
2107 5362 2463 5419 praetexentes
2506 5372 2722 5421 causas,
2766 5358 2976 5427 judicio
3016 5361 3159 5415 sedis
3204 5361 3513 5429 apostolica:
3549 5378 3606 5417 se
3644 5365 3873 5417 minime

700 5552 777 5616 (ll
820 5554 875 5607 In
905 5551 1054 5608 Orat.
1098 5553 1162 5605 de
1205 5550 1259 5604 S.
1296 5552 1492 5605 Athan.
1531 5550 1747 5605 Hieron.
1795 5552 1845 5604 in
1892 5550 2173 5619 Epitaphio
2212 5552 2501 5609 Marcellae.

697 5623 771 5693 (Ξ)
814 5624 884 5702 lle
915 5623 1410 5702 Athanasiiitin'ere
1436 5623 1681 5702 llomano
1710 5622 2182 5702 cinejusﬂpolog.‘
2216 5626 2690 5702 εοηένα-ᾼνίᾳηοε,
2728 5638 2859 5702 tom.
2893 5629 2933 5693 l,
2964 5647 3082 5702 pag.
3124 5632 3258 5695 HO,
3294 5642 3346 5685 et
3381 5632 3524 5686 Hist.
3569 5637 3759 5691 Arian.
3805 5638 3868 5687 ad

618 5690 888 5771 monch
938 5710 987 5761 p.
1028 5694 1169 5757 29.7;
1209 5692 1263 5745 S.
1293 5693 1565 5763 LCyprian.
1600 5708 1685 5760 ep.
1749 5694 1836 5755 55,
1882 5692 1950 5742 ad
1991 5690 2249 5755 Corne(.;
2294 5694 2349 5747 S.
2405 5694 2506 5749 Jul.
2561 5698 2612 5750 in
2653 5690 2805 5767 epist.
2870 5690 2936 5752 ad
2965 5690 3511 5771 'D‘cnium'aliosque
3570 5690 3865 5762 Orientales

618 5768 899 5833 episcopos.
