4058 6446
179 404 288 463 395
889 402 974 456 DE
1017 399 1289 456 TlTULIS
1329 401 1769 457 PSALMORUM.
1808 431 1872 438 ——
1914 397 2300 454 ANTONELLI
2343 398 2729 455 PREFATIO.
3121 424 3124 426 ν
3320 403 3425 461 594

181 527 459 588 sisterent,
487 531 809 592 congregata
839 530 921 575 est
954 522 1169 575 demum
1201 517 1450 574 Romana
1478 522 1720 591 synodus
1759 522 1813 574 in
1861 537 1965 572 una
2007 536 2069 574 ex
2115 520 2309 574 vestris
2349 519 2660 574 titularibus
2706 519 2972 586 ecclesiis,
3011 521 3101 574 ubi
3137 517 3422 576 Romanus

180 617 468 688 presbyter
510 615 634 669 V'ito
671 623 969 668 conventus
1015 614 1226 683 agebat.
1271 612 1316 667 Is
1349 613 1493 667 enim
1539 628 1644 666 una
1689 628 1809 666 cum
1865 611 2149 667 Vincentio
2184 610 2414 666 Nicatnte
2458 613 2667 684 synodo
2705 611 2974 677 interfuit,
3015 622 3067 666 et
3099 613 3226 682 quia
3259 615 3423 667 ambo

182 717 388 761 rectam
439 707 726 760 Athanasii
774 703 933 756 ﬁdem
985 718 1308 770 morumque
1360 703 1721 771 integritatem
1773 703 1940 772 probe
1988 703 2261 770 cognitam
2312 711 2756 772 perspectamque
2801 703 3090 766 habebant,
3121 706 3421 761 verisimile

178 799 470 852 admodum
499 808 604 862 est,
628 796 769 850 sicut
807 808 904 862 pro
941 788 1198 844 Marcello
1224 791 1513 860 Ancyrauo
1541 791 1817 859 episcopo,
1851 793 2022 844 multo
2063 791 2234 860 magis
2268 806 2365 858 pro
2400 792 2748 846 sanctissimo
2778 791 3148 848 Alexandrino
3175 796 3419 852 antistite

179 887 554 941 testimonium
582 900 676 938 eos
704 884 910 937 dixisse
940 881 992 932 in
1025 894 1182 933 sacro
1212 879 1304 932 illo
1339 891 1632 942 conventu,
1670 882 1761 950 qui
1807 881 2050 934 unanimi
2097 896 2459 951 supremoque
2492 882 2702 950 judicio
2729 882 3010 938 Athanasii
3051 889 3414 940 innocentiam

177 981 441 1034 adversus
480 977 806 1030 Arianorum
847 974 1000 1029 dolos
1029 990 1093 1028 ac
1127 974 1346 1028 fraudes
1381 975 1697 1044 vindicavit,
1739 991 1972 1045 eamque
2007 977 2272 1030 sententia
2316 993 2415 1032 sua
2463 979 2705 1034 veritatis
2743 995 2807 1034 ac
2843 980 3068 1049 justitiae
3119 982 3416 1050 ponderata

176 1075 486 1138 libramine,
518 1071 856 1126 manifestam
887 1071 1142 1124 omnibus
1171 1085 1234 1124 ac
1279 1078 1526 1124 testatam
1551 1086 1673 1125 esse
1708 1072 1900 1126 voluit.
1930 1071 2296 1136 Quamobrem
2341 1072 2580 1141 pontifex
2603 1071 2796 1133 Julius,
2828 1071 2968 1126 datis
3001 1071 3195 1126 deinde
3224 1071 3416 1126 litteris

176 1171 246 1224 ad
282 1171 486 1222 clerum
536 1175 589 1220 et
635 1165 893 1234 populum
930 1151 1383 1228 Alexandrinum,
1439 1165 1640 1233 quibus
1685 1164 1752 1218 de
1801 1164 2084 1219 Athanasii
2130 1165 2198 1217 ad
2237 1179 2332 1218 eos
2363 1165 2541 1218 reditu
2581 1165 2882 1234 gratulatus
2928 1173 3031 1227 est,
3083 1174 3204 1233 post
3233 1163 3416 1233 plures

177 1263 389 1324 laudes,
421 1259 620 1330 quibus
653 1265 902 1313 sanctum
938 1257 1249 1326 episcopum
1282 1259 1475 1311 merito
1505 1259 1658 1312 etl‘ert
1691 1278 1701 1313 ε
1741 1257 1881 1324 Quid
1913 1269 2117 1322 autem,
2149 1259 2346 1327 inquit,
2375 1268 2527 1314 tanto
2548 1261 2663 1315 viro
2697 1260 2916 1330 dignum
2949 1258 3180 1330 proferri
3217 1270 3412 1330 potest'

175 1355 273 1424 qui
329 1363 425 1414 tot,
478 1360 530 1405 et
573 1351 734 1404 tantis
788 1348 1158 1418 periculorum
1204 1350 1492 1403 exantlatis
1542 1350 1824 1405 laboribus
1881 1350 2124 1404 redditur
2165 1349 2380 1404 tandem
2432 1352 2588 1406 vobis
2631 1351 2942 1418 incolumis,
2999 1367 3110 1405 non
3151 1351 3415 1408 beneficio

176 1445 351 1500 nostri
406 1442 801 1502 tantummodo,
852 1455 1036 1493 verum
1083 1439 1245 1492 etiam
1291 1441 1454 1493 totius
1501 1441 1714 1494 concilii
1761 1439 1967 1509 judicio
2001 1439 2126 1494 talis
2169 1440 2533 1497 declaratus?
2572 1441 2699 1498 Post
2746 1443 2859 1497 haec
2899 1453 3103 1509 autem,
3142 1443 3411 1498 malorum

175 1539 460 1591 hominum
495 1535 620 1589 odio
655 1549 718 1587 ac
761 1529 960 1585 invidia
997 1530 1168 1599 magis
1211 1530 1488 1600 magisque
1524 1532 1802 1601 gliscente,
1849 1546 2128 1601 novasque
2177 1546 2391 1601 semper
2423 1533 2651 1589 insidias
2681 1542 2872 1588 contra
2904 1534 3186 1590 Athanasii
3214 1548 3412 1588 nomen

173 1633 526 1686 molientibus
548 1627 784 1693 Arianis,
822 1624 1160 1680 Sardieensis
1186 1627 1522 1680 cecumenica
1553 1626 1792 1697 synodus
1825 1636 2119 1681 convocata
2157 1637 2263 1694 est,
2298 1630 2385 1684 cui
2416 1631 2526 1684 duo
2553 1628 2779 1685 Romani
2804 1631 3104 1703 presbyteri
3128 1631 3395 1686 Archida-

173 1747 300 1784 mus
335 1739 388 1783 et
426 1727 754 1780 Philosenus
814 1739 936 1779 cum
971 1721 1137 1778 llosio
1169 1724 1506 1778 Cordubensi
1546 1725 1821 1794 episc0po,
1857 1724 2077 1779 nomine
2105 1741 2168 1780 ac
2200 1727 2316 1782 vice
2339 1725 2469 1781 Julii
2516 1724 2785 1797 pontiﬁcis
2810 1721 3184 1794 praefuerunt;
3221 1723 3278 1778 in
3309 1722 3414 1777 bac

170 1840 305 1880 vero
356 1821 641 1874 Athanasii
695 1820 814 1874 lidci
865 1820 1146 1889 integritas
1194 1821 1421 1890 vitasque
1467 1824 1733 1875 sanctitas
1787 1836 1980 1875 rursus
2035 1821 2103 1874 ab
2160 1823 2413 1877 universa
2453 1822 2663 1893 synodo
2709 1821 2889 1891 agnita
2929 1828 3032 1884 est,
3071 1827 3126 1872 et
3161 1817 3407 1873 omnium

169 1915 449 1984 suffragiis
478 1923 666 1968 contra
714 1913 947 1982 perﬁdos
973 1922 1027 1966 et
1057 1913 1335 1968 catholicae
1372 1914 1615 1968 veritatis
1656 1923 1710 1967 et
1753 1913 2036 1968 Athanasii
2069 1916 2390 1969 innocentia:
2414 1916 2666 1969 inimicos
2691 1914 3060 1984 comprobata.
3108 1912 3212 1967 Sed
3239 1925 3410 1982 quor-

170 2024 298 2064 sum
350 2010 462 2061 hsec
511 2016 618 2060 tam
659 2007 814 2074 lange
866 2005 1115 2074 repetita.
1153 2015 1207 2058 et
1251 2005 1319 2058 ab
1371 2005 1496 2058 altis
1545 2013 1796 2058 revocata
1849 2005 2178 2075 principiis?
2215 2004 2500 2062 Nimirum.
2549 2017 2607 2058 ut
2643 2019 2832 2058 oumes
2881 2004 3201 2073 intelligant,
3247 2017 3408 2072 quam

167 2113 600 2159 consentaneum
633 2111 687 2157 et
713 2097 1041 2156 conveniens
1094 2096 1275 2158 fuerit,
1315 2107 1371 2149 ut
1411 2112 1547 2165 opus
1582 2095 1638 2149 S.
1671 2096 1978 2161 Athanasii,
2019 2096 2177 2166 cujus
2223 2097 2280 2150 Β.
2328 2095 2688 2167 Hieronymus
2729 2093 2996 2156 meminit.
3040 2093 3188 2163 quod
3230 2091 3305 2163 pii
3347 2106 3412 2147 ac

165 2195 374 2250 eruditi
411 2196 660 2250 homines
705 2191 1230 2252 diu'desiderarunt,
1273 2197 1349 2257 ,et
1389 2188 1587 2243 frustra
1633 2189 1944 2259 quesitum,
1985 2191 2146 2243 veluti
2199 2191 2462 2245 amissum
2506 2205 2569 2245 ac
2603 2190 2941 2260 deperditum
2978 2190 3409 2259 complorarunt,

165 2304 298 2341 cum
345 2303 490 2341 nunc.
524 2289 759 2357 primum
799 2287 851 2339 in
880 2286 1054 2340 lucem
1104 2285 1350 2354 prodeat,
1387 2283 1517 2338 illud
1553 2295 1732 2339 vestro
1776 2285 1972 2340 illustri
2017 2285 2238 2340 nomine
2284 2285 2628 2354 inscriptum,
2671 2296 2726 2340 et
2768 2287 2944 2351 vobis,
2990 2285 3409 2340 eminentissimi

169 2380 383 2441 Patres,
419 2380 657 2432 dicatum
689 2378 742 2431 in
770 2377 1044 2447 publicum
1077 2379 1289 2432 edatur.
1327 2375 1435 2432 Vos
1463 2379 1608 2432 enim
1640 2379 1782 2433 sacri
1819 2379 1966 2434 illius
2011 2388 2252 2443 senatus,
2277 2378 2367 2447 qui
2395 2393 2650 2448 magnum
2680 2377 3039 2434 Athanasium
3067 2378 3136 2432 ad
3167 2377 3226 2431 Β.
3266 2375 3410 2431 Petri

165 2471 512 2532 cathedram,
536 2469 602 2524 ad
637 2479 882 2524 centrum
914 2471 1157 2533 unitatis,
1183 2472 1247 2525 ad
1287 2471 1489 2526 fontem
1525 2473 1808 2526 catholicae
1851 2474 2259 2528 communionis
2305 2472 2707 2544 confugientem
2745 2475 3063 2544 complexus
3105 2483 3210 2538 est,
3252 2472 3409 2537 fovit,

163 2578 383 2622 tutatus
416 2580 533 2631 est,
572 2567 716 2622 vices
763 2568 956 2622 tenetis
988 2579 1040 2623 et
1074 2569 1424 2638 dignitatem;
1481 2571 1592 2623 imo
1628 2585 1755 2623 vero
1789 2585 1914 2624 cum
1941 2571 1994 2622 in
2029 2583 2272 2624 vesnum
2305 2570 2674 2625 clarissimum
2703 2580 2902 2626 cretum
2951 2580 3145 2639 prater
3174 2576 3406 2638 septem.

165 2680 319 2718 nunc
347 2680 476 2717 vero
505 2680 596 2718 sex
631 2663 937 2719 cardinales
967 2665 1253 2735 episcopos
1290 2666 1528 2718 urbanos
1561 2681 1654 2717 seu
1695 2665 2121 2730 suburbicarios,
2154 2665 2493 2719 selectissimi
2533 2680 2598 2719 ex
2635 2674 2748 2718 toto
2783 2664 2914 2717 orbe
2944 2663 3094 2732 juxta
3127 2673 3408 2716 sacrorum

163 2773 444 2813 canonum
473 2758 782 2826 praescripta
806 2756 884 2826 (5)
924 2770 954 2807 a
984 2753 1244 2808 Romanis
1275 2753 1622 2822 pontificibus
1651 2755 1942 2823 cooptandi
1973 2755 2101 2820 sint,
2128 2755 2434 2809 admirabili
2463 2756 2661 2810 divina:
2684 2753 3044 2809 Providentia:
3080 2753 3134 2806 in
3163 2750 3408 2808 Ecclesia

167 2870 268 2909 sua
306 2854 585 2922 dirigenda
612 2869 675 2906 ac
715 2849 1063 2922 gubernanda
1091 2849 1341 2914 consilio,
1372 2864 1436 2902 eo
1462 2849 1720 2918 perducta
1760 2865 1847 2904 res
1870 2857 1973 2915 est,
2001 2859 2059 2904 ut
2084 2851 2461 2920 amplissimus
2488 2858 2668 2906 vester
2703 2850 2839 2904 ordo
2864 2864 2894 2903 e
2924 2848 3099 2902 tribus
3137 2845 3408 2916 supremis

166 2949 222 3002 in
259 2947 500 3002 Ecclesia
544 2947 846 3011 ordinibus,
881 2961 1074 3015 nempe
1105 2945 1397 3014 episcopis.
1432 2945 1763 3016 presbyteris
1806 2954 1862 3000 et
1900 2946 2223 3000 diaconibus
2261 2945 2319 3000 S.
2363 2945 2427 3000 R.
2461 2944 2931 3002 E.-cardinalibus
2965 2941 3302 3010 compositus
3339 2952 3407 2992 ex

165 3046 430 3098 universo
454 3053 717 3096 terrarum
761 3042 913 3106 orbe,
955 3051 1013 3096 ut
1045 3051 1247 3096 sanctae
1296 3038 1550 3094 Ecclesiae
1592 3054 1833 3095 canones
1873 3041 2097 3109 provide
2125 3040 2505 3110 sapienterque
2552 3045 2970 3107 consuluerunt,
3001 3041 3219 3097 selectis
3246 3048 3409 3110 atque

163 3139 468 3204 arcessitis,
505 3154 610 3192 nou
640 3139 800 3191 modo
827 3138 1112 3206 antiquum
1159 3134 1465 3188 Romanum
1495 3135 1893 3204 presbyterium
1926 3141 2293 3204 repraesentet,
2324 3135 2419 3189 sed
2459 3133 2718 3192 Romana:
2745 3138 2960 3208 synodi,
2988 3151 3110 3207 quae
3148 3149 3180 3190 a
3216 3133 3406 3205 primis

161 3234 450 3291 catholica:
483 3233 604 3286 fidei
649 3233 984 3301 temporibus
1025 3229 1271 3285 Romano
1315 3229 1556 3300 pontiﬁci
1586 3231 1930 3298 gravissimis
1963 3231 2030 3286 de
2077 3231 2239 3287 rebus
2273 3232 2591 3288 deliberanti
2637 3249 2852 3304 semper
2891 3234 3098 3298 aderat,
3140 3242 3194 3288 et
3241 3245 3406 3301 quam

161 3330 342 3387 Gnaei
371 3327 740 3400 ἐπιδημοῦσαν
775 3343 870 3381 seu
898 3325 1234 3397 ὲνδημοῦσαν
1279 3337 1495 3390 vocant,
1552 3333 1610 3379 et.
1643 3341 1744 3398 ego

1800 3326 2054 3382 vocabulo
2087 3326 2319 3384 fortasse
2366 3329 2507 3384 haud
2553 3329 2733 3399 inepto
2776 3336 3085 3396 prwsentem
3132 3321 3402 3386 dixerim,

162 3427 347 3479 locum
394 3422 620 3491 adeptus
663 3421 734 3475 sit
774 3429 827 3474 et
869 3417 1244 3473 auctoritatem
1280 3435 1292 3471 :
1323 3417 1453 3486 quin
1496 3417 1682 3483 etiam,
1741 3416 1886 3488 quod
1939 3419 2094 3488 longe
2140 3419 2312 3488 magis
2367 3429 2470 3483 est,
2531 3417 2857 3473 universalis
2906 3413 3316 3484 quodamuodo,
3352 3419 3408 3467 et

162 3517 488 3580 domestici,
529 3525 588 3568 ut
628 3516 729 3569 hoc
777 3513 991 3567 nomine
1037 3523 1178 3576 utar,
1221 3513 1438 3566 concilii
1483 3512 1727 3567 Romano
1774 3514 2018 3582 pontiﬁci
2061 3515 2315 3568 continue
2359 3513 2651 3569 assidentis
2691 3511 3201 3584 prastantissimam
3246 3508 3406 3564 nobis

162 3610 403 3678 speciem
439 3604 973 3674 pulcherrimamque
1004 3600 1292 3670 imaginem
1323 3599 1593 3665 exhibeat,
1626 3609 1679 3654 et
1731 3610 2051 3670 potestatem
2081 3601 2242 3654 etiam
2279 3616 2388 3654 non
2420 3601 2644 3655 minima
2685 3617 2751 3656 ex
2792 3609 2945 3672 parte
2982 3599 3406 3670 dignitatemque

161 3701 433 3754 obtineat.
472 3697 551 3750 Ad
581 3695 693 3749 hzec
735 3693 964 3757 accedit,
998 3690 1143 3761 quod
1172 3691 1352 3745 tenuis
1383 3689 1498 3745 haec
1538 3689 1740 3760 ingenii
1774 3691 1882 3744 mei
1909 3689 2162 3754 facultas,
2199 3697 2254 3744 et
2289 3691 2341 3743 iu
2382 3689 2770 3746 ecclesiasticis
2793 3689 3023 3758 aliisque
3059 3688 3223 3742 rebus
3249 3685 3405 3739 labor

159 3804 220 3850 et
249 3793 540 3853 industria,
578 3802 917 3858 quaecunque
959 3801 1020 3840 ea
1067 3786 1158 3852 sit,
1188 3801 1352 3855 quam
1401 3785 1597 3848 sentio,
1634 3801 1800 3855 quam
1851 3787 1923 3841 sit
1969 3788 2188 3857 exigua,
2233 3795 2345 3840 tota
2389 3795 2568 3841 vestra
2617 3795 2720 3841 est.
2771 3794 2888 3838 tum
2941 3783 3154 3838 ratione
3213 3795 3406 3835 mune-

163 3887 266 3946 ris,
320 3898 428 3953 quo
469 3880 682 3952 fungor,
739 3889 851 3932 tum
905 3875 1170 3931 electione
1220 3875 1513 3931 voluntatis
1551 3894 1562 3930 :
1598 3877 1810 3931 ratione
1862 3877 2080 3946 quidem
2114 3879 2377 3945 muneris,
2411 3877 2539 3948 quia
2589 3877 2789 3931 abhinc
2833 3875 3112 3931 biennium
3157 3873 3404 3928 omnium

160 3992 414 4035 vestrum
454 3976 724 4046 suffragiis
772 3989 801 4027 a
846 3973 1072 4027 secretis
1110 3964 1514 4040 praeclarissimi
1549 3971 1760 4040 collegii
1800 3972 1964 4025 vestri
2009 3971 2352 4025 renuntiatus
2393 3987 2538 4037 sum,
2573 3981 2627 4026 et
2661 3969 3057 4026 humanissima
3095 3967 3404 4022 animorum

160 4079 476 4125 vestrorum
525 4062 919 4135 signiﬁcatione
961 4069 1267 4129 exceptus;
1303 4060 1567 4114 electione
1622 4068 1803 4113 autem
1863 4061 2180 4126 voluntatis,
2208 4063 2332 4129 quia
2376 4077 2477 4133 ego
2521 4077 2735 4131 semper
2763 4059 3276 4131 praestantissimum
3313 4073 3406 4113 ve-

161 4178 344 4220 strum
379 4169 580 4217 coetum
619 4173 832 4213 summo
858 4155 1026 4211 animi
1053 4155 1337 4224 obsequio,
1361 4164 1414 4208 et
1442 4170 1505 4209 ea
1540 4154 1908 4220 veneratione,
1945 4169 2052 4223 qua
2085 4171 2181 4224 par
2207 4166 2347 4222 erat,
2385 4165 2707 4224 prosecutus
2742 4164 2883 4207 sum.
2912 4148 3120 4204 Etenim
3162 4162 3193 4202 a
3226 4147 3404 4218 prima

155 4265 471 4332 juventute.
507 4255 757 4327 quamvis
797 4270 863 4309 eo
900 4267 1139 4324 tempore
1179 4251 1457 4306 assiduam
1506 4251 1649 4321 apud
1691 4251 1981 4306 duodecim
2027 4251 2210 4317 viros,
2255 4266 2393 4322 quos
2438 4251 2594 4306 Rotas
2639 4250 2916 4305 auditores
2949 4254 3182 4309 vocant.
3220 4243 3405 4300 causis

161 4349 562 4421 cognoscendis
591 4361 809 4416 Operam
853 4345 1061 4410 darem,
1104 4341 1170 4397 de
1203 4341 1483 4397 titulorum
1510 4342 1741 4412 origine,
1773 4342 1864 4412 qui
1895 4357 1925 4395 a
1955 4351 2145 4395 sancto
2185 4339 2434 4398 Evaristo
2464 4341 2728 4398 Romanis
2757 4339 3085 4412 presbyteris
3124 4333 3402 4394 distributi

160 4453 320 4509 sunt,
367 4444 544 4512 deque
614 4456 767 4496 sacra
803 4439 1046 4507 liturgia,
1074 4447 1128 4493 ct
1170 4438 1237 4494 de
1281 4437 1527 4492 collectis
1565 4453 1659 4492 seu
1692 4439 2078 4509 eleemosynis,
2112 4439 2344 4508 aliisque
2367 4441 2549 4504 rebus,
2583 4454 2704 4509 qua:
2733 4439 2798 4494 ad
2823 4439 3028 4502 titulos,
3065 4445 3120 4491 et
3145 4433 3404 4490 ecclesias

164 4545 383 4592 vestras
415 4535 780 4604 pertinebant,
811 4531 1050 4586 libellum
1083 4537 1136 4585 in
1170 4532 1442 4601 publicam
1467 4532 1642 4585 lucem
1679 4533 1860 4588 emisi.
1891 4531 2001 4588 Nec
2030 4534 2202 4587 multo
2231 4542 2373 4602 post,
2399 4547 2510 4587 uuo
2539 4548 2605 4588 ex
2635 4540 2814 4587 vestro
2843 4530 3072 4600 collegio
3106 4538 3160 4584 et
3188 4527 3404 4598 generis

162 4627 474 4692 nobilitate,
523 4635 577 4680 et
616 4639 830 4678 morum
863 4623 1168 4692 integritate
1213 4622 1438 4685 eximio,
1485 4622 1578 4690 qui
1604 4621 1935 4692 jampridem
1984 4639 2046 4677 ex
2099 4623 2200 4676 hac
2249 4623 2465 4676 mortali
2511 4622 2621 4675 vita
2657 4621 2722 4675 ad
2752 4620 3026 4675 catlestem
3060 4618 3315 4688 patriam,
3343 4625 3406 4672 ut

161 4743 393 4799 sperare
421 4727 502 4782 fas
536 4734 640 4788 est,
673 4725 945 4791 migravit,
976 4723 1228 4776 hortante
1254 4737 1317 4776 ac
1345 4722 1628 4786 suadente,
1657 4729 1900 4775 vestrum
1932 4721 2342 4775 sanctissimum
2373 4736 2596 4787 nomen,
2630 4728 2978 4789 vestramque
3001 4716 3400 4780 auctoritatem,

161 4841 292 4898 quae
320 4823 679 4894 quorumdam
729 4818 1099 4890 improborum
1146 4816 1493 4871 sermonibus
1543 4815 1926 4885 impetcbatur,
1961 4815 2102 4870 tueri
2133 4814 2319 4868 curavi
2363 4815 2576 4883 prolixo
2618 4827 2782 4884 opere
2816 4811 3042 4879 scripto,
3080 4805 3224 4877 quod
3259 4819 3402 4859 nun-

161 4932 333 4988 quam
368 4915 601 4984 prodivit
637 4915 687 4967 in
737 4913 1033 4982 publicum,
1069 4914 1198 4982 quia
1242 4928 1420 4981 neque
1467 4912 1606 4965 ratio
1643 4921 1972 4979 temporum,
2002 4925 2123 4979 qua:
2149 4920 2336 4979 postea
2367 4911 2663 4965 subsecuta
2711 4915 2858 4970 sunt,
2885 4919 3064 4974 neque
3093 4898 3403 4970 reipublicae

162 5005 402 5067 utilitas,
433 5018 608 5072 neque
642 5003 748 5056 ulla
777 5001 1022 5071 ejusdem
1057 5001 1237 5069 Operis
1268 5000 1585 5069 praestantia
1613 4998 1878 5067 exigebat.
1908 4997 2110 5052 Deinde
2146 5013 2272 5052 vero
2301 4999 2566 5068 singulari
2586 4997 2934 5053 beniﬁcentia
2961 5003 3168 5051 sanctas
3194 5004 3402 5048 memo-

161 5100 261 5152 ria:
293 5095 588 5150 Clementis
625 5092 716 5146 Xll
764 5096 968 5149 credita
1015 5096 1147 5148 mihi
1180 5104 1264 5150 est
1311 5096 1558 5149 custodia
1605 5093 1897 5148 sanctioris
1936 5095 2144 5148 archivi
2186 5096 2351 5150 castri
2405 5093 2464 5150 S.
2512 5095 2724 5166 Angeli,
2756 5102 2812 5149 et
2839 5093 3002 5165 paulo
3037 5097 3158 5161 post
3200 5102 3404 5143 munus

161 5196 564 5254 abbreviatoris
597 5196 664 5250 de
695 5198 870 5262 curia,
899 5197 1098 5266 quibus
1130 5198 1182 5249 in
1222 5196 1562 5260 muneribus,
1599 5194 1778 5264 quoad
1819 5194 1992 5262 potui,
2038 5209 2102 5248 ea
2148 5210 2281 5249 cura
2325 5208 2388 5247 ac
2428 5193 2708 5262 diligentia
2747 5195 2996 5244 versatus
3042 5197 3188 5246 sum,
3217 5190 3277 5236 ut
3304 5194 3403 5234 vos

162 5291 274 5362 ipsi
298 5288 498 5358 saepius
526 5287 592 5342 de
623 5304 709 5342 tne
740 5288 1350 5343 honorificentissimam
1395 5287 1769 5342 testimonium
1801 5287 2088 5356 perhibere
2120 5303 2227 5342 non
2257 5286 2658 5342 dubitaveritis.
2693 5285 2906 5338 Interea
2939 5293 3071 5334 vero
3098 5277 3165 5334 iis
3193 5282 3403 5344 tempo-

161 5401 292 5444 rum
329 5383 648 5450 intervallis,
676 5399 797 5454 quae
819 5385 950 5438 mihi
977 5401 1006 5439 a
1031 5385 1257 5455 reliquis
1285 5384 1739 5454 occupationibus
1767 5383 2234 5448 concedebantur,
2263 5383 2494 5438 multum
2525 5396 2704 5452 operae
2731 5375 3047 5444 laborisque
3085 5368 3400 5439 consumpsi

166 5481 223 5534 in
257 5475 594 5530 adornaudis
627 5476 1123 5542 observationibus,
1152 5475 1618 5545 longioribusque,
1660 5474 1705 5528 si
1737 5473 1958 5542 quando
2000 5489 2140 5542 opus
2179 5472 2303 5535 fuit,
2347 5470 2828 5528 dissertationibus
2857 5467 2997 5539 typis
3023 5465 3187 5520 etiam
3221 5465 3274 5516 in
3301 5477 3403 5532 pu-

165 5570 370 5626 blicum
415 5568 596 5630 editis,
628 5584 725 5636 pro
768 5569 1104 5637 corrigendis
1135 5569 1524 5624 ecclesiasticis
1548 5565 1910 5622 Orientalium
1949 5569 2232 5623 nationum
2276 5568 2453 5632 libris,
2495 5578 2554 5623 ut
2574 5585 2640 5624 ex
2669 5565 2934 5621 sententia
2964 5558 3403 5633 congregationis

165 5664 556 5719 nonnullorum
589 5672 791 5716 sancta:
816 5661 1074 5716 Romanae
1099 5661 1356 5717 Ecclesiae
1392 5659 1773 5723 cardinalium,
1810 5661 1966 5730 cujus
1998 5677 2098 5730 ego
2139 5677 2167 5715 a
2205 5662 2429 5717 secretis
2464 5663 2532 5716 ab
2565 5663 2753 5719 eodem
2791 5661 3066 5716 Clemente
3095 5645 3214 5722 Xll,
3265 5671 3401 5727 pon-

239 5803 315 5872 (ὅ)
355 5803 562 5859 Concil.
590 5801 830 5860 Trident.
865 5803 935 5860 De
964 5803 1198 5873 "form,
1233 5820 1366 5860 sess.
1393 5818 1537 5868 xxiv,
1563 5817 1681 5872 cap.
1723 5802 1768 5858 Ι.
