4058 6464
609 404 713 461 595
1455 404 1511 458 S.
1551 404 1920 461 ATHANASII
1961 408 2111 465 OPP.
2155 410 2331 466 PARS
2368 410 2454 465 lll.
2488 444 2555 454 —
2586 408 2998 466 EXEGETICA.
3749 408 3861 463 596

612 521 851 577 tiﬁcatus
902 520 987 576 sui
1038 518 1215 585 initio,
1255 520 1326 574 cl.
1365 535 1531 574 mem.
1578 521 1841 575 cardinali
1893 522 2187 579 Francisco
2234 525 2534 580 Barherino
2582 524 2895 594 postulante
2938 519 3291 585 constitutus,
3333 525 3388 572 et
3433 533 3461 572 a
3504 517 3861 574 sanctissimo

612 616 837 673 domino
865 624 1054 670 nostro
1090 614 1385 669 Benedicto
1425 614 1540 667 XIV
1565 616 1918 672 conﬁrmatus
1956 616 2054 683 fui,
2091 620 2363 673 emendati
2406 619 2460 672 in
2492 617 2849 689 typographia
2885 629 3056 669 sacra:
3093 612 3531 684 congregationis
3554 614 3622 669 de
3643 613 3858 682 Propa-

614 716 790 783 ganda
821 713 950 767 Fide
979 712 1045 766 ad
1082 726 1430 766 communem
1453 721 1761 766 exterarum
1801 714 2085 767 nationum
2116 714 2403 768 utilitatem
2437 714 2901 782 imprimerentur.
2932 708 3158 763 Demum
3206 726 3300 779 per
3345 709 3533 765 eadem
3566 710 3681 762 hare
3717 718 3863 761 tem-

614 817 770 872 pora,
813 803 1029 870 quoties
1065 800 1197 854 mihi
1226 799 1612 854 demandatum
1645 810 1748 864 est,
1783 812 1836 856 et
1859 815 2122 872 quantum
2162 804 2360 872 ingenii
2391 806 2494 857 mei
2538 802 2881 856 imbecillitas
2908 801 3133 869 aliaeque
3165 803 3551 871 occupationes
3582 802 3862 864 sinebant,

615 910 725 949 non
757 894 904 949 defui
932 897 984 948 in
1017 896 1326 949 asserendis
1353 892 1614 949 Romana
1657 895 1911 951 Ecclesiae
1941 898 2176 967 jnribus,
2196 899 2642 967 defendendaque
2671 898 2789 966 ejus
2812 897 3076 965 dignitate
3109 905 3161 950 et
3188 895 3538 956 auctoritate,
3560 903 3613 947 et
3635 893 3863 963 potissi-

618 1002 768 1041 mum
790 988 843 1040 in
868 988 1071 1041 tuendo
1088 985 1209 1053 ejus
1224 986 1471 1040 dominio
1493 999 1654 1057 atque
1678 990 1902 1058 imperio
1922 992 1972 1043 in
1995 993 2339 1047 nobilissima
2365 993 2483 1061 ejus
2502 993 2813 1063 patrimonii
2834 1000 3002 1060 parte,
3020 1006 3140 1059 quae
3157 992 3386 1044 aliorum
3405 990 3571 1043 armis
3596 998 3866 1056 occupata

618 1084 914 1139 etiamnum
936 1085 1209 1139 immerito
1230 1084 1513 1146 retinetur.
1533 1087 1705 1141 donec
1728 1089 1930 1142 sedatis
1954 1097 2229 1143 tantorum
2250 1090 2512 1143 bellorum
2532 1089 2790 1149 motibus,
2807 1098 2855 1141 et
2878 1086 3080 1156 pacatis
3097 1083 3408 1138 bellantium
3430 1080 3735 1150 principum
3752 1095 3869 1131 ant-

620 1175 742 1241 mis,
762 1191 856 1245 per
873 1194 1018 1243 eum,
1043 1179 1135 1249 qui
1159 1176 1291 1231 mari
1314 1188 1370 1233 et
1396 1183 1571 1237 ventis
1592 1182 1842 1252 imperat,
1862 1200 1924 1239 ac
1949 1186 2393 1254 tranquillitatem
2426 1185 2572 1248 facit,
2595 1200 2718 1254 spes
2744 1184 2937 1237 melior
2961 1182 3188 1250 Europa:
3214 1191 3266 1233 et
3306 1178 3567 1232 Romanae
3601 1175 3869 1231 Ecclesia:

620 1268 783 1323 rebus
829 1269 1105 1341 aﬂ‘ulgeat.
1137 1271 1317 1338 Quare
1366 1279 1688 1348 intelligitis,
1736 1280 2157 1335 eminentissimi
2206 1280 2416 1347 Patres,
2468 1298 2585 1335 mea
2621 1281 2827 1345 omnia,
2875 1279 3277 1348 qualiacunque
3316 1276 3444 1338 sint,
3486 1283 3670 1329 vestra
3717 1288 3865 1337 esse,

620 1378 745 1417 cum
781 1381 810 1419 a
839 1369 1357 1439 primisjuventutis
1390 1377 1548 1431 annis
1586 1392 1749 1431 omne
1773 1392 1953 1431 meum
2002 1379 2268 1444 studium,
2307 1380 2607 1449 ingenium,
2640 1393 2887 1446 operam,
2923 1375 3159 1428 laborem
3200 1384 3361 1440 atque
3416 1369 3741 1423 industriam
3777 1382 3872 1421 ve-

622 1467 739 1513 stro
773 1462 1001 1529 nomini,
1034 1476 1087 1518 et
1112 1469 1423 1535 apostolica:
1454 1472 1565 1525 sedi
1609 1472 1824 1542 penitus
1855 1473 2154 1527 addixerim
2196 1490 2259 1528 ac
2290 1474 2606 1528 dicaverim.
2638 1472 2714 1525 Ex
2760 1472 2843 1526 his
2872 1480 3051 1525 autem
3081 1480 3413 1537 cognoscere
3441 1464 3691 1532 potestis,
3730 1471 3871 1530 quot

626 1551 940 1607 nominibus
970 1556 1125 1611 vobis
1148 1558 1430 1614 deberetur
1459 1562 1776 1629 praeclarum
1806 1563 1908 1616 hoc
1937 1563 2115 1631 magni
2150 1563 2435 1618 Athanasii
2470 1580 2631 1632 opus,
2670 1564 2721 1616 in
2770 1578 2880 1629 quo
2914 1578 2942 1615 e
2982 1559 3171 1614 Grieco
3206 1558 3261 1609 in
3295 1555 3548 1608 Latinum
3576 1552 3867 1615 vertendo,

625 1642 895 1709 corruptis
925 1643 976 1696 in
1007 1644 1163 1710 locis,
1192 1650 1370 1715 quoad
1398 1648 1565 1711 valui,
1600 1649 1960 1714 emendando,
1988 1659 2042 1704 et
2072 1651 2351 1705 nonnullis
2383 1652 2566 1720 parvis
2592 1651 2733 1703 notis
2766 1648 3087 1703 illustrando
3112 1648 3428 1715 auctor-ique
3448 1660 3547 1699 suo
3573 1644 3873 1697 asserendo

625 1748 732 1787 non
766 1750 954 1803 parum
990 1739 1307 1794 allaboravi.
1351 1740 1418 1794 Ut
1443 1758 1568 1796 vero
1599 1745 1986 1798 munusculum
2018 1746 2141 1809 hoc,
2166 1745 2311 1814 quod
2346 1746 2500 1801 vobis
2536 1746 2838 1799 humillime
2877 1743 3076 1805 offero,
3104 1741 3308 1796 lubenti
3342 1742 3523 1794 animo
3557 1738 3873 1807 excipiatis,

627 1825 761 1880 satis
790 1842 911 1881 esse
940 1840 1068 1897 puto
1095 1831 1376 1885 Athanasii
1409 1849 1604 1887 nomen
1636 1854 1647 1887 :
1693 1836 1795 1888 hac
1827 1852 1934 1889 una
1972 1837 2116 1890 enim
2158 1836 2653 1901 commendatione,
2718 1844 2901 1888 certus
2938 1848 3057 1886 sum
3108 1831 3264 1884 vobis
3312 1828 3427 1881 fore
3461 1828 3875 1896 gratissimum.

628 1914 764 1971 Nam
786 1921 1251 1977 eminentissimus
1281 1922 1567 1987 Baronius,
1615 1942 1872 1995 magnum
1899 1927 2106 1981 ordinis
2131 1928 2295 1981 vestri
2317 1937 2697 1980 ornamentum
2719 1938 2771 1979 et
2790 1925 2979 1988 decus,
3008 1924 3059 1976 in
3086 1924 3201 1977 suis
3226 1922 3613 1975 Ecclesiaslicis
3645 1918 3877 1971 Annali-

631 2006 725 2062 b‘“
743 2010 848 2079 (4)1
876 2030 894 2061 ‘
919 2013 1085 2078 Λάθον
1124 2015 1320 2085 inquit,
1344 2031 1467 2089 post
1506 2030 1580 2075 tot
1604 2030 1859 2090 tantaque
1890 2022 2008 2091 ejus
2036 2038 2134 2091 pro
2153 2032 2296 2076 recta
2322 2024 2423 2075 fide
2441 2022 2758 2082 certamina,
2778 2020 3269 2073 Athanasiinomen
3292 2018 3522 2088 posteris
3537 2016 3803 2069 doctrinae
3825 2022 3881 2065 et

631 2100 941 2158 sanctitatis
966 2102 1267 2172 fulgoribus
1297 2110 1504 2164 clarum
1543 2111 1765 2177 effulsit,
1797 2121 1854 2165 ut
1889 2129 2117 2181 queque
2146 2114 2319 2181 ipsius
2352 2114 2553 2181 scripta
2592 2129 2700 2166 non
2738 2114 2900 2165 modo
2928 2113 3081 2165 avide
3116 2111 3442 2179 legerentur,
3477 2108 3570 2162 sed
3607 2100 3878 2177 singulari

632 2195 866 2263 quadam
901 2200 1205 2254 reverentia
1236 2201 1563 2254 colerentur.
1607 2219 1625 2251 ι
1658 2200 1841 2270 Itaque
1865 2202 1999 2254 nihil
2028 2201 2175 2255 aliud
2215 2203 2348 2255 mihi
2383 2204 2652 2271 reliquum
2684 2211 2790 2264 est,
2825 2203 2927 2255 nisi
2956 2211 3013 2255 ut
3040 2199 3210 2254 Deum
3241 2200 3604 2253 immortalem
3635 2196 3879 2251 submis-

634 2285 710 2340 sis
738 2287 992 2354 precibus
1021 2304 1193 2355 orem,
1226 2300 1283 2343 ut
1307 2306 1402 2344 vos
1425 2291 1515 2343 diu
1555 2306 1718 2345 sanos
1745 2302 1906 2362 atque
1941 2294 2242 2347 incolumes
2274 2304 2489 2363 praestet
2525 2310 2649 2348 cum
2695 2310 2952 2363 supremo
3002 2303 3208 2353 nostro,
3247 2301 3410 2357 atque
3455 2288 3705 2340 omnium
3737 2284 3871 2338 ﬁde-

636 2375 768 2430 lium
800 2389 1020 2448 pastore
1044 2380 1335 2438 Benedicto
1359 2386 1497 2453 XIV,
1523 2389 1809 2442 catholicae
1835 2388 2107 2454 Ecclesim,
2133 2392 2516 2459 plaudentibus
2548 2390 2822 2453 oninibus,
2857 2390 3116 2443 divinitus
3155 2386 3302 2449 dato,
3335 2384 3425 2453 qui
3450 2390 3715 2450 quantum
3742 2379 3883 2434 inter

637 2472 874 2544 reliquos
901 2478 1160 2533 mortales
1182 2480 1442 2550 dignitate
1464 2498 1528 2537 ac
1559 2492 1824 2549 potestate
1855 2484 2189 2553 praeminet,
2226 2493 2433 2537 tantum
2467 2484 2683 2552 ingenio
2713 2498 3006 2551 rerumque
3045 2478 3399 2550 intelligentia
3445 2472 3703 2545 pracellit
3736 2489 3748 2523 :
3787 2469 3881 2538 qui

637 2581 759 2620 cum
793 2571 1077 2637 apostolici
1109 2575 1309 2640 gradus
1350 2573 1679 2627 sublimitate
1726 2588 1890 2643 supra
1926 2588 2115 2627 omnes
2156 2575 2245 2639 sit,
2292 2576 2629 2627 humanitate
2662 2589 2729 2627 ac
2766 2574 3094 2642 benignitate
3126 2570 3265 2625 infra
3316 2583 3507 2624 omnes
3558 2579 3680 2619 esse
3725 2561 3878 2615 vide-

638 2668 725 2714 tur
774 2680 787 2715 :
847 2664 938 2730 qui
999 2680 1083 2717 me
1136 2666 1312 2719 adhuc
1345 2667 1737 2722 adolescentem
1783 2669 2045 2737 singulari
2096 2668 2468 2723 benevolentia
2503 2668 2820 2736 complexus
2860 2677 2986 2720 est:
3022 2665 3115 2735 qui
3165 2682 3250 2717 me
3284 2678 3391 2716 non
3444 2662 3619 2716 solum
3655 2659 3840 2713 verbis
3866 2700 3882 2723 ,

640 2756 734 2809 sed
784 2758 948 2812 etiam
1002 2760 1261 2827 praeclaro
1307 2763 1552 2831 exemplo
1602 2778 1724 2827 suo,
1763 2773 1817 2817 et
1868 2764 1933 2817 ad
1985 2764 2125 2832 juris
2176 2774 2283 2816 tam
2341 2764 2534 2831 privati
2597 2778 2760 2831 quam
2816 2760 3014 2830 publici
3068 2756 3315 2812 notitiam
3352 2751 3780 2822 assequendum,
3830 2760 3885 2804 ct

640 2844 708 2898 ad
780 2847 893 2901 hinc
955 2848 1059 2901 alia
1118 2850 1388 2903 sanctiora
1449 2852 1659 2911 studia,
1719 2868 1840 2921 quae
1900 2853 1953 2905 in
2024 2862 2224 2907 sortem
2292 2852 2383 2906 Dei
2442 2863 2664 2907 vocatos
2732 2852 2967 2907 maxime
3032 2852 3262 2913 decent,
3336 2847 3515 2901 verbis
3578 2846 3693 2899 suis
3771 2842 3882 2905 iam

641 2942 770 2996 olim
808 2943 1021 3013 impulit
1061 2960 1124 2999 ac
1169 2944 1515 2999 stimulavit:
1554 2946 1647 3014 qui
1712 2961 1961 2999 summus
2018 2945 2275 3001 Ecclesiae
2320 2944 2560 3015 pontifex
2606 2944 2974 3002 renuntiatus,
3029 2954 3247 3011 postero
3304 2938 3593 2994 electionis
3660 2936 3770 2999 die,
3824 2948 3888 2990 ut

642 3036 927 3091 liberiores
950 3038 1081 3091 mihi
1112 3037 1176 3090 ad
1209 3053 1331 3091 eum
1362 3036 1539 3090 aditus
1582 3044 1786 3102 essent,
1832 3037 1971 3091 inter
2013 3036 2331 3100 familiares,
2373 3036 2462 3105 qni
2508 3035 2577 3088 ab
2618 3034 2810 3087 intimo
2836 3033 3090 3085 cubiculo
3138 3038 3287 3095 sunt,
3342 3028 3580 3096 primum
3634 3024 3884 3078 omnium

640 3129 863 3192 ascivit,
887 3140 942 3182 et
978 3130 1361 3197 triennio-post
1390 3144 1418 3181 a
1472 3130 1691 3183 secretis
1719 3144 1888 3183 sacrae
1924 3127 2360 3197 congregationis
2398 3141 2561 3195 super
2592 3124 2755 3179 rebus
2786 3122 3261 3179 consistorialibus
3298 3118 3596 3173 declaravit
3625 3134 3637 3169 :
3665 3116 3760 3184 qui
3789 3114 3887 3169 de-

646 3234 819 3281 mum,
852 3236 975 3273 cum
1024 3236 1206 3274 rerum
1248 3221 1741 3274 ecclesiasticarum
1788 3219 2092 3283 scientiam,
2123 3227 2174 3272 et
2206 3232 2482 3272 sacrarum
2538 3216 2839 3271 litterarum
2876 3213 3055 3268 studia
3090 3228 3198 3267 non
3254 3211 3416 3265 modo
3454 3209 3507 3261 in
3540 3222 3598 3262 se
3629 3215 3777 3259 amet
3827 3221 3889 3257 ac

646 3310 854 3381 diligat,
888 3310 979 3364 sed
1003 3310 1163 3363 etiam
1199 3312 1250 3363 in
1278 3310 1399 3364 aliis
1427 3324 1546 3362 esse
1578 3324 1739 3377 quam
1771 3289 2005 3361 maxime
2029 3308 2235 3376 cupiat,
2279 3322 2499 3376 parvam
2552 3321 2724 3358 meam
2758 3304 3141 3357 bibliothecam
3170 3299 3446 3370 prreclaris
3481 3297 3598 3351 suis
3628 3293 3888 3363 operibus

651 3397 725 3452 De
776 3399 1161 3467 beatiﬁcatione
1209 3408 1257 3452 el
1320 3400 1723 3452 canonizalione
1777 3413 2041 3451 servorum
2095 3397 2229 3461 Dei,
2277 3397 2351 3449 De
2408 3396 2535 3448 Iesu
2584 3395 2780 3448 Christi
2841 3391 3133 3459 Matrisque
3183 3394 3295 3460 ejus
3362 3389 3539 3456 festis,
3592 3385 3669 3440 De
3717 3384 3891 3437 misse

647 3492 911 3561 sacriﬁcio
960 3494 1254 3546 liberaliter
1305 3493 1521 3550 donatis
1579 3494 1858 3558 instruxit,
1910 3510 2018 3563 quo
2045 3507 2269 3547 munere
2298 3491 2428 3545 nihil
2459 3491 2589 3544 mihi
2624 3489 2961 3560 splendidius
2992 3482 3531 3557 magnificentiusque
3564 3491 3688 3531 esse
3727 3476 3891 3530 duco.

653 3581 859 3641 Valete.

898 3744 1079 3805 Romae,
1124 3745 1356 3793 Kalendis
1378 3744 1508 3792 Junii
1550 3744 1665 3792 1746

1256 3746 1356 3793 udis
1378 3744 1508 3792 Junii
1550 3744 1665 3792 i746
2824 3795 2858 3805 μ

2822 3795 3049 3844 Nicolaus
3072 3794 3383 3841 Amosutus

2230 3890 2459 3952 Ejusdem
2486 3901 2581 3937 sae.
2614 3888 2821 3948 Collegii
2847 3894 2898 3933 et
2917 3898 3013 3933 sae.
3038 3883 3320 3933 Consistorii
3345 3894 3371 3929 a
3397 3880 3611 3928 secretis

727 4023 805 4093 (ι)
838 4023 918 4080 Ad
945 4038 1034 4080 an.
1066 4024 1186 4088 540,
1217 4042 1269 4079 n.
1304 4022 1393 4077 XI.
