4058 6450
206 368 302 426 601
874 375 958 432 DE
1001 378 1274 439 TITULIS
1316 383 1763 443 PSALMORUM.
1801 416 1871 428 -
1907 383 2715 442 ANTONELLIRPRIEFATIO.
3321 378 3427 435 602

202 501 423 553 sequor,
452 503 482 543 a
511 489 797 554 sententia,
823 499 877 544 et
910 503 1089 548 mente
1122 498 1457 554 sanctissimi
1502 500 1746 556 doctoris
1792 499 2145 556 discederem.
2193 498 2445 553 Albertus
2489 497 2771 551 Fabricius
2801 493 2984 549 scribit
3035 490 3326 564 Hamburgi
3369 494 3426 548 in

203 577 530 635 bibliotheca
558 578 801 634 Joannea
831 593 1043 640 exstare
1075 589 1497 659 manuscriptam
1533 592 1835 646 versionem
1883 590 2130 646 Latinam
2183 589 2239 644 8.
2285 589 2562 643 Athanasii
2609 589 2661 642 in
2700 589 2938 643 Psalmos
2991 589 3318 643 elaboratam
3358 589 3427 644 ab

201 669 320 724 Elia
358 671 649 743 Ebingero,
692 673 783 742 qui
834 675 1020 728 codice
1052 676 1239 732 Graeco
1291 679 1631 734 bibliotheca:
1675 681 2000 751 Augustam:
2037 695 2168 734 usus
2200 687 2302 733 est.
2350 680 2431 732 An
2478 679 2566 731 illa
2603 678 2885 731 translatio
2913 677 2982 732 sit
3015 677 3240 745 hujusce
3279 691 3423 730 com-

204 764 481 829 mentarii,
520 780 614 819 seu
644 766 1023 836 metaphrasis,
1052 786 1212 838 quam
1248 789 1392 828 nunc
1446 774 1497 826 in
1539 774 1709 828 lucem
1739 775 1955 837 damus,
1984 789 2051 828 an
2079 789 2206 828 vero
2237 772 2459 826 alterius
2487 771 2707 825 omnino
2739 771 2981 834 diverse,
3011 780 3159 824 certo
3191 781 3428 825 statuere

204 874 314 913 non
351 861 551 928 ausim,
583 877 706 916 cum
733 863 798 915 ad
831 877 1025 916 manus
1072 879 1219 918 ineas
1253 880 1358 917 non
1405 867 1726 934 pervenerit.
1779 865 1881 919 Sed
1919 867 1964 920 si
1995 866 2307 933 conjectura
2342 879 2498 934 agere
2530 863 2669 926 licet,
2712 862 3176 916 verosimillimum
3208 861 3426 932 quidem

203 964 309 1018 est,
347 955 651 1023 hujusmodi
682 957 1132 1010 commentarium
1178 957 1232 1013 S.
1279 959 1577 1013 Athanasio
1612 962 1903 1029 ascriptum
1939 961 2060 1013 aliis
2083 961 2190 1030 jam
2221 961 2270 1013 in
2298 961 2469 1013 lucem
2497 959 2654 1014 editis
2683 959 2904 1011 minime
2926 972 3045 1011 esse
3073 957 3425 1021 dissimilem;

204 1063 330 1100 nam
364 1049 408 1102 si
443 1065 599 1104 secus
630 1049 788 1115 foret,
827 1050 878 1104 id
912 1052 1085 1117 ipsum
1112 1049 1566 1114 animadvertere.
1595 1067 1657 1104 ac
1688 1051 1982 1106 lectoribus
2015 1052 2130 1106 suis
2163 1051 2421 1116 indicare,
2455 1060 2516 1104 ut
2540 1054 2590 1103 in
2625 1064 2721 1104 sua
2759 1048 3080 1101 Bibliotheca
3116 1049 3315 1118 passim
3349 1048 3428 1102 fa-

200 1152 325 1192 cere
353 1140 488 1194 solet
511 1141 910 1196 eruditissimus
941 1155 1092 1209 atque
1121 1155 1183 1193 ac
1209 1141 1655 1208 diligentissimus
1690 1143 1791 1205 vir,
1819 1158 1926 1196 non
1961 1145 2389 1212 praetermisisset

276 1233 362 1287 Π.
407 1232 508 1288 Sed
537 1233 796 1304 quoniam
831 1234 970 1288 idem
1006 1235 1263 1288 Albertus
1295 1232 1575 1289 Fabricius
1611 1236 1788 1289 varias
1818 1233 2157 1288 Psalmorum
2194 1236 2580 1305 expositiones,
2614 1249 2734 1304 qua:
2776 1232 2832 1288 S.
2860 1233 3158 1287 Athanasio
3183 1234 3428 1288 tribuun-

200 1339 312 1394 tur,
351 1342 594 1383 recensct
620 1330 719 1400 (5),
747 1345 923 1398 opera:
959 1329 1191 1397 pretium
1221 1341 1304 1384 est
1340 1329 1459 1398 ejus
1490 1330 1651 1384 verba
1679 1331 1780 1384 hoc
1804 1331 1923 1385 loco
1959 1330 2156 1385 referre
2184 1348 2196 1382 :
2227 1351 2243 1382 ι
2271 1331 2648 1401 Expositiones
2684 1335 2733 1386 in
2768 1335 3028 1399 Psalmos,
3063 1354 3080 1386 ι
3103 1335 3174 1388 ait
3204 1336 3428 1405 loquens

196 1419 268 1472 de
309 1418 566 1486 operibus
596 1419 767 1472 sancti
798 1418 1101 1484 Athanasii,
1139 1438 1155 1470 ι
1183 1437 1414 1488 quarum
1446 1421 1640 1490 exigua
1671 1422 2070 1490 apospasmatia
2113 1423 2356 1489 qua-dam
2390 1432 2620 1478 verterat
2651 1421 2974 1492 Politianus,
3019 1436 3180 1495 atque
3219 1429 3429 1497 priores

194 1513 466 1567 editiones
495 1512 694 1566 Graeca:
720 1522 771 1565 et
807 1511 1009 1567 Latina:
1038 1515 1422 1576 exbibuerant,
1454 1513 1638 1568 Daniel
1668 1516 1796 1568 item
1827 1514 2098 1569 Barbarus
2133 1517 2390 1569 nonnulla
2425 1527 2476 1570 et
2501 1517 2792 1572 Corderins
2823 1521 3163 1589 vulgaverant
3199 1520 3250 1573 in
3283 1531 3430 1576 cate-

197 1606 287 1658 nis
314 1604 534 1659 Patrum
565 1605 633 1658 ad
659 1604 945 1657 Psalmos:
978 1606 1069 1659 sed
1103 1603 1437 1658 Benedictini
1474 1605 1630 1674 longe
1664 1606 2001 1674 copiosiores
2038 1606 2090 1659 in
2125 1616 2296 1660 totum
2335 1605 2690 1671 Psalterium,
2722 1609 2846 1662 licet
2873 1626 2971 1664 nec
2999 1611 3075 1666 ita
3101 1613 3305 1680 plenas.
3335 1622 3430 1667 aut

195 1700 460 1768 integras,
490 1714 518 1752 e
549 1699 824 1753 codicibus
851 1697 1035 1768 Regiis
1059 1706 1112 1752 et
1145 1697 1473 1752 Golbertinis
1504 1709 1841 1763 catenarum,
1871 1708 1924 1752 et
1951 1700 2351 1769 expositionum
2397 1701 2449 1752 in
2484 1699 2724 1754 Psalmos
2757 1703 2987 1756 offerunt
3019 1719 3070 1773 p.
3101 1705 3426 1762 1009-1259.

192 1788 488 1843 Mediolani
536 1790 590 1843 in
642 1788 964 1844 bibliotheca
998 1789 1360 1844 Ambrosiana
1392 1798 1688 1843 occurrunt
1741 1791 2132 1844 commentaria
2164 1791 2442 1846 Athanasii
2490 1793 2542 1844 in
2578 1791 2817 1847 l’salmos
2844 1791 3027 1850 Graece
3055 1797 3323 1866 descripta
3363 1817 3430 1854 ex

191 1881 385 1935 codice
418 1881 547 1934 bibl.
583 1879 930 1947 Scorialensi,
968 1891 1020 1935 et
1048 1880 1236 1936 Latine
1265 1881 1471 1934 reddita
1504 1883 1616 1935 sive
1643 1881 1710 1935 ab
1740 1882 1974 1936 Antonio
1998 1883 2219 1952 Giggeo,
2258 1884 2371 1936 sive
2399 1884 2504 1937 alio
2527 1886 2783 1953 quodam.
2811 1885 2887 1940 Ex
2917 1888 3022 1942 illis
3049 1902 3427 1959 argumentum

190 1973 252 2024 in
273 1971 514 2026 Psalmos
536 1973 757 2044 dignum
788 1974 928 2028 lectu
954 1983 1006 2027 et
1033 1976 1406 2041 supplementa
1430 1973 1675 2042 quaedam
1708 1976 2225 2029 commentariorum
2252 1975 2398 2028 dedit
2422 1974 2860 2033 Montfauconius
2888 1979 2941 2033 in
2957 1978 3270 2036 Collectioue
3296 2000 3428 2038 nova

195 2061 449 2128 Patrum,
488 2075 620 2118 tom.
655 2063 718 2130 ll,
755 2079 876 2134 pag.
910 2064 1132 2118 70-101.
1158 2063 1709 2116 Animadvertendum
1735 2070 1837 2125 est,
1876 2063 2051 2133 inquit
2083 2063 2221 2116 idem
2256 2064 2338 2114 vir
2365 2064 2701 2120 clarissimus
2725 2067 2778 2120 in
2817 2069 2996 2122 Diario
3022 2070 3231 2135 Italico,
3260 2089 3311 2142 p.
3341 2074 3426 2140 12,

187 2157 364 2210 alium
396 2156 559 2210 etiam
595 2155 1048 2210 commentarium
1083 2155 1135 2207 in
1167 2155 1267 2208 ista
1300 2153 1647 2215 bibliotheca,
1680 2168 1777 2207 nec
1807 2168 1916 2206 non
1946 2155 1999 2206 in
2033 2152 2218 2206 Museo
2250 2153 2590 2209 Justinianeo
2624 2154 2859 2214 Venetiis
2884 2161 3039 2230 (adde
3068 2179 3188 2235 pag.
3216 2165 3305 2235 69)
3334 2182 3429 2221 oc-

190 2263 438 2311 currere,
465 2248 555 2316 qui
581 2248 864 2303 Athanasii
889 2261 1083 2300 nomen
1110 2243 1418 2314 praefer-Lat
1448 2244 1727 2298 Athanasii
1760 2243 1938 2314 magni
1966 2259 2090 2298 esse
2122 2246 2326 2314 nequit.
2358 2243 2518 2301 Istius
2542 2247 2753 2302 initium
2774 2259 2856 2304 est
2878 2269 2888 2302 :
2914 2253 3194 2325 Μακάριος
3218 2257 3424 2326 ἀνὴρ...

191 2337 336 2393 αὑτὴ
429 2339 733 2408 προφητεία
766 2338 1065 2411 πληροῦται
1093 2341 1172 2401 εἰς
1201 2339 1290 2390 τὸν
1343 2337 1540 2408 Ἰωσὴφ
1570 2337 1660 2390 τὸν
1697 2338 1788 2409 Ἀρ

1825 2337 2038 2408 μαθίας.
2086 2338 2413 2394 Athanasius
2466 2341 2521 2394 in
2555 2341 2796 2398 Psalmos
2844 2360 2911 2398 ex
2953 2349 3199 2402 versione
3237 2348 3427 2406 Latina

193 2425 328 2480 Elia:
355 2425 630 2494 Ebingeri,
656 2427 748 2494 qui
778 2426 965 2480 codice
988 2425 1174 2480 Graeco
1198 2425 1536 2479 bibliotheca:
1578 2425 1906 2495 Augustanze
1931 2443 2063 2482 usus
2093 2426 2213 2494 fuit,
2233 2439 2406 2483 exstat
2435 2447 2535 2484 ms.
2571 2432 2624 2484 in
2656 2432 2972 2489 bibliotheca
2997 2434 3235 2492 Joannea
3271 2439 3430 2508 hujus

189 2519 348 2574 urbis
379 2517 826 2588 Hamburgensis.
866 2518 1060 2573 llabuit
1097 2519 1260 2572 etiam
1316 2519 1598 2572 Athanasii
1633 2521 1688 2571 in
1722 2519 1963 2572 Psalmos
2002 2525 2456 2576 commentarium
2486 2523 2670 2580 Graece
2697 2527 3023 2598 descriptum
3055 2530 3430 2603 Wagen_selius

188 2613 221 2664 6
252 2610 590 2681 μακαρίτης,
625 2611 765 2664 unde
795 2619 1038 2663 asservat
1068 2610 1315 2663 eumdem
1359 2609 1558 2680 Lipsia:
1589 2611 1640 2663 in
1671 2611 1842 2678 patria
1880 2627 1998 2664 inca
2033 2612 2322 2666 thesaurus
2353 2615 2606 2668 librarius
2637 2618 2956 2686 amplissimi
2985 2599 3226 2678 senatus.
3251 2599 3430 2695 Expo-

190 2703 448 2755 sitionem
479 2701 764 2754 Athanasii
798 2702 847 2753 in
871 2699 1112 2754 Psalmos
1145 2702 1404 2756 Serviana
1441 2704 1622 2772 lingua
1653 2707 1756 2770 (est
1786 2703 1897 2756 haec
1923 2703 2134 2757 Slavica
2165 2704 2450 2774 dialectus)
2487 2721 2588 2760 ms.
2618 2707 2668 2760 in
2696 2709 3019 2767 bibliotheca
3046 2713 3103 2768 8.
3133 2716 3429 2774 Salvator-is

193 2792 480 2856 Bononiae,
508 2804 671 2862 atque
700 2795 927 2848 Arabice
953 2811 1056 2847 una
1082 2811 1204 2848 cum
1232 2794 1472 2863 Epistola
1505 2795 1573 2848 ad
1605 2795 1973 2850 Marcellinum
2005 2799 2057 2851 in
2085 2799 2408 2853 bibliotheca
2437 2801 2793 2856 Ambrosiana
2817 2805 3001 2860 codice
3029 2807 3131 2862 500
3161 2826 3428 2867 annorum

193 2895 464 2940 memorat
507 2887 644 2939 idem
682 2884 1118 2939 Montfauconius
1154 2884 1220 2938 ad
1265 2885 1622 2940 Athanasium
1657 2893 1788 2938 tom.
1834 2884 1889 2951 l,
1946 2902 2066 2956 pag.
2104 2887 2240 2943 1005
2282 2900 2332 2942 et
2370 2887 2526 2944 1006.
2560 2888 2881 2962 Fragmenta
2916 2900 3360 2954 commentario“
3376 2918 3427 2955 η]

188 2980 482 3033 Athanasii
514 2980 565 3030 in
599 2976 840 3031 Psalmos
873 2996 900 3030 a
946 2977 1105 3032 Petro
1133 2978 1498 3035 Felckmanno
1545 2981 1769 3036 collecta
1803 2997 1832 3035 e
1869 2979 2067 3036 Nicetae
2100 2985 2453 3052 metropolita:
2483 2982 2750 3040 Heracleae
2777 2986 3071 3060 Συναγωγῇ
3118 2989 3432 3063 ἐξηγήσεων

190 3077 249 3130 in
287 3075 502 3144 priores
537 3073 776 3144 psalmos
807 3074 875 3127 72
907 3085 1272 3147 manuscripta
1298 3077 1352 3130 in
1384 3077 1708 3132 bibliotheca
1742 3077 2006 3144 Palatina,
2046 3094 2165 3148 pag.
2204 3079 2528 3147 1241-1262,
2573 3082 2665 3135 lib.
2695 3097 2767 3147 ιι,
2793 3097 2913 3152 pag.
2950 3085 3074 3137 511.
3100 3106 3118 3135 ι
3161 3085 3430 3145 Hactenus

189 3169 498 3225 Fabricius.

267 3268 331 3322 γ.
361 3267 749 3332 Quamobrem,
793 3283 917 3324 cum
948 3264 1130 3334 plures
1154 3266 1264 3319 sint
1292 3263 1634 3320 Psalmorum
1661 3265 2050 3336 expositiones,
2079 3283 2199 3336 quae
2227 3266 2284 3322 S.
2317 3267 2597 3323 Athanasii
2626 3284 2819 3324 nomen
2859 3270 3177 3342 inscriptum
3223 3288 3332 3342 pra;
3373 3290 3432 3329 se

191 3359 400 3422 ferunt,
426 3374 647 3414 necesse
667 3368 748 3414 est
769 3358 992 3428 paulum
1017 3355 1221 3427 aliquid
1245 3357 1311 3412 de
1345 3356 1454 3411 illis
1480 3358 1769 3418 disserere,
1795 3374 1904 3427 quo
1936 3361 2107 3430 magis
2133 3369 2468 3426 compertum
2497 3361 2607 3427 ﬁat,
2635 3377 2701 3415 an
2735 3379 2820 3427 ea,
2849 3380 3010 3433 quam
3043 3365 3093 3418 in
3128 3367 3300 3420 lucem
3333 3367 3430 3421 da-

190 3465 339 3507 mus.
370 3457 626 3516 tanquam
653 3449 947 3518 genuinum
994 3447 1113 3516 ejus
1144 3462 1280 3517 opus
1327 3448 1676 3502 sanctissimo
1709 3447 1931 3502 Doctori
1962 3451 2031 3502 sit
2065 3449 2404 3505 ascribenda.
2442 3451 2517 3504 Ac
2551 3453 2782 3520 primum
2812 3453 2969 3506 verba
3007 3453 3202 3508 faciant
3243 3455 3310 3509 de
3343 3455 3435 3512 illa

187 3559 315 3612 quae
344 3540 629 3594 Mediolani
668 3542 719 3594 in
749 3541 1079 3598 bibliotheca
1111 3543 1491 3608 Ambrosiana,
1522 3556 1576 3598 et
1607 3543 1844 3598 Venetiis
1896 3544 1950 3597 in
1996 3543 2320 3598 bibliotheca
2357 3543 2692 3599 Justinianea
2729 3550 3014 3615 reperitur.
3061 3547 3208 3603 llanc
3249 3561 3437 3606 autem

188 3645 386 3693 sancto
414 3636 713 3692 Athanasio
740 3638 1021 3707 abjudicat
1050 3635 1209 3690 Pater
1235 3635 1696 3700 Montfauconius,
1719 3635 2103 3703 existimatque
2129 3635 2209 3687 vel
2247 3633 2382 3688 falso
2411 3635 2690 3689 Athanasii
2715 3652 2908 3690 nomen
2938 3636 3255 3704 inscriptum
3286 3656 3432 3706 esse,

189 3735 279 3787 vel
309 3733 532 3787 alterius
575 3733 858 3788 Athanasii
894 3734 1059 3788 fuisse
1103 3747 1297 3801 magno
1327 3732 1627 3785 Athanasio
1667 3729 2003 3786 recentior-is.
2069 3727 2202 3782 Nam
2238 3730 2289 3781 in
2323 3730 2694 3785 admonitione
2723 3748 2842 3801 qua:
2871 3733 3144 3802 proposita
3178 3743 3261 3788 est
3299 3750 3432 3806 sup-

190 3827 469 3897 plemento
499 3827 1013 3881 commentariorum
1042 3827 1096 3877 in
1124 3825 1368 3878 Psalmos
1395 3826 1448 3878 in
1480 3823 1632 3878 Nova
1663 3824 1968 3877 collectione
1999 3819 2224 3876 Patrum
2257 3833 2306 3876 et
2339 3825 2653 3892 scriptorum
2681 3823 3003 3889 Gmcorum,
3037 3825 3162 3880 talia
3200 3824 3391 3880 scribit
3414 3843 3430 3856 ·

197 3943 216 3970 ι
235 3918 516 3973 Lectorem
542 3932 759 3971 monere
778 3917 950 3986 juvat,
973 3919 1422 3972 commentarium
1451 3917 1615 3970 alium
1640 3915 1922 3970 Athanasii
1949 3917 2167 3968 nomine
2199 3914 2326 3967 ferri
2365 3915 2416 3966 in
2447 3913 2771 3968 bibliotheca
2803 3912 3141 3969 Justiniauea
3171 3912 3431 3983 Venetiis,

190 4013 364 4080 inque
394 4009 750 4064 Ambrosiana
783 4007 1092 4071 Mediolani,
1130 4025 1354 4079 prorsus
1379 4009 1654 4062 diversum
1685 4009 1752 4061 ab
1781 4028 1792 4060 ι

1830 4009 1947 4071 lito,
1981 4007 2137 4076 cujus
2168 4007 2380 4059 initiqu
2410 4025 2422 4059 :
2464 4007 2526 4058 Ἢ
2553 4007 2649 4076 μὲν
2675 4007 2977 4078 προφητεία
3026 4008 3324 4080 πληροῦται
3352 4010 3432 4073 εις

187 4105 288 4159 ςδν
330 4105 527 4175 Ἰωσὴφ
559 4103 649 4156 τὸν
684 4102 1036 4175 Ἀριμαθαῖον
1062 4122 1075 4135 °
1112 4106 1205 4160 sed
1237 4121 1358 4159 cuni
1392 4123 1421 4159 ιι
1458 4105 1672 4159 nemine
1699 4120 1786 4159 scr

1827 4115 2028 4172 atoruni
2062 4112 2415 4167 memoretur,
2447 4103 2530 4155 vel
2558 4103 2777 4156 alterius
2822 4112 3010 4156 nostro
3040 4106 3254 4174 gentilis
3293 4121 3429 4172 opus

192 4201 380 4263 fuerit,
411 4200 493 4254 vel
527 4201 878 4255 Athanasium
913 4199 1062 4253 illum
1093 4217 1345 4270 magnum
1377 4200 1686 4254 ementitur.
1712 4219 1729 4249 ν
1752 4197 1816 4251 Ει
1841 4201 1894 4252 in
1931 4197 2115 4251 Diario
2148 4195 2340 4252 Italico
2356 4196 2429 4267 (6)
2457 4212 2744 4252 recensens
2769 4197 2983 4251 codices
3006 4213 3035 4250 a
3067 4214 3125 4252 se
3153 4199 3204 4250 in
3236 4197 3434 4264 biblio-

192 4296 360 4348 theca
391 4294 755 4349 Ambrosiana
787 4295 1060 4366 inspectos
1094 4312 1105 4346 :
1137 4295 1710 4349 «Animadvertendum
1740 4303 1843 4360 est,
1872 4294 2246 4364 inquit,aliinn
2271 4293 2719 4347 commentarium
2753 4293 2804 4346 in
2835 4293 2934 4347 ista
2967 4293 3309 4358 bibliotheca,
3333 4309 3433 4350 nec

192 4405 310 4444 non
342 4390 395 4440 in
423 4387 608 4442 Musco
631 4387 969 4444 Justinianeo
997 4387 1237 4442 Venetiis
1266 4403 1574 4455 occurrere,
1603 4390 1692 4459 qui
1726 4389 2006 4443 Athanasii
2039 4403 2236 4442 nomen
2264 4391 2392 4440 item
2426 4384 2679 4455 priefert:
2711 4395 2764 4438 at
2785 4386 3069 4440 Athanasii
3109 4388 3284 4455 magni
3310 4402 3433 4443 esse

194 4480 406 4549 nequit.
443 4478 771 4534 Germanum
812 4483 958 4535 enim
993 4483 1222 4552 singulis
1253 4481 1423 4536 ferme
1455 4483 1666 4552 paginis
1695 4481 1881 4536 multis
1922 4488 2043 4551 post
2074 4478 2432 4533 Athanasium
2469 4476 2682 4531 saeculis
2716 4477 3079 4545 patriarcham
3119 4475 3434 4533 Constanti-

195 4576 573 4648 nopolitanum
598 4587 953 4632 memoratum
986 4580 1254 4633 novimus.
1281 4563 1436 4632 lsiius
1465 4577 1678 4630 initium
1704 4585 1786 4630 est
1811 4591 1822 4626 :
1845 4576 2128 4645 Μακάριος
2162 4574 2351 4644 ἀνήρ,›
2381 4581 2484 4626 ete.
2513 4570 2577 4624 Et
2610 4569 2662 4623 in
2691 4570 2877 4624 eodem
2899 4568 3081 4620 Diario
3111 4569 3340 4639 loquens
3365 4570 3431 4625 de

192 4671 499 4726 bibiotbcca
525 4669 860 4748 Justinianea
890 4672 965 4725 ait
990 4687 1004 4723 :
1041 4672 1235 4725 «Adest
1255 4687 1471 4740 quoque
1496 4671 1923 4725 commentarius
1949 4667 2229 4722 Athanasii
2264 4669 2318 4720 in
2349 4664 2609 4730 Psalmos,
2633 4667 2789 4734 cujus
2814 4666 3064 4734 scriptor,
3087 4665 3166 4718 vel
3190 4665 3433 4718 Athana-

191 4768 340 4820 sium
371 4765 694 4832 ementitur,
732 4768 814 4820 vel
845 4767 984 4822 alius
1015 4766 1301 4838 ὁμώνυμος
1335 4777 1417 4821 est
1448 4767 1636 4820 titulus
1667 4782 1679 4816 :
1714 4765 1793 4816 Βίε

1825 4772 1898 4828 to;
1931 4764 2023 4816 τοῦ
2062 4764 2510 4834 προᾳητὰνακτος
2544 4761 2724 4821 Δασὶδ,
2756 4759 2848 4810 καὶ
2884 4757 3024 4810 θείου
3057 4757 3427 4827 ὑμνογράφου,

185 4857 356 4918 Liber
405 4859 664 4926 prop/ietw
702 4861 856 4928 regis,
905 4876 966 4913 ac
1005 4857 1168 4911 divini
1201 4861 1508 4928 hymnorum
1537 4858 1787 4928 scriptori;

1834 4857 2068 4910 Davidis.
2108 4855 2236 4910 Post
2267 4859 2378 4910 haec
2408 4872 2419 4906 :
2464 4855 2751 4926 ἘΞή-ίησις
2789 4851 2882 4904 τοῦ
2925 4853 2981 4903 ἐν
3010 4850 3183 4917 ἁγίοις
3218 4848 3429 4920 Πατρὸς

190 4947 355 5019 ἡμῶν
413 4948 756 5002 ἈΟανασὶου’
811 4948 1087 5020 Expositio
1129 4949 1185 5004 S.
1211 4949 1393 5005 Patris
1440 4953 1604 5004 nostri
1642 4949 1939 5003 Athanasii.
1985 4946 2125 5001 Idem
2176 4947 2596 5003 commentarius
2638 4955 2751 5010 est,
2784 4953 2944 5013 atque
2989 4945 3076 4996 ille
3119 4944 3185 4996 de
3214 4959 3322 5013 quo
3374 4943 3428 4996 in

191 5039 556 5094 Ambrosiana
584 5057 801 5110 supra.»
831 5040 895 5095 Et
914 5043 1172 5112 quoniam
1197 5043 1299 5095 erit
1327 5041 1554 5096 fortasse
1581 5041 1776 5110 aliquis
1802 5057 1980 5095 rerum
2006 5038 2490 5092 ecclesiasticarum
2517 5035 2813 5094 studiosus,
2832 5034 2922 5102 qui
2953 5033 3426 5096 commentarium,

193 5130 356 5199 cujus
389 5130 524 5186 locis
554 5147 715 5202 supra
754 5133 984 5188 laudatis
1029 5130 1284 5188 meminit
1319 5131 1753 5187 Moutfauconius
1775 5171 1788 5195 ,
1833 5131 1876 5186 si
1922 5146 2027 5184 non
2083 5139 2251 5183 totum
2273 5169 2288 5191 ,
2325 5135 2469 5182 certe
2495 5143 2557 5181 ex
2591 5139 2741 5194 parte
2775 5129 3037 5199 inspicere
3060 5127 3425 5194 desiderabit;

192 5223 343 5276 baud
376 5223 639 5294 ingratam
669 5242 756 5281 me
799 5228 991 5283 lectori
1021 5226 1442 5283 remJacturum
1471 5228 1697 5294 credidi,
1732 5237 1788 5281 ut
1819 5242 1974 5282 suam
2006 5226 2072 5280 de
2102 5242 2167 5278 eo
2200 5221 2524 5279 sententiam
2554 5233 2722 5278 tutius
2756 5223 2899 5279 ferre
2929 5223 3118 5294 possit,
3149 5223 3194 5277 si
3229 5238 3292 5276 ex
3329 5237 3425 5276 eo-

191 5316 321 5370 dem
355 5319 748 5374 commentario
780 5323 1175 5390 expositionem
1206 5324 1259 5378 in
1289 5322 1526 5392 primum
1561 5322 1617 5377 S.
1656 5323 1798 5392 regis
1828 5321 2049 5375 Davidis
2085 5323 2351 5390 psalmum
2391 5322 2491 5375 hoc
2521 5320 2641 5374 loco
2663 5319 3042 5389 ascripserim;
3065 5331 3182 5371 eam
3207 5317 3422 5385 quidem

189 5412 454 5481 scriptam
490 5413 667 5468 inveni
699 5416 749 5468 in
783 5418 986 5487 pagella
1018 5420 1222 5474 inserta
1255 5419 1308 5472 in
1339 5428 1590 5474 nostrum
1620 5419 1885 5482 codicem,
1909 5427 1961 5472 et
1991 5418 2214 5472 minime
2234 5433 2356 5471 cum
2382 5417 2501 5470 aliis
2527 5414 2732 5470 codicis
2762 5415 2970 5484 paginis
2999 5419 3184 5466 assuta
3218 5419 3272 5466 et
3294 5426 3428 5466 con-

189 5507 479 5575 glubnata.
515 5509 667 5573 Quod
698 5529 762 5567 eo
796 5513 1048 5569 libentius
1083 5517 1244 5576 facio,
1283 5515 1410 5585 quia
1444 5515 1496 5568 in
1528 5517 1885 5585 expositione,
1932 5533 2093 5585 quam
2133 5515 2185 5569 in
2217 5516 2491 5584 publicum
2520 5514 2678 5570 edere
2709 5511 2893 5578 statui,
2925 5525 3116 5566 manca
3145 5520 3228 5566 est
3261 5510 3428 5566 inter-

190 5601 428 5671 pretatio
461 5603 621 5672 primi
657 5609 870 5676 psalmi.
901 5607 1087 5680 Itaque
1117 5610 1261 5665 illius
1295 5611 1416 5665 loco
1443 5613 1801 5682 supplementi
1829 5613 1942 5668 vice
1973 5613 2086 5667 haec
2116 5612 2236 5676 erit,
2266 5627 2385 5680 qua:
2410 5610 2532 5666 talis
2564 5617 2667 5665 est.

370 5756 510 5842 “Lib.
532 5777 570 5842 Iv
593 5760 734 5816 Bibl.
767 5764 961 5842 Grca,
999 5785 1115 5842 pag.
1143 5771 1249 5825 504
1283 5770 1409 5841 (vet.
1441 5771 1612 5841 edit.).

260 5827 340 5897 (6)
367 5829 498 5897 Cap.
529 5831 585 5891 2,
616 5846 733 5902 pag.
782 5837 861 5892 12.
