4058 6446
218 390 326 448 805
889 395 979 452 DE
1019 396 1294 454 TlTULlS
1333 397 1787 456 PSALMORUM.
1829 432 1901 443 ——
1939 397 2331 457 ANTONELLI
2364 396 2755 454 PREFATIO.
3371 391 3473 443 606

214 511 629 580 exscripsimus.
662 512 862 585 Estque
887 519 1057 574 codex
1089 521 1176 574 ille
1206 535 1396 576 recens
1421 521 1489 576 ab
1517 522 1816 592 antiquiori
1852 521 2180 578 Scorialensi
2207 522 2552 591 desumptus.
2587 519 2720 574 Nam
2752 526 2813 573 ut
2837 518 2892 572 in
2922 515 3204 572 Athanasii
3239 513 3405 576 edito,
3438 528 3467 565 a

214 601 374 657 nobis
405 604 546 658 haud
594 605 668 659 ita
723 607 931 676 pridem
975 607 1259 676 adornato,
1308 610 1644 677 monuimus,
1688 611 2055 682 expositiones
2085 613 2187 666 illae
2229 611 2510 667 Athanasii
2542 627 2648 666 non
2679 611 2931 665 omnibus
2963 609 3077 664 suis
3115 605 3386 678 partibus,
3415 611 3470 657 et

214 692 463 746 numeris
491 693 756 750 absolutae
781 705 929 764 sunt,
971 699 1064 752 sed
1094 701 1509 755 amanuensium
1539 701 1766 756 ausibus
1798 707 1997 772 passim
2029 713 2310 766 truncam,
2339 715 2391 758 et
2421 704 2472 757 in
2507 703 2884 774 compendium
2915 702 3144 756 redactae
3175 718 3187 753 :
3216 696 3464 767 quaedam

214 783 378 836 etiam
411 800 477 838 ex
511 788 719 842 catenis
749 798 942 844 erutae.
977 787 1119 843 Nihil
1160 807 1343 845 moror
1391 793 1708 862 scriptorem
1740 810 2049 863 nuperum,
2100 795 2191 865 qui
2222 796 2592 864 expositiones
2642 796 2760 850 illas
2808 797 2864 848 in
2913 793 3150 846 Psalmos
3196 805 3304 843 non
3345 800 3465 842 esse

213 873 500 932 Athanasii
530 895 870 951 praepropere
896 888 1265 952 pronuntiavit
1291 904 1306 953 ;
1336 890 1427 943 sed
1465 890 1612 943 nulla
1639 891 1817 944 oblata
1851 893 2078 961 negandi
2111 893 2337 948 ratione.
2367 891 2509 945 Nihil
2552 892 2640 944 ille
2673 890 2904 952 curavit,
2941 888 3053 940 imo
3089 886 3269 956 potius
3301 883 3464 938 dissi-

213 969 468 1032 mulavit,
506 971 608 1025 hoc
641 974 844 1042 operis,
878 976 1135 1030 omnibus
1167 987 1288 1048 post
1317 979 1675 1036 Athanasium
1702 983 1938 1048 saeculis,
1968 985 2253 1038 Athanasii
2286 987 2527 1047 nomine,
2560 984 2736 1037 allatis
2763 983 3079 1051 plerumque
3123 977 3279 1040 locis.
3315 985 3371 1029 υι
3407 974 3460 1028 in

215 1061 482 1118 hodierno
508 1069 901 1123 commentario
929 1081 1164 1136 exstant,
1203 1088 1232 1126 a
1265 1074 1539 1144 plerisque
1573 1077 1930 1146 scriptoribus
1981 1079 2273 1132 memorari
2309 1097 2322 1130 :
2352 1078 2488 1132 nihil
2520 1077 2687 1130 movit
2724 1075 2955 1130 atlinitas
3001 1074 3143 1144 styli,
3190 1073 3461 1140 verbaque

215 1151 522 1224 frequentia
553 1156 915 1214 Athanasiani
942 1179 1094 1226 usus,
1127 1165 1259 1219 nihil
1293 1167 1566 1233 codicum,
1598 1169 1738 1223 unde
1763 1169 2102 1238 prodierunt,
2136 1179 2413 1235 vetustas;
2447 1185 2565 1235 qua:
2594 1183 2723 1221 sane
2759 1174 3011 1221 accurato
3039 1163 3274 1225 censori,
3309 1170 3462 1215 ante-

211 1258 376 1310 quam
407 1247 728 1300 sententiam
772 1247 954 1316 ferret,
1003 1254 1146 1308 serio
1175 1265 1330 1310 erant
1376 1259 1716 1314 excutienda.
1763 1259 1958 1314 Verum
2004 1261 2094 1314 ille
2125 1271 2300 1315 nasuti
2333 1277 2391 1315 se
2433 1261 2604 1314 critici
2642 1269 2816 1328 partes
2841 1258 3016 1327 egisse
3045 1255 3284 1324 putavit,
3311 1269 3456 1315 cum,

211 1337 382 1392 missa
422 1339 731 1409 importuna
780 1344 868 1398 illa
913 1346 1269 1418 investigandi
1301 1360 1356 1405 et
1384 1353 1721 1422 disquiremli
1770 1371 1955 1424 opera,
2004 1357 2380 1411 incunctanter
2407 1357 2811 1426 pronuntiavit:
2844 1352 2962 1406 Non
2991 1363 3113 1406 sunt
3147 1350 3458 1412 Athanasii;

210 1435 302 1488 cui
333 1451 432 1491 nos
466 1439 581 1505 pari
613 1439 871 1495 facilitate
905 1445 1218 1512 reponimus
1250 1465 1262 1499 :
1291 1447 1422 1502 Sunt
1461 1453 1778 1514 Athanasii;
1823 1468 1852 1506 a
1881 1469 1986 1521 qua
2016 1469 2071 1505 re
2096 1455 2276 1506 dcnuo
2306 1452 2708 1521 comprobanda
2737 1464 2836 1504 nos
2862 1447 3132 1512 exemisti,
3162 1446 3290 1500 dum
3325 1442 3459 1497 nihil

217 1525 413 1591 aﬂ'ers,
443 1544 550 1597 quo
584 1538 660 1582 tot
690 1532 1014 1600 scriptorum
1049 1535 1378 1603 testimonia,
1412 1549 1595 1609 totque
1623 1542 1725 1616 alia
1765 1544 2117 1614 γνησιότητος
2161 1553 2476 1613 argumenta
2504 1543 2796 1597 eonvellas.
2825 1539 2993 1594 Nemo
3020 1555 3150 1592 sane
3181 1537 3339 1610 nobis
3377 1535 3460 1588 di-

209 1629 332 1668 cam
364 1617 660 1688 impingat,
696 1623 840 1690 quod
875 1640 939 1676 ev
971 1625 1157 1679 ali‘ccta
1208 1629 1287 1681 vel
1325 1631 1673 1698 praejudicata
1709 1635 1965 1702 opinione
1997 1636 2181 1704 spuria
2215 1639 2297 1689 vel
2330 1637 2493 1689 dubia
2527 1650 2690 1704 opera
2720 1648 2816 1702 pro
2851 1631 3126 1701 germanis
3156 1640 3206 1683 et
3236 1627 3459 1681 assertis

205 1705 552 1774 dederimus;
585 1726 706 1763 nam
751 1728 846 1782 pro
875 1717 1038 1778 virili,
1074 1728 1126 1769 et
1162 1730 1220 1771 ut
1250 1722 1388 1790 aequi
1426 1725 1561 1779 ratio
1592 1727 1801 1794 pustula

1857 1735 1918 1790 ll,
1951 1727 2160 1791 νοθείας
2180 1766 2194 1789 ,
2231 1727 2312 1779 vel
2340 1727 2690 1796 γνησιότητος
2723 1733 2877 1776 notas
2901 1722 3207 1790 quibusque
3243 1715 3457 1787 praemi-

206 1803 404 1857 simus.
431 1806 510 1860 Ac
541 1806 663 1861 licet
700 1812 897 1881 cuique
930 1814 1158 1869 liberum
1191 1823 1470 1875 sententia
1496 1823 1782 1876 adversum
1819 1840 1920 1878 nos
1952 1824 2186 1878 ferenda
2221 1824 2504 1877 arbitrium
2540 1823 2849 1881 mittamus,
2889 1819 2933 1871 si
2965 1818 3086 1886 quis
3113 1826 3289 1868 tamen
3323 1811 3460 1864 hanc

205 1897 551 1962 provinciam
585 1899 761 1968 adeat,
797 1907 1009 1960 nonnisi
1041 1911 1286 1966 excussis
1318 1916 1672 1980 argumentis,
1710 1927 1764 1970 et
1811 1918 1973 1979 notis,
2003 1934 2140 1986 quas
2171 1933 2264 1986 pro
2293 1917 2546 1970 facultate
2582 1914 2900 1968 tractatibus
2933 1909 3160 1980 singulis
3189 1903 3457 1977 prannisi-

204 2006 353 2057 mus,
377 1994 580 2062 judicis
607 2006 659 2051 ct
693 2002 938 2055 censoris
973 2014 1155 2070 partes
1190 2019 1438 2077 occupet.
1477 2029 1494 2061 ι

284 2087 394 2143 VII.
436 2090 630 2146 Postea
665 2109 793 2148 vero
827 2101 1155 2154 severiorem
1190 2120 1476 2158 censuram
1526 2109 1578 2160 in
1628 2111 2076 2165 commentarium
2122 2127 2277 2179 super
2317 2109 2581 2170 Psalmos,
2624 2114 2678 2160 et
2725 2106 2777 2158 in
2828 2100 2931 2153 alia
2965 2111 3126 2166 opera
3155 2095 3208 2148 in
3245 2106 3456 2147 sacram

205 2176 551 2249 Scripturain
583 2184 868 2242 Athanasii
920 2193 1141 2246 nomine
1179 2208 1208 2246 a
1250 2193 1352 2248 PP.
1384 2196 1748 2254 Bcnedictinis
1781 2217 1873 2254 seu
1910 2201 1966 2255 P.
2003 2176 2386 2257 Montfaucono
2428 2202 2571 2255 edita
2619 2198 2740 2252 tulit
2785 2190 3088 2246 Casimirus
3118 2184 3365 2240 Oudinus
3403 2182 3455 2236 in

207 2271 363 2327 hanc
393 2273 613 2330 modum
653 2280 729 2347 (9)
759 2298 771 2333 :
807 2300 824 2332 ι
855 2280 989 2346 Quis
1035 2286 1219 2339 credat
1256 2303 1492 2357 unquam
1532 2307 1788 2361 magnum
1817 2294 2197 2359 Athanasium,
2231 2296 2282 2347 in
2318 2294 2464 2347 omni
2494 2293 2600 2345 vita
2639 2298 2717 2343 tot
2752 2283 2979 2342 exsiliis,
3015 2280 3158 2348 fugis
3189 2285 3241 2329 et
3271 2290 3458 2344 perse-

208 2368 529 2425 cutionibus
560 2373 821 2442 agitatum
851 2415 866 2439 ,
905 2386 1114 2431 tantum
1149 2380 1405 2437 habuisse
1438 2385 1535 2437 otii
1561 2423 1576 2447 ,
1615 2395 1671 2440 ut
1704 2388 2125 2441 commentarios
2160 2389 2212 2440 in
2258 2385 2525 2447 Psalmos,
2558 2382 2773 2439 Jobum.
2833 2373 3078 2433 (λωιιίεθν
3112 2367 3457 2437 Ενίιηῧεηιιω

202 2459 470 2528 Matthmi,
506 2475 560 2519 et
588 2467 762 2530 Lucae,
795 2469 1096 2539 Epistulam
1133 2476 1198 2529 ad
1247 2474 1535 2542 Hebrzcos,
1570 2488 1623 2534 et
1648 2483 2039 2550 expositionem
2084 2485 2137 2536 in
2183 2481 2497 2553 Symbolum
2546 2476 2841 2531 scriberet?
2879 2472 3016 2526 Sunt
3046 2470 3160 2522 haec
3196 2481 3371 2536 nugs,
3406 2474 3461 2519 et

201 2565 520 2609 Commenta
545 2561 866 2615 recentioris
885 2560 1105 2617 Graeciae
1137 2565 1379 2634 antiquis
1406 2569 1684 2638 incognita
1717 2575 2097 2642 scriptoribus,
2123 2590 2354 2643 quorum
2385 2571 2570 2626 nullus
2593 2579 2834 2622 veterum
2861 2562 3187 2618 mentionem
3218 2571 3456 2624 unquam

208 2641 365 2732 fecit.
400 2644 567 2700 Miror
597 2647 975 2707 Bcnedictinos
1007 2655 1305 2712 monachos
1331 2657 1404 2711 ita
1435 2674 1631 2724 pueros
1670 2641 1859 2728 fuisse,
1889 2675 1948 2719 ut
1977 2641 2246 2732 excerptis
2287 2665 2404 2719 istis
2437 2675 2489 2717 et
2515 2659 2922 2717 commentariis
2953 2655 3240 2710 adhibeant
3275 2650 3459 2710 tidem,

204 2725 375 2792 dubio
402 2744 612 2810 procul,
643 2754 702 2799 ut
751 2747 805 2800 in
847 2747 951 2802 hac
986 2762 1122 2800 nova
1158 2763 1253 2802 sua
1301 2750 1559 2815 editione,
1591 2769 1791 2810 novum

1859 2758 2036 2827 iliquid
2060 2799 2073 2822 ,
2110 2725 2234 2812 licet
2267 2758 2458 2813 falsum
2508 2759 2688 2826 magni
2721 2749 3000 2805 Athanasii
3033 2744 3353 2816 produxisse
3379 2740 3461 2798 vi-

203 2829 465 2889 deantur.
495 2835 935 2894 Commentarius
962 2840 1015 2892 in
1040 2839 1287 2893 Psalmos
1316 2843 1542 2899 eductus
1565 2861 1630 2900 ex
1658 2851 1942 2904 recentiori
1975 2851 2312 2905 bibliothecae
2343 2850 2717 2904 Ambrosiana:
2739 2848 2944 2909 codice,
2973 2845 3066 2913 qui
3095 2851 3460 2895 trecentorum

201 2941 482 2982 annorum
513 2945 620 2984 non
652 2942 755 2998 est,
790 2935 993 3004 quique
1038 2938 1240 2990 rectius
1267 2939 1439 2994 multo
1468 2941 1539 2996 ob
1569 2944 1772 2998 codicis
1817 2947 2110 3001 novitatem
2152 2948 2456 3001 Athanasio
2508 2943 2827 3015 patriarcha}
2859 2934 3462 3002 Constantinopolitano

206 3021 573 3088 tribueretur,
605 3027 697 3095 qui
734 3029 836 3081 sub
870 3028 1182 3086 Andronico
1212 3034 1427 3088 seniore
1455 3035 1598 3091 circa
1645 3053 1847 3092 annum
1882 3040 2018 3094 i300
2071 3040 2285 3105 ﬂoruit,
2316 3041 2474 3110 cujus
2509 3048 2720 3094 aetatem
2760 3036 2941 3091 refert.
2995 3035 3106 3088 lmo
3148 3032 3281 3086 alter
3311 3045 3465 3085 com-

206 3116 518 3171 mentarius
549 3118 605 3170 in
628 3118 872 3173 Psalmos
915 3122 968 3174 in
999 3124 1185 3178 eadem
1237 3126 1565 3183 bibliotheca
1596 3129 1754 3201 longe
1782 3132 2044 3201 prolixior
2076 3133 2178 3186 sub
2216 3132 2498 3186 Athanasii
2530 3132 2774 3201 ejusdem
2804 3130 3043 3193 nomine,
3075 3141 3236 3196 quem
3282 3132 3460 3177 tamen

208 3205 391 3276 ipsius
419 3223 528 3262 non
559 3225 680 3264 esse
724 3211 984 3268 evincunt
1009 3216 1301 3272 citationes
1334 3217 1557 3274 Patrum
1589 3222 1890 3278 Athanasio
1927 3224 2316 3289 recentiorum,
2356 3225 2432 3278 uti
2468 3223 2666 3278 fatetur
2696 3225 2810 3292 ipse
2841 3220 3150 3274 Bernardus
3182 3217 3249 3271 de
3280 3213 3463 3267 Mont-

202 3299 466 3356 fauconio
504 3303 557 3356 in
610 3303 799 3360 Diario
827 3305 1042 3375 Italico,
1075 3325 1195 3380 cap.
1227 3310 1281 3374 2,
1316 3327 1434 3381 pag.
1479 3313 1564 3379 {2,
1596 3315 1687 3369 ubi
1713 3314 2044 3370 Germanum
2078 3317 2266 3371 multis
2297 3326 2416 3386 post
2459 3315 2817 3370 Athanasium
2855 3310 3068 3366 szeculis
3095 3306 3462 3379 patriarcham

199 3389 876 3465 Constantinopolitanum
914 3412 1274 3457 memoratum
1323 3405 1506 3460 refert.
1544 3426 1562 3456 ι
1594 3405 1718 3461 Hinc
1745 3409 1987 3463 convicia
2022 3410 2201 3477 potius
2243 3425 2405 3479 quam
2457 3415 2743 3463 censuram
2787 3403 2982 3460 acriori
3023 3398 3305 3457 stomacho
3332 3411 3464 3452 evo-

205 3486 348 3539 muit
379 3487 462 3538 vir
490 3501 519 3539 a
547 3487 827 3543 catholicie
875 3492 1154 3562 religionis
1188 3497 1385 3552 castris
1421 3498 1702 3569 transfuga
1734 3510 1787 3555 et
1818 3501 2052 3565 rebellis,
2100 3502 2256 3571 cujus
2305 3501 2611 3556 refellenda:
2640 3501 2880 3555 audacia:
2908 3496 3242 3566 provinciam
3293 3491 3465 3545 Bene-

207 3575 434 3628 dictinis
465 3575 715 3633 Patribus
746 3579 1016 3650 relinquo.
1048 3582 1242 3638 Verum
1273 3586 1403 3641 illud
1431 3591 1948 3657 praetermittendum
1976 3608 2084 3648 non
2116 3603 2219 3657 est,
2247 3593 2391 3660 quod
2413 3594 2661 3662 superius
2691 3592 2948 3646 admonui
2998 3610 3010 3644 :
3045 3585 3467 3643 commentarios

204 3668 267 3720 in
307 3667 551 3723 Psalmos
584 3671 867 3728 Athanasii
903 3677 1126 3732 nomine
1159 3679 1227 3734 ab
1260 3680 1394 3751 ipsis
1419 3683 1594 3740 editos
1621 3687 1688 3740 ad
1733 3703 1985 3757 magnum
2023 3689 2383 3744 Athanasium
2417 3705 2522 3744 non
2560 3688 2852 3758 pertinere,
2889 3701 2993 3738 non
3025 3684 3144 3752 ejus
3181 3681 3343 3735 unius
3373 3678 3468 3747 ju-

207 3758 420 3813 dicium
448 3769 561 3827 est,
595 3763 690 3818 sed
719 3765 949 3823 aliorum
979 3771 1144 3826 etiam
1187 3772 1469 3830 doctorum
1502 3777 1768 3843 virorum,
1818 3779 1913 3850 qui
1947 3780 2000 3833 in
2033 3781 2276 3851 legendis
2323 3782 2657 3836 sanetissimi
2702 3774 3091 3846 archiepiscopi
3124 3772 3465 3838 aliorumque

208 3860 462 3905 veterum
498 3850 721 3908 Patrum
767 3859 1027 3927 operibus
1059 3865 1258 3917 versati
1292 3877 1438 3920 sunt.
1474 3866 1854 3926 Tillemontius
1874 3910 1889 3936 ,
1920 3881 1978 3926 ut
2023 3850 2158 3927 alios
2189 3875 2435 3928 omittam
2457 3913 2470 3938 ,
2502 3873 2582 3925 vir
2611 3870 2903 3942 singularis
2932 3862 3276 3921 eruditionis,
3323 3861 3467 3912 allii--

207 3953 329 3996 mat
361 3945 494 4016 (i0),
528 3961 587 4000 se
615 3946 670 3999 in
702 3953 1134 4017 commentariis,
1185 3955 1253 4012 de
1285 3959 1486 4026 quibus
1520 3963 1719 4030 agitur,
1755 3964 1935 4034 aliqua
1967 3965 2202 4018 aliorum
2239 3965 2563 4034 scriptorem
2600 3967 2713 4019 loca
2742 4004 2756 4029 ,
2798 3976 2960 4029 quam
3014 3951 3299 4009 Albanas“
3322 3992 3336 4015 ν
3379 3962 3468 4016 cui

203 4033 557 4102 tribuuntur,
593 4035 934 4093 observasse.
972 4039 1079 4096 Sed
1106 4044 1370 4103 hactenus
1394 4047 1461 4102 de
1481 4052 1893 4106 commentariis
1925 4067 2079 4122 super
2100 4033 2402 4109 Paalmosia
2431 4052 2535 4107 PP.
2573 4051 2931 4109 Benedictinis
2965 4053 3018 4105 in
3057 4051 3327 4121 publicam
3360 4047 3467 4100 uti-

209 4128 430 4182 litatem
469 4127 768 4200 evulgatis;
801 4146 949 4187 nunc
972 4132 1038 4188 de
1065 4133 1277 4193 Slavica
1301 4155 1397 4195 seu
1426 4138 1636 4212 Illyrica
1659 4141 2001 4199 Psalmorum
2031 4146 2497 4216 interpretatione,
2529 4147 2582 4200 in
2605 4161 2712 4217 qua
2742 4145 2928 4200 itidem
2961 4143 3245 4198 Athanasii
3269 4154 3468 4195 nomen

211 4219 550 4289 inscriptum
588 4223 850 4290 occurrit,
888 4225 1095 4295 aliquid
1127 4229 1263 4282 mihi
1291 4231 1580 4286 dicendum
1618 4244 1887 4304 superest.

295 4312 427 4368 Vill.
473 4315 704 4373 Exhibet
735 4320 790 4373 in
822 4336 922 4376 suo
953 4321 1140 4377 Diario
1173 4322 1371 4381 Italico
1406 4327 1521 4396 (ii)
1549 4329 1683 4384 clar.
1711 4331 1793 4385 vir
1817 4330 1976 4386 Pater
2008 4330 2317 4388 Bernartius
2346 4331 2694 4387 Montfaucon
2727 4339 2913 4386 notam
2948 4327 3196 4384 codicum
3231 4319 3470 4378 etenohii

212 4407 626 4462 Canonicorum
659 4409 1014 4479 liegularium
1048 4412 1106 4468 S.
1144 4413 1463 4473 Salvatoris.
1500 4418 1645 4476 inter
1676 4431 1903 4479 caeteros
1937 4432 2117 4479 autem
2151 4426 2602 4485 commentarium
2630 4427 2683 4480 in
2714 4425 2962 4482 Psalmos
2989 4418 3161 4475 sancti
3186 4413 3469 4469 Athanasli

211 4499 438 4554 Slavica
473 4501 659 4572 lingua
693 4505 956 4574 scriptum
996 4507 1081 4563 his
1113 4511 1293 4566 verbis
1325 4513 1612 4568 enuntiat:
1650 4533 1668 4565 ‹
1699 4513 1881 4570 Codex
1930 4531 2038 4570 non
2087 4518 2405 4587 spernendae
2439 4522 2758 4585 vetustatis,
2793 4522 2850 4575 in
2899 4533 3008 4589 quo
3041 4517 3232 4587 psalmi
3278 4516 3473 4569 chara-

207 4610 365 4657 ctere
396 4598 632 4658 Slavico.
668 4621 686 4655 ι
723 4601 778 4656 ln
806 4605 1180 4662 admonitione
1209 4617 1415 4676 autem,
1441 4625 1563 4679 quae
1587 4611 1931 4681 praemittitur
1956 4610 2295 4668 Exvositioni
2318 4613 2654 4667 Psalmorum
2681 4615 2853 4669 sancti
2886 4611 3191 4674 Athanasii,
3219 4623 3384 4678 quam
3414 4605 3468 4659 in

207 4707 375 4769 parte
403 4699 640 4753 secunda
673 4700 804 4754 tomi
841 4702 1002 4771 primi
1033 4717 1259 4774 operum
1285 4705 1532 4774 ejusdem
1569 4707 1900 4763 sanctissimi
1933 4706 2182 4763 Doctoris
2215 4709 2330 4778 ipse
2371 4711 2559 4773 edidit,
2593 4711 2718 4764 talia
2746 4711 3050 4765 habentur:
3095 4727 3111 4756 |
3143 4703 3330 4759 Narrat
3366 4701 3472 4757 Ga-

211 4795 361 4851 briel
393 4794 719 4862 Grodecius,
750 4795 1141 4868 Dantzicanus,
1191 4802 1469 4871 professor
1498 4802 1776 4859 Hebraicze
1825 4804 2021 4876 linguae
2053 4805 2106 4858 in
2143 4805 2421 4860 academia
2453 4804 2704 4874 Lipsiana
2728 4849 2742 4871 ,
2778 4808 2859 4858 vir
2886 4805 3103 4863 doctus,
3138 4815 3204 4854 ac
3234 4796 3468 4852 necessi-

209 4887 413 4944 tudine
443 4888 578 4942 mihi
625 4888 979 4958 eonjunetus,
1006 4900 1224 4947 exstare
1255 4893 1309 4946 in
1342 4892 1668 4949 bibliotheca
1712 4893 1770 4949 S.
1807 4895 2108 4950 Salvatoris
2134 4895 2491 4951 Bononiensis
2524 4897 2576 4950 in
2611 4897 2799 4952 codice
2824 4894 3144 4964 pet-antiquo
3175 4888 3470 4959 expositio-

212 4995 350 5037 nem
381 4977 665 5034 Athanasii
689 4982 742 5033 in
771 4978 1015 5034 Psalmos
1043 4980 1301 5038 Serviana
1335 4983 1540 5055 lingua,
1566 5001 1687 5056 quae
1717 4995 1798 5040 est
1836 4985 2048 5041 Slavica
2076 4987 2364 5052 dialectus,
2399 4997 2527 5040 sunt
2556 4997 2733 5040 autem
2762 4986 2932 5040 Servii
2959 4985 3142 5057 Mysia:
3162 4982 3466 5053 superioris

211 5071 433 5145 populi,
472 5086 572 5126 nec
600 5071 818 5143 ambigo
851 5087 914 5126 ex
961 5074 1046 5128 his
1075 5075 1278 5130 nostris
1310 5077 1740 5145 expositionibus
1774 5077 1986 5132 Slavice
2010 5094 2228 5134 versam
2257 5076 2446 5134 fuisse.
2483 5098 2504 5129 ι
2535 5077 2639 5132 Sed
2688 5075 2893 5135 fallitur
2934 5081 3016 5131 vir
3041 5076 3289 5130 eruditus
3322 5093 3335 5129 ε
3368 5075 3471 5129 isle

213 5167 375 5224 enim
406 5168 837 5224 commentarius
867 5165 1079 5225 Slavica
1109 5187 1201 5226 seu
1237 5169 1471 5245 Illyrica,
1500 5191 1606 5229 non
1637 5183 1815 5229 autem
1851 5173 2112 5230 Serviana
2137 5177 2320 5248 lingua
2354 5176 2590 5246 scriptus
2617 5184 2737 5241 est;
2777 5186 2951 5242 neque
2986 5179 3071 5224 est
3110 5169 3164 5223 in
3198 5166 3468 5222 Slavicam

212 5260 521 5317 dialectum
558 5261 854 5317 translatus
886 5277 952 5317 ex
995 5259 1200 5317 Graecis
1231 5265 1678 5332 expositionibus,
1713 5278 1853 5335 quas
1896 5265 2013 5335 ipse
2061 5266 2202 5321 inter
2234 5281 2396 5336 opera
2439 5265 2496 5320 S.
2522 5265 2806 5322 Athanasii
2849 5263 3050 5328 edidit,
3081 5261 3176 5318 sed
3221 5259 3360 5313 idem
3388 5266 3471 5312 est

215 5376 290 5415 ac
322 5358 414 5412 ille
442 5359 536 5430 qui
570 5359 776 5414 Graecis
803 5357 998 5415 litteris
1026 5373 1090 5414 ac
1125 5355 1303 5412 verbis
1347 5359 1582 5428 scriptus
1617 5366 1672 5411 et
1708 5359 2048 5427 compositus
2075 5355 2318 5413 Venetiis
2348 5358 2402 5411 in
2436 5357 2770 5412 Justinianea
2795 5398 2809 5422 ,
2844 5365 2899 5409 et
2929 5352 3214 5408 Mediolani
3259 5351 3313 5403 in
3341 5349 3469 5403 Am-

213 5451 488 5510 brosiana
518 5451 846 5506 bibliotheca
878 5452 1164 5521 reperitur,
1197 5458 1250 5504 et
1279 5465 1476 5518 quem,
1507 5458 1564 5504 ut
1595 5450 1757 5518 paulo
1790 5460 1915 5504 ante
1941 5450 2075 5514 dixi,
2111 5465 2218 5505 non
2243 5464 2364 5506 esse
2388 5449 2694 5511 Athanasii,
2733 5446 2794 5503 P.
2828 5444 3177 5500 Montfaucon
3213 5439 3466 5495 aliirmat.

214 5545 494 5619 Equidem
521 5545 684 5615 hujus
713 5543 1088 5600 commentarii
1123 5542 1359 5605 initium,
1402 5557 1592 5610 nempe
1636 5541 1941 5596 orationem
1991 5557 2112 5611 quae
2165 5542 2560 5597 commentario
2589 5540 2944 5610 przeponitur,
2985 5546 3037 5593 et
3066 5533 3466 5605 expositionem

297 5663 620 5736 (9)\Cogmm.
659 5665 722 5718 de
746 5663 934 5736 script.
961 5660 1131 5736 ιζςςζε,
1155 5671 1285 5716 tom.
1318 5659 1514 5736 [ηερε.
1547 5673 1620 5726 tv,
1653 5676 1701 5716 c.
1733 5658 1787 5725 8,
1823 5657 1968 5717 Diu.
2002 5659 2066 5718 de
2089 5677 2172 5732 op.
2203 5659 2262 5717 S.
2299 5661 2520 5727 Alliam,
2553 5673 2676 5731 pag.
2708 5657 2831 5714 38‘.

299 5731 415 5877 (lt);
455 5734 614 5790 Ilfém.
648 5735 799 5798 eccl.,
834 5731 966 5790 tem.
997 5731 1128 5798 VIII,
1158 5747 1278 5804 pag.
1315 5731 1439 5786 257‘.

300 5806 387 5877 (ll
449 5808 583 5877 Cap.
613 5806 703 5874 27,
737 5821 858 5877 pag.
897 5805 1026 5862 407.

300 5805 415 5878 (il)
449 5808 583 5878 Cap.
613 5806 703 5874 27,
737 5821 858 5877 pag.
897 5805 1026 5862 407.
