4058 6440
585 375 684 431 607
1425 379 1478 433 S.
1524 379 1891 434 ATHANASH
1931 382 2080 436 DPP.
2125 383 2306 438 PAIIS
2345 384 2430 440 III.
2474 381 2974 438 —EXEGETICA.
3730 381 3838 436 608

586 510 640 548 rn
675 495 910 562 primum
958 496 1230 564 psalmum
1267 498 1429 559 dabo,
1465 516 1627 567 quam
1668 510 1859 555 nactus
1895 519 2012 555 sum
2071 513 2120 556 et
2163 519 2324 573 opera
2360 514 2412 557 et
2459 519 2586 558 cura
2636 501 3069 557 reverendissimi
3102 500 3160 554 P.
3197 499 3408 556 abbatis
3463 498 3836 570 Migliavacca.

587 589 846 643 Canonici
881 588 1164 659 Regularis
1196 592 1406 648 ordinis
1438 594 1494 649 S.
1529 597 1856 661 Salvatoris,
1889 599 1980 666 qui
2015 601 2180 653 etiam
2222 616 2278 653 se
2319 599 2386 652 ab
2416 599 2536 652 aliis
2565 599 2839 652 audivisse
2887 597 3018 651 mihi
3076 596 3318 649 narravit
3352 613 3364 648 :
3400 594 3458 649 P.
3495 593 3840 648 Montfauco-

590 695 744 742 n'un,
788 695 908 733 cum
943 697 1038 749 per
1073 681 1372 737 Bononiam
1407 684 1507 738 iter
1535 685 1760 747 laceret,
1799 691 2113 744 monasterii
2149 690 2206 742 S.
2244 691 2542 745 Salvatoris
2574 692 2953 744 bibliothecam
2986 688 3243 750 adivissc,
3278 698 3439 757 atque
3475 689 3527 741 in
3559 703 3624 741 ea
3654 689 3838 756 inspe-

590 770 692 825 ctis
723 771 959 840 antiquis
993 774 1278 827 codicibus
1307 779 1722 846 manuscriptis,
1773 781 1974 848 quibus
2023 780 2347 834 bibliotheca
2387 783 2475 834 illa
2531 789 2772 850 prmstat,
2821 794 2944 833 cum
2993 781 3137 838 hunc
3171 782 3238 838 de
3285 800 3395 853 quo
3426 783 3604 853 agitur
3636 793 3842 836 attente

591 863 1014 929 considerasset,
1048 867 1292 921 suasisse
1329 866 1764 930 bibliotherario,
1791 880 1848 922 ut
1877 883 2073 922 nomen
2105 870 2388 924 Athanasii
2421 872 2644 935 deleret,
2678 880 2839 939 atque
2871 872 2923 924 iu
2955 871 3132 928 fronte
3161 875 3366 929 codicis
3397 875 3696 928 ascriberet
3740 890 3840 927 no-

593 970 715 1010 men
752 955 807 1010 S.
843 958 1031 1028 Cyr-illi
1067 959 1454 1029 Alexandrini;
1488 973 1542 1017 et
1571 963 1787 1032 quidem
1834 973 1890 1018 ut
1921 965 1987 1016 ab
2017 965 2194 1018 amico
2225 965 2329 1018 sibi
2364 967 2657 1020 novissime
2685 966 3049 1036 signiﬁcatum
3100 983 3221 1020 esse
3264 967 3560 1031 asserebat,
3598 980 3748 1019 nunc
3790 967 3840 1018 in

593 1064 756 1120 parva
792 1052 1012 1116 scheda,
1049 1069 1171 1118 qua:
1203 1054 1251 1105 in
1280 1054 1468 1107 eodem
1517 1052 1705 1106 codice
1740 1052 1990 1115 exsistit,
2041 1053 2330 1106 recentiori
2378 1056 2692 1108 charactere
2722 1055 2980 1124 scriptum
3019 1056 3120 1124 legi
3171 1072 3365 1110 nomen
3400 1055 3458 1110 S.
3491 1056 3677 1126 Cyrilli
3732 1057 3847 1123 epi-

595 1148 744 1217 SCOpi
771 1148 1155 1213 Alexandrini;
1209 1151 1262 1202 in
1299 1149 1536 1220 tegmine
1586 1159 1766 1202 autem
1823 1147 2032 1201 codicis
2077 1147 2256 1201 adhuc
2302 1163 2584 1202 remanere
2635 1163 2828 1202 nomen
2863 1149 3168 1203 Athanasii.
3215 1147 3328 1213 Qua
3361 1148 3425 1201 de
3459 1163 3627 1202 causa
3663 1157 3845 1200 autem

596 1244 841 1300 eruditus
868 1245 952 1298 vir
981 1245 1033 1299 id
1064 1244 1370 1299 faciendum
1405 1243 1702 1306 censuerit,
1729 1257 1814 1296 me
1847 1243 1995 1296 latet.
2026 1240 2210 1312 Itaque
2241 1245 2616 1312 cujuscunque
2639 1247 2880 1299 auctoris
2911 1245 3339 1300 commentarius
3376 1245 3461 1298 ille
3492 1243 3583 1310 sit,
3611 1259 3701 1297 me
3733 1259 3848 1295 rem

597 1347 805 1408 gratam
836 1341 1053 1394 curioso
1081 1341 1266 1395 lectori
1321 1338 1586 1391 facturum
1617 1335 1896 1396 existimo,
1926 1334 1970 1388 si
2007 1334 2127 1404 ejus
2167 1335 2380 1389 initium
2429 1335 2672 1407 Illyrica,
2707 1347 2761 1392 et
2790 1337 2981 1393 Latina
3023 1340 3205 1406 lingua
3261 1339 3362 1392 hoc
3394 1338 3535 1402 loco,
3583 1345 3644 1392 ut
3674 1338 3840 1407 paulo

597 1441 721 1485 ante
753 1432 1022 1501 pollicitus
1048 1448 1192 1496 sum,
1225 1431 1510 1486 exhibeam
1543 1429 1671 1499 (l2).

669 1523 776 1580 'l‘er
812 1537 1000 1582 sancta
1031 1527 1270 1582 Trinitas
1303 1528 1468 1581 totius
1497 1524 1684 1580 mundi
1726 1523 1944 1593 adjuva,
2000 1532 2056 1580 et
2084 1523 2168 1578 di-

599 1596 713 1665 rige
752 1613 844 1650 cor
871 1614 1047 1651 meum
1077 1600 1142 1651 ad
1197 1599 1564 1666 incipiendum
1625 1612 1748 1650 cum
1783 1595 2163 1666 intelligentia,

602 1677 656 1738 et
687 1667 981 1738 finiendum
1015 1685 1152 1738 opus
1187 1665 1390 1738 bonum
1430 1683 1458 1721 a
1516 1667 1626 1720 Deo
1687 1666 1935 1738 inspirati
2007 1665 2170 1732 hujus

602 1737 743 1802 libri,
765 1753 927 1806 quem
971 1735 1196 1792 sanctus
1229 1737 1465 1806 Spiritus
1488 1752 1584 1805 per
1625 1751 1711 1806 osi
1756 1735 1922 1788 David
1958 1743 2172 1788 eructa-

604 1807 701 1866 vit,
728 1805 794 1860 et,
828 1825 989 1887 quem
1038 1805 1355 1887 aggredior_
1382 1809 1631 1861 recitare.
1691 1805 2008 1887 Agnoscens
2041 1819 2172 1858 vero

606 1893 781 1929 meam
844 1877 1236 1946 ignorantiam,
1291 1877 1461 1930 adoro
1517 1885 1570 1930 te
1623 1891 1883 1946 exorans,
1920 1883 1974 1928 et
2016 1885 2171 1946 tuum

605 1945 1114 2009 auxilium’invoco,
1142 1947 1367 2002 Domine
1394 1947 1521 2001 lesu
1574 1945 1811 2005 Christe.
1859 1946 1992 1999 doce
2023 1945 2178 1998 intel-

607 2017 802 2071 lectum
831 2033 1012 2072 meum
1064 2034 1170 2072 non
1206 2019 1258 2071 iu
1295 2017 1643 2072 sermonibus
1705 2016 1974 2070 Iabiorum
2019 2016 2169 2070 oble-

2271 1527 2428 1589 ctari,
2468 1528 2560 1582 sed
2615 1528 2665 1580 in
2707 1528 3017 1597 cognitione
3072 1529 3412 1598 eloquiorum
3479 1529 3740 1598 gaudere,
3802 1537 3854 1582 et

2273 1612 2579 1719 praparare
2624 1615 2710 1651 me
2775 1599 2839 1651 ad
2904 1598 3150 1653 facienda
3205 1615 3394 1666 opera,
3443 1615 3564 1668 quae
3607 1600 3766 1653 disco
3802 1608 3853 1652 et

2293 1683 2487 1719 ouuor.
2563 1677 2620 1719 ut
2681 1670 2837 1719 bonis
2887 1671 3148 1719 oneribus
3211 1670 3574 1719 illuminatus-
3647 1672 3700 1719 in
3758 1679 3853 1719 tuo

2293 1683 2487 1736 oquor,
2563 1677 2620 1721 ut
2681 1670 2837 1723 bouis
2887 1671 3148 1736 Operibus
3211 1670 3574 1734 illuminatus,
3646 1672 3700 1723 iu
3758 1679 3854 1722 tuo

2273 1738 2480 1806 judicio
2521 1740 2756 1792 dextera:
2784 1740 2956 1806 partis
3008 1741 3280 1808 particeps
3310 1739 3456 1792 fiam.
3483 1739 3548 1792 Et
3577 1757 3724 1794 nunc
3753 1739 3854 1791 Do-

2277 1811 2436 1871 mine,
2471 1810 2717 1871 beuedic,
2745 1821 2802 1862 ut
2836 1825 2902 1862 ex
2926 1812 3088 1863 corde
3113 1814 3378 1879 producto
3427 1813 3694 1881 StISpirio,
3748 1812 3850 1864 litt-

2278 1894 2380 1946 gua
2406 1897 2630 1932 cauam:

2280 1992 2474 2046 Beatus
2516 1997 2594 2047 vir
2623 1996 2713 2064 qui
2737 2011 2837 2047 non
2891 1994 3020 2047 abiit
3046 1996 3096 2047 in
3111 1996 3391 2048 consilium
3419 1996 3733 2065 impiorum,
3752 2002 3856 2047 etc.

607 2168 940 2210 Ριλιτειιιυιι
983 2172 1139 2210 υλνιῐ)
1194 2171 1350 2212 REGIS
1395 2170 1610 2210 SANCTE
1649 2168 1921 2207 CIVIYA'I'IS
1945 2167 2072 2205 ι-ιιιι
2114 2167 2266 2207 JESSE
2311 2168 2377 2205 ΕΤ
2423 2168 2566 2206 ωιλε
2601 2166 2875 2206 εεοωωυκ
2929 2165 3228 2207 PROGENIEI
3259 2166 3358 2207 PRO
3381 2163 3543 2205 PRIIO
3588 2162 3858 2204 ALLELUIA

1389 2265 1596 2304 ιΝιτιωί
1626 2265 1773 2303 PRIII
1801 2263 1965 2311 LIBRI,
2003 2263 2091 2310 QUI
2116 2263 2212 2302 EST
2248 2263 2384 2301 APUD
2421 2262 2629 2303 ιιῐῡίεοε
2663 2263 2847 2302 PSALI.
2884 2262 2920 2300 I.

681 2368 734 2422 1.
774 2367 972 2423 Beatus
1001 2369 1100 2434 vir,
1137 2369 1226 2438 qui
1261 2385 1365 2424 non
1392 2371 1525 2424 abiit
1554 2371 1606 2423 in
1641 2368 1930 2423 consilium
1975 2367 2169 2435 impio-

612 2454 755 2509 rum,
787 2450 838 2491 et
862 2441 912 2491 in
945 2440 1026 2492 via
1058 2452 1402 2509 peccatorum
1459 2457 1564 2495 uou
1600 2440 1766 2504 stetit,
1818 2448 1870 2492 et
1897 2439 1950 2490 in
1981 2441 2164 2491 cathe-

612 2508 708 2564 dra
739 2508 1188 2577 pcstilentiaéImn
1224 2513 1379 2564 sedit.

681 2580 735 2632 2.
776 2577 878 2633 Sed
913 2581 962 2633 in
1001 2583 1113 2650 lege
1138 2580 1349 2633 Domini
1383 2582 1636 2634 voluntas
1669 2580 1808 2644 ejus,
1840 2587 1894 2633 et
1950 2577 2005 2631 iu
2058 2579 2174 2650 lege

613 2649 733 2718 ejus
761 2649 1106 2718 ngreditabitur
1127 2653 1212 2705 die
1247 2667 1309 2705 ac
1343 2664 1517 2706 nocw.

688 2717 952 2791 3.AEterit
989 2729 1247 2788 tanquam
1283 2722 1484 2791 lignum
1507 2719 1648 2791 qttod
1676 2719 1978 2789 plantatum
2005 2729 2087 2775 est
2111 2735 2196 2775 se-

619 2805 718 2859 cus
734 2789 997 2844 decursus
1027 2807 1320 2859 aquarum:

688 2858 740 2913 4.
765 2859 918 2926 Quod
949 2858 1183 2915 fructum
1223 2878 1382 2918 suum
1431 2861 1584 2915 dabit
1613 2861 1665 2914 in
1691 2873 1935 2929 tempore
1965 2873 2085 2913 suo.

1431 2990 1848 3046 ATHANASII
1893 2989 2492 3047 COMMENTARIUS
2551 2990 2639 3045 IN

1133 3108 1378 3162 Psalmus
1409 3107 1575 3162 David
1629 3127 1668 3165 ι.

695 3244 746 3298 1.
786 3242 1072 3314 Prophetia
1103 3244 1217 3300 lia-c
1250 3243 1571 3312 adimpletur
1597 3243 1648 3297 iu
1681 3242 1919 3313 Josepho
1969 3245 2038 3299 ab
2067 3246 2192 3301 Ari-

627 3314 878 3376 mathaza,
907 3317 1167 3383 quoniam
1223 3331 1330 3368 non
1370 3315 1630 3384 venit_ad
1698 3314 1940 3380 Judaaos,
1987 3317 2080 3384 qui
2139 3319 2194 3371 in

629 3385 907 3441 Christum
928 3382 1166 3450 insidias
1199 3385 1489 3439 faciebant.
1530 3382 1845 3453 Proprietas
1877 3382 2057 3439 autein
2080 3401 2194 3440 ser-

628 3458 805 3508 monis
852 3456 1014 3522 hujus
1065 3457 1278 3509 beatum
1307 3455 1439 3507 dicit
1488 3469 1704 3524 omnem
1765 3456 2065 3520 hominem,
2100 3457 2195 3524 qui

626 3539 735 3580 non
762 3526 1152 3588 communicat,
1193 3541 1290 3578 nec
1317 3541 1372 3580 se
1434 3523 1702 3579 immiscet
1760 3527 1943 3594 iniqua
1968 3523 2194 3582 consilia

626 3597 949 3666 agentibus,
1013 3606 1107 3648 aut
1163 3597 1399 3664 aliquem
1466 3594 1667 3662 injuste
1710 3598 2187 3666 persequentibus.

626 3663 781 3733 Quod
824 3682 951 3720 vero
977 3667 1221 3721 additur:
1258 3663 1328 3720 Ει
1349 3668 1404 3716 in
1453 3667 1558 3726 via,
1587 3663 1728 3720 viani
1786 3663 1908 3721 esse
1961 3683 2200 3735 praesen-

631 3745 735 3790 tem
768 3739 932 3791 vitam
965 3739 1188 3803 asserit;
1223 3755 1322 3792 nos
1371 3737 1513 3789 enim
1544 3736 1786 3791 viventes
1815 3737 1880 3790 ad
1917 3737 2198 3792 interitum

630 3806 755 3861 \itze
781 3809 985 3864 sensim
1020 3810 1349 3862 accedimus.

705 3883 760 3936 Ξ.
795 3881 961 3932 Aliter
995 3880 1142 3932 enim
1182 3894 1288 3930 non
1317 3880 1617 3934 instruetur
1637 3878 1822 3941 homo,
1884 3886 1943 3942 u_t
1980 3877 2200 3933 recedat

632 3973 661 4009 a
693 3951 860 4012 malo,
903 3949 1005 4001 nisi
1033 3965 1090 4002 se
1119 3951 1424 4003 exercuerit
1453 3947 1684 4005 lcetione
1707 3949 1993 4012 librorum,
2017 3964 2082 4004 ac
2111 3950 2204 4004 do-

633 4026 771 4080 trina
803 4019 1125 4088 sapientum.

703 4096 755 4148 3.
795 4089 928 4144 Nam
982 4100 1137 4158 prout
1197 4091 1340 4160 ligna
1384 4091 1621 4155 plantata
1669 4090 1736 4144 ad
1779 4105 1950 4158 aquas
1992 4105 2205 4160 semper

632 4174 762 4220 sunt
804 4176 1038 4222 amoena,
1104 4162 1176 4215 ita
1210 4163 1518 4216 intellectus
1567 4176 1731 4214 sacra
1783 4161 2046 4218 librorum
2099 4165 2202 4215 do—

633 4237 806 4290 ctrina
831 4233 1088 4301 irrigatus
1120 4233 1337 4300 pulchre
1374 4231 1548 4294 floret,
1581 4241 1634 4285 et
1663 4230 1934 4284 salutares
1986 4246 2205 4297 semper

633 4304 993 4375 Cogitationes
1073 4303 1544 4375 habetaLiguum
1616 4302 1774 4375 etiam
1851 4301 1956 4375 hoc
2007 4302 2209 4356 dicitur

634 4372 771 4430 crux
844 4373 1084 4426 fontibus
1149 4373 1561 4441 baptismalibus
1660 4372 2037 4439 circumdata,
2114 4387 2210 4442 per

636 4462 800 4516 quam
856 4458 955 4497 nos
1011 4443 1350 4498 laetificamur
1382 4459 1445 4498 ac
1479 4443 1873 4498 illuminamur.

2367 2367 2418 2421 5.
2445 2365 2508 2420 Et
2541 2366 2730 2420 folium
2767 2367 2887 2436 ejus
2918 2382 3022 2420 non
3055 2365 3260 2436 defluet
3284 2408 3297 2428 ,

2362 2438 2415 2491 6.
2449 2437 2510 2507 Et
2526 2441 2707 2492 omnia
2725 2433 3060 2507 quaecunque
3077 2435 3281 2495 fecerit.
3306 2434 3774 2507 prosperabuntur
3793 2433 3861 2507 ei.

2368 2507 2417 2560 7.
2455 2505 2572 2561 Non
2627 2509 2703 2562 sic
2729 2509 2899 2578 impii,
2937 2505 3042 2561 non
3072 2510 3170 2578 sic,
3207 2507 3301 2562 sed
3349 2519 3610 2576 tanquam
3662 2505 3864 2574 pulvis,

2296 2577 2925 2650 quem_projicitventus
2978 2594 3008 2631 a
3060 2577 3196 2633 facie
3244 2589 3419 2650 terrae.

2372 2650 2425 2702 8.
2461 2646 2599 2702 Ideo‘
2621 2664 2728 2702 non
2778 2657 3059 2718 resurgent
3115 2649 3267 2717 impii
3321 2650 3375 2702 in
3421 2646 3651 2718 judicio,
3688 2660 3865 2714 neque

2307 2728 2617 2787 peccatores
2642 2719 2694 2770 in
2719 2721 2949 2772 consilio
2973 2719 3267 2786 justorum.

2392 2789 2445 2842 9.
2497 2787 2760 2852 Quoniam
2795 2793 2944 2841 novit
2999 2787 3261 2844 Dominus
3317 2788 3456 2843 viam
3483 2787 3790 2858 juslorum,
3817 2794 3865 2838 el

2306 2857 2409 2911 iter
2441 2859 2727 2928 impiorum
2755 2859 2968 2928 peribit.

2699 2991 3052 3047 PSALMOS.

2364 3108 2484 3160 4-6.
2543 3105 2601 3160 In
2645 3117 2885 3175 tempore
2923 3123 3023 3161 suo
3059 3105 3403 3161 fructificavit
3435 3122 3571 3161 crux
3625 3117 3868 3162 nostram

2301 3179 2528 3233 salutem
2569 3199 2578 3232 :
2617 3177 2826 3232 fructus
2891 3187 3073 3246 utpote
3123 3177 3357 3240 vivaces,
3417 3187 3471 3232 et
3517 3175 3647 3232 folia
3693 3180 3870 3233 crucis

2297 3260 2426 3303 sunt
2458 3248 2660 3309 fideles,
2697 3248 2790 3315 qui
2835 3264 2952 3318 per_
2983 3247 3128 3300 illam
3189 3249 3407 3311 muniti,
3433 3257 3497 3318 et
3525 3249 3582 3302 in
3625 3249 3717 3302 illa
3755 3265 3874 3318 per-

2296 3327 2605 3381 manentes,
2651 3333 2756 3370 non
2802 3315 3060 3369 decidunt
3113 3333 3206 3370 seu
3261 3333 3366 3370 non
3399 3315 3650 3371 deﬂuunt
3682 3315 3874 3373 abvea-

2297 3388 2470 3452 dem;
2545 3387 2729 3441 omnia
2801 3386 2989 3449 enim,
3049 3403 3170 3456 qua:
3222 3397 3438 3456 propter
3502 3403 3720 3442 crucem
3779 3404 3874 3443 seu

2298 3458 2504 3512 Christi
2542 3459 2853 3528 passionem
2913 3457 3076 3522 fiunt,
3110 3473 3366 3527 prospere
3411 3459 3736 3513 succedunt.

2373 3551 2421 3602 7.
2458 3548 2605 3605 Crux
2635 3550 2778 3603 enim
2817 3550 2927 3615 illa,
2963 3566 3084 3622 quae
3113 3552 3181 3605 ab
3228 3551 3517 3613 IIEBI‘CIICIS,
3566 3551 3794 3616 Iudaeis,
3825 3562 3879 3608 et

2301 3622 2535 3677 ethnicis
2592 3637 2699 3674 non
2759 3623 2998 3685 colitur,
3052 3622 3193 3690 apttd
3233 3638 3327 3676 eos
3372 3639 3478 3676 non
3539 3622 3876 3687 fructificat,

2301 3693 2395 3747 sed
2425 3701 2683 3760 tanquam
2720 3693 2995 3758 pulverem
3027 3707 3122 3746 eos
3151 3693 3399 3761 dissipat.
3429 3692 3518 3746 Sic
3544 3692 3715 3748 Judaei
3749 3709 3876 3747 cum

2303 3764 2374 3816 ob
2422 3763 2856 3815 incredulitatem
2920 3777 2982 3815 ac
3042 3763 3410 3831 insipientiam
3464 3764 3800 3818 defecissent
3847 3780 3876 3818 a

2303 3831 2559 3896 Christo,
2597 3832 2828 3900 dispersi
2878 3843 3006 3886 sunt
3042 3847 3136 3901 per
3166 3834 3478 3888 universam
3541 3844 3769 3888 terram.

2396 3923 2448 3978 8.
2487 3921 2620 3977 Nam
2651 3924 2745 3994 qui
2774 3923 2944 3978 Deum
2996 3939 3104 3978 non
3153 3935 3513 3994 agnoverunt,
3564 3928 3648 3980 vel
3704 3928 3878 3981 solam

2308 3997 2447 4049 hanc
2499 3997 2828 4064 impietatem
2854 4011 3036 4049 secum
3064 3995 3320 4062 ferentes,
3369 4008 3492 4067 post
3521 4000 3880 4052 resurrectio-

2309 4081 2431 4120 nem
2463 4067 2528 4120 de
2558 4067 2679 4120 aliis
2705 4067 2887 4120 causis
2919 4082 3027 4120 non
3051 4067 3696 4137 iuterrogabuntur;jam
3727 4070 3876 4123 enim

2311 4139 2589 4190 habebunt
2618 4137 3021 4191 damnationem
3076 4138 3245 4191 libere
3282 4153 3377 4206 per
3429 4140 3753 4207 semetipsos
3786 4155 3880 4192 vo-

2310 4207 2485 4273 litam,
2515 4222 2614 4262 nec
2654 4207 3043 4262 invenieturin
3089 4209 3222 4276 ipsis
3263 4209 3430 4262 ullum
3468 4210 3880 4278 0pusjustitiae.

2399 4299 2451 4354 9.
2477 4297 2665 4354 Nescit
2687 4301 2830 4354 enim
2857 4314 3076 4354 omnem
3104 4301 3243 4353 viam
3264 4310 3374 4354 tam
3407 4300 3682 4369 justurum
3715 4315 3880 4370 quam

2316 4371 2670 4440 injustorum,
2703 4381 2756 4424 et
2790 4372 2997 4439 primos
3045 4373 3264 4440 quidem
3299 4373 3494 4436 salvat,
3530 4372 3731 4427 alteros
3756 4385 3881 4425 vero

2315 4443 2562 4507 damnat,
2589 4457 2653 4495 ac
2681 4457 2711 4494 a
2737 4457 2795 4496 se
2823 4441 3019 4511 rejicit,
3049 4451 3239 4513 utpote
3265 4441 3504 4498 inutiles.

718 4599 808 4654 IX.
841 4601 950 4670 Age
971 4599 1399 4669 vero,quoniam
1442 4599 1597 4654 locus
1616 4599 1705 4653 hic
1725 4597 1839 4668 jam
1870 4598 2138 4668 postulat,
2167 4597 2236 4653 de
2267 4608 2492 4654 auctore
2521 4599 2883 4669 expositionis
2943 4615 3106 4670 quam
3146 4600 3450 4656 Athanasio
3479 4601 3531 4656 in
3573 4599 3880 4657 Barberino

634 4697 824 4752 codice
859 4696 1152 4762 ascriptam
1185 4707 1328 4747 nunc
1362 4692 1600 4762 primum
1656 4693 1711 4746 iu
1746 4692 1924 4748 lucem
1966 4697 2156 4760 trado,
2194 4695 2358 4748 verba
2400 4693 2686 4750 faciamus.
2744 4692 2998 4750 Profecto
3051 4704 3108 4750 ut
3152 4711 3274 4751 eam
3332 4712 3530 4768 magno
3578 4697 3884 4752 Athanasio

638 4792 981 4847 tribuendam
1036 4793 1370 4853 existimem,
1433 4789 1668 4858 primum
1700 4804 1922 4845 moveor
1977 4789 2187 4858 judicio
2243 4789 2480 4844 duorum
2530 4789 2977 4845 doctissimorum
3021 4792 3263 4846 virorum
3290 4791 3520 4844 Andreae
3563 4790 3803 4854 Schotti,
3838 4799 3889 4846 et

638 4885 798 4941 Luca:
829 4884 1117 4948 llolstcnii,
1143 4899 1376 4952 quorum
1403 4884 1539 4936 alter
1565 4898 1628 4935 ex
1656 4883 1884 4951 antiquo
1907 4883 2097 4937 codice
2129 4883 2462 4953 Augustanze
2493 4882 2834 4937 bibliotheca
2859 4881 3275 4938 describendam
3305 4885 3555 4948 curavit;
3594 4881 3733 4936 alter
3761 4895 3887 4936 vero

637 4998 745 5038 non
804 4984 979 5038 solum
1019 4980 1412 5051 praefationem,
1463 4981 1680 5034 brevem
1721 4979 1978 5050 quidem,
2037 4981 2131 5036 sed
2193 4981 2489 5036 admodum
2542 4981 2867 5049 elegantem,
2913 4987 2967 5033 et
3006 4988 3157 5032 tanto
3202 4977 3321 5030 viro
3343 4976 3560 5045 dignam
3593 4973 3886 5043 ascripsit,

637 5078 732 5134 sed
771 5079 996 5132 ulterius
1033 5077 1136 5130 hoc
1172 5073 1455 5128 Athanasii
1489 5089 1627 5142 opus
1655 5074 1797 5126 inter
1823 5081 2026 5128 caetera
2061 5073 2398 5128 sanctissimi
2440 5072 2684 5126 doctoris
2732 5085 3008 5142 praecipue
3035 5070 3331 5126 excellens.
3357 5075 3411 5120 et
3445 5067 3711 5120 eximium
3766 5079 3891 5118 esse

638 5177 872 5238 censuit,
924 5184 977 5229 et
1016 5187 1072 5229 ut
1107 5174 1292 5230 verbis
1327 5171 1666 5225 Tillemoutii
1705 5181 1828 5225 utar
1870 5171 2005 5241 (l5),
2046 5188 2245 5225 comme
2294 5172 2341 5224 le
2377 5168 2768 5239 διιεῖ-ἀπηυτέ
2804 5169 2868 5223 de
2901 5167 2960 5223 S.
3004 5167 3295 5220 Athanase.
3337 5159 3548 5215 Etenim
3583 5173 3674 5212 an.
3739 5157 3880 5210 1627

638 5284 763 5324 cum
799 5267 1100 5337 accepisset
1133 5282 1331 5321 novam
1370 5282 1597 5337 operum
1637 5265 1694 5320 S.
1731 5256 2027 5323 Athanasii
2044 5268 2339 5322 editionem
2370 5267 2598 5320 Parisiis
2649 5266 2930 5329 adornari,
2990 5274 3196 5334 septem
3229 5260 3484 5315 bomilias
3513 5256 3569 5310 S.
3602 5255 3889 5311 Athanasii

641 5363 860 5416 nomine
894 5363 1208 5429 inscriptas,
1248 5377 1370 5430 qua:
1411 5360 1589 5414 adhuc
1619 5360 1798 5416 lucem
1831 5375 1939 5414 non
1973 5359 2244 5422 viderant,
2292 5359 2358 5413 ad
2431 5357 2834 5430 typographum
2880 5355 3251 5410 Parisiensem
3293 5351 3464 5406 misit.
3510 5349 3606 5420 qui
3638 5363 3703 5401 ea
3734 5347 3803 5401 de
3834 5362 3891 5400 re

641 5455 898 5510 lectorem
931 5456 1146 5510 monuit
1204 5457 1289 5510 his
1320 5456 1500 5511 verbis
1529 5474 1542 5510 :
1578 5474 1595 5507 ι
1624 5453 1913 5510 Postremo
1943 5454 2026 5508 vir
2056 5453 2307 5508 eruditus
2342 5451 2520 5507 Lucas
2567 5450 2904 5514 l~lolstenius,
2953 5447 3408 5517 Ilamburgensis,
3461 5451 3753 5512 postquam
3796 5453 3892 5492 nos

713 5609 825 5679 (l2)
868 5608 1096 5664 Exhibet
1141 5610 1228 5662 ille
1290 5610 1506 5678 quidem
1578 5611 1678 5664 hoc
1722 5611 1843 5664 loco
1902 5609 2116 5662 initium
2189 5609 2571 5663 commentarii
2611 5608 2816 5679 Illyrica
2870 5617 2924 5660 et
2967 5605 3157 5679 Latina
3190 5606 3373 5674 lingua
3404 5617 3552 5679 ;__nos
3591 5597 3892 5679 vero_Lati-

643 5670 767 5736 nam
803 5670 1011 5733 tantum
1072 5670 1389 5750 versiouetn
1409 5692 1461 5734 et
1526 5681 2024 5750 interpretationem
2057 5681 2396 5734 exhibemus.
2439 5679 2496 5733 Si
2523 5682 2646 5748 quis
2673 5670 2760 5735 est
2783 5681 3035 5736 curiosus
3071 5670 3297 5744 lectorf
3325 5684 3378 5730 et
3409 5673 3635 5728 Slavica!
3701 5670 3891 5740 lingua:

645 5753 884 5822 peritus,
900 5750 1042 5822 illud
1076 5752 1253 5805 videat
1277 5752 1331 5807 iu
1364 5749 1607 5822 Romana
1638 5749 1794 5813 edit.,
1834 5769 1884 5821 p.
1915 5767 2025 5804 ιιι.

715 5821 827 5892 (l3)
863 5819 1016 5875 Mém.
1057 5824 1180 5876 θαι.
1237 5833 1363 5878 tom.
1399 5821 1529 5887 Vlll,
1577 5840 1627 5891 ρ.
1670 5824 1786 5889 150,
1835 5818 1949 5878 iiut.
1987 5822 2086 5878 IIO
2133 5840 2222 5877 sur

2295 5820 2325 5874 ἰ.
2357 5818 2642 5873 Athanase.
