4058 6446
175 380 276 438 609
854 380 940 436 DE
981 381 1259 441 TITULIS
1289 383 1733 444 PSALMORUM.
1770 420 1838 431 —
1872 387 2263 445 ANTONELLI
2300 391 2695 454 PHAEFATIO.
3297 410 3408 466 610

173 496 565 561 admonuisset,
620 496 821 553 habere
855 513 913 552 se
945 514 974 552 e
1011 498 1172 569 Regia
1232 512 1283 556 et
1339 501 1632 558 OxonienSI
1687 505 2035 571 bibliotheca,
2062 515 2115 562 et
2147 525 2176 563 c
2212 512 2588 581 manuscripto
2616 513 2781 568 etiam
2836 517 3024 573 codice
3057 517 3123 576 Β.
3178 521 3242 576 Ρ.
3278 521 3400 578 Sir-

174 591 358 644 mondi
393 606 422 644 e
464 589 737 645 Societate
790 587 918 645 Jesu
970 589 1226 646 homilias
1277 609 1509 648 numero
1539 605 1742 666 septem
1769 601 2006 652 nondum
2055 601 2250 664 editas,
2307 617 2446 672 quas
2474 601 2662 657 Latine
2709 610 3084 674 convertisset,
3124 623 3345 684 rogatus
3378 629 3408 669 a

171 685 331 739 nobis
367 685 572 739 lubenti
613 687 797 739 animo
827 687 1119 750 concessit,
1165 696 1223 741 ut
1263 705 1377 756 eas,
1436 693 1563 760 quia
1596 695 1772 750 serius
1806 697 1908 749 hoc
1937 696 2284 760 rescivimus,
2342 699 2506 752 veluti
2546 715 2641 769 per
2705 705 3060 772 appendicem
3119 709 3408 778 posteriori

164 790 319 834 torno
350 783 762 850 sulijieeremus.
805 802 824 833 ι
863 779 958 838 His
997 793 1175 838 autem
1245 795 1450 856 septem
1515 791 1774 856 homiliis,
1816 806 1954 860 quas
2015 793 2096 846 vir
2147 793 2454 849 eruditione
2515 813 2667 866 aeque
2698 814 2760 852 ac
2819 800 3020 867 pietate
3075 801 3313 856 eximius
3353 803 3408 856 in

172 872 424 928 Latinum
459 884 711 942 verterat,
736 875 1022 944 epistolam
1074 875 1140 929 ad
1189 876 1448 932 lectorem
1500 879 1781 948 praemisit,
1837 896 1956 934 eam
2009 895 2237 936 exorsus
2268 881 2319 935 in
2369 883 2515 938 hunc
2579 886 2800 940 modum
2844 888 3005 958 (14):
3051 908 3068 937 ι
3102 889 3238 942 Cum
3295 890 3409 948 divi

171 967 454 1022 Athanasii
483 969 658 1038 Opera
686 970 868 1024 recudi
889 983 918 1021 a
947 970 1296 1039 typographis
1317 971 1586 1037 audirem,
1621 989 1733 1028 rem
1766 989 1851 1028 me
1875 973 2146 1028 facturum
2163 975 2495 1040 existimavi,
2531 986 2584 1030 et
2621 978 2833 1047 publice
2860 980 3068 1046 utilem,
3096 997 3194 1035 nec
3227 983 3406 1045 bonis,

169 1057 452 1128 doctisque
482 1060 767 1131 ingratam,
797 1063 839 1116 si
864 1074 1059 1119 caetera
1095 1067 1428 1122 sanctissimi
1474 1069 1651 1124 Patris
1701 1071 1966 1125 ἀνέκδοτα
2007 1074 2403 1142 conquirerem,
2439 1082 2492 1128 et
2520 1074 2573 1127 in
2614 1075 2788 1131 lucem
2825 1077 2925 1132 hac
2973 1079 3258 1134 occasione
3289 1096 3413 1149 pro-

171 1155 451 1210 ducerem.
486 1159 688 1229 Collegi
743 1175 873 1229 ergo
929 1176 1091 1230 opera
1144 1165 1498 1218 tumultuaria
1554 1181 1616 1220 ex
1671 1165 2124 1221 Cbrtstianissimi
2188 1168 2330 1237 regis
2360 1168 2708 1234 bibliotheca,
2761 1180 2924 1239 atque
2953 1187 3020 1225 ex
3053 1173 3186 1226 clar.
3245 1188 3410 1226 mem.

171 1246 240 1302 Β.
294 1247 356 1302 Ρ.
393 1246 690 1316 Sirmondi,
727 1253 969 1323 meisque
1006 1259 1222 1311 schedis
1256 1260 1507 1315 homilias
1561 1271 1764 1331 septem
1788 1262 2072 1317 Athanasii
2103 1265 2322 1318 nomine
2349 1275 2717 1334 praenotalas:
2750 1283 2926 1337 neque
2955 1271 3098 1323 enim
3126 1269 3409 1324 Athanasii

170 1361 363 1400 omnes
411 1363 531 1401 esse
586 1349 790 1416 credat,
823 1351 908 1404 cui
961 1354 1041 1406 vel
1090 1355 1374 1410 minimum
1431 1359 1483 1412 in
1523 1359 1670 1414 hisce
1716 1362 1910 1415 studiis
1955 1361 2168 1431 judicii,
2221 1363 2430 1432 quique
2489 1363 2572 1416 vel
2605 1362 2779 1417 obiter
2814 1370 3024 1415 tantum
3061 1373 3256 1416 caetera
3292 1361 3414 1430 ejus

171 1438 372 1507 scripta
404 1439 732 1509 inspexerit;
761 1462 778 1491 ι
822 1442 875 1498 in
913 1447 1017 1502 fine
1063 1458 1244 1504 autem
1276 1453 1519 1522 ejusdem
1546 1455 1794 1524 epistolae
1825 1456 1891 1510 de
1940 1456 2114 1511 sancti
2165 1457 2452 1512 Athanasii
2486 1458 2888 1512 commentario
2927 1470 3115 1512 nostro
3147 1460 3200 1510 in
3246 1456 3409 1510 Psal-

169 1546 304 1596 mos,
352 1547 534 1600 quem,
587 1544 644 1587 ut
675 1545 825 1600 puto,
891 1537 1120 1601 viderat,
1156 1539 1248 1593 sed
1286 1554 1394 1593 non
1427 1541 1606 1594 adlmc
1635 1542 1702 1597 ab
1763 1542 1967 1597 Andrea
2025 1538 2260 1598 Schotto
2307 1554 2500 1600 nactus
2549 1546 2746 1610 fuerat,
2799 1549 2870 1600 ita
2925 1548 3199 1617 loquitur:
3245 1547 3408 1601 «Ca:—

171 1632 308 1690 tera,
349 1643 469 1695 qua:
494 1629 671 1682 adhuc
701 1635 864 1685 latent
927 1635 979 1688 in
1035 1633 1198 1688 Italia:
1240 1643 1294 1689 et
1325 1633 1600 1705 Hispania:
1658 1637 2008 1694 bibliothecis
2043 1639 2135 1694 alit
2170 1641 2398 1701 dabunt,
2449 1643 2750 1710 pra‘sertim
2801 1639 3255 1693 commentarium
3281 1654 3406 1708 per-

167 1728 396 1789 petitum
425 1723 476 1774 in
520 1721 786 1792 Psalmos,
818 1727 963 1796 quod
989 1741 1089 1797 ego
1149 1725 1474 1796 palmarium
1509 1726 1794 1782 Athanasii
1848 1743 1988 1798 opus
2014 1731 2294 1785 existimo.
2326 1750 2343 1782 ι
2404 1730 2527 1786 Haec
2576 1731 2912 1788 Holstenius.

245 1813 312 1868 Χ.
369 1817 522 1882 Quod
559 1831 736 1874 autem
775 1838 1003 1892 magnus
1034 1822 1367 1879 Athanasius
1392 1824 1673 1893 scripserit
1718 1826 1880 1879 etiam
1914 1843 2072 1895 super
2101 1825 2370 1893 Psalmos,
2420 1844 2581 1883 nemo
2628 1836 2710 1884 est
2779 1827 2872 1896 qui
2929 1827 3180 1880 dubitare
3214 1824 3408 1895 possit.

170 1909 348 1980 Hujus
371 1915 514 1968 enim
572 1918 647 1969 rei
712 1918 952 1987 locuples
982 1920 1134 1974 testis
1182 1930 1266 1976 est
1321 1920 1510 1974 beatus
1562 1920 1929 1994 Hieronymus
1984 1923 2036 1976 in
2065 1923 2202 1978 libro
2237 1923 2312 1977 De
2345 1923 2687 1994 scriptoribus
2733 1922 3098 1978 ecclesiasticis
3123 1919 3266 1990 (cap.
3294 1918 3410 1986 87),

168 2004 288 2069 ubi,
331 2010 664 2063 enumeratis
699 2010 1028 2064 sanctissimi
1060 2012 1300 2082 episcopi
1353 2011 1637 2065 Athanasii
1697 2012 1978 2081 operibus,
2014 2014 2156 2068 inter
2196 2015 2301 2068 alia
2352 2025 2598 2068 recenset
2654 2014 2852 2069 librmn
2901 2011 2977 2065 De
3038 2010 3207 2064 titulis
3255 2010 3408 2064 Psal-

165 2117 399 2160 morum.
428 2105 558 2172 Qua:
594 2109 890 2164 beatissimi
932 2109 1170 2163 doctoris
1222 2107 1383 2162 verba
1439 2108 1489 2160 in
1537 2105 1780 2162 Griecam
1828 2109 2067 2178 linguam
2122 2111 2197 2163 ita
2239 2111 2401 2164 vertit
2460 2108 2802 2179 Sophronius
2845 2127 2856 2161 :
2920 2107 3054 2179 Περὶ
3103 2105 3411 2176 ἐπιγραφῆς

164 2199 457 2270 Ψαλμῶν,
536 2199 618 2255 De
691 2203 1028 2270 inscriptione
1099 2201 1438 2254 Psalmorum
1512 2200 1834 2270 llujusmodi
1888 2213 2067 2256 autem
2137 2203 2598 2270 nuncupationem
2667 2219 2776 2256 non
2840 2205 2974 2257 bene
3026 2202 3200 2270 aptari
3263 2216 3413 2255 corn-

167 2294 440 2348 mentario
471 2295 524 2347 in
555 2293 816 2361 Psalmos,
839 2311 998 2366 quem
1021 2293 1304 2349 ediderunt
1329 2292 1512 2347 Patres
1554 2293 1909 2356 Benedictiui,
1969 2294 2059 2348 ubi
2108 2293 2176 2348 de
2222 2294 2392 2347 titulis
2427 2292 2765 2348 Psalmorum
2822 2311 2888 2349 ne
2923 2296 3146 2350 verbum
3170 2293 3413 2364 quidem,

166 2390 276 2459 ipsi
341 2395 572 2461 ingenue
603 2390 733 2446 fassi
767 2400 913 2446 sunt.
949 2391 1017 2443 At
1047 2404 1176 2443 vero
1226 2389 1278 2442 in
1335 2389 1754 2458 expositionem,
1803 2404 1966 2459 quam
2025 2405 2123 2444 nos
2185 2390 2365 2459 magni
2405 2389 2688 2442 Athanasii
2743 2392 2964 2444 nomine
2999 2391 3318 2460 inscriptam
3356 2392 3410 2444 in

165 2483 346 2539 lucem
380 2485 596 2550 damus,
629 2487 830 2554 optime
864 2486 1180 2548 convenire,
1213 2487 1486 2541 neminem
1521 2501 1644 2540 esse
1667 2495 1798 2556 puto
1823 2487 1914 2555 qui
1951 2486 2164 2541 inﬁcias
2195 2486 2374 2541 iverit.
2405 2484 2683 2554 Siquidem
2723 2485 2878 2539 initio
2905 2466 3173 2554 cujusque
3213 2487 3410 2557 psalmi

166 2577 294 2647 ejus
320 2577 512 2632 titulus
540 2593 632 2631 seu
664 2579 948 2648 inscriptio
973 2589 1227 2634 accurate
1252 2594 1316 2633 ac
1347 2579 1634 2650 diligenter
1672 2579 1975 2648 explicatur
2014 2597 2026 2632 :
2080 2579 2276 2632 deinde
2332 2579 2740 2646 convenienter,
2788 2589 3293 2648 consequenterque
3342 2577 3409 2632 ad

166 2667 316 2725 tituli
350 2670 759 2737 inscriptionem
791 2671 1020 2741 eiusque
1044 2671 1550 2740 interpretationem
1581 2671 1821 2740 psalmus
1852 2677 1998 2722 tatus
2031 2669 2352 2738 exponitur.

241 2759 336 2813 XI.
370 2760 758 2814 Commentarii
803 2759 860 2814 S.
918 2761 1202 2815 Athanasii
1242 2762 1296 2814 in
1329 2761 1570 2814 Psalmos
1601 2759 1850 2813 meminit
1878 2759 2042 2814 etiam
2071 2757 2285 2814 Nicaena
2317 2762 2580 2830 synodus,
2622 2770 2676 2815 et
2709 2779 2870 2832 quem
2925 2763 3283 2835 Hieronymus
3340 2763 3411 2818 De

169 2852 342 2907 titulis
425 2851 758 2904 Psalmorum
825 2859 878 2904 et
949 2847 1294 2916 Sophronius
1357 2845 1439 2899 De
1489 2847 1827 2915 inscriptione
1908 2845 2246 2900 Psalmorum
2327 2848 2568 2918 synodus
2629 2863 2785 2903 vocat
2866 2850 3085 2904 Librum
3155 2855 3410 2921 interpre-

167 2943 394 3000 tationis
431 2940 792 3003 Psalmorum,
828 2939 988 3009 eique
1019 2953 1120 2992 nos
1165 2937 1328 2991 docet
1381 2937 1658 3006 praeﬁxam
1689 2936 1858 2992 fuisse
1905 2938 2148 3007 ejusdem
2210 2939 2490 2995 Athanasii
2543 2937 2836 3007 Epistolam
2895 2944 2964 2996 ad
3018 2943 3410 3004 Marcellinum.

165 3036 338 3111 Unde.
354 3036 514 3090 etiam
563 3043 921 3111 compertum.
961 3031 1040 3097 Iit,
1085 3032 1284 3087 librum
1315 3032 1390 3086 De
1423 3032 1594 3086 titulis
1618 3033 1959 3088 Psalmorum
2010 3049 2117 3087 non
2158 3035 2409 3088 eumdem
2451 3034 2621 3091 fuisse
2655 3052 2718 3090 ac
2771 3037 2966 3090 librum
2992 3053 3086 3092 seu
3120 3037 3410 3108 Epistolam

165 3131 240 3184 ad
265 3101 659 3193 Mitrccllinum,
689 3101 747 3181 ut
772 3104 974 3196 aliquis
1005 3127 1318 3196 suspicatus
1355 3135 1457 3180 est.
1489 3126 1660 3179 Verba
1690 3134 1870 3179 autem
1906 3140 2028 3194 quae
2069 3125 2125 3178 in
2177 3125 2391 3179 actione
2431 3128 2623 3196 synodi
2650 3137 2803 3183 sexta
2833 3129 3112 3183 memoria:
3148 3101 3408 3186 tiaditum

162 3234 256 3282 est
291 3225 428 3280 lecta
459 3223 628 3280 fuisse
676 3223 745 3278 ab
777 3222 1078 3294 Epiphanio
1134 3221 1385 3284 diacono,
1438 3230 1568 3276 sunt
1614 3219 1969 3288 huiusmodi:
2014 3241 2032 3272 ι
2071 3220 2174 3286 Qui
2218 3235 2348 3274 vero
2399 3222 2468 3274 ab
2523 3221 2934 3278 immortalitate
2981 3239 3182 3279 nomen
3243 3225 3409 3280 habet

162 3323 530 3388 Athanasius,
564 3320 869 3377 clarissime
901 3320 1060 3374 nobis
1088 3319 1142 3372 in
1187 3317 1426 3384 Epistola
1473 3318 1542 3371 ad
1576 3317 1947 3372 Marcellinum
2005 3319 2138 3387 (15),
2169 3334 2331 3389 quam
2385 3318 2684 3387 praeposuit
2742 3320 2882 3372 libro
2941 3320 3409 3390 interpretationis

160 3415 538 3478 Psalmorum,
564 3413 782 3468 disserit
811 3413 892 3468 sic
917 3411 1134 3466 dicens:
1171 3425 1188 3460 ι
1220 3410 1439 3464 Librum
1465 3408 1809 3465 Psalmorum
1845 3411 2045 3480 aliquis
2081 3427 2393 3476 assumens,
2445 3410 2760 3480 prophetias
2798 3411 2864 3464 de
2916 3410 3201 3466 Salvatore
3237 3414 3406 3468 conti-

162 3523 303 3570 nuo,
340 3517 399 3560 ut
444 3507 496 3560 in
542 3505 664 3558 aliis
711 3503 1010 3573 Scripturis
1048 3502 1372 3564 admiratus,
1425 3510 1479 3554 et
1538 3509 1777 3555 adorans
1810 3512 2051 3562 enarrat,
2085 3521 2101 3553 ι
2142 3511 2250 3556 etc.
2283 3499 2436 3556 Hanc
2479 3510 2660 3556 autem
2691 3500 3006 3570 epistolam,
3033 3502 3100 3555 de
3133 3517 3240 3571 qua
3267 3517 3406 3556 men-

161 3604 243 3653 tio
272 3597 416 3652 facta
451 3606 533 3650 est
568 3597 620 3648 in
652 3593 867 3648 Nictena
898 3597 1107 3663 synodo
1153 3591 1236 3658 (ut
1291 3594 1580 3647 occasione
1621 3594 1755 3646 mihi
1803 3593 1930 3648 data
1975 3594 2231 3648 lectorem
2291 3593 2636 3656 admoneam,
2679 3592 2919 3662 factique
2971 3593 3072 3647 mei
3134 3594 3402 3649 rationem

159 3689 414 3757 reddam)
447 3686 794 3757 cxplicationi
834 3685 1382 3752 Psalmornm,quam
1415 3685 1468 3738 in
1495 3685 1778 3754 publicum
1834 3687 2047 3752 emitto,
2097 3685 2411 3757 adjungam,
2445 3695 2506 3741 ut
2537 3686 2808 3757 integrum
2864 3687 3198 3740 sanctissimi
3231 3685 3408 3744 Patris

156 3797 328 3853 opus,
389 3779 845 3850 quemadmodum
902 3777 970 3832 ab
1003 3777 1122 3847 ipso
1177 3777 1381 3831 editum
1413 3791 1532 3830 esse
1586 3776 1841 3843 traditur,
1887 3777 2201 3833 exhibeam.

232 3877 353 3931 XII.
396 3875 772 3945 Eritjfortasse
800 3874 1073 3943 quispiam
1112 3888 1301 3927 eorum
1331 3872 1532 3943 quibus
1560 3874 1757 3943 volupe
1780 3884 1885 3939 est,
1915 3883 1974 3929 ut
2004 3876 2077 3930 ita
2119 3876 2318 3941 dicam,
2363 3875 2577 3947 magnis
2616 3875 2916 3930 clarescere
2981 3875 3303 3942 inimicitiis,
3349 3888 3403 3933 et

151 3984 436 4035 emunctae
461 3975 612 4026 naris
644 3971 889 4027 censoris
929 3985 1126 4024 nomen
1168 3969 1420 4037 adipisci,
1449 3971 1542 4038 qui
1586 3978 1864 4024 contracta
1903 3970 2100 4036 fronte,
2147 3978 2202 4026 et
2248 3971 2435 4042 grandi
2483 3970 2775 4039 supercilio
2802 3970 3127 4038 opusculum
3155 3980 3404 4027 nostrum

155 4088 192 4128 ι
249 4069 602 4124 sanctissimo
621 4063 1036 4132 archiepiscopo
1066 4061 1492 4131 abjudicandum
1521 4079 1643 4118 esse
1687 4065 1958 4126 decernet,
1989 4065 2068 4118 vel
2108 4065 2235 4132 quia
2281 4072 2475 4117 auctor
2521 4061 2987 4130 interpretationis
3041 4059 3406 4127 Psalmorum,

152 4182 332 4236 quam
364 4165 580 4225 damus,
617 4160 917 4233 pueriliter,
949 4169 1006 4214 ut
1030 4158 1170 4213 forte
1191 4159 1293 4214 sibi
1323 4158 1611 4224 videbitur,
1639 4162 1691 4214 in
1719 4161 2059 4229 explicandis
2095 4158 2440 4214 Psalmornm
2477 4158 2645 4212 titulis
2701 4154 3092 4209 Hebraicorum
3125 4157 3406 4210 nominum

152 4256 668 4327 interpretationem
717 4260 977 4314 sectatur,
1013 4250 1096 4303 vel
1135 4249 1260 4318 quia
1305 4251 1549 4318 psalmos
1601 4256 1870 4307 omnesin
1917 4251 2264 4321 allegorieum
2324 4268 2545 4308 sensum
2598 4249 2842 4318 exponit.
2895 4245 3008 4316 Ego
3046 4257 3228 4302 autem
3265 4264 3295 4303 e
3325 4251 3406 4305 di-

152 4367 325 4409 verso
380 4359 589 4406 tantum
614 4347 806 4401 abesse
849 4343 1128 4405 existimo,
1177 4351 1237 4396 ut
1286 4343 1436 4399 hisce
1499 4346 1564 4399 de
1603 4347 1784 4402 causis
1837 4347 2120 4402 Athanasii
2174 4362 2368 4400 nomen
2423 4362 2454 4401 e
2510 4344 2686 4398 fronte
2741 4342 3122 4396 commentarii
3171 4359 3404 4419 expungi

145 4451 392 4510 debeat,
441 4443 570 4514 quin
617 4442 797 4512 potius
834 4439 956 4492 inde
1007 4448 1212 4507 putem,
1256 4438 1365 4492 duo
1389 4442 1708 4509 gravissima
1753 4453 2070 4514 argumenta
2112 4453 2420 4513 suppetere,
2453 4442 2654 4510 quibus
2679 4440 2817 4493 liber
2860 4452 3058 4508 magno
3082 4437 3404 4508 Athanasio,

148 4539 325 4610 cujus
376 4551 572 4591 nomen
628 4532 864 4603 praefert,
939 4530 1268 4584 vindicetur.

239 4633 382 4688 XIII.
433 4629 588 4697 Quod
622 4628 920 4697 utplannm
957 4624 1174 4689 faciam,
1234 4639 1371 4694 opus
1405 4631 1489 4677 est
1541 4622 1729 4690 paucis
1769 4622 2060 4687 disserere,
2096 4623 2221 4693 quis
2267 4625 2474 4694 primus
2519 4632 2708 4677 auctor
2759 4624 2942 4690 fuerit,
2989 4625 3081 4696 qui
3141 4624 3403 4682 Hebraiea

147 4725 386 4780 nomina
415 4721 568 4791 juxta
602 4734 793 4772 eorum
844 4716 1205 4787 etymologias
1256 4716 1449 4769 ordine
1496 4713 1840 4781 alphabetico
1885 4715 1936 4767 in
1976 4714 2225 4768 Graecum
2277 4716 2519 4784 exposita
2562 4717 2781 4784 publico
2829 4718 2971 4782 usui,
3012 4727 3063 4772 et
3112 4733 3396 4775 sacrarum

144 4818 462 4874 litterarum
494 4811 862 4864 studiosorum
897 4809 1270 4862 commoditati
1294 4808 1359 4861 ad
1384 4820 1665 4860 sacrarum
1701 4803 2106 4875 Scripturarum
2142 4809 2555 4878 intelligentiam
2581 4807 2797 4862 facilius
2825 4807 3226 4877 assequeudam
3260 4824 3396 4878 pro-

142 4910 382 4969 diderit.
411 4907 567 4973 Quod
607 4919 736 4959 sane
756 4904 971 4958 dilIiciIe
999 4903 1138 4957 haud
1168 4915 1284 4966 est;
1321 4900 1650 4970 posteritatis
1709 4902 1854 4953 enim
1892 4902 2168 4955 memoriae
2216 4902 2265 4956 id
2305 4900 2586 4953 mandavit
2641 4898 3011 4970 Hierooymus
3063 4898 3217 4968 (16):
3253 4919 3271 4949 ι
3298 4899 3401 4967 Qui

142 5004 343 5065 Philo,
401 5001 596 5070 inquit,
646 4998 730 5052 vir
769 4997 1168 5052 disertissimus
1191 4995 1528 5060 Iudaeorum,
1580 4993 1830 5064 Origenis
1868 5010 2088 5064 quoque
2131 4995 2446 5051 testimonio
2491 4995 2879 5064 comprobatur
2925 4995 3162 5048 edidisse
3204 4995 3400 5051 librum

145 5099 551 5160 Hebraicorum
585 5095 877 5158 nominum,
911 5109 1214 5162 eorumque
1241 5091 1600 5162 etymologias
1661 5091 1821 5158 juxta
1874 5091 2123 5144 ordinem
2163 5091 2468 5144 litterarum
2500 5105 2530 5144 e
2580 5089 2750 5143 latere
2781 5088 3090 5158 eopulasse.
3124 5088 3228 5155 Qui
3273 5108 3397 5145 cum

142 5200 324 5270 vulgo
351 5193 668 5246 habeatura
697 5189 922 5251 Graecis,
954 5197 1007 5242 et
1057 5188 1416 5242 bibliothecas
1446 5187 1598 5240 orbis
1635 5186 1962 5254 impleverit,
2015 5187 2183 5241 studii
2237 5185 2412 5241 nostri
2463 5185 2568 5238 fuit
2624 5186 2676 5238 in
2709 5183 2958 5238 Latinam
2997 5185 3241 5251 linguam
3273 5202 3398 5240 eum

141 5305 392 5351 vertere.
421 5311 439 5342 ι
473 5288 538 5341 Et
565 5297 858 5356 antequam
890 5283 1258 5354 Hieronymus
1293 5284 1364 5336 ita
1394 5283 1680 5347 scriberet,
1712 5280 1984 5337 Eusebius
2013 5282 2370 5337 Caesariensis
2397 5279 2465 5336 de
2502 5281 2691 5334 eodem
2724 5278 2955 5333 Philone
2995 5280 3047 5332 in
3094 5295 3190 5333 sua
3240 5279 3397 5333 eccle-

141 5390 380 5447 siastica
414 5381 655 5436 Historia
683 5380 793 5448 (l7)
835 5378 1031 5433 litteris
1059 5376 1394 5430 tradiderat:
1434 5395 1451 5426 ι
1481 5374 1584 5428 Sed
1618 5383 1675 5429 et
1708 5373 2100 5430 Hebraicorum
2130 5376 2441 5436 nominum,
2493 5388 2614 5443 qua:
2647 5372 2701 5427 in
2749 5372 2866 5443 lege
2906 5382 2960 5426 et
3024 5372 3076 5424 in
3119 5371 3396 5440 prophetis

139 5489 480 5546 occurrunt,
519 5477 998 5546 interpretationes
1034 5475 1102 5527 ab
1133 5473 1254 5544 ipso
1286 5472 1601 5542 composita:
1623 5487 1743 5527 esse
1776 5475 2053 5528 dicuntur.
2088 5491 2105 5523 ι
2140 5471 2298 5527 Philo
2325 5482 2529 5534 autem,
2555 5480 2714 5541 gente
2741 5486 2804 5526 ac
2865 5468 3124 5539 religione
3153 5465 3396 5538 Judaus,

223 5602 342 5667 (lt)
368 5599 500 5654 Vide
534 5611 664 5654 tom.
705 5595 769 5648 IV
801 5593 1038 5667 Opernm
1067 5591 1124 5646 S.
1154 5591 1437 5667 Athanasii
1469 5601 1669 5646 nostra:
1699 5592 2054 5658 recensionis,
2091 5591 2194 5647 col.
2223 5589 2345 5646 9M.
2390 5589 2546 5644 Eutr.
2579 5587 2745 5642 Px'rn.

222 5662 342 5736 iiii)
382 5671 587 5741 Synod.
614 5669 739 5741 Nic.
767 5683 824 5731 ll,
851 5662 965 5741 act.
992 5665 1044 5726 6,
1080 5679 1133 5731 p.
1171 5662 1327 5715 1518.

222 5730 341 5808 (16)
375 5730 589 5795 Ρὲεῐθι.
616 5742 667 5792 in
691 5739 828 5808 libro
851 5735 925 5789 De
950 5730 1218 5788 interpret.
1256 5749 1396 5787 nom.
1428 5730 1587 5786 Hebr.

222 5743 318 5808 (16
375 5743 589 5795 Ρτωῐθι.
616 5743 667 5792 in
691 5743 828 5792 libro

219 5743 341 5882 (171
372 5811 488 5865 Lib.
521 5827 580 5873 ll,
606 5825 722 5878 cap.
756 5806 839 5859 18.
