4058 6456
620 383 713 437 611
1460 381 1514 437 S.
1557 381 1926 437 ATHANASH
1965 382 2114 436 OPP.
2159 379 2337 434 PARS
2373 378 2462 434 lll.
2513 410 2572 422 -
2611 378 3016 433 EXEGETICA.
3760 376 3868 430 612

619 501 794 570 patria
825 499 1044 569 quidem
1076 498 1179 553 fuit
1211 500 1633 554 Alexandrinus.
1658 499 1840 565 Quare
1864 501 1906 554 si
1939 500 2059 568 ejus
2098 499 2234 552 liber
2270 497 2344 551 De
2373 498 2667 550 nominibus
2705 496 2979 551 Hebraicis
3006 497 3142 551 adeo
3179 495 3408 551 celebris
3438 505 3491 550 et
3513 494 3780 565 frequens
3813 495 3870 548 in

618 592 983 648 litteratorum
1012 595 1267 649 manibus
1293 605 1430 658 erat,
1459 603 1518 648 ut
1551 611 1578 648 a
1613 595 1819 649 Graecis
1848 595 2008 664 vulgo
2038 595 2349 660 haberetur,
2411 603 2465 647 et
2495 595 2642 647 nulla
2697 604 2865 658 esset,
2905 603 3040 647 teste
3072 592 3425 661 Hieronymo,
3475 591 3626 646 orbis
3670 590 3875 645 biblio-

618 689 772 743 theca
807 705 927 759 quze
960 691 1138 759 ipsum
1185 706 1292 743 non
1339 701 1607 754 servaret,
1667 690 1791 743 inde
1845 691 2218 758 conjecturam
2260 688 2441 743 facere
2503 689 2628 744 licet
2685 699 2891 757 quanto
2941 687 2993 740 in
3028 689 3201 756 pretio
3260 695 3574 755 quantoque
3638 684 3695 736 in
3766 697 3876 738 usu

619 787 758 850 apud
787 800 916 838 suos
947 792 1233 854 populares
1257 784 1679 847 Alexandrinos,
1712 785 2056 840 Christianos
2082 788 2381 854 praesertim
2418 786 2499 839 vel
2536 783 2813 848 Hehrmos,
2843 797 3010 838 esset.
3045 783 3111 836 Et
3139 784 3357 852 quidem
3416 783 3517 835 hac
3569 780 3636 834 de
3668 795 3728 833 re
3764 793 3874 832 non

620 874 734 930 leve
764 887 1146 944 argumentum
1176 879 1260 931 vel
1288 877 1412 930 inde
1437 877 1574 930 sumi
1603 886 1808 947 potest,
1844 878 1989 947 quod
2026 877 2342 945 linjusmodi
2374 877 2510 930 liber
2541 892 2715 945 neque
2767 877 2913 945 ipsos
2948 876 3176 944 gentiles
3205 874 3607 929 Alexandrinos
3636 874 3875 942 scripto-

621 982 710 1020 res
743 968 919 1030 latuit,
952 985 1074 1023 cum
1105 988 1169 1024 ex
1198 985 1264 1024 eo
1297 972 1454 1040 plura
1487 971 1537 1022 in
1562 987 1720 1024 suum
1754 988 1914 1026 usum
1939 973 2331 1040 decerpserint.
2359 969 2492 1024 Nam
2527 986 2648 1039 quae
2687 968 2990 1040 Hesychius
3019 969 3414 1039 grammaticus
3461 967 3876 1021 Alexandrinus

619 1063 686 1118 de
722 1063 1002 1120 Hebraicis
1042 1067 1356 1128 nominibus
1388 1067 1441 1120 in
1471 1065 1732 1120 Lexicum
1763 1084 1924 1122 suum
1959 1069 2191 1132 induxit,
2239 1083 2305 1121 ex
2353 1081 2419 1121 eo
2470 1075 2662 1120 mutuo
2705 1066 2986 1135 accepisse
3042 1065 3344 1119 verisimile
3405 1073 3506 1118 est.
3563 1062 3618 1116 ld
3687 1071 3874 1116 autem

615 1161 727 1231 jam
761 1172 917 1217 antea
949 1165 1404 1219 animadvertisse
1438 1166 1678 1236 comperi
1737 1164 2004 1220 Joannem
2062 1165 2456 1231 lllartianzeum,
2502 1160 2596 1233 qui
2643 1163 2911 1234 probabili
2967 1163 3282 1231 conjectura
3309 1161 3424 1214 haec
3453 1161 3676 1215 adnotat
3707 1159 3824 1229 (l8)
3861 1177 3873 1210 :

625 1276 642 1307 ι
686 1256 885 1323 Quarta
911 1260 1116 1327 species
1175 1261 1464 1314 verborum
1494 1271 1546 1316 et
1588 1263 2095 1331 interpretationum
2142 1261 2388 1314 Philonis
2421 1267 2686 1329 superest,
2743 1259 2793 1311 ni
2833 1257 3009 1323 fallor,
3065 1259 3118 1311 in
3142 1257 3331 1312 Grazco
3360 1255 3561 1309 chico
3589 1251 3875 1325 Hesychii,

618 1352 958 1419 grammatici
991 1352 1365 1417 Alexandrini,
1401 1355 1494 1424 qui
1532 1371 1638 1408 non
1674 1356 1742 1410 ab
1793 1357 1900 1410 alio
1933 1372 2096 1425 quam
2131 1371 2160 1410 e
2191 1357 2330 1410 libro
2358 1355 2548 1410 Graeco
2581 1353 2894 1408 Judasorum
2928 1351 3279 1407 disertissimi
3317 1349 3647 1413 Hellenistre,
3709 1348 3762 1402 id
3791 1355 3881 1402 est

617 1455 683 1496 ex
718 1445 855 1498 libro
887 1448 1169 1502 nominum
1209 1448 1602 1505 lleliraicoruzn
1637 1453 1874 1506 mutuari
1925 1454 2100 1522 potuit
2134 1454 2356 1507 nomina
2381 1453 2518 1506 bene
2564 1451 2755 1514 multa,
2798 1466 2921 1520 quae
2969 1452 3083 1518 ipse
3137 1451 3526 1518 interpretatur
3550 1447 3710 1514 juxta
3748 1460 3877 1513 pro-

619 1536 903 1602 prietatem
930 1539 1129 1610 lingua:
1163 1542 1465 1601 Hebraicze.
1499 1545 1632 1601 Nam
1675 1552 1816 1602 unde
1839 1549 1991 1603 lluxit
2019 1549 2160 1618 apud
2195 1548 2526 1619 Hcsycliium
2564 1557 2711 1603 tanta
2763 1547 2919 1617 copia
2950 1546 3512 1612 nominum,quorum
3551 1543 3694 1596 ratio
3724 1541 3878 1610 igno-

620 1639 739 1681 rata
775 1634 985 1687 eratab
1009 1636 1267 1692 erunibus
1305 1638 1509 1694 Graecis
1535 1643 1896 1711 scriptoribus
1937 1641 2330 1712 prol‘anis,uisi
2361 1643 2430 1696 ab
2457 1642 2548 1696 illo
2587 1641 2764 1710 primo
2792 1639 3077 1693 conditore
3116 1636 3413 1690 voluminis
3471 1633 3877 1688 Hebraiearum

619 1735 836 1789 vocum,
883 1726 996 1781 sive
1021 1727 1208 1783 Lexici
1247 1733 1410 1796 sacri,
1444 1735 1600 1803 cujus
1633 1749 1856 1788 usuram
1881 1735 2134 1788 habuisse
2162 1733 2545 1788 Alexandrinis
2576 1731 2736 1786 facile
2762 1731 2952 1786 licuit?
2983 1749 3001 1781 ι
3033 1729 3090 1783 Si
3114 1738 3296 1783 autem
3321 1726 3663 1780 Alexandria
3688 1723 3877 1778 Philo-

620 1813 705 1868 nis
737 1816 874 1871 liber
911 1835 1109 1890 magno
1134 1824 1186 1876 in
1213 1825 1387 1893 pretio
1416 1826 1721 1880 habebatur
1745 1827 1887 1896 apud
1924 1827 2176 1881 homines
2213 1842 2243 1880 a
2277 1823 2505 1880 Judaica
2558 1823 2822 1894 religione
2875 1832 2928 1878 et
2983 1822 3294 1876 Christiana
3355 1819 3578 1872 veritate
3635 1818 3873 1880 alienos,

624 1908 858 1977 quisque
899 1913 1024 1967 inde
1060 1915 1430 1981 conjecturam
1487 1932 1682 1986 capere
1731 1928 1907 1987 potest
1932 1927 2138 1988 quanta
2190 1915 2333 1987 apud
2387 1896 2736 1971 Christianos
2784 1914 2839 1967 in
2872 1912 3284 1968 existimatione
3319 1917 3637 1979 quantoque
3682 1909 3738 1960 in
3775 1922 3877 1960 usu

623 2001 679 2055 in
711 2005 886 2058 sacris
924 2003 1226 2076 Scripturis
1243 2010 1579 2077 explicandis
1597 2018 1765 2064 esset.

690 2096 833 2153 XIV.
865 2099 1020 2165 Quod
1050 2102 1094 2156 si
1128 2103 1400 2172 quispiam
1427 2113 1571 2158 esset
1603 2105 1696 2173 qui
1743 2119 1806 2158 ea
1855 2103 1922 2158 de
1965 2118 2025 2157 re
2061 2102 2354 2168 dubitaret,
2392 2100 2552 2157 facile
2614 2104 2796 2158 omnis
2825 2117 2892 2156 ex
2946 2101 3129 2154 animo
3171 2099 3529 2154 dubitationis
3577 2097 3880 2167 scrupulus

617 2194 773 2247 evelli
824 2203 1009 2262 posset
1035 2209 1100 2248 ex
1144 2196 1210 2250 iis
1235 2213 1354 2265 quas
1385 2197 1448 2251 de
1477 2195 1710 2268 Origene
1735 2198 1900 2252 tradit
1925 2197 2327 2268 Hieronymus:
2365 2198 2625 2251 nimirum
2666 2198 2812 2267 quod
2840 2198 2894 2250 in
2949 2194 3233 2250 Hebraicis
3293 2194 3612 2248 nominibus
3655 2191 3878 2248 Veteris

619 2284 951 2340 Testamenti
986 2285 1186 2342 fecerat
1215 2288 1392 2354 Philo,
1440 2291 1493 2343 id
1523 2291 1577 2345 in
1607 2291 1925 2345 nominibus
1954 2289 2084 2345 Novi
2115 2290 2452 2346 Testamenti
2510 2292 2831 2361 praestitisse
2901 2291 3215 2360 Origenem,
3257 2304 3319 2343 ea
3369 2289 3527 2342 laude
3559 2299 3726 2357 atque
3752 2305 3877 2343 om-

619 2381 772 2433 nium
809 2380 1095 2436 doctorum
1129 2384 1372 2438 virorum
1409 2386 1821 2454 approbatione,
1875 2395 1934 2439 ut
1967 2401 2091 2439 eum
2124 2397 2310 2454 postea
2344 2387 2459 2455 ipse
2485 2385 2850 2455 Hieronymus
2889 2385 3134 2438 imitatus
3167 2383 3239 2462 sit
3259 2382 3519 2435 vertendo
3539 2381 3592 2434 in
3622 2380 3874 2451 linguam

619 2474 892 2540 Latinam,
924 2493 1045 2546 qua:
1067 2477 1254 2534 Graece
1283 2491 1496 2534 tantum
1525 2480 2071 2546 circumferebantur,
2102 2489 2162 2534 ut
2212 2483 2359 2551 quod
2418 2481 2590 2537 Graeci
2618 2479 2884 2545 Philonis,
2918 2492 2972 2534 et
3017 2478 3270 2551 Origcnis
3301 2475 3510 2540 labore,
3573 2483 3741 2543 atque
3786 2474 3873 2525 in-

618 2566 831 2621 dustria
866 2566 1161 2631 habebant,
1207 2567 1262 2622 id
1306 2567 1487 2622 Latini
1525 2569 1776 2625 lectionis
1835 2587 2114 2625 sacrarum
2192 2568 2600 2640 Seripturarum
2644 2571 2876 2626 studiosi
2925 2588 3078 2634 cura,
3112 2581 3275 2639 atque
3332 2585 3496 2639 opera
3540 2563 3880 2624 sanctissimi

623 2657 875 2712 Doctoris
913 2659 1370 2728 adipiscerentur.
1404 2658 1578 2715 Verba
1623 2660 1684 2716 Β.
1727 2659 2043 2732 Hieronymi
2077 2661 2206 2715 talia
2229 2671 2357 2716 sunt
2391 2661 2538 2731 (l9):
2586 2679 2604 2712 ‹
2643 2661 2722 2715 Ac
2751 2675 2819 2715 ne
2847 2659 2989 2714 forte
3013 2668 3398 2714 consummato
3425 2658 3678 2721 aedilicio,
3713 2657 3875 2727 quasi

618 2757 865 2803 extrema
895 2751 1110 2804 deesset
1159 2767 1377 2818 manus,
1417 2752 1552 2808 Novi
1585 2753 1922 2810 Testamenti
1949 2756 2109 2809 verba
2159 2764 2211 2809 et
2240 2755 2462 2809 nomina
2501 2755 2893 2824 interpretatus
2939 2769 3097 2820 sum;
3155 2752 3360 2806 imitari
3401 2751 3594 2835 volens
3627 2766 3696 2804 ex
3725 2760 3880 2819 parte

619 2839 931 2914 Origenem,
961 2861 1122 2914 quem
1161 2856 1280 2916 post
1313 2850 1618 2917 apostolos,
1649 2849 2019 2904 Ecclesiarum
2078 2849 2421 2918 magistrum,
2469 2864 2654 2914 nemo,
2704 2849 2809 2904 nisi
2865 2848 3153 2918 imperitus
3212 2846 3450 2918 negabit.
3497 2843 3644 2899 luter
3679 2853 3880 2900 czetera

621 2937 768 2990 enim
799 2938 1002 3008 ingenii
1037 2942 1124 2995 sui
1156 2942 1418 3010 przeelara
1447 2953 1800 2997 monumenta
1838 2944 2004 2996 etiam
2061 2942 2114 2996 in
2150 2943 2252 2996 hoc
2281 2943 2572 3007 laboravit,
2621 2953 2679 2997 ut
2727 2943 2874 3012 quod
2921 2941 3080 2995 Philo
3128 2940 3286 3010 quasi
3324 2938 3544 2993 Judaius
3591 2938 3879 2999 omiserat,

625 3030 716 3085 hic
741 3040 800 3085 ut
827 3032 1174 3087 Christianus
1207 3033 1474 3102 impleret.
1509 3052 1527 3082 ι
1565 3032 1642 3088 Ex
1677 3035 1762 3089 his
1793 3049 1923 3089 vero
1963 3050 2086 3104 qua:
2138 3032 2502 3104 Hieronymus
2528 3032 2770 3103 scripsit.
2817 3034 2926 3087 duo
2956 3032 3024 3085 ad
3069 3047 3183 3084 rem
3229 3040 3471 3084 nostram
3499 3025 3879 3097 colliguntur:

627 3122 1020 3179 Hebraicorum
1059 3126 1346 3179 nominum
1400 3126 1928 3197 interpretationem,
1969 3143 2083 3181 rem
2116 3127 2381 3196 puerilem
2403 3136 2456 3182 et
2493 3127 2696 3180 nullius
2727 3125 3005 3189 utilitatis,
3062 3133 3119 3177 ut
3154 3124 3378 3192 quidam
3423 3130 3739 3184 autumant,
3774 3119 3880 3173 mi-

622 3218 770 3272 nime
819 3219 1152 3272 censendam
1212 3234 1357 3281 esse.
1390 3234 1515 3275 cum
1566 3221 1624 3275 in
1664 3237 1725 3276 ea
1779 3222 1882 3276 tria
1933 3221 2356 3290 praeclarissima
2403 3222 2651 3276 omnium
2684 3229 2905 3275 aetatum
2963 3217 3178 3286 ingenia
3222 3215 3647 3277 elaboraverint,
3699 3211 3883 3277 Philo,

621 3306 907 3380 Origenes,
939 3309 1338 3382 Hieronymus;
1369 3320 1423 3366 et
1452 3322 1695 3366 nostram
1723 3312 2066 3367 Psalmorum
2100 3313 2474 3381 metaphrasin
2513 3327 2613 3366 seu
2645 3310 3100 3366 commentarium
3147 3310 3199 3363 in
3235 3323 3344 3377 quo
3371 3315 3630 3361 accurate
3672 3314 3728 3359 et
3763 3304 3886 3359 dili-

626 3413 816 3472 genter
849 3405 1012 3459 allata
1070 3403 1466 3461 Hebraicorum
1500 3406 1781 3460 nominum
1813 3406 2294 3475 interpretatione;
2329 3405 2674 3461 Psalmorum
2722 3405 2862 3458 tituli
2921 3412 3288 3472 exponuntur,
3326 3410 3607 3453 auctorem
3677 3412 3873 3467 praese-

624 3499 769 3554 l'erre
803 3499 1129 3568 scriptorem
1190 3498 1649 3565 Alexandrinum,
1685 3501 2019 3572 minimeque
2047 3517 2168 3557 eam
2205 3501 2387 3572 magni
2418 3500 2701 3556 Athanasii
2740 3499 2823 3554 vel
2854 3499 3022 3562 aitati,
3050 3497 3133 3552 vel
3191 3496 3400 3566 patriae,
3437 3495 3523 3549 vel
3565 3495 3791 3560 studiis,
3819 3505 3875 3549 et

622 3607 794 3650 sacrae
823 3593 1088 3648 doctrina:
1120 3608 1446 3662 repugnare,
1477 3595 1574 3649 sed
1607 3611 1770 3664 quam
1799 3596 2039 3651 maxime
2080 3596 2393 3651 convenire.

695 3682 812 3736 XV.
845 3681 1001 3738 Nunc
1029 3698 1160 3737 vero
1191 3685 1457 3755 agendum
1495 3694 1579 3740 est
1604 3687 1670 3741 de
1700 3687 1990 3756 allegorica
2017 3687 2489 3755 interpretatione,
2513 3687 2669 3757 juxta
2713 3702 2878 3757 quam
2923 3693 3186 3755 perpetuo
3235 3682 3632 3737 commentario
3683 3681 3889 3737 Psalmi

624 3784 989 3846 exponuntur.
1011 3774 1254 3831 Primum
1282 3778 1582 3847 allegorica:
1600 3795 1879 3834 sacrarum
1907 3780 2317 3850 Seripturarum
2343 3781 2807 3852 interpretationis
2829 3790 3106 3834 auctorem
3130 3785 3343 3832 veteres
3358 3775 3658 3846 scriptores
3681 3777 3892 3832 faciunt

625 3869 908 3924 Philonem
937 3869 1240 3924 Hebrazum.
1275 3869 1476 3925 Scribit
1500 3872 1643 3925 enim
1672 3873 1738 3926 de
1768 3888 1832 3926 eo
1875 3873 1927 3926 in
1969 3888 2069 3927 sua
2109 3873 2436 3928 Bibliotheca
2486 3873 2602 3945 (9.0)
2645 3872 2909 3926 Photius:
2947 3890 2964 3922 ι
3004 3869 3482 3926 Circumferuntur
3507 3870 3757 3940 ejusdem
3786 3869 3890 3923 alia

625 3976 842 4030 quoque
872 3963 1018 4016 varia
1053 3964 1316 4032 opuscula
1336 4006 1352 4029 ,
1380 3966 1576 4035 quibus
1605 3967 2002 4036 diSputationes
2036 3967 2148 4023 fere
2180 3970 2247 4024 de
2275 3968 2522 4022 moribus
2549 3967 2898 4022 continentur
2918 4010 2931 4030 ,
2959 3964 3283 4036 Veterisque
3309 3964 3648 4020 Testamenti
3700 3963 3892 4034 expla-

626 4055 876 4108 nationes
904 4055 968 4108 ad
997 4056 1310 4126 allegoriam
1346 4067 1404 4110 ut
1431 4059 1724 4126 plurimum
1760 4060 1873 4128 ipsa
1905 4060 2082 4115 littera
2112 4071 2314 4131 aptata.
2345 4059 2412 4113 Et
2441 4075 2566 4114 vero
2601 4060 2668 4113 ab
2691 4059 2792 4113 hoc
2822 4059 3056 4113 arbitror
3083 4073 3298 4112 omnem
3330 4056 3686 4127 allegoricum
3721 4071 3892 4110 sacra:

628 4145 923 4215 Scriptura:
953 4163 1261 4203 sermonem
1299 4151 1354 4204 in
1391 4150 1686 4212 Ecclesiaai
1719 4168 2124 4220 promanasse.»
2147 4153 2385 4208 lsautem
2417 4152 2792 4216 Alexandriae,
2837 4151 2926 4206 ubi
2967 4161 3127 4204 natus
3164 4161 3316 4213 erat,
3369 4150 3622 4218 scripsit,
3676 4161 3733 4203 et
3786 4164 3892 4203 non

627 4237 802 4290 solum
836 4239 974 4292 inter
1003 4256 1154 4303 suos,
1181 4242 1271 4293 sed
1305 4242 1468 4295 etiam
1503 4242 1642 4295 inter
1667 4243 2010 4298 Christianos
2037 4242 2233 4297 celebri
2265 4243 2484 4296 nomine
2515 4244 2583 4296 ob
2607 4257 2885 4296 sacrarum
2920 4237 3326 4312 Seripturarum
3355 4241 3667 4305 scientiam,
3688 4251 3743 4296 et
3769 4259 3895 4313 pro.

628 4323 880 4382 lanarum
913 4331 1283 4386 doctrinarum
1309 4335 1668 4391 eruditionem
1706 4337 1826 4398 fuit,
1863 4337 1973 4391 imo
2001 4337 2166 4389 etiam
2198 4335 2522 4389 Christiana:
2555 4335 2800 4406 religioni
2834 4350 3030 4390 nomen
3065 4334 3314 4400 dedisse,
3358 4349 3387 4388 a
3418 4335 3750 4405 quibusdam
3785 4346 3866 4390 ιη

630 4417 804 4474 ditum
839 4433 941 4476 est.
980 4423 1123 4479 Sane
1148 4423 1510 4497 Hieronymus
1544 4429 1609 4484 de
1640 4445 1705 4483 eo
1731 4430 1917 4485 scribit
1945 4429 2057 4499 (21)
2078 4471 2092 4492 ,
2125 4428 2323 4483 famam
2357 4428 2523 4483 fuisse
2544 4469 2558 4492 ,
2587 4444 2710 4483 eum
2731 4470 2746 4496 ,
2782 4444 2904 4484 cum
2935 4429 2988 4483 in
3017 4430 3256 4484 secunda
3288 4430 3558 4500 legatione
3597 4429 3666 4483 ad
3695 4430 3891 4484 Caium

635 4511 862 4569 Romam
893 4519 1150 4583 venisset,
1188 4521 1426 4576 locutum
1449 4539 1572 4578 esse
1605 4539 1726 4577 cum
1757 4524 2002 4594 apostolo
2025 4522 2205 4588 Petro,
2238 4506 2464 4594 ejusque
2498 4523 2754 4578 habuisse
2790 4524 3084 4589 amicitias,
3115 4531 3170 4577 et
3199 4523 3271 4578 ob
3300 4524 3441 4578 hanc
3468 4539 3693 4578 causam
3727 4527 3891 4579 etiam

633 4606 798 4663 Marci
826 4611 1076 4681 discipuli
1108 4613 1273 4675 Petri.
1306 4615 1447 4685 apud
1475 4616 1858 4671 Alexandriam
1891 4627 2190 4673 sectatores
2211 4632 2440 4673 ornasse
2467 4616 2753 4682 laudibus;
2777 4625 2971 4673 etante
2994 4617 3384 4690 Hieronymum
3415 4617 3556 4673 idem
3579 4619 3646 4673 de
3661 4616 3895 4674 Philone

637 4701 931 4759 tradiderat
969 4704 1235 4760 Eusebius
1261 4707 1632 4772 Caesariensis,
1657 4707 1749 4776 qui
1781 4707 2160 4764 doctissimum
2188 4706 2430 4763 Judaeum
2474 4710 2686 4782 magnis
2728 4710 2980 4765 laudibus
3019 4719 3205 4776 ornat;
3259 4711 3400 4764 unde
3437 4720 3654 4766 constat
3690 4723 3896 4783 quanto

637 4797 857 4851 nomine
879 4808 931 4851 et
952 4813 1061 4867 quo
1081 4798 1133 4852 iu
1168 4801 1373 4854 honore
1399 4802 1486 4856 ille
1507 4811 1648 4856 esset
1671 4800 1890 4856 Eusebii
1910 4816 2128 4870 quoque
2155 4810 2312 4856 auate
2337 4802 2478 4871 apud
2504 4801 2876 4858 Christianos:
2913 4801 3013 4857 Hic
3041 4817 3232 4872 porro,
3259 4803 3434 4872 inquit
3464 4801 3739 4859 Eusebius
3761 4805 3892 4877 (ἓξ),

635 4888 718 4939 vir
741 4889 792 4941 in
828 4889 1060 4944 dicendo
1090 4892 1380 4960 copiosus,
1416 4891 1467 4944 in
1505 4892 1788 4947 sententiis
1821 4892 2089 4960 locuples,
2125 4892 2176 4944 in
2201 4891 2397 4945 divinas
2422 4889 2717 4962 Scriptum
2748 4893 3098 4963 intelligentia
3125 4893 3376 4948 sublimis
3411 4903 3574 4963 atque
3607 4898 3893 4952 excelsus.

637 4983 842 5035 variam
868 4997 930 5036 ac
968 4983 1317 5050 multiplicem
1343 5000 1622 5038 sacrorum
1655 4985 1991 5039 voluminum
2018 4985 2411 5054 expositionem
2434 4986 2624 5040 edidit.
2654 4987 2698 5040 E
2724 4986 2950 5042 Philone
2975 4989 3168 5059 igitur,
3199 4990 3292 5059 qui
3325 4987 3463 5059 ἀνὴρ
3489 4989 3556 5042 τὰ
3590 4991 3772 5044 πάντα
3812 4993 3896 5045 εὖ·

639 5073 806 5137 δοξος,
836 5073 1199 5142 aitJoseplius
1232 5077 1367 5144 (‘25).
1404 5092 1509 5128 non
1534 5077 1708 5130 solum
1742 5079 1793 5129 in
1815 5077 1987 5132 sacris
2017 5075 2319 5145 Scripturis
2341 5080 2670 5134 excellenter
2705 5090 2977 5146 versatus,
3004 5082 3098 5135 sed
3125 5082 3290 5136 etiam
3322 5083 3564 5136 externis
3588 5083 3896 5154 disciplinis

639 5167 852 5236 egregie
886 5167 1133 5221 excultus
1168 5168 1424 5237 prreclara
1451 5183 1613 5236 opera
1646 5169 1698 5221 in
1731 5169 2006 5235 publicum
2047 5167 2324 5233 ediderat,
2359 5168 2703 5240 allegoricam
2759 5186 3040 5226 sacrarum
3076 5171 3486 5242 Seripturarum
3523 5175 3894 5243 interpretan-

639 5262 831 5315 darum
869 5259 1130 5312 rationem
1179 5259 1232 5313 in
1272 5260 1693 5314 Alexandrinam
1727 5259 2159 5313 Christianorum
2204 5261 2449 5315 scholam
2499 5264 2680 5332 aliqua
2714 5279 2781 5317 ex
2820 5273 3007 5333 parte,
3041 5275 3094 5319 et
3147 5265 3551 5335 quadamtenus
3591 5266 3893 5322 derivatam

641 5350 827 5411 fuisse,
856 5365 1020 5418 quam
1046 5349 1496 5404 verisimillimum
1528 5366 1669 5414 esse,
1701 5365 1885 5416 nemo,
1917 5360 1977 5403 ut
2000 5362 2149 5420 puto,
2181 5354 2420 5423 negabit.

712 5486 826 5549 (l8)
893 5485 1047 5539 Tom.
1085 5485 1125 5538 ll
1177 5487 1315 5556 Opp.
1387 5489 1444 5540 S.
1507 5487 1750 5553 Hieron.,
1819 5503 1872 5556 p.
1912 5488 1980 5541 90
2012 5488 2138 5541 edit.
2213 5485 2388 5544 Paris.

713 5557 823 5626 (l9)
851 5557 969 5609 Lib.
1007 5572 1090 5619 ιιι,
1114 5574 1230 5627 cap.
1261 5559 1314 5620 ὅ,
1355 5578 1409 5612 n.
1442 5560 1494 5612 7.

716 5629 826 5694 (ειν)
862 5628 1061 5680 (lodice
1086 5643 1168 5680 cv.

717 5699 826 5759 «21)
865 5697 936 5750 De
959 5698 1137 5766 script.
1177 5697 1356 5751 ercies.
1389 5713 1440 5748 ιι.
1474 5697 1556 5748 11.

715 5768 828 5834 (22)
865 5767 1153 5820 Ηιδι.ει·τ1.
1183 5770 1272 5818 lib.
1309 5784 1364 5828 ιι,
1392 5784 1510 5834 cap.
1548 5768 1624 5820 l8.

718 5836 832 5902 (25)
866 5839 1038 5889 Antia.
1071 5839 1286 5890 Judaic.
1314 5854 1428 5892 cao.
1462 5839 1510 5890 9.
