4058 6450
156 404 258 456 613
831 401 917 456 DE
958 399 1234 454 TITUIJS
1275 399 1721 454 PSAIMORUM.
1756 431 1821 437 ——
1859 399 2248 454 ANTONEIJJ
2288 401 2684 456 Pll.-EF.-\Tl0.
3298 406 3407 459 614

225 518 362 572 XVI.
392 517 546 585 Quod
582 524 761 572 autem
795 517 978 572 schola
1013 517 1373 570 Alexandrina
1406 517 1750 587 allegoricam
1789 519 2288 586 ititerprrlationem
2317 530 2499 574 secuta
2533 522 2622 582 sit.
2660 529 2984 591 argumento
3019 537 3144 577 esse
3181 536 3414 592 possunt

154 627 317 680 opera
355 609 649 664 Clementis
681 617 733 661 et
762 606 1009 675 Origenis
1035 648 1048 672 ,
1079 608 1170 676 qui
1203 607 1363 658 OlllllO
1391 606 1768 659 Alexandrinae
1801 607 1999 659 scholze
2031 607 2386 672 prwl'uerunt.
2430 609 2674 674 Quorum
2718 611 2928 677 primus
2962 613 3014 664 in
3050 613 3228 666 sacris
3266 610 3412 666 sui.

156 704 332 772 pluris
355 700 692 771 explicandis
716 699 1016 767 saepissime
1048 698 1321 769 allegoriis
1350 698 1537 759 utitur,
1563 697 1654 749 scd
1681 697 1908 750 inlibris
1939 697 2267 751 Stroniatum
2292 701 2551 770 mysticos
2581 699 2986 770 Scripturarum
3013 716 3208 755 sensus
3236 699 3411 770 potis-

153 795 352 850 Eimum
384 795 666 864 amplexus
693 807 766 845 est
794 809 806 856 ;
846 791 1111 858 siquidem
1143 791 1243 842 tria
1277 806 1372 842 sua
1406 791 1660 858 praeclara
1694 804 1891 857 Opera,
1927 787 2291 859 I’rotrepticon
2314 832 2328 855 ,
2363 790 2697 862 Purdagogon
2723 833 2735 855 ,
2789 803 2841 846 ct
2875 793 3204 846 Stiomutum
3246 792 3414 845 libros

151 903 218 941 eo
252 887 468 950 ordine,
507 897 557 938 ct
582 886 791 938 ratione
821 882 1052 936 instituit
1079 880 1212 950 (24),
1245 891 1305 934 ιιι
1334 881 1616 950 gentilium
1648 891 2088 950 mystagogorum
2112 921 2124 944 ,
2158 898 2221 934 ac
2253 893 2496 935 veterum
2530 883 2976 952 philosophorum
3012 883 3265 950 exemplo
3302 891 3414 934 tres

152 979 354 1048 gradus
374 1018 388 1039 ,
419 974 791 1044 ἀποκάθαρσιν
814 1013 826 1035 ,
868 971 1096 1043 μύησιν,
1126 972 1419 1025 ἐποπτείαν
1453 971 1564 1026 refe
1578 985 1706 1026 rreL.
1739 984 1754 1024 Α

1811 984 1889 1026 ter
1917 989 2044 1026 vero
2081 973 2135 1028 in
2179 975 2452 1044 allegoriis
2481 975 2756 1029 scctaudis
2785 976 2920 1029 adeo
2955 976 3156 1028 nimius
3185 975 3319 1040 fuit,
3359 984 3413 1027 ut

149 1073 315 1126 etiam
347 1071 451 1124 hoc
478 1069 696 1123 nomine
739 1082 768 1120 a
814 1067 998 1120 multis
1026 1065 1472 1134 reprehendatur.
1524 1065 1705 1130 Quare
1747 1074 1801 1118 et
1832 1077 2087 1120 accurata
2133 1065 2522 1122 llebraicorum
2572 1070 2856 1122 nominum
2909 1069 3320 1136 interpretatio,
3361 1081 3416 1126 et

151 1165 438 1233 allegorica
477 1161 863 1232 interpretandi
901 1159 1037 1212 ratio
1073 1160 1124 1211 in
1156 1173 1321 1213 causa
1369 1173 1490 1212 esse
1535 1174 1640 1213 non
1691 1170 1959 1229 possunt.
2013 1177 2110 1213 cur
2152 1173 2335 1216 noster
2376 1161 2716 1216 Psalinorum
2756 1165 3182 1217 commentarius
3217 1177 3415 1232 magno

149 1258 455 1312 Athanasio
486 1255 859 1324 abjudicetur,
890 1254 982 1308 sed
1019 1253 1198 1322 potius
1230 1264 1551 1322 argumento
1579 1269 1698 1307 esse
1730 1253 1928 1319 debet,
1970 1270 2068 1307 cur
2103 1255 2254 1308 illum
2301 1257 2647 1310 sanctissimo
2684 1258 2940 1326 episcopo
2963 1299 2975 1321 ,
3015 1256 3171 1324 cujus
3215 1269 3414 1308 nomen

149 1348 402 1417 praefert,
433 1364 765 1402 asscramus.
790 1344 922 1398 Nam
951 1352 1176 1415 utraque
1212 1346 1456 1410 intento,
1489 1354 1546 1398 ut
1579 1347 1653 1398 ita
1697 1344 1912 1411 dicam,
1951 1347 2120 1416 digito
2155 1347 2396 1400 iudieare
2431 1348 2670 1412 videtur,
2714 1357 2993 1401 auctorem
3034 1343 3414 1400 commentarii

149 1445 471 1511 scriptorem
503 1442 926 1496 Alexandrinum
961 1439 1162 1502 fuisse,
1194 1438 1536 1492 Alexandria:
1568 1451 1754 1492 natum
1779 1479 1792 1502 ,
1843 1447 1896 1493 et
1927 1439 1982 1492 in
2026 1439 2396 1492 Alexandrina
2441 1441 2627 1494 schola
2657 1441 2969 1494 educatum.
3005 1437 3259 1493 Profecto
3305 1453 3414 1491 non

147 1535 403 1590 dissimili
433 1538 661 1596 ratione,
695 1549 797 1602 qua
824 1532 1153 1586 Athanasius
1188 1531 1239 1583 in
1275 1547 1374 1586 suo
1403 1532 1797 1585 commentario
1826 1531 2106 1585 titulorum
2138 1531 2644 1600 interpretationem
2685 1541 3006 1602 prosecutus
3037 1541 3138 1596 est,
3173 1531 3414 1585 nonnul-

147 1630 326 1682 lorum
353 1628 689 1696 psalmomm
722 1626 909 1680 titulos
938 1623 1223 1693 Origencm
1249 1638 1466 1693 quoque
1495 1625 1826 1694 explicassc,
1887 1624 2047 1677 fidem
2089 1624 2220 1679 facit
2251 1623 2618 1694 fragmentum
2654 1624 3033 1679 commentarii
3076 1621 3327 1692 Origenis
3361 1621 3415 1674 in

146 1717 423 1781 Psalmos,
448 1716 594 1787 quod
620 1732 684 1770 ex
712 1717 896 1771 codice
925 1713 1188 1767 Vaticano
1214 1729 1338 1767 cum
1372 1715 1495 1769 aliis
1523 1715 1576 1768 in
1609 1716 1784 1768 lucem
1817 1713 1986 1770 edidit
2012 1713 2075 1768 P.
2108 1714 2574 1782 Montfauconius,
2593 1725 2644 1769 ct
2668 1732 2780 1772 sua:
2800 1715 3165 1785 Hexaplorum
3193 1713 3415 1769 editioni

145 1808 414 1878 praemisit
442 1809 590 1877 (25);
622 1824 684 1862 ac
713 1807 940 1877 proinde
962 1806 1030 1861 de
1051 1805 1374 1874 antiquitate
1405 1821 1565 1870 usus,
1597 1821 1661 1860 ac
1685 1806 1987 1875 disciplina:
2017 1807 2408 1878 interpretandi
2435 1809 2487 1862 in
2520 1809 2870 1878 allegoricum
2897 1824 3120 1864 sensum
3171 1806 3414 1878 psalmos

145 1899 596 1969 psalmorumque
625 1897 811 1952 titulos
842 1897 896 1951 in
925 1895 1110 1951 schola
1137 1895 1502 1948 AleXandrina
1535 1895 1772 1949 dubitari
1800 1897 2007 1966 nequit.

221 1989 382 2045 XVII.
417 1988 558 2056 Quin
589 1990 697 2042 imo
729 1989 886 2057 longe
907 1994 1033 2041 ante
1059 1985 1298 2038 Pautzeni
1324 2025 1338 2046 ,
1377 1984 1672 2039 Clementis
1699 1993 1751 2039 et
1779 1978 2030 2054 Oi’igenis
2056 1997 2269 2042 :etatem
2289 2029 2302 2052 ,
2332 1989 2425 2057 qui
2456 1989 2784 2044 successivis
2815 1989 3152 2059 temporibus
3184 1988 3405 2042 Alexan-

143 2082 362 2136 drinam
387 2079 632 2136 scholam
665 2084 957 2142 reseruat,
989 2073 1306 2144 allegoricas
1336 2087 1388 2127 et
1421 2076 1678 2144 mysticus
1705 2074 2113 2144 Scripturarum
2154 2081 2526 2148 expositiones
2575 2095 2676 2134 usu
2725 2082 2867 2150 apud
2911 2081 3257 2136 Christianos
3295 2082 3419 2134 Alc-

144 2174 446 2229 xandrinos
476 2183 720 2242 receptas
748 2167 938 2232 fuisse,
968 2167 1279 2221 testimonio
1302 2181 1422 2220 esse
1455 2173 1705 2234 possunt,
1728 2182 1848 2234 quse
1878 2168 2157 2222 memoriae
2187 2169 2526 2238 posteritatis
2549 2170 2747 2223 tradita
2777 2180 2904 2225 sunt
2932 2171 3000 2224 de
3029 2169 3412 2238 Therapeutis.

142 2281 382 2335 quorum
411 2263 632 2318 nomine
655 2271 862 2316 veteres
889 2260 1010 2313 illos
1031 2257 1376 2312 Christianos
1401 2257 1561 2311 Marci
1583 2260 1930 2327 evangelista:
1950 2261 2254 2332 discipulos
2280 2261 2615 2333 signiﬁcatos
2645 2263 2815 2317 fuisse
2834 2264 3040 2333 antiqui
3066 2262 3258 2317 Patres
3277 2261 3414 2331 (9.6).

143 2370 200 2412 et
231 2360 416 2428 plures
451 2373 513 2411 ex
548 2353 944 2410 recentioribus
969 2352 1326 2421 scriptoribus
1356 2353 1763 2405 existimarunt.
1799 2352 1977 2410 Mores
2016 2356 2159 2409 enim
2182 2397 2197 2422 ,
2247 2367 2298 2408 et
2350 2356 2598 2410 instituta
2650 2355 3117 2426 Therapeutaium
3173 2356 3416 2410 referens

143 2453 304 2506 Philo
336 2451 482 2519 (27):
522 2471 538 2498 ε
569 2447 762 2501 Totum
790 2459 950 2510 vero,
978 2443 1184 2512 inquit,
1217 2443 1321 2496 diei
1351 2444 1620 2512 spatium,
1648 2444 1793 2512 quod
1826 2445 1894 2499 ab
1919 2455 2038 2500 ortu
2068 2448 2197 2501 solis
2227 2446 2295 2500 ad
2327 2463 2608 2516 vesperum
2645 2450 2948 2518 interjaeet,
2986 2450 3039 2503 in
3073 2449 3418 2504 meditatione

143 2546 509 2616 philosophiae
541 2543 850 2596 traducunt.
887 2539 1053 2592 Sacra
1080 2537 1222 2592 enim
1258 2537 1534 2591 volumina
1565 2538 1869 2592 lectitantes
1907 2539 2368 2609 philosophantur
2393 2556 2545 2596 more
2578 2543 2750 2610 patrio
2782 2552 3044 2611 praecepta
3081 2542 3362 2610 sapicntiie
3387 2553 3416 2591 a

140 2639 451 2708 majoribus
483 2636 678 2690 tradita
705 2632 993 2703 allegorice
1017 2631 1359 2702 explicando.
1394 2630 1603 2698 Quippe
1634 2629 1948 2684 existimant
1976 2632 2134 2685 verba
2172 2633 2287 2702 ipsa
2321 2634 2456 2688 nihil
2499 2635 2646 2688 aliud
2693 2649 2815 2689 esse
2861 2650 3024 2704 quam
3057 2635 3322 2701 imagines
3361 2649 3418 2695 ei

140 2734 302 2803 signa
339 2746 523 2785 rerum
554 2729 858 2784 abditarum
886 2767 900 2790 ,
934 2740 1056 2794 quae
1092 2739 1185 2794 per
1222 2724 1507 2793 allegorias
1534 2719 1874 2776 dec'aranda:
1907 2733 2054 2776 sunt.
2096 2724 2235 2776 Sunt
2265 2725 2428 2779 etiam
2462 2725 2605 2794 apud
2630 2741 2727 2780 eos
2754 2727 3134 2780 commentarii
3171 2735 3415 2781 veterum

138 2827 536 2896 quorumdam,
564 2825 654 2893 qui
682 2833 843 2877 sectae
872 2821 1016 2874 illius
1039 2827 1292 2872 auctores
1316 2815 1719 2884 quamplurima
1747 2816 1827 2869 eis
1853 2829 2205 2871 monumenta
2233 2819 2498 2873 doctrinae
2529 2819 2695 2885 illius,
2723 2835 2845 2888 quae
2872 2820 2923 2873 iu
2951 2821 3222 2890 allegoriis
3244 2821 3417 2890 posita

137 2934 248 2982 εει,
284 2917 640 2987 reliquerunt.
670 2914 882 2980 Quibus
905 2912 993 2964 isti
1029 2921 1290 2977 tanquam
1321 2907 1726 2974 exemplaribus
1759 2916 1971 2962 utentcs
2002 2926 2207 2964 morem
2233 2912 2374 2966 hunc
2395 2913 3169 2982 institutumqueimitantur.i
3199 2913 3278 2965 Ad
3304 2913 3418 2967 haec

139 3023 327 3066 autem
356 3010 595 3064 Philonis
622 3009 785 3063 verba
813 3006 939 3060 talia
963 3004 1142 3060 subdit
1162 3001 1431 3057 Eusebius
1451 3001 1594 3072 (‘28):
1624 3020 1640 3051 ‹
1669 2999 1792 3056 Hier
1817 3013 1958 3056 certe
1985 3003 2052 3057 ab
2073 3020 2137 3056 co
2158 3005 2377 3059 homine
2400 3005 2541 3060 dicta
2563 3007 2838 3068 videntur,
2869 3007 2962 3077 qui
2986 3016 3200 3060 nostras
3232 3021 3420 3061 sacras

139 3105 358 3158 litteras
391 3111 721 3171 exponentes
754 3097 1043 3154 audiverit.
1073 3095 1222 3162 Quos
1262 3106 1444 3148 autem
1469 3133 1482 3155 ,
1524 3093 1629 3158 ait,
1666 3110 1832 3163 penes
1881 3095 2004 3150 illos
2045 3096 2212 3150 fuisse
2259 3107 2501 3152 veterum
2544 3099 2910 3168 quorumdam
2959 3100 3416 3154 comineutaiios.

139 3194 443 3250 verisimile
476 3203 591 3257 est,
618 3193 730 3262 ipsa
763 3206 884 3246 esse
918 3188 1208 3259 Evangelia
1231 3230 1244 3253 ,
1279 3195 1331 3240 et
1355 3186 1726 3255 apostolorum
1763 3185 1965 3256 scripta
1988 3226 2002 3250 ,
2040 3199 2091 3240 et
2119 3189 2490 3258 expositiones
2523 3191 2787 3260 quasdam
2833 3201 3072 3246 veterum
3124 3190 3415 3259 prephela‘

137 3306 303 3344 rum:
337 3287 645 3359 cujusmodi
676 3287 860 3356 plures
887 3293 998 3337 tum
1029 3283 1082 3335 in
1119 3281 1240 3334 aliis
1269 3278 1425 3332 Pauli
1460 3276 1743 3348 Epistolis,
1777 3289 1894 3334 tum
1924 3281 1978 3334 in
2010 3280 2097 3332 illa
2123 3297 2242 3348 qua:
2272 3281 2336 3333 ad
2361 3281 2617 3336 llebrzcos
2646 3285 2844 3350 scripta
2869 3291 2969 3347 est,
3002 3283 3367 3336 continentur.
3394 3302 3412 3332 ›

137 3382 208 3436 At
236 3381 382 3436 enim
412 3379 679 3434 Henricus
707 3376 955 3430 Valesius
980 3383 1163 3428 censet
1195 3373 1364 3425 libros
1393 3368 1528 3423 Novi
1557 3368 1894 3424 ’l‘estamenti
1930 3385 1960 3423 a
1993 3369 2219 3424 Philone
2259 3372 2404 3424 haud
2437 3372 2733 3442 significari
2781 3375 3026 3444 potuisse
3049 3415 3062 3437 ,
3100 3386 3225 3426 cum
3272 3372 3418 3426 dicat

139 3476 553 3546 συγγράμματα
586 3470 828 3526 παλαιῶν
861 3466 1088 3538 ἀνδρῶν,
1113 3465 1302 3534 quales
1334 3479 1438 3518 non
1471 3473 1625 3516 erant
1653 3461 1741 3514 Phi

1815 3461 1898 3516 nis
1927 3469 2086 3515 :etale
2114 3463 2346 3530 apostoli
2368 3473 2420 3519 et
2451 3465 2816 3534 evangelistaz.
2843 3465 2957 3536 Ego
2981 3475 3161 3520 autem
3196 3465 3415 3520 Eusebii

138 3572 472 3628 sententiam
505 3567 647 3620 haud
673 3580 896 3635 prorsus
924 3547 1275 3633 rcjicieudam
1302 3579 1420 3616 esse
1449 3571 1607 3632 puto:
1645 3577 1767 3614 nam
1804 3577 1946 3632 szepe
1969 3562 2234 3629 παλαιῶν,
2261 3579 2354 3618 seu
2387 3573 2614 3618 veterum
2645 3567 2868 3620 nomine
2901 3566 3294 3635 intelliguntur,
3323 3565 3416 3636 qui

137 3682 253 3721 una
284 3675 490 3718 tantum
516 3671 672 3719 astate
702 3673 796 3715 seu
835 3659 1184 3728 generatione
1211 3656 1323 3728 (29)
1357 3672 1453 3710 uos
1488 3669 1916 3724 pia-cesserunt:
1955 3666 2009 3712 et
2029 3657 2248 3727 quidem
2272 3698 2286 3721 ,
2335 3659 2380 3712 si
2426 3659 2480 3711 in
2515 3674 2573 3713 re
2615 3659 2773 3729 longe
2811 3659 2985 3729 posita
3017 3675 3046 3713 a
3081 3669 3266 3714 nostra
3300 3676 3414 3713 me-

138 3761 322 3816 moria
353 3769 516 3828 atque
545 3766 722 3817 aetate.
757 3756 830 3808 uti
870 3753 1180 3823 conjectura
1217 3754 1360 3814 licet,
1396 3766 1594 3805 censeo
1664 3749 1944 3805 Philonem
1977 3752 2496 3806 commentariorum
2537 3751 2758 3808 nomine
2794 3755 2936 3808 inter
2959 3755 3094 3810 alios
3127 3755 3294 3808 libios
3330 3753 3415 3806 iu-

135 3857 331 3910 dicare
356 3851 594 3905 voluisse
623 3848 972 3917 Evangelium
1003 3846 1300 3900 secundum
1333 3842 1636 3913 IEgyptios.
1669 3841 1802 3897 Nam
1831 3846 1883 3895 in
1912 3859 1978 3897 eo
2005 3845 2280 3912 peculiare
2318 3843 2593 3915 quoddam
2629 3845 2800 3902 fuisse
2832 3846 3045 3901 dicendi
3076 3863 3246 3917 genus
3280 3846 3415 3901 alle-

136 3944 317 4015 goriis
351 3952 403 3994 et
426 3937 698 3994 abstrusis
729 3952 794 3989 ac
822 3934 1066 4004 mysticis
1096 3933 1347 3986 sensibus
1381 3933 1595 4000 plenum
1617 3970 1631 3992 ,
1663 3933 1817 3984 tidem
1854 3931 2059 3987 faciunt
2097 3933 2397 4004 fragmenta
2429 3953 2550 4006 qua:
2584 3937 2652 3990 ab
2678 3937 2918 4007 antiquis
2946 3940 3307 4009 scriptoribus
3345 3942 3414 3994 ad

135 4045 390 4092 nostram
420 4047 593 4101 usque
621 4040 834 4084 :eta'em
868 4037 1079 4080 servata
1113 4035 1259 4080 sunt.
1292 4023 1664 4093 A'lniginatum
1695 4024 1839 4076 enim
1867 4025 2037 4079 instar
2069 4026 2157 4080 illa
2188 4037 2317 4081 sunt
2352 4045 2472 4098 qua:
2496 4045 2562 4082 ex
2592 4030 2683 4082 illo
2716 4031 3007 4098 Evangelia
3043 4030 3335 4086 laudantur
3361 4033 3413 4087 in

135 4127 375 4194 cpistola
403 4124 639 4180 secunda
676 4125 733 4177 S.
768 4121 1063 4175 Clementis
1100 4118 1369 4188 pontilicis
1396 4115 1662 4181 Romani,
1688 4126 1742 4170 et
1774 4117 1828 4170 in
1865 4118 2002 4171 libi-0
2057 4121 2215 4175 tertio
2246 4119 2574 4174 Stromatum
2607 4121 2833 4176 alterius
2872 4121 3172 4179 Clementis
3206 4139 3425 4195 cogno-

136 4221 316 4276 minis
339 4221 637 4291 presbyteri
664 4217 1037 4279 Alexandrini,
1071 4231 1134 4269 ex
1157 4229 1392 4282 quorum
1421 4212 1637 4282 scriptis
1661 4215 2007 4288 alim-umque
2039 4225 2278 4270 veterum
2314 4216 2534 4270 Patrum
2566 4217 2728 4272 nobis
2759 4227 3098 4288 compertum
3126 4220 3203 4280 lit,
3236 4214 3416 4271 Evan-

135 4312 289 4385 gelio
324 4311 446 4374 illo,
478 4311 857 4379 qualecunque
888 4306 1081 4369 fuerit,
1120 4305 1375 4372 antiquos
1408 4304 1529 4357 illos
1555 4303 1759 4358 Christi
1789 4322 1843 4360 ιιι
1882 4305 2116 4376 zEgypto
2146 4308 2384 4362 asseclas
2409 4324 2538 4364 usos
2566 4308 2754 4364 fuisse.
2802 4309 3002 4366 Verum
3047 4310 3190 4364 enim
3228 4319 3412 4380 postea

137 4405 434 4474 temporis,
465 4419 586 4456 Clllll
623 4403 674 4454 in
704 4402 959 4454 universo
985 4409 1260 4452 terrarum
1288 4397 1419 4449 orbe
1444 4395 1553 4451 fere
1576 4397 1640 4450 ad
1665 4414 1913 4451 ommum
1941 4400 2178 4453 fidelium
2204 4415 2397 4456 manus
2421 4403 2796 4470 pervenissent
2844 4414 3076 4474 quatuor
3100 4402 3410 4471 Evangelia,

136 4495 378 4561 aliaeque
404 4492 682 4546 canonica}
713 4491 1024 4558 Scripturie.
1057 4503 1178 4553 qua:
1209 4501 1239 4540 a
1266 4487 1438 4541 sacris
1472 4488 1846 4556 cvangelistis,
1879 4501 1932 4544 et
1963 4491 2170 4546 sanctis
2204 4494 2467 4561 apostolis
2493 4493 2891 4562 θεοπνεύστοις,
2919 4513 2951 4549 a
2976 4495 3083 4549 Deo
3117 4497 3412 4564 inspiratus,

137 4591 203 4644 in
231 4585 406 4640 fidelis
436 4585 618 4655 populi
648 4583 973 4642 utilitatem,
1011 4590 1064 4632 et
1099 4579 1350 4634 Ecclesiae
1380 4579 1800 4635 aedificationem
1830 4583 1988 4638 nobis
2016 4583 2187 4636 divini
2229 4584 2586 4642 beneficentia
2617 4589 2812 4643 tradita
2845 4599 3005 4656 sunt;
3055 4587 3411 4660 Evangelium

138 4682 283 4738 illud
313 4678 661 4748 allegoricuin
685 4715 700 4739 ,
725 4683 779 4730 et
812 4671 921 4726 fere
945 4671 1348 4738 aenigmaticum
1369 4713 1383 4737 ,
1417 4673 1494 4727 uti
1521 4683 1712 4726 exorto
1738 4685 1786 4727 et
1826 4674 2172 4731 illucescente
2207 4679 2322 4734 sole
2352 4680 2562 4736 nebula:
2607 4682 3005 4753 dispelluntur,
3054 4683 3313 4754 paulatim
3359 4685 3411 4738 in

137 4775 564 4836 desuetudinem
596 4770 762 4826 abiit.
791 4777 845 4823 et
877 4784 907 4823 e
936 4767 1172 4822 ﬁdeliora
1206 4767 1458 4823 manibus
1484 4782 1776 4821 excussum
1808 4779 1910 4824 est.
1951 4768 2335 4828 Verumtamen
2364 4786 2720 4848 posteaquam
2755 4795 2819 4834 ex
2866 4779 3110 4836 Ecclesia
3145 4783 3414 4837 catholica

137 4870 505 4939 Evangelium
532 4864 829 4921 secundum
855 4862 1136 4933 Egyptios
1156 4861 1494 4917 eliminatum
1519 4869 1621 4928 est,
1650 4862 1915 4933 benignos
1934 4877 2240 4934 receptores
2266 4869 2456 4924 habuit
2485 4871 2802 4940 haereticos;
2826 4874 2952 4944 quia
2975 4889 3098 4929 cum
3129 4877 3412 4932 abstrusius

139 4973 204 5020 et
232 4959 517 5025 ambiguos
552 4970 745 5010 sensus
777 4953 1114 5015 contineret,
1147 4950 1213 5004 ad
1239 4966 1369 5007 suos
1393 4951 1715 5006 astruendos
1741 4968 1961 5010 errores
1993 4957 2561 5032 ohtenebrandamque
2593 4965 2918 5029 veritatem,
2968 4967 3216 5036 pluribus
3247 4968 3408 5022 etiam

140 5059 217 5114 de
241 5069 344 5110 suo
367 5051 594 5120 adjectis
627 5048 1050 5118 suppositisque,
1089 5056 1393 5116 opportune
1414 5062 1479 5100 eo
1512 5045 1585 5098 uti
1614 5059 1775 5114 posse
1802 5062 2157 5107 censuerunt.
2187 5052 2438 5111 Profecto
2477 5056 2770 5114 Sabelliani
2805 5061 3008 5130 aliique
3038 5061 3253 5115 firmum
3290 5063 3415 5121 inde

227 5287 340 5357 (at)
362 5283 501 5357 ]_)_an.
533 5279 717 5357 l-leins.
739 5293 802 5357 ιιι
831 5273 1089 5357 pra-efﬂari
1109 5271 1463 5357 Clem‘Zf'Alex.

231 5342 347 5421 E25)
374 5355 505 5407 Vide
535 5351 697 5421 hujus
729 5342 1048 5421 Patrotogiw
1078 5354 1214 5421 ιοιη.Δ
1237 5342 1356 5421 δν.

233 5413 342 5495 igtii
380 5425 574 5479 Euseb.
609 5413 768 5474 'llist.
797 5417 924 5495 ιιι-ει.
954 5413 996 5470 ⁷Ι,
1036 5432 1084 5468 v.
1121 5432 1169 5469 c.
1201 5415 1295 5478 l0;
1336 5413 1370 5465 l.
1405 5429 1477 5479 vi,
1501 5430 1547 5468 c.
1579 5415 1664 5475 H,
1704 5416 1793 5471 15.
1830 5416 1835 5468 i

954 5413 996 5470 'I.
1036 5432 1084 5468 ν.
1121 5432 1169 5469 c.
1201 5415 1295 5478 l0;
1336 5413 1370 5465 l.
1405 5429 1477 5479 vi,
1501 5430 1547 5468 c.
1579 5415 1664 5475 H,
1704 5416 1793 5471 15.
1830 5415 2050 5472 Hieron.
2086 5418 2161 5472 De
2194 5420 2291 5474 vir.
2340 5421 2553 5476 illum"

375 5496 446 5547 De
511 5496 600 5550 vit.
657 5489 936 5565 Δίιιιιιρηιρι.

446 5569 527 5616 ist.
559 5561 685 5616 eccl.
713 5561 806 5613 lib.
843 5575 901 5616 ll,
939 5575 985 5610 c.
1018 5557 1102 5609 Π.

239 5561 344 5640 128)
388 5566 527 5618 Hist.
559 5561 685 5617 eccl.
713 5561 806 5613 lib.
843 5575 901 5616 ll,
939 5575 985 5610 c.
1018 5561 1102 5609 Π.
1242 5625 1253 5639 ο
1453 5627 1461 5636 _
1509 5627 1516 5635 .

243 5643 350 5712 (29)
385 5637 517 5712 Nam
541 5634 718 5712 γενεᾷ.
759 5641 838 5712 cst
879 5643 1325 5712 cptdlxovtafftat,
1375 5636 1609 5712 ‘trrgmta
1653 5643 1841 5712 penori

1809 5645 1925 5680 rum
1987 5639 2136 5712 (περ,
2175 5625 2594 5712 ut'quphyi'ius
2642 5637 2790 5679 notat
2836 5623 3226 5712 inhﬂtomericis

148 5693 440 5769 stiornibus.
467 5693 635 5758 Aulus
681 5703 883 5755 Gellius
915 5693 1044 5763 ilih.
1077 5715 1108 5749 Il
1165 5695 1319 5749 Noct.
1357 5699 1617 5769 Attic.,c.
1653 5697 1730 5758 ὅ).
1775 5700 2012 5752 codiceni
2038 5698 2297 5752 Aiueidos
2325 5693 2569 5767 Virgilii,
2634 5713 2792 5764 quem
2839 5697 2938 5750 sibi
2973 5694 3157 5747 Retine
3190 5693 3410 5769 quidam

154 5763 552 5852 grammaticus
581 5772 900 5852 empltlltt'ltl
944 5769 1232 5852 sigillariis
1290 5784 1354 5846 κδ
1385 5768 1585 5847 .aurris
1656 5769 1968 5848 ostenderat
1999 5812 2012 5824 .
2046 5771 2305 5822 miranda:
2355 5763 2627 5820 refustatis
2658 5763 2848 5830 vocat,
2880 5775 2931 5819 rt
2981 5778 3159 5820 tamen
3213 5763 3415 5816 Gellius

156 5838 270 5910 lion
303 5851 436 5904 adeo
475 5847 628 5918 longe
655 5838 772 5912 post
807 5840 1013 5910 Virgilii
1047 5850 1256 5892 atatem
1293 5838 1441 5889 vixit.
