  <div class='ocr_page' id='page_1' title='image "/cluster/home/n/w/nwhite01/storage/ocr_20150623/27/ien.35556001660521/319.png"; bbox 0 0 4058 6478; ppageno 0'>
   <div class='ocr_carea' id='block_1_1' title="bbox 643 421 2245 481">
    <p class='ocr_par' dir='ltr' id='par_1_1' title="bbox 643 421 2245 478">
     <span class='ocr_line' id='line_1_1' title="bbox 643 421 2245 478; baseline -0.001 -1"><span class='ocrx_word' id='word_1_1' title='bbox 643 421 747 477; x_wconf 78' lang='lat'><strong>615</strong></span> <span class='ocrx_word' id='word_1_2' title='bbox 1476 421 1532 476; x_wconf 93' lang='lat' dir='ltr'><strong>S.</strong></span> <span class='ocrx_word' id='word_1_3' title='bbox 1582 421 1951 476; x_wconf 78' lang='lat' dir='ltr'><strong>ATHANASH</strong></span> <span class='ocrx_word' id='word_1_4' title='bbox 1992 422 2142 478; x_wconf 86' lang='lat' dir='ltr'><strong>OPP.</strong></span> <span class='ocrx_word' id='word_1_5' title='bbox 2186 423 2245 477; x_wconf 86' lang='lat' dir='ltr'><strong>P.-‘</strong></span> 
     </span>
    </p>
   </div>
   <div class='ocr_carea' id='block_1_2' title="bbox 2271 421 3873 481">
    <p class='ocr_par' dir='ltr' id='par_1_2' title="bbox 2279 422 3873 481">
     <span class='ocr_line' id='line_1_2' title="bbox 2279 422 3873 481; baseline 0.003 -6"><span class='ocrx_word' id='word_1_6' title='bbox 2279 422 2364 478; x_wconf 82' lang='lat' dir='ltr'><strong>RS</strong></span> <span class='ocrx_word' id='word_1_7' title='bbox 2403 422 2488 478; x_wconf 86' lang='grc' dir='ltr'><strong>ΙΙΙ.</strong></span> <span class='ocrx_word' id='word_1_8' title='bbox 2528 454 2596 462; x_wconf 95' lang='grc'><strong>-</strong></span> <span class='ocrx_word' id='word_1_9' title='bbox 2633 422 3044 479; x_wconf 73' lang='lat' dir='ltr'><strong>EXEGETICA.</strong></span> <span class='ocrx_word' id='word_1_10' title='bbox 3781 425 3873 481; x_wconf 81' lang='lat'><strong>616</strong></span> 
     </span>
    </p>
   </div>
   <div class='ocr_carea' id='block_1_3' title="bbox 645 543 3877 617">
    <p class='ocr_par' dir='ltr' id='par_1_3' title="bbox 645 543 3877 617">
     <span class='ocr_line' id='line_1_3' title="bbox 645 543 3877 617; baseline 0 -22"><span class='ocrx_word' id='word_1_11' title='bbox 645 544 1028 612; x_wconf 89' lang='lat' dir='ltr'><strong>patrocinium,</strong></span> <span class='ocrx_word' id='word_1_12' title='bbox 1069 555 1127 597; x_wconf 92' lang='lat' dir='ltr'><strong>ut</strong></span> <span class='ocrx_word' id='word_1_13' title='bbox 1156 543 1257 612; x_wconf 86' lang='lat' dir='ltr'><strong>ipsi</strong></span> <span class='ocrx_word' id='word_1_14' title='bbox 1290 545 1668 609; x_wconf 87' lang='lat' dir='ltr'><strong>autumabant,</strong></span> <span class='ocrx_word' id='word_1_15' title='bbox 1701 545 1783 598; x_wconf 88' lang='lat' dir='ltr'><strong>vel</strong></span> <span class='ocrx_word' id='word_1_16' title='bbox 1817 545 1879 598; x_wconf 89' lang='lat' dir='ltr'><strong>ad</strong></span> <span class='ocrx_word' id='word_1_17' title='bbox 1907 543 2191 600; x_wconf 74' lang='lat' dir='ltr'><strong>Trinitatis</strong></span> <span class='ocrx_word' id='word_1_18' title='bbox 2224 547 2539 617; x_wconf 92' lang='lat' dir='ltr'><strong>mysterium</strong></span> <span class='ocrx_word' id='word_1_19' title='bbox 2567 544 3016 610; x_wconf 86' lang='lat' dir='ltr'><strong>subvertendum,</strong></span> <span class='ocrx_word' id='word_1_20' title='bbox 3042 544 3123 598; x_wconf 85' lang='lat' dir='ltr'><strong>vel</strong></span> <span class='ocrx_word' id='word_1_21' title='bbox 3158 544 3223 598; x_wconf 91' lang='lat' dir='ltr'><strong>ad</strong></span> <span class='ocrx_word' id='word_1_22' title='bbox 3251 543 3519 614; x_wconf 89' lang='lat' dir='ltr'><strong>legitimas</strong></span> <span class='ocrx_word' id='word_1_23' title='bbox 3549 543 3771 614; x_wconf 83' lang='lat' dir='ltr'><strong>nuptias</strong></span> <span class='ocrx_word' id='word_1_24' title='bbox 3801 559 3877 597; x_wconf 85' lang='lat' dir='ltr'><strong>rc-</strong></span> 
     </span>
    </p>
   </div>
   <div class='ocr_carea' id='block_1_4' title="bbox 644 633 3876 706">
    <p class='ocr_par' dir='ltr' id='par_1_4' title="bbox 644 633 3876 706">
     <span class='ocr_line' id='line_1_4' title="bbox 644 633 3876 706; baseline 0 -20"><span class='ocrx_word' id='word_1_25' title='bbox 644 635 906 705; x_wconf 84' lang='lat' dir='ltr'><strong>jiciendas</strong></span> <span class='ocrx_word' id='word_1_26' title='bbox 931 635 1031 690; x_wconf 86' lang='lat' dir='ltr'><strong>sibi</strong></span> <span class='ocrx_word' id='word_1_27' title='bbox 1063 643 1469 704; x_wconf 82' lang='lat' dir='ltr'><strong>compararunt.</strong></span> <span class='ocrx_word' id='word_1_28' title='bbox 1504 633 1691 704; x_wconf 90' lang='lat' dir='ltr'><strong>Itaque</strong></span> <span class='ocrx_word' id='word_1_29' title='bbox 1720 636 1845 691; x_wconf 90' lang='lat' dir='ltr'><strong>hinc</strong></span> <span class='ocrx_word' id='word_1_30' title='bbox 1867 636 2070 691; x_wconf 91' lang='lat' dir='ltr'><strong>factum</strong></span> <span class='ocrx_word' id='word_1_31' title='bbox 2102 648 2202 703; x_wconf 92' lang='lat' dir='ltr'><strong>est,</strong></span> <span class='ocrx_word' id='word_1_32' title='bbox 2233 645 2292 690; x_wconf 92' lang='lat' dir='ltr'><strong>ut</strong></span> <span class='ocrx_word' id='word_1_33' title='bbox 2323 646 2508 706; x_wconf 89' lang='lat' dir='ltr'><strong>postea</strong></span> <span class='ocrx_word' id='word_1_34' title='bbox 2537 636 2696 705; x_wconf 84' lang='lat' dir='ltr'><strong>hujus</strong></span> <span class='ocrx_word' id='word_1_35' title='bbox 2727 635 3006 706; x_wconf 72' lang='lat' dir='ltr'><strong>Evangelii</strong></span> <span class='ocrx_word' id='word_1_36' title='bbox 3036 651 3065 688; x_wconf 89' lang='lat' dir='ltr'><strong>a</strong></span> <span class='ocrx_word' id='word_1_37' title='bbox 3094 635 3341 690; x_wconf 88' lang='lat' dir='ltr'><strong>sectariis</strong></span> <span class='ocrx_word' id='word_1_38' title='bbox 3364 633 3605 702; x_wconf 88' lang='lat' dir='ltr'><strong>corrupti</strong></span> <span class='ocrx_word' id='word_1_39' title='bbox 3630 642 3688 686; x_wconf 91' lang='lat' dir='ltr'><strong>et</strong></span> <span class='ocrx_word' id='word_1_40' title='bbox 3716 633 3876 687; x_wconf 89' lang='lat' dir='ltr'><strong>inter-</strong></span> 
     </span>
    </p>
   </div>
   <div class='ocr_carea' id='block_1_5' title="bbox 647 725 3877 798">
    <p class='ocr_par' dir='ltr' id='par_1_5' title="bbox 647 725 3877 798">
     <span class='ocr_line' id='line_1_5' title="bbox 647 725 3877 798; baseline 0.001 -22"><span class='ocrx_word' id='word_1_41' title='bbox 647 726 809 796; x_wconf 78' lang='lat' dir='ltr'><strong>polati</strong></span> <span class='ocrx_word' id='word_1_42' title='bbox 831 768 846 792; x_wconf 95' lang='lat'><strong>,</strong></span> <span class='ocrx_word' id='word_1_43' title='bbox 883 726 935 780; x_wconf 92' lang='lat' dir='ltr'><strong>in</strong></span> <span class='ocrx_word' id='word_1_44' title='bbox 971 742 1274 796; x_wconf 90' lang='lat' dir='ltr'><strong>pravosque</strong></span> <span class='ocrx_word' id='word_1_45' title='bbox 1307 742 1502 781; x_wconf 89' lang='lat' dir='ltr'><strong>sensus</strong></span> <span class='ocrx_word' id='word_1_46' title='bbox 1532 727 1649 796; x_wconf 86' lang='lat' dir='ltr'><strong>ejus</strong></span> <span class='ocrx_word' id='word_1_47' title='bbox 1677 730 1855 782; x_wconf 81' lang='lat' dir='ltr'><strong>verbis</strong></span> <span class='ocrx_word' id='word_1_48' title='bbox 1880 729 2164 798; x_wconf 83' lang='lat' dir='ltr'><strong>expositis,</strong></span> <span class='ocrx_word' id='word_1_49' title='bbox 2197 737 2456 798; x_wconf 86' lang='lat' dir='ltr'><strong>tanquam</strong></span> <span class='ocrx_word' id='word_1_50' title='bbox 2472 727 2611 782; x_wconf 90' lang='lat' dir='ltr'><strong>.libri</strong></span> <span class='ocrx_word' id='word_1_51' title='bbox 2648 728 2964 798; x_wconf 88' lang='lat' dir='ltr'><strong>apocryphi,</strong></span> <span class='ocrx_word' id='word_1_52' title='bbox 2997 737 3051 782; x_wconf 92' lang='lat' dir='ltr'><strong>et</strong></span> <span class='ocrx_word' id='word_1_53' title='bbox 3074 726 3239 781; x_wconf 89' lang='lat' dir='ltr'><strong>veluti</strong></span> <span class='ocrx_word' id='word_1_54' title='bbox 3275 726 3474 796; x_wconf 86' lang='lat' dir='ltr'><strong>putida</strong></span> <span class='ocrx_word' id='word_1_55' title='bbox 3505 725 3877 780; x_wconf 73' lang='lat' dir='ltr'><strong>haereticorum</strong></span> 
     </span>
    </p>
   </div>
   <div class='ocr_carea' id='block_1_6' title="bbox 646 815 3880 892">
    <p class='ocr_par' dir='ltr' id='par_1_6' title="bbox 646 815 3880 892">
     <span class='ocr_line' id='line_1_6' title="bbox 646 815 3880 892; baseline -0 -21"><span class='ocrx_word' id='word_1_56' title='bbox 646 821 844 872; x_wconf 83' lang='lat' dir='ltr'><strong>mercis</strong></span> <span class='ocrx_word' id='word_1_57' title='bbox 874 820 1214 874; x_wconf 84' lang='lat' dir='ltr'><strong>meminerint</strong></span> <span class='ocrx_word' id='word_1_58' title='bbox 1244 818 1300 874; x_wconf 92' lang='lat' dir='ltr'><strong>S.</strong></span> <span class='ocrx_word' id='word_1_59' title='bbox 1331 819 1694 889; x_wconf 80' lang='lat' dir='ltr'><strong>Epiphanius,</strong></span> <span class='ocrx_word' id='word_1_60' title='bbox 1724 819 1780 874; x_wconf 92' lang='lat' dir='ltr'><strong>S.</strong></span> <span class='ocrx_word' id='word_1_61' title='bbox 1807 820 2198 892; x_wconf 88' lang='lat' dir='ltr'><strong>Hieronymus,</strong></span> <span class='ocrx_word' id='word_1_62' title='bbox 2224 821 2482 891; x_wconf 77' lang='lat' dir='ltr'><strong>Origenes</strong></span> <span class='ocrx_word' id='word_1_63' title='bbox 2502 860 2516 886; x_wconf 88' lang='lat'><strong>,</strong></span> <span class='ocrx_word' id='word_1_64' title='bbox 2544 817 2699 876; x_wconf 87' lang='lat' dir='ltr'><strong>Titus</strong></span> <span class='ocrx_word' id='word_1_65' title='bbox 2735 819 3073 887; x_wconf 80' lang='lat' dir='ltr'><strong>Bostrensis,</strong></span> <span class='ocrx_word' id='word_1_66' title='bbox 3117 818 3555 889; x_wconf 80' lang='lat' dir='ltr'><strong>TheOpbylactns</strong></span> <span class='ocrx_word' id='word_1_67' title='bbox 3588 817 3724 888; x_wconf 77' lang='lat'><strong>(30).</strong></span> <span class='ocrx_word' id='word_1_68' title='bbox 3781 815 3880 871; x_wconf 88' lang='lat' dir='ltr'><strong>Sed</strong></span> 
     </span>
    </p>
   </div>
   <div class='ocr_carea' id='block_1_7' title="bbox 642 913 2006 982">
    <p class='ocr_par' dir='ltr' id='par_1_7' title="bbox 642 913 2006 982">
     <span class='ocr_line' id='line_1_7' title="bbox 642 913 2006 982; baseline 0.001 -18"><span class='ocrx_word' id='word_1_69' title='bbox 642 924 705 964; x_wconf 89' lang='lat' dir='ltr'><strong>eo</strong></span> <span class='ocrx_word' id='word_1_70' title='bbox 735 922 996 975; x_wconf 90' lang='lat' dir='ltr'><strong>revertor,</strong></span> <span class='ocrx_word' id='word_1_71' title='bbox 1040 913 1181 967; x_wconf 91' lang='lat' dir='ltr'><strong>unde</strong></span> <span class='ocrx_word' id='word_1_72' title='bbox 1210 913 1373 981; x_wconf 88' lang='lat' dir='ltr'><strong>paulo</strong></span> <span class='ocrx_word' id='word_1_73' title='bbox 1399 921 1524 965; x_wconf 90' lang='lat' dir='ltr'><strong>ante</strong></span> <span class='ocrx_word' id='word_1_74' title='bbox 1556 913 1832 982; x_wconf 87' lang='lat' dir='ltr'><strong>digressus</strong></span> <span class='ocrx_word' id='word_1_75' title='bbox 1863 929 2006 966; x_wconf 88' lang='lat' dir='ltr'><strong>sum.</strong></span> 
     </span>
    </p>
   </div>
   <div class='ocr_carea' id='block_1_8' title="bbox 713 1000 3882 1075">
    <p class='ocr_par' dir='ltr' id='par_1_8' title="bbox 713 1000 3882 1075">
     <span class='ocr_line' id='line_1_8' title="bbox 713 1000 3882 1075; baseline -0 -21"><span class='ocrx_word' id='word_1_76' title='bbox 713 1001 900 1055; x_wconf 80' lang='lat' dir='ltr'><strong>XVIII.</strong></span> <span class='ocrx_word' id='word_1_77' title='bbox 932 1002 1224 1058; x_wconf 83' lang='lat' dir='ltr'><strong>Enimvero</strong></span> <span class='ocrx_word' id='word_1_78' title='bbox 1257 1020 1362 1057; x_wconf 92' lang='lat' dir='ltr'><strong>non</strong></span> <span class='ocrx_word' id='word_1_79' title='bbox 1388 1004 1562 1058; x_wconf 90' lang='lat' dir='ltr'><strong>solum</strong></span> <span class='ocrx_word' id='word_1_80' title='bbox 1590 1005 1951 1070; x_wconf 79' lang='lat' dir='ltr'><strong>Alexandria,</strong></span> <span class='ocrx_word' id='word_1_81' title='bbox 1985 1005 2078 1060; x_wconf 90' lang='lat' dir='ltr'><strong>sed</strong></span> <span class='ocrx_word' id='word_1_82' title='bbox 2111 1005 2273 1059; x_wconf 86' lang='lat' dir='ltr'><strong>etiam</strong></span> <span class='ocrx_word' id='word_1_83' title='bbox 2301 1005 2501 1075; x_wconf 89' lang='lat' dir='ltr'><strong>ubique</strong></span> <span class='ocrx_word' id='word_1_84' title='bbox 2532 1004 2897 1059; x_wconf 86' lang='lat' dir='ltr'><strong>Ecclesiarum</strong></span> <span class='ocrx_word' id='word_1_85' title='bbox 2927 1002 3164 1059; x_wconf 86' lang='lat' dir='ltr'><strong>Orientis</strong></span> <span class='ocrx_word' id='word_1_86' title='bbox 3197 1003 3390 1074; x_wconf 85' lang='lat' dir='ltr'><strong>primis</strong></span> <span class='ocrx_word' id='word_1_87' title='bbox 3417 1002 3746 1058; x_wconf 85' lang='lat' dir='ltr'><strong>Christiana</strong></span> <span class='ocrx_word' id='word_1_88' title='bbox 3769 1000 3882 1055; x_wconf 87' lang='lat' dir='ltr'><strong>ﬁdei</strong></span> 
     </span>
    </p>
   </div>
   <div class='ocr_carea' id='block_1_9' title="bbox 643 1095 3886 1168">
    <p class='ocr_par' dir='ltr' id='par_1_9' title="bbox 643 1095 3886 1168">
     <span class='ocr_line' id='line_1_9' title="bbox 643 1095 3886 1168; baseline -0 -19"><span class='ocrx_word' id='word_1_89' title='bbox 643 1096 859 1149; x_wconf 68' lang='lat' dir='ltr'><strong>saeculis</strong></span> <span class='ocrx_word' id='word_1_90' title='bbox 887 1097 1179 1166; x_wconf 81' lang='lat' dir='ltr'><strong>allegorica</strong></span> <span class='ocrx_word' id='word_1_91' title='bbox 1211 1113 1492 1151; x_wconf 88' lang='lat' dir='ltr'><strong>sacrarum</strong></span> <span class='ocrx_word' id='word_1_92' title='bbox 1525 1095 1926 1166; x_wconf 77' lang='lat' dir='ltr'><strong>Scripturarum</strong></span> <span class='ocrx_word' id='word_1_93' title='bbox 1964 1099 2334 1167; x_wconf 81' lang='lat' dir='ltr'><strong>interpretatio</strong></span> <span class='ocrx_word' id='word_1_94' title='bbox 2361 1098 2615 1153; x_wconf 88' lang='lat' dir='ltr'><strong>obtinuit.</strong></span> <span class='ocrx_word' id='word_1_95' title='bbox 2649 1098 2712 1152; x_wconf 86' lang='lat' dir='ltr'><strong>Et</strong></span> <span class='ocrx_word' id='word_1_96' title='bbox 2747 1097 2966 1168; x_wconf 90' lang='lat' dir='ltr'><strong>quidem</strong></span> <span class='ocrx_word' id='word_1_97' title='bbox 3001 1096 3458 1167; x_wconf 86' lang='lat' dir='ltr'><strong>quemadmodum</strong></span> <span class='ocrx_word' id='word_1_98' title='bbox 3491 1097 3698 1151; x_wconf 89' lang='lat' dir='ltr'><strong>nimius</strong></span> <span class='ocrx_word' id='word_1_99' title='bbox 3729 1107 3886 1166; x_wconf 87' lang='lat' dir='ltr'><strong>atque</strong></span> 
     </span>
    </p>
   </div>
   <div class='ocr_carea' id='block_1_10' title="bbox 645 1186 3885 1259">
    <p class='ocr_par' dir='ltr' id='par_1_10' title="bbox 645 1186 3885 1259">
     <span class='ocr_line' id='line_1_10' title="bbox 645 1186 3885 1259; baseline 0.001 -20"><span class='ocrx_word' id='word_1_100' title='bbox 645 1186 1040 1242; x_wconf 90' lang='lat' dir='ltr'><strong>immoderatus</strong></span> <span class='ocrx_word' id='word_1_101' title='bbox 1068 1189 1383 1258; x_wconf 74' lang='lat' dir='ltr'><strong>huiusmodi</strong></span> <span class='ocrx_word' id='word_1_102' title='bbox 1413 1189 1874 1257; x_wconf 78' lang='lat' dir='ltr'><strong>interpretationis</strong></span> <span class='ocrx_word' id='word_1_103' title='bbox 1898 1204 2052 1253; x_wconf 89' lang='lat' dir='ltr'><strong>usus,</strong></span> <span class='ocrx_word' id='word_1_104' title='bbox 2087 1204 2209 1242; x_wconf 91' lang='lat' dir='ltr'><strong>cum</strong></span> <span class='ocrx_word' id='word_1_105' title='bbox 2237 1190 2441 1244; x_wconf 90' lang='lat' dir='ltr'><strong>scilicet</strong></span> <span class='ocrx_word' id='word_1_106' title='bbox 2464 1189 2661 1243; x_wconf 90' lang='lat' dir='ltr'><strong>abditis</strong></span> <span class='ocrx_word' id='word_1_107' title='bbox 2697 1189 3103 1259; x_wconf 88' lang='lat' dir='ltr'><strong>Scripturarum</strong></span> <span class='ocrx_word' id='word_1_108' title='bbox 3134 1189 3386 1244; x_wconf 88' lang='lat' dir='ltr'><strong>sensibus</strong></span> <span class='ocrx_word' id='word_1_109' title='bbox 3410 1188 3750 1258; x_wconf 77' lang='lat' dir='ltr'><strong>explicandis</strong></span> <span class='ocrx_word' id='word_1_110' title='bbox 3785 1190 3885 1242; x_wconf 84' lang='lat' dir='ltr'><strong>mi-</strong></span> 
     </span>
    </p>
   </div>
   <div class='ocr_carea' id='block_1_11' title="bbox 642 1279 3887 1352">
    <p class='ocr_par' dir='ltr' id='par_1_11' title="bbox 642 1279 3887 1352">
     <span class='ocr_line' id='line_1_11' title="bbox 642 1279 3887 1352; baseline 0.001 -20"><span class='ocrx_word' id='word_1_111' title='bbox 642 1279 789 1334; x_wconf 91' lang='lat' dir='ltr'><strong>nime</strong></span> <span class='ocrx_word' id='word_1_112' title='bbox 821 1281 1078 1346; x_wconf 85' lang='lat' dir='ltr'><strong>inservit,</strong></span> <span class='ocrx_word' id='word_1_113' title='bbox 1114 1281 1206 1335; x_wconf 91' lang='lat' dir='ltr'><strong>sed</strong></span> <span class='ocrx_word' id='word_1_114' title='bbox 1234 1297 1300 1337; x_wconf 84' lang='lat' dir='ltr'><strong>ea</strong></span> <span class='ocrx_word' id='word_1_115' title='bbox 1325 1282 1559 1351; x_wconf 81' lang='lat' dir='ltr'><strong>scriptor</strong></span> <span class='ocrx_word' id='word_1_116' title='bbox 1583 1282 1648 1335; x_wconf 90' lang='lat' dir='ltr'><strong>ad</strong></span> <span class='ocrx_word' id='word_1_117' title='bbox 1684 1297 1785 1335; x_wconf 90' lang='lat' dir='ltr'><strong>sno</strong></span> <span class='ocrx_word' id='word_1_118' title='bbox 1822 1281 2207 1349; x_wconf 89' lang='lat' dir='ltr'><strong>indulgendum</strong></span> <span class='ocrx_word' id='word_1_119' title='bbox 2237 1281 2451 1352; x_wconf 90' lang='lat' dir='ltr'><strong>ingenio</strong></span> <span class='ocrx_word' id='word_1_120' title='bbox 2480 1281 2725 1335; x_wconf 91' lang='lat' dir='ltr'><strong>abutitur</strong></span> <span class='ocrx_word' id='word_1_121' title='bbox 2745 1323 2759 1344; x_wconf 91' lang='lat'><strong>,</strong></span> <span class='ocrx_word' id='word_1_122' title='bbox 2791 1283 3216 1351; x_wconf 79' lang='lat' dir='ltr'><strong>reprehensione</strong></span> <span class='ocrx_word' id='word_1_123' title='bbox 3243 1282 3440 1352; x_wconf 90' lang='lat' dir='ltr'><strong>dignus</strong></span> <span class='ocrx_word' id='word_1_124' title='bbox 3472 1281 3722 1335; x_wconf 89' lang='lat' dir='ltr'><strong>videtur:</strong></span> <span class='ocrx_word' id='word_1_125' title='bbox 3760 1282 3830 1336; x_wconf 90' lang='lat' dir='ltr'><strong>ita</strong></span> <span class='ocrx_word' id='word_1_126' title='bbox 3859 1296 3887 1334; x_wconf 90' lang='lat' dir='ltr'><strong>e</strong></span> 
     </span>
    </p>
   </div>
   <div class='ocr_carea' id='block_1_12' title="bbox 641 1372 3888 1445">
    <p class='ocr_par' dir='ltr' id='par_1_12' title="bbox 641 1372 3888 1445">
     <span class='ocr_line' id='line_1_12' title="bbox 641 1372 3888 1445; baseline -0 -19"><span class='ocrx_word' id='word_1_127' title='bbox 641 1372 859 1428; x_wconf 90' lang='lat' dir='ltr'><strong>diverso</strong></span> <span class='ocrx_word' id='word_1_128' title='bbox 891 1374 1047 1428; x_wconf 86' lang='lat' dir='ltr'><strong>laude</strong></span> <span class='ocrx_word' id='word_1_129' title='bbox 1071 1375 1424 1445; x_wconf 88' lang='lat' dir='ltr'><strong>excipiendus</strong></span> <span class='ocrx_word' id='word_1_130' title='bbox 1448 1385 1563 1442; x_wconf 89' lang='lat' dir='ltr'><strong>est,</strong></span> <span class='ocrx_word' id='word_1_131' title='bbox 1591 1391 1715 1431; x_wconf 91' lang='lat' dir='ltr'><strong>cum</strong></span> <span class='ocrx_word' id='word_1_132' title='bbox 1761 1373 1989 1444; x_wconf 85' lang='lat' dir='ltr'><strong>receptis</strong></span> <span class='ocrx_word' id='word_1_133' title='bbox 2012 1385 2254 1429; x_wconf 90' lang='lat' dir='ltr'><strong>veterum</strong></span> <span class='ocrx_word' id='word_1_134' title='bbox 2295 1373 2516 1429; x_wconf 86' lang='lat' dir='ltr'><strong>Patrum</strong></span> <span class='ocrx_word' id='word_1_135' title='bbox 2552 1376 2756 1444; x_wconf 77' lang='lat' dir='ltr'><strong>regulis</strong></span> <span class='ocrx_word' id='word_1_136' title='bbox 2785 1392 2847 1430; x_wconf 94' lang='lat' dir='ltr'><strong>ac</strong></span> <span class='ocrx_word' id='word_1_137' title='bbox 2887 1376 3169 1445; x_wconf 79' lang='lat' dir='ltr'><strong>praeceptis</strong></span> <span class='ocrx_word' id='word_1_138' title='bbox 3201 1376 3431 1438; x_wconf 88' lang='lat' dir='ltr'><strong>insistit,</strong></span> <span class='ocrx_word' id='word_1_139' title='bbox 3477 1381 3533 1428; x_wconf 91' lang='lat' dir='ltr'><strong>et</strong></span> <span class='ocrx_word' id='word_1_140' title='bbox 3581 1373 3727 1426; x_wconf 90' lang='lat' dir='ltr'><strong>intra</strong></span> <span class='ocrx_word' id='word_1_141' title='bbox 3763 1387 3888 1426; x_wconf 91' lang='lat' dir='ltr'><strong>suos</strong></span> 
     </span>
    </p>
   </div>
   <div class='ocr_carea' id='block_1_13' title="bbox 639 1463 3888 1539">
    <p class='ocr_par' dir='ltr' id='par_1_13' title="bbox 639 1463 3888 1539">
     <span class='ocr_line' id='line_1_13' title="bbox 639 1463 3888 1539; baseline 0 -22"><span class='ocrx_word' id='word_1_142' title='bbox 639 1463 843 1520; x_wconf 88' lang='lat' dir='ltr'><strong>limites</strong></span> <span class='ocrx_word' id='word_1_143' title='bbox 872 1480 931 1520; x_wconf 83' lang='lat' dir='ltr'><strong>se</strong></span> <span class='ocrx_word' id='word_1_144' title='bbox 964 1467 1222 1521; x_wconf 83' lang='lat' dir='ltr'><strong>continet.</strong></span> <span class='ocrx_word' id='word_1_145' title='bbox 1259 1468 1439 1537; x_wconf 89' lang='lat' dir='ltr'><strong>Itaque</strong></span> <span class='ocrx_word' id='word_1_146' title='bbox 1470 1470 1577 1521; x_wconf 88' lang='lat' dir='ltr'><strong>duo</strong></span> <span class='ocrx_word' id='word_1_147' title='bbox 1613 1468 1665 1521; x_wconf 94' lang='lat' dir='ltr'><strong>in</strong></span> <span class='ocrx_word' id='word_1_148' title='bbox 1703 1468 1804 1521; x_wconf 90' lang='lat' dir='ltr'><strong>hac</strong></span> <span class='ocrx_word' id='word_1_149' title='bbox 1839 1483 1896 1521; x_wconf 91' lang='lat' dir='ltr'><strong>re</strong></span> <span class='ocrx_word' id='word_1_150' title='bbox 1931 1469 2138 1537; x_wconf 90' lang='lat' dir='ltr'><strong>scopuli</strong></span> <span class='ocrx_word' id='word_1_151' title='bbox 2167 1483 2514 1538; x_wconf 83' lang='lat' dir='ltr'><strong>summopere</strong></span> <span class='ocrx_word' id='word_1_152' title='bbox 2543 1469 2745 1522; x_wconf 82' lang='lat' dir='ltr'><strong>vitandi</strong></span> <span class='ocrx_word' id='word_1_153' title='bbox 2779 1479 2939 1534; x_wconf 90' lang='lat' dir='ltr'><strong>sunt,</strong></span> <span class='ocrx_word' id='word_1_154' title='bbox 2974 1469 3028 1523; x_wconf 89' lang='lat' dir='ltr'><strong>in</strong></span> <span class='ocrx_word' id='word_1_155' title='bbox 3067 1484 3300 1539; x_wconf 90' lang='lat' dir='ltr'><strong>quorum</strong></span> <span class='ocrx_word' id='word_1_156' title='bbox 3335 1469 3563 1523; x_wconf 91' lang='lat' dir='ltr'><strong>alterum</strong></span> <span class='ocrx_word' id='word_1_157' title='bbox 3598 1467 3888 1536; x_wconf 84' lang='lat' dir='ltr'><strong>impegisse</strong></span> 
     </span>
    </p>
   </div>
   <div class='ocr_carea' id='block_1_14' title="bbox 641 1558 3885 1631">
    <p class='ocr_par' dir='ltr' id='par_1_14' title="bbox 641 1558 3885 1631">
     <span class='ocr_line' id='line_1_14' title="bbox 641 1558 3885 1631; baseline -0 -21"><span class='ocrx_word' id='word_1_158' title='bbox 641 1558 923 1621; x_wconf 90' lang='lat' dir='ltr'><strong>videntur,</strong></span> <span class='ocrx_word' id='word_1_159' title='bbox 948 1560 1039 1627; x_wconf 89' lang='lat' dir='ltr'><strong>qui</strong></span> <span class='ocrx_word' id='word_1_160' title='bbox 1071 1571 1358 1628; x_wconf 78' lang='lat' dir='ltr'><strong>sequentes</strong></span> <span class='ocrx_word' id='word_1_161' title='bbox 1390 1560 1646 1631; x_wconf 89' lang='lat' dir='ltr'><strong>mysticos</strong></span> <span class='ocrx_word' id='word_1_162' title='bbox 1677 1575 1872 1614; x_wconf 90' lang='lat' dir='ltr'><strong>sensus</strong></span> <span class='ocrx_word' id='word_1_163' title='bbox 1894 1602 1908 1625; x_wconf 96' lang='lat'><strong>,</strong></span> <span class='ocrx_word' id='word_1_164' title='bbox 1940 1570 1993 1614; x_wconf 95' lang='lat' dir='ltr'><strong>et</strong></span> <span class='ocrx_word' id='word_1_165' title='bbox 2022 1560 2345 1630; x_wconf 84' lang='lat' dir='ltr'><strong>allegoricas</strong></span> <span class='ocrx_word' id='word_1_166' title='bbox 2370 1561 2842 1631; x_wconf 87' lang='lat' dir='ltr'><strong>interpretationes</strong></span> <span class='ocrx_word' id='word_1_167' title='bbox 2874 1562 2941 1616; x_wconf 91' lang='lat' dir='ltr'><strong>ab</strong></span> <span class='ocrx_word' id='word_1_168' title='bbox 2973 1562 3230 1616; x_wconf 76' lang='lat' dir='ltr'><strong>historica</strong></span> <span class='ocrx_word' id='word_1_169' title='bbox 3266 1573 3545 1614; x_wconf 90' lang='lat' dir='ltr'><strong>sacrarum</strong></span> <span class='ocrx_word' id='word_1_170' title='bbox 3582 1558 3885 1610; x_wconf 88' lang='lat' dir='ltr'><strong>litterarum</strong></span> 
     </span>
    </p>
   </div>
   <div class='ocr_carea' id='block_1_15' title="bbox 640 1648 3886 1724">
    <p class='ocr_par' dir='ltr' id='par_1_15' title="bbox 640 1648 3886 1724">
     <span class='ocr_line' id='line_1_15' title="bbox 640 1648 3886 1724; baseline 0.001 -24"><span class='ocrx_word' id='word_1_171' title='bbox 640 1648 868 1703; x_wconf 76' lang='lat' dir='ltr'><strong>veritate</strong></span> <span class='ocrx_word' id='word_1_172' title='bbox 901 1649 1308 1716; x_wconf 87' lang='lat' dir='ltr'><strong>discesserunt;</strong></span> <span class='ocrx_word' id='word_1_173' title='bbox 1341 1654 1481 1720; x_wconf 88' lang='lat' dir='ltr'><strong>apud</strong></span> <span class='ocrx_word' id='word_1_174' title='bbox 1515 1653 1745 1706; x_wconf 86' lang='lat' dir='ltr'><strong>alterum</strong></span> <span class='ocrx_word' id='word_1_175' title='bbox 1775 1667 1904 1706; x_wconf 89' lang='lat' dir='ltr'><strong>vero</strong></span> <span class='ocrx_word' id='word_1_176' title='bbox 1937 1653 2132 1706; x_wconf 85' lang='lat' dir='ltr'><strong>misere</strong></span> <span class='ocrx_word' id='word_1_177' title='bbox 2165 1651 2508 1721; x_wconf 84' lang='lat' dir='ltr'><strong>naufragium</strong></span> <span class='ocrx_word' id='word_1_178' title='bbox 2535 1653 2751 1717; x_wconf 80' lang='lat' dir='ltr'><strong>fecisse,</strong></span> <span class='ocrx_word' id='word_1_179' title='bbox 2788 1655 2880 1724; x_wconf 90' lang='lat' dir='ltr'><strong>qui</strong></span> <span class='ocrx_word' id='word_1_180' title='bbox 2909 1654 3182 1708; x_wconf 88' lang='lat' dir='ltr'><strong>mordicus</strong></span> <span class='ocrx_word' id='word_1_181' title='bbox 3204 1651 3420 1707; x_wconf 91' lang='lat' dir='ltr'><strong>litterali</strong></span> <span class='ocrx_word' id='word_1_182' title='bbox 3455 1649 3886 1718; x_wconf 76' lang='lat' dir='ltr'><strong>interpretationi</strong></span> 
     </span>
    </p>
   </div>
   <div class='ocr_carea' id='block_1_16' title="bbox 639 1737 3887 1816">
    <p class='ocr_par' dir='ltr' id='par_1_16' title="bbox 639 1737 3887 1816">
     <span class='ocr_line' id='line_1_16' title="bbox 639 1737 3887 1816; baseline 0.001 -26"><span class='ocrx_word' id='word_1_183' title='bbox 639 1737 996 1808; x_wconf 65' lang='lat' dir='ltr'><strong>inhaerentes,</strong></span> <span class='ocrx_word' id='word_1_184' title='bbox 1021 1744 1223 1797; x_wconf 90' lang='lat' dir='ltr'><strong>relictis</strong></span> <span class='ocrx_word' id='word_1_185' title='bbox 1255 1754 1495 1797; x_wconf 89' lang='lat' dir='ltr'><strong>veterum</strong></span> <span class='ocrx_word' id='word_1_186' title='bbox 1522 1753 1836 1798; x_wconf 85' lang='lat' dir='ltr'><strong>sanctorum</strong></span> <span class='ocrx_word' id='word_1_187' title='bbox 1865 1743 2087 1798; x_wconf 90' lang='lat' dir='ltr'><strong>Patrum</strong></span> <span class='ocrx_word' id='word_1_188' title='bbox 2117 1744 2357 1813; x_wconf 80' lang='lat' dir='ltr'><strong>vestigiis</strong></span> <span class='ocrx_word' id='word_1_189' title='bbox 2377 1786 2392 1811; x_wconf 89' lang='lat'><strong>,</strong></span> <span class='ocrx_word' id='word_1_190' title='bbox 2429 1746 2484 1799; x_wconf 88' lang='lat' dir='ltr'><strong>in</strong></span> <span class='ocrx_word' id='word_1_191' title='bbox 2533 1745 2685 1800; x_wconf 90' lang='lat' dir='ltr'><strong>devia</strong></span> <span class='ocrx_word' id='word_1_192' title='bbox 2714 1761 2777 1800; x_wconf 90' lang='lat' dir='ltr'><strong>ac</strong></span> <span class='ocrx_word' id='word_1_193' title='bbox 2821 1756 3092 1816; x_wconf 81' lang='lat' dir='ltr'><strong>prarupta</strong></span> <span class='ocrx_word' id='word_1_194' title='bbox 3131 1747 3392 1801; x_wconf 87' lang='lat' dir='ltr'><strong>abeuntes</strong></span> <span class='ocrx_word' id='word_1_195' title='bbox 3441 1743 3494 1798; x_wconf 89' lang='lat' dir='ltr'><strong>in</strong></span> <span class='ocrx_word' id='word_1_196' title='bbox 3540 1743 3664 1797; x_wconf 90' lang='lat' dir='ltr'><strong>luce</strong></span> <span class='ocrx_word' id='word_1_197' title='bbox 3695 1742 3887 1796; x_wconf 79' lang='lat' dir='ltr'><strong>divina</strong></span> 
     </span>
    </p>
   </div>
   <div class='ocr_carea' id='block_1_17' title="bbox 636 1835 3890 1913">
    <p class='ocr_par' dir='ltr' id='par_1_17' title="bbox 636 1835 3890 1913">
     <span class='ocr_line' id='line_1_17' title="bbox 636 1835 3890 1913; baseline 0.001 -25"><span class='ocrx_word' id='word_1_198' title='bbox 636 1851 824 1889; x_wconf 89' lang='lat' dir='ltr'><strong>corum</strong></span> <span class='ocrx_word' id='word_1_199' title='bbox 849 1838 1126 1908; x_wconf 90' lang='lat' dir='ltr'><strong>sapientia</strong></span> <span class='ocrx_word' id='word_1_200' title='bbox 1150 1855 1214 1893; x_wconf 91' lang='lat' dir='ltr'><strong>ac</strong></span> <span class='ocrx_word' id='word_1_201' title='bbox 1246 1839 1484 1894; x_wconf 65' lang='lat' dir='ltr'><strong>caelestis</strong></span> <span class='ocrx_word' id='word_1_202' title='bbox 1506 1841 1767 1895; x_wconf 86' lang='lat' dir='ltr'><strong>doetrina</strong></span> <span class='ocrx_word' id='word_1_203' title='bbox 1797 1841 2183 1913; x_wconf 88' lang='lat' dir='ltr'><strong>caligaverunt.</strong></span> <span class='ocrx_word' id='word_1_204' title='bbox 2220 1840 2398 1911; x_wconf 82' lang='lat' dir='ltr'><strong>Atque</strong></span> <span class='ocrx_word' id='word_1_205' title='bbox 2421 1841 2493 1896; x_wconf 89' lang='lat' dir='ltr'><strong>ita</strong></span> <span class='ocrx_word' id='word_1_206' title='bbox 2515 1884 2529 1908; x_wconf 95' lang='lat'><strong>,</strong></span> <span class='ocrx_word' id='word_1_207' title='bbox 2561 1842 2762 1898; x_wconf 83' lang='lat' dir='ltr'><strong>clausis</strong></span> <span class='ocrx_word' id='word_1_208' title='bbox 2796 1840 2864 1894; x_wconf 89' lang='lat' dir='ltr'><strong>ad</strong></span> <span class='ocrx_word' id='word_1_209' title='bbox 2905 1840 3274 1909; x_wconf 77' lang='lat' dir='ltr'><strong>evangelicum</strong></span> <span class='ocrx_word' id='word_1_210' title='bbox 3309 1839 3490 1893; x_wconf 90' lang='lat' dir='ltr'><strong>lumen</strong></span> <span class='ocrx_word' id='word_1_211' title='bbox 3542 1835 3756 1901; x_wconf 87' lang='lat' dir='ltr'><strong>oculis,</strong></span> <span class='ocrx_word' id='word_1_212' title='bbox 3801 1848 3890 1903; x_wconf 85' lang='lat' dir='ltr'><strong>per</strong></span> 
     </span>
    </p>
   </div>
   <div class='ocr_carea' id='block_1_18' title="bbox 639 1926 3892 2002">
    <p class='ocr_par' dir='ltr' id='par_1_18' title="bbox 639 1926 3892 2002">
     <span class='ocr_line' id='line_1_18' title="bbox 639 1926 3892 2002; baseline 0.001 -24"><span class='ocrx_word' id='word_1_213' title='bbox 639 1926 868 1981; x_wconf 93' lang='lat' dir='ltr'><strong>humilia</strong></span> <span class='ocrx_word' id='word_1_214' title='bbox 903 1940 1201 1998; x_wconf 85' lang='lat' dir='ltr'><strong>reptantes,</strong></span> <span class='ocrx_word' id='word_1_215' title='bbox 1232 1931 1406 1985; x_wconf 90' lang='lat' dir='ltr'><strong>solum</strong></span> <span class='ocrx_word' id='word_1_216' title='bbox 1436 1931 1672 1985; x_wconf 90' lang='lat' dir='ltr'><strong>humana</strong></span> <span class='ocrx_word' id='word_1_217' title='bbox 1702 1946 1766 1985; x_wconf 91' lang='lat' dir='ltr'><strong>ac</strong></span> <span class='ocrx_word' id='word_1_218' title='bbox 1795 1940 2007 1987; x_wconf 90' lang='lat' dir='ltr'><strong>terrena</strong></span> <span class='ocrx_word' id='word_1_219' title='bbox 2037 1931 2420 2001; x_wconf 83' lang='lat' dir='ltr'><strong>percipientes,</strong></span> <span class='ocrx_word' id='word_1_220' title='bbox 2450 1932 2787 2002; x_wconf 71' lang='lat' dir='ltr'><strong>maiestatem</strong></span> <span class='ocrx_word' id='word_1_221' title='bbox 2819 1930 2911 1984; x_wconf 90' lang='lat' dir='ltr'><strong>Dei</strong></span> <span class='ocrx_word' id='word_1_222' title='bbox 2947 1931 2999 1985; x_wconf 91' lang='lat' dir='ltr'><strong>in</strong></span> <span class='ocrx_word' id='word_1_223' title='bbox 3029 1931 3248 1985; x_wconf 78' lang='lat' dir='ltr'><strong>Christo</strong></span> <span class='ocrx_word' id='word_1_224' title='bbox 3273 1929 3502 1984; x_wconf 90' lang='lat' dir='ltr'><strong>Domino</strong></span> <span class='ocrx_word' id='word_1_225' title='bbox 3523 1928 3715 1983; x_wconf 88' lang='lat' dir='ltr'><strong>animo</strong></span> <span class='ocrx_word' id='word_1_226' title='bbox 3745 1941 3892 1980; x_wconf 89' lang='lat' dir='ltr'><strong>com-</strong></span> 
     </span>
    </p>
   </div>
   <div class='ocr_carea' id='block_1_19' title="bbox 637 2017 3890 2094">
    <p class='ocr_par' dir='ltr' id='par_1_19' title="bbox 637 2017 3890 2094">
     <span class='ocr_line' id='line_1_19' title="bbox 637 2017 3890 2094; baseline 0.001 -26"><span class='ocrx_word' id='word_1_227' title='bbox 637 2017 973 2084; x_wconf 80' lang='lat' dir='ltr'><strong>prehendere</strong></span> <span class='ocrx_word' id='word_1_228' title='bbox 996 2022 1389 2090; x_wconf 91' lang='lat' dir='ltr'><strong>nequiverunt,</strong></span> <span class='ocrx_word' id='word_1_229' title='bbox 1425 2023 1546 2078; x_wconf 89' lang='lat' dir='ltr'><strong>ideo</strong></span> <span class='ocrx_word' id='word_1_230' title='bbox 1571 2039 1768 2094; x_wconf 88' lang='lat' dir='ltr'><strong>negare</strong></span> <span class='ocrx_word' id='word_1_231' title='bbox 1795 2025 1912 2079; x_wconf 91' lang='lat' dir='ltr'><strong>ausi</strong></span> <span class='ocrx_word' id='word_1_232' title='bbox 1942 2036 2071 2079; x_wconf 93' lang='lat' dir='ltr'><strong>sunt</strong></span> <span class='ocrx_word' id='word_1_233' title='bbox 2096 2041 2110 2089; x_wconf 89' lang='lat'><strong>;</strong></span> <span class='ocrx_word' id='word_1_234' title='bbox 2139 2033 2192 2078; x_wconf 90' lang='lat' dir='ltr'><strong>et</strong></span> <span class='ocrx_word' id='word_1_235' title='bbox 2222 2034 2492 2080; x_wconf 87' lang='lat' dir='ltr'><strong>sectantes</strong></span> <span class='ocrx_word' id='word_1_236' title='bbox 2524 2026 2883 2079; x_wconf 89' lang='lat' dir='ltr'><strong>humilitatem</strong></span> <span class='ocrx_word' id='word_1_237' title='bbox 2913 2023 3103 2078; x_wconf 88' lang='lat' dir='ltr'><strong>littera</strong></span> <span class='ocrx_word' id='word_1_238' title='bbox 3129 2039 3159 2077; x_wconf 91' lang='lat' dir='ltr'><strong>a</strong></span> <span class='ocrx_word' id='word_1_239' title='bbox 3185 2021 3517 2077; x_wconf 86' lang='lat' dir='ltr'><strong>sublimitate</strong></span> <span class='ocrx_word' id='word_1_240' title='bbox 3567 2019 3890 2075; x_wconf 79' lang='lat' dir='ltr'><strong>exciderunt</strong></span> 
     </span>
    </p>
   </div>
   <div class='ocr_carea' id='block_1_20' title="bbox 639 2108 3888 2193">
    <p class='ocr_par' dir='ltr' id='par_1_20' title="bbox 639 2108 3888 2193">
     <span class='ocr_line' id='line_1_20' title="bbox 639 2108 3888 2193; baseline 0 -32"><span class='ocrx_word' id='word_1_241' title='bbox 639 2108 967 2166; x_wconf 90' lang='lat' dir='ltr'><strong>Divinitatis.</strong></span> <span class='ocrx_word' id='word_1_242' title='bbox 1010 2111 1086 2167; x_wconf 87' lang='lat' dir='ltr'><strong>Ex</strong></span> <span class='ocrx_word' id='word_1_243' title='bbox 1130 2114 1326 2168; x_wconf 91' lang='lat' dir='ltr'><strong>horum</strong></span> <span class='ocrx_word' id='word_1_244' title='bbox 1361 2131 1589 2168; x_wconf 92' lang='lat' dir='ltr'><strong>numero</strong></span> <span class='ocrx_word' id='word_1_245' title='bbox 1624 2113 1846 2169; x_wconf 86' lang='lat' dir='ltr'><strong>fuerunt</strong></span> <span class='ocrx_word' id='word_1_246' title='bbox 1882 2115 2125 2170; x_wconf 83' lang='lat' dir='ltr'><strong>Ebionai</strong></span> <span class='ocrx_word' id='word_1_247' title='bbox 2152 2155 2166 2180; x_wconf 97' lang='lat'><strong>,</strong></span> <span class='ocrx_word' id='word_1_248' title='bbox 2212 2113 2595 2182; x_wconf 77' lang='lat' dir='ltr'><strong>Panlianista,</strong></span> <span class='ocrx_word' id='word_1_249' title='bbox 2633 2115 3012 2171; x_wconf 77' lang='lat' dir='ltr'><strong>Socinianista</strong></span> <span class='ocrx_word' id='word_1_250' title='bbox 3038 2156 3052 2182; x_wconf 86' lang='lat'><strong>,</strong></span> <span class='ocrx_word' id='word_1_251' title='bbox 3086 2113 3287 2186; x_wconf 86' lang='lat' dir='ltr'><strong>aliique</strong></span> <span class='ocrx_word' id='word_1_252' title='bbox 3331 2112 3559 2167; x_wconf 91' lang='lat' dir='ltr'><strong>istorum</strong></span> <span class='ocrx_word' id='word_1_253' title='bbox 3603 2124 3888 2193; x_wconf 58' lang='lat' dir='ltr'><strong>sequaces.</strong></span> 
     </span>
    </p>
   </div>
   <div class='ocr_carea' id='block_1_21' title="bbox 637 2199 3890 2278">
    <p class='ocr_par' dir='ltr' id='par_1_21' title="bbox 637 2199 3890 2278">
     <span class='ocr_line' id='line_1_21' title="bbox 637 2199 3890 2278; baseline -0.001 -23"><span class='ocrx_word' id='word_1_254' title='bbox 637 2199 1000 2269; x_wconf 85' lang='lat' dir='ltr'><strong>Quamobrem</strong></span> <span class='ocrx_word' id='word_1_255' title='bbox 1037 2221 1104 2259; x_wconf 91' lang='lat' dir='ltr'><strong>ne</strong></span> <span class='ocrx_word' id='word_1_256' title='bbox 1129 2216 1273 2260; x_wconf 90' lang='lat' dir='ltr'><strong>recto</strong></span> <span class='ocrx_word' id='word_1_257' title='bbox 1306 2207 1498 2261; x_wconf 88' lang='lat' dir='ltr'><strong>itinere</strong></span> <span class='ocrx_word' id='word_1_258' title='bbox 1526 2207 1715 2260; x_wconf 92' lang='lat' dir='ltr'><strong>relicto</strong></span> <span class='ocrx_word' id='word_1_259' title='bbox 1737 2247 1752 2267; x_wconf 92' lang='lat'><strong>,</strong></span> <span class='ocrx_word' id='word_1_260' title='bbox 1789 2208 1840 2260; x_wconf 92' lang='lat' dir='ltr'><strong>in</strong></span> <span class='ocrx_word' id='word_1_261' title='bbox 1878 2208 2056 2262; x_wconf 85' lang='lat' dir='ltr'><strong>brevia</strong></span> <span class='ocrx_word' id='word_1_262' title='bbox 2089 2223 2153 2262; x_wconf 90' lang='lat' dir='ltr'><strong>ac</strong></span> <span class='ocrx_word' id='word_1_263' title='bbox 2185 2217 2358 2278; x_wconf 85' lang='lat' dir='ltr'><strong>syrtes</strong></span> <span class='ocrx_word' id='word_1_264' title='bbox 2388 2208 2738 2274; x_wconf 89' lang='lat' dir='ltr'><strong>aberremus,</strong></span> <span class='ocrx_word' id='word_1_265' title='bbox 2775 2207 2828 2261; x_wconf 86' lang='lat' dir='ltr'><strong>in</strong></span> <span class='ocrx_word' id='word_1_266' title='bbox 2861 2223 2920 2261; x_wconf 86' lang='lat' dir='ltr'><strong>re</strong></span> <span class='ocrx_word' id='word_1_267' title='bbox 2955 2216 3061 2260; x_wconf 89' lang='lat' dir='ltr'><strong>tam</strong></span> <span class='ocrx_word' id='word_1_268' title='bbox 3094 2205 3327 2268; x_wconf 85' lang='lat' dir='ltr'><strong>diIIicili,</strong></span> <span class='ocrx_word' id='word_1_269' title='bbox 3355 2205 3600 2272; x_wconf 89' lang='lat' dir='ltr'><strong>tantique</strong></span> <span class='ocrx_word' id='word_1_270' title='bbox 3629 2200 3890 2255; x_wconf 75' lang='lat' dir='ltr'><strong>momentl</strong></span> 
     </span>
    </p>
   </div>
   <div class='ocr_carea' id='block_1_22' title="bbox 639 2293 3890 2370">
    <p class='ocr_par' dir='ltr' id='par_1_22' title="bbox 639 2293 3890 2370">
     <span class='ocr_line' id='line_1_22' title="bbox 639 2293 3890 2370; baseline -0.001 -20"><span class='ocrx_word' id='word_1_271' title='bbox 639 2298 863 2350; x_wconf 89' lang='lat' dir='ltr'><strong>omnino</strong></span> <span class='ocrx_word' id='word_1_272' title='bbox 891 2300 1154 2352; x_wconf 87' lang='lat' dir='ltr'><strong>servanda</strong></span> <span class='ocrx_word' id='word_1_273' title='bbox 1184 2315 1214 2352; x_wconf 91' lang='lat' dir='ltr'><strong>a</strong></span> <span class='ocrx_word' id='word_1_274' title='bbox 1243 2299 1399 2353; x_wconf 91' lang='lat' dir='ltr'><strong>nobis</strong></span> <span class='ocrx_word' id='word_1_275' title='bbox 1427 2308 1510 2353; x_wconf 89' lang='lat' dir='ltr'><strong>est</strong></span> <span class='ocrx_word' id='word_1_276' title='bbox 1541 2299 1747 2369; x_wconf 88' lang='lat' dir='ltr'><strong>regula,</strong></span> <span class='ocrx_word' id='word_1_277' title='bbox 1776 2315 1938 2369; x_wconf 90' lang='lat' dir='ltr'><strong>quam</strong></span> <span class='ocrx_word' id='word_1_278' title='bbox 1970 2301 2070 2355; x_wconf 89' lang='lat' dir='ltr'><strong>sibi</strong></span> <span class='ocrx_word' id='word_1_279' title='bbox 2104 2301 2441 2370; x_wconf 86' lang='lat' dir='ltr'><strong>sequendam</strong></span> <span class='ocrx_word' id='word_1_280' title='bbox 2476 2299 2762 2369; x_wconf 88' lang='lat' dir='ltr'><strong>proposuit</strong></span> <span class='ocrx_word' id='word_1_281' title='bbox 2789 2307 3012 2354; x_wconf 88' lang='lat' dir='ltr'><strong>sanctus</strong></span> <span class='ocrx_word' id='word_1_282' title='bbox 3041 2297 3334 2368; x_wconf 85' lang='lat' dir='ltr'><strong>Gregorius</strong></span> <span class='ocrx_word' id='word_1_283' title='bbox 3364 2294 3769 2359; x_wconf 86' lang='lat' dir='ltr'><strong>Nazianzenus,</strong></span> <span class='ocrx_word' id='word_1_284' title='bbox 3801 2293 3890 2362; x_wconf 89' lang='lat' dir='ltr'><strong>qui</strong></span> 
     </span>
    </p>
   </div>
   <div class='ocr_carea' id='block_1_23' title="bbox 638 2387 3892 2461">
    <p class='ocr_par' dir='ltr' id='par_1_23' title="bbox 638 2387 3892 2461">
     <span class='ocr_line' id='line_1_23' title="bbox 638 2387 3892 2461; baseline -0.001 -21"><span class='ocrx_word' id='word_1_285' title='bbox 638 2388 692 2441; x_wconf 91' lang='lat' dir='ltr'><strong>in</strong></span> <span class='ocrx_word' id='word_1_286' title='bbox 718 2390 964 2442; x_wconf 90' lang='lat' dir='ltr'><strong>oratione</strong></span> <span class='ocrx_word' id='word_1_287' title='bbox 992 2390 1406 2461; x_wconf 87' lang='lat' dir='ltr'><strong>quadragesima</strong></span> <span class='ocrx_word' id='word_1_288' title='bbox 1431 2392 1704 2446; x_wconf 87' lang='lat' dir='ltr'><strong>secunda:</strong></span> <span class='ocrx_word' id='word_1_289' title='bbox 1742 2412 1759 2442; x_wconf 77' lang='grc' dir='ltr'>ι</span> <span class='ocrx_word' id='word_1_290' title='bbox 1784 2391 1914 2456; x_wconf 88' lang='lat' dir='ltr'><strong>Nos,</strong></span> <span class='ocrx_word' id='word_1_291' title='bbox 1937 2393 2132 2461; x_wconf 91' lang='lat' dir='ltr'><strong>inquit,</strong></span> <span class='ocrx_word' id='word_1_292' title='bbox 2161 2394 2336 2447; x_wconf 88' lang='lat' dir='ltr'><strong>media</strong></span> <span class='ocrx_word' id='word_1_293' title='bbox 2363 2392 2597 2461; x_wconf 89' lang='lat' dir='ltr'><strong>quadam</strong></span> <span class='ocrx_word' id='word_1_294' title='bbox 2626 2391 2714 2444; x_wconf 89' lang='lat' dir='ltr'><strong>via</strong></span> <span class='ocrx_word' id='word_1_295' title='bbox 2739 2391 2880 2444; x_wconf 92' lang='lat' dir='ltr'><strong>inter</strong></span> <span class='ocrx_word' id='word_1_296' title='bbox 2903 2406 2998 2445; x_wconf 90' lang='lat' dir='ltr'><strong>eos</strong></span> <span class='ocrx_word' id='word_1_297' title='bbox 3015 2392 3107 2461; x_wconf 90' lang='lat' dir='ltr'><strong>qui</strong></span> <span class='ocrx_word' id='word_1_298' title='bbox 3135 2391 3403 2445; x_wconf 89' lang='lat' dir='ltr'><strong>crassiore</strong></span> <span class='ocrx_word' id='word_1_299' title='bbox 3422 2389 3653 2442; x_wconf 89' lang='lat' dir='ltr'><strong>omnino</strong></span> <span class='ocrx_word' id='word_1_300' title='bbox 3678 2387 3892 2457; x_wconf 86' lang='lat' dir='ltr'><strong>ingenio</strong></span> 
     </span>
    </p>
   </div>
   <div class='ocr_carea' id='block_1_24' title="bbox 637 2479 3891 2554">
    <p class='ocr_par' dir='ltr' id='par_1_24' title="bbox 637 2479 3891 2554">
     <span class='ocr_line' id='line_1_24' title="bbox 637 2479 3891 2554; baseline 0 -22"><span class='ocrx_word' id='word_1_301' title='bbox 637 2487 785 2543; x_wconf 86' lang='lat' dir='ltr'><strong>sunt,</strong></span> <span class='ocrx_word' id='word_1_302' title='bbox 821 2490 874 2533; x_wconf 91' lang='lat' dir='ltr'><strong>et</strong></span> <span class='ocrx_word' id='word_1_303' title='bbox 903 2495 997 2535; x_wconf 89' lang='lat' dir='ltr'><strong>eos</strong></span> <span class='ocrx_word' id='word_1_304' title='bbox 1024 2482 1114 2550; x_wconf 93' lang='lat' dir='ltr'><strong>qui</strong></span> <span class='ocrx_word' id='word_1_305' title='bbox 1147 2482 1313 2536; x_wconf 86' lang='lat' dir='ltr'><strong>nimio</strong></span> <span class='ocrx_word' id='word_1_306' title='bbox 1340 2483 1816 2552; x_wconf 87' lang='lat' dir='ltr'><strong>contemplationis</strong></span> <span class='ocrx_word' id='word_1_307' title='bbox 1843 2494 1895 2536; x_wconf 90' lang='lat' dir='ltr'><strong>et</strong></span> <span class='ocrx_word' id='word_1_308' title='bbox 1924 2485 2204 2554; x_wconf 78' lang='lat' dir='ltr'><strong>anagogia</strong></span> <span class='ocrx_word' id='word_1_309' title='bbox 2240 2486 2420 2538; x_wconf 91' lang='lat' dir='ltr'><strong>studio</strong></span> <span class='ocrx_word' id='word_1_310' title='bbox 2451 2484 2746 2549; x_wconf 88' lang='lat' dir='ltr'><strong>ducuntur,</strong></span> <span class='ocrx_word' id='word_1_311' title='bbox 2781 2484 3112 2547; x_wconf 89' lang='lat' dir='ltr'><strong>incedentes,</strong></span> <span class='ocrx_word' id='word_1_312' title='bbox 3140 2493 3323 2538; x_wconf 89' lang='lat' dir='ltr'><strong>utnec</strong></span> <span class='ocrx_word' id='word_1_313' title='bbox 3349 2496 3576 2552; x_wconf 90' lang='lat' dir='ltr'><strong>prorsus</strong></span> <span class='ocrx_word' id='word_1_314' title='bbox 3601 2479 3811 2533; x_wconf 87' lang='lat' dir='ltr'><strong>inertes</strong></span> <span class='ocrx_word' id='word_1_315' title='bbox 3834 2493 3891 2532; x_wconf 89' lang='lat' dir='ltr'><strong>ac</strong></span> 
     </span>
    </p>
   </div>
   <div class='ocr_carea' id='block_1_25' title="bbox 638 2572 3891 2650">
    <p class='ocr_par' dir='ltr' id='par_1_25' title="bbox 638 2572 3891 2650">
     <span class='ocr_line' id='line_1_25' title="bbox 638 2572 3891 2650; baseline 0 -25"><span class='ocrx_word' id='word_1_316' title='bbox 638 2573 835 2642; x_wconf 91' lang='lat' dir='ltr'><strong>torpidi</strong></span> <span class='ocrx_word' id='word_1_317' title='bbox 873 2589 1191 2630; x_wconf 90' lang='lat' dir='ltr'><strong>maneamus</strong></span> <span class='ocrx_word' id='word_1_318' title='bbox 1213 2616 1228 2639; x_wconf 87' lang='lat'><strong>,</strong></span> <span class='ocrx_word' id='word_1_319' title='bbox 1263 2593 1363 2632; x_wconf 91' lang='lat' dir='ltr'><strong>nec</strong></span> <span class='ocrx_word' id='word_1_320' title='bbox 1391 2593 1588 2632; x_wconf 90' lang='lat' dir='ltr'><strong>rursus</strong></span> <span class='ocrx_word' id='word_1_321' title='bbox 1618 2576 1950 2632; x_wconf 90' lang='lat' dir='ltr'><strong>curiosiores</strong></span> <span class='ocrx_word' id='word_1_322' title='bbox 1978 2579 2150 2632; x_wconf 86' lang='lat' dir='ltr'><strong>simus</strong></span> <span class='ocrx_word' id='word_1_323' title='bbox 2179 2593 2341 2647; x_wconf 89' lang='lat' dir='ltr'><strong>quam</strong></span> <span class='ocrx_word' id='word_1_324' title='bbox 2372 2595 2470 2650; x_wconf 89' lang='lat' dir='ltr'><strong>par</strong></span> <span class='ocrx_word' id='word_1_325' title='bbox 2499 2579 2603 2645; x_wconf 91' lang='lat' dir='ltr'><strong>sit,</strong></span> <span class='ocrx_word' id='word_1_326' title='bbox 2640 2587 2802 2649; x_wconf 92' lang='lat' dir='ltr'><strong>atque</strong></span> <span class='ocrx_word' id='word_1_327' title='bbox 2832 2593 2862 2632; x_wconf 90' lang='lat' dir='ltr'><strong>a</strong></span> <span class='ocrx_word' id='word_1_328' title='bbox 2901 2578 3176 2649; x_wconf 89' lang='lat' dir='ltr'><strong>proposito</strong></span> <span class='ocrx_word' id='word_1_329' title='bbox 3204 2584 3524 2648; x_wconf 85' lang='lat' dir='ltr'><strong>argumento</strong></span> <span class='ocrx_word' id='word_1_330' title='bbox 3572 2572 3891 2628; x_wconf 86' lang='lat' dir='ltr'><strong>exeidamus</strong></span> 
     </span>
    </p>
   </div>
   <div class='ocr_carea' id='block_1_26' title="bbox 636 2655 3892 2744">
    <p class='ocr_par' dir='ltr' id='par_1_26' title="bbox 636 2655 3892 2744">
     <span class='ocr_line' id='line_1_26' title="bbox 636 2655 3892 2744; baseline -0.001 -25"><span class='ocrx_word' id='word_1_331' title='bbox 636 2675 689 2720; x_wconf 89' lang='lat' dir='ltr'><strong>et</strong></span> <span class='ocrx_word' id='word_1_332' title='bbox 717 2682 1007 2739; x_wconf 85' lang='lat' dir='ltr'><strong>evagemur</strong></span> <span class='ocrx_word' id='word_1_333' title='bbox 1035 2671 1288 2739; x_wconf 81' lang='lat' dir='ltr'><strong>(alterum</strong></span> <span class='ocrx_word' id='word_1_334' title='bbox 1320 2671 1464 2725; x_wconf 89' lang='lat' dir='ltr'><strong>enim</strong></span> <span class='ocrx_word' id='word_1_335' title='bbox 1489 2670 1773 2727; x_wconf 84' lang='lat' dir='ltr'><strong>Judaieum</strong></span> <span class='ocrx_word' id='word_1_336' title='bbox 1805 2672 2207 2742; x_wconf 90' lang='lat' dir='ltr'><strong>quodammodo</strong></span> <span class='ocrx_word' id='word_1_337' title='bbox 2234 2682 2286 2728; x_wconf 92' lang='lat' dir='ltr'><strong>et</strong></span> <span class='ocrx_word' id='word_1_338' title='bbox 2312 2674 2584 2744; x_wconf 86' lang='lat' dir='ltr'><strong>abjectum</strong></span> <span class='ocrx_word' id='word_1_339' title='bbox 2608 2713 2622 2738; x_wconf 90' lang='lat'><strong>,</strong></span> <span class='ocrx_word' id='word_1_340' title='bbox 2659 2672 2891 2727; x_wconf 90' lang='lat' dir='ltr'><strong>alterum</strong></span> <span class='ocrx_word' id='word_1_341' title='bbox 2925 2671 3164 2740; x_wconf 88' lang='lat' dir='ltr'><strong>ineptum</strong></span> <span class='ocrx_word' id='word_1_342' title='bbox 3187 2712 3202 2737; x_wconf 93' lang='lat'><strong>,</strong></span> <span class='ocrx_word' id='word_1_343' title='bbox 3238 2685 3300 2725; x_wconf 90' lang='lat' dir='ltr'><strong>ac</strong></span> <span class='ocrx_word' id='word_1_344' title='bbox 3331 2655 3673 2724; x_wconf 68' lang='lat' dir='ltr'><strong>somnioi‘um</strong></span> <span class='ocrx_word' id='word_1_345' title='bbox 3705 2665 3892 2734; x_wconf 83' lang='lat' dir='ltr'><strong>conje-</strong></span> 
     </span>
    </p>
   </div>
   <div class='ocr_carea' id='block_1_27' title="bbox 633 2758 3890 2837">
    <p class='ocr_par' dir='ltr' id='par_1_27' title="bbox 633 2758 3890 2837">
     <span class='ocr_line' id='line_1_27' title="bbox 633 2758 3890 2837; baseline -0.003 -18"><span class='ocrx_word' id='word_1_346' title='bbox 633 2771 787 2819; x_wconf 91' lang='lat' dir='ltr'><strong>ctore</strong></span> <span class='ocrx_word' id='word_1_347' title='bbox 818 2764 1039 2834; x_wconf 78' lang='lat' dir='ltr'><strong>dignum</strong></span> <span class='ocrx_word' id='word_1_348' title='bbox 1059 2806 1074 2824; x_wconf 88' lang='lat'><strong>.</strong></span> <span class='ocrx_word' id='word_1_349' title='bbox 1101 2779 1392 2836; x_wconf 86' lang='lat' dir='ltr'><strong>paremque</strong></span> <span class='ocrx_word' id='word_1_350' title='bbox 1421 2776 1714 2837; x_wconf 90' lang='lat' dir='ltr'><strong>utrumque</strong></span> <span class='ocrx_word' id='word_1_351' title='bbox 1741 2768 2216 2837; x_wconf 90' lang='lat' dir='ltr'><strong>reprehensionem</strong></span> <span class='ocrx_word' id='word_1_352' title='bbox 2254 2773 2553 2836; x_wconf 86' lang='lat' dir='ltr'><strong>meretur),</strong></span> <span class='ocrx_word' id='word_1_353' title='bbox 2580 2769 2645 2822; x_wconf 90' lang='lat' dir='ltr'><strong>ad</strong></span> <span class='ocrx_word' id='word_1_354' title='bbox 2679 2767 2824 2821; x_wconf 92' lang='lat' dir='ltr'><strong>hunc</strong></span> <span class='ocrx_word' id='word_1_355' title='bbox 2854 2764 3074 2818; x_wconf 90' lang='lat' dir='ltr'><strong>modum</strong></span> <span class='ocrx_word' id='word_1_356' title='bbox 3107 2766 3174 2816; x_wconf 85' lang='lat' dir='ltr'><strong>de</strong></span> <span class='ocrx_word' id='word_1_357' title='bbox 3216 2762 3302 2816; x_wconf 88' lang='lat' dir='ltr'><strong>his</strong></span> <span class='ocrx_word' id='word_1_358' title='bbox 3345 2760 3509 2814; x_wconf 87' lang='lat' dir='ltr'><strong>rebus</strong></span> <span class='ocrx_word' id='word_1_359' title='bbox 3543 2772 3646 2828; x_wconf 93' lang='lat' dir='ltr'><strong>pro</strong></span> <span class='ocrx_word' id='word_1_360' title='bbox 3694 2758 3890 2811; x_wconf 90' lang='lat' dir='ltr'><strong>virium</strong></span> 
     </span>
    </p>
   </div>
   <div class='ocr_carea' id='block_1_28' title="bbox 637 2849 3892 2921">
    <p class='ocr_par' dir='ltr' id='par_1_28' title="bbox 637 2849 3892 2921">
     <span class='ocr_line' id='line_1_28' title="bbox 637 2849 3892 2921; baseline -0.003 -8"><span class='ocrx_word' id='word_1_361' title='bbox 637 2869 949 2914; x_wconf 88' lang='lat' dir='ltr'><strong>nostrarum</strong></span> <span class='ocrx_word' id='word_1_362' title='bbox 981 2859 1200 2913; x_wconf 92' lang='lat' dir='ltr'><strong>modulo</strong></span> <span class='ocrx_word' id='word_1_363' title='bbox 1233 2876 1339 2915; x_wconf 91' lang='lat' dir='ltr'><strong>non</strong></span> <span class='ocrx_word' id='word_1_364' title='bbox 1374 2861 1538 2915; x_wconf 91' lang='lat' dir='ltr'><strong>nimis</strong></span> <span class='ocrx_word' id='word_1_365' title='bbox 1565 2862 1801 2916; x_wconf 88' lang='lat' dir='ltr'><strong>absurde</strong></span> <span class='ocrx_word' id='word_1_366' title='bbox 1822 2876 1921 2914; x_wconf 92' lang='lat' dir='ltr'><strong>nec</strong></span> <span class='ocrx_word' id='word_1_367' title='bbox 1956 2860 2183 2914; x_wconf 86' lang='lat' dir='ltr'><strong>ridicule</strong></span> <span class='ocrx_word' id='word_1_368' title='bbox 2206 2860 2595 2915; x_wconf 69' lang='lat' dir='ltr'><strong>disseremus.)</strong></span> <span class='ocrx_word' id='word_1_369' title='bbox 2631 2858 2903 2914; x_wconf 89' lang='lat' dir='ltr'><strong>Teneatur</strong></span> <span class='ocrx_word' id='word_1_370' title='bbox 2931 2857 3095 2911; x_wconf 91' lang='lat' dir='ltr'><strong>etiam</strong></span> <span class='ocrx_word' id='word_1_371' title='bbox 3134 2855 3303 2907; x_wconf 83' lang='lat' dir='ltr'><strong>altera</strong></span> <span class='ocrx_word' id='word_1_372' title='bbox 3323 2849 3892 2921; x_wconf 88' lang='lat' dir='ltr'><strong>interpretationislex</strong></span> 
     </span>
    </p>
   </div>
   <div class='ocr_carea' id='block_1_29' title="bbox 636 2941 3894 3022">
    <p class='ocr_par' dir='ltr' id='par_1_29' title="bbox 636 2941 3894 3022">
     <span class='ocr_line' id='line_1_29' title="bbox 636 2941 3894 3022; baseline -0.003 -15"><span class='ocrx_word' id='word_1_373' title='bbox 636 2968 667 3007; x_wconf 90' lang='lat' dir='ltr'><strong>a</strong></span> <span class='ocrx_word' id='word_1_374' title='bbox 694 2966 890 3022; x_wconf 92' lang='lat' dir='ltr'><strong>magno</strong></span> <span class='ocrx_word' id='word_1_375' title='bbox 921 2952 1226 3022; x_wconf 88' lang='lat' dir='ltr'><strong>Augustino</strong></span> <span class='ocrx_word' id='word_1_376' title='bbox 1258 2953 1488 3022; x_wconf 88' lang='lat' dir='ltr'><strong>aliisque</strong></span> <span class='ocrx_word' id='word_1_377' title='bbox 1519 2950 1775 3006; x_wconf 86' lang='lat' dir='ltr'><strong>Patrihus</strong></span> <span class='ocrx_word' id='word_1_378' title='bbox 1803 2951 1999 3005; x_wconf 88' lang='lat' dir='ltr'><strong>tradita</strong></span> <span class='ocrx_word' id='word_1_379' title='bbox 2019 2991 2033 3014; x_wconf 93' lang='lat'><strong>,</strong></span> <span class='ocrx_word' id='word_1_380' title='bbox 2069 2960 2127 3004; x_wconf 95' lang='lat' dir='ltr'><strong>ut</strong></span> <span class='ocrx_word' id='word_1_381' title='bbox 2175 2959 2287 3004; x_wconf 91' lang='lat' dir='ltr'><strong>tum</strong></span> <span class='ocrx_word' id='word_1_382' title='bbox 2318 2951 2490 3006; x_wconf 88' lang='lat' dir='ltr'><strong>solum</strong></span> <span class='ocrx_word' id='word_1_383' title='bbox 2525 2950 2828 3020; x_wconf 88' lang='lat' dir='ltr'><strong>proprietas</strong></span> <span class='ocrx_word' id='word_1_384' title='bbox 2860 2950 3052 3003; x_wconf 87' lang='lat' dir='ltr'><strong>littera</strong></span> <span class='ocrx_word' id='word_1_385' title='bbox 3081 2947 3454 3016; x_wconf 89' lang='lat' dir='ltr'><strong>relinquatur,</strong></span> <span class='ocrx_word' id='word_1_386' title='bbox 3488 2943 3535 2997; x_wconf 91' lang='lat' dir='ltr'><strong>si</strong></span> <span class='ocrx_word' id='word_1_387' title='bbox 3567 2958 3636 2997; x_wconf 87' lang='lat' dir='ltr'><strong>ex</strong></span> <span class='ocrx_word' id='word_1_388' title='bbox 3671 2941 3894 2998; x_wconf 83' lang='lat' dir='ltr'><strong>litterali</strong></span> 
     </span>
    </p>
   </div>
   <div class='ocr_carea' id='block_1_30' title="bbox 635 3037 3891 3117">
    <p class='ocr_par' dir='ltr' id='par_1_30' title="bbox 635 3037 3891 3117">
     <span class='ocr_line' id='line_1_30' title="bbox 635 3037 3891 3117; baseline -0.003 -17"><span class='ocrx_word' id='word_1_389' title='bbox 635 3046 986 3117; x_wconf 89' lang='lat' dir='ltr'><strong>intelligentia</strong></span> <span class='ocrx_word' id='word_1_390' title='bbox 1010 3047 1281 3101; x_wconf 80' lang='lat' dir='ltr'><strong>absurdus</strong></span> <span class='ocrx_word' id='word_1_391' title='bbox 1314 3046 1612 3116; x_wconf 80' lang='lat' dir='ltr'><strong>Scriptura</strong></span> <span class='ocrx_word' id='word_1_392' title='bbox 1640 3060 1862 3110; x_wconf 87' lang='lat' dir='ltr'><strong>sensus,</strong></span> <span class='ocrx_word' id='word_1_393' title='bbox 1901 3046 1982 3100; x_wconf 88' lang='lat' dir='ltr'><strong>vel</strong></span> <span class='ocrx_word' id='word_1_394' title='bbox 2015 3045 2299 3100; x_wconf 82' lang='lat' dir='ltr'><strong>catholica</strong></span> <span class='ocrx_word' id='word_1_395' title='bbox 2323 3044 2579 3100; x_wconf 86' lang='lat' dir='ltr'><strong>Ecclesia</strong></span> <span class='ocrx_word' id='word_1_396' title='bbox 2607 3045 2868 3099; x_wconf 78' lang='lat' dir='ltr'><strong>doctrina</strong></span> <span class='ocrx_word' id='word_1_397' title='bbox 2893 3055 2945 3099; x_wconf 92' lang='lat' dir='ltr'><strong>et</strong></span> <span class='ocrx_word' id='word_1_398' title='bbox 2970 3041 3246 3098; x_wconf 90' lang='lat' dir='ltr'><strong>traditioni</strong></span> <span class='ocrx_word' id='word_1_399' title='bbox 3278 3038 3587 3095; x_wconf 89' lang='lat' dir='ltr'><strong>contrarius</strong></span> <span class='ocrx_word' id='word_1_400' title='bbox 3613 3037 3891 3092; x_wconf 87' lang='lat' dir='ltr'><strong>eliciatur.</strong></span> 
     </span>
    </p>
   </div>
   <div class='ocr_carea' id='block_1_31' title="bbox 636 3134 3895 3212">
    <p class='ocr_par' dir='ltr' id='par_1_31' title="bbox 636 3134 3895 3212">
     <span class='ocr_line' id='line_1_31' title="bbox 636 3134 3895 3212; baseline -0.003 -17"><span class='ocrx_word' id='word_1_401' title='bbox 636 3140 734 3195; x_wconf 82' lang='lat' dir='ltr'><strong>Sin</strong></span> <span class='ocrx_word' id='word_1_402' title='bbox 760 3155 920 3196; x_wconf 87' lang='lat' dir='ltr'><strong>secus</strong></span> <span class='ocrx_word' id='word_1_403' title='bbox 940 3182 954 3206; x_wconf 95' lang='lat'><strong>,</strong></span> <span class='ocrx_word' id='word_1_404' title='bbox 982 3142 1054 3194; x_wconf 92' lang='lat' dir='ltr'><strong>ita</strong></span> <span class='ocrx_word' id='word_1_405' title='bbox 1090 3141 1376 3212; x_wconf 89' lang='lat' dir='ltr'><strong>mysticum</strong></span> <span class='ocrx_word' id='word_1_406' title='bbox 1406 3150 1460 3196; x_wconf 86' lang='lat' dir='ltr'><strong>et</strong></span> <span class='ocrx_word' id='word_1_407' title='bbox 1487 3141 1838 3212; x_wconf 89' lang='lat' dir='ltr'><strong>allegoricum</strong></span> <span class='ocrx_word' id='word_1_408' title='bbox 1869 3157 2088 3196; x_wconf 91' lang='lat' dir='ltr'><strong>sensum</strong></span> <span class='ocrx_word' id='word_1_409' title='bbox 2120 3157 2150 3195; x_wconf 93' lang='lat' dir='ltr'><strong>a</strong></span> <span class='ocrx_word' id='word_1_410' title='bbox 2181 3140 2436 3196; x_wconf 87' lang='lat' dir='ltr'><strong>Patribus</strong></span> <span class='ocrx_word' id='word_1_411' title='bbox 2461 3141 2746 3210; x_wconf 88' lang='lat' dir='ltr'><strong>probatum</strong></span> <span class='ocrx_word' id='word_1_412' title='bbox 2783 3139 2938 3210; x_wconf 90' lang='lat' dir='ltr'><strong>sequi</strong></span> <span class='ocrx_word' id='word_1_413' title='bbox 2971 3139 3181 3208; x_wconf 87' lang='lat' dir='ltr'><strong>placeat</strong></span> <span class='ocrx_word' id='word_1_414' title='bbox 3206 3175 3222 3199; x_wconf 87' lang='lat'><strong>.</strong></span> <span class='ocrx_word' id='word_1_415' title='bbox 3255 3146 3314 3191; x_wconf 91' lang='lat' dir='ltr'><strong>ut</strong></span> <span class='ocrx_word' id='word_1_416' title='bbox 3351 3135 3655 3205; x_wconf 90' lang='lat' dir='ltr'><strong>proprietas</strong></span> <span class='ocrx_word' id='word_1_417' title='bbox 3699 3134 3895 3187; x_wconf 88' lang='lat' dir='ltr'><strong>littera</strong></span> 
     </span>
    </p>
   </div>
   <div class='ocr_carea' id='block_1_32' title="bbox 635 3227 3891 3301">
    <p class='ocr_par' dir='ltr' id='par_1_32' title="bbox 635 3227 3891 3301">
     <span class='ocr_line' id='line_1_32' title="bbox 635 3227 3891 3301; baseline -0.002 -17"><span class='ocrx_word' id='word_1_418' title='bbox 635 3244 746 3284; x_wconf 90' lang='lat' dir='ltr'><strong>non</strong></span> <span class='ocrx_word' id='word_1_419' title='bbox 774 3231 1106 3299; x_wconf 90' lang='lat' dir='ltr'><strong>repudietur.</strong></span> <span class='ocrx_word' id='word_1_420' title='bbox 1143 3229 1316 3285; x_wconf 83' lang='lat' dir='ltr'><strong>Verba</strong></span> <span class='ocrx_word' id='word_1_421' title='bbox 1350 3231 1639 3301; x_wconf 81' lang='lat' dir='ltr'><strong>Augustini</strong></span> <span class='ocrx_word' id='word_1_422' title='bbox 1672 3231 1726 3284; x_wconf 91' lang='lat' dir='ltr'><strong>in</strong></span> <span class='ocrx_word' id='word_1_423' title='bbox 1762 3231 1902 3284; x_wconf 90' lang='lat' dir='ltr'><strong>libro</strong></span> <span class='ocrx_word' id='word_1_424' title='bbox 1945 3247 2064 3294; x_wconf 82' lang='lat' dir='ltr'><strong>vin,</strong></span> <span class='ocrx_word' id='word_1_425' title='bbox 2093 3246 2214 3300; x_wconf 88' lang='lat' dir='ltr'><strong>cap.</strong></span> <span class='ocrx_word' id='word_1_426' title='bbox 2261 3231 2284 3284; x_wconf 83' lang='lat' dir='ltr'><strong>I</strong></span> <span class='ocrx_word' id='word_1_427' title='bbox 2337 3230 2413 3284; x_wconf 85' lang='lat' dir='ltr'><strong>De</strong></span> <span class='ocrx_word' id='word_1_428' title='bbox 2451 3230 2632 3285; x_wconf 77' lang='lat' dir='ltr'><strong>Genesi</strong></span> <span class='ocrx_word' id='word_1_429' title='bbox 2673 3231 2740 3283; x_wconf 85' lang='lat' dir='ltr'><strong>ad</strong></span> <span class='ocrx_word' id='word_1_430' title='bbox 2775 3232 3044 3294; x_wconf 79' lang='lat' dir='ltr'><strong>litteram,</strong></span> <span class='ocrx_word' id='word_1_431' title='bbox 3075 3230 3164 3284; x_wconf 92' lang='lat' dir='ltr'><strong>ubi</strong></span> <span class='ocrx_word' id='word_1_432' title='bbox 3205 3227 3449 3298; x_wconf 91' lang='lat' dir='ltr'><strong>loquitur</strong></span> <span class='ocrx_word' id='word_1_433' title='bbox 3489 3227 3556 3280; x_wconf 88' lang='lat' dir='ltr'><strong>de</strong></span> <span class='ocrx_word' id='word_1_434' title='bbox 3597 3227 3891 3296; x_wconf 86' lang='lat' dir='ltr'><strong>paradiso,</strong></span> 
     </span>
    </p>
   </div>
   <div class='ocr_carea' id='block_1_33' title="bbox 637 3319 3895 3390">
    <p class='ocr_par' dir='ltr' id='par_1_33' title="bbox 637 3319 3895 3390">
     <span class='ocr_line' id='line_1_33' title="bbox 637 3319 3895 3390; baseline -0.001 -16"><span class='ocrx_word' id='word_1_435' title='bbox 637 3320 762 3375; x_wconf 84' lang='lat' dir='ltr'><strong>talia</strong></span> <span class='ocrx_word' id='word_1_436' title='bbox 792 3329 953 3375; x_wconf 89' lang='lat' dir='ltr'><strong>sunt:</strong></span> <span class='ocrx_word' id='word_1_437' title='bbox 999 3339 1014 3371; x_wconf 85' lang='lat' dir='ltr'><strong>I</strong></span> <span class='ocrx_word' id='word_1_438' title='bbox 1043 3320 1184 3375; x_wconf 87' lang='lat' dir='ltr'><strong>Sane</strong></span> <span class='ocrx_word' id='word_1_439' title='bbox 1211 3320 1255 3373; x_wconf 89' lang='lat' dir='ltr'><strong>si</strong></span> <span class='ocrx_word' id='word_1_440' title='bbox 1288 3320 1437 3374; x_wconf 90' lang='lat' dir='ltr'><strong>nullo</strong></span> <span class='ocrx_word' id='word_1_441' title='bbox 1472 3319 1635 3374; x_wconf 89' lang='lat' dir='ltr'><strong>modo</strong></span> <span class='ocrx_word' id='word_1_442' title='bbox 1666 3332 1889 3388; x_wconf 78' lang='lat' dir='ltr'><strong>possent</strong></span> <span class='ocrx_word' id='word_1_443' title='bbox 1911 3321 2059 3373; x_wconf 84' lang='lat' dir='ltr'><strong>salva</strong></span> <span class='ocrx_word' id='word_1_444' title='bbox 2091 3321 2193 3374; x_wconf 66' lang='lat' dir='ltr'><strong>title</strong></span> <span class='ocrx_word' id='word_1_445' title='bbox 2222 3321 2466 3375; x_wconf 88' lang='lat' dir='ltr'><strong>veritatis</strong></span> <span class='ocrx_word' id='word_1_446' title='bbox 2487 3337 2549 3375; x_wconf 89' lang='lat' dir='ltr'><strong>ea</strong></span> <span class='ocrx_word' id='word_1_447' title='bbox 2569 3361 2584 3387; x_wconf 92' lang='lat'><strong>,</strong></span> <span class='ocrx_word' id='word_1_448' title='bbox 2615 3337 2736 3390; x_wconf 84' lang='lat' dir='ltr'><strong>qua</strong></span> <span class='ocrx_word' id='word_1_449' title='bbox 2767 3321 3122 3390; x_wconf 85' lang='lat' dir='ltr'><strong>corporaliter</strong></span> <span class='ocrx_word' id='word_1_450' title='bbox 3147 3320 3234 3374; x_wconf 91' lang='lat' dir='ltr'><strong>hic</strong></span> <span class='ocrx_word' id='word_1_451' title='bbox 3267 3320 3547 3372; x_wconf 90' lang='lat' dir='ltr'><strong>nominata</strong></span> <span class='ocrx_word' id='word_1_452' title='bbox 3580 3327 3748 3380; x_wconf 89' lang='lat' dir='ltr'><strong>sunt,</strong></span> <span class='ocrx_word' id='word_1_453' title='bbox 3777 3333 3895 3373; x_wconf 91' lang='lat' dir='ltr'><strong>cor-</strong></span> 
     </span>
    </p>
   </div>
   <div class='ocr_carea' id='block_1_34' title="bbox 632 3409 3894 3484">
    <p class='ocr_par' dir='ltr' id='par_1_34' title="bbox 632 3409 3894 3484">
     <span class='ocr_line' id='line_1_34' title="bbox 632 3409 3894 3484; baseline -0.002 -16"><span class='ocrx_word' id='word_1_454' title='bbox 632 3413 899 3484; x_wconf 89' lang='lat' dir='ltr'><strong>poraliter</strong></span> <span class='ocrx_word' id='word_1_455' title='bbox 918 3413 1082 3468; x_wconf 86' lang='lat' dir='ltr'><strong>etiam</strong></span> <span class='ocrx_word' id='word_1_456' title='bbox 1108 3412 1304 3482; x_wconf 90' lang='lat' dir='ltr'><strong>accipi,</strong></span> <span class='ocrx_word' id='word_1_457' title='bbox 1337 3411 1467 3481; x_wconf 90' lang='lat' dir='ltr'><strong>quid</strong></span> <span class='ocrx_word' id='word_1_458' title='bbox 1497 3411 1644 3465; x_wconf 90' lang='lat' dir='ltr'><strong>aliud</strong></span> <span class='ocrx_word' id='word_1_459' title='bbox 1675 3420 2010 3472; x_wconf 86' lang='lat' dir='ltr'><strong>remaneret,</strong></span> <span class='ocrx_word' id='word_1_460' title='bbox 2044 3412 2147 3465; x_wconf 90' lang='lat' dir='ltr'><strong>nisi</strong></span> <span class='ocrx_word' id='word_1_461' title='bbox 2185 3421 2242 3465; x_wconf 91' lang='lat' dir='ltr'><strong>ut</strong></span> <span class='ocrx_word' id='word_1_462' title='bbox 2267 3427 2327 3465; x_wconf 89' lang='lat' dir='ltr'><strong>ea</strong></span> <span class='ocrx_word' id='word_1_463' title='bbox 2353 3413 2532 3481; x_wconf 86' lang='lat' dir='ltr'><strong>potius</strong></span> <span class='ocrx_word' id='word_1_464' title='bbox 2564 3414 2789 3481; x_wconf 89' lang='lat' dir='ltr'><strong>ﬁgurate</strong></span> <span class='ocrx_word' id='word_1_465' title='bbox 2823 3413 2969 3467; x_wconf 92' lang='lat' dir='ltr'><strong>dicta</strong></span> <span class='ocrx_word' id='word_1_466' title='bbox 3019 3411 3481 3481; x_wconf 89' lang='lat' dir='ltr'><strong>intelligeremus,</strong></span> <span class='ocrx_word' id='word_1_467' title='bbox 3532 3425 3698 3479; x_wconf 92' lang='lat' dir='ltr'><strong>quam</strong></span> <span class='ocrx_word' id='word_1_468' title='bbox 3748 3409 3894 3463; x_wconf 90' lang='lat' dir='ltr'><strong>Scri-</strong></span> 
     </span>
    </p>
   </div>
   <div class='ocr_carea' id='block_1_35' title="bbox 632 3501 3894 3575">
    <p class='ocr_par' dir='ltr' id='par_1_35' title="bbox 632 3501 3894 3575">
     <span class='ocr_line' id='line_1_35' title="bbox 632 3501 3894 3575; baseline -0.002 -16"><span class='ocrx_word' id='word_1_469' title='bbox 632 3513 850 3573; x_wconf 86' lang='lat' dir='ltr'><strong>pturam</strong></span> <span class='ocrx_word' id='word_1_470' title='bbox 883 3513 1128 3558; x_wconf 85' lang='lat' dir='ltr'><strong>sanctam</strong></span> <span class='ocrx_word' id='word_1_471' title='bbox 1160 3502 1324 3572; x_wconf 90' lang='lat' dir='ltr'><strong>impie</strong></span> <span class='ocrx_word' id='word_1_472' title='bbox 1349 3502 1734 3572; x_wconf 81' lang='lat' dir='ltr'><strong>culparemus?</strong></span> <span class='ocrx_word' id='word_1_473' title='bbox 1765 3501 1934 3556; x_wconf 89' lang='lat' dir='ltr'><strong>Porro</strong></span> <span class='ocrx_word' id='word_1_474' title='bbox 1954 3513 2134 3557; x_wconf 89' lang='lat' dir='ltr'><strong>autem</strong></span> <span class='ocrx_word' id='word_1_475' title='bbox 2168 3503 2212 3558; x_wconf 90' lang='lat' dir='ltr'><strong>si</strong></span> <span class='ocrx_word' id='word_1_476' title='bbox 2250 3519 2354 3557; x_wconf 90' lang='lat' dir='ltr'><strong>non</strong></span> <span class='ocrx_word' id='word_1_477' title='bbox 2386 3504 2562 3558; x_wconf 89' lang='lat' dir='ltr'><strong>solum</strong></span> <span class='ocrx_word' id='word_1_478' title='bbox 2601 3521 2704 3558; x_wconf 90' lang='lat' dir='ltr'><strong>non</strong></span> <span class='ocrx_word' id='word_1_479' title='bbox 2733 3505 3072 3575; x_wconf 89' lang='lat' dir='ltr'><strong>impediunt,</strong></span> <span class='ocrx_word' id='word_1_480' title='bbox 3108 3517 3297 3558; x_wconf 89' lang='lat' dir='ltr'><strong>verum</strong></span> <span class='ocrx_word' id='word_1_481' title='bbox 3331 3503 3494 3557; x_wconf 90' lang='lat' dir='ltr'><strong>etiam</strong></span> <span class='ocrx_word' id='word_1_482' title='bbox 3540 3503 3778 3557; x_wconf 90' lang='lat' dir='ltr'><strong>solidius</strong></span> <span class='ocrx_word' id='word_1_483' title='bbox 3810 3516 3894 3556; x_wconf 80' lang='lat' dir='ltr'><strong>as-</strong></span> 
     </span>
    </p>
   </div>
   <div class='ocr_carea' id='block_1_36' title="bbox 633 3595 3895 3667">
    <p class='ocr_par' dir='ltr' id='par_1_36' title="bbox 633 3595 3895 3667">
     <span class='ocr_line' id='line_1_36' title="bbox 633 3595 3895 3667; baseline -0.001 -14"><span class='ocrx_word' id='word_1_484' title='bbox 633 3606 823 3654; x_wconf 88' lang='lat' dir='ltr'><strong>serunt</strong></span> <span class='ocrx_word' id='word_1_485' title='bbox 851 3595 1020 3652; x_wconf 92' lang='lat' dir='ltr'><strong>divini</strong></span> <span class='ocrx_word' id='word_1_486' title='bbox 1054 3595 1255 3665; x_wconf 86' lang='lat' dir='ltr'><strong>eloquii</strong></span> <span class='ocrx_word' id='word_1_487' title='bbox 1282 3597 1649 3650; x_wconf 87' lang='lat' dir='ltr'><strong>narrationem</strong></span> <span class='ocrx_word' id='word_1_488' title='bbox 1682 3596 1796 3650; x_wconf 86' lang='lat' dir='ltr'><strong>bac</strong></span> <span class='ocrx_word' id='word_1_489' title='bbox 1827 3596 1988 3649; x_wconf 91' lang='lat' dir='ltr'><strong>etiam</strong></span> <span class='ocrx_word' id='word_1_490' title='bbox 2020 3596 2376 3665; x_wconf 89' lang='lat' dir='ltr'><strong>corporaliter</strong></span> <span class='ocrx_word' id='word_1_491' title='bbox 2405 3597 2675 3653; x_wconf 89' lang='lat' dir='ltr'><strong>intellecta</strong></span> <span class='ocrx_word' id='word_1_492' title='bbox 2698 3641 2712 3665; x_wconf 95' lang='lat'><strong>,</strong></span> <span class='ocrx_word' id='word_1_493' title='bbox 2744 3614 2905 3653; x_wconf 90' lang='lat' dir='ltr'><strong>nemo</strong></span> <span class='ocrx_word' id='word_1_494' title='bbox 2927 3599 3067 3662; x_wconf 91' lang='lat' dir='ltr'><strong>erit,</strong></span> <span class='ocrx_word' id='word_1_495' title='bbox 3105 3607 3162 3652; x_wconf 92' lang='lat' dir='ltr'><strong>ut</strong></span> <span class='ocrx_word' id='word_1_496' title='bbox 3189 3598 3384 3667; x_wconf 89' lang='lat' dir='ltr'><strong>opinor</strong></span> <span class='ocrx_word' id='word_1_497' title='bbox 3404 3637 3418 3661; x_wconf 94' lang='lat'><strong>,</strong></span> <span class='ocrx_word' id='word_1_498' title='bbox 3457 3608 3566 3652; x_wconf 92' lang='lat' dir='ltr'><strong>tam</strong></span> <span class='ocrx_word' id='word_1_499' title='bbox 3603 3599 3895 3653; x_wconf 86' lang='lat' dir='ltr'><strong>inﬁdeliter</strong></span> 
     </span>
    </p>
   </div>
   <div class='ocr_carea' id='block_1_37' title="bbox 633 3686 3893 3761">
    <p class='ocr_par' dir='ltr' id='par_1_37' title="bbox 633 3686 3893 3761">
     <span class='ocr_line' id='line_1_37' title="bbox 633 3686 3893 3761; baseline 0 -17"><span class='ocrx_word' id='word_1_500' title='bbox 633 3690 903 3761; x_wconf 81' lang='lat' dir='ltr'><strong>pertinax,</strong></span> <span class='ocrx_word' id='word_1_501' title='bbox 939 3688 1054 3758; x_wconf 91' lang='lat' dir='ltr'><strong>qui,</strong></span> <span class='ocrx_word' id='word_1_502' title='bbox 1086 3703 1208 3741; x_wconf 92' lang='lat' dir='ltr'><strong>cum</strong></span> <span class='ocrx_word' id='word_1_503' title='bbox 1241 3701 1304 3742; x_wconf 91' lang='lat' dir='ltr'><strong>ea</strong></span> <span class='ocrx_word' id='word_1_504' title='bbox 1339 3687 1637 3743; x_wconf 88' lang='lat' dir='ltr'><strong>secundum</strong></span> <span class='ocrx_word' id='word_1_505' title='bbox 1671 3687 1911 3756; x_wconf 87' lang='lat' dir='ltr'><strong>regulam</strong></span> <span class='ocrx_word' id='word_1_506' title='bbox 1941 3686 2063 3740; x_wconf 89' lang='lat' dir='ltr'><strong>ﬁdei</strong></span> <span class='ocrx_word' id='word_1_507' title='bbox 2085 3689 2329 3755; x_wconf 85' lang='lat' dir='ltr'><strong>exposita</strong></span> <span class='ocrx_word' id='word_1_508' title='bbox 2355 3690 2571 3758; x_wconf 84' lang='lat' dir='ltr'><strong>preprie</strong></span> <span class='ocrx_word' id='word_1_509' title='bbox 2597 3689 2812 3756; x_wconf 89' lang='lat' dir='ltr'><strong>viderit,</strong></span> <span class='ocrx_word' id='word_1_510' title='bbox 2839 3690 2993 3744; x_wconf 93' lang='lat' dir='ltr'><strong>malit</strong></span> <span class='ocrx_word' id='word_1_511' title='bbox 3028 3691 3081 3743; x_wconf 91' lang='lat' dir='ltr'><strong>in</strong></span> <span class='ocrx_word' id='word_1_512' title='bbox 3113 3690 3331 3760; x_wconf 89' lang='lat' dir='ltr'><strong>propria</strong></span> <span class='ocrx_word' id='word_1_513' title='bbox 3358 3705 3642 3745; x_wconf 90' lang='lat' dir='ltr'><strong>remanere</strong></span> <span class='ocrx_word' id='word_1_514' title='bbox 3667 3702 3893 3746; x_wconf 86' lang='lat' dir='ltr'><strong>senten-</strong></span> 
     </span>
    </p>
   </div>
   <div class='ocr_carea' id='block_1_38' title="bbox 631 3777 3892 3853">
    <p class='ocr_par' dir='ltr' id='par_1_38' title="bbox 631 3777 3892 3853">
     <span class='ocr_line' id='line_1_38' title="bbox 631 3777 3892 3853; baseline -0.002 -12"><span class='ocrx_word' id='word_1_515' title='bbox 631 3785 736 3850; x_wconf 90' lang='lat' dir='ltr'><strong>tia,</strong></span> <span class='ocrx_word' id='word_1_516' title='bbox 767 3783 812 3839; x_wconf 89' lang='lat' dir='ltr'><strong>si</strong></span> <span class='ocrx_word' id='word_1_517' title='bbox 841 3779 982 3836; x_wconf 88' lang='lat' dir='ltr'><strong>forte</strong></span> <span class='ocrx_word' id='word_1_518' title='bbox 1016 3781 1092 3835; x_wconf 90' lang='lat' dir='ltr'><strong>illi</strong></span> <span class='ocrx_word' id='word_1_519' title='bbox 1120 3783 1235 3836; x_wconf 89' lang='lat' dir='ltr'><strong>visa</strong></span> <span class='ocrx_word' id='word_1_520' title='bbox 1264 3781 1515 3842; x_wconf 80' lang='lat' dir='ltr'><strong>fuerant,</strong></span> <span class='ocrx_word' id='word_1_521' title='bbox 1554 3778 1773 3832; x_wconf 89' lang='lat' dir='ltr'><strong>nonnisi</strong></span> <span class='ocrx_word' id='word_1_522' title='bbox 1807 3777 2033 3846; x_wconf 86' lang='lat' dir='ltr'><strong>ﬁgurate</strong></span> <span class='ocrx_word' id='word_1_523' title='bbox 2064 3791 2221 3845; x_wconf 91' lang='lat' dir='ltr'><strong>posse</strong></span> <span class='ocrx_word' id='word_1_524' title='bbox 2249 3779 2441 3847; x_wconf 88' lang='lat' dir='ltr'><strong>accipi.</strong></span> <span class='ocrx_word' id='word_1_525' title='bbox 2471 3799 2488 3830; x_wconf 72' lang='grc' dir='ltr'><strong>ι</strong></span> <span class='ocrx_word' id='word_1_526' title='bbox 2545 3779 2771 3835; x_wconf 91' lang='lat' dir='ltr'><strong>Demum</strong></span> <span class='ocrx_word' id='word_1_527' title='bbox 2806 3781 2872 3834; x_wconf 92' lang='lat' dir='ltr'><strong>ad</strong></span> <span class='ocrx_word' id='word_1_528' title='bbox 2926 3782 3041 3835; x_wconf 82' lang='lat' dir='ltr'><strong>hac</strong></span> <span class='ocrx_word' id='word_1_529' title='bbox 3083 3791 3136 3835; x_wconf 94' lang='lat' dir='ltr'><strong>et</strong></span> <span class='ocrx_word' id='word_1_530' title='bbox 3188 3781 3319 3834; x_wconf 91' lang='lat' dir='ltr'><strong>illud</strong></span> <span class='ocrx_word' id='word_1_531' title='bbox 3370 3782 3680 3837; x_wconf 87' lang='lat' dir='ltr'><strong>addendum</strong></span> <span class='ocrx_word' id='word_1_532' title='bbox 3724 3793 3892 3853; x_wconf 92' lang='lat' dir='ltr'><strong>puto,</strong></span> 
     </span>
    </p>
   </div>
   <div class='ocr_carea' id='block_1_39' title="bbox 629 3870 3893 3950">
    <p class='ocr_par' dir='ltr' id='par_1_39' title="bbox 629 3870 3893 3950">
     <span class='ocr_line' id='line_1_39' title="bbox 629 3870 3893 3950; baseline -0 -17"><span class='ocrx_word' id='word_1_533' title='bbox 629 3879 775 3950; x_wconf 91' lang='lat' dir='ltr'><strong>quod</strong></span> <span class='ocrx_word' id='word_1_534' title='bbox 804 3877 962 3931; x_wconf 86' lang='lat' dir='ltr'><strong>docet</strong></span> <span class='ocrx_word' id='word_1_535' title='bbox 997 3877 1186 3929; x_wconf 91' lang='lat' dir='ltr'><strong>beatus</strong></span> <span class='ocrx_word' id='word_1_536' title='bbox 1212 3873 1448 3928; x_wconf 83' lang='lat' dir='ltr'><strong>Joannes</strong></span> <span class='ocrx_word' id='word_1_537' title='bbox 1473 3870 1896 3942; x_wconf 84' lang='lat' dir='ltr'><strong>Chrysostomus</strong></span> <span class='ocrx_word' id='word_1_538' title='bbox 1920 3912 1934 3936; x_wconf 91' lang='lat'><strong>,</strong></span> <span class='ocrx_word' id='word_1_539' title='bbox 1972 3872 2216 3924; x_wconf 88' lang='lat' dir='ltr'><strong>omnium</strong></span> <span class='ocrx_word' id='word_1_540' title='bbox 2251 3871 2342 3939; x_wconf 91' lang='lat' dir='ltr'><strong>qui</strong></span> <span class='ocrx_word' id='word_1_541' title='bbox 2389 3888 2628 3942; x_wconf 90' lang='lat' dir='ltr'><strong>unquam</strong></span> <span class='ocrx_word' id='word_1_542' title='bbox 2679 3874 2899 3928; x_wconf 91' lang='lat' dir='ltr'><strong>fuerunt</strong></span> <span class='ocrx_word' id='word_1_543' title='bbox 2950 3884 3044 3927; x_wconf 91' lang='lat' dir='ltr'><strong>aut</strong></span> <span class='ocrx_word' id='word_1_544' title='bbox 3090 3886 3216 3929; x_wconf 90' lang='lat' dir='ltr'><strong>sunt</strong></span> <span class='ocrx_word' id='word_1_545' title='bbox 3265 3875 3673 3945; x_wconf 89' lang='lat' dir='ltr'><strong>Scripturarum</strong></span> <span class='ocrx_word' id='word_1_546' title='bbox 3723 3877 3893 3932; x_wconf 85' lang='lat' dir='ltr'><strong>inter-</strong></span> 
     </span>
    </p>
   </div>
   <div class='ocr_carea' id='block_1_40' title="bbox 630 3965 3893 4044">
    <p class='ocr_par' dir='ltr' id='par_1_40' title="bbox 630 3965 3893 4044">
     <span class='ocr_line' id='line_1_40' title="bbox 630 3965 3893 4044; baseline -0 -16"><span class='ocrx_word' id='word_1_547' title='bbox 630 3983 831 4044; x_wconf 87' lang='lat' dir='ltr'><strong>pretes,</strong></span> <span class='ocrx_word' id='word_1_548' title='bbox 863 3970 1368 4043; x_wconf 69' lang='lat' dir='ltr'><strong>praestantissimus,</strong></span> <span class='ocrx_word' id='word_1_549' title='bbox 1398 3977 1451 4023; x_wconf 87' lang='lat' dir='ltr'><strong>et</strong></span> <span class='ocrx_word' id='word_1_550' title='bbox 1477 3966 1622 4037; x_wconf 91' lang='lat' dir='ltr'><strong>quod</strong></span> <span class='ocrx_word' id='word_1_551' title='bbox 1656 3981 1848 4021; x_wconf 89' lang='lat' dir='ltr'><strong>omnes</strong></span> <span class='ocrx_word' id='word_1_552' title='bbox 1889 3980 2001 4034; x_wconf 83' lang='lat' dir='ltr'><strong>pra</strong></span> <span class='ocrx_word' id='word_1_553' title='bbox 2027 3966 2201 4020; x_wconf 90' lang='lat' dir='ltr'><strong>oculis</strong></span> <span class='ocrx_word' id='word_1_554' title='bbox 2238 3965 2436 4020; x_wconf 90' lang='lat' dir='ltr'><strong>habere</strong></span> <span class='ocrx_word' id='word_1_555' title='bbox 2466 3968 2684 4034; x_wconf 91' lang='lat' dir='ltr'><strong>debent,</strong></span> <span class='ocrx_word' id='word_1_556' title='bbox 2722 3969 2814 4038; x_wconf 91' lang='lat' dir='ltr'><strong>qui</strong></span> <span class='ocrx_word' id='word_1_557' title='bbox 2847 3985 3035 4024; x_wconf 86' lang='lat' dir='ltr'><strong>sacras</strong></span> <span class='ocrx_word' id='word_1_558' title='bbox 3067 3969 3378 4041; x_wconf 90' lang='lat' dir='ltr'><strong>Seripturas</strong></span> <span class='ocrx_word' id='word_1_559' title='bbox 3408 3972 3765 4040; x_wconf 82' lang='lat' dir='ltr'><strong>interpretari</strong></span> <span class='ocrx_word' id='word_1_560' title='bbox 3799 3987 3893 4027; x_wconf 89' lang='lat' dir='ltr'><strong>aut</strong></span> 
     </span>
    </p>
   </div>
   <div class='ocr_carea' id='block_1_41' title="bbox 630 4059 3890 4137">
    <p class='ocr_par' dir='ltr' id='par_1_41' title="bbox 630 4059 3890 4137">
     <span class='ocr_line' id='line_1_41' title="bbox 630 4059 3890 4137; baseline 0.001 -18"><span class='ocrx_word' id='word_1_561' title='bbox 630 4066 808 4136; x_wconf 88' lang='lat' dir='ltr'><strong>legere</strong></span> <span class='ocrx_word' id='word_1_562' title='bbox 833 4065 1252 4137; x_wconf 83' lang='lat' dir='ltr'><strong>aggrediuntur:</strong></span> <span class='ocrx_word' id='word_1_563' title='bbox 1290 4080 1306 4111; x_wconf 75' lang='grc' dir='ltr'>ι</span> <span class='ocrx_word' id='word_1_564' title='bbox 1331 4060 1516 4130; x_wconf 88' lang='lat' dir='ltr'><strong>Neque</strong></span> <span class='ocrx_word' id='word_1_565' title='bbox 1559 4059 1704 4114; x_wconf 91' lang='lat' dir='ltr'><strong>enim</strong></span> <span class='ocrx_word' id='word_1_566' title='bbox 1728 4101 1743 4125; x_wconf 95' lang='lat'><strong>,</strong></span> <span class='ocrx_word' id='word_1_567' title='bbox 1793 4059 1971 4130; x_wconf 88' lang='lat' dir='ltr'><strong>inquit</strong></span> <span class='ocrx_word' id='word_1_568' title='bbox 2012 4060 2154 4130; x_wconf 80' lang='grc'><strong>(31),</strong></span> <span class='ocrx_word' id='word_1_569' title='bbox 2202 4061 2464 4129; x_wconf 91' lang='lat' dir='ltr'><strong>sapientia</strong></span> <span class='ocrx_word' id='word_1_570' title='bbox 2522 4061 2760 4116; x_wconf 86' lang='lat' dir='ltr'><strong>humana</strong></span> <span class='ocrx_word' id='word_1_571' title='bbox 2814 4079 2951 4133; x_wconf 92' lang='lat' dir='ltr'><strong>opus</strong></span> <span class='ocrx_word' id='word_1_572' title='bbox 2985 4063 3146 4119; x_wconf 82' lang='lat' dir='ltr'><strong>habet</strong></span> <span class='ocrx_word' id='word_1_573' title='bbox 3171 4065 3352 4120; x_wconf 90' lang='lat' dir='ltr'><strong>divina</strong></span> <span class='ocrx_word' id='word_1_574' title='bbox 3389 4065 3706 4135; x_wconf 89' lang='lat' dir='ltr'><strong>Scriptura,</strong></span> <span class='ocrx_word' id='word_1_575' title='bbox 3744 4077 3806 4121; x_wconf 91' lang='lat' dir='ltr'><strong>ut</strong></span> <span class='ocrx_word' id='word_1_576' title='bbox 3831 4082 3890 4121; x_wconf 88' lang='lat' dir='ltr'><strong>ea</strong></span> 
     </span>
    </p>
   </div>
   <div class='ocr_carea' id='block_1_42' title="bbox 630 4146 3888 4231">
    <p class='ocr_par' dir='ltr' id='par_1_42' title="bbox 630 4146 3888 4231">
     <span class='ocr_line' id='line_1_42' title="bbox 630 4146 3888 4231; baseline -0 -16"><span class='ocrx_word' id='word_1_577' title='bbox 630 4175 753 4231; x_wconf 87' lang='lat' dir='ltr'><strong>qua</strong></span> <span class='ocrx_word' id='word_1_578' title='bbox 782 4159 981 4228; x_wconf 87' lang='lat' dir='ltr'><strong>scripta</strong></span> <span class='ocrx_word' id='word_1_579' title='bbox 1011 4167 1157 4218; x_wconf 88' lang='lat' dir='ltr'><strong>sunt,</strong></span> <span class='ocrx_word' id='word_1_580' title='bbox 1193 4153 1580 4222; x_wconf 88' lang='lat' dir='ltr'><strong>intelligantur,</strong></span> <span class='ocrx_word' id='word_1_581' title='bbox 1618 4150 1709 4203; x_wconf 88' lang='lat' dir='ltr'><strong>sed</strong></span> <span class='ocrx_word' id='word_1_582' title='bbox 1737 4150 2066 4205; x_wconf 86' lang='lat' dir='ltr'><strong>revelatione</strong></span> <span class='ocrx_word' id='word_1_583' title='bbox 2094 4146 2351 4219; x_wconf 89' lang='lat' dir='ltr'><strong>Spiritus,</strong></span> <span class='ocrx_word' id='word_1_584' title='bbox 2383 4159 2442 4204; x_wconf 90' lang='lat' dir='ltr'><strong>ut</strong></span> <span class='ocrx_word' id='word_1_585' title='bbox 2466 4166 2651 4205; x_wconf 89' lang='lat' dir='ltr'><strong>verum</strong></span> <span class='ocrx_word' id='word_1_586' title='bbox 2684 4168 2905 4207; x_wconf 88' lang='lat' dir='ltr'><strong>sensum</strong></span> <span class='ocrx_word' id='word_1_587' title='bbox 2928 4169 3118 4209; x_wconf 90' lang='lat' dir='ltr'><strong>eorum</strong></span> <span class='ocrx_word' id='word_1_588' title='bbox 3149 4172 3271 4226; x_wconf 82' lang='lat' dir='ltr'><strong>qua</strong></span> <span class='ocrx_word' id='word_1_589' title='bbox 3296 4157 3349 4211; x_wconf 90' lang='lat' dir='ltr'><strong>in</strong></span> <span class='ocrx_word' id='word_1_590' title='bbox 3376 4157 3482 4212; x_wconf 87' lang='lat' dir='ltr'><strong>illis</strong></span> <span class='ocrx_word' id='word_1_591' title='bbox 3512 4160 3888 4216; x_wconf 67' lang='lat' dir='ltr'><strong>continenturv</strong></span> 
     </span>
    </p>
   </div>
   <div class='ocr_carea' id='block_1_43' title="bbox 631 4243 2167 4326">
    <p class='ocr_par' dir='ltr' id='par_1_43' title="bbox 631 4243 2167 4326">
     <span class='ocr_line' id='line_1_43' title="bbox 631 4243 2167 4326; baseline -0.011 -17"><span class='ocrx_word' id='word_1_592' title='bbox 631 4254 1010 4326; x_wconf 86' lang='lat' dir='ltr'><strong>percipientes,</strong></span> <span class='ocrx_word' id='word_1_593' title='bbox 1045 4262 1297 4320; x_wconf 86' lang='lat' dir='ltr'><strong>magnam</strong></span> <span class='ocrx_word' id='word_1_594' title='bbox 1330 4247 1453 4300; x_wconf 92' lang='lat' dir='ltr'><strong>inde</strong></span> <span class='ocrx_word' id='word_1_595' title='bbox 1483 4243 1783 4299; x_wconf 87' lang='lat' dir='ltr'><strong>referamus</strong></span> <span class='ocrx_word' id='word_1_596' title='bbox 1816 4243 2123 4297; x_wconf 89' lang='lat' dir='ltr'><strong>utilitatem.</strong></span> <span class='ocrx_word' id='word_1_597' title='bbox 2150 4263 2167 4292; x_wconf 80' lang='grc' dir='ltr'><strong><em>ι</em></strong></span> 
     </span>
    </p>
   </div>
   <div class='ocr_carea' id='block_1_44' title="bbox 703 4334 3886 4410">
    <p class='ocr_par' dir='ltr' id='par_1_44' title="bbox 703 4334 3886 4410">
     <span class='ocr_line' id='line_1_44' title="bbox 703 4334 3886 4410; baseline -0.001 -9"><span class='ocrx_word' id='word_1_598' title='bbox 703 4346 842 4400; x_wconf 81' lang='lat' dir='ltr'><strong>XIX.</strong></span> <span class='ocrx_word' id='word_1_599' title='bbox 877 4345 1141 4399; x_wconf 84' lang='lat' dir='ltr'><strong>Caterum</strong></span> <span class='ocrx_word' id='word_1_600' title='bbox 1193 4339 1457 4410; x_wconf 79' lang='lat' dir='ltr'><strong>mysticus</strong></span> <span class='ocrx_word' id='word_1_601' title='bbox 1503 4354 1597 4393; x_wconf 88' lang='lat' dir='ltr'><strong>seu</strong></span> <span class='ocrx_word' id='word_1_602' title='bbox 1640 4336 1963 4406; x_wconf 79' lang='lat' dir='ltr'><strong>allegoricus</strong></span> <span class='ocrx_word' id='word_1_603' title='bbox 2000 4334 2408 4405; x_wconf 89' lang='lat' dir='ltr'><strong>Scripturarum</strong></span> <span class='ocrx_word' id='word_1_604' title='bbox 2438 4351 2633 4392; x_wconf 91' lang='lat' dir='ltr'><strong>sensus</strong></span> <span class='ocrx_word' id='word_1_605' title='bbox 2684 4341 3010 4395; x_wconf 89' lang='lat' dir='ltr'><strong>auctoritate</strong></span> <span class='ocrx_word' id='word_1_606' title='bbox 3044 4339 3178 4393; x_wconf 87' lang='lat' dir='ltr'><strong>Novi</strong></span> <span class='ocrx_word' id='word_1_607' title='bbox 3231 4339 3564 4395; x_wconf 85' lang='lat' dir='ltr'><strong>Testamenti</strong></span> <span class='ocrx_word' id='word_1_608' title='bbox 3608 4342 3886 4398; x_wconf 89' lang='lat' dir='ltr'><strong>innititur.</strong></span> 
     </span>
    </p>
   </div>
   <div class='ocr_carea' id='block_1_45' title="bbox 630 4431 3890 4509">
    <p class='ocr_par' dir='ltr' id='par_1_45' title="bbox 630 4431 3890 4509">
     <span class='ocr_line' id='line_1_45' title="bbox 630 4431 3890 4509; baseline -0.002 -9"><span class='ocrx_word' id='word_1_609' title='bbox 630 4445 843 4500; x_wconf 88' lang='lat' dir='ltr'><strong>Passim</strong></span> <span class='ocrx_word' id='word_1_610' title='bbox 869 4444 1013 4496; x_wconf 91' lang='lat' dir='ltr'><strong>enim</strong></span> <span class='ocrx_word' id='word_1_611' title='bbox 1040 4448 1335 4495; x_wconf 79' lang='lat' dir='ltr'><strong>occurrunt</strong></span> <span class='ocrx_word' id='word_1_612' title='bbox 1360 4439 1412 4489; x_wconf 91' lang='lat' dir='ltr'><strong>in</strong></span> <span class='ocrx_word' id='word_1_613' title='bbox 1453 4433 1764 4506; x_wconf 90' lang='lat' dir='ltr'><strong>Evangeliis</strong></span> <span class='ocrx_word' id='word_1_614' title='bbox 1796 4442 1849 4486; x_wconf 92' lang='lat' dir='ltr'><strong>et</strong></span> <span class='ocrx_word' id='word_1_615' title='bbox 1872 4431 2148 4487; x_wconf 89' lang='lat' dir='ltr'><strong>canonicis</strong></span> <span class='ocrx_word' id='word_1_616' title='bbox 2180 4432 2435 4503; x_wconf 85' lang='lat' dir='ltr'><strong>Epistolis</strong></span> <span class='ocrx_word' id='word_1_617' title='bbox 2467 4433 2679 4504; x_wconf 90' lang='lat' dir='ltr'><strong>mystici</strong></span> <span class='ocrx_word' id='word_1_618' title='bbox 2713 4451 2883 4490; x_wconf 87' lang='lat' dir='ltr'><strong>sacra</strong></span> <span class='ocrx_word' id='word_1_619' title='bbox 2913 4433 3209 4504; x_wconf 83' lang='lat' dir='ltr'><strong>Scriptura</strong></span> <span class='ocrx_word' id='word_1_620' title='bbox 3234 4451 3429 4490; x_wconf 89' lang='lat' dir='ltr'><strong>sensus</strong></span> <span class='ocrx_word' id='word_1_621' title='bbox 3476 4445 3529 4490; x_wconf 92' lang='lat' dir='ltr'><strong>et</strong></span> <span class='ocrx_word' id='word_1_622' title='bbox 3579 4437 3890 4509; x_wconf 74' lang='lat' dir='ltr'><strong>allegorica</strong></span> 
     </span>
    </p>
   </div>
   <div class='ocr_carea' id='block_1_46' title="bbox 629 4525 3888 4613">
    <p class='ocr_par' dir='ltr' id='par_1_46' title="bbox 629 4525 3888 4613">
     <span class='ocr_line' id='line_1_46' title="bbox 629 4525 3888 4613; baseline -0.002 -18"><span class='ocrx_word' id='word_1_623' title='bbox 629 4539 1039 4613; x_wconf 78' lang='lat' dir='ltr'><strong>explicationes.</strong></span> <span class='ocrx_word' id='word_1_624' title='bbox 1062 4533 1239 4601; x_wconf 88' lang='lat' dir='ltr'><strong>Quare</strong></span> <span class='ocrx_word' id='word_1_625' title='bbox 1272 4545 1502 4599; x_wconf 86' lang='lat' dir='ltr'><strong>magnus</strong></span> <span class='ocrx_word' id='word_1_626' title='bbox 1528 4527 1824 4598; x_wconf 84' lang='lat' dir='ltr'><strong>Gregorius</strong></span> <span class='ocrx_word' id='word_1_627' title='bbox 1849 4541 2130 4597; x_wconf 82' lang='lat' dir='ltr'><strong>exponens</strong></span> <span class='ocrx_word' id='word_1_628' title='bbox 2159 4525 2409 4583; x_wconf 85' lang='lat' dir='ltr'><strong>Romano</strong></span> <span class='ocrx_word' id='word_1_629' title='bbox 2436 4528 2638 4599; x_wconf 82' lang='lat' dir='ltr'><strong>pOpnlo</strong></span> <span class='ocrx_word' id='word_1_630' title='bbox 2671 4529 2982 4598; x_wconf 90' lang='lat' dir='ltr'><strong>parabolam</strong></span> <span class='ocrx_word' id='word_1_631' title='bbox 3006 4528 3154 4582; x_wconf 89' lang='lat' dir='ltr'><strong>illam</strong></span> <span class='ocrx_word' id='word_1_632' title='bbox 3186 4529 3251 4584; x_wconf 91' lang='lat' dir='ltr'><strong>de</strong></span> <span class='ocrx_word' id='word_1_633' title='bbox 3280 4529 3497 4583; x_wconf 89' lang='lat' dir='ltr'><strong>homine</strong></span> <span class='ocrx_word' id='word_1_634' title='bbox 3525 4530 3619 4598; x_wconf 88' lang='lat' dir='ltr'><strong>qui</strong></span> <span class='ocrx_word' id='word_1_635' title='bbox 3643 4532 3888 4590; x_wconf 72' lang='lat' dir='ltr'><strong>exiverat</strong></span> 
     </span>
    </p>
   </div>
   <div class='ocr_carea' id='block_1_47' title="bbox 629 4616 3890 4693">
    <p class='ocr_par' dir='ltr' id='par_1_47' title="bbox 629 4616 3890 4693">
     <span class='ocr_line' id='line_1_47' title="bbox 629 4616 3890 4693; baseline -0.005 -7"><span class='ocrx_word' id='word_1_636' title='bbox 629 4632 694 4686; x_wconf 87' lang='lat' dir='ltr'><strong>ad</strong></span> <span class='ocrx_word' id='word_1_637' title='bbox 720 4627 1095 4685; x_wconf 89' lang='lat' dir='ltr'><strong>seminandum</strong></span> <span class='ocrx_word' id='word_1_638' title='bbox 1115 4665 1128 4686; x_wconf 96' lang='lat'><strong>,</strong></span> <span class='ocrx_word' id='word_1_639' title='bbox 1161 4631 1302 4677; x_wconf 90' lang='lat' dir='ltr'><strong>recte</strong></span> <span class='ocrx_word' id='word_1_640' title='bbox 1335 4621 1546 4674; x_wconf 88' lang='lat' dir='ltr'><strong>aiebat:</strong></span> <span class='ocrx_word' id='word_1_641' title='bbox 1576 4640 1593 4669; x_wconf 73' lang='grc' dir='ltr'><strong><em>ι</em></strong></span> <span class='ocrx_word' id='word_1_642' title='bbox 1625 4618 1683 4672; x_wconf 89' lang='lat' dir='ltr'><strong>Si</strong></span> <span class='ocrx_word' id='word_1_643' title='bbox 1717 4633 1815 4673; x_wconf 91' lang='lat' dir='ltr'><strong>nos</strong></span> <span class='ocrx_word' id='word_1_644' title='bbox 1840 4618 1992 4672; x_wconf 91' lang='lat' dir='ltr'><strong>vobis</strong></span> <span class='ocrx_word' id='word_1_645' title='bbox 2017 4633 2202 4672; x_wconf 88' lang='lat' dir='ltr'><strong>semen</strong></span> <span class='ocrx_word' id='word_1_646' title='bbox 2228 4616 2452 4674; x_wconf 85' lang='lat' dir='ltr'><strong>verbum</strong></span> <span class='ocrx_word' id='word_1_647' title='bbox 2478 4658 2494 4682; x_wconf 95' lang='lat'><strong>,</strong></span> <span class='ocrx_word' id='word_1_648' title='bbox 2528 4635 2717 4689; x_wconf 87' lang='lat' dir='ltr'><strong>agrum</strong></span> <span class='ocrx_word' id='word_1_649' title='bbox 2753 4619 3050 4684; x_wconf 86' lang='lat' dir='ltr'><strong>mundum,</strong></span> <span class='ocrx_word' id='word_1_650' title='bbox 3080 4622 3329 4675; x_wconf 87' lang='lat' dir='ltr'><strong>volucres</strong></span> <span class='ocrx_word' id='word_1_651' title='bbox 3356 4621 3623 4675; x_wconf 66' lang='lat' dir='ltr'><strong>daemonia</strong></span> <span class='ocrx_word' id='word_1_652' title='bbox 3653 4662 3667 4685; x_wconf 94' lang='lat'><strong>,</strong></span> <span class='ocrx_word' id='word_1_653' title='bbox 3699 4625 3890 4693; x_wconf 78' lang='lat' dir='ltr'><strong>spinas</strong></span> 
     </span>
    </p>
   </div>
   <div class='ocr_carea' id='block_1_48' title="bbox 627 4711 3890 4789">
    <p class='ocr_par' dir='ltr' id='par_1_48' title="bbox 627 4711 3890 4789">
     <span class='ocr_line' id='line_1_48' title="bbox 627 4711 3890 4789; baseline -0.002 -11"><span class='ocrx_word' id='word_1_654' title='bbox 627 4721 848 4778; x_wconf 88' lang='lat' dir='ltr'><strong>divitias</strong></span> <span class='ocrx_word' id='word_1_655' title='bbox 874 4718 1181 4789; x_wconf 87' lang='lat' dir='ltr'><strong>signiﬁcare</strong></span> <span class='ocrx_word' id='word_1_656' title='bbox 1209 4715 1549 4775; x_wconf 87' lang='lat' dir='ltr'><strong>diceremus,</strong></span> <span class='ocrx_word' id='word_1_657' title='bbox 1577 4712 1642 4766; x_wconf 88' lang='lat' dir='ltr'><strong>ad</strong></span> <span class='ocrx_word' id='word_1_658' title='bbox 1669 4711 2001 4766; x_wconf 89' lang='lat' dir='ltr'><strong>credendum</strong></span> <span class='ocrx_word' id='word_1_659' title='bbox 2041 4711 2196 4764; x_wconf 91' lang='lat' dir='ltr'><strong>nobis</strong></span> <span class='ocrx_word' id='word_1_660' title='bbox 2240 4728 2393 4768; x_wconf 92' lang='lat' dir='ltr'><strong>mens</strong></span> <span class='ocrx_word' id='word_1_661' title='bbox 2429 4711 2656 4767; x_wconf 86' lang='lat' dir='ltr'><strong>forsitan</strong></span> <span class='ocrx_word' id='word_1_662' title='bbox 2693 4722 2870 4768; x_wconf 87' lang='lat' dir='ltr'><strong>vestra</strong></span> <span class='ocrx_word' id='word_1_663' title='bbox 2907 4714 3213 4780; x_wconf 89' lang='lat' dir='ltr'><strong>dubitaret;</strong></span> <span class='ocrx_word' id='word_1_664' title='bbox 3247 4716 3389 4769; x_wconf 87' lang='lat' dir='ltr'><strong>unde</strong></span> <span class='ocrx_word' id='word_1_665' title='bbox 3421 4725 3472 4770; x_wconf 92' lang='lat' dir='ltr'><strong>et</strong></span> <span class='ocrx_word' id='word_1_666' title='bbox 3507 4714 3649 4769; x_wconf 89' lang='lat' dir='ltr'><strong>idem</strong></span> <span class='ocrx_word' id='word_1_667' title='bbox 3696 4716 3890 4772; x_wconf 83' lang='lat' dir='ltr'><strong>Domi-</strong></span> 
     </span>
    </p>
   </div>
   <div class='ocr_carea' id='block_1_49' title="bbox 629 4799 3891 4880">
    <p class='ocr_par' dir='ltr' id='par_1_49' title="bbox 629 4799 3891 4880">
     <span class='ocr_line' id='line_1_49' title="bbox 629 4799 3891 4880; baseline -0.001 -14"><span class='ocrx_word' id='word_1_668' title='bbox 629 4827 733 4866; x_wconf 91' lang='lat' dir='ltr'><strong>nus</strong></span> <span class='ocrx_word' id='word_1_669' title='bbox 760 4826 854 4880; x_wconf 90' lang='lat' dir='ltr'><strong>per</strong></span> <span class='ocrx_word' id='word_1_670' title='bbox 892 4805 1242 4874; x_wconf 88' lang='lat' dir='ltr'><strong>semetipsum</strong></span> <span class='ocrx_word' id='word_1_671' title='bbox 1275 4801 1526 4870; x_wconf 91' lang='lat' dir='ltr'><strong>dignatus</strong></span> <span class='ocrx_word' id='word_1_672' title='bbox 1554 4809 1638 4855; x_wconf 90' lang='lat' dir='ltr'><strong>est</strong></span> <span class='ocrx_word' id='word_1_673' title='bbox 1670 4815 1941 4870; x_wconf 81' lang='lat' dir='ltr'><strong>exponere</strong></span> <span class='ocrx_word' id='word_1_674' title='bbox 1972 4799 2115 4868; x_wconf 91' lang='lat' dir='ltr'><strong>quod</strong></span> <span class='ocrx_word' id='word_1_675' title='bbox 2149 4800 2397 4869; x_wconf 88' lang='lat' dir='ltr'><strong>dicebat,</strong></span> <span class='ocrx_word' id='word_1_676' title='bbox 2430 4811 2490 4855; x_wconf 93' lang='lat' dir='ltr'><strong>ut</strong></span> <span class='ocrx_word' id='word_1_677' title='bbox 2523 4803 2712 4857; x_wconf 90' lang='lat' dir='ltr'><strong>sciatis</strong></span> <span class='ocrx_word' id='word_1_678' title='bbox 2745 4819 2926 4858; x_wconf 92' lang='lat' dir='ltr'><strong>rerum</strong></span> <span class='ocrx_word' id='word_1_679' title='bbox 2968 4805 3396 4875; x_wconf 81' lang='lat' dir='ltr'><strong>significationes</strong></span> <span class='ocrx_word' id='word_1_680' title='bbox 3422 4821 3668 4875; x_wconf 75' lang='lat' dir='ltr'><strong>quarere</strong></span> <span class='ocrx_word' id='word_1_681' title='bbox 3717 4809 3774 4864; x_wconf 87' lang='lat' dir='ltr'><strong>in</strong></span> <span class='ocrx_word' id='word_1_682' title='bbox 3823 4812 3891 4865; x_wconf 88' lang='lat' dir='ltr'><strong>iis</strong></span> 
     </span>
    </p>
   </div>
   <div class='ocr_carea' id='block_1_50' title="bbox 626 4890 3896 4971">
    <p class='ocr_par' dir='ltr' id='par_1_50' title="bbox 626 4890 3896 4971">
     <span class='ocr_line' id='line_1_50' title="bbox 626 4890 3896 4971; baseline -0.002 -11"><span class='ocrx_word' id='word_1_683' title='bbox 626 4907 790 4961; x_wconf 90' lang='lat' dir='ltr'><strong>etiam</strong></span> <span class='ocrx_word' id='word_1_684' title='bbox 824 4917 945 4970; x_wconf 82' lang='lat' dir='ltr'><strong>qua</strong></span> <span class='ocrx_word' id='word_1_685' title='bbox 971 4917 1065 4970; x_wconf 90' lang='lat' dir='ltr'><strong>per</strong></span> <span class='ocrx_word' id='word_1_686' title='bbox 1095 4898 1446 4966; x_wconf 87' lang='lat' dir='ltr'><strong>semetipsum</strong></span> <span class='ocrx_word' id='word_1_687' title='bbox 1476 4892 1652 4948; x_wconf 89' lang='lat' dir='ltr'><strong>noluit</strong></span> <span class='ocrx_word' id='word_1_688' title='bbox 1676 4891 1972 4960; x_wconf 77' lang='lat' dir='ltr'><strong>explicare.</strong></span> <span class='ocrx_word' id='word_1_689' title='bbox 2003 4890 2334 4960; x_wconf 81' lang='lat' dir='ltr'><strong>Exponendo</strong></span> <span class='ocrx_word' id='word_1_690' title='bbox 2365 4910 2494 4966; x_wconf 82' lang='lat' dir='ltr'><strong>ergo</strong></span> <span class='ocrx_word' id='word_1_691' title='bbox 2521 4897 2665 4967; x_wconf 93' lang='lat' dir='ltr'><strong>quod</strong></span> <span class='ocrx_word' id='word_1_692' title='bbox 2701 4897 2872 4963; x_wconf 86' lang='lat' dir='ltr'><strong>dixit,</strong></span> <span class='ocrx_word' id='word_1_693' title='bbox 2903 4898 3132 4968; x_wconf 91' lang='lat' dir='ltr'><strong>ﬁgurate</strong></span> <span class='ocrx_word' id='word_1_694' title='bbox 3163 4913 3222 4953; x_wconf 90' lang='lat' dir='ltr'><strong>se</strong></span> <span class='ocrx_word' id='word_1_695' title='bbox 3257 4899 3404 4968; x_wconf 90' lang='lat' dir='ltr'><strong>loqui</strong></span> <span class='ocrx_word' id='word_1_696' title='bbox 3438 4898 3676 4952; x_wconf 64' lang='lat' dir='ltr'><strong>innotuit</strong></span> <span class='ocrx_word' id='word_1_697' title='bbox 3701 4939 3716 4963; x_wconf 96' lang='lat'><strong>,</strong></span> <span class='ocrx_word' id='word_1_698' title='bbox 3754 4918 3896 4971; x_wconf 88' lang='lat' dir='ltr'><strong>qua-</strong></span> 
     </span>
    </p>
   </div>
   <div class='ocr_carea' id='block_1_51' title="bbox 627 4974 3891 5064">
    <p class='ocr_par' dir='ltr' id='par_1_51' title="bbox 627 4974 3891 5064">
     <span class='ocr_line' id='line_1_51' title="bbox 627 4974 3891 5064; baseline -0.002 -12"><span class='ocrx_word' id='word_1_699' title='bbox 627 5011 786 5053; x_wconf 90' lang='lat' dir='ltr'><strong>tenus</strong></span> <span class='ocrx_word' id='word_1_700' title='bbox 814 5002 994 5049; x_wconf 91' lang='lat' dir='ltr'><strong>certos</strong></span> <span class='ocrx_word' id='word_1_701' title='bbox 1019 5006 1118 5046; x_wconf 87' lang='lat' dir='ltr'><strong>vos</strong></span> <span class='ocrx_word' id='word_1_702' title='bbox 1149 4991 1428 5050; x_wconf 83' lang='lat' dir='ltr'><strong>redderet,</strong></span> <span class='ocrx_word' id='word_1_703' title='bbox 1463 5001 1584 5041; x_wconf 91' lang='lat' dir='ltr'><strong>cum</strong></span> <span class='ocrx_word' id='word_1_704' title='bbox 1615 4985 1768 5040; x_wconf 86' lang='lat' dir='ltr'><strong>vobis</strong></span> <span class='ocrx_word' id='word_1_705' title='bbox 1806 4991 1990 5037; x_wconf 91' lang='lat' dir='ltr'><strong>nostra</strong></span> <span class='ocrx_word' id='word_1_706' title='bbox 2019 4982 2283 5053; x_wconf 85' lang='lat' dir='ltr'><strong>fragilitas</strong></span> <span class='ocrx_word' id='word_1_707' title='bbox 2316 4974 2619 5040; x_wconf 33' lang='lat' dir='ltr'><strong>verborum.</strong></span> <span class='ocrx_word' id='word_1_708' title='bbox 2640 4989 2787 5043; x_wconf 93' lang='lat' dir='ltr'><strong>illius</strong></span> <span class='ocrx_word' id='word_1_709' title='bbox 2819 4990 3018 5060; x_wconf 88' lang='lat' dir='ltr'><strong>ﬁguras</strong></span> <span class='ocrx_word' id='word_1_710' title='bbox 3047 4993 3303 5060; x_wconf 84' lang='lat' dir='ltr'><strong>aperiret.</strong></span> <span class='ocrx_word' id='word_1_711' title='bbox 3333 5013 3350 5042; x_wconf 76' lang='grc' dir='ltr'><strong>ι</strong></span> <span class='ocrx_word' id='word_1_712' title='bbox 3397 4991 3463 5046; x_wconf 87' lang='lat' dir='ltr'><strong>Et</strong></span> <span class='ocrx_word' id='word_1_713' title='bbox 3488 4993 3710 5062; x_wconf 89' lang='lat' dir='ltr'><strong>quidem</strong></span> <span class='ocrx_word' id='word_1_714' title='bbox 3765 5005 3891 5064; x_wconf 84' lang='lat' dir='ltr'><strong>quis</strong></span> 
     </span>
    </p>
   </div>
   <div class='ocr_carea' id='block_1_52' title="bbox 629 5074 3892 5158">
    <p class='ocr_par' dir='ltr' id='par_1_52' title="bbox 629 5074 3892 5158">
     <span class='ocr_line' id='line_1_52' title="bbox 629 5074 3892 5158; baseline -0.001 -17"><span class='ocrx_word' id='word_1_715' title='bbox 629 5102 866 5158; x_wconf 89' lang='lat' dir='ltr'><strong>unquam</strong></span> <span class='ocrx_word' id='word_1_716' title='bbox 904 5084 1008 5139; x_wconf 87' lang='lat' dir='ltr'><strong>sibi</strong></span> <span class='ocrx_word' id='word_1_717' title='bbox 1034 5081 1381 5152; x_wconf 86' lang='lat' dir='ltr'><strong>persuaderet</strong></span> <span class='ocrx_word' id='word_1_718' title='bbox 1409 5093 1504 5148; x_wconf 89' lang='lat' dir='ltr'><strong>per</strong></span> <span class='ocrx_word' id='word_1_719' title='bbox 1529 5077 1668 5130; x_wconf 91' lang='lat' dir='ltr'><strong>duos</strong></span> <span class='ocrx_word' id='word_1_720' title='bbox 1705 5074 1936 5128; x_wconf 72' lang='lat' dir='ltr'><strong>Abrahae</strong></span> <span class='ocrx_word' id='word_1_721' title='bbox 1968 5074 2107 5129; x_wconf 89' lang='lat' dir='ltr'><strong>ﬁlios</strong></span> <span class='ocrx_word' id='word_1_722' title='bbox 2129 5116 2144 5136; x_wconf 88' lang='lat'><strong>,</strong></span> <span class='ocrx_word' id='word_1_723' title='bbox 2173 5091 2407 5145; x_wconf 87' lang='lat' dir='ltr'><strong>quorum</strong></span> <span class='ocrx_word' id='word_1_724' title='bbox 2443 5094 2585 5133; x_wconf 90' lang='lat' dir='ltr'><strong>unus</strong></span> <span class='ocrx_word' id='word_1_725' title='bbox 2611 5093 2771 5133; x_wconf 87' lang='lat' dir='ltr'><strong>natus</strong></span> <span class='ocrx_word' id='word_1_726' title='bbox 2792 5083 2965 5136; x_wconf 92' lang='lat' dir='ltr'><strong>estde</strong></span> <span class='ocrx_word' id='word_1_727' title='bbox 2993 5082 3188 5137; x_wconf 70' lang='lat' dir='ltr'><strong>ancilla</strong></span> <span class='ocrx_word' id='word_1_728' title='bbox 3211 5125 3226 5150; x_wconf 98' lang='lat'><strong>,</strong></span> <span class='ocrx_word' id='word_1_729' title='bbox 3258 5084 3393 5138; x_wconf 90' lang='lat' dir='ltr'><strong>alter</strong></span> <span class='ocrx_word' id='word_1_730' title='bbox 3427 5085 3494 5138; x_wconf 91' lang='lat' dir='ltr'><strong>de</strong></span> <span class='ocrx_word' id='word_1_731' title='bbox 3533 5084 3705 5139; x_wconf 86' lang='lat' dir='ltr'><strong>libera</strong></span> <span class='ocrx_word' id='word_1_732' title='bbox 3735 5129 3750 5150; x_wconf 91' lang='lat'><strong>,</strong></span> <span class='ocrx_word' id='word_1_733' title='bbox 3781 5087 3892 5140; x_wconf 91' lang='lat' dir='ltr'><strong>duo</strong></span> 
     </span>
    </p>
   </div>
   <div class='ocr_carea' id='block_1_53' title="bbox 627 5165 3888 5245">
    <p class='ocr_par' dir='ltr' id='par_1_53' title="bbox 627 5165 3888 5245">
     <span class='ocr_line' id='line_1_53' title="bbox 627 5165 3888 5245; baseline -0.002 -9"><span class='ocrx_word' id='word_1_734' title='bbox 627 5181 971 5236; x_wconf 89' lang='lat' dir='ltr'><strong>Testamenta</strong></span> <span class='ocrx_word' id='word_1_735' title='bbox 996 5173 1326 5245; x_wconf 85' lang='lat' dir='ltr'><strong>signiﬁcari,</strong></span> <span class='ocrx_word' id='word_1_736' title='bbox 1361 5185 1527 5224; x_wconf 91' lang='lat' dir='ltr'><strong>unum</strong></span> <span class='ocrx_word' id='word_1_737' title='bbox 1555 5169 1774 5238; x_wconf 86' lang='lat' dir='ltr'><strong>quidem</strong></span> <span class='ocrx_word' id='word_1_738' title='bbox 1811 5181 1862 5218; x_wconf 85' lang='lat' dir='ltr'><strong>In</strong></span> <span class='ocrx_word' id='word_1_739' title='bbox 1889 5175 2070 5221; x_wconf 91' lang='lat' dir='ltr'><strong>monte</strong></span> <span class='ocrx_word' id='word_1_740' title='bbox 2100 5165 2228 5220; x_wconf 91' lang='lat' dir='ltr'><strong>Sina</strong></span> <span class='ocrx_word' id='word_1_741' title='bbox 2259 5167 2309 5220; x_wconf 89' lang='lat' dir='ltr'><strong>in</strong></span> <span class='ocrx_word' id='word_1_742' title='bbox 2345 5171 2664 5223; x_wconf 85' lang='lat' dir='ltr'><strong>servitutem</strong></span> <span class='ocrx_word' id='word_1_743' title='bbox 2714 5187 2981 5242; x_wconf 86' lang='lat' dir='ltr'><strong>generans</strong></span> <span class='ocrx_word' id='word_1_744' title='bbox 3009 5190 3022 5238; x_wconf 88' lang='lat'><strong>;</strong></span> <span class='ocrx_word' id='word_1_745' title='bbox 3054 5173 3284 5228; x_wconf 89' lang='lat' dir='ltr'><strong>alterum</strong></span> <span class='ocrx_word' id='word_1_746' title='bbox 3313 5191 3440 5229; x_wconf 89' lang='lat' dir='ltr'><strong>vero</strong></span> <span class='ocrx_word' id='word_1_747' title='bbox 3473 5177 3525 5228; x_wconf 89' lang='lat' dir='ltr'><strong>in</strong></span> <span class='ocrx_word' id='word_1_748' title='bbox 3569 5175 3888 5232; x_wconf 85' lang='lat' dir='ltr'><strong>libertatem</strong></span> 
     </span>
    </p>
   </div>
   <div class='ocr_carea' id='block_1_54' title="bbox 625 5258 3888 5338">
    <p class='ocr_par' dir='ltr' id='par_1_54' title="bbox 625 5258 3888 5338">
     <span class='ocr_line' id='line_1_54' title="bbox 625 5258 3888 5338; baseline -0.002 -9"><span class='ocrx_word' id='word_1_749' title='bbox 625 5276 861 5329; x_wconf 79' lang='lat' dir='ltr'><strong>filiorum</strong></span> <span class='ocrx_word' id='word_1_750' title='bbox 896 5269 1025 5334; x_wconf 90' lang='lat' dir='ltr'><strong>Dei,</strong></span> <span class='ocrx_word' id='word_1_751' title='bbox 1059 5283 1166 5338; x_wconf 90' lang='lat' dir='ltr'><strong>qua</strong></span> <span class='ocrx_word' id='word_1_752' title='bbox 1195 5265 1450 5321; x_wconf 88' lang='lat' dir='ltr'><strong>Christus</strong></span> <span class='ocrx_word' id='word_1_753' title='bbox 1483 5278 1582 5316; x_wconf 90' lang='lat' dir='ltr'><strong>nos</strong></span> <span class='ocrx_word' id='word_1_754' title='bbox 1609 5259 1832 5313; x_wconf 86' lang='lat' dir='ltr'><strong>donavit</strong></span> <span class='ocrx_word' id='word_1_755' title='bbox 1859 5259 1913 5311; x_wconf 78' lang='lat'><strong>‘?</strong></span> <span class='ocrx_word' id='word_1_756' title='bbox 1941 5258 2076 5324; x_wconf 86' lang='lat' dir='ltr'><strong>Quis</strong></span> <span class='ocrx_word' id='word_1_757' title='bbox 2101 5261 2344 5314; x_wconf 88' lang='lat' dir='ltr'><strong>crederet</strong></span> <span class='ocrx_word' id='word_1_758' title='bbox 2370 5277 2466 5330; x_wconf 92' lang='lat' dir='ltr'><strong>per</strong></span> <span class='ocrx_word' id='word_1_759' title='bbox 2492 5261 2828 5319; x_wconf 90' lang='lat' dir='ltr'><strong>sacerdotem</strong></span> <span class='ocrx_word' id='word_1_760' title='bbox 2855 5264 3249 5322; x_wconf 84' lang='lat' dir='ltr'><strong>Melchisedech</strong></span> <span class='ocrx_word' id='word_1_761' title='bbox 3276 5277 3536 5321; x_wconf 85' lang='lat' dir='ltr'><strong>aternum</strong></span> <span class='ocrx_word' id='word_1_762' title='bbox 3568 5270 3888 5336; x_wconf 82' lang='lat' dir='ltr'><strong>pontiﬁcem</strong></span> 
     </span>
    </p>
   </div>
   <div class='ocr_carea' id='block_1_55' title="bbox 623 5351 3892 5428">
    <p class='ocr_par' dir='ltr' id='par_1_55' title="bbox 623 5351 3892 5428">
     <span class='ocr_line' id='line_1_55' title="bbox 623 5351 3892 5428; baseline -0.002 -7"><span class='ocrx_word' id='word_1_763' title='bbox 623 5367 902 5421; x_wconf 84' lang='lat' dir='ltr'><strong>Christum</strong></span> <span class='ocrx_word' id='word_1_764' title='bbox 933 5361 1279 5420; x_wconf 78' lang='lat' dir='ltr'><strong>Dominnm’,</strong></span> <span class='ocrx_word' id='word_1_765' title='bbox 1309 5372 1405 5426; x_wconf 91' lang='lat' dir='ltr'><strong>per</strong></span> <span class='ocrx_word' id='word_1_766' title='bbox 1427 5351 1836 5408; x_wconf 87' lang='lat' dir='ltr'><strong>tabernaculum</strong></span> <span class='ocrx_word' id='word_1_767' title='bbox 1871 5351 2069 5404; x_wconf 64' lang='lat' dir='ltr'><strong>caelum</strong></span> <span class='ocrx_word' id='word_1_768' title='bbox 2090 5351 2128 5416; x_wconf 84' lang='grc'>³,</span> <span class='ocrx_word' id='word_1_769' title='bbox 2157 5365 2249 5418; x_wconf 92' lang='lat' dir='ltr'><strong>per</strong></span> <span class='ocrx_word' id='word_1_770' title='bbox 2278 5353 2598 5421; x_wconf 90' lang='lat' dir='ltr'><strong>sanguinem</strong></span> <span class='ocrx_word' id='word_1_771' title='bbox 2638 5357 2939 5420; x_wconf 90' lang='lat' dir='ltr'><strong>hircorum,</strong></span> <span class='ocrx_word' id='word_1_772' title='bbox 2974 5366 3027 5410; x_wconf 93' lang='lat' dir='ltr'><strong>et</strong></span> <span class='ocrx_word' id='word_1_773' title='bbox 3057 5356 3354 5410; x_wconf 90' lang='lat' dir='ltr'><strong>vitulorum</strong></span> <span class='ocrx_word' id='word_1_774' title='bbox 3385 5357 3711 5427; x_wconf 80' lang='lat' dir='ltr'><strong>sanguinem</strong></span> <span class='ocrx_word' id='word_1_775' title='bbox 3741 5359 3892 5428; x_wconf 88' lang='lat' dir='ltr'><strong>ejus—</strong></span> 
     </span>
    </p>
   </div>
   <div class='ocr_carea' id='block_1_56' title="bbox 623 5439 3889 5515">
    <p class='ocr_par' dir='ltr' id='par_1_56' title="bbox 623 5439 3889 5515">
     <span class='ocr_line' id='line_1_56' title="bbox 623 5439 3889 5515; baseline -0.004 -4"><span class='ocrx_word' id='word_1_776' title='bbox 623 5456 746 5511; x_wconf 88' lang='lat' dir='ltr'><strong>dem</strong></span> <span class='ocrx_word' id='word_1_777' title='bbox 780 5450 986 5507; x_wconf 85' lang='lat' dir='ltr'><strong>Christi</strong></span> <span class='ocrx_word' id='word_1_778' title='bbox 1009 5448 1220 5504; x_wconf 89' lang='lat' dir='ltr'><strong>Domini</strong></span> <span class='ocrx_word' id='word_1_779' title='bbox 1243 5488 1256 5509; x_wconf 92' lang='lat'><strong>,</strong></span> <span class='ocrx_word' id='word_1_780' title='bbox 1290 5460 1379 5515; x_wconf 88' lang='lat' dir='ltr'><strong>per</strong></span> <span class='ocrx_word' id='word_1_781' title='bbox 1415 5441 1616 5496; x_wconf 88' lang='lat' dir='ltr'><strong>Sancta</strong></span> <span class='ocrx_word' id='word_1_782' title='bbox 1647 5447 1962 5493; x_wconf 82' lang='lat' dir='ltr'><strong>sanctorum</strong></span> <span class='ocrx_word' id='word_1_783' title='bbox 1993 5439 2220 5494; x_wconf 90' lang='lat' dir='ltr'><strong>interius</strong></span> <span class='ocrx_word' id='word_1_784' title='bbox 2248 5441 2369 5494; x_wconf 76' lang='grc' dir='ltr'><strong>οωιί</strong></span> <span class='ocrx_word' id='word_1_785' title='bbox 2412 5442 2618 5498; x_wconf 90' lang='lat' dir='ltr'><strong>aditum</strong></span> <span class='ocrx_word' id='word_1_786' title='bbox 2653 5445 3038 5500; x_wconf 84' lang='lat' dir='ltr'><strong>adumbratum‘</strong></span> <span class='ocrx_word' id='word_1_787' title='bbox 3075 5446 3321 5502; x_wconf 58' lang='lat' dir='ltr'><strong>fuisse“?</strong></span> <span class='ocrx_word' id='word_1_788' title='bbox 3366 5446 3499 5513; x_wconf 88' lang='lat' dir='ltr'><strong>Quis</strong></span> <span class='ocrx_word' id='word_1_789' title='bbox 3551 5447 3605 5499; x_wconf 92' lang='lat' dir='ltr'><strong>in</strong></span> <span class='ocrx_word' id='word_1_790' title='bbox 3635 5449 3889 5502; x_wconf 91' lang='lat' dir='ltr'><strong>animum</strong></span> 
     </span>
    </p>
   </div>
   <div class='ocr_carea' id='block_1_57' title="bbox 695 5556 3610 5633">
    <p class='ocr_par' dir='ltr' id='par_1_57' title="bbox 695 5556 3610 5633">
     <span class='ocr_line' id='line_1_57' title="bbox 695 5556 3610 5633; baseline -0.003 -8"><span class='ocrx_word' id='word_1_791' title='bbox 695 5571 712 5602; x_wconf 86' lang='grc'>¹</span> <span class='ocrx_word' id='word_1_792' title='bbox 741 5569 915 5626; x_wconf 86' lang='lat' dir='ltr'><strong>Galat.</strong></span> <span class='ocrx_word' id='word_1_793' title='bbox 953 5584 1025 5630; x_wconf 82' lang='lat' dir='ltr'><strong>tv,</strong></span> <span class='ocrx_word' id='word_1_794' title='bbox 1059 5567 1150 5626; x_wconf 71' lang='lat'><strong>22,</strong></span> <span class='ocrx_word' id='word_1_795' title='bbox 1181 5565 1274 5627; x_wconf 73' lang='lat'><strong>25,</strong></span> <span class='ocrx_word' id='word_1_796' title='bbox 1311 5579 1462 5632; x_wconf 88' lang='lat' dir='ltr'><strong>seqq.</strong></span> <span class='ocrx_word' id='word_1_797' title='bbox 1539 5561 1558 5590; x_wconf 81' lang='grc'>¹</span> <span class='ocrx_word' id='word_1_798' title='bbox 1585 5557 1748 5613; x_wconf 87' lang='lat' dir='ltr'><strong>Hebr.</strong></span> <span class='ocrx_word' id='word_1_799' title='bbox 1787 5573 1906 5619; x_wconf 85' lang='lat' dir='ltr'><strong>vni,</strong></span> <span class='ocrx_word' id='word_1_800' title='bbox 1939 5557 1961 5608; x_wconf 87' lang='lat' dir='ltr'><strong>I</strong></span> <span class='ocrx_word' id='word_1_801' title='bbox 2003 5571 2156 5625; x_wconf 91' lang='lat' dir='ltr'><strong>seqq.</strong></span> <span class='ocrx_word' id='word_1_802' title='bbox 2254 5558 2274 5589; x_wconf 86' lang='grc'>³</span> <span class='ocrx_word' id='word_1_803' title='bbox 2303 5556 2465 5614; x_wconf 90' lang='lat' dir='ltr'><strong>Hebr.</strong></span> <span class='ocrx_word' id='word_1_804' title='bbox 2493 5577 2607 5628; x_wconf 85' lang='lat' dir='ltr'><strong>vin,</strong></span> <span class='ocrx_word' id='word_1_805' title='bbox 2638 5562 2670 5616; x_wconf 82' lang='lat'><strong>5</strong></span> <span class='ocrx_word' id='word_1_806' title='bbox 2697 5578 2848 5633; x_wconf 91' lang='lat' dir='ltr'><strong>seqq.</strong></span> <span class='ocrx_word' id='word_1_807' title='bbox 2929 5563 2950 5594; x_wconf 73' lang='grc'><strong>⁸</strong></span> <span class='ocrx_word' id='word_1_808' title='bbox 2981 5561 3143 5617; x_wconf 85' lang='lat' dir='ltr'><strong>Hebr.</strong></span> <span class='ocrx_word' id='word_1_809' title='bbox 3171 5579 3246 5630; x_wconf 80' lang='lat' dir='ltr'><strong>ix,</strong></span> <span class='ocrx_word' id='word_1_810' title='bbox 3273 5563 3327 5626; x_wconf 82' lang='lat'><strong>5,</strong></span> <span class='ocrx_word' id='word_1_811' title='bbox 3355 5564 3413 5616; x_wconf 77' lang='lat' dir='ltr'><strong>II</strong></span> <span class='ocrx_word' id='word_1_812' title='bbox 3455 5578 3610 5633; x_wconf 87' lang='lat' dir='ltr'><strong>seqq.</strong></span> 
     </span>
    </p>
   </div>
   <div class='ocr_carea' id='block_1_58' title="bbox 696 5674 3888 5756">
    <p class='ocr_par' dir='ltr' id='par_1_58' title="bbox 696 5674 3888 5756">
     <span class='ocr_line' id='line_1_58' title="bbox 696 5674 3888 5756; baseline -0.001 -13"><span class='ocrx_word' id='word_1_813' title='bbox 696 5685 808 5756; x_wconf 75' lang='lat'><strong>(30)</strong></span> <span class='ocrx_word' id='word_1_814' title='bbox 834 5683 1029 5756; x_wconf 71' lang='lat' dir='ltr'><strong>Epiph.</strong></span> <span class='ocrx_word' id='word_1_815' title='bbox 1059 5684 1188 5738; x_wconf 80' lang='lat' dir='ltr'><strong>har.</strong></span> <span class='ocrx_word' id='word_1_816' title='bbox 1225 5697 1371 5735; x_wconf 70' lang='grc' dir='ltr'><strong>ικιςιι</strong></span> <span class='ocrx_word' id='word_1_817' title='bbox 1403 5723 1416 5745; x_wconf 88' lang='grc'>,</span> <span class='ocrx_word' id='word_1_818' title='bbox 1448 5694 1567 5749; x_wconf 85' lang='lat' dir='ltr'><strong>cap.</strong></span> <span class='ocrx_word' id='word_1_819' title='bbox 1600 5677 1674 5742; x_wconf 71' lang='lat'><strong>2;</strong></span> <span class='ocrx_word' id='word_1_820' title='bbox 1705 5675 1847 5730; x_wconf 82' lang='lat' dir='ltr'><strong>Hier.</strong></span> <span class='ocrx_word' id='word_1_821' title='bbox 1874 5674 2027 5743; x_wconf 76' lang='lat' dir='ltr'><strong>praf.</strong></span> <span class='ocrx_word' id='word_1_822' title='bbox 2062 5676 2209 5730; x_wconf 91' lang='lat' dir='ltr'><strong>hom.</strong></span> <span class='ocrx_word' id='word_1_823' title='bbox 2231 5678 2283 5730; x_wconf 81' lang='lat' dir='ltr'><strong>in</strong></span> <span class='ocrx_word' id='word_1_824' title='bbox 2312 5679 2538 5743; x_wconf 59' lang='lat' dir='ltr'><strong>Matth;</strong></span> <span class='ocrx_word' id='word_1_825' title='bbox 2565 5681 2711 5752; x_wconf 88' lang='lat' dir='ltr'><strong>Orig.</strong></span> <span class='ocrx_word' id='word_1_826' title='bbox 2745 5684 2890 5738; x_wconf 86' lang='lat' dir='ltr'><strong>hom.</strong></span> <span class='ocrx_word' id='word_1_827' title='bbox 2918 5685 2969 5737; x_wconf 82' lang='lat' dir='ltr'><strong>in</strong></span> <span class='ocrx_word' id='word_1_828' title='bbox 3003 5683 3128 5739; x_wconf 80' lang='lat' dir='ltr'><strong>an.</strong></span> <span class='ocrx_word' id='word_1_829' title='bbox 3153 5701 3171 5748; x_wconf 87' lang='lat'><strong><em>;</em></strong></span> <span class='ocrx_word' id='word_1_830' title='bbox 3193 5683 3298 5737; x_wconf 85' lang='lat' dir='ltr'><strong>Tit.</strong></span> <span class='ocrx_word' id='word_1_831' title='bbox 3326 5682 3603 5749; x_wconf 87' lang='lat' dir='ltr'><strong>Bostren.,</strong></span> <span class='ocrx_word' id='word_1_832' title='bbox 3633 5681 3888 5756; x_wconf 85' lang='lat' dir='ltr'><strong>Thcoph.</strong></span> 
     </span>
    </p>
   </div>
   <div class='ocr_carea' id='block_1_59' title="bbox 622 5755 953 5825">
    <p class='ocr_par' dir='ltr' id='par_1_59' title="bbox 622 5755 953 5825">
     <span class='ocr_line' id='line_1_59' title="bbox 622 5755 953 5825; baseline -0.009 -14"><span class='ocrx_word' id='word_1_833' title='bbox 622 5759 691 5811; x_wconf 77' lang='lat' dir='ltr'><strong>ad</strong></span> <span class='ocrx_word' id='word_1_834' title='bbox 708 5755 797 5825; x_wconf 19' lang='lat' dir='ltr'><strong>’pr.</strong></span> <span class='ocrx_word' id='word_1_835' title='bbox 822 5755 953 5808; x_wconf 86' lang='lat' dir='ltr'><strong>Luc.</strong></span> 
     </span>
    </p>
   </div>
   <div class='ocr_carea' id='block_1_60' title="bbox 697 5821 1298 5896">
    <p class='ocr_par' dir='ltr' id='par_1_60' title="bbox 697 5821 1298 5896">
     <span class='ocr_line' id='line_1_60' title="bbox 697 5821 1298 5896; baseline -0.005 -15"><span class='ocrx_word' id='word_1_836' title='bbox 697 5821 810 5896; x_wconf 72' lang='lat' dir='ltr'><strong>(3U</strong></span> <span class='ocrx_word' id='word_1_837' title='bbox 839 5825 994 5880; x_wconf 86' lang='lat' dir='ltr'><strong>Hom.</strong></span> <span class='ocrx_word' id='word_1_838' title='bbox 1030 5825 1082 5877; x_wconf 71' lang='lat' dir='ltr'><strong>in</strong></span> <span class='ocrx_word' id='word_1_839' title='bbox 1116 5821 1298 5878; x_wconf 79' lang='lat' dir='ltr'><strong>Cenes.</strong></span> 
     </span>
    </p>
   </div>
  </div>
