4058 6452
199 395 298 448 617
898 390 985 445 DE
1026 387 1302 446 TlTULlS
1340 387 1707 444 PSALMORU
1719 387 1788 445 Μ.

1827 418 1895 427 -
1936 387 2320 443 ᾹΝΤΟΝΕῌΛ
2361 386 2750 444 ῐῚίᾹΞΡΑΤΙΟ.
3315 388 3415 442 618

199 526 356 567 suum
392 509 667 565 induceret
699 525 791 579 per
827 511 1076 564 animalia
1099 552 1113 574 ,
1148 525 1375 578 quormu
1408 509 1628 579 sanguis
1657 509 1983 564 inferebatur
2012 525 2109 578 pro
2134 519 2356 580 peccato
2387 509 2439 562 in
2474 508 2669 562 Sancta
2703 523 2796 578 per
2819 508 3121 578 pontiﬁcem
3147 546 3160 572 ,
3193 523 3415 577 corpora

197 610 374 654 autem
402 600 777 655 cremabantur
799 611 950 655 extra
984 611 1162 654 castra
1190 644 1204 666 ,
1236 601 1526 654 iudicatum
1554 615 1675 654 esse
1703 599 1906 665 Jesum,
1942 610 2000 653 ut
2023 601 2384 654 sanctilicaret
2429 615 2524 670 per
2549 616 2705 655 suum
2760 601 3074 669 sanguinem
3112 599 3370 668 populum
3399 638 3414 660 ,

195 705 347 747 extra
390 705 596 763 portam
631 694 862 748 ci\itatis
889 694 1186 749 Jerusalem
1230 712 1516 764 passurum
1561 711 1713 759 esse;
1777 697 1879 749 nisi
1926 697 2040 749 hrec
2066 696 2245 749 divina
2276 705 2328 749 et
2351 695 2663 750 admiranda
2690 696 2942 766 mysteria
2965 695 3119 749 nobis
3141 694 3416 763 apostolus

194 783 397 840 Paulus
425 787 730 854 aperirct'?
763 786 928 856 Cujus
959 787 1010 839 in
1043 797 1274 842 mentem
1311 802 1550 856 unquam
1583 787 1834 851 venisset,
1863 803 1956 856 per
1981 786 2184 848 Adam,
2219 787 2310 856 qui
2339 787 2582 841 immisso
2622 803 2650 840 a
2684 785 2908 839 Domino
2950 799 3142 854 sopore
3164 825 3179 849 ,
3218 793 3270 837 et
3319 792 3404 850 pel

195 877 359 931 Eram
381 919 395 943 ,
421 895 582 947 quam
614 895 678 932 ex
723 879 1042 934 dormientis
1073 888 1224 934 costa
1260 879 1313 932 in
1339 881 1618 934 mulierem
1650 879 1792 935 Deus
1820 880 2162 942 aediﬁcavit“,
2195 889 2248 934 et
2278 881 2342 932 de
2375 893 2480 947 qua
2519 877 2723 932 dictum
2757 879 2872 932 cst'
2901 897 2913 931 :
2949 876 3296 942 Quamobrem
3327 891 3411 927 re-

195 973 394 1042 linquet
425 973 576 1024 homo
600 982 797 1041 patrem
839 989 990 1026 suum
1012 1013 1026 1038 ,
1050 983 1100 1026 et
1130 984 1343 1025 matrem
1367 1013 1380 1036 ,
1407 983 1454 1026 et
1484 973 1767 1026 adhwrebit
1792 976 1945 1028 uxori
1967 989 2096 1039 sure,
2117 982 2165 1026 et
2196 981 2346 1026 erunt
2372 972 2474 1024 duo
2509 971 2562 1023 iu
2589 988 2746 1024 carne
2768 988 2870 1023 una
2895 985 2913 1023 :
2937 970 3213 1025 Christum
3245 967 3410 1037 signi-

195 1063 340 1116 ﬁcari
366 1071 419 1116 et
444 1061 759 1127 Ecclesium,
792 1079 913 1133 quae
943 1079 1008 1118 ex
1040 1064 1204 1118 latere
1226 1063 1430 1118 Christi
1454 1065 1664 1119 Domini
1691 1067 1956 1136 sanguine
1985 1075 2039 1121 et
2066 1081 2204 1135 aqua
2227 1065 2424 1120 ﬂuente
2453 1063 2845 1118 obdormientis
2877 1064 2926 1116 in
2950 1078 3131 1126 cruce,
3165 1061 3411 1115 immisso

197 1158 518 1212 voluntariae
552 1159 742 1212 mortis
769 1173 963 1228 sopore
985 1199 1000 1224 ,
1031 1158 1306 1214 ell‘ormata
1332 1169 1415 1214 est
1438 1199 1452 1226 ,
1482 1170 1536 1214 et
1569 1162 1831 1231 sanguine
1859 1162 2028 1231 ipsius
2061 1161 2332 1226 redempta
2351 1201 2366 1222 ,
2393 1166 2448 1212 et
2479 1174 2618 1228 aqua
2645 1158 2894 1226 baptismi
2927 1155 3257 1212 sanctiﬁcata
3280 1194 3295 1218 ,
3341 1155 3413 1208 ob

196 1267 361 1320 quam
398 1252 614 1320 reliquit
645 1251 756 1322 (52)
793 1262 1052 1307 aeternum
1092 1268 1251 1306 suum
1288 1253 1498 1307 Patrem
1525 1295 1540 1318 ,
1576 1253 1909 1308 descendens
1940 1254 2053 1322 ipse
2081 1255 2146 1308 de
2168 1254 2326 1312 coelo.
2358 1262 2416 1306 ut
2441 1254 2730 1306 humanam
2759 1265 2974 1306 carnem
3020 1248 3334 1317 susciperet,
3361 1254 3413 1298 ct

191 1346 429 1401 deseruit
463 1357 709 1413 matrem,
735 1363 924 1417 nempe
956 1347 1218 1418 ingratam
1244 1360 1297 1403 et
1324 1349 1654 1403 ineredulam
1683 1347 2042 1418 Synagogam,
2067 1349 2205 1405 unde
2229 1348 2513 1418 originem,
2541 1357 2600 1402 ut
2628 1349 2812 1410 homo,
2841 1346 3091 1406 ducebat,
3126 1352 3184 1397 ut
3209 1342 3411 1397 scilicet

192 1439 490 1494 adlirereret
524 1439 776 1496 Ecclesia:
805 1439 1075 1504 ﬁdelium,
1109 1449 1163 1494 et
1187 1441 1306 1509 ejus
1341 1451 1502 1510 caput
1529 1442 1795 1496 assistens
1828 1441 2114 1511 mysticum
2151 1440 2280 1496 illud
2308 1456 2504 1511 corpus
2529 1439 2870 1503 ell‘ormaret;
2915 1437 3018 1490 nisi
3054 1437 3191 1489 idem
3222 1435 3411 1489 beatus

192 1535 470 1604 apostolus
498 1533 853 1588 admiratione
888 1533 1298 1602 obstupefactus
1327 1535 1391 1587 ad
1422 1535 1511 1587 illa
1539 1534 1701 1588 verba
1735 1534 1977 1589 clamans
2009 1535 2214 1588 diceret
2241 1553 2254 1588 ε
2297 1533 2697 1588 Sacrameulum
2737 1533 2831 1584 hoc
2874 1546 3120 1599 maguum
3150 1539 3267 1592 est;
3321 1543 3410 1597 ego

192 1637 370 1680 autem
390 1627 508 1678 dico
535 1626 589 1678 in
613 1623 843 1690 Christo,
873 1633 919 1677 et
954 1626 1009 1678 in
1044 1625 1274 1680 Ecclesia
1294 1627 1336 1681 ³.
1365 1625 1498 1692 Quis
1521 1626 1654 1686 lucc,
1679 1634 1735 1678 et
1763 1626 1992 1694 plurima
2023 1626 2150 1691 alia,
2182 1641 2303 1695 qua:
2334 1627 2386 1678 in
2412 1626 2609 1679 divinis
2630 1624 2777 1678 Pauli
2815 1624 3007 1678 litteris
3042 1623 3409 1688 continentur,

191 1737 431 1792 unquam
462 1720 732 1779 crederet.
763 1721 867 1774 nisi
896 1736 960 1775 ea
991 1737 1089 1776 nos
1118 1722 1304 1776 beatus
1331 1722 1608 1790 apostolus
1638 1721 1926 1776 edoceret?
1950 1720 2133 1791 Neque
2167 1721 2286 1774 ideo
2311 1718 2566 1789 Origenes
2598 1718 3008 1789 reprehenditur
3031 1717 3098 1771 ab
3128 1716 3410 1770 Eustatbio

191 1825 428 1885 martyre
453 1815 787 1869 Antiocheno
820 1815 930 1885 (53)
953 1855 967 1878 ,
997 1831 1027 1869 a
1059 1831 1254 1883 magno
1283 1814 1481 1870 Basilio
1505 1815 1615 1885 (54)
1636 1855 1651 1877 ,
1679 1815 1887 1870 Joanne
1917 1815 2305 1887 Cbrysostomo
2332 1816 2442 1884 (55)
2465 1854 2478 1876 ,
2510 1814 2839 1884 Epiphanio,
2875 1812 3192 1882 Theophila,
3224 1811 3414 1866 Hiero-

189 1923 356 1979 nymo
382 1907 493 1978 (56)
517 1945 531 1970 ,
558 1908 807 1976 aliisque,
841 1906 985 1975 quod
1011 1906 1308 1974 spiritalem
1342 1905 1745 1976 Scripturarum
1778 1923 1996 1962 sensum
2021 1905 2354 1975 exposuerit,
2391 1907 2470 1960 vel
2494 1905 2637 1974 quod
2671 1904 2868 1974 ingenii
2898 1903 3114 1956 solertia
3152 1902 3408 1965 caruerit,

189 2016 300 2072 qua
326 2001 604 2070 mysticbs,
640 2013 784 2068 quos
814 2014 1000 2053 revera
1033 1999 1406 2068 complectitur
1443 1998 1720 2068 Scriptura
1747 2015 1960 2064 sensus,
1989 1999 2368 2067 investigarct;
2403 1997 2496 2052 sed
2520 1997 2662 2066 quod
2687 2011 2747 2050 ea
2775 1997 2826 2048 in
2858 2009 2916 2050 re
2943 1995 3168 2047 nimium
3197 1994 3412 2061 ingenio

189 2107 294 2147 suo
324 2091 624 2154 indulserit,
655 2099 708 2146 et
745 2099 926 2160 spreto
949 2091 1162 2145 litterali
1191 2107 1352 2146 sensu
1382 2092 1664 2161 allegorias
1691 2091 1960 2160 quaesierit
1993 2089 2125 2145 locis
2147 2091 2529 2160 propemodum
2555 2089 2872 2153 innumeris,
2907 2102 2937 2141 a
2968 2086 3163 2155 quibus
3188 2100 3408 2154 prorsus

188 2184 383 2238 alienae
413 2190 560 2237 sunt.

259 2273 378 2328 XX.
404 2272 463 2328 Et
493 2272 707 2344 quidem
739 2281 946 2330 veteres
984 2271 1237 2328 Ecclesia:
1276 2271 1527 2329 doctores
1554 2273 1715 2328 etiam
1744 2273 1837 2328 ubi
1870 2274 2041 2329 sacris
2073 2273 2367 2344 Scripturis
2395 2272 2726 2342 explicandis
2757 2272 3039 2326 litteralem
3067 2271 3246 2340 potius
3285 2285 3409 2325 sen-

185 2383 310 2425 sum
341 2384 505 2440 quam
538 2369 884 2439 allegorieum
911 2369 1080 2423 secuti
1115 2374 1272 2432 sunt,
1304 2368 1599 2436 spiritalem
1633 2377 1810 2423 tamen
1834 2384 1898 2423 ac
1928 2369 2213 2438 mysticum
2251 2378 2550 2436 agnoscunt
2574 2385 2636 2422 ac
2662 2370 2910 2437 probant,
2935 2380 2988 2423 et
3018 2369 3249 2438 primum
3287 2381 3409 2421 cor-

186 2461 332 2532 pori,
363 2461 592 2514 alterum
626 2474 752 2514 vero
779 2459 972 2512 animre
988 2467 1324 2527 comparant.
1346 2457 1711 2515 Tertullianus
1737 2476 1900 2530 agens
1917 2461 1982 2515 de
2010 2459 2265 2514 Oratione
2293 2459 2571 2515 Dominica
2600 2460 2712 2529 (57)
2737 2480 2748 2514 :
2787 2481 2802 2512 ι
2828 2460 3172 2530 Quanquam,
3207 2460 3404 2530 inquit.

185 2556 391 2609 Panem
443 2563 680 2608 nostrum
727 2555 1089 2622 quotidianum
1141 2555 1212 2608 da
1262 2555 1408 2609 nobis
1461 2555 1634 2620 hodie,
1691 2556 2006 2625 spiritaliter
2055 2551 2236 2624 potius
2307 2555 2690 2624 intelligamus.
2744 2555 2993 2609 Christus
3050 2555 3192 2608 enim
3248 2554 3402 2622 panis

185 2655 372 2702 noster
402 2655 503 2710 est,
537 2645 664 2716 quia
700 2645 802 2699 vita
827 2643 1098 2711 Christus,
1129 2655 1182 2700 et
1208 2647 1314 2701 vita
1338 2647 1510 2716 panis,
1535 2654 1636 2699 etc.
1667 2643 1850 2714 Itaque
1877 2648 2103 2714 petendo
2128 2662 2318 2715 panem
2347 2647 2744 2716 quotidianum,
2782 2647 3187 2716 perpetuitatem
3219 2655 3406 2714 postu-

187 2739 367 2794 lamus
395 2739 450 2793 in
482 2737 721 2806 Christo,
755 2750 807 2794 et
836 2740 1263 2795 individuitatem
1294 2757 1325 2796 a
1357 2755 1583 2810 corpore
1605 2739 1744 2810 ejus.
1780 2738 1884 2794 Sed
1929 2751 1982 2794 et
2015 2743 2140 2809 quia
2181 2743 2468 2796 carnaliter
2501 2742 2805 2796 admittitur
2837 2741 2938 2796 ista
2995 2757 3121 2801 vox.
3149 2755 3257 2795 non
3291 2739 3409 2795 sine

185 2836 449 2906 religione
471 2843 646 2905 potest
672 2834 786 2890 ﬁeri
813 2845 866 2890 et
898 2835 1156 2903 spiritalis
1181 2836 1497 2905 disciplinae.
1535 2834 1736 2889 Panem
1764 2834 1909 2890 enim
1939 2837 2047 2890 peti
2085 2836 2322 2900 mandat,
2357 2837 2501 2906 quod
2543 2836 2717 2891 solum
2765 2835 3012 2891 ﬁdelibus
3038 2837 3403 2892 necessarium

184 2938 302 2993 est;
325 2937 517 2984 cratera
549 2928 694 2982 enim
725 2929 971 2982 nationes
1001 2929 1302 2998 requirunt.
1341 2929 1443 2985 Ubi
1481 2930 1716 2985 dictione
1746 2931 1835 2985 illa
1866 2931 2180 3000 spiritaliter
2209 2932 2556 3001 allegoricum
2584 2940 2636 2986 et
2660 2933 2943 3002 mysticum
2966 2932 3250 2986 verborum
3279 2947 3402 2985 seu-

189 3039 337 3086 sum,
374 3023 465 3077 illa
493 3037 620 3077 vero
652 3023 934 3076 carnaliter
963 3023 1241 3079 litteralem
1283 3025 1568 3095 signiﬁcat.
1601 3044 1619 3078 s
1658 3024 1768 3080 Nec
1798 3026 2130 3080 dissimiliter
2158 3028 2533 3082 sanctissimus
2571 3038 2773 3099 martyr
2802 3026 3100 3099 Cyprianus
3123 3027 3408 3082 Tertullia-

191 3134 346 3184 num,
381 3133 540 3188 quem
589 3119 907 3188 magistrum
935 3120 1180 3186 vocabat,
1215 3131 1456 3186 secutus,
1491 3121 1716 3190 loquens
1742 3120 1809 3174 de
1837 3121 2023 3175 eadem
2057 3119 2331 3176 Orationis
2374 3121 2667 3177 Dominica
2698 3123 2954 3192 petitione
2997 3124 3109 3193 ('58)
3147 3142 3160 3177 :
3201 3142 3219 3176 σ
3251 3125 3405 3190 Quod

187 3219 392 3284 potest,
418 3213 512 3278 ait,
546 3221 600 3268 et
629 3214 963 3283 spiritaliter,
1011 3223 1064 3268 et
1093 3214 1411 3283 simpliciter
1443 3216 1666 3287 intelligi
1703 3233 1718 3270 :
1749 3216 1876 3286 quia
1909 3225 1961 3271 et
1991 3225 2217 3287 uterque
2265 3217 2573 3273 intellectus
2606 3218 2836 3273 utilitate
2872 3219 3052 3274 divina
3101 3219 3310 3289 proﬁcit
3338 3221 3404 3274 ad

187 3309 441 3365 salutem.
473 3307 607 3363 Nam
636 3309 790 3378 panis
817 3309 936 3362 vitae
980 3307 1231 3364 Christus
1268 3318 1369 3373 est,
1416 3320 1469 3365 et
1499 3311 1654 3380 panis
1694 3311 1782 3366 hic
1816 3312 2060 3366 omnium
2093 3328 2202 3367 non
2226 3320 2329 3379 est,
2365 3313 2457 3368 sed
2489 3320 2672 3368 noster
2700 3321 2802 3377 est,
2837 3323 2940 3369 etc.
2974 3312 3154 3369 Potest
3190 3327 3316 3368 vero
3353 3323 3406 3367 et

187 3404 271 3460 sic
298 3403 540 3474 intelligi,
577 3414 632 3457 ut
659 3405 749 3472 qui
782 3403 979 3458 saeculo
1011 3405 1460 3472 renuntiavimus,
1497 3414 1550 3462 et
1589 3407 1806 3462 divitias
1835 3409 1976 3479 ejus,
2023 3417 2078 3463 et
2109 3424 2332 3478 pompas
2383 3409 2484 3464 ﬁde
2530 3409 2714 3480 gratia:
2747 3409 3043 3480 spiritualis
3087 3409 3402 3479 abjecimus,

185 3498 369 3552 cibum
404 3497 560 3552 nobis
592 3507 798 3552 tantum
841 3508 1087 3568 petamus
1119 3508 1174 3554 et
1212 3501 1436 3558 rictum.
1475 3501 1850 3570 sQuibuscum
1887 3505 2156 3559 consentit
2189 3504 2377 3558 beatus
2404 3504 2735 3575 Augustinus
2759 3504 2894 3576 (59),
2927 3505 3020 3575 qui
3067 3505 3291 3574 loquens
3338 3505 3404 3561 de

187 3589 445 3659 paradiso
473 3591 541 3644 ab
569 3587 798 3659 Origene
823 3591 1046 3661 ejusque
1074 3591 1354 3662 discipulis
1383 3611 1488 3649 non
1512 3595 1746 3665 pr0prie,
1782 3597 1875 3650 sed
1898 3596 2124 3663 ﬁgurate
2153 3595 2424 3651 intellecto
2454 3615 2466 3650 :
2504 3615 2522 3647 ‹
2558 3596 2723 3662 Quasi
2743 3607 3044 3666 propterea,
3077 3598 3269 3668 inquit,
3294 3611 3403 3652 non

186 3681 561 3750 potueritesse
591 3684 872 3751 paradisus
896 3684 1212 3752 corporalis,
1235 3684 1361 3753 quia
1395 3693 1571 3754 potest
1615 3685 1779 3739 etiam
1827 3685 2086 3754 spiritalis
2116 3685 2379 3756 intelligi?
2409 3685 2690 3756 Tanquam
2733 3687 2855 3742 ideo
2897 3702 3006 3741 non
3057 3687 3256 3742 fuerint
3284 3688 3404 3743 duas

189 3772 466 3838 mulieres,
512 3773 655 3843 Agar
691 3781 744 3827 et
772 3772 926 3840 Sara,
953 3783 1006 3828 et
1036 3789 1101 3829 ex
1134 3775 1241 3829 illis
1281 3775 1389 3830 duo
1421 3775 1515 3829 ﬁlii
1554 3773 1803 3840 Abrahae,
1836 3792 1979 3832 unus
2007 3777 2074 3831 de
2113 3777 2331 3842 ancilla,
2361 3787 2415 3834 et
2443 3777 2582 3833 alius
2613 3777 2680 3833 de
2704 3778 2907 3842 libera;
2944 3777 3072 3848 quia
3101 3778 3209 3831 duo
3239 3785 3404 3832 testa-

188 3879 371 3922 menta
407 3870 462 3922 in
499 3869 579 3923 eis
611 3869 834 3939 ligurata
873 3869 1001 3924 dicit
1030 3871 1356 3940 Apostolus;
1380 3881 1473 3927 aut
1520 3873 1639 3927 ideo
1665 3873 1730 3928 de
1762 3873 1906 3927 nulla
1946 3881 2120 3943 petra,
2147 3873 2328 3945 Moyse
2374 3874 2726 3940 percutiente,
2760 3888 2897 3942 aqua
2927 3871 3230 3934 deﬂuxerit,
3275 3872 3401 3940 quia

185 3968 367 4028 potest
407 3959 515 4015 illic
575 3959 800 4030 ﬁgurata
844 3960 1234 4032 signiﬁcatione
1266 3963 1427 4016 etiam
1472 3962 1720 4017 Christus
1757 3963 2001 4034 intelligi,
2053 3964 2241 4017 eodem
2288 3964 2548 4033 Apostolo
2593 3965 2842 4019 dicente:
2876 3961 3035 4016 Petra
3084 3971 3257 4016 autem
3289 3971 3402 4014 erat

187 4056 510 4112 Christus".
543 4053 710 4111 Nemo
737 4056 915 4125 itaque
957 4058 1202 4127 prohibet
1235 4058 1527 4129 intelligere
1556 4059 1890 4128 paradisum,
1926 4057 2089 4112 vitam
2125 4058 2402 4111 beatorum
2429 4074 2442 4122 ;
2475 4067 2708 4127 quatuor
2739 4057 2856 4126 ejus
2889 4055 3131 4122 ﬁumina,
3169 4062 3400 4125 quatuor

187 4153 439 4214 virtutes,
474 4159 577 4207 etc.
610 4149 734 4205 ﬂare
775 4159 829 4205 et
860 4151 907 4205 si
951 4167 1058 4220 qua
1109 4153 1212 4206 alia
1258 4152 1597 4207 commodius
1645 4152 1751 4208 dici
1781 4162 2008 4222 possunt
2039 4151 2105 4205 de
2153 4151 2499 4221 intelligendo
2549 4150 2856 4220 spiritaliter
2880 4149 3152 4219 paradiso,
3187 4147 3401 4202 nemine

188 4247 528 4320 prohibente,
564 4245 814 4300 dicantur
843 4264 856 4302 :
882 4246 1011 4300 dum
1039 4256 1215 4300 tamen
1248 4247 1393 4302 illius
1427 4247 1664 4302 historiae
1688 4249 1883 4303 veritas
1917 4246 2230 4300 ﬁdelissima
2265 4261 2445 4300 rerum
2477 4255 2748 4318 gestarum
2782 4247 3092 4300 narratione
3130 4257 3401 4299 common.

185 4346 312 4401 data
346 4352 609 4398 teneatur.
644 4361 663 4394 ι
686 4341 780 4398 llis
803 4353 980 4398 autem
1011 4344 1132 4398 addi
1169 4351 1396 4413 possunt
1421 4345 1600 4398 caeteri
1624 4360 1812 4400 omnes
1832 4343 2019 4399 Patres
2046 4352 2309 4413 quotquot
2333 4343 2386 4396 in
2414 4344 2648 4398 Ecclesia
2683 4341 2776 4398 Dei
2792 4341 3087 4396 ﬂoruerunt
3116 4341 3185 4396 ab
3207 4344 3398 4396 exortu

185 4435 512 4490 Christiana:
533 4433 656 4488 ﬁdei
682 4433 748 4488 ad
768 4443 1038 4502 postrema
1061 4448 1230 4502 usque
1264 4442 1318 4488 et
1337 4434 1482 4488 aetati
1517 4443 1718 4489 nostra:
1744 4438 1998 4504 propiora
2033 4434 2245 4489 saecula.
2275 4433 2638 4499 Quamobrem
2671 4443 2880 4488 tantum
2922 4436 3092 4500 abest,
3128 4442 3188 4489 ut
3214 4440 3400 4488 nostra

187 4527 524 4582 Psalmorum
553 4525 854 4590 translatio,
883 4541 978 4580 seu
1005 4525 1395 4595 interpretatio,
1426 4541 1534 4596 qua
1563 4525 1904 4581 Psalmorum
1960 4526 2120 4580 verba
2155 4526 2222 4579 de
2251 4526 2474 4581 Christo
2499 4535 2552 4581 et
2573 4526 2814 4580 Ecclesia
2847 4527 3205 4595 explicantur,
3229 4526 3396 4580 Atha-

184 4623 367 4687 nasio,
396 4622 552 4692 cujus
577 4637 775 4678 nomen
815 4622 1130 4691 inscriptum
1169 4632 1273 4684 est,
1323 4623 1488 4678 adimi
1529 4625 1740 4690 debeat,
1785 4624 1870 4678 vel
1904 4630 2164 4692 tanquam
2205 4623 2382 4691 inepta
2419 4637 2484 4676 ac
2520 4623 2746 4692 puerilis
2784 4637 2814 4676 a
2846 4624 3077 4678 sensatis
3106 4622 3234 4677 viris
3259 4629 3313 4676 et
3346 4619 3399 4672 in

262 4782 466 4838 'Hebr.
498 4797 613 4848 xm,
647 4781 727 4845 ll,
759 4779 844 4834 12.
919 4782 939 4812 ⁸
965 4779 1160 4836 Geues.
1191 4797 1250 4846 ιι,
1275 4783 1361 4836 21.
1437 4784 1456 4814 ⁷
1485 4783 1612 4837 ibid.
1636 4781 1726 4835 21.
1800 4781 1821 4813 ³
1851 4783 1864 4837 Ι

1128 4797 1160 4834 ι.
1191 4797 1250 4846 ιι,
1275 4783 1361 4836 21.
1437 4784 1456 4814 ⁷
1485 4783 1612 4837 ibid.
1636 4781 1726 4835 21.
1800 4781 1821 4813 ³
1851 4782 2047 4853 Ephes.
2078 4799 2131 4847 ν,
2152 4784 2238 4838 52.
2314 4783 2357 4815 ⁸⁴
2386 4782 2402 4835 Ι
2432 4781 2560 4835 Cor.
2594 4799 2647 4846 x,
2680 4783 2730 4836 4.

252 4928 369 5002 (52)
407 4926 465 5002 Si
483 4943 610 5002 ergo
655 4924 895 5002 Christus
959 4925 1178 5002 adhtesit
1239 4923 1505 5002 Ecclesia,
1535 4934 1591 4977 ut
1631 4932 1798 5002 essent
1834 4923 1936 4976 duo
1959 4925 2010 4976 iu
2032 4941 2188 4978 carne
2208 4943 2332 5002 una,
2353 4925 2608 5002 quomodo
2640 4923 2844 4991 reliquit
2869 4921 3124 4976 Patrem?
3147 4927 3400 5002 quomodo

181 4993 701 5064 matremHleliquit
751 4994 982 5053 Patrem,
1022 4997 1144 5064 quia
1183 5013 1201 5045 ‹
1233 5012 1346 5049 cum
1394 4996 1447 5047 iu
1479 4996 1649 5063 forma
1685 4993 1774 5046 Dei
1813 5003 1963 5064 esset,
1992 5011 2092 5047 non
2117 4993 2371 5064 rapinam
2411 4994 2695 5048 arbitratus
2722 5004 2796 5047 est
2846 5011 2955 5047 esse
2988 4994 3237 5061 (aqualem
3274 4993 3396 5052 I)e0.

179 5073 278 5127 sed
331 5062 653 5130 semetipsum
695 5066 978 5118 exiuauirit
1007 5062 1230 5133 formant
1279 5067 1409 5118 servi
1441 5062 1715 5131 accipiens.
1751 5081 1767 5113 ι
1812 5062 1924 5116 Hoc
1981 5073 2054 5116 est
2104 5062 2260 5127 enim,
2295 5065 2501 5131 reliquit
2535 5064 2766 5127 Patrem,
2797 5080 2897 5116 non
2941 5066 3062 5133 quia
3095 5064 3316 5133 deseruit
3353 5075 3399 5117 et

181 5142 398 5196 recessit
431 5156 464 5191 α
499 5135 656 5189 Patre
677 5150 693 5194 ;
717 5138 806 5187 sed
845 5139 966 5204 quia
1008 5131 1132 5187 'nou
1165 5152 1226 5187 ea
1289 5136 1538 5204 informa
1568 5133 1807 5203 apparuit
1847 5134 2160 5204 hominibus,
2187 5137 2238 5188 in
2272 5151 2374 5204 qua
2406 5133 2622 5204 (aqualis
2651 5143 2725 5186 est
2758 5133 2928 5186 Patri.
2954 5131 3228 5197 Quomodo
3276 5135 3399 5204 rgi-

179 5177 551 5280 ίιϊὲῖῖιιαιτεηι
575 5207 600 5258 .9
627 5177 962 5280 relinque‘iido
990 5204 1318 5280 Synagogam
1343 5177 1761 5280 judatoru'uitde
1798 5219 1900 5271 qua
1957 5177 2238 5280 serumfum
2272 5177 2485 5280 Zaruer}:
2551 5213 2704 5256 natus
2730 5214 2847 5280 est;
2876 5213 2924 5256 et
2957 5177 3253 5256 iithwreuilo
3300 5201 3402 5255 Ec-

181 5271 383 5341 clesia,
403 5294 557 5343 quam
581 5291 643 5328 ea:
663 5271 898 5327 omnibus
916 5271 1151 5343 gentibus
1164 5271 1508 5342 congregarit.
1568 5272 1624 5325 S.
1671 5271 1806 5342 Aug.
1849 5281 2002 5327 tract.
2030 5290 2103 5337 Ix,
2133 5278 2186 5327 in
2217 5290 2328 5342 cap.
2356 5290 2392 5328 ιι
2425 5273 2610 5338 Joau.,
2637 5290 2691 5326 ιι.
2723 5275 2806 5326 10.

261 5351 376 5418 (55)
409 5343 463 5400 1η
495 5361 659 5418 serm.
691 5345 762 5418 De
782 5346 1105 5418 rentriloqua
1161 5360 1250 5396 seu
1281 5343 1615 5418 Pythonissa.

262 5413 376 5489 (54)
407 5418 562 5489 l_l_om.
596 5417 660 5489 5,_
685 5416 739 5489 in
775 5413 1176 5489 lle.raenterou.,
1209 5431 1262 5467 ιι.
1297 5417 1350 5468 9.

289 5491 379 5555 55)
413 5486 571 5539 Ηοιιι.
601 5487 666 5538 15
699 5487 753 5537 iu
777 5485 1037 5555 Genesint.

408 5557 623 5631 Hieron.
656 5571 737 5623 ep.
769 5555 835 5608 58
858 5554 925 5606 ad
951 5553 1254 5606 Pammach.
1281 5568 1298 5615 ;
1334 5552 1384 5606 in
1421 5552 1572 5622 praef.
1597 5553 1688 5608 lib.
1719 5569 1750 5606 v
1787 5551 2088 5608 Comment.
2115 5553 2169 5606 in
2201 5553 2418 5618 Isaiam,
2446 5563 2500 5608 et
2534 5551 2740 5623 praefat.
2773 5553 2827 5606 in
2863 5551 3090 5606 Halach.

289 5627 384 5697 37')
413 5633 539 5697 Cap.
571 5627 624 5697 6.

290 5693 380 5765 ΞΒ)
413 5698 468 5751 1η
489 5693 638 5765 expl.
670 5693 821 5765 Orat.
852 5694 1006 5765 Dom.

289 5633 384 5690 37)
413 5633 539 5697 Cap.
571 5633 624 5677 ϋ.

290 5699 380 5765 Ἄ)
413 5698 468 5751 1η
497 5696 638 5765 expl.
670 5693 821 5748 Orat.
852 5694 1006 5747 Dom.

259 5633 378 5843 ἐγω)
403 5768 520 5822 L'h.
549 5783 640 5819 xui
671 5764 745 5818 De
774 5766 915 5818 civit.
955 5763 1068 5824 Dei,
1096 5778 1145 5818 c.
1179 5764 1263 5820 21.

517 5861 784 5920 Ριτιιοι..
829 5859 944 5918 Gn.
997 5859 1256 5920 XXVII.

3034 5854 3111 5915 20
