4058 6494
641 441 742 492 619
1465 440 1519 492 S.
1563 435 1931 492 ATIIANASII
1969 436 2120 491 OPP.
2163 435 2342 492 PARS
2382 437 2466 492 III.
2509 466 2568 477 --
2617 437 3005 496 EXEGETICA
3759 443 3849 501 620

640 559 1021 614 ecclesiasticis
1052 557 1246 612 studiis
1275 566 1326 612 et
1356 557 1658 613 Christiana
1704 560 1899 627 pietate
1935 558 2166 612 excultis
2210 557 2398 612 eadem
2445 560 2739 624 contemni,
2773 559 2903 630 quin
2936 558 3117 629 potius
3170 573 3292 614 reor
3323 566 3707 630 argumentum
3741 560 3852 614 hinc

641 659 785 704 recte
808 649 948 702 sumi
978 663 1136 717 posse
1168 657 1225 701 ιιι
1252 649 1601 704 sanctissimo
1627 647 1844 703 Doctori
1875 649 2237 718 adjudicetur.

710 743 851 799 XXI.
902 743 1203 798 Cardinalis
1237 743 1584 810 Thomasius,
1612 745 1694 798 vir
1724 755 1776 799 et
1811 745 2114 800 eruditione
2138 752 2192 798 et
2246 760 2458 798 morum
2501 744 2789 800 sanctitate
2850 745 3096 814 illustris,
3156 748 3476 818 allegoricos
3523 744 3848 800 Psalmorum

640 861 833 900 sensus
860 844 1198 900 Christianos
1229 858 1422 896 sensus
1446 850 1603 894 vocat
1629 842 1681 894 in
1708 840 2021 909 praefatione
2051 841 2115 894 ad
2151 839 2496 904 Psalterium,
2520 840 2664 909 quod
2699 856 2822 894 cum
2872 840 3058 896 Latina
3105 842 3547 913 interpretatione
3573 842 3640 894 ab
3663 857 3729 895 eo
3754 839 3850 892 ela-

637 939 820 992 borata
867 938 918 989 in
956 937 1221 1006 publicam
1250 935 1533 989 utilitatem
1577 933 1755 987 emisit
1789 952 1800 986 :
1835 951 1853 983 ε
1891 932 2082 997 Porro,
2121 931 2314 1001 inquit,
2353 947 2419 986 ne
2463 932 2645 1000 aliqua
2685 933 2872 986 saltem
2922 933 3134 987 deesset
3166 935 3247 988 vel
3291 934 3470 988 brevis
3515 929 3850 986 manutluctio

639 1031 702 1084 ad
739 1031 1026 1086 secretiora
1061 1029 1334 1099 mysteria,
1365 1040 1630 1095 sensaque
1653 1023 1990 1080 Psalmorum
2032 1034 2146 1078 tum
2177 1026 2242 1079 de
2262 1026 2481 1079 Christo
2509 1034 2563 1079 et
2588 1025 2758 1094 ipsius
2793 1041 3017 1094 corpore
3051 1026 3288 1081 Ecclesia
3319 1028 3588 1091 universa,
3616 1035 3671 1079 et
3698 1023 3850 1094 parti-

637 1123 911 1177 cularibus
940 1122 1096 1192 hujus
1121 1123 1385 1191 corporis,
1415 1121 1527 1175 sive
1556 1121 1765 1190 collegii
1801 1119 2080 1181 membris,
2113 1120 2163 1173 id
2189 1128 2271 1174 est
2299 1119 2567 1184 fidelibus,
2599 1128 2712 1174 tum
2744 1121 2904 1174 etiam
2938 1122 3002 1174 de
3035 1122 3239 1176 emlesti
3274 1121 3467 1191 patria,
3497 1134 3636 1190 quos
3667 1131 3849 1172 sensus

637 1223 781 1270 recte
814 1214 1165 1284 appellaveris
1198 1228 1392 1269 sensus
1438 1212 1798 1278 Christianos,
1843 1211 2144 1281 patefactos
2185 1211 2361 1276 nubis,
2403 1220 2662 1281 tanquam
2711 1214 2883 1267 scisso
2912 1213 3095 1283 templi
3129 1215 3265 1278 velo,
3299 1221 3472 1266 morte
3501 1211 3727 1273 Christi,
3765 1196 3848 1280 qui

638 1305 892 1374 apostolis
922 1305 1129 1373 aperuit
1155 1319 1395 1367 sensum,
1424 1311 1482 1356 ut
1506 1302 1862 1371 intelligerent
1893 1299 2224 1370 Scripturas,
2257 1309 2310 1353 et
2345 1315 2465 1368 qua:
2502 1301 2700 1370 scripta
2731 1311 2860 1356 sunt
2901 1301 2952 1354 in
3002 1301 3142 1372 Lege
3174 1301 3365 1372 Moysi,
3396 1311 3448 1356 et
3474 1299 3778 1369 Prophctis,
3803 1306 3851 1352 et

635 1396 866 1452 Psalmis
895 1396 960 1450 de
991 1397 1128 1465 ipso,
1166 1416 1183 1447 ι
1217 1405 1319 1449 etc.
1365 1394 1437 1448 Ita
1473 1404 1615 1448 recte
1649 1409 1711 1448 ac
1743 1395 2012 1462 sapienter
2047 1393 2183 1462 pius,
2205 1402 2256 1446 ct
2285 1392 2477 1447 doctus
2509 1395 2803 1451 cardinalis
2846 1411 2910 1448 ex
2959 1403 3196 1449 veterum
3230 1394 3447 1448 Patrum
3499 1393 3745 1449 doctrina
3791 1393 3851 1446 de

637 1489 922 1557 allegorice
945 1499 998 1542 et
1027 1488 1256 1556 spiritali
1291 1485 1631 1541 Psalmorum
1662 1497 1716 1540 et
1755 1501 1922 1541 sacra:
1953 1485 2246 1554 Scriptura:
2280 1499 2444 1540 sensu
2480 1485 2690 1541 locutus
2720 1496 2821 1541 est.
2852 1485 2986 1541 Nam
3021 1485 3279 1558 Origenes
3322 1486 3375 1540 in
3419 1486 3556 1540 libro
3594 1485 3672 1538 De
3713 1486 3850 1554 prin-

640 1583 790 1652 cipiis
827 1581 934 1652 (40)
967 1597 1199 1652 arguens
1228 1596 1322 1635 eos
1347 1581 1438 1649 qui
1467 1597 1531 1636 ex
1565 1580 1980 1636 circumcisione
2009 1587 2182 1646 erant,
2209 1579 2354 1650 quod
2395 1581 2449 1634 in
2480 1579 2810 1635 Salvatorem
2845 1591 3091 1637 nostrum
3123 1598 3231 1637 non
3267 1581 3631 1646 crediderunt,
3661 1582 3754 1635 sed
3800 1582 3847 1633 in

633 1675 815 1729 varios
839 1691 1050 1729 errores
1082 1675 1212 1744 lapsi
1238 1684 1385 1740 sunt,
1409 1675 1534 1744 quia
1566 1689 1747 1730 sacras
1777 1674 2086 1744 Scripturas
2114 1691 2222 1728 non
2256 1674 2550 1730 secundum
2596 1676 2889 1746 spiritalem
2919 1694 3161 1743 sensum,
3203 1678 3297 1732 sed
3336 1677 3636 1732 secundum
3671 1676 3849 1729 littera:

633 1782 828 1822 sonum
857 1769 1265 1838 interpretantes
1291 1769 1344 1822 in
1379 1770 1463 1822 via
1493 1769 1732 1823 veritatis
1767 1769 2073 1824 voluntario
2101 1784 2232 1824 casu
2288 1769 2639 1825 caecutierunt
2673 1789 2684 1823 :
2730 1791 2748 1822 ι
2792 1771 2860 1827 Iis
2904 1782 3084 1828 autem
3139 1773 3394 1827 omnibus
3452 1771 3621 1837 nulla,
3662 1771 3847 1840 inquit,

634 1861 890 1918 falsarum
925 1865 1260 1932 opinionum,
1291 1864 1436 1917 nulla
1470 1864 1756 1933 impietatis
1780 1872 1832 1918 et
1860 1865 2184 1918 stolidorum
2212 1865 2277 1918 de
2305 1863 2412 1918 Deo
2446 1880 2761 1921 sermonum
2789 1881 2954 1921 causa
2980 1882 3102 1922 esse
3126 1867 3231 1921 alia
3257 1867 3490 1929 videtur,
3512 1879 3680 1935 quam
3711 1859 3851 1919 Scri-

630 1965 786 2022 ptura
817 1970 923 2010 non
952 1955 1248 2011 secundum
1266 1955 1610 2025 'spiritualem
1642 1972 1860 2012 sensum
1889 1956 2180 2020 intellecta,
2216 1957 2310 2011 sed
2353 1957 2651 2012 secundum
2680 1959 2970 2014 litteralem
3009 1969 3247 2029 accepta.
3283 1959 3625 2027 Quapropter
3660 1956 3729 2009 iis
3762 1955 3847 2023 qui

633 2067 950 2122 persuasum
985 2052 1182 2106 habent
1207 2067 1392 2107 sacros
1420 2052 1585 2108 libros
1632 2034 1739 2106 non
1781 2053 2059 2106 hominum
2091 2067 2212 2107 esse
2255 2054 2697 2120 commentarios,
2726 2057 2818 2110 sed
2851 2057 3023 2111 sancti
3062 2055 3296 2126 Spiritus
3346 2054 3554 2120 afﬂatu,
3578 2054 3851 2108 voluntate

637 2145 724 2200 Dei
759 2144 998 2214 parentis
1045 2144 1418 2199 universorum
1459 2159 1554 2213 per
1591 2142 1775 2199 Jesum
1810 2144 2086 2199 Christum
2115 2145 2348 2214 scriptos
2375 2162 2496 2201 esse
2532 2156 2586 2202 et
2625 2150 2691 2201 ad
2724 2164 2821 2203 nos
2847 2151 3180 2219 pervenisse,
3208 2167 3313 2221 qua
3340 2151 3423 2205 via
3465 2153 3518 2204 in
3555 2165 3747 2206 eorum
3782 2149 3851 2205 le-

631 2238 808 2292 ctione
832 2237 1186 2292 insistendum
1221 2252 1340 2292 esse
1371 2237 1526 2291 nobis
1570 2237 1837 2301 videatur,
1883 2237 2125 2292 indicare
2181 2239 2520 2306 conabimur,
2564 2249 2776 2295 servata
2831 2242 3070 2298 caelestis
3115 2243 3412 2298 secundum
3450 2241 3850 2297 successionem

632 2332 999 2402 apostolorum
1033 2330 1282 2386 Ecclesia:
1329 2330 1455 2386 Iesu
1497 2332 1697 2387 Christi
1746 2333 1949 2403 regula.
1993 2331 2057 2386 Et
2085 2348 2204 2388 esse
2236 2334 2452 2403 quidem
2497 2335 2756 2406 mysticas
2787 2336 3050 2405 quasdam
3089 2337 3541 2405 dispensationes,
3583 2351 3722 2390 uuas
3774 2333 3851 2387 di-

632 2428 769 2481 viuze
800 2426 1090 2496 Scriptura:
1119 2428 1372 2490 indicant,
1407 2428 1566 2482 etiam
1600 2429 1958 2498 simpliciores
2007 2428 2242 2484 fidelium
2294 2430 2538 2485 credunt.
2578 2451 2595 2481 ι
2646 2433 2725 2484 Ad
2758 2433 2873 2488 haec
2906 2443 3085 2488 autem
3128 2433 3378 2505 Origenis
3411 2432 3576 2486 verba
3611 2430 3853 2501 apposite

633 2524 852 2587 subjicit
883 2522 1108 2578 Carolus
1135 2524 1199 2577 de
1240 2523 1414 2578 Laruc
1443 2523 1550 2593 (41)
1589 2542 1601 2577 :
1641 2543 1659 2575 α
1699 2524 1843 2578 Nihil
1877 2525 1960 2578 his
1997 2525 2175 2579 verbis
2207 2527 2532 2580 accuratius.
2573 2525 2833 2582 Generale
2869 2529 2999 2585 illud
3029 2530 3371 2600 principium,
3406 2527 3554 2599 quod
3598 2527 3853 2598 mysticos

633 2614 688 2667 in
721 2612 902 2668 Veteri
935 2611 1280 2667 Testamento
1319 2628 1511 2668 sensus
1545 2613 1716 2682 ponit,
1752 2613 2059 2683 apostolicae
2082 2613 2338 2669 doctrinae
2364 2630 2490 2685 pars
2521 2623 2623 2678 est,
2653 2622 2706 2669 et
2744 2616 2941 2672 veritas
2974 2628 3140 2683 certa,
3176 2633 3295 2689 quze
3336 2617 3640 2672 ministerio
3673 2625 3855 2686 pasto-

632 2725 752 2764 rum
787 2709 853 2764 ad
880 2723 980 2763 nos
1007 2725 1176 2780 usque
1205 2709 1465 2779 pervenit.
1496 2728 1513 2760 ι

696 2805 859 2860 XXII.
906 2805 1154 2862 Profecto
1199 2805 1434 2860 dubitari
1484 2807 1670 2877 nequit
1713 2807 1891 2861 omnia
1949 2822 2068 2876 quae
2121 2807 2176 2860 in
2211 2804 2390 2862 Veteri
2424 2805 2773 2862 Testamento
2808 2808 2891 2862 vel
2939 2807 3161 2878 scripta,
3195 2806 3280 2861 vel
3325 2813 3477 2876 gesta
3526 2804 3770 2869 fuerunt,
3801 2805 3853 2858 in

628 2899 796 2967 figura
828 2899 996 2955 fuisse
1023 2914 1202 2955 rerum
1224 2915 1343 2970 quae
1374 2900 1426 2953 in
1453 2898 1601 2954 Novo
1631 2899 1743 2955 fieri
1775 2909 1868 2954 aut
1899 2901 2210 2968 ctmtingere
2233 2900 2520 2965 debebant,
2559 2915 2730 2971 eaque
2761 2902 3029 2972 respicere
3053 2914 3341 2970 personam
3372 2897 3601 2962 Messize,
3627 2895 3856 2964 ejusque

628 2989 962 3056 Passionem,
988 2990 1481 3054 [Iesus-rectionem,
1509 2999 1559 3042 et
1583 2989 1800 3041 humani
1835 2989 2045 3058 generis
2078 2988 2525 3059 redemptionem,
2553 2991 2873 3061 evangelicae
2903 2991 3162 3044 doctrina:
3192 2989 3657 3060 propagationem,
3683 2984 3856 3055 genti-

627 3082 758 3135 lium
793 3082 1220 3146 conversionem,
1251 3090 1304 3136 et
1323 3095 1659 3152 quaecunque
1684 3081 1806 3147 alia,
1835 3096 1955 3152 qua:
1981 3081 2047 3135 ad
2089 3081 2206 3151 ejus
2236 3083 2472 3136 divinam
2501 3097 2790 3153 personam
2829 3092 2882 3135 et
2915 3081 3376 3152 dispensationem
3411 3096 3505 3135 seu
3541 3077 3855 3146 οἰκονομίαν

626 3173 915 3243 pertinent.
946 3171 1124 3239 Quare
1154 3175 1198 3228 si
1231 3174 1283 3228 in
1312 3173 1643 3244 explicandis
1667 3170 1960 3243 Scripturis
1989 3172 2168 3227 omnia
2206 3173 2272 3226 ad
2305 3171 2579 3227 Christum
2608 3173 2836 3242 ejusque
2864 3170 3163 3228 Ecclesium
3193 3169 3488 3242 prudenter
3521 3168 3850 3228 referantur,

627 3282 801 3339 neque
833 3267 1055 3332 erroris,
1089 3282 1262 3337 neque
1293 3267 1504 3337 ineptiae
1525 3267 1578 3322 id
1611 3267 1853 3323 accusari
1886 3265 2062 3330 debet.
2099 3279 2225 3320 cum
2254 3264 2345 3319 illa
2385 3265 2490 3320 hoc
2519 3264 2768 3328 consilio,
2805 3273 2859 3319 et
2902 3265 3003 3320 hac
3044 3273 3240 3328 mente,
3286 3261 3491 3333 Spiritu
3545 3270 3738 3316 sancto
3769 3261 3854 3315 di-

624 3372 824 3426 clante,
857 3361 1055 3430 scripta
1083 3360 1207 3414 sint.
1236 3359 1301 3412 Et
1327 3360 1543 3429 quidem
1574 3361 1679 3415 huc
1720 3359 1989 3429 pertinere
2028 3358 2281 3412 videntur
2319 3359 2479 3412 verba
2515 3358 2605 3412 illa
2638 3358 2868 3427 apostoli
2904 3357 3080 3420 Pauli,
3127 3355 3307 3412 omnia
3341 3353 3544 3424 scripta
3583 3351 3758 3408 fuisse
3790 3354 3855 3406 ail

626 3468 866 3514 nostram
899 3455 1288 3511 institutionem
1323 3475 1334 3509 :
1369 3455 1699 3524 Quwcunque
1730 3454 1888 3518 enim,
1937 3453 2028 3519 ait,
2061 3454 2256 3523 scripta
2299 3465 2443 3517 sunt,
2480 3454 2546 3506 ad
2593 3463 2828 3506 nostram
2875 3454 3171 3506 doctrinam
3210 3451 3408 3519 scripta
3445 3458 3567 3502 sunt
3616 3449 3659 3501 ’.
3693 3447 3763 3501 Et
3792 3449 3858 3502 de

626 3549 849 3620 spiritali
900 3564 963 3602 ac
1017 3546 1319 3601 sublimiori
1381 3545 1782 3614 Scripturarum
1837 3545 2193 3615 intelligentia
2251 3558 2358 3597 non
2405 3543 2834 3613 improbabiliter
2862 3544 2930 3598 ab
2979 3544 3250 3612 aliquibus
3295 3540 3637 3611 accipiuntur
3691 3541 3855 3594 verba

626 3643 683 3700 S.
713 3645 887 3709 Luem,
919 3645 1116 3715 quibus
1144 3641 1308 3697 refert
1349 3639 1627 3696 Christum
1663 3640 1948 3696 Dominum
1975 3647 2094 3709 post
2127 3639 2578 3693 resurrectionem
2611 3654 2767 3694 suam
2797 3639 3071 3709 apostolos
3101 3638 3166 3693 ad
3201 3636 3514 3706 Scripturas
3545 3634 3856 3706 intelligen-

623 3737 719 3791 das
746 3735 1042 3789 instituisse
1075 3750 1087 3786 :
1126 3731 1268 3785 Tunc
1297 3732 1497 3800 aperuit
1533 3732 1642 3784 illis
1689 3746 1916 3794 sensum,
1954 3741 2007 3782 ut
2039 3728 2388 3798 intelligerent
2417 3729 2723 3797 Scripturas
2751 3729 2814 3782 ὀ.
2844 3729 2925 3784 Ad
2961 3729 3077 3784 haec
3122 3729 3263 3782 enim
3313 3726 3660 3798 evangelista
3688 3729 3854 3782 verba

625 3831 918 3901 respiciens
949 3827 1006 3882 S.
1037 3827 1144 3881 Leo
1174 3827 1444 3882 scribebat
1473 3827 1538 3879 ad
1569 3825 1886 3878 Flavianum
1930 3825 1980 3877 in
2012 3822 2268 3892 praeclara
2312 3821 2401 3876 illa
2435 3823 2664 3892 epistola
2701 3833 2886 3878 contra
2931 3823 3284 3892 Eutychetem
3313 3839 3327 3876 :
3358 3841 3376 3874 ι
3413 3823 3621 3880 Donato
3655 3823 3858 3878 intelli-

623 3926 815 3996 gentia:
845 3925 1067 3988 lumine,
1096 3937 1375 3977 sacrarum
1403 3919 1804 3990 Scriptus-arum
1841 3918 2046 3973 occulta
2083 3917 2373 3988 pandebat.
2406 3937 2424 3970 ι
2454 3917 2712 3989 Origenes
2750 3928 2929 3974 autem
2961 3920 3013 3974 in
3054 3920 3302 3975 eumdem
3337 3935 3556 3976 sensum
3587 3920 3858 3990 interpre-

623 4030 766 4075 tatur
787 4020 947 4073 verba
976 4018 1064 4071 illa
1092 4016 1316 4072 Joannis
1346 4036 1356 4069 :
1391 4017 1572 4070 Adhuc
1600 4016 1766 4068 multa
1798 4015 1957 4067 habeo
1996 4014 2134 4068 vobis
2165 4013 2356 4077 dicere,
2382 4014 2471 4068 sed
2515 4030 2614 4067 non
2653 4016 2866 4083 potestis
2899 4025 3111 4085 portare
3145 4015 3316 4069 modo.
3358 4015 3492 4069 Cum
3541 4025 3723 4070 autem
3768 4032 3857 4070 vc-

621 4114 754 4165 nert't
783 4112 870 4165 ille
905 4111 1136 4180 Spiritus
1163 4113 1419 4172 veritatis,
1443 4111 1643 4164 docebit
1675 4128 1762 4164 vos
1801 4125 2001 4162 omnem
2043 4111 2312 4163 veritatem
2349 4111 2413 4164 “.
2451 4107 2799 4179 Respondens
2825 4112 2967 4165 enim
3005 4109 3268 4165 conviciis
3294 4125 3359 4164 ac
3390 4111 3682 4167 calumniis
3708 4111 3857 4168 Celsi

621 4205 771 4275 impii
811 4205 1136 4275 philosophi,
1171 4213 1479 4272 sanctaque
1525 4212 1721 4258 nostrae
1754 4202 2030 4269 religionis
2062 4201 2324 4267 irrisoris,
2369 4201 2434 4255 ad
2486 4202 2664 4256 locum
2708 4202 2857 4256 illum
2891 4203 3235 4271 evangelista
3265 4204 3379 4256 hac
3426 4201 3652 4271 subjicit
3679 4203 3800 4274 (42)
3842 4223 3854 4259 :

627 4315 643 4347 ‹
685 4297 783 4350 IIlc
811 4299 1103 4367 quaerimus
1138 4312 1382 4366 quaenam
1412 4295 1611 4349 fuerint
1650 4295 1816 4349 multa
1844 4296 1951 4361 illa,
1978 4309 2097 4364 quae
2125 4291 2284 4349 Iesus
2314 4294 2594 4362 discipulis
2621 4295 2735 4348 suis
2767 4294 2948 4349 dicere
2975 4295 3227 4356 habebat,
3257 4303 3310 4349 et
3332 4309 3454 4364 qua:
3487 4303 3601 4349 tum
3631 4305 3858 4364 portare

621 4406 727 4444 non
758 4401 1026 4460 poterant.
1059 4390 1123 4445 Et
1153 4393 1274 4446 dico
1307 4410 1320 4444 :
1357 4390 1517 4445 Forte
1547 4391 1670 4461 quia
1697 4389 1865 4446 Judtei
1895 4398 2049 4445 erant
2069 4390 2319 4460 apostoli,
2349 4399 2402 4444 et
2430 4388 2662 4444 Mosaica
2701 4391 2814 4460 lege
2846 4392 3142 4446 secundum
3169 4391 3400 4446 litteram
3431 4401 3652 4460 accepta
3688 4391 3857 4448 innu-

626 4484 761 4550 triti,
793 4486 907 4540 haac
945 4485 1183 4548 fuerunt,
1219 4501 1338 4556 qua:
1381 4485 1486 4540 illis
1516 4485 1692 4541 dicere
1731 4487 1961 4541 habebat
1997 4504 2011 4540 ι
2043 4485 2300 4552 Quaenam
2327 4494 2469 4540 esset
2499 4501 2625 4540 vera
2674 4486 2779 4550 lex,
2809 4502 3038 4557 quarum
3074 4503 3254 4541 rerum
3298 4488 3598 4543 caelestium
3631 4489 3854 4553 umbra,

617 4576 895 4646 signisque
930 4579 1109 4634 cultus
1134 4578 1392 4634 Iudaicus
1429 4589 1734 4646 constaret;
1769 4596 1886 4649 quae
1917 4579 2094 4635 futura
2126 4580 2267 4634 bona
2295 4579 2591 4649 praescripti
2631 4580 2698 4635 de
2729 4581 2870 4647 cibo,
2903 4591 2956 4636 et
2984 4589 3134 4651 potu,
3169 4581 3234 4636 de
3257 4579 3429 4648 festis,
3459 4583 3767 4636 neomeniis
3801 4591 3858 4636 et

626 4667 877 4724 Sabbatis
904 4670 1046 4724 ritus
1085 4671 1494 4728 adumbrarent.
1539 4691 1557 4722 ι
1592 4670 1659 4724 Et
1684 4673 1938 4740 quoniam
1969 4669 2191 4726 furcifer
2228 4672 2315 4725 ille
2344 4669 2642 4726 affirmabat
2681 4672 2989 4743 Scripturas
3029 4683 3247 4730 nostras
3295 4689 3404 4729 non
3452 4689 3613 4744 posse
3647 4675 3856 4746 allego«

616 4763 750 4818 riam
778 4763 909 4834 pati,
936 4766 1147 4834 reponit
1175 4763 1433 4836 Origenes
1465 4767 1575 4838 (45)
1611 4785 1625 4820 :
1662 4784 1680 4818 ι
1714 4765 1966 4821 Fortasse
1993 4765 2270 4836 probabile
2297 4766 2424 4836 quid
2459 4767 2564 4821 dici
2608 4767 2678 4821 ab
2717 4782 2783 4822 eo
2815 4768 3105 4831 videretur,
3148 4769 3193 4823 si
3227 4767 3536 4838 Scripturas
3568 4768 3858 4840 allegoriis

615 4859 954 4928 interpretari
980 4859 1254 4914 inventum
1283 4867 1426 4914 esset
1454 4877 1660 4916 recens.
1691 4860 1826 4914 Cum
1862 4870 2040 4916 autem
2068 4861 2118 4915 id
2154 4859 2376 4916 fecerint
2407 4861 2486 4915 vel
2515 4861 2615 4929 ipsi
2652 4861 2963 4932 dogmatum
2994 4874 3242 4932 parentes
3270 4872 3323 4918 et
3352 4863 3668 4932 scriptores,
3715 4865 3856 4934 quid

611 4955 758 5009 aliud
786 4956 1132 5026 cogitandum
1162 4964 1262 5020 est,
1291 4972 1450 5026 quam
1475 4956 1566 5010 illa
1591 4956 1762 5011 fuisse
1797 4956 1994 5026 scripta
2027 4957 2126 5021 sic,
2155 4965 2213 5009 ut
2243 4970 2433 5010 eorum
2461 4956 2729 5026 praecipua
2766 4971 2920 5012 mens
2945 4957 2997 5010 in
3032 4957 3304 5026 allegoriis
3336 4958 3708 5014 contineatur.
3756 4980 3776 5012 ι

684 5045 866 5102 XXIII.
898 5048 1049 5114 Quod
1081 5064 1209 5103 vero
1233 5049 1451 5119 propius
1481 5065 1590 5103 rem
1620 5057 1863 5105 nostram
1892 5049 2128 5117 attingit,
2163 5062 2351 5116 nempe
2382 5048 2647 5102 rationem
2687 5048 3074 5118 interpretandi
3106 5047 3350 5102 Psalmos
3377 5047 3444 5103 de
3482 5046 3708 5103 Christo
3735 5049 3852 5104 Do-

614 5145 761 5198 mino
783 5152 836 5197 et
867 5143 1124 5206 Ecclesia,
1156 5144 1342 5214 primis
1366 5144 1686 5200 Christianae
1717 5145 1838 5198 fidei
1872 5143 2205 5213 temporibus
2247 5143 2443 5212 ubique
2495 5153 2787 5213 receptam,
2820 5154 2875 5199 et
2927 5145 3205 5214 probatam
3250 5144 3439 5208 fuisse,
3476 5145 3851 5215 locupletissi-

610 5251 761 5291 mum
788 5237 942 5293 nobis
967 5237 1337 5294 testimonium
1362 5238 1642 5308 perhibent
1670 5253 1776 5293 non
1817 5237 1990 5293 solum
2017 5235 2271 5292 Ecclesiae
2292 5235 2582 5292 Orientalis
2610 5240 2938 5310 scriptores;
2968 5255 3153 5295 verum
3183 5242 3344 5295 etiam
3378 5239 3533 5295 multi
3561 5241 3706 5296 inter
3740 5241 3848 5298 Oc-

674 5451 694 5479 ⁹
719 5446 877 5500 Rom.
912 5462 1002 5511 xv,
1035 5448 1086 5502 4.
1169 5451 1212 5480 ¹⁰
1239 5448 1366 5503 Luc.
1403 5465 1547 5513 xxiv,
1575 5448 1663 5502 59.
1741 5450 1781 5479 “
1814 5449 1972 5505 Joan.
2011 5465 2118 5513 xvt,
2159 5448 2246 5504 I2.

702 5606 792 5675 tu)
821 5605 939 5659 Lib.
969 5624 1040 5672 ιν,
1074 5626 1127 5664 n.
1158 5608 1209 5661 9.

700 5677 789 5739 41)
825 5675 1037 5745 Przefat.
1071 5680 1122 5731 in
1156 5688 1284 5731 tom.
1321 5677 1363 5730 II
1388 5679 1556 5745 Orig,
1589 5691 1691 5735 art.
1722 5681 1779 5736 5.

680 5745 793 5811 (42)
828 5744 1023 5800 Contra
1051 5748 1189 5800 Cels.
1221 5749 1255 5801 I.
1298 5763 1356 5809 tt,
1389 5765 1441 5802 tt.
1477 5744 1526 5801 ‘2.

679 5815 794 5886 (L5)
827 5815 983 5881 Ibid.,
1015 5818 1105 5874 lib.
1141 5834 1213 5881 tv,
1241 5835 1294 5872 n.
1321 5819 1407 5872 49.
