4058 6454
215 413 306 471 621
888 410 973 463 DE
1011 407 1284 463 TlTULlS
1324 405 1767 463 PSALMORUM.
1813 436 1880 445 -—
1919 399 2302 457 ANTONELLI
2342 393 2731 450 PRZEFATIO.
3323 387 3428 442 632

214 533 522 597 cidentales,
551 531 644 586 sed
670 531 910 584 onmium
938 531 1108 584 instar
1140 545 1284 584 unus
1309 529 1378 582 sit
1404 527 1642 582 Hilarius
1672 525 1914 581 doctrina
1940 533 1992 576 et
2016 520 2299 576 sanctitate
2329 516 2599 584 rebusque
2629 511 2794 583 gestis
2825 507 3150 578 scriptisque
3174 504 3423 573 insignis,

215 628 511 682 Athanasio
538 641 770 691 coaevus,
795 636 846 681 et
868 628 1103 681 amicitia
1132 636 1184 680 et
1210 626 1410 679 foulere
1439 626 1696 678 adversus
1721 622 1840 676 ﬁdei
1873 622 2058 674 hostes
2085 617 2428 686 conjunctus,
2463 614 2554 681 qui
2581 611 2632 664 in
2662 607 2977 703 pratfatione
3008 601 3425 703 commentario-

216 735 332 774 rum
367 735 504 790 quos
537 721 591 772 in
625 719 868 772 Psalmos
905 722 1226 788 composuit,
1255 719 1381 772 talia
1424 717 1609 772 scribit
1642 734 1655 768 :
1717 733 1734 766 ε
1790 713 1909 767 Non
1943 722 2025 766 est
2058 724 2186 764 vero
2233 706 2634 776 ambigendum,
2665 718 2726 755 ea
2763 715 2882 768 quae
2928 698 2980 750 in
3025 692 3253 797 Psalmis
3286 692 3427 797 dicta

216 823 359 879 sunt,
385 815 681 869 secundum
711 816 1070 885 evangelicam
1090 815 1522 884 praedicationem
1549 811 1767 880 intelligi
1786 818 2032 879 oportere
2055 825 2068 872 ;
2101 817 2159 861 ut
2181 822 2246 860 ex
2263 816 2587 874 quacunque
2613 801 2734 854 licet
2752 810 2978 867 persona
3004 790 3297 892 prophetiae
3315 787 3431 892 Spi-

221 907 357 962 ritus
379 908 446 961 sit
474 907 705 974 locutus,
726 910 794 964 sit
814 919 987 963 tamen
1017 919 1184 963 totum
1204 910 1332 962 illud
1359 909 1423 962 ad
1448 908 1804 978 cognitionem
1836 906 2096 958 adventus
2126 901 2339 954 Domini
2370 896 2535 952 nostri
2557 895 2682 950 Jesu
2714 885 3427 983 Chrirsti,etcorporationis,

215 1009 267 1056 et
297 999 593 1066 Passionis,
616 1008 669 1053 et
692 1001 862 1070 regni,
889 1012 940 1054 et
967 1000 1032 1053 ad
1062 1000 1474 1054 resurrectionis
1508 977 1706 1051 nostrae
1739 997 1988 1067 gloriam,
2021 994 2381 1060 virtutemque
2407 988 2688 1042 referatur.
2722 1003 2738 1034 ι
2776 981 2996 1043 Hilario,
3033 977 3243 1033 caeteris
3265 977 3430 1079 omis—

215 1094 309 1158 sis,
345 1095 472 1163 quia
496 1095 716 1164 longum
762 1105 903 1150 esset
935 1111 1124 1150 omnes
1156 1094 1377 1159 referre,
1415 1108 1580 1146 unum
1611 1093 1897 1162 adjungam
1943 1087 2307 1157 Augustinum
2349 1085 2484 1155 (44),
2518 1081 2609 1151 qui
2645 1099 2657 1134 :
2690 1099 2708 1130 ‹
2743 1077 2842 1131 Vix
2898 1072 3235 1173 esu-inquit.
3269 1079 3329 1124 ιιι

214 1187 442 1243 Psalmis
471 1187 712 1241 invenias
741 1203 902 1243 voces
929 1188 1032 1243 nisi
1059 1187 1259 1242 Christi
1285 1197 1337 1240 et
1365 1186 1636 1250 Ecclesiae,
1667 1194 1758 1239 aut
1803 1183 2006 1239 Christi
2042 1191 2273 1244 tantum,
2302 1187 2394 1233 aut
2417 1177 2670 1233 Ecclesia:
2692 1182 2920 1226 tantum.
2959 1189 2977 1219 ι
3011 1166 3195 1263 itaque
3223 1166 3424 1263 nemini

213 1281 435 1334 dubium
460 1296 582 1335 esse
609 1282 765 1335 debet
799 1289 904 1334 tam
929 1277 1218 1334 Orientalis
1252 1295 1410 1348 quam
1448 1278 1809 1333 Occitlentalis
1846 1275 2096 1330 Ecclesia:
2135 1272 2344 1339 Patres,
2372 1271 2463 1341 qui
2490 1270 2679 1340 primis
2709 1264 3028 1320 Christiana:
3059 1254 3180 1310 fidei
3214 1250 3426 1307 εκειιὶίε

212 1370 528 1436 ﬂoruerunt,
559 1372 856 1442 spiritalem
892 1386 1167 1425 sacrarum
1198 1371 1600 1440 Scripturarum
1632 1387 1851 1426 sensum
1881 1373 2224 1442 potissimum
2259 1371 2360 1425 sibi
2400 1367 2774 1438 exponendum
2811 1361 3180 1430 proposuisse,
3204 1373 3427 1429 praeser-

215 1460 305 1513 lim
347 1460 398 1513 in
425 1460 762 1517 Psalmorum
793 1462 965 1527 libris,
1001 1461 1054 1514 in
1084 1461 1276 1529 quibus
1310 1462 1474 1514 multa
1499 1463 1584 1514 vix
1611 1462 1766 1514 aliter
1794 1477 1952 1531 quam
1979 1463 2044 1516 de
2070 1460 2288 1515 Christo
2321 1468 2374 1513 et
2399 1458 2638 1512 Ecclesia
2667 1452 2920 1522 explicari
2947 1458 3191 1521 possunt
3225 1448 3340 1513 Qua
3377 1448 3429 1499 ίη

213 1566 270 1605 re
293 1554 595 1622 exemplum
624 1553 897 1606 habebant
921 1562 974 1606 et
1007 1552 1206 1606 Christi
1233 1551 1465 1616 Domini,
1497 1561 1549 1606 et
1579 1553 1970 1621 apostolorum,
1999 1554 2091 1622 qui
2130 1561 2185 1606 et
2234 1552 2287 1605 in
2340 1549 2648 1620 Evangelia,
2682 1557 2733 1600 et
2774 1548 2826 1599 in
2859 1543 3136 1598 canonicis
3183 1541 3428 1611 epistolis

212 1645 364 1715 plura
391 1647 507 1698 loca
540 1642 743 1699 Veteris
769 1644 1097 1698 'l‘estamenti
1132 1645 1184 1696 in
1213 1644 1496 1714 mysticum
1527 1658 1766 1708 sensum,
1797 1654 1854 1698 ut
1883 1653 2038 1698 antea
2065 1643 2197 1707 dixi,
2225 1642 2557 1712 interpretati
2592 1648 2734 1693 sunt.

283 1739 473 1795 XXIV.
504 1739 569 1794 Et
610 1739 827 1809 quidem
861 1748 983 1793 ante
1020 1739 1218 1792 Christi
1255 1740 1543 1792 adventum
1586 1738 1866 1811 Synagoga
1917 1739 2031 1809 ipsa
2061 1751 2353 1808 utrumque
2394 1753 2612 1794 sensum
2644 1743 2697 1789 et
2743 1733 3036 1803 spiritalem
3067 1742 3120 1785 et
3149 1729 3430 1784 litteralem

212 1832 451 1903 agnovit,
482 1847 715 1901 quorum
756 1831 932 1900 primo
969 1828 1250 1891 Pharisaei,
1297 1829 1450 1883 alteri
1484 1845 1610 1883 vero
1645 1829 1927 1886 Sadduemi
1969 1829 2240 1886 studuisse
2271 1830 2539 1892 videntur,
2563 1827 2686 1880 licet
2713 1825 2922 1892 utrique
2951 1822 3256 1890 Seripturas
3279 1820 3430 1874 falsis

215 1924 773 1996 interpretationibus,
821 1924 1014 1978 divina:
1042 1923 1255 1976 veritati
1296 1921 1506 1978 fabulas
1539 1938 1668 1977 suas
1705 1925 2074 1994 subjicientes,
2123 1925 2482 1994 corruperint.
2513 1919 2761 1975 Profecto
2788 1918 2968 1988 plures
2999 1911 3298 1968 doctissimi
3333 1911 3435 1964 viri

221 2023 276 2078 in
302 2003 516 2077 arcanis
543 2019 850 2074 Judmorum
880 2018 1182 2089 disciplinis
1207 2034 1268 2073 ac
1293 2019 1487 2073 litteris
1517 2019 1736 2084 versati,
1777 2029 2104 2076 censuerunt
2135 2021 2251 2074 tieri
2295 2034 2402 2073 non
2433 2017 2697 2088 potuisse,
2732 2021 2792 2067 ut
2826 2012 2973 2066 omni
3007 2015 3215 2065 careret
3246 2003 3438 2059 funda—

209 2122 394 2168 mento
425 2111 626 2166 Kabala
652 2110 878 2166 Iudaica
913 2110 1050 2181 (45),
1083 2109 1382 2165 ΐωόίεεὶιηθ
1408 2111 1534 2165 licet
1566 2121 1822 2181 corrupta
1851 2124 1904 2167 et
1933 2113 2253 2166 adulterata.
2291 2111 2543 2181 Antiquis
2586 2109 2730 2163 enim
2782 2105 2978 2160 fabulis
3026 2103 3185 2174 vulgo
3215 2098 3435 2155 concedi

210 2207 348 2261 solet
375 2205 572 2276 aliquid
604 2203 715 2259 veri
744 2205 863 2260 loco
891 2202 1229 2259 fundamenti
1259 2204 1482 2259 subesse
1509 2223 1522 2258 :
1555 2221 1734 2274 neque
1761 2205 2050 2261 verisimile
2075 2220 2195 2260 esse
2221 2221 2250 2259 e
2277 2205 2447 2258 nihilo
2489 2201 2800 2272 provenisse
2837 2197 3036 2250 famam
3071 2203 3123 2248 et
3151 2190 3429 2246 existima-

211 2301 414 2355 tionem
439 2300 698 2355 doctrina:
721 2298 1082 2364 Kabalisticze,
1113 2315 1142 2354 a
1165 2309 1243 2355 tot
1272 2301 1485 2355 saeculis
1529 2302 1870 2357 sermonibus
1899 2302 2178 2357 hominum
2210 2301 2442 2372 agitata}.
2476 2297 2684 2365 Quibus
2738 2303 2925 2350 auctor
2977 2291 3194 2362 quidam
3248 2300 3436 2372 rerum!

209 2394 560 2451 Iudaicarum
589 2397 796 2466 peritus
815 2395 962 2450 addit
992 2395 1126 2466 (46),
1155 2397 1201 2450 si
1224 2395 1425 2450 Kabala
1447 2396 1626 2464 aliqua
1664 2412 1693 2449 a
1717 2399 1920 2451 sanctis
1952 2398 2085 2452 viris
2113 2407 2164 2451 et
2201 2371 2718 2466 prophetisexculta
2750 2400 2803 2446 et
2837 2395 3152 2444 conservata
3189 2383 3277 2448 sit,
3311 2391 3364 2435 et
3392 2371 3438 2434 s'

213 2487 501 2556 Sephiroth
527 2501 634 2556 qua
659 2485 829 2540 forma
856 2501 1000 2540 nunc
1038 2487 1182 2556 pingi
1210 2486 1401 2549 solent,
1432 2502 1555 2540 vere
1579 2487 1781 2541 fuerint
1805 2488 1948 2541 illius
1973 2487 2189 2542 Kabalae
2233 2487 2635 2555 compendium,
2679 2499 2785 2537 non
2815 2482 2961 2535 aliud
2997 2479 3164 2532 fuisse
3191 2476 3309 2544 ejus
3332 2489 3435 2532 .ar-

216 2586 531 2647 gumentum
558 2592 720 2646 quam
755 2576 1052 2631 doctrinam
1087 2578 1270 2647 gratiae
1300 2575 1553 2630 Ecclesia:
1578 2592 1607 2628 a
1643 2576 1752 2630 Deo
1784 2578 2070 2630 revelatam
2106 2597 2116 2630 :
2153 2584 2207 2631 et
2238 2577 2548 2645 Sephiroth,
2579 2573 2824 2645 adjungit
2853 2572 2992 2624 alius
3025 2569 3253 2637 scriptor
3285 2563 3437 2617 Rab-

213 2672 412 2727 binicis
439 2672 605 2729 rebus,
626 2670 871 2726 eruditus
905 2672 1036 2743 (47),
1070 2686 1132 2726 ea
1163 2671 1332 2741 ﬁgura
1362 2671 1527 2740 picta,
1576 2687 1683 2742 qua
1728 2673 1985 2727 delincari
2029 2673 2236 2736 solent,
2272 2671 2526 2726 exhibere
2589 2668 2820 2739 speciem
2874 2663 3118 2732 corporis
3177 2657 3398 2713 humani
3422 2695 3437 2720 ,

215 2761 360 2815 unde
388 2759 543 2814 nobis
565 2754 815 2814 Messiam
844 2775 1043 2830 regem,
1072 2770 1125 2813 et
1152 2760 1423 2814 hominem
1452 2759 1620 2815 Deum
1649 2763 2044 2830 repraesentari,
2080 2763 2235 2830 cujus
2267 2761 2476 2815 divinas
2505 2761 2728 2813 virtutes
2761 2766 2814 2811 et
2845 2755 3204 2826 perfectiones
3237 2751 3291 2804 in
3336 2760 3439 2802 suo

221 2866 395 2922 regno
434 2861 488 2905 et
513 2866 744 2920 persona
769 2850 1194 2904 manifestandas
1222 2852 1532 2904 summatim
1573 2853 1836 2907 contineri
1862 2855 2047 2908 decem
2074 2855 2180 2908 illis
2214 2852 2524 2923 Sephiroth,
2560 2867 2750 2921 nempe
2770 2864 3048 2911 coronam,
3084 2844 3430 2916 sapientiam,

219 2940 626 3010 intelligentiam
657 2954 752 2993 seu
796 2939 1116 3002 bonitatem,
1149 2939 1623 3009 magnificentiam,
1656 2943 2017 3005 severitatem,
2055 2944 2304 3012 gloriam,
2335 2942 2637 3006 victoriam,
2703 2941 3061 3009 majestatcm,
3114 2936 3435 2991 fundamen-

224 3045 365 3101 tum,
408 3050 651 3104 regnum.
689 3033 754 3088 Et
797 3033 1130 3088 Reucblinus
1160 3033 1252 3088 lib.
1285 3047 1323 3087 ιι
1367 3031 1591 3088 Καὸαιω
1629 3051 1646 3088 :
1705 3053 1723 3086 ‹
1756 3035 1977 3105 Antiqui
2008 3033 2238 3100 Hebraei,
2271 3035 2466 3104 inquit,
2521 3043 2631 3089 tres
2678 3032 2808 3087 istas
2845 3047 3127 3101 supremas
3172 3030 3434 3099 Sephiras

233 3134 605 3196 cog-noverunt
637 3126 692 3178 in
730 3134 830 3183 Im
847 3133 946 3212 γης
981 3141 1046 3178 en
1097 3123 1225 3193 sopit
1265 3123 1320 3177 in
1359 3123 1470 3179 Deo
1503 3126 1726 3195 reperiri
1771 3134 2068 3181 comternas
2113 3135 2166 3180 et
2217 3125 2702 3181 consubstantiales
2757 3124 2884 3190 Deo,
2915 3139 3052 3195 quas
3112 3123 3182 3178 ob
3236 3139 3432 3178 vocum

215 3218 550 3290 indigentias
585 3227 695 3270 tres
732 3216 883 3271 luces
922 3225 1274 3277 vocaverunt,
1307 3217 1375 3270 de
1421 3217 1620 3285 quibus
1664 3219 1882 3284 aliquod
1931 3217 2213 3286 vestigium
2247 3217 2509 3272 habemus
2558 3217 2699 3285 apud
2729 3215 3014 3282 Joannem,
3048 3217 3141 3287 qui
3173 3216 3239 3271 de
3259 3215 3437 3270 Verbo

213 3325 421 3367 aeterno
464 3317 690 3364 testatur
723 3322 866 3361 vers.
917 3305 970 3368 9,
1009 3304 1154 3373 quod
1213 3314 1325 3357 erat
1368 3304 1460 3357 lux
1499 3321 1641 3369 vera,
1671 3314 1819 3364 rete.
1849 3304 1979 3360 Post
2013 3307 2128 3361 haec
2172 3316 2349 3361 autem
2413 3307 2698 3361 Reuchlini
2752 3308 2910 3361 verba
2963 3308 3037 3362 ita
3091 3311 3438 3379 prosequitur

216 3400 593 3455 Bartoloccius
622 3396 768 3469 (48):
818 3414 835 3445 ι
864 3392 937 3447 De
973 3393 1056 3447 his
1081 3392 1294 3446 lucibus
1317 3406 1616 3462 earumque
1635 3392 1766 3446 rcali
1793 3392 2145 3450 distinctione
2180 3396 2322 3450 inter
2371 3411 2449 3462 se,
2480 3408 2535 3450 et
2580 3396 2926 3466 processione
2956 3398 3116 3454 unius
3144 3401 3212 3454 ab
3245 3387 3435 3463 aliera,

225 3503 285 3548 et
305 3489 727 3547 identificatione
757 3501 880 3541 cum
903 3483 1143 3540 essentia
1172 3482 1354 3536 divina
1381 3483 1674 3551 conspicue
1707 3492 1761 3537 et
1787 3485 1987 3540 diserte
2015 3488 2126 3557 egit
2148 3487 2499 3542 doctissimus
2522 3489 2808 3558 episcOpus
2835 3488 3182 3546 Marsieensis
3228 3491 3430 3562 Ioseph

214 3585 438 3641 Ciantes
499 3581 552 3632 in
586 3592 686 3632 suo
703 3574 884 3628 libello
914 3572 990 3625 De
1021 3572 1357 3623 sanctissima
1388 3569 1646 3623 Trinitate
1667 3581 1849 3624 contra
1881 3572 2098 3627 Judwos
2120 3614 2132 3628 .
2171 3575 2380 3640 Quibus
2406 3578 2510 3630 rite
2538 3578 2825 3634 intellectis
2874 3581 3134 3650 (loquitur
3162 3583 3228 3638 de
3251 3584 3437 3640 decem

216 3679 330 3734 illis
374 3672 709 3745 Sephiroth),
743 3669 878 3723 nihil
903 3668 1059 3721 video
1085 3666 1137 3719 in
1168 3680 1231 3719 ea
1273 3664 1518 3719 doctrina
1551 3666 1756 3736 aliquid
1807 3679 1996 3723 contra
2048 3684 2237 3724 sanam
2295 3671 2619 3738 doctrinam,
2660 3674 2770 3727 imo
2813 3675 2996 3729 omnia
3043 3689 3283 3731 consona
3317 3693 3443 3735 esse

216 3766 478 3823 Ecclesiae
531 3762 832 3825 catholicae,
871 3766 927 3813 et
957 3772 1080 3812 cum
1106 3757 1171 3810 iis
1204 3771 1324 3825 qua:
1350 3755 1615 3810 docentur
1644 3771 1673 3810 a
1726 3758 1990 3828 theologis
2041 3762 2352 3816 convenire.
2411 3761 2606 3818 Verum
2663 3775 2841 3819 tamen
2869 3774 2971 3832 est,
3015 3767 3157 3837 quod
3193 3771 3442 3826 moderni

218 3863 536 3928 Kabalistze,
579 3875 640 3914 ut
659 3857 934 3929 mysteriis
960 3853 1237 3924 religionis
1267 3852 1592 3908 Christianae
1639 3855 1787 3908 omni
1821 3857 2014 3926 spiritu
2062 3873 2120 3913 se
2149 3870 2444 3930 opponant,
2481 3870 2648 3915 totam
2683 3865 3040 3919 oeconomiam
3083 3863 3436 3938 Sephirarum

215 3955 341 4012 suis
394 3953 552 4006 vanis
589 3947 1158 4011 commentationibus,
1187 3955 1240 4000 et
1261 3946 1566 4000 chimericis
1598 3955 1760 4016 atque
1811 3949 2066 4006 inanibus
2118 3954 2431 4008 nominibus
2492 3957 2760 4020 inficiunt,
2819 3975 2939 4029 qua:
2978 3975 3045 4014 ex
3084 3962 3248 4017 certis
3273 3979 3444 4018 sacrae

226 4045 526 4113 Scriptum
558 4043 711 4104 locis,
762 4041 914 4110 juxta
970 4048 1162 4102 artem,
1205 4054 1369 4109 quam
1431 4040 1812 4094 modernorum
1845 4041 2189 4100 ﬂebrazorum
2239 4045 2526 4103 Kabalistae
2559 4049 2798 4118 tradunt,
2833 4053 3142 4109 eliciuntur.
3179 4075 3197 4106 ι
3236 4055 3436 4111 Verum

221 4136 496 4207 quidquid
525 4135 597 4192 sit
634 4135 700 4189 de
742 4131 1064 4186 Babbinicis
1108 4131 1258 4184 hisce
1302 4129 1513 4201 figuris,
1542 4129 1998 4202 quas'Sephiroth
2032 4151 2128 4190 seu
2158 4134 2435 4206 Sephiras,
2473 4141 2616 4209 quod
2648 4155 2842 4196 nomen
2868 4146 3298 4199 numerationem
3340 4161 3437 4200 seu

221 4241 522 4300 personam
557 4225 850 4298 significat,
887 4233 1103 4289 vocant,
1139 4223 1270 4277 illud
1298 4230 1506 4278 certum
1531 4234 1631 4289 est,
1664 4225 1823 4296 hujus

1859 4229 2008 4283 vocis
2038 4228 2279 4294 Καῦαιιε,
2308 4241 2366 4285 ut
2417 4233 2724 4289 observavit
2746 4235 2982 4292 Joannes
3031 4237 3273 4294 Morinus
3304 4238 3438 4310 (49).

221 4321 494 4391 triplicem
519 4335 640 4375 esse
661 4318 802 4386 apud
829 4315 1104 4370 inferioris
1129 4313 1302 4368 aetatis
1335 4311 1588 4367 Hebraeos
1643 4315 2093 4385 signiﬁcationem
2143 4339 2154 4374 :
2209 4322 2386 4390 primo
2434 4325 2670 4380 sumitur
2721 4340 2819 4396 pro
2868 4327 3267 4395 traditionibus,
3302 4344 3439 4399 quas

219 4426 424 4470 vocare
457 4410 630 4466 solent
686 4409 854 4477 legem
903 4407 1132 4474 oralem,
1175 4419 1295 4474 qua
1345 4403 1600 4459 Talmude
1655 4407 1966 4464 continetur
1995 4410 2412 4482 (50);secundo
2485 4431 2585 4486 pro
2639 4417 2990 4474 rabbinorum
3016 4427 3067 4474 et
3099 4419 3383 4477 doctorum
3409 4438 3437 4476 τι

300 4608 411 4681 (44)
442 4608 521 4663 Ad
552 4609 688 4679 psal.
728 4625 843 4662 LIII.

298 4703 410 4776 (45)
441 4702 698 4786 Hebraiee
725 4687 928 4786 nbapn,
959 4701 1250 4770 Hakabald,
1289 4703 1477 4758 Latine
1506 4705 1742 4758 traditio.

319 4796 407 4862 46)
436 4782 655 4858 Burnet,
686 4782 1007 4866 Archu’olog.
1044 4795 1362 4866 philosoph;
1397 4805 1542 4850 auct.
1581 4795 1770 4849 Kabal.
1812 4795 1921 4850 den:

686 4782 1007 4866 Archu’olog.
1044 4795 1362 4866 philosoph.;
1397 4805 1542 4850 auct.
1581 4795 1770 4849 Kabal.
1812 4795 2004 4851 denua.
2035 4805 2176 4866 part.
2206 4815 2263 4853 ιι.

321 4866 413 4930 47)
441 4867 670 4936 Vitring.
710 4864 892 4919 Οὐδέν.
929 4864 1049 4919 δάε.
1088 4867 1122 4918 Ι.
1151 4883 1197 4928 ι,
1228 4864 1438 4922 dissert.
1465 4867 1520 4933 2,
1555 4866 1631 4920 De
1655 4866 1923 4936 Sephirati

634 4881 670 4936 ς.
710 4864 892 4919 Obser.
929 4864 1049 4919 me.
1088 4867 1122 4918 Ι.
1151 4883 1197 4928 ι,
1228 4864 1438 4922 dissert.
1465 4867 1520 4933 2,
1555 4866 1631 4920 De
1655 4866 1933 4936 Sephiroth
1972 4864 2236 4922 Kubalist.

321 4881 413 4930 ιι)
448 4881 612 4919 vurm
656 4904 670 4917 .
710 4881 892 4919 uaser.
929 4883 1039 4919 δας.
1088 4881 1197 4928 1.1,
1228 4881 1438 4922 dissert.

319 4937 409 5006 48)
445 4935 581 5006 Bibl.
613 4881 858 5000 flabbinq
895 4946 1043 5005 parte
1075 4953 1147 4997 tv.
1183 4952 1303 5006 pag.
1331 4936 1454 4991 252.

320 5005 411 5075 49)
442 5005 673 5059 Exercit.
707 5006 799 5059 lib.
836 5023 894 5065 ιι.
923 5022 1101 5060 exerc.
1136 5006 1189 5068 9,
1226 5021 1341 5075 cap.
1377 5008 1428 5061 5.
1747 5054 1757 5063 .

441 5075 700 5129 Rabbenu
734 5075 1081 5140 Hakkadosc,
1119 5067 1207 5144 qui
1282 5067 1610 5144 tertiporibtis
1639 5075 1899 5130 Antonini
1947 5070 2053 5146 Pii,
2093 5067 2164 5120 Μ-
2214 5069 2437 5130 Aurelii»
2481 5068 2720 5146 L:_Ye!'i.
2756 5072 3126 5146 °l_Comm0di
3160 5075 3450 5146 imperalo‘

215 5140 348 5205 rum
373 5140 512 5199 inter
545 5160 673 5200 suos
706 5148 939 5200 maxime
983 5140 1197 5209 claruit,
1232 5140 1529 5215 priscorum
1569 5147 1871 5215 sapientum
1940 5140 2292 5215 Judaeprum.‘
2339 5148 2398 5215 ut
2443 5141 2670 5215 _ra_b_bi_ni
2729 5142 2981 5215 tradunt.
3013 5140 3295 5202 schedulas
3326 5164 3447 5202 om-

216 5203 347 5276 nes,
393 5215 595 5286 quibus
636 5217 927 5286 memorial
984 5203 1246 5282 iuvandae.
1291 5231 1477 5277 causa.
1513 5203 1648 5286 *Πῖί
1697 5203 1855 5278 ’ἈΤΞΨ
1887 5208 2304 5286 ΠἿἮιΤΙιᾳταεΙι
2336 5206 2553 5262 Scebm‘zl
2592 5207 2700 5286 Pe.
2742 5214 2906 5286 oralis
2932 5203 3032 5286 Alex
3071 5217 3269 5283 scripta
3312 5229 3449 5282 erat,

218 5279 512 5355 diligenter
546 5285 779 5355 collegit,
803 5295 855 5339 et
883 5301 949 5339 ex
982 5279 1045 5340 iis
1105 5288 1248 5340 circa
1317 5301 1488 5339 annos
1512 5283 1722 5355 Domini
1750 5288 1848 5338 189
1886 5293 1939 5335 et
1972 5279 2073 5334 194
2097 5279 2349 5355 volumen
2373 5282 2696 5355 composuit,
2725 5283 2868 5355 quod
2891 5284 2964 5355 ab
2993 5284 3110 5350 ipso
3138 5279 3303 5345 nium
3340 5279 3448 5341 Mi;

218 5349 373 5416 εεηᾶ,
401 5356 501 5409 hoc
530 5364 614 5409 est
647 5349 880 5422 re'petitio
907 5355 1033 5425 legis
1063 5358 1378 5425 inscriptqu
1413 5365 1513 5407 est.
1545 5353 1659 5408 Alia
1685 5350 2175 5425 autenropuscula,
2206 5363 2327 5416 qua:
2365 5363 2394 5401 a
2456 5349 2648 5416 priscis
2688 5353 2951 5425 gbbinis,
3013 5349 3134 5422 post
3160 5357 3448 5411 rabbinum

221 5427 546 5481 Hakkadosc
593 5420 887 5492 composita
943 5420 1097 5487 sunt.
1142 5420 1361 5479 veniunt
1415 5427 1517 5479 sub
1592 5420 2210 5494 nomineMi’scnuyotlr,
2277 5426 2330 5470 et
2370 5420 3060 5494 vocantungraycthotin
3129 5441 3318 5494 nempe
3352 5443 3448 5481 ev-

224 5508 431 5551 tranca:
489 5487 826 5557 traditiones,
891 5512 1121 5565 quarum
1183 5499 1464 5549 lectionem
1523 5511 1626 5548 una
1659 5510 1780 5548 cum
1810 5493 2016 5565 Miscuit
2066 5487 2679 5565 conjunguntniiebrzei.
2716 5487 2920 5565 _'I_‘otum
2962 5505 3140 5549 autem
3193 5487 3333 5550 ist'ud
3359 5497 3450 5564 jus

224 5565 544 5626 Judaicum,
605 5580 702 5618 seu
765 5554 923 5634 legis.
964 5567 1214 5633 repetitio
1280 5567 1492 5637 duabus
1523 5566 1760 5637 partibus
1786 5564 2043 5637 coalescit
2073 5554 2289 5637 μυζὲεηὰ
2319 5567 2380 5637 et.
2401 5554 2678 5637 Cltemara.
2700 5560 3237 5637 _Miscna_est_purus
3264 5575 3316 5619 et
3342 5554 3451 5635 pri-

223 5637 436 5690 marius
469 5641 676 5698 textus,
700 5627 843 5706 guo'
862 5627 1171 5689 summatim
1209 5645 1262 5690 et
1300 5636 1461 5689 veluti
1502 5627 1607 5706 per
1663 5634 2008 5704 aphorismos
2073 5627 2389 5706 hujusmodi
2420 5627 2504 5682 lex
2546 5632 2769 5706 repetita
2804 5647 2896 5706 seu
2921 5634 3014 5706 jus
3038 5627 3449 5690 Iudaicum-ex—

225 5705 468 5760 hibetur.
497 5697 944 5776 mm'G'hemarc‘t
974 5720 1127 5769 vero,
1153 5723 1273 5776 qua:
1329 5706 1401 5759 ita
1462 5697 1604 5760 dicta
1626 5697 1714 5760 est
1757 5716 2012 5776 tanquam
2084 5700 2215 5768 legis
2256 5697 2423 5776 oralis
2473 5697 2752 5776 perfectio,
2785 5697 3055 5776 absolutio
3099 5714 3149 5759 et
3195 5721 3452 5759 consum-

223 5776 422 5840 matio,
456 5782 540 5830 est
589 5775 754 5830 altera
798 5789 943 5844 pars,
1011 5791 1114 5845 qua
1163 5771 1381 5830 Miscme
1445 5777 1608 5830 varia!
1653 5771 2041 5845 exPlicationes
2084 5779 2138 5824 et
2204 5771 2476 5821 variarum
2525 5771 2840 5839 opinionum
2875 5774 3238 5830 discussioncs
3277 5778 3449 5830 conti-
