4058 6450
195 391 304 448 6ἳ5
899 392 984 446 DE
1030 393 1307 450 TITULIS
1347 396 1802 453 PSALMORUM.
1844 430 1911 438 —-—
1952 400 2337 458 ANTONELLI
2380 403 2774 460 PIUEFATIO.
3303 405 3406 460 696

265 505 450 560 XXVI.
485 506 554 561 At
603 523 730 564 vero
779 511 823 565 si
875 528 985 567 rem
1037 524 1201 568 totam
1237 529 1345 583 prae
1383 515 1555 570 oculis
1590 516 1817 585 pOsitam
1856 522 2112 574 attentius
2149 522 2475 587 intueamur,
2517 531 2569 577 et
2599 537 2719 591 quae
2749 523 2801 574 in
2848 519 3019 573 Veteri
3057 518 3410 575 Testamento

193 597 393 664 scripta
423 605 474 650 et
509 612 628 665 qua:
656 600 707 652 in
731 599 898 669 Novo,
922 613 976 657 et
1000 620 1120 673 qua:
1146 621 1178 658 a
1212 606 1511 674 majoribus
1535 617 1752 677 accepta
1780 609 2045 680 nobisque
2075 614 2268 668 tradita
2297 615 2425 677 sint,
2459 614 2771 682 diligentius
2793 614 3222 674 consideremus,
3253 627 3410 669 nemo

191 691 313 756 erit,
332 700 388 744 ut
415 702 562 761 puto,
581 696 671 762 qui
703 696 859 752 facile
889 700 1128 752 animum
1161 714 1317 754 suum
1350 701 1589 767 inducat,
1617 711 1676 754 ut
1705 703 1910 770 credat,
1949 705 2185 775 Moysen,
2212 710 2526 777 prophetas,
2552 719 2711 777 atque
2740 709 2877 762 alios
2905 709 3097 761 veteris
3127 708 3256 774 legis
3294 725 3411 762 ma-

192 781 391 850 gistros
420 792 474 836 et
506 785 790 842 sanctitate
823 798 876 843 et
907 790 1130 844 scientia
1179 800 1496 859 praestantes
1539 793 1773 861 aliquam
1806 806 2008 848 certam
2059 795 2372 866 Scripturas
2405 799 2690 867 allegorice
2724 798 3110 866 ittlcrpz't'lamli
3145 797 3407 851 rationem

191 888 286 927 Seu
323 877 618 932 doctrinam
654 894 684 933 a
715 879 820 931 ῡρυ
851 884 1141 951 accepisse,
1171 900 1290 953 quze
1321 883 1531 938 Kabala
1563 887 1895 941 nominanda
1932 888 2041 954 sit;
2087 889 2178 943 sed
2203 891 2380 958 potius
2405 892 2699 960 generatim
2739 891 2817 944 eis
2861 902 3193 959 cmnpertum
3245 890 3410 944 fuisse

192 963 246 1016 in
290 966 711 1036 simplicioribus
756 988 1034 1028 sacrarum
1081 975 1488 1045 Scripturarum
1525 977 1705 1030 verbis
1739 993 1967 1034 areanos
2011 989 2066 1033 et
2107 981 2453 1036 sublimiores
2499 997 2691 1036 sensus
2727 983 3032 1036 reconditos
3071 997 3211 1045 esse,
3248 996 3406 1049 quos,

189 1069 452 1126 quantum
486 1063 539 1116 in
570 1079 628 1118 se
657 1075 790 1130 erat,
825 1067 1002 1121 rimati
1030 1078 1156 1122 sunt
1200 1077 1363 1138 atque
1407 1072 1882 1141 investigaverunt.
1931 1072 2040 1127 Illis
2075 1084 2252 1128 autem
2295 1090 2402 1129 non
2436 1084 2542 1129 tam
2577 1089 2678 1128 suo
2706 1075 2890 1129 labore
2917 1088 3078 1143 atque
3125 1074 3408 1138 industria,

189 1165 354 1218 quam
392 1168 602 1208 summa
636 1159 1020 1225 omnipotentis
1059 1158 1149 1212 Dei
1192 1161 1518 1230 benignitate
1548 1163 1740 1232 magis,
1779 1163 2066 1232 minusque
2103 1178 2199 1232 pro
2233 1178 2585 1231 personarum
2618 1163 2951 1224 conditione,
2984 1162 3188 1232 Spiritu
3223 1171 3412 1216 sancto

191 1242 470 1308 edocente,
503 1247 595 1314 qui
629 1247 801 1316 spirat
829 1249 917 1300 ubi
952 1249 1083 1308 vult,
1117 1249 1296 1317 aliqua
1325 1251 1556 1304 revelata
1588 1251 1773 1311 fuisse,
1807 1251 1912 1304 alia
1947 1266 2075 1304 vero
2109 1266 2203 1319 per
2239 1267 2434 1304 manus
2469 1251 2873 1320 quodammodo
2904 1253 3178 1318 accepisse
3207 1266 3272 1304 ex
3302 1261 3410 1304 tra-

199 1335 405 1391 ditione
436 1340 724 1408 majorum,
750 1343 842 1411 qui
874 1342 1121 1397 similiter
1145 1345 1381 1399 caelestia
1433 1345 1687 1416 mysteria
1733 1344 1997 1398 velamine
2041 1344 2327 1397 verborum
2372 1345 2638 1397 occultata
2674 1358 2736 1396 ex
2776 1353 2924 1412 parte
2959 1344 3138 1411 aliqua
3175 1343 3406 1396 assecuti

193 1436 342 1481 sunt.
370 1428 636 1484 Caeterum
665 1432 884 1494 intueri,
921 1434 1134 1488 sublato
1163 1435 1449 1500 velamine,
1480 1437 1658 1490 divina
1701 1443 1754 1489 et
1781 1450 2013 1503 superna
2043 1435 2321 1504 mysteria,
2347 1444 2397 1488 et
2423 1435 2678 1504 dispulsis
2711 1435 3000 1501 ﬁgurarum
3039 1433 3298 1498 tenebris,
3321 1449 3408 1486 ar-

192 1535 362 1574 canos
401 1520 801 1591 Scripturarum
835 1540 1027 1580 sensus
1057 1527 1428 1595 introspicere,
1466 1528 1529 1580 ad
1567 1525 1616 1579 id
1649 1536 1860 1594 tempus
1887 1535 2160 1580 servatum
2189 1533 2293 1592 est,
2325 1540 2433 1594 quo
2465 1525 2718 1594 splendor
2743 1524 2940 1588 Patris,
2975 1525 3065 1578 lux
3100 1524 3285 1578 mundi
3309 1538 3407 1593 po-

188 1610 333 1678 pulis
361 1611 664 1679 jacentibus
693 1615 745 1666 in
787 1616 1023 1669 tenebris
1049 1626 1100 1668 et
1126 1617 1316 1669 umbra
1341 1617 1533 1671 mortis
1554 1617 1859 1670 cxoriretur
1889 1616 1939 1668 in
1967 1616 2147 1669 terris.
2177 1613 2293 1668 Huc
2321 1623 2499 1668 autem
2532 1624 2778 1682 spectare
2803 1616 3053 1668 videntur
3084 1615 3246 1666 verba
3267 1611 3409 1682 Apo-

189 1705 316 1759 stoli
350 1705 401 1758 in
435 1702 673 1776 Epistola
708 1709 773 1760 ad
802 1708 1148 1763 Corinthios:
1185 1706 1305 1761 Non
1335 1708 1471 1778 quod
1498 1709 1802 1777 sufﬁcientes
1828 1707 1989 1760 simus
2021 1707 2250 1773 cogitare
2283 1704 2484 1773 aliquid
2515 1720 2578 1757 ea:
2614 1704 2779 1766 nobis,
2818 1707 2969 1774 quasi
3002 1720 3065 1757 ex
3104 1705 3286 1766 nobis;
3322 1704 3411 1756 sed

187 1802 499 1868 sufficientia
531 1812 709 1856 nostra
753 1818 816 1855 ex
851 1802 954 1855 Deo
985 1813 1084 1865 est,
1121 1805 1208 1871 qui
1238 1817 1288 1856 et
1315 1805 1522 1856 idoneos
1548 1819 1638 1855 nos
1675 1802 1794 1871 fecit
1838 1803 2106 1854 ministros
2138 1797 2274 1851 Novi
2308 1797 2642 1854 Testamenti.
2679 1812 2778 1848 non
2828 1796 3005 1848 littera
3025 1837 3038 1858 ,
3068 1795 3154 1848 sed
3181 1795 3407 1863 spiritu:

190 1891 367 1945 littera
390 1894 525 1946 enim
555 1895 764 1959 occidit,
797 1899 1014 1963 spiritus
1044 1913 1218 1953 autem
1251 1899 1474 1967 viviﬁcat
1506 1898 1581 1962 “;
1611 1906 1664 1951 et
1696 1897 1855 1966 paulo
1875 1894 2098 1948 inferius
2125 1913 2138 1948 :
2170 1892 2237 1945 Et
2267 1909 2367 1945 non
2393 1894 2528 1945 sicut
2568 1891 2770 1960 Moyses
2803 1891 3021 1959 ponebat
3061 1890 3292 1944 velamen
3317 1907 3410 1942 su-

188 1995 284 2048 per
309 1982 496 2049 faciem
518 2000 688 2050 suam,
715 1997 770 2039 ut
801 2004 903 2042 non
937 1990 1257 2043 intenderent
1287 1990 1386 2058 filii
1431 1987 1601 2043 Israel
1626 1990 1679 2042 in
1707 1987 1894 2055 [aciem
1935 1986 2069 2054 ejus,
2099 1985 2236 2054 quod
2281 1995 2605 2037 evacuatur:
2634 1985 2722 2036 sed
2754 1983 2924 2035 obtusi
2954 1991 3073 2034 sunt
3111 1997 3292 2035 sensus
3323 1997 3414 2034 eo—

192 2091 332 2128 rum.
367 2075 538 2146 Usque
578 2079 632 2133 in
665 2081 970 2136 hodiernum
1007 2085 1144 2137 enim
1186 2084 1319 2138 diem
1353 2085 1406 2137 id
1439 2085 1607 2153 ipsum
1635 2083 1860 2136 velamen
1885 2082 1940 2133 in
1969 2080 2186 2134 lectione
2221 2078 2417 2132 Veteris
2446 2075 2764 2128 Testamenti
2793 2082 2966 2125 manet
2999 2089 3100 2125 non
3131 2073 3412 2125 revelatum

193 2165 464 2234 (quoniam
487 2168 540 2221 in
564 2167 770 2222 Christo
790 2173 1114 2242 evacuatur),
1139 2175 1227 2226 sed
1257 2190 1415 2241 usque
1445 2174 1495 2225 in
1521 2172 1828 2224 hodiernum
1853 2171 2011 2233 diem,
2041 2186 2158 2221 cum
2183 2169 2377 2237 legitur
2403 2167 2630 2236 Moyses,
2653 2166 2880 2220 velamen
2907 2167 3135 2234 positum
3157 2175 3232 2218 est
3260 2179 3415 2231 super

192 2273 287 2309 cor
310 2274 557 2315 eorum...
598 2261 708 2315 Nos
739 2279 854 2320 vero
881 2281 1056 2319 omnes
1084 2265 1309 2318 revelata
1337 2264 1470 2333 facie
1493 2264 1714 2334 gloriam
1743 2263 1954 2316 Domini
1985 2262 2307 2332 speculantes
2333 2263 2385 2314 in
2413 2262 2647 2316 eamdem
2670 2261 2946 2330 imaginem
2975 2260 3416 2329 transformamur

191 2365 228 2402 α
254 2348 497 2404 claritate
521 2353 572 2405 in
605 2353 921 2418 claritatem,
955 2366 1203 2426 tanquam
1225 2373 1257 2409 a
1294 2355 1508 2409 Domini
1538 2353 1738 2423 Spiritu
1763 2337 1824 2407 "1
1857 2352 1939 2407 Ad
1975 2353 2064 2406 illa
2092 2361 2270 2407 autem
2305 2352 2541 2419 Apostoli
2574 2351 2733 2405 verba
2756 2351 2820 2404 de
2852 2351 3114 2404 velamine
3139 2365 3299 2420 super
3323 2365 3418 2405 cor

193 2441 524 2508 Iudaeorum,
553 2458 674 2496 eum
703 2445 894 2514 legitur
910 2446 1141 2516 Moyses,
1164 2449 1235 2501 ita
1259 2456 1655 2502 commentatur
1671 2447 1930 2514 Origenes
1954 2445 2205 2500 refellens
2226 2445 2440 2498 Celsum
2462 2443 2596 2511 (5-1),
2615 2443 2729 2510 qui,
2752 2439 3060 2494 Judzcorum
3081 2455 3274 2494 sensus
3296 2456 3416 2498 eos-

195 2535 318 2588 dem
347 2550 465 2588 esse
495 2551 557 2589 ac
582 2535 1014 2592 Christianorum
1048 2539 1102 2592 in
1138 2540 1340 2594 sanctis
1370 2539 1663 2608 Scripturis
1695 2537 2134 2604 interpretandis,
2166 2546 2366 2589 temere
2393 2533 2712 2588 allirmabat.
2765 2549 2782 2582 ι
2814 2530 3085 2595 Dicemus,
3119 2534 3312 2603 inquit,
3356 2531 3412 2586 in

195 2627 448 2683 confesso
480 2645 598 2684 esse
618 2631 758 2700 apud
793 2641 1072 2702 utrosque,
1111 2633 1276 2688 libros
1305 2633 1487 2686 divino
1520 2631 1718 2700 Spiritu
1746 2629 1914 2684 fuisse
1955 2629 2219 2698 scriptos;
2251 2631 2316 2684 de
2353 2630 2564 2683 illorum
2593 2640 2770 2685 autem
2810 2631 3065 2685 librorum
3096 2631 3415 2698 interpreta-

199 2719 349 2772 tione
374 2734 474 2773 nos
499 2735 623 2774 cum
653 2719 853 2776 ludatis
877 2723 1186 2777 dissentire.
1218 2723 1424 2790 Quippe
1450 2737 1555 2774 non
1583 2731 1639 2774 ut
1658 2719 1826 2774 Judtei
1854 2721 2102 2785 vivimus,
2136 2735 2499 2789 negamusque
2531 2731 2760 2775 mentem
2781 2723 2911 2791 legis
2937 2722 3200 2777 contineri
3230 2736 3414 2789 sensu,

199 2826 359 2882 quem
382 2812 556 2880 legum
587 2812 760 2867 littera
788 2830 896 2883 prze
918 2832 974 2870 se
991 2815 1110 2868 fert.
1133 2814 1388 2880 Quinimo
1421 2815 1770 2875 allirmamus,
1793 2831 1914 2869 cum
1945 2814 2139 2884 legitur
2165 2812 2395 2885 Moyses,
2424 2814 2665 2868 velamen
2702 2817 2936 2883 positum
2975 2831 3094 2870 esse
3129 2831 3289 2885 super
3323 2831 3420 2870 cor

201 2919 412 2967 eorum,
439 2919 558 2957 eam
587 2903 657 2957 ob
681 2918 926 2966 causam,
955 2905 1083 2973 quia
1113 2905 1246 2975 legis
1279 2904 1528 2960 Mosaicae
1563 2921 1715 2960 IIICIIS
1742 2905 2045 2959 occultatur
2080 2905 2165 2970 iis,
2196 2906 2289 2973 qui
2314 2906 2452 2958 viam
2485 2922 2512 2959 a
2542 2904 2667 2960 .Iesu
2708 2905 2928 2961 Christo
2957 2916 3308 2961 monstratam
3333 2906 3420 2960 iu-

201 2996 349 3067 gredi
380 3004 718 3049 recusarunt.
748 2994 960 3049 Scimus
989 3005 1191 3059 autem,
1223 2998 1439 3067 quando
1479 3013 1536 3052 se
1575 2997 1696 3067 quis
1723 2997 1786 3050 ad
1819 2997 2124 3061 Dominum,
2149 2999 2238 3064 qui
2274 2997 2508 3064 Spiritus
2545 3007 2649 3060 est,
2677 3000 3026 3066 converterit,
3051 2999 3292 3052 velamen
3323 3014 3416 3052 au-

203 3089 353 3152 ferri,
383 3102 615 3155 eumque
637 3096 828 3140 retecta
856 3089 990 3157 facie
1018 3089 1231 3143 Domini
1261 3092 1505 3161 gloriam,
1534 3089 1666 3144 velut
1695 3091 1748 3142 in
1772 3087 2000 3156 speculo,
2032 3088 2226 3140 intueri
2253 3087 2305 3140 in
2337 3089 2442 3142 illis
2476 3091 2747 3150 sensibus,
2776 3106 2913 3158 quos
2944 3089 3118 3143 littera
3138 3091 3270 3159 legis
3289 3090 3417 3143 abs-

203 3179 486 3242 condebat,
510 3189 562 3232 et
579 3179 628 3231 in
652 3194 803 3234 suam
828 3182 996 3250 ipsius
1017 3183 1240 3253 gloriam
1257 3184 1438 3253 gloriae
1459 3183 1655 3238 divinae
1681 3180 1992 3250 participem
2017 3179 2152 3234 ﬁeri.
2181 3178 2312 3234 Nam
2343 3181 2416 3246 id,
2441 3182 2584 3252 quod
2609 3183 2693 3236 hic
2718 3198 2812 3252 per
2831 3184 3053 3251 liguram
3084 3190 3309 3235 vocatur
3339 3181 3420 3250 fa-

203 3274 307 3326 cies
327 3311 342 3335 ,
373 3279 555 3341 aperte
581 3271 821 3340 loquenti
856 3283 938 3329 est
961 3276 1285 3340 intellectus,
1314 3276 1366 3327 in
1401 3291 1510 3344 quo
1544 3282 1626 3329 est
1648 3273 1922 3328 interioris
1955 3272 2189 3329 hominis
2213 3275 2399 3340 lacies,
2421 3291 2560 3344 quae,
2587 3284 2870 3345 perspecto
2894 3290 3021 3328 vero
3040 3275 3213 3344 legum
3233 3289 3418 3337 sensu,

205 3373 317 3420 tota
351 3364 553 3417 lumine
589 3372 644 3417 et
683 3364 853 3433 gloria
880 3358 1202 3436 resplendet.
1237 3389 1255 3420 ι
1311 3367 1672 3434 Quamobrem
1704 3368 1858 3437 juxta
1901 3366 2061 3420 verba
2096 3370 2234 3424 beati
2270 3370 2516 3438 Apostoli
2551 3371 2813 3439 spiritalis
2847 3386 3125 3428 sacrarum
3178 3368 3422 3436 Scriptu-

204 3478 388 3516 rarum
428 3464 794 3532 intelligentia,
829 3470 881 3516 et
914 3460 1247 3516 sublimioris
1287 3461 1501 3515 illarum
1527 3477 1722 3516 sensus
1751 3462 1986 3531 perfecta
2033 3477 2259 3533 prorsus
2293 3473 2454 3530 atque
2495 3461 2741 3516 absoluta
2785 3463 3018 3533 cognitio
3064 3475 3249 3516 revera
3289 3459 3420 3515 solis

208 3557 491 3623 apostolis,
517 3556 830 3624 sanctisque
857 3554 1128 3618 Patribus,
1159 3563 1212 3607 ct
1240 3552 1494 3607 Ecclesize
1524 3553 1616 3608 Dei
1653 3555 1781 3618 vivi,
1811 3570 1930 3622 quae
1961 3563 2044 3608 est
2071 3554 2348 3615 columna,
2381 3564 2429 3605 et
2461 3554 2860 3608 ﬁrmamentum
2893 3554 3136 3608 veritatis
3163 3553 3226 3616 ¹³,
3258 3562 3310 3606 et
3353 3551 3421 3604 ad

208 3663 373 3718 quam
405 3665 471 3702 ex
506 3651 803 3717 apostolica
835 3649 1124 3703 traditione
1157 3648 1476 3706 dimanavit,
1511 3648 1673 3700 tribui
1705 3647 1880 3701 debet.
1912 3647 2043 3700 Nam
2083 3662 2149 3700 ex
2182 3648 2248 3702 iis
2274 3662 2395 3714 qua:
2433 3648 2576 3700 circa
2617 3647 2893 3702 Christum
2929 3648 3218 3702 Dominum
3248 3645 3424 3699 conti-

210 3749 426 3809 gerunt.
460 3755 656 3810 magna
685 3741 776 3794 lux
806 3754 974 3795 sacra:
1005 3737 1317 3806 Scriptum,
1351 3746 1404 3790 ct
1428 3738 1696 3806 praecipue
1725 3738 2058 3808 propheticis
2083 3739 2318 3793 oraculis
2345 3739 2504 3792 allata
2539 3751 2638 3794 est.
2679 3737 2940 3794 Praeterea
2983 3741 3236 3796 Christus
3270 3747 3420 3808 post-

209 3848 372 3902 quam
399 3833 453 3886 in
483 3833 678 3887 coelum
713 3831 972 3892 ascendit,
1003 3829 1260 3899 Spiritum
1299 3838 1566 3889 sanctum,
1591 3843 1750 3898 quem
1799 3829 2121 3898 promiserat
2163 3830 2421 3898 apostolis
2445 3869 2458 3892 ,
2494 3830 2659 3894 misit,
2693 3831 2785 3900 qui
2834 3830 3048 3884 doceret
3075 3845 3170 3884 eos
3204 3843 3421 3884 onmem

208 3927 520 3992 veritatem;
547 3925 667 3979 ideo
689 3925 915 3979 docente
940 3923 1143 3990 Spiritu
1175 3923 1418 3977 veritatis
1442 3924 1724 3991 pervenire
1749 3923 1974 3993 apostoli
2001 3933 2291 3992 potuerunt
2321 3923 2386 3977 ad
2417 3925 2762 3993 allegoricum
2795 3939 2890 3978 seu
2922 3923 3216 3993 spiritalem
3241 3937 3422 3976 sacra-

209 4033 330 4072 rum
375 4016 778 4085 Scripturarum
827 4032 1046 4071 sensum
1085 4015 1511 4086 percipiendum,
1545 4025 1598 4068 et
1638 4031 1704 4070 eo
1753 4017 2055 4085 pertingere
2099 4030 2209 4084 quo
2250 4016 2505 4070 Patribus
2532 4017 2741 4072 \eteris
2776 4015 3101 4072 Testamenti
3127 4022 3181 4069 et
3214 4013 3423 4082 magnis

210 4107 488 4178 prophetis
515 4117 795 4176 penetrare
829 4125 934 4163 non
969 4109 1142 4162 licuit.

285 4195 502 4252 XXVII.
536 4200 916 4268 Apostolorum
952 4202 1117 4270 igitur
1147 4200 1393 4269 exemplo
1418 4201 1700 4260 excitatos.
1725 4214 2022 4267 eorumque
2055 4200 2290 4270 vestigiis
2309 4208 2362 4254 et
2391 4198 2648 4253 doctrina:
2674 4197 2998 4251 inlizerentes
3026 4195 3424 4253 vetustissimos

211 4289 494 4346 orientalis
523 4290 781 4348 Ecclesia:
815 4292 1003 4348 Patres
1040 4295 1266 4363 mystico
1311 4293 1734 4362 Scripturarum,
1782 4293 1962 4347 sensui
1991 4293 2276 4361 aperiendo
2300 4291 2637 4361 potissimum
2679 4290 2973 4352 studuisse,
3009 4287 3164 4341 tidem
3197 4285 3422 4351 faciunt,

213 4391 274 4435 ut
304 4385 553 4451 superius
584 4385 717 4450 dixi,
751 4394 945 4455 praeter
989 4387 1270 4457 Origenem
1303 4396 1356 4441 et
1385 4388 1714 4441 Clementem
1741 4386 2163 4439 Alexandrinum
2202 4387 2431 4456 epistola
2479 4400 2598 4455 qua:
2630 4385 2888 4439 Barnabze
2913 4383 3236 4446 ascribitur;
3265 4379 3423 4434 Com-

213 4475 480 4528 mentaria
514 4476 567 4529 in
588 4489 814 4547 quatuor
838 4477 1124 4547 Evangelia
1154 4479 1437 4549 Theophili
1469 4481 1706 4548 episcopi
1741 4480 2081 4541 Antiocheni,
2130 4480 2211 4533 vel
2246 4478 2468 4534 alterius
2498 4479 2702 4547 antiqui
2743 4476 3044 4544 scriptoris,
3074 4475 3163 4543 qui
3189 4473 3425 4540 Evangeo

214 4563 350 4618 lium
387 4565 613 4635 mystica
647 4565 1090 4636 interpretatione
1118 4571 1372 4638 explicat,
1406 4581 1517 4624 tum
1565 4573 1725 4623 etiam
1755 4569 2014 4624 llebraica
2045 4572 2263 4626 nomina
2291 4587 2411 4639 qua:
2442 4572 2493 4624 in
2527 4568 2676 4622 Novo
2711 4565 3056 4620 Testamento
3083 4567 3426 4620 continentur

213 4656 499 4726 diligenter
522 4658 924 4727 interpretatur,
955 4672 1010 4714 et
1039 4659 1385 4728 allegoricum
1419 4677 1636 4715 sensum
1670 4661 1753 4729 pic
1786 4678 1848 4716 ac
1890 4664 2114 4716 solerter
2143 4663 2398 4732 exponit;
2428 4671 2538 4714 tum
2578 4661 2680 4713 alia
2711 4661 2952 4729 ejusdem
2979 4657 3258 4727 Theophili
3294 4657 3427 4709 alio-

214 4765 451 4818 rumque
486 4757 727 4805 veterum
757 4752 1010 4809 Ecclesiae
1037 4753 1258 4808 Patrum
1283 4757 1543 4824 opuscula
1575 4771 1694 4823 quae
1724 4755 1788 4808 ad
1826 4772 1925 4811 nos
1953 4764 2329 4825 pervenerunt.
2366 4753 2476 4807 Cur
2511 4760 2686 4805 autem
2733 4752 2938 4820 antiqui
2967 4748 3204 4803 Orientis
3243 4747 3427 4802 Patres

216 4842 272 4894 in
303 4842 692 4908 perscrutando
738 4847 965 4913 mystico
999 4862 1093 4898 Seu
1140 4847 1366 4916 spiritali
1413 4847 1815 4914 Scripturarum
1867 4863 2027 4902 sensu
2063 4848 2195 4900 adeo
2223 4846 2504 4913 diligentes
2535 4853 2588 4896 et
2627 4844 2826 4898 assidui
2867 4842 3087 4906 fuerint,
3119 4840 3316 4910 duplici
3363 4856 3425 4894 ex

214 4947 382 4986 causa
418 4934 682 4996 evenisse,
711 4936 962 5004 quisque,
999 4947 1221 4996 utrcor.
1250 4938 1531 5006 judicabit.
1575 4938 1775 5001 Prima,
1817 4940 1943 5009 quia
1978 4939 2286 5007 hujusmodi
2322 4937 2816 5006 interpretationem
2854 4935 3114 5003 aptiorem
3154 4931 3431 4992 existima-

307 5097 344 5127 “
369 5096 411 5150 ll
442 5096 566 5151 Cor.
594 5114 676 5164 ιιι,
701 5098 754 5167 3,
784 5098 835 5154 6.
916 5101 956 5129 "
989 5101 1115 5153 ibid.
1147 5100 1326 5154 15-18.
1407 5101 1449 5130 ¹³
1489 5097 1668 5152 lTim.
1697 5113 1772 5164 nt,
1799 5099 1882 5153 I5.

217 5232 459 5299 collegit,
492 5231 802 5299 librumque
829 5231 1029 5284 Miscna
1051 5231 1302 5296 confecit,
1323 5247 1352 5285 a
1398 5247 1507 5300 quo
1546 5247 1667 5285 cum
1724 5230 1979 5283 Chemaro
2002 5233 2291 5301 conjuncto
2351 5229 2590 5301 Talmud
2612 5232 2971 5301 componitur.
3002 5228 3228 5301 Talmud
3255 5237 3434 5301 autem

220 5303 430 5360 Hebraei
479 5317 634 5370 aeque
683 5317 745 5356 ac
777 5318 1008 5371 sacram
1043 5301 1374 5371 Scripturam
1406 5299 1839 5370 magnifaciunt;
1883 5303 1990 5354 imo
2017 5299 2180 5355 etiam
2221 5301 2530 5371 pra-ferunt.
2574 5300 2667 5354 Est
2703 5313 2877 5355 autem
2916 5300 3050 5354 liber
3082 5299 3272 5371 plenus
3308 5299 3431 5371 ridi-

218 5374 360 5429 t-ulis
407 5379 460 5440 et
523 5368 722 5440 putidis
765 5370 983 5432 fabulis,
1028 5368 1546 5440 superstitionibus,
1590 5373 1938 5438 blasphcmtis
1980 5382 2031 5422 et
2073 5368 2440 5440 impietatibus
2485 5374 2735 5435 refertus,
2784 5383 2840 5424 ut
2869 5371 3058 5424 merito
3089 5369 3288 5440 pl_uries
3316 5368 3437 5440 Iuc-

218 5448 293 5498 rit
357 5458 384 5495 a
431 5437 690 5512 Romanis
739 5437 1110 5510 pontiﬁcibus—
1142 5442 1496 5508 proscriptus,
1565 5453 1614 5494 et
1653 5437 2198 5512 igni_ilatttttatlts,et
2246 5443 2400 5510 longe
2449 5456 2604 5493 antea
2647 5442 2714 5492 ab
2759 5437 3439 5512 imperatoreIustiniano

217 5514 341 5582 cjtts
366 5511 522 5582 lectio
545 5507 781 5564 chrreis
806 5512 1086 5564 interdicta
1107 5513 1317 5564 videtur
1346 5507 1397 5582 in
1439 5512 1644 5564 novella
1676 5507 1820 5582 'llG,
1864 5511 1943 5564 tit.
1979 5511 2051 5563 Dc
2085 5507 2362 5582 IIebrwis;
2393 5512 2568 5582 verbis
2602 5512 2739 5565 illis:
2772 5529 2789 5582 ᾳ
2824 5507 3127 5582 ριιῑῐξῄνριηρ-
3179 5507 3437 5582 Dcutcro-

221 5578 324 5642 sis,
357 5580 513 5651 quasi
552 5581 870 5634 secundat-ia
917 5582 1148 5634 eruditio
1191 5583 1257 5633 ab
1303 5581 1434 5648 ipsis
1466 5582 1682 5643 dicitur,
1725 5580 1775 5632 in
1818 5582 2128 5634 universum
2175 5580 2567 5644 interdicimus,
2599 5593 2657 5632 ut
2697 5581 2788 5649 qui
2840 5580 3010 5634 sacris
3079 5578 3228 5651 libtis'
3285 5592 3435 5651 com:

222 5647 497 5724 prehensa»
517 5666 622 5702 non
651 5653 740 5714 sit,
764 5667 944 5724 neque
993 5653 1222 5719 desuper
1282 5647 1474 5724 tradita
1529 5667 1646 5724 per,
1678 5651 1983 5724 prophetas.
2014 5653 2106 5724 sed
2141 5661 2388 5724 excerpta
2437 5653 2680 5724 quaedam
2716 5647 2968 5706 sitorum
3016 5649 3313 5712 contineat,
3350 5647 3439 5714 qui

225 5719 728 5790 ierrenaduntaxat
763 5721 1070 5786 loquantur,
1110 5738 1279 5788 neque
1309 5723 1600 5790 quidquam
1637 5719 1689 5774 in
1720 5738 1774 5775 sc
1814 5721 1978 5775 divini
2013 5722 2238 5777 habeant
2268 5719 2532 5782 Numinis,
2566 5731 2668 5774 etc.

311 5789 592 5862 βάλοι-ἦε.
620 5802 799 5843 contra
827 5791 960 5844 Cels.
994 5791 1082 5845 lib.
1110 5807 1159 5852 v,
1195 5809 1244 5842 ιι.
1271 5790 1357 5842 60.
