4058 6484
625 419 730 475 627
1480 424 1537 477 S.
1580 422 1948 478 ATHANASII
1982 423 2132 480 OPP.
2177 423 2353 479 PARS
2394 420 2477 477 III.
2517 454 2584 464 —-
2620 422 3024 479 EXEGETICA.
3750 418 3849 475 698

628 532 758 587 bant
786 534 850 588 ad
874 536 1120 591 alendam
1152 538 1385 592 lidelium
1430 539 1682 608 pietatem
1725 548 1780 594 et
1808 540 1977 609 magis
2030 538 2493 594 accommodatam
2526 539 2847 595 Christianae
2877 540 3157 610 religioni,
3194 556 3313 609 qua:
3352 541 3662 595 adoratores
3685 538 3849 606 exigit

625 623 680 676 in
716 625 908 693 spiritu
943 636 996 681 et
1028 629 1280 693 veritate;
1311 638 1423 682 tum
1448 630 1610 683 etiam
1633 630 1759 699 quia
1794 631 2018 684 omnino
2060 630 2423 685 necessariam
2469 644 2591 683 esse
2636 631 2926 684 censebant
2956 639 3161 686 rectam
3207 629 3607 701 Scripturarum
3648 628 3847 683 intelli-

623 720 880 790 gentiam,
926 738 1048 779 cum
1082 725 1329 793 quaedam
1382 725 1438 779 in
1481 723 1658 779 Veteri
1693 725 2044 779 Testamento
2078 734 2391 787 occurrant,
2422 740 2544 794 quae
2580 723 2685 779 nisi
2734 724 2993 792 spiritalis
3036 724 3408 793 interpretatio
3434 723 3761 777 adhibeatur
3791 724 3843 776 in

625 813 919 868 absurdum
956 831 1177 871 sensum
1204 818 1372 888 accipi
1404 827 1651 887 possunt.
1685 819 1865 873 Altera
1904 827 2083 873 autem
2114 819 2255 872 haud
2284 818 2446 871 duhie
2483 832 2545 871 ea
2572 824 2675 878 est,
2710 818 2837 885 quia
2872 832 2967 884 per
2998 817 3048 870 id
3076 825 3289 884 tempus
3314 824 3500 869 exorta
3524 824 3640 868 erat
3672 816 3837 868 haere-

621 902 700 960 sis
732 904 1134 972 Gnosticorum,
1170 910 1263 978 qui
1294 910 1685 963 catholicorum
1722 909 2012 979 magistros
2044 918 2095 962 et
2123 908 2392 969 doctores,
2424 908 2584 960 veluti
2623 907 2786 959 rudes
2819 914 2979 972 atque
3012 904 3290 974 imperitos
3325 905 3692 971 traducentes,
3725 920 3843 975 spe-

624 998 704 1053 cie
719 1000 951 1068 quadam
982 1001 1314 1055 sublimioris
1343 1001 1585 1055 scientiae
1614 1001 1681 1054 ad
1712 1015 1771 1054 se
1800 1000 2109 1054 alliciehant
2132 998 2499 1063 Christianos,
2535 1008 2589 1052 et
2611 998 2766 1050 novis
2794 996 3104 1064 allegoricis
3135 997 3672 1066 interpretationibus
3694 999 3841 1053 adul-

622 1098 862 1145 terantes
886 1089 1219 1159 Scripturas,
1244 1087 1458 1144 fabulas
1492 1105 1621 1144 suas
1668 1104 1765 1158 pro
1802 1102 1940 1141 nova
1978 1088 2213 1156 quadam
2253 1086 2642 1155 reconditaque
2680 1087 2929 1141 doctrina
2969 1087 3345 1150 venditabant,
3374 1097 3428 1141 et
3461 1103 3569 1143 non
3600 1105 3761 1146 secus
3784 1107 3845 1146 ac

624 1182 881 1240 Pharisaei
909 1185 961 1237 in
998 1184 1164 1238 veteri
1205 1183 1320 1253 lege
1362 1198 1576 1237 errores
1617 1199 1747 1238 suos
1790 1198 1853 1237 ac
1884 1182 2237 1236 deliramenta
2287 1180 2711 1249 simplicioribus
2748 1180 3127 1235 obtrudebant.
3159 1178 3409 1235 Profecto
3448 1180 3832 1236 Gnosticorurn

622 1274 844 1330 haeresis
871 1288 902 1327 a
930 1272 1328 1329 Pharisaeorum
1354 1272 1641 1337 fermento,
1672 1288 1701 1327 a
1733 1289 1843 1342 quo
1868 1280 1925 1325 ut
1957 1280 2229 1335 caverent,
2260 1272 2532 1340 apostolos
2563 1272 2776 1326 monuit
2799 1271 3047 1327 Christus
3069 1271 3352 1339 Dominus,
3387 1273 3655 1344 originem
3681 1290 3838 1329 suam

620 1364 871 1421 ducebat.
916 1365 1097 1434 Neque
1118 1366 1261 1420 enim
1305 1365 1686 1420 Gnosticorum
1721 1364 2224 1435 pseudo-theologia
2262 1363 2409 1417 aliud
2435 1372 2573 1429 erat,
2596 1373 2655 1417 ut
2680 1365 2843 1419 etiam
2883 1365 2971 1418 alii
3004 1364 3378 1428 observarunt,
3413 1380 3579 1435 quam
3605 1366 3844 1435 philoso-

622 1460 743 1527 pltia
775 1457 1153 1528 Pythagorica,
1178 1469 1339 1527 atque
1364 1456 1526 1511 etiam
1549 1456 1845 1521 Platonica,
1872 1465 1930 1509 ut
1962 1455 2029 1508 ab
2061 1454 2300 1509 llebraais
2338 1454 2621 1509 kabalistis
2670 1456 2916 1524 exposita
2937 1464 2991 1510 et
3021 1455 3339 1525 interpolata
3367 1466 3473 1523 est,
3509 1466 3563 1511 et
3596 1458 3844 1526 pluribus

625 1552 842 1617 additis,
869 1552 1118 1614 inversis,
1144 1551 1458 1619 amputatis,
1494 1567 1600 1605 non
1633 1565 1823 1620 parum
1858 1549 2162 1603 immutata.
2199 1547 2333 1603 Nam
2380 1548 2694 1604 Judaeorum
2734 1547 2957 1615 Kabala,
2986 1548 3054 1604 de
3089 1564 3195 1619 qua
3231 1549 3386 1619 plura
3413 1550 3665 1619 superius
3699 1550 3839 1617 dixi,

618 1642 1073 1711 quemadmodum
1099 1650 1154 1697 et
1186 1641 1376 1711 primis
1405 1640 1664 1696 Ecclesia:
1692 1640 1906 1695 saeculis
1932 1656 1961 1695 a
1994 1640 2236 1694 rabbinis
2278 1641 2611 1706 tradebatur,
2648 1649 2807 1711 atque
2837 1641 3129 1695 etiamnum
3161 1654 3193 1694 a
3226 1641 3503 1697 nonnullis
3535 1643 3844 1698 rahhinica—

618 1749 737 1788 rum
766 1733 1117 1788 traditionnm
1148 1732 1422 1803 magistris
1456 1732 1685 1786 traditur
1717 1732 1853 1802 (55),
1887 1733 1999 1800 agit
2044 1732 2387 1801 potissimum
2431 1734 2496 1788 de
2534 1749 2716 1788 rerum
2753 1732 2964 1802 origine
2993 1742 3047 1787 et
3080 1733 3312 1796 ratione,
3338 1748 3403 1788 ac
3435 1734 3596 1788 modo
3620 1750 3844 1806 genera-

618 1826 782 1880 tionis
805 1841 897 1880 seu
925 1825 1327 1896 progressionis
1361 1834 1415 1878 et
1448 1822 1626 1877 fluxus
1656 1839 1839 1877 rerum
1882 1839 1913 1877 a
1942 1824 2117 1892 primo
2160 1837 2298 1890 ente,
2329 1837 2381 1881 et
2417 1827 2484 1882 de
2523 1828 2834 1883 earumdem
2873 1842 3053 1882 rerum
3097 1827 3355 1897 gradibus
3393 1827 3772 1899 descensuque
3814 1845 3845 1885 a

618 1920 849 1975 summis
872 1920 936 1973 ad
963 1919 1092 1973 ima.
1126 1916 1244 1973 Non
1277 1927 1457 1972 autem
1485 1916 1752 1972 dissimile
1780 1915 1882 1971 fuit
1922 1917 2196 1974 Gnosticae
2237 1921 2749 1991 pseudo-theologia:
2786 1929 3189 1991 argumentum,
3224 1928 3284 1972 ut
3310 1919 3493 1974 videre
3539 1919 3666 1975 licet
3706 1921 3845 1990 apud

618 2014 880 2066 Irenaeum
909 2019 962 2065 et
991 2010 1134 2080 apud
1161 2008 1548 2079 Epiphanium,
1579 2008 1828 2077 aliosque
1874 2017 2086 2064 veteres
2119 2009 2375 2065 Ecclesiae
2411 2011 2733 2081 'scriptores.
2779 2009 2895 2064 Non
2935 2020 3043 2065 tam
3093 2008 3384 2065 Cnosticos
3427 2026 3592 2081 quam
3636 2021 3843 2068 veteres

615 2103 922 2159 Kabalistas
946 2103 1091 2158 circa
1123 2101 1259 2156 duos
1290 2100 1635 2170 potissimum
1667 2106 1915 2154 versatos
1939 2099 2107 2154 fuisse
2128 2100 2263 2171 (56),
2294 2117 2361 2156 ex
2393 2111 2633 2156 veterum
2670 2102 3045 2171 scriptis,qua:
3068 2101 3135 2155 ad
3159 2115 3260 2155 nos
3281 2110 3664 2170 pervenerunt,
3694 2118 3838 2159 com-

616 2200 841 2269 peritur.
870 2197 1130 2260 Primum,
1157 2205 1217 2249 ut
1243 2194 1508 2249 fabulosis
1538 2192 1654 2247 suis
1680 2193 2005 2247 commentis
2036 2201 2389 2262 exponerent,
2420 2209 2529 2262 quo
2560 2194 2768 2257 ordine,
2803 2202 2858 2248 et
2887 2209 2995 2263 qua
3024 2194 3164 2248 serie
3190 2208 3276 2248 res
3302 2207 3494 2249 omnes
3519 2209 3551 2248 a
3580 2194 3693 2249 Deo
3713 2195 3841 2261 sint,

614 2303 877 2364 tanquam
904 2308 934 2347 a
966 2290 1141 2363 prima
1172 2302 1358 2350 causa,
1395 2301 1517 2355 qua:
1552 2284 1861 2340 necessario
1889 2283 2131 2349 exsistit;
2159 2285 2479 2351 secundum,
2504 2295 2562 2339 ut
2604 2285 2952 2340 ostenderent
2977 2299 3198 2340 causam
3231 2283 3457 2353 primam
3489 2295 3545 2339 et
3573 2287 3837 2357 originem

614 2386 767 2441 mali.
797 2384 953 2450 Quod
986 2384 1053 2439 de
1076 2379 1351 2438 Gnosticis
1378 2377 1666 2431 manifesto
1717 2383 1932 2431 constat
1956 2391 2021 2430 ex
2050 2375 2293 2445 ejusdem
2321 2376 2494 2431 sancti
2524 2374 2710 2431 Irenazi
2741 2376 2894 2431 libris
2931 2375 3191 2429 Adversus
3243 2374 3485 2442 haereses,
3544 2376 3634 2431 ubi
3681 2375 3849 2433 refert

614 2474 765 2545 impii
798 2472 1068 2529 Valentini
1102 2488 1341 2530 errores.
1379 2473 1453 2529 De
1477 2472 1770 2527 Kabalistis
1801 2486 1933 2526 vero
1962 2486 2025 2525 ex
2057 2487 2245 2525 eorum
2279 2472 2433 2527 libris
2470 2473 2565 2541 qui
2599 2472 2666 2526 ad
2698 2489 2799 2528 nos
2830 2482 3212 2542 pervenerunt,
3241 2481 3296 2528 et
3327 2473 3528 2542 quibus
3571 2474 3849 2544 explican-

613 2563 698 2619 dis
724 2578 831 2619 non
860 2565 1035 2619 solum
1072 2564 1173 2633 ipsi
1205 2562 1398 2627 Judaei,
1424 2562 1517 2617 sed
1550 2562 1712 2616 etiam
1750 2560 1918 2631 aliqui
1965 2561 2165 2615 eruditi
2195 2561 2297 2615 viri
2340 2577 2408 2617 ex
2449 2562 2779 2618 Christianis
2806 2563 3062 2619 inanibus
3095 2565 3261 2619 variae
3293 2566 3533 2622 scientia:
3559 2567 3851 2637 promissis

613 2660 844 2729 decepti,
868 2675 936 2714 ex
980 2658 1336 2729 aenigmaticis
1382 2657 1634 2713 sensibus
1667 2671 1730 2711 ac
1772 2656 2058 2727 praestigiis
2097 2656 2245 2711 illusi
2283 2657 2672 2713 allaborarunt.
2705 2656 2956 2713 Profecto
2993 2659 3156 2727 primi
3197 2658 3582 2716 Gnosticorum
3621 2661 3851 2717 haeresis

615 2760 868 2807 auctores
908 2750 1079 2805 Judaei
1117 2750 1356 2817 fuerunt,
1389 2766 1454 2806 ac
1485 2750 1715 2820 proinde
1746 2749 1801 2803 in
1830 2748 2168 2805 kahalisticis
2200 2748 2399 2805 fabulis
2436 2759 2493 2805 et
2524 2749 2908 2819 aenigmatibus
2949 2752 3168 2807 versati.
3197 2752 3383 2821 Itaque
3420 2753 3497 2806 nil
3535 2753 3739 2808 mirum
3765 2765 3849 2809 εει

615 2845 662 2898 si
683 2842 949 2909 Gnostici,
980 2858 1201 2898 suorum
1226 2844 1609 2913 magistrorum
1636 2844 1977 2912 aenigmatica
2009 2842 2258 2897 doctrina
2291 2841 2506 2905 imbuti,
2550 2855 2735 2896 sacras
2778 2840 3088 2912 Scripturas
3114 2842 3497 2913 aenigmatihus
3531 2852 3698 2913 atque
3730 2859 3848 2899 am-

617 2937 840 3008 bagibus
882 2936 1477 3007 verborurn,‘mystieis
1524 2944 1687 3005 atque
1723 2935 1915 2990 alienis
1942 2936 2193 2991 sensibus
2240 2935 2741 3004 interpretarentur,
2765 2943 2820 2989 et
2858 2936 2949 2990 Dei
2977 2935 3214 2991 Verbum
3257 2936 3522 2993 fabulosis
3551 2938 3671 2992 suis
3703 2951 3849 2992 com-

617 3033 814 3087 mentis
838 3041 1272 3101 corrumperent.
1311 3031 1673 3098 Quamobrem
1705 3030 1916 3100 antiqui
1947 3029 2023 3084 illi
2052 3031 2352 3100 primornm
2387 3031 2709 3085 szeculorum
2747 3029 2952 3096 Patres,
2981 3039 3040 3084 ut
3084 3030 3467 3086 Gnosticorum
3510 3032 3843 3102 impietatem

614 3135 670 3179 et
693 3124 978 3179 audaciam
1011 3125 1064 3180 in
1088 3123 1393 3179 adulterina
1418 3137 1482 3177 ac
1513 3136 1769 3192 perversa
1807 3119 1966 3174 Verbi
2001 3119 2096 3175 Dei
2130 3121 2573 3189 interpretatione
2604 3122 2832 3177 rudibus
2860 3137 2924 3176 ac
2956 3121 3294 3190 simplicibus
3320 3124 3659 3180 obtrudenda
3685 3138 3841 3179 coer-

614 3225 820 3283 cerent,
854 3224 911 3272 et
936 3214 1208 3286 pestifera:
1232 3229 1422 3269 eorum
1450 3211 1712 3266 doctrinae
1737 3209 2045 3264 clanculum
2080 3208 2319 3277 serpenti
2350 3209 2565 3264 obviam
2599 3211 2761 3273 irent,
2795 3210 3168 3281 investigando
3195 3212 3538 3282 potissimum
3565 3227 3843 3268 sacrarum

618 3311 1025 3379 Scripturarum
1077 3308 1308 3378 mystico
1355 3303 1539 3361 sensui
1568 3304 1809 3359 studium
1840 3318 2001 3357 omne
2046 3316 2109 3356 ac
2153 3300 2485 3371 diligentiam
2520 3301 2884 3357 adhibuerunt
2919 3310 2973 3357 et
3010 3318 3353 3373 summopere
3382 3314 3667 3368 curarunt,
3697 3303 3843 3375 quod

614 3400 901 3471 pastoralis
921 3414 1111 3456 eorum
1136 3397 1379 3453 muneris
1407 3394 1739 3465 praecipuum
1772 3400 1911 3459 erat,
1944 3400 2004 3446 ut
2038 3390 2440 3461 Scripturarum
2480 3391 2769 3462 allegorica
2806 3406 2969 3447 sensu
3004 3391 3159 3462 juxta
3196 3392 3448 3449 Ecclesiae
3476 3394 3545 3448 ab
3571 3394 3838 3463 apostolis

616 3502 888 3564 acceptam
915 3492 1242 3558 doctrinam,
1273 3500 1326 3546 et
1349 3489 1807 3560 prmdecessorum
1844 3485 2058 3555 regulas
2091 3486 2361 3553 exposito,
2400 3484 2783 3540 Gnosticornm
2812 3486 3134 3540 commentis
3163 3502 3226 3541 ac
3246 3485 3447 3542 fabulis
3468 3487 3734 3557 spiritalis
3762 3490 3847 3543 in-

618 3584 1021 3657 terpretationis
1041 3582 1324 3639 veritatem
1353 3586 1708 3649 opponerent.
1738 3576 1869 3643 Quae
1894 3590 2019 3631 cum
2046 3577 2118 3629 ita
2144 3575 2275 3640 sint,
2307 3585 2366 3629 ut
2394 3577 2583 3645 paucis
2618 3575 2964 3640 concludam,
2992 3579 3263 3633 neminem
3297 3593 3418 3634 esse
3440 3589 3592 3648 puto,
3616 3581 3711 3650 qui
3741 3595 3849 3636 non

617 3678 902 3749 intelligat,
930 3675 1349 3746 explicationem
1382 3671 1772 3728 Hebraicorum
1810 3669 2097 3725 nominum
2135 3678 2189 3725 et
2220 3670 2565 3739 allegoricam
2600 3669 3002 3740 Scripturarum
3042 3672 3537 3743 interpretationem
3572 3684 3628 3729 et
3651 3677 3843 3745 patriae

614 3780 778 3839 atque
822 3766 1073 3822 instituto
1120 3763 1428 3830 Athanasii,
1464 3772 1577 3817 tum
1627 3761 1790 3816 etiam
1822 3762 1942 3831 ejus
1976 3760 2122 3814 aetati
2150 3774 2214 3814 ac
2237 3758 2498 3813 doctrinae.
2540 3760 2833 3814 admodum
2880 3772 3301 3818 consentaneam
3333 3780 3473 3829 esse,
3512 3768 3848 3839 minimeque

614 3860 915 3916 adversari.

684 3953 919 4007 XXVIII.
962 3952 1162 4008 Verum
1208 3966 1303 4020 per
1341 3948 1529 4003 eadem
1570 3956 1834 4016 tempora,
1891 3944 2091 4016 quibus
2132 3944 2329 4000 claruit
2371 3943 2729 4011 Athanasius,
2779 3957 2968 4003 exorta
3022 3951 3176 4021 impii
3220 3952 3333 4007 Arii
3372 3953 3589 4020 haeresi,
3632 3970 3855 4011 necesse

616 4052 720 4106 fuit
754 4049 1066 4105 accuratius
1108 4046 1397 4101 litteralem
1455 4043 1860 4113 Scripturarum
1908 4057 2130 4098 sensum
2174 4049 2430 4097 excutere
2477 4049 2640 4111 atque
2682 4042 2996 4113 explicare;
3026 4047 3284 4115 quoniam
3315 4048 3500 4102 Ariani
3536 4059 3854 4103 contexzum

615 4144 1023 4212 Scripturarum
1078 4141 1301 4196 subdole
1352 4142 1826 4211 interpungentes,
1879 4139 1965 4193 vel
2008 4139 2115 4193 vim
2172 4139 2464 4194 verborum
2522 4148 2698 4194 astute
2748 4154 2812 4193 ac
2855 4141 3124 4195 subtiliter
3167 4152 3524 4211 exponentes,
3568 4159 3854 4199 sacrarum

616 4234 1023 4305 Scripturarum
1056 4235 1380 4293 auctoritate
1411 4234 1476 4287 ad
1505 4248 1618 4287 suae
1648 4232 1941 4303 impietatis
1980 4232 2448 4287 confirmationem
2498 4232 2883 4287 abutebantur.
2922 4232 3109 4303 Itaque
3139 4235 3293 4290 novis
3330 4235 3562 4289 subinde
3588 4252 3858 4291 enascen-

615 4328 763 4382 tibus
788 4326 1090 4389 erroribus,
1140 4333 1197 4378 et
1228 4325 1367 4378 inter
1422 4323 1765 4377 Christianos
1818 4323 2202 4377 effervescente
2260 4322 2649 4392 disputatione,
2733 4338 2857 4377 eum
2911 4323 3001 4377 alii
3054 4338 3153 4393 pro
3213 4326 3456 4387 veritate,
3509 4325 3602 4378 alii
3665 4337 3856 4380 contra

612 4426 843 4482 starent,
884 4427 938 4470 et
985 4416 1199 4485 utrique
1253 4416 1305 4468 in
1358 4414 1610 4467 humanis
1652 4414 1991 4485 disciplinis,
2035 4424 2090 4468 et
2142 4415 2424 4470 dialectica
2472 4414 2761 4482 facultate,
2799 4426 2854 4472 et
2902 4415 3307 4487 Scripturarum
3339 4418 3571 4472 lectione
3609 4420 3857 4488 apprime

613 4511 814 4566 versati
856 4517 1060 4574 essent,
1107 4516 1470 4576 accurateque
1513 4506 1791 4575 proprium
1843 4505 2249 4577 Scripturarum
2288 4524 2513 4563 sensum
2565 4510 2630 4564 ad
2679 4512 3049 4581 grammaticae
3090 4512 3234 4581 leges
3272 4513 3638 4582 expenderent
3690 4524 3856 4584 atque

614 4606 914 4674 exigerent,
945 4602 999 4655 in
1026 4616 1190 4656 causa
1228 4598 1333 4654 fuit
1372 4615 1471 4655 cur
1508 4599 1724 4663 deinde,
1764 4598 2150 4668 disputationis
2201 4600 2526 4655 necessitate
2558 4602 2839 4669 suadente,
2872 4603 3122 4658 litteralis
3149 4602 3556 4674 Scripturarum
3581 4607 3855 4673 expositio

616 4713 715 4751 usu
744 4704 959 4763 recepta
993 4694 1049 4747 in
1078 4692 1298 4747 Oriente
1330 4694 1422 4758 sit,
1450 4692 1502 4745 in
1535 4706 1641 4761 qua
1667 4690 1805 4745 inter
1841 4691 2141 4746 catholicos
2188 4692 2438 4749 doctores
2462 4694 2805 4750 excelluit.S.
2841 4694 3079 4751 Joannes
3106 4696 3553 4768 Chrysostomns.
3592 4695 3758 4759 Nam.
3796 4708 3855 4751 ut

614 4788 894 4843 memoriae
928 4788 1183 4842 traditum
1211 4796 1295 4841 est
1326 4787 1462 4856 (57),
1494 4797 1547 4841 et
1570 4786 1791 4840 Patrum
1817 4787 2020 4856 scripta
2048 4802 2171 4855 quae
2194 4786 2261 4841 ad
2293 4805 2392 4844 nos
2430 4791 2753 4847 transmissa
2789 4802 2937 4856 sunt,
2966 4792 3279 4859 ostendunt,
3312 4793 3365 4847 in
3403 4793 3621 4847 litterali
3658 4809 3844 4849 sacra-

624 4895 745 4935 rum
776 4878 1180 4949 Scripturarum
1224 4879 1665 4947 interpretatione
1692 4878 1927 4933 maxime
1955 4877 2139 4932 floruit
2168 4879 2356 4933 schola
2382 4879 2741 4937 Antiochena.
2780 4881 3058 4953 Siquidem
3092 4882 3357 4939 Eusebius
3404 4883 3713 4946 Emisenns.
3753 4888 3845 4955 qni

617 4975 905 5046 magistros
937 4974 1124 5027 habuit
1162 4972 1532 5041 Patrophilum
1578 4970 2087 5041 Scythopolitanum
2115 4981 2166 5026 et
2207 4972 2501 5028 Eusebium
2546 4973 2956 5041 Caesariensem,
2986 4978 3284 5033 Antiochiae
3324 4979 3416 5033 diu
3464 4991 3712 5035 versatus
3747 4991 3851 5047 est,

615 5074 798 5142 ibique
870 5074 1056 5136 etiam,
1106 5081 1164 5124 ut
1210 5079 1360 5139 puto,
1401 5068 1608 5131 docuit,
1662 5066 2002 5121 familiariter
2043 5083 2176 5123 usus
2229 5067 2543 5139 Euphronio
2568 5084 2621 5125 et
2664 5071 2888 5127 Flacillo
2929 5073 3174 5142 ejusdem
3221 5074 3372 5129 urbis
3412 5075 3686 5145 episcopis
3718 5077 3853 5147 (58).

617 5163 878 5231 Exemplo
908 5173 1087 5215 autem
1123 5171 1175 5215 et
1206 5160 1549 5215 institutione
1581 5158 1800 5213 Eusebii
1828 5159 2136 5223 historiam,
2160 5160 2265 5214 hoc
2300 5175 2385 5216 est
2416 5177 2636 5217 sensum
2668 5164 2956 5218 litteralem
2988 5166 3083 5234 (ita
3113 5166 3255 5219 enim
3290 5166 3631 5236 intelligenda
3664 5166 3853 5222 viden-

621 5265 712 5309 tur
755 5255 919 5309 verba
970 5252 1302 5325 Hieronymi,
1350 5272 1472 5323 qua:
1505 5253 1731 5308 inferius
1772 5254 2040 5325 all'eram),
2085 5254 2330 5311 studiose
2366 5268 2689 5326 prosecutus
2718 5267 2803 5314 est
2840 5257 3106 5313 Diodorus
3148 5256 3454 5327 Tarsensis,
3488 5260 3751 5329 magister
3795 5260 3851 5313 S.

625 5347 853 5404 Joannis
882 5349 1280 5418 Chrysostomi,
1316 5348 1587 5404 Theodori
1610 5348 1999 5419 Mopsuesteni,
2029 5350 2247 5404 Maximi
2274 5351 2658 5419 Seleuciensis,
2695 5364 2747 5408 et
2770 5352 3000 5409 Nestorii
3034 5352 3440 5424 (59-60),quem
3462 5361 3643 5406 tamen
3673 5352 3855 5423 potius

688 5532 802 5600 (55)
826 5533 1057 5603 Bnrnet.
1090 5532 1416 5603 drclrrrolog.
1449 5532 1640 5601 philos.
1671 5546 1719 5586 c.
1750 5533 1802 5585 '7.

685 5602 797 5668 (56)
823 5602 1032 5671 Vitring
1083 5602 1295 5656 Observ.
1327 5620 1487 5669 sarr.,
1512 5605 1731 5658 dissert.
1761 5620 1822 5667 II,
1853 5604 1945 5655 lin.
1977 5620 2014 5668 I,
2054 5603 2175 5665 ολ,
2221 5603 2273 5656 in
2309 5611 2420 5653 not.

688 5673 802 5742 (.37)
833 5672 988 5727 Socr.
1024 5672 1163 5726 Hist.
1203 5675 1327 5727 eccl.
1366 5674 1455 5726 lib.
1490 5690 1551 5738 II,
1583 5690 1631 5726 c.
1666 5673 1717 5725 9.

833 5744 1050 5796 Sozom.
1090 5744 1230 5797 Hist.
1264 5742 1415 5805 βαίη
1449 5744 1541 5797 lib.
1572 5759 1653 5804 ιιι,
1678 5760 1725 5796 c.
1751 5741 1816 5809 6;
1851 5743 1998 5797 Socr.
2035 5741 2177 5797 Hist.
2208 5756 2290 5795 ecc

1120 5744 1230 5797 list.
1264 5742 1415 5805 βαίη
1449 5744 1541 5797 lib.
1572 5759 1653 5804 ιιι,
1678 5760 1725 5796 c.
1751 5741 1816 5809 6;
1851 5743 1998 5797 Socr.
2035 5741 2177 5797 Hist.
2208 5741 2358 5802 εδει,
2396 5739 2471 5792 lil)
2503 5754 2581 5812 \'t._
2605 5756 2650 5791 c.
2690 5740 2722 5793 5

692 5809 906 5881 (59460)
934 5817 1151 5868 Sozom.
1185 5814 1324 5867 Hist.
1364 5814 1515 5876 βοείη
1557 5814 1651 5867 lib.
1686 5829 1806 5879 vm,
1832 5830 1882 5868 e.
1916 5813 1981 5877 2;
2024 5812 2178 5867 Socr.
2215 5812 2308 5865 lih.
2350 5827 2445 5872 vn,
2482 5824 2529 5861 c.
2555 5809 2642 5862 ‘29.
