4058 6448
221 377 326 433 629
923 379 1008 433 DE
1048 379 1322 435 TlTULlS
1361 375 1813 433 PSALMORUM.
1855 406 1926 416 —
1958 375 2344 432 ANTONELLI
2385 375 2768 432 PREFATIO.
3333 379 3435 435 630

218 491 586 560 Theodorum,
613 509 641 547 a
671 510 778 558 quo
802 496 962 550 etiam
990 513 1234 552 errorum
1260 512 1482 552 suorum
1524 499 1677 551 virus
1724 495 1927 560 hausit,
1961 496 2041 550 vel
2076 503 2220 551 certe
2255 506 2544 566 utrumque
2585 497 2858 551 audivisse
2888 496 3233 552 crediderim.
3271 499 3435 554 .Ioan-

216 600 315 641 nes
363 586 581 652 quidem
638 586 1060 656 Chrysostomus
1104 605 1132 643 a
1185 588 1244 644 Β.
1278 588 1607 659 liieronymo
1655 597 1884 642 vocatur
1943 589 2052 657 (6|)
2105 605 2124 638 ι
2167 587 2381 642 Eusebii
2437 587 2700 650 Emiseni,
2741 586 3070 657 Diodorique
3114 598 3369 643 sectator.
3413 607 3434 642 ι

215 677 561 732 Theodorum
595 694 722 733 vero
755 679 1188 748 Mopsuestenum
1232 682 1568 751 inauspicato
1617 682 1940 750 magistrum
1986 681 2176 735 habuit
2220 680 2592 736 Theodoretus
2630 680 2916 750 episcopus
2945 681 3092 750 Cyri,
3135 682 3226 751 qui
3280 692 3332 736 et
3380 681 3435 736 S.

213 766 476 823 Joannem
512 771 958 841 Chrysostomum
992 773 1217 834 audii-it,
1250 773 1476 840 ejusque
1508 771 1870 840 eloquentiam
1905 772 2144 826 imitatus
2168 781 2251 827 est
2287 790 2301 837 ;
2331 773 2612 827 amborum
2655 781 2831 825 autem
2878 773 3191 827 meminisse
3233 774 3442 828 videtur

214 867 269 919 in
299 865 611 935 praefatione
642 883 862 922 suorum
900 869 1412 923 commentariorum
1446 870 1512 920 ad
1540 867 1805 937 Epistolas
1831 868 2009 932 Pauli,
2039 869 2130 922 ubi
2158 869 2230 923 ait
2265 889 2276 923 :
2316 890 2332 916 ι
2359 868 2462 923 Sed
2494 869 2723 924 fortasse
2745 885 2828 924 me
2858 872 3177 937 arrogattlia'
3200 881 3250 924 et
3277 881 3443 926 teme—

215 962 393 1016 ritatis
417 963 770 1027 accusabunt,
803 963 948 1032 quod
977 973 1093 1032 post
1124 965 1268 1018 hunc
1295 973 1347 1018 et
1379 963 1552 1025 illum,
1584 964 1676 1032 qui
1709 964 1878 1017 totius
1920 963 2068 1016 orbis
2101 972 2229 1017 sunt
2276 963 2504 1025 lumina,
2541 964 2771 1016 audeam
2799 965 3150 1032 apostolicam
3179 964 3443 1034 interpre-

213 1057 469 1110 tationem
505 1058 737 1126 aggredi.
781 1058 918 1111 Ἀλλ’
942 1059 1226 1121 αὐθαδείας
1265 1076 1329 1129 με
1359 1060 1539 1128 τυχὸν,
1571 1059 1663 1112 καὶ
1696 1057 2030 1129 θρασύτητος
2057 1059 2378 1129 γράψονται,
2411 1059 2545 1128 μετὰ
2568 1059 2656 1110 τὸν
2675 1058 2821 1110 δεῖνα
2852 1059 2974 1120 τοὺς
3000 1058 3098 1126 τῆς
3123 1057 3445 1127 οἰκουμένης

213 1150 524 1219 φωστῆρας,
553 1151 652 1220 τῆς
673 1151 1032 1222 ἀποστολικῆς
1061 1152 1354 1222 ἑρμηνείας
1385 1152 1806 1221 κατατολμῶντα

1867 1150 1932 1205 Et
1980 1151 2249 1205 Theodori
2296 1150 2512 1219 quidem
2556 1150 2898 1218 Mopsuestia;
2931 1150 3189 1218 episcopi,
3237 1158 3290 1203 et
3323 1165 3444 1206 ma-

213 1239 370 1308 gistri
409 1242 490 1294 sui
525 1257 739 1296 errores
763 1243 924 1295 etiam
961 1243 1179 1312 scriptis
1203 1243 1464 1298 adversus
1491 1242 1547 1296 S.
1578 1243 1842 1314 Cyrillum
1879 1243 2074 1296 libellis
2116 1241 2403 1296 infeliciter
2435 1250 2639 1296 tutatus
2664 1249 2767 1300 est,
2799 1240 3160 1307 laudibusque
3189 1240 3439 1294 immodi-

213 1330 294 1385 cis
321 1333 371 1384 in
401 1348 494 1386 sua
533 1333 903 1388 Ecclesiastica
928 1335 1150 1388 historia
1175 1336 1388 1389 ornavit
1413 1335 1548 1401 (62).
1583 1335 1655 1388 De
1689 1334 1922 1388 Diodoro
1953 1345 2129 1388 autem
2168 1333 2424 1388 Tarsensi
2456 1335 2570 1388 htec
2604 1333 2879 1388 memoriae
2921 1333 3140 1387 tradidit
3174 1331 3440 1402 Hierony-

215 1438 340 1479 mus
377 1424 486 1495 (65)
517 1444 528 1478 :
575 1446 591 1476 ε
637 1426 864 1482 Exstant
903 1427 1020 1496 ejus
1051 1428 1103 1481 in
1129 1428 1440 1496 Apostolum
1466 1429 1864 1488 commentarii.
1897 1438 1948 1482 et
1975 1427 2141 1480 multa
2173 1427 2274 1479 alia
2314 1426 2378 1478 ad
2418 1425 2634 1480 Eusebii
2677 1425 2848 1494 magis
2883 1423 3120 1478 Emiscni
3165 1426 3444 1478 characte-

211 1533 324 1572 rem
351 1519 670 1585 pertinentia
705 1542 714 1574 :
745 1521 902 1590 cujus
951 1538 1075 1576 cum
1121 1538 1338 1576 sensum
1383 1530 1600 1574 secutus
1645 1520 1733 1581 sit,
1771 1520 2134 1589 eloquentiam
2182 1518 2382 1570 imitari
2428 1533 2537 1570 non
2582 1519 2751 1587 potuit
2791 1529 3013 1586 propter
3069 1514 3436 1584 ignorantiam

209 1613 553 1668 saecularium
603 1615 925 1669 litterarum.
967 1635 984 1666 ι
1019 1615 1152 1669 Cum
1187 1615 1508 1686 Hieronymo
1548 1618 1894 1670 consentiunt
1926 1615 2179 1668 Socrates
2226 1614 2362 1683 (Gl),
2418 1629 2481 1668 ac
2529 1613 2865 1668 Sozomenus
2914 1615 3048 1683 (65),
3077 1629 3308 1682 quorum
3334 1612 3446 1681 pri-

211 1721 335 1759 mus
375 1722 385 1756 :
432 1722 451 1754 ‹
500 1703 789 1770 Diodorus,
832 1725 849 1757 ι
888 1707 1080 1776 inquit,
1115 1726 1133 1756 ι
1161 1707 1226 1760 ad
1261 1707 1626 1774 episcopatum
1652 1703 1804 1760 Tarsi
1839 1714 2120 1774 promotus
2146 1704 2344 1758 multos
2381 1705 2706 1772 conscripsit
2735 1705 2923 1766 libros,
2963 1703 3263 1772 simplicem
3305 1701 3444 1754 dun-

209 1804 377 1862 taxat,
407 1806 569 1866 atque
597 1797 815 1852 obvium
843 1798 1244 1868 Scripturarum
1269 1815 1486 1854 sensqu
1515 1799 1815 1868 inquirens,
1845 1799 2190 1864 allegoricam
2211 1813 2340 1851 vero
2358 1813 2543 1850 earum
2571 1797 3068 1864 interpretationem
3095 1794 3388 1865 refugiens.
3422 1813 3439 1846 r

207 1891 467 1963 Διόδωρος
489 1893 544 1945 δὲ
569 1893 862 1958 ἐπίσκοπος
895 1895 1107 1966 Ταρσοῦ
1135 1895 1422 1964 γενόμενος
1454 1895 1622 1948 πολλὰ
1658 1894 1834 1963 βιϐλία
1869 1893 2192 1965 συνέγραψε,
2223 1891 2363 1962 ψιλῷ
2406 1891 2483 1959 τῷ
2521 1892 2804 1961 γράμματι
2833 1891 2939 1942 τῶν
2970 1891 3127 1942 θείων
3163 1889 3443 1961 προσέχων

208 1985 460 2054 Γραφῶν,
489 1988 587 2050 τὰς
611 1988 840 2058 θεωρίας
859 1990 1036 2044 αὐτῶν
1064 1991 1482 2059 ἐκτρεπόμενος.
1519 1990 1669 2043 Alter
1695 2005 1810 2043 vert

1851 2004 1955 2042 non
1991 1988 2261 2044 absimilia
2285 1987 2507 2042 tradidit
2535 1988 2780 2042 scribens
2814 2005 2826 2039 :
2859 2006 2876 2037 ε
2910 1987 3226 2048 Diodorum,
3257 1986 3349 2054 qui
3391 1993 3443 2038 et

211 2076 498 2133 Tarsensis
542 2080 798 2135 Ecclesiae
843 2083 1130 2150 episcopus
1173 2081 1294 2145 fuit,
1343 2083 1563 2144 multos,
1603 2080 1807 2146 audivi,
1858 2081 2022 2136 libros
2064 2080 2296 2150 posteris
2344 2080 2577 2148 scriptos
2624 2080 2943 2148 reliquisse,
2989 2090 3044 2133 ct
3087 2094 3240 2135 sacra
3288 2078 3442 2132 volu-

206 2175 357 2228 mina
379 2175 444 2228 ad
473 2175 706 2231 litteram
731 2178 1073 2247 exposuisse,
1097 2178 1392 2247 repudiatis
1414 2177 1709 2245 allegoriis.
1742 2179 1808 2228 Διι

1843 2176 2004 2247 δωρον
2023 2177 2112 2229 τὸν
2139 2177 2484 2246 ἡγησάμενον
2508 2176 2604 2244 τῆς
2628 2177 2683 2227 ὲν
2708 2175 2905 2246 Ταρσῷ
2928 2174 3219 2243 ἐκκλησίας
3236 2190 3249 2206 ⁸
3273 2175 3300 2226 ὃ
3323 2176 3445 2227 ἐπυ-

206 2267 380 2338 θόμην
415 2269 558 2322 ἰδίων
591 2270 1034 2341 συγγραμμάτων
1066 2271 1267 2333 πολλὰς
1301 2270 1618 2324 καταλιπεῖν
1669 2269 1881 2338 βίϐλους
1902 2286 1914 2298 ’
1952 2270 2077 2339 περὶ
2121 2269 2175 2321 δὲ
2227 2269 2288 2320 τὸ
2319 2268 2478 2340 ῥητὸν
2512 2267 2617 2320 τῶν
2651 2267 2810 2338 ἱερῶν
2839 2268 3012 2336 λόγων
3042 2269 3137 2331 τὰς
3161 2269 3446 2339 ἐξηγήσεις

206 2361 556 2430 ποιήσασθαι,
575 2360 671 2424 τὰς
699 2362 930 2432 θεωρίας
959 2363 1352 2432 ἀποφεύγοντα.
1379 2363 1520 2428 Quin
1553 2362 1714 2416 etiam
1743 2378 1808 2416 eu

1841 2363 1994 2416 adem
2044 2362 2338 2416 Diodorum
2369 2361 2531 2416 refert
2565 2360 2757 2415 Suidas
2789 2361 2902 2432 (66)
2933 2362 3072 2416 inter
3100 2361 3234 2416 alios
3264 2362 3443 2429 plures

205 2451 404 2505 librum
429 2453 822 2521 composuisse,
855 2455 942 2508 cui
975 2455 1119 2508 hunc
1151 2455 1362 2508 titulum
1403 2454 1566 2508 fecit:
1601 2455 1697 2517 Τίς
1726 2454 1807 2508 δια

1843 2453 1961 2525 >ορὰ
1992 2453 2223 2525 θεωρίας
2260 2453 2355 2506 καὶ
2386 2453 2752 2524 ἀλληγορίαςς
2787 2471 2805 2504 ‹
2843 2451 2972 2518 Quae
3027 2452 3328 2506 differentia
3373 2452 3445 2507 sit

205 2547 348 2601 inter
383 2548 649 2602 theoriam
691 2557 744 2603 et
780 2550 1093 2620 allegoriam
1125 2553 1147 2605 ?
1188 2571 1203 2601 ι
1241 2550 1524 2619 Ludolpho
1562 2549 1816 2612 Kustero,
1858 2551 1952 2619 qui
1986 2549 2370 2603 nitidissimam
2429 2547 2609 2602 Suida:
2636 2550 2930 2604 editionem
2960 2549 3264 2613 adornavit,
3301 2561 3444 2617 aqua

206 2643 394 2707 hieret,
427 2659 527 2698 nec
569 2643 726 2699 facile
755 2660 814 2699 se
842 2645 1057 2714 expedit
1085 2646 1138 2698 in
1172 2643 1505 2708 assignaudo
1533 2641 1852 2696 discrimine
1883 2643 2025 2695 inter
2069 2640 2334 2695 theoriam
2378 2647 2432 2692 et
2463 2640 2798 2710 allegoriam.
2839 2640 2896 2694 In
2937 2643 3082 2697 notis
3116 2643 3282 2707 enim,
3319 2643 3446 2710 qui-

205 2735 310 2790 bus
353 2733 530 2790 Suidae
564 2752 702 2806 opus
735 2737 1045 2799 illustravit,
1085 2738 1148 2791 ad
1182 2736 1342 2790 verba
1384 2736 1473 2788 illa
1524 2733 1706 2789 Suidae
1755 2734 1881 2788 talia
1924 2733 2157 2788 scribit:
2211 2752 2228 2782 ‹
2267 2733 2497 2804 Θεωρία,
2534 2735 2741 2788 theoria
2777 2735 2938 2802 igitur
2985 2736 3112 2802 quid
3145 2735 3433 2805 signiﬁcet,

204 2830 335 2884 hinc
369 2839 534 2897 patet.
571 2832 653 2886 Ab
683 2847 745 2886 ea
786 2831 965 2885 differt
998 2831 1274 2899 allegoria,
1318 2829 1462 2898 quod
1501 2829 1615 2882 haec
1657 2830 1710 2881 in
1757 2827 2107 2882 inferioribus
2153 2827 2437 2890 subsistat,
2477 2845 2578 2883 nec
2608 2829 2661 2881 in
2708 2838 2815 2880 tam
2857 2828 3076 2880 sublimi
3124 2837 3445 2899 argumento

201 2937 454 2982 versetur
486 2942 650 2997 quam
685 2928 893 2982 theoria
931 2947 942 2982 :
980 2943 1100 2996 quae
1143 2927 1286 2982 ratio
1313 2936 1416 2990 est,
1458 2942 1630 2996 quare
1661 2927 1952 2987 Diodorus,
1996 2933 2057 2978 ut
2093 2924 2295 2979 Suidas
2327 2926 2413 2980 hic
2448 2934 2699 2990 testatur,
2725 2925 2790 2978 de
2825 2925 3125 2978 differentia
3151 2925 3372 2979 theoriae
3394 2934 3447 2978 et

203 3021 476 3091 allegoriae
510 3021 810 3089 scripserit.
852 3039 869 3071 ›
908 3020 1020 3090 Ego
1063 3035 1191 3074 vero
1229 3022 1482 3076 mendqu
1515 3030 1643 3090 puto
1683 3035 1802 3075 esse

1839 3020 1885 3072 in
1933 3026 2102 3078 textu,
2140 3025 2191 3069 et
2225 3031 2324 3084 pro
2358 3016 2587 3086 θεωρίας
2630 3031 2723 3070 seu
2773 3016 3110 3085 ἀλληγορίας
3159 3017 3441 3085 legendum

205 3114 467 3184 ἱστορίας,
501 3112 634 3167 adeo
663 3121 721 3166 ut
773 3112 960 3167 titulus
1016 3113 1135 3166 libri
1185 3112 1390 3167 fuerit:
1444 3115 1538 3175 Τίς
1575 3111 1804 3182 διαφορὰ

1847 3109 2076 3179 θεωρίας
2114 3108 2207 3160 καὶ
2243 3108 2499 3178 ἱστορίας,
2537 3108 2619 3161 vel
2661 3108 2742 3168 τίς
2768 3106 2998 3176 διαφορὰ
3048 3108 3284 3177 ἱστορίας
3347 3109 3438 3160 καὶ

203 3206 555 3276 ἀλληγορίας.
606 3224 623 3256 ι
666 3205 742 3261 De
774 3207 1076 3260 differentia
1105 3222 1300 3261 sensus
1330 3206 1624 3274 allegorici,
1667 3218 1718 3258 et
1757 3202 2023 3258 litteralis.
2079 3221 2096 3254 ι
2139 3202 2271 3256 Nam
2303 3202 2444 3271 apud
2474 3202 2691 3256 Graecos
2720 3202 3120 3257 ecclesiasticos
3148 3203 3443 3272 scriptores

207 3303 434 3355 theori:e
478 3301 700 3356 nomine
726 3300 1019 3369 significari
1055 3299 1408 3354 consuevisse
1444 3313 1664 3353 sensum
1720 3297 2018 3368 spiritalem
2057 3306 2111 3351 et
2155 3296 2502 3366 allegoricum
2543 3293 2892 3349 manifestum
2934 3295 2990 3348 fit
3031 3303 3142 3347 tum
3169 3308 3234 3347 ex
3267 3294 3444 3348 allatis

203 3393 390 3448 verbis
455 3393 699 3447 Socratis
763 3403 815 3446 et
865 3390 1174 3455 Sozomeni,
1241 3391 1581 3460 aliorumque
1643 3390 2000 3459 plurimorum
2074 3389 2431 3457 scriptorum‘,
2480 3396 2592 3441 tum
2634 3403 2696 3440 ex
2769 3387 2954 3442 multis
2991 3387 3126 3441 locis
3171 3388 3445 3457 hujusmet

202 3485 584 3541 commentarii
638 3483 694 3537 S.
736 3484 1040 3537 Athanasii.
1075 3482 1115 3535 E
1139 3484 1355 3538 diverso
1385 3483 1622 3554 ἱστορίας
1657 3499 1750 3536 seu
1782 3483 2024 3537 historia:
2051 3481 2269 3535 nomine
2305 3495 2524 3534 sensum
2553 3479 2839 3532 litteralem
2865 3489 2916 3531 ct
2951 3479 3267 3533 historicum
3295 3480 3443 3532 Grae—

201 3597 301 3638 cos
331 3583 624 3648 scriptores
651 3595 1014 3647 nuncupasse,
1057 3596 1142 3634 res
1189 3579 1366 3632 notior
1397 3587 1498 3639 est,
1533 3593 1696 3646 quam
1743 3577 1849 3629 ulla
1895 3574 2215 3644 probatione
2248 3573 2510 3641 indigeat,
2543 3588 2664 3627 cum
2710 3573 2861 3639 plura
2886 3582 3127 3626 veterum
3156 3582 3439 3627 auctorum

202 3674 322 3728 loca
361 3672 427 3726 ad
459 3672 509 3724 id
549 3671 888 3740 probandum
936 3670 1190 3725 omnibus
1241 3671 1292 3721 in
1329 3678 1577 3738 promptu
1631 3668 1738 3722 sint
1769 3667 1904 3733 (67).
1938 3665 2041 3719 Sed
2090 3663 2251 3718 redeo
2300 3664 2367 3718 ad
2419 3662 2833 3734 Hieronymum,
2885 3663 3111 3732 ejusque
3163 3663 3322 3715 verba
3377 3662 3444 3718 de

203 3764 441 3819 Eusebio
483 3763 737 3818 Emiseno
766 3763 1006 3817 afferam.
1036 3762 1428 3816 Sanctissimus
1469 3761 1634 3831 igitur
1658 3761 1849 3816 doctor
1879 3761 1930 3814 in
1957 3756 2212 3826 Catalogo
2240 3757 2468 3810 virorum
2511 3756 2798 3809 illustrium
2825 3754 2934 3823 (68)
2961 3755 3025 3808 de
3053 3754 3240 3809 eodem
3278 3753 3443 3807 Euse-

205 3859 317 3922 bio,
346 3873 506 3926 quem
531 3857 798 3910 Diodorus
827 3857 926 3908 sibi
956 3854 1293 3923 sequendum
1337 3854 1770 3922 imitandumque
1819 3850 2125 3922 proposuit,
2156 3849 2274 3903 hzec
2301 3848 2495 3902 litteris
2533 3847 2811 3901 mandarit
2839 3866 2850 3900 :
2883 3865 2898 3896 ι
2933 3846 3200 3900 Eusebius
3236 3844 3440 3898 Emise-

202 3970 309 4007 nus
333 3954 620 4022 episcopus
653 3952 911 4019 elegantis
941 3960 991 4004 et
1024 3950 1277 4004 rhetorici
1313 3949 1534 4017 ingenii,
1572 3947 2016 4005 innumerabiles,
2043 3953 2097 3999 et
2123 3944 2214 4012 qui
2255 3943 2319 3996 ad
2357 3943 2609 4011 plausum
2644 3943 2826 4011 populi
2870 3942 3161 4010 pertinent,
3205 3939 3443 3994 confecit

211 4045 406 4104 libros,
442 4045 724 4114 magisque
757 4045 1036 4097 historiam
1071 4052 1313 4106 secutus,
1345 4040 1413 4093 ab
1443 4039 1527 4094 his
1550 4039 1642 4106 qui
1671 4039 1978 4092 declamare
2011 4035 2218 4098 volunt,
2257 4035 2661 4090 studiosissime
2703 4034 2916 4102 legitur.
2961 4053 2977 4084 ι
3014 4033 3209 4086 Verum
3239 4035 3339 4088 hac
3372 4032 3440 4087 de

203 4155 268 4198 re
315 4139 458 4192 haud
488 4139 664 4208 plura,
696 4155 818 4193 cum
849 4138 912 4191 ad
949 4156 1060 4192 rem
1097 4135 1428 4206 propositam
1463 4148 1652 4202 parum
1680 4131 1950 4200 pertinere
1984 4129 2237 4196 cuiquam
2272 4127 2440 4182 videri
2475 4128 2704 4196 possint.
2735 4127 2807 4180 Ac
2839 4142 2966 4179 vero
2996 4145 3023 4181 a
3058 4142 3142 4179 me
3177 4128 3287 4178 Iuec
3324 4140 3440 4178 om-

205 4233 297 4285 nia
336 4231 596 4284 hactenus
627 4244 692 4283 eo
736 4229 963 4283 consilio
996 4228 1268 4296 disputata
1303 4233 1428 4276 sunt
1459 4231 1515 4276 ut
1541 4220 1905 4282 ostenderem,
1948 4218 2167 4272 modum
2225 4233 2287 4272 ac
2319 4218 2585 4271 rationem
2651 4233 2833 4272 sacras
2860 4215 3170 4286 Scripturas
3220 4219 3271 4271 in
3311 4219 3438 4272 alle-

205 4325 455 4393 goricqu
485 4320 790 4392 exponendi
821 4311 1059 4383 sensum,
1090 4333 1198 4371 non
1232 4317 1408 4370 solum
1453 4314 1752 4367 Athanasio
1798 4313 2083 4381 :equalem,
2125 4311 2216 4365 sed
2258 4311 2420 4365 etiam
2460 4311 2579 4380 ejus
2621 4321 2778 4366 aetate
2825 4313 3186 4381 antiquiorem
3249 4310 3436 4366 fuisse.

201 4416 495 4478 Prteteiea,
532 4422 590 4468 ut
620 4411 963 4466 manifestum
1011 4411 1240 4465 facerem
1280 4407 1476 4477 quibus
1509 4404 1826 4458 auctoribus
1867 4412 1919 4456 et
1968 4419 2077 4473 quo
2117 4411 2359 4472 tempore
2406 4403 2637 4472 'utraque
2687 4420 2875 4459 sacros
2913 4404 3080 4458 libros
3140 4403 3440 4472 explicandi

201 4509 348 4564 ratio
385 4517 495 4559 tum
534 4506 818 4576 allegorica
864 4521 958 4559 seu
1007 4503 1255 4574 mystica,
1299 4511 1410 4555 tum
1448 4497 1703 4552 historica
1751 4511 1845 4551 seu
1888 4494 2137 4548 litteralis
2189 4495 2411 4562 coeperit
2451 4510 2514 4548 ac
2547 4495 2808 4550 floruerit.
2852 4495 2983 4550 Nam
3026 4497 3078 4550 id
3115 4511 3439 4566 magnopere

201 4601 487 4664 intererat,
541 4605 599 4652 ut
634 4606 876 4650 nostrum
907 4595 1368 4649 (Iommentarium
1429 4593 1550 4662 jure
1600 4591 1795 4646 merito
1847 4597 2033 4643 sancto
2086 4586 2405 4652 Athanasio,
2443 4587 2602 4652 cuius
2673 4602 2867 4642 nomen
2915 4589 3149 4658 praefert,
3205 4589 3440 4643 vindica.

203 4707 416 4749 remus.

277 4801 468 4856 XXIX.
500 4797 751 4853 Profecto
777 4794 916 4847 inter
941 4801 1131 4846 caetera
1173 4805 1449 4844 sacrarum
1482 4786 1884 4858 Scripturarum
1923 4793 2197 4847 volumina
2233 4795 2578 4864 potissimum
2634 4794 2972 4850 Psalmorum
3017 4794 3156 4847 libro
3186 4794 3440 4861 allegori-

202 4909 330 4952 cum
360 4889 651 4945 convenire
681 4899 900 4940 sensum
942 4880 1256 4935 testimonio
1290 4888 1533 4933 veterum
1571 4877 1816 4941 Patrum,
1853 4882 1944 4948 qui
1988 4882 2039 4935 in
2068 4897 2133 4936 eo
2159 4885 2450 4952 aperiendo
2478 4901 2697 4954 operata
2736 4901 2889 4939 suam
2920 4885 3252 4939 collocarunt
3304 4885 3438 4936 nlla-

202 4994 278 5048 tis
309 4985 494 5041 Ililarii
537 4993 590 5039 et
629 4978 914 5051 Augustini
948 4977 1149 5040 verbis,
1184 4991 1213 5030 a
1245 4975 1399 5029 nobis
1445 4990 1606 5043 supra
1639 4982 1920 5030 ostensum
1967 4987 2071 5041 est,
2126 4987 2181 5031 et
2223 4979 2382 5033 latius
2419 4979 2461 5032 si
2508 4997 2643 5049 opus
2682 4988 2847 5042 esset,
2889 4979 3046 5033 facile
3078 4978 3437 5034 demonstrari

201 5091 394 5156 posset
426 5098 440 5146 ;
473 5078 565 5134 sed
597 5078 757 5130 inane
781 5090 842 5129 ac
869 5071 1200 5142 superfluum
1236 5078 1316 5125 est
1347 5071 1399 5122 in
1425 5085 1481 5123 re
1510 5070 1734 5123 minime
1777 5069 1940 5124 dubia
1980 5072 2207 5126 testibus
2253 5073 2331 5127 uti
2371 5088 2478 5127 non
2514 5073 2859 5129 necessariis.
2896 5072 3073 5128 Clavis
3101 5082 3274 5127 autem
3308 5087 3406 5142 ape

279 5257 393 5324 (Gl)
426 5258 483 5310 ln
518 5254 694 5324 Catal.
723 5253 817 5306 vir.
853 5251 1042 5324 illast;
1083 5248 1317 5324 Niceph.“
1339 5246 1431 5300 lib.
1461 5263 1532 5308 Iv,
1565 5262 1610 5300 c.
1640 5245 1728 5298 54.

276 5318 388 5395 (62)
414 5325 618 5380 Thcod.
651 5323 793 5395 llist.
822 5323 945 5395 eccl.
983 5321 1074 5395 lib.
1103 5336 1152 5379 γ,
1175 5336 1222 5371 c.
1255 5318 1341 5395 .50:

277 5386 389 5462 (65)
420 5396 639 5449 llicron.
682 5393 855 5446 Catal.
893 5393 986 5444 vir.
1010 5390 1204 5462 illustr.
1234 5402 1281 5441 c.
1315 5386 1434 5440 H9.

277 5461 389 5534 (lii)
430 5465 548 5518 Lib.
578 5463 795 5518 vrllist.
819 5467 969 5523 (νεοίη
1004 5481 1049 5514 e.
1084 5461 1134 5512 ’5.

277 5538 393 5604 (65)
429 5535 545 5588 Lib.
580 5551 697 5592 \‘Ill,
736 5550 782 5585 ιτ,
820 5534 872 5584 ‘2.

302 5606 392 5669 66)
424 5607 477 5658 ln
518 5621 643 5658 voce
677 5604 951 5672 Διῶωρος.
1037 5671 1043 5672 γ
1086 5670 1092 5672 Α
1264 5669 1308 5672 __
1382 5669 1398 5672 Α
1539 5665 1548 5672 Ι
1642 5665 1675 5672 __
1821 5663 1832 5672 .

723 5604 951 5672 ιῶωρος.
1037 5670 1092 5672 _
1264 5669 1308 5672 __
1382 5669 1398 5672 Α
1539 5665 1548 5672 ,
1642 5665 1675 5672 ,,
1821 5663 1832 5672 ,
1914 5650 2183 5672 ..____....;
2252 5647 2325 5672 .-ι

301 5651 391 5734 67)
420 5676 549 5729 Vide
580 5673 811 5729 Lcaicou
843 5651 1049 5727 Suiceri
1084 5670 1133 5723 iu
1169 5669 1341 5723 verbis
1375 5665 1608 5734 Θεωρία,
1642 5663 1891 5734 ’ῐατνιρίαο

843 5651 1049 5727 Siticcri
1084 5670 1133 5723 in
1169 5669 1341 5723 verbis
1375 5665 1608 5734 Θεωρία,
1642 5663 1891 5734 ’ῐςτνιρίαο
1914 5651 2211 5718 Ἀναγωτὴ
2241 5651 2445 5700 Α’ἀνθῑπ

302 5748 392 5814 es)
423 5746 481 5799 c.
520 5746 602 5799 9t.
