4058 6452
200 401 306 456 07.5
883 387 968 440 DE
1008 381 1280 439 TITULIS
1315 377 1759 435 PSALIIORUM.
1799 408 1866 418 --
1904 369 2297 428 ANTONELLI
2340 360 2727 421 PREFATIO.
3313 353 3417 412 634

203 520 373 572 lector
428 518 671 583 ipsorum
732 505 863 562 dicit
894 523 907 558 :
950 497 1527 561 Commemorabuntur,
1563 506 1611 548 et
1642 499 2002 548 convertentur
2040 488 2104 541 ab
2153 485 2435 539 Dominum
2457 478 2699 583 uni-versi
2724 476 2905 583 lines“
2928 468 3239 583 tamtsi-Eia
3260 466 3419 583 forte

714 561 971 653 :aliunde
999 591 1296 660 cogitabas,
1325 604 1447 643 cum
1490 589 1654 641 fratre
1687 596 1784 640 tuo
1826 580 2177 642 fabulabaris,
2207 578 2423 647 quando
2457 572 2584 626 illud
2628 566 2763 623 dixit
2793 583 2805 618 :
2837 563 3067 624 attende,
3100 561 3223 630 quia
3260 572 3415 626 repe-

197 700 283 759 tit,
316 704 370 750 et
396 696 591 750 surdos
645 693 859 762 pulsat:
887 690 951 745 Et
990 690 1285 743 adorabunt
1340 690 1393 740 in
1443 696 1716 755 conspectu
1748 685 1859 754 ejus
1895 683 2147 736 universa:
2169 678 2355 747 patria'
2391 674 2638 743 gentium.
2670 665 2862 718 Adhuc
2904 661 3115 762 surdus
3152 666 3255 720 est,
3308 672 3417 708 non

194 756 390 852 audit;
430 756 670 855 pulsrtur
711 784 903 837 iterum
942 801 953 834 :
991 781 1251 844 Quoniam
1281 777 1487 830 Domini
1547 786 1622 828 est
1674 790 1906 843 regnum,
1960 780 2007 823 et
2072 771 2180 836 ipse
2228 764 2584 817 dominabitur
2620 762 2864 828 gentium.
2904 758 3036 810 'l‘res
3070 756 3201 808 istos
3228 766 3420 855 versus

196 848 399 947 tenete,
430 848 649 942 fratres,
670 887 775 932 etc.
816 895 834 928 ι
860 876 1070 941 Quibus
1103 875 1436 930 clarissimus
1464 872 1755 927 cardinalis
1783 871 1897 923 hzec
1924 864 2142 934 subjicit
2179 883 2191 917 :
2229 881 2249 913 ι
2287 860 2360 913 Εχ
2395 874 2502 929 quo
2539 860 2655 912 loco
2692 863 2908 925 apparet
2940 855 2990 905 in
3020 863 3180 906 cantu
3225 848 3413 917 psalmi

191 971 521 1042 reSponsorii
554 971 685 1025 olhn
713 978 825 1023 tum
867 970 919 1022 in
944 967 1182 1032 Oriente,
1216 977 1327 1019 tum
1361 968 1411 1018 in
1439 964 1729 1018 Occidente
1758 960 2057 1025 usitatiore,
2091 957 2144 1009 in
2190 968 2298 1025 quo
2325 954 2489 1006 lector
2532 949 2852 1019 praacinebat
2892 960 3101 1007 versus,
3161 952 3212 995 et
3244 956 3413 1011 popu-

191 1068 280 1121 lus
315 1067 531 1121 eosdem
567 1067 711 1136 ipsos
756 1064 1127 1134 respondendo
1155 1062 1443 1132 repetebat,
1482 1071 1795 1130 usurpatam
1838 1058 2006 1112 fuisse
2052 1056 2330 1123 antiquam
2364 1050 2510 1105 illam
2549 1064 2805 1102 versuum
2853 1044 3272 1107 distinctionem,
3297 1042 3416 1136 qui

190 1158 470 1213 breviores
498 1131 1091 1221 era—nt;non-alteram
1124 1131 1401 1222 sequentis
1452 1152 1551 1205 :evi
1606 1166 1853 1205 versuum
1904 1149 2062 1218 paulo
2109 1144 2532 1214 prolixiorum...
2580 1139 2713 1193 Nam
2762 1149 3116 1208 praeterquam
3166 1133 3309 1201 quod
3363 1131 3417 1184 id

188 1250 498 1320 postulabat
526 1249 664 1303 ratio
701 1245 967 1317 ejusmodi
1008 1244 1379 1306 institutionis,
1427 1258 1619 1311 nempe
1659 1252 1717 1295 ut
1756 1239 1907 1293 rudis
1957 1238 2183 1307 populus
2232 1236 2470 1303 psalmos
2500 1245 2741 1295 caneret,
2778 1244 2918 1300 quos
2948 1244 3045 1284 nec
3076 1228 3139 1325 de
3171 1226 3306 1325 libro
3341 1223 3418 1275 Ic-

188 1356 359 1416 geret,
396 1360 493 1399 nec
515 1345 772 1400 memoria
802 1352 1044 1406 teneret;
1083 1342 1225 1395 unde
1267 1348 1321 1393 et
1348 1354 1566 1394 necesse
1596 1349 1709 1393 erat
1745 1338 1907 1390 verba
1933 1336 1980 1388 ei
2019 1347 2188 1403 pauca
2234 1330 2459 1400 praeberi
2509 1326 2815 1396 repetenda.
2843 1332 2903 1375 υῑ
2942 1320 3276 1416 ηὶθῐιιὶηᾝψιτ
3309 1328 3415 1367 εἶθ’

188 1414 405 1511 simque
436 1450 604 1495 totum
641 1440 905 1510 psalmum
950 1444 1305 1508 percurreret.
1344 1455 1362 1487 ›
1392 1434 1496 1490 Sed
1527 1436 1591 1489 de
1619 1432 1927 1503 huiusmodi
1956 1431 2222 1485 divisione
2253 1443 2347 1497 per
2375 1425 2588 1494 στίχους
2618 1422 2862 1491 pluribus
2910 1417 3117 1511 erudite
3146 1414 3419 1511 disserunt

184 1509 330 1592 idem
358 1509 654 1593 cardinalis
680 1537 1034 1600 Thomasius,
1072 1544 1125 1589 et
1150 1532 1417 1588 Henricus
1448 1531 1692 1586 Valesius
1718 1541 1772 1584 et
1797 1530 1961 1583 Pater
1992 1526 2255 1582 Martiane
2289 1524 2423 1595 (7|),
2452 1522 2672 1589 aliique,
2718 1530 2858 1585 quos
2890 1509 3171 1566 consulere
3198 1509 3415 1574 poterit,

185 1629 283 1697 qui
332 1630 430 1683 hac
460 1630 525 1684 de
555 1645 611 1684 re
642 1630 797 1699 plura
831 1628 971 1683 scire
997 1626 1283 1681 desiderat.
1332 1624 1489 1691 Quod
1536 1624 1679 1677 enim
1711 1623 1950 1691 pertinet.
1972 1619 2038 1674 ad
2075 1634 2209 1685 rem,
2259 1618 2325 1671 de
2356 1630 2462 1685 qua
2498 1614 2693 1684 agitur,
2728 1608 2858 1664 illud
2884 1616 2987 1670 est,
3036 1600 3207 1699 quod
3230 1603 3417 1699 praeter

188 1724 629 1791 antiquissimum
659 1721 975 1777 Vaticanum
1016 1719 1280 1785 codicem,
1310 1735 1418 1788 quo
1449 1718 1698 1772 laudatus
1747 1716 2042 1771 cardinalis
2076 1712 2406 1768 Thomasius
2455 1723 2588 1764 usus
2618 1716 2721 1769 est,
2757 1703 2917 1757 etiam
2964 1696 3134 1753 codex
3183 1693 3420 1747 Alexan-

183 1814 381 1867 drinus
408 1814 597 1868 eodem
648 1814 811 1868 modo
839 1811 997 1866 habet
1040 1809 1363 1865 Psalterium
1396 1810 1678 1864 versiculis
1710 1807 2056 1862 distinctum.
2084 1804 2266 1861 Codex
2302 1811 2482 1858 autem
2514 1796 2912 1855 Alexandrinus
2943 1791 3181 1859 scriptus
3226 1794 3330 1850 est,
3362 1792 3420 1838 ut

184 1904 361 1960 fertur
392 1905 526 1976 (72),
560 1922 722 1960 manu
769 1906 982 1962 Thecla:
1034 1908 1233 1962 nobilis
1277 1906 1491 1961 femina:
1522 1906 1787 1977 Egyptite
1816 1906 1977 1976 paqu
2009 1915 2129 1974 post
2161 1904 2451 1958 concilium
2492 1900 2795 1960 Nicmnum,
2828 1902 2983 1949 aetate
3017 1890 3225 1945 scilicet
3249 1885 3419 1940 Atha-

183 1995 351 2059 nasii,
386 2011 543 2063 quem
603 1996 951 2061 Alexandria,
1005 1999 1146 2051 unde
1202 1998 1602 2051 Alexandrinus
1635 1998 1834 2063 dictus,
1902 2012 2085 2050 secum
2142 1992 2669 2061 ConstantinOpolim
2699 1989 2888 2043 detulit
2924 1986 3156 2057 Cyrillus
3186 1982 3417 2051 Lucary,

180 2086 419 2154 primum
445 2086 497 2140 in
524 2085 629 2149 illa,
664 2098 781 2154 post
805 2088 858 2140 in
887 2088 989 2143 hac
1023 2090 1154 2143 urbe
1181 2088 1489 2144 Graecorum
1539 2090 2010 2143 schismaticorum
2042 2088 2373 2156 patriarcha,
2411 2102 2440 2139 a
2471 2100 2580 2155 quo
2610 2082 2805 2137 deinde
2832 2079 3074 2135 Carolol
3114 2074 3417 2143 Anglorum

180 2182 301 2250 regi
334 2183 481 2236 dono
518 2184 719 2238 missus
746 2193 846 2238 est.
905 2182 1092 2249 Quare
1133 2199 1256 2238 cum
1312 2184 1595 2237 translatio
1648 2193 1829 2237 nostra
1865 2199 2120 2239 versuum
2169 2181 2504 2236 distinctioni
2540 2177 2743 2234 codicis
2790 2170 3138 2229 Alexandrini
3176 2168 3421 2237 apprime

181 2271 532 2338 respondeat,
569 2282 621 2325 et
656 2284 996 2337 vetustatem,
1026 2282 1079 2327 et
1106 2282 1385 2327 auctorem
1416 2288 1537 2326 esse
1569 2272 1950 2340 Athanasium,
1978 2273 2135 2342 cujus
2177 2287 2374 2326 nomen
2418 2269 2651 2341 praefert,
2678 2270 2840 2325 etiam
2869 2284 2933 2321 ex
2962 2268 3064 2320 hac
3101 2272 3252 2333 parte
3277 2276 3416 2330 quo-

178 2362 477 2417 dammodo
506 2364 861 2418 demonstrat.
895 2363 1012 2419 Non
1045 2376 1225 2419 autem
1255 2368 1407 2434 parvi
1443 2366 1647 2421 laboris
1678 2365 1799 2432 fuit,
1828 2384 1953 2421 cum
1999 2369 2049 2422 id
2090 2367 2618 2429 animadvertissem,
2661 2367 2733 2420 ita
2765 2366 3056 2434 disponere
3087 2354 3418 2415 sanctissimi

178 2457 422 2528 episcopi
456 2460 887 2525 translationem,
934 2470 995 2514 ut
1047 2462 1277 2530 singulis
1328 2461 1664 2530 psalmorum
1703 2463 1986 2517 versiculis
2037 2461 2283 2530 subjecta
2332 2459 2577 2527 ejusdem
2608 2455 2891 2511 Athanasii
2930 2448 3303 2521 interpretatio
3334 2461 3419 2500 re-

180 2552 499 2619 sponderet.
538 2550 668 2606 Erat
693 2554 840 2607 enim
872 2553 1099 2608 confuse
1131 2555 1355 2622 scripta,
1393 2570 1533 2623 saepe
1566 2554 1868 2608 commistis
1900 2551 2241 2606 Psalmorum
2274 2566 2399 2604 cum
2433 2550 2606 2619 ipsius
2636 2545 2988 2619 expositionis
3021 2542 3219 2604 verbis,
3260 2550 3314 2594 et
3346 2539 3418 2591 ita

179 2646 445 2714 disposita
472 2687 487 2709 ,
527 2657 584 2701 ut
612 2648 790 2716 potius
820 2664 942 2702 cum
984 2648 1269 2704 recentiori
1306 2648 1611 2717 longiorum
1641 2661 1894 2699 versuum
1922 2645 2287 2706 distinctione,
2315 2658 2436 2712 qua:
2463 2658 2605 2697 nunc
2630 2644 2683 2695 in
2712 2657 2810 2695 usu
2844 2637 2984 2707 apud
3013 2649 3203 2689 omnes
3231 2629 3418 2685 Eccle-

176 2736 294 2789 sias
323 2746 423 2802 est,
452 2738 783 2794 conveniret.
819 2738 978 2794 Plura
1015 2752 1267 2811 praeterea
1302 2740 1547 2803 aderant,
1586 2747 1644 2791 ut
1683 2738 1796 2805 jam
1824 2752 1853 2789 a
1899 2734 2167 2803 principio
2212 2733 2421 2797 monui,
2454 2732 2646 2786 menda
2687 2740 2740 2782 et
2772 2735 2981 2792 errata;
3034 2723 3127 2778 sed
3157 2722 3224 2776 de
3268 2730 3419 2774 textu

173 2833 399 2901 quidem
432 2834 563 2887 nihil
598 2835 887 2889 immutare
926 2852 1093 2905 ausus
1120 2853 1238 2889 sum
1267 2853 1281 2901 ;
1324 2849 1471 2888 meas
1505 2848 1632 2888 vero
1666 2831 2030 2901 conjecturas,
2062 2828 2277 2885 notulas
2321 2837 2376 2882 et
2403 2826 2811 2882 emendationes
2859 2826 2913 2879 in
2947 2823 3212 2892 margine,
3242 2832 3416 2889 appo-

172 2930 289 2983 sito
338 2930 602 2983 asterisco
640 2946 734 2983 seu
794 2928 1051 2988 litterula,
1104 2926 1353 2994 ascripsi.

250 3020 441 3074 XXXI.
502 3019 568 3074 Ut
601 3036 729 3075 vero
758 3037 870 3075 rem
904 3019 1037 3074 mihi
1063 3020 1397 3088 propositam
1429 3032 1744 3087 prosequar,
1794 3015 1933 3069 banc
1976 3013 2479 3083 interpretationem
2507 3021 2601 3067 aut
2630 3012 2875 3068 Gracum
2908 3010 3243 3065 Psalmorum
3265 3023 3419 3064 com-

172 3115 532 3176 mentarium,
569 3129 729 3182 quem
766 3114 816 3167 in
849 3115 1025 3169 lucem
1063 3116 1279 3176 damus,
1320 3112 1638 3168 recentioris
1671 3125 1802 3165 usus
1831 3118 1925 3163 aut
1956 3111 2216 3178 temporis
2249 3108 2391 3162 haud
2439 3108 2728 3178 quisquam
2761 3109 2928 3164 fuisse
2976 3117 3240 3170 autumet,
3291 3106 3418 3176 quia

172 3206 235 3262 in
277 3223 340 3263 co
374 3209 567 3279 legitur
606 3209 983 3281 inscriptiones
1024 3229 1117 3267 seu
1168 3212 1353 3267 titulos
1386 3212 1715 3279 psalmorum
1753 3209 1917 3262 rubro
1976 3208 2157 3263 colore
2186 3224 2279 3263 seu
2313 3208 2594 3264 cinnabari
2646 3208 2876 3275 scriptos
2914 3204 3102 3259 fuisse.
3137 3201 3416 3271 Siquidem

170 3320 387 3359 morem
421 3306 704 3361 adhibendi
741 3323 1069 3377 purpureum
1106 3306 1339 3360 colorem
1374 3305 1543 3357 minio
1570 3302 1651 3357 vel
1698 3302 1978 3357 cinnabari
2025 3300 2329 3356 confectum
2377 3303 2429 3356 in
2461 3301 2762 3356 scribendis
2797 3300 3081 3365 librorum,
3122 3313 3217 3352 seu
3264 3296 3414 3366 capi-

170 3416 317 3465 tum,
372 3414 464 3457 aut
498 3405 786 3459 lectionum
831 3402 1004 3455 titulis
1040 3402 1198 3469 longe
1243 3411 1367 3454 ante
1397 3400 1678 3453 Athanasii
1723 3407 1937 3453 a:tatem
1986 3410 2261 3468 receptum
2296 3398 2463 3454 fuisse
2496 3410 2610 3453 tum
2662 3397 2803 3466 apud
2854 3393 3098 3456 Latinos,
3130 3404 3241 3447 tum
3275 3392 3418 3460 apud

172 3500 421 3563 Grzecos,
452 3511 503 3554 ct
532 3502 762 3569 probant
788 3498 1142 3552 vetustissimi
1192 3498 1429 3563 codices,
1473 3506 1527 3551 et
1559 3496 1804 3565 pluribus
1843 3494 2140 3549 ostendunt
2197 3497 2306 3549 duo
2362 3496 2716 3550 eruditissimi
2752 3495 2849 3548 viri
2900 3492 3143 3562 ejusdem
3192 3490 3421 3545 Benedi-

167 3597 341 3651 CIina:
380 3594 811 3664 congregationis
855 3592 1192 3647 Mabillonius
1222 3603 1274 3647 et
1334 3591 1748 3645 Montfanconus
1782 3589 1925 3659 (75).
1962 3588 2028 3642 Ει
2093 3590 2309 3659 quidem
2348 3591 2402 3643 in
2452 3591 2567 3659 ipso
2602 3588 2962 3644 Alexandrino
2992 3588 3177 3642 codice
3224 3586 3410 3641 titulos

174 3690 518 3760 psalmorum
543 3689 711 3743 rubro
732 3688 914 3743 colore
943 3688 1235 3756 inscriptos
1266 3702 1385 3741 esse
1412 3695 1639 3741 testatur
1668 3685 1902 3740 Joannes
1928 3684 2191 3740 Ernestus
2227 3684 2406 3740 Grabe
2430 3686 2513 3740 bis
2547 3686 2725 3739 verbis
2756 3702 2769 3739 :
2807 3704 2824 3736 ι
2888 3683 3144 3754 Sequitur
3174 3683 3299 3737 inde
3334 3682 3418 3751 ip-

172 3797 306 3838 sum
331 3779 677 3845 Psalterium,
718 3782 772 3835 in
796 3795 907 3850 quo
928 3779 1220 3848 cujuslibet
1240 3779 1432 3848 psalmi
1469 3778 1770 3847 inscriptio,
1802 3786 1894 3832 aut
1929 3778 2022 3832 ubi
2052 3778 2199 3832 nulla
2226 3779 2405 3842 datur,
2436 3778 2596 3833 veluti
2632 3779 2823 3847 psalmi
2853 3778 3034 3847 primi,
3071 3776 3243 3845 prima
3278 3774 3419 3828 linea

172 3878 357 3931 minio
388 3878 588 3948 scripta
615 3885 718 3941 est,
764 3890 865 3930 nec
891 3890 997 3929 non
1032 3889 1133 3929 vox
1164 3874 1461 3947 διάψαλμα,
1490 3877 1925 3945 quandocunque
1955 3873 2211 3942 occurrit,
2260 3876 2333 3942 id,
2400 3875 2546 3945 quod
2588 3877 2752 3930 etiam
2786 3877 2851 3930 de
2874 3877 3045 3931 titulis
3075 3877 3324 3940 odarum,
3366 3886 3422 3930 et

171 3972 493 4026 orationum
528 3972 751 4040 psalmis
781 3970 1150 4025 subnexarum
1188 3972 1475 4025 dicendum
1514 3982 1615 4026 est.
1656 3991 1674 4023 ι
1718 3970 1991 4025 Encausto
2036 3980 2235 4034 autem,
2273 3971 2418 4040 quod
2458 3987 2630 4041 genus
2661 3974 2952 4026 atramenti
2983 3982 3102 4025 erat
3160 3973 3417 4042 purpurei

170 4062 382 4114 coloris
417 4076 480 4115 ex
510 4063 650 4115 cocti
675 4062 919 4123 muricis,
950 4061 1031 4114 vel
1076 4062 1189 4114 triti
1232 4062 1502 4131 conchylii
1533 4076 1727 4115 cruore
1762 4060 2095 4125 confectum,
2132 4069 2190 4115 ut
2221 4062 2427 4116 nemini
2459 4071 2655 4131 praeter
2691 4063 3071 4133 imperatorem
3106 4066 3181 4118 uti
3209 4064 3417 4142 liceret,

171 4150 422 4219 illudque
450 4152 666 4216 habere,
711 4163 807 4209 aut
846 4173 1109 4225 quaarere,
1146 4159 1262 4229 lege
1311 4169 1530 4213 cautum
1556 4169 1638 4213 est
1664 4176 1693 4213 a
1731 4158 1911 4213 Leone
1939 4160 2267 4229 imperatore
2313 4162 2367 4215 in
2420 4162 2803 4220 constitutione
2837 4165 3113 4219 Hilariano
3156 4164 3421 4236 magistro

170 4246 506 4315 officiorum,
538 4260 592 4303 et
618 4253 847 4320 patricio
882 4256 1139 4325 inscripta
1168 4256 1303 4324 (74).
1332 4256 1552 4310 Exstant
1580 4256 1877 4310 etiamnum
1907 4256 1960 4310 in
2001 4256 2226 4312 archivo
2248 4259 2411 4313 castri
2457 4257 2640 4313 Sancti
2681 4258 2867 4327 Angcli
2902 4256 3269 4324 professiones
3295 4253 3416 4309 fidei

169 4340 495 4398 Graecorum
544 4347 933 4417 imperatorum
986 4349 1173 4405 Graece
1203 4360 1437 4415 tantum,
1468 4350 1551 4405 vel
1577 4350 1763 4409 Graece
1814 4361 1869 4405 et
1924 4348 2114 4406 Latine
2149 4354 2203 4407 in
2232 4352 2418 4406 charta
2459 4368 2781 4422 pergamcna
2831 4352 3061 4421 scriptae,
3120 4364 3419 4419 eorumque

170 4454 347 4492 manu
383 4452 642 4496 encausto
677 4446 1015 4514 subscripta,
1065 4462 1200 4515 quas
1249 4447 1314 4500 ad
1345 4445 1647 4500 Romanam
1681 4448 1887 4515 sedem,
1928 4460 2189 4520 tanquam
2218 4448 2285 4502 ad
2320 4457 2481 4518 caput
2524 4450 2686 4503 totius
2726 4446 3002 4502 catholica:
3032 4443 3285 4500 Ecclesiae
3316 4444 3419 4499 nii-

170 4547 374 4592 serunt
407 4560 420 4594 :
461 4541 552 4595 sed
599 4556 664 4595 eo
698 4553 953 4608 revertor,
986 4544 1127 4598 unde
1164 4543 1439 4613 digressus
1476 4560 1619 4599 sum.

249 4628 464 4683 XXXII.
510 4630 792 4688 Neminem
829 4635 895 4688 ad
927 4647 1127 4689 temere
1154 4633 1568 4702 abjudicandam
1600 4650 1794 4705 magno
1838 4636 2142 4691 Athanasio
2173 4646 2413 4691 nostram
2448 4636 2854 4707 metaphrasim,
2885 4650 2980 4689 seu
3007 4635 3423 4691 translationem

168 4737 243 4773 rx
277 4737 342 4775 eo
368 4725 694 4777 commOveri
725 4725 907 4788 velim,
942 4723 1087 4793 quod
1120 4722 1171 4775 in
1204 4738 1267 4775 ea
1299 4738 1405 4775 non
1458 4725 1709 4792 leguntur
1750 4739 1871 4789 qua:
1899 4740 1962 4777 ex
2011 4724 2070 4779 S.
2118 4724 2423 4779 Athanasio
2464 4725 2648 4778 laudat
2679 4722 2737 4777 S.
2770 4723 3075 4778 Germanus
3111 4725 3419 4792 patriarcha

168 4817 702 4889 llierosolymitanus
743 4822 795 4874 in
824 4821 1056 4891 epistola
1087 4820 1152 4873 ad
1187 4817 1452 4872 Thomam
1485 4820 1538 4873 in
1562 4820 1707 4873 hunc
1734 4822 1954 4873 modum
1984 4821 2097 4891 (75)
2128 4839 2139 4875 :
2184 4840 2201 4872 ι
2242 4820 2442 4875 Beatus
2466 4820 2797 4875 Athanasius
2823 4820 2951 4875 illud
2990 4820 3182 4890 psalmi
3212 4818 3414 4875 dictum

166 4913 542 4980 interpretans
599 4934 610 4967 :
660 4914 763 4979 Qui
818 4916 961 4969 sedes
1033 4931 1186 4982 super
1236 4914 1541 4978 cherubim,
1598 4929 1832 4983 appare,
1889 4917 2051 4971 talem
2126 4916 2193 4970 de
2254 4918 2362 4971 illis
2409 4916 2631 4970 tradidit
2679 4917 3107 4986 intelligentiam.
3160 4914 3226 4969 Et
3273 4926 3418 4971 certe

166 5005 398 5058 illorum
430 5006 714 5061 cherubim
748 5009 1068 5078 principalia
1095 5008 1378 5079 ἀρχέτυπα
1403 5008 1584 5075 ignota
1610 5017 1738 5061 sunt
1770 5009 2100 5063 omnimodis
2144 5019 2337 5063 natura
2376 5009 2687 5064 hominibus
2720 5028 2731 5063 :
2770 5010 2991 5079 Spiritus
3030 5011 3173 5064 enim
3205 5018 3257 5063 et
3279 5007 3417 5078 ignis

162 5098 476 5162 exsistunt,
509 5109 562 5152 et
584 5103 653 5153 ab
684 5102 831 5155 omni
870 5101 1135 5170 corporali
1163 5100 1488 5154 formatione
1518 5110 1679 5170 atque
1708 5112 1899 5155 natura
1933 5112 2213 5157 extranea.
2255 5123 2273 5155 ι
2306 5103 2361 5156 Si
2394 5112 2574 5157 autem
2616 5104 2729 5157 [nec
2754 5102 3005 5157 Germani
3042 5104 3200 5156 verba
3230 5104 3413 5159 consi~

166 5195 459 5257 darentur,
498 5195 717 5251 evidens
747 5206 849 5261 est,
892 5213 1015 5251 cum
1055 5195 1276 5248 minime
1306 5195 1591 5259 allirmare,
1624 5211 1741 5266 qua:
1774 5211 1837 5250 ex
1875 5195 1930 5250 S.
1968 5198 2268 5252 Athanasio
2301 5198 2504 5263 laudat,
2550 5198 2617 5251 ab
2654 5214 2719 5252 co
2755 5200 2807 5252 in
2850 5201 3238 5258 commentario
3265 5215 3417 5271 super

251 5420 366 5499 (1|)
402 5417 935 5499 Gard:_Tli0iiias.__in
964 5422 1114 5491 przef.
1143 5424 1207 5474 ad
1229 5422 1379 5499 _Psal.
1407 5439 1543 5478 vers.
1583 5426 1740 5489 dist.;
1784 5424 1939 5481 Mart.
1978 5426 2189 5499 Proleg.
2224 5429 2375 5493 Iv,in
2409 5428 2549 5482 Bibl.
2600 5429 2656 5483 S.
2732 5428 2916 5495 llicr.;
2962 5427 3135 5483 Vales.
3201 5430 3254 5483 in
3301 5441 3411 5485 not.

164 5486 474 5543 ad‘Euseh.
516 5489 653 5541 L'isl.
684 5492 833 5546 πει,
861 5486 1058 5556 lib-VI,
1092 5510 1138 5546 c.
1178 5497 1255 5545 lli.

249 5558 365 5635 (lg)
396 5558 591 5635 illia-liii.
626 5559 751 5635 lilrn.
784 5558 945 5635 Grah.
980 5562 1124 5635 lr’rol.
1151 5566 1218 5615 ad
1255 5563 1359 5615 Vel.
1390 5564 1520 5616 Tcsl.
1575 5564 1711 5635 LXX
1755 5564 1980 5635 Interpr.
2010 5582 2072 5617 ex
2108 5564 2236 5617 Cod.
2264 5567 2413 5622 Alex.
2440 5581 2490 5619 c.
2530 5566 2571 5624 I,
2608 5566 2633 5635 ᾗ
2664 5567 2711 5620 l.

398 5627 597 5706 _Mahilll._
635 5632 710 5706 De
740 5631 977 5706 rellipl”
1137 5649 1248 5706 t,_c.
1404 5652 1457 5689 n.
1490 5635 1561 5696 5;
1599 5627 2285 5706 Montfauc.'l’ala'ograp/t.
2316 5638 2405 5690 lib.
2446 5652 2482 5701 ι,
2525 5654 2571 5690 c.
2609 5627 2657 5689 Ῑ.

249 5697 365 5771 (ᾗ)
398 5697 522 5757 Leu.
562 5698 710 5771 Sacri
747 5702 965 5767 affatus,
998 5702 1129 5754 Cod.
1164 5703 1233 5754 De
1258 5704 1444 5755 dit‘t‘rs.
1483 5719 1715 5771 resrrapt.

250 5767 363 5835 (75)
394 5771 505 5823 Act.
550 5784 595 5820 Iv
626 5768 790 5824 Cone.
822 5772 933 5825 Nic.
973 5788 1027 5835 II,
1058 5782 1185 5825 tom.
1220 5772 1281 5825 IV
1314 5772 1511 5826 Conril.
1544 5767 1871 5845 Ilard.,pag.
1894 5772 2016 5827 258.
