4058 6478
632 387 735 441 655
1463 385 1517 438 S.
1562 385 1930 442 ATIIANASII
1973 386 2120 444 OPP.
2158 388 2335 443 PARS
2376 388 2458 443 Ill.
2494 420 2563 428 -—-
2601 388 3008 445 EXEGETICA.
3754 398 3859 452 636

634 504 873 559 Psamtos
904 513 1101 574 scripta
1135 505 1322 561 fuisse.
1350 506 1532 576 Itaque
1563 509 1964 578 tieripotest,ut
1990 511 2150 564 verba
2191 511 2281 565 illa
2325 510 2574 565 Davidiea
2615 530 2627 564 :
2677 510 2781 576 Qui
2831 512 2974 566 sedes
3026 529 3181 583 super
3220 514 3483 569 cherubim
3533 515 3617 572 “z
3667 518 3723 572 in
3747 520 3856 571 alio

629 594 972 666 0pere,quod
1004 594 1515 665 B.archiepiscopus
1547 598 1857 665 scripserat,
1877 600 2272 667 explanaverit,
2298 609 2351 654 et
2381 601 2524 670 quod
2557 601 2684 655 illttd
2714 602 2779 655 ad
2806 614 3043 657 nostram
3060 613 3270 659 aetatem
3289 606 3849 676 minimepervenerit;

630 690 783 759 plura
826 689 970 742 enim
1008 697 1202 757 praeter
1231 702 1293 742 ea
1324 703 1444 757 qua:
1482 690 1620 759 typis
1646 689 1909 759 impressa
1942 699 2089 753 sunt,
2125 690 2181 744 S.
2212 690 2569 746 Athanasium
2617 693 2917 761 scripsisse,
2935 702 3047 747 tum
3082 710 3147 749 ex
3183 697 3451 752 veteribus
3473 699 3851 768 scriptoribus,

630 792 743 837 tum
782 798 848 838 ex
878 782 1115 851 antiquis
1144 781 1346 838 Graecis
1380 783 1658 839 codicibus
1704 783 2049 839 manifestum
2085 793 2186 850 est,
2215 794 2270 840 et
2304 786 2645 855 potissimum
2676 802 2741 841 ex
2778 789 3144 844 vetustissima
3175 799 3361 845 catena
3391 791 3699 847 Graecorum
3743 793 3851 847 Pa-

631 884 795 939 trum,
823 890 983 945 quam
1013 875 1123 930 fere
1168 884 1330 930 totam
1366 892 1483 931 mea
1514 893 1675 931 manu
1701 878 1961 949 descripsi
1987 896 2051 934 ex
2092 882 2199 935 alio
2230 880 2522 950 antiquiori
2551 882 2739 937 codice
2783 883 2941 938 annis
2975 884 3044 938 ab
3094 885 3221 940 hinc
3252 887 3578 956 octingentis
3621 888 3854 957 scripta,

628 973 717 1025 ubi
747 972 1047 1042 fragmenta
1077 972 1372 1026 aII'eruntur
1398 989 1462 1028 ex
1509 975 1629 1029 aliis
1659 976 1987 1030 sanctissimi
2022 978 2260 1047 episcopi
2308 978 2584 1046 operibus,
2639 988 2832 1047 praeter
2876 994 2939 1032 ea
2988 995 3110 1049 quae
3156 996 3186 1035 a
3224 980 3383 1036 Patre
3425 981 3851 1050 Montfaucono,

627 1064 916 1121 Guillelmo
941 1065 1137 1129 Caveo,
1168 1064 1473 1127 Lambecio,
1522 1065 1789 1131 Fabricio,
1834 1068 2048 1122 Oudino
2078 1070 2308 1138 aliisque
2352 1078 2743 1123 memorantur.
2784 1070 3057 1126 Adrianus
3088 1072 3251 1125 etiam
3289 1088 3423 1142 papa
3474 1077 3576 1129 hoc
3624 1076 3858 1130 nomine

626 1160 833 1229 primus
876 1160 927 1213 in
954 1160 1180 1228 epistola
1210 1161 1275 1213 ad
1308 1159 1563 1215 Carolum
1599 1160 1851 1232 Magnum
1900 1164 2271 1219 auctoritatem
2300 1164 2456 1218 aﬂ‘ert
2492 1180 2557 1219 ex
2589 1166 2981 1220 commentario
3012 1166 3068 1220 S.
3099 1168 3382 1223 Athanasii
3407 1185 3560 1240 super
3603 1169 3855 1225 Psalmos

626 1256 712 1311 his
748 1257 924 1311 verbis
954 1274 967 1311 τ
1000 1275 1018 1307 ι
1054 1257 1182 1310 Item
1238 1255 1292 1310 S.
1338 1256 1620 1314 Athanasii
1646 1260 1712 1314 de
1753 1261 2199 1328 interpretatione
2232 1261 2562 1330 psalmorum
2595 1262 2734 1315 inter
2775 1272 2963 1316 caetera
2999 1280 3012 1315 :
3044 1260 3247 1319 Civitas
3272 1262 3415 1318 enim
3465 1265 3701 1330 Domini,
3730 1282 3855 1336 quae

624 1366 845 1406 sursum
875 1349 1171 1406 Jerusalem
1219 1351 1261 1382 ’⁵
1303 1370 1315 1404 :
1349 1351 1526 1423 imago
1562 1363 1739 1408 autem
1769 1369 1958 1408 eorum
2002 1358 2293 1410 terrestris.
2338 1354 2489 1421 Quod
2531 1355 2675 1409 enim
2710 1355 2863 1420 dicit,
2921 1356 3025 1410 tale
3053 1364 3181 1409 est:
3235 1352 3499 1419 Quoniam
3551 1355 3851 1419 terrestris,

624 1447 823 1519 inquit,
854 1449 1025 1503 induti
1058 1459 1184 1502 sunt
1224 1446 1536 1515 imaginem,
1570 1452 1759 1498 etnon
1799 1447 2056 1511 cmlestis,
2101 1456 2318 1516 propter
2366 1447 2470 1500 hoc
2509 1445 2573 1499 ad
2624 1446 2852 1500 nihilum
2904 1447 3234 1514 redigentur.
3287 1444 3523 1498 Audient
3573 1445 3719 1498 enim
3758 1446 3853 1499 illo

623 1552 909 1612 tempore:
962 1539 1152 1594 Nescio
1204 1553 1299 1593 vos
1349 1540 1442 1593 “z
1493 1547 1676 1607 utpote
1704 1553 1810 1591 non
1863 1538 2082 1592 indutos
2121 1538 2305 1593 eadem
2353 1536 2566 1591 Domini
2622 1538 2874 1608 imagine.
2913 1558 2931 1590 ι
2995 1538 3233 1593 Adriano
3289 1538 3506 1593 additur
3553 1537 3853 1593 Chronicon

623 1637 1060 1698 Alexandrinum,
1090 1635 1248 1705 cujus
1278 1634 1463 1697 verba,
1494 1642 1605 1686 tum
1636 1633 1796 1687 etiam
1832 1632 2056 1687 Adriani
2086 1648 2193 1687 non
2233 1634 2485 1703 leguntur
2518 1631 2571 1685 in
2609 1641 2793 1687 nostra
2824 1631 3212 1696 translatione,’
3242 1632 3335 1686 sed
3365 1633 3418 1685 in
3455 1633 3853 1686 commentario

621 1750 775 1803 super
803 1730 1046 1786 Psalmos
1076 1732 1446 1795 inveniuntur,
1488 1731 1628 1799 quod
1661 1729 1869 1784 editum
1904 1742 1986 1785 est
2017 1731 2158 1785 inter
2184 1730 2287 1784 alia
2317 1744 2481 1799 opera
2515 1745 2545 1784 a
2572 1727 2632 1783 P.
2666 1727 3048 1783 Montfaucono
3089 1729 3317 1799 ejusque
3346 1729 3529 1783 sociis.
3566 1726 3673 1782 Sed
3707 1727 3851 1781 haud

620 1829 833 1884 diﬂicile
862 1837 946 1883 est
983 1831 1307 1897 respondere
1336 1836 1529 1895 praeter
1561 1826 1972 1880 translationem
2017 1842 2113 1881 seu
2148 1825 2486 1895 μετάφρασιν
2534 1840 2697 1894 quam
2742 1823 2975 1889 edimus,
3012 1822 3067 1876 S.
3104 1824 3462 1878 Athanasium
3494 1823 3659 1877 etiam
3698 1823 3851 1876 illum

621 1919 1095 1982 commentarium,
1130 1919 1175 1973 si
1213 1918 1287 1971 ita
1330 1916 1602 1984 aliquibus
1631 1916 1826 1985 placet,
1869 1916 2272 1983 composuisse;
2312 1915 2393 1968 vel
2435 1923 2598 1977 certe,
2649 1912 2794 1982 quod
2842 1912 2933 1967 ille
2963 1920 3104 1967 esset
3154 1912 3459 1977 Athanasii,
3503 1927 3627 1966 cum
3678 1912 3853 1982 ipsius

621 2030 815 2069 nomen
846 2013 1120 2082 przet‘erret
1163 2012 1517 2079 inscriptione
1542 2009 1825 2078 deceptum
1858 2007 2156 2062 Adrianum
2200 2022 2417 2076 papam,
2460 2017 2521 2060 ut
2550 2007 2611 2061 P.
2650 2005 3037 2060 Montfaucono
3068 2004 3300 2074 aliisque
3329 2004 3448 2074 ejus
3479 2005 3643 2060 sociis
3674 2006 3855 2059 conti-

620 2108 763 2179 gisse
784 2106 1017 2173 videtur,
1060 2105 1368 2161 crediderit.
1406 2104 1559 2170 Quod
1592 2119 1741 2169 sane,
1777 2111 1835 2157 ut
1878 2103 2012 2156 mihi
2055 2102 2433 2172 persuadeam,
2461 2116 2527 2155 eo
2558 2101 2731 2169 magis
2765 2100 2990 2155 inducor
3019 2101 3143 2170 quia
3180 2099 3234 2153 in
3265 2100 3451 2154 eadem
3481 2099 3709 2168 epistola
3745 2100 3854 2154 alia

620 2213 746 2258 sunt
776 2218 896 2273 quae
920 2217 1105 2256 eorum
1134 2206 1445 2255 sanctorum
1472 2215 1613 2261 esse,
1643 2214 1878 2268 quorum
1905 2198 2219 2252 nominibus
2252 2196 2621 2260 ascribuntur,
2644 2210 2806 2249 nemo
2837 2204 2986 2250 certo
3008 2210 3254 2251 asserere
3283 2208 3346 2249 ac
3376 2200 3638 2263 praestare
3659 2194 3853 2249 volue-

619 2294 710 2347 rit.
760 2293 890 2358 Qute
932 2306 1061 2345 vero
1085 2292 1138 2343 in
1174 2291 1430 2344 Chronico
1464 2289 1823 2343 Alexandrino
1872 2289 2159 2352 habentur,
2191 2297 2251 2342 ut
2286 2288 2448 2342 etiam
2473 2287 2540 2341 de
2584 2286 2676 2340 illo
2709 2285 2912 2354 aliquid
2942 2285 3141 2349 dicam,
3181 2287 3385 2356 integra
3412 2301 3518 2340 non
3552 2293 3771 2340 exstant
3798 2285 3854 2337 in

618 2393 1018 2445 commentario
1053 2389 1273 2445 Patrum
1301 2388 1793 2453 Benedictinorum,
1822 2396 1876 2441 et
1914 2387 2139 2455 insuper
2172 2386 2467 2439 Chronicon
2503 2384 2632 2438 illud
2680 2385 2834 2453 plura
2877 2384 3186 2455 apocrypha
3219 2396 3271 2437 et.
3304 2383 3643 2453 supposititia
3672 2381 3856 2436 contio

619 2490 728 2535 net.
760 2480 986 2536 Demum
1019 2482 1554 2537 animadvertendum
1586 2492 1690 2546 est,
1723 2497 1845 2551 quae
1877 2480 2188 2535 referuntur
2224 2480 2383 2533 veluti
2410 2494 2475 2532 ex
2504 2478 2561 2532 ὃ.
2600 2478 2900 2533 Athanasio
2930 2494 2959 2533 a
2989 2478 3049 2535 S.
3088 2477 3378 2545 Germano,
3404 2488 3459 2533 et
3488 2479 3557 2533 ab
3584 2475 3853 2531 Adriano,

617 2579 930 2648 hujusmodi
962 2588 1109 2643 sunt,
1154 2590 1213 2634 ut
1253 2581 1591 2635 translationi
1629 2595 1723 2634 seu
1757 2580 2087 2650 μετάφρασι,
2117 2593 2306 2648 parum
2356 2585 2477 2647 apta
2511 2593 2632 2632 esse
2661 2577 2965 2641 videantur,
2998 2578 3089 2631 sed
3140 2574 3531 2630 commentario
3582 2572 3771 2642 potius
3796 2580 3855 2625 et

617 2673 811 2729 fusiori
847 2674 1188 2728 Psalmorutn
1230 2675 1554 2744 expositioni
1601 2675 1775 2743 magis
1806 2674 2153 2735 conveniant,
2190 2688 2253 2726 ae
2291 2671 2519 2741 proinde
2551 2670 2788 2725 validum
2835 2670 2956 2724 inde
2983 2678 3361 2739 argumentum
3392 2667 3534 2721 sumi
3566 2667 3756 2735 nequit
3781 2666 3851 2719 ad

617 2766 971 2835 quaestionem
999 2765 1315 2820 movendam
1361 2765 1427 2819 de
1458 2774 1677 2819 auctore
1708 2772 1906 2817 nostra;
1936 2762 2335 2825 translationis,
2372 2762 2417 2816 si
2472 2761 2526 2814 in
2564 2776 2627 2815 ea
2660 2777 2765 2815 non
2815 2760 3155 2829 reperiantur
3185 2775 3305 2828 quae
3350 2757 3689 2813 translationi
3742 2756 3853 2809 mi-

619 2862 765 2916 nime
798 2870 1135 2933 congruunt;
1171 2862 1281 2915 imo
1325 2861 1506 2930 potius
1554 2860 1623 2913 ah
1670 2856 1988 2928 hujusmodi
2024 2857 2278 2911 brevibus
2328 2865 2382 2909 et
2418 2855 2819 2925 compendiosis
2856 2853 3292 2924 expositionibus
3349 2854 3524 2907 aliena
3574 2851 3852 2912 videntur,

617 2953 740 3007 ideo
763 2953 843 3007 vel
872 2953 1153 3007 Athanasii
1196 2969 1302 3005 non
1335 2962 1481 3016 sunt,
1523 2952 1615 3006 sed
1659 2966 1753 3020 per
1781 2965 2021 3005 errorem
2053 2949 2103 3004 ei
2134 2950 2390 3019 ascripta,
2425 2949 2505 3004 vel
2544 2950 2598 3002 in
2629 2948 3035 3004 commentariis
3080 2947 3268 3002 fusiori
3302 2948 3441 3016 style
3474 2945 3711 3014 scriptis,
3753 2944 3854 3013 qui

618 3053 921 3113 temporum
959 3043 1095 3099 forte
1117 3045 1339 3114 injuria,
1371 3054 1429 3099 ut
1466 3046 1620 3113 plura
1664 3045 1767 3097 alia
1799 3044 2165 3114 deperierant,
2200 3044 2487 3113 quaerenda
2520 3053 2668 3098 sunt.
2711 3044 2841 3109 Quae
2880 3043 3096 3113 quidem
3127 3053 3270 3098 recte
3302 3057 3420 3095 mea
3448 3041 3713 3094 sententia
3742 3039 3852 3093 dici

618 3146 850 3209 possunt
874 3139 940 3193 de
965 3139 1221 3194 omnibus
1242 3140 1364 3195 aliis
1394 3156 1513 3209 qua:
1536 3142 1637 3194 sub
1673 3139 1890 3194 nomine
1919 3138 2203 3193 Athanasii
2237 3140 2487 3207 leguntur
2515 3138 2567 3191 in
2596 3139 2804 3192 catenis
2826 3136 3045 3192 Patrum
3083 3137 3241 3191 editis
3270 3153 3301 3189 a
3336 3134 3686 3188 Balthazarre
3712 3132 3858 3186 Cor-

617 3233 768 3287 derio
794 3232 1041 3300 aliisque.
1074 3230 1335 3287 Praeterea
1368 3249 1463 3301 pro
1495 3233 1886 3287 commentario
1916 3241 2100 3287 nostro
2126 3248 2221 3287 seu
2266 3232 2711 3301 interpretatione
2746 3230 2947 3285 tuenda
2988 3239 3135 3284 certe
3182 3229 3317 3283 illud
3353 3227 3570 3282 silentio
3621 3234 3855 3294 praeter-

619 3327 941 3383 mittendum
971 3343 1078 3382 non
1118 3336 1236 3393 est,
1271 3329 1413 3397 quod
1448 3329 1535 3395 iis,
1571 3344 1690 3397 qua:
1719 3344 1747 3381 a
1782 3328 1840 3381 S.
1871 3327 2143 3382 Germano
2174 3336 2430 3396 tanquam
2470 3342 2536 3381 ex
2581 3327 2864 3381 Athanasii
2920 3325 3137 3396 scriptis
3184 3324 3502 3391 allegantur,
3553 3319 3855 3375 admodum

616 3432 979 3476 consentanea
1009 3431 1134 3476 sunt
1163 3438 1283 3491 quze
1315 3423 1566 3492 leguntur
1599 3423 1650 3475 in
1686 3432 1874 3476 nostra
1919 3422 2250 3490 metaphrasi
2289 3423 2353 3475 ad
2394 3423 2661 3491 psalmum
2703 3438 2795 3476 cnt
2820 3462 2833 3486 ,
2881 3422 2971 3476 ubi
3018 3421 3085 3475 ad
3116 3421 3278 3474 verba
3303 3420 3394 3474 illa
3426 3418 3466 3448 ”
3504 3436 3516 3470 :
3568 3415 3671 3479 Qui
3714 3413 3855 3481 facit

618 3513 829 3583 angelos
869 3531 989 3567 suos
1016 3516 1253 3583 spiritus,
1290 3525 1337 3568 et
1370 3515 1637 3567 ministros
1661 3531 1782 3567 suos
1812 3516 1949 3585 ignis
1985 3516 2276 3583 ﬂammam,
2306 3515 2420 3569 hare
2444 3515 2731 3584 subjicitur
2761 3514 3132 3584 interpretatio
3162 3533 3175 3567 :
3204 3533 3222 3565 ι
3251 3511 3592 3567 Manifestum
3623 3507 3850 3576 quidem

618 3616 720 3671 est,
748 3607 888 3676 quod
923 3609 1092 3661 sancti
1122 3608 1239 3677 ejus
1263 3609 1475 3677 (nempe
1510 3609 1705 3678 angeli)
1749 3608 1972 3676 spiritus
2008 3618 2153 3672 sunt,
2192 3616 2246 3662 et
2279 3608 2507 3663 virtutes
2542 3609 2912 3662 ministrantes
2946 3608 2994 3660 ei
3026 3614 3151 3661 sunt
3178 3606 3338 3677 ignis.
3393 3623 3411 3653 ι
3466 3601 3622 3654 Levis
3675 3602 3850 3651 etiam

620 3700 881 3754 momenti
925 3710 1071 3765 sunt,
1104 3712 1157 3755 et
1194 3703 1397 3756 nullius
1440 3702 1551 3755 fere
1584 3702 1857 3771 ponderis,
1885 3718 2005 3771 qum
2037 3702 2089 3755 in
2131 3702 2356 3765 Manilo,
2388 3702 2531 3771 quod
2561 3703 2908 3772 prmmittitur
2937 3700 3324 3757 commentario
3359 3694 3635 3750 Athanasii
3666 3690 3851 3746 nomi-

619 3807 687 3846 ne
716 3792 995 3861 inscripto,
1034 3794 1102 3846 ab
1134 3794 1320 3848 iisdem
1362 3794 1616 3847 Patribus
1641 3794 2003 3849 Benedictinis
2036 3805 2292 3863 tanquam
2316 3811 2379 3848 ex
2410 3794 2752 3849 Theodoreto
2786 3797 3103 3849 atieruntur.
3137 3793 3377 3847 Primum
3418 3790 3545 3860 quia
3579 3802 3685 3840 non
3718 3793 3861 3839 sunt

619 3884 967 3952 Theodoreti,
996 3896 1054 3940 ut
1085 3887 1183 3955 ipsi
1216 3888 1466 3949 inuuunt,
1501 3888 1592 3940 sed
1625 3887 1856 3955 alicujus
1894 3887 2246 3942 ainanuensis
2278 3889 2445 3957 ignoti
2482 3888 2740 3949 nominis,
2772 3903 2824 3942 et
2866 3888 3084 3940 incertae
3111 3886 3306 3949 aetatis,
3353 3898 3417 3936 ac
3446 3878 3671 3950 proinde
3727 3874 3866 3929 nul-

620 3979 726 4035 lius
760 3982 1096 4037 auctoritatis
1127 4001 1140 4035 :
1171 3982 1381 4047 deinde,
1416 3983 1543 4051 quia
1583 3983 1672 4036 illa
1722 3984 1905 4037 omnia
1936 4025 1951 4049 ,
2003 4000 2123 4052 quae
2171 3985 2239 4039 de
2267 3984 2390 4038 aliis
2423 3985 2561 4038 dicta
2596 3994 2742 4049 sunt,
2784 3984 2850 4039 de
2900 3984 3062 4053 hujus
3092 3982 3373 4052 scriptoris
3424 3978 3725 4048 fragmento
3757 3988 3864 4027 seu

618 4073 930 4128 testimonio
961 4074 1066 4127 dici
1097 4083 1326 4143 possunt
1355 4092 1367 4127 :
1411 4076 1627 4128 demum
1661 4087 1720 4128 ut
1753 4075 2049 4144 generatim
2092 4091 2157 4129 ac
2201 4072 2438 4130 breviter
2479 4077 2860 4146 respondeam,
2897 4086 2951 4129 et
2977 4076 3164 4145 paucis
3191 4073 3469 4129 ostendam
3504 4084 3667 4140 quam
3695 4068 3869 4123 inﬁr-

618 4179 769 4218 mum
802 4167 871 4219 sit
900 4174 1277 4235 argumentum
1308 4166 1451 4231 quod
1494 4166 1618 4220 inde
1651 4183 1680 4219 a
1710 4167 2029 4222 clarissimis
2076 4166 2325 4222 Patribus
2372 4166 2738 4223 Benedictinis
2784 4169 3020 4231 ducitur,
3068 4176 3127 4221 ut
3154 4164 3604 4221 commentarium
3638 4162 3705 4216 de
3740 4176 3866 4231 quo

619 4257 801 4324 agitur
835 4256 891 4310 S.
919 4257 1219 4311 Athanasio
1255 4258 1580 4323 ascribatur,
1609 4274 1675 4311 ex
1708 4274 1774 4312 eo
1803 4260 1946 4327 quod
1980 4277 2121 4314 unus
2148 4261 2228 4314 vel
2254 4261 2391 4314 alter
2423 4261 2575 4317 locus
2601 4272 2841 4317 veterum
2869 4264 3193 4330 set-imorum
3221 4260 3314 4329 qui
3337 4256 3618 4311 Athanasii
3645 4255 3865 4322 εει-ηπ,

618 4348 929 4413 laudarunt,
956 4348 1009 4401 in
1042 4364 1108 4402 eo
1141 4348 1485 4415 inveniatur;
1524 4350 1770 4419 cxunplo
1799 4361 1919 4404 utar
1965 4352 2477 4406 connnentariortun
2509 4354 2560 4405 in
2594 4353 2859 4416 Psalmos,
2908 4354 3000 4423 qui
3049 4351 3357 4421 Ilieronj‘tni
3413 4364 3609 4403 nomen
3654 4346 3868 4400 inscri—

618 4446 770 4507 ptum
797 4438 1016 4501 habent,
1054 4438 1106 4491 in
1135 4439 1331 4506 quibus
1364 4442 1463 4493 etsi
1492 4456 1551 4494 ea
1586 4458 1707 4511 quae.
1737 4441 1793 4496 S.
1823 4444 2161 4512 Augustinus
2187 4455 2240 4500 et
2276 4445 2331 4499 S.
2365 4447 2662 4515 Gregorius
2696 4446 2777 4500 VII
2818 4456 2871 4501 et
2902 4448 3015 4516 ipse
3058 4444 3420 4513 Hieronymus
3449 4458 3513 4495 ex
3552 4439 3669 4494 suis
3697 4453 3867 4492 com-

620 4528 897 4583 mentariis
927 4530 980 4581 in
1003 4524 1324 4581 Psalterium
1363 4530 1573 4599 allegat,
1619 4532 2006 4597 inveniantur;
2042 4542 2221 4586 tamen
2271 4550 2416 4588 nunc
2448 4550 2641 4589 omnes
2684 4534 2795 4588 fere
2836 4533 3034 4589 eruditi
3072 4531 3314 4586 unanimi
3342 4542 3613 4583 consensu
3648 4542 3867 4582 conve-

619 4619 796 4682 niunt,
825 4634 931 4671 non
973 4634 1095 4673 esse
1126 4619 1246 4673 illos
1274 4618 1335 4672 Β.
1371 4617 1699 4687 Hieronymo
1734 4621 2111 4688 ascribendos,
2155 4623 2247 4678 sed
2282 4624 2437 4678 alteri
2468 4625 2742 4693 scriptori,
2789 4624 2882 4694 qui
2924 4624 3203 4693 aliquanto
3237 4630 3361 4692 post
3397 4619 3569 4676 sancti
3604 4618 3867 4675 doctoris

618 4719 832 4765 aztatem
866 4710 1103 4779 scripsit.

694 4857 931 4911 XXXIII.
975 4859 1042 4912 At
1072 4872 1199 4912 vero
1228 4857 1368 4913 alius
1393 4860 1663 4928 quispiam
1694 4858 1928 4915 fortasse
1957 4862 2061 4915 erit
2094 4862 2187 4932 qui
2216 4862 2281 4917 ad
2313 4862 2685 4932 denegandam
2713 4879 2911 4932 magno
2944 4863 3239 4917 Athanasio
3268 4870 3508 4917 nostram
3540 4861 3868 4928 metaphra-

620 4958 745 5023 sim,
771 4956 895 5010 inde
929 4956 1029 5009 sibi
1062 4972 1167 5009 non
1200 4956 1369 5009 levem
1413 4958 1782 5025 conjecturam
1820 4967 1873 5011 et
1905 4969 2281 5024 argumentum
2316 4970 2602 5030 suppetere
2646 4963 2871 5030 putabit,
2918 4962 3060 5030 quod
3107 4970 3296 5014 auctor
3322 4957 3562 5026 ejusdem
3608 4958 3865 5012 transla-

620 5048 786 5102 tionis
813 5047 1023 5100 beatam
1058 5044 1327 5115 Virgincm
1361 5046 1639 5113 Θεοτόκον,
1670 5048 1772 5100 hoc
1798 5056 1898 5111 est,
1948 5048 2251 5117 Deiparam,
2300 5058 2596 5119 tumcupat.
2632 5068 2754 5105 cum
2784 5051 3019 5105 Joannes
3047 5050 3314 5105 Meursius
3348 5050 3399 5102 in
3444 5063 3543 5102 suo
3573 5044 3867 5105 Clossario

622 5138 868 5201 afﬁrmet,
909 5155 925 5187 ι
967 5137 1189 5191 inditum
1230 5154 1350 5193 esse
1390 5139 1491 5192 hoc
1517 5157 1710 5195 nomen
1741 5140 1893 5195 Matri
1929 5141 2141 5196 Domini
2181 5159 2243 5197 ac
2279 5141 2575 5199 Salvator-is
2609 5146 2777 5199 nostri
2810 5143 2936 5198 Jesu
2975 5144 3178 5198 Christi
3217 5160 3246 5197 a
3281 5141 3483 5212 synodo
3516 5157 3545 5192 v
3574 5139 3864 5197 Constan-

624 5230 977 5299 tinopolitana
1008 5240 1247 5301 tempore
1269 5231 1581 5287 Justiniani.
1616 5256 1633 5285 ι
1666 5235 1956 5290 Enimvero
1981 5237 2024 5290 si
2059 5237 2182 5307 quis
2216 5238 2287 5291 ita
2316 5238 2417 5291 sibi
2464 5239 2833 5305 persuaderet,
2859 5240 3017 5307 longe
3051 5256 3078 5290 a
3104 5240 3328 5293 veritate
3352 5238 3641 5291 aberraret.
3677 5233 3867 5307 Quip-

626 5334 689 5383 pe.
720 5322 886 5375 inulto
916 5333 1039 5377 ante
1079 5325 1362 5379 Athanasii
1399 5339 1607 5383 :etatem
1652 5347 1713 5385 ea
1755 5347 1884 5385 voce
1928 5348 2057 5387 usos
2088 5350 2207 5388 esse
2240 5344 2444 5389 veteres
2477 5334 2683 5397 Patres,
2720 5335 3079 5389 indubitatum
3116 5345 3215 5389 est.
3249 5335 3426 5399 Quare
3455 5334 3710 5387 Socrates
3738 5334 3863 5404 (7G)

691 5546 734 5579 ’⁸
768 5548 907 5602 Psal.
943 5565 1122 5614 LXXIX,
1153 5551 1207 5602 2.
1285 5552 1327 5581 ¹⁵
1366 5552 1538 5607 Galat.
1575 5571 1647 5619 tv,
1701 5556 1785 5608 ἐϋ.
1894 5558 1932 5585 ’θ
1999 5557 2187 5610 Matth.
2240 5572 2293 5611 υ

1292 5552 1327 5581 ¹⁵
1366 5552 1538 5607 Galat.
1575 5571 1647 5619 tv,
1701 5556 1785 5608 ἐϋ.
1894 5558 1932 5585 ’θ
1999 5557 2187 5610 Matth.
2240 5572 2360 5623 xxv,
2434 5556 2519 5608 1:2.
2600 5554 2894 5614 "Versﬁi.

698 5732 807 5797 (76‘)
844 5732 981 5789 Hist.
1017 5738 1138 5791 (ul.
1176 5738 1265 5791 lib.
1305 5753 1394 5799 vtt,
1431 5756 1475 5791 ι’.
1512 5740 1593 5793 3'2.
