4058 6450
190 391 296 449 637
829 394 913 451 DE
952 392 1229 450 TlTULIS
1266 392 1707 450 PSALMORUM.
1749 425 1818 434 —
1854 393 2246 452 ANTONELLI
2293 396 2678 454 PRAEFATIO.
3311 393 3412 451 638

189 509 426 566 inscitiae
459 511 637 581 arguit
674 510 1010 576 Nestorium,
1056 514 1146 582 qui
1199 513 1337 567 hanc
1371 527 1555 566 vocem
1601 511 1859 565 Θεοτόκον
1892 519 2146 584 tanquam
2176 529 2368 569 novam
2401 514 2698 583 rejiciebat,
2742 516 2997 586 quoniam
3028 512 3214 569 eadem
3255 526 3412 566 usum

191 601 363 658 fuisse
395 602 936 676 aliirmatOrigenem
961 614 1016 659 et
1059 603 1351 660 Eusebium
1401 603 1814 659 Caesariensem.
1863 604 2111 661 Profecto
2163 607 2353 662 eadem
2407 623 2507 662 vox
2536 607 2731 678 legitur
2779 609 2832 661 in
2880 606 3118 676 Epistola
3171 603 3415 674 Dionysii

188 692 564 760 Alexandrini,
599 710 759 763 quam
793 695 1040 749 adversus
1066 692 1295 747 Paulum
1351 692 1751 748 Samosatenum
1774 696 2009 764 scripsit,
2043 705 2096 750 et
2150 696 2204 750 in
2235 697 2463 766 epistola
2520 713 2683 768 quam
2740 699 2989 752 adversus
3029 698 3144 751 Arii
3175 697 3415 750 haeresim

191 782 498 837 Alexander
525 783 867 837 Alexandriae
897 784 1208 853 episcopus,
1239 791 1294 837 et
1321 783 1600 836 Athanasii
1631 784 1684 836 iu
1728 785 2091 840 Alexandrina
2124 788 2252 842 sede
2293 789 2660 858 praedecessor
2695 788 2762 843 ad
2794 790 3104 860 episcopum
3147 787 3419 842 Constan-

190 873 627 944 tinopolitanum,
669 874 1046 943 cognominem
1089 889 1268 940 suum,
1306 877 1546 944 aliosque
1579 877 1861 945 episcopos
1890 881 2152 934 adversus
2189 879 2376 932 Arium
2427 879 2655 950 ejusque
2686 895 2899 934 errores
2930 880 3108 946 misit';
3157 893 3278 948 quae
3312 877 3419 931 uti-

190 981 320 1035 que,
349 976 608 1036 quantum
638 982 738 1037 ego
776 982 993 1032 censeo,
1023 969 1223 1037 scripta
1261 978 1344 1023 est
1386 969 1454 1023 ab
1502 972 1620 1038 ipso
1649 969 1968 1038 Athanasio,
2003 988 2112 1040 quo
2143 972 2449 1041 defensore,
2481 983 2554 1038 et,
2589 983 2648 1028 ut
2688 975 2762 1028 ita
2800 974 2998 1041 dicam,
3032 973 3286 1028 catholici
3319 971 3418 1026 do-

191 1063 388 1132 gmatis
413 1063 671 1117 advocato
693 1073 745 1119 et
770 1073 997 1133 patrono
1027 1064 1081 1118 in
1109 1063 1322 1119 Nicasna
1372 1067 1577 1136 synodo
1622 1067 1734 1136 ipse
1763 1066 2068 1122 Alexander
2099 1085 2234 1124 usus
2281 1078 2395 1135 est;
2447 1085 2568 1124 cum
2623 1070 2766 1124 enim
2800 1069 3168 1126 archidiaconi
3218 1081 3418 1121 munus

190 1155 248 1208 in
282 1152 520 1208 Ecclesia
552 1154 911 1209 Alexandrina
957 1156 1245 1219 obtineret,
1294 1157 1586 1211 verisimile
1618 1167 1703 1212 est
1744 1158 1906 1212 etiam
1955 1160 2363 1215 scribendarum
2414 1162 2762 1230 epistolarum
2807 1179 2994 1217 curam
3033 1162 3105 1228 ei,
3136 1162 3250 1231 qui,
3284 1169 3420 1216 teste

191 1248 406 1304 Rullin
440 1250 572 1316 (77),
618 1250 906 1304 Alexandri
937 1251 1173 1320 episcopi
1207 1253 1451 1306 consiliis
1486 1253 1692 1318 aderat,
1719 1255 2102 1309 dcmandatam
2133 1255 2321 1311 fuisse.
2361 1255 2616 1311 Profecto
2650 1258 2933 1328 epistolam
2961 1256 3106 1310 illam
3141 1263 3414 1310 auctorem

190 1343 393 1398 habere
416 1342 790 1405 Athanasium,
821 1357 940 1396 eam
986 1350 1189 1396 attente
1225 1342 1616 1407 consideranti,
1647 1354 1702 1398 et
1735 1359 1858 1398 cum
1895 1345 2019 1400 aliis
2070 1346 2354 1400 Athanasii
2388 1347 2647 1416 operibus
2691 1346 2990 1402 conferenti
3020 1345 3175 1399 facile
3199 1357 3418 1414 persua—

189 1435 428 1490 debitur.
464 1433 568 1488 Sed
601 1435 817 1487 demum
848 1434 950 1487 hac
978 1432 1046 1488 de
1075 1449 1134 1488 re
1179 1435 1328 1488 nulla
1365 1435 1416 1488 in
1467 1435 1773 1505 cujuspiam
1808 1437 1993 1491 animo
2027 1438 2294 1492 dubitatio
2339 1439 2576 1494 insidere
2619 1449 2815 1510 potest,
2845 1441 2888 1494 si
2915 1439 3057 1494 edita
3089 1437 3146 1492 S.
3181 1436 3417 1507 episcopi

189 1543 355 1596 opera
396 1527 729 1595 inspexerit;
765 1527 1012 1597 pluribus
1039 1528 1184 1582 enim
1221 1529 1274 1582 in
1305 1528 1441 1585 locis
1482 1529 1704 1584 Mariam
1741 1530 2021 1602 Virginem
2058 1532 2318 1586 Θεοτόκον
2343 1541 2621 1602 nuncupat
2662 1533 3010 1588 beatissimus
3047 1529 3416 1596 Athanasius;

191 1620 268 1673 ita
316 1621 370 1673 in
398 1619 643 1674 oratione
698 1620 855 1674 tertia
885 1629 940 1674 et
963 1629 1159 1691 quarta
1209 1629 1400 1677 contra
1463 1622 1718 1690 Arianos,
1761 1622 1815 1677 in
1861 1623 2005 1679 libro
2037 1623 2112 1678 De
2161 1623 2556 1693 Incamatione,
2614 1634 2669 1680 et
2718 1628 2770 1681 in
2801 1626 2940 1681 libro
2989 1635 3170 1679 contra
3213 1620 3418 1691 Apolli-

189 1725 429 1763 narrum.

265 1796 502 1854 XXXIV.
532 1798 589 1853 Si
615 1799 737 1870 quis
765 1817 893 1856 vero
925 1802 1055 1856 mihi
1088 1803 1362 1874 negotium
1393 1803 1660 1858 facessere
1684 1804 1848 1873 velit,
1878 1807 2214 1876 persuadens
2243 1807 2346 1863 sibi
2379 1809 2829 1864 commentarium
2849 1847 2863 1872 ,
2895 1823 2986 1863 seu
3021 1803 3419 1873 interpretatio-

191 1908 341 1970 nem,
371 1894 546 1962 quade
569 1895 766 1966 agitur,
794 1896 1033 1968 sequiori
1053 1906 1208 1952 aetate
1237 1899 1492 1968 scriptam
1515 1898 1686 1954 fuisse
1710 1915 1777 1953 ex
1803 1900 1871 1954 iis
1890 1916 2012 1970 quae
2037 1901 2289 1956 adnotata
2317 1911 2610 1958 occurrunt
2633 1903 2688 1957 in
2721 1909 3098 1971 argumentum
3128 1897 3319 1967 psalmi
3343 1911 3417 1959 vi,

189 1995 248 2038 et
279 1985 406 2038 alibi
438 1985 494 2038 in
523 1986 668 2041 hunc
697 1989 954 2045 modum:
991 2008 1009 2041 ι
1037 1988 1251 2044 Titulus
1279 1991 1598 2060 praepositus
1622 1991 1861 2046 continet
1910 1991 2016 2045 :ln
2050 1993 2207 2062 ﬁnem
2249 1996 2300 2046 in
2336 1994 2541 2065 hymnis
2590 2010 2683 2063 pro
2733 2003 2916 2047 octava
2950 1990 3194 2045 l’salmus
3233 1987 3418 2042 David.

188 2079 308 2136 Hoc
338 2090 514 2137 autem
545 2083 842 2152 signiﬁcat:
873 2084 930 2140 ln
977 2087 1302 2142 sarculorum
1336 2086 1806 2142 consummatione
1837 2089 2010 2143 sancti
2062 2089 2365 2159 rogabunt,
2399 2099 2460 2143 ut
2495 2089 2790 2144 liberentur
2827 2103 2857 2142 a
2906 2085 3144 2156 judicio,
3183 2091 3237 2138 et
3273 2081 3419 2150 digni

188 2178 324 2230 fiant
342 2186 554 2232 aeternae
579 2181 837 2237 mercedis
866 2183 1254 2238 retributione:
1287 2196 1438 2239 sexto
1470 2183 1612 2237 enim
1638 2184 1838 2240 saeculo
1858 2195 2267 2241 consummatur
2294 2185 2563 2240 mundus:
2592 2185 2818 2254 septimo
2843 2192 3020 2236 autem
3048 2181 3232 2235 orbem
3266 2187 3421 2231 terra:

181 2269 398 2338 judicat
426 2269 722 2326 Dominus:
756 2283 945 2328 octavo
971 2290 1097 2329 vero
1124 2275 1176 2328 hi
1207 2275 1406 2329 abeunt
1432 2274 1486 2328 in
1513 2275 1676 2329 vitam
1700 2285 1979 2339 teternam,
2002 2287 2056 2330 et
2084 2277 2137 2329 hi
2171 2277 2223 2328 in
2255 2277 2578 2346 supplicium
2612 2287 2893 2330 mternum.
2926 2274 3215 2343 Propterea
3245 2271 3421 2325 dictus

184 2373 278 2420 est
307 2366 605 2436 psalmus':
645 2366 711 2420 In
751 2368 904 2436 ﬁnem
934 2373 990 2422 in
1017 2370 1224 2438 hymnis
1257 2385 1349 2435 pro
1377 2379 1578 2435 octava,
1614 2387 1678 2426 eo
1723 2349 1866 2440 quod
1915 2372 2211 2426 liberentur
2254 2371 2430 2426 sancti
2474 2371 2528 2424 in
2557 2379 2779 2434 octava;
2806 2388 2823 2420 ι
2851 2369 2901 2423 id
2930 2384 2960 2422 a
2989 2383 3074 2421 me
3104 2377 3421 2434 responsum

186 2457 360 2523 ferat,
394 2467 604 2514 tantum
635 2463 856 2525 abesse,
884 2472 941 2514 ut
975 2462 1102 2515 hinc
1123 2462 1325 2530 aliquid
1353 2471 1541 2517 contra
1570 2478 1631 2517 ea
1653 2478 1774 2533 qua:
1797 2463 1863 2517 dc
1887 2470 2110 2517 auctore
2136 2461 2508 2516 commentarii
2540 2459 2810 2523 disserui,
2843 2458 3020 2526 colligi
3045 2456 3249 2524 possit,
3287 2453 3422 2522 quin

186 2553 376 2622 potius
399 2553 641 2622 ejusdem
669 2555 964 2626 antiquitas
993 2565 1290 2611 astruatur.
1318 2555 1504 2628 Neque
1528 2558 1671 2612 enim
1698 2567 1906 2612 veteres
1935 2556 2123 2611 Patres
2148 2557 2252 2610 alia
2289 2557 2498 2610 ratione
2529 2555 2690 2609 locuti
2723 2561 2851 2608 sunt
2875 2552 2942 2606 de
2973 2549 3208 2604 Sabbato
3227 2587 3241 2612 ,
3277 2555 3328 2599 ct
3355 2546 3424 2599 de

185 2645 390 2701 Octava
412 2686 427 2711 ,
462 2647 604 2702 etde
629 2648 850 2715 psalmis
884 2649 977 2718 qui
1025 2651 1132 2705 Pro
1159 2662 1342 2705 octava
1378 2652 1766 2706 inscribuntur.
1803 2651 1879 2704 lta
1914 2651 2130 2720 quidem
2165 2649 2221 2703 S.
2257 2649 2534 2703 Barnabas
2582 2648 2635 2701 in
2690 2661 2786 2701 sua
2835 2644 3074 2716 Epistola
3120 2640 3420 2704 catholica,

187 2738 219 2810 ς
263 2739 329 2792 l5
349 2779 364 2804 ,
391 2739 480 2793 ubi
511 2739 751 2810 loquitur
777 2741 844 2796 de
877 2741 1112 2797 Sabbato
1137 2744 1361 2812 ejusque
1396 2743 1856 2808 sanctiﬁcatione;
1880 2751 1933 2795 et
1962 2742 2016 2796 in
2052 2742 2196 2796 notis
2229 2741 2296 2796 ad
2327 2741 2488 2794 verba
2535 2739 2776 2809 ejusdem
2822 2737 3077 2806 Epistula:
3124 2732 3422 2788 Cotclerius

185 2831 349 2885 aﬂ‘ert
372 2847 436 2886 ex
471 2833 657 2888 codice
685 2836 1056 2904 manuscripto
1084 2835 1443 2905 fragmentum
1477 2835 1723 2890 Grmcum
1758 2835 1816 2890 S.
1846 2834 2057 2899 lrenmi,
2084 2836 2239 2905 cujus
2273 2834 2460 2894 verba,
2489 2847 2612 2887 cum
2640 2828 2928 2885 admodum
2963 2826 3160 2882 similia
3203 2824 3312 2877 sint
3355 2820 3422 2876 iis

185 2943 315 3002 quze
345 2928 399 2981 in
432 2938 618 2983 nostro
639 2931 1032 2989 commentario
1063 2931 1347 3000 leguntur,
1380 2945 1487 2986 non
1522 2932 1756 2988 alienum
1783 2933 1887 2987 erit
1913 2948 1942 2986 a
1977 2949 2036 2986 re
2070 2944 2254 2986 nostra
2285 2931 2473 2985 Latine
2508 2930 2712 2984 reddita
2748 2928 2851 2981 hoc
2880 2926 2999 2979 loco
3033 2923 3243 2977 atferre.
3272 2921 3329 2974 lu
3356 2938 3421 2974 eo

184 3019 434 3091 quidem,
470 3021 643 3075 allatis
671 3020 966 3090 Scriptura
986 3023 1165 3078 verbis
1196 3037 1262 3079 ex
1284 3025 1458 3094 capite
1490 3025 1728 3080 secundo
1755 3024 2002 3088 Genesis,
2033 3025 2146 3077 haec
2170 3023 2509 3076 subduntur:
2545 3039 2562 3071 1
2588 3019 2700 3073 Hoc
2730 3027 2909 3073 autem
2940 3025 3024 3071 est
3046 3029 3098 3072 et
3127 3014 3422 3070 antefacto-

185 3130 314 3168 rum
345 3113 580 3167 narratio
619 3123 672 3168 et
693 3112 1000 3172 futurorum
1024 3117 1326 3186 prophetia.
1359 3117 1454 3172 Est
1483 3118 1626 3172 enim
1649 3118 1763 3171 dies
1793 3116 2004 3170 Domini
2031 3116 2186 3185 quasi
2215 3114 2361 3169 mille
2386 3114 2534 3168 anni.
2563 3113 2620 3168 ln
2650 3129 2741 3168 sex
2767 3113 2930 3183 igitur
2949 3110 3140 3165 diebus
3162 3125 3419 3165 consum-

186 3213 340 3257 mata
372 3211 498 3256 sunt
525 3218 646 3273 quae
676 3202 817 3260 facta
851 3216 996 3262 sunt.
1027 3207 1371 3264 Manifestum
1397 3223 1529 3277 ergo
1556 3217 1640 3262 est
1684 3208 1938 3278 quoniam
1971 3209 2371 3262 consummatio
2406 3207 2646 3276 ipsorum
2681 3216 2865 3261 sextus
2898 3205 3215 3259 millesimus
3247 3218 3420 3256 annus

184 3308 293 3352 est.
326 3295 394 3350 Et
419 3297 644 3366 septima
675 3298 759 3354 die
789 3300 974 3354 orbem
993 3301 1237 3369 judicat:
1271 3309 1326 3356 et
1348 3311 1536 3356 octava
1557 3342 1571 3367 ,
1600 3317 1720 3370 quae
1752 3310 1836 3357 est
1863 3300 2105 3356 futurum
2132 3300 2390 3354 saeculum
2415 3338 2431 3362 ,
2467 3299 2601 3352 alios
2632 3298 2848 3367 quidem
2898 3297 3059 3350 tradit
3102 3295 3156 3347 in
3202 3309 3416 3362 paruam

185 3395 488 3451 aeternam,
523 3387 660 3442 alios
685 3388 742 3442 in
762 3390 949 3444 vitam.
982 3387 1210 3460 Propter
1235 3391 1339 3446 hoc
1379 3390 1509 3446 dicti
1564 3401 1690 3446 sunt
1741 3391 1933 3459 psalmi
1963 3391 2073 3444 Pro
2124 3399 2327 3443 octava.
2375 3387 2570 3441 Eadem
2613 3388 2862 3456 leguntur
2901 3387 2953 3442 in
2990 3386 3210 3455 antiqua
3254 3384 3419 3439 inter-

188 3485 497 3550 pretatione
527 3482 716 3538 Latina
746 3484 869 3539 libri
910 3485 1084 3555 quinti
1119 3487 1368 3540 adversus
1398 3487 1615 3542 haereses
1651 3486 1893 3555 ejusdem
1933 3485 2117 3539 lraenci
2147 3483 2298 3553 (78):
2332 3482 2385 3535 in
2437 3482 2680 3536 eamdem
2730 3481 3052 3537 sententiam
3087 3479 3246 3533 verba
3293 3476 3422 3531 facit

187 3576 455 3647 Origenes
485 3579 538 3632 in
568 3580 704 3632 libro
741 3589 924 3632 contra
948 3579 1156 3634 Celsum
1185 3581 1335 3651 ('79);
1367 3580 1684 3651 Hippolytus
1707 3581 1846 3648 apud
1873 3579 2121 3634 Photium
2153 3578 2300 3647 (80);
2337 3587 2529 3632 auctor
2561 3577 2924 3642 Qmestionum
2953 3585 3002 3628 et
3031 3574 3419 3639 responsionum

190 3673 339 3724 inter
366 3685 529 3739 opera
562 3668 758 3724 Justini
791 3668 1036 3741 Martyris
1063 3670 1174 3741 (8t)
1197 3710 1211 3734 ,
1237 3682 1290 3726 et
1318 3671 1630 3725 Lactantius
1658 3672 1794 3725 libro
1825 3671 2053 3739 septimo
2084 3668 2486 3725 Institutionum
2517 3670 2627 3737 (82)
2654 3686 2669 3734 ;
2699 3670 2892 3736 quibus
2923 3663 3151 3718 addendi
3189 3670 3314 3718 sunt
3350 3679 3416 3716 ex

189 3768 409 3824 Latinis
438 3767 497 3822 S.
521 3767 879 3842 Hieronymus
904 3768 956 3822 in
994 3770 1218 3838 epistola
1246 3768 1312 3822 ad
1359 3767 1722 3839 Cyprianum;
1761 3768 1819 3822 S.
1853 3768 2191 3837 Augustinus
2228 3770 2300 3825 De
2332 3772 2539 3824 civitate
2583 3763 2678 3817 Dei
2713 3764 2860 3834 (8‘5),
2904 3770 2956 3815 et
3003 3761 3056 3814 in
3098 3760 3419 3829 expositione

188 3859 392 3923 psalmi
419 3860 586 3924 sexti;
616 3861 979 3917 Cassiodorus
1010 3861 1062 3914 in
1095 3860 1233 3914 libro
1266 3860 1547 3913 Variarum
1576 3859 1725 3928 (84):
1755 3874 1819 3914 ex
1850 3858 2050 3914 Gmcis
2072 3869 2249 3915 autem
2283 3859 2339 3913 S.
2371 3858 2660 3929 Gregorius
2686 3855 3058 3910 Nazianzenus
3089 3853 3141 3906 in
3174 3852 3419 3906 oratione

188 3958 250 4008 in
280 3966 520 4009 sanctum
543 3954 904 4020 Pentecosten,
931 3971 1052 4025 quae
1093 3968 1175 4009 est
1206 3955 1620 4023 quadragesima
1647 3964 1840 4024 quarta
1876 3955 2016 4008 inter
2045 3954 2253 4021 editas;
2285 3955 2548 4010 Eusebius
2571 3951 2918 4008 Caesariensis
2951 3950 3002 4002 in
3028 3944 3418 4001 commentario

188 4059 255 4110 in
285 4046 547 4112 psalmum
569 4062 618 4099 vt
643 4065 657 4112 ;
691 4056 880 4101 auctor
910 4045 1249 4112 expositionis
1279 4044 1333 4097 in
1357 4043 1596 4096 Psalmos
1624 4059 1652 4097 a
1678 4043 1930 4097 Patribus
1957 4041 2317 4098 Benedictinis
2347 4042 2404 4098 S.
2434 4043 2732 4098 Athanasio
2753 4040 2996 4107 ascripta:
3023 4036 3076 4089 iu
3101 4041 3419 4103 argumento

192 4137 393 4207 psalmi
415 4137 582 4203 sexti;
611 4135 668 4191 S.
703 4135 942 4192 Joannes
970 4135 1334 4191 Damascenus
1377 4135 1430 4188 in
1454 4133 1699 4204 _homilia
1734 4134 1808 4188 De
1842 4134 2306 4203 lrans/iguraliotte
2337 4135 2580 4199 Domini,
2613 4144 2666 4188 et
2707 4132 2782 4185 De
2813 4132 2915 4200 [ide
2941 4127 3229 4182 orthodoxa
3264 4126 3416 4197 (85);

192 4229 401 4296 aliique
431 4229 723 4298 scriptores
756 4238 869 4284 tum
901 4228 1072 4284 Graeci
1096 4267 1112 4293 .
1143 4237 1255 4282 tum
1289 4226 1485 4281 Latini.
1521 4224 1726 4281 Horum
1759 4235 1938 4281 autem
1966 4226 2146 4280 verbis
2177 4227 2430 4293 omissis,
2467 4243 2532 4280 ne
2575 4225 2785 4294 longior
2833 4224 2937 4277 sim
2969 4237 3130 4291 quam
3175 4232 3416 4294 oportet,

193 4321 376 4377 solum
400 4320 503 4376 hoc
531 4321 650 4375 loco
680 4319 897 4375 alferam
934 4335 1055 4390 quae
1079 4319 1265 4374 eadem
1293 4319 1358 4373 de
1384 4333 1442 4372 re
1467 4319 1654 4371 scribit
1687 4316 1744 4370 S.
1779 4315 2016 4372 Jacobus
2041 4316 2330 4372 Nisibenus
2355 4317 2660 4386 episcopus,
2687 4316 2780 4384 qui
2811 4323 2965 4369 actate
2999 4318 3172 4382 major
3199 4317 3417 4386 quidem

195 4413 504 4469 Athanasio
537 4411 659 4475 fuit,
695 4412 788 4466 sed
815 4426 940 4466 cum
969 4427 1058 4476 eo,
1083 4411 1211 4466 dum
1244 4411 1423 4466 adhuc
1443 4409 1818 4463 Alexandrina:
1850 4407 2104 4464 Ecclesiae
2130 4409 2391 4464 diaconus
2417 4417 2578 4471 esset,
2604 4407 2658 4459 in
2683 4404 2897 4460 Nicaena
2928 4407 3131 4476 synodo
3153 4406 3415 4460 interfuit.

194 4502 337 4572 Ejus
365 4515 552 4570 opera,
583 4501 746 4570 digna
769 4501 986 4571 quidem
1017 4517 1138 4570 qua:
1166 4502 1219 4555 in
1244 4501 1417 4554 lucem
1442 4500 1726 4570 prodeant,
1755 4513 1862 4552 non
1888 4499 2065 4554 adhuc
2088 4499 2226 4569 typis
2249 4499 2509 4567 impressa
2539 4507 2684 4563 sunt,
2715 4507 2767 4552 et
2791 4514 2821 4551 a
2840 4497 3082 4566 pluribus
3099 4498 3418 4552 clarissimis

192 4593 562 4666 scriptoribus
591 4603 847 4664 tanquam
879 4594 1084 4663 perdita
1111 4594 1500 4663 deplorantur;
1528 4592 1621 4648 sed
1653 4591 1793 4662 apud
1825 4598 1943 4657 me,
1970 4600 2026 4646 et
2068 4592 2193 4646 alibi
2241 4590 2475 4645 fortasse
2515 4592 2877 4660 manuscripta
2912 4592 3178 4646 exsistunt
3233 4591 3415 4660 lingua

192 4692 461 4747 Armena.
492 4687 726 4760 Operum
760 4699 941 4744 autem
967 4688 1024 4742 S.
1053 4686 1244 4742 Jacobi
1275 4703 1342 4743 ex
1373 4688 1614 4758 antiquis
1640 4687 2000 4756 scriptoribus
2019 4729 2034 4754 ,
2063 4687 2197 4742 ut-id
2220 4687 2394 4742 obiter
2419 4690 2774 4750 admoneam,
2806 4685 3048 4739 meminit
3073 4684 3416 4749 Gennadius,

195 4785 298 4854 qui
328 4784 449 4838 ideo
474 4793 626 4853 putat
667 4784 720 4837 in
750 4783 1002 4854 Catalogo
1023 4782 1494 4838 ecclesiasticarum
1525 4784 1840 4851 scriptorum
1867 4783 1934 4838 de
1982 4783 2086 4838 illis
2129 4781 2190 4836 Β.
2239 4783 2627 4854 Hieronymum
2678 4782 3001 4835 mentionem
3043 4794 3151 4834 non
3187 4779 3380 4834 fecisse
3403 4821 3417 4846 ,

194 4876 336 4947 quia
363 4876 602 4930 nondum
636 4891 666 4930 e
691 4873 828 4947 Syro
856 4891 1112 4931 sermone
1142 4875 1196 4929 in
1226 4875 1388 4929 aliam
1419 4875 1658 4945 linguam
1683 4890 1837 4931 versa
1867 4874 2102 4931 fuerant.
2143 4873 2314 4930 Verba
2355 4884 2532 4930 autent
2567 4873 2831 4928 Gennadii
2862 4873 2985 4927 talia
3018 4880 3181 4927 sunt:
3222 4889 3240 4922 ι
3264 4869 3417 4925 Hunc

193 4972 382 5025 virum
416 4970 474 5025 B.
531 4970 890 5044 Hieronymus
933 4973 988 5026 in
1036 4974 1174 5028 libro
1213 4971 1526 5044 Χρονικῶν,
1571 4972 1715 5026 velut
1749 4987 2065 5042 magnarum
2103 4973 2362 5027 virtutum
2406 4972 2677 5029 hominem
2729 4970 3046 5029 nominans.
3079 4969 3132 5020 in
3164 4965 3417 5034 Catalogo

193 5064 522 5131 scriptorum
552 5078 651 5116 cur
679 5081 784 5118 non
820 5063 1090 5134 posuerit,
1124 5064 1281 5119 facile
1311 5062 1690 5118 excusabitur:
1727 5062 1770 5118 si
1806 5064 2209 5122 consideremus
2250 5065 2395 5135 ipsos
2437 5073 2579 5128 tres,
2641 5062 2721 5118 vel
2755 5068 2986 5130 quatuor
3035 5055 3232 5128 Syros,
3277 5073 3415 5127 quos

276 5200 393 5264 (77)
429 5200 568 5253 "ist.
594 5200 722 5253 eccl.
756 5201 849 5254 lib.
880 5218 916 5264 I,
956 5218 1005 5254 ο.
1034 5201 1087 5254 5.

276 5269 394 5337 (78)
429 5269 546 5340 Lib.
580 5287 630 5336 v,
670 5286 788 5340 cap.
822 5273 914 5333 9.8,
938 5272 1028 5325 ‘29.

277 5339 395 5408 (79)
431 5338 548 5392 Lib.
577 5357 634 5396 ll.

274 5407 392 5476 (80)
421 5408 674 5462 Biblioth.
703 5407 824 5461 cod.
857 5423 1052 5462 ccxcn.

276 5478 390 5547 (81)
424 5479 581 5546 Resp.
618 5480 708 5531 7i.

301 5547 391 5615 82)
428 5549 556 5617 Cap.
583 5549 670 5601 Η.

775 5617 1111 5682 15;etxxn,
1145 5631 1190 5670 c.
1224 5615 1309 5670 50.

281 5685 396 5755 (84)
420 5685 536 5756 Lib.
573 5705 610 5752 ι,
636 5704 721 5756 ep.
756 5687 841 5740 10.

288 5757 404 5830 (85)
438 5755 552 5812 Lib.
588 5755 805 5826 tv,’cap.
843 5759 929 5812 25.
