4058 6474
634 406 739 458 639
1403 405 1461 461 S.
1504 403 1863 458 ATHANASll
1904 404 2051 458 UPP.
2118 404 2291 459 PARS
2323 404 2406 459 Ill.
2453 436 2516 448 -—
2548 406 2949 466 EXEGETICA.
3763 415 3860 467 640

635 519 848 589 posuit,
886 519 1274 584 lnterprotatos
1307 519 1357 571 in
1390 519 1636 572 Graecum
1673 535 1729 572 se
1761 518 1987 587 legisse,
2021 529 2311 585 testatum;
2347 521 2485 574 unde
2515 533 2726 577 constat
2769 541 2892 578 cum
2941 527 3215 594 ignorasse
3255 529 3348 584 illo
3393 541 3630 599 tempore
3669 530 3858 598 Syram

633 607 870 678 linguam
905 607 988 662 vel
1016 606 1249 666 litteras.
1281 609 1347 663 Et
1381 610 1498 681 ideo
1531 610 1706 674 hunc,
1737 612 1829 679 qui
1865 612 2089 665 necdum
2124 612 2175 664 in
2208 613 2368 665 aliam
2413 628 2600 668 versus
2640 626 2723 669 est
2753 617 2988 687 linguam
3009 661 3023 682 ,
3069 621 3307 676 nescisse
3354 623 3690 692 scriptorem.
3729 640 3747 671 ι
3785 621 3859 674 Ita

635 701 969 760 Gennadius.
997 704 1077 762 Αι
1109 723 1238 761 vero
1270 722 1377 776 quo
1410 716 1648 774 tempore
1676 704 2034 778 Hieronymus
2073 707 2269 762 librum
2296 706 2372 760 De
2400 709 2761 764 ecclesiasticis
2793 713 3128 781 scriptoribus
3157 717 3487 786 composuit,
3517 717 3719 782 optimc
3747 715 3857 783 jam

634 799 861 853 callebat
891 797 1136 866 lingu-am
1173 798 1472 869 Syriacam.
1504 797 1779 865 Siquidem
1816 813 1936 852 eum
1980 798 2172 850 librum
2207 799 2472 862 absolvit,
2499 810 2557 853 ut
2583 801 2696 869 ipse
2727 810 2981 866 testatur,
3020 819 3161 857 anno
3187 805 3397 860 decimo
3422 817 3617 875 quarto
3647 806 3854 874 imperii

637 889 929 944 Theodosii
960 892 1078 962 (86)
1103 934 1118 957 ,
1153 893 1254 944 hoc
1285 900 1367 945 est
1399 903 1542 942 anno
1573 889 1783 942 Domini
1817 888 1922 942 39:).
1953 889 2005 940 in
2058 886 2504 943 Bethlehemitico
2546 906 2765 946 secessu
2787 933 2802 960 ,
2853 909 2973 947 cum
3004 895 3114 963 jam
3162 905 3304 950 esset
3349 908 3634 965 provectus
3667 907 3856 961 aztate.

635 1001 840 1041 annum
870 1001 1038 1059 agens
1069 985 1462 1055 sexagesimum
1497 983 1730 1038 circiter.
1765 982 1947 1051 Itaque
1982 991 2092 1036 tum
2127 982 2208 1036 vel
2237 983 2473 1052 linguam
2512 982 2771 1054 Syrorum
2799 985 3077 1050 didicerat,
3103 988 3186 1042 vel
3214 1004 3510 1056 nunquam,
3542 989 3688 1058 quod
3713 999 3858 1044 certe

636 1082 833 1137 falsum
863 1094 968 1148 est,
997 1082 1204 1135 didicit.
1235 1080 1312 1133 Ad
1343 1079 1455 1133 hac
1482 1079 1706 1141 accedit,
1738 1078 1876 1145 quod
1904 1077 2084 1146 plures
2112 1093 2285 1133 annos
2317 1089 2607 1148 antequam
2638 1096 2773 1149 opus
2810 1081 2881 1134 De
2912 1082 3277 1138 ecclesiasticis
3311 1085 3652 1153 scriptoribus
3677 1087 3858 1141 absol-

635 1185 801 1238 veret,
837 1191 964 1233 cum
991 1176 1269 1230 Hebraicas
1303 1175 1498 1244 lingua:
1525 1175 1766 1228 notitiam
1801 1174 2026 1241 adeptus
2049 1183 2211 1238 esset,
2243 1174 2616 1228 Cbaldzeorum
2648 1191 2868 1245 quoque
2893 1177 3191 1231 ediscenda:
3218 1193 3433 1248 operam
3465 1179 3652 1233 sedulo
3685 1178 3854 1236 dedit.

635 1265 844 1339 Lingua
871 1279 1048 1326 autem
1078 1269 1368 1325 Chaldaica
1391 1277 1445 1322 et
1480 1266 1720 1337 Syriaca,
1748 1265 1911 1320 veluti
1946 1265 2182 1334 ejusdem
2216 1267 2412 1336 lingua:
2436 1268 2661 1322 diversae
2695 1269 2929 1335 dialecti,
2961 1270 3093 1324 adeo
3129 1270 3268 1324 inter
3295 1285 3353 1324 se
3386 1269 3570 1324 allines
3605 1283 3763 1333 sunt,
3801 1279 3857 1321 ut

634 1363 681 1418 si
713 1363 1088 1418 characterum
1118 1361 1485 1416 diversitatem
1508 1401 1524 1425 ,
1555 1374 1648 1412 seu
1686 1359 1986 1412 litterarum
2025 1359 2253 1411 fortnam
2285 1367 2340 1412 et
2383 1359 2608 1427 liguram
2632 1399 2647 1421 ,
2688 1359 2884 1428 quibus
2915 1362 2970 1414 in
3015 1362 3300 1416 scribendo
3342 1362 3574 1416 Chaldzei
3619 1372 3674 1416 et
3737 1361 3856 1433 Syri

637 1461 865 1507 utuntur
889 1493 904 1515 ,
941 1461 996 1506 et
1024 1451 1313 1507 normullas
1346 1465 1536 1506 vocum
1563 1448 1972 1502 terminationes
1992 1487 2006 1511 ,
2030 1458 2084 1501 et
2112 1464 2282 1518 pauca
2317 1449 2560 1518 quaedam
2592 1451 2693 1503 alia
2727 1452 2874 1521 parvi
2902 1455 3158 1507 momenti
3188 1454 3424 1523 excipias
3445 1495 3458 1518 ,
3489 1455 3689 1509 eaedem
3722 1470 3856 1523 pene

638 1545 766 1610 sint,
794 1547 930 1600 adeo
957 1553 1015 1598 ut
1035 1544 1128 1613 qui
1159 1543 1383 1597 alteram
1409 1557 1474 1596 ex
1505 1541 1590 1594 bis
1614 1542 1784 1603 novit,
1817 1538 1974 1594 facile
2001 1548 2285 1609 utramque
2309 1541 2587 1610 intelligat.
2621 1541 2845 1611 Insuper
2873 1544 3047 1612 posito
3066 1545 3225 1599 etiam
3251 1547 3389 1615 quod
3415 1547 3652 1617 linguam
3678 1547 3860 1616 Syria-

636 1655 755 1695 cam
782 1638 1142 1708 llieronymus
1167 1637 1470 1706 ignoraret,
1504 1644 1679 1688 tamen
1709 1634 1759 1687 id
1795 1634 2015 1687 minime
2043 1633 2425 1702 impedimento
2448 1651 2568 1690 esse
2600 1646 2843 1705 poterat,
2877 1641 3169 1706 quominus
3202 1641 3268 1695 de
3290 1642 3543 1710 operibus
3577 1642 3636 1698 S.
3671 1643 3856 1700 Jacobi

635 1729 876 1784 Nisibeni
905 1728 1104 1796 aliquid
1138 1726 1329 1780 litteris
1358 1724 1624 1788 traderet,
1659 1723 2111 1793 quemadmodum
2137 1725 2202 1778 de
2231 1722 2288 1778 S.
2316 1724 2567 1794 Ephrem,
2597 1727 2823 1796 ejusque
2855 1729 3006 1782 libris
3038 1729 3256 1799 Syriace
3293 1732 3506 1801 scriptis
3552 1734 3604 1786 in
3641 1735 3860 1788 laudato

636 1824 888 1894 Catalogo
926 1824 1216 1876 illustrium
1245 1823 1476 1876 virorum
1509 1822 1836 1876 mentionem
1896 1820 2022 1876 fecit
2062 1821 2114 1874 in
2165 1821 2308 1876 hunc
2338 1825 2580 1877 modum.
2619 1842 2637 1873 ι
2679 1821 2860 1888 Multa,
2908 1823 3123 1892 inquit,
3169 1825 3304 1896 Syro
3345 1842 3595 1882 sermone
3622 1843 3847 1897 compo-

636 1919 762 1973 suit.
788 1937 807 1970 ι
842 1915 1025 1985 Neque
1053 1917 1197 1972 enim
1228 1931 1352 1971 cum
1379 1917 1519 1971 inter
1551 1915 1718 1986 Syros
1743 1917 1988 1986 degeret,
2016 1927 2176 1984 Opera
2210 1915 2268 1970 S.
2292 1916 2477 1971 Jacobi
2505 1918 2765 1979 Nisibeni,
2795 1921 2838 1972 si
2873 1921 3053 1990 lingua
3084 1918 3341 1991 Syrorum
3373 1923 3570 1991 scripta
3602 1921 3852 1986 fuissent,

634 2024 698 2064 ac
727 2009 953 2078 proinde
983 2007 1052 2060 ob
1080 2007 1318 2061 auctoris
1344 2006 1708 2061 celebritatem
1743 2005 1998 2059 omnibus
2025 2005 2184 2074 vulgo
2210 2017 2336 2060 nota
2357 2016 2568 2071 essent,
2592 2007 2841 2077 ignorare
2865 2024 2986 2063 eum
3016 2010 3255 2079 potuisse
3281 2054 3294 2074 ,
3327 2013 3620 2067 verisimile
3653 2023 3756 2068 est.
3787 2014 3856 2066 At

635 2117 766 2156 vero
799 2116 904 2156 non
930 2102 1104 2156 solum
1135 2099 1446 2170 Hieronymi
1469 2109 1623 2154 astate
1644 2142 1658 2165 ,
1684 2100 1776 2154 sed
1803 2101 1963 2155 etiam
1991 2110 2176 2170 postea
2210 2101 2470 2168 temporis
2502 2103 2642 2169 apud
2692 2100 2856 2173 Syros
2888 2113 2942 2157 et
2973 2102 3316 2174 Syriaearum
3353 2120 3530 2158 rerum
3562 2107 3855 2174 scriptores

635 2196 779 2250 nulla
807 2195 1010 2249 mentio
1033 2203 1117 2248 est
1138 2194 1204 2248 de
1233 2191 1290 2247 S.
1322 2191 1505 2246 Jacobi
1532 2191 1768 2248 Nisibeni
1798 2194 2072 2262 operibus,
2103 2194 2299 2263 quippe
2322 2210 2442 2263 quae
2471 2195 2537 2248 ab
2570 2196 2686 2264 ipso
2710 2210 2818 2248 non
2853 2194 3094 2267 Syriaca,
3129 2200 3220 2252 sed
3252 2200 3482 2252 Armena
3508 2198 3716 2266 lingua,
3749 2216 3855 2270 qua

634 2293 885 2345 utebatur
921 2291 978 2344 S.
1011 2289 1307 2359 Gregorius
1330 2289 1695 2352 lllnminator,
1719 2305 1750 2343 a
1779 2304 1888 2358 quo
1917 2299 2136 2358 rogatus
2160 2305 2222 2343 ea
2249 2289 2575 2359 composuit,
2605 2290 2807 2359 scripta
2841 2288 3080 2344 fuerunt.
3106 2290 3290 2360 Itaque
3316 2294 3394 2347 vel
3425 2293 3680 2348 mendum
3723 2295 3860 2349 irre.

635 2383 741 2451 psit
769 2383 822 2435 in
848 2390 1052 2436 textum
1091 2381 1355 2436 Gennadii
1379 2422 1394 2447 ,
1422 2389 1473 2435 et
1501 2396 1598 2450 pro
1622 2379 1757 2448 Syro
1787 2397 2018 2434 sermone
2059 2381 2344 2449 legendum
2379 2391 2461 2434 est
2491 2381 2718 2434 Armeno
2737 2421 2751 2444 ,
2777 2383 2860 2436 vel
2904 2383 3084 2452 potius
3110 2424 3124 2448 ,
3158 2394 3215 2436 ut
3265 2400 3415 2450 reor,
3445 2395 3499 2438 et
3524 2384 3862 2454 probabilius

632 2477 792 2531 etiam
825 2474 1069 2538 videtur,
1102 2474 1365 2528 memoria
1391 2472 1576 2542 lapsus
1603 2481 1687 2526 est
1709 2470 2018 2525 Gennadius
2049 2470 2295 2524 scribens
2331 2471 2552 2540 Syriaca
2583 2472 2764 2540 lingua
2786 2514 2801 2536 ,
2831 2489 2936 2527 non
2979 2484 3156 2528 autem
3189 2476 3418 2528 Armena
3456 2490 3620 2543 opera
3668 2475 3726 2530 S.
3772 2475 3862 2530 Ja-

629 2568 752 2624 cobi
773 2569 971 2636 scripta
998 2567 1164 2622 fuisse
1184 2607 1200 2633 ,
1237 2575 1331 2621 aut
1359 2565 1729 2634 conjecturam
1765 2563 1967 2619 faciens
1987 2579 2050 2618 ex
2078 2565 2249 2633 patria
2282 2562 2501 2631 Jacobi,
2534 2582 2655 2636 quae
2684 2567 2942 2637 Syrorum
2976 2570 3106 2624 urbs
3128 2580 3243 2623 erat
3267 2609 3280 2632 ,
3308 2585 3412 2640 qua
3449 2571 3632 2640 lingua
3659 2573 3861 2640 scripta

633 2656 865 2712 fuissent
893 2671 1056 2725 Opera
1078 2696 1094 2722 ,
1122 2670 1355 2725 quorum
1381 2693 1396 2720 ,
1425 2664 1484 2709 ut
1515 2656 1804 2710 verisimile
1834 2665 1916 2711 est
1935 2697 1949 2721 ,
1981 2656 2036 2709 in
2059 2655 2384 2710 Massiliensi
2416 2658 2750 2711 monasterio
2787 2659 2866 2712 vel
2899 2660 3070 2713 solam
3123 2662 3426 2715 versionem
3460 2659 3711 2716 Latinam
3736 2704 3752 2726 ,
3781 2663 3861 2716 vel

635 2752 815 2822 aliqua
841 2760 1092 2820 excerpta
1113 2791 1128 2816 ,
1160 2750 1241 2805 vel
1269 2751 1569 2821 catalogum
1598 2766 1693 2806 seu
1727 2750 2021 2806 indiculum
2049 2751 2312 2805 duntaxat
2344 2750 2597 2806 habebat.
2629 2751 2810 2808 Locus
2844 2764 3023 2808 autem
3057 2753 3114 2808 S.
3144 2753 3330 2810 Jacobi
3357 2755 3596 2812 Nisibeni
3627 2801 3640 2822 ,
3667 2758 3761 2827 qni
3794 2758 3859 2811 ad

635 2858 748 2897 rem
768 2883 783 2910 ,
805 2843 980 2912 quade
1009 2844 1219 2913 agitur,
1251 2842 1516 2911 pertinet,
1549 2842 1604 2895 in
1634 2855 1902 2907 _sermone
1935 2839 2172 2894 secundo
2201 2838 2278 2892 De
2308 2838 2612 2908 dilectione,
2659 2841 2751 2896 ubi
2788 2842 2946 2896 verba
2986 2842 3116 2896 facit
3141 2844 3206 2896 de
3247 2856 3515 2912 postrema
3558 2843 3859 2900 Jerusalem

632 2941 912 2995 eversione
926 2949 979 2994 et
1004 2939 1335 3008 captivitate,
1367 2938 1491 2993 talis
1511 2947 1594 2992 est
1624 2955 1637 2992 :
1673 2955 1692 2989 ι
1717 2935 1836 2990 Non
1864 2935 2148 2992 videantur
2176 2936 2268 2992 tibi
2301 2935 2553 3002 difﬁcilia,
2585 2937 2925 3002 charissime,
2963 2955 3084 3009 qua:
3114 2942 3341 3010 scripsi,
3373 2942 3518 3010 quod
3545 2942 3599 2996 in
3631 2943 3860 2997 dimidio

634 3036 741 3091 diei
777 3051 889 3091 suae
925 3035 1132 3089 dimisit
1159 3035 1298 3089 Deus
1343 3033 1675 3098 Jerusalem,
1704 3033 1832 3103 quia
1869 3033 1943 3087 ita
1979 3033 2168 3088 scribit
2195 3032 2359 3087 David
2401 3034 2455 3087 in
2489 3034 2700 3103 psalmo
2737 3037 3064 3105 octogesimo
3103 3051 3244 3090 nono
3295 3056 3307 3091 :
3373 3037 3519 3091 Mille
3565 3040 3693 3092 anni
3741 3050 3860 3094 ante

633 3127 811 3181 oculos
831 3127 1038 3180 Domini
1054 3135 1302 3196 tanquam
1319 3128 1427 3181 dies
1450 3126 1708 3193 hesterna,
1731 3143 1847 3196 qua:
1862 3127 2114 3197 prwteriit
2130 3125 2201 3192 ¹⁸;
2237 3141 2399 3196 quam
2434 3127 2753 3181 sententiam
2776 3144 2838 3182 ex
2849 3130 3106 3197 plicantes
3124 3131 3374 3185 doctores
3392 3133 3562 3186 nostri
3583 3135 3860 3202 sapientes

633 3221 842 3285 dicunt,
872 3219 1017 3290 quod
1050 3219 1105 3272 in
1136 3218 1487 3273 similitudine
1513 3227 1715 3288 septem
1741 3218 1950 3272 dierum
1981 3217 2193 3286 positus
2216 3225 2300 3270 est
2328 3216 2417 3271 hic
2448 3218 2680 3271 mundus
2707 3232 2739 3270 a
2764 3217 2894 3283 Deo,
2931 3226 2983 3272 et
3009 3217 3061 3271 in
3091 3222 3558 3275 consummatione
3584 3239 3676 3277 sex
3712 3225 3858 3277 mille

637 3332 904 3372 annorum
936 3315 1176 3371 solvetur
1201 3316 1437 3371 mundus
1469 3315 1574 3381 hic,
1606 3321 1661 3367 et
1685 3312 1789 3366 erit
1818 3310 2113 3367 Sabbatum
2142 3311 2237 3366 Dei
2273 3314 2326 3365 in
2354 3311 2763 3366 similitudinem
2791 3313 3000 3371 dierum
3032 3313 3249 3367 Sabbati
3271 3354 3287 3377 ,
3318 3315 3461 3383 quod
3491 3325 3576 3369 est
3611 3327 3733 3383 post
3767 3333 3858 3371 sex

635 3413 772 3465 dies.
799 3429 817 3461 ι
850 3408 963 3461 ιιηο
987 3423 1114 3463 vero
1137 3408 1449 3477 hujusmodi
1477 3404 1760 3476 persuasio
1794 3404 1860 3458 de
1886 3404 2173 3457 duratione
2201 3405 2386 3457 mundi
2429 3413 2482 3456 et
2517 3402 2880 3468 Sabbatisrro,
2916 3404 3148 3460 laudatis
3196 3421 3356 3474 supra
3402 3421 3432 3458 a
3478 3422 3564 3460 me
3607 3406 3860 3464 l’atribus

636 3509 908 3577 antiquior
935 3517 1052 3574 est,
1080 3520 1308 3574 eamque
1332 3519 1398 3558 ex
1430 3503 1594 3557 veteri
1625 3499 1968 3555 Hebraeorum
2000 3499 2290 3554 traditione
2332 3499 2595 3568 originem
2628 3498 2927 3566 sumpsisse
2976 3499 3316 3553 crediderim.
3371 3499 3647 3569 Siquidem
3683 3515 3747 3554 ex
3789 3502 3857 3557 iis

635 3615 756 3669 quae
787 3614 905 3667 cap.
934 3615 1039 3652 xxv
1073 3596 1299 3651 Levitici
1331 3594 1716 3665 praecipiuntur
1741 3593 1807 3647 de
1830 3591 2219 3647 sabbatizando
2243 3589 2499 3655 Sabbato,
2535 3590 2798 3657 colligunt
2825 3600 3031 3646 veteres
3060 3591 3268 3645 rabbini
3299 3591 3556 3645 mundum
3591 3591 3856 3646 duntaxat

637 3708 730 3760 per
763 3707 854 3746 sex
883 3692 1048 3746 millia
1080 3706 1346 3746 annorum
1375 3689 1717 3753 duraturum,
1739 3695 1792 3739 et
1813 3684 1960 3755 quod
1994 3685 2254 3752 septimus
2284 3685 2618 3737 millenarius
2649 3681 2864 3737 futurus
2886 3684 2955 3737 sit
2991 3683 3286 3738 Sabbatum
3319 3682 3554 3736 Domini.
3585 3682 3730 3737 Mille
3761 3697 3858 3737 au'

635 3796 741 3841 tem
768 3801 941 3843 annos
964 3795 1254 3841 numerant
1285 3799 1382 3854 pro
1415 3797 1525 3837 uno
1554 3782 1661 3844 die,
1689 3780 1816 3849 quia
1847 3781 1900 3832 in
1930 3779 2136 3847 psalmo
2157 3777 2362 3832 dictum
2393 3786 2476 3832 est
2520 3796 2531 3831 :
2569 3777 2716 3831 Mille
2743 3779 2868 3830 anni
2911 3787 3029 3830 ante
3065 3778 3240 3831 oculos
3280 3787 3416 3843 tuos,
3459 3786 3709 3847 tanquam
3746 3780 3856 3832 dies

639 3879 901 3945 hesterna,
956 3896 1071 3948 quae
1127 3879 1406 3948 praeteriit.
1438 3876 1504 3929 Et
1531 3876 1747 3946 quidem
1778 3875 1831 3927 in
1864 3872 2166 3927 Sanhedrin
2192 3874 2263 3927 ita
2298 3873 2556 3942 scriptum
2583 3874 2844 3928 habetur:
2891 3892 2907 3924 ι
2939 3873 3043 3928 Sex
3072 3875 3307 3929 millibus
3337 3890 3604 3928 annorum
3639 3874 3858 3928 durabit

642 3974 910 4041 mundus,
937 3983 991 4028 et
1021 3989 1130 4028 uno
1159 3972 1461 4027 millenario
1483 3971 1754 4025 desolatus
1795 3970 1915 4024 erit.
1949 3969 2165 4024 Duobus
2198 3969 2434 4023 millibus
2475 3970 2690 4024 durabit
2723 3971 3022 4025 devastatio
3071 3971 3190 4040 ejus
3225 3970 3296 4040 (id
3328 3979 3410 4025 est
3441 3970 3647 4027 inculta
3685 3970 3858 4024 homi-

641 4087 770 4125 num
795 4071 947 4140 vita),
977 4079 1030 4126 et
1061 4069 1272 4124 duobus
1295 4067 1533 4122 millibus
1566 4065 1671 4128 lex,
1708 4073 1865 4134 atque
1892 4063 2104 4117 duobus
2136 4062 2372 4117 millibus
2399 4063 2516 4117 dies
2549 4061 2776 4119 Messias.
2803 4083 2821 4114 ι
2854 4061 3005 4116 Unde
3020 4064 3128 4117 duo
3151 4061 3476 4124 inferuntur,
3516 4074 3574 4118 ut
3601 4064 3650 4117 id
3682 4065 3858 4118 obiter

640 4180 888 4219 moneam
909 4204 924 4227 ,
955 4173 1142 4218 contra
1165 4164 1309 4231 ipsos
1342 4160 1624 4215 Hebraeos:
1657 4174 1847 4227 nempe
1872 4159 1983 4227 jam
2012 4157 2216 4226 pridem
2249 4155 2503 4212 Messiam
2531 4159 2745 4213 venisse
2767 4198 2781 4221 ,
2817 4169 2869 4213 et
2890 4159 3057 4227 legem
3090 4158 3376 4213 Mosaicam
3400 4159 3718 4212 duraturam
3749 4175 3855 4214 non

643 4257 840 4319 fuisse,
870 4257 972 4311 nisi
999 4269 1171 4325 usque
1201 4254 1282 4308 ad"
1297 4253 1584 4308 adventum
1616 4253 1784 4322 ipsius
1813 4250 2043 4305 Messias.
2082 4246 2188 4304 Sed
2215 4249 2418 4304 relictis
2450 4251 2743 4306 rabbinicis
2787 4251 3169 4306 traditionibus
3213 4252 3441 4306 reditum
3481 4249 3750 4306 faciamus
3787 4251 3854 4305 ad

638 4347 1012 4402 Athanasium.

711 4437 922 4493 XXXV.
955 4438 1155 4493 Praeter
1185 4439 1446 4492 hactenus
1479 4451 1509 4490 a
1540 4451 1625 4490 me
1647 4435 1807 4488 allata
1827 4473 1841 4497 ,
1875 4433 2284 4505 archiepiscopo
2307 4433 2674 4488 Alexandrino
2703 4432 3092 4504 Expositionem
3114 4433 3452 4488 Psalmorum
3474 4475 3488 4498 ,
3516 4451 3682 4504 quam
3711 4451 3855 4492 nunc

640 4531 874 4599 primum
905 4530 959 4582 in
986 4528 1261 4597 publicum
1290 4526 1503 4580 edimus
1522 4564 1536 4588 ,
1567 4525 1672 4579 alia
1698 4540 1913 4595 quoque
1940 4538 2047 4577 non
2079 4527 2231 4592 parvi
2261 4526 2520 4579 momenti
2553 4525 2846 4580 vindicant.
2871 4531 2948 4582 Ac
2973 4528 3206 4596 primum
3228 4535 3546 4582 vetustatem
3573 4528 3855 4598 scriptoris

641 4623 1014 4678 commentarii
1039 4663 1053 4687 ,
1076 4621 1303 4691 ejusque
1329 4619 1504 4673 natale
1529 4619 1702 4673 solum
1727 4657 1740 4681 ,
1773 4617 1857 4672 vel
1887 4615 2223 4670 domicilium
2257 4616 2595 4671 Alexandria:
2625 4618 2789 4673 fuisse
2809 4658 2823 4683 ,
2851 4629 2943 4673 aut
2981 4629 3128 4674 certe
3166 4635 3270 4674 non
3297 4620 3482 4689 procul
3522 4621 3590 4674 ab
3621 4637 3683 4676 ea
3724 4624 3854 4677 urbe

641 4716 947 4780 manifesto,
980 4724 1040 4770 ut
1070 4714 1199 4768 mihi
1230 4713 1462 4773 videtur,
1498 4710 1759 4772 indicant,
1792 4723 1910 4777 qua:
1936 4710 1988 4761 in
2019 4708 2354 4778 expositione
2380 4710 2445 4762 ad
2470 4711 2734 4776 psalmum
2757 4727 2895 4766 cxxv
2929 4711 3205 4781 leguntur:
3249 4715 3319 4768 ibi
3347 4715 3492 4768 enim
3523 4716 3765 4787 loquitur
3785 4721 3852 4775 de

640 4810 1043 4871 Rhinocurura,
1074 4824 1169 4862 seu
1197 4805 1563 4862 Rhinocolura
1593 4803 1704 4872 (87)
1743 4813 1996 4872 tanquam
2029 4803 2096 4856 de
2129 4803 2261 4856 urbe
2289 4819 2410 4872 qua:
2443 4804 2661 4873 propius
2687 4805 2872 4859 aberat
2892 4822 2922 4860 e
2948 4807 3066 4862 loco
3095 4809 3233 4862 unde
3257 4808 3370 4876 ipse
3403 4810 3693 4864 scribebat.
3727 4811 3851 4866 Erat

643 4912 820 4959 autem
850 4901 1216 4956 Rhinocolura
1253 4900 1382 4954 urbs
1414 4898 1467 4952 in
1498 4897 1695 4952 ﬁnibus
1726 4895 1941 4966 IEgypti
1973 4895 2146 4964 posita
2170 4935 2185 4959 ,
2222 4896 2326 4949 hoc
2350 4896 2568 4951 nomine
2599 4910 2937 4968 nuncupata,
2972 4911 3032 4954 ut
3061 4901 3234 4970 inquit
3267 4901 3490 4955 Strabo:
3527 4921 3545 4952 ι
3567 4905 3635 4957 ab
3664 4905 3733 4958 iis
3756 4904 3848 4973 qui

643 5008 801 5049 nares
829 4989 1058 5046 truncati
1089 5002 1155 5043 eo
1184 4987 1333 5044 luere
1365 4987 1643 5042 translati:
1679 5000 1802 5041 nam
1836 4983 2149 5052 Ethiopum
2181 4985 2400 5054 quidam
2429 4985 2718 5057 Egyptum
2750 4989 3008 5046 invadens
3037 5006 3140 5045 non
3172 5006 3318 5057 nece,
3351 4996 3444 5048 sed
3478 4995 3596 5048 nasi
3626 4999 3848 5052 mutila-

716 5179 756 5211 ⁸⁸
781 5177 921 5233 Psal.
941 5193 1161 5243 Lxxxtx,
1193 5177 1243 5230 ι.

710 5334 822 5404 (86)
854 5335 1086 5389 Marcell.
1117 5335 1170 5389 in
1197 5335 1452 5389 Chronico

713 5403 824 5476 (87)
859 5405 1249 5474 Ῥινοκόλουρα,
1275 5405 1635 5476 Rhinocolura
1658 5405 1853 5476 dicitur
1879 5421 1907 5458 a
1939 5403 2198 5460 Strabone
2236 5409 2287 5460 in
2317 5405 2605 5475 Ceograph.
2657 5405 2763 5476 lib.
2785 5421 2895 5476 xvi,
2960 5413 3011 5456 et
3049 5404 3280 5476 alibi,_9t
3313 5423 3340 5458 a
3376 5405 3674 5476 Pliniorlib.
3711 5423 3763 5471 v,
3793 5423 3821 5459 c

644 5473 732 5537 13,
769 5473 813 5529 a'
857 5473 1171 5529 l'toloma’o’
1203 5477 1255 5527 in
1287 5477 1575 5546 (ἱερωαριι.
1624 5475 2050 5546 Ῥινοκούρουρα.
2085 5473 2457 5530 Rbinocurura
2501 5489 2676 5528 autem
2723 5475 2789 5527 ab
2820 5475 3060 5546 liusebio
3099 5483 3151 5526 et
3201 5473 3532 5546 Hieronymo
3556 5475 3609 5528 in
3646 5477 3740 5531 lib.
3772 5476 3836 5531 De

643 5549 749 5600 situ
774 5557 820 5598 ct
846 5548 1050 5599 nomine
1085 5546 1315 5598 locorum
1352 5545 1620 5604 llebraic.,
1679 5557 1733 5598 et
1789 5543 2088 5599 abicodcm
2154 5546 2367 5600 Ilicron.
2434 5548 2485 5599 in
2526 5561 2642 5612 cap.
2695 5561 2760 5597 xx
2808 5543 3020 5606 Haecin,
3062 5559 3170 5596 tum
3196 5543 3418 5614 quoque
3447 5562 3475 5598 a
3515 5545 3830 5602 Sozonlcno.

646 5617 739 5670 lib.
769 5633 818 5668 vr
869 5616 1159 5668 llist.eccl.
1201 5632 1316 5682 cap.
1345 5617 1758 5684 2|,quiietiam
1808 5615 1968 5667 refert
2015 5618 2192 5684 plures
2232 5618 2301 5669 ibi
2359 5625 2599 5676 ascetas,
2645 5631 2737 5669 Seu
2785 5617 3095 5668 inonasticze
3153 5616 3504 5682 professionis
3546 5617 3693 5670 viros
3740 5618 3827 5670 llo-

645 5687 819 5741 ruisse
876 5695 930 5740 et
995 5687 1194 5740 clerum
1259 5685 1508 5739 Ecclesia:
1564 5683 2047 5740 llhinocerurensis
2075 5702 2413 5740 communem
2444 5687 2660 5739 domum
2691 5695 2743 5738 et
2773 5700 3035 5740 mensam,
3064 5692 3115 5738 et
3147 5685 3351 5752 reliqua
3385 5685 3565 5738 onniia
3597 5701 3820 5739 connnu

643 5758 736 5811 nia
777 5756 1048 5811 habuisse.
1078 5754 1334 5826 r’l‘orrenti
1388 5765 1586 5819 autem,
1624 5757 1713 5823 qui
1763 5755 2184 5811 lihinoculuram
2227 5757 2477 5820 alluebat,
2541 5769 2734 5810 nomen
2764 5753 2932 5809 fuisse
2955 5753 3163 5809 videtur
3213 5753 3429 5809 Torrcns
3455 5756 3613 5810 Bcsor
3641 5755 3692 5826 (Ι
3719 5755 3835 5821 Reg.

644 5843 770 5893 xxx,
805 5828 907 5897 l0),
937 5826 1048 5882 sive
1071 5825 1290 5880 Torrens
1315 5825 1525 5880 deserti.
1555 5826 1732 5893 (Amos
1755 5842 1829 5892 VI,
1858 5826 1968 5894 Η.)
