4058 6450
202 412 298 465 641
866 409 948 462 DE
988 404 1262 460 TITULIS
1305 401 1743 457 PSAl.llORU.\l.
1786 434 1853 441 ———
1890 401 2277 457 ANTONELLI
2320 404 2706 460 PREFATIO.
3304 406 3407 460 642

203 528 349 581 tione
374 524 632 579 maleﬁcia
666 537 919 577 coercens
947 534 1042 574 eos
1077 519 1145 572 ibi
1179 518 1492 577 collocavit,
1530 526 1585 570 ut
1629 527 1842 585 propter
1876 516 1987 570 oris
2031 516 2423 572 deformitatem
2460 520 2634 576 redire
2688 521 2906 574 domum
2939 534 3045 575 non
3081 522 3357 576 auderent.
3390 543 3409 575 δ

202 622 502 676 Saracenos
529 629 705 672 autem
730 616 891 685 (quos
913 614 1117 667 Arabas
1144 613 1379 666 scenitas
1413 610 1604 674 fuisse,
1634 611 1713 663 vel
1742 626 1806 664 ex
1840 612 1939 665 hoc
1955 614 2324 666 commentarii
2354 616 2472 669 loco
2498 616 2712 685 probari
2738 616 2935 685 potest)
2966 616 3017 669 in
3042 616 3407 671 tabernaculis

198 728 293 767 seu
325 710 586 773 tentoriis,
611 709 690 763 vel
715 708 815 762 sub
845 706 1073 775 pellibus
1095 705 1272 757 adhuc
1299 703 1619 766 habitantes,
1642 711 1695 755 et
1724 702 1959 758 nondum
1988 704 2209 759 urbibus
2246 706 2461 773 potitos,
2486 706 2578 760 sed
2599 706 2866 760 latronum
2894 707 3063 760 instar
3092 706 3144 760 in
3168 708 3412 776 proxima

194 803 409 874 Egypti
437 804 549 858 loca
582 812 634 857 et
662 802 822 856 urbes
855 809 1037 855 suetos
1059 812 1374 861 excurrere,
1410 796 1724 865 praedasque
1754 795 1877 851 inde
1906 805 2181 864 avertere,
2218 812 2326 852 non
2358 798 2649 854 dissimiles
2693 814 2881 853 eorum
2912 798 2978 853 de
3022 798 3221 869 quibus
3257 807 3411 868 poeta

197 908 424 952 cecuut:

429 1031 440 1043 .
520 1029 533 1044 .
613 1030 626 1043 .
705 1031 719 1045 .
798 1029 810 1042 .
890 1028 904 1043 .
982 1026 997 1039 .
1072 1002 1369 1054 semperque
1399 994 1621 1037 recentes

403 1082 709 1137 Conrcctare
727 1084 875 1152 juvat
897 1080 1100 1148 pra’das
1130 1092 1173 1131 et
1204 1081 1366 1130 vivere
1395 1089 1544 1144 rapto
1576 1078 1685 1147 (88)
1712 1096 1723 1131 :

195 1172 350 1230 Tales
374 1191 467 1229 eos
496 1176 646 1230 nobis
674 1176 891 1228 exhibet
914 1183 1101 1226 auctor
1134 1171 1506 1225 commentarii
1530 1214 1543 1234 ,
1578 1172 1764 1239 quales
1812 1178 1967 1225 aetate
1994 1187 2087 1225 sua
2122 1171 2288 1227 fuisse
2314 1183 2661 1243 reprasentat
2698 1173 3020 1229 Ammianus
3064 1171 3407 1227 Marcellinus

191 1264 326 1354 (89).
354 1266 443 1333 qui
468 1283 479 1317 :
512 1284 529 1315 ε
557 1264 808 1318 Saraceni
833 1274 1008 1317 tamen
1034 1278 1129 1315 nec
1149 1260 1329 1325 amici,
1367 1262 1460 1323 ait,
1504 1262 1658 1314 nobis
1684 1277 1942 1330 unquam,
1970 1278 2066 1316 nec
2091 1264 2269 1318 hostes
2290 1266 2533 1333 optandi,
2581 1267 2720 1320 ultro
2744 1266 2984 1335 citroque
3018 1267 3404 1329 disi-ursantcs,

189 1353 453 1425 quidquid
486 1358 725 1409 invenire
760 1364 1026 1424 poterant,
1066 1363 1339 1406 momento
1369 1353 1624 1420 temporis
1658 1354 1804 1421 parvi
1841 1354 2143 1419 vastabant,
2174 1355 2475 1409 milviorum
2506 1358 2779 1426 rapacium
2811 1358 3035 1421 similes,
3072 1357 3162 1425 qui
3196 1356 3239 1409 si
3270 1371 3407 1425 pra:-

186 1454 311 1507 dam
336 1453 676 1522 dspcxeriut
704 1453 923 1513 celsius,
952 1450 1129 1503 volatu
1162 1453 1379 1517 rapiunt
1405 1448 1588 1513 celeri,
1619 1457 1710 1501 aut
1746 1448 1847 1501 nisi
1880 1449 2303 1518 impetraverint,
2333 1465 2439 1503 non
2472 1452 2847 1506 immorantur.
2876 1471 2893 1503 ι
2923 1451 3199 1519 QuiSpiam
3224 1460 3404 1506 autem

187 1544 580 1599 Saracenorum
608 1558 803 1597 nomen
839 1542 1065 1596 audiens
1088 1581 1101 1605 ,
1140 1541 1306 1593 nolim
1336 1554 1457 1593 eum
1495 1538 1547 1591 in
1577 1539 1937 1607 suspicionem
1976 1540 2206 1603 adduci,
2240 1550 2299 1594 ut
2326 1541 2633 1605 existimet,
2670 1542 3115 1596 commentarium
3148 1543 3403 1611 scriptum

185 1642 356 1696 fuisse
382 1640 666 1709 posteriori
691 1649 950 1708 tempore,
978 1652 1087 1706 quo
1119 1635 1516 1689 Saracenorum
1552 1649 1745 1687 nomen
1771 1650 1894 1687 cum
1917 1651 2104 1687 eorum
2139 1635 2363 1704 imperio
2387 1637 2488 1690 late
2511 1647 2855 1707 propagatum
2887 1648 2989 1701 est,
3022 1639 3163 1708 quod
3198 1638 3404 1709 utique,

181 1739 443 1801 regnante
466 1728 710 1783 Heraclio
749 1728 1103 1797 imperatore,
1134 1735 1187 1778 et
1211 1733 1329 1793 post
1352 1722 1470 1791 ejus
1494 1722 1699 1776 obitum
1739 1724 1983 1778 volvente
2021 1725 2217 1778 swculo
2248 1726 2478 1791 septimo
2517 1729 2761 1798 contigit.
2801 1728 3074 1798 Siquidem
3110 1730 3408 1785 Saraceno-

182 1840 304 1886 rum
342 1824 540 1876 mentio
572 1820 805 1875 occurrit
826 1830 879 1873 et
904 1817 1041 1887 apud
1069 1817 1408 1869 Aminiauum
1439 1814 1841 1878 Marcellinum,
1881 1831 2042 1884 quem
2077 1832 2239 1883 supra
2273 1818 2479 1871 laudavi
2508 1858 2521 1879 ,
2553 1828 2605 1873 et
2633 1821 2773 1889 apud
2811 1820 3013 1874 [Ellum
3046 1820 3395 1891 Spartianunt

180 1918 237 1969 in
267 1916 549 1969 Pescennio
577 1914 743 1984 Nigro
763 1953 777 1977 ,
818 1922 872 1967 et
903 1911 1044 1981 apud
1070 1910 1313 1964 Flavium
1353 1908 1643 1978 Vopiscum
1678 1907 1730 1961 in
1760 1908 2043 1961 Aureliano
2067 1948 2083 1974 ,
2110 1917 2164 1962 et
2193 1910 2331 1977 apud
2365 1909 2686 1981 Pri-collium
2714 1913 2787 1967 De
2831 1913 2963 1967 bello
2993 1912 3207 1968 Persico
3246 1913 3358 1985 (90)
3387 1930 3400 1967 :

181 2010 580 2067 Saracenorum
620 2011 978 2064 meminerunt
1013 2007 1173 2061 etiam
1195 2004 1446 2060 Julianus
1475 2005 1527 2058 in
1556 2004 1783 2073 epistola
1808 2005 1873 2058 ad
1900 2002 1955 2057 S.
1989 2002 2269 2071 Basilium,
2294 2004 2352 2059 S.
2381 2005 2717 2076 Augustinus
2748 2010 3047 2077 quaestione
3073 2009 3325 2063 vicesima
3350 2011 3405 2062 in

180 2103 468 2167 Numeros,
506 2103 753 2157 Socrates
777 2101 886 2171 (9i)
913 2108 965 2153 et
988 2100 1325 2153 Sozomenus
1353 2096 1464 2167 (92)
1498 2096 1553 2150 in
1586 2095 1827 2149 Historia
1856 2096 2211 2150 ecclesiastica
2232 2138 2247 2162 ,
2276 2096 2477 2167 aliique
2508 2099 2829 2168 scriptores,
2855 2099 2989 2153 adeo
3020 2111 3077 2154 ut
3109 2100 3253 2153 nulla
3282 2100 3405 2154 inde

177 2195 312 2249 oriri
348 2196 517 2263 possit
542 2192 830 2247 dubitatio.

249 2281 488 2337 XXXVI.
530 2282 622 2337 llis
650 2293 829 2337 autem
856 2280 922 2335 ad
947 2279 1397 2335 commentarium
1432 2286 1676 2333 nostrum
1705 2293 1901 2349 magno
1934 2279 2234 2334 Athanasio
2258 2282 2610 2336 asserendum
2640 2280 2908 2338 addantur
2937 2283 3028 2338 illa
3055 2298 3175 2354 qua:
3204 2284 3405 2355 scripta

174 2380 428 2451 leguntur
454 2378 506 2431 in
532 2379 865 2447 expositione
891 2377 1081 2445 psalmi
1107 2390 1345 2441 cxxxiii,
1374 2376 1461 2429 ubi
1493 2384 1685 2429 auctor
1730 2384 1883 2429 notos
1913 2389 2043 2430 suos
2075 2390 2138 2429 ac
2168 2374 2453 2445 populares
2497 2377 2779 2447 alloquens
2830 2397 2842 2433 :
2897 2398 2914 2429 ι
2939 2377 3053 2432 Non
3103 2380 3363 2449 ignoratis
3385 2420 3402 2447 ,

172 2475 376 2545 inquit,
416 2472 616 2535 dilecti,
644 2472 785 2539 quod
813 2486 935 2524 cum
985 2486 1091 2524 nox
1119 2471 1185 2524 ad
1212 2486 1487 2525 summum
1516 2470 1717 2534 deﬁcit,
1746 2470 1860 2524 dics
1884 2479 1966 2525 est
1986 2470 2292 2540 quindecim
2323 2471 2597 2527 horarum.
2621 2490 2639 2523 ι
2670 2473 2855 2527 Nonne
2881 2473 2993 2528 haec
3014 2476 3168 2544 quasi
3198 2478 3408 2531 intento

173 2564 347 2633 digito
376 2573 557 2632 aperte
608 2562 986 2616 demonstrant
1027 2562 1343 2630 scriptorem
1366 2560 1722 2627 expositionis
1748 2573 1869 2613 esse
1898 2560 1978 2612 vel
2006 2560 2179 2613 civem
2214 2560 2296 2613 vel
2331 2561 2562 2616 incolam
2592 2562 3057 2617 Alexandrinum?
3096 2561 3231 2618 Nam
3279 2564 3404 2619 Aleo

174 2656 419 2711 xandria‘.
444 2655 655 2726 Egypti
689 2656 916 2708 latitudo
948 2662 1031 2707 est
1054 2653 1320 2723 graduum
1358 2653 1455 2717 51,
1483 2651 1816 2704 minutorum
1852 2651 2150 2720 primorum
2187 2651 2241 2703 ll
2300 2651 2410 2721 (93)
2437 2693 2451 2716 ,
2493 2653 2856 2710 secundorum
2883 2656 2986 2722 20;
3026 2659 3077 2711 in
3122 2674 3184 2713 ea
3224 2666 3403 2713 autem

172 2747 459 2805 latitudine
481 2751 595 2804 dies
622 2746 969 2817 longissimus
996 2787 1009 2811 ,
1037 2747 1365 2815 computatis
1394 2746 1545 2800 horis
1570 2761 1599 2799 a
1635 2746 1765 2801 solis
1788 2755 1910 2799 ortu
1951 2744 2016 2797 ad
2040 2744 2279 2813 ejusdem
2312 2760 2563 2800 occasum
2587 2785 2602 2809 ,
2628 2757 2712 2802 est
2736 2750 2990 2805 horarum
3025 2753 3089 2805 η
3116 2793 3129 2815 ,
3162 2754 3401 2807 minuto-

172 2859 295 2897 rum
326 2842 386 2905 4,
431 2840 630 2909 quibus
663 2838 708 2892 si
734 2838 866 2895 hora
903 2852 1007 2889 una
1041 2837 1271 2889 addatur
1298 2844 1515 2905 propter
1549 2834 1862 2903 crepuscula
1883 2874 1899 2900 ,
1926 2833 2210 2888 habebitur
2243 2835 2361 2889 dies
2394 2836 2743 2907 longissimus
2770 2840 3024 2895 horarum
3063 2842 3156 2905 15,
3188 2844 3401 2912 qualem

173 2936 334 2993 nobis
360 2934 611 3002 exprimit
643 2945 706 2984 ac
744 2930 989 2998 designat
1013 2938 1204 2983 auctor
1229 2927 1603 2998 expositionis.

249 3024 508 3081 XXXVII.
535 3024 796 3078 Prmtcrea
822 3022 987 3075 multa
1016 3020 1118 3075 alia
1142 3030 1455 3082 occurrunt,
1484 3019 1681 3088 quibus
1703 3026 1960 3087 tanquam
1994 3017 2135 3073 notis
2155 3026 2208 3073 et
2240 3019 2480 3087 vestigiis
2499 3021 2829 3078 Athanasius
2861 3027 3041 3095 operis
3066 3038 3255 3083 auctor
3283 3044 3405 3085 esse

168 3118 613 3189 deprehenditur.
648 3114 712 3170 Et
741 3114 955 3184 quidem
995 3114 1085 3167 ubi
1110 3114 1327 3169 occasio
1354 3128 1474 3167 sese
1504 3111 1659 3166 oﬂ‘ert
1694 3120 1751 3166 ut
1777 3110 1980 3165 Christi
2022 3110 2356 3165 divinitatem
2398 3114 2742 3182 comprobet,
2778 3119 3133 3187 ostendatque
3169 3119 3404 3177 Verbum

170 3216 245 3269 ab
267 3223 465 3267 aeterno
488 3210 675 3273 fuisse,
700 3218 752 3263 et
776 3207 919 3261 Patri
946 3208 1427 3271 consubstantiale,
1451 3216 1696 3261 astruere
1720 3221 1824 3259 non
1849 3204 2227 3273 praetermittit,
2251 3213 2305 3258 et
2331 3205 2549 3260 disertis
2577 3207 2754 3263 verbis
2776 3221 3091 3267 constanter
3116 3228 3401 3281 asserere;

170 3310 319 3364 unde
349 3308 490 3362 haud
514 3308 741 3363 obscure
772 3308 1013 3361 innuitur
1041 3320 1106 3360 eo
1138 3316 1380 3376 tempore
1403 3306 1515 3361 haec
1543 3305 1742 3374 scripta
1773 3303 1960 3369 fuisse,
1983 3322 2093 3375 quo
2119 3306 2427 3377 hujusmodi
2458 3310 2839 3365 controversiae
2866 3309 3231 3378 agitabantur.
3261 3307 3402 3377 Quin

168 3404 335 3455 etiam
364 3401 609 3455 assiduas
640 3402 845 3455 auctori
881 3400 1049 3454 fuisse
1076 3415 1197 3455 cum
1231 3398 1496 3454 haereticis
1529 3414 1737 3468 pugnas
1761 3439 1775 3463 ,
1807 3409 1859 3451 et
1889 3398 2205 3467 quotidiana
2234 3402 2561 3467 certamina,
2596 3403 2779 3471 qualia
2802 3417 2924 3456 cum
2968 3403 3185 3457 Arianis
3216 3403 3405 3457 habuit

169 3496 535 3558 Athanasius,
568 3505 748 3564 aperte
772 3510 871 3549 nos
896 3495 1091 3549 docent
1119 3510 1239 3563 qua;
1272 3495 1521 3563 leguntur
1546 3494 1598 3545 in
1625 3491 1963 3561 expositione
1992 3493 2183 3560 psalmi
2210 3510 2374 3549 cxvut
2397 3535 2410 3556 ,
2440 3504 2493 3548 et
2526 3496 2650 3550 alibi
2690 3496 2907 3564 saepius.
2933 3494 3073 3561 Quid
3111 3510 3236 3549 vero
3272 3495 3359 3548 illa
3383 3534 3401 3561 ,

166 3602 293 3657 quae
319 3596 531 3641 exstant
558 3589 609 3640 iu
637 3585 1023 3640 commentario
1048 3584 1237 3652 psalmi
1274 3600 1385 3647 xxI,
1412 3584 1501 3637 ubi
1531 3584 1595 3637 ad
1620 3598 1681 3636 ea
1731 3584 1892 3636 verba
1916 3585 1977 3637 "z
2019 3583 2094 3637 Tu
2127 3594 2321 3647 autem,
2356 3585 2597 3648 Domine,
2664 3604 2722 3641 ne
2774 3586 3096 3656 elongaveris
3139 3584 3401 3638 auxilium

169 3692 323 3734 tuum
362 3697 393 3732 a
425 3695 503 3732 me
534 3694 551 3732 :
582 3679 649 3731 ad
702 3677 1052 3746 defensionem
1096 3691 1262 3729 meam
1293 3674 1548 3742 conspice,
1607 3673 1709 3726 alia
1758 3673 2114 3742 explicatione
2155 3676 2467 3728 earumdem
2506 3675 2795 3728 verborum
2831 3677 3065 3743 primum
3094 3674 3400 3744 proposita,

165 3774 367 3829 deinde
397 3773 508 3826 haee
536 3772 754 3840 insuper
781 3770 1121 3841 adjungitur:
1158 3786 1175 3819 ι
1201 3766 1434 3822 Possunt
1457 3767 1618 3819 etiam
1648 3766 1760 3820 haec
1786 3766 1891 3819 dici
1920 3781 1986 3820 ex
2015 3780 2242 3835 persona
2268 3766 2439 3836 ipsius
2480 3765 2729 3829 Domini,
2765 3765 2858 3835 qui
2907 3755 3211 3834 exemplum
3244 3766 3402 3821 nobis

166 3870 400 3940 pratbuit
445 3868 623 3922 utendi
653 3868 734 3921 his
759 3866 936 3920 verbis
965 3872 1203 3933 tempore
1238 3862 1515 3932 martyrii?
1540 3881 1556 3913 ι
1589 3859 1729 3927 Quid
1760 3875 1889 3916 vero
1925 3861 2012 3915 illa
2041 3861 2167 3926 alia,
2201 3877 2322 3930 qua:
2347 3862 2413 3916 ad
2436 3861 2767 3916 versiculum
2795 3859 2990 3930 psalmi
3022 3859 3358 3929 sequentis"
3384 3877 3398 3913 :

173 3964 340 4027 Nam,
374 3965 472 4017 etsi
518 3962 853 4015 ambulavero
888 3962 942 4014 in
973 3961 1140 4013 medio
1171 3957 1369 4011 umbra
1395 3958 1601 4019 mortis,
1654 3956 1946 4009 nontimebo
2006 3956 2172 4018 mala,
2206 3958 2453 4025 quoniam
2504 3965 2559 4008 tu
2596 3971 2798 4008 mecum
2830 3970 2903 4015 es,
2934 3952 3299 4023 subjiciuntur
3345 3952 3399 4006 in

166 4062 321 4117 hunc
348 4058 566 4112 modum
590 4075 603 4111 :
643 4074 659 4107 ι
683 4056 817 4110 Cum
839 4072 938 4126 ego
969 4062 1234 4110 tormenta
1260 4067 1358 4123 pro
1387 4060 1437 4106 te
1465 4054 1799 4112 sustinuero,
1828 4051 2013 4106 nullus
2037 4066 2123 4105 me
2145 4051 2424 4118 cruciatus
2453 4050 2698 4113 terrebit,
2733 4048 2991 4117 quoniam
3015 4057 3069 4101 tu
3098 4049 3242 4102 vires
3267 4047 3396 4102 mihi

166 4157 415 4228 praebes,
442 4164 499 4208 ut
533 4154 651 4208 illos
691 4150 993 4223 perferam?
1022 4148 1213 4204 Nonne
1252 4147 1538 4203 manifesto
1576 4146 1819 4201 indicant
1873 4155 2149 4202 auctorem
2196 4140 2276 4200 vel
2341 4146 2527 4201 eodem
2579 4154 2852 4215 tempore,
2898 4158 3008 4215 quo
3045 4152 3398 4215 tyrannorum

165 4253 476 4325 persecutio
506 4252 682 4305 adhuc
708 4250 761 4303 in
790 4246 1128 4303 Christianos
1154 4245 1428 4310 szeviebat,
1462 4244 1546 4299 vel
1569 4259 1673 4297 non
1706 4243 1863 4313 longe
1896 4242 1964 4297 ab
1987 4257 2053 4297 eo
2083 4240 2291 4297 fuisse?

243 4345 530 4402 XXXVIII.
564 4348 633 4398 At
662 4347 804 4399 enim
834 4342 1061 4413 agedum
1086 4383 1100 4406 ,
1133 4355 1253 4411 qua:
1278 4340 1331 4392 in
1361 4349 1549 4394 nostro
1581 4338 1975 4393 commentario
2005 4338 2205 4407 scripta
2234 4343 2361 4391 sunt
2392 4350 2513 4390 cum
2540 4335 2607 4389 iis
2630 4350 2751 4405 qua:
2782 4333 2835 4388 in
2866 4332 2986 4387 aliis
3034 4330 3218 4399 libris,
3261 4344 3399 4401 quos

165 4461 333 4502 nemo
354 4444 564 4498 dubitat
598 4442 777 4511 magni
806 4438 1088 4492 Athanasii
1116 4450 1257 4500 esse,
1306 4434 1676 4499 conferamus,
1709 4444 1767 4488 ut
1791 4449 1855 4488 ex
1882 4432 2195 4503 hujusmodi
2218 4430 2647 4500 comparatione.
2672 4429 2718 4483 si
2745 4426 3031 4496 utrobique
3056 4424 3395 4482 Psalmorum

163 4544 336 4597 verba
372 4541 557 4595 eodem
589 4538 749 4592 modo
771 4578 785 4603 ,
814 4543 867 4590 et
893 4533 944 4585 in
971 4533 1220 4587 eumdem
1248 4546 1467 4585 sensum
1502 4530 1771 4584 intellecta
1798 4538 1961 4599 atque
1992 4528 2259 4598 explicata
2299 4526 2702 4596 comperiantur
2722 4565 2737 4590 ,
2770 4524 2967 4579 certius
2996 4537 3060 4577 ac
3105 4520 3396 4577 dilucidius

164 4643 457 4703 appareat,
489 4631 736 4685 eumdem
757 4671 771 4694 ,
807 4642 913 4680 non
943 4634 1122 4679 autem
1164 4624 1437 4677 diversum
1470 4630 1522 4675 et
1548 4621 1926 4677 commentarii
1958 4620 2171 4686 nostri,
2202 4628 2256 4673 et
2302 4618 2529 4672 aliorum
2572 4631 2793 4686 opermu
2814 4657 2829 4681 ,
2861 4630 2981 4685 qua:
3005 4612 3061 4668 S.
3099 4612 3396 4669 Athanasio

163 4730 240 4782 ab
266 4728 517 4779 omnibus
550 4723 800 4779 concordi
828 4719 1083 4789 suﬂ‘ragio
1116 4716 1491 4779 ascribuntur,
1524 4724 1803 4771 auctorem
1834 4730 1974 4770 esse.
2022 4712 2153 4769 Rem
2180 4711 2510 4783 propositam
2540 4709 2790 4772 brevius,
2819 4708 2994 4779 quoad
3035 4708 3147 4762 ﬁeri
3182 4715 3389 4777 potest,

162 4820 476 4889 expediam.

248 5006 289 5037 ¹⁹
315 5002 466 5059 Vers.
503 5003 591 5057 20.
669 5002 713 5032 ὀ
749 4998 899 5055 Vers.
928 4999 981 5052 4.

248 5162 359 5230 (88)
385 5161 581 5233 AVirgil.
610 5162 704 5215 lib.
747 5177 798 5233 Ix
833 5158 1071 5221 Eneid.,
1105 5171 1227 5212 vers
1253 5154 1355 5209 612
1389 5163 1443 5209 et
1464 5152 1583 5208 615.

246 5235 358 5302 (89)
384 5230 515 5284 Libf
537 5248 645 5293 xlv,
681 5248 728 5284 c.
762 5232 815 5285 5.

246 5306 357 5369 (90)
393 5302 511 5356 Lib.
542 5319 577 5365 I,
603 5319 650 5357 c.
682 5302 767 5353 19.

244 5374 352 5443 (9|)
385 5374 499 5443 Lib.
536 5388 607 5434 IV,
637 5389 683 5426 c.
713 5371 797 5424 56.

249 5442 360 5507 (9'2)
396 5442 511 5495 Lib.
550 5460 621 5506 vi,
657 5458 703 5496 c.
738 5443 823 5494 58.

248 5505 357 5582 (95)
396 5515 469 5566 Ex
499 5514 652 5575 libro,
685 5512 769 5566 cui
813 5510 1033 5582 titulus:
1064 5505 1445 5582 Connaissance
1472 5505 1560 5559 des
1592 5512 1752 5573 tcmps

168 5576 319 5639 culée
343 5576 449 5638 ’σαι-
472 5582 547 5637 Μ.
578 5583 799 5635 Meratdi
827 5581 888 5633 de
925 5580 978 5633 la
1007 5579 1163 5633 meme
1187 5576 1483 5631 Academia.

1790 5496 1992 5567 publiée
2018 5510 2114 5562 par
2136 5490 2325 5545 l‘ordre
2354 5486 2415 5543 de
2449 5482 2764 5539 l'Académie
2791 5481 2877 5535 des
2916 5479 3135 5535 sciences
3196 5483 3244 5529 et
3270 5471 3383 5554 gal-
