4058 6478
632 440 737 497 64δ

1462 440 1515 496 S.
1555 434 1923 493 ATHANASII
1964 435 2113 490 OPP.
2154 433 2334 489 PARS
2372 432 2459 487 ΙΙΙ.
2500 463 2567 473 —
2606 429 3010 487 EXEGETICA.

3760 433 3864 490 ϐα

709 558 877 615 Verba
919 561 1113 629 psalmi
1162 575 1291 614 χχιιι
1338 558 1503 629 (vers.
1547 556 1651 622 20,
1685 558 1838 626 juxta
1882 555 2191 624 antiquam,
2221 560 2267 613 Α
2295 552 2421 605 item
2457 560 2585 605 sunt
2620 550 2870 606 caelestes
2902 552 3147 605 virtutes.
3183 551 3317 605 Nam
3356 553 3559 622 inquit:
3596 553 3863 611 Dominus

632 666 791 721 quam
820 659 1039 705 secutus
1069 665 1217 715 sum,
1256 644 1631 716 divisionem):
1676 663 1694 695 ‹
1718 643 1960 697 Attollite
1984 651 2187 711 portas,

632 743 921 813 principes,
954 748 1193 796 vestras:
1219 760 1236 790 ι
1269 742 1323 795 in
1358 740 1496 793 libro
1517 738 1591 790 De
1627 734 2000 790 Incarnatione
2041 730 2191 784 Verbi

630 835 729 891 Dei
756 836 816 904 (t.
859 834 910 899 Ι,
957 851 1007 904 p.
1048 834 1160 900 55),
1193 833 1251 886 S.
1279 831 1608 886 Athanasius
1638 830 2021 897 interpretatur
2050 824 2192 878 dicta

631 929 800 985 fuisse
827 928 891 982 de
912 929 1083 982 reditu
1100 926 1302 981 Christi
1328 925 1380 978 in
1403 924 1598 979 coelum
1617 922 1702 977 his
1719 918 1929 974 verbis:
1957 936 1973 968 ι
1993 916 2193 983 Quem-

630 1022 917 1076 admodum
950 1037 1047 1091 pro
1096 1020 1347 1074 omnibus
1381 1033 1579 1087 corpus
1624 1014 1785 1069 morti
1828 1012 2074 1075 tradidit,
2114 1009 2192 1064 sic

630 1115 790 1167 etiam
833 1129 925 1184 per
959 1113 1096 1166 idem
1136 1110 1265 1165 illud
1301 1112 1400 1165 iter
1436 1112 1489 1164 in
1518 1108 1714 1164 cmlum
1750 1106 1981 1176 aperuit.
2009 1124 2026 1155 ι
2060 1103 2188 1156 —ln

627 1217 816 1262 nostro
842 1218 1019 1261 autem
1050 1206 1440 1261 commentario
1484 1204 1549 1258 ad
1580 1202 1827 1258 eumdem
1863 1197 2188 1253 versiculum

626 1294 697 1348 20
723 1305 777 1349 et
807 1305 1093 1365 sequentes
1131 1296 1267 1365 psal.
1314 1310 1447 1348 χχιιι
1485 1294 1597 1347 haec
1648 1292 1975 1346 adnotantur
2010 1306 2023 1341 :
2070 1307 2087 1337 ‹
2115 1286 2191 1341 De

630 1388 800 1457 ipsius
829 1389 1000 1443 reditu
1024 1390 1150 1460 (hoc
1180 1397 1263 1444 est
1286 1387 1508 1457 Christi)
1557 1386 1823 1456 loquitur,
1871 1397 2032 1454 quem
2064 1380 2189 1435 fecit

626 1479 680 1533 in
714 1481 897 1535 caelos.
937 1501 955 1531 ι

695 1570 749 1625 1η
785 1574 972 1627 eodem
1028 1574 1167 1627 libro
1219 1572 1294 1626 De
1342 1572 1717 1625 Incarnatione
1768 1570 1842 1637 (p.
1888 1567 1979 1639 26)
2024 1566 2185 1621 verba

625 1665 819 1735 psalmi
848 1683 956 1733 cvi,
988 1683 1131 1722 vers.
1161 1666 1229 1721 59
1255 1708 1270 1732 ,
1306 1686 1323 1718 ι
1350 1665 1496 1720 Misit
1517 1664 1754 1718 Verbum
1790 1678 1945 1717 suum
1967 1702 1982 1726 ,
2009 1670 2064 1716 ct
2098 1677 2187 1716 sa-

625 1756 775 1810 navit
798 1772 911 1822 eos,
935 1777 952 1809 ι
981 1768 1033 1812 et
1053 1759 1187 1828 psal.
1215 1775 1379 1822 cxvu,
1404 1773 1544 1812 vers.
1570 1757 1657 1817 52,
1692 1776 1709 1807 ι
1736 1755 1877 1810 Deus
1905 1754 2182 1817 Dominus,

625 1855 680 1901 et
710 1848 885 1901 illuxit
906 1850 1083 1913 nobis,
1114 1869 1132 1900 ι
1166 1851 1399 1920 explicat
1431 1850 1496 1905 de
1538 1849 1767 1903 adventu
1803 1847 1964 1901 Verbi
1997 1847 2090 1901 Dei
2131 1847 2185 1900 in

626 1940 887 1994 mundum
914 1942 966 1994 in
999 1944 1142 1997 hunc
1171 1944 1420 1997 modum:
1457 1962 1475 1993 ‹
1494 1941 1783 2012 Negligunt
1803 1941 1986 1995 videre
2009 1937 2190 1993 Domi-

626 2048 789 2096 num,
822 2050 980 2104 quem
1027 2035 1323 2105 Scriptura:
1359 2036 1724 2106 praedixerunt
1762 2035 1879 2089 orbi
1920 2043 2188 2088 terrarum

624 2124 893 2191 illnvisse,
920 2136 973 2181 et
994 2144 1217 2197 corpore
1243 2128 1491 2182 indutum
1523 2128 1860 2197 apparuisse.
1886 2146 1903 2178 ι
1930 2126 2007 2180 lta
2025 2127 2187 2179 etiam

625 2217 681 2271 in
710 2217 961 2273 Oratione
989 2222 1215 2275 secunda
1258 2232 1441 2274 contra
1481 2222 1707 2275 Arianae
1734 2263 1749 2285 ,
1797 2236 1919 2291 pag.
1965 2220 2089 2275 395.
2121 2249 2191 2261 —

625 2309 683 2364 ln
710 2310 895 2367 nostro
935 2324 1113 2369 autem
1145 2316 1535 2370 commentario
1572 2316 1637 2368 ad
1682 2330 1898 2369 versum
1940 2314 2187 2368 eumdem

628 2399 697 2454 39
727 2403 863 2469 psal.
898 2420 981 2458 cvi
1015 2405 1129 2459 haec
1170 2406 1425 2477 leguntur
1458 2425 1470 2460 :
1522 2426 1540 2458 ι
1569 2405 1715 2460 Misit
1755 2404 1923 2459 Deum
1955 2405 2189 2459 Verbum

626 2489 815 2557 Pater,
850 2506 904 2549 et
932 2498 1192 2553 transﬁxo
1217 2500 1335 2569 ejus
1354 2501 1521 2554 latere
1550 2515 1650 2553 nos
1676 2514 1867 2552 omnes
1897 2498 2071 2552 sanati
2100 2513 2193 2552 su-

624 2600 777 2647 mus,
802 2604 819 2637 ›
851 2594 905 2640 et
931 2588 996 2641 ad
1029 2604 1170 2643 vers.
1198 2590 1266 2644 52
1293 2591 1668 2658 psalmicxvn,
1698 2607 1715 2639 ι
1739 2588 2188 2658 Quandoquidem

624 2691 748 2731 cum
785 2677 926 2731 Deus
949 2691 1092 2734 esset
1119 2679 1278 2735 Jesus
1305 2681 1567 2736 Dominus
1594 2682 1844 2752 apparuit
1874 2682 1927 2735 in
1957 2690 2120 2736 terra.
2165 2700 2184 2732 ι

695 2771 774 2824 Ad
802 2772 961 2826 verba
991 2773 1079 2827 illa
1108 2774 1300 2843 psalmi
1332 2791 1457 2828 uxr
1483 2816 1498 2841 ,
1528 2791 1670 2829 vers.
1712 2775 1763 2839 1,
1804 2794 1821 2824 ε
1847 2774 2008 2839 Deus,
2041 2775 2189 2844 judi-

624 2861 766 2919 cium
791 2872 939 2918 tuum
956 2867 1066 2936 regi
1084 2866 1153 2921 da
1190 2887 1201 2920 :
1229 2885 1353 2919 ι-ι
1378 2866 1710 2936 Supplicant,
1735 2869 1827 2931 ait,
1852 2867 2189 2937 utjudicium

623 2957 814 3010 mortis
836 2967 1021 3012 contra
1052 2973 1149 3011 nos
1180 2959 1448 3027 prolatum
1490 2957 1625 3012 Filio
1663 2959 1840 3014 detur.
1864 2978 1884 3012 ι
1937 2959 1994 3014 lii
2030 2969 2186 3017 tract.

622 3051 683 3108 in
715 3050 881 3107 illud:
921 3072 939 3102 ‹
965 3052 1159 3107 Omnia
1188 3054 1317 3107 mihi
1349 3054 1543 3108 tradita
1576 3062 1731 3119 sunt,
1758 3074 1776 3106 ι
1813 3070 1870 3125 p.
1912 3056 2001 3111 85.
2034 3086 2106 3096 -
2130 3058 2189 3111 ln

622 3147 1017 3201 commentario
1058 3149 1124 3203 ad
1161 3148 1324 3203 verba
1354 3148 1597 3218 ejusdem
1635 3148 1831 3219 psalmi
1874 3149 1987 3205 haec
2019 3151 2190 3221 subji-

622 3238 873 3291 ciuntur:
910 3256 928 3289 ι
952 3237 1088 3292 Filio
1115 3247 1231 3292 tuo.
1257 3257 1275 3289 ι

694 3326 750 3381 In
798 3328 1038 3397 Epistola
1089 3329 1151 3383 de
1196 3328 1414 3383 decretis
1470 3328 1706 3385 Nicwnw
1740 3331 1953 3400 synodi,
1998 3340 2186 3386 contra

622 3420 855 3475 Arianos
891 3422 1050 3479 verba
1089 3423 1296 3478 faciens
1337 3440 1350 3476 :
1379 3442 1396 3474 ι
1422 3421 1641 3489 Verum,
1679 3424 1875 3493 inquit,
1911 3422 2046 3479 falsa
2076 3425 2191 3480 haec

623 3521 769 3576 sunt,
801 3527 922 3583 quae
946 3513 1298 3583 propugnatis
1324 3531 1336 3565 :
1370 3512 1640 3582 siquidem
1672 3514 1786 3582 ipse
1824 3514 1950 3568 fecit
1982 3529 2101 3581 nos,
2136 3524 2190 3570 et

624 3618 729 3655 non
759 3604 858 3673 ipsi
888 3618 1008 3657 nos.
1041 3605 1162 3672 lpsc
1190 3611 1293 3666 est,
1323 3603 1413 3673 qui
1442 3618 1535 3673 per
1556 3619 1714 3659 suum
1746 3604 1981 3661 Verbum
2005 3609 2187 3663 omnia

623 3703 678 3748 et
705 3710 863 3763 parva
890 3736 903 3757 ,
936 3705 989 3749 et
1025 3711 1214 3766 magna
1260 3696 1405 3752 fecit.
1436 3715 1455 3747 ι
1488 3727 1557 3739 -
1588 3695 1644 3751 ln
1692 3707 1881 3753 nostro
1911 3715 2189 3755 commen—

624 3790 760 3844 tario
785 3789 848 3843 ad
887 3788 1073 3843 eadem
1102 3790 1261 3843 verba
1295 3790 1485 3858 psalmi
1520 3806 1643 3844 xcrx
1681 3792 1993 3859 hujusmodi
2024 3806 2189 3861 appo-

622 3882 772 3935 nitur
796 3881 1071 3935 adnotatio
1104 3898 1116 3933 :
1159 3899 1176 3931 ι
1201 3880 1318 3949 Ipse
1358 3897 1457 3935 nos
1495 3880 1653 3948 fecit,
1685 3892 1739 3936 et
1784 3899 1891 3937 non
1931 3900 1994 3940 ex
2031 3886 2188 3942 nobis

624 3988 833 4037 sumus,
866 3980 925 4025 nt
950 3971 1123 4041 aliqui
1141 3972 1349 4026 dicunt.
1372 3991 1390 4024 ι

694 4060 867 4117 Verba
890 4063 1081 4133 psalmi
1115 4079 1174 4124 ii.
1208 4079 1350 4120 vers.
1386 4066 1473 4130 15,
1504 4085 1522 4118 ε
1547 4065 1660 4138 Ego
1697 4069 1855 4125 hodie
1885 4073 2043 4141 genui
2068 4082 2139 4137 te,
2162 4092 2180 4124 ι

622 4161 677 4209 et
707 4153 795 4208 illa
814 4155 919 4209 alia
944 4156 1132 4225 psalmi
1163 4172 1251 4212 crx
1274 4199 1289 4222 ,
1312 4172 1454 4212 vers.
1484 4159 1538 4223 7,
1589 4179 1605 4208 ι
1635 4158 1712 4212 Ex
1746 4169 1900 4216 utero
1934 4172 2059 4219 ante
2082 4163 2189 4219 Lu-

623 4243 849 4300 ciferum
903 4246 1061 4317 genui
1106 4257 1231 4311 te,»
1271 4247 1338 4303 de
1390 4258 1590 4303 aeterna
1634 4247 1793 4305 Verbi
1842 4256 2188 4323 generatione

622 4346 809 4390 contra
848 4336 1081 4391 Arianos
1110 4340 1344 4404 explicat
1379 4341 1432 4394 in
1472 4340 1574 4410 Ep.
1624 4342 1687 4397 de
1718 4344 1913 4400 decret.
1952 4345 2188 4403 Nicazna:

622 4425 830 4495 synodi,
858 4442 980 4497 pag.
1014 4427 1151 4492 172;
1185 4430 1312 4484 item
1339 4447 1461 4502 pag.
1493 4433 1624 4498 178,
1655 4444 1708 4489 et
1735 4435 1787 4489 in
1831 4435 1933 4507 Ep.
1969 4439 2032 4492 de
2065 4456 2184 4494 sen-

624 4519 785 4572 tentia
810 4518 1070 4591 Dionysii,
1104 4538 1225 4590 paa.
1250 4523 1374 4587 192,
1400 4534 1453 4579 et
1474 4526 1524 4579 in
1553 4525 1701 4581 Orat.
1736 4546 1772 4583 ιι
1820 4539 2006 4585 contra
2028 4532 2185 4589 Aria-

2292 645 2550 699 virtutum
2574 644 2877 698 nobiscum.
2912 663 2929 695 ›
2952 643 3094 698 Psal.
3118 660 3242 710 XLV,
3266 661 3407 700 vers.
3437 648 3599 701 15.--
3620 647 3677 702 ln
3712 663 3865 703 com-

2292 737 2559 792 mentario
2604 743 2669 791 ad
2703 738 2953 790 eumdem
2986 737 3175 805 psalmi
3210 738 3535 793 versiculum
3569 759 3581 792 :
3625 758 3643 790 ι
3672 740 3861 793 Domi—

2293 845 2424 893 nus,
2473 831 2581 896 ait,
2635 830 2814 885 omnis
2864 830 3268 900 supercaelestis
3326 831 3535 885 militia:
3572 832 3859 886 nobiscum

2291 930 2392 976 est.
2420 941 2438 973 ι

2362 1015 2420 1068 ln
2450 1014 2689 1085 Epistola
2711 1015 2774 1067 de
2798 1014 3053 1067 sententia
3082 1014 3359 1083 Dionysii,
3390 1030 3442 1083 p.
3469 1014 3569 1068 197
3596 1056 3611 1081 ,
3639 1015 3856 1070 scribit:

2298 1128 2315 1160 ι
2338 1107 2449 1164 Nos
2469 1108 2613 1163 enim
2642 1118 2903 1179 quantum
2937 1109 3001 1162 ad
3034 1124 3233 1177 corpus
3260 1106 3501 1177 ejusdem
3522 1109 3739 1175 generis
3770 1124 3861 1161 su-

2292 1215 2414 1254 mus
2438 1214 2501 1253 ac
2531 1198 2810 1264 Dominus,
2842 1211 3121 1269 propterea
3150 1199 3267 1268 ipse
3294 1197 3459 1251 dixit:
3488 1195 3736 1250 Narrabo
3762 1213 3860 1251 no-

2293 1307 2412 1346 men
2445 1300 2597 1345 tuum
2617 1290 2872 1347 fratribus
2900 1292 3089 1346 meis.¢
3113 1288 3313 1345 Psalm.
3350 1305 3463 1354 xiii,
3493 1304 3638 1343 vers.
3670 1290 3762 1342 45,
3798 1317 3864 1329 -

2290 1385 2348 1437 In
2395 1386 2787 1439 commentario
2825 1384 3011 1439 eadem
3049 1382 3240 1453 psalmi
3284 1382 3446 1435 verba
3487 1381 3562 1435 ita
3605 1382 3860 1451 exponit:

2295 1494 2313 1527 ‹
2350 1475 2579 1546 Populo,
2619 1477 2817 1547 inquit,
2864 1478 3099 1532 narrabo
3144 1491 3339 1530 nomen
3379 1486 3565 1530 tuum:
3599 1475 3864 1544 quemad-

2290 1569 2506 1623 modum
2530 1568 2666 1623 dixit
2689 1569 2741 1623 in
2768 1568 3091 1640 Evangelio:
3117 1568 3453 1623 Manifestavi
3478 1582 3675 1621 nomen
3712 1578 3863 1621 tuum

2289 1660 2681 1716 hominibus“.
2708 1681 2728 1714 ι

2357 1755 2414 1809 In
2452 1754 2705 1810 Oratione
2726 1756 2899 1825 prima
2926 1767 3106 1809 contra
3130 1756 3378 1820 Arianos,
3402 1766 3443 1812 t.
3475 1755 3540 1821 11,
3577 1771 3702 1825 pag.
3738 1752 3861 1817 528,

2290 1847 2354 1899 ad
2388 1846 2721 1916 probandam
2765 1847 3121 1901 aeternitatem
3168 1845 3290 1900 Filii
3326 1863 3449 1901 cum
3493 1846 3656 1900 Patre
3691 1846 3863 1900 utitur

2290 1942 2469 1996 verbis
2502 1942 2695 2010 psalmi
2738 1958 2883 1997 xxxv
2926 1942 3177 1997 versiculi
3219 1943 3323 2008 20,
3382 1961 3398 1993 ι
3424 1942 3481 1995 ln
3526 1942 3735 1995 lumine
3771 1950 3864 1994 tuo

2295 2034 2833 2101 videbimus'lumen;
2860 2054 2878 2088 ι
2906 2044 2959 2089 et
2980 2034 3172 2104 psalmi
3205 2050 3405 2089 Lxxxix
3430 2035 3628 2088 versic.
3655 2033 3744 2095 l7,
3773 2052 3791 2083 ‹
3812 2042 3865 2086 et

2290 2127 2360 2181 sit
2404 2125 2659 2195 splendor
2698 2127 2911 2181 Domini
2953 2143 3115 2197 super
3156 2143 3288 2192 nos;
3318 2147 3335 2179 ι
3374 2135 3427 2183 et
3466 2127 3660 2195 psalmi
3705 2142 3864 2180 cxuv

2291 2217 2544 2273 versiculi
2566 2217 2657 2281 20,
2681 2237 2699 2270 ι
2726 2216 2970 2288 Regnum
2989 2228 3139 2273 tuum
3165 2235 3388 2289 regnum
3408 2221 3657 2275 omnium
3692 2236 3864 2275 sacu-

2290 2310 2489 2365 lorum.
2515 2328 2533 2361 i
2566 2339 2636 2348 —
2668 2311 2727 2363 In
2751 2312 3145 2364 commentario
3174 2313 3238 2365 ad
3256 2312 3506 2366 eumdem
3533 2313 3862 2368 versiculum

2290 2402 2485 2470 psalmi
2514 2417 2656 2454 xxxv
2687 2402 3012 2470 subjicitur:
3056 2419 3074 2452 ι
3102 2400 3157 2455 1η
3195 2402 3313 2471 ipso
3346 2403 3484 2457 Filio
3529 2412 3626 2457 tuo
3657 2405 3865 2459 videbi-

2291 2509 2414 2548 mus
2433 2493 2608 2548 lucem
2630 2512 2676 2547 τι
2710 2496 2846 2549 adv.
2878 2494 2940 2548 17
2962 2495 3094 2564 psal.
3120 2510 3343 2560 Lxxiux,
3377 2495 3593 2550 «Gratia
3619 2498 3858 2567 ipsius;i

2291 2588 2357 2642 ad
2390 2602 2441 2639 v.
2476 2586 2546 2639 ‘20
2590 2587 2728 2657 psal.
2776 2602 2967 2652 cxuv,
3015 2606 3032 2637 ι
3053 2584 3301 2656 Regnum
3345 2588 3738 2657 sempiternum
3764 2630 3779 2654 ,
3812 2596 3867 2642 et

2289 2680 2587 2734 dominatio
2619 2690 2710 2733 tua
2740 2693 2903 2748 super
2943 2680 3226 2734 credentes
3257 2680 3425 2734 verbo
3463 2678 3783 2752 Evangelii,
3811 2688 3865 2735 et

2291 2787 2452 2841 super
2480 2786 2587 2825 non
2616 2772 2917 2825 credentes.
2940 2788 2958 2821 ι

2359 2863 2414 2917 ln
2445 2866 2630 2920 eadem
2664 2865 2907 2919 oratione
2933 2865 3109 2934 prima
3138 2865 3203 2919 ad
3231 2864 3566 2934 probandam
3603 2864 3865 2919 immuta-

2291 2958 2550 3012 bilitatem
2582 2956 2744 3010 Verbi
2780 2955 2936 3010 affert
2986 2957 3318 3012 Athanasius
3366 2973 3488 3026 qua:
3525 2957 3788 3012 dicuntur
3832 2972 3863 3011 a

2291 3059 2480 3103 sancto
2508 3049 2709 3102 Davide
2742 3048 2795 3101 in
2836 3048 3045 3117 psalmo
3079 3064 3129 3102 Cl
3151 3089 3166 3114 ,
3192 3064 3331 3104 vers.
3375 3049 3474 3115 48,
3523 3067 3542 3101 ε
3566 3048 3732 3107 lnitio
3769 3060 3861 3117 tu,

2290 3142 2551 3208 Domine,
2575 3161 2593 3194 ι
2628 3150 2759 3207 etc.,
2785 3150 2839 3196 et
2872 3156 3015 3197 vers.
3049 3142 3152 3209 55,
3198 3161 3216 3194 ι
3240 3142 3320 3197 Tu
3354 3152 3535 3198 autem
3564 3144 3708 3199 idem
3750 3145 3866 3215 ipse

2289 3249 2377 3299 es,
2406 3242 2462 3289 et
2488 3235 2613 3289 anni
2664 3235 2742 3290 tui
2777 3250 2887 3289 non
2924 3234 3192 3290 delicient.
3216 3255 3235 3287 ι
3271 3267 3339 3279 -
3369 3236 3427 3290 ln
3462 3239 3865 3292 commentario

2292 3328 2357 3381 ad
2389 3327 2551 3382 verba
2583 3327 2673 3381 illa
2701 3342 2843 3383 vers.
2878 3328 2949 3382 53
2977 3328 3092 3382 haec
3124 3329 3483 3383 adnotantur:
3525 3349 3543 3381 ι
3565 3328 3645 3383 Tu
3676 3339 3862 3385 autem

2290 3430 2344 3473 et
2394 3419 2568 3474 factus
2624 3419 2789 3473 homo
2843 3419 2987 3474 idem
3035 3434 3096 3474 es
3155 3420 3333 3489 qualis
3396 3436 3557 3486 eras,
3612 3430 3668 3475 et
3721 3423 3865 3476 sicut

2289 3512 2501 3567 dierum
2543 3512 2867 3583 principium
2918 3528 3027 3569 non
3074 3514 3271 3579 babes,
3313 3514 3386 3567 ita
3430 3529 3609 3584 neque
3642 3514 3766 3569 vita:
3802 3514 3866 3568 ti—

2288 3619 2432 3659 nem.
2459 3624 2477 3658 ι

2359 3698 2417 3750 ln
2469 3696 2656 3752 eadem
2712 3696 2913 3766 pariter
2946 3698 3190 3754 oratione
3228 3699 3406 3754 allatis
3447 3700 3631 3755 verbis
3664 3701 3864 3771 psalmi

2290 3803 2550 3853 Lxxxvm,
2574 3804 2713 3843 vers.
2739 3788 2826 3849 32.
2853 3790 2941 3849 55,
2982 3808 3000 3839 ‹
3021 3798 3074 3843 et
3104 3790 3156 3841 in
3182 3790 3394 3858 justitia
3420 3799 3511 3845 tua
3540 3791 3864 3847 exaltabun-

2289 3890 2395 3945 tur,
2422 3880 2677 3951 quoniam
2703 3880 2871 3950 gloria
2892 3880 3107 3934 virtutis
3130 3895 3319 3935 eorum
3344 3891 3401 3936 tu
3424 3898 3505 3949 es,
3531 3903 3550 3933 ο
3582 3884 3712 3937 talia
3734 3886 3866 3940 sub-

2281 3972 2401 4040 jicit
2432 3991 2444 4027 :
2473 3992 2490 4024 ι
2521 3971 2577 4026 Si
2630 3988 2794 4042 porro
2825 3971 2994 4028 Filius
3022 3974 3235 4044 justitia
3278 3984 3397 4042 est,
3457 3991 3563 4029 non
3605 3991 3739 4047 ergo
3773 3978 3862 4033 ille

2288 4064 2617 4119 exaltatione
2649 4080 2788 4134 opus
2811 4065 3008 4129 habet;
3037 4066 3131 4120 sed
3179 4081 3279 4121 nos
3311 4082 3533 4131 sumus,
3568 4069 3663 4137 qui
3694 4068 3750 4122 in
3772 4069 3864 4139 ju-

2288 4155 2435 4209 stitia
2462 4155 2785 4215 exaltamur,
2815 4170 2935 4224 qua:
2948 4171 3141 4225 nempe
3166 4157 3281 4226 ipse
3294 4167 3396 4212 est.
3428 4178 3446 4209 ι
3474 4156 3607 4228 Pag.
3637 4157 3764 4212 352.
3792 4189 3863 4200 —-

2287 4242 2345 4297 ln
2376 4246 2769 4299 commentario
2802 4245 3105 4301 versiculus
3146 4246 3236 4300 ille
3272 4247 3340 4299 52
3375 4246 3621 4317 ejusdem
3664 4248 3862 4317 psalmi

2288 4338 2361 4392 ita
2385 4337 2673 4407 exponitur
2696 4355 2708 4391 :
2747 4356 2764 4387 ι
2790 4336 2855 4390 Ει
2879 4337 2931 4390 in
2958 4335 3097 4392 Filio
3130 4346 3224 4391 tuo
3252 4337 3729 4409 gloriﬁcabuntur;
3754 4359 3773 4393 ι
3808 4348 3864 4395 αι

2288 4430 2622 4500 subsequens
2639 4430 2939 4485 versiculus
2958 4430 3047 4497 55,
3076 4450 3093 4483 ι
3119 4429 3388 4497 Quoniam
3408 4432 3463 4485 in
3487 4440 3535 4486 te
3555 4431 3862 4502 gloriantur

2286 4531 2341 4576 et
2370 4523 2812 4577 corroborantur.
2847 4542 2865 4574 ι

623 4627 714 4664 nos
736 4651 751 4675 ,
792 4621 829 4665 t.
858 4611 899 4664 ll
922 4654 936 4678 ,
966 4629 1089 4683 pag.
1118 4615 1221 4669 415
1245 4656 1260 4680 ,
1288 4626 1342 4671 et
1378 4617 1430 4671 in
1476 4617 1627 4671 Orat.
1664 4636 1714 4673 iv
1757 4632 1940 4677 contra
1968 4624 2182 4690 Ariam,

2359 4612 2416 4665 In
2439 4611 2623 4666 eadem
2650 4613 2900 4667 similiter
2922 4611 3172 4668 Oratione
3202 4616 3372 4680 prima
3403 4624 3586 4667 contra
3606 4617 3858 4682 Arianos,

621 4716 745 4773 pag.
806 4703 927 4756 504.
962 4703 1115 4758 —ln
1172 4709 1563 4761 commentario
1607 4711 1674 4764 ad
1724 4728 1867 4768 vers.
1924 4715 1991 4770 15
2021 4727 2073 4770 et
2117 4718 2183 4772 M

622 4792 863 4862 ejusdem
892 4797 1083 4864 psalmi
1122 4813 1159 4850 ιι
1184 4797 1296 4851 hazc
1336 4799 1633 4858 habentur:
1676 4823 1693 4855 ‹
1724 4803 1787 4860 Et
1814 4808 1966 4861 cmlis
1996 4810 2183 4866 audire

623 4882 750 4939 fecit
785 4901 965 4940 vocem
1013 4904 1167 4942 suam
1218 4888 1460 4945 clamans
1490 4893 1554 4947 ad
1584 4910 1669 4948 me
1704 4914 1716 4948 :
1748 4916 1766 4946 ‹
1803 4896 1881 4952 Tu
1914 4914 1973 4954 es
2013 4901 2183 4958 Filius

627 4995 645 5026 ε
668 4991 820 5031 meus
835 4976 1089 5041 dilectus;
1116 4997 1134 5029 ι
1155 4988 1209 5032 et
1230 4980 1295 5032 ad
1313 4992 1624 5050 sequentem
1641 5000 1783 5043 vers.
1804 4988 1890 5049 i5,
1911 4990 2024 5043 hiec
2045 4993 2178 5049 alia:

625 5067 781 5132 «Qua
815 5068 901 5121 die
923 5076 973 5123 te
1003 5070 1519 5129 manifestavi.Nam
1556 5087 1679 5131 ante
1714 5081 1909 5134 saecula
1945 5084 2179 5140 abscon-

620 5160 765 5213 ditus
788 5176 911 5215 eras
941 5163 994 5216 in
1026 5180 1112 5218 me
1140 5163 1297 5220 Patre
1337 5177 1429 5221 tuo
1449 5208 1463 5231 ,
1494 5172 1948 5239 quemadmodum
1971 5176 2037 5231 de
2064 5176 2183 5246 ipso

620 5250 879 5320 scriptum
918 5264 1035 5309 est:
1078 5254 1357 5313 Exsistens
1395 5259 1447 5312 in
1480 5262 1600 5316 sinu
1633 5263 1828 5325 Patris.
1854 5285 1871 5317 ι
1919 5266 1999 5321 Ad
2040 5284 2177 5325 vers.

619 5359 747 5397 vero
770 5344 799 5395 7
825 5347 957 5412 psal.
991 5362 1078 5401 (ιιι
1102 5349 1227 5403 talia
1258 5351 1537 5420 leguntur:
1579 5374 1595 5403 ι
1618 5354 1672 5407 In
1697 5372 1782 5410 me
1807 5373 1929 5413 eras
1947 5374 2177 5430 semper,

619 5455 684 5492 ex
716 5454 827 5505 quo
852 5441 989 5507 cepi
1020 5455 1203 5496 creare
1238 5444 1420 5497 omnia
1459 5460 1552 5513 per
1588 5456 1666 5510 te,
1714 5448 2054 5506 inanifestavi
2100 5463 2177 5516 te,

619 5534 762 5602 quod
794 5534 1076 5597 habebam,
1108 5544 1159 5591 et
1188 5538 1361 5593 habeo
1385 5537 1581 5594 Filium
1609 5542 1662 5594 in
1688 5556 1774 5596 me
1804 5543 1941 5612 ipso.
1969 5565 1986 5596 ι

688 5624 745 5677 In
768 5625 953 5680 eadem
988 5627 1210 5697 epistola
1233 5674 1247 5695 ,
1285 5639 1323 5684 t.
1362 5629 1411 5695 1,
1446 5647 1568 5703 pag.
1605 5633 1738 5698 177,
1770 5636 1958 5690 scribit
1986 5654 2180 5693 nomen

618 5714 830 5769 virtutis
859 5715 1086 5772 diversis
1120 5718 1279 5776 rebus
1315 5722 1513 5791 tribui,
1557 5724 1750 5782 deinde
1788 5725 1965 5783 addit:
2008 5748 2025 5782 ι
2051 5728 2183 5785 Alia:

686 5846 728 5878 "
774 5844 929 5902 Joan.
966 5867 1097 5919 xvii,
1123 5854 1175 5909 6.

2284 4721 2405 4775 pag.
2436 4704 2584 4759 355:
2639 4724 2657 4757 ι
2697 4706 2849 4771 llaec,
2890 4706 3087 4774 inquit,
3134 4708 3298 4760 verba
3346 4707 3489 4760 sacri
3556 4712 3802 4765 cantoris
3844 4726 3855 4739 ·

2290 4815 2307 4846 ι
2344 4796 2507 4851 Sedes
2544 4806 2655 4855 tua.
2708 4796 2868 4862 Deus,
2918 4797 2972 4850 in
3008 4796 3264 4851 saeculum
3300 4800 3484 4851 sat-culi
3540 4800 3759 4869 (versic.
3795 4802 3859 4857 l5

2288 4906 2306 4939 ‹
2340 4888 2476 4959 psal.
2503 4889 2670 4958 xLiv).
2710 4887 2868 4959 Virga
2897 4888 3212 4943 directionis
3238 4890 3390 4959 virga
3415 4890 3564 4961 regni
3583 4893 3683 4946 tui.
3715 4892 3859 4949 Dile-

2287 5000 2307 5032 ‹
2339 4980 2463 5034 xisti
2500 4980 2786 5050 justitiam,
2837 4990 2893 5034 et
2931 4980 3097 5035 odisti
3148 4980 3513 5051 iniquitatem.
3561 4982 3857 5055 Propterea

2286 5091 2305 5123 ι
2344 5073 2494 5126 unxit
2526 5082 2577 5126 te
2598 5072 2761 5136 Deus,
2797 5072 2939 5127 Deus
2956 5081 3079 5129 tuus
3099 5074 3219 5129 oleo
3246 5075 3441 5130 laetitiae
3456 5092 3568 5146 prie
3588 5080 3859 5134 consorti-

2288 5183 2305 5215 ι
2338 5166 2436 5219 bus
2471 5166 2598 5219 tuis.
2622 5184 2639 5216 ι
2675 5164 2879 5220 Deinde
2911 5165 2984 5219 ita
3015 5169 3363 5239 prosequitur
3397 5187 3411 5224 :
3446 5189 3464 5221 ι
3488 5171 3785 5237 Attendite,
3822 5187 3854 5225 o

2281 5256 2503 5319 Ariani,
2533 5256 2834 5326 saltemque
2862 5272 2927 5312 ex
2958 5258 3061 5313 hoc
3080 5259 3201 5314 loco
3230 5262 3508 5329 agnoscite
3542 5265 3849 5321 veritatem.

2279 5344 2571 5400 Consortes
2614 5345 2829 5399 Domini
2876 5362 2976 5402 nos
3017 5362 3208 5403 omnes
3257 5348 3543 5404 Psalmista
3596 5353 3850 5421 appellat.

2280 5437 2434 5503 Quod
2461 5438 2505 5492 si
2528 5454 2593 5493 ex
2621 5439 2791 5493 nihilo
2817 5447 2871 5493 et
2896 5455 2999 5493 una
3024 5455 3054 5494 e
3082 5441 3243 5497 rebus
3273 5441 3431 5497 factis
3460 5454 3606 5498 esset
3647 5444 3851 5512 Filius,

2281 5534 2395 5602 ipse
2424 5546 2643 5602 quoque
2676 5535 2816 5587 inter
2838 5545 3122 5591 consortes
3156 5547 3559 5592 numeraretur.
3590 5540 3729 5594 Cum
3753 5557 3851 5594 au-

2282 5638 2386 5682 tem
2412 5628 2560 5681 illum
2592 5628 2761 5683 Deum
2784 5640 3044 5685 aeternum
3061 5630 3146 5684 his
3174 5630 3353 5685 verbis
3376 5633 3637 5686 cecinerit
3694 5654 3707 5688 :
3751 5634 3854 5691 Re

2281 5738 2444 5793 gnum
2486 5731 2639 5778 tuum
2689 5722 2896 5791 Deus,»
2936 5734 3039 5780 etc.
3075 5754 3146 5765 —
3172 5724 3229 5779 ln
3276 5730 3677 5784 commentario
3712 5731 3852 5800 ejus.-
