4058 6452
174 413 286 471 643

802 409 888 466 DE
920 409 1191 465 TITULIS
1230 409 1668 466 PSALMURUM.
1715 440 1782 449 -—
1821 409 2206 465 ANTONELLI
2251 409 2640 467 PRxEFATlO.

3293 411 3399 467 646

173 528 300 584 dem
330 527 518 598 psalmi
547 541 670 580 xuv
704 525 1016 595 hujusmodi
1041 525 1217 579 brevis
1249 526 1517 594 expositio
1543 531 1729 579 contra
1763 528 1806 586 Α
1835 522 2000 580 fuisse
2033 526 2099 581 iis
2129 541 2250 596 quas
2278 527 2332 581 in
2373 525 2527 582 Orat.
2561 542 2614 580 IV
2644 535 2830 579 contra
2855 525 3079 579 Arianos
3109 525 3365 582 dicuntur
3385 569 3399 591 ,

169 619 490 673 earumdem
512 616 836 672 Arianorum
863 618 1186 671 sententiam
1229 619 1548 672 ascribitur:
1592 638 1610 670 ς
1635 618 1739 671 Re-

174 726 344 780 gnum
393 719 544 763 tuum
597 709 983 778 sempiternum
1019 709 1108 772 (ad
1157 724 1294 762 vers.
1351 709 1460 774 16).
1496 708 1739 763 Potestas

173 811 376 857 aeterna
407 819 628 874 regnum
663 811 814 857 tuum
857 803 943 870 (ad
977 803 1169 856 versic.
1199 803 1309 870 17).
1341 802 1582 856 Dilexisti
1612 817 1740 856 san-

173 904 296 950 ctos
328 905 478 961 tuos,
501 904 556 949 et
581 895 740 949 odisti
778 894 1081 948 inventores
1105 894 1436 962 iniquitatis,
1465 893 1738 948 diabolum

177 1007 371 1060 nempe
395 1000 448 1045 et
471 991 692 1061 angelos
722 990 840 1058 ejus
867 989 954 1057 (ad
981 1004 1120 1043 vers.
1151 989 1216 1042 18
1235 1034 1250 1055 ,
1284 990 1394 1059 19).
1448 989 1737 1060 Pr0pterea

177 1087 511 1143 renuntiavit
541 1093 590 1140 te
621 1085 778 1139 Pater
818 1100 910 1153 per
937 1081 1197 1152 Spiritum
1238 1093 1484 1137 sanctum
1510 1126 1525 1150 ,
1558 1099 1737 1153 regem

169 1179 287 1250 jam
323 1178 712 1232 exsistcntem:
753 1173 1190 1244 quandoquidem
1231 1189 1444 1242 semper
1482 1173 1738 1228 exstitisti

176 1286 275 1325 rex
306 1284 468 1337 supra
500 1282 592 1321 eos
616 1265 708 1336 qui
744 1264 1030 1334 participes
1064 1261 1279 1316 fuerunt
1309 1263 1493 1333 gratim
1523 1272 1646 1317 ture.
1671 1283 1688 1314 ι

251 1361 308 1417 In
340 1360 592 1416 Oratione
613 1365 802 1429 quarta
827 1355 1057 1409 Arianos
1096 1363 1298 1408 temere
1340 1362 1643 1408 asserentes
1685 1355 1738 1406 in

184 1453 362 1509 Veteri
380 1451 724 1505 Testamento
745 1449 945 1502 nullam
970 1447 1110 1510 Filii,
1134 1447 1226 1500 sed
1252 1446 1421 1500 solius
1445 1444 1605 1500 Verbi
1625 1445 1740 1500 fieri

180 1545 508 1599 mentionem
537 1539 730 1594 refellit
754 1539 836 1593 his
864 1539 1066 1593 verbis;
1100 1556 1117 1588 ι
1142 1536 1248 1593 Sed
1276 1538 1436 1592 etiam
1474 1552 1655 1592 revera
1687 1537 1738 1591 in

179 1635 360 1690 Veteri
392 1633 735 1686 Testamento
761 1628 927 1682 multa
961 1629 1025 1683 de
1058 1627 1195 1682 Filio
1223 1637 1551 1694 occurrunt,
1593 1637 1650 1682 ut
1686 1628 1740 1682 in

177 1727 390 1796 psalmo
418 1722 689 1778 secundo:
728 1739 849 1772 ι-ι
869 1719 1038 1774 Filius
1072 1734 1223 1775 meus
1252 1735 1311 1774 es
1345 1729 1436 1773 tu:
1466 1733 1565 1788 ego
1582 1719 1743 1775 hodie

185 1838 204 1870 ι
228 1817 388 1887 genui
422 1824 493 1870 te.
517 1834 534 1867 ι
559 1813 622 1868 Ει
651 1815 704 1867 in
730 1828 874 1866 nono
906 1812 1200 1882 inscripto:
1226 1830 1244 1862 i
1268 1809 1324 1870 In
1353 1811 1512 1866 finem
1538 1827 1634 1881 pro
1655 1826 1742 1866 oc-

183 1927 204 1962 (
233 1909 394 1964 cultis
431 1906 579 1966 Filii,
609 1904 856 1960 Psalmus
890 1902 1076 1956 David.
1106 1922 1123 1954 ι
1143 1901 1208 1954 Et
1236 1903 1289 1955 in
1324 1902 1739 1974 quadragesimo

176 2010 402 2073 quarto:
433 2019 450 2051 ι
474 1999 528 2054 In
553 1999 712 2053 linem
742 2011 838 2067 pro
881 1996 948 2050 iis
968 1995 1059 2064 qui
1085 1994 1583 2057 commutabantur,
1613 1993 1736 2047 ﬁliis

183 2112 202 2144 α
227 2093 386 2156 Core,
412 2091 478 2146 ad
497 2090 846 2152 intellectum,
875 2087 1143 2141 canticum
1172 2101 1269 2154 pro
1293 2085 1510 2148 dilecto,
1539 2103 1555 2135 ι
1578 2093 1733 2138 etc...

175 2183 313 2251 Quis
329 2192 506 2236 autem
531 2180 759 2234 dilectus
778 2187 859 2231 est
887 2185 1075 2245 przeler
1103 2174 1294 2229 Filium
1319 2173 1687 2246 Unigcnitum,
1710 2191 1730 2223 ι

176 2285 284 2330 etc.
316 2304 383 2315 —
412 2272 468 2326 In
511 2269 933 2330 commentario,
988 2283 1108 2337 qua:
1157 2267 1422 2321 habentur
1471 2265 1538 2319 ad
1571 2264 1736 2318 verba

176 2368 316 2440 psal.
352 2383 387 2421 ιι
418 2380 579 2436 supra
610 2363 783 2418 attuli.
820 2361 1017 2416 Psalmi
1064 2370 1242 2414 autem
1278 2359 1408 2413 noni
1454 2356 1737 2426 inscriptio

1839 631 2031 686 nempe
2060 617 2465 687 inscriptionem
2492 618 2562 672 ibi
2598 633 2817 688 quoque
2843 617 2909 673 de
2937 616 3114 673 Verbo
3145 617 3238 673 Dei
3264 618 3404 674 Filio

1837 710 2136 779 expositam
2189 710 2391 777 fuisse,
2435 719 2618 781 aperte
2659 710 2860 765 indicat
2900 711 3189 780 explicatio
3235 712 3405 768 totius

1837 803 2054 872 psalmi,
2082 804 2237 873 cujus
2257 807 2432 874 prima
2456 805 2616 859 verba
2645 814 2802 859 sunt:
2839 822 2856 854 ‹
2882 803 3040 859 Pater
3067 805 3198 860 dicit
3223 809 3401 860 mani-

1841 892 2067 950 festasse
2094 893 2290 949 Filium
2320 911 2478 950 suum
2505 894 2674 950 Deum
2705 893 2962 950 Verbum.
2997 915 3013 946 ι

1910 1032 1964 1085 ln
2006 1031 2244 1102 Epistola
2268 1033 2438 1099 prima
2459 1032 2528 1085 ad
2553 1033 2909 1101 Serapionem,
2949 1040 2989 1086 t.
3027 1034 3093 1100 ll,
3123 1050 3243 1105 pag.
3276 1034 3400 1097 559,

1846 1123 2124 1194 «Spiritus
2178 1124 2391 1179 Domini
2445 1126 2758 1180 universum
2812 1126 2993 1180 orbem
3045 1127 3288 1194 replevit.
3325 1125 3401 1180 lta

1838 1217 1980 1270 enim
2000 1216 2163 1271 David
2189 1217 2416 1272 cecinit:
2448 1237 2465 1269 ι
2491 1218 2607 1285 Quo
2625 1218 2713 1271 ibo
2736 1234 2765 1272 a
2797 1218 3000 1288 Spiritu
3032 1220 3162 1272 tuo?
3186 1239 3203 1271 ι
3225 1218 3402 1290 (Psal—

1841 1324 1930 1362 mo
1955 1325 2214 1372 cxxxvnl,
2251 1325 2392 1364 vers.
2421 1309 2606 1379 ii.)——
2639 1309 2694 1363 ln
2732 1311 3124 1364 commentario
3148 1311 3214 1366 ad
3243 1327 3401 1366 eum-

1840 1399 1961 1453 dem
2011 1401 2336 1455 versiculum
2374 1401 2566 1470 psalmi
2611 1417 2888 1465 cxxxvnl,
2919 1421 2935 1452 ι
2967 1401 3064 1456 Ubi
3099 1403 3243 1456 enim
3278 1403 3403 1458 abs-

1841 1491 2071 1545 condere
2111 1507 2197 1546 me
2228 1507 2449 1562 possum
2493 1509 2524 1546 a
2555 1503 2745 1549 sancto
2779 1505 2870 1549 tuo
2900 1493 3104 1564 Spiritu
3126 1535 3141 1559 ,
3181 1496 3276 1566 qui
3305 1513 3404 1551 no-

1842 1582 1943 1637 scit
1969 1581 2220 1635 omnia‘h

1912 1723 1967 1778 In
2001 1722 2240 1792 Epistola
2267 1723 2330 1776 de
2360 1723 2571 1793 synodis
2593 1764 2607 1788 ,
2641 1739 2763 1794 pag.
2802 1721 2906 1776 609
2928 1763 2943 1788 ,
2989 1740 3007 1773 ι
3032 1720 3098 1776 Ει
3137 1722 3204 1778 de
3242 1722 3402 1778 Patre

1843 1815 2058 1884 quidem
2105 1815 2365 1882 scriptum
2420 1821 2530 1867 est:
2581 1812 2882 1868 «Dominus
2917 1812 3058 1869 Deus
3092 1823 3215 1868 tuus
3261 1831 3402 1870 unus

1849 1926 1866 1958 ι
1889 1906 2146 1961 Dominus
2159 1915 2288 1961 est.)
2309 1905 2486 1976 (Deut.
2504 1905 2668 1975 vi,4.)
2693 1925 2710 1955 i
2736 1905 2808 1960 De
2824 1905 2960 1960 Filio
2983 1915 3164 1960 autem
3183 1925 3196 1959 :
3214 1924 3233 1958 ι
3260 1905 3403 1962 Deus

1849 2016 1868 2050 σ
1893 1998 2155 2052 Dominus
2193 2007 2245 2051 et
2271 1996 2446 2051 illuxit
2477 1997 2631 2051 nobis
2652 1997 2822 2067 (Psal.
2846 2013 3013 2063 cxvii,
3046 2014 3186 2052 vers.
3206 1998 3319 2067 52),
3347 2006 3404 2054 et

1847 2107 1866 2140 ι
1893 2089 2162 2144 videbitur
2206 2088 2346 2142 Deus
2376 2088 2600 2142 deorum
2651 2089 2703 2142 in
2757 2087 2883 2144 Sion
2924 2090 3097 2158 (Psal.
3161 2109 3398 2158 Lxxxnt,

1843 2197 1984 2236 vers.
2037 2180 2148 2249 14).
2186 2200 2204 2232 ›
2229 2210 2290 2221 -
2324 2179 2381 2232 ln
2432 2182 2822 2236 commentario
2849 2183 3095 2238 similiter
3120 2185 3402 2256 utriusque

1842 2273 2034 2343 psalmi
2070 2272 2229 2326 verba
2263 2271 2330 2326 de
2359 2270 2495 2326 Filio
2522 2273 2594 2326 ita
2620 2283 2964 2343 exponuntur
2996 2273 3165 2343 (Psal.
3201 2277 3397 2344 cxvn):

1849 2382 1867 2415 ι
1891 2363 2334 2433 Quandoquidem
2363 2378 2484 2417 cum
2513 2361 2656 2418 Deus
2679 2374 2820 2418 esset
2845 2363 3003 2419 Jesus
3029 2365 3287 2421 Dominus
3307 2382 3403 2436 ap-

178 2461 256 2516 ita
282 2459 609 2528 explicatur:
647 2473 664 2505 ‹
691 2453 745 2507 In
772 2451 1066 2506 novissimo
1092 2451 1178 2505 die
1202 2465 1298 2519 pro
1324 2447 1734 2518 incomprehen-

179 2550 428 2605 sibilibus
475 2545 746 2617 mysteriis
793 2541 913 2595 Filii
973 2541 1085 2596 Dei.
1115 2560 1132 2591 ι
1185 2539 1559 2610 lnterpretatio
1592 2537 1732 2592 tituli

177 2639 374 2711 psalmi
401 2654 525 2692 xuv
560 2637 710 2692 deest
737 2635 789 2688 in
815 2631 1018 2697 codice,
1048 2632 1140 2687 sed
1169 2647 1288 2687 eam
1310 2639 1730 2688 consentaneam

1837 2455 2016 2524 paruit
2038 2453 2091 2508 in
2115 2463 2277 2507 terra.
2301 2470 2319 2503 ι
2355 2451 2420 2506 Et
2447 2453 2639 2522 psalm.
2668 2470 2878 2509 Lxxxnt
2901 2474 2913 2509 :
2940 2474 2957 2506 ι
2988 2454 3267 2510 Videbitur
3303 2454 3397 2511 Dei

1838 2539 2010 2595 Filius
2036 2539 2176 2596 Deus
2203 2541 2424 2596 deorum
2454 2582 2469 2607 ,
2495 2541 2588 2611 qui
2626 2543 2759 2598 tales
2793 2543 2964 2613 gratia
3009 2553 3175 2610 sunt,
3214 2545 3268 2600 in
3299 2546 3398 2601 ad-

1839 2645 1936 2686 ven
1946 2638 2000 2684 ιιι
2027 2644 2146 2684 SUO.
2173 2647 2191 2681 ι

250 2821 499 2877 Restaret
531 2818 724 2882 modo,
757 2826 816 2872 ut
847 2813 1296 2871 commentarium
1316 2854 1331 2879 ,
1367 2827 1464 2870 seu
1499 2811 1885 2883 metaphrasim
1914 2820 2152 2866 nostram
2181 2825 2304 2864 cum
2345 2808 2584 2871 Epistola
2608 2811 2674 2862 ad
2710 2809 3074 2864 Marcellinum
3115 2827 3399 2884 compara-

177 2936 316 2977 rem.
341 2917 472 2986 Qua:
496 2916 640 2971 enim
673 2915 727 2968 in
757 2929 819 2969 ea
840 2915 1031 2967 beatus
1059 2910 1388 2965 Athanasius
1424 2908 1653 2963 allirmat
1684 2924 1715 2962 a
1748 2917 1940 2964 sancto
1967 2906 2236 2977 Propheta
2259 2906 2402 2962 dicta
2430 2905 2598 2962 fuisse
2631 2907 2685 2962 in
2723 2909 2950 2965 Psalmis
2994 2910 3060 2964 de
3104 2908 3400 2967 Salvatoris

175 3011 411 3066 adventu
432 3047 446 3069 ,
479 3016 533 3061 et
565 3007 631 3060 de
659 3005 779 3074 ejus
800 3014 1000 3061 aeterna
1027 3007 1372 3076 generatione
1398 3020 1428 3058 a
1457 3003 1648 3070 Patre,
1681 3019 1914 3073 eumque
1943 3002 2120 3058 Patris
2151 3002 2384 3056 Verbum
2418 3019 2538 3059 esse
2557 3044 2572 3068 ,
2598 3015 2652 3060 et
2682 3005 3012 3076 Sapientiam
3045 3006 3097 3079 (ᾗ
3139 3009 3231 3079 5);
3280 3025 3401 3081 qua:

173 3108 243 3163 de
264 3103 456 3160 Messia
489 3103 714 3173 ejusque
741 3109 942 3157 aeterno
968 3117 1135 3173 regno
1161 3101 1210 3173 (§
1235 3102 1323 3170 6),
1359 3101 1425 3156 de
1454 3099 1765 3155 Iudaeorum
1794 3099 2007 3156 insidiis
2027 3143 2041 3166 ,
2069 3100 2358 3170 pravisque
2382 3100 2624 3156 consiliis
2665 3104 2924 3158 adversus
2955 3106 3202 3160 eumdem
3239 3106 3399 3161 Chri-

173 3207 320 3255 stum
351 3193 670 3261 Dominum,
703 3193 876 3264 deque
897 3192 1015 3263 ejus
1050 3193 1400 3248 acerbissima
1436 3192 1691 3261 passione
1717 3190 1770 3261 (ᾗ
1801 3190 1890 3262 7):
1925 3191 2051 3246 item
2082 3191 2148 3244 de
2187 3189 2419 3260 gloriosa
2448 3191 2689 3262 ejusdem
2726 3192 2779 3246 in
2814 3193 3008 3248 ccelum
3048 3195 3398 3262 ascensione,

172 3304 290 3348 tum
322 3291 484 3347 etiam
508 3288 752 3345 sessione
774 3286 840 3341 ad
869 3287 1144 3342 dexteram
1180 3286 1374 3354 Patris,
1405 3289 1471 3343 de
1506 3287 1678 3358 poenis
1701 3301 1764 3341 ac
1788 3285 2066 3356 punitione
2095 3283 2297 3338 diaboli
2330 3282 2381 3354 (ᾗ
2414 3283 2495 3353 8):
2527 3283 2744 3338 demum
2769 3285 2834 3338 de
2866 3283 3049 3338 futuro
3071 3286 3298 3355 judicio,
3333 3287 3400 3345 de

172 3383 461 3439 vocatione
489 3378 732 3435 omnium
759 3376 995 3446 gentium
1015 3417 1030 3442 ,
1059 3389 1113 3433 et
1139 3379 1192 3432 in
1212 3378 1317 3434 ﬁne
1349 3377 1510 3432 etiam
1533 3377 1770 3447 ipsorum
1790 3375 2133 3430 Judzeorum:
2176 3375 2290 3430 haec
2316 3390 2533 3445 quoque
2563 3376 2614 3428 in
2647 3386 2834 3431 nostro
2857 3383 3249 3435 commentario
3275 3399 3398 3438 eum

171 3475 229 3530 in
263 3473 512 3530 eumdem
541 3485 760 3527 sensum
790 3467 1033 3539 exposita
1063 3467 1329 3535 legantur,
1363 3466 1488 3522 inde
1512 3467 1685 3536 magis
1713 3466 1994 3535 magisque
2015 3465 2422 3533 comprobatur,
2448 3465 2699 3520 eumdem
2723 3466 3079 3522 Athanasium
3117 3486 3400 3528 commen-

171 3570 297 3626 tarii
318 3567 525 3631 nostri,
561 3580 656 3621 seu
686 3562 1044 3632 metaphrasis
1066 3570 1342 3614 auctorem
1372 3559 1562 3626 fuisse,
1592 3575 1744 3630 aeque
1775 3575 1839 3614 ac
1864 3558 2118 3628 Episton
2146 3558 2214 3610 ad
2237 3557 2604 3615 Marcellinum
2625 3603 2639 3625 ,
2671 3579 2832 3632 quam
2864 3563 2922 3618 s,
2961 3566 3245 3621 Athanasii
3279 3583 3402 3625 esse

169 3672 334 3714 nemo
357 3656 602 3720 dubitat,
632 3666 859 3722 eamque
888 3659 1136 3705 sanctum
1170 3649 1450 3704 Ductorem
1481 3650 1631 3719 operi
1658 3664 1759 3702 suo
1783 3648 1857 3703 De
1886 3650 2055 3703 titulis
2092 3648 2432 3704 Psalmorum
2472 3656 2709 3724 prmponi
2758 3657 3029 3725 voluisse,
3069 3662 3400 3729 posteritatis

169 3748 450 3806 memoriae
473 3745 730 3801 traditum
762 3752 864 3799 est.
898 3741 1025 3806 Sed,
1051 3742 1308 3812 quoniam
1336 3758 1420 3797 res
1452 3742 1665 3812 longius
1709 3741 2022 3811 procederet
2062 3759 2225 3812 quam
2259 3752 2504 3813 oportet,
2536 3756 2590 3799 et
2623 3747 2904 3816 epistolam
2940 3753 3271 3810 sanctissimi
3307 3773 3396 3812 ar-

168 3841 502 3911 chiepiscopi
527 3840 792 3910 integram
811 3836 1051 3901 exhibui,
1081 3836 1132 3890 id
1157 3837 1401 3892 studioso
1426 3836 1610 3892 lectori
1638 3835 1939 3891 faciendum
1968 3837 2236 3908 relinquo.

237 3930 482 3986 XXXIX.
507 3930 739 3992 Etenim,
769 3943 836 3982 ne
862 3927 1053 3997 majori
1078 3927 1236 3982 taedio
1257 3928 1517 3996 legentem
1549 3927 1797 3991 alliciam,
1829 3927 1893 3981 ad
1924 3927 2083 3982 tinem
2115 3928 2327 3982 dicendi
2352 3945 2610 3999 propero;
2642 3933 2733 3987 sed
2759 3935 3073 4005 priusquam
3105 3937 3156 3994 id
3179 3939 3397 4011 faciam,

164 4035 218 4080 et
254 4026 562 4084 institutum
590 4039 896 4081 sermonem
921 4023 1195 4077 absolvam
1215 4066 1230 4090 ,
1264 4023 1396 4077 illud
1426 4038 1454 4076 a
1481 4038 1568 4078 me
1599 4021 1956 4077 omittendum
1989 4037 2096 4076 non
2125 4031 2238 4091 est,
2266 4038 2391 4079 cum
2423 4025 2669 4081 Latinam
2705 4028 2867 4098 hujus
2909 4035 3272 4104 metaphrasis
3303 4055 3398 4094 seu

164 4124 546 4181 commentarii
578 4121 880 4177 versionem
923 4129 1159 4190 quatuor
1196 4129 1290 4174 aut
1339 4119 1581 4189 quinque
1621 4121 1689 4172 ab
1735 4117 1861 4172 hinc
1903 4118 2060 4172 annis
2096 4133 2220 4173 cum
2257 4119 2628 4176 eruditissimo
2660 4121 2720 4176 Ρ.
2761 4123 3059 4182 Blanchino
3097 4145 3398 4204 congrega-

166 4216 334 4270 tionis
362 4212 595 4269 Oratorii
620 4213 934 4286 presbytero
954 4253 969 4278 ,
993 4215 1086 4284 qui
1109 4215 1212 4268 alia
1239 4213 1406 4268 etiam
1435 4226 1746 4270 sanctorum
1776 4213 1994 4267 Patrum
2025 4213 2288 4282 opuscula
2313 4214 2366 4268 in
2398 4215 2574 4270 lucem
2609 4218 2766 4274 edere
2797 4221 3056 4290 parabat,
3088 4227 3400 4281 communi-

163 4327 376 4368 cassem
399 4352 415 4378 ,
439 4312 554 4382 ipse
587 4311 641 4367 in
669 4311 943 4382 publicum
975 4310 1254 4366 emittendi
1287 4325 1473 4365 curam
1507 4311 1562 4364 in
1610 4326 1668 4366 se
1707 4310 1985 4378 suscepit,
2027 4309 2387 4380 promisitque
2418 4311 2471 4365 in
2501 4327 2694 4382 opere,
2727 4316 2815 4370 cui
2857 4317 3047 4374 titulus
3083 4339 3096 4374 :
3145 4320 3400 4378 Vindicia:

161 4404 540 4461 canonicarum
589 4403 1000 4470 Scripturarum.
1030 4402 1224 4458 Postea
1252 4410 1432 4456 autem
1456 4416 1579 4456 cum
1629 4401 1681 4455 ei
1737 4400 2037 4455 scribenda:
2063 4400 2445 4456 ecclesiastica:
2478 4403 2721 4458 historia:
2747 4420 2944 4462 munus
2971 4424 3000 4462 a
3032 4425 3145 4465 suae
3168 4427 3402 4483 congre-

161 4501 398 4570 gationis
426 4499 704 4556 sodalibus
731 4498 967 4553 delatum
999 4496 1230 4562 fuisset,
1263 4496 1603 4552 clarissimus
1634 4493 1716 4548 vir
1741 4497 1924 4566 (quem
1957 4510 2058 4565 ego
2107 4495 2355 4566 pluribus
2385 4494 2487 4549 hoc
2528 4495 2649 4549 loco
2679 4495 2800 4565 jure
2841 4502 3035 4556 merito
3080 4502 3358 4561 laudarem
3378 4549 3394 4573 ,

156 4605 365 4661 easque
387 4590 642 4645 referrem
674 4587 894 4654 laudes,
923 4602 1060 4658 quas
1083 4587 1353 4642 immerito
1394 4587 1448 4640 in
1489 4601 1576 4640 me
1607 4586 1867 4650 contulit,
1901 4587 1955 4640 ni
2000 4601 2217 4640 vererer
2254 4586 2372 4654 ejus
2405 4587 2725 4642 modestiam
2765 4589 3067 4660 offendere,
3103 4607 3158 4652 et
3202 4600 3398 4654 merito

159 4685 409 4750 censeri,
439 4684 575 4737 alios
604 4682 910 4750 importune
936 4678 1204 4734 laudando
1255 4679 1523 4734 indebitas
1560 4678 1693 4732 mihi
1724 4679 1911 4733 laudes
1955 4677 2088 4732 velle
2131 4677 2414 4746 aucupari)-
2453 4678 2608 4732 fidem
2647 4680 2860 4748 publico
2893 4683 3071 4739 datam
3116 4689 3397 4746 exsolvere

158 4779 424 4851 nequivit.
451 4778 636 4846 Itaque
665 4790 733 4829 ne
757 4775 1159 4844 exspectatione
1183 4789 1280 4828 sua
1318 4773 1702 4828 fraudarentur
1725 4789 1906 4827 rerum
1934 4769 2428 4827 ecclesiasticarum
2466 4782 2736 4827 amatores
2758 4814 2774 4836 ,
2800 4785 2852 4828 et
2885 4776 3090 4832 diutius
3117 4779 3392 4840 desidera-

158 4881 286 4929 rent
309 4869 626 4941 praaclarum
651 4880 788 4934 opus
810 4863 1139 4919 sanctissimi
1169 4861 1366 4926 Patris,
1402 4864 1470 4918 de
1502 4863 1658 4933 cujus
1692 4863 1946 4933 operibus
1979 4871 2122 4916 recte
2146 4861 2322 4918 aiebat
2358 4863 2526 4918 abbas
2556 4864 2646 4919 ille
2671 4865 2899 4922 Cosmas
2931 4869 3086 4941 (93‘),
3109 4883 3161 4927 et
3188 4879 3391 4934 sancti-

157 4973 274 5019 tate
301 4974 513 5015 morum
539 4966 594 5013 et
615 4955 913 5012 monastica
937 4952 1270 5025 professione
1301 4954 1563 5010 illustris:
1598 4973 1615 5004 ι
1643 4955 1700 5008 Si
1730 4957 2004 5010 inveneris
2037 4955 2242 5024 aliquid
2273 4971 2339 5010 ex
2369 4956 2648 5024 opusculis
2692 4957 2751 5012 S.
2803 4959 3116 5032 Athanasii,
3151 4985 3251 5026 nec
3295 4972 3396 5026 ba-

157 5053 346 5112 bueris
373 5051 615 5106 chartam
641 5047 706 5101 ad
731 5046 1076 5101 scribendum
1096 5086 1112 5111 ,
1135 5045 1188 5099 in
1225 5045 1560 5100 vestimentis
1589 5047 1698 5101 tuis
1731 5048 1907 5101 scribe
1939 5047 2100 5112 illud;
2133 5067 2149 5097 »
2181 5048 2326 5116 quod
2359 5047 2447 5101 ille
2475 5050 2836 5118 promiserat,
2869 5053 2920 5107 id
2948 5069 3052 5125 ego
3097 5071 3353 5128 praestare
3373 5105 3389 5128 ,

156 5143 339 5216 quoad
370 5157 466 5213 per
497 5139 877 5208 occupationes
911 5137 1142 5200 libebat,
1171 5136 1444 5191 constitui.
1489 5138 1777 5193 Cunctanti
1807 5150 1983 5193 autem
2022 5139 2273 5194 stimulos
2302 5139 2510 5194 addidit
2538 5141 2832 5210 singularis
2860 5143 3168 5216 benignitas
3207 5155 3389 5208 excel-

156 5236 445 5294 lentissimi
477 5231 765 5287 Praenestis
787 5231 1043 5301 principis
1065 5229 1193 5284 Julii
1218 5230 1480 5295 Caesaris,
1509 5233 1603 5300 qui
1627 5248 1692 5286 ex
1718 5233 2056 5286 nobilissima
2074 5231 2428 5290 Columnensi
2455 5234 2619 5288 domo
2647 5236 2700 5288 in
2731 5233 3082 5293 Barbcrinam
3119 5240 3386 5300 familiam

156 5327 368 5384 ascitus
387 5321 836 5393 spectatissimam
862 5319 1114 5374 feminam
1147 5319 1443 5389 principem
1471 5320 1778 5375 Corneliam
1809 5321 2115 5376 Barberinze
2139 5322 2323 5392 stirpis
2357 5324 2577 5378 unicum
2622 5336 2897 5395 superstes
2929 5345 3152 5399 germen
3186 5335 3239 5387 in
3276 5351 3392 5390 ma.

154 5417 476 5479 trimonium
508 5413 681 5479 duxit,
704 5421 757 5467 et
787 5412 1067 5466 universas
1094 5409 1514 5466 Barberinorum
1544 5428 1675 5482 opes
1701 5429 1765 5468 ac
1789 5413 2075 5469 facultates
2101 5414 2454 5484 possidendas
2482 5417 2976 5490 custodiendasque
3007 5424 3234 5494 accepit.
3267 5425 3388 5496 Ipse

152 5513 302 5570 enim
327 5554 341 5578 ,
375 5510 467 5582 qui
498 5506 846 5562 vetustissimi
877 5507 1088 5576 generis
1117 5507 1449 5560 nobilitatem
1481 5509 1739 5562 virtutum
1787 5510 2094 5579 praestantia
2132 5510 2417 5564 annulatur
2440 5552 2454 5575 ,
2500 5526 2733 5582 vereque
2768 5532 3058 5585 germanus
3107 5519 3272 5576 frater
3305 5532 3389 5575 est

155 5621 264 5661 non
289 5605 463 5660 solum
488 5599 756 5655 natalibus
783 5639 796 5662 ,
833 5597 926 5652 sed
956 5596 1118 5651 etiam
1153 5598 1396 5651 moribus
1426 5600 1842 5656 eminentissimi
1872 5599 2167 5658 cardinalis
2195 5599 2446 5672 Prosperi
2467 5643 2482 5670 ,
2511 5602 2666 5673 cujus
2697 5607 3112 5678 magnanimitas
3134 5651 3150 5680 ,
3195 5612 3386 5669 buma-

227 5781 360 5848 (95⁸)
394 5779 493 5848 Ap.
523 5776 678 5833 Joan.
710 5775 1009 5843 Moschum,
1042 5777 1133 5832 lib.
1163 5795 1213 5842 x,
1236 5793 1353 5848 cap.
1379 5779 1465 5832 40.
