4058 6476
646 430 753 487 M7
1428 431 1487 486 S.
1528 428 1893 483 ATIIANASII
1933 428 2082 484 OPP.
2124 426 2303 483 PARS
2343 424 2424 479 l'I.
2466 456 2535 466 —
2572 425 2973 483 EXEGETlCA.
3776 423 3870 477 διε

651 557 822 618 nitas,
847 554 1087 623 probitas
1106 564 1160 610 et
1181 554 1435 624 praeclara
1464 554 1665 623 ingenii
1692 552 1900 607 indoles
1922 551 1987 606 ad
2010 549 2328 621 dignitatem
2352 558 2407 602 et
2444 548 2695 603 virtutem
2731 558 2890 611 nata,
2939 546 3079 600 haud
3111 545 3243 601 satis
3284 543 3492 600 laudari
3527 557 3627 613 pro
3665 540 3869 595 meritis

648 658 856 719 potest;
891 648 1038 720 ipse,
1068 650 1284 719 inquam
1304 692 1317 714 ,
1347 649 1794 718 praestantissimo
1826 647 1979 701 fratri
2015 646 2159 700 haud
2203 644 2485 699 dissimilis
2514 644 2755 699 codicem
2788 643 3031 698 Graecum
3054 681 3069 705 ,
3109 657 3217 711 quo
3252 641 3589 696 commodius
3615 638 3669 692 in
3697 636 3867 690 lucem

647 741 804 795 edere
829 756 1064 811 possem,
1094 741 1313 797 domum
1344 741 1692 796 deferendum
1724 740 1960 796 tradidit.
2001 738 2215 794 Utinam
2252 738 2334 792 vel
2359 739 2527 793 codex
2555 738 2852 792 doctiorem
2883 753 2967 792 me
2989 737 3335 805 interpretem
3362 745 3554 790 nactus
3580 742 3756 796 esset,
3788 735 3869 793 re]

646 847 746 899 ego
774 832 1009 887 codicem
1040 834 1447 887 correctiorem!
1476 832 1602 887 Erat
1629 833 1795 898 enim,
1822 842 1881 887 ut
1905 831 2156 902 superius
2184 829 2316 894 dixi,
2349 830 2667 893 mendosus,
2700 844 2950 889 mancus.
2982 830 3277 884 oscitanter
3308 828 3567 897 scriptus,
3597 826 3868 896 permistis

647 943 788 997 saepe
816 928 1143 999 psalmorum
1169 938 1220 983 et
1254 929 1708 999 interpretationis
1733 928 1946 994 verbis,
1981 926 2311 995 minimeque
2345 925 2751 994 interpretatio,
2798 935 2856 979 ut
2888 943 2917 978 a
2965 940 3048 978 me
3091 924 3290 978 factum
3326 932 3442 985 est,
3476 924 3529 976 in
3571 922 3867 976 versiculos

641 1019 796 1089 juxta
826 1028 1061 1075 veterem
1085 1019 1421 1076 Psalinorum
1457 1023 1779 1078 divisionem
1805 1021 2079 1076 distincta.
2114 1016 2296 1083 Quare
2317 1017 2361 1070 si
2392 1033 2513 1086 quae
2543 1018 2732 1072 lectori
2754 1026 3045 1072 occurrant
3076 1031 3197 1087 quae
3226 1015 3363 1072 forte
3386 1016 3639 1079 obscura,
3667 1014 3866 1084 inepta,

645 1111 844 1179 aliena,
867 1120 921 1167 et
940 1112 1160 1169 minime
1190 1114 1331 1170 inter
1358 1130 1416 1171 se
1442 1125 1807 1172 consentanea
1839 1113 2151 1176 videantur,
2184 1110 2235 1163 id
2268 1109 2352 1163 vel
2373 1110 2578 1165 codicis
2598 1110 2880 1165 vitiositati
2914 1111 2994 1165 vel
3020 1109 3337 1181 typograplti
3373 1109 3594 1164 incuriae
3614 1148 3630 1172 ,
3663 1108 3747 1163 vel
3774 1120 3873 1177 po-

646 1202 754 1259 tius
794 1203 1021 1259 inscitia:
1046 1220 1177 1260 meae
1209 1204 1263 1258 in
1294 1204 1497 1260 Graecis
1520 1205 1814 1268 vertendis,
1846 1200 2161 1273 supplendis
2184 1199 2645 1271 corrigendisque,
2673 1209 2731 1256 ut
2765 1200 2986 1265 tribuat,
3014 1199 3198 1255 velim.

832 1448 1138 1512 Monitum
1199 1447 1280 1507 ad
1346 1447 1665 1508 Lectorem
1691 1458 2054 1527 excerptum
2090 1468 2170 1510 ea:
2224 1447 2546 1510 Antonelli
2595 1448 2965 1528 prie/aliane
2996 1448 3355 1529 Appendici
3384 1450 3668 1529 prwﬁxa.

712 1588 1070 1660 Posteaquam
1093 1590 1548 1657 Commentarios,
1576 1607 1671 1647 seu
1697 1592 2073 1662 lnterpretatio
2090 1592 2427 1648 Psalmorum
2458 1591 2637 1661 magni
2665 1591 2949 1646 Athanasii
2982 1590 3202 1645 nomine
3234 1589 3488 1660 insignita
3512 1590 3564 1643 in
3589 1590 3865 1660 publicum

641 1683 946 1754 prodierat,
984 1682 1117 1738 forte
1146 1682 1359 1738 fertuna
1402 1685 1657 1754 contigit,
1700 1693 1762 1737 ut
1791 1685 2083 1754 scriptores
2120 1683 2467 1740 Bibliotheca:
2495 1683 2797 1748 Vaticana,
2834 1698 2957 1737 cum
2992 1684 3205 1740 codices
3238 1683 3291 1737 in
3321 1684 3518 1753 quibus
3551 1684 3863 1752 psalterium

640 1775 843 1846 aliique
869 1774 1073 1829 Veteris
1094 1773 1337 1846 Novique
1363 1775 1693 1832 Testamenti
1723 1778 1845 1831 libri
1876 1780 2221 1833 continentur
2242 1819 2256 1841 ,
2279 1778 2677 1841 evolverent,in
2712 1793 2835 1831 eum
2867 1777 3165 1832 inciderent
3185 1791 3295 1848 quo
3322 1788 3374 1831 et
3399 1776 3600 1832 Psalmi
3631 1789 3683 1834 et
3707 1778 3867 1833 Com-

640 1872 941 1926 mentarius
966 1882 1149 1925 noster
1180 1872 1371 1926 inerat.
1397 1871 1514 1938 Qua
1542 1872 1606 1927 de
1631 1888 1689 1926 re
1722 1874 1901 1927 statim
1927 1872 2239 1928 admonitus
2273 1874 2338 1928 ad
2367 1872 2684 1928 Vaticanam
2714 1872 3095 1927 bibliothecam
3138 1888 3223 1928 me
3250 1874 3487 1940 contuli,
3521 1884 3573 1929 et
3600 1883 3865 1945 potestate

639 1963 773 2017 mihi
791 1978 819 2017 a
845 1962 1329 2032 summo-pontiﬁce
1357 1963 1644 2019 Benedicto
1667 1961 1783 2015 XIV
1812 1963 2041 2034 benigne
2069 1962 2229 2030 facta,
2259 1965 2497 2019 codicem
2531 1979 2742 2018 mecum
2768 1964 2989 2018 domum
3014 1964 3191 2029 retuli,
3222 1978 3395 2033 eoque
3417 1980 3540 2018 cum
3568 1963 3864 2019 Commen—

638 2056 778 2111 tario
806 2072 834 2110 a
867 2071 951 2111 me
979 2058 1034 2111 in
1065 2056 1238 2111 lucem
1266 2058 1431 2124 edito,
1456 2075 1564 2129 quo
1592 2058 1752 2112 citius
1780 2073 1876 2127 per
1908 2058 2287 2128 occupationes
2314 2059 2486 2123 licuit,
2511 2059 2731 2124 collato,
2757 2058 2932 2111 varias
2958 2057 3220 2112 lectiones
3248 2071 3311 2111 ea
3339 2056 3530 2126 majori
3561 2056 3860 2125 diligentis,

636 2166 743 2220 qua
769 2152 951 2220 potui,
974 2149 1501 2222 exscripsi,easque.
1529 2162 1676 2207 ratus
1709 2167 1827 2205 sum
1871 2168 1957 2208 me
2017 2169 2128 2207 rem
2159 2163 2367 2223 gratam
2400 2154 2584 2209 lectori
2622 2153 2912 2217 facturum,
2943 2151 2987 2207 si
3017 2151 3082 2205 ad
3108 2150 3308 2206 calcem
3338 2149 3733 2205 Commentarii
3767 2164 3859 2203 seu

638 2246 1224 2315 lnterpretationisjam
1251 2246 1392 2316 typis
1417 2245 1689 2315 impressae
1717 2246 2061 2318 adjungerem
2100 2248 2237 2317 (94).
2265 2247 2539 2319 Siquidem
2571 2249 2722 2318 plura
2750 2264 2871 2318 quae
2911 2248 2962 2301 in
3001 2257 3189 2302 nostro
3224 2246 3407 2302 codice
3434 2246 3696 2311 deerant,
3736 2260 3863 2315 sup-

636 2337 883 2407 plentur:
916 2338 1081 2392 multa
1105 2353 1170 2392 ex
1192 2338 1499 2407 conjectura
1526 2353 1555 2391 a
1580 2353 1665 2392 me
1689 2340 1973 2393 emendata
1997 2340 2414 2395 confirmantur:
2443 2342 2671 2411 plurima
2696 2355 2880 2410 prave,
2910 2340 3187 2402 mendose,
3213 2353 3277 2392 ac
3307 2348 3641 2407 praepostero
3668 2341 3861 2396 ordine

636 2427 834 2498 scripta
867 2427 1234 2498 corriguntur.
1260 2427 1485 2483 Demum
1512 2429 1833 2483 divisionem
1856 2428 2197 2483 Psalmorum
2229 2430 2282 2484 in
2316 2433 2552 2487 minores
2578 2430 2874 2486 versiculos
2899 2445 2993 2500 per
3021 2432 3138 2485 cola
3167 2440 3221 2485 et
3250 2440 3541 2499 commata,
3568 2442 3626 2486 ut
3654 2444 3863 2489 veteres

634 2532 850 2588 vocant,
875 2539 1037 2595 quam
1061 2536 1329 2580 servatam
1356 2523 1522 2578 fuisse
1555 2538 1584 2575 a
1619 2531 1806 2576 nostro
1833 2521 2083 2579 Psalterii
2112 2525 2422 2594 interprete,
2452 2541 2515 2580 ex
2545 2527 2767 2597 antiquo
2793 2541 2941 2580 more
2965 2541 3028 2581 ac
3055 2525 3448 2581 consuetudine
3476 2528 3863 2585 verosimiliter

634 2615 972 2683 conjeceram
999 2654 1015 2679 ,
1046 2630 1227 2669 veram
1253 2629 1373 2669 esse
1402 2624 1455 2669 et
1487 2615 1709 2670 minime
1742 2617 2166 2672 commentitiam
2207 2616 2494 2674 manifesto
2526 2620 2830 2674 ostenditur
2853 2657 2868 2681 ,
2914 2628 2967 2673 et
3007 2618 3175 2672 multa
3212 2618 3286 2672 ita
3316 2632 3374 2673 se
3404 2617 3641 2684 habere,
3675 2629 3738 2675 ut
3769 2638 3865 2693 per

635 2709 1001 2779 conjecturam
1027 2708 1237 2763 fuerant
1261 2725 1289 2763 a
1314 2725 1398 2765 me
1429 2710 1735 2775 emendata,
1768 2712 2085 2782 probantur.

700 2804 885 2860 Codex
920 2814 1097 2860 autem
1124 2815 1299 2861 exstat
1322 2806 1372 2859 in
1404 2805 1737 2862 Bibliotheca
1766 2806 2021 2863 Vaticana
2048 2808 2188 2862 inter
2212 2808 2425 2864 codices
2448 2805 2724 2861 Palatinos
2760 2821 2988 2860 numero
3007 2805 3099 2873 44,
3124 2821 3187 2860 ea
3215 2804 3389 2859 forma
3416 2822 3581 2876 quam
3612 2810 3779 2880 vulgo
3807 2811 3863 2865 in

632 2909 826 2969 quarto
849 2911 1063 2956 vocant.
1084 2900 1175 2956 Est
1201 2901 1418 2972 quidem
1451 2902 1853 2969 membraneus,
1879 2916 1986 2956 non
2012 2914 2190 2957 autem
2219 2904 2557 2968 chartaceus,
2586 2909 2645 2956 ut
2671 2901 2757 2955 ille
2780 2917 2888 2972 quo
2914 2901 2966 2954 in
2994 2916 3111 2954 mea
3134 2900 3368 2954 editione
3389 2901 3706 2957 adornanda
3734 2918 3864 2958 usus

633 3006 777 3047 sum.
816 2990 1061 3062 Scriptus
1092 3002 1175 3047 est
1204 2992 1401 3046 seculo
1430 3007 1574 3046 nono
1603 3002 1833 3048 exeunte
1857 3032 1873 3058 ,
1907 3002 1965 3048 ut
1987 3010 2051 3048 ex
2081 2995 2392 3050 charactere
2411 3035 2425 3057 ,
2459 3005 2572 3050 tum
2602 2996 2805 3051 certius
2835 3010 2901 3050 ex
2926 2994 3104 3049 verbis
3133 3002 3378 3059 constat,
3412 3010 3533 3065 quae
3560 2996 3614 3051 in
3638 2997 3867 3053 adnota-

634 3084 779 3139 tione
807 3083 873 3139 ad
902 3084 1103 3139 calcem
1133 3082 1335 3140 codicis
1363 3086 1593 3156 ascripta
1626 3084 1910 3156 leguntur:
1945 3085 2058 3141 haec
2086 3096 2261 3140 autem
2290 3086 2343 3139 in
2368 3085 2619 3141 Latinum
2652 3102 2807 3143 versa
2840 3087 2967 3141 talia
2992 3094 3152 3142 sunt:

1463 3179 1528 3234 Ut
1557 3181 1727 3236 dulcis
1752 3182 2112 3252 navigantibus
2144 3182 2459 3255 tranquillus
2490 3194 2670 3253 portus

1472 3275 1561 3330 Ita
1581 3287 1629 3329 et
1658 3278 2000 3331 scribentibus
2033 3278 2248 3335 ultimus
2280 3297 2473 3334 versus.

1473 3428 1709 3499 Scriptus
1737 3439 1812 3484 est
1843 3430 1971 3484 liber
1997 3432 2092 3485 iste
2119 3431 2415 3501 interpretis
2441 3433 2693 3489 Psalterii

1475 3541 1631 3579 manu
1661 3524 1842 3579 Leonis
1874 3523 2146 3579 Tabularii
2170 3526 2490 3583 Monobasiw

1469 3621 1644 3675 Mense
1675 3622 1916 3691 Augusto
1937 3620 2028 3686 28,
2065 3623 2149 3676 die
2177 3623 2231 3688 2,
2262 3622 2383 3677 Ind.
2423 3664 2436 3679 .
2482 3665 2496 3678 .
2536 3666 2549 3680 .
2593 3661 2611 3682 .

1472 3729 1609 3767 anno
1641 3712 1779 3767 6M5
1808 3712 1962 3783 (94⁸).

1478 3800 1665 3855 Lector
1692 3802 1966 3870 deprecare
1988 3802 2135 3868 mihi,
2168 3812 2225 3857 ut
2252 3822 2341 3874 per
2373 3806 2641 3863 Christum

1473 3894 1660 3947 liberer
1683 3894 1745 3945 ab
1776 3894 1892 3962 igne
1920 3892 2180 3962 gehenme.

701 3987 915 4046 Codicis
939 3986 1219 4055 inscriptio
1239 4024 1254 4049 ,
1282 3999 1347 4039 ex
1377 3998 1483 4055 qua
1511 3998 1706 4039 nomen
1737 3984 1973 4038 auctoris
2013 3982 2473 4054 lnterpretationis
2502 3989 2839 4049 Psalmorum
2867 3998 3066 4055 certius
3112 4000 3271 4056 nobis
3297 4013 3640 4073 compertum
3671 4007 3861 4076 ﬂeret,

633 4084 828 4154 majori
856 4099 919 4139 ex
941 4090 1093 4151 parte
1120 4081 1293 4174 deleta
1317 4090 1422 4174 est.
1455 4078 1687 4135 Litteras
1718 4094 2017 4174 vero,_q_ute
2047 4081 2221 4174 adhuc
2244 4095 2554 4154 supersunt,
2588 4096 2642 4142 et
2668 4105 2807 4159 quae,
2836 4108 2945 4163 prae
2965 4104 3231 4151 vetustate
3253 4097 3470 4167 quidem
3505 4099 3618 4169 jam
3648 4101 3863 4174 fugien—

632 4188 747 4243 tes,
775 4176 954 4245 aliqua
985 4182 1161 4228 tamen
1187 4171 1492 4240 diligentia,
1518 4180 1573 4225 et
1607 4186 1738 4225 cura
1764 4171 2036 4234 adhibita,
2072 4172 2172 4257 legi
2214 4182 2502 4244 poterant,
2539 4182 2751 4237 caeteris
2788 4185 3011 4240 omnino
3039 4188 3263 4257 deletis,
3304 4191 3407 4247 hoc
3438 4194 3558 4251 loco
3590 4171 3863 4257 asa-ibam

633 4265 988 4321 EPMHNEIA
1021 4263 1315 4318 ΨΔΛΜΩΝ
1351 4301 1364 4313 .
1408 4300 1424 4315 .
1469 4302 1483 4315 .
1523 4302 1536 4316 .
1582 4303 1594 4314 .
1640 4300 1651 4311 .
1697 4299 1711 4312 .
1754 4301 1767 4313 .
1810 4260 1969 4314 01οΥ
2005 4254 2140 4313 ΤΟῩ
2178 4302 2192 4317 .
2234 4306 2235 4309 η

1159 4254 2761 4325 ,ΜΩΝ........(ΞῙΟΥΤΟῩ...........

632 4373 726 4415 eas
748 4366 926 4411 autem
962 4358 1040 4412 sic
1070 4357 1337 4427 legerem:

792 4584 795 4585 ν
842 4513 1195 4571 ΕΡΜΗΝΕΙΛ
1233 4515 1527 4570 ΨΑΛΜΩΝ
1560 4516 1950 4575 ΑΘΑΝΑΣιοΥ
1988 4518 2122 4574 ΤΟΥ
2160 4521 2476 4575 ΜΕΓΑΔΟΥ

1419 4672 1971 4731 INTERPRETATIO
2007 4675 2433 4737 PSALMORUM
2474 4681 2686 4737 MAGNI
2718 4682 3088 4743 ATHANASII

706 4853 833 4912 Post
854 4858 1261 4929 inscriptionem
1288 4859 1534 4929 sequitur
1557 4858 1767 4930 primus
1793 4861 2035 4931 psalmus
2056 4878 2177 4917 cum
2200 4864 2656 4936 interpretatione,
2682 4885 2802 4941 quae
2822 4870 3008 4927 deerat
3030 4871 3083 4926 in
3109 4882 3298 4932 nostro
3322 4878 3529 4935 codice.
3564 4881 3671 4938 Sed
3696 4886 3863 4943 verba

637 4955 831 5024 psalmi
860 4964 913 5008 et
940 4954 1390 5034 interpretationis
1416 4954 1501 5009 vel
1526 4964 1817 5022 vetustate,
1854 4958 1937 5011 vel
1961 4958 2313 5028 humiditate,
2343 4964 2426 5017 vel
2464 4964 2570 5020 alio
2593 4981 2719 5022 casu
2766 4982 2875 5022 non
2928 4968 3151 5023 minima
3195 4986 3261 5024 ex
3292 4981 3444 5041 parte
3483 4975 3774 5033 obliterata
3804 4989 3861 5035 et

638 5056 885 5190 leorrupta
915 5062 1021 5147 non
1042 5049 1244 5117 absque
1271 5050 1504 5104 maxima
1525 5047 1833 5105 dillicultate
1855 5052 1954 5122 legi
1979 5060 2296 5123 potuerunt;
2321 5073 2383 5113 ea
2408 5067 2583 5113 autem
2607 5077 2930 5133 quacunque
2950 5064 3098 5133 potui
3121 5062 3398 5134 diligentia
3423 5082 3450 5120 a
3478 5084 3562 5123 me
3583 5070 3859 5142 descripta

659 5146 804 5190 ector
829 5149 1069 5190 reperiet.

659 5146 804 5191 ector
829 5146 1069 5205 reperiet.

713 5317 1477 5410 (estQuam?antonellus
1503 5324 1606 5410 ead
1634 5324 1834 5403 calcem
1878 5321 2179 5377 Commen-
2362 5326 2496 5410 (ειν)
2524 5330 3158 5410 ᾼρπγὸιΟξ-δ-οτςαξξίληθ
3201 5338 3385 5393 mundi
3432 5340 3573 5408 apud
3615 5342 3858 5410 Graecos,

640 5393 759 5444 tarii
785 5392 1049 5459 adjunxit,
1080 5404 1175 5445 nos
1198 5392 1310 5446 suis
1339 5392 1469 5446 locis
1502 5392 1826 5450 inseruimus
2297 5392 2378 5450 est
2410 5415 2437 5451 a
2473 5392 2746 5457 nativitate
2766 5400 2964 5457 Christi
2994 5404 3114 5461 897.
