4058 6454
276 369 383 430 649
1233 384 1324 440 DE
1358 385 1638 445 TITULIS
1677 390 2135 449 PSALHORUM.
2178 426 2247 437 ——
2286 396 2483 453 PSAL.
2528 397 2568 454 l.
3430 406 3533 460 650

378 683 3339 724 MM

1172 938 1595 1038 SANCTI
1666 948 2117 1040 PATRIS
2190 952 2631 1047 NOSTRI

1377 1264 2407 1381 ATHANASII

932 1608 1115 1725 DE
1205 1610 1789 1728 TITULIS
1868 1614 2733 1734 PSALMORUM

593 2064 597 2073 ’
710 2084 963 2139 ΒιΒΑοΣ
1035 2086 1367 2145 ΨΑΛΜΩΝ.
1856 2100 1903 2157 Α

1856 2100 1903 2157 Α
2343 2091 2566 2148 LIBER
2596 2093 3068 2154 PSALMORUH.

254 2215 505 2289 Ψαλιιὸς
541 2217 622 2284 τῷ
659 2219 837 2275 Δασιδ
875 2219 1280 2295 ἀνεπίγραφος
1319 2228 1460 2297 παρ’
1511 2226 1821 2298 Ἑϐραίοις.

1739 2248 1821 2296 ιις.
2084 2228 2335 2284 Psalmus
2366 2230 2535 2285 David
2566 2233 2680 2287 sine
2708 2234 2865 2289 titulo
2888 2236 3032 2305 apud
3067 2206 3341 2297 ueorteot.

832 2358 1139 2414 ΨΑΛΜΟΣ
1168 2364 1250 2414 Λ’.

2484 2368 2829 2427 PSALMUS
2889 2370 2937 2428 1.

318 2499 368 2554 ί,
411 2489 694 2563 Μακάριος
717 2491 875 2564 ἀνὴρ,
910 2493 969 2557 ὃς
999 2495 1097 2547 οὐκ
1123 2494 1391 2567 ἐπορεύθη
1423 2497 1479 2549 ὲν
1506 2495 1667 2567 βουλῇ
1700 2497 1821 2549 ἀσε-

245 2579 376 2643 ὅων,

1994 2504 2045 2560 1.
2077 2505 2278 2562 Beatus
2327 2508 2411 2563 vir
2453 2508 2549 2578 qui
2592 2524 2699 2564 non
2760 2509 2895 2565 abiit
2931 2510 2988 2566 in
3029 2510 3263 2568 consilio
3299 2512 3501 2582 impio-

1920 2608 2067 2649 rum.

312 2619 376 2727 εί
409 2673 519 2727 Καὶ
552 2675 609 2727 ὲν
636 2674 739 2745 ὀδῷ
777 2677 1115 2749 ἁμαρτωλῶν
1147 2680 1247 2733 οὐκ
1283 2681 1434 2752 ἔστη,

1922 2619 2067 2663 rum,

1419 2722 1434 2746 ,
1988 2688 2040 2743 2.
2075 2688 2141 2743 Et
2168 2689 2221 2743 in
2245 2689 2332 2744 via
2354 2698 2703 2761 peccatorum
2733 2707 2843 2748 non
2874 2693 3020 2748 stetit

310 2766 361 2820 3.
405 2768 516 2821 Kal
548 2769 641 2822 ἐπὶ
670 2770 907 2842 καθέδρᾳ
935 2771 1137 2843 λοιμῶν
1170 2773 1268 2826 οὐκ
1300 2773 1555 2828 ἐκάθισεν
1575 2794 1589 2809 ο

1990 2777 2047 2833 3.
2074 2776 2141 2832 Et
2168 2778 2221 2833 in
2258 2780 2518 2835 cathedra
2542 2782 2865 2851 pestilentiae
2885 2796 2993 2838 non
3029 2782 3200 2850 sedit;

309 2859 363 2913 4.
417 2860 556 2912 Ἀλλ’
590 2861 623 2931 ἢ
656 2862 714 2915 ὲν
752 2862 830 2934 τῷ
861 2863 1010 2935 νόμῳ
1044 2865 1247 2937 Κυρίου
1284 2866 1345 2919 τὸ
1379 2865 1593 2938 θέλημα
1626 2868 1815 2935 αὐτού,

1545 2884 1593 2923 ια
1626 2868 1815 2935 αὐτού,
1990 2867 2046 2923 4.
2084 2868 2189 2925 Sed
2225 2870 2280 2926 in
2307 2871 2427 2943 lege
2461 2870 2684 2927 Domini
2718 2872 2973 2928 voluntas
3003 2874 3147 2945 ejus,

309 2950 363 3005 5.
404 2954 515 3006 Kal
543 2954 601 3005 ὲν
632 2953 710 3025 τῷ
744 2954 894 3027 νόμῳ
934 2956 1100 3011 αὐτοῦ
1138 2958 1423 3028 μελετῆσει
1462 2961 1676 3031 ἡμέρας
1720 2962 1816 3016 καὶ

1720 2962 1816 3016 καὶ
1988 2960 2040 3015 5.
2066 2958 2131 3016 Et
2159 2960 2217 3016 in
2245 2962 2363 3033 lege
2393 2962 2514 3033 ejus
2549 2964 2899 3020 meditabitur
2931 2966 3019 3020 die
3051 2980 3117 3021 ac
3144 2975 3319 3023 noete.

232 3046 451 3109 νυκτός.

223 4429 3465 4459 W

304 3136 360 3192 6.
402 3139 511 3193 Kal
538 3139 691 3195 ἔσται
724 3141 801 3206 ὡς
832 3141 891 3196 τὸ
925 3142 1101 3211 ξύλον,
1134 3144 1196 3197 τὸ
1220 3159 1625 3217 πεφυτευμενον
1659 3149 1811 3220 παρά

1989 3142 2044 3198 6.
2077 3141 2144 3197 Et
2164 3142 2270 3198 erit
2311 3152 2572 3216 tanquam
2603 3145 2835 3217 lignum,
2874 3148 3019 3219 quod
3071 3150 3377 3219 plantatum
3407 3158 3489 3204 est

226 3228 332 3294 τὰς
360 3231 624 3298 διεξόδους
645 3234 751 3287 τῶν
780 3235 987 3289 ὑδάτων
1019 3254 1032 3267 ο

1915 3249 2073 3292 secus
2125 3236 2389 3293 decursus
2437 3253 2739 3309 aquarum,

303 3326 357 3381 7.
405 3329 469 3381 Ὃ
498 3328 587 3381 τὸν
622 3329 832 3401 καρπὸν
868 3328 1033 3385 αὑτοῦ
1063 3328 1222 3383 δώσει
1257 3330 1316 3383 ἐν
1345 3330 1523 3401 καιρῷ
1552 3330 1737 3397 αὑτοῦ,

1986 3330 2039 3383 7.
2072 3329 2228 3395 Quod
2279 3328 2520 3384 fructum
2574 3346 2736 3385 suum
2778 3328 2931 3384 dabit
2976 3329 3033 3383 in
3066 3339 3313 3400 tempore
3366 3346 3485 3394 suo,

298 3418 350 3473 8.
394 3421 503 3474 Kal
526 3422 585 3474 τὸ
610 3422 806 3490 φύλλον
832 3424 996 3478 αὑτοῦ
1025 3425 1125 3477 οὐκ
1154 3424 1563 3496 ἀπορῤυήσεται
1582 3441 1596 3455 ’
1840 3447 1884 3503 Β

1302 3426 1563 3496 ρυήσεται
1582 3441 1596 3455 ·
1840 3447 1884 3503 Β
1984 3422 2037 3475 8.
2073 3421 2140 3475 Et
2168 3420 2357 3476 folium
2380 3422 2503 3491 ejus
2531 3437 2641 3477 non
2671 3421 2903 3488 deﬂuet;

297 3508 351 3564 9.
396 3513 505 3566 Kal
536 3514 711 3567 πάντα
741 3516 841 3569 ὅσα
873 3514 939 3568 ἄν
970 3519 1120 3587 ποιῇ,
1151 3516 1674 3587 κατευοδωθήσεται.

1980 3514 2031 3569 9.
2064 3513 2130 3567 Ει
2161 3514 2345 3569 omnia
2384 3530 2728 3586 quaecunque
2769 3515 2951 3581 faciet,
2992 3516 3461 3586 prosperabuntur

300 3600 388 3657 10.
430 3604 542 3675 Οὐχ
569 3604 743 3669 οὕτως
768 3607 815 3659 οἱ
851 3607 1089 3671 ἀσεϐεῖς,
1119 3609 1217 3680 ούχ
1245 3606 1442 3672 οὕτως’

1245 3606 1442 3672 οὕτως’
1985 3608 2069 3664 10.
2099 3607 2220 3665 Νοη
2251 3609 2330 3664 sic
2356 3609 2531 3681 impii,
2565 3625 2675 3665 non
2705 3610 2821 3669 sic:

299 3695 384 3750 ll.
430 3695 570 3749 Ἀλλ’
595 3697 628 3767 ἢ
656 3698 788 3753 ὡσεὶ
816 3698 997 3770 χνοῦς,
1030 3700 1088 3754 ὃν
1117 3700 1368 3774 ὲκρίπτει
1402 3703 1430 3755 ὀ
1461 3701 1663 3773 ἀνεμος
1691 3699 1802 3755 ἀπὸ

1982 3700 2066 3757 11.
2102 3700 2207 3756 Sed
2237 3709 2499 3770 tanquam
2547 3701 2746 3771 pulvis,
2803 3714 2967 3770 quem
3025 3701 3246 3772 projicit
3284 3711 3480 3757 ventus

215 3788 518 3861 προσώπου
542 3790 643 3861 τῆς
667 3792 789 3864 γῆς.

693 3792 789 3864 ἧς·
1906 3807 1937 3848 a
1960 3791 2097 3849 facie
2119 3801 2295 3847 terrm.

292 3882 381 3938 12.
421 3883 519 3938 Διά
546 3882 703 3939 τοῦτο
729 3886 829 3939 οὐκ
850 3887 1246 3959 ἀναστήσονται
1274 3887 1491 3953 ἀσεϐεῖς
1514 3889 1573 3942 ὲν
1597 3888 1796 3960 κρίσει,

1597 3888 1796 3960 κρίσει,
1983 3886 2071 3940 12.
2100 3884 2227 3940 ldeo
2250 3900 2360 3940 non
2384 3893 2675 3956 resurgent
2693 3885 2846 3957 impii
2881 3885 2935 3941 in
2961 3885 3190 3957 judicio,

293 3972 380 4029 15.
418 3975 550 4029 Οὐδὲ
588 3976 901 4049 ἁμαρτωλοὶ
930 3978 989 4032 ὲν
1021 3977 1186 4049 βουλῇ
1214 3978 1465 4035 δικαίων.

1975 3976 2062 4031 15.
2096 3974 2284 4048 Neque
2308 3986 2628 4048 peccatores
2653 3976 2709 4032 in
2738 3976 2977 4034 consilio
2997 3976 3296 4047 justorum.

292 4066 382 4123 M.
426 4067 546 4121 Ὅτι
574 4067 833 4136 γινώσκει
866 4069 1071 4143 Κύριος
1104 4070 1222 4124 ὁδὸν
1257 4070 1507 4139 δικαίων,

1976 4069 2064 4125 14.
2095 4068 2369 4137 Quoniam
2400 4071 2553 4125 novit
2578 4068 2846 4125 Dominus
2884 4069 3030 4124 viam
3056 4068 3328 4124 ’ustorum
3352 4106 3367 4133 ,

291 4160 380 4218 15.
417 4161 530 4217 Kal
552 4161 668 4228 ὁδὸς
695 4162 908 4219 ἀσεϐῶν
935 4165 1241 4220 ἀπολεῖται.

1974 4159 2064 4215 15.
2099 4160 2168 4217 Ει
2194 4162 2301 4217 iter
2321 4161 2618 4234 impiorum
2659 4161 2878 4233 peribit.

510 4637 648 4695 ἸὈΥ
676 4636 771 4691 EN
810 4637 1033 4691 ΛΓΙΟΙΣ
1063 4636 1333 4692 ΠΑΤΡΟΣ
1364 4636 1565 4691 ΗΜΩΝ

1512 4636 1565 4690 Ν
2246 4631 2494 4691 SANCTI
2551 4631 2803 4688 PATRIS
2860 4631 3114 4689 NOSTRI

803 4751 1196 4806 ΔΘΑΝΑΣῙΟΥ

2490 4745 2862 4804 ATHANASII

537 4868 987 4941 ’Δρχιεπισκοπου
1052 4866 1461 4941 Ἀλεξανδρείας

2279 4865 2695 4937 Archiepiscopi
2720 4865 3076 4922 Alexandrini

778 4986 1153 5040 EPMHNEIA
1166 5025 1179 5038 .
2365 4981 2601 5038 INTER
2611 4981 2842 5038 PRETA
2851 4981 2923 5038 TI
2935 4981 3000 5039 Ο.

289 5168 532 5223 Psatmus
559 5164 763 5234 primus
793 5165 937 5219 deest
962 5179 981 5219 :
1009 5165 1080 5219 ita
1109 5165 1373 5234 scriptum
1409 5163 1609 5234 legitur
1633 5163 1820 5219 rubris
1848 5162 2052 5219 litteris
2078 5163 2133 5217 in
2166 5162 2416 5233 margine
2452 5162 2668 5233 pagina:
2703 5160 2957 5217 Psalterii
2994 5161 3170 5217 Graeci
3193 5170 3248 5218 et
3278 5162 3461 5219 Lstinl

193 5270 344 5344 typis
395 5265 669 5339 impressi,
728 5273 786 5322 et
833 5267 1048 5337 paginis
1085 5266 1256 5320 nostri
1280 5264 1486 5321 codicis
1513 5266 1769 5332 insertas;
1805 5265 1860 5319 in
1893 5264 2139 5320 inferiori
2169 5274 2354 5320 autem
2414 5264 2667 5335 margine
2711 5264 2780 5319 ad
2831 5265 2996 5319 verba
3042 5265 3155 5333 illa,
3189 5267 3284 5321 καὶ
3344 5267 3463 5331 ὀξὶς

191 5364 411 5421 ἀσεϐῶν
462 5363 761 5427 ἀπολεῖται,
816 5361 917 5414 iter
975 5361 1260 5429 impiorum
1288 5361 1510 5429 peribit,
1560 5362 1675 5417 hinc
1720 5362 1786 5417 ad

1855 5370 1974 5417 .tata
2008 5371 2177 5416 sunt:
2211 5361 2293 5414 Τὰ
2328 5359 2746 5432 ἐπιτηδεύματα
2787 5360 2881 5414 τοῦ
2908 5360 3157 5416 διαϐόλου
3194 5361 3331 5433 μετά
3361 5362 3457 5432 τὴν

190 5456 489 5512 ἀνάστασιν
534 5453 635 5508 οὐκ
689 5452 771 5506 ἔτι
821 5451 1052 5506 ἔσονται.
1110 5452 1382 5506 Diabolica
1435 5451 1637 5517 studia,
1690 5462 1741 5507 et

1857 5452 2188 5508 linventiones
2225 5470 2330 5507 non
2378 5453 2609 5523 amplius
2644 5462 2799 5507 erunt
2840 5463 2961 5523 post
2997 5457 3459 5518 resurrectionem.

265 5594 438 5649 Habes
460 5597 515 5649 in
547 5592 784 5665 sequenti
811 5592 1007 5665 pagina
1044 5594 1235 5646 iterum
1278 5594 1541 5663 psalmum
1560 5596 1794 5665 primum
1826 5612 1946 5651 eum
1975 5594 2429 5665 interpretatione,
2461 5601 2621 5661 prout
2650 5601 2828 5648 exstat
2867 5593 2920 5647 in
2948 5592 3129 5647 codice
3176 5590 3451 5652 Vaticano.

189 5691 335 5755 Vide
354 5690 619 5746 lenitum
644 5705 833 5758 supra.

510 5876 778 5938 ΡΑτιιοι.
828 5874 945 5935 Gn.
981 5870 1245 5935 XXVII.

3059 5875 3130 5934 2i
