4058 6478
229 427 325 484 655
1172 425 1259 479 DE
1297 423 1570 481 TITULIS
1603 423 2052 481 PSALMORUM.
2094 455 2160 462 —
2192 423 2386 479 PSAL.
2431 423 2491 477 ll.
3353 424 3462 481 654

629 540 1065 610 Ἀγεπίγραεοος.
1113 541 1286 595 ΨΑΛ.
1328 539 1406 592 B’.

2350 538 2470 590 Sine
2489 539 2664 590 titulo.
2692 535 2892 592 PSAL.
2928 535 3010 592 ΙΙ.

292 635 342 689 Ι.
385 634 501 686 Ἵνα
533 632 584 685 τί
619 631 897 702 ἐφρύαξαν
936 632 1085 702 ἔθνη,

1966 629 2016 682 l.
2038 629 2216 695 Quare
2244 629 2580 683 fremuerunt
2605 638 2817 699 gentes,

289 726 341 779 2.
379 725 490 777 Kal
519 724 638 776 λαοὶ
671 724 1004 792 ἐμελέτησαν
1037 722 1201 781 κενάς

1961 721 2014 776 9..
2045 721 2109 774 Et
2149 722 2332 790 populi
2363 721 2604 776 meditati
2629 731 2757 776 sunt
2792 722 3016 776 inania?

287 817 339 871 5.
381 816 736 886 Παρέστησαν
763 817 810 867 οἱ
844 804 1083 884 βασιλεῖς
1114 813 1211 882 τῆς
1245 813 1368 882 γῆἕν

1964 814 2016 868 5.
2050 813 2352 867 Astiterunt
2375 829 2529 883 reges
2562 823 2740 878 terras,

287 905 339 960 4.
380 907 488 958 Kal
521 907 569 958 οἱ
601 906 857 976 ἄρχοντες
889 905 1232 976 συνήχθησαν
1261 905 1352 956 ἐπὶ
1381 904 1440 957 τὸ
1469 902 1619 966 αὐτὸ,
1649 903 1771 956 κατὶ

1967 904 2020 957 4.
2048 903 2113 957 Ει
2139 905 2412 975 principes
2466 915 2839 960 convenerunt
2872 907 2927 961 in
2980 923 3172 974 unum,
3197 907 3461 963 adversus

223 996 308 1049 τοῦ
349 998 552 1068 Κυρίου
594 999 687 1049 καὶ
721 997 861 1049 κατὰ
891 996 984 1049 τοῦ
1016 995 1253 1068 Χριστοῦ
1289 995 1471 1048 αὐτοῦ.

1895 994 2204 1062 Dominum,
2240 1005 2293 1050 et
2326 997 2589 1052 adversus
2618 998 2895 1053 Christum
2927 1000 3069 1069 ejus.

291 1090 344 1142 5.
387 1088 780 1158 Διαῤῥήξωμεν
812 1089 938 1151 τοὺς
977 1089 1211 1158 δεσμοὺς
1237 1087 1435 1150 αὐτῶν,

1961 1089 2012 1143 5.
2044 1089 2425 1159 Dirumpamus
2449 1092 2660 1145 vincula
2692 1107 2902 1156 eorum,

287 1179 339 1234 6.
381 1181 489 1233 Kal
527 1179 920 1251 ἁπορῤίψωμεν
958 1182 1049 1249 ἀφ’
1080 1179 1239 1251 ἡμῶν
1273 1180 1363 1232 τὸν
1393 1178 1557 1247 ζυγὸν
1586 1179 1771 1232 αὐτῶν.

1964 1179 2017 1234 6.
2047 1179 2111 1232 Et
2141 1181 2492 1249 projiciamus
2515 1183 2723 1237 anobis
2754 1183 2943 1252 jugum
2975 1183 3237 1252 ipsorum.

287 1270 338 1323 7.
390 1272 447 1325 '0
469 1272 738 1325 κατοικῶν
764 1274 820 1325 ἐν
843 1273 1089 1342 οὐρανοῖς
1113 1270 1468 1339 ἐκγελάσεται
1499 1270 1715 1336 αὐτούς,

1962 1271 2012 1324 7.
2050 1270 2151 1336 Qui
2185 1271 2392 1326 habitat
2413 1273 2468 1327 in
2497 1275 2651 1328 ccelis
2680 1275 2929 1329 irridebit
2953 1290 3069 1338 eos,

284 1360 337 1418 8.
378 1363 486 1415 Kal
515 1364 544 1416 ὁ
575 1363 777 1434 Κύριος
810 1364 1175 1433 ἐκμυκτηριεϊ
1205 1363 1422 1424 αὐτοὺς.

1961 1362 2013 1417 8.
2040 1362 2103 1418 Et
2131 1363 2392 1419 Dominus
2419 1366 2779 1422 subsannabit
2808 1383 2924 1424 eos.

286 1454 336 1508 9.
379 1456 510 1508 Τότε
541 1456 763 1526 λαλήσει
799 1455 936 1525 πρὸς
968 1456 1165 1518 αὐτοὺς
1198 1456 1254 1508 ἐν
1289 1456 1424 1525 ὀργῇ
1457 1455 1643 1518 αὑτοῦ,

1965 1453 2017 1506 9.
2049 1452 2199 1508 Tunc
2230 1455 2482 1524 loquetur
2505 1458 2571 1510 ad
2599 1472 2694 1512 eos
2731 1460 2784 1513 in
2821 1460 2902 1514 ira
2942 1474 3041 1515 sua

293 1548 373 1602 10.
417 1551 526 1604 Kal
554 1553 610 1601 ἐν
636 1549 711 1618 τῷ
741 1548 896 1619 θυμῷ
925 1548 1089 1600 αὑτοῦ
1123 1549 1347 1619 ταράξει
1377 1547 1593 1610 αὐτούς.

1969 1544 2053 1599 10.
2091 1547 2156 1601 Et
2196 1549 2247 1601 in
2285 1546 2470 1603 lurore
2495 1564 2595 1603 suo
2614 1551 2960 1606 conturbabit
2982 1567 3098 1607 eos.

291 1638 374 1692 11.
428 1638 567 1692 Ἐγὼ
598 1640 655 1691 δὲ
683 1638 1020 1709 κατεστάθην
1054 1638 1303 1708 βασιλεὺς
1337 1639 1428 1690 ὑπ’
1462 1635 1645 1690 αὑτοῦ.

1967 1634 2050 1689 Η.
2090 1637 2200 1708 Ego
2228 1648 2411 1694 autem
2437 1640 2762 1694 constitutus
2785 1656 2906 1695 sum
2940 1657 3032 1699 rex
3060 1644 3129 1698 ab
3150 1659 3236 1700 eo.

1338 1791 1706 1848 ATHANASII
1748 1790 2332 1850 INTERPRETATIO.

293 1954 354 2008 Ἡ
387 1952 479 2009 τοῦ
509 1951 723 2022 ψαλμοῦ
752 1950 1085 2022 προκειμένη
1112 1948 1390 2020 ἐπιγραφὴ
1415 1949 1446 2019 ἡ
1468 1949 1556 2002 διὰ
1591 1949 1687 2018 τῆς
1715 1948 2085 2018 κινναϐάρεως
2113 1949 2388 2020 περιέχει·
2437 1949 2876 2023 Ἆνεπίγραφος,
2906 1955 3041 2026 ὅπερ
3066 1955 3245 2029 δηλοίο
3280 1959 3452 2030 om».

215 2053 332 2106 σίαν
363 2051 528 2105 ἐθνῶν
554 2066 610 2101 τε
644 2048 738 2100 καὶ
777 2046 1038 2099 Ἰουδαίων
1066 2045 1425 2114 ὑπεμφαίνειν
1454 2046 1546 2097 τὸν
1582 2043 2017 2114 ὑποτεταγμένον
2037 2043 2265 2114 ψαλμόν.
2294 2045 2408 2097 Πᾶν
2434 2045 2543 2117 γὰρ
2570 2048 2630 2100 τὸ
2656 2049 3026 2122 ἀνεπίγραφον
3052 2053 3242 2125 ἄδηλον
3275 2056 3453 2129 ὑπάρ-

211 2163 294 2217 χει
327 2149 436 2209 τοῖς
466 2143 696 2204 πολλοῖς.
742 2140 1036 2209 Ἀγνωσίαν
1063 2135 1154 2192 οὖν
1185 2138 1352 2191 ἐθνῶν
1401 2138 1665 2191 Ἰουδαίων
1711 2139 1785 2207 (l)
1822 2140 2116 2208 κατηγορεῖ
2159 2141 2187 2190 ὁ
2217 2140 2655 2209 ὑποτεταγμένος
2679 2143 2921 2214 ψαλμόςο
2961 2147 3236 2216 ἀγνωσίαν
3269 2151 3346 2215 δέ,
3388 2155 3455 2224 ἢν

211 2235 501 2304 ἐσχηκότες
531 2232 832 2286 δείκνυνται
864 2229 991 2303 περὶ
1026 2229 1117 2282 τὸν
1148 2229 1353 2282 ἑαυτῶν
1381 2229 1676 2299 Δεσπότην,
1715 2228 1895 2293 καθὼς
1930 2228 2005 2299 (2)
2043 2229 2345 2299 γέγραπται
2367 2247 2380 2260 ο
2411 2228 2520 2283 Ἕν
2559 2231 2640 2298 τῷ
2682 2235 2885 2303 κόσμῳ
2909 2231 3008 2303 ἦν,
3037 2239 3133 2292 καὶ
3168 2242 3201 2293 ό
3229 2243 3455 2311 κόσμος

209 2327 282 2380 δι’
306 2327 488 2381 αὐτοῦ
521 2325 777 2395 ἐγένετο,
814 2325 910 2377 καὶ
945 2327 977 2376 ό
1014 2324 1241 2391 κόσμος
1272 2322 1460 2376 αὐτὸν
1487 2324 1598 2375 οὐκ
1632 2322 1815 2392 ἔγνω·
1855 2325 1903 2376 εί
1940 2324 2049 2395 γὰρ
2085 2323 2327 2392 ἔγνωσαν
2359 2324 2541 2388 αὑτὸν,
2603 2327 2703 2379 οὐκ
2740 2327 2805 2379 ἂν
2833 2328 2992 2383 αὑτὸν
3035 2331 3250 2403 σταυρῷ
3289 2351 3454 2404 προσ-

210 2423 438 2493 έπηξαν.
480 2422 589 2493 Τὴν
619 2415 710 2474 οὖν
747 2419 1016 2487 ἀγνωσίαν
1063 2419 1135 2488 (5)
1178 2417 1355 2470 αὐτῶν
1382 2416 1571 2489 ἐπειδὴ
1597 2421 1626 2471 ὁ
1658 2417 1871 2488 ψαλμδς
1912 2419 2234 2492 δημηγορεῖ,
2255 2419 2341 2473 διὰ
2375 2419 2532 2472 τοῦτο
2568 2420 2628 2472 τὸ
2675 2422 3043 2493 ἀνεπίγραφον
3070 2425 3144 2494 (4)
3183 2427 3452 2484 ἐπίκειται

209 2516 377 2586 αὐτῷ.
423 2517 510 2579 Ὠς
541 2515 700 2567 πλέον
730 2513 1030 2585 πλησθήσει
1066 2511 1354 2583 [πληχθῇ]
1406 2514 1707 2584 ἐπιστήσας
1745 2513 1822 2584 (5)
1857 2516 2048 2568 ἑαυτὸν
2074 2515 2152 2585 τῷ
2178 2515 2398 2588 ψαλμῷ,
2430 2518 2490 2570 Τί
2512 2518 2643 2586 γὰρ,
2680 2516 2881 2589 ἤρξατο
2904 2519 3098 2589 λέγειν.

295 2653 511 2708 Titulus
536 2654 650 2708 sive
672 2651 978 2721 inscriptio,
1008 2667 1131 2722 qua:
1159 2651 1287 2705 huic
1314 2651 1528 2721 psalmo
1555 2651 1926 2720 premittitur,
1956 2652 2241 2707 cinnabari
2268 2653 2540 2720 confecta,
2576 2655 2819 2712 continet
2848 2674 2862 2711 :
2895 2657 3166 2727 psalmum
3195 2673 3318 2716 esse
3339 2663 3453 2716 sine

213 2752 398 2815 titulo,
469 2751 616 2819 quod
672 2748 975 2819 signiﬁcat:
1027 2747 1323 2817 psalmum,
1366 2747 1460 2816 qui
1515 2747 1827 2815 subjicitur,
1886 2745 2233 2801 manifestare
2293 2747 2534 2816 gentium
2596 2756 2652 2800 et
2704 2746 3017 2804 Judaorum
3066 2750 3448 2820 ignorantiam.

209 2848 386 2905 Omne
437 2849 605 2905 enim,
641 2847 785 2915 quod
839 2845 1056 2899 titulum
1099 2845 1212 2898 sive
1252 2843 1668 2912 inscriptionem
1701 2858 1807 2896 non
1838 2843 2020 2908 habet,
2053 2842 2240 2897 multis
2269 2842 2512 2912 ignotum
2539 2851 2642 2897 est.
2695 2841 2984 2912 Subjectus
3012 2845 3177 2914 igitur
3203 2847 3449 2915 psalmus

209 2944 450 3015 gentium
486 2950 538 2995 ct
563 2940 874 2994 Judmorum
904 2938 1270 3008 ignorantiam
1297 2944 1518 2991 accusat
1548 2954 1562 2989 :
1596 2936 1964 3005 ignorantiam
1993 2936 2234 3006 quidem,
2263 2952 2428 3006 quam
2467 2937 2533 2990 tle
2576 2934 2805 2990 Domino
2849 2951 2951 2990 suo
2982 2936 3238 2993 habuisse
3269 2946 3452 2991 osten-

210 3042 428 3102 derunt,
454 3036 914 3107 quemadmodum
950 3034 1212 3102 scriptum
1247 3042 1363 3086 est:
1397 3029 1462 3083 In
1499 3029 1693 3083 mundo
1723 3043 1862 3095 erat,
1888 3042 1935 3085 et
1964 3032 2189 3084 mundus
2212 3048 2303 3100 per
2331 3033 2503 3099 ipsum
2526 3032 2699 3101 factus
2723 3040 2820 3092 est,
2861 3040 2909 3084 et
2942 3031 3166 3086 mundus
3200 3046 3319 3085 eum
3347 3046 3452 3083 non

208 3130 446 3200 cognovit
470 3129 488 3157 ³
512 3145 526 3193 ;
559 3127 602 3181 si
623 3127 766 3180 enim
794 3141 919 3180 eum
947 3125 1352 3195 cognovissent,
1384 3137 1508 3176 eum
1534 3137 1644 3176 non
1677 3123 2082 3179 cruciﬁxissent
2109 3123 2148 3175 ⁸.
2176 3123 2444 3190 Quoniam
2470 3124 2638 3194 igitur
2662 3125 2909 3194 psalmus
2942 3125 3160 3179 illorum
3207 3123 3452 3193 increpat

184 3225 605 3296 ,ignorantiam,
637 3224 756 3278 ideo
783 3223 964 3278 nullus
1006 3223 1058 3275 in
1087 3236 1154 3276 eo
1206 3220 1526 3276 inscribitur
1550 3218 1767 3277 titulus.
1807 3217 1880 3276 Ut
1923 3219 2097 3290 magis
2144 3219 2324 3283 feriat,
2375 3218 2617 3289 seipsurn
2652 3220 2867 3288 psalmo
2896 3219 3213 3284 intendens,
3251 3217 3449 3285 Quare,

205 3322 377 3390 coepit
403 3321 610 3374 dicere.

281 3433 334 3487 1.
378 3433 492 3484 ’Ἰνα
524 3430 576 3482 τί
610 3425 1032 3496 κατεπήρθησαν
1057 3422 1150 3475 τοῦ
1180 3423 1338 3486 Θεου,

1958 3427 2007 3480 1.
2054 3425 2193 3495 Quid
2216 3431 2362 3482 enim
2386 3427 2799 3482 insurrexerunt
2827 3439 3016 3482 contra
3044 3427 3240 3494 Deum,

277 3522 334 3577 2.
374 3522 484 3574 Kal
516 3518 901 3571 ἐϐουλεύσαντο
931 3515 1070 3582 ἅπερ
1093 3512 1193 3565 οὐκ
1212 3512 1472 3579 ἠδύναντο
1502 3509 1771 3564 ἐκτελέσω

1956 3522 2009 3574 2.
2051 3519 2117 3575 Et
2139 3521 2401 3578 adversus
2432 3536 2556 3577 eum
2581 3521 3039 3587 deliberaverunt,
3067 3536 3190 3591 quae
3218 3534 3326 3577 non
3349 3536 3452 3593 po-

202 3614 329 3668 κατ’
364 3611 528 3665 αὑτοῦ
551 3628 566 3675 ;

1885 3617 2103 3664 tuerunt
2131 3610 2388 3679 perﬁcere
2403 3610 2427 3664 ἲ

277 3707 333 3760 3.
385 3702 627 3774 Ἡρώδης
653 3703 680 3753 ὁ
715 3697 987 3769 βασιλεὺς.

1953 3702 2005 3755 5.
2040 3700 2279 3756 Herodes
2307 3717 2423 3755 rex.

278 3797 335 3852 4.
374 3796 592 3849 Πόντιον
630 3794 863 3846 Πιλᾶτον
892 3790 1060 3858 λέγει,
1099 3789 1192 3841 καὶ
1234 3788 1454 3847 Ἄνναν,
1483 3783 1575 3837 xal
1605 3782 1771 3836 Καϊά-

1953 3796 2006 3849 ι.
2047 3793 2272 3849 Pontius
2302 3791 2528 3857 Pilatus,
2557 3789 2743 3844 Annas
2776 3799 2828 3843 et
2859 3787 3111 3859 Caipbas.

250 3907 339 3942 αν.

204 3909 339 4035 φαέ.
375 3979 479 4031 Τὸν
511 3975 803 4044 σύνδεσμον
839 3972 939 4042 τῆς
979 3971 1220 4040 ἀγάπης,
1248 3962 1316 4039 ἧς
1347 3962 1491 4038 εἶχον
1530 3968 1579 4020 οἱ
1620 3966 1771 4033 ἅγγε.

1956 3970 2008 4024 5.
2034 3967 2325 4022 Vinculum
2355 3963 2683 4028 dilectionis,
2712 3976 2823 4032 quo
2858 3961 3034 4026 angeli
3063 3976 3188 4017 cum
3213 3962 3294 4020 eis
3314 3976 3447 4019 con-

199 4075 286 4126 λοι
321 4071 456 4142 πρὸς
496 4066 712 4129 αὐτούς.

1881 4061 2266 4131 iungebantur.

277 4163 332 4218 6.
370 4159 638 4221 Λαϐόντες
672 4157 781 4227 γὰρ
810 4155 900 4208 τὸν
927 4153 1090 4223 νόμον
1127 4153 1206 4214 εἰς
1231 4150 1488 4217 διαταγὰς
1532 4148 1771 4216 ἀγγέλων

1951 4152 2004 4205 6.
2043 4151 2383 4220 Accipientes
2412 4148 2557 4202 enim
2583 4148 2753 4217 legem
2806 4147 2861 4200 in
2898 4145 3254 4216 dispositione
3278 4161 3445 4216 ange-

198 4255 309 4308 οὒκ
331 4249 625 4322 ἐφύλαξαν,
661 4247 776 4301 ἀλλ’
806 4242 1176 4298 ἐδουλώθτεσαν
1204 4243 1270 4311 τῇ
1307 4240 1570 4310 ἁμαρτίᾳ.

1881 4245 2079 4310 lorum,
2128 4258 2234 4297 non
2269 4240 2679 4297 custodiverunt
2732 4254 2852 4293 eam
2880 4239 2925 4306 ',
2973 4238 3069 4296 sed
3125 4239 3266 4296 servi
3313 4238 3442 4294 facti

1880 4348 2009 4395 sunt
2039 4347 2278 4409 peccato.

279 4430 335 4496 7,
367 4429 422 4483 8.
476 4427 849 4494 Ἐξουδενώσει
883 4425 992 4496 γὰρ
1024 4424 1221 4487 αὐτοὺς
1254 4424 1311 4476 ἐν
1349 4423 1414 4490 τῇ
1458 4419 1643 4490 ἡμέρα
1679 4419 1771 4488 τῆς

1953 4431 2006 4494 7,
2049 4435 2102 4485 8.
2138 4428 2272 4483 Nam
2297 4428 2352 4482 in
2382 4426 2470 4482 die
2495 4423 2689 4497 judicii
2711 4430 3023 4479 contemnet
3045 4437 3163 4489 eos,

201 4521 467 4591 κρίσεως,

278 4612 331 4666 9.
385 4610 472 4661 Ἐν
520 4609 586 4678 τῇ
632 4603 813 4676 κρίσει
862 4603 1086 4674 λαλήσει
1134 4601 1271 4674 πρὸς
1315 4601 1510 4663 αὖτοὺς
1548 4603 1604 4654 ὲν
1642 4601 1771 4670 ὀργῇ

1949 4613 2001 4667 9.
2033 4611 2090 4665 ln
2121 4608 2329 4680 judicio
2357 4608 2612 4678 loquetur
2638 4605 2707 4660 ad
2733 4619 2828 4660 eos
2859 4604 2914 4659 in
2946 4603 3028 4658 ira
3058 4617 3196 4670 sua,

199 4701 396 4766 αὑτοῦ,

278 4794 367 4846 10.
410 4791 520 4845 Kal
576 4787 867 4861 ἀπορρίψει
927 4787 1122 4848 αὐτοὺς
1171 4786 1279 4840 ἀπὸ
1329 4783 1424 4837 τοῦ
1480 4782 1770 4856 προσώπου

1954 4789 2038 4843 10.
2063 4787 2128 4840 Et
2149 4786 2395 4856 projiciet
2419 4797 2513 4838 eos
2551 4797 2580 4835 a
2609 4781 2746 4835 facie
2774 4795 2892 4835 sua.

245 4900 397 4936 υτου.

245 4904 397 4936 υτον.

197 4904 239 4939 α
280 4975 366 5027 Η.
418 4970 557 5039 Ἐγὼ
584 4971 640 5023 δὲ
672 4969 982 5039 ἀνεδείχθην
1018 4969 1268 5039 βασιλεὺς
1301 4967 1404 5021 ὑπὸ
1437 4966 1529 5020 τοῦ
1561 4964 1773 5036 Πατρὸς

197 5069 266 5119 ἐν
296 5064 373 5134 τῷ
398 5063 576 5131 λέγειν
605 5061 784 5125 αὑτὸν,
814 5060 993 5124 καθὼς
1027 5060 1386 5113 ὑποτέτακται
1413 5056 1647 5109 ἐνταῦθα
1665 5055 1770 5126 (6)'

193 5157 290 5213 Σὺ
313 5131 374 5211 el
396 5157 429 5208 ὁ
463 5154 596 5218 mc
617 5170 736 5222 μου
770 5155 802 5206 ό
830 5153 1154 5220 ἀγαπητός.

1882 5156 2024 5194 meus
2051 5135 2273 5190 dilectus
2306 5131 2348 5187 ⁸.

1953 4949 2037 5002 ll.
2073 4943 2185 5014 Ego
2227 4957 2372 4998 enim
2408 4947 2718 4996 declaratus
2738 4955 2859 4996 sum
2898 4956 2994 4995 rex
3039 4955 3067 4994 a
3100 4938 3262 4995 Patro
3313 4953 3443 4995 cum

1881 5061 1968 5110 ea,
2001 5057 2122 5112 quae
2188 5039 2276 5092 hic
2328 5033 2721 5104 subjiciuntur,
2768 5032 2962 5088 dixit:
3019 5031 3096 5086 Tu
3149 5049 3204 5089 es
3263 5029 3445 5088 Filius

277 5331 300 5362 ³
325 5329 485 5386 Joan.
510 5345 552 5396 ι,
587 5329 670 5382 10.
739 5328 761 5359 δ
790 5326 812 5380 1
842 5327 966 5382 Cor.
1006 5342 1066 5390 ιι,
1100 5329 1153 5381 8.
1233 5327 1253 5356 ³
1279 5324 1397 5378 Art.
1425 5339 1521 5390 vn,
1550 5324 1638 5379 55.
1714 5320 1736 5352 ⁸
1768 5320 1771 5373 ξ

1881 5321 1957 5374 tb.
1980 5335 2062 5383 ut,
2088 5316 2191 5382 l7;
2222 5315 2355 5381 xvri,
2379 5315 2450 5379 5;
2479 5312 2524 5366 ll
2545 5311 2689 5369 Petr.
2719 5328 2758 5377 ι,
2790 5311 2877 5366 l7.

1154 5498 1454 5561 Addenda
1482 5505 1566 5577 Let
1611 5494 1978 5575 corrigenda
2011 5510 2087 5554 ex
2117 5491 2256 5553 cod.
2292 5489 2495 5552 Vatic.

272 5695 358 5762 (ί)
397 5691 691 5762 ’Ᾱγνωσίας
719 5685 813 5744 οὖν
845 5688 952 5742 τῶν
986 5685 1154 5740 ἐθνῶν
1191 5684 1298 5739 τῶν
1345 5682 1631 5738 Ἰουδαίων.
1945 5681 2017 5800 εξ)
2052 5680 2122 5732 Τὸ
2148 5677 2537 5800 ἀνεπίγὲαφος.

272 5763 356 5800 Im
387 5763 524 5800 καθ’
554 5760 585 5800 7.
1972 5762 2022 5800 at
2057 5749 2304 5800 Πεισθεὶς
2369 5750 2487 5800 ήσει
2514 5748 2537 5797 ὲ

387 5746 524 5836 Καθ’
554 5760 606 5814 ἆ.
673 5746 689 5754 ⁷
2056 5749 2304 5836 Πεισθεὶς
2335 5746 2487 5836 θήσει
2514 5746 2831 5836 ἐξιστήσας.

273 5816 356 5904 ὅ)
391 5834 662 5902 ’Δγνοιαικ

1949 5823 2023 5892 (6)
2051 5821 2121 5874 Οἵ
2143 5836 2268 5871 ποτε
2297 5819 2361 5872 τὰ
2390 5816 2640 5873 ἐνταῦθα.
