4058 6506
632 420 736 475 655

705 530 788 584 12.
823 529 998 599 Super
1036 530 1167 585 Sion
1194 539 1430 584 montem
1457 543 1706 586 sanctum
1738 536 1876 594 eius,

703 624 791 678 15.
824 622 1134 678 Praedicans
1165 632 1488 692 praeceptum
1517 639 1636 693 eius

698 716 785 771 11.
817 715 1078 772 Deminns
1101 717 1234 771 dixit
1257 717 1322 770 ad
1356 731 1477 771 me:
1502 715 1672 773 Filius
1696 733 1851 773 meus
1878 734 1937 773 es
1970 729 2046 781 tn,

696 809 782 864 15.
820 808 930 879 Ego
957 810 1117 863 hodie
1141 809 1300 879 genui
1339 817 1411 863 te.

696 901 780 955 16.
807 899 1028 955 Postula
1057 917 1086 954 a
1128 917 1234 966 ine,
1261 909 1316 954 et
1343 901 1483 955 dabo
1519 899 1614 953 tibi
1666 909 1852 968 gentes
1907 899 2188 954 haeredita-

623 1003 729 1050 tem
762 1005 934 1058 tuam,

696 1086 779 1142 17.
812 1086 877 1140 Ει
917 1085 1316 1155 possessionem
1354 1093 1502 1136 tuam
1539 1082 1802 1136 terminos
1828 1091 2005 1137 terrae.

691 1180 781 1233 18.
815 1177 988 1248 Reges
1017 1192 1112 1232 eos
1143 1177 1195 1230 in
1226 1177 1375 1245 virga
1399 1173 1593 1238 ferrea,

691 1272 776 1327 19.
807 1270 870 1324 Et
897 1281 1153 1339 tanquam
1189 1284 1286 1322 vas
1311 1267 1458 1338 liguli
1493 1264 1805 1334 confringes
1834 1279 1949 1320 eos.

686 1363 778 1419 20.
811 1361 876 1416 Et
907 1377 1072 1426 nunc,
1113 1375 1292 1428 reges,
1320 1358 1624 1423 intelligite,

680 1457 770 1512 21.
808 1454 1134 1516 Erudimini,
1165 1453 1257 1522 qui
1287 1451 1548 1522 judicatis
1590 1459 1816 1503 terram.

682 1550 773 1605 2'2.
804 1548 1014 1602 Sel-vite
1044 1545 1275 1600 Domino
1313 1543 1366 1596 in
1405 1542 1634 1596 timore:

682 1643 770 1697 25.
804 1640 868 1695 Et
895 1641 1166 1695 exsultate
1193 1636 1243 1690 ei
1276 1649 1402 1689 cum
1430 1643 1692 1687 tremore.

679 1735 770 1790 2-1.
799 1732 1199 1803 Apprehendite
1225 1727 1593 1796 disciplinam,

675 1829 766 1882 25.
796 1825 872 1880 Ne
900 1825 1119 1895 quando
1143 1824 1412 1876 irascatur
1445 1818 1730 1879 Dominus,

677 1921 769 1974 26.
808 1918 873 1973 Et
899 1917 1132 1988 pereatis
1159 1916 1224 1970 de
1250 1916 1333 1969 via
1360 1915 1527 1976 jusla.

674 2016 765 2070 27.
798 2015 933 2070 Cum
962 2011 1228 2068 exarserit
1256 2010 1308 2064 in
1338 2010 1486 2064 brevi
1516 2009 1594 2060 ira
1626 2005 1767 2073 ejus,

670 2109 764 2164 28.
791 2106 942 2163 Beati
963 2120 1155 2160 omnes
1184 2105 1276 2173 qui
1307 2101 1588 2158 confidunt
1615 2099 1667 2150 in
1689 2111 1775 2151 eo.

1493 420 1551 474 S.
1590 419 1959 478 ATHANASII
1995 424 2145 480 OPP.

2280 423 2366 478 BS
2407 424 2491 480 111.
2545 457 2605 466 -
2645 425 3055 511 ΕΧΕΟΕἸΊῼΑ.
3767 431 3860 486 056

2227 542 2276 596 Δ

2381 537 2465 592 12.
2523 537 2641 588 Ἐπὶ
2671 536 2805 588 Σιὼν
2834 536 2958 607 ὄρος
2983 537 3044 588 τὸ
3074 537 3230 605 ἆγιον
3259 537 3444 602 αὐτοῦ,

2371 630 2456 682 15.
2498 628 2833 696 Διαγγέλλων
2862 628 2920 680 τὸ
2951 628 3277 698 πρόσταγμα
3309 630 3532 700 Κυρίου.

2370 717 2452 770 11.
2495 717 2696 787 Κύριος
2725 713 2843 769 εἷπε
2874 717 3008 787 πρός
3045 735 3142 788 με·
3188 719 3314 782 Υἱός
3341 735 3439 788 μου
3470 714 3520 770 εἷ
3554 718 3651 771 σύ·

2373 809 2454 861 15.
2509 807 2648 875 Ἐγὼ
2679 813 2916 877 σήμερον
2950 809 3256 880 γεγέννηκά
3291 826 3369 862 σε.

2368 899 2449 952 16.
2493 900 2719 969 Αἴτησαι
2760 899 2888 969 παρ’
2923 899 3080 969 ἐμοῦ,
3134 901 3227 953 καὶ
3259 901 3413 955 δώσω
3462 919 3544 954 σοι
3591 902 3724 974 ἔθνη
3764 902 3858 976 τὴν

2294 989 2652 1061 κληρονομίαν
2681 1007 2796 1055 σου,

2363 1084 2447 1135 17.
2490 1085 2597 1135 Καὶ
2635 1083 2732 1154 τὴν
2769 1083 3096 1153 κατάσχεσίν
3127 1102 3220 1138 σου
3250 1085 3315 1139 τά
3349 1087 3560 1158 πέρατα
3592 1087 3697 1158 τῆς
3734 1088 3851 1158 γῆς.

2361 1174 2447 1228 18.
2489 1174 2780 1244 Ποιμανεῖς
2815 1176 3009 1237 αὐτοὺς
3054 1178 3110 1228 ἐν
3147 1176 3327 1247 ῥάϐδῳ
3360 1177 3576 1248 σιδηρᾷ,

2359 1265 2444 1319 19.
2500 1266 2585 1327 Ὠς
2619 1265 2788 1336 σκεύη
2821 1267 3106 1338 κεραμέως
3133 1268 3441 1339 συντρίψεις
3469 1268 3688 1334 αὐτούς.

2354 1356 2443 1410 20.
2484 1357 2593 1408 Καὶ
2620 1357 2736 1420 νῦν,
2772 1356 3030 1426 βασιλεῖς,
3075 1359 3292 1425 σύνετε,

2352 1447 2441 1501 21.
2484 1446 2836 1517 Παιδεύθητε,
2866 1450 3065 1512 πάντες
3094 1451 3142 1502 οἱ
3178 1452 3455 1524 κρίνοντες
3483 1452 3580 1524 τὴν
3607 1453 3736 1527 γῆν.

2351 1539 2441 1593 22.
2482 1537 2810 1592 Δουλεόσατε
2837 1539 2916 1609 τῷ
2946 1542 3131 1613 Κυρίῳ
3156 1543 3212 1596 ἐν
3249 1543 3432 1615 φόϐῳ·

2350 1630 2439 1685 25.
2481 1631 2589 1683 Ka‘t
2615 1630 2942 1698 ἀγαλλιᾶσθε
2972 1631 3120 1704 αὑτῷ
3145 1635 3202 1687 ὲν
3225 1636 3430 1705 τρόμῳ.

2348 1723 2438 1777 21.
2479 1721 2754 1794 Δράξασθε
2789 1723 3052 1788 παιδείας,

2347 1815 2437 1872 25.
2479 1816 2703 1886 Μήποτε
2733 1816 2958 1887 ὀργισθῇ
2994 1815 3217 1888 Κύριος,

2207 1906 2251 1961 Β
2347 1906 2434 1959 26.
2476 1907 2586 1958 Καὶ
2615 1905 2900 1960 ἀπολεῖσθε
2932 1907 2990 1972 ἐξ
3024 1907 3142 1961 ὁδοῦ
3169 1908 3400 1972 δικαίας.

2344 1997 2434 2050 27.
2477 1998 2643 2050 Ὅταν
2677 1997 2914 2070 ἐκκαυθῇ
2952 2000 3009 2051 ὲν
3034 2000 3186 2070 τάχει
3214 2003 3242 2053 ό
3275 2001 3443 2072 θυμὸς
3479 1998 3670 2068 αὑτοῦ,

2342 2089 2432 2145 28.
2473 2089 2750 2161 Μακάριοι
2777 2091 2978 2156 πάντες
3013 2092 3062 2146 oi
3105 2092 3421 2157 πεποιθότες
3447 2093 3536 2147 ἐπ’
3563 2092 3739 2164 αὐτῷ.

1715 2298 2090 2360 ATHANASII
2127 2295 2712 2352 INTERPBETATIO.

669 2483 756 2539 12.
787 2482 914 2537 Sion
947 2481 1332 2550 interpretatur
1388 2478 1553 2537 locus,
1596 2476 1686 2529 ubi
1729 2472 2158 2528 tabernaculum.

575 2576 712 2638 illex
746 2573 908 2644 igitur
929 2572 1236 2626 declaratus
1263 2577 1346 2622 est
1376 2583 1407 2622 a
1464 2567 1622 2620 Patre
1656 2566 1710 2618 in
1761 2563 1910 2626 Sion,
1944 2563 2045 2615 hoc
2081 2571 2162 2614 est

599 2667 651 2720 in
682 2666 856 2728 cwlis,
883 2663 972 2718 ubi
997 2677 1182 2717 verum
1231 2658 1660 2722 tabernaculum,
1693 2656 1830 2724 quod
1879 2654 2160 2723 aediﬁcavit

601 2759 879 2821 Dominus,
913 2773 1014 2810 non
1039 2765 1212 2808 autem
1241 2754 1392 2804 homo
1427 2751 1469 2804 ⁷.

668 2853 757 2916 13,
793 2851 876 2905 11.
918 2851 957 2904 Ε
1007 2849 1162 2903 caelis
1208 2844 1394 2898 audire
1440 2841 1566 2896 fecit
1618 2855 1803 2893 vocem
1844 2854 2020 2902 suam,
2049 2837 2159 2890 cla-

596 2961 750 3001 mans
777 2945 843 2997 ad
877 2957 993 2996 me:
1029 2939 1107 2993 Tu
1137 2955 1190 2993 es
1223 2936 1396 2991 Filius
1429 2951 1571 2989 meus
1597 2934 1838 2988 dilectus.

664 3120 749 3174 15.
783 3117 896 3184 Qua
922 3116 1007 3170 die
1031 3124 1082 3170 te
1131 3111 1542 3168 manifestavi'.
1609 3108 1743 3163 Nam
1784 3117 1909 3164 ante
1959 3108 2153 3163 smcnia

593 3210 948 3266 absconditus
980 3223 1104 3262 eras
1132 3207 1186 3260 in
1223 3220 1309 3258 me
1330 3202 1491 3256 Patre
1534 3211 1651 3268 tuo,
1693 3199 2154 3270 quemadmodum

589 3303 656 3357 de
683 3303 774 3356 illo
804 3301 1069 3369 scriptum
1088 3307 1205 3353 est:
1236 3296 1511 3350 Exsistens
1541 3295 1594 3347 in
1618 3294 1739 3346 sinu
1768 3292 2012 3346 Patris’.

658 3472 746 3536 16,
775 3469 862 3526 17.
898 3469 1024 3526 Ideo
1054 3470 1191 3526 dixit
1218 3472 1270 3524 in
1303 3469 1629 3540 Evangelio:
1663 3468 1843 3532 Pater,
1880 3485 2006 3538 qan
2069 3484 2153 3522 ae-

585 3564 718 3622 diui
738 3566 866 3619 milii
916 3565 1053 3627 volo,
1081 3574 1137 3617 ut
1160 3566 1247 3617 ubi
1274 3579 1387 3618 sum
1413 3579 1526 3631 ego,
1549 3572 1597 3616 et
1623 3562 1704 3615 illi
1735 3563 1841 3614 sint
1877 3562 1940 3615 '°.

654 3745 742 3808 18,
777 3744 862 3799 19.
901 3741 958 3797 1n
994 3751 1263 3811 potestate
1298 3743 1476 3796 valida
1514 3757 1725 3809 omnes,
1763 3743 1858 3812 qui
1914 3742 2008 3797 tibi
2041 3757 2147 3797 non

585 3836 866 3902 obediunt,
897 3836 1239 3891 comminues
1263 3846 1316 3890 et
1347 3836 1620 3890 domabis.

653 3925 742 3980 20.
773 3925 1097 3997 Coguoscite
1122 3927 1264 3982 hunc
1294 3943 1416 3982 eSse
1447 3927 1635 3981 Deum.

650 4017 738 4072 21.
767 4017 824 4072 Si
854 4033 1180 4086 cOgnoscere
1204 4035 1309 4072 non
1338 4021 1597 4089 potestis,
1630 4020 1924 4080 erudimini
1944 4037 1974 4076 e
2007 4021 2147 4076 divi-

583 4109 666 4165 nis
707 4110 1024 4180 Scriptnris,
1054 4101 1200 4180 quod
1229 4113 1344 4181 ipse
1368 4121 1453 4167 est
1478 4112 1623 4167 Deus
1655 4123 1861 4170 noster.

652 4201 740 4255 22.
775 4202 1005 4265 Servite,
1037 4203 1230 4272 inquit,
1263 4204 1310 4257 ei
1343 4204 1397 4257 in
1416 4205 1629 4270 timore,
1655 4214 1707 4259 et
1749 4215 2002 4273 tremore,

648 4370 737 4424 23.
773 4370 834 4424 Et
866 4370 918 4424 in
959 4385 1126 4442 regno
1158 4387 1276 4442 eius
1313 4373 1602 4429 exsultate.

645 4464 734 4517 24.
759 4462 1170 4517 Confirtnamini
1211 4468 1262 4518 in
1297 4466 1544 4520 doctrina
1581 4465 1813 4532 Domini,

645 4556 734 4611 25.
768 4554 1069 4626 Neqnando
1102 4558 1257 4612 vobis
1293 4573 1412 4612 eam
1441 4561 1838 4632 negligentibus
1865 4577 1928 4616 ac
1961 4561 2130 4632 despi«

573 4649 865 4711 cientibus,
904 4649 1192 4712 irascatur,

642 4741 731 4792 26.
759 4739 823 4794 Et
852 4755 948 4794 vos
972 4742 1206 4795 statione
1233 4749 1568 4809 sanctorum,
1603 4761 1723 4814 qua:
1751 4761 1781 4799 α
1807 4747 2009 4804 dextris
2029 4760 2132 4812 est,

576 4830 826 4901 indignos
890 4833 1183 4887 existimet.

646 4922 733 4977 27.
759 4925 892 4978 Cum
923 4926 1063 4994 ignis
1094 4925 1314 4999 ultionis
1367 4935 1491 4980 ante
1543 4941 1665 4982 eum
1701 4931 1986 4998 prtecedet,

645 5100 730 5157 88.
761 5101 909 5157 Beati
937 5117 1147 5170 omnes,
1177 5105 1270 5173 qui
1323 5121 1377 5159 in
1408 5119 1473 5159 eo
1505 5121 1653 5174 spem
1699 5107 1915 5164 habent.

2341 2467 2422 2520 12.
2463 2464 2536 2517 Τὸ
2579 2463 2730 2518 Σιὼν
2765 2464 3123 2536 ἑρμηνεύεται
3155 2465 3357 2531 τόπος,
3406 2466 3540 2519 ὅπου
3575 2468 3609 2538 ἡ
3637 2465 3838 2539 σκηνή.

2265 2558 2525 2621 Βασιλεὺς
2572 2556 2663 2611 οὖν
2698 2557 2978 2628 ἀνεδείχθη
3010 2558 3113 2611 ὑπὸ
3148 2557 3241 2610 τοῦ
3274 2557 3488 2629 Πατρὸς
3538 2559 3630 2612 ἐπὶ
3675 2557 3833 2625 Σιὼν,

2262 2651 2536 2704 τουτέστιν
2566 2651 2623 2702 ὲν
2655 2651 2765 2713 τοίς
2788 2649 3051 2720 οὐρανοῖς,
3089 2649 3216 2702 ἔνθα
3248 2650 3476 2720 ἀληθινὴ
3506 2651 3702 2723 σκηνὴ,
3757 2649 3839 2717 ἢν

2263 2739 2489 2806 ἔπηξεν
2523 2744 2555 2793 ό
2594 2741 2829 2807 Κύριος,
2865 2742 2962 2793 καί
2995 2741 3104 2792 οὐκ
3137 2738 3464 2808 ἄνθρωπος.

2332 2832 2418 2895 15,
2462 2831 2546 2884 14.
2597 2832 2691 2884 Ἐκ
2731 2831 2838 2886 τῶν
2874 2831 3118 2903 οὐρανῶν
3150 2833 3421 2897 ἀκουστὴν
3461 2832 3682 2903 ἐποίησε
3737 2834 3836 2904 τὴν

2261 2921 2442 2992 φωνὴν
2472 2922 2636 2975 αὑτοῦ
2667 2923 2742 2994 (1)
2775 2923 2911 2993 βοῶν
2938 2925 3072 2996 πρὸς
3106 2940 3189 2995 με·
3232 2925 3316 2978 Σὺ
3344 2920 3400 2978 εἴ
3425 2927 3457 2978 ό
3495 2926 3629 2990 Υἱός
3651 2942 3774 2994 μου
3800 2927 3838 2980 ὁ

2258 3015 2584 3082 ἀγαπητός.

2332 3108 2416 3160 15.
2465 3109 2565 3160 Ἦν
2599 3107 2675 3180 (2)
2711 3106 3035 3179 ἐφανέρωσά
3072 3124 3149 3160 σε.
3186 3109 3300 3179 Πρὸ
3333 3109 3441 3178 γὰρ
3479 3109 3588 3162 τῶν
3618 3109 3835 3163 αἰώνων

2258 3199 2744 3270 ἀποκεκρυμμένος
2761 3196 2828 3270 ἧς
2855 3202 2911 3253 ὲν
2933 3201 3054 3270 ἐμοὶ
3077 3201 3152 3272 τῷ
3183 3201 3357 3272 Πατρί
3388 3218 3501 3264 σου,
3528 3201 3711 3264 καθὼς
3743 3203 3836 3270 γέ-

2256 3307 2494 3361 γραπται
2531 3294 2658 3362 περὶ
2684 3292 2880 3345 αὐτοῦ·
2923 3295 2983 3345 '0
3027 3293 3111 3346 ὢν
3159 3295 3226 3346 ἐν
3260 3295 3385 3359 τοῖς
3430 3296 3682 3360 κόλποις
3723 3295 3832 3349 τοῦ

2254 3384 2501 3450 Πατρός.

2324 3477 2410 3538 16,
2456 3477 2540 3529 17.
2583 3477 2680 3532 Διά
2721 3477 2878 3530 τοῦτο
2910 3477 3092 3546 ἔλεγεν
3131 3480 3187 3530 ὲν
3229 3477 3576 3547 Εὑαγγελίῳο
3610 3478 3828 3549 Πάτερ,

2253 3567 2358 3633 οὓς
2398 3567 2660 3635 δέδωκάς
2681 3588 2803 3638 μοι,
2835 3568 2986 3624 θέλω
3032 3571 3183 3625 ὅπου
3210 3572 3285 3640 (5)
3311 3571 3426 3640 εἰμὶ
3459 3570 3594 3640 ἐγὼ,
3636 3573 3834 3627 adu?-

2179 3653 2220 3709 C
2252 3673 2345 3709 νοι
2373 3652 2542 3709 ὦσιν.

2325 3747 2410 3810 18,
2455 3747 2537 3802 19.
2587 3747 2673 3799 Ἐν
2708 3743 2925 3816 ἐξουσίᾳ
2961 3748 3156 3817 ἰσχυρᾷ
3190 3747 3394 3810 πάντας
3427 3748 3553 3810 τοὺς
3589 3748 3666 3818 μὴ
3703 3764 3829 3802 πει-

2254 3836 2508 3908 θομένους
2539 3855 2618 3889 σοι
2653 3836 2933 3899 λεπτυνεὶς
2967 3839 3059 3890 καὶ
3086 3837 3367 3908 δαμάσεις.

2315 3931 2404 3984 20.
2458 3928 2776 3996 Ἐπίγνωτε,
2811 3930 2891 3981 ὅτι
2923 3925 3076 3992 οὗτός
3105 3932 3252 3983 ὲστιν
3285 3933 3313 3984 ὁ
3348 3929 3498 3992 Θεός.

2315 4021 2402 4074 21.
2457 4021 2579 4073 Ἐὰν
2626 4021 2699 4091 μὴ
2746 4020 2975 4074 δύνασθε
3023 4020 3342 4089 ἐπιγνῶναι,
3394 4019 3722 4090 παιδεύθητι
3758 4023 3831 4075 ἐκ

2246 4115 2350 4167 τῶν
2379 4114 2538 4167 θείων
2572 4113 2824 4185 Γραφῶν,
2852 4116 2931 4167 ὅτι
2965 4114 3125 4177 αὐτός
3158 4116 3304 4167 ἐστιν
3332 4116 3360 4167 ό
3395 4112 3529 4175 Θεὸς
3563 4112 3748 4182 ἡμῶν.

2313 4202 2402 4254 22.
2443 4203 2803 4268 Δουλεύσατε,
2849 4203 3029 4274 λέγει,
3084 4204 3233 4275 αὑτῷ
3301 4207 3358 4257 ὲν
3408 4200 3557 4272 φόϐῳ
3611 4202 3711 4255 καὶ
3762 4206 3829 4259 ὲν

2282 4291 2341 4361 ρό
2349 4309 2454 4360 μῳ,

2314 4384 2402 4437 25.
2447 4385 2553 4436 Kal.
2582 4384 2907 4452 ἀγαλλιᾶσθε
2939 4386 2996 4437 ὲν
3027 4388 3093 4456 τῇ
3134 4385 3382 4457 βασιλείᾳ
3411 4384 3598 4440 αὐτοῦ.

2312 4475 2398 4528 21.
2451 4474 2743 4537 Ῥιζὼσατε
2769 4480 2824 4529 ἐν
2857 4481 2920 4548 τῇ
2955 4476 3049 4529 τοῦ
3079 4479 3285 4549 Κυρίου
3318 4477 3657 4550 διδασκαλίᾳ,

2309 4566 2397 4620 25.
2437 4567 2663 4636 Μήποτε
2685 4609 2698 4631 ,
2731 4570 2804 4632 ὡς
2839 4569 3182 4639 ἀμελούντων
3226 4571 3379 4640 ὑμῶν
3410 4573 3504 4624 καὶ
3539 4588 3830 4642 καταφρο-

2244 4657 2468 4711 νούντων
2487 4697 2500 4720 ,
2538 4660 2788 4730 ὀργισθῇ,

2306 4747 2394 4802 26.
2437 4750 2544 4801 Kal.
2579 4751 2830 4815 ἀναξίους
2870 4754 3010 4824 ὑμᾶς
3047 4757 3311 4826 ἡγήσεται
3361 4754 3458 4824 τῆς
3502 4756 3568 4807 ὲκ
3619 4755 3826 4820 δεξιῶν

2239 4842 2479 4904 στάσεως
2509 4843 2617 4895 τῶν
2654 4846 2843 4910 ἁγίων.

2303 4933 2394 4990 27.
2435 4936 2602 4989 ’Ὅταν
2631 4938 2691 4989 τὸ
2728 4937 2838 5008 πῦρ
2881 4937 2981 5008 τῆς
3019 4939 3348 5010 ἐκδικήσεως
3377 4939 3829 5011 προπορεύσεται

2164 5005 2210 5060 θ
2237 5023 2543 5096 ἔμπροσθεν
2568 5029 2751 5091 αὑτοῦ,

2306 5116 2394 5171 28.
2411 5119 2686 5189 Μακάριοι
2713 5121 2906 5185 πάντες
2918 5123 2965 5175 oi
2985 5121 3083 5195 τὴν
3103 5121 3292 5177 ἐλπίδα
3307 5122 3520 5196 ἔχοντες
3541 5123 3828 5190 είςαύτὸν.

640 5255 830 5311 ’Hebr.
855 5272 968 5320 vni,
994 5259 1049 5313 2.
1124 5261 1146 5293 ⁸
1176 5258 1336 5317 Joau.
1373 5278 1506 5327 xvn,
1533 5264 1584 5316 6.
1664 5264 1864 5320 ’Joan.
1899 5282 1937 5331 ι,
1971 5265 2058 5324 18.
2134 5269 2179 5301 “
2202 5267 2357 5326 Joan.
2396 5289 2527 5340 xvn,
2565 5273 2657 5328 24.

1510 5446 1811 5511 Addenda
1838 5459 1898 5512 et
1935 5453 2306 5532 corrigenda
2339 5473 2416 5516 ex
2467 5456 2604 5519 cod.
2639 5456 2837 5518 Vatic.

669 5623 714 5700 l)
745 5634 960 5701 Αὑτοῦ,
989 5646 1136 5693 ueest
1162 5637 1215 5692 in
1252 5636 1386 5694 Cod.

660 5701 715 5773 2)
750 5702 880 5759 Νῦν.

2309 5652 2381 5722 (δ)
2414 5652 2583 5722 Θέλω,
2615 5655 2702 5709 ἵνα
2730 5654 2885 5710 ὅπου.
