4058 6454
262 403 361 460 661
1182 408 1269 462 DE
1310 409 1586 465 TlTL'LIS
1638 410 2086 468 PSALMORUM.
2131 446 2198 458 -
2237 414 2430 469 PSAL.
2469 413 2508 466 V
3396 407 3497 463 662

331 517 382 569 7.
430 517 631 587 Κύριος
655 518 1031 571 εἰσακούσεταί
1061 535 1183 588 μου,
1215 521 1272 570 ἐν
1299 521 1376 589 τῷ
1416 523 1738 593 κεκραγέναι
1769 541 1832 593 με
1864 533 1906 585 Α

1896 552 1906 584 ι
2009 527 2057 580 7.
2097 526 2360 582 Dominus
2420 525 2676 579 exaudiet
2733 540 2840 589 me,
2899 542 3022 578 eum
3080 527 3382 580 elamavero
3431 527 3498 581 ad

261 611 400 682 πρὸς
430 612 611 664 αὐτόν.
1935 632 2078 669 eum.

328 704 381 758 8-
436 702 764 774 ’()ργίζεσοε.
795 704 888 756 καὶ
918 703 991 773 μὴ
1016 703 1384 773 ἁμαρτάνετε·

2003 708 2054 760 8.
2091 705 2412 771 lraseimini,
2441 715 2493 758 et
2522 706 2689 758 nolite
2719 721 2944 774 peccare
2975 727 2987 772 ;

329 795 382 851 9.
432 797 496 847 Ἀ
518 795 703 862 λέγετε
731 797 787 848 ἐν
817 798 938 859 ταῖς
970 795 1215 867 καρδίαις
1241 797 1412 865 ὑμῶν,
1443 798 1533 848 ἐπὶ
1567 802 1685 861 ταῖς
1711 800 1823 851 κοί-

2003 799 2055 851 9.
2094 795 2225 862 Qua:
2277 796 2457 850 dicitis
2497 795 2548 848 in
2596 796 2850 850 cordibus
2889 800 3106 867 vestris,
3139 800 3191 854 in
3229 801 3500 856 cubilibus

259 904 379 949 ταις
404 886 553 956 ὑμῶν
581 886 944 958 κατανύγητε.

1933 891 2127 945 vestris
2160 889 2604 957 cumpungimini.

332 983 412 1034 l0.
458 981 666 1034 Θύσατε
694 981 884 1035 θυσίαν
925 980 1287 1051 δικαιοσύνης,
1321 985 1412 1034 καὶ
1445 984 1698 1036 ἐλπίσατε
1733 985 1824 1038 ἐπὶ

2007 985 2091 1036 lt).
2134 982 2448 1035 Sacriﬁeate
2478 982 2808 1038 sacriﬁcium
2831 985 3078 1054 iustitiae,
3114 996 3166 1040 et
3193 999 3406 1056 sperate
3444 990 3496 1042 in

259 1074 480 1145 Κύριον.

1932 1077 2181 1130 Domino.

328 1164 412 1218 11.
453 1163 644 1216 Πολλοὶ
674 1162 922 1232 λέγουσι·
956 1163 1050 1227 Τίς
1086 1163 1247 1228 δείξει
1282 1166 1410 1234 ἡμῖν
1437 1169 1505 1217 τὰ
1545 1165 1752 1233 ἁγαθὰ;

2006 1167 2086 1219 ll.
2117 1163 2267 1217 Multi
2296 1164 2479 1218 dicunt
2506 1181 2520 1216 :
2553 1163 2686 1229 Quis
2721 1163 2968 1218 ostendet
2993 1165 3148 1219 nobis
3177 1165 3311 1218 bona
3342 1163 3364 1218 ?

331 1258 414 1310 i2.
471 1256 810 1328 Ἐτημειώθη
849 1258 935 1327 ἐφ’
975 1260 1123 1328 ἡμᾶς
1163 1258 1220 1311 τὸ
1251 1259 1364 1327 φῶς
1396 1260 1487 1311 τοῦ
1530 1258 1819 1329 προσώπου

2005 1256 2092 1310 12.
2127 1255 2410 1324 Signatum
2467 1263 2551 1309 est
2596 1271 2762 1324 super
2807 1271 2907 1310 nos
2951 1257 3132 1310 lumen
3181 1257 3360 1310 vultus
3397 1257 3495 1324 tui,

257 1365 370 1411 σου,
403 1351 574 1418 Κύριε
592 1365 605 1378 ⁶

1932 1347 2157 1400 Domine
2199 1363 2211 1410 ;

330 1441 411 1494 l5.
457 1442 699 1503 Ἐδωκας
725 1441 1057 1511 εὐφροσύνην
1085 1443 1162 1503 εἰς
1186 1442 1282 1510 τὴν
1306 1441 1527 1510 καρδίαν
1556 1458 1679 1513 μου.

1413 1441 1527 1494 δίαν
1556 1458 1679 1513 μου.
2006 1441 2086 1492 15.
2126 1439 2324 1493 Dedisti
2359 1439 2595 1493 lattitiam
2623 1441 2674 1493 in
2702 1439 2865 1495 corde
2897 1455 3015 1494 meo

326 1531 410 1584 H.
467 1531 595 1583 Ἀπὸ
629 1532 840 1602 καρποῦ
905 1533 1048 1583 σίτου
1071 1575 1084 1596 ,
1128 1533 1268 1584 οἴνου
1309 1531 1482 1603 [σίτου
1509 1533 1606 1588 καὶ
1637 1532 1818 1607 οἴνουξ

2001 1533 2082 1586 14.
2128 1533 2171 1584 Α
2212 1531 2391 1586 fructu
2419 1531 2697 1595 frumenti,
2737 1535 2845 1586 vini
2875 1532 3156 1604 [frumenti
3182 1545 3234 1589 et
3268 1533 3401 1605 vini]
3445 1522 3498 1588 εί

254 1625 345 1676 καὶ
378 1621 554 1675 ἐλαίου
585 1624 762 1676 αὐτῶν
785 1624 1221 1694 ὲπληθύνθησαν.

1103 1642 1221 1680 σαν.
1926 1624 2028 1676 olei
2061 1624 2141 1678 sui
2175 1625 2516 1692 multiplicati
2553 1635 2697 1679 sunt.

325 1714 407 1766 15.
464 1713 550 1766 Ἐν
593 1716 782 1786 εἰρήνῃ
833 1717 924 1768 ἐπὶ
971 1717 1031 1769 τὸ
1079 1719 1209 1769 αὐτὸ
1260 1718 1664 1790 κοιμηθήσομαι
1729 1719 1821 1770 καὶ

2002 1715 2086 1768 15.
2125 1712 2180 1766 In
2211 1730 2342 1783 pace
2373 1716 2424 1768 in
2461 1717 2699 1787 idipsum
2732 1716 2998 1772 dormiam
3042 1727 3096 1772 et
3131 1719 3493 1787 requiescam.

251 1805 281 1857 ὑ
292 1805 502 1859 πνὼσω.

322 1896 404 1950 16.
453 1898 572 1950 Ὅτι
605 1900 689 1963 σὺ,
718 1898 919 1969 Κύριε,
966 1900 1278 1970 καταμόνας
1319 1901 1404 1952 ἐπ’
1444 1901 1620 1953 ἑλπίδι
1687 1919 1816 1954 κατ·
1854 1891 1895 1943 Β

1894 1924 1895 1932 ι
2005 1896 2084 1949 l6.
2116 1897 2385 1962 Quoniam
2446 1908 2536 1960 tu,
2593 1899 2842 1965 Domine,
2903 1903 3250 1972 singulariter
3296 1904 3349 1956 in
3403 1917 3496 1973 spe

248 1987 452 2056 ᾠκισάς
482 2007 569 2060 με.

1926 1987 2254 2042 constituis!
2293 2004 2395 2045 nte.

249 2103 352 2168 Εἰς
389 2103 449 2155 τὸ
480 2102 672 2168 τέλος,
697 2102 847 2169 ὑπὲρ
889 2102 1000 2169 τῆς
1041 2105 1556 2173 κληρονομούσης,
1584 2105 1822 2174 ψαλμὸς

1812 2125 1822 2168 _-
2005 2100 2069 2156 In
2099 2105 2277 2173 ﬁnem,
2308 2122 2401 2173 pro
2432 2121 2492 2156 ea
2528 2121 2643 2173 qua:
2673 2108 3034 2160 men-ditatem
3061 2115 3414 2176 consequatur,

716 2194 795 2259 τῷ
828 2194 1023 2247 Δαϐίδ.
1075 2198 1222 2250 ΨΑΛ
1283 2197 1361 2250 Ε’.
2310 2213 2318 2264 l

2310 2195 2540 2264 psalmus
2573 2196 2763 2254 David.
2796 2197 2992 2251 PSAL.
3040 2196 3099 2253 ν.

321 2285 369 2337 1.
414 2284 490 2336 Τὰ
521 2285 739 2356 ῥήματὰ
783 2303 882 2355 μου
922 2286 1196 2347 ὲνώτισαι,
1230 2286 1432 2356 Κύριε·

2003 2285 2052 2338 1.
2092 2284 2264 2340 Verba
2295 2303 2416 2340 mea
2443 2289 2670 2343 auribus
2708 2290 2947 2360 percipe,
2975 2289 3237 2357 Domine;

318 2376 370 2427 ‘2.
413 2376 576 2438 Σύνες
615 2379 710 2448 τῇς
755 2379 999 2447 κραυγῆς
1043 2396 1141 2448 μου
1175 2378 1261 2449 [τῇ
1303 2382 1514 2450 κραυγῇ
1550 2378 1707 2451 μου]ο

1303 2382 1514 2450 κραυγῇ
1550 2378 1707 2451 μου]ο
1995 2377 2047 2430 2.
2085 2376 2324 2448 lntellige
2347 2380 2639 2434 clamorem
2675 2396 2852 2434 meum
2883 2396 2897 2444 ;

317 2467 370 2522 5.
414 2469 654 2536 Πρόσχες
689 2471 753 2538 τῇ
801 2472 948 2538 φωνῇ
981 2469 1081 2538 τῆς
1114 2469 1348 2540 δεήσεώς
1377 2487 1500 2540 μου,

1325 2489 1348 2533 ς
1377 2487 1500 2540 μου,
1998 2470 2050 2524 ὅ.
2091 2469 2311 2524 lnteinle
2332 2473 2449 2526 voci
2481 2473 2743 2526 orationis
2777 2489 2927 2537 mete,

319 2557 369 2609 4.
421 2559 474 2608 '0
509 2557 759 2626 βασιλεύς
795 2577 895 2628 μου
927 2561 1020 2613 καὶ
1059 2563 1086 2613 ὁ
1113 2561 1243 2625 Θεός
1280 2579 1401 2631 μου.

1280 2579 1401 2631 μου.
2001 2563 2048 2616 4.
2086 2563 2195 2617 ιὶοχ
2221 2579 2394 2627 meus,
2427 2572 2479 2617 ct
2514 2563 2655 2618 Deus
2688 2581 2859 2620 meus.

317 2651 368 2705 5.
414 2652 530 2706 Ὀτι
565 2655 700 2722 πρὸς
737 2656 794 2707 σὲ
835 2655 1226 2726 προσεύξομαι,
1267 2657 1470 2726 Κύριε·

1435 2672 1470 2703 η·
1980 2657 2048 2709 15.
2081 2655 2348 2720 Quoniam
2381 2655 2444 2710 ad
2492 2664 2541 2710 te
2569 2658 2758 2723 orabo,
2794 2657 3037 2726 Domine,

315 2742 368 2796 6.
409 2744 482 2797 Τὸ
521 2745 662 2813 πρωῒ
693 2746 988 2818 εἰσακούσῃ
1023 2747 1123 2815 τῆς
1159 2747 1342 2815 φωνῆς
1379 2765 1500 2816 μου.

1379 2765 1500 2816 μου.
1997 2746 2048 2798 6.
2084 2745 2238 2799 Mane
2260 2747 2520 2801 exaudies
2554 2763 2742 2802 vocem
2769 2766 2967 2804 meam.

1374 2900 1746 2956 ATHANASII
1790 2899 2373 2956 INTERPRETATIO.

314 3052 366 3104 7.
414 3053 638 3115 Οὐδενὸς
688 3053 761 3122 (1)
807 3053 915 3122 γὰρ
954 3056 1168 3126 παρορᾷ
1208 3054 1315 3107 τῶν
1353 3053 1815 3118 ἁναστεναζὸντων

1994 3057 2045 3110 7.
2091 3055 2371 3111 Neminem
2409 3059 2552 3110 enim
2601 3059 2831 3128 despicit
2879 3075 3067 3114 eorum
3112 3062 3204 3132 qui
3249 3061 3317 3117 ad
3372 3076 3498 3119 eum

243 3145 380 3211 πρὸς
406 3145 584 3198 αὐτόν.

1921 3148 2301 3217 ingerniscunt.

316 3238 370 3300 8,
410 3237 462 3290 9.
517 3238 577 3288 '0
608 3236 778 3303 ἧλιορ
803 3237 882 3304 αὴ
909 3236 1191 3290 ἐπιδυέτω
1215 3240 1313 3291 ἐπὶ
1334 3239 1410 3302 τῷ
1433 3236 1815 3308 παροργισμῷ

1588 3236 1815 3308 ργισμῷ
1992 3239 2045 3302 8,
2083 3240 2134 3293 9.
2177 3240 2270 3292 Sol
2297 3258 2398 3293 non
2431 3241 2634 3294 occidat
2664 3258 2819 3310 super
2844 3259 2926 3295 ira
2952 3253 3124 3297 vestra
3150 3245 3190 3274 ¹⁹

241 3327 432 3396 ὑμῶν.

322 3421 408 3478 10.
451 3421 693 3488 Εὖξασθε
733 3423 826 3475 καὶ
855 3422 1058 3491 ψάλατε
1088 3424 1143 3474 ὲν
1175 3423 1370 3494 καρδία
1404 3425 1638 3497 καθαρᾷ.

1355 3443 1370 3494 ι
1404 3425 1638 3497 καθαρᾷ.
1999 3419 2086 3474 10.
2114 3418 2276 3474 Orate
2303 3430 2355 3475 et
2377 3421 2586 3488 psallite
2608 3423 2770 3474 corde
2799 3438 2957 3490 puro.

321 3515 403 3568 11.
431 3517 532 3567 Τὸν
555 3515 755 3585 Κύριον
775 3532 865 3567 σου
888 3516 988 3584 (‘2),
1009 3517 1178 3568 καὶτὸ
1195 3516 1418 3587 Πνεῦμα
1442 3535 1533 3569 σου
1553 3519 1613 3570 τὸ
1639 3518 1813 3584 ἅγιον.

1749 3535 1813 3569 ›ν.
1995 3513 2082 3565 11.
2111 3511 2306 3565 Filium
2335 3522 2486 3566 tuum
2519 3523 2571 3566 et
2601 3513 2861 3582 Spiritum
2897 3524 3047 3567 tuum
3078 3525 3351 3570 sanctum.

319 3607 404 3660 η.
462 3607 737 3675 Ἐγνὼσθη
768 3610 824 3658 ὲν
845 3609 988 3676 ’ἡμῖν
1020 3609 1047 3658 ὁ
1081 3608 1206 3670 Υἱός
1242 3625 1359 3672 σου,
1401 3608 1594 3678 Κύριε.
1847 3605 1889 3660 C

1888 3641 1889 3650 χ
1998 3602 2084 3654 12.
2116 3601 2492 3658 Manifestatus
2513 3613 2596 3658 est
2624 3605 2676 3656 in
2695 3604 2850 3658 nobis
2879 3602 3046 3658 Filius
3072 3602 3490 3668 tuus,Domine.

322 3699 410 3751 15.
451 3699 522 3749 Τὸ
553 3699 777 3768 Πνεῦμα
808 3715 900 3750 σου
932 3697 1078 3764 λέγει
1108 3699 1167 3750 τὸ
1198 3700 1373 3760 ἆγιον.
1629 3762 1633 3766 ,

1629 3762 1633 3766 γ
2000 3693 2086 3748 15.
2120 3693 2379 3764 Spiritum
2407 3706 2558 3750 tuum
2584 3707 2857 3760 sanctum,
2883 3699 2977 3750 ait.

317 3789 403 3842 H.
454 3790 546 3842 Ἐκ
595 3790 688 3842 τοῦ
743 3790 1064 3862 ἐπουρανίου
1112 3790 1315 3862 ἄρτου,
1370 3795 1464 3845 καὶ
1512 3793 1678 3857 οἴνου,
1727 3794 1818 3846 καὶ

2011 3788 2092 3842 ιι.
2125 3786 2198 3839 Ex
2232 3787 2605 3857 superemlesti
2649 3803 2806 3855 pane,
2835 3797 2889 3840 et
2917 3790 3065 3848 vino,
3103 3794 3156 3839 et
3189 3787 3364 3854 gratia
3393 3783 3499 3842 Pa-

237 3880 339 3950 τῆς
370 3881 586 3951 χάριτος
611 3881 705 3934 τοῦ
741 3882 954 3950 Πατρὸς
983 3883 1060 3953 (ὃ)
1089 3883 1181 3936 τοῦ
1213 3885 1391 3953 ἁγίου.

645 3881 705 3934 οὗ
741 3882 954 3950 Πατρὸς
983 3883 1060 3953 (ὃ)
1089 3883 1181 3936 τοῦ
1213 3885 1391 3953 ἁγίου.
1929 3883 2026 3937 tris
2049 3882 2243 3936 sancti.

318 3974 402 4028 i5.
457 3975 887 4045 Ἀναπαύσομαι,
918 3976 1086 4044 λέγει.

1060 3997 1086 4030 ι.
1995 3976 2082 4030 15.
2123 3974 2502 4044 Requiescam,
2533 3974 2662 4028 dicit

317 4065 400 4118 16.
433 4067 502 4118 Σὺ
538 4067 694 4136 μόνος
725 4067 1035 4138 κατῴκισάς
1069 4087 1135 4139 με
1164 4071 1220 4121 ἐν
1246 4071 1309 4138 τῇ
1341 4068 1584 4139 βασιλείᾳ
1615 4085 1727 4121 σου.

1996 4066 2083 4121 16.
2115 4067 2194 4119 'l‘u
2220 4067 2369 4121 solus
2399 4067 2643 4121 habitare
2673 4080 2756 4118 me
2785 4063 2958 4119 fecisti
2983 4065 3037 4118 in
3073 4079 3238 4133 regno
3274 4072 3386 4118 tuo.

327 4222 390 4274 Ἡ
427 4222 520 4276 τοῦ
550 4221 764 4292 ψαλμοῦ
801 4223 1132 4293 προκειμένη
1163 4223 1441 4294 ἐπιγραφὴ
1468 4225 1500 4293 ἡ
1537 4222 1623 4276 διὰ
1653 4222 1754 4292 τῆς
1781 4222 2150 4293 κιειναῦἀρεως
2179 4221 2453 4292 περιέχει·
2487 4223 2591 4284 Εἰς
2619 4220 2682 4272 τὸ
2721 4218 2913 4285 τέλος,
2947 4217 3099 4286 ὑπὲρ
3140 4216 3248 4285 τῆς
3277 4221 3495 4287 κληρο-

232 4315 567 4382 νομούσης,
600 4315 842 4384 ψαλμὸς
866 4314 945 4379 τῷ
975 4313 1173 4369 Δαυΐδ.
1205 4316 1405 4368 Τοῦτον
1433 4312 1522 4368 οὖν
1551 4317 1625 4387 (4)
1651 4317 1790 4387 ὑπὲρ
1821 4316 1920 4384 τῆς
1960 4315 2281 4385 Ἐκκλησίας
2308 4314 2455 4382 λέγει
2483 4313 2574 4365 τὸν
2602 4313 2812 4383 ψαλμὸν
2837 4311 2934 4382 τῆς
2971 4309 3267 4382 μελλούσης
3293 4309 3493 4380 κληρο-

235 4412 423 4476 νομεῖν
452 4407 551 4476 τὴν
591 4406 864 4474 βασιλείαν
897 4406 1005 4459 τῶν
1036 4406 1303 4476 οὐρανῶν.
1349 4408 1510 4476 Λέγει
1541 4407 1596 4459 δὲ
1627 4408 1732 4460 τὸν
1748 4406 1994 4475 ψαλμὸν
2025 4405 2104 4472 τῷ
2126 4404 2324 4472 Δαυῒδ,
2353 4405 2495 4473 λέγω
2525 4405 2588 4476 δὴ
2627 4405 2705 4474 τῷ
2738 4404 2850 4476 Υἱῷ
2888 4403 2979 4457 τοῦ
3010 4402 3165 4456 Θεοῦ.
3203 4400 3361 4456 Δαυῖδ
3387 4400 3495 4474 γὰρ

235 4501 601 4568 ἑρμηνεύεται
628 4494 809 4563 οὗτος
843 4499 1171 4568 ἀγαπητὸς,
1207 4499 1343 4570 ὅπερ
1373 4499 1568 4570 ἐλέχθη
1599 4500 1702 4552 ὑπὸ
1737 4499 1831 4552 τοῦ
1870 4500 2080 4572 Πατρὸς
2111 4500 2200 4553 τὸν
2230 4499 2304 4568 (ὅ)
2338 4499 2599 4569 μονογενῆ
2645 4499 2782 4550 Γίόν.

309 4611 542 4678 Titulus,
571 4613 662 4682 qui
695 4613 905 4683 psalmo
934 4616 1303 4682 praemittitur,
1321 4615 1605 4669 cinnabari
1635 4615 1896 4684 scriptus,
1927 4616 2174 4670 continet
2202 4634 2214 4668 :
2251 4612 2315 4666 In
2349 4614 2527 4681 ﬁnem,
2560 4629 2653 4680 pro
2678 4627 2740 4664 ea
2776 4627 2891 4679 quia
2921 4612 3279 4666 hereditatem
3316 4625 3493 4662 conse-

232 4707 442 4776 quitur,
476 4706 709 4775 psalmus
735 4705 928 4760 David.
958 4704 1114 4758 Hunc
1155 4704 1319 4774 igitur
1352 4705 1621 4773 psalmum
1670 4705 1801 4759 dicit
1839 4721 1937 4774 pro
1967 4704 2231 4768 Ecclesia,
2274 4720 2395 4772 qua:
2435 4703 2616 4756 futura
2661 4713 2745 4756 est
2790 4703 2962 4756 haeres
3006 4702 3156 4773 regni
3205 4701 3487 4757 caelorum.

232 4799 446 4854 Dicitur
472 4808 652 4853 autem
678 4817 688 4851 :
719 4799 967 4853 Psalmm
996 4798 1190 4864 David,
1220 4797 1432 4852 scilicet
1458 4796 1553 4852 Dei
1580 4797 1743 4852 Filio.
1781 4796 1948 4851 David
1976 4797 2119 4851 enim
2159 4799 2578 4864 interpretatur:
2609 4793 2711 4846 Hic
2734 4793 2976 4856 dilectus,
2997 4794 3139 4862 quod
3167 4793 3368 4849 dictum
3409 4804 3491 4850 est

235 4907 270 4947 a
303 4889 462 4946 Patre
489 4892 554 4945 ad
583 4890 781 4946 Filium
813 4908 974 4947 suum
1008 4891 1347 4962 unigenitum
1383 4891 1448 4945 “.

318 5049 367 5102 1.
390 5049 799 5106 Εἱσελεύσονται
825 5048 894 5100 τὰ
915 5050 979 5119 ῥή
991 5051 1136 5119 ματὰ
1155 5067 1254 5121 μου
1277 5051 1356 5112 εἰς
1380 5047 1479 5110 τὰς
1504 5047 1671 5108 ἀκοάς
1702 5063 1814 5100 σου.
1849 5051 1891 5104 D

1702 5063 1814 5100 σου.
1849 5051 1891 5104 D
1997 5047 2045 5100 1.
2084 5046 2461 5116 lngrediantur
2493 5065 2652 5105 verna
2681 5066 2798 5104 mea
2831 5053 2882 5104 in
2918 5067 3078 5104 aures
3117 5060 3275 5105 tuas:

314 5141 434 5194 2-4.
489 5141 770 5212 Ἀνὰκρινε
807 5140 875 5194 τὰ
907 5143 1332 5213 προσφερόμενα
1384 5156 1465 5192 σοι
1494 5142 1620 5210 παρ’
1649 5138 1811 5208 ὲμοῦο

1649 5138 1811 5208 ἐμοῦο
1995 5139 2114 5192 2-1.
2147 5137 2421 5210 Expende,
2459 5158 2579 5212 qua
2612 5143 2762 5197 tibia
2790 5159 2878 5198 me
2908 5144 3205 5198 all‘eruntur
3237 5161 3250 5209 ;

312 5232 361 5287 5.
406 5232 526 5284 Ὅτι
554 5249 634 5284 σοι
666 5232 841 5301 μέλλω
867 5233 1166 5304 προσιέναι.

1995 5231 2046 5283 5.
2075 5231 2343 5296 Quoniam
2374 5234 2439 5287 ad
2469 5245 2520 5289 te
2542 5250 2867 5290 accessurus
2896 5251 3037 5289 sum.

309 5325 363 5378 6.
419 5323 505 5377 Ἐν
526 5324 603 5394 τῷ
638 5324 912 5377 ἀνατεῖλαι
939 5324 999 5378 τὸ
1021 5324 1135 5393 φῶς
1159 5341 1251 5376 σου
1270 5326 1335 5402 ὲν
1346 5327 1408 5394 τῇ
1436 5323 1632 5393 καρδίᾳ
1676 5340 1774 5390 μου

1519 5323 1632 5393 psi;
1676 5340 1774 5390 μου
1997 5322 2047 5375 6.
2085 5324 2220 5376 Cum
2245 5323 2452 5377 orietur
2485 5325 2574 5378 lux
2604 5336 2696 5379 tua
2731 5326 2785 5379 in
2814 5325 2977 5381 corde
3000 5340 3121 5379 meo

317 5439 361 5472 ¹³
380 5438 577 5509 Ephes.
617 5459 687 5508 tv,
719 5443 809 5497 ‘26.
878 5442 921 5476 ”
956 5441 1142 5499 Matth.
1177 5461 1258 5508 Ill,
1292 5443 1386 5507 l7;
1420 5459 1550 5506 χιιι,
1584 5444 1646 5507 5;
1682 5440 1721 5492 ll
1758 5439 1903 5495 Petr.
1942 5456 1978 5506 ι,
2019 5441 2100 5497 17.

1191 5559 1496 5622 Addenda
1531 5567 1588 5618 et
1625 5556 1998 5635 corrigenda
2054 5574 2132 5616 ex
2165 5558 2303 5619 eod.
2340 5559 2539 5620 Vatic.

311 5679 388 5814 $1)
426 5678 648 5732 Οὐδένα.
1993 5679 2069 5748 (ι)
2112 5682 2280 5734 Τοῦτο
2307 5677 2400 5735 οὖν
2425 5685 2557 5736 ἐστι.

331 5749 388 5814 2)
430 5748 556 5800 Υῑόν
590 5765 704 5802 σου.
1996 5750 2070 5814 (5)
2112 5753 2424 5814 Πνεύματος
2457 5757 2534 5814 εἰς

331 5749 388 5822 ἓ)
430 5748 565 5822 ῘῑόνΔ
590 5765 704 5802 σου.
1996 5750 2070 5820 (5)
2112 5753 2424 5822 Πνεύματος
2457 5757 2534 5818 εἰς
2563 5753 2671 5806 τόν.

313 5820 390 5882 (5)
432 5818 765 5885 ῐῐνεύματος.
