4058 6446
592 372 700 432 665
1444 380 1501 434 S.
1541 380 1914 437 ATHANASII
1952 383 2103 440 OPP.
2144 384 2320 440 PARS
2357 384 2444 439 ΙΙΙ.
2474 416 2544 427 --
2580 381 2990 437 EXEGETICA.
3732 373 3838 430 664

667 491 717 546 7.
752 489 905 545 Mane
928 492 1118 547 astabo
1152 492 1267 557 tibi,
1290 502 1342 547 et
1368 494 1568 550 videbis
1601 512 1710 560 me,
2182 507 2234 563 Α

2182 507 2234 563 Α
2332 500 2381 553 7.
2417 501 2489 553 T6
2519 500 2662 571 πρωῒ
2694 500 3119 570 παραστήσομαι
3154 515 3256 562 σοι,
3287 498 3382 551 καὶ
3410 495 3601 564 ὲπόψει
3638 510 3713 564 με,

671 584 724 637 8.
758 581 1025 649 Quoniam
1060 599 1169 638 non
1201 582 1342 639 Deus
1375 586 1563 641 volens
1587 587 1925 657 iniquitatem
1954 598 2011 644 tu
2040 605 2118 645 es.

1888 604 1925 643 It
1954 598 2011 644 tu
2040 605 2118 645 es.
2335 592 2384 646 8.
2418 593 2536 644 Ὂτι
2568 592 2689 661 οὐχὶ
2716 591 2847 655 Θεὸς
2876 591 3043 645 θέλων
3074 590 3304 660 ἀνομίαν
3331 589 3394 641 σὺ
3425 604 3490 641 ει.

667 679 720 733 9.
743 675 930 746 Neque
962 676 1224 731 habitabit
1244 677 1400 746 juxta
1432 689 1483 733 te
1513 679 1803 747 malignus,

2333 682 2387 738 9.
2419 684 2493 741 Οὐ
2525 685 2844 755 παροικήσει
2875 700 2956 735 σοι
2992 682 3447 753 πονηρευόμενος,

667 764 753 819 10.
779 763 965 836 Neque
995 766 1386 835 permanebunt
1407 768 1595 837 injusti
1635 780 1759 823 ante
1785 771 1975 825 oculos
2010 780 2155 827 tuos.

2340 777 2425 831 10.
2462 776 2595 828 Οὐδὲ
2654 775 2966 846 διαμενοῦσι
3014 774 3321 845 παράνομοι
3379 770 3666 824 κατέναντι
3727 763 3840 819 τῶν

2262 866 2551 939 ὀφθαλμῶν
2589 883 2701 920 σου.

674 946 761 999 11,
797 944 965 1001 Odisti
994 960 1184 1001 omnes
1218 948 1310 1017 qui
1339 958 1630 1017 cperantur
1658 948 2021 1019 iniquitatem,

2336 957 2420 1011 11.
2471 957 2769 1027 Ἑμίσησας
2790 957 2996 1019 πάντας
3016 957 3141 1019 τοὺς
3176 952 3571 1025 ἐργαζομένους
3591 950 3691 1021 τὴν
3715 951 3837 1004 ἀνο-

2309 1049 2415 1110 ξαν,

665 1132 751 1188 12.
775 1128 973 1186 Perdes
1008 1144 1201 1185 omnes
1227 1129 1319 1199 qui
1352 1130 1647 1199 loquuntur
1683 1147 2049 1189 mendacium.
2264 1096 2267 1117 ‘

2309 1067 2415 1110 ιαν,

2264 1067 2303 1119 μ
2338 1140 2424 1200 12.
2468 1139 2714 1202 Ἀπολεῖς
2740 1139 2948 1200 πάντας
2966 1140 3089 1199 τοὺς
3118 1134 3412 1197 λαλοῦντας
3443 1134 3504 1185 τὸ
3526 1133 3743 1203 ψεῦδος.

663 1222 750 1277 15.
787 1221 974 1275 Virum
1014 1222 1340 1291 sanguinum
1383 1232 1437 1277 et
1465 1223 1716 1279 dolosum
1752 1225 2158 1280 abominabitur

2334 1229 2421 1284 15.
2454 1228 2658 1299 Ἀνδρα
2707 1227 2955 1298 αἱμάτων
2984 1225 3077 1279 καὶ
3115 1223 3285 1277 δόλιον
3337 1221 3685 1293 βδελύσσεται
3722 1221 3839 1274 Κῦ-

593 1313 872 1368 Dominus.
2262 1338 2394 1393 ριος.

660 1403 746 1458 16.
781 1402 893 1474 Ego
921 1413 1102 1459 autem
1141 1404 1197 1458 in
1240 1405 1585 1459 multitudine
1613 1405 2003 1462 misericordia:
2050 1415 2159 1463 tua

2333 1412 2421 1466 14.
2476 1410 2615 1480 Ἐγὼ
2640 1411 2696 1464 δὲ
2726 1412 2784 1464 ὲν
2804 1408 2883 1481 τῷ
2904 1408 3099 1481 πλήθει
3122 1406 3216 1463 τοῦ
3257 1407 3440 1471 ἐλέους
3475 1424 3568 1459 σου
3601 1406 3840 1459 εἰσελεὺ·

593 1495 828 1550 introibo
859 1496 911 1548 in
944 1495 1163 1549 domum
1201 1507 1381 1562 tuam,

1367 1538 1381 1562 ι
2261 1521 2425 1575 σομαι
2457 1506 2537 1567 εἰς
2558 1504 2649 1557 τὸν
2674 1500 2820 1557 οἶκόν
2846 1520 2961 1566 σου,

662 1586 751 1641 15.
778 1586 1029 1641 Adorabo
1059 1585 1127 1641 ad
1144 1587 1401 1657 templum
1421 1595 1672 1643 sanctum
1695 1595 1848 1643 tuum
1879 1588 1932 1642 in
1962 1588 2158 1644 timore

2332 1595 2418 1649 15.
2450 1596 2818 1667 Προσκυνήσω
2841 1594 2975 1666 πρὸς
2996 1594 3123 1648 ναὸν
3140 1591 3294 1660 ἅγιόν
3318 1608 3408 1644 σου
3443 1592 3501 1643 ὲν
3537 1590 3689 1661 φόϐῳ
3716 1607 3834 1645 σου.

593 1690 707 1737 tuo.

662 1771 749 1826 16.
787 1770 1034 1834 Domine,
1068 1770 1242 1825 deduc
1276 1785 1361 1824 mc
1405 1770 1457 1823 in
1501 1770 1711 1840 justitia
1735 1778 1827 1826 tua
1860 1790 1874 1827 :

2328 1770 2413 1825 16.
2446 1770 2640 1842 Κύριε,
2671 1772 2935 1843 ὀδήγησόν
2966 1789 3032 1842 με
3065 1774 3125 1826 ὲν
3149 1774 3215 1841 τῇ
3248 1771 3560 1842 δικαιοσύνῃ
3595 1788 3690 1824 σου

662 1865 748 1920 17.
778 1863 1005 1933 Propter
1034 1863 1284 1917 inimicos
1332 1879 1483 1918 meos
1532 1864 1707 1935 dirige
1751 1865 1804 1917 in
1860 1875 2151 1936 conspectu
2187 1844 2230 1899 Β

2330 1863 2417 1916 17.
2458 1864 2657 1915 Ἕνεκα
2699 1863 2804 1917 τῶν
2829 1863 3037 1935 ἐχθρῶν
3096 1881 3197 1934 μου
3243 1860 3842 1921 κατεύθυνον,ὲνώπιάν

593 1968 685 2012 tuo
714 1958 857 2011 viam
890 1970 1086 2009 meam.

2262 1969 2353 2005 σου
2377 1952 2472 2024 τὴν
2504 1953 2619 2006 ὁδόν
2648 1971 2768 2023 μου.

661 2049 747 2104 18.
773 2048 1039 2115 Quoniam
1066 2064 1172 2103 non
1204 2059 1288 2103 est
1322 2050 1378 2103 in
1404 2064 1499 2103 ore
1527 2064 1711 2104 eorum
1744 2050 1944 2103 veritas
1968 2067 1982 2114 ;

2331 2044 2418 2098 18.
2452 2044 2572 2096 Ὀτι
2604 2045 2703 2097 οὐκ
2726 2044 2873 2098 ἐστιν
2896 2047 2953 2098 ὲν
2988 2043 3067 2115 τῷ
3094 2044 3322 2116 στόματι
3344 2045 3523 2100 αὐτῶν
3548 2044 3813 2116 ἀλήθεια·

662 2140 750 2195 19.
772 2140 879 2195 Cor
904 2154 1093 2194 eorum
1124 2154 1322 2192 vanum
1347 2148 1453 2191 est.

2332 2136 2416 2191 19.
2461 2134 2523 2188 Ἠ
2549 2136 2743 2206 καρδία
2772 2136 2950 2189 αὐτῶν
2984 2138 3209 2206 ματαία.

661 2233 748 2287 20.
777 2233 1095 2302 Sepulcrum
1124 2239 1315 2299 patens
1343 2238 1428 2285 est
1456 2238 1642 2299 guttur
1666 2244 1857 2284 eorum

2330 2227 2423 2283 20.
2457 2229 2638 2297 Τάφος
2671 2228 3015 2298 ἀνεῳγμένος
3040 2230 3068 2281 6
3094 2228 3302 2299 λάρυγξ
3328 2230 3507 2283 αὐτῶν
3524 2249 3537 2261 ’

658 2327 749 2382 21.
785 2324 1011 2397 Linguis
1042 2324 1156 2378 suis
1180 2323 1369 2377 dolose
1392 2322 1641 2393 agebant.

2333 2316 2425 2370 21.
2463 2318 2594 2379 Ταῖς
2617 2314 2889 2384 γλώσσαις
2916 2316 3095 2371 αὐτῶν
3126 2318 3448 2375 ἐδολιοῦσαν.

658 2416 745 2470 22.
776 2415 969 2469 Judica
1000 2414 1142 2480 illos,
1168 2412 1327 2468 Deus.

2333 2406 2423 2460 22.
2461 2408 2660 2476 Κρῖνον
2695 2408 2910 2475 αὐτοὺς,
2946 2411 2973 2461 6
3002 2407 3153 2473 Θεός.

659 2508 749 2562 25.
781 2506 1036 2561 Decidant
1059 2522 1089 2560 a
1120 2505 1537 2575 cogitationibus
1566 2506 1680 2558 suis
1708 2522 1721 2567 ;

2336 2498 2425 2550 25.
2476 2497 2933 2552 Ἀποπεσάτωσαν
2957 2499 3063 2552 ἀπὸ
3092 2500 3199 2553 τῶν
3230 2502 3549 2555 διαδουλιῶν
3574 2504 3755 2558 αὐτῶν
3775 2524 3788 2537 ·

658 2600 749 2653 24.
790 2597 1099 2653 Secundum
1128 2596 1529 2652 multitudinem
1577 2596 1915 2666 impietatum
1965 2610 2154 2652 eorum

2330 2587 2418 2640 24.
2456 2587 2611 2642 Κατὰ
2644 2588 2704 2641 τὸ
2732 2589 2935 2659 πλῆθος
2968 2591 3076 2643 τῶν
3109 2593 3369 2646 ἀσεϐειῶν
3410 2595 3590 2649 αὐτῶν
3636 2596 3840 2660 ἐξωσον

590 2689 796 2759 expelle
820 2704 914 2743 eos
940 2705 954 2751 ;

888 2704 914 2743 ε
940 2705 954 2751 ;
2265 2682 2460 2745 αὐτούς
2477 2697 2490 2711 ·

657 2780 747 2835 25.
783 2778 1051 2845 Quoniam
1079 2778 1429 2831 irritaverunt
1456 2784 1527 2842 te,
1552 2776 1800 2830 Domine.

1742 2791 1800 2829 te.
2334 2773 2422 2827 25.
2459 2774 2581 2826 Ὅτι
2609 2774 3021 2848 παρεπίκρανάν
3049 2794 3128 2843 σε,
3155 2777 3344 2849 Κύριε.

1702 2864 2076 2919 ATHANASII
2119 2864 2712 2920 INTERPRETATIO.

656 2962 711 3016 7.
741 2962 876 3017 Cum
903 2975 1091 3016 omnes
1120 2959 1369 3014 tenebras
1414 2959 1693 3028 dispulero
1751 2974 1781 3011 a
1838 2974 1944 3022 me,
1995 2959 2153 3028 cujus

2325 2957 2377 3011 7.
2416 2958 2545 3010 Ὅτε
2609 2960 2790 3013 πᾶσαν
2841 2961 3059 3014 σκοτίαν
3100 2963 3359 3017 ἀπελάσω
3400 2965 3496 3018 ἀπ’
3544 2965 3711 3037 ἐμοῦ,
3741 2964 3840 3021 τοῦ

589 3054 757 3125 gratia
799 3067 884 3106 tne
938 3051 1032 3105 tibi
1073 3051 1285 3116 sistam,
1320 3058 1372 3105 et
1403 3059 1530 3104 tunc
1558 3066 1644 3104 me
1674 3050 1951 3119 inspicies.

1919 3068 1951 3105 ἰ.
2259 3050 2681 3120 παραστήσομαί
2712 3068 2791 3102 σοι
2821 3051 2918 3119 (1),
2946 3051 3039 3104 καὶ
3068 3053 3187 3105 τότε
3210 3055 3399 3123 ὲπόψει
3434 3073 3521 3125 με.

657 3145 709 3200 8.
738 3144 855 3200 Non
880 3145 1024 3208 enim
1057 3154 1113 3199 tu
1129 3143 1344 3199 esDeus
1369 3143 1601 3217 libenter
1631 3142 1823 3197 videns
1851 3142 2155 3197 tenebrico-
2183 3173 2225 3230 ο

2331 3142 2383 3195 8.
2413 3142 2486 3193 Οὐ
2520 3142 2628 3213 γὰρ
2656 3138 2707 3194 εἴ
2737 3145 2765 3195 6
2796 3143 2871 3213 (2)
2901 3143 3032 3207 Θεὸς
3070 3144 3237 3215 ἡδέως
3259 3145 3400 3216 ὁρῶν
3431 3148 3712 3212 σκοτεινὰς
3751 3151 3842 3202 ἐν·

588 3257 677 3297 sas
698 3239 1056 3309 cogitationes
1081 3238 1135 3291 in
1164 3235 1325 3291 corde
1348 3234 1605 3290 hominis.

1481 3234 1605 3288 inis.
2262 3233 2526 3304 θυμήσεις
2561 3235 2617 3285 ὲν
2648 3234 2844 3305 καρδίᾳ
2869 3235 3077 3306 ἀνδρός.

656 3335 711 3389 9.
745 3332 863 3386 Non
911 3330 1015 3384 erit
1061 3331 1157 3384 tibi
1213 3329 1462 3394 amicus,
1505 3326 1599 3397 qui
1653 3325 1751 3380 tibi
1796 3325 2060 3380 benevolo
2108 3335 2162 3379 et

2328 3326 2381 3379 9.
2413 3326 2525 3378 Οὐκ
2576 3324 2729 3379 ἔσται
2765 3343 2848 3379 σοι
2896 3328 3096 3391 οἰκεῖος
3139 3329 3167 3379 6
3198 3330 3272 3400 μὴ
3310 3330 3567 3402 καθαρῶς
3602 3349 3684 3386 σοι
3716 3334 3842 3388 δου-

589 3424 792 3479 mundo
822 3421 984 3478 corde
1018 3438 1127 3477 non
1159 3420 1347 3476 servit.

1237 3420 1347 3475 'vit.
2262 3415 2433 3469 λεύων
2470 3417 2584 3487 μετ’
2614 3419 2839 3482 ἐννοίας.

664 3516 750 3569 10.
788 3512 906 3568 Νοη
934 3514 1079 3569 enim
1133 3512 1283 3581 digni
1327 3510 1743 3565 aistimabuntur
1774 3508 1962 3579 iniusti
2017 3520 2162 3563 stare

2334 3509 2420 3562 10.
2458 3510 2531 3562 Οὐ
2588 3510 2696 3580 γὰρ
2761 3511 3154 3583 ἀξιωθήσονται
3204 3510 3575 3584 ἀτελευτήτως
3627 3516 3844 3570 ἱστάναι

591 3625 773 3669 coram
806 3620 857 3663 te
886 3609 940 3662 in
974 3607 1296 3661 aeternitate.

2262 3600 2490 3655 ἐνώπιόν
2522 3618 2613 3654 σου
2651 3605 2861 3674 παράνο
2868 3623 2975 3675 μοι.

661 3702 748 3756 11.
790 3700 892 3765 Qui
922 3698 1052 3753 facit
1074 3707 1374 3767 peccatum,
1403 3706 1456 3751 et
1493 3696 1814 3761 iniustitiam
1844 3693 1995 3749 facit.

2332 3694 2418 3749 11.
2469 3695 2526 3747 '0
2559 3696 2727 3748 ποιῶν
2752 3696 2848 3768 τὴν
2880 3700 3154 3769 ἁμαρτίαν
3176 3699 3269 3753 καὶ
3293 3698 3390 3769 τὴν
3421 3699 3652 3769 ἀνομίαν
3671 3702 3836 3753 ποιεῖ.

667 3793 753 3847 12.
789 3791 1050 3861 Projicies
1085 3792 1230 3845 enim
1263 3806 1358 3845 cos
1390 3791 1445 3844 in
1476 3791 1677 3859 ignem,
1724 3787 1818 3844 ubi
1862 3797 1945 3844 est
1973 3788 2161 3844 diabo-

2331 3784 2417 3837 12.
2456 3782 2647 3848 Βαλεῖς
2672 3786 2781 3856 γὰρ
2810 3788 3009 3851 αὐτοὺς
3036 3791 3113 3851 εἰς
3144 3790 3205 3841 τὸ
3233 3788 3364 3860 πῦρ,
3390 3788 3517 3842 ἔνθα
3544 3792 3573 3841 6
3596 3789 3847 3855 διάϐολος

595 3885 681 3939 lus
704 3893 853 3953 pater
877 3882 1168 3937 mendacii.

2261 3877 2291 3930 6
2322 3876 2503 3949 πατὴρ
2524 3876 2617 3929 τοῦ
2644 3877 2891 3947 ψεύδους.

666 3976 754 4031 15.
777 3974 848 4029 De
866 3973 1038 4029 Caino
1061 3972 1325 4042 loquitur,
1343 3981 1397 4025 et
1411 3972 1478 4026 de
1501 3972 1727 4042 reliquis
1738 3972 1853 4044 ejus
1871 3971 2161 4026 similibus.

2334 3971 2419 4025 15.
2464 3970 2597 4041 Περὶ
2617 3971 2723 4023 τῶν
2740 3972 2880 4025 κατὰ
2902 3972 2991 4025 τὸν
3021 3975 3159 4027 Κάῖν
3179 3974 3325 4043 λέγει
3356 3976 3451 4029 καὶ
3476 3976 3587 4029 τῶν
3616 3978 3843 4035 λοιπῶν.

666 4070 753 4123 11.
792 4066 848 4121 lu
881 4081 1172 4135 supernam
1206 4062 1527 4117 Jerusalem.

2338 4059 2421 4114 14.
2453 4060 2545 4123 Εἰς
2578 4062 2676 4130 τὴν
2710 4062 2821 4115 ἄνω
2860 4063 3236 4135 Ἰερουσαλήμ.

664 4160 751 4215 15.
788 4161 845 4214 ln
870 4158 1239 4229 supercmlesti
1272 4157 1511 4209 civitate.

2337 4152 2425 4205 15.
2464 4153 2556 4215 El;
2591 4151 2691 4224 τὴν
2720 4154 3039 4225 ἐπουράνιον
3067 4156 3239 4210 πόλιν.

663 4253 749 4310 16.
779 4252 963 4307 Deduc
992 4266 1077 4304 me
1120 4250 1172 4302 in
1206 4249 1342 4304 Filio
1370 4258 1485 4311 tuo,
1511 4248 1634 4318 quia
1663 4248 1753 4301 lux
1785 4256 1887 4301 est.

2338 4242 2424 4296 16.
2471 4242 2765 4315 ὐδήγησόν
2798 4263 2863 4315 με
2892 4248 2948 4299 ἐν
2978 4246 3054 4316 τῷ
3082 4246 3193 4316 Υἱῷ
3222 4263 3335 4313 σου,
3366 4248 3446 4300 ὅτι
3484 4247 3600 4315 φῶς
3633 4250 3771 4302 ἐστι.

663 4344 751 4397 17.
784 4341 889 4396 Fac
926 4356 1009 4395 me
1041 4340 1290 4394 incedere
1312 4338 1367 4392 in
1392 4338 1512 4393 luce
1540 4348 1628 4393 tua
1658 4349 1877 4409 propter
1914 4337 2166 4392 inimicos

2341 4334 2427 4388 17.
2469 4335 2568 4388 Διὰ
2594 4336 2720 4399 τοὺς
2754 4336 2979 4409 ἐχθρούς
3012 4356 3111 4408 μου
3144 4340 3441 4403 τοὺςὸντας
3470 4341 3663 4406 σκότος
3689 4346 3746 4395 ὲν
3768 4342 3849 4414 τῷ

594 4452 764 4498 meos,
798 4434 890 4503 qui
910 4433 1143 4489 tenebrae
1170 4441 1316 4487 sunt.

2269 4429 2408 4497 φωτί
2435 4446 2526 4481 σου
2569 4429 2897 4501 πορεύεσθαί
2936 4448 3002 4502 με
3038 4432 3278 4501 ποίησον.

666 4530 751 4583 18.
786 4527 841 4581 In
876 4527 1124 4581 doctrina
1147 4540 1374 4591 eorum;
2194 4530 2238 4583 D

2194 4530 2238 4583 ι)
2338 4520 2426 4574 18.
2466 4521 2553 4572 ’Ev
2583 4524 2648 4591 τῇ
2674 4521 2986 4593 διδασκαλίᾳ
3021 4524 3197 4577 αὐτῶν
3224 4544 3234 4555 ·

666 4622 750 4674 19.
781 4618 1049 4687 Cogitatio
1082 4632 1296 4671 eorum.

2341 4612 2425 4668 19.
2476 4613 2539 4665 Ἢ
2574 4613 2867 4686 ὲνθύμησις
2901 4616 2975 4685 (5)
3012 4618 3206 4671 αὐτῶν.

665 4712 751 4765 20.
786 4709 986 4767 Omnes
1010 4712 1153 4766 enim
1180 4711 1462 4775 devorant,
1501 4708 1593 4778 qui
1624 4707 1863 4778 peccatis
1915 4706 2164 4773 moriun-

2337 4704 2427 4762 ‘20.
2463 4706 2676 4770 Πάντας
2710 4708 2817 4778 γὰρ
2839 4711 2965 4773 τοὺς
2980 4712 3205 4781 νεκροὺς
3221 4711 3378 4776 ὄντας
3401 4715 3514 4778 τοῖς
3542 4717 3850 4785 παραπτώ-

596 4813 701 4858 ιιιτ.
2276 4814 2407 4868 parm.
2440 4798 2845 4852 καταπίνουσιν.

665 4896 753 4949 21.
786 4894 1070 4949 Adulando
1105 4894 1397 4962 decipiunt.

2340 4890 2427 4943 21.
2470 4890 2869 4954 Κολακεύοντες
2903 4893 3203 4948 ἀπατῶσιν.

660 4986 751 5051 22,
780 4987 871 5039 25.
904 4983 1020 5039 Νοη
1049 4986 1337 5055 ριἐενιιιθσι
1365 4985 1658 5040 consilium
1686 5000 1877 5040 eorum
1896 5029 1910 5051 ,

1896 5029 1910 5051 ν
2342 4978 2431 5042 22,
2466 4978 2556 5032 25.
2592 4980 2682 5050 Μὴ
2726 4981 2999 5051 ἰσχυσάτω
3020 4985 3053 5052 ἡ
3085 4981 3250 5055 βουλὴ
3289 4985 3494 5038 αὐτῶν·

666 5079 755 5134 24.
791 5078 1261 5145 Quemadmodum
1327 5078 1539 5147 seipsos
1587 5077 1975 5147 elongaverunt
2027 5091 2057 5128 a
2116 5081 2167 5125 te

2336 5071 2423 5123 24.
2450 5070 2649 5135 Καθὼς
2700 5071 2925 5136 ἑαυτοὺς
2982 5076 3296 5148 ὲμάκρυναν
3332 5078 3438 5130 ἀπὸ
3488 5077 3582 5131 σοῦ
3642 5079 3703 5131 tv
3772 5081 3852 5151 τῷ

598 5182 841 5240 tempore
871 5171 991 5224 vita:
1013 5184 1125 5225 suae
1151 5210 1166 5234 ,
1209 5168 1281 5223 ita
1317 5184 1413 5224 eos
1446 5169 1654 5240 projice
1677 5169 1773 5222 abs
1818 5176 1867 5221 te
1896 5167 1946 5221 in
1977 5179 2165 5220 resur-

2271 5162 2447 5234 καιρῷ
2468 5163 2567 5231 τῆς
2594 5162 2737 5234 ζωῆς
2758 5166 2958 5230 αὐτῶν,
2985 5167 3155 5232 οὕτως
3181 5171 3377 5234 αὐτοὺς
3401 5171 3707 5242 ἀπόρριψον
3741 5176 3852 5229 ἀπὺ

600 5266 871 5328 rectione;

2274 5256 2365 5309 σοῦ
2390 5258 2444 5308 ὲν
2470 5260 2536 5327 τῇ
2564 5257 2853 5311 ἀναστάσει
2880 5276 2891 5289 ·

670 5357 755 5411 25.
785 5357 1054 5423 Quoniam
1088 5358 1333 5411 viventes
1368 5357 1717 5410 irritaverunt
1738 5363 1808 5407 te.

2342 5348 2428 5400 25.
2464 5348 2584 5401 ’Ὁτι
2622 5352 3036 5422 παρεπίκραναν
3072 5372 3129 5406 σε
3160 5356 3218 5409 ὲν
3248 5359 3313 5427 τῇ
3339 5356 3450 5429 ζωῇ
3484 5356 3687 5413 αὐτῶν.

1544 5553 1846 5615 Addenda
1894 5560 1955 5615 et
2000 5546 2373 5628 corrigenda
2404 5563 2481 5607 ex
2510 5548 2649 5609 cod.
2685 5547 2883 5609 Vatic.

674 5713 748 5786 (1)
778 5712 909 5786 Hap'
936 5712 1173 5786 ἐμαυτοῦ
1208 5714 1626 5784 παραστήσομαί
1668 5728 1769 5771 σοι,
2345 5712 2421 5786 t3)
2454 5713 2519 5765 Αἱ
2547 5712 2888 5784 ἐνθυμήσεις.

675 5784 750 5853 (2)
783 5785 894 5839 Art.
928 5787 952 5836 ὀ
978 5784 1142 5843 deest.
