4058 6466
229 426 339 485 665
1191 424 1281 479 DE
1320 423 1599 481 TlTULlS
1630 422 2085 480 PSALMORUH.
2117 451 2188 462 ——
2218 420 2413 477 PSAL.
2455 420 2545 475 Ἣ.
3365 414 3471 473 666

299 542 391 601 26.
423 541 537 598 Καὶ
559 540 993 615 εὐφρανθείησαν
1013 543 1520 617 [εὐφρανθήτωσαν]
1544 546 1743 607 πάντες
1758 547 1806 597 οἱ
1835 549 1881 603 Α

1624 561 1743 607 ντες
1758 547 1806 597 ot
1835 549 1881 603 Α
1974 542 2066 597 26.
2096 541 2162 595 Et
2185 541 2430 596 laetentur
2453 553 2645 594 omnes
2674 538 2769 606 qui
2792 546 3015 607 sperant
3046 536 3098 589 in
3134 545 3222 603 te;

230 637 546 703 ἐλπίζοντες
573 635 667 690 ἐπὶ
701 635 782 692 σέ.

296 732 387 787 27.
418 732 512 793 Εἰς
545 729 718 783 αἰῶνα
749 727 1189 799 ἁγαλλιάσονται,
1234 731 1331 786 καὶ
1359 730 1789 801 κατασκηνώσει.

1976 720 2067 775 27.
2100 717 2156 773 In
2185 728 2447 774 aeternum
2481 714 2853 779 exsultabunt,
2891 722 2949 769 et
2981 712 3252 768 babitabis
3279 711 3335 766 in
3367 711 3468 768 eis.

370 825 529 876 ὐτοῖς.

229 829 288 879 ἐν
323 829 479 878 αὑτοῖ
514 861 529 875 .

336 915 390 971 8.
421 838 532 969 Κοῗὶ
567 911 935 982 καυχήσονται
969 915 1027 969 ἐν
1058 915 1142 969 σοὶ
1175 914 1376 980 πάντες
1410 916 1461 970 οἱ
1488 916 1803 987 ἀγαπῶντες

1897 925 1900 928 ~
1975 898 2068 954 28.
2100 897 2167 952 Et
2192 894 2571 967 gloriabuntur
2594 892 2650 946 in
2672 900 2724 947 te
2747 905 2940 946 omnes
2981 890 3076 961 qui
3111 889 3343 958 diligunt
3370 902 3470 941 no-

228 1013 289 1067 τὺ
316 1012 489 1083 ὄνομά
522 1029 617 1067 σου
636 1026 651 1041 ⁸

641 1026 651 1041 .
1904 1008 2029 1048 men
2060 1001 2243 1057 tuum;

301 1103 391 1161 29.
414 1077 549 1159 i'O‘tt
577 1110 642 1163 σὺ
664 1108 981 1177 εὐλογήσεις
1007 1102 1235 1157 δίκαιον.

1976 1086 2065 1141 29.
2105 1084 2371 1151 Quoniam
2398 1093 2455 1136 tu
2488 1078 2775 1135 benedices
2812 1077 2981 1146 justo.

298 1196 387 1252 50.
418 1146 722 1272 Ktipts,vdi;
741 1146 891 1269 ὅτίλίρ
925 1146 1175 1258 εύδοκίας
1226 1194 1608 1264 ἐστεφάνωσας
1634 1195 1799 1265 ἡμᾶς.

1977 1178 2066 1231 50.
2094 1146 2344 1241 Domine,
2378 1186 2436 1229 ut
2462 1181 2617 1231 scuto
2643 1172 2800 1226 bona:
2838 1170 3133 1235 voluntatis
3181 1180 3286 1227 tua:
3308 1186 3469 1228 coro-

1907 1273 2051 1326 uasti
2078 1286 2196 1324 nos.

345 1391 450 1456 Εἷς
478 1388 547 1443 τὸ
579 1388 775 1456 τέλος,
803 1388 873 1442 ἐν
903 1387 1114 1456 ὕμνοις
1140 1387 1290 1457 ὑπὲρ
1317 1387 1427 1455 τῆς
1461 1386 1694 1457 ὀγδόης,

2018 1382 2076 1437 In
2106 1382 2284 1453 ﬁnem,
2328 1382 2384 1434 in
2414 1381 2736 1434 carmiuious
2766 1395 2860 1446 pro
2888 1388 3101 1446 octava,
3130 1375 3365 1447 psalmus

562 1480 806 1550 ψαλμύς
828 1477 909 1544 τῷ
938 1478 1135 1534 Δαϐἰδ.
1166 1482 1338 1534 sum.
1370 1482 1457 1546 ς’.

1374 1482 1457 1546 [τ’.
2400 1472 2588 1530 David.
2636 1472 2839 1528 PSAL.
2882 1470 2976 1526 VI.

301 1593 352 1649 1.
379 1593 570 1666 Κύριε,
604 1595 679 1666 μὴ
710 1593 788 1665 τῷ
822 1593 981 1665 θυμῷ
1012 1609 1107 1645 σου
1139 1593 1362 1667 ἐλέγξῃς
1395 1610 1462 1664 με
1484 1608 1499 1623 ο

1977 1587 2026 1642 1.
2052 1586 2303 1651 Domine,
2344 1602 2412 1641 ne
2442 1585 2496 1640 in
2525 1584 2711 1640 furore
2748 1594 2842 1640 tuo
2876 1600 3073 1655 arguas
3100 1598 3220 1649 me;

296 1685 351 1741 2.
381 1686 530 1756 Μηδὲ
564 1688 629 1758 τῇ
656 1686 791 1757 ὀργῇ
816 1702 909 1740 σου
938 1686 1237 1758 παιδεύσῃς
1273 1704 1363 1756 με.

1971 1680 2025 1735 2.
2063 1680 2249 1752 Neque
2280 1681 2441 1736 inira
2484 1688 2575 1735 tua
2609 1679 2875 1748 corripias
2905 1692 3012 1733 me.

296 1774 350 1829 3.
390 1775 641 1847 Ἐλέησόν
670 1793 757 1849 με,
783 1775 977 1850 Κύριε,
1004 1779 1086 1831 δτι
1122 1778 1352 1848 ἀσθενής
1375 1780 1489 1849 εἰμι
1508 1793 1522 1809 ο

1976 1793 2024 1830 ο.
2056 1774 2313 1831 Miserere
2336 1774 2464 1837 mei,
2494 1773 2743 1837 Domine,
2766 1770 3022 1841 quoniam
3042 1768 3292 1823 inﬁrmus
3313 1780 3465 1834 sum;

295 1865 355 1922 4.
383 1869 561 1923 Ἰασαί
586 1888 673 1942 με,
705 1870 899 1945 Κύριε,
932 1873 1012 1927 ὅτι
1038 1872 1312 1943 ἐταράχθη
1337 1873 1406 1927 τὰ
1428 1872 1562 1927 ὀστᾶ
1587 1889 1688 1944 μου
1707 1887 1723 1903 ο
1830 1911 1875 1966 Β

1868 1920 1875 1962 ἰ
1973 1870 2029 1923 4.
2069 1868 2213 1923 Sana
2243 1885 2350 1932 me,
2384 1866 2643 1932 Domine,
2688 1865 2949 1937 quoniam
2992 1861 3314 1918 conturbata
3342 1868 3470 1918 sunt

1900 1974 2026 2016 ossa
2063 1976 2179 2014 mea
2200 1978 2215 2025 ;

301 2044 355 2101 5.
384 2048 493 2101 Καὶ
526 2052 560 2120 ἡ
584 2048 725 2119 ψυχή
760 2065 859 2120 μου
887 2048 1162 2120 ἐταράχθη
1198 2048 1423 2119 σφόδρα.

1969 2053 2023 2107 5.
2060 2050 2125 2105 Et
2148 2053 2329 2105 anima
2362 2066 2481 2105 mea
2510 2050 2723 2104 turbata
2746 2056 2830 2103 est
2865 2047 3036 2103 valde.

297 2136 351 2192 6.
383 2138 493 2193 Καὶ
517 2142 598 2210 σὺ,
635 2146 827 2217 Κύριε,
859 2141 964 2203 ἐως
993 2141 1157 2205 πότες

1968 2147 2020 2198 ti.
2052 2143 2157 2200 Sed
2187 2153 2266 2207 tu,
2300 2142 2547 2205 Domine,
2578 2143 2894 2212 usqucquo?

294 2226 349 2281 7.
393 2229 767 2303 Ἑπίστρειρον,
796 2232 990 2303 Κύριε,
1020 2231 1180 2303 ῥῦσαι
1201 2233 1299 2302 τὴν
1336 2232 1513 2303 ψυχήν
1545 2249 1648 2303 μου

1970 2234 2021 2291 7.
2054 2233 2406 2297 Convertere,
2442 2232 2687 2298 Domine,
2724 2241 2778 2287 et
2799 2233 2949 2302 eripe
2971 2230 3207 2285 animam
3242 2243 3417 2283 meam
3448 2246 3462 2284 :

295 2318 351 2375 8.
377 2320 556 2375 Σῶσόν
587 2323 867 2394 μἐ.ἐνεκεν
893 2324 985 2377 τοῦ
1016 2324 1199 2387 ἐλέους
1221 2342 1334 2377 σου.

1966 2326 2019 2380 8.
2052 2325 2271 2381 Salvum
2306 2341 2394 2380 me
2421 2325 2507 2379 fac
2538 2334 2755 2395 propter
2781 2323 3207 2379 misericordiam
3234 2330 3402 2375 tuam.

294 2408 348 2466 9.
375 2411 498 2466 Ὀτι
537 2415 637 2467 οὐκ
661 2416 807 2469 ἐστιν
830 2418 887 2469 ἐν
907 2414 986 2486 τῷ
1008 2415 1223 2487 θανάτῳ
1241 2418 1269 2468 ὁ
1297 2414 1650 2487 μνημονεύων
1674 2431 1787 2479 σου,

1968 2416 2021 2473 9.
2050 2416 2319 2483 Quoniam
2351 2430 2456 2470 non
2480 2424 2565 2478 est
2597 2417 2649 2468 in
2678 2423 2873 2478 morte,
2903 2414 2996 2483 qui
3030 2428 3241 2467 memor
3272 2414 3344 2468 sit
3365 2412 3463 2479 tui,

296 2499 378 2555 10.
428 2502 516 2555 Ἐν
545 2504 600 2555 δὲ
627 2502 704 2574 τῷ
726 2503 829 2578 ᾄδῃ
861 2506 945 2570 τίς
969 2504 1423 2578 ἐξομολογήσεται
1453 2521 1571 2570 σοι;

1969 2506 2057 2562 10.
2089 2509 2144 2561 In
2178 2506 2393 2563 inferno
2425 2516 2626 2573 autem,
2661 2506 2785 2576 quis
2813 2505 3161 2561 conﬁtebitur
3192 2505 3346 2561 tibi!

904 2608 908 2611 ’
1339 2618 1704 2673 ATHANASII
1739 2619 2314 2681 INTERPRETATIO.

290 2729 378 2793 26.
418 2732 812 2804 Ἀτελευτήτως
838 2732 1301 2805 εὐφρανθήσονται
1325 2734 1419 2787 καὶ
1439 2732 1793 2802 ἀγαλλιάσον-

1974 2739 2063 2796 26.
2091 2738 2357 2811 Perpetuo
2382 2743 2733 2813 laetabuntur,
2765 2750 2821 2797 et
2840 2743 3213 2811 exsultabant,
3230 2742 3326 2815 qui
3350 2756 3470 2800 cre-

212 2838 307 2876 ται
330 2824 377 2876 οἱ
402 2822 752 2889 πιστεύοντες
780 2826 860 2888 εἰς
896 2825 977 2889 σὲ,

1897 2834 2035 2889 dunt
2059 2834 2112 2888 in
2144 2842 2233 2904 te,
3166 2823 3171 2829 ’
3206 2855 3208 2860 ·

284 2913 373 2967 27.
405 2914 749 2986 Θεωροῦντες
775 2915 837 2969 τδ
876 2915 1167 2987 πρόσωπόν
1201 2933 1294 2969 σου
1323 2915 1413 2969 διὰ
1441 2916 1660 2981 παντός.
1820 2959 1864 3021 C

1561 2916 1660 2981 τός·
1820 2959 1864 3021 C
1946 2926 2059 3021 27.
2096 2924 2369 3021 Yidentes‘
2388 2925 2583 2983 faciem
2619 2926 2850 3021 tuaniin
2879 2934 3163 2983 aeternum.

286 3004 375 3059 28.
412 3006 475 3059 Ὀ
498 3006 881 3076 καυχώμενος
902 3008 974 3061 ἐν
996 3009 1191 3076 Κιφίῳ
1217 3010 1563 3079 καυχάσθω,
1824 3004 1864 3021 ν

1824 3004 1864 3021 ν
1971 3017 2061 3072 28.
2095 3017 2199 3084 Qui
2230 3012 2511 3089 gloriatur,
2539 3021 2593 3072 iu
2625 3018 2848 3073 Domino
2873 3021 3126 3091 glorietur
3150 3020 3239 3085 ⁸⁵⁸,

284 3098 374 3153 29.
402 3098 591 3181 Λέγων
619 3098 756 3172 πρὸς
782 3100 1012 3165 αὐτούς’
1048 3101 1261 3168 Δεῦτε,
1298 3106 1352 3156 οἱ
1400 3103 1789 3175 εὐλογημένοι

1968 3109 2058 3165 29.
2086 3108 2281 3166 Diceus
2310 3110 2419 3166 illis
2446 3130 2459 3165 :
2494 3108 2699 3172 Venite.
2739 3111 2994 3166 benedicti
3026 3111 3209 3167 Patris
3236 3113 3338 3168 mei
3372 3114 3436 3168 ¹⁸.

206 3189 320 3245 τοῦ
350 3191 580 3258 Πατρός
594 3207 758 3260 μου.,

282 3282 374 3337 30.
411 3282 510 3336 Διὰ
540 3282 634 3336 τοῦ
676 3281 910 3355 σταυροῦ
931 3272 1173 3367 ,σουτῆς
1222 3260 1474 3356 οὐρανίου
1510 3286 1787 3358 βασιλείας

1963 3287 2052 3342 50.
2073 3288 2176 3345 Per
2210 3306 2429 3348 crucem
2455 3302 2604 3353 tuam
2655 3295 2851 3367 dignos
2906 3310 3010 3352 nos
3048 3294 3226 3351 fecisti
3257 3296 3463 3353 caelesti

207 3373 454 3443 ἠξίωσας
483 3374 559 3445 (ί)
591 3375 758 3445 ἡμᾶς..

483 3374 559 3445 (1)
591 3375 758 3445 ἡμᾶς..
1846 3443 1852 3449 ¹
1893 3393 2079 3449 regno.

291 3469 357 3521 Ἠ
380 3468 475 3522 τοῦ
513 3463 729 3540 ψαλμοῦ
756 3454 1095 3543 προκειμένῆ
1118 3472 1398 3543 ἐπιγραφὴ
1432 3471 1522 3526 διὰ
1540 3473 1639 3544 τῆς
1658 3472 2030 3545 κινναὸάρεως
2064 3468 2338 3547 περιέχει)
2362 3478 2465 3544 Εἰς
2502 3476 2569 3530 τὸ
2596 3476 2790 3557 τέλος,
2821 3478 2892 3531 ὲν
2926 3480 3137 3547 ὕμνοις
3174 3478 3327 3547 ὑπὲρ
3356 3478 3469 3547 τῆς

208 3563 448 3632 ὀγδόης,
484 3565 724 3633 ψαλμύς
746 3565 828 3631 τῷ
856 3562 1055 3622 Δααδ,
1079 3567 1249 3620 Τοῦτο
1273 3563 1366 3621 οὖν
1389 3567 1536 3636 λέγει
1559 3584 1572 3598 ·
1596 3570 1736 3622 "Earl
1769 3568 2045 3642 συντελείᾳ
2074 3571 2183 3624 τῶν
2209 3572 2418 3628 αἰώνων
2448 3572 2708 3647 ρυσθῆναι
2731 3574 2828 3644 τῆς
2857 3573 3090 3646 κρίσεως
3111 3576 3162 3627 oi
3185 3575 3331 3643 ἅγιοι
3360 3591 3466 3628 πα-

208 3654 509 3729 ρακαλοῦσι
533 3657 627 3709 καὶ
651 3654 946 3726 ἀξιωθῆναι
974 3657 1070 3728 τῆς
1093 3659 1309 3711 αἰωνίου
1352 3658 1792 3729 μισθαποδοσίας.
1829 3660 1920 3730 Τῷ
1946 3661 2053 3732 γὰρ
2078 3662 2221 3733 ἕκτῳ
2240 3664 2397 3717 αἰῶνι
2431 3666 2759 3719 συντελεῖται
2786 3667 2815 3719 ὁ
2847 3667 3049 3738 κόσμος
3072 3686 3085 3699 ·
3111 3666 3188 3738 τῷ
3234 3667 3291 3720 δὲ
3317 3666 3468 3722 ἐϐδό-

210 3766 301 3820 μῳ
331 3747 406 3818 (2)
430 3749 606 3821 κρίνει
632 3749 729 3821 τὴν
758 3752 1087 3823 οἰκουμένην
1110 3754 1139 3805 ό
1159 3752 1361 3824 Κύριος
1381 3771 1395 3785 ·
1419 3752 1497 3825 τῷ
1521 3754 1577 3807 δὲ
1610 3754 1781 3826 ὀγδόῳ
1810 3749 1953 3811 οὗτοι
1974 3758 2303 3830 ἀπέρχονται
2325 3762 2404 3825 εἰς
2423 3760 2567 3832 ζωὴν
2588 3759 2826 3827 αἰώνιον,
2856 3764 2950 3816 καὶ
2966 3755 3111 3816 οὗτοι
3132 3764 3214 3827 είς
3246 3764 3467 3819 κόλασιν
3488 3796 3491 3797 ν

206 3842 446 3901 αἰώνιον.
476 3846 574 3901 Διὰ
604 3845 762 3901 τοῦτο
789 3846 1005 3920 εἴρηται
1025 3851 1054 3902 6
1081 3848 1295 3920 ψαλμὸς
1325 3850 1465 3923 ὑπὲρ
1490 3848 1585 3904 τοῦ
1613 3849 1873 3922 ρυσθῆναι
1902 3852 2029 3917 τοὺς
2051 3854 2240 3922 ἁγίους
2264 3857 2323 3910 ἐν
2352 3858 2417 3926 τῇ
2450 3855 2633 3927 ὀγδόῃ.

278 3933 497 3992 Psalmo
524 3938 848 4008 pra'positus
878 3939 1393 4003 titulus,cinnabari
1428 3942 1685 4011 scriptus,
1716 3944 1959 3998 continet
1987 3961 2001 3998 :
2028 3942 2096 3998 In
2122 3946 2300 4014 ﬁnem,
2332 3948 2386 4001 in
2413 3946 2618 4017 hymnis
2647 3964 2742 4011 pro
2772 3959 2975 4013 octava,
3011 3948 3245 4017 psalmus
3268 3947 3465 4005 David.

206 4029 329 4088 Hoc
360 4042 544 4115 autem
572 4034 845 4104 signiﬁcat
876 4052 889 4089 :
928 4036 987 4090 in
1034 4036 1359 4091 saeculorum
1415 4038 1886 4093 consummatione
1912 4040 2087 4094 sancti
2139 4043 2434 4112 rogabunt,
2472 4053 2532 4098 ut
2559 4044 2859 4100 liberentur
2889 4060 2921 4101 ιι
2967 4045 3195 4115 judicio,
3231 4054 3286 4101 et
3315 4045 3464 4114 digni

207 4127 345 4183 ﬁant
375 4106 590 4184 aeternae
634 4131 902 4187 mercedis
926 4132 1308 4188 retributione.
1347 4129 1698 4188 Sexto'enim
1725 4134 1927 4190 smeulo
1976 4150 2394 4193 consummatur
2446 4141 2724 4206 mundus;
2774 4140 3005 4210 septimo
3046 4149 3228 4196 autem
3274 4141 3461 4197 orbem

208 4229 371 4278 terra:
397 4221 607 4292 judicat
633 4220 899 4280 Dominus
925 4240 940 4290 ;
975 4232 1168 4278 octavo
1196 4239 1327 4279 vero
1356 4225 1410 4279 bi
1449 4225 1654 4280 abeunt
1686 4226 1739 4280 in
1769 4227 1934 4281 vitam
1958 4237 2257 4298 aeternam;
2292 4238 2348 4284 et
2376 4230 2433 4284 hi
2479 4231 2535 4285 in
2562 4231 2888 4302 supplicium
2939 4240 3200 4287 aeternum
3229 4232 3294 4290 ".
3330 4229 3462 4289 Pro-

208 4324 397 4391 pterea
428 4316 611 4373 dictus
640 4328 723 4373 est
754 4319 1002 4388 psalmus
1044 4334 1142 4389 pro
1176 4334 1243 4374 eo
1266 4320 1413 4390 quod
1440 4320 1742 4397 liberentur
1773 4325 1948 4379 sancti
1972 4325 2026 4379 in
2063 4336 2270 4380 octava.

277 4410 331 4476 1,
356 4411 412 4465 2.
438 4409 632 4483 Κύριε,
666 4410 741 4482 μὴ
773 4411 929 4475 ἐκτὸς
959 4410 1054 4466 τοῦ
1092 4411 1276 4477 ἐλέους
1315 4429 1408 4467 σου
1453 4413 1678 4487 ἐλέγξῃς
1703 4433 1792 4486 με,
1825 4422 1870 4478 ι)

1860 4431 1870 4472 ι
1970 4418 2022 4483 1,
2055 4417 2108 4473 2.
2147 4417 2397 4482 Domine,
2427 4433 2497 4474 ne
2524 4430 2678 4475 extra
2706 4420 3138 4477 misericordiam
3178 4430 3325 4479 tuam
3371 4438 3462 4480 ar-

208 4503 305 4556 καὶ
345 4502 639 4577 παιδεύσῃς
673 4520 761 4574 με.

1895 4526 2032 4582 guns
2060 4527 2166 4575 me.
2199 4524 2255 4567 et
2286 4512 2553 4583 corripias
2579 4529 2686 4569 me.

277 4596 332 4651 5.
364 4596 569 4667 Σαθρὺς
590 4599 657 4668 τῇ
689 4595 922 4668 διανοίᾳ·

1966 4606 2020 4661 3.
2046 4604 2225 4662 Mente
2246 4618 2569 4677 corruptus;

278 4686 333 4741 4.
369 4688 479 4741 Καὶ
511 4689 613 4741 οὐκ
642 4688 759 4759 ειμὶ
782 4688 1179 4761 ἐστηριγμένος
1206 4689 1281 4762 (5)
1317 4690 1447 4763 περὶ
1491 4689 1590 4754 τὰς
1641 4690 1792 4744 ἐντο-

1641 4690 1792 4744 ὲντο-
1965 4699 2019 4754 4.
2047 4697 2112 4755 Et
2138 4715 2248 4755 non
2273 4714 2398 4755 sum
2427 4701 2676 4756 ﬁrmatus
2706 4698 2763 4755 in
2780 4699 3052 4757 mandatis
3084 4702 3211 4760 tuis.

207 4778 310 4843 λάς
334 4795 452 4836 σου.

283 4870 337 4926 5.
376 4870 461 4924 Ἐν
494 4871 857 4943 ἁμαρτήμασι
886 4870 1234 4943 πεφυρμένος
1265 4873 1401 4942 εἰμὶ,
1428 4871 1595 4941 λέγει.

1527 4888 1595 4926 ει.
1969 4876 2020 4931 5.
2049 4876 2109 4931 In
2137 4878 2378 4947 peccatis
2403 4880 2725 4937 commistus
2753 4896 2899 4948 sum,
2930 4881 3126 4952 inquit.

281 4961 336 5018 6.
366 4962 422 5016 7.
464 4962 638 5031 Ἐλθὶ,
665 4961 863 5032 Κύριε,
896 4961 1058 5035 ῥῦσαι
1074 4963 1176 5037 τὴν
1198 4962 1376 5037 ψυχήν
1408 4982 1531 5036 μου,

1966 4967 2020 5033 6,
2060 4969 2110 5024 7.
2147 4967 2306 5037 Veni,
2334 4969 2582 5037 Domine,
2605 4972 2775 5030 libera
2800 4973 3037 5029 anirnam
3056 4989 3255 5043 meam,

281 5052 340 5109 8.
371 5052 473 5108 Διὰ
500 5054 564 5109 τὸ
602 5049 743 5108 εἶναι
771 5053 848 5127 (4)
881 5053 1172 5128 ἐλεήμονα.

1041 5071 1172 5110 ιονα.
1967 5058 2017 5114 8.
2055 5059 2195 5126 Quia
2218 5060 2537 5118 misericors
2562 5077 2643 5118 es.

283 5144 339 5200 9.
374 5145 431 5200 '0
458 5145 596 5211 ὅλως
628 5146 988 5220 μνημονεύων
1024 5165 1120 5204 σου
1154 5148 1393 5205 ἐκκλίνει
1435 5149 1512 5221 (5)
1555 5149 1663 5203 ἀπὸ
1692 5149 1790 5221 τῆς

1966 5153 2021 5209 9.
2050 5152 2156 5223 Qui
2184 5168 2408 5225 prorsus
2455 5170 2669 5211 memor
2708 5162 2795 5213 est
2835 5157 2918 5213 tui
2944 5195 2962 5221 ,
2990 5156 3226 5214 declinat
3269 5170 3301 5212 a
3335 5172 3462 5229 pec-

208 5237 492 5310 ἀμαρτίας
510 5256 526 5273 ·

445 5256 492 5304 ις
510 5256 526 5273 ο
1892 5250 2015 5298 cato
2033 5261 2047 5311 ;

290 5331 378 5386 10.
418 5332 478 5387 Ὀ
501 5331 611 5406 γὰρ
640 5333 766 5398 νοῦς
797 5334 1234 5408 ὁκυριευόμενος
1259 5334 1364 5390 ὑπὸ
1394 5334 1495 5408 τῆς
1524 5335 1793 5407 ἁμαρτίας

1973 5335 2058 5390 10.
2096 5335 2249 5394 Mens
2285 5354 2454 5405 etum,
2502 5355 2624 5412 qua
2667 5338 2982 5401 dominatur
3004 5355 3039 5399 ι
3068 5347 3316 5415 peccato,
3351 5352 3461 5397 non

205 5420 316 5479 οὐκ
343 5421 800 5498 ἐξομολογήσεται
828 5444 932 5482 σοι.

782 5425 800 5479 ί
828 5444 932 5482 σοι.
1906 5428 2248 5486 conﬁtebitur
2268 5431 2384 5487 tibi.

289 5514 356 5551 ⁸⁸⁸
378 5514 402 5571 Ι
423 5518 549 5577 Cor.
575 5535 618 5586 ι,
642 5519 734 5575 31.
809 5521 854 5553 ¹⁸
883 5520 1219 5590 Matthaxv,
1250 5521 1342 5578 54.
1398 5523 1446 5556 ⁸⁸
1469 5522 1600 5579 ibid.
1632 5520 1722 5586 46.

1166 5615 1472 5682 Addenda
1497 5623 1561 5682 et
1606 5615 1983 5699 corrigenda
2015 5635 2095 5682 ex
2145 5618 2283 5682 cod.
2315 5620 2515 5686 Vatic.

285 5706 369 5849 (1;
394 5707 681 5832 Ἆξίωσον.
1967 5718 2022 5788 (4
2065 5713 2218 5813 Ἐξῖναί
2242 5736 2319 5775 σε.

285 5776 358 5861 ρ
397 5779 483 5861 lia
534 5797 612 5851 τῳ
644 5779 874 5861 ἑϐδόμῳ.
1967 5718 2045 5861 (δῖ
2100 5789 2319 5845 Εκλιπει

285 5776 369 5921 g)
397 5776 505 5832 Kal.
534 5779 612 5851 τῷ
644 5779 874 5853 ἑϐδόμῳ.
1967 5776 2045 5861 (ιι)
2086 5789 2342 5848 Ἐκλιπει.

346 5859 366 5920 )
407 5848 913 5921 Ἑπτστηριγμένος.

346 5848 366 5920 )
407 5848 913 5925 Ἔπτστηριγμένος.
