4058 6506
551 410 656 466 667
1389 405 1449 463 S.
1492 405 1871 461 ATHANASII
1911 403 2063 461 OPP.
2102 401 2283 459 PARS
2321 400 2413 456 Ill.
2448 429 2518 442 -—
2555 394 2967 451 EXEGETICA.
3696 387 3810 444 668

623 534 708 586 11.
742 531 1002 587 Laboravi
1027 530 1080 584 in
1107 529 1305 600 gemitu
1338 543 1480 594 meo,
2144 538 2189 595 Α

2144 538 2189 595 Α
2290 523 2378 575 11.
2424 517 2726 572 Ἐκοπίασα
2758 517 2814 567 ἐν
2840 514 2916 584 τῷ
2953 513 3242 583 στεναγμῷ
3269 528 3390 583 μου,

620 621 706 676 12.
738 621 953 675 Lavabo
986 634 1082 690 per
1104 618 1346 689 singulas
1382 629 1570 673 noctes
1608 618 1804 673 lectum
1832 632 2043 673 meum:

2294 611 2379 665 12.
2407 610 2596 663 Λούσω
2623 607 2744 661 καθ’
2776 606 3011 673 ἑκάστην
3050 604 3221 657 νύκτα
3252 605 3349 674 τὴν
3378 602 3563 672 κλίνην
3590 618 3692 670 μου

624 713 709 768 15.
743 711 1024 782 Lacrymis
1054 711 1187 763 meis
1223 719 1451 764 stratum
1487 726 1664 764 meum
1699 710 1903 779 rigabo.

2296 705 2379 758 15.
2428 704 2515 755 Ἐν
2540 701 2769 772 δάκρυσί
2802 716 2903 769 μου
2927 698 3024 769 τὴν
3064 699 3351 768 στρωμνήν
3377 714 3477 765 μου
3507 692 3705 763 βρέξω.

621 804 706 859 14.
743 803 1017 857 Turbatus
1044 813 1126 856 est
1159 817 1188 855 a
1216 802 1401 856 furore
1426 802 1619 856 oculus
1641 818 1796 856 meus
1823 820 1837 853 :

2296 795 2381 848 M.
2426 792 2732 864 Ἐταράχθη
2761 791 2867 843 ἀπὸ
2888 789 3056 861 θυμοῦ
3085 792 3112 842 ὁ
3138 788 3411 858 ὀφθαλμός
3442 807 3541 858 μου
3561 805 3574 819 ·

622 898 711 953 15.
746 895 1042 959 lnveteravi
1076 895 1213 949 inter
1236 910 1426 949 omnes
1448 896 1699 949 inimicos
1736 908 1905 947 meos.

2297 887 2383 941 15.
2430 884 2805 955 Ἐπαλαιώθην
2831 885 2889 936 ὲν
2919 885 3051 936 πᾶσι
3074 884 3191 945 ,τοῖς
3222 880 3432 951 ἐχθροῖς
3466 898 3586 951 μου.

623 989 710 1043 16.
743 988 1009 1042 Discedite
1047 1002 1078 1041 a
1110 1002 1217 1053 me,
1246 1001 1438 1041 omnes
1465 987 1555 1056 qui
1588 986 1891 1057 operamini
1922 983 2120 1054 iniqui-

2303 980 2385 1033 16.
2439 979 2738 1049 Ἀπόστητε
2787 979 2880 1032 ἀπ’
2914 975 3072 1047 ἐμοῦ,
3112 975 3313 1037 πάντες
3353 976 3402 1027 οἱ
3444 974 3814 1045 ἐργαζόμενοι

554 1092 715 1138 tatem
746 1098 757 1132 :

2261 1075 2326 1141 ὴν
2356 1074 2583 1143 ἀνομίαν
2605 1088 2619 1102 ⁸
2931 1122 2938 1128 .

628 1176 713 1229 17.
761 1176 1031 1241 Quoniam
1085 1173 1365 1229 exaudivit
1404 1172 1670 1228 Dominus
1716 1187 1903 1226 vocem
1966 1171 2120 1227 [lctus

2303 1166 2387 1220 17.
2423 1164 2546 1217 Ὅτι
2600 1162 2883 1231 εἰσήκουσε
2927 1160 3131 1231 Κύριος
3169 1161 3269 1229 τῆς
3298 1159 3478 1230 φωνῆς
3505 1157 3602 1211 τοῦ
3640 1156 3815 1210 κλαυ-

554 1266 683 1319 mei.

2231 1255 2368 1327 Θμοῦ
2397 1271 2516 1324 μου.

624 1357 710 1410 18.
747 1355 1035 1410 Exaudivit
1064 1353 1329 1408 Dominus
1359 1352 1793 1422 deprecationem
1826 1366 1999 1405 meam
2037 1366 2049 1403 :

1842 1366 1999 1405 neam
2037 1366 2049 1403 :
2307 1348 2392 1400 18.
2436 1347 2672 1398 Ἤκουσε
2696 1344 2901 1414 Κύριος
2933 1343 3029 1413 τῆς
3051 1342 3288 1411 δεήσεώς
3313 1360 3415 1414 μου
3433 1358 3444 1370 ·

629 1448 715 1505 19.
748 1448 1012 1503 Dominus
1035 1446 1339 1501 orationem
1375 1460 1550 1498 meam
1588 1444 1845 1511 suscepit.

2305 1439 2393 1493 19.
2425 1436 2628 1506 Κύριος
2653 1436 2751 1507 τὴν
2783 1437 3085 1505 προσευχήν
3120 1452 3220 1505 μου
3263 1435 3639 1507 προσεδέξατο.

626 1540 698 1594 20
744 1539 1079 1594 Erubescant
1098 1548 1150 1593 et
1165 1537 1557 1592 conturbentur
1574 1536 1919 1590 vehementer
1940 1550 2127 1589 omnes

2303 1530 2391 1583 '20.
2425 1528 2850 1599 Αἰσχυνθείησαν
2909 1528 3001 1578 καὶ
3050 1526 3451 1598 ταραχθείησαν
3499 1526 3705 1587 πάντες
3766 1526 3821 1576 oi

560 1634 766 1690 inimici
793 1633 898 1688 mei
933 1651 946 1688 :

2235 1621 2327 1692 ὲχθ
2338 1619 2416 1693 poi
2458 1638 2579 1691 μου.

631 1721 719 1773 21.
754 1721 1151 1775 Convertantur
1182 1728 1235 1774 et
1262 1718 1591 1773 erubescant
1622 1717 1775 1771 valde
1811 1718 2089 1771 velociter.

2304 1713 2393 1765 21.
2430 1711 2934 1782 Ἀποστραφείησαν
2954 1711 3046 1764 καὶ
3066 1708 3586 1780 καταισχυνθείησαν
3608 1706 3824 1776 σφόδρα

2237 1803 2325 1857 διὰ
2350 1805 2567 1873 τάχους.

621 1895 845 1952 Ρεαιιηιιδ
878 1897 1062 1962 David,
1099 1915 1249 1968 quem
1280 1899 1512 1953 cantavit
1546 1898 1770 1951 Domino
1802 1914 1896 1966 pro
1930 1894 2096 1952 verbis

2302 1897 2544 1964 Ψαλμὸς
2566 1893 2645 1958 τῷ
2674 1892 2871 1956 Δαϐὶὸ,
2897 1893 2969 1946 ὃν
2996 1889 3114 1964 ᾖσε
3140 1891 3218 1957 τῷ
3246 1890 3443 1960 Κυρίῳ
3477 1891 3631 1961 ὑπὲρ
3652 1889 3773 1947 τῶν

884 1990 1169 2059 Clmsiﬁlii
1202 1990 1420 2045 Jemini.
1455 1990 1654 2045 PSAL.
1693 1989 1823 2045 γη.
2446 1989 2486 2040 λ

2446 1989 2644 2054 λόγων
2672 1986 2861 2038 Χουσὶ
2891 1986 3025 2039 υἱοῦ
3048 1984 3270 2053 Ἰεμενί.
3310 1986 3483 2039 ΨΑΛ.
3525 1984 3604 2039 Z'.

646 2080 692 2134 1.
719 2078 947 2136 Domine
970 2079 1112 2136 Deus
1137 2098 1313 2149 meus,
1340 2083 1394 2136 in
1424 2091 1475 2137 te
1516 2080 1731 2152 speravi
1764 2097 1779 2135 :

2314 2081 2364 2134 1.
2398 2078 2569 2149 Κύριε
2597 2079 2625 2129 6
2646 2078 2779 2142 Θεός
2813 2095 2937 2150 μου,
2966 2079 3061 2131 ἐπὶ
3090 2078 3173 2131 σοὶ
3196 2076 3401 2148 ἦλπισα
3421 2092 3434 2107 ·

1689 2231 2063 2289 ATHANASII
2099 2229 2688 2287 INTERPRETATIO.

646 2393 729 2447 11.
762 2393 1029 2450 Gravatus
1063 2403 1285 2464 peccato
1310 2394 1688 2463 ingemiscam.
2170 2396 2216 2455 Β

2170 2396 2216 2455 Β
2319 2391 2407 2445 11.
2433 2389 2775 2462 Βαρούμενος
2810 2387 2915 2441 ὑπὸ
2948 2389 3045 2458 τῆς
3071 2387 3345 2459 ἁμαρτίας
3383 2387 3623 2453 στενάξω
3654 2387 3754 2458 (1).

649 2485 733 2539 12.
770 2484 1089 2540 Emundabo
1110 2484 1177 2539 ab
1212 2483 1361 2538 omni
1390 2491 1615 2554 peccato
1639 2498 1840 2554 corpus
1865 2498 2045 2538 meum
2072 2501 2089 2539 :

2324 2484 2411 2537 12.
2437 2483 2737 2553 Καθαρίσω
2779 2481 2885 2534 ἀπὸ
2937 2481 3117 2548 πάσης
3145 2478 3416 2549 ἁμαρτίας
3454 2479 3528 2549 (9.)
3576 2480 3636 2532 τὸ
3668 2476 3837 2549 σῶμά

2257 2594 2356 2629 μου
2381 2595 2393 2607 ’
2529 2624 2535 2631 .

656 2662 735 2716 15.
775 2661 838 2716 Et
867 2663 919 2716 in
950 2662 1201 2731 lacrymis
1242 2661 1484 2731 requiem
1527 2676 1737 2725 meam;
1780 2662 1885 2716 hoc
1929 2670 2012 2716 est
2044 2659 2146 2715 Do-

2324 2666 2406 2719 15.
2449 2666 2558 2718 Καὶ
2593 2666 2651 2718 ἐν
2677 2664 2907 2735 δάκρυσι
2935 2662 3010 2732 ('5)
3034 2662 3131 2733 τὴν
3162 2662 3464 2715 ἀνάπαυσίν
3496 2678 3597 2731 μου
3619 2678 3633 2692 ο
3675 2679 3842 2714 τουτο

582 2754 787 2807 minum
809 2753 1061 2823 lacrymis
1080 2753 1289 2821 rigabo,
1322 2754 1654 2807 utmoretrix
1684 2754 1738 2807 in
1771 2751 2063 2822 Evangelio
2084 2753 2148 2807 ιτ.

2252 2756 2367 2810 ἐστι
2397 2756 2485 2809 τὸν
2508 2756 2711 2827 Κύριον
2749 2754 2944 2825 βρέξω,
2967 2754 3042 2817 ὡς
3072 2755 3104 2824 ἡ
3145 2753 3317 2825 πόρνη
3345 2754 3402 2804 ἐν
3435 2752 3772 2822 Εὐαγγελὶῳ.

658 2843 737 2896 lui.
771 2842 910 2897 Pura
942 2852 1023 2898 est
1047 2860 1076 2899 a
1101 2844 1442 2914 suggestione
1487 2844 1689 2899 diaboli
1728 2859 1881 2899 mens
1906 2858 2046 2897 mea.

2324 2847 2409 2901 M.
2442 2848 2514 2900 Οὐ
2542 2847 2856 2916 καθαριεύει
2884 2849 2916 2917 ὴ
2962 2846 3170 2899 διάνοια
3202 2864 3303 2916 μου
3327 2845 3434 2899 ἀπὸ
3468 2846 3565 2915 τῆς
3592 2844 3687 2898 τοῦ
3716 2845 3841 2898 δια-

2255 2938 2411 2993 δόλου
2448 2938 2734 3009 ὑποϐολῆς.

2328 3030 2417 3084 15.
2456 3030 2791 3103 Ἥφανίσθην
2815 3031 2971 3095 ὅλως,
3001 3032 3080 3095 εἰς
3112 3030 3264 3085 οὐδὲν
3298 3030 3584 3101 ἐγενόμην.

2331 3122 2414 3177 16.
2444 3124 2507 3176 Oi
2544 3123 2794 3194 δαίμονες
2826 3125 2877 3176 οἱ
2931 3124 2990 3177 τὸ
3045 3123 3307 3195 πρότερον
3364 3121 3731 3194 ὀδηγήσαντές
3772 3138 3847 3192 μι

2260 3213 2396 3284 πρὸς
2421 3214 2600 3265 πᾶσαν
2626 3214 2869 3283 πονηρὰν
2898 3214 3219 3285 ἐπιθυμίαν.

662 3018 746 3070 15.
774 3018 1022 3072 Perditus
1046 3020 1269 3072 omnino
1287 3035 1429 3083 sum,
1455 3027 1509 3073 et
1539 3018 1593 3073 in
1622 3019 1849 3073 nihilum
1877 3018 2147 3074 redactus.

653 3110 737 3165 16.
777 3111 1058 3165 Daemones
1084 3121 1242 3166 antea
1278 3128 1364 3167 me
1396 3112 1658 3168 ducentes
1704 3112 1771 3166 ad
1796 3126 2015 3167 omnem
2054 3112 2157 3167 im-

590 3206 814 3275 probam
851 3204 1224 3273 cupiditatem.

659 3296 743 3351 17.
786 3296 1056 3351 Gemitum
1096 3296 1276 3352 cordis
1309 3296 1435 3352 mei.

2334 3304 2421 3357 17.
2455 3302 2560 3357 Τοῦ
2586 3303 2819 3374 ὀδυρμοῦ
2850 3305 2951 3374 τῆς
2977 3306 3204 3376 καρδίας
3241 3322 3359 3377 μου.

668 3387 749 3441 18.
790 3387 939 3445 Hanc
975 3404 1081 3441 non
1112 3398 1391 3444 aversatus
1415 3398 1516 3444 est.

2332 3396 2419 3450 18.
2450 3397 2564 3449 υύκ
2589 3397 2916 3468 ἀπεστράφη
2944 3397 3164 3467 ταύτην.

667 3480 751 3534 19.
794 3479 922 3534 Eam
947 3482 1089 3535 enim
1120 3482 1397 3550 adimplet.

2333 3488 2417 3542 19.
2446 3488 2559 3559 Πλη
2572 3492 2652 3559 poi
2675 3488 2785 3559 γὰρ
2816 3489 3004 3559 αὐτήν.

663 3572 753 3628 20.
781 3571 1231 3637 Confundantur,
1278 3572 1425 3642 quod
1465 3586 1572 3626 non
1605 3571 1841 3642 amplius
1882 3587 1967 3627 me
1991 3573 2045 3625 in
2073 3588 2164 3626 ca-

2333 3578 2422 3633 ΞΞΟ.
2462 3581 2857 3652 Ἐντραπὼσιν,
2882 3581 2963 3633 ὅτι
2992 3581 3091 3633 οὐκ
3120 3580 3200 3633 ἔτι
3227 3597 3293 3650 με
3326 3577 3727 3649 αἰχμαλωτίσαι
3760 3576 3852 3629 δύ-

598 3666 896 3734 ptivitatem
945 3666 1185 3733 redigere
1214 3675 1477 3734 possunt,
1523 3666 1651 3735 quia
1682 3666 2016 3722 custodiora
2056 3666 2165 3721 Do-

2267 3687 2477 3734 νανται,
2507 3671 2594 3724 διὰ
2618 3672 2679 3725 τὸ
2708 3672 3070 3740 φυλάττεσθαί
3112 3690 3178 3742 με
3208 3671 3314 3724 ὑπὸ
3356 3670 3588 3743 Κυρίου,
3635 3669 3731 3724 καὶ
3758 3671 3852 3740 ὀρ-

598 3758 767 3820 rnino,
798 3768 850 3810 et
883 3758 1021 3812 hanc
1048 3758 1119 3812 ob
1152 3772 1375 3811 causam
1410 3758 1741 3825 irascantur,
2192 3754 2200 3794 ⁴

1410 3758 1741 3825 irascantur,
2192 3746 2234 3801 (ἶ
2267 3762 2529 3832 γισθῶσιν
2554 3763 2738 3818 ἕνεκεν
2764 3764 2955 3816 τούτου
2976 3804 2990 3828 ,

664 3852 755 3906 21.
790 3850 855 3907 Ει
876 3868 1041 3923 quam
1061 3852 1307 3908 celeriter
1343 3850 1560 3909 confusi
1593 3852 1871 3908 recedant.

2341 3855 2432 3907 21.
2471 3855 2581 3907 Καὶ
2624 3854 3025 3926 ἀναστρέῲουσι
3080 3854 3561 3923 καταισχυνθέντες
3604 3854 3746 3907 πάνυ
3795 3856 3852 3906 ἐν

2273 3963 2446 4017 ταχεμ

679 4046 744 4100 Ἢ
776 4045 1107 4117 προκειμένη
1142 4044 1419 4115 ἐπιγραφὴ
1453 4046 1485 4116 ἡ
1518 4044 1604 4097 διὰ
1631 4043 1729 4113 τῆς
1758 4044 2125 4118 κινναδέιρεως
2165 4054 2409 4125 περιέχει
2432 4071 2445 4085 ο
2482 4057 2729 4125 Ψα.1μύς
2750 4057 2830 4123 τῷ
2858 4058 3054 4118 Δαὸὶδ,
3098 4057 3170 4110 ὃν
3204 4053 3321 4127 ᾖσε
3358 4056 3438 4122 τῷ
3479 4055 3675 4125 Κυρίῳ
3700 4055 3854 4124 ὑπὲρ

600 4152 718 4204 τῶν
747 4149 942 4216 λόγων
968 4146 1153 4200 Χουσὶ
1205 4144 1338 4200 υἱοῦ
1381 4145 1602 4213 Ἰεμενί.
1635 4142 1802 4197 Τοῦτο
1827 4140 1919 4197 οὖν
1950 4145 2116 4214 λέγει,
2151 4150 2232 4203 ὅτι
2254 4147 2354 4225 ᾖσε
2379 4153 2468 4206 τὸν
2497 4153 2710 4225 ψαλμὸν
2730 4155 2758 4206 ὀ
2785 4154 2947 4209 Δαϐιδ
2979 4153 3055 4225 τῷ
3084 4152 3196 4224 req)
3220 4154 3314 4206 τοῦ
3340 4150 3474 4206 Θεοῦ
3498 4150 3857 4223 προφητεύων

601 4241 742 4312 ὑπὲρ
769 4241 861 4293 τοῦ
892 4240 1019 4294 λαοῦ
1044 4238 1137 4291 τοῦ
1180 4238 1460 4310 μέλλοντος
1486 4226 1599 4290 ’ἀπὸ
1628 4236 1910 4308 ἁμαρτιῶν
1943 4238 2268 4311 λυτροῦσθαι
2301 4244 2393 4298 καὶ
2417 4246 2786 4316 ἐπιστρέφειν,
2836 4247 2929 4300 καὶ
2962 4246 3241 4313 ἀξιοῦσθαι
3273 4245 3374 4315 τῆς
3415 4246 3480 4297 ὲκ
3508 4244 3697 4308 δεξιῶν
3725 4243 3857 4297 στάσ

605 4349 742 4398 σεως
773 4332 864 4385 τοῦ
898 4331 1161 4404 Χριστοῦ·
1192 4331 1362 4383 Χουσὶ
1390 4331 1495 4401 γὰρ
1530 4330 1891 4400 ἑρμηνεύεται
1917 4332 2152 4401 Αἰθίοψ,
2192 4337 2467 4390 τουτέστιν
2511 4339 2649 4407 ὑπὲρ
2683 4338 2777 4391 τοῦ
2808 4338 2936 4391 λαοῦ
2988 4338 3084 4392 τοῦ
3142 4338 3295 4401 ὅντος
3350 4337 3577 4408 μέλανος
3603 4335 3713 4389 ἀπὸ
3749 4336 3858 4389 τῶν

607 4428 886 4502 ἁμαρτιῶν
916 4426 1013 4500 ᾖσε
1042 4429 1130 4481 τὸν
1158 4427 1369 4498 ψαλμὸν
1394 4426 1471 4497 τῷ
1501 4425 1710 4497 Κυρίῳ.
1755 4426 1951 4495 Ἰεμενὶ
1986 4427 2041 4481 δὲ
2080 4430 2442 4502 ἑρμηνεύεται
2468 4433 2637 4498 δεξιά
2652 4454 2770 4503 μου
2798 4450 2810 4464 ⁸
2839 4434 3026 4506 ἐπειδὴ
3050 4437 3077 4487 6
3100 4435 3227 4498 λαὸς
3256 4436 3283 4487 6
3314 4433 3535 4502 Αἰθίοψ,
3569 4430 3715 4500 λέγω
3735 4432 3800 4503 δὴ
3832 4436 3859 4485 6

613 4529 798 4600 μέλας,
830 4526 1045 4597 ρυσθεὶς
1069 4526 1133 4578 ὲκ
1152 4524 1261 4577 τῶν
1292 4522 1615 4595 ἀριστερῶν,
1644 4521 1829 4593 μέλλει
1856 4523 2107 4578 ἵστασθαι
2137 4528 2202 4579 ὲκ
2226 4526 2413 4591 δεξιῶν
2437 4527 2530 4581 τοῦ
2563 4529 2722 4583 Θεοῦ.

682 4620 912 4687 Titulus,
945 4621 1037 4690 qui
1071 4621 1279 4689 psalmo
1307 4621 1661 4689 praeponitur,
1700 4618 1983 4675 cinnabari
2021 4622 2282 4691 scriptus,
2322 4624 2568 4679 continet
2599 4642 2612 4678 :
2647 4625 2898 4679 Psalmus
2930 4625 3122 4687 David,
3172 4639 3325 4693 quem
3368 4621 3599 4675 cantavit
3632 4620 3859 4675 Domino

611 4734 705 4788 pro
737 4719 899 4772 verbis
931 4717 1093 4771 Chusi
1132 4716 1235 4783 ﬁlii
1257 4714 1479 4769 Jemiui.
1512 4713 1627 4771 Hoc
1656 4724 1838 4771 autem
1867 4715 2159 4786 signiﬁcat,
2185 4721 2328 4789 quod
2363 4722 2637 4791 psalmum
2685 4719 2856 4774 David
2886 4720 3087 4773 cecinit
3126 4717 3266 4771 Filio
3302 4717 3396 4772 Dei
3430 4716 3765 4787 prophetans
3796 4716 3862 4772 de

614 4816 837 4886 populo,
868 4816 961 4883 qui
994 4812 1213 4867 futurus
1242 4821 1380 4874 erat,
1416 4819 1475 4865 ut
1505 4828 1535 4866 a
1566 4812 1805 4882 peccatis
1836 4812 2181 4879 liberaretur,
2210 4824 2266 4871 et
2289 4826 2721 4881 converteretur,
2751 4825 2805 4871 et
2832 4815 3028 4883 dignus
3057 4814 3210 4868 ﬁeret
3239 4822 3383 4867 stare
3408 4827 3438 4865 a
3471 4811 3676 4866 dextris
3702 4808 3860 4862 Chrio

616 4907 708 4962 sti.
737 4904 902 4959 Cliusi
933 4906 1075 4959 enim
1114 4905 1501 4972 interpretatur
1531 4904 1816 4975 Ethiops,
1864 4906 1970 4961 hoc
1994 4916 2117 4962 est:
2153 4907 2259 4962 Pro
2292 4910 2513 4978 populo,
2554 4909 2650 4979 qui
2680 4917 2798 4964 erat
2822 4907 2973 4978 niger
3001 4922 3032 4961 a
3067 4906 3325 4977 peccatis,
3369 4903 3569 4959 cecinit
3591 4902 3862 4971 psalmum

620 4999 869 5054 Domino.
891 4998 1084 5054 Jemini
1110 5009 1291 5054 autem
1329 5000 1716 5069 interpretatur
1742 5002 1959 5055 dextera
1993 5019 2143 5067 mea;
2178 5005 2438 5074 quoniam
2472 5007 2705 5076 populus
2736 5005 3010 5074 IEtbiops,
3044 5002 3218 5074 niger,
3247 5003 3491 5071 inquam,
3521 4998 3593 5054 ob
3620 5007 3860 5068 peccata,

623 5100 881 5155 liberatus
914 5114 944 5153 e
976 5098 1214 5153 sinistris
1246 5097 1413 5153 stabit
1438 5114 1468 5152 a
1512 5097 1724 5153 dextris
1754 5096 1869 5152 Dei.

695 5216 747 5269 1.
776 5215 850 5269 Te
873 5216 1131 5273 constitui
1179 5215 1483 5286 adjutorem
1528 5231 1711 5272 meum
1743 5203 1893 5271 omni
1925 5224 2187 5286 tempore,
2224 5229 2268 5283 ι)

2115 5232 2187 5279 re,
2224 5229 2268 5283 Β
2366 5221 2414 5274 1.
2453 5221 2519 5274 Σὲ
2548 5220 2751 5292 ἐθέμην
2782 5219 2975 5291 βοηθόν
3004 5236 3105 5290 μου
3130 5218 3383 5281 πάντοτε,
3421 5214 3595 5269 σῶσον
3628 5227 3717 5283 με.

625 5310 774 5365 salva
798 5325 905 5363 me.

698 5428 734 5462 υ
775 5425 905 5484 Luc.
952 5444 1047 5491 vn,
1076 5428 1163 5482 58.

1570 5584 1875 5648 Addenda
1907 5589 1967 5646 et
1998 5580 2371 5660 corrigenda
2420 5596 2496 5640 ex
2550 5578 2689 5638 cod.
2724 5575 2922 5637 Vatic.

731 5754 779 5826 1)
812 5754 1077 5818 Στενάζω.

704 5759 781 5893 ξε)
817 5825 1131 5893 Καθαρίσῃς
1156 5823 1261 5879 ἀπὸ
1282 5823 1377 5893 τῆς
1402 5820 1693 5893 ἁμαρτίας.

2379 5744 2453 5817 (3)
2481 5746 2590 5801 Καὶ
2617 5745 2672 5800 ὲν
2702 5742 2929 5817 δάκρυσί
2963 5757 3101 5814 μου..

1499 5820 1693 5893 ιρτίας.

726 5820 781 5893 2)
817 5825 1131 5897 Καθαρίσῃς
1156 5823 1261 5879 ἀπὸ
1282 5823 1377 5895 τῆς
1402 5820 1693 5895 ἁμαρτίας.
