  <div class='ocr_page' id='page_1' title='image "/cluster/home/n/w/nwhite01/storage/ocr_20150623/27/ien.35556001660521/346.png"; bbox 0 0 4058 6452; ppageno 0'>
   <div class='ocr_carea' id='block_1_1' title="bbox 249 410 3481 474">
    <p class='ocr_par' dir='ltr' id='par_1_1' title="bbox 249 410 3481 474">
     <span class='ocr_line' id='line_1_1' title="bbox 249 410 3481 474; baseline -0.001 -4"><span class='ocrx_word' id='word_1_1' title='bbox 249 411 355 471; x_wconf 75' lang='grc'><strong>669</strong></span> <span class='ocrx_word' id='word_1_2' title='bbox 1210 416 1297 470; x_wconf 86' lang='lat' dir='ltr'><strong>DE</strong></span> <span class='ocrx_word' id='word_1_3' title='bbox 1338 417 1612 472; x_wconf 76' lang='lat' dir='ltr'><strong>TITULIS</strong></span> <span class='ocrx_word' id='word_1_4' title='bbox 1650 417 2098 474; x_wconf 79' lang='lat' dir='ltr'><strong>PSALMORUM.</strong></span> <span class='ocrx_word' id='word_1_5' title='bbox 2139 449 2209 460; x_wconf 89' lang='lat'><strong>—-</strong></span> <span class='ocrx_word' id='word_1_6' title='bbox 2243 419 2436 474; x_wconf 83' lang='lat' dir='ltr'><strong>PSAL.</strong></span> <span class='ocrx_word' id='word_1_7' title='bbox 2470 417 2582 472; x_wconf 83' lang='lat' dir='ltr'><strong>VII.</strong></span> <span class='ocrx_word' id='word_1_8' title='bbox 3380 410 3481 466; x_wconf 79' lang='lat'><strong>670</strong></span> 
     </span>
    </p>
   </div>
   <div class='ocr_carea' id='block_1_2' title="bbox 317 526 1919 602">
    <p class='ocr_par' dir='ltr' id='par_1_2' title="bbox 317 526 1899 602">
     <span class='ocr_line' id='line_1_2' title="bbox 317 526 1899 602; baseline 0.004 -22"><span class='ocrx_word' id='word_1_9' title='bbox 317 527 370 580; x_wconf 73' lang='lat'><strong>2.</strong></span> <span class='ocrx_word' id='word_1_10' title='bbox 401 526 581 578; x_wconf 83' lang='grc' dir='ltr'>Σῶσόν</span> <span class='ocrx_word' id='word_1_11' title='bbox 614 542 680 595; x_wconf 83' lang='grc' dir='ltr'>με</span> <span class='ocrx_word' id='word_1_12' title='bbox 709 527 772 578; x_wconf 89' lang='grc' dir='ltr'><strong>ἐκ</strong></span> <span class='ocrx_word' id='word_1_13' title='bbox 808 530 884 597; x_wconf 77' lang='lat' dir='ltr'><strong>(a)</strong></span> <span class='ocrx_word' id='word_1_14' title='bbox 909 528 1122 581; x_wconf 81' lang='grc' dir='ltr'>πάντων</span> <span class='ocrx_word' id='word_1_15' title='bbox 1145 529 1252 582; x_wconf 81' lang='grc' dir='ltr'>τῶν</span> <span class='ocrx_word' id='word_1_16' title='bbox 1283 530 1584 584; x_wconf 82' lang='grc' dir='ltr'><strong>διωκόντων</strong></span> <span class='ocrx_word' id='word_1_17' title='bbox 1619 550 1706 602; x_wconf 83' lang='grc' dir='ltr'><strong>με,</strong></span> <span class='ocrx_word' id='word_1_18' title='bbox 1734 533 1824 586; x_wconf 68' lang='grc' dir='ltr'><strong>καὶ</strong></span> <span class='ocrx_word' id='word_1_19' title='bbox 1853 541 1899 594; x_wconf 78' lang='grc' dir='ltr'><strong>Α</strong></span> 
     </span>
    </p>
   </div>
   <div class='ocr_carea' id='block_1_3' title="bbox 1886 526 3488 602">
    <p class='ocr_par' dir='ltr' id='par_1_3' title="bbox 1886 529 3488 597">
     <span class='ocr_line' id='line_1_3' title="bbox 1886 529 3488 597; baseline -0.001 -10"><span class='ocrx_word' id='word_1_20' title='bbox 1886 561 1899 594; x_wconf 61' lang='grc' dir='ltr'>ι</span> <span class='ocrx_word' id='word_1_21' title='bbox 1998 533 2052 586; x_wconf 75' lang='lat'><strong>9..</strong></span> <span class='ocrx_word' id='word_1_22' title='bbox 2086 533 2303 586; x_wconf 84' lang='lat' dir='ltr'><strong>Salvum</strong></span> <span class='ocrx_word' id='word_1_23' title='bbox 2337 549 2422 587; x_wconf 89' lang='lat' dir='ltr'><strong>me</strong></span> <span class='ocrx_word' id='word_1_24' title='bbox 2471 532 2555 586; x_wconf 80' lang='lat' dir='ltr'><strong>fac</strong></span> <span class='ocrx_word' id='word_1_25' title='bbox 2615 545 2679 585; x_wconf 81' lang='lat' dir='ltr'><strong>ex</strong></span> <span class='ocrx_word' id='word_1_26' title='bbox 2731 530 2986 584; x_wconf 87' lang='lat' dir='ltr'><strong>omnibus</strong></span> <span class='ocrx_word' id='word_1_27' title='bbox 3035 529 3488 597; x_wconf 79' lang='lat' dir='ltr'><strong>persequentibus</strong></span> 
     </span>
    </p>
   </div>
   <div class='ocr_carea' id='block_1_4' title="bbox 251 620 1853 692">
    <p class='ocr_par' dir='ltr' id='par_1_4' title="bbox 251 620 528 692">
     <span class='ocr_line' id='line_1_4' title="bbox 251 620 528 692; baseline 0.004 -20"><span class='ocrx_word' id='word_1_28' title='bbox 251 620 411 692; x_wconf 77' lang='grc' dir='ltr'>ῥῦσαι</span> <span class='ocrx_word' id='word_1_29' title='bbox 443 635 528 689; x_wconf 82' lang='grc' dir='ltr'><strong>με.</strong></span> 
     </span>
    </p>
   </div>
   <div class='ocr_carea' id='block_1_5' title="bbox 844 620 2446 692">
    <p class='ocr_par' dir='ltr' id='par_1_5' title="bbox 1923 626 2446 689">
     <span class='ocr_line' id='line_1_5' title="bbox 1923 626 2446 689; baseline -0.004 -10"><span class='ocrx_word' id='word_1_30' title='bbox 1923 642 2026 689; x_wconf 89' lang='lat' dir='ltr'><strong>me,</strong></span> <span class='ocrx_word' id='word_1_31' title='bbox 2065 635 2117 679; x_wconf 88' lang='lat' dir='ltr'><strong>et</strong></span> <span class='ocrx_word' id='word_1_32' title='bbox 2145 626 2311 679; x_wconf 90' lang='lat' dir='ltr'><strong>libera</strong></span> <span class='ocrx_word' id='word_1_33' title='bbox 2344 641 2446 678; x_wconf 84' lang='lat' dir='ltr'><strong>me.</strong></span> 
     </span>
    </p>
   </div>
   <div class='ocr_carea' id='block_1_6' title="bbox 321 711 1923 786">
    <p class='ocr_par' dir='ltr' id='par_1_6' title="bbox 321 711 1637 785">
     <span class='ocr_line' id='line_1_6' title="bbox 321 711 1637 785; baseline 0.002 -19"><span class='ocrx_word' id='word_1_34' title='bbox 321 712 374 766; x_wconf 77' lang='grc'><strong>5.</strong></span> <span class='ocrx_word' id='word_1_35' title='bbox 413 714 636 781; x_wconf 80' lang='grc' dir='ltr'><strong>Μήποτε</strong></span> <span class='ocrx_word' id='word_1_36' title='bbox 666 711 887 784; x_wconf 75' lang='grc' dir='ltr'>ἁρπάσῃ</span> <span class='ocrx_word' id='word_1_37' title='bbox 924 712 998 775; x_wconf 82' lang='grc' dir='ltr'>ὡς</span> <span class='ocrx_word' id='word_1_38' title='bbox 1025 713 1159 765; x_wconf 85' lang='grc' dir='ltr'>λέων</span> <span class='ocrx_word' id='word_1_39' title='bbox 1181 714 1278 784; x_wconf 81' lang='grc' dir='ltr'>τὴν</span> <span class='ocrx_word' id='word_1_40' title='bbox 1306 715 1482 784; x_wconf 74' lang='grc' dir='ltr'>ψυχήν</span> <span class='ocrx_word' id='word_1_41' title='bbox 1517 733 1637 785; x_wconf 85' lang='grc' dir='ltr'>μου,</span> 
     </span>
    </p>
   </div>
   <div class='ocr_carea' id='block_1_7' title="bbox 1673 711 3275 786">
    <p class='ocr_par' dir='ltr' id='par_1_7' title="bbox 1992 714 3275 786">
     <span class='ocr_line' id='line_1_7' title="bbox 1992 714 3275 786; baseline -0.005 -15"><span class='ocrx_word' id='word_1_42' title='bbox 1992 718 2043 771; x_wconf 86' lang='grc'><strong>5.</strong></span> <span class='ocrx_word' id='word_1_43' title='bbox 2077 716 2376 786; x_wconf 76' lang='lat' dir='ltr'><strong>Nequando</strong></span> <span class='ocrx_word' id='word_1_44' title='bbox 2407 717 2580 784; x_wconf 77' lang='lat' dir='ltr'><strong>rapiat</strong></span> <span class='ocrx_word' id='word_1_45' title='bbox 2604 723 2663 768; x_wconf 93' lang='lat' dir='ltr'><strong>ut</strong></span> <span class='ocrx_word' id='word_1_46' title='bbox 2693 714 2775 768; x_wconf 89' lang='lat' dir='ltr'><strong>leo</strong></span> <span class='ocrx_word' id='word_1_47' title='bbox 2809 715 3046 767; x_wconf 90' lang='lat' dir='ltr'><strong>animam</strong></span> <span class='ocrx_word' id='word_1_48' title='bbox 3081 727 3275 775; x_wconf 89' lang='lat' dir='ltr'><strong>meam,</strong></span> 
     </span>
    </p>
   </div>
   <div class='ocr_carea' id='block_1_8' title="bbox 320 802 1922 877">
    <p class='ocr_par' dir='ltr' id='par_1_8' title="bbox 320 806 1566 877">
     <span class='ocr_line' id='line_1_8' title="bbox 320 806 1566 877; baseline 0.002 -17"><span class='ocrx_word' id='word_1_49' title='bbox 320 806 374 860; x_wconf 65' lang='grc' dir='ltr'><strong>ὁ.</strong></span> <span class='ocrx_word' id='word_1_50' title='bbox 406 806 498 877; x_wconf 83' lang='grc' dir='ltr'><strong>Μὴ</strong></span> <span class='ocrx_word' id='word_1_51' title='bbox 523 806 674 870; x_wconf 80' lang='grc' dir='ltr'><strong>ὄντος</strong></span> <span class='ocrx_word' id='word_1_52' title='bbox 709 806 1093 877; x_wconf 75' lang='grc' dir='ltr'><strong>λυτρουμένου,</strong></span> <span class='ocrx_word' id='word_1_53' title='bbox 1120 807 1252 877; x_wconf 81' lang='grc' dir='ltr'>μηδὲ</span> <span class='ocrx_word' id='word_1_54' title='bbox 1286 808 1566 871; x_wconf 73' lang='grc' dir='ltr'><strong>σώζοντος.</strong></span> 
     </span>
    </p>
   </div>
   <div class='ocr_carea' id='block_1_9' title="bbox 1880 802 3482 877">
    <p class='ocr_par' dir='ltr' id='par_1_9' title="bbox 1992 802 3482 875">
     <span class='ocr_line' id='line_1_9' title="bbox 1992 802 3482 875; baseline -0.003 -16"><span class='ocrx_word' id='word_1_55' title='bbox 1992 808 2043 860; x_wconf 76' lang='grc'><strong>4.</strong></span> <span class='ocrx_word' id='word_1_56' title='bbox 2073 806 2208 861; x_wconf 90' lang='lat' dir='ltr'><strong>Dum</strong></span> <span class='ocrx_word' id='word_1_57' title='bbox 2244 823 2353 861; x_wconf 91' lang='lat' dir='ltr'><strong>non</strong></span> <span class='ocrx_word' id='word_1_58' title='bbox 2383 817 2488 869; x_wconf 93' lang='lat' dir='ltr'><strong>est,</strong></span> <span class='ocrx_word' id='word_1_59' title='bbox 2520 807 2612 875; x_wconf 86' lang='lat' dir='ltr'><strong>qui</strong></span> <span class='ocrx_word' id='word_1_60' title='bbox 2648 807 2900 867; x_wconf 86' lang='lat' dir='ltr'><strong>redimat,</strong></span> <span class='ocrx_word' id='word_1_61' title='bbox 2947 818 3123 872; x_wconf 85' lang='lat' dir='ltr'><strong>neque</strong></span> <span class='ocrx_word' id='word_1_62' title='bbox 3153 804 3246 872; x_wconf 85' lang='lat' dir='ltr'><strong>qui</strong></span> <span class='ocrx_word' id='word_1_63' title='bbox 3279 802 3482 858; x_wconf 82' lang='lat' dir='ltr'><strong>salvum</strong></span> 
     </span>
    </p>
   </div>
   <div class='ocr_carea' id='block_1_10' title="bbox 1923 899 2106 954">
    <p class='ocr_par' dir='ltr' id='par_1_10' title="bbox 1923 899 2106 954">
     <span class='ocr_line' id='line_1_10' title="bbox 1923 899 2106 954; baseline -0.005 -1"><span class='ocrx_word' id='word_1_64' title='bbox 1923 899 2106 954; x_wconf 84' lang='lat' dir='ltr'><strong>faciat.</strong></span> 
     </span>
    </p>
   </div>
   <div class='ocr_carea' id='block_1_11' title="bbox 321 983 1923 1057">
    <p class='ocr_par' dir='ltr' id='par_1_11' title="bbox 321 983 1508 1057">
     <span class='ocr_line' id='line_1_11' title="bbox 321 983 1508 1057; baseline 0 -20"><span class='ocrx_word' id='word_1_65' title='bbox 321 983 375 1038; x_wconf 81' lang='lat'><strong>5.</strong></span> <span class='ocrx_word' id='word_1_66' title='bbox 413 983 581 1054; x_wconf 82' lang='grc' dir='ltr'>Κύριε</span> <span class='ocrx_word' id='word_1_67' title='bbox 615 985 644 1037; x_wconf 84' lang='grc' dir='ltr'>ὁ</span> <span class='ocrx_word' id='word_1_68' title='bbox 681 983 814 1047; x_wconf 84' lang='grc' dir='ltr'>Θεός</span> <span class='ocrx_word' id='word_1_69' title='bbox 851 1001 970 1055; x_wconf 79' lang='grc' dir='ltr'>μου,</span> <span class='ocrx_word' id='word_1_70' title='bbox 1004 987 1051 1037; x_wconf 72' lang='grc' dir='ltr'>εἰ</span> <span class='ocrx_word' id='word_1_71' title='bbox 1074 985 1304 1057; x_wconf 75' lang='grc' dir='ltr'>ἐποίησα</span> <span class='ocrx_word' id='word_1_72' title='bbox 1333 984 1508 1050; x_wconf 83' lang='grc' dir='ltr'>τοῦτο,</span> 
     </span>
    </p>
   </div>
   <div class='ocr_carea' id='block_1_12' title="bbox 1497 983 3099 1057">
    <p class='ocr_par' dir='ltr' id='par_1_12' title="bbox 1497 989 3099 1054">
     <span class='ocr_line' id='line_1_12' title="bbox 1497 989 3099 1054; baseline -0.004 -4"><span class='ocrx_word' id='word_1_73' title='bbox 1497 1027 1508 1050; x_wconf 73' lang='grc' dir='ltr'><strong>ι</strong></span> <span class='ocrx_word' id='word_1_74' title='bbox 1997 992 2048 1044; x_wconf 85' lang='grc'><strong>5.</strong></span> <span class='ocrx_word' id='word_1_75' title='bbox 2082 990 2307 1044; x_wconf 85' lang='lat' dir='ltr'><strong>Domine</strong></span> <span class='ocrx_word' id='word_1_76' title='bbox 2345 989 2483 1043; x_wconf 89' lang='lat' dir='ltr'><strong>Deus</strong></span> <span class='ocrx_word' id='word_1_77' title='bbox 2516 1005 2690 1054; x_wconf 86' lang='lat' dir='ltr'><strong>meus,</strong></span> <span class='ocrx_word' id='word_1_78' title='bbox 2721 989 2766 1043; x_wconf 92' lang='lat' dir='ltr'><strong>si</strong></span> <span class='ocrx_word' id='word_1_79' title='bbox 2796 989 2894 1043; x_wconf 79' lang='lat' dir='ltr'><strong>feci</strong></span> <span class='ocrx_word' id='word_1_80' title='bbox 2935 990 3099 1053; x_wconf 88' lang='lat' dir='ltr'><strong>istud,</strong></span> 
     </span>
    </p>
   </div>
   <div class='ocr_carea' id='block_1_13' title="bbox 323 1071 1925 1150">
    <p class='ocr_par' dir='ltr' id='par_1_13' title="bbox 323 1071 1270 1145">
     <span class='ocr_line' id='line_1_13' title="bbox 323 1071 1270 1145; baseline 0 -18"><span class='ocrx_word' id='word_1_81' title='bbox 323 1071 377 1127; x_wconf 84' lang='grc'><strong>6.</strong></span> <span class='ocrx_word' id='word_1_82' title='bbox 414 1074 478 1126; x_wconf 88' lang='grc' dir='ltr'><strong>Εἰ</strong></span> <span class='ocrx_word' id='word_1_83' title='bbox 503 1072 650 1128; x_wconf 78' lang='grc' dir='ltr'>ἐστιν</span> <span class='ocrx_word' id='word_1_84' title='bbox 679 1074 863 1127; x_wconf 72' lang='grc' dir='ltr'>ἀδικία</span> <span class='ocrx_word' id='word_1_85' title='bbox 885 1077 941 1126; x_wconf 86' lang='grc' dir='ltr'><strong>ἐν</strong></span> <span class='ocrx_word' id='word_1_86' title='bbox 966 1075 1119 1144; x_wconf 79' lang='grc' dir='ltr'>χερσί</span> <span class='ocrx_word' id='word_1_87' title='bbox 1147 1093 1270 1145; x_wconf 83' lang='grc' dir='ltr'>μου,</span> 
     </span>
    </p>
   </div>
   <div class='ocr_carea' id='block_1_14' title="bbox 1487 1071 3089 1150">
    <p class='ocr_par' dir='ltr' id='par_1_14' title="bbox 1997 1081 3089 1150">
     <span class='ocr_line' id='line_1_14' title="bbox 1997 1081 3089 1150; baseline -0.002 -15"><span class='ocrx_word' id='word_1_88' title='bbox 1997 1081 2050 1136; x_wconf 85' lang='lat'><strong>6.</strong></span> <span class='ocrx_word' id='word_1_89' title='bbox 2086 1081 2142 1135; x_wconf 88' lang='lat' dir='ltr'><strong>Si</strong></span> <span class='ocrx_word' id='word_1_90' title='bbox 2176 1091 2261 1136; x_wconf 87' lang='lat' dir='ltr'><strong>est</strong></span> <span class='ocrx_word' id='word_1_91' title='bbox 2289 1081 2548 1150; x_wconf 76' lang='lat' dir='ltr'><strong>iniquitas</strong></span> <span class='ocrx_word' id='word_1_92' title='bbox 2578 1081 2630 1134; x_wconf 92' lang='lat' dir='ltr'><strong>in</strong></span> <span class='ocrx_word' id='word_1_93' title='bbox 2661 1081 2911 1135; x_wconf 88' lang='lat' dir='ltr'><strong>manibus</strong></span> <span class='ocrx_word' id='word_1_94' title='bbox 2938 1082 3089 1145; x_wconf 87' lang='lat' dir='ltr'><strong>meis,</strong></span> 
     </span>
    </p>
   </div>
   <div class='ocr_carea' id='block_1_15' title="bbox 322 1165 1924 1238">
    <p class='ocr_par' dir='ltr' id='par_1_15' title="bbox 322 1165 1741 1238">
     <span class='ocr_line' id='line_1_15' title="bbox 322 1165 1741 1238; baseline 0.003 -21"><span class='ocrx_word' id='word_1_95' title='bbox 322 1165 376 1218; x_wconf 88' lang='lat'><strong>7.</strong></span> <span class='ocrx_word' id='word_1_96' title='bbox 409 1166 468 1217; x_wconf 78' lang='lat' dir='ltr'><strong>Ei</strong></span> <span class='ocrx_word' id='word_1_97' title='bbox 493 1165 849 1219; x_wconf 81' lang='grc' dir='ltr'>ἀνταπέδωκα</span> <span class='ocrx_word' id='word_1_98' title='bbox 873 1170 982 1229; x_wconf 86' lang='grc' dir='ltr'>τοῖς</span> <span class='ocrx_word' id='word_1_99' title='bbox 1009 1167 1418 1221; x_wconf 76' lang='grc' dir='ltr'>ἀνταποδιδοῦσί</span> <span class='ocrx_word' id='word_1_100' title='bbox 1455 1185 1543 1238; x_wconf 85' lang='grc' dir='ltr'><strong>μοι</strong></span> <span class='ocrx_word' id='word_1_101' title='bbox 1569 1169 1741 1221; x_wconf 77' lang='grc' dir='ltr'>κακά·</span> 
     </span>
    </p>
   </div>
   <div class='ocr_carea' id='block_1_16' title="bbox 1589 1165 3191 1238">
    <p class='ocr_par' dir='ltr' id='par_1_16' title="bbox 1589 1169 3191 1228">
     <span class='ocr_line' id='line_1_16' title="bbox 1589 1169 3191 1228; baseline 0.004 -8"><span class='ocrx_word' id='word_1_102' title='bbox 1589 1169 1741 1221; x_wconf 79' lang='grc' dir='ltr'>ιακά·</span> <span class='ocrx_word' id='word_1_103' title='bbox 1999 1174 2046 1225; x_wconf 90' lang='grc'><strong>7.</strong></span> <span class='ocrx_word' id='word_1_104' title='bbox 2081 1173 2136 1226; x_wconf 90' lang='lat' dir='ltr'><strong>Si</strong></span> <span class='ocrx_word' id='word_1_105' title='bbox 2171 1173 2378 1228; x_wconf 78' lang='lat' dir='ltr'><strong>reddidi</strong></span> <span class='ocrx_word' id='word_1_106' title='bbox 2404 1173 2832 1227; x_wconf 85' lang='lat' dir='ltr'><strong>retribnentibus</strong></span> <span class='ocrx_word' id='word_1_107' title='bbox 2861 1173 2990 1225; x_wconf 84' lang='lat' dir='ltr'><strong>milii</strong></span> <span class='ocrx_word' id='word_1_108' title='bbox 3017 1174 3155 1226; x_wconf 91' lang='lat' dir='ltr'><strong>mala</strong></span> <span class='ocrx_word' id='word_1_109' title='bbox 3181 1192 3191 1226; x_wconf 93' lang='lat'>:</span> 
     </span>
    </p>
   </div>
   <div class='ocr_carea' id='block_1_17' title="bbox 326 1256 1928 1330">
    <p class='ocr_par' dir='ltr' id='par_1_17' title="bbox 326 1256 1791 1330">
     <span class='ocr_line' id='line_1_17' title="bbox 326 1256 1791 1330; baseline 0.001 -20"><span class='ocrx_word' id='word_1_110' title='bbox 326 1256 380 1310; x_wconf 89' lang='lat'><strong>8.</strong></span> <span class='ocrx_word' id='word_1_111' title='bbox 427 1256 782 1326; x_wconf 82' lang='grc' dir='ltr'>Ἀποπέσοιμι</span> <span class='ocrx_word' id='word_1_112' title='bbox 819 1258 926 1326; x_wconf 85' lang='grc' dir='ltr'>ἄρα</span> <span class='ocrx_word' id='word_1_113' title='bbox 975 1259 1081 1310; x_wconf 83' lang='grc' dir='ltr'><strong>ἀπὸ</strong></span> <span class='ocrx_word' id='word_1_114' title='bbox 1118 1259 1223 1311; x_wconf 80' lang='grc' dir='ltr'><strong>τῶν</strong></span> <span class='ocrx_word' id='word_1_115' title='bbox 1246 1259 1453 1330; x_wconf 77' lang='grc' dir='ltr'>ἐχθρῶν</span> <span class='ocrx_word' id='word_1_116' title='bbox 1481 1277 1580 1329; x_wconf 83' lang='grc' dir='ltr'><strong>μου</strong></span> <span class='ocrx_word' id='word_1_117' title='bbox 1621 1261 1791 1321; x_wconf 82' lang='grc' dir='ltr'>κενός.</span> 
     </span>
    </p>
   </div>
   <div class='ocr_carea' id='block_1_18' title="bbox 1711 1256 3313 1330">
    <p class='ocr_par' dir='ltr' id='par_1_18' title="bbox 1711 1261 3313 1321">
     <span class='ocr_line' id='line_1_18' title="bbox 1711 1261 3313 1321; baseline -0.004 0"><span class='ocrx_word' id='word_1_118' title='bbox 1711 1261 1791 1321; x_wconf 75' lang='grc' dir='ltr'><strong>’όςο</strong></span> <span class='ocrx_word' id='word_1_119' title='bbox 1993 1265 2044 1318; x_wconf 88' lang='grc'><strong>8.</strong></span> <span class='ocrx_word' id='word_1_120' title='bbox 2085 1264 2338 1318; x_wconf 89' lang='lat' dir='ltr'><strong>Decidam</strong></span> <span class='ocrx_word' id='word_1_121' title='bbox 2365 1263 2558 1317; x_wconf 90' lang='lat' dir='ltr'><strong>merito</strong></span> <span class='ocrx_word' id='word_1_122' title='bbox 2599 1264 2666 1317; x_wconf 90' lang='lat' dir='ltr'><strong>ab</strong></span> <span class='ocrx_word' id='word_1_123' title='bbox 2697 1263 2928 1316; x_wconf 89' lang='lat' dir='ltr'><strong>inimicis</strong></span> <span class='ocrx_word' id='word_1_124' title='bbox 2951 1263 3086 1316; x_wconf 83' lang='lat' dir='ltr'><strong>meis</strong></span> <span class='ocrx_word' id='word_1_125' title='bbox 3118 1263 3313 1316; x_wconf 91' lang='lat' dir='ltr'><strong>inanis.</strong></span> 
     </span>
    </p>
   </div>
   <div class='ocr_carea' id='block_1_19' title="bbox 325 1347 1927 1426">
    <p class='ocr_par' dir='ltr' id='par_1_19' title="bbox 325 1347 1820 1421">
     <span class='ocr_line' id='line_1_19' title="bbox 325 1347 1820 1421; baseline 0.001 -19"><span class='ocrx_word' id='word_1_126' title='bbox 325 1349 378 1402; x_wconf 89' lang='lat'><strong>9.</strong></span> <span class='ocrx_word' id='word_1_127' title='bbox 412 1347 754 1414; x_wconf 82' lang='grc' dir='ltr'>Καταδιώξαι</span> <span class='ocrx_word' id='word_1_128' title='bbox 793 1349 900 1419; x_wconf 83' lang='grc' dir='ltr'><strong>ἀρα</strong></span> <span class='ocrx_word' id='word_1_129' title='bbox 934 1351 962 1402; x_wconf 87' lang='grc' dir='ltr'><strong>ό</strong></span> <span class='ocrx_word' id='word_1_130' title='bbox 1009 1350 1200 1421; x_wconf 72' lang='grc' dir='ltr'>ἐχθρὸς</span> <span class='ocrx_word' id='word_1_131' title='bbox 1227 1352 1324 1421; x_wconf 75' lang='grc' dir='ltr'><strong>τὴν</strong></span> <span class='ocrx_word' id='word_1_132' title='bbox 1359 1351 1538 1421; x_wconf 67' lang='grc' dir='ltr'>ψυχήν</span> <span class='ocrx_word' id='word_1_133' title='bbox 1569 1369 1691 1421; x_wconf 81' lang='grc' dir='ltr'>μου,</span> <span class='ocrx_word' id='word_1_134' title='bbox 1733 1351 1820 1404; x_wconf 68' lang='grc' dir='ltr'>καὶ</span> 
     </span>
    </p>
   </div>
   <div class='ocr_carea' id='block_1_20' title="bbox 1891 1347 3493 1426">
    <p class='ocr_par' dir='ltr' id='par_1_20' title="bbox 1995 1354 3493 1426">
     <span class='ocr_line' id='line_1_20' title="bbox 1995 1354 3493 1426; baseline -0.001 -16"><span class='ocrx_word' id='word_1_135' title='bbox 1995 1356 2047 1410; x_wconf 87' lang='grc'><strong>9.</strong></span> <span class='ocrx_word' id='word_1_136' title='bbox 2078 1354 2444 1424; x_wconf 80' lang='lat' dir='ltr'><strong>Persequatur</strong></span> <span class='ocrx_word' id='word_1_137' title='bbox 2467 1357 2654 1426; x_wconf 78' lang='lat' dir='ltr'><strong>utique</strong></span> <span class='ocrx_word' id='word_1_138' title='bbox 2681 1356 2934 1410; x_wconf 89' lang='lat' dir='ltr'><strong>inimicus</strong></span> <span class='ocrx_word' id='word_1_139' title='bbox 2959 1356 3192 1408; x_wconf 88' lang='lat' dir='ltr'><strong>animam</strong></span> <span class='ocrx_word' id='word_1_140' title='bbox 3219 1369 3416 1418; x_wconf 86' lang='lat' dir='ltr'><strong>meam,</strong></span> <span class='ocrx_word' id='word_1_141' title='bbox 3439 1362 3493 1408; x_wconf 91' lang='lat' dir='ltr'><strong>et</strong></span> 
     </span>
    </p>
   </div>
   <div class='ocr_carea' id='block_1_21' title="bbox 245 1440 1847 1516">
    <p class='ocr_par' dir='ltr' id='par_1_21' title="bbox 245 1440 575 1504">
     <span class='ocr_line' id='line_1_21' title="bbox 245 1440 575 1504; baseline -0.003 -10"><span class='ocrx_word' id='word_1_142' title='bbox 245 1440 575 1504; x_wconf 75' lang='grc' dir='ltr'>καταλάϐοι,</span> 
     </span>
    </p>
   </div>
   <div class='ocr_carea' id='block_1_22' title="bbox 766 1440 2368 1516">
    <p class='ocr_par' dir='ltr' id='par_1_22' title="bbox 1925 1448 2368 1516">
     <span class='ocr_line' id='line_1_22' title="bbox 1925 1448 2368 1516; baseline 0 -14"><span class='ocrx_word' id='word_1_143' title='bbox 1925 1448 2368 1516; x_wconf 83' lang='lat' dir='ltr'><strong>comprehendat,</strong></span> 
     </span>
    </p>
   </div>
   <div class='ocr_carea' id='block_1_23' title="bbox 329 1533 1931 1608">
    <p class='ocr_par' dir='ltr' id='par_1_23' title="bbox 329 1533 1664 1608">
     <span class='ocr_line' id='line_1_23' title="bbox 329 1533 1664 1608; baseline 0.002 -23"><span class='ocrx_word' id='word_1_144' title='bbox 329 1533 415 1586; x_wconf 88' lang='lat'><strong>10.</strong></span> <span class='ocrx_word' id='word_1_145' title='bbox 450 1534 557 1585; x_wconf 77' lang='grc' dir='ltr'>Καὶ</span> <span class='ocrx_word' id='word_1_146' title='bbox 593 1536 974 1605; x_wconf 72' lang='grc' dir='ltr'>καταπατῆσαι</span> <span class='ocrx_word' id='word_1_147' title='bbox 1002 1537 1081 1598; x_wconf 73' lang='grc' dir='ltr'>εἰς</span> <span class='ocrx_word' id='word_1_148' title='bbox 1112 1536 1215 1607; x_wconf 78' lang='grc' dir='ltr'><strong>γῆν</strong></span> <span class='ocrx_word' id='word_1_149' title='bbox 1246 1535 1343 1608; x_wconf 79' lang='grc' dir='ltr'><strong>τὴν</strong></span> <span class='ocrx_word' id='word_1_150' title='bbox 1375 1535 1518 1607; x_wconf 82' lang='grc' dir='ltr'>ζωήν</span> <span class='ocrx_word' id='word_1_151' title='bbox 1545 1554 1664 1606; x_wconf 84' lang='grc' dir='ltr'>μου,</span> 
     </span>
    </p>
   </div>
   <div class='ocr_carea' id='block_1_24' title="bbox 1588 1533 3190 1608">
    <p class='ocr_par' dir='ltr' id='par_1_24' title="bbox 1588 1539 3190 1604">
     <span class='ocr_line' id='line_1_24' title="bbox 1588 1539 3190 1604; baseline 0.002 -16"><span class='ocrx_word' id='word_1_152' title='bbox 1588 1554 1664 1598; x_wconf 87' lang='grc' dir='ltr'><strong>ου,</strong></span> <span class='ocrx_word' id='word_1_153' title='bbox 1999 1539 2084 1593; x_wconf 90' lang='grc'><strong>10.</strong></span> <span class='ocrx_word' id='word_1_154' title='bbox 2119 1539 2184 1593; x_wconf 82' lang='grc' dir='ltr'>Ει</span> <span class='ocrx_word' id='word_1_155' title='bbox 2213 1543 2498 1596; x_wconf 85' lang='lat' dir='ltr'><strong>conculcet</strong></span> <span class='ocrx_word' id='word_1_156' title='bbox 2529 1542 2583 1595; x_wconf 89' lang='lat' dir='ltr'><strong>in</strong></span> <span class='ocrx_word' id='word_1_157' title='bbox 2617 1550 2757 1594; x_wconf 87' lang='lat' dir='ltr'><strong>terra</strong></span> <span class='ocrx_word' id='word_1_158' title='bbox 2786 1539 2951 1592; x_wconf 76' lang='lat' dir='ltr'><strong>vitam</strong></span> <span class='ocrx_word' id='word_1_159' title='bbox 2980 1554 3190 1604; x_wconf 82' lang='lat' dir='ltr'><strong>meam;</strong></span> 
     </span>
    </p>
   </div>
   <div class='ocr_carea' id='block_1_25' title="bbox 327 1625 1929 1702">
    <p class='ocr_par' dir='ltr' id='par_1_25' title="bbox 327 1625 1733 1700">
     <span class='ocr_line' id='line_1_25' title="bbox 327 1625 1733 1700; baseline 0.004 -22"><span class='ocrx_word' id='word_1_160' title='bbox 327 1627 417 1678; x_wconf 82' lang='grc'><strong>11.</strong></span> <span class='ocrx_word' id='word_1_161' title='bbox 454 1627 562 1678; x_wconf 75' lang='grc' dir='ltr'>Καὶ</span> <span class='ocrx_word' id='word_1_162' title='bbox 590 1625 686 1697; x_wconf 81' lang='grc' dir='ltr'>τὴν</span> <span class='ocrx_word' id='word_1_163' title='bbox 717 1626 874 1692; x_wconf 79' lang='grc' dir='ltr'>δόξαν</span> <span class='ocrx_word' id='word_1_164' title='bbox 910 1646 1008 1696; x_wconf 83' lang='grc' dir='ltr'>μου</span> <span class='ocrx_word' id='word_1_165' title='bbox 1042 1629 1119 1692; x_wconf 69' lang='lat' dir='ltr'><strong>ei;</strong></span> <span class='ocrx_word' id='word_1_166' title='bbox 1143 1628 1271 1698; x_wconf 83' lang='grc' dir='ltr'>χοῦν</span> <span class='ocrx_word' id='word_1_167' title='bbox 1293 1631 1733 1700; x_wconf 73' lang='grc' dir='ltr'>κατασκηνώσαι.</span> 
     </span>
    </p>
   </div>
   <div class='ocr_carea' id='block_1_26' title="bbox 1749 1625 3351 1702">
    <p class='ocr_par' dir='ltr' id='par_1_26' title="bbox 1998 1628 3351 1702">
     <span class='ocr_line' id='line_1_26' title="bbox 1998 1628 3351 1702; baseline -0.004 -17"><span class='ocrx_word' id='word_1_168' title='bbox 1998 1633 2086 1686; x_wconf 88' lang='grc'><strong>11.</strong></span> <span class='ocrx_word' id='word_1_169' title='bbox 2116 1631 2181 1686; x_wconf 85' lang='lat' dir='ltr'><strong>Et</strong></span> <span class='ocrx_word' id='word_1_170' title='bbox 2208 1632 2433 1702; x_wconf 81' lang='lat' dir='ltr'><strong>gloriam</strong></span> <span class='ocrx_word' id='word_1_171' title='bbox 2466 1648 2641 1686; x_wconf 88' lang='lat' dir='ltr'><strong>meam</strong></span> <span class='ocrx_word' id='word_1_172' title='bbox 2677 1631 2730 1684; x_wconf 93' lang='lat' dir='ltr'><strong>in</strong></span> <span class='ocrx_word' id='word_1_173' title='bbox 2783 1631 3059 1699; x_wconf 84' lang='lat' dir='ltr'><strong>pulverem</strong></span> <span class='ocrx_word' id='word_1_174' title='bbox 3100 1628 3351 1683; x_wconf 86' lang='lat' dir='ltr'><strong>deducat.</strong></span> 
     </span>
    </p>
   </div>
   <div class='ocr_carea' id='block_1_27' title="bbox 329 1716 1931 1792">
    <p class='ocr_par' dir='ltr' id='par_1_27' title="bbox 329 1716 1408 1790">
     <span class='ocr_line' id='line_1_27' title="bbox 329 1716 1408 1790; baseline 0.003 -21"><span class='ocrx_word' id='word_1_175' title='bbox 329 1716 416 1771; x_wconf 72' lang='grc'><strong>12.</strong></span> <span class='ocrx_word' id='word_1_176' title='bbox 466 1716 773 1788; x_wconf 71' lang='grc' dir='ltr'>Ἀνάστηθι,</span> <span class='ocrx_word' id='word_1_177' title='bbox 810 1718 1002 1788; x_wconf 81' lang='grc' dir='ltr'>Κύριε,</span> <span class='ocrx_word' id='word_1_178' title='bbox 1035 1720 1091 1773; x_wconf 93' lang='grc' dir='ltr'><strong>ἐν</strong></span> <span class='ocrx_word' id='word_1_179' title='bbox 1118 1721 1252 1790; x_wconf 78' lang='grc' dir='ltr'><strong>ὀργῇ</strong></span> <span class='ocrx_word' id='word_1_180' title='bbox 1281 1737 1372 1772; x_wconf 90' lang='grc' dir='ltr'><strong>σου</strong></span> <span class='ocrx_word' id='word_1_181' title='bbox 1395 1762 1408 1784; x_wconf 90' lang='grc'><strong>,</strong></span> 
     </span>
    </p>
   </div>
   <div class='ocr_carea' id='block_1_28' title="bbox 1411 1716 3013 1792">
    <p class='ocr_par' dir='ltr' id='par_1_28' title="bbox 2000 1723 3013 1792">
     <span class='ocr_line' id='line_1_28' title="bbox 2000 1723 3013 1792; baseline -0.004 -14"><span class='ocrx_word' id='word_1_182' title='bbox 2000 1725 2087 1778; x_wconf 72' lang='grc'><strong>12.</strong></span> <span class='ocrx_word' id='word_1_183' title='bbox 2124 1723 2386 1792; x_wconf 79' lang='lat' dir='ltr'><strong>Exsurge,</strong></span> <span class='ocrx_word' id='word_1_184' title='bbox 2423 1723 2667 1787; x_wconf 86' lang='lat' dir='ltr'><strong>Domine,</strong></span> <span class='ocrx_word' id='word_1_185' title='bbox 2701 1724 2752 1775; x_wconf 92' lang='lat' dir='ltr'><strong>in</strong></span> <span class='ocrx_word' id='word_1_186' title='bbox 2785 1723 2865 1775; x_wconf 92' lang='lat' dir='ltr'><strong>ira</strong></span> <span class='ocrx_word' id='word_1_187' title='bbox 2901 1731 3013 1783; x_wconf 89' lang='lat' dir='ltr'><strong>tua,</strong></span> 
     </span>
    </p>
   </div>
   <div class='ocr_carea' id='block_1_29' title="bbox 325 1808 1927 1882">
    <p class='ocr_par' dir='ltr' id='par_1_29' title="bbox 325 1808 1718 1882">
     <span class='ocr_line' id='line_1_29' title="bbox 325 1808 1718 1882; baseline 0.001 -20"><span class='ocrx_word' id='word_1_188' title='bbox 325 1809 411 1862; x_wconf 79' lang='grc'><strong>15.</strong></span> <span class='ocrx_word' id='word_1_189' title='bbox 461 1808 734 1880; x_wconf 64' lang='grc' dir='ltr'>’Υψὼθητι</span> <span class='ocrx_word' id='word_1_190' title='bbox 773 1813 828 1862; x_wconf 86' lang='grc' dir='ltr'><strong>ἐν</strong></span> <span class='ocrx_word' id='word_1_191' title='bbox 858 1813 968 1873; x_wconf 79' lang='grc' dir='ltr'>τοῖς</span> <span class='ocrx_word' id='word_1_192' title='bbox 993 1810 1190 1882; x_wconf 79' lang='grc' dir='ltr'>πέρασι</span> <span class='ocrx_word' id='word_1_193' title='bbox 1224 1812 1332 1864; x_wconf 77' lang='grc' dir='ltr'><strong>τῶν</strong></span> <span class='ocrx_word' id='word_1_194' title='bbox 1365 1810 1572 1882; x_wconf 77' lang='grc' dir='ltr'>ἐχθρῶν</span> <span class='ocrx_word' id='word_1_195' title='bbox 1608 1829 1718 1864; x_wconf 85' lang='grc' dir='ltr'>σου.</span> 
     </span>
    </p>
   </div>
   <div class='ocr_carea' id='block_1_30' title="bbox 1804 1808 3406 1882">
    <p class='ocr_par' dir='ltr' id='par_1_30' title="bbox 2001 1812 3406 1869">
     <span class='ocr_line' id='line_1_30' title="bbox 2001 1812 3406 1869; baseline -0.004 -1"><span class='ocrx_word' id='word_1_196' title='bbox 2001 1816 2087 1869; x_wconf 78' lang='lat'><strong>13.</strong></span> <span class='ocrx_word' id='word_1_197' title='bbox 2127 1814 2192 1867; x_wconf 85' lang='lat' dir='ltr'><strong>Et</strong></span> <span class='ocrx_word' id='word_1_198' title='bbox 2221 1816 2458 1869; x_wconf 85' lang='lat' dir='ltr'><strong>exaltare</strong></span> <span class='ocrx_word' id='word_1_199' title='bbox 2487 1815 2540 1867; x_wconf 91' lang='lat' dir='ltr'><strong>in</strong></span> <span class='ocrx_word' id='word_1_200' title='bbox 2575 1815 2771 1867; x_wconf 88' lang='lat' dir='ltr'><strong>tinibus</strong></span> <span class='ocrx_word' id='word_1_201' title='bbox 2798 1812 3142 1866; x_wconf 89' lang='lat' dir='ltr'><strong>inimicorum</strong></span> <span class='ocrx_word' id='word_1_202' title='bbox 3169 1820 3406 1864; x_wconf 89' lang='lat' dir='ltr'><strong>tuorum.</strong></span> 
     </span>
    </p>
   </div>
   <div class='ocr_carea' id='block_1_31' title="bbox 321 1900 1923 1984">
    <p class='ocr_par' dir='ltr' id='par_1_31' title="bbox 321 1900 1902 1984">
     <span class='ocr_line' id='line_1_31' title="bbox 321 1900 1902 1984; baseline 0.003 -30"><span class='ocrx_word' id='word_1_203' title='bbox 321 1900 411 1954; x_wconf 76' lang='grc'><strong>14.</strong></span> <span class='ocrx_word' id='word_1_204' title='bbox 445 1903 553 1954; x_wconf 69' lang='grc' dir='ltr'>Καὶ</span> <span class='ocrx_word' id='word_1_205' title='bbox 584 1901 920 1973; x_wconf 78' lang='grc' dir='ltr'>ἐξεγὲροητι,</span> <span class='ocrx_word' id='word_1_206' title='bbox 941 1903 1114 1973; x_wconf 74' lang='grc' dir='ltr'>Κύριε</span> <span class='ocrx_word' id='word_1_207' title='bbox 1134 1905 1161 1955; x_wconf 85' lang='grc' dir='ltr'>ὁ</span> <span class='ocrx_word' id='word_1_208' title='bbox 1193 1904 1324 1967; x_wconf 82' lang='grc' dir='ltr'>Θεός</span> <span class='ocrx_word' id='word_1_209' title='bbox 1365 1922 1487 1975; x_wconf 79' lang='grc' dir='ltr'>μου,</span> <span class='ocrx_word' id='word_1_210' title='bbox 1513 1906 1569 1958; x_wconf 83' lang='grc' dir='ltr'><strong>ἐν</strong></span> <span class='ocrx_word' id='word_1_211' title='bbox 1597 1903 1828 1974; x_wconf 76' lang='grc' dir='ltr'>προστά-</span> <span class='ocrx_word' id='word_1_212' title='bbox 1860 1930 1902 1984; x_wconf 77' lang='grc' dir='ltr'>Β</span> 
     </span>
    </p>
   </div>
   <div class='ocr_carea' id='block_1_32' title="bbox 1891 1900 3493 1984">
    <p class='ocr_par' dir='ltr' id='par_1_32' title="bbox 1891 1903 3493 1982">
     <span class='ocr_line' id='line_1_32' title="bbox 1891 1903 3493 1982; baseline -0.004 -21"><span class='ocrx_word' id='word_1_213' title='bbox 1891 1934 1902 1982; x_wconf 67' lang='grc' dir='ltr'><strong>ι</strong></span> <span class='ocrx_word' id='word_1_214' title='bbox 2001 1907 2086 1961; x_wconf 69' lang='grc'><strong>14.</strong></span> <span class='ocrx_word' id='word_1_215' title='bbox 2127 1905 2191 1959; x_wconf 86' lang='lat' dir='ltr'><strong>Et</strong></span> <span class='ocrx_word' id='word_1_216' title='bbox 2218 1921 2470 1976; x_wconf 79' lang='lat' dir='ltr'><strong>exsurge,</strong></span> <span class='ocrx_word' id='word_1_217' title='bbox 2503 1904 2726 1959; x_wconf 89' lang='lat' dir='ltr'><strong>Domine</strong></span> <span class='ocrx_word' id='word_1_218' title='bbox 2755 1905 2894 1958; x_wconf 89' lang='lat' dir='ltr'><strong>Deus</strong></span> <span class='ocrx_word' id='word_1_219' title='bbox 2926 1918 3097 1968; x_wconf 90' lang='lat' dir='ltr'><strong>meus,</strong></span> <span class='ocrx_word' id='word_1_220' title='bbox 3127 1903 3180 1955; x_wconf 90' lang='lat' dir='ltr'><strong>in</strong></span> <span class='ocrx_word' id='word_1_221' title='bbox 3209 1913 3493 1970; x_wconf 60' lang='lat' dir='ltr'><strong>praecepto,</strong></span> 
     </span>
    </p>
   </div>
   <div class='ocr_carea' id='block_1_33' title="bbox 298 1984 1900 2067">
    <p class='ocr_par' dir='ltr' id='par_1_33' title="bbox 298 1984 820 2061">
     <span class='ocr_line' id='line_1_33' title="bbox 298 1984 820 2061; baseline -0.01 -14"><span class='ocrx_word' id='word_1_222' title='bbox 298 2008 444 2061; x_wconf 83' lang='grc' dir='ltr'>ματι,</span> <span class='ocrx_word' id='word_1_223' title='bbox 474 1984 518 2058; x_wconf 80' lang='grc' dir='ltr'>ᾧ</span> <span class='ocrx_word' id='word_1_224' title='bbox 546 1992 820 2055; x_wconf 79' lang='grc' dir='ltr'>ἐνετεέλω,</span> 
     </span>
    </p>
   </div>
   <div class='ocr_carea' id='block_1_34' title="bbox 807 1984 2409 2067">
    <p class='ocr_par' dir='ltr' id='par_1_34' title="bbox 807 1998 2409 2067">
     <span class='ocr_line' id='line_1_34' title="bbox 807 1998 2409 2067; baseline -0.004 -12"><span class='ocrx_word' id='word_1_225' title='bbox 807 2032 820 2055; x_wconf 71' lang='grc'><strong>9</strong></span> <span class='ocrx_word' id='word_1_226' title='bbox 1936 1998 2082 2067; x_wconf 88' lang='lat' dir='ltr'><strong>quod</strong></span> <span class='ocrx_word' id='word_1_227' title='bbox 2118 1999 2409 2060; x_wconf 87' lang='lat' dir='ltr'><strong>mandasti,</strong></span> 
     </span>
    </p>
   </div>
   <div class='ocr_carea' id='block_1_35' title="bbox 329 2084 1931 2158">
    <p class='ocr_par' dir='ltr' id='par_1_35' title="bbox 329 2084 1472 2154">
     <span class='ocr_line' id='line_1_35' title="bbox 329 2084 1472 2154; baseline 0.001 -15"><span class='ocrx_word' id='word_1_228' title='bbox 329 2087 417 2140; x_wconf 80' lang='grc'><strong>15.</strong></span> <span class='ocrx_word' id='word_1_229' title='bbox 448 2085 560 2139; x_wconf 71' lang='grc' dir='ltr'>Καὶ</span> <span class='ocrx_word' id='word_1_230' title='bbox 585 2086 876 2154; x_wconf 77' lang='grc' dir='ltr'>συναγωγὴ</span> <span class='ocrx_word' id='word_1_231' title='bbox 915 2084 1057 2137; x_wconf 83' lang='grc' dir='ltr'>λαῶν</span> <span class='ocrx_word' id='word_1_232' title='bbox 1091 2085 1361 2139; x_wconf 83' lang='grc' dir='ltr'>κυκλώσει</span> <span class='ocrx_word' id='word_1_233' title='bbox 1396 2105 1472 2141; x_wconf 84' lang='grc' dir='ltr'>σε.</span> 
     </span>
    </p>
   </div>
   <div class='ocr_carea' id='block_1_36' title="bbox 1754 2084 3356 2158">
    <p class='ocr_par' dir='ltr' id='par_1_36' title="bbox 2005 2086 3356 2158">
     <span class='ocr_line' id='line_1_36' title="bbox 2005 2086 3356 2158; baseline -0.002 -17"><span class='ocrx_word' id='word_1_234' title='bbox 2005 2088 2091 2142; x_wconf 78' lang='grc'><strong>15.</strong></span> <span class='ocrx_word' id='word_1_235' title='bbox 2132 2089 2194 2142; x_wconf 82' lang='lat' dir='ltr'><strong>Et</strong></span> <span class='ocrx_word' id='word_1_236' title='bbox 2227 2102 2499 2158; x_wconf 82' lang='lat' dir='ltr'><strong>synagoga</strong></span> <span class='ocrx_word' id='word_1_237' title='bbox 2526 2086 2849 2157; x_wconf 87' lang='lat' dir='ltr'><strong>populorum</strong></span> <span class='ocrx_word' id='word_1_238' title='bbox 2884 2087 3240 2140; x_wconf 79' lang='lat' dir='ltr'><strong>circumdabit</strong></span> <span class='ocrx_word' id='word_1_239' title='bbox 3284 2095 3356 2140; x_wconf 87' lang='lat' dir='ltr'><strong>te.</strong></span> 
     </span>
    </p>
   </div>
   <div class='ocr_carea' id='block_1_37' title="bbox 331 2177 1933 2250">
    <p class='ocr_par' dir='ltr' id='par_1_37' title="bbox 331 2177 1598 2250">
     <span class='ocr_line' id='line_1_37' title="bbox 331 2177 1598 2250; baseline 0 -16"><span class='ocrx_word' id='word_1_240' title='bbox 331 2180 418 2233; x_wconf 78' lang='lat'><strong>16.</strong></span> <span class='ocrx_word' id='word_1_241' title='bbox 448 2180 559 2232; x_wconf 74' lang='grc' dir='ltr'>Καὶ</span> <span class='ocrx_word' id='word_1_242' title='bbox 587 2179 725 2249; x_wconf 76' lang='grc' dir='ltr'>ὑπὲρ</span> <span class='ocrx_word' id='word_1_243' title='bbox 760 2177 961 2247; x_wconf 73' lang='grc' dir='ltr'>ταύτης</span> <span class='ocrx_word' id='word_1_244' title='bbox 991 2180 1069 2241; x_wconf 70' lang='grc' dir='ltr'>εἰς</span> <span class='ocrx_word' id='word_1_245' title='bbox 1092 2177 1223 2246; x_wconf 61' lang='grc' dir='ltr'>ὕψος</span> <span class='ocrx_word' id='word_1_246' title='bbox 1253 2178 1598 2250; x_wconf 64' lang='grc' dir='ltr'>ἐπίστρεψον.</span> 
     </span>
    </p>
   </div>
   <div class='ocr_carea' id='block_1_38' title="bbox 1606 2177 3208 2250">
    <p class='ocr_par' dir='ltr' id='par_1_38' title="bbox 2008 2177 3208 2247">
     <span class='ocr_line' id='line_1_38' title="bbox 2008 2177 3208 2247; baseline 0 -17"><span class='ocrx_word' id='word_1_247' title='bbox 2008 2179 2093 2231; x_wconf 84' lang='grc'><strong>16.</strong></span> <span class='ocrx_word' id='word_1_248' title='bbox 2122 2179 2186 2232; x_wconf 86' lang='grc' dir='ltr'>Ει</span> <span class='ocrx_word' id='word_1_249' title='bbox 2211 2187 2430 2247; x_wconf 88' lang='lat' dir='ltr'><strong>propter</strong></span> <span class='ocrx_word' id='word_1_250' title='bbox 2457 2179 2597 2231; x_wconf 89' lang='lat' dir='ltr'><strong>hanc</strong></span> <span class='ocrx_word' id='word_1_251' title='bbox 2623 2177 2676 2230; x_wconf 92' lang='lat' dir='ltr'><strong>in</strong></span> <span class='ocrx_word' id='word_1_252' title='bbox 2707 2177 2876 2229; x_wconf 90' lang='lat' dir='ltr'><strong>altum</strong></span> <span class='ocrx_word' id='word_1_253' title='bbox 2909 2177 3208 2244; x_wconf 85' lang='lat' dir='ltr'><strong>regredere.</strong></span> 
     </span>
    </p>
   </div>
   <div class='ocr_carea' id='block_1_39' title="bbox 329 2269 1931 2342">
    <p class='ocr_par' dir='ltr' id='par_1_39' title="bbox 329 2270 1073 2342">
     <span class='ocr_line' id='line_1_39' title="bbox 329 2270 1073 2342; baseline -0.004 -17"><span class='ocrx_word' id='word_1_254' title='bbox 329 2271 417 2326; x_wconf 90' lang='grc'><strong>17.</strong></span> <span class='ocrx_word' id='word_1_255' title='bbox 456 2271 661 2342; x_wconf 78' lang='grc' dir='ltr'>Κύριος</span> <span class='ocrx_word' id='word_1_256' title='bbox 686 2273 862 2342; x_wconf 88' lang='grc' dir='ltr'>κρινεί</span> <span class='ocrx_word' id='word_1_257' title='bbox 893 2270 1073 2334; x_wconf 78' lang='grc' dir='ltr'>λαούς.</span> 
     </span>
    </p>
   </div>
   <div class='ocr_carea' id='block_1_40' title="bbox 1350 2269 2952 2342">
    <p class='ocr_par' dir='ltr' id='par_1_40' title="bbox 2009 2269 2952 2339">
     <span class='ocr_line' id='line_1_40' title="bbox 2009 2269 2952 2339; baseline -0.002 -17"><span class='ocrx_word' id='word_1_258' title='bbox 2009 2270 2092 2326; x_wconf 86' lang='grc'><strong>17.</strong></span> <span class='ocrx_word' id='word_1_259' title='bbox 2119 2269 2384 2325; x_wconf 86' lang='lat' dir='ltr'><strong>Dominus</strong></span> <span class='ocrx_word' id='word_1_260' title='bbox 2407 2269 2672 2339; x_wconf 87' lang='lat' dir='ltr'><strong>judieabit</strong></span> <span class='ocrx_word' id='word_1_261' title='bbox 2705 2269 2952 2337; x_wconf 88' lang='lat' dir='ltr'><strong>populos.</strong></span> 
     </span>
    </p>
   </div>
   <div class='ocr_carea' id='block_1_41' title="bbox 860 2421 2462 2492">
    <p class='ocr_par' dir='ltr' id='par_1_41' title="bbox 860 2426 1194 2492">
     <span class='ocr_line' id='line_1_41' title="bbox 860 2426 1194 2492; baseline 0 -15"><span class='ocrx_word' id='word_1_262' title='bbox 860 2426 1194 2492; x_wconf 73' lang='grc' dir='ltr'><strong>Διίὶψαλμα.</strong></span> 
     </span>
    </p>
   </div>
   <div class='ocr_carea' id='block_1_42' title="bbox 1285 2421 2887 2492">
    <p class='ocr_par' dir='ltr' id='par_1_42' title="bbox 2561 2421 2887 2490">
     <span class='ocr_line' id='line_1_42' title="bbox 2561 2421 2887 2490; baseline -0.003 -13"><span class='ocrx_word' id='word_1_263' title='bbox 2561 2421 2887 2490; x_wconf 83' lang='lat' dir='ltr'><strong>Diapsalma.</strong></span> 
     </span>
    </p>
   </div>
   <div class='ocr_carea' id='block_1_43' title="bbox 331 2551 1933 2630">
    <p class='ocr_par' dir='ltr' id='par_1_43' title="bbox 331 2554 1825 2630">
     <span class='ocr_line' id='line_1_43' title="bbox 331 2554 1825 2630; baseline 0.001 -21"><span class='ocrx_word' id='word_1_264' title='bbox 331 2555 416 2610; x_wconf 87' lang='grc'><strong>18.</strong></span> <span class='ocrx_word' id='word_1_265' title='bbox 455 2557 655 2628; x_wconf 83' lang='grc' dir='ltr'>Κρῖνόν</span> <span class='ocrx_word' id='word_1_266' title='bbox 679 2575 790 2630; x_wconf 81' lang='grc' dir='ltr'>μοι,</span> <span class='ocrx_word' id='word_1_267' title='bbox 823 2557 1016 2629; x_wconf 76' lang='grc' dir='ltr'>Κύριε,</span> <span class='ocrx_word' id='word_1_268' title='bbox 1046 2556 1186 2610; x_wconf 81' lang='grc' dir='ltr'><strong>κατά</strong></span> <span class='ocrx_word' id='word_1_269' title='bbox 1221 2554 1316 2610; x_wconf 62' lang='grc' dir='ltr'>τὴν</span> <span class='ocrx_word' id='word_1_270' title='bbox 1337 2554 1684 2626; x_wconf 78' lang='grc' dir='ltr'>δικαιοσύνην</span> <span class='ocrx_word' id='word_1_271' title='bbox 1708 2573 1825 2624; x_wconf 80' lang='grc' dir='ltr'>σου,</span> 
     </span>
    </p>
   </div>
   <div class='ocr_carea' id='block_1_44' title="bbox 1897 2551 3499 2630">
    <p class='ocr_par' dir='ltr' id='par_1_44' title="bbox 2003 2551 3499 2624">
     <span class='ocr_line' id='line_1_44' title="bbox 2003 2551 3499 2624; baseline -0.004 -12"><span class='ocrx_word' id='word_1_272' title='bbox 2003 2558 2091 2614; x_wconf 89' lang='grc'><strong>18.</strong></span> <span class='ocrx_word' id='word_1_273' title='bbox 2110 2555 2300 2613; x_wconf 76' lang='lat' dir='ltr'><strong>Judica</strong></span> <span class='ocrx_word' id='word_1_274' title='bbox 2320 2573 2426 2622; x_wconf 90' lang='lat' dir='ltr'><strong>me,</strong></span> <span class='ocrx_word' id='word_1_275' title='bbox 2451 2556 2700 2620; x_wconf 88' lang='lat' dir='ltr'><strong>Domine,</strong></span> <span class='ocrx_word' id='word_1_276' title='bbox 2721 2555 3018 2610; x_wconf 87' lang='lat' dir='ltr'><strong>secundum</strong></span> <span class='ocrx_word' id='word_1_277' title='bbox 3033 2551 3303 2624; x_wconf 82' lang='lat' dir='ltr'><strong>justitiam</strong></span> <span class='ocrx_word' id='word_1_278' title='bbox 3327 2560 3499 2618; x_wconf 76' lang='lat' dir='ltr'><strong>tuam,</strong></span> 
     </span>
    </p>
   </div>
   <div class='ocr_carea' id='block_1_45' title="bbox 328 2757 1018 2830">
    <p class='ocr_par' dir='ltr' id='par_1_45' title="bbox 328 2757 1018 2830">
     <span class='ocr_line' id='line_1_45' title="bbox 328 2757 1018 2830; baseline 0.003 -19"><span class='ocrx_word' id='word_1_279' title='bbox 328 2758 405 2830; x_wconf 84' lang='grc' dir='ltr'><strong>(α)</strong></span> <span class='ocrx_word' id='word_1_280' title='bbox 441 2757 504 2814; x_wconf 76' lang='grc' dir='ltr'><strong>γ.</strong></span> <span class='ocrx_word' id='word_1_281' title='bbox 534 2760 569 2814; x_wconf 74' lang='lat'>2</span> <span class='ocrx_word' id='word_1_282' title='bbox 616 2760 809 2830; x_wconf 89' lang='lat' dir='ltr'><strong>incipit</strong></span> <span class='ocrx_word' id='word_1_283' title='bbox 838 2762 906 2815; x_wconf 90' lang='lat' dir='ltr'><strong>ab</strong></span> <span class='ocrx_word' id='word_1_284' title='bbox 937 2763 1018 2814; x_wconf 78' lang='grc' dir='ltr'>ἐκ.</span> 
     </span>
    </p>
   </div>
   <div class='ocr_carea' id='block_1_46' title="bbox 1363 2937 2365 2996">
    <p class='ocr_par' dir='ltr' id='par_1_46' title="bbox 1363 2937 2365 2996">
     <span class='ocr_line' id='line_1_46' title="bbox 1363 2937 2365 2996; baseline -0.001 -1"><span class='ocrx_word' id='word_1_285' title='bbox 1363 2938 1741 2996; x_wconf 78' lang='lat' dir='ltr'><strong>ATHANASII</strong></span> <span class='ocrx_word' id='word_1_286' title='bbox 1781 2937 2365 2995; x_wconf 79' lang='lat' dir='ltr'><strong>INTERPRETATIO.</strong></span> 
     </span>
    </p>
   </div>
   <div class='ocr_carea' id='block_1_47' title="bbox 329 3116 1931 3191">
    <p class='ocr_par' dir='ltr' id='par_1_47' title="bbox 329 3119 1042 3191">
     <span class='ocr_line' id='line_1_47' title="bbox 329 3119 1042 3191; baseline -0.007 -14"><span class='ocrx_word' id='word_1_287' title='bbox 329 3123 382 3177; x_wconf 71' lang='lat'><strong>2.</strong></span> <span class='ocrx_word' id='word_1_288' title='bbox 417 3122 537 3175; x_wconf 84' lang='grc' dir='ltr'><strong>Τῶν</strong></span> <span class='ocrx_word' id='word_1_289' title='bbox 565 3122 852 3191; x_wconf 83' lang='grc' dir='ltr'><strong>δαιμόνων,</strong></span> <span class='ocrx_word' id='word_1_290' title='bbox 874 3119 1042 3188; x_wconf 84' lang='grc' dir='ltr'>λέγει.</span> 
     </span>
    </p>
   </div>
   <div class='ocr_carea' id='block_1_48' title="bbox 1092 3116 2694 3191">
    <p class='ocr_par' dir='ltr' id='par_1_48' title="bbox 2006 3116 2694 3182">
     <span class='ocr_line' id='line_1_48' title="bbox 2006 3116 2694 3182; baseline 0 -11"><span class='ocrx_word' id='word_1_291' title='bbox 2006 3119 2061 3172; x_wconf 76' lang='lat'><strong>2.</strong></span> <span class='ocrx_word' id='word_1_292' title='bbox 2088 3117 2167 3171; x_wconf 81' lang='lat' dir='ltr'><strong>Ex</strong></span> <span class='ocrx_word' id='word_1_293' title='bbox 2197 3116 2567 3182; x_wconf 72' lang='lat' dir='ltr'><strong>daemonibus,</strong></span> <span class='ocrx_word' id='word_1_294' title='bbox 2602 3117 2694 3172; x_wconf 86' lang='lat' dir='ltr'><strong>ait.</strong></span> 
     </span>
    </p>
   </div>
   <div class='ocr_carea' id='block_1_49' title="bbox 328 3208 1930 3285">
    <p class='ocr_par' dir='ltr' id='par_1_49' title="bbox 328 3213 1109 3285">
     <span class='ocr_line' id='line_1_49' title="bbox 328 3213 1109 3285; baseline -0.004 -14"><span class='ocrx_word' id='word_1_295' title='bbox 328 3218 382 3272; x_wconf 82' lang='grc'><strong>’5.</strong></span> <span class='ocrx_word' id='word_1_296' title='bbox 429 3217 484 3268; x_wconf 92' lang='grc' dir='ltr'><strong>Ὀ</strong></span> <span class='ocrx_word' id='word_1_297' title='bbox 511 3214 812 3285; x_wconf 76' lang='grc' dir='ltr'>αῐμοπότης</span> <span class='ocrx_word' id='word_1_298' title='bbox 849 3213 1109 3276; x_wconf 76' lang='grc' dir='ltr'>διάϐολος.</span> 
     </span>
    </p>
   </div>
   <div class='ocr_carea' id='block_1_50' title="bbox 1155 3208 2757 3285">
    <p class='ocr_par' dir='ltr' id='par_1_50' title="bbox 2004 3208 2757 3280">
     <span class='ocr_line' id='line_1_50' title="bbox 2004 3208 2757 3280; baseline 0.004 -18"><span class='ocrx_word' id='word_1_299' title='bbox 2004 3209 2056 3262; x_wconf 76' lang='grc'><strong>5.</strong></span> <span class='ocrx_word' id='word_1_300' title='bbox 2092 3208 2459 3280; x_wconf 88' lang='lat' dir='ltr'><strong>Sanguipotor</strong></span> <span class='ocrx_word' id='word_1_301' title='bbox 2485 3209 2757 3265; x_wconf 85' lang='lat' dir='ltr'><strong>diabolus.</strong></span> 
     </span>
    </p>
   </div>
   <div class='ocr_carea' id='block_1_51' title="bbox 327 3301 1929 3404">
    <p class='ocr_par' dir='ltr' id='par_1_51' title="bbox 327 3303 1904 3404">
     <span class='ocr_line' id='line_1_51' title="bbox 327 3303 1904 3404; baseline -0.001 -44"><span class='ocrx_word' id='word_1_302' title='bbox 327 3306 384 3360; x_wconf 69' lang='grc'><strong>4.</strong></span> <span class='ocrx_word' id='word_1_303' title='bbox 415 3306 520 3358; x_wconf 90' lang='grc' dir='ltr'><strong>Τοῦ</strong></span> <span class='ocrx_word' id='word_1_304' title='bbox 552 3305 946 3375; x_wconf 73' lang='grc' dir='ltr'>ἀνθισταμένου</span> <span class='ocrx_word' id='word_1_305' title='bbox 981 3304 1127 3374; x_wconf 79' lang='grc' dir='ltr'>αὑτῴ</span> <span class='ocrx_word' id='word_1_306' title='bbox 1163 3304 1299 3374; x_wconf 74' lang='grc' dir='ltr'>ὑπὲρ</span> <span class='ocrx_word' id='word_1_307' title='bbox 1320 3303 1473 3374; x_wconf 87' lang='grc' dir='ltr'>ἐμοῦ.</span> <span class='ocrx_word' id='word_1_308' title='bbox 1862 3347 1904 3404; x_wconf 76' lang='lat' dir='ltr'><strong>C</strong></span> 
     </span>
    </p>
   </div>
   <div class='ocr_carea' id='block_1_52' title="bbox 1217 3301 2819 3404">
    <p class='ocr_par' dir='ltr' id='par_1_52' title="bbox 1217 3301 2819 3404">
     <span class='ocr_line' id='line_1_52' title="bbox 1217 3301 2819 3404; baseline 0 -48"><span class='ocrx_word' id='word_1_309' title='bbox 1217 3304 1299 3374; x_wconf 75' lang='grc' dir='ltr'><strong>τέρ</strong></span> <span class='ocrx_word' id='word_1_310' title='bbox 1320 3303 1473 3374; x_wconf 84' lang='grc' dir='ltr'>ἐμοῦ.</span> <span class='ocrx_word' id='word_1_311' title='bbox 1862 3347 1904 3404; x_wconf 75' lang='lat' dir='ltr'><strong>C</strong></span> <span class='ocrx_word' id='word_1_312' title='bbox 2008 3303 2061 3358; x_wconf 73' lang='grc'><strong>4.</strong></span> <span class='ocrx_word' id='word_1_313' title='bbox 2100 3301 2203 3369; x_wconf 87' lang='lat' dir='ltr'><strong>Qui</strong></span> <span class='ocrx_word' id='word_1_314' title='bbox 2237 3303 2312 3356; x_wconf 92' lang='lat' dir='ltr'><strong>illi</strong></span> <span class='ocrx_word' id='word_1_315' title='bbox 2344 3304 2561 3357; x_wconf 89' lang='lat' dir='ltr'><strong>resistat</strong></span> <span class='ocrx_word' id='word_1_316' title='bbox 2589 3319 2688 3372; x_wconf 92' lang='lat' dir='ltr'><strong>pro</strong></span> <span class='ocrx_word' id='word_1_317' title='bbox 2717 3319 2819 3359; x_wconf 84' lang='lat' dir='ltr'><strong>me.</strong></span> 
     </span>
    </p>
   </div>
   <div class='ocr_carea' id='block_1_53' title="bbox 329 3395 1931 3467">
    <p class='ocr_par' dir='ltr' id='par_1_53' title="bbox 329 3395 1904 3467">
     <span class='ocr_line' id='line_1_53' title="bbox 329 3395 1904 3467; baseline -0.001 -15"><span class='ocrx_word' id='word_1_318' title='bbox 329 3397 384 3454; x_wconf 87' lang='lat'><em>5.</em></span> <span class='ocrx_word' id='word_1_319' title='bbox 429 3399 487 3449; x_wconf 84' lang='lat'><strong>&#39;0</strong></span> <span class='ocrx_word' id='word_1_320' title='bbox 516 3398 722 3467; x_wconf 74' lang='grc' dir='ltr'>μέλλων</span> <span class='ocrx_word' id='word_1_321' title='bbox 755 3397 966 3465; x_wconf 77' lang='grc' dir='ltr'>λέγειν’</span> <span class='ocrx_word' id='word_1_322' title='bbox 1867 3395 1904 3404; x_wconf 59' lang='grc'>⁷</span> 
     </span>
    </p>
   </div>
   <div class='ocr_carea' id='block_1_54' title="bbox 1056 3395 2658 3467">
    <p class='ocr_par' dir='ltr' id='par_1_54' title="bbox 1867 3395 2658 3462">
     <span class='ocr_line' id='line_1_54' title="bbox 1867 3395 2658 3462; baseline -0.001 -13"><span class='ocrx_word' id='word_1_323' title='bbox 1867 3395 1904 3404; x_wconf 62' lang='grc'>⁷</span> <span class='ocrx_word' id='word_1_324' title='bbox 2009 3395 2058 3451; x_wconf 82' lang='grc'><strong>5.</strong></span> <span class='ocrx_word' id='word_1_325' title='bbox 2101 3395 2202 3462; x_wconf 86' lang='lat' dir='ltr'><strong>Qui</strong></span> <span class='ocrx_word' id='word_1_326' title='bbox 2239 3395 2490 3450; x_wconf 91' lang='lat' dir='ltr'><strong>dicturus</strong></span> <span class='ocrx_word' id='word_1_327' title='bbox 2529 3406 2613 3449; x_wconf 92' lang='lat' dir='ltr'><strong>est</strong></span> <span class='ocrx_word' id='word_1_328' title='bbox 2645 3413 2658 3448; x_wconf 90' lang='lat'>:</span> 
     </span>
    </p>
   </div>
   <div class='ocr_carea' id='block_1_55' title="bbox 326 3487 1928 3560">
    <p class='ocr_par' dir='ltr' id='par_1_55' title="bbox 326 3490 817 3560">
     <span class='ocr_line' id='line_1_55' title="bbox 326 3490 817 3560; baseline -0.01 -16"><span class='ocrx_word' id='word_1_329' title='bbox 326 3490 380 3544; x_wconf 84' lang='lat'><strong>6.</strong></span> <span class='ocrx_word' id='word_1_330' title='bbox 422 3491 670 3560; x_wconf 77' lang='grc' dir='ltr'>Ἀρπαγή</span> <span class='ocrx_word' id='word_1_331' title='bbox 699 3505 782 3550; x_wconf 84' lang='grc' dir='ltr'><strong>τις</strong></span> <span class='ocrx_word' id='word_1_332' title='bbox 806 3506 817 3517; x_wconf 69' lang='grc' dir='ltr'><strong>ο</strong></span> 
     </span>
    </p>
   </div>
   <div class='ocr_carea' id='block_1_56' title="bbox 951 3487 2553 3560">
    <p class='ocr_par' dir='ltr' id='par_1_56' title="bbox 2009 3487 2553 3557">
     <span class='ocr_line' id='line_1_56' title="bbox 2009 3487 2553 3557; baseline -0.004 -16"><span class='ocrx_word' id='word_1_333' title='bbox 2009 3488 2060 3541; x_wconf 87' lang='grc'><strong>6.</strong></span> <span class='ocrx_word' id='word_1_334' title='bbox 2094 3487 2302 3557; x_wconf 75' lang='lat' dir='ltr'><strong>Rapina</strong></span> <span class='ocrx_word' id='word_1_335' title='bbox 2335 3488 2553 3557; x_wconf 85' lang='lat' dir='ltr'><strong>aliqua;</strong></span> 
     </span>
    </p>
   </div>
   <div class='ocr_carea' id='block_1_57' title="bbox 326 3578 1928 3653">
    <p class='ocr_par' dir='ltr' id='par_1_57' title="bbox 326 3578 1296 3647">
     <span class='ocr_line' id='line_1_57' title="bbox 326 3578 1296 3647; baseline -0.004 -13"><span class='ocrx_word' id='word_1_336' title='bbox 326 3583 380 3635; x_wconf 90' lang='lat'><em>7.</em></span> <span class='ocrx_word' id='word_1_337' title='bbox 416 3582 508 3643; x_wconf 81' lang='grc' dir='ltr'><strong>Εἰς</strong></span> <span class='ocrx_word' id='word_1_338' title='bbox 535 3581 696 3632; x_wconf 73' lang='grc' dir='ltr'>αὑτὸν</span> <span class='ocrx_word' id='word_1_339' title='bbox 725 3578 1010 3645; x_wconf 78' lang='grc' dir='ltr'>ἐξεδίκησά</span> <span class='ocrx_word' id='word_1_340' title='bbox 1034 3593 1162 3630; x_wconf 85' lang='grc' dir='ltr'>ποτε</span> <span class='ocrx_word' id='word_1_341' title='bbox 1203 3579 1296 3647; x_wconf 82' lang='grc'><strong>(1)·</strong></span> 
     </span>
    </p>
   </div>
   <div class='ocr_carea' id='block_1_58' title="bbox 1479 3578 3081 3653">
    <p class='ocr_par' dir='ltr' id='par_1_58' title="bbox 2006 3581 3081 3653">
     <span class='ocr_line' id='line_1_58' title="bbox 2006 3581 3081 3653; baseline 0.003 -20"><span class='ocrx_word' id='word_1_342' title='bbox 2006 3583 2059 3634; x_wconf 87' lang='lat'><strong>7.</strong></span> <span class='ocrx_word' id='word_1_343' title='bbox 2090 3581 2146 3634; x_wconf 92' lang='lat' dir='ltr'><strong>Si</strong></span> <span class='ocrx_word' id='word_1_344' title='bbox 2181 3598 2419 3651; x_wconf 88' lang='lat' dir='ltr'><strong>unquam</strong></span> <span class='ocrx_word' id='word_1_345' title='bbox 2458 3583 2604 3637; x_wconf 88' lang='lat' dir='ltr'><strong>ultus</strong></span> <span class='ocrx_word' id='word_1_346' title='bbox 2636 3598 2756 3637; x_wconf 87' lang='lat' dir='ltr'><strong>sum</strong></span> <span class='ocrx_word' id='word_1_347' title='bbox 2792 3582 2844 3636; x_wconf 91' lang='lat' dir='ltr'><strong>in</strong></span> <span class='ocrx_word' id='word_1_348' title='bbox 2873 3583 3081 3653; x_wconf 90' lang='lat' dir='ltr'><strong>ipsum;</strong></span> 
     </span>
    </p>
   </div>
   <div class='ocr_carea' id='block_1_59' title="bbox 324 3668 1926 3744">
    <p class='ocr_par' dir='ltr' id='par_1_59' title="bbox 324 3669 1834 3744">
     <span class='ocr_line' id='line_1_59' title="bbox 324 3669 1834 3744; baseline -0.003 -17"><span class='ocrx_word' id='word_1_349' title='bbox 324 3673 378 3727; x_wconf 89' lang='lat'><em>8.</em></span> <span class='ocrx_word' id='word_1_350' title='bbox 427 3672 678 3725; x_wconf 85' lang='grc' dir='ltr'>Ἐκπέσω</span> <span class='ocrx_word' id='word_1_351' title='bbox 704 3671 801 3742; x_wconf 80' lang='grc' dir='ltr'>τῆς</span> <span class='ocrx_word' id='word_1_352' title='bbox 835 3670 1105 3733; x_wconf 77' lang='grc' dir='ltr'>υἱοθεσίας</span> <span class='ocrx_word' id='word_1_353' title='bbox 1135 3687 1228 3722; x_wconf 86' lang='grc' dir='ltr'><strong>σου</strong></span> <span class='ocrx_word' id='word_1_354' title='bbox 1263 3669 1554 3742; x_wconf 67' lang='grc' dir='ltr'>ἡττησθεὶς</span> <span class='ocrx_word' id='word_1_355' title='bbox 1603 3671 1678 3744; x_wconf 72' lang='lat'><strong>(2)</strong></span> <span class='ocrx_word' id='word_1_356' title='bbox 1724 3675 1834 3734; x_wconf 80' lang='grc' dir='ltr'>τοῖς</span> 
     </span>
    </p>
   </div>
   <div class='ocr_carea' id='block_1_60' title="bbox 1903 3668 3505 3744">
    <p class='ocr_par' dir='ltr' id='par_1_60' title="bbox 2010 3668 3505 3741">
     <span class='ocr_line' id='line_1_60' title="bbox 2010 3668 3505 3741; baseline 0.001 -17"><span class='ocrx_word' id='word_1_357' title='bbox 2010 3670 2062 3724; x_wconf 86' lang='grc'><strong>8.</strong></span> <span class='ocrx_word' id='word_1_358' title='bbox 2092 3668 2350 3724; x_wconf 70' lang='lat' dir='ltr'><strong>Etcidam</strong></span> <span class='ocrx_word' id='word_1_359' title='bbox 2390 3681 2482 3725; x_wconf 91' lang='lat' dir='ltr'><strong>tua</strong></span> <span class='ocrx_word' id='word_1_360' title='bbox 2513 3671 2801 3740; x_wconf 90' lang='lat' dir='ltr'><strong>adoptione</strong></span> <span class='ocrx_word' id='word_1_361' title='bbox 2832 3683 3120 3741; x_wconf 87' lang='lat' dir='ltr'><strong>superatus</strong></span> <span class='ocrx_word' id='word_1_362' title='bbox 3165 3686 3197 3726; x_wconf 85' lang='lat' dir='ltr'><strong>a</strong></span> <span class='ocrx_word' id='word_1_363' title='bbox 3242 3671 3505 3726; x_wconf 62' lang='lat' dir='ltr'><strong>daemoni-</strong></span> 
     </span>
    </p>
   </div>
   <div class='ocr_carea' id='block_1_61' title="bbox 247 3759 2038 3833">
    <p class='ocr_par' dir='ltr' id='par_1_61' title="bbox 247 3759 2038 3833">
     <span class='ocr_line' id='line_1_61' title="bbox 247 3759 2038 3833; baseline -0.001 -16"><span class='ocrx_word' id='word_1_364' title='bbox 247 3765 505 3833; x_wconf 75' lang='grc' dir='ltr'>δαίμοσιν</span> <span class='ocrx_word' id='word_1_365' title='bbox 524 3781 536 3794; x_wconf 75' lang='grc' dir='ltr'><strong>ο</strong></span> <span class='ocrx_word' id='word_1_366' title='bbox 1936 3759 2038 3816; x_wconf 86' lang='lat' dir='ltr'><strong>bus</strong></span> 
     </span>
    </p>
   </div>
   <div class='ocr_carea' id='block_1_62' title="bbox 329 3853 1931 3929">
    <p class='ocr_par' dir='ltr' id='par_1_62' title="bbox 329 3856 1836 3929">
     <span class='ocr_line' id='line_1_62' title="bbox 329 3856 1836 3929; baseline -0.003 -15"><span class='ocrx_word' id='word_1_367' title='bbox 329 3859 383 3914; x_wconf 88' lang='lat'><em>9.</em></span> <span class='ocrx_word' id='word_1_368' title='bbox 427 3858 675 3913; x_wconf 78' lang='grc' dir='ltr'>Ἐκπέσω</span> <span class='ocrx_word' id='word_1_369' title='bbox 707 3860 785 3920; x_wconf 84' lang='grc' dir='ltr'>εἰς</span> <span class='ocrx_word' id='word_1_370' title='bbox 817 3857 914 3922; x_wconf 75' lang='grc' dir='ltr'>τὰς</span> <span class='ocrx_word' id='word_1_371' title='bbox 952 3860 1140 3928; x_wconf 80' lang='grc' dir='ltr'>χεῖρας</span> <span class='ocrx_word' id='word_1_372' title='bbox 1162 3857 1256 3910; x_wconf 86' lang='grc' dir='ltr'><strong>τοῦ</strong></span> <span class='ocrx_word' id='word_1_373' title='bbox 1290 3857 1559 3924; x_wconf 70' lang='grc' dir='ltr'>διαϐόλου,</span> <span class='ocrx_word' id='word_1_374' title='bbox 1594 3859 1626 3929; x_wconf 83' lang='grc' dir='ltr'>ἢ</span> <span class='ocrx_word' id='word_1_375' title='bbox 1662 3856 1836 3911; x_wconf 85' lang='grc' dir='ltr'>τοιοῦ-</span> 
     </span>
    </p>
   </div>
   <div class='ocr_carea' id='block_1_63' title="bbox 1905 3853 3507 3929">
    <p class='ocr_par' dir='ltr' id='par_1_63' title="bbox 2009 3853 3507 3924">
     <span class='ocr_line' id='line_1_63' title="bbox 2009 3853 3507 3924; baseline -0.001 -15"><span class='ocrx_word' id='word_1_376' title='bbox 2009 3855 2061 3909; x_wconf 87' lang='grc'><strong>9.</strong></span> <span class='ocrx_word' id='word_1_377' title='bbox 2096 3853 2333 3907; x_wconf 84' lang='lat' dir='ltr'><strong>lucidam</strong></span> <span class='ocrx_word' id='word_1_378' title='bbox 2359 3853 2411 3907; x_wconf 92' lang='lat' dir='ltr'><strong>in</strong></span> <span class='ocrx_word' id='word_1_379' title='bbox 2447 3868 2646 3908; x_wconf 90' lang='lat' dir='ltr'><strong>manus</strong></span> <span class='ocrx_word' id='word_1_380' title='bbox 2672 3853 2910 3916; x_wconf 88' lang='lat' dir='ltr'><strong>diaboli,</strong></span> <span class='ocrx_word' id='word_1_381' title='bbox 2972 3853 3016 3908; x_wconf 89' lang='lat' dir='ltr'><strong>si</strong></span> <span class='ocrx_word' id='word_1_382' title='bbox 3069 3853 3367 3924; x_wconf 90' lang='lat' dir='ltr'><strong>quidquam</strong></span> <span class='ocrx_word' id='word_1_383' title='bbox 3410 3868 3507 3908; x_wconf 90' lang='lat' dir='ltr'><strong>eo-</strong></span> 
     </span>
    </p>
   </div>
   <div class='ocr_carea' id='block_1_64' title="bbox 249 3945 1851 4022">
    <p class='ocr_par' dir='ltr' id='par_1_64' title="bbox 249 3950 1302 4022">
     <span class='ocr_line' id='line_1_64' title="bbox 249 3950 1302 4022; baseline 0 -18"><span class='ocrx_word' id='word_1_384' title='bbox 249 3968 346 4004; x_wconf 83' lang='grc' dir='ltr'><strong>τον</strong></span> <span class='ocrx_word' id='word_1_385' title='bbox 373 3951 447 4020; x_wconf 81' lang='grc'><strong>(5)</strong></span> <span class='ocrx_word' id='word_1_386' title='bbox 485 3952 716 4020; x_wconf 70' lang='grc' dir='ltr'>ἐποίησα</span> <span class='ocrx_word' id='word_1_387' title='bbox 747 3950 854 4002; x_wconf 86' lang='grc' dir='ltr'><strong>τῶν</strong></span> <span class='ocrx_word' id='word_1_388' title='bbox 879 3951 1302 4022; x_wconf 82' lang='grc' dir='ltr'>προλεχοέντων.</span> 
     </span>
    </p>
   </div>
   <div class='ocr_carea' id='block_1_65' title="bbox 1250 3945 2852 4022">
    <p class='ocr_par' dir='ltr' id='par_1_65' title="bbox 1250 3945 2852 4014">
     <span class='ocr_line' id='line_1_65' title="bbox 1250 3945 2852 4014; baseline 0.001 -17"><span class='ocrx_word' id='word_1_389' title='bbox 1250 3969 1302 4004; x_wconf 73' lang='grc' dir='ltr'>›ν,</span> <span class='ocrx_word' id='word_1_390' title='bbox 1939 3962 2058 4000; x_wconf 91' lang='lat' dir='ltr'><strong>rum</strong></span> <span class='ocrx_word' id='word_1_391' title='bbox 2089 3960 2208 4014; x_wconf 68' lang='lat' dir='ltr'><strong>quae</strong></span> <span class='ocrx_word' id='word_1_392' title='bbox 2236 3946 2378 3999; x_wconf 86' lang='lat' dir='ltr'><strong>dicta</strong></span> <span class='ocrx_word' id='word_1_393' title='bbox 2421 3955 2550 3998; x_wconf 89' lang='lat' dir='ltr'><strong>sunt</strong></span> <span class='ocrx_word' id='word_1_394' title='bbox 2583 3945 2852 3998; x_wconf 87' lang='lat' dir='ltr'><strong>commisi.</strong></span> 
     </span>
    </p>
   </div>
   <div class='ocr_carea' id='block_1_66' title="bbox 334 4036 1936 4114">
    <p class='ocr_par' dir='ltr' id='par_1_66' title="bbox 334 4041 1834 4114">
     <span class='ocr_line' id='line_1_66' title="bbox 334 4041 1834 4114; baseline 0 -17"><span class='ocrx_word' id='word_1_395' title='bbox 334 4043 418 4098; x_wconf 83' lang='lat'><strong>10.</strong></span> <span class='ocrx_word' id='word_1_396' title='bbox 452 4043 560 4095; x_wconf 71' lang='grc' dir='ltr'>Καὶ</span> <span class='ocrx_word' id='word_1_397' title='bbox 579 4043 868 4094; x_wconf 77' lang='grc' dir='ltr'>ὑποπόδιον</span> <span class='ocrx_word' id='word_1_398' title='bbox 895 4043 1059 4096; x_wconf 74' lang='grc' dir='ltr'>αὑτοῦ</span> <span class='ocrx_word' id='word_1_399' title='bbox 1091 4044 1284 4110; x_wconf 75' lang='grc' dir='ltr'>ἔσομαι</span> <span class='ocrx_word' id='word_1_400' title='bbox 1303 4041 1372 4095; x_wconf 79' lang='grc' dir='ltr'>τὰ</span> <span class='ocrx_word' id='word_1_401' title='bbox 1392 4043 1484 4114; x_wconf 77' lang='grc' dir='ltr'><strong>ἔτη</strong></span> <span class='ocrx_word' id='word_1_402' title='bbox 1512 4061 1611 4112; x_wconf 85' lang='grc' dir='ltr'>μου</span> <span class='ocrx_word' id='word_1_403' title='bbox 1642 4045 1834 4097; x_wconf 68' lang='grc' dir='ltr'>πάν-ια’</span> 
     </span>
    </p>
   </div>
   <div class='ocr_carea' id='block_1_67' title="bbox 1908 4036 3510 4114">
    <p class='ocr_par' dir='ltr' id='par_1_67' title="bbox 2011 4036 3510 4106">
     <span class='ocr_line' id='line_1_67' title="bbox 2011 4036 3510 4106; baseline 0.001 -16"><span class='ocrx_word' id='word_1_404' title='bbox 2011 4038 2092 4090; x_wconf 90' lang='grc'><strong>10.</strong></span> <span class='ocrx_word' id='word_1_405' title='bbox 2126 4036 2188 4089; x_wconf 82' lang='lat' dir='ltr'><strong>Et</strong></span> <span class='ocrx_word' id='word_1_406' title='bbox 2225 4037 2520 4091; x_wconf 86' lang='lat' dir='ltr'><strong>scabellum</strong></span> <span class='ocrx_word' id='word_1_407' title='bbox 2545 4037 2740 4106; x_wconf 89' lang='lat' dir='ltr'><strong>pedum</strong></span> <span class='ocrx_word' id='word_1_408' title='bbox 2783 4038 2902 4106; x_wconf 89' lang='lat' dir='ltr'><strong>ejus</strong></span> <span class='ocrx_word' id='word_1_409' title='bbox 2933 4051 3029 4090; x_wconf 90' lang='lat' dir='ltr'><strong>ero</strong></span> <span class='ocrx_word' id='word_1_410' title='bbox 3050 4036 3306 4092; x_wconf 86' lang='lat' dir='ltr'><strong>omnibus</strong></span> <span class='ocrx_word' id='word_1_411' title='bbox 3351 4037 3510 4092; x_wconf 85' lang='lat' dir='ltr'><strong>annis</strong></span> 
     </span>
    </p>
   </div>
   <div class='ocr_carea' id='block_1_68' title="bbox 1941 4143 2113 4192">
    <p class='ocr_par' dir='ltr' id='par_1_68' title="bbox 1941 4143 2113 4192">
     <span class='ocr_line' id='line_1_68' title="bbox 1941 4143 2113 4192; baseline -0.012 -10"><span class='ocrx_word' id='word_1_412' title='bbox 1941 4143 2113 4192; x_wconf 81' lang='lat' dir='ltr'><strong>meis;</strong></span> 
     </span>
    </p>
   </div>
   <div class='ocr_carea' id='block_1_69' title="bbox 330 4215 1932 4290">
    <p class='ocr_par' dir='ltr' id='par_1_69' title="bbox 330 4218 1836 4290">
     <span class='ocr_line' id='line_1_69' title="bbox 330 4218 1836 4290; baseline 0 -17"><span class='ocrx_word' id='word_1_413' title='bbox 330 4221 415 4274; x_wconf 91' lang='grc'><strong>11.</strong></span> <span class='ocrx_word' id='word_1_414' title='bbox 451 4219 560 4272; x_wconf 71' lang='grc' dir='ltr'>Καὶ</span> <span class='ocrx_word' id='word_1_415' title='bbox 592 4219 689 4290; x_wconf 79' lang='grc' dir='ltr'><strong>τὴν</strong></span> <span class='ocrx_word' id='word_1_416' title='bbox 723 4218 951 4290; x_wconf 78' lang='grc' dir='ltr'>καρδίαν</span> <span class='ocrx_word' id='word_1_417' title='bbox 979 4235 1078 4289; x_wconf 84' lang='grc' dir='ltr'><strong>μου</strong></span> <span class='ocrx_word' id='word_1_418' title='bbox 1109 4220 1187 4282; x_wconf 81' lang='grc' dir='ltr'>εἰς</span> <span class='ocrx_word' id='word_1_419' title='bbox 1220 4219 1315 4282; x_wconf 78' lang='grc' dir='ltr'>τὰς</span> <span class='ocrx_word' id='word_1_420' title='bbox 1347 4218 1640 4290; x_wconf 74' lang='grc' dir='ltr'>ἐπιθυμίας</span> <span class='ocrx_word' id='word_1_421' title='bbox 1672 4219 1836 4273; x_wconf 73' lang='grc' dir='ltr'>αὑτοῦ</span> 
     </span>
    </p>
   </div>
   <div class='ocr_carea' id='block_1_70' title="bbox 1903 4215 3505 4290">
    <p class='ocr_par' dir='ltr' id='par_1_70' title="bbox 2017 4215 3505 4288">
     <span class='ocr_line' id='line_1_70' title="bbox 2017 4215 3505 4288; baseline -0.001 -15"><span class='ocrx_word' id='word_1_422' title='bbox 2017 4219 2097 4273; x_wconf 87' lang='grc'><strong>11.</strong></span> <span class='ocrx_word' id='word_1_423' title='bbox 2127 4221 2191 4273; x_wconf 79' lang='lat' dir='ltr'><strong>Et</strong></span> <span class='ocrx_word' id='word_1_424' title='bbox 2220 4234 2315 4273; x_wconf 92' lang='lat' dir='ltr'><strong>cor</strong></span> <span class='ocrx_word' id='word_1_425' title='bbox 2348 4234 2525 4273; x_wconf 90' lang='lat' dir='ltr'><strong>meum</strong></span> <span class='ocrx_word' id='word_1_426' title='bbox 2549 4219 2603 4272; x_wconf 91' lang='lat' dir='ltr'><strong>in</strong></span> <span class='ocrx_word' id='word_1_427' title='bbox 2636 4217 3028 4288; x_wconf 83' lang='lat' dir='ltr'><strong>cupiditatibus</strong></span> <span class='ocrx_word' id='word_1_428' title='bbox 3058 4217 3174 4270; x_wconf 83' lang='lat' dir='ltr'><strong>suis</strong></span> <span class='ocrx_word' id='word_1_429' title='bbox 3201 4215 3505 4273; x_wconf 85' lang='lat' dir='ltr'><strong>concludet.</strong></span> 
     </span>
    </p>
   </div>
   <div class='ocr_carea' id='block_1_71' title="bbox 257 4313 710 4381">
    <p class='ocr_par' dir='ltr' id='par_1_71' title="bbox 257 4313 710 4381">
     <span class='ocr_line' id='line_1_71' title="bbox 257 4313 710 4381; baseline -0.004 -11"><span class='ocrx_word' id='word_1_430' title='bbox 257 4313 577 4370; x_wconf 79' lang='grc' dir='ltr'>ἀποκλείσει</span> <span class='ocrx_word' id='word_1_431' title='bbox 610 4313 710 4381; x_wconf 71' lang='grc'><strong>(1).</strong></span> 
     </span>
    </p>
   </div>
   <div class='ocr_carea' id='block_1_72' title="bbox 333 4397 1935 4474">
    <p class='ocr_par' dir='ltr' id='par_1_72' title="bbox 333 4402 1686 4474">
     <span class='ocr_line' id='line_1_72' title="bbox 333 4402 1686 4474; baseline 0.002 -17"><span class='ocrx_word' id='word_1_432' title='bbox 333 4404 420 4457; x_wconf 71' lang='lat'><strong>1‘2.</strong></span> <span class='ocrx_word' id='word_1_433' title='bbox 453 4405 545 4467; x_wconf 87' lang='grc' dir='ltr'><strong>Εἰς</strong></span> <span class='ocrx_word' id='word_1_434' title='bbox 581 4406 719 4474; x_wconf 78' lang='grc' dir='ltr'>ἐμὴν</span> <span class='ocrx_word' id='word_1_435' title='bbox 756 4404 1030 4473; x_wconf 74' lang='grc' dir='ltr'>βοήθειαν,</span> <span class='ocrx_word' id='word_1_436' title='bbox 1061 4404 1283 4456; x_wconf 77' lang='grc' dir='ltr'>ἐκείνων</span> <span class='ocrx_word' id='word_1_437' title='bbox 1309 4403 1366 4455; x_wconf 79' lang='grc' dir='ltr'>δὲ</span> <span class='ocrx_word' id='word_1_438' title='bbox 1391 4402 1686 4460; x_wconf 81' lang='grc' dir='ltr'>ἀπώλειαν.</span> 
     </span>
    </p>
   </div>
   <div class='ocr_carea' id='block_1_73' title="bbox 1885 4397 3487 4474">
    <p class='ocr_par' dir='ltr' id='par_1_73' title="bbox 2015 4397 3487 4464">
     <span class='ocr_line' id='line_1_73' title="bbox 2015 4397 3487 4464; baseline -0.001 -11"><span class='ocrx_word' id='word_1_439' title='bbox 2015 4399 2179 4453; x_wconf 73' lang='lat' dir='ltr'><strong>12.1n</strong></span> <span class='ocrx_word' id='word_1_440' title='bbox 2207 4415 2385 4454; x_wconf 87' lang='lat' dir='ltr'><strong>meum</strong></span> <span class='ocrx_word' id='word_1_441' title='bbox 2411 4401 2701 4464; x_wconf 83' lang='lat' dir='ltr'><strong>auxilium,</strong></span> <span class='ocrx_word' id='word_1_442' title='bbox 2733 4401 2784 4452; x_wconf 91' lang='lat' dir='ltr'><strong>in</strong></span> <span class='ocrx_word' id='word_1_443' title='bbox 2806 4399 3023 4452; x_wconf 87' lang='lat' dir='ltr'><strong>illorum</strong></span> <span class='ocrx_word' id='word_1_444' title='bbox 3052 4409 3234 4451; x_wconf 86' lang='lat' dir='ltr'><strong>autem</strong></span> <span class='ocrx_word' id='word_1_445' title='bbox 3258 4397 3487 4452; x_wconf 81' lang='lat' dir='ltr'><strong>exitium</strong></span> 
     </span>
    </p>
   </div>
   <div class='ocr_carea' id='block_1_74' title="bbox 341 4491 1943 4567">
    <p class='ocr_par' dir='ltr' id='par_1_74' title="bbox 341 4494 1588 4567">
     <span class='ocr_line' id='line_1_74' title="bbox 341 4494 1588 4567; baseline 0.001 -19"><span class='ocrx_word' id='word_1_446' title='bbox 341 4497 424 4549; x_wconf 77' lang='grc'><strong>15.</strong></span> <span class='ocrx_word' id='word_1_447' title='bbox 453 4494 746 4565; x_wconf 59' lang='grc' dir='ltr'>Δοξᾱισοητι</span> <span class='ocrx_word' id='word_1_448' title='bbox 769 4499 847 4558; x_wconf 85' lang='grc' dir='ltr'>εἰς</span> <span class='ocrx_word' id='word_1_449' title='bbox 869 4497 935 4548; x_wconf 74' lang='grc' dir='ltr'><strong>τὰ</strong></span> <span class='ocrx_word' id='word_1_450' title='bbox 967 4497 1092 4567; x_wconf 78' lang='grc' dir='ltr'>τέλη</span> <span class='ocrx_word' id='word_1_451' title='bbox 1123 4496 1229 4549; x_wconf 82' lang='grc' dir='ltr'><strong>τῶν</strong></span> <span class='ocrx_word' id='word_1_452' title='bbox 1259 4497 1468 4567; x_wconf 81' lang='grc' dir='ltr'>ἐχθρῶν</span> <span class='ocrx_word' id='word_1_453' title='bbox 1493 4513 1588 4549; x_wconf 88' lang='grc' dir='ltr'><strong>σου</strong></span> 
     </span>
    </p>
   </div>
   <div class='ocr_carea' id='block_1_75' title="bbox 1906 4491 3508 4567">
    <p class='ocr_par' dir='ltr' id='par_1_75' title="bbox 2009 4491 3508 4547">
     <span class='ocr_line' id='line_1_75' title="bbox 2009 4491 3508 4547; baseline 0.001 -4"><span class='ocrx_word' id='word_1_454' title='bbox 2009 4493 2092 4547; x_wconf 74' lang='grc'><strong>15.</strong></span> <span class='ocrx_word' id='word_1_455' title='bbox 2130 4492 2447 4546; x_wconf 82' lang='lat' dir='ltr'><strong>Gloi-ilicare</strong></span> <span class='ocrx_word' id='word_1_456' title='bbox 2472 4494 2525 4545; x_wconf 89' lang='lat' dir='ltr'><strong>in</strong></span> <span class='ocrx_word' id='word_1_457' title='bbox 2547 4492 2862 4546; x_wconf 90' lang='lat' dir='ltr'><strong>novissimis</strong></span> <span class='ocrx_word' id='word_1_458' title='bbox 2881 4491 3229 4544; x_wconf 88' lang='lat' dir='ltr'><strong>inimicorum</strong></span> <span class='ocrx_word' id='word_1_459' title='bbox 3252 4498 3508 4544; x_wconf 89' lang='lat' dir='ltr'><strong>tuorum:</strong></span> 
     </span>
    </p>
   </div>
   <div class='ocr_carea' id='block_1_76' title="bbox 339 4579 1941 4657">
    <p class='ocr_par' dir='ltr' id='par_1_76' title="bbox 339 4579 1841 4657">
     <span class='ocr_line' id='line_1_76' title="bbox 339 4579 1841 4657; baseline 0.001 -19"><span class='ocrx_word' id='word_1_460' title='bbox 339 4585 425 4640; x_wconf 68' lang='grc'><strong>14.</strong></span> <span class='ocrx_word' id='word_1_461' title='bbox 459 4586 594 4656; x_wconf 60' lang='grc' dir='ltr'><strong>Περὶ¹</strong></span> <span class='ocrx_word' id='word_1_462' title='bbox 647 4579 708 4637; x_wconf 71' lang='grc' dir='ltr'><strong>οὗ</strong></span> <span class='ocrx_word' id='word_1_463' title='bbox 760 4582 882 4638; x_wconf 82' lang='grc' dir='ltr'>εἷπε</span> <span class='ocrx_word' id='word_1_464' title='bbox 933 4588 1043 4647; x_wconf 80' lang='grc' dir='ltr'>τοῖς</span> <span class='ocrx_word' id='word_1_465' title='bbox 1074 4588 1427 4652; x_wconf 80' lang='grc' dir='ltr'>ἀποστόλοις·</span> <span class='ocrx_word' id='word_1_466' title='bbox 1482 4588 1642 4642; x_wconf 82' lang='grc' dir='ltr'><strong>Μετὰ</strong></span> <span class='ocrx_word' id='word_1_467' title='bbox 1685 4589 1841 4657; x_wconf 76' lang='grc' dir='ltr'>τρεῖς</span> 
     </span>
    </p>
   </div>
   <div class='ocr_carea' id='block_1_77' title="bbox 1909 4579 3511 4657">
    <p class='ocr_par' dir='ltr' id='par_1_77' title="bbox 2012 4581 3511 4656">
     <span class='ocr_line' id='line_1_77' title="bbox 2012 4581 3511 4656; baseline -0.004 -18"><span class='ocrx_word' id='word_1_468' title='bbox 2012 4586 2096 4638; x_wconf 66' lang='grc'><strong>14.</strong></span> <span class='ocrx_word' id='word_1_469' title='bbox 2130 4585 2201 4640; x_wconf 86' lang='lat' dir='ltr'><strong>De</strong></span> <span class='ocrx_word' id='word_1_470' title='bbox 2240 4603 2349 4656; x_wconf 91' lang='lat' dir='ltr'><strong>quo</strong></span> <span class='ocrx_word' id='word_1_471' title='bbox 2383 4588 2520 4642; x_wconf 80' lang='lat' dir='ltr'><strong>dixit</strong></span> <span class='ocrx_word' id='word_1_472' title='bbox 2569 4583 2830 4655; x_wconf 89' lang='lat' dir='ltr'><strong>apostolis</strong></span> <span class='ocrx_word' id='word_1_473' title='bbox 2866 4601 2878 4636; x_wconf 93' lang='lat'><strong>:</strong></span> <span class='ocrx_word' id='word_1_474' title='bbox 2911 4581 3039 4636; x_wconf 80' lang='lat' dir='ltr'><strong>Post</strong></span> <span class='ocrx_word' id='word_1_475' title='bbox 3065 4592 3166 4636; x_wconf 79' lang='lat' dir='ltr'><strong>tres</strong></span> <span class='ocrx_word' id='word_1_476' title='bbox 3191 4582 3300 4636; x_wconf 75' lang='lat' dir='ltr'><strong>dies</strong></span> <span class='ocrx_word' id='word_1_477' title='bbox 3338 4598 3511 4634; x_wconf 81' lang='lat' dir='ltr'><strong>resur-</strong></span> 
     </span>
    </p>
   </div>
   <div class='ocr_carea' id='block_1_78' title="bbox 260 4676 2163 4752">
    <p class='ocr_par' dir='ltr' id='par_1_78' title="bbox 260 4676 2163 4752">
     <span class='ocr_line' id='line_1_78' title="bbox 260 4676 2163 4752; baseline 0.002 -23"><span class='ocrx_word' id='word_1_478' title='bbox 260 4676 488 4745; x_wconf 76' lang='grc' dir='ltr'>ἡμέρας</span> <span class='ocrx_word' id='word_1_479' title='bbox 513 4677 828 4744; x_wconf 66' lang='grc' dir='ltr'>ἐγεφομαι.</span> <span class='ocrx_word' id='word_1_480' title='bbox 1874 4693 1918 4752; x_wconf 83' lang='grc'><strong>[)</strong></span> <span class='ocrx_word' id='word_1_481' title='bbox 1944 4696 2064 4748; x_wconf 86' lang='lat' dir='ltr'><strong>gam</strong></span> <span class='ocrx_word' id='word_1_482' title='bbox 2100 4679 2163 4733; x_wconf 84' lang='grc'><strong>¹⁸.</strong></span> 
     </span>
    </p>
   </div>
   <div class='ocr_carea' id='block_1_79' title="bbox 335 4767 1937 4843">
    <p class='ocr_par' dir='ltr' id='par_1_79' title="bbox 335 4767 1839 4839">
     <span class='ocr_line' id='line_1_79' title="bbox 335 4767 1839 4839; baseline 0.002 -20"><span class='ocrx_word' id='word_1_483' title='bbox 335 4767 418 4821; x_wconf 83' lang='grc'><strong>15.</strong></span> <span class='ocrx_word' id='word_1_484' title='bbox 455 4769 516 4820; x_wconf 78' lang='lat' dir='ltr'><strong>Ol</strong></span> <span class='ocrx_word' id='word_1_485' title='bbox 566 4768 850 4821; x_wconf 79' lang='grc' dir='ltr'>ἀπόστολοι</span> <span class='ocrx_word' id='word_1_486' title='bbox 893 4768 1028 4838; x_wconf 81' lang='grc' dir='ltr'>μετά</span> <span class='ocrx_word' id='word_1_487' title='bbox 1064 4769 1162 4839; x_wconf 84' lang='grc' dir='ltr'>τὴν</span> <span class='ocrx_word' id='word_1_488' title='bbox 1205 4769 1500 4823; x_wconf 84' lang='grc' dir='ltr'>ἀνάστασιν</span> <span class='ocrx_word' id='word_1_489' title='bbox 1528 4771 1575 4822; x_wconf 77' lang='grc' dir='ltr'>οἱ</span> <span class='ocrx_word' id='word_1_490' title='bbox 1606 4787 1839 4837; x_wconf 79' lang='grc' dir='ltr'>συναγα-</span> 
     </span>
    </p>
   </div>
   <div class='ocr_carea' id='block_1_80' title="bbox 1910 4767 3512 4843">
    <p class='ocr_par' dir='ltr' id='par_1_80' title="bbox 2019 4767 3512 4843">
     <span class='ocr_line' id='line_1_80' title="bbox 2019 4767 3512 4843; baseline -0.001 -18"><span class='ocrx_word' id='word_1_491' title='bbox 2019 4773 2106 4826; x_wconf 78' lang='lat'><strong>15.</strong></span> <span class='ocrx_word' id='word_1_492' title='bbox 2132 4773 2372 4843; x_wconf 82' lang='lat' dir='ltr'><strong>Apostoli</strong></span> <span class='ocrx_word' id='word_1_493' title='bbox 2407 4783 2528 4842; x_wconf 91' lang='lat' dir='ltr'><strong>post</strong></span> <span class='ocrx_word' id='word_1_494' title='bbox 2563 4770 3016 4826; x_wconf 81' lang='lat' dir='ltr'><strong>resurreCtioncm</strong></span> <span class='ocrx_word' id='word_1_495' title='bbox 3050 4778 3224 4823; x_wconf 90' lang='lat' dir='ltr'><strong>totum</strong></span> <span class='ocrx_word' id='word_1_496' title='bbox 3247 4767 3512 4823; x_wconf 87' lang='lat' dir='ltr'><strong>mundum</strong></span> 
     </span>
    </p>
   </div>
   <div class='ocr_carea' id='block_1_81' title="bbox 256 4859 1858 4933">
    <p class='ocr_par' dir='ltr' id='par_1_81' title="bbox 256 4859 1429 4932">
     <span class='ocr_line' id='line_1_81' title="bbox 256 4859 1429 4932; baseline 0.003 -20"><span class='ocrx_word' id='word_1_497' title='bbox 256 4859 452 4928; x_wconf 80' lang='grc' dir='ltr'>γόντες</span> <span class='ocrx_word' id='word_1_498' title='bbox 475 4859 567 4911; x_wconf 78' lang='grc' dir='ltr'><strong>τὸν</strong></span> <span class='ocrx_word' id='word_1_499' title='bbox 598 4860 800 4930; x_wconf 84' lang='grc' dir='ltr'>κόσμον</span> <span class='ocrx_word' id='word_1_500' title='bbox 830 4859 948 4912; x_wconf 80' lang='grc' dir='ltr'>ὅλον</span> <span class='ocrx_word' id='word_1_501' title='bbox 987 4864 1066 4924; x_wconf 81' lang='grc' dir='ltr'>εἰς</span> <span class='ocrx_word' id='word_1_502' title='bbox 1092 4861 1191 4932; x_wconf 75' lang='grc' dir='ltr'>τὴν</span> <span class='ocrx_word' id='word_1_503' title='bbox 1224 4863 1429 4915; x_wconf 83' lang='grc' dir='ltr'>πίστιν.</span> 
     </span>
    </p>
   </div>
   <div class='ocr_carea' id='block_1_82' title="bbox 1033 4859 2635 4933">
    <p class='ocr_par' dir='ltr' id='par_1_82' title="bbox 1033 4861 2635 4933">
     <span class='ocr_line' id='line_1_82' title="bbox 1033 4861 2635 4933; baseline -0.007 -9"><span class='ocrx_word' id='word_1_504' title='bbox 1033 4879 1066 4924; x_wconf 65' lang='grc' dir='ltr'>ις</span> <span class='ocrx_word' id='word_1_505' title='bbox 1092 4861 1191 4932; x_wconf 76' lang='grc' dir='ltr'>τὴν</span> <span class='ocrx_word' id='word_1_506' title='bbox 1224 4863 1429 4915; x_wconf 83' lang='grc' dir='ltr'>πίστιν.</span> <span class='ocrx_word' id='word_1_507' title='bbox 1947 4864 1999 4916; x_wconf 92' lang='lat' dir='ltr'><strong>in</strong></span> <span class='ocrx_word' id='word_1_508' title='bbox 2038 4863 2194 4917; x_wconf 89' lang='lat' dir='ltr'><strong>tidem</strong></span> <span class='ocrx_word' id='word_1_509' title='bbox 2225 4870 2635 4933; x_wconf 83' lang='lat' dir='ltr'><strong>congregantes.</strong></span> 
     </span>
    </p>
   </div>
   <div class='ocr_carea' id='block_1_83' title="bbox 339 4948 1941 5024">
    <p class='ocr_par' dir='ltr' id='par_1_83' title="bbox 339 4948 1700 5024">
     <span class='ocr_line' id='line_1_83' title="bbox 339 4948 1700 5024; baseline 0.002 -23"><span class='ocrx_word' id='word_1_510' title='bbox 339 4948 424 5004; x_wconf 87' lang='grc'><strong>16.</strong></span> <span class='ocrx_word' id='word_1_511' title='bbox 454 4949 586 5019; x_wconf 72' lang='grc' dir='ltr'>Περὶ</span> <span class='ocrx_word' id='word_1_512' title='bbox 612 4951 711 5019; x_wconf 81' lang='grc' dir='ltr'>τῆς</span> <span class='ocrx_word' id='word_1_513' title='bbox 743 4949 1060 5020; x_wconf 65' lang='grc' dir='ltr'>ἀναλήψεως</span> <span class='ocrx_word' id='word_1_514' title='bbox 1090 4951 1184 5006; x_wconf 91' lang='grc' dir='ltr'><strong>τοῦ</strong></span> <span class='ocrx_word' id='word_1_515' title='bbox 1214 4954 1420 5022; x_wconf 78' lang='grc' dir='ltr'>Κυρίου</span> <span class='ocrx_word' id='word_1_516' title='bbox 1447 4953 1522 5024; x_wconf 80' lang='grc'><strong>(5)</strong></span> <span class='ocrx_word' id='word_1_517' title='bbox 1555 4953 1700 5020; x_wconf 78' lang='grc' dir='ltr'>λέγει</span> 
     </span>
    </p>
   </div>
   <div class='ocr_carea' id='block_1_84' title="bbox 1558 4948 3160 5024">
    <p class='ocr_par' dir='ltr' id='par_1_84' title="bbox 1558 4950 3160 5022">
     <span class='ocr_line' id='line_1_84' title="bbox 1558 4950 3160 5022; baseline -0.001 -18"><span class='ocrx_word' id='word_1_518' title='bbox 1558 4953 1700 5020; x_wconf 79' lang='grc' dir='ltr'>λέγει</span> <span class='ocrx_word' id='word_1_519' title='bbox 2019 4956 2104 5008; x_wconf 85' lang='grc'><strong>16.</strong></span> <span class='ocrx_word' id='word_1_520' title='bbox 2148 4953 2219 5008; x_wconf 91' lang='lat' dir='ltr'><strong>De</strong></span> <span class='ocrx_word' id='word_1_521' title='bbox 2243 4954 2620 5022; x_wconf 88' lang='lat' dir='ltr'><strong>assumptione</strong></span> <span class='ocrx_word' id='word_1_522' title='bbox 2644 4950 2856 5006; x_wconf 85' lang='lat' dir='ltr'><strong>Domini</strong></span> <span class='ocrx_word' id='word_1_523' title='bbox 2899 4951 3160 5022; x_wconf 89' lang='lat' dir='ltr'><strong>loquitur.</strong></span> 
     </span>
    </p>
   </div>
   <div class='ocr_carea' id='block_1_85' title="bbox 343 5041 1945 5116">
    <p class='ocr_par' dir='ltr' id='par_1_85' title="bbox 343 5041 980 5112">
     <span class='ocr_line' id='line_1_85' title="bbox 343 5041 980 5112; baseline 0.003 -17"><span class='ocrx_word' id='word_1_524' title='bbox 343 5042 428 5095; x_wconf 89' lang='grc'><strong>17.</strong></span> <span class='ocrx_word' id='word_1_525' title='bbox 468 5041 772 5106; x_wconf 78' lang='grc' dir='ltr'>Παιδεύσει,</span> <span class='ocrx_word' id='word_1_526' title='bbox 811 5043 980 5112; x_wconf 82' lang='grc' dir='ltr'>λέγει.</span> 
     </span>
    </p>
   </div>
   <div class='ocr_carea' id='block_1_86' title="bbox 1073 5041 2675 5116">
    <p class='ocr_par' dir='ltr' id='par_1_86' title="bbox 2019 5045 2675 5116">
     <span class='ocr_line' id='line_1_86' title="bbox 2019 5045 2675 5116; baseline -0.002 -17"><span class='ocrx_word' id='word_1_527' title='bbox 2019 5047 2105 5100; x_wconf 90' lang='grc'><strong>17.</strong></span> <span class='ocrx_word' id='word_1_528' title='bbox 2140 5045 2438 5116; x_wconf 88' lang='lat' dir='ltr'><strong>Corripiet,</strong></span> <span class='ocrx_word' id='word_1_529' title='bbox 2479 5045 2675 5115; x_wconf 89' lang='lat' dir='ltr'><strong>inquit.</strong></span> 
     </span>
    </p>
   </div>
   <div class='ocr_carea' id='block_1_87' title="bbox 341 5131 1943 5208">
    <p class='ocr_par' dir='ltr' id='par_1_87' title="bbox 341 5132 1838 5208">
     <span class='ocr_line' id='line_1_87' title="bbox 341 5132 1838 5208; baseline 0.003 -21"><span class='ocrx_word' id='word_1_530' title='bbox 341 5132 427 5187; x_wconf 84' lang='lat'><strong>18.</strong></span> <span class='ocrx_word' id='word_1_531' title='bbox 459 5133 688 5206; x_wconf 74' lang='grc' dir='ltr'>Ποίησόν</span> <span class='ocrx_word' id='word_1_532' title='bbox 718 5152 827 5204; x_wconf 84' lang='grc' dir='ltr'>μοι,</span> <span class='ocrx_word' id='word_1_533' title='bbox 855 5134 1047 5206; x_wconf 76' lang='grc' dir='ltr'>Κύριε,</span> <span class='ocrx_word' id='word_1_534' title='bbox 1079 5135 1218 5190; x_wconf 79' lang='grc' dir='ltr'><strong>κατά</strong></span> <span class='ocrx_word' id='word_1_535' title='bbox 1242 5136 1340 5208; x_wconf 79' lang='grc' dir='ltr'>τὴν</span> <span class='ocrx_word' id='word_1_536' title='bbox 1360 5135 1706 5206; x_wconf 79' lang='grc' dir='ltr'>δικαιοσύνην</span> <span class='ocrx_word' id='word_1_537' title='bbox 1724 5153 1838 5192; x_wconf 86' lang='grc' dir='ltr'>σου.</span> 
     </span>
    </p>
   </div>
   <div class='ocr_carea' id='block_1_88' title="bbox 1913 5131 3515 5208">
    <p class='ocr_par' dir='ltr' id='par_1_88' title="bbox 2020 5131 3515 5204">
     <span class='ocr_line' id='line_1_88' title="bbox 2020 5131 3515 5204; baseline -0.005 -13"><span class='ocrx_word' id='word_1_538' title='bbox 2020 5139 2103 5191; x_wconf 84' lang='lat'><strong>18.</strong></span> <span class='ocrx_word' id='word_1_539' title='bbox 2143 5135 2248 5194; x_wconf 83' lang='lat' dir='ltr'><strong>Fac</strong></span> <span class='ocrx_word' id='word_1_540' title='bbox 2272 5138 2427 5204; x_wconf 87' lang='lat' dir='ltr'><strong>mihi,</strong></span> <span class='ocrx_word' id='word_1_541' title='bbox 2457 5137 2708 5203; x_wconf 90' lang='lat' dir='ltr'><strong>Domine,</strong></span> <span class='ocrx_word' id='word_1_542' title='bbox 2735 5133 3036 5191; x_wconf 90' lang='lat' dir='ltr'><strong>secundum</strong></span> <span class='ocrx_word' id='word_1_543' title='bbox 3051 5131 3318 5204; x_wconf 84' lang='lat' dir='ltr'><strong>justitiam</strong></span> <span class='ocrx_word' id='word_1_544' title='bbox 3343 5138 3515 5185; x_wconf 87' lang='lat' dir='ltr'><strong>tuam.</strong></span> 
     </span>
    </p>
   </div>
   <div class='ocr_carea' id='block_1_89' title="bbox 343 5312 946 5378">
    <p class='ocr_par' dir='ltr' id='par_1_89' title="bbox 343 5312 946 5378">
     <span class='ocr_line' id='line_1_89' title="bbox 343 5312 946 5378; baseline 0.003 -12"><span class='ocrx_word' id='word_1_545' title='bbox 343 5315 386 5344; x_wconf 78' lang='grc'><strong>⁸⁸</strong></span> <span class='ocrx_word' id='word_1_546' title='bbox 422 5312 613 5368; x_wconf 69' lang='lat' dir='ltr'><strong>Matth.</strong></span> <span class='ocrx_word' id='word_1_547' title='bbox 652 5329 820 5378; x_wconf 73' lang='lat' dir='ltr'><strong>xxv&quot;,</strong></span> <span class='ocrx_word' id='word_1_548' title='bbox 860 5313 946 5368; x_wconf 77' lang='lat'><strong>63.</strong></span> 
     </span>
    </p>
   </div>
   <div class='ocr_carea' id='block_1_90' title="bbox 1219 5495 2567 5577">
    <p class='ocr_par' dir='ltr' id='par_1_90' title="bbox 1219 5495 2567 5577">
     <span class='ocr_line' id='line_1_90' title="bbox 1219 5495 2567 5577; baseline -0.003 -19"><span class='ocrx_word' id='word_1_549' title='bbox 1219 5498 1521 5562; x_wconf 85' lang='lat' dir='ltr'><strong>Addenda</strong></span> <span class='ocrx_word' id='word_1_550' title='bbox 1552 5507 1610 5559; x_wconf 89' lang='lat' dir='ltr'><strong>et</strong></span> <span class='ocrx_word' id='word_1_551' title='bbox 1659 5498 2032 5577; x_wconf 79' lang='lat' dir='ltr'><strong>corrigenda</strong></span> <span class='ocrx_word' id='word_1_552' title='bbox 2068 5515 2146 5558; x_wconf 85' lang='lat' dir='ltr'><strong>ex</strong></span> <span class='ocrx_word' id='word_1_553' title='bbox 2196 5496 2334 5558; x_wconf 93' lang='lat' dir='ltr'><strong>cod.</strong></span> <span class='ocrx_word' id='word_1_554' title='bbox 2368 5495 2567 5557; x_wconf 81' lang='lat' dir='ltr'><strong>Vatic.</strong></span> 
     </span>
    </p>
   </div>
   <div class='ocr_carea' id='block_1_91' title="bbox 349 5681 2731 5757">
    <p class='ocr_par' dir='ltr' id='par_1_91' title="bbox 349 5681 2731 5757">
     <span class='ocr_line' id='line_1_91' title="bbox 349 5681 2731 5757; baseline 0.001 -22"><span class='ocrx_word' id='word_1_555' title='bbox 349 5681 425 5757; x_wconf 65' lang='grc' dir='ltr'>ζ</span> <span class='ocrx_word' id='word_1_556' title='bbox 551 5682 741 5757; x_wconf 68' lang='grc' dir='ltr'>ἐαυτδν</span> <span class='ocrx_word' id='word_1_557' title='bbox 770 5683 1057 5757; x_wconf 74' lang='grc' dir='ltr'>ἐξεδίκησά</span> <span class='ocrx_word' id='word_1_558' title='bbox 1088 5697 1237 5739; x_wconf 79' lang='grc' dir='ltr'>ποτε.</span> <span class='ocrx_word' id='word_1_559' title='bbox 2026 5686 2101 5754; x_wconf 70' lang='grc'>(4)</span> <span class='ocrx_word' id='word_1_560' title='bbox 2124 5685 2309 5757; x_wconf 75' lang='grc' dir='ltr'>Αὐτῶν</span> <span class='ocrx_word' id='word_1_561' title='bbox 2336 5682 2731 5757; x_wconf 67' lang='grc' dir='ltr'>ἀναποκλείσει.</span> 
     </span>
    </p>
   </div>
   <div class='ocr_carea' id='block_1_92' title="bbox 344 5751 1946 5891">
    <p class='ocr_par' dir='ltr' id='par_1_92' title="bbox 344 5751 981 5891">
     <span class='ocr_line' id='line_1_92' title="bbox 344 5751 981 5821; baseline 0.005 -19"><span class='ocrx_word' id='word_1_562' title='bbox 344 5752 424 5818; x_wconf 67' lang='lat'><strong>(‘2)</strong></span> <span class='ocrx_word' id='word_1_563' title='bbox 467 5751 767 5821; x_wconf 72' lang='grc' dir='ltr'>Ἠττηοε1ς.</span> <span class='ocrx_word' id='word_1_564' title='bbox 972 5751 981 5757; x_wconf 69' lang='grc'>⁷</span> 
     </span>
     <span class='ocr_line' id='line_1_93' title="bbox 347 5819 816 5891; baseline -0.004 -13"><span class='ocrx_word' id='word_1_565' title='bbox 347 5819 422 5891; x_wconf 71' lang='grc'><strong>(3)</strong></span> <span class='ocrx_word' id='word_1_566' title='bbox 459 5822 524 5874; x_wconf 75' lang='grc' dir='ltr'><strong>Εἴ</strong></span> <span class='ocrx_word' id='word_1_567' title='bbox 550 5841 597 5874; x_wconf 90' lang='grc' dir='ltr'><strong>τι</strong></span> <span class='ocrx_word' id='word_1_568' title='bbox 630 5819 719 5876; x_wconf 75' lang='grc' dir='ltr'><strong>οὖν</strong></span> <span class='ocrx_word' id='word_1_569' title='bbox 747 5841 816 5876; x_wconf 85' lang='grc' dir='ltr'>τι.</span> 
     </span>
    </p>
   </div>
   <div class='ocr_carea' id='block_1_93' title="bbox 905 5751 2507 5891">
    <p class='ocr_par' dir='ltr' id='par_1_93' title="bbox 972 5751 2507 5826">
     <span class='ocr_line' id='line_1_94' title="bbox 972 5751 2507 5826; baseline -0.001 -17"><span class='ocrx_word' id='word_1_570' title='bbox 972 5751 981 5757; x_wconf 63' lang='grc'>⁷</span> <span class='ocrx_word' id='word_1_571' title='bbox 2027 5751 2100 5826; x_wconf 77' lang='grc'><strong>(5)</strong></span> <span class='ocrx_word' id='word_1_572' title='bbox 2124 5755 2230 5809; x_wconf 86' lang='grc' dir='ltr'><strong>Τοῦ</strong></span> <span class='ocrx_word' id='word_1_573' title='bbox 2254 5755 2507 5825; x_wconf 81' lang='grc' dir='ltr'>Χριστοῦ.</span> 
     </span>
    </p>
   </div>
  </div>
