4058 6454
224 415 330 472 673
1176 410 1263 465 DE
1300 410 1576 468 TITULIS
1614 409 2065 466 PSALMORUM.
2110 439 2181 452 —
2219 410 2411 465 PSAL.
2458 410 2591 466 VIII.
3351 409 3458 469 674

392 528 494 592 Εἰς
519 524 584 580 τὸ
607 525 780 591 τέλος
809 523 962 591 ὑπὲρ
982 521 1102 576 τῶν
1124 523 1349 590 ληνῶν,
1383 523 1623 592 ψταμὸς
1820 532 1869 586 Α

1820 532 1869 586 Α
2034 523 2101 579 In
2123 525 2280 595 ﬁnem
2316 540 2410 594 pro
2450 521 2823 584 torcularibus,
2848 518 3081 587 psalmus
3120 518 3312 578 Dauid.

698 613 780 680 τῷ
802 614 996 669 Δαϐίδ.
1030 616 1204 669 ΨΑΛ.
1232 612 1319 668 H’.

1269 612 1319 668 I'.
2459 614 2662 670 PSAL.
2707 610 2871 668 VIII.

297 709 351 766 1.
383 709 556 782 Κύριε
577 711 606 763 ὁ
634 706 838 777 Κύριος
861 705 1041 777 ήμῶν,
1067 706 1142 769 ὡς
1191 704 1503 777 θαυμαστὸν
1540 705 1599 759 τὸ
1624 705 1795 776 ὄνομά

1967 706 2019 761 1.
2049 705 2276 763 Domine
2308 708 2574 761 Dominus
2590 714 2796 770 noster,
2817 720 2984 777 quam
3020 705 3339 762 admirabile
3373 714 3459 763 est

229 819 324 857 σου
351 804 409 855 ἐν
432 802 583 874 πάσῃ
604 803 669 871 τῇ
702 802 774 870 γῇ
795 800 808 852 I

1897 815 2095 855 nomen
2136 811 2286 856 tuum
2323 800 2377 855 in
2414 802 2665 855 universa
2689 800 2868 855 terra!

296 896 351 950 2.
382 895 503 948 Ὀτι
523 891 733 964 ἐπήρθη
758 892 791 962 ή
823 888 1266 961 μεγαλοπρέπεια
1292 906 1385 943 σου
1414 889 1666 960 ὑπεράνω
1682 888 1792 943 τῶν

1962 893 2017 948 2.
2044 893 2310 960 Quoniam
2342 893 2551 949 elevata
2583 902 2668 951 est
2716 892 3119 964 magniﬁcentia
3168 899 3261 946 tua
3292 906 3454 961 super

224 985 489 1059 οὐρανῶν.
1542 1024 1543 1027 η
1894 965 2087 1041 οωιοεί

294 1076 349 1130 5.
396 1076 488 1128 Ἑκ
512 1074 779 1145 στόματος
801 1071 1010 1143 νηπίων
1053 1071 1150 1125 καὶ
1199 1069 1536 1143 θηλαζόντων
1588 1086 1788 1143 κατηρο

1963 1078 2015 1131 5.
2050 1075 2127 1132 Ex
2149 1091 2244 1132 ore
2264 1074 2554 1135 infantium
2593 1088 2651 1135 et
2693 1076 3007 1133 lactentium
3030 1074 3304 1146 perlecisti
3337 1075 3456 1131 lau-

220 1166 357 1220 τίσω
385 1162 553 1231 αἶνον,
1895 1166 2038 1234 dem,

291 1257 345 1311 4.
383 1258 588 1311 Ἕνεκα
617 1255 726 1310 τῶν
763 1253 971 1326 ἐχθρῶν
1001 1269 1117 1319 σου,

1961 1256 2015 1311 4.
2052 1256 2277 1327 Pr0pter
2303 1257 2558 1314 inimicos
2584 1266 2730 1325 tuos,

293 1349 347 1404 5.
378 1347 484 1402 Τοῦ
513 1345 815 1401 καταλῦσαι
842 1346 1033 1417 ἐχθρὸν
1073 1345 1165 1398 καὶ
1190 1344 1502 1417 ἐκδικητήν.

1477 1362 1502 1400 ν.
1963 1350 2016 1404 5.
2048 1348 2118 1405 Ut
2144 1351 2396 1407 destrnas
2428 1352 2711 1407 inimicum
2739 1360 2794 1408 et
2827 1351 3079 1409 ultorem.

293 1436 347 1490 6.
381 1436 499 1490 Ὅτι
531 1436 732 1507 ὄψομαι
760 1436 887 1499 τοὺς
916 1435 1178 1506 οὐρανοὺς
1200 1434 1337 1506 ἔργα
1364 1435 1473 1491 τῶν
1514 1435 1788 1490 δακτύλων

1962 1440 2015 1497 6.
2053 1440 2322 1510 Quoniam
2353 1442 2548 1499 videbo
2598 1444 2768 1499 cmlos
2806 1452 2928 1499 tuos
2961 1458 3124 1514 opera
3160 1440 3450 1512 digitorum

223 1542 352 1592 σου,

1893 1539 2132 1598 tuorum,

290 1618 341 1671 7.
378 1618 616 1689 Σελήνην
643 1616 738 1671 καὶ
758 1617 1013 1687 ἀστέρας,
1044 1617 1080 1671 ἂ
1118 1618 1183 1671 σὺ
1215 1616 1596 1688 ἐθεμελίωσας.

1532 1634 1596 1681 ις·
1963 1622 2014 1680 7.
2051 1622 2261 1679 Lunam
2300 1632 2353 1678 et
2390 1623 2594 1690 stellas,
2622 1639 2744 1693 qum
2781 1632 2839 1678 tu
2877 1623 3134 1679 fundasti.

289 1707 343 1763 8.
378 1705 443 1761 Τί
473 1709 621 1761 ἐστιν
642 1706 950 1779 ἄνθρωπος,
978 1710 1060 1761 ὅτι
1094 1709 1373 1779 μιμνήσκῃ
1396 1706 1558 1761 αὑτοῦ
1582 1723 1598 1773 ;

1593 1724 1598 1769 L
1960 1713 2013 1769 8.
2046 1713 2187 1782 Quid
2219 1724 2302 1770 est
2328 1715 2514 1781 homo,
2545 1717 2690 1786 quod
2729 1732 2931 1771 memor
2958 1731 3017 1770 es
3041 1714 3195 1785 ejus?

290 1799 344 1856 9.
378 1799 448 1851 Ἢ
481 1798 593 1861 υίὸς
614 1797 922 1871 ἀνθρώπου,
944 1799 1026 1852 ὅτι
1048 1799 1353 1872 ἐπισκέπτῃ
1376 1798 1536 1851 αὐτόν
1558 1814 1572 1863 ;

1961 1802 2014 1858 9.
2047 1803 2156 1859 Aut
2191 1803 2336 1859 Illius
2365 1804 2625 1870 hominis,
2652 1806 2907 1875 quoniam
2928 1806 3120 1861 visitas
3142 1806 3302 1860 eum?

294 1888 380 1945 10.
422 1889 764 1954 ’ίΙλάττωσας
802 1889 964 1945 αὑτὸν
988 1890 1159 1962 βραχύ
1179 1906 1233 1943 τι
1263 1890 1391 1963 παρ’
1424 1890 1717 1960 ἀγγέλους·
1816 1926 1859 1983 Β

1636 1906 1717 1953 λς’
1816 1926 1859 1983 Β
1957 1896 2044 1950 10.
2074 1895 2315 1953 Minuisti
2337 1913 2460 1952 eum
2494 1899 2657 1967 paulo
2692 1899 2867 1954 minus
2890 1898 2959 1953 ab
2992 1897 3238 1968 angi-lis:

290 1982 377 2037 11.
404 1981 541 2055 Δόξῃ
566 1984 660 2038 καὶ
687 1986 817 2056 τιμῇ
848 1984 1229 2054 ἐστεφάνωσας
1251 1983 1433 2049 αὐτὸν,
1826 1981 1844 1983 “

1826 1981 1844 1983 “
1958 1989 2045 2041 11.
2082 1989 2266 2044 Gloria
2299 1999 2351 2043 et
2377 1992 2582 2044 honore
2608 1990 2884 2045 coronasli
2906 2007 3066 2055 eum,

293 2072 377 2128 12.
408 2074 517 2127 Καὶ
537 2074 872 2146 κατέστησας
896 2074 1057 2129 αὐτὸν
1085 2074 1176 2129 ἐπὶ
1198 2073 1265 2128 τά
1292 2074 1426 2145 ἔργα
1448 2073 1556 2126 τῶν
1584 2072 1781 2143 χειρῶν

1961 2077 2046 2131 12.
2077 2076 2142 2132 ΕΙ.
2168 2079 2497 2135 constituisti
2520 2094 2645 2134 eum
2670 2094 2832 2150 super
2859 2093 3024 2150 opera
3052 2092 3310 2133 manuum
3333 2084 3452 2132 tua-

220 2182 337 2221 σου.
1890 2186 2032 2225 rum.

291 2258 377 2316 15.
413 2259 598 2315 Πάντα
627 2258 895 2327 ὑπέταξας
926 2259 1182 2314 ὑποκάτω
1205 2259 1314 2312 τῶν
1337 2255 1514 2311 ποδῶν
1538 2254 1727 2321 αὑτοῦ,

1538 2254 1727 2321 αὑτοῦ,
1960 2257 2048 2313 15.
2083 2257 2277 2314 Omnia
2305 2259 2585 2330 subjecisti
2608 2260 2712 2315 sub
2732 2260 2960 2331 pedibus
2983 2262 3104 2332 ejus
3122 2299 3139 2328 ,

1357 2395 1728 2453 ATIIANASII
1768 2395 2343 2454 INTEBPRETATIO.

298 2512 363 2565 Ἦ
398 2511 729 2583 προκειμένη
761 2512 1037 2585 ἐπιγραφὴ
1072 2515 1104 2584 ἡ
1135 2511 1224 2566 διὰ
1243 2512 1344 2584 τῆς
1365 2512 1734 2587 κινναϐάρεως
1756 2514 2036 2588 περιέχει·
2061 2516 2163 2582 Εἰς
2194 2514 2259 2568 τὸ
2293 2514 2488 2583 τέλος,
2519 2513 2672 2584 ὑπὲρ
2693 2512 2811 2568 τῶν
2835 2514 3070 2583 lor-(Br,
3108 2514 3349 2585 ψαλμὸς
3374 2515 3457 2582 τῷ

215 2602 415 2659 Δαϐίδ.
439 2603 610 2658 Τοῦτο
640 2599 733 2683 οὖν
764 2607 932 2669 ἐστιν,
960 2605 990 2659 ὃ
1010 2605 1155 2673 λέγει
1178 2620 1194 2635 °
1236 2605 1354 2660 Ἐπ’
1386 2606 1628 2676 ἐσχάτων
1663 2604 1868 2677 (1)τῶν
1899 2606 2108 2678 χρόνων
2154 2607 2295 2677 ὑπὲρ
2340 2607 2447 2660 τῶν
2479 2608 2707 2678 ἐχόντων
2741 2611 2798 2662 ἐν
2833 2609 3045 2671 ἑαυτοῖς
3066 2608 3157 2661 τὸν
3179 2604 3320 2662 οἶνον
3365 2606 3457 2661 τὸν

216 2698 573 2770 εὐφραίνοντα
593 2700 817 2772 καρδίας
849 2700 949 2770 (2).
979 2700 1222 2757 τουτέστι
1244 2701 1337 2755 τὸν
1363 2698 1587 2772 Κύριον·
1617 2699 1705 2754 διὰ
1726 2702 1883 2756 τοῦτο
1908 2702 2014 2774 γὰρ
2043 2702 2272 2771 ληνοὺς
2292 2702 2487 2767 αὐτοὺς
2516 2699 2655 2758 εἷπε.
2686 2703 2892 2758 manu
2923 2700 3016 2758 οὖν
3044 2703 3208 2758 Δαόὶδ
3235 2704 3314 2769 είς
3334 2704 3459 2758 ἐαυ-

212 2795 341 2858 τοὺς
364 2794 453 2848 τὸν
489 2795 705 2867 ψαλμὸν
732 2796 809 2867 τῷ
832 2797 1039 2868 Κυρίῳ.

291 2889 522 2954 Titulus,
541 2892 633 2961 qui
662 2892 874 2961 psalmo
903 2892 1255 2959 praeponitur.
1278 2889 1562 2946 cinnabari
1593 2891 1848 2962 scriptus,
1883 2892 2127 2949 continet
2154 2890 2256 2948 :In
2284 2894 2442 2963 finem
2470 2909 2566 2964 pro
2592 2891 2970 2957 torcularibus,
2994 2892 3227 2962 psalmus
3259 2892 3451 2949 David.

217 2979 333 3036 Hoc
362 2985 526 3053 igitur
545 2993 648 3047 est,
680 2984 823 3052 quod
873 2984 1004 3038 dicit
1036 3004 1049 3039 :
1104 2984 1159 3038 In
1194 2987 1504 3042 novissimis
1537 2989 1874 3057 temporibus
1919 3004 2018 3060 pro
2059 2990 2148 3055 iis,
2185 2991 2279 3060 qui
2332 2991 2532 3045 habent
2583 2989 2635 3043 in
2691 3004 2749 3045 se
2779 2989 2912 3057 ipsis
2959 3004 3142 3043 thtnn
3179 2989 3458 3044 laatillcans

213 3082 399 3142 carda.
431 3081 533 3135 hoc
564 3087 647 3133 est
682 3080 965 3133 Dominum
995 3097 1009 3143 ;
1044 3081 1246 3136 idcirco
1271 3082 1414 3135 enim
1445 3096 1540 3138 cos
1568 3082 1705 3137 dixit
1732 3083 2041 3138 toreularia.
2067 3084 2417 3151 Davidigitur
2437 3084 2490 3138 in
2514 3099 2700 3137 eorum
2734 3098 2964 3152 persona
2998 3082 3175 3153 psallit
3205 3082 3454 3141 Domino.

285 3175 336 3229 1.
369 3173 536 3242 Κύριε
565 3174 593 3225 ὁ
617 3172 746 3237 Θεὸς
767 3174 842 3241 (5)
872 3174 1047 3245 ἡμῶν,
1075 3176 1150 3240 ὡς
1174 3176 1381 3241 ἔνδοξον
1404 3177 1462 3230 τὸ
1490 3176 1662 3247 ὄνομά
1689 3194 1784 3230 σου

1966 3179 2017 3232 1.
2049 3178 2274 3232 Domine
2304 3177 2446 3233 Deus
2477 3187 2677 3239 noster,
2712 3193 2874 3247 quant
2912 3177 3208 3248 gloriosum
3237 3191 3321 3235 est
3352 3194 3456 3235 no-

212 3262 368 3324 παρὰ
402 3264 565 3316 πᾶσιν
610 3264 873 3336 ὑπάρχειί
907 3266 989 3318 ὅτι
1020 3265 1153 3330 Θεὸς
1208 3265 1283 3319 ὢν
1314 3266 1586 3330 πέπονθας
1643 3268 1783 3340 ὑπὲρ

1891 3283 2015 3323 men
2048 3278 2200 3324 tuum
2229 3269 2371 3338 apud
2395 3283 2585 3323 omnes
2612 3269 2624 3321 ι
2651 3270 2910 3338 quoniam
2945 3284 3070 3323 cum
3103 3267 3251 3324 Deus
3279 3284 3454 3337 esses,

210 3351 391 3425 ﬁumm

1891 3375 2088 3431 passus
2116 3375 2176 3417 es
2203 3375 2301 3431 pro
2332 3362 2507 3417 nobis.

280 3441 335 3497 2.
386 3442 449 3496 Ἠ
469 3442 628 3514 χάρις
658 3458 751 3497 σου
780 3445 835 3497 ἐν
862 3446 973 3506 τοῖς
1002 3444 1359 3509 ἀποστόλοις.·
1810 3478 1854 3535 c

1150 3444 1359 3509 τόλοις.·
1810 3478 1854 3535 c
1961 3454 2015 3508 2.
2050 3453 2236 3510 Gratia
2261 3463 2352 3510 tua
2385 3455 2437 3507 in
2473 3453 2752 3523 apostolis.

282 3534 339 3589 ὅ.
373 3534 455 3587 “rs
484 3534 671 3587 παιδία
699 3533 928 3601 λέγειτά
954 3535 1011 3587 ἐν
1042 3534 1119 3605 τῷ
1138 3535 1266 3607 ἱερῷ
1286 3535 1575 3608 κράζοντα,
1599 3538 1693 3592 καὶ
1717 3550 1787 3593 τα
1828 3533 1854 3535 ’ἡ

1850 3533 1854 3535 ’
1961 3545 2016 3601 5.
2050 3545 2255 3601 Pueros
2289 3545 2556 3615 signiﬁcat
2602 3546 2657 3600 in
2707 3545 2907 3616 templo
2949 3545 3248 3601 clamantes
3293 3554 3350 3603 et
3393 3546 3452 3603 in

213 3629 273 3681 ἐν
300 3624 546 3695 Βηθλεέμ
566 3624 917 3695 ἀναιρεθέντα
947 3626 1015 3679 δι’
1048 3628 1233 3682 αὐτόν.

1222 3670 1233 3682 -
1890 3636 2160 3693 Bethleem
2190 3646 2417 3706 protper
2443 3652 2566 3690 eum
2592 3637 2824 3692 occisos.

284 3716 338 3782 4,
372 3716 426 3771 5.
457 3716 591 3788 Περὶ
617 3716 726 3770 τῶν
762 3718 1027 3773 Ἰουδαίων
1049 3721 1142 3775 καὶ
1165 3719 1259 3774 τοῦ
1292 3720 1536 3776 διασόλου
1564 3721 1734 3791 λέγει.

1564 3721 1734 3791 λέγει.
1954 3727 2011 3790 4.
2038 3729 2088 3783 5.
2134 3727 2205 3782 De
2227 3727 2432 3783 Iudaeis
2465 3737 2519 3783 ct
2544 3729 2611 3783 de
2641 3727 2859 3783 diabolo
2881 3727 3142 3800 loquitur.

280 3806 335 3861 6.
370 3808 548 3879 Ἔργα
571 3808 719 3877 λέγει
746 3810 873 3874 τοὺς
918 3811 1177 3880 οὐρανοὺς
1211 3811 1305 3866 τοῦ
1347 3814 1661 3885 Πνεύματος
1690 3811 1786 3868 τοῦ

1596 3831 1661 3878 τος
1690 3811 1786 3868 τοῦ
1956 3819 2011 3881 6.
2045 3818 2227 3876 C(elos
2255 3827 2413 3876 vocat
2441 3828 2607 3892 Opera
2633 3820 2871 3893 Spiritus
2900 3823 3099 3881 sancti.
3194 3807 3198 3812 1

216 3902 396 3971 ἁγίου.

282 3992 336 4045 7.
368 3990 601 4063 Σελήνην
653 3990 799 4061 λέγει
842 3992 935 4046 τὸν
976 3993 1197 4065 κόσμον,
1253 3994 1491 4069 ἀστέρας
1544 3996 1603 4051 δὲ
1661 3999 1787 4064 τοὺς

1956 4000 2010 4054 7.
2044 4001 2253 4056 Lunam
2289 4011 2449 4057 vocat
2483 4001 2767 4066 mundum,
2793 4000 2978 4057 stellas
3002 4009 3183 4057 autem
3208 4010 3451 4061 sanctos.

210 4084 422 4155 ἁγίους.

284 4176 338 4230 8.
376 4175 489 4229 Οὐκ
515 4174 623 4230 ἀπὸ
651 4174 753 4247 γῆς
781 4177 925 4230 ἐστιν
946 4177 1175 4241 ἔκαστος
1204 4178 1313 4233 τῶν
1339 4179 1481 4234 κατά
1511 4180 1671 4249 φύσιν
1692 4182 1786 4235 ἀν-

1955 4173 2008 4227 8.
2038 4174 2230 4228 Nonne
2257 4190 2287 4227 e
2318 4183 2460 4228 terra
2491 4174 2865 4245 unusquisque
2891 4183 2973 4231 est
3001 4174 3299 4231 secundum
3342 4174 3450 4231 hu-

215 4267 452 4339 θρώπων
475 4284 490 4333 ς

1884 4277 2100 4317 manam
2136 4265 2420 4318 naturam?

284 4359 339 4414 9.
366 4358 461 4421 Τίς
489 4359 565 4428 (4;
588 4357 760 4423 οὕτως
786 4376 945 4414 αυτον
970 4359 1294 4430 ἠγάπησαςῑ

1117 4377 1294 4430 meae;
1954 4350 2008 4406 9.
2044 4350 2155 4408 Cur
2184 4352 2257 4408 ita
2284 4369 2409 4409 eum
2439 4354 2719 4409 dilexisti?

288 4448 375 4503 10.
412 4449 548 4516 Περὶ
570 4448 664 4502 τοῦ
691 4451 895 4522 Κυρίου
927 4450 1193 4521 λέγεικαὶ
1222 4451 1315 4506 τοῦ
1353 4451 1556 4517 πάθους
1592 4454 1780 4507 αὐτοῦ’

1959 4442 2043 4498 Ιθ.
2070 4443 2145 4499 De
2167 4444 2396 4500 Domino
2424 4447 2681 4514 loquitur,
2704 4455 2756 4498 et
2777 4444 2844 4498 de
2864 4446 3115 4515 passione
3136 4446 3289 4516 ejus;
3313 4463 3451 4513 quo-

210 4540 511 4612 ἐπειδήπερ
548 4543 596 4594 οἱ
630 4542 726 4611 μὲν
744 4541 963 4609 ἄγγελοι
989 4543 1246 4598 ἀθάνατοί
1278 4546 1405 4607 εἰσι,
1454 4543 1543 4597 τὸν
1572 4544 1629 4598 δέ
1654 4547 1784 4616 ὁμο-

1883 4535 2028 4591 niam
2053 4537 2228 4609 angeli
2252 4536 2467 4607 quidem
2494 4536 2828 4591 immortales
2860 4546 3007 4601 sunt,
3042 4535 3237 4591 Filium
3269 4549 3448 4594 autem

206 4632 392 4688 ούσιον
411 4631 573 4687 αὑτοῦ
602 4633 726 4686 Υίὸν
754 4632 1066 4708 παρέδωκεν
1085 4637 1114 4689 ὁ
1139 4636 1328 4707 Πατὴρ
1358 4635 1496 4707 ὑπὲρ
1530 4635 1685 4706 ήμῶν
1704 4638 1785 4699 εἰς

1884 4646 2041 4687 suum
2095 4631 2616 4686 consubstantialem
2662 4630 2823 4685 morti
2873 4629 3096 4685 tradidit
3147 4628 3308 4686 Pater
3349 4646 3449 4702 pro

211 4724 445 4781 θάνατον
467 4741 482 4756 ο

475 4741 482 4756 ι
1883 4722 2044 4777 nobis
2062 4737 2077 4786 ;

282 4818 371 4871 11.
398 4816 571 4871 Τοῦτο
597 4818 705 4889 γὰρ
727 4816 875 4889 αὑτῷ
896 4818 1106 4891 ὑπῆρχε
1135 4817 1280 4883 δόξα.
1810 4816 1858 4876 D

1167 4817 1280 4883 όξα.
1810 4816 1858 4876 D
1955 4813 2043 4869 11.
2067 4813 2184 4868 Hoc
2212 4812 2356 4867 enim
2382 4812 2432 4866 ei
2455 4812 2641 4884 glorise
2665 4810 2769 4867 fuit

282 4908 371 4964 12.
408 4908 642 4973 Πάντας,
665 4908 758 4973 οὓς
780 4908 998 4973 ἔκτισας
1027 4908 1366 4982 ἀνθρώπους,
1390 4908 1652 4979 ἐποίησας
1681 4926 1784 4977 φυο

1958 4906 2044 4959 12.
2072 4906 2290 4968 Omnes,
2325 4919 2464 4975 quos
2510 4905 2704 4959 creasti
2747 4903 3014 4971 homines,
3048 4903 3223 4959 fecisti
3266 4904 3338 4961 ab
3384 4921 3452 4961 eo

203 5002 499 5058 λάττεσθαι
523 5000 613 5054 ὑπ’
640 5001 825 5057 αὐτοῦ.

568 5000 613 5053 π’
640 5001 825 5057 αὐτοῦ.
1888 4997 2170 5052 custodiri.

282 5092 371 5145 15.
396 5090 555 5161 Αὐτῷ
586 5091 712 5163 γὰρ,
746 5093 821 5157 ὡς
852 5091 1073 5157 δυνατὸς
1102 5090 1157 5166 ᾗ,
1181 5086 1225 5160 ᾧ
1258 5093 1367 5146 πᾶν
1397 5090 1525 5161 γόνυ
1571 5089 1781 5159 κάμψει

1961 5088 2047 5142 15.
2078 5087 2183 5156 Ipsi
2216 5086 2381 5147 enim.
2409 5102 2535 5142 cum
2566 5094 2758 5157 potens
2793 5087 2885 5152 sit,
2913 5101 3076 5141 omne
3109 5101 3249 5157 genu
3274 5085 3455 5143 ﬂectet

207 5183 569 5254 ἐπουρανίων,
599 5183 853 5250 ἐπιγείων
883 5182 982 5255 (5),
1021 5184 1407 5255 καταχθονίων,
1426 5181 1779 5253 ἐξομολογού-

1888 5179 2212 5244 etelcstium,
2233 5178 2570 5234 terrestrium
2596 5187 2651 5233 et
2682 5176 3043 5244 infernorum,
3073 5178 3449 5233 conﬁtentium

208 5290 387 5345 μενοι,
412 5274 497 5327 ὅτι
530 5272 735 5346 Ἰησοῦς
770 5273 845 5337 ὼς
875 5273 1088 5345 ἀληθῶς
1124 5275 1249 5339 Υἱός
1289 5291 1383 5328 σου
1431 5275 1572 5327 κατά
1616 5273 1780 5343 φύσιν

1886 5271 2033 5341 quod
2056 5270 2216 5327 Jesns
2244 5287 2370 5327 vere
2402 5269 2574 5327 Filius
2606 5280 2733 5327 tuus
2762 5280 2846 5327 est
2874 5274 3173 5327 secundum
3203 5280 3450 5326 naturam

207 5364 312 5435 τῆς
336 5364 437 5435 σῆς
464 5364 652 5428 οὐσίας
679 5365 849 5422 ἐστίν.

679 5365 849 5422 ἐστίν.
1887 5374 1993 5419 tua!
2013 5365 2273 5421 essentia.

1160 5501 1461 5566 Addenda
1492 5505 1555 5563 et
1591 5495 1964 5576 corrigenda
2016 5515 2091 5559 ex
2126 5500 2267 5562 cod.
2301 5498 2500 5561 Vatic.

307 5626 361 5697 1)
398 5628 502 5680 Ἀπ
543 5629 791 5697 ἐσχατου.
1967 5625 2038 5692 μ)
2059 5626 2141 5679 Τί.

307 5627 361 5697 1)
398 5628 502 5680 Ἀπ
543 5629 791 5697 ἐσχατου.
1967 5627 2141 5692 ΜΤί.

1958 5698 2033 5767 (5)
2080 5698 2166 5763 Ὠς
2190 5696 2413 5768 δύναμις
2439 5710 2497 5769 ῃ,
2513 5710 2623 5751 παν
2648 5732 2663 5748 .
2682 5732 2698 5749 .
2726 5733 2741 5747 .
2770 5734 2784 5750 .
2807 5712 2899 5750 και
2931 5712 3187 5764 επιγειων
3210 5698 3327 5768 καί,
3340 5706 3451 5758 etc.
