4058 6486
212 427 314 482 677

281 542 367 596 12.
415 542 684 593 Ἀπῶλετο
709 540 769 592 τὸ
801 538 1142 608 μνημόσυνον
1175 538 1350 591 αὐτῶν
1389 539 1502 608 μετ’
1544 541 1704 608 ἤχου·

276 633 364 687 15.
397 633 505 686 Καὶ
528 634 554 684 ὁ
579 632 781 701 Κύριος
807 632 886 692 εἰς
908 629 996 682 τὸν
1032 629 1199 681 αἰῶνα
1235 631 1400 698 μένει.

276 725 363 779 14.
403 724 734 792 ,Ἦτοίμασεν
763 725 820 774 ὲν
846 723 1022 792 κρίσει
1057 723 1150 773 τὸν
1185 721 1370 792 θρόνον
1400 722 1564 775 αὐτοῦ
1584 739 1596 751 ·

279 815 366 870 15.
391 814 500 867 Καὶ
525 814 685 875 αὐτὸς
704 815 877 882 κρινεί
893 812 989 883 τὴν
1006 813 1329 882 οἰκουμένην
1352 815 1408 865 ἐν
1425 813 1736 885 δικαιοσύνη

280 907 364 960 16.
407 908 594 976 Κρινεῖ
623 904 780 964 λαοὺς
807 906 864 956 ὲν
899 904 1173 972 εὐθύτητι,

285 1000 369 1051 17.
412 998 520 1049 Καὶ
549 997 764 1059 ἐγένετο
797 996 998 1067 Κύριος
1029 997 1319 1064 καταφυγὴ
1347 998 1424 1064 τῷ
1456 996 1668 1067 πένητι,

279 1089 364 1144 18.
397 1089 598 1160 Βοηθὸς
622 1091 678 1140 ἐν
705 1087 1026 1159 εὐκαιρίαις,
1074 1090 1130 1140 ὲν
1157 1088 1387 1155 θλίψεσι.

283 1181 366 1235 19.
409 1180 518 1233 Καὶ
571 1179 944 1232 ἐλπισάτωσαν
986 1179 1076 1230 ἐπὶ
1131 1179 1212 1230 σοι
1241 1180 1288 1230 οἱ
1323 1177 1678 1246 γινώσκοντες
1718 1181 1778 1232 τὸ

208 1273 377 1342 δνομὰ
404 1289 496 1324 σου
513 1288 526 1302 ’

274 1363 1099 1434 2Ο.”Οτιὲοὐκὲγκατέλιπεςτούς
1112 1362 1471 1432 ἐκζητοῦντάς
1488 1381 1567 1427 σε,
1583 1367 1774 1436 Κύριε.

278 1459 365 1512 21.
401 1458 619 1511 Ψάλατε
648 1456 724 1527 τῷ
755 1455 944 1528 Κυρίῳ
982 1455 1055 1525 τῷ
1085 1455 1426 1507 κατοικοῦντι
1455 1458 1511 1508 ὲν
1545 1457 1699 1510 Σιών·

280 1550 370 1604 22.
413 1550 793 1618 Ἀναγγείλατε
824 1552 880 1601 ὲν
913 1550 1025 1610 τοῖς
1063 1547 1238 1600 ἔθνεσι
1278 1548 1343 1601 τὰ
1377 1550 1778 1622 ἐπιτηδεύματα

209 1642 395 1694 αὐτοῦ·

282 1734 370 1787 25.
404 1733 526 1785 "Ott
551 1737 577 1786 ό
604 1734 844 1806 ἐκζητῶν
870 1735 937 1790 τὰ
969 1737 1174 1807 αἵματα
1208 1737 1385 1791 αὐτῶν
1422 1737 1702 1809 ἐμνήτθη·

278 1909 366 1962 21.
401 1911 514 1963 Οὐκ
543 1910 833 1966 ἐπελάθετο
861 1912 960 1982 τῆς
985 1915 1230 1984 κραυγῆς
1267 1916 1375 1968 τῶν
1408 1917 1678 1987 πενήτων.

279 2003 370 2058 25.
416 2003 665 2074 Ἐλέησόν
699 2022 786 2074 με,
822 2005 1020 2069 Κύριε·
1067 2007 1140 2059 ἴδε
1177 2007 1273 2076 τὴν
1312 2010 1634 2062 ταπείνωσίν
1676 2026 1775 2080 μου

205 2096 274 2148 ἐκ
304 2095 409 2148 τῶν
437 2096 644 2166 ἐχθρῶν
672 2114 771 2165 μου

279 2187 366 2240 26.
411 2187 469 2238 '0
494 2185 643 2255 ὑψῶν
677 2204 742 2256 με
775 2189 836 2238 ἐκ
869 2186 974 2239 τῶν
1005 2188 1186 2240 πυλῶν
1217 2189 1308 2241 τοῦ
1339 2189 1597 2256 θανάτου,

276 2279 365 2331 27.
404 2279 588 2342 Ὅπως
618 2278 682 2332 ἂν
710 2278 1006 2348 ὲξαγγείλω
1034 2284 1212 2346 πάσας
1237 2283 1334 2346 τὰς
1360 2285 1593 2348 αἰνέσεις
1624 2302 1716 2337 σου

282 2371 371 2424 28.
420 2372 506 2423 Ἐν
531 2374 650 2434 ταῖς
679 2373 870 2436 πύλαις
895 2374 992 2443 τῆς
1024 2374 1290 2445 θυγατρὸς
1323 2377 1484 2429 Σιών.

282 2463 371 2517 29.
427 2463 888 2534 Ἀγαλλιασόμεθα
911 2467 1000 2518 ἐπὶ
1025 2466 1102 2536 τῷ
1130 2469 1380 2538 σωτηρίῳ
1416 2486 1528 2521 σου.

280 2555 365 2608 50.
417 2557 788 2628 Ἐνεπάγησαν
819 2558 945 2628 ἔθνη
976 2560 1033 2610 ἐν
1062 2556 1401 2632 διαφθορᾷ,
1427 2562 1706 2631 ἐποίησαν.

284 2647 374 2702 51.
414 2649 503 2701 Ἐν
558 2651 740 2719 παγίδι
779 2651 972 2724 ταύτῃ,
1094 2651 1364 2723 ἔκρυψαν,
1425 2654 1730 2726 συνελήφθη
1757 2668 1787 2709 ο

209 2742 352 2804 ποῦς
383 2742 583 2797 αὐτῶν.

1133 425 1221 478 DE
1261 424 1538 480 TlTULlS
1582 422 2030 480 PSALMORUM.
2074 454 2141 462 —
2182 421 2374 476 PSAL.
2418 421 2510 475 ιχ.

1805 545 1856 600 Α
1957 533 2038 587 12.
2071 533 2237 587 Periit
2270 532 2530 588 memoria
2554 548 2742 587 eorum
2776 550 2900 588 cum
2943 535 3164 603 sonitu;

3342 418 3450 483 678

1951 627 2037 679 13.
2068 624 2131 678 Et
2166 626 2426 680 Dominus
2455 625 2509 678 in
2545 633 2808 680 aeternum
2847 636 3144 695 permanet.

1952 720 2034 771 14.
2071 718 2291 772 Paravit
2315 719 2367 773 in
2394 719 2603 787 judicio
2627 719 2881 774 thronum
2915 735 3072 773 suum
3094 737 3113 775 :

1950 811 2034 865 15.
2071 810 2135 864 Ει
2163 811 2562 880 ipsejudicabit
2592 812 2777 866 orbem
2816 824 2973 866 terrre
3009 814 3062 866 in
3093 813 3343 883 mquitate
3374 832 3387 880 ;

1953 902 2032 955 .6.
2067 901 2340 958 Judieabit
2373 905 2602 972 populos
2639 905 2690 958 in
2717 905 2950 972 ju5titia,

1946 996 2031 1048 17.
2061 994 2126 1049 Et
2160 995 2333 1050 factus
2362 1005 2444 1050 est
2482 995 2743 1050 Dominus
2770 996 3037 1066 refugium
3073 994 3322 1066 pauperi,

1950 1085 2036 1139 18.
2052 1087 2350 1156 Adjutorin
2372 1090 2955 1157 opportunitatibus,'_in
2981 1090 3446 1143 tribulationibus.

1948 1179 2036 1235 19.
2077 1178 2141 1232 Et
2172 1190 2389 1248 sperent
2424 1181 2476 1233 in
2503 1189 2572 1242 te,
2597 1183 2686 1249 qui
2729 1191 2995 1236 noverunt
3019 1196 3217 1236 nomen
3247 1190 3398 1235 tuum
3427 1197 3445 1248 ;

1945 1356 2310 1424 20.Quoniam
2328 1373 2434 1412 non
2451 1359 2785 1428 dereliquisti
2800 1368 3100 1429 quaerentes
3115 1370 3186 1422 te,
3201 1359 3429 1416 Domine

1947 1449 2038 1504 21.
2078 1449 2298 1506 Psallite
2332 1450 2562 1505 Domino
2588 1454 2680 1521 qui
2720 1453 2926 1507 habitat
2957 1454 3008 1506 in
3045 1453 3210 1518 Sion;

1945 1542 2036 1598 22.
2080 1544 2412 1598 Annuutiate
2453 1544 2594 1597 inter
2633 1554 2820 1615 gentes
2853 1546 3032 1599 studia
3061 1546 3213 1614 ejus;

1947 1757 2036 1811 25.
2079 1756 2345 1823 Quoniam
2372 1757 2654 1826 requirens
2677 1757 2995 1825 sanguinem
3021 1773 3232 1821 eorum,
3266 1771 3449 1811 recor-

1881 1849 2041 1901 datus
2076 1857 2193 1910 est;

1952 1935 2042 1988 24.
2099 1937 2211 1990 Non
2247 1949 2329 1992 est
2366 1940 2564 1995 oblitus
2595 1940 2886 1992 clamorem
2917 1953 3238 2007 pauperum.

1954 2025 2040 2080 '25.
2084 2027 2337 2084 Miserere
2393 2033 2520 2093 mei.
2574 2031 2800 2084 Domine
2853 2049 2864 2084 :
2921 2030 3041 2085 vide
3098 2030 3453 2084 humilitatem

1884 2131 2058 2171 meam
2091 2118 2157 2173 de
2189 2120 2421 2176 inimicis
2462 2124 2626 2188 meis;

1950 2210 2039 2262 26.
2085 2210 2186 2276 Qui
2214 2214 2420 2269 cxaltas
2448 2230 2533 2269 me
2567 2216 2632 2269 de
2667 2216 2834 2284 portis
2861 2215 3071 2279 mortis,

1951 2300 2041 2354 27.
2087 2300 2153 2356 Ut
2182 2307 2500 2359 annuntiem
2530 2322 2718 2361 omnes
2748 2306 3085 2361 laudationes
3115 2311 3239 2360 tuas

1868 2418 1873 2422 -
1953 2391 2044 2444 28.
2088 2391 2144 2445 lu
2187 2396 2358 2462 portis
2387 2395 2509 2450 ﬁlia:
2538 2395 2687 2450 Sion.

1955 2484 2043 2538 29.
2086 2484 2495 2542 Exsultabimus
2535 2489 2589 2541 in
2625 2488 2848 2542 salutari
2892 2499 3006 2541 tuo.

1953 2575 2039 2629 50.
2086 2575 2266 2631 lnﬁxte
2291 2587 2420 2631 sunt
2444 2588 2631 2649 gentes
2652 2579 2707 2632 in
2734 2578 2974 2642 interitu,
3002 2594 3163 2647 quem
3190 2575 3455 2633 iecerunt.

1952 2665 2042 2720 51.
2085 2665 2141 2719 lu
2169 2667 2364 2737 laqueo
2397 2668 2522 2734 isto,
2553 2684 2713 2737 quem
2749 2670 3176 2734 abseouderunt,
3211 2685 3459 2738 compre-

1886 2759 2092 2811 hensus
2125 2769 2207 2812 est
2239 2775 2333 2828 pes
2363 2774 2574 2816 eorum.

1337 2864 1712 2924 ATHANASII
1752 2871 2339 2934 INTERPBETATIO.

287 2957 373 3010 12.
403 2956 586 3019 Οὖτως
615 2957 908 3018 ἀπώλοντο,
936 2956 1076 3010 ὥστε
1111 2959 1377 3029 ἀκουστὴν
1405 2961 1657 3026 γενέσθαι
1684 2963 1783 3033 τὴν

204 3048 486 3103 ἀπώλειαν
514 3048 711 3111 αὐτῶν,
749 3051 838 3100 καὶ
871 3049 1002 3119 μηδὲ
1028 3050 1245 3120 μνήμην
1279 3051 1456 3103 αὐτῶν
1497 3052 1780 3125 φέρεσθαι⁹

287 3142 373 3194 15.
423 3142 479 3193 Ὀ
514 3141 568 3192 δὲ
607 3141 807 3210 Κύριος
834 3142 996 3203 ἀΐδιος
1031 3141 1142 3212 ζωή
1178 3143 1342 3198 ἐστιν.

285 3233 374 3287 14.
407 3233 686 3304 Προώρισε
707 3233 796 3285 τὸν
821 3233 1006 3304 θρόνον
1036 3235 1222 3292 αὐτοῦ.

289 3325 376 3379 15.
408 3324 576 3388 Αὐτὸς
599 3326 706 3397 γὰρ
732 3329 906 3397 κρινεὶ⁹
928 3327 1143 3397 ἑκάστῳ
1173 3327 1315 3380 κατὰ
1341 3327 1408 3379 τὰ
1435 3326 1572 3398 ἔργα
1596 3327 1781 3398 αὐτοῦ,

293 3503 380 3556 16.
427 3502 651 3574 Ὀρθῶς,
690 3506 1207 3576 ἁπροσωπολήπτως

288 3594 376 3654 17,
405 3594 488 3647 18.
519 3593 717 3662 Βοηθὸς
746 3597 802 3645 ὲν
833 3596 1159 3664 εὐκαιρίαις,
1186 3597 1244 3647 ἐν
1273 3595 1514 3666 θλίψεσιν
1538 3615 1552 3628 ·
1583 3601 1786 3654 εὐκαι-

194 3684 392 3752 ρίαις,
443 3683 618 3750 λέγει,
673 3684 874 3736 ὡσανεὶ
924 3687 982 3736 ἐν
1027 3685 1102 3756 τῷ
1143 3682 1281 3739 εἶναι
1335 3688 1426 3741 τὸν
1474 3690 1682 3761 πένητα
1720 3694 1786 3766 τῇ

200 3775 360 3847 ψυχῇ
395 3774 715 3847 ἀϐοήθητον,
748 3777 934 3844 ἐγένου
970 3777 1117 3848 αὐτῴ
1148 3778 1361 3848 βοηθός.

286 3975 375 4030 19.
417 3977 478 4028 Oi
507 3976 616 4047 γὰρ
649 3976 724 4049 μὴ
749 3976 965 4044 γνόντες
995 3978 1153 4031 αὐτὸν
1182 3978 1534 4050 ἐσταύρωσαν
1568 3981 1750 4036 αὐτόν.

287 4066 380 4120 20.
421 4068 558 4130 Τοὺς
587 4066 978 4132 ὲπιποθοῦντάς
1012 4086 1091 4132 σε,
1120 4069 1311 4140 Κύριε.

285 4160 378 4213 21.
434 4160 802 4230 Ἀνυμνήσατε
823 4160 914 4212 τὸν
931 4163 1227 4232 οἰκήσαντα
1245 4163 1447 4236 Κύριον
1466 4166 1523 4218 ἐν
1541 4169 1604 4238 τῇ
1627 4167 1784 4231 Σιὼν.

198 4250 346 4306 ἔνθα
377 4250 554 4322 ὤφθη.

284 4345 378 4401 22.
431 4345 887 4417 Ἐπιτηδεὺματα
920 4346 1104 4400 αὑτοῦ
1125 4362 1139 4376 ο
1167 4346 1234 4400 τὰ
1255 4347 1595 4420 δικαιώματα
1619 4349 1779 4419 λέγει.

283 4438 380 4493 25.
417 4433 568 4506 Αἷμα
595 4437 742 4506 λέγει
773 4438 871 4500 τὰς
892 4436 1066 4507 ψυχὰς
1093 4437 1290 4492 αὐτῶν.

281 4528 375 4582 24.
422 4527 537 4594 Τὴν
575 4526 843 4598 κραυγὴν
869 4527 987 4580 τῶκιν⁸
1017 4528 1307 4594 πενήτων,
1334 4528 1440 4583 τῶν
1486 4530 1656 4598 ἁγίων
1699 4532 1788 4585 λέ-
1816 4541 1862 4601 ι)

192 4639 379 4770 γεὲὕ.
419 4713 539 4766 Τῶν
563 4711 820 4766 διαϐόλων
851 4712 1019 4781 λέγει.

281 4805 374 4861 26.
416 4807 620 4871 Πύλας
632 4805 888 4858 θανάτου
903 4805 1051 4874 λέγει
1065 4805 1163 4868 τὰς
1181 4804 1400 4877 διδαχὰς
1413 4806 1502 4859 τοῦ
1519 4807 1783 4862 διαϐόλου.

278 4893 372 4949 27.
418 4893 603 4958 Ὅπως
626 4893 692 4947 ἂν
721 4893 940 4965 κηρύξω
967 4894 1146 4957 πάσας
1170 4894 1268 4957 τὰς
1295 4897 1568 4966 εὐφημίας
1602 4914 1715 4951 σου.

276 4985 373 5041 28.
415 4983 566 5038 Σιὼν
609 4986 706 5054 μὲν
744 4985 1103 5056 ἑρμηνεύεται
1144 4987 1609 5055 σκοπευτήριονο
1660 4990 1787 5055 περὶ

182 5083 260 5137 δὲ
300 5082 404 5150 τῆς
437 5078 548 5132 ἄνω
583 5076 936 5148 Ἰερουσαλὴμ
963 5077 1131 5146 λέγει.

276 5172 372 5228 29.
427 5168 888 5239 Ἀγαλλιασόμεθα
922 5171 978 5221 ὲν
1009 5169 1086 5241 τῷ
1114 5169 1275 5225 πάθει
1309 5187 1422 5236 σου,
1452 5171 1617 5241 λέγει.

280 5264 380 5327 30,
411 5264 503 5318 '51.
547 5262 715 5332 Ἔθνη
753 5261 897 5330 λέγει
928 5261 1024 5325 τὰς
1054 5263 1312 5334 δυνάμεις
1344 5263 1436 5315 τοῦ
1461 5263 1656 5334 ἐχθροῦ
1690 5265 1775 5332 ἐμ·

1957 2971 2046 3024 12.
2077 2970 2152 3025 Ita
2192 2982 2435 3042 pereant,
2478 2981 2539 3028 ut
2566 2987 2756 3028 eorum
2794 2972 2952 3025 ruina
2985 2969 3255 3034 audiatur,
3281 2985 3458 3040 neque

1888 3061 1998 3114 ulla
2028 3076 2216 3115 eorum
2245 3061 2504 3114 memoria
2537 3060 2771 3131 supersit
2811 3079 2824 3114 :

1964 3153 2049 3206 13.
2089 3152 2354 3207 Dominus
2385 3160 2565 3206 autem
2601 3162 2800 3206 aeterna
2831 3150 2940 3204 vita
2968 3159 3068 3206 est.

1961 3246 2046 3300 14.
2079 3246 2374 3302 Prtetinivit
2404 3247 2661 3301 thronum
2696 3260 2877 3300 suum.

1956 3337 2042 3391 15.
2073 3338 2190 3405 Ipse
2217 3338 2363 3391 enim
2393 3338 2459 3392 de
2492 3351 2823 3406 unoquoque
2839 3333 3109 3403 judicabit
3150 3334 3454 3390 secundum

1887 3442 2052 3498 opera
2081 3429 2226 3497 eius,

1960 3519 2046 3574 16.
2081 3517 2247 3575 Recte
2271 3527 2324 3574 et
2360 3518 2478 3574 sine
2499 3533 2857 3588 personarum
2885 3516 3225 3587 acceptione.

1960 3610 2164 3672 17,18.
2202 3610 2435 3679 Adjutor
2480 3610 2534 3662 in
2582 3609 3103 3678 opportunitatibus,
3133 3609 3186 3661 in
3232 3607 3460 3663 tribula-

1888 3703 2131 3756 tionibus
2158 3721 2172 3756 :
2203 3701 2258 3755 in
2280 3702 2763 3772 opportunitatibus
2788 3701 2939 3763 dicit,
2978 3700 3145 3755 veluti
3175 3715 3299 3754 eum
3335 3716 3459 3754 ant-

1887 3810 1975 3849 ma
2001 3811 2202 3866 pauper
2237 3803 2402 3860 esset,
2433 3803 2488 3850 et
2515 3795 2634 3850 sine
2679 3793 2963 3862 adjutore,
3004 3790 3183 3846 factus
3235 3807 3295 3847 es
3345 3792 3452 3861 ipsi

1887 3887 2124 3957 adiutor.

1957 3979 2044 4032 19.
2088 3977 2299 4032 Etenim
2329 3993 2440 4032 non
2469 3984 2862 4046 cognoscentes
2884 3974 3455 4040 eum,cruci1ixerunt.

1956 4071 2048 4128 20.
2095 4072 2474 4127 Desiderantes
2507 4078 2581 4135 te,
2621 4068 2873 4130 Domine,

1955 4166 2046 4219 21.
2087 4163 2327 4218 Laudate
2359 4161 2674 4227 Dominum,
2720 4161 2814 4230 qui
2850 4157 3058 4212 habitat
3090 4158 3144 4211 in
3180 4154 3334 4222 Sion,
3361 4156 3455 4210 ubi

1886 4258 2038 4311 visus
2073 4263 2176 4310 est.

1955 4347 2046 4402 22.
2087 4345 2279 4400 Studia
2308 4344 2442 4413 ejus,
2471 4341 2718 4412 justitias
2745 4340 3036 4410 signiﬁcat.

1956 4440 2044 4494 23.
2087 4439 2413 4508 Sanguinem
2445 4443 2603 4490 vocat
2636 4434 2846 4487 animas
2871 4447 3079 4486 eorum.

1956 4531 2046 4586 24.
2087 4528 2383 4584 Clamorem
2432 4542 2741 4598 pauperum,
2791 4526 3086 4580 clamorem
3139 4528 3454 4578 sanctorum

1887 4633 2065 4679 vocat.

1953 4713 2042 4768 25.
2087 4712 2160 4768 De
2185 4711 2415 4767 diabolis
2447 4709 2525 4764 ait

1954 4807 2044 4859 26.
2086 4804 2282 4858 Partus
2311 4803 2497 4856 martis
2521 4808 2698 4860 vocat.
2731 4798 3011 4852 doctrinas
3038 4796 3258 4851 diaboli.

1959 4899 2048 4952 27.
2093 4898 2162 4954 Ut
2196 4897 2482 4968 praedicem
2515 4909 2706 4949 omnes
2736 4893 2924 4946 laudes
2958 4899 3098 4944 tuas.

1951 4990 2042 5046 28.
2085 4990 2216 5045 Sion
2239 4988 2456 5057 quidem
2484 4986 2865 5054 interpretatur
2889 4981 3100 5051 specula
3123 4997 3142 5035 :
3173 4981 3238 5036 de
3262 4995 3454 5051 super-

1884 5101 1953 5139 na
1985 5083 2285 5139 Jerusalem
2323 5080 2583 5150 loquitur.

1951 5179 2040 5233 29.
2083 5175 2488 5231 Exsultabimus
2517 5173 2568 5226 in
2595 5170 2852 5240 passione
2889 5178 2999 5229 tua.
3032 5167 3232 5237 inquit.

1951 5269 2041 5333 50,
2077 5270 2164 5323 51.
2202 5265 2390 5320 Gentes
2443 5272 2599 5318 vocat
2626 5264 2948 5332 ’potestates
3001 5257 3211 5313 inimici
3246 5257 3302 5312 in
3346 5257 3454 5311 ﬁne

1883 5363 2205 5418 saeculorum
2255 5360 2473 5422 inlisas,
2505 5365 2562 5410 et
2593 5355 3024 5423 comprehensas
3061 5350 3117 5404 in
3149 5348 3453 5417 iniquitati-

1881 5455 2006 5519 bus,
2036 5468 2173 5523 quas
2202 5451 2303 5520 ipsi
2331 5453 2688 5511 invenerunt;
2714 5454 2994 5515 propterea
3034 5442 3166 5498 dicit
3197 5461 3208 5494 :
3246 5438 3341 5493 Pes
3365 5455 3454 5492 eo-

1883 5563 2000 5600 rum
2020 5546 2418 5614 comprehemus
2447 5549 2546 5605 est,
2573 5540 2675 5593 hoc
2701 5547 2786 5592 est
2809 5551 2998 5590 eorum
3028 5531 3357 5595 novissima;
3390 5529 3456 5588 ﬂ-

1882 5641 1969 5695 nis
1997 5641 2142 5694 enim
2176 5638 2342 5691 totius
2378 5633 2622 5704 corporis
2659 5647 2755 5702 pes
2778 5639 2899 5696 est;
2932 5636 3213 5698 propterea
3252 5623 3456 5694 allego-

1881 5733 1992 5788 rice
2021 5729 2422 5793 consideratur,
2451 5735 2505 5783 et
2536 5724 2738 5781 dicitur
2769 5722 2835 5778 de
2863 5719 3185 5778 saeculorum
3217 5716 3344 5772 tiae.

177 5355 502 5426 παγεξσας,
534 5355 628 5407 καὶ
659 5352 1052 5423 συλληφθείσας
1092 5355 1184 5407 ἐπὶ
1222 5354 1499 5426 συντελείᾳ
1521 5355 1627 5407 τῶν
1658 5356 1787 5410 αἰώ-

177 5470 316 5508 νων
351 5449 409 5502 ὲν
453 5450 570 5509 ταῖς
604 5446 874 5516 ἁνομίαις,
908 5441 994 5509 αἷς
1023 5447 1176 5499 αὐτοὶ
1221 5447 1481 5517 ἐφεῦρον·
1516 5447 1602 5501 διὰ
1631 5448 1786 5501 τοῦτο

173 5547 396 5615 λέγει’
446 5541 499 5594 '0
554 5539 705 5602 ποῦς
747 5537 943 5591 αὐτῶν
995 5540 1367 5608 συνελήφθη,
1415 5541 1658 5593 τουτέστι
1717 5540 1783 5593 τὰ

174 5646 416 5709 ἔσχατα.
437 5633 615 5688 αὐτῶν
633 5649 644 5660 ·
673 5629 823 5692 τέλος
848 5627 954 5700 γὰρ
983 5633 1180 5695 παντὸς
1206 5632 1298 5684 τοῦ
1325 5630 1574 5701 σώματος
1598 5635 1626 5693 ό
1648 5630 1784 5694 ποῦς

172 5738 328 5790 ιστι
348 5743 360 5756 °
390 5728 472 5782 διὸ
503 5727 597 5780 καὶ
627 5723 910 5793 θεωρεῖται
931 5723 1023 5776 καὶ
1046 5724 1426 5796 ἀλληγορεῖται
1457 5725 1537 5788 εἰς
1562 5724 1632 5779 τὰ
1654 5723 1780 5794 τέλη

172 5826 315 5882 τῶν
352 5821 582 5874 αἰώνων.
