4058 6456
616 389 720 447 679
1489 381 1546 435 S.
1586 378 1965 436 ATHANASII
2004 377 2159 435 OPP.
2201 375 2385 431 PARS
2425 375 2513 430 Ill.
2548 403 2615 415 ——
2652 373 3064 429 EXEGETICA.
3770 376 3871 431 680

688 503 777 557 52.
817 499 1185 569 Cognoscetur
1214 496 1475 552 Dominus
1501 495 1705 567 judicia
1736 495 1961 551 laciens.
2215 500 2264 557 Α

1935 513 1961 549 ι,
2215 500 2264 557 Α
2362 490 2450 545 52.
2484 488 2811 544 Γινώσκεται
2845 490 3049 562 Κύριος
3084 491 3325 562 κρίματα
3348 491 3537 547 ποιῶν.

690 595 779 650 55.
819 593 875 647 ln
907 592 1166 662 operibus
1198 606 1459 646 manuum
1493 604 1715 645 suarum
1765 587 2193 657 comprehensus

2372 582 2460 637 55.
2517 584 2605 636 Ἐν
2652 586 2765 647 τοῖς
2791 583 2972 655 ἔργοις
2998 584 3107 638 τῶν
3137 585 3334 655 χειρῶν
3361 585 3527 639 αὐτοῦ
3563 585 3871 657 συνελήφθη

619 694 701 743 est
730 693 1003 756 peccator.

2297 678 2325 729 6
2349 676 2688 747 ἁμαρτωλός.

689 778 777 831 54.
818 775 1217 830 Convertantur
1246 780 1563 843 peccatores
1593 771 1646 825 in
1669 769 1983 836 infernum;

2365 769 2452 824 54.
2493 771 3024 841 Ἀποστραφήτωσαν
3055 770 3105 822 οἱ
3131 768 3445 839 ἁμαρτωλοὶ
3485 771 3565 833 είς
3595 769 3686 823 τὸν
3713 768 3869 840 ᾅδην·

687 868 777 923 55.
819 866 1023 923 Omnes
1052 876 1246 937 gentes
1274 881 1396 935 qua
1427 864 1825 919 obliviscuntur
1859 863 2045 919 Deum.

2366 861 2453 915 55.
2485 860 2667 914 Πάντα
2689 859 2759 913 τὰ
2783 860 2909 931 ἔθνη
2935 861 3005 914 τὰ
3035 861 3497 931 ὲπιλανθανόμενα
3525 860 3622 914 τοῦ
3662 860 3820 914 Θεοῦ.

687 959 777 1015 56.
820 958 1089 1025 Quoniam
1124 973 1230 1010 non
1258 957 1309 1010 in
1344 956 1502 1010 linem
1536 956 1739 1010 oblivio
1766 956 1870 1010 erit
1901 954 2190 1025 pauperis:

2367 953 2455 1007 56.
2501 954 2619 1006 ’Ότι
2647 953 2747 1005 οὐκ
2780 954 2859 1017 είς
2893 954 3043 1017 τέλος
3071 953 3456 1026 ὲπιλαθήσεται
3488 956 3516 1007 6
3550 955 3768 1022 πτωχός
3788 970 3802 983 ο

690 1052 780 1107 57.
820 1050 1088 1106 Patientia
1120 1064 1420 1119 pauperum
1449 1063 1559 1102 non
1585 1046 1782 1117 peribit
1808 1047 1863 1100 in
1892 1046 2078 1101 linem.

2367 1046 2456 1101 57.
2509 1047 2576 1099 ἸΙ
2603 1046 2848 1117 ὑπομονὴ
2881 1045 2989 1100 τῶν
3042 1047 3288 1119 πενήτων
3338 1048 3440 1100 οὐκ
3483 1047 3770 1100 ἀπολεῖται
3800 1047 3879 1109 εἱς

2295 1137 2463 1201 τέλος.

692 1232 780 1286 58.
821 1229 1087 1300 Exsurge,
1119 1227 1367 1290 Domine,
1396 1242 1504 1281 non
1536 1225 1873 1281 conlortetur
1907 1226 2072 1280 homo
2102 1244 2115 1280 :

2368 1231 2455 1286 58.
2494 1230 2799 1302 Ἀνάστηθι,
2820 1231 3012 1302 Κύριε,
3039 1231 3112 1303 μὴ
3139 1232 3517 1305 κραταιοῦσθω
3544 1232 3840 1304 ἄνθρωπος
3859 1248 3873 1265 ’

693 1324 780 1378 59.
823 1322 1143 1377 Judicenlur
1176 1329 1364 1388 gentes
1397 1318 1451 1371 in
1483 1328 1776 1386 conspectu
1811 1327 1927 1371 tuo.

1812 1327 1927 1371 tuo.
2362 1324 2451 1379 59.
2494 1323 2854 1395 Κριθήτωσαν
2883 1324 3011 1394 ἔθνη
3041 1323 3271 1378 ἐνώπιόν
3300 1341 3414 1379 σου.

691 1413 779 1467 40.
822 1412 1126 1471 Constitue,
1157 1409 1400 1471 Domine,
1428 1409 1792 1477 legislatorcm
1826 1424 1989 1478 super
2014 1423 2109 1463 eos
2144 1428 2157 1462 :

2364 1418 2452 1471 40.
2486 1418 2860 1487 Κατάστησον,
2896 1416 3087 1487 Κύριε,
3117 1416 3412 1487 νομοθέτην
3436 1418 3521 1469 ἐπ’
3552 1416 3783 1481 αὐτούς·

690 1503 778 1555 41.
821 1500 891 1555 Ut
917 1500 1092 1555 sciant
1124 1508 1309 1568 gentes
1341 1499 1599 1569 quoniam
1634 1498 1882 1554 homines
1912 1510 2057 1554 sunt.

1954 1510 2057 1553 JDL
2363 1510 2451 1563 4|.
2490 1508 2782 1562 Γνὼτωσαν
2813 1507 2939 1578 ἔθνη
2971 1509 3052 1560 ὅτι
3092 1508 3369 1579 ἄνθρωποί
3397 1511 3556 1562 εἰσιν.

692 1596 779 1650 42.
823 1593 1041 1663 thuid,
1075 1592 1320 1655 Domine,
1358 1591 1634 1645 recessisti
1671 1591 1867 1661 longe?

2368 1602 2455 1657 4'2.
2498 1602 2613 1654 Ἵνα
2650 1600 2724 1662 τί,
2754 1599 2950 1671 Κύριε,
2985 1599 3304 1670 ἀφέστηκας
3334 1600 3644 1672 μακρόθενς

691 1687 780 1741 45.
824 1684 1067 1741 Desuicis
1093 1685 1146 1738 in
1172 1684 1692 1754 opportunitatibus,
1724 1683 1778 1737 in
1829 1684 2197 1739 tribulationi-

2046 1684 2197 1739 Lioni-
2367 1694 2454 1749 45.
2500 1694 2801 1765 ’Υπερορᾷς
2828 1694 2887 1745 ὲν
2920 1692 3241 1762 εὐκαιρίαις,
3274 1694 3331 1745 ὲν
3370 1691 3648 1761 θλίψεσινς

624 1779 762 1833 bus?

691 1872 782 1925 44.
826 1870 963 1925 Dum
992 1869 1238 1939 superbit
1266 1870 1487 1939 impius,
1522 1870 1833 1925 incenditur
1861 1885 2086 1940 pauper.
2227 1886 2270 1940 Β

2370 1867 2458 1920 44.
2502 1867 2590 1919 Ἑν
2619 1864 2697 1936 τῷ
2749 1863 3250 1935 ὑπερηφανεύεσθαι
3294 1866 3384 1919 τὸν
3414 1865 3607 1937 ἀσεϐῆ,
3640 1867 3883 1939 ἐμπυρί-

2301 1960 2451 2026 ζεται
2476 1960 2504 2012 6
2534 1959 2771 2028 πτωχός.

696 2053 781 2106 45.
821 2051 1374 2121 Comprehenduntur
1421 2052 1473 2105 in
1525 2052 1770 2107 consiliis
1812 2052 2011 2118 quibus
2056 2066 2201 2118 cogi-

2371 2052 2463 2108 45.
2522 2049 2995 2120 Συλλαμσάνονται
3042 2049 3101 2101 ὲν
3152 2048 3511 2114 διαϐουλίοις,
3565 2046 3649 2112 οἷς
3698 2050 3884 2103 διαλο-

625 2152 760 2199 tant.

2300 2141 2565 2209 γίζονται.

695 2233 783 2289 46.
826 2233 1094 2300 Quoniam
1124 2234 1379 2288 laudatur
1410 2242 1662 2303 peccator
1686 2234 1737 2287 in
1770 2233 2056 2289 desideriis
2082 2232 2199 2286 ani-

2372 2234 2460 2289 46.
2494 2235 2615 2286 ’Ὁτι
2655 2233 2955 2286 ἐπαινεῖται
3001 2235 3029 2286 6
3069 2234 3392 2306 ἁμαρτωλὸς
3441 2235 3501 2288 ὲν
3526 2238 3647 2298 ταῖς
3688 2235 3888 2290 ἐπιθυ⁴

628 2340 729 2381 mae
766 2341 900 2390 suae,

2306 2327 2456 2399 μίαις
2484 2327 2585 2395 τῆς
2609 2325 2787 2395 ψυχῆς
2816 2325 2981 2378 αὐτοῦ
3004 2343 3016 2358 ·

696 2417 786 2471 47.
830 2415 897 2468 Et
934 2415 1153 2484 iniquus
1181 2415 1547 2471 benedicitur.

2376 2421 2465 2474 47.
2509 2420 2617 2473 Καὶ
2644 2422 2673 2473 6
2709 2418 2911 2471 ἀδικῶν
2936 2421 3314 2491 ὲνευλογείται.

694 2508 784 2561 48.
829 2506 1186 2560 Exacerhavit
1212 2505 1500 2560 Dominum
1535 2515 1826 2574 peccator;

2374 2514 2463 2567 48.
2500 2512 2917 2583 Παρώξυνετὸν
2961 2514 3163 2586 Κύριον
3195 2519 3223 2571 6
3268 2517 3588 2589 ἁμαρτωλός
3614 2533 3628 2547 ·

696 2598 782 2653 49.
825 2596 1141 2651 Secundum
1166 2594 1571 2649 multitudinem
1598 2594 1693 2653 ira:
1719 2610 1831 2649 suae
1851 2610 1956 2649 non
1976 2601 2199 2665 quaeret.

2369 2607 2459 2661 49.
2494 2606 2651 2660 Κατὰ
2691 2606 2753 2658 τὸ
2784 2605 2988 2676 πλῆθος
3030 2607 3131 2678 τῆς
3178 2610 3346 2681 ὀργῆς
3382 2610 3547 2667 αὑτοῦ
3584 2611 3689 2666 οὐκ
3720 2608 3892 2684 ὲκςη-

2302 2700 2485 2771 τήσει.

698 2792 787 2847 50.
827 2790 944 2845 Non
978 2798 1061 2845 est
1092 2788 1233 2843 Deus
1259 2789 1310 2841 in
1347 2800 1643 2856 conspectu
1674 2788 1829 2859 ejus:

2373 2791 2462 2847 50.
2494 2794 2607 2846 Οὐκ
2636 2794 2781 2848 ἔστιν
2810 2799 2838 2849 6
2867 2796 2997 2862 Θεὸς
3026 2797 3253 2852 ἐνώπιον
3276 2795 3440 2851 αὑτοῦ
3461 2812 3473 2827 ·

699 2885 787 2940 51.
828 2884 1128 2954 Ιηιιυὶηαιευ
1160 2889 1287 2937 sunt
1320 2881 1418 2935 viae
1453 2882 1598 2936 illius
1634 2881 1687 2935 in
1728 2880 1875 2935 omni
1907 2889 2166 2951 tempore.

2382 2884 2469 2943 51.
2502 2886 2863 2960 Βεϐηλοῦνται
2902 2893 2958 2943 αἱ
2979 2891 3088 2944 ὁδοὶ
3109 2890 3274 2945 αὑτοῦ
3300 2893 3356 2944 ὲν
3385 2889 3549 2944 παντί
3573 2888 3777 2961 καιρῷ.

1766 3037 2140 3093 ATHANASII
2180 3037 2760 3097 INTERPRETATIO.

695 3198 787 3253 32.
822 3194 1205 3265 Cognoverunt
1249 3210 1461 3259 omnes,
1500 3193 1647 3266 quod
1706 3202 1886 3264 potest
1915 3195 2205 3251 vindictam
2236 3203 2281 3265 ρ

2381 3202 2469 3257 52.
2523 3200 2869 3269 Ἑπέγνωσαν
2926 3201 3143 3267 πάντες,
3195 3204 3275 3256 ὅτι
3328 3203 3549 3259 δύναται
3604 3205 3896 3276 ἐκδίκησιν

630 3291 830 3347 facere.
1404 3328 1409 3331 -

1404 3328 1409 3331 -
2312 3297 2508 3349 ποιεῖν.

699 3386 787 3440 55.
824 3382 1019 3439 Cordis
1046 3383 1132 3438 sui
1167 3383 1365 3453 inquit.

2381 3384 2468 3437 55.
2513 3384 2625 3453 Τῆς
2659 3382 2885 3453 καρδίας
2911 3381 3077 3456 αὐτοῦ
3112 3382 3279 3452 λέγει.

698 3477 788 3541 54,
818 3477 908 3533 55.
943 3476 1147 3530 Omnes
1177 3477 1322 3530 enim
1353 3482 1671 3543 peccatores,
1698 3473 1791 3542 qui
1820 3488 1964 3527 nunc
1985 3480 2132 3537 sunt,
2156 3472 2210 3525 in

2380 3475 2470 3537 51,
2504 3474 2590 3528 55.
2633 3475 2696 3527 Οἱ
2728 3473 2836 3546 γὰρ
2872 3475 3022 3538 ὄντες
3052 3476 3133 3537 εἰς
3176 3474 3274 3547 τὴν
3316 3474 3423 3547 γῆν
3470 3477 3896 3545 ἀπελεύσονται,

630 3582 832 3625 terram
870 3578 1248 3635 revertentur;
1304 3569 1563 3637 quoniam
1617 3566 1768 3622 obliti
1816 3572 1943 3619 sunt
1994 3564 2087 3619 Dei
2118 3564 2211 3635 qui

2310 3568 2391 3620 ὅτι
2424 3566 2744 3620 ἐπελάθοντο
2792 3567 2883 3621 τοῦ
2930 3567 3065 3621 Θεοῦ
3104 3567 3198 3620 τοῦ
3231 3568 3515 3634 κτίσαντος
3539 3572 3770 3637 αὐτοῦς.
3803 3572 3901 3627 καὶ

630 3664 835 3718 creavit
867 3677 983 3724 eos,
1016 3668 1071 3716 et
1102 3660 1437 3716 descendent
1466 3661 1520 3714 in
1556 3657 1885 3729 profundum
1918 3656 2137 3712 inferni.

1671 3657 1885 3713 Tundum
1918 3656 2137 3712 inferni.
2310 3659 2710 3729 καταϐήσονται
2743 3660 2824 3722 είς
2851 3658 3100 3729 πυθμένα
3129 3660 3273 3732 ᾅδου.

696 3756 788 3819 56,
823 3756 910 3813 57.
950 3753 1251 3823 Pauperem
1285 3762 1340 3806 et
1368 3753 1609 3821 inopem,
1650 3758 1807 3804 vocat
1832 3750 2065 3819 justum.

2380 3752 2469 3817 56,
2499 3753 2585 3805 57.
2630 3752 2850 3821 Πτωχδν
2884 3754 2977 3805 καὶ
3006 3753 3211 3824 πένητα
3242 3754 3333 3807 τὸν
3356 3754 3565 3809 δίκαιον
3591 3756 3768 3822 λέγει.

699 3845 787 3900 58.
824 3843 982 3909 Veni,
1012 3842 1262 3906 Domine,
1288 3855 1355 3895 ne
1378 3840 1543 3895 veluti
1565 3839 1690 3909 jure
1716 3852 1817 3894 suo
1849 3838 2081 3908 quisque
2115 3851 2211 3892 no-

2382 3846 2468 3899 58.
2524 3844 2695 3908 Ἐλθὲ,
2732 3844 2925 3916 Κύριε,
2964 3845 3038 3916 μὴ
3087 3844 3164 3909 ὡς
3215 3846 3736 3918 αὑτοδεσποτησάτω
3766 3848 3901 3902 ἔκα-

630 3943 805 3990 strum
834 3934 1003 3988 libere
1030 3933 1362 3986 dominetur.

1040 3933 1362 3986 dominetur.
2313 3954 2437 4001 στος
2468 3940 2501 4008 ἡ
2509 3936 2642 4007 μῶν.

703 4024 790 4080 59.
833 4023 1303 4087 Demonstrentur,
1343 4022 1487 4093 quod
1520 4029 1768 4091 peccant.

2382 4031 2470 4085 59.
2510 4030 2907 4102 Δειχθήτωσαν,
2937 4031 3020 4083 ὅτι
3045 4030 3520 4103 διαμαρτάνουσιν.

703 4116 793 4169 40.
834 4114 1224 4184 Legislatorcm
1254 4112 1544 4167 Dominum
1588 4120 1771 4168 vocat.

1769 4158 1771 4163 μ
2381 4123 2470 4178 40.
2512 4123 2827 4194 Νομοθέτην
2852 4123 2941 4176 τὸν
2974 4123 3176 4195 Κύριον
3206 4126 3371 4196 λέγει.

703 4211 792 4265 41.
832 4207 1183 4278 Cognoseant
1216 4222 1368 4261 suam
1396 4206 1799 4263 inﬁrmitatem.

2380 4215 2469 4269 41.
2523 4214 2817 4283 Ἐπιγνῶσι
2851 4214 2947 4287 τὴν
2979 4216 3185 4269 ἑαυτῶν
3215 4216 3515 4272 ἀσθένειαν.

701 4300 791 4355 42.
832 4299 1015 4355 Sivisti
1048 4314 1148 4353 nos
1184 4298 1464 4351 voluntate
1492 4306 1676 4352 nostra
1713 4298 1981 4353 incedere.

2382 4306 2472 4360 42.
2514 4306 2713 4369 Εἵασας
2741 4308 2887 4377 ἡμᾶς
2914 4307 2993 4377 τῷ
3026 4307 3323 4378 βουλήματι
3353 4308 3509 4380 ἡμῶν
3538 4312 3898 4379 πορεύεσθαι.

702 4392 791 4448 45.
834 4392 889 4446 In
907 4390 1405 4461 opportunitatibus
1434 4390 1586 4457 dicit,
1606 4389 1856 4445 videlicet
1881 4406 2005 4445 cum
2034 4405 2209 4447 essem

2380 4399 2471 4452 45.
2508 4398 2847 4469 Ei‘xatpfatc,
2874 4398 3039 4468 λέγει,
3063 4400 3261 4455 ὡσανεὶ
3282 4403 3340 4454 ὲν
3366 4401 3445 4472 τῷ
3472 4397 3612 4455 εἷναί
3641 4421 3711 4475 με
3733 4406 3902 4477 ἀὸοήο

633 4485 783 4540 omni
811 4483 1016 4537 auxilio
1050 4482 1365 4536 destitutus.

891 4483 1016 4536 xilio
1050 4482 1365 4536 destitutus.
2239 4546 2285 4560 κ
2314 4489 2493 4560 θητον.

708 4578 791 4633 44.
826 4578 963 4631 Cum
1010 4575 1242 4644 insurgit
1296 4573 1547 4629 diabolus
1572 4573 1833 4628 adversus
1861 4573 2063 4645 justos,
2095 4574 2211 4629 bel-
2239 4546 2291 4606 D

2370 4546 2474 4635 .44.
2528 4583 2616 4635 Ἐν
2646 4582 2723 4653 τῷ
2748 4582 3173 4652 κατεπαίρεσθαι
3206 4585 3297 4638 τὸν
3325 4585 3568 4639 διάϐολον
3613 4587 3763 4640 κατὰ
3792 4586 3902 4640 τῶν

633 4670 745 4725 lum
774 4684 965 4723 eorum
996 4667 1271 4722 mentibus
1301 4664 1466 4718 infert
1492 4682 1504 4718 :

2315 4674 2559 4737 δικαίων,
2599 4675 2828 4745 πολεμεῖ
2854 4675 3037 4736 αὐτοῖς
3064 4675 3203 4729 κατὰ
3231 4677 3484 4732 διάνοιαν.

706 4761 795 4817 45.
838 4760 901 4815 Ει
924 4762 1143 4815 demum
1173 4759 1407 4828 quisque
1439 4756 1718 4810 hominum
1748 4757 1833 4811 his
1868 4757 2210 4827 cogitationi-

2387 4766 2476 4818 45.
2520 4768 2626 4819 Καὶ
2654 4766 2838 4818 λοιπὸν
2876 4767 3108 4831 ἕκαστος
3140 4767 3250 4821 τῶν
3282 4770 3584 4841 ἀνθρώπων
3610 4776 3902 4842 κρατεῖται

634 4851 735 4905 bus
771 4858 1005 4910 tenetur,
1043 4864 1163 4917 qua:
1191 4864 1220 4901 a
1254 4846 1519 4916 Propheta
1555 4846 1940 4915 subjiciuntur.

2317 4860 2596 4929 λογισμοῖς
2624 4863 2738 4923 τοῖς
2764 4862 3141 4932 ὑποκειμένοις
3177 4862 3284 4915 ὑπὸ
3313 4864 3407 4917 τοῦ
3438 4864 3754 4935 Προφήτου.

704 4942 796 5005 46,
830 4943 918 4996 47.
977 4939 1361 5009 Unusquisque
1404 4953 1618 5001 eorum,
1670 4938 1764 5008 qui
1824 4939 2031 5009 aliquid
2082 4940 2211 4993 mali

2385 4950 2476 5015 46,
2520 4952 2609 5004 47.
2654 4953 2920 5015 Ἕκαστος
2976 4952 3082 5005 τῶν
3129 4954 3422 5008 ποιούντων
3472 4957 3642 5008 κακόν
3695 4974 3749 5009 τι
3812 4959 3903 5009 καὶ

635 5043 966 5109 perpetrant,
993 5043 1045 5089 et
1075 5034 1278 5088 divitiis
1306 5032 1605 5097 abundant,
1639 5033 1732 5102 qui
1791 5032 2002 5102 seipsos
2054 5049 2215 5087 mun-

2320 5042 2712 5108 πλουτούντων,
2746 5044 2841 5096 καὶ
2887 5046 3006 5107 ταῖς
3047 5044 3362 5115 ἐπιθυμίαις
3390 5046 3484 5098 τοῦ
3514 5048 3724 5115 κόσμου
3761 5050 3903 5101 ἐκδε-

636 5128 794 5183 danis
829 5125 1217 5195 cupiditatibus
1268 5126 1513 5187 tradunt,
1566 5125 1859 5178 laudantur
1904 5132 1959 5179 et
2006 5124 2217 5195 εισι-111-

2316 5136 2512 5189 δόντων
2558 5138 2802 5199 ἑαυτοὺς,
2834 5138 3132 5204 ἐπαινεῖται
3185 5138 3279 5192 καὶ
3324 5138 3604 5203 δοξάζεται
3654 5140 3765 5193 ὑπὸ
3794 5139 3900 5193 τῶν

637 5232 829 5279 cantur
862 5222 929 5275 ab
961 5221 1113 5289 ipsis.

914 5239 929 5275 ι
961 5221 1113 5289 ipsis-
2318 5230 2516 5284 αὐτῶν.

706 5315 797 5379 48,
819 5313 908 5369 49.
939 5313 1293 5367 Vehementer
1325 5312 1543 5382 quidem
1571 5312 1835 5367 adversus
1865 5320 2208 5382 peccatorem

2387 5320 2475 5383 48,
2504 5320 2593 5375 49.
2647 5320 2951 5391 Ὀργίζεται
2983 5320 3081 5389 μὲν
3120 5319 3371 5390 μεγάλως
3411 5320 3503 5374 ἐπὶ
3538 5320 3616 5391 τῷ
3644 5322 3898 5394 ἁμαρτὰς

637 5407 924 5473 irascitur,
962 5422 1179 5461 rursum
1219 5414 1398 5460 autem
1432 5405 1760 5474 longanimis
1789 5413 1873 5459 est
1900 5420 2022 5458 cum
2052 5420 2138 5457 eo.

1833 5413 1873 5459 il
1900 5420 2022 5458 cum
2052 5420 2138 5457 00-
2313 5431 2456 5468 νοντι
2474 5455 2486 5476 ,
2516 5413 2857 5483 μακροθυμεῖ
2882 5412 2938 5465 δὲ
2971 5411 3130 5465 πάλιν
3157 5413 3243 5463 ἐπ’
3271 5412 3435 5483 αὐτῷ.

709 5497 798 5559 50,
834 5498 920 5551 51.
958 5496 1052 5551 llle
1082 5508 1259 5551 autem
1286 5511 1393 5549 non
1422 5496 1727 5567 intelligens
1759 5495 1850 5550 Dei
1888 5496 2213 5564 longanimi-

2386 5505 2475 5568 50,
2506 5506 2595 5559 51.
2650 5506 2886 5567 Ἐκεῖνος
2917 5504 2993 5567 δὲ,
3033 5503 3107 5573 μὴ
3144 5502 3337 5557 συνιὼν
3366 5504 3465 5574 τὴν
3491 5506 3585 5557 τοῦ
3611 5504 3752 5559 Θεοῦ
3798 5521 3896 5577 μα·

636 5600 823 5651 tatem,
862 5603 970 5643 non
1016 5590 1121 5643 sibi
1160 5590 1413 5659 proponit
1441 5587 1610 5644 Deum
1640 5589 1879 5657 judicem
1930 5605 2088 5643 suum
2124 5588 2211 5643 fu-

2315 5596 2634 5667 κροθυμίαν,
2663 5596 2723 5649 οὐ
2751 5595 2931 5667 τίθησι
2976 5596 3069 5648 τὸν
3112 5595 3243 5649 Θεὸν
3296 5597 3487 5667 κριτὴν
3539 5598 3745 5653 αὑτοῦ.
3785 5594 3896 5653 ἀλλ’

637 5693 859 5749 turum;
890 5683 983 5739 sed
1016 5684 1232 5752 quidem
1269 5682 1321 5736 in
1355 5691 1637 5752 peccatum
1676 5698 2067 5754 usquequaque
2090 5698 2211 5753 spe-

1898 5698 2067 5753 uaquc
2090 5698 2211 5753 spe-
2315 5690 2403 5742 ἐπὶ
2436 5690 2533 5759 μὲν
2558 5691 2621 5759 τῇ
2650 5688 2893 5761 ἁμαρτίᾳ
2919 5691 2975 5743 ὲν
3008 5691 3170 5744 πᾶσιν
3195 5689 3304 5762 ὀρῶ
3334 5688 3500 5761 [ὁρῇ.

640 5786 767 5831 ctat.
