4058 6450
219 391 314 450 681
1165 394 1254 448 DE
1294 393 1572 452 TITULIS
1611 395 2060 453 PSALMORUM.
2101 428 2168 439 —-
2206 396 2405 453 PSAL.
2445 397 2537 452 IX.

287 507 818 579 δΞ.Ἀνταναιρεῖται
844 508 911 562 τὰ
947 508 1190 580 κρίματά
1221 525 1314 561 σου
1363 511 1469 562 ἀπὸ
1499 510 1788 582 προσώπου
1822 521 1865 575 Α

209 601 402 657 αὐτοῦ’

286 699 375 754 55.
404 693 627 747 Πάντων
657 692 764 746 τῶν
802 692 1010 764 ἐχθρῶν
1041 693 1205 745 αὑτοῦ
1234 696 1672 766 κατακυριεύσει.

286 791 376 846 54.
414 782 547 841 Εἷπε
593 786 700 857 γάρ
730 788 786 838 ἐν
810 785 1007 857 καρδίᾳ
1057 786 1219 838 αὑτοῦ
1244 803 1258 817 ο
1291 787 1364 838 οὐ
1421 788 1496 858 μὴ
1547 787 1785 840 σαλευθῶ

217 883 324 939 ἀπὸ
349 883 540 951 γενεᾶς
570 881 649 941 είς
686 876 878 946 γενεὰν
908 877 1036 930 ἄνευ
1073 877 1265 931 κακοῦ.

287 975 374 1030 55-
399 965 472 1026 οἶ)
500 972 636 1042 ἀρᾶς
657 970 717 1022 τὸ
739 969 912 1040 στόμα
935 968 1096 1023 αὑτοῦ
1119 967 1300 1040 γέμει,
1324 970 1416 1022 καί
1443 969 1665 1040 πικρίας
1695 972 1787 1024 καὶ

215 1065 392 1126 δόλου,

284 1153 376 1210 56.
423 1152 557 1206 Ὑπὸ
589 1152 686 1221 τὴν
719 1151 968 1220 γλῶσσαν
991 1151 1154 1205 αὐτοῦ
1184 1152 1350 1221 κόπος
1381 1154 1474 1206 καὶ
1508 1152 1687 1217 πόνος.

284 1252 374 1306 57.
423 1249 752 1321 Ἐγκάθηται
783 1251 840 1302 ἐν
873 1249 1063 1320 ἐνέδρᾳ
1091 1249 1226 1319 μετὰ
1261 1246 1531 1303 πλουσίων
1551 1288 1565 1312 ,

285 1344 374 1399 58.
428 1345 515 1396 Ἐν
545 1341 902 1413 ἁποκρύφοις,
938 1340 1032 1393 τοῦ
1066 1341 1379 1394 ἀποκτεῖναι
1415 1341 1612 1395 ἀθῶον.

287 1439 373 1493 59.
394 1438 456 1491 Οἱ
472 1436 736 1506 ὀφθαλμοῖ
757 1434 919 1488 αὐτοῦ
943 1437 1020 1498 είς
1037 1434 1125 1487 τὸν
1145 1434 1351 1505 πένητα
1365 1433 1778 1487 άποϐλέπουσινο

287 1530 374 1586 60.
427 1529 724 1603 Ἑνεδρεύει
753 1530 810 1580 ἐν
848 1526 1171 1597 ἀποκρύφῳ,
1195 1526 1269 1590 ώς
1291 1527 1427 1580 λέων
1453 1528 1509 1579 ἐν
1548 1529 1614 1597 τῇ
1646 1525 1782 1596 μάν-

212 1623 316 1694 δρα
337 1621 525 1675 αὐτοῦ.

291 1716 379 1770 61.
418 1711 712 1781 Ἐνεδρεύει
735 1709 829 1764 τοῦ
862 1709 1106 1781 ἁρπάσαι
1140 1708 1378 1779 πτωχὸν,

284 1804 374 1859 62.
427 1805 694 1876 Ἀρπάσαι
727 1803 939 1873 πτωχὸν
963 1805 1020 1855 ἐν
1049 1801 1123 1872 τῷ
1145 1802 1368 1855 ἐλκῦσαι
1387 1799 1589 1853 αὐτόν..

285 1898 373 1950 63.
415 1897 502 1950 Ἐν
528 1900 592 1968 τῇ
629 1897 815 1966 παγίδι
843 1894 1007 1948 αὑτοῦ
1029 1893 1355 1948 ταπεινώσει
1387 1892 1552 1947 αὐτόν
1576 1909 1590 1922 ο

283 1988 370 2042 6ί.
402 1987 576 2058 Κύψει
607 1989 699 2041 καὶ
722 1991 987 2050 πεσεῖται,
1006 1989 1061 2040 ἐν
1081 1987 1156 2058 τῷ
1177 1987 1336 2039 αὑτὸν
1360 1980 1782 2053 κατακυριεῦσαι

213 2080 321 2134 τῶν
343 2081 609 2152 πενήτων.

288 2171 376 2225 63.
398 2167 530 2225 Εἷπε
551 2171 658 2243 γάρ
674 2173 730 2225 ἐν
749 2169 1129 2244 καρδίᾳαὺτοῦ
1149 2188 1162 2202 ο
1190 2169 1603 2240 Ἐπιλέλησταιό
1629 2168 1782 2230 Θεός.

287 2260 374 2315 66.
423 2261 756 2332 Ἀπέστρεψε
791 2261 851 2314 τὸ
901 2261 1188 2331 πρόσωπον
1218 2258 1381 2310 αὑτοῦ
1432 2257 1523 2310 τοῦ
1558 2258 1632 2328 μὴ
1668 2255 1786 2327 βλέ-

217 2367 340 2402 πειν
361 2352 439 2414 είς
459 2351 630 2414 τέλος.
656 2357 658 2359 ’

288 2440 376 2494 67.
407 2440 720 2510 ’Λνάστηθι,
750 2440 918 2510 Κύριε
938 2443 966 2492 6
989 2439 1119 2504 Θεός
1155 2458 1278 2510 μου,
1305 2439 1575 2523 ὑψωθήτω
1602 2442 1634 2511 ή
1666 2438 1787 2511 χείρ

219 2545 337 2592 σου,
381 2529 456 2600 μὴ
502 2530 732 2601 ἐπιλάθῃ
757 2530 864 2583 τῶν
899 2533 1146 2600 πενήτων
1180 2550 1294 2586 σου.

282 2619 371 2675 68.
417 2622 639 2675 Ἕνεκεν
681 2623 826 2685 τίνος
858 2623 1174 2693 παρώξυνεν
1203 2627 1230 2678 ὁ
1263 2622 1463 2694 ἀσεϐὴς
1491 2622 1581 2675 τὸν
1613 2620 1787 2687 Θεόν;

289 2708 380 2766 69.
412 2707 546 2762 Εἷπε
571 2710 679 2782 γάρ
709 2713 766 2765 ἐν
795 2711 991 2784 καρδίᾳ
1022 2712 1207 2766 αὐτοῦ’
1235 2714 1348 2766 Οὐκ
1373 2712 1684 2784 ἐπιζητήσει.

287 2799 378 2854 70.
406 2801 648 2868 Βλέπεις,
683 2804 763 2856 ὅτι
800 2805 862 2855 σὺ
901 2804 1060 2857 πόνον
1090 2806 1182 2858 καὶ
1199 2804 1369 2874 θυμὸν
1400 2806 1683 2871 κατανοεῖς
1703 2817 1717 2831 ·

288 2975 379 3029 7l.
411 2975 516 3028 Τοῦ
544 2968 881 3046 παραδοῦναι
910 2976 1071 3030 αὑτὸν
1099 2977 1179 3038 είς
1208 2974 1392 3048 χεῖράς
1427 2991 1545 3031 σου.

289 3066 378 3120 72.
411 3068 502 3120 Σοὶ
529 3067 1008 3136 ἐγκαταλέλειπται
1036 3069 1070 3145 ¹ὁ
1101 3069 1333 3140 πτωχός.

3345 405 3450 461 σεε

1965 515 2051 568 332.
2094 511 2424 567 Auferuntur
2460 511 2664 581 judicia
2700 521 2788 566 tua
2817 527 2848 566 a
2884 511 3020 569 facie
3044 514 3162 583 ejus
3191 533 3204 570 :

1965 689 2050 742 55.
2093 685 2347 742 Omnium
2373 689 2717 743 inimicorum
2741 705 2965 746 suorum
2993 693 3382 751 dominabitur.

2094 779 2238 834 Dixit
2269 780 2411 834 enim
2445 781 2498 834 in
2531 780 2690 834 cordc
2713 797 2812 834 suo
2841 800 2852 834 :
2885 780 3002 836 Non
3035 788 3344 842 movebora
3367 805 3452 858 ge-

1897 873 2175 928 neratione
2203 873 2254 926 in
2285 875 2688 943 generationem
2725 876 2840 929 sine
2870 878 3032 932 malo.

1962 965 2049 1018 55.
2092 962 2262 1034 Cujus
2291 964 2663 1021 maledictione
2689 982 2751 1021 os
2782 967 2996 1037 plenum
3030 979 3132 1035 est,
3168 981 3221 1026 et
3251 972 3452 1026 amari-

1896 1057 2098 1122 tudine,
2131 1064 2184 1110 rt
2211 1057 2358 1123 dolo,

1962 1148 2049 1202 56.
2095 1148 2206 1202 Sub
2233 1149 2414 1219 lingua
2446 1149 2586 1219 ejus,
2619 1150 2772 1205 labor
2804 1159 2857 1206 et
2882 1152 3055 1207 dolor.

1963 1240 2048 1294 57.
2095 1239 2254 1294 Sedet
2286 1241 2340 1294 in
2371 1240 2583 1296 insidiis
2612 1256 2736 1296 cum
2766 1243 3044 1310 divitibus,

1963 1331 2049 1384 58.
2094 1333 2152 1384 ln
2188 1331 2436 1394 occultis,
2469 1340 2526 1385 ut
2550 1333 2845 1388 interliciat
2875 1336 3236 1391 innocentem.

1962 1420 2048 1474 59.
2091 1418 2244 1473 Oculi
2269 1421 2388 1489 ejus
2416 1420 2468 1473 in
2502 1436 2792 1490 pauperem
2825 1425 3157 1493 respiciunt:

1962 1512 2049 1569 60.
2093 1511 2378 1566 Insidiatur
2405 1513 2457 1566 in
2491 1513 2825 1580 abscondito,
2855 1518 3012 1586 quasi
3039 1520 3120 1572 lco
3151 1520 3204 1573 in
3232 1519 3454 1590 spelun-

1891 1622 1950 1660 ca
1983 1621 2101 1661 sua.

1964 1698 2054 1752 6l.
2095 1697 2390 1754 lnsidiatur
2430 1709 2489 1754 ut
2520 1699 2694 1769 rapiat
2727 1715 3041 1770 pauperem,

1960 1790 2049 1844 62.
2092 1789 2300 1860 Rapere
2333 1807 2623 1861 pauperem
2650 1790 2780 1844 dum
2809 1793 3036 1845 attrahit
3060 1806 3205 1846 cum.

1815 1885 1858 1939 Β
1957 1879 2042 1934 65.
2088 1879 2144 1933 ln
2177 1883 2370 1951 laqueo
2403 1897 2504 1936 suo
2535 1882 2843 1936 humiliabit
2869 1899 2988 1937 eum
3021 1902 3034 1937 :

1959 1967 2046 2023 64.
2089 1969 2370 2024 lnclinabit
2401 1985 2459 2025 se
2483 1980 2536 2025 et
2566 1973 2740 2037 cadet,
2777 1987 2902 2025 cum
2952 1973 3264 2030 dominatus
3294 1973 3455 2030 fuerit

1887 2073 2207 2127 pauperum.

1958 2152 2044 2205 63.
2087 2151 2234 2207 Dixit
2262 2153 2404 2206 enim
2443 2156 2494 2206 in
2529 2155 2688 2207 corde
2717 2170 2816 2209 suo
2851 2174 2862 2208 :
2901 2155 3110 2209 Oblitus
3131 2167 3210 2210 est
3237 2157 3376 2211 Dcns
3406 2205 3415 2211 .

1962 2244 2050 2299 66.
2094 2245 2302 2300 Avertit
2327 2244 2516 2299 faciem
2551 2263 2706 2300 suam
2733 2263 2798 2301 ne
2835 2247 3011 2301 videat
3047 2248 3099 2300 in
3129 2251 3310 2302 linem.

1960 2422 2047 2476 67.
2090 2421 2352 2494 Exsurge,
2392 2422 2619 2478 Domine
2665 2422 2805 2477 Drus
2839 2439 3011 2488 meus,
3047 2426 3315 2479 cxaltetur
3344 2439 3456 2476 nia-

1891 2529 1995 2568 nus
2031 2523 2143 2574 tua,
2174 2529 2240 2566 ne
2269 2515 2609 2569 obliviscaris
2643 2530 2940 2584 pauperum
2975 2525 3214 2569 tuorum.

1961 2605 2048 2660 68.
2093 2604 2319 2675 Propter
2344 2606 2476 2675 quid
2506 2608 2848 2675 exasperavit
2881 2609 3082 2676 impius
3111 2607 3316 2660 Deum?

1963 2696 2052 2752 69.
2085 2695 2230 2752 Dixit
2261 2697 2404 2752 enim
2438 2697 2493 2752 in
2529 2699 2689 2754 corde
2715 2713 2842 2752 suo:
2874 2697 2988 2752 Non
3022 2699 3279 2769 requiret.

1967 2785 2052 2839 70.
2081 2783 2264 2851 Vides,
2303 2787 2557 2857 quoniam
2598 2795 2654 2841 tu
2688 2787 2924 2842 laborem
2959 2796 3012 2843 et
3051 2789 3290 2844 dolorem
3327 2803 3455 2843 con—

1894 2876 2124 2943 sideras,

1966 2971 2054 3024 7l.
2089 2970 2162 3026 Ut
2190 2969 2369 3023 tradas
2399 2984 2522 3023 eum
2551 2970 2605 3023 in
2634 2986 2830 3025 manus
2857 2978 2999 3025 tuas.

1969 3060 2056 3118 72.
2093 3059 2214 3116 Tibi
2239 3060 2527 3115 derelictus
2556 3068 2640 3115 est
2673 3075 2874 3130 pauper
2906 3079 2919 3114 :

1334 3241 1716 3298 ATHANASII
1756 3237 2336 3329 INTERPRETATIO.

285 3421 374 3477 5‘2.
415 3419 756 3493 Κεχώρισται
778 3420 846 3474 τά
861 3419 1203 3490 δικαιώματά
1222 3436 1313 3472 σου
1333 3419 1437 3472 ὑπὸ
1455 3417 1546 3471 τοῦ
1570 3415 1785 3489 ἐχθροῦ.
1816 3423 1858 3481 C

283 3514 373 3570 53.
415 3514 637 3567 Πάντων
661 3512 768 3565 τῶν
801 3511 1103 3582 ἀνθρώπων
1136 3510 1576 3583 κατακυριεύσει.

284 3606 375 3660 54.
415 3601 549 3658 Εἷπε
598 3605 704 3678 γὰρ
755 3608 810 3659 ἐν
858 3608 924 3676 τῇ
978 3606 1174 3678 καρδίᾳ.
1221 3605 1384 3659 αὐτοῦ
1429 3609 1457 3658 6
1507 3605 1786 3668 διάϐολος·

207 3701 328 3756 Οὐκ
350 3701 415 3755 ἂν
435 3701 654 3756 ἀποστῶ
677 3703 783 3755 ἀπὸ
806 3702 900 3755 τοῦ
927 3697 1098 3755 κακοῦ
1123 3699 1228 3752 άπὸ
1255 3699 1447 3766 γενεᾶς
1478 3698 1557 3758 είς
1576 3696 1788 3765 γενεάν.

271 3794 362 3849 55.
382 3796 648 3865 Ἐκκοπῆς
665 3794 735 3863 γά
741 3812 772 3865 ρ
785 3795 878 3847 καὶ
893 3794 1173 3864 ἐπάρσεως
1185 3792 1341 3861 γέμει
1354 3791 1413 3842 τὸ
1427 3789 1595 3860 στόμα
1609 3789 1788 3843 αὑτοῦ.

282 3885 375 3940 56.
426 3886 513 3938 Ἑν
535 3888 601 3955 τῇ
628 3883 946 3952 διδασκαλία
975 3880 1137 3934 αὐτοῦ
1167 3879 1393 3942 Θάνατος
1423 3882 1515 3932 καὶ⁸
1539 3879 1718 3949 ὀδύνη.

285 3976 376 4032 57.
431 3975 726 4046 Ἑνεδρεύει
748 3977 826 4036 είς
845 3973 941 4036 τὰς
967 3973 1191 4044 καρδίας
1215 3970 1323 4024 τῶν
1345 3969 1554 4022 ἀσεϐῶν
1579 3969 1673 4022 καὶ
1694 3985 1794 4020 πο-

207 4069 394 4141 νηρῶν
410 4067 506 4120 άνθ
514 4066 730 4138 ρώπων,
744 4065 1023 4134 διεγείρων
1042 4063 1236 4125 αὐτοὺς
1254 4061 1394 4115 κατὰ
1415 4061 1521 4114 τῶν
1542 4059 1784 4113 δικαίων.

283 4159 374 4220 58,
403 4157 490 4212 59.
541 4158 821 4227 Ἐπιτηρεῖ
851 4156 910 4208 τδ
946 4153 1047 4226 [δὲ]
1080 4153 1196 4217 πῶς
1229 4153 1391 4206 αὐτὸν
1426 4152 1698 4205 ἀπολέσει.

283 4249 473 4304 60-62.
516 4249 591 4301 Δι’
616 4246 962 4318 ἐνθυμήσεων
1006 4246 1099 4299 καὶ
1135 4243 1409 4314 λογισμῶν
1444 4244 1658 4314 ἀνόμων
1691 4243 1789 4313 ἀρ-

215 4343 387 4396 πάσαι
418 4339 570 4411 ζητεῖ
600 4340 690 4392 τὸν
715 4337 945 4391 δίκαιον.

287 4431 378 4493 63,
413 4431 499 4484 64.
544 4431 653 4482 Καὶ
689 4431 745 4480 ἐν
778 4428 855 4496 τῷ
886 4428 1048 4480 αὑτὸν
1081 4426 1412 4480 ταπεινῶσαι
1451 4424 1787 4495 πολεμοῦντα

206 4524 336 4585 τοὺς
361 4521 615 4584 δικαίους,
650 4520 811 4582 αὐτὸς
841 4523 1083 4572 πεσεῖται
1115 4520 1219 4572 ὑπὸ
1239 4520 1364 4582 τοὺς
1396 4517 1559 4580 πίδας
1585 4516 1782 4581 αὐτῶν,

207 4615 272 4667 ἐν
303 4611 382 4683 τῷ
404 4611 494 4665 τὸν
519 4611 649 4664 Θεὸν
679 4610 1058 4664 ἀντιλαϐέσθαι
1088 4609 1194 4663 τῶν
1223 4608 1467 4662 δικαίων.

283 4700 374 4766 65,
407 4703 494 4756 66.
535 4699 668 4754 Εἷπε
693 4701 799 4770 γάρ
830 4702 886 4754 ἐν
928 4699 1106 4770 ἐαυτῷ
1134 4701 1161 4752 6
1186 4697 1458 4761 διάϐολος·
1503 4693 1783 4763 Ἐπιλέλη-

1964 3416 2049 3470 52.
2089 3415 2444 3470 Secesserunt
2468 3411 2889 3482 justillcationes
2917 3421 3023 3466 tuaa
3057 3413 3125 3468 ab
3155 3412 3396 3471 inimico.

1963 3511 2050 3564 55.
2087 3507 2340 3564 Omnium
2373 3507 2655 3561 hominum
2688 3505 3072 3561 dominabitur.

1962 3602 2049 3655 54.
2087 3600 2233 3656 Dixit
2263 3601 2407 3655 enim
2435 3599 2488 3654 in
2521 3601 2683 3653 corde
2719 3616 2818 3654 suo
2846 3600 3092 3657 diabolus
3124 3620 3137 3654 :
3167 3600 3283 3656 Non
3310 3602 3453 3657 desi-

1892 3702 2029 3748 stam
2061 3709 2088 3746 a
2116 3692 2257 3747 malo
2285 3708 2313 3746 a
2343 3690 2690 3762 generatione
2725 3691 2779 3745 in
2811 3695 3239 3763 generationem.

1949 3785 2037 3838 5-5.
2055 3783 2188 3838 Nam
2203 3781 2892 3854 perfractum,etjactantize
2910 3783 3124 3852 plenum
3141 3791 3224 3837 est
3237 3799 3297 3836 os
3313 3783 3452 3851 ejus.

1962 3876 2048 3930 56.
2087 3875 2143 3928 ln
2175 3875 2419 3929 doctrina
2462 3873 2631 3944 ipsius
2669 3888 2836 3938 mors,
2870 3885 2924 3928 et
2945 3875 3121 3929 dolor.

1961 3969 2049 4024 57.
2085 3967 2374 4022 lnsidiatur
2405 3967 2456 4020 in
2484 3966 2740 4021 cordibus
2764 3967 3055 4030 malorum,
3081 3974 3242 4036 atque
3268 3966 3458 4036 impio-

1889 4077 2010 4114 rum
2044 4059 2346 4124 hominum,
2378 4061 2623 4114 excitans
2652 4075 2745 4113 eos
2778 4068 2963 4113 contra
2987 4058 3184 4128 justos.

1960 4155 2047 4217 58,
2081 4153 2166 4207 59.
2209 4151 2474 4207 Observat
2501 4163 2679 4206 autem
2713 4152 2988 4221 quomodo
3015 4164 3135 4203 eum
3169 4149 3380 4219 perdat.

1959 4246 2147 4301 60-62.
2183 4245 2623 4315 Cupiditatibus,
2677 4252 2729 4295 ct
2787 4241 2988 4310 iniquis
3034 4241 3452 4311 cogitationibus

1889 4342 2084 4410 qumrit
2116 4355 2301 4409 rapere
2327 4338 2556 4407 justum.

1959 4433 2045 4496 65,
2081 4431 2170 4486 6i.
2228 4430 2291 4484 Et
2315 4430 2443 4482 dum
2478 4443 2536 4482 se
2566 4426 2841 4495 deprimit,
2876 4434 2936 4480 ut
2962 4440 3159 4479 aeuum
3191 4425 3453 4481 adversus

1883 4523 2062 4593 justus
2094 4531 2264 4592 gerat,
2297 4521 2410 4588 ipse
2442 4518 2598 4572 cadet
2625 4518 2726 4571 sub
2753 4533 2937 4571 eorum
2963 4518 3155 4585 pedes;
3191 4518 3450 4586 quoniam

1890 4614 2031 4668 Deus
2063 4613 2225 4683 justis
2264 4611 2533 4665 subvenit.

1958 4708 2046 4767 65,
2077 4706 2164 4759 66.
2202 4703 2345 4757 Dixit
2373 4703 2518 4758 enim
2565 4705 2616 4756 in
2654 4717 2711 4756 se
2758 4701 2875 4769 ipso
2914 4699 3207 4755 diabolus:
3238 4698 3451 4755 Oblitus

206 4809 338 4849 σται
362 4794 390 4845 6
422 4793 552 4856 Θεὸς
577 4793 668 4846 τοῦ
693 4793 882 4861 γένους
921 4793 1030 4844 τῶν
1057 4789 1377 4862 ἀνθρώπων,
1407 4789 1660 4860 πρόνοιαν
1689 4787 1784 4839 αὐ-

1889 4811 1972 4856 cst
2004 4799 2143 4853 Deus
2187 4797 2412 4850 humani
2462 4794 2696 4866 generis,
2748 4793 2950 4847 nullam
3012 4794 3078 4845 de
3137 4807 3202 4846 eo
3266 4808 3449 4846 curam

202 4884 322 4940 τῶν
357 4885 416 4936 οὐ
451 4885 700 4936 ποιεῖται.

283 4977 372 5032 67.
416 4973 712 5046 Βουλήθητι
742 4973 1106 5038 ἐπιδείξασθαι
1140 4974 1236 5044 τὴν
1271 4970 1524 5038 πρόνοιάν
1558 4985 1651 5021 σου
1683 4966 1780 5038 τὴν

203 5069 292 5130 εἰς
315 5066 463 5136 ἡμᾶς
482 5081 496 5094 ·
532 5063 606 5135 μὴ
633 5062 741 5114 τῶν
770 5061 1208 5114 ταπεινωθέντων
1239 5059 1333 5114 καὶ
1367 5057 1612 5128 βοώντων
1646 5055 1781 5118 πρὸς

204 5159 272 5212 σὲ
303 5158 400 5228 τὴν
427 5156 644 5227 μνήμην
676 5154 1021 5224 καταλείψῃς.

281 5247 371 5302 68.
412 5246 566 5309 Τίνος
590 5246 748 5318 χάριν
779 5243 1126 5315 παρώργισεν
1156 5245 1184 5296 6
1207 5241 1409 5313 ἀσεϐὴς
1439 5239 1528 5292 τὸν
1556 5237 1723 5303 Θεόν;

279 5338 370 5393 69.
401 5335 534 5391 Εἷπε
577 5337 685 5406 γάρ
730 5338 758 5388 6
798 5336 1038 5399 διάϐολος
1084 5337 1140 5388 ἐν
1183 5333 1388 5402 ἐαυτῷ·
1439 5330 1514 5383 Οὐ
1555 5328 1778 5399 ζητήσει

197 5427 336 5489 τοὺς
368 5425 812 5496 πεπλανημένους
835 5427 863 5477 6
895 5424 1046 5487 Θεός.

283 5518 376 5581 70,
405 5516 493 5569 7l.
531 5517 693 5587 Ὁρᾷς
737 5517 822 5582 σὺ,
853 5514 1042 5586 Κύριε,
1093 5515 1197 5568 τὸν
1217 5511 1408 5582 θυμὸν
1429 5510 1653 5564 καὶτὸν
1674 5509 1778 5562 πό-

197 5627 342 5673 νον,
376 5609 617 5662 τουτέστι
644 5607 734 5661 τὸν
775 5605 1036 5669 διάϐολον,
1074 5605 1404 5676 παραδοῦναι
1424 5602 1586 5657 αὑτὸν
1614 5603 1672 5658 ἐν
1709 5602 1774 5672 τῇ

201 5700 484 5772 παρουσίᾳ
511 5716 605 5752 σου
641 5698 747 5751 ὑπὸ
780 5698 879 5768 τὴν
915 5697 1168 5764 ἐξουσίαν
1195 5697 1302 5750 τῶν
1332 5695 1526 5765 ἁγίων.

278 5791 372 5848 72.
403 5793 496 5854 Εἰς
528 5789 625 5862 τὴν
659 5789 757 5861 σὴν
789 5788 1038 5860 βοήθειαν
1067 5790 1265 5860 ἀφορᾷ.

504 5909 769 5967 ΓΑτιιι)ι.
804 5906 921 5966 Gn.
967 5906 1225 5965 XXVII.

1892 4893 2045 4963 gerit.

1959 4985 2046 5039 67.
2082 4983 2380 5041 Ostendcre
2418 4982 2546 5037 velis
2572 4982 2964 5051 providentiam
3002 4991 3173 5043 tuam,
3198 4995 3360 5050 quam
3387 4981 3453 5034 de

1890 5077 2045 5131 nobis
2075 5076 2240 5130 habes
2271 5095 2283 5129 :
2319 5090 2383 5128 ne
2412 5073 2653 5142 deponas
2688 5072 3004 5126 memoriam
3034 5087 3243 5134 eorum,
3275 5073 3365 5141 qui
3396 5088 3453 5123 sc

1889 5163 2196 5230 humiliant,
2227 5171 2280 5216 et
2315 5162 2551 5216 clamant
2575 5161 2643 5216 ad
2677 5171 2744 5215 te.

1955 5252 2043 5307 68.
2086 5253 2264 5320 Quare
2302 5253 2532 5307 irritavit
2561 5253 2757 5322 impius
2791 5254 2999 5306 Deum?

1954 5345 2041 5399 69.
2073 5346 2217 5400 Dixit
2240 5345 2383 5398 enim
2419 5343 2664 5399 diabolus
2685 5344 2739 5398 in
2771 5359 2828 5397 se
2857 5344 2973 5413 ipso
3008 5359 3018 5391 :
3048 5341 3150 5408 Qui
3175 5351 3446 5400 crs-arum,

1885 5454 1991 5494 non
2028 5439 2262 5506 requiret
2287 5436 2445 5492 Deus.

1954 5529 2040 5594 70,
2073 5529 2160 5582 71.
2188 5528 2352 5582 Vides
2393 5540 2470 5592 tu,
2517 5527 2764 5593 Domine,
2815 5527 3045 5581 dolorem
3099 5537 3147 5580 et
3194 5526 3445 5588 laborem,

1883 5622 1988 5676 hoc
2028 5627 2111 5673 cst
2149 5619 2445 5684 diabolum,
2488 5629 2549 5673 ut
2597 5619 2776 5674 tradas
2820 5635 2942 5673 eum
2992 5620 3044 5673 in
3077 5619 3310 5672 adventu
3354 5627 3447 5671 tuo

1884 5713 1986 5768 sub
2019 5719 2279 5780 potestate
2313 5721 2646 5766 sanctorum.

1957 5802 2041 5856 72.
2077 5802 2312 5873 Respicit
2341 5804 2394 5857 in
2424 5805 2682 5858 auxilium
2718 5812 2889 5860 tuum.

3048 5898 3127 5956 ιω
