4060 6454
594 389 696 448 683

665 503 751 556 75.
778 499 1030 570 Orpliano
1061 509 1114 553 tu
1151 499 1293 553 fuisti
1327 501 1558 570 adjutor.

661 594 751 649 74.
779 593 1011 647 Contere
1041 593 1318 646 brachium
1352 593 1650 661 peccatoris
1681 600 1734 644 et
1767 592 1984 661 maligni
2023 609 2034 642 :

664 767 752 823 75.
787 768 1067 835 Quaeretur
1098 780 1375 838 peceatum
1409 772 1572 828 illius.
1603 781 1656 824 et
1691 787 1796 824 non
1833 772 2156 825 invenietur.

669 859 754 914 76.
791 859 1055 930 Regnabit
1096 862 1358 916 Dominus
1396 863 1446 914 in
1488 878 1774 924 aiternum,
1815 872 1867 916 et
1903 864 1955 914 in
1993 877 2161 915 saecu-

599 951 706 1005 lum
739 955 919 1008 seculi
956 970 968 1005 :

669 1046 754 1101 77.
787 1047 1056 1109 Periliitis,
1093 1060 1299 1119 gentes.
1329 1050 1394 1102 de
1432 1059 1570 1103 terra
1609 1051 1774 1105 illius.

669 1138 755 1193 78.
788 1138 1123 1195 Desiderium
1157 1156 1449 1210 pauperwn
1481 1142 1754 1195 exaudivit
1784 1141 2064 1196 Dominus.

669 1230 754 1286 79.
792 1230 1170 1302 Przeparationi
1202 1234 1380 1288 cordis
1409 1249 1595 1288 eorum
1628 1235 1854 1289 attendit
1880 1236 2026 1288 auris
2051 1244 2162 1289 tua.

671 1411 760 1466 80.
788 1411 975 1467 Judica
1009 1412 1208 1482 pupillo
1239 1421 1292 1467 et
1319 1413 1528 1475 humili,

672 1503 760 1558 81.
794 1502 863 1557 Ut
901 1521 1006 1558 non
1058 1517 1294 1574 apponat
1338 1508 1479 1560 ultra
1523 1505 1869 1576 magniﬁcare
1914 1522 1972 1561 se
2005 1508 2165 1560 homo

603 1610 759 1666 super
785 1607 1003 1650 terram.

817 1708 877 1763 In
909 1711 1063 1777 ﬁnem
1093 1710 1340 1764 Psalmus
1370 1710 1557 1766 David.
1587 1709 1849 1766 PSALM.
1882 1710 1955 1765 Χ.

673 1824 721 1876 1.
739 1822 795 1877 In
814 1823 1038 1879 Domino
1055 1824 1286 1890 confido,
1307 1824 1581 1894 quomodo
1598 1825 1776 1879 dicitis
1792 1826 1985 1879 anima:
2001 1840 2162 1879 mean
2199 1848 2241 1901 Β

669 1915 722 1968 2.
755 1914 1102 1986 Transmigra
1140 1917 1190 1969 in
1227 1926 1465 1970 montem
1499 1915 1638 1970 sicut
1666 1914 1890 1984 passer?

669 2009 723 2063 5.
752 2008 1018 2075 Quoniam
1049 2025 1173 2063 ecce
1204 2019 1512 2078 peccatores
1545 2009 1890 2063 intenderunt
1916 2023 2133 2074 areum;

670 2103 725 2156 4.
753 2099 1086 2156 Paraverunt
1116 2102 1338 2171 sagittas
1369 2117 1496 2156 suas
1527 2101 1579 2155 in
1616 2101 1889 2171 pharetra,

672 2195 725 2251 5.
757 2193 826 2250 Ut
859 2197 1113 2266 sagittent
1148 2197 1200 2248 in
1235 2196 1470 2250 obscuro
1500 2205 1677 2249 rectos
1707 2195 1868 2248 corde
1905 2209 1918 2244 :

672 2373 727 2429 6.
753 2375 1019 2440 Quoniam
1044 2391 1162 2444 qua:
1188 2374 1481 2443 perfecnsti,
1509 2374 1612 2443 ipsi
1646 2375 2051 2430 destruxerunt.

676 2467 728 2521 7.
755 2465 945 2521 Justus
975 2475 1152 2520 autem
1190 2467 1317 2536 quid
1346 2466 1508 2521 fecit?

674 2558 726 2612 8.
757 2557 1017 2612 Dominus
1055 2559 1106 2610 in
1139 2559 1340 2628 templo
1375 2569 1565 2614 saneto
1589 2575 1689 2614 suo
1724 2580 1735 2610 .-

1430 388 1488 443 S.
1529 387 1900 443 ATIIANASII
1938 386 2088 442 OPP.
2130 385 2312 440 PARS
2351 384 2440 439 lll.
2480 415 2550 424 —
2591 382 3007 439 EXEGETICA.

2327 499 2415 551 75.
2465 497 2712 569 Ὀρφανῷ
2741 498 2804 551 σὺ
2836 493 2978 567 ἦσθα
3014 493 3224 564 βοηθός.

2329 591 2417 643 74.
2448 589 2740 659 Σύντριψον
2783 587 2872 640 τὸν
2927 588 3184 659 βραχίονα
3231 585 3321 638 τοῦ
3369 585 3698 658 ἁμαρτωλοῧ
3743 589 3835 642 καὶ

2259 697 2391 749 πονη
2403 679 2493 748 ροῦ
2536 694 2550 708 ·

2329 771 2850 842 75.εΖητηθήσεταιή
2871 770 3111 841 ἁμαρτία
3128 768 3315 831 αὐτοῦ,
3329 771 3421 822 καὶ
3437 771 3495 823 οὐ
3521 771 3596 841 μὴ
3613 772 3670 822 εὖ
3680 771 3833 842 ρεθῇ.

2333 864 2420 916 76.
2457 863 2771 915 Βασιλεύσει
2801 863 3004 934 Κύριος
3046 865 3125 925 εἰς
3157 863 3248 916 τὸν
3281 863 3470 924 αἰῶνα,
3501 865 3594 916 καὶ
3629 867 3710 927 εἰς
3749 866 3838 916 τὸν

2262 957 2434 1011 αἰῶνα
2459 955 2551 1009 τοῦ
2583 955 2796 1018 αἰῶνος.

2338 1050 2421 1102 77.
2469 1047 2798 1107 Ἀπολεῖσθε,
2834 1045 2982 1116 ἔθνη,
3016 1047 3079 1098 ἐκ
3105 1045 3203 1115 τῆς
3234 1047 3336 1115 γῆς
3363 1046 3552 1102 αὐτοῦ.

2337 1141 2424 1194 78.
2456 1141 2565 1209 Τὴν
2593 1138 2883 1207 ἐπιθυμίαν
2905 1137 3012 1188 τῶν
3036 1138 3278 1207 πενήτων
3303 1140 3588 1210 είσήκουσε
3613 1139 3841 1209 Κύριος.

2329 1233 2418 1287 79.
2449 1232 2527 1302 Τῇ
2554 1229 2837 1300 ἑτοιμασίᾳ
2877 1228 2975 1298 τῆς
3016 1228 3240 1298 καρδίας
3271 1230 3448 1283 αὐτῶν
3477 1231 3749 1303 προσέσχε
3785 1244 3847 1285 το

2264 1318 2357 1386 οὖς
2390 1340 2500 1376 σου.

2339 1416 2426 1470 80.
2461 1417 2654 1487 Κρῖναι
2685 1413 2903 1486 ὀρφανῷ
2934 1412 3027 1466 καὶ
3056 1413 3316 1482 ταπεινῷ,

2337 1510 2424 1562 81.
2466 1511 2580 1560 Ἰνα
2626 1508 2699 1578 μὴ
2741 1505 2948 1577 προσθῇ
2983 1504 3061 1557 ἔτι
3105 1505 3198 1558 τοῦ
3236 1505 3595 1577 μεγαλαυχεῖν
3631 1509 3844 1580 ἄνθρω-

2270 1620 2368 1666 πος
2397 1603 2488 1655 ἐπὶ
2510 1601 2608 1670 τῆς
2630 1600 2757 1669 γῆς.

2376 1716 2479 1778 Εἰς
2506 1711 2570 1765 τὸ
2597 1711 2768 1776 τέλος
2798 1711 3038 1778 ψαλμὸς
3066 1709 3145 1774 τῷ
3175 1711 3367 1764 Δαϐίδ.
3409 1714 3641 1767 ΨΑΛΜ.
3672 1715 3738 1767 Γ.

2346 1825 2394 1877 1.
2414 1824 2535 1876 Ἐπὶ
2553 1822 2628 1892 τῷ
2644 1822 2829 1892 Κυρίῳ
2847 1822 3101 1882 πέποιθα,
3127 1821 3242 1883 πῶς
3260 1825 3431 1892 ἐρεῖτε
3454 1827 3520 1893 τῇ
3535 1823 3685 1894 ψυχῇ
3709 1839 3815 1892 μου
3836 1838 3854 1853 ο

2347 1917 2401 1970 2.
2425 1913 2836 1968 Μεταναστεύου
2867 1913 2958 1965 ἐπὶ
2989 1915 3056 1966 τά
3093 1913 3191 1985 ὅρη
3220 1913 3293 1976 ὡς
3323 1916 3637 1984 στρουθίον;

2344 2006 2396 2060 5.
2429 2007 2549 2059 Ὅτι
2577 2005 2682 2057 ἰδοὺ
2709 2006 2756 2056 οἰ
2785 2005 3092 2074 ἁμαρτωλοὶ
3121 2005 3388 2057 ἐνέτειναν
3411 2005 3563 2070 τόξον

2342 2101 2396 2154 4.
2439 2099 2772 2169 Ἦτοίμασαν
2805 2097 2931 2167 βέλη
2955 2099 3032 2160 εἰς
3062 2099 3359 2168 φαρέτραν,

2347 2193 2400 2247 5.
2430 2191 2536 2244 Τοῦ
2565 2183 2955 2255 κατατοξεῦσαι
2987 2192 3042 2243 ἐν
3088 2194 3391 2261 σκοτομὴνῃ
3422 2191 3548 2254 τοὺς
3580 2191 3762 2254 εὐθετς
3787 2206 3818 2243 τ

2277 2285 2491 2356 καρδία’

2347 2376 2400 2433 6.
2434 2378 2554 2430 Ὅτι
2586 2375 2621 2430 ἃ
2651 2378 2714 2429 σὺ
2750 2374 3080 2448 κατηρτίσω,
3113 2376 3265 2430 αὐτοὶ
3299 2375 3564 2429 καθεῖλον.

2349 2468 2403 2522 7.
2443 2469 2503 2520 '0
2533 2468 2589 2521 δέ
2619 2468 2821 2529 δίκαιος
2844 2467 2895 2518 τί
2926 2467 3179 2538 ἐποίησε;

2351 2561 2404 2615 8.
2437 2561 2639 2632 Κύριος
2672 2563 2728 2613 ἐν
2757 2557 2868 2628 ναῷ
2898 2557 3036 2626 ἁγίῳ
3068 2557 3231 2611 αὐτοῦ
3253 2574 3266 2590 ·

1723 2692 2103 2749 ATHANASII
2145 2695 2734 2753 INTERPRETATIO.

676 2815 765 2868 75.
795 2812 1112 2881 Orplianum
1155 2811 1286 2865 dicit
1319 2825 1440 2864 eum
1463 2849 1477 2874 ,
1518 2809 1611 2878 qui
1650 2823 1757 2863 non
1793 2810 1952 2865 habet
1982 2811 2173 2867 huma-

611 2921 739 2962 Lum
775 2906 1060 2960 auxilium.

683 2997 768 3052 74.
803 2995 1240 3050 Dominationem
1274 2995 1492 3048 diaboli.

681 3089 768 3148 75.
799 3088 885 3142 76.
913 3087 1194 3152 Quaeretur
1241 3097 1518 3155 peceatum
1550 3087 1689 3156 ejus,
1722 3096 1772 3142 et
1803 3103 1909 3141 non
1944 3089 2182 3158 amplius

613 3179 727 3250 ipse
769 3181 1021 3234 diabolus
1071 3180 1403 3242 invenietur;
1448 3180 1705 3247 quoniam
1753 3181 1981 3234 traditus
2011 3191 2095 3235 est
2127 3180 2181 3233 in

615 3269 788 3341 ignem
813 3278 1072 3323 aeternum
1105 3287 1117 3322 :
1143 3279 1195 3323 et
1218 3270 1432 3322 demum
1460 3269 1720 3325 Dominus
1746 3272 1896 3326 solus
1918 3273 2180 3342 regnabit.

687 3447 771 3502 77.
812 3447 1032 3512 Gentes,
1066 3465 1185 3518 qure
1227 3451 1273 3504 ei
1307 3466 1413 3504 non
1455 3450 1986 3521 obtemperaverunt,
2022 3470 2051 3508 a
2083 3469 2184 3510 suo

616 3540 821 3595 caelesti
849 3557 1016 3610 regno
1045 3542 1370 3596 alienantur.

688 3633 774 3686 78.
811 3632 1146 3687 Desiderium
1175 3650 1471 3705 pauperum
1497 3639 1718 3693 exaudit
1750 3638 1890 3695 Deus
1920 3650 1975 3695 et
2001 3639 2188 3695 Domi-

619 3741 742 3791 nus,
767 3727 1023 3796 quoniam
1059 3744 1178 3797 qua:
1211 3728 1311 3797 ipsi
1351 3740 1500 3798 grata
1535 3741 1664 3785 sunt
1694 3733 2115 3803 concupiscunt.

689 3907 776 3961 79.
807 3907 1106 3962 Clamorem
1155 3924 1377 3967 eorum.
1427 3909 1519 3978 qui
1561 3910 1776 3964 contriti
1820 3921 1873 3965 et
1921 3910 2186 3967 humiliati

620 4011 748 4055 sunt.
772 4001 953 4065 corde,
986 4003 1261 4057 exaudivit
1288 4002 1436 4058 auris
1468 4013 1578 4056 tua.

691 4092 778 4147 80.
817 4091 1035 4147 Viudica
1068 4109 1180 4160 eos,
1212 4094 1303 4163 qui
1335 4095 1596 4148 auxilium
1634 4111 1741 4149 non
1775 4093 2006 4162 habent;

692 4184 775 4237 8|.
812 4183 888 4238 Ne
916 4194 1102 4237 contra
1140 4185 1285 4253 ipsos
1317 4186 1598 4248 diabolus,
1630 4196 1683 4240 et
1713 4189 1806 4255 qui
1839 4188 1908 4240 ab
1940 4202 2005 4240 eo
2037 4197 2186 4250 sunt,

622 4277 939 4345 superbiant
971 4278 1024 4330 in
1053 4278 1231 4332 terris.

2354 2817 2441 2870 75.
2484 2815 2746 2886 Ὀρφανὸν
2777 2813 2926 2882 λέγει
2971 2811 3071 2883 τὴν
3113 2811 3458 2883 ἀνθρωπίνην
3490 2811 3746 2881 βοήθειαν
3787 2816 3870 2891 μὴ

2209 2889 2253 2948 (Ῐ
2285 2908 2492 2978 ἔχοντα.

2353 3001 2439 3054 74.
2467 3000 2575 3070 Τὴν
2603 3000 2920 3053 δυναστείαν
2946 3000 3039 3052 τοῦ
3063 2996 3322 3054 διαϐόλου,

2353 3091 2443 3153 75,
2477 3091 2563 3143 76.
2598 3090 2970 3162 Ζητηθήσεται
3017 3092 3049 3160 ή
3101 3090 3343 3159 ἁμαρτία
3391 3090 3588 3154 αὑτοῦ,
3634 3091 3731 3143 καὶ
3767 3091 3876 3145 οὐκ

2285 3183 2364 3236 ἔτι
2396 3183 2557 3243 αὐτὸς
2589 3184 2617 3235 ὁ
2647 3181 2889 3244 διάϐολος
2917 3182 2976 3234 οὺ
3021 3183 3094 3251 μὴ
3136 3181 3351 3250 εὑρεθῇ·
3398 3183 3485 3235 διὰ
3528 3184 3587 3235 τὸ
3634 3185 3876 3256 παραδο-

2287 3274 2444 3346 θῆναι
2475 3275 2636 3327 αὑτὸν
2673 3275 2749 3345 τῷ
2781 3274 2983 3344 αἰωνίῳ
3012 3274 3165 3344 πυρὶ,
3202 3276 3294 3327 καὶ
3317 3274 3502 3328 λοιπὸν
3534 3276 3742 3346 Κύριος
3777 3279 3876 3348 μό-

2287 3385 2376 3429 νος
2405 3367 2730 3437 βασιλεύσει.

2360 3461 2446 3514 77.
2481 3461 2648 3530 Ἔθνη
2683 3461 2750 3515 τὰ
2800 3462 2872 3532 μὴ
2924 3461 3218 3531 πειθόμενα
3260 3457 3407 3530 αὑτῷ
3459 3459 3880 3532 ἀλλοτριοῦνται

2289 3551 2386 3621 τῆς
2415 3550 2734 3621 ἐπουρανίου
2763 3550 2925 3604 αὑτοῦ
2952 3550 3244 3619 βασιλείας.

2365 3643 2447 3697 78.
2478 3643 2585 3713 Τὴν
2629 3642 2916 3712 ἐπιθυμίαν
2949 3643 3055 3694 τῶν
3091 3643 3335 3711 πενήτων
3365 3641 3638 3694 εἰσακούει
3671 3644 3700 3695 ὁ
3740 3642 3881 3707 Θεὸς

2291 3735 2385 3788 καὶ
2408 3734 2629 3806 Κύριος,
2659 3733 2843 3803 ἐπειδὴ
2882 3733 2950 3786 τὰ
2993 3735 3195 3805 ἀστερά
3223 3733 3473 3805 ὶάρεστά]
3502 3735 3650 3803 αὐτῷ
3675 3737 3877 3790 ἐπιθυ-

2296 3823 2395 3894 μοῧ
2404 3842 2475 3878 σι.

2365 3915 2451 3969 79.
2482 3915 2601 3968 Τῶν
2630 3917 3097 3988 συντετριμμένων
3144 3917 3236 3969 καὶ
3261 3919 3752 3988 τεταπεινωμένων
3779 3920 3880 3990 τὴν

2295 4008 2518 4078 καρδίαν
2549 4009 2745 4078 ἤκουσε
2771 4010 2867 4075 τῆς
2893 4009 3018 4077 βοῆς
3044 4007 3103 4059 τὸ
3136 4004 3226 4070 οὖς
3260 4025 3373 4061 σου.

2365 4100 2452 4152 80.
2483 4102 2708 4169 Ποιῆσαι
2734 4099 2829 4170 τὴν
2860 4100 3134 4168 ἐκδίκησιν
3163 4097 3270 4150 τῶν
3299 4098 3616 4169 άϐοηθήτιυν
3639 4114 3650 4126 ’

2369 4192 2456 4244 81.
2482 4193 2598 4244 Ἵνα
2630 4191 2704 4262 μὴ
2743 4192 2860 4244 κατ’
2901 4194 3093 4255 αὐτοὺς
3136 4192 3165 4242 ὁ
3209 4190 3450 4253 διάϐολος
3482 4193 3575 4244 καὶ
3619 4194 3668 4245 οί
3706 4193 3881 4248 αὑτοῦ

2226 4299 2267 4353 ι)
2299 4285 2666 4354 τετυφωμένοι
2691 4278 2822 4336 ὦσιν
2855 4284 2948 4336 ἐπὶ
2979 4285 3073 4355 τῆς
3105 4283 3229 4352 γῆς.

705 4394 769 4448 Ἦ
798 4397 1129 4467 προκειμένη
1178 4398 1455 4470 ἐπιγραφὴ
1496 4401 1529 4470 ἡ
1571 4398 1660 4452 διὰ
1702 4400 1802 4470 τῆς
1838 4400 2206 4472 κινναϐάρεως
2234 4402 2496 4473 περιέχει·
2528 4406 2631 4467 Εἰς
2677 4401 2742 4456 τὸ
2773 4401 2946 4466 τέλος
2977 4400 3217 4470 ψαλμὸς
3256 4397 3335 4464 τῷ
3372 4399 3569 4461 Δαὸἰδ,
3602 4404 3887 4457 τουτέστιν

624 4489 709 4543 ἐπ’
741 4493 980 4562 ἐσχάτων
1004 4494 1111 4545 τῶν
1137 4496 1343 4564 χρόνων
1376 4495 1589 4569 εἴρηται
1627 4499 1654 4550 ὀ
1680 4497 1890 4568 ψαλμὸς
1920 4499 2000 4561 εἰς
2033 4500 2157 4562 τοὺς
2188 4500 2377 4569 ἁγίους
2421 4499 2514 4552 τοῦ
2553 4499 2708 4552 Θεοῦ.
2739 4499 2902 4552 Δαὸὶδ
2927 4498 3034 4569 γάρ
3068 4496 3448 4568 ἑρμηνεύεται,
3480 4499 3708 4552 τούτων
3739 4501 3888 4557 ἐπό-

625 4584 802 4651 θησα,
835 4584 1078 4638 τουτέστι
1105 4586 1212 4640 τῶν
1236 4587 1423 4656 ἁγίων,

697 4696 930 4761 Titulus,
966 4701 1056 4769 qui
1093 4702 1300 4772 psalmo
1334 4705 1682 4774 praeponitur,
1719 4704 1997 4759 cinuabari
2032 4705 2269 4772 scriptus
2299 4704 2536 4758 continet
2573 4721 2584 4755 :
2623 4702 2687 4756 In
2714 4704 2871 4773 ﬁnem
2892 4706 3127 4775 psalmus
3145 4706 3335 4772 David,
3357 4709 3458 4763 hoc
3491 4719 3575 4764 est
3608 4710 3662 4763 in
3700 4711 3891 4766 novis-

629 4791 784 4848 simis
804 4796 1137 4864 temporibus
1153 4799 1397 4867 psalmus
1418 4799 1615 4853 dieitur
1638 4801 1702 4853 de
1723 4801 1923 4855 sanctis
1949 4799 2061 4853 Dei.
2087 4798 2254 4854 David
2279 4803 2423 4854 enim
2445 4800 2849 4870 interpretatur,
2873 4803 2964 4854 hos
2983 4804 3299 4868 desideravi,
3334 4805 3437 4860 hoc
3457 4815 3535 4860 est
3569 4817 3816 4862 sanctos.

702 4889 754 4942 1.
793 4888 846 4943 In
883 4890 992 4946 Deo
1018 4894 1250 4962 speravi,
1286 4896 1414 4963 quid
1448 4896 1725 4951 suadetis?

699 4984 756 5039 ‘2.
789 4983 997 5040 Extolle
1023 4989 1208 5042 oculos
1241 4988 1436 5041 mentis
1464 4997 1568 5042 tua:
1601 4989 1666 5043 ad
1695 4989 1955 5051 caelestia,
1991 4998 2043 5042 et
2074 4989 2200 5043 nul-

633 5075 739 5129 lam
773 5077 1170 5132 mundanarum
1202 5095 1381 5132 rerum
1412 5094 1594 5132 curam
1630 5095 1776 5148 gere.

701 5169 780 5221 5-
805 5169 858 5223 5.
893 5168 1157 5235 Quoniam
1197 5170 1468 5223 dzemones
1510 5171 1830 5240 cupiditates
1863 5180 1916 5223 et
1951 5178 2198 5224 ostenta-

633 5261 810 5313 tiones
853 5261 1012 5330 lmjus
1045 5261 1164 5314 vit-.e
1206 5263 1505 5316 immittunt
1536 5263 1674 5316 inter
1717 5263 1968 5317 tenebras
2009 5263 2197 5317 mundi

632 5353 688 5408 in
727 5353 890 5408 corda
919 5354 1209 5422 iustorum.

704 5444 757 5498 6.
792 5444 1211 5501 Justiﬁcationes
1256 5445 1490 5508 Domini,
1523 5463 1659 5516 quas
1704 5445 1816 5513 ipse
1844 5447 2191 5516 praeparavit,

636 5536 737 5605 ipsi
767 5540 1168 5592 sulwerterunt.

707 5632 759 5686 7.
792 5630 979 5686 Justus
1006 5643 1184 5687 autem
1216 5633 1347 5702 quid.
1384 5635 1574 5686 horum
1607 5632 1770 5688 fecit?

708 5725 760 5778 8.
795 5724 1054 5778 Dominus
1091 5742 1196 5778 non
1237 5726 1289 5777 iu
1334 5726 1605 5794 speluncis
1635 5725 2010 5779 haereticorum
2046 5725 2201 5777 iulia-

619 5817 791 5878 —bitat,
829 5817 921 5870 sed
956 5818 1007 5870 in
1036 5818 1235 5888 templo
1266 5828 1453 5873 sancto
1484 5835 1606 5873 suo.

2370 4895 2420 4948 1.
2459 4896 2580 4947 Ἐπὶ
2606 4895 2682 4964 τῷ
2711 4897 2898 4967 Κυρίῳ
2924 4897 3149 4966 ἧλπισα,
3178 4899 3227 4950 τί
3260 4899 3690 4968 συμϐουλεύετε;

2375 4987 2428 5040 2.
2459 4988 2524 5039 Ἐ
2536 5005 2700 5059 παρον
2723 4990 2848 5050 τοὺς
2877 4987 3186 5058 ὀφθαλμοὺς
3208 4992 3307 5060 τῆς
3331 4990 3566 5054 διανοίας
3596 5009 3691 5044 σου
3718 4996 3800 5055 εἰς
3823 4994 3888 5045 τά

2304 5079 2622 5148 ἐπουράνια,
2653 5081 2744 5130 καὶ
2777 5079 3044 5150 μηδεμίαν
3071 5080 3161 5150 ἔχε
3187 5083 3443 5152 φροντίδα
3468 5082 3748 5154 βιωτικήν.

2376 5171 2496 5223 5-5,
2553 5171 2675 5223 ’Ότι
2715 5171 2764 5223 οἰ
2831 5171 3082 5241 δαίμονες
3124 5173 3222 5235 τὰς
3276 5173 3575 5243 ’ἐπιθυμίας
3635 5176 3728 5227 καὶ
3792 5179 3888 5239 τὰς

2307 5261 2624 5326 ἀλαζονείας
2655 5262 2749 5314 τοῦ
2787 5263 2900 5332 βίου
2951 5266 3399 5334 καταπέμπουσιν
3426 5267 3504 5328 εἰς
3533 5268 3630 5330 τάς
3664 5270 3891 5339 καρδίας

2307 5355 2412 5408 τῶν
2443 5355 2667 5407 δικαίων
2702 5357 2758 5408 ἐν
2796 5355 2873 5425 τῷ
2906 5358 3086 5409 σκότει
3116 5357 3209 5409 τοῦ
3239 5359 3461 5428 κόσμου.

2381 5448 2432 5500 6.
2462 5449 2540 5500 Τὰ
2570 5447 2907 5516 δικαιώματα
2953 5449 3044 5501 τοῦ
3089 5451 3314 5520 Κυρίου,
3359 5449 3393 5502 ἃ
3439 5448 3598 5513 αὐτὸς
3629 5452 3892 5523 κατηρτὲ-

2315 5558 2461 5602 σατο,
2499 5541 2650 5592 αὐτοὶ
2677 5542 3124 5610 ἀπεστράφησαν.

2383 5634 2435 5686 7.
2483 5634 2539 5684 '0
2566 5634 2620 5684 δὲ
2647 5633 2850 5696 δίκαιος
2886 5636 2937 5694 τί
2962 5635 3116 5686 τοῦτο
3148 5633 3396 5704 [τούτων]
3421 5634 3712 5704 ἐποίησενς

2386 5726 2439 5780 8.
2470 5725 2672 5798 Κύριος
2709 5728 2808 5778 οὐκ
2848 5729 2905 5779 ἐν
2948 5726 3230 5795 σπηλαίοις
3276 5727 3567 5798 αίρετικῶν
3615 5727 3895 5794 κατοικεῖ,

2320 5817 2431 5870 ἀλλ’
2469 5819 2527 5871 ἐν
2553 5819 2661 5874 ναῶ
2696 5819 2833 5884 ἁγίῳ
2860 5818 3041 5871 αὐτοῦ.
