4060 6454
615 374 718 430 687
1423 373 1478 428 S.
1519 374 1886 429 ATHANASII
1927 375 2079 431 ()PP.
2121 375 2218 430 PM

2251 378 2302 436 iS
2346 377 2433 433 Ill.
2477 411 2545 422 —
2584 379 2995 436 EXEGETICA.
3748 388 3854 445 688

685 492 735 545 8.
767 490 930 545 Latna
954 500 1138 546 nostra
1164 507 1192 545 a
1224 493 1379 548 nobis
1408 503 1551 548 sunt.

2355 496 2408 551 8.
2445 498 2524 552 Τὰ
2554 499 2703 570 χείλη
2735 499 2892 569 ἡμῶν
2927 501 3054 572 παρ’
3087 503 3218 572 ἡμῖν
3241 503 3372 558 ἐστι·

687 584 738 636 9.
771 583 904 650 Quis
938 594 1120 638 noster
1151 583 1410 639 Dominus
1438 585 1556 638 est?

2355 590 2407 646 9.
2445 591 2541 654 Τίς
2574 592 2729 662 ἡμῶν
2759 592 2960 660 Κύριός
2989 596 3169 660 ὲστιν;

685 674 768 727 10.
810 675 1032 745 Propter
1068 676 1337 729 miseriam
1352 677 1617 744 .inopum,

2355 681 2440 735 10.
2476 683 2699 736 Ἕνεκεν
2727 685 2822 755 τῆς
2847 685 3219 756 ταλαιπωρίας
3256 687 3361 740 τῶν
3389 688 3639 760 πτωχῶν,

686 766 705 816 ·1
724 767 768 819 1.
797 765 862 819 Ει
882 769 1136 835 gemitum
1167 783 1486 836 pauperum,

2352 773 2436 825 ll.
2468 775 2575 825 Καὶ
2599 772 2690 826 τοῦ
2721 774 3020 845 στεναγμοῦ
3050 778 3156 829 τῶν
3182 780 3445 849 πενήτων,

685 861 769 912 l2.
801 860 953 916 Nunc
980 878 1264 931 exsurgant
1309 863 1484 930 (dicit
1527 861 1828 930 Dominus)
1866 880 1877 916 :

1866 880 1877 916 :
2353 864 2437 918 12.
2473 865 2585 917 Νῦν
2610 867 3000 937 ἀναστήσομαι,
3037 867 3183 937 λέγει
3225 869 3426 939 Κύριος
3451 911 3465 937 ,

687 953 771 1006 15.
807 952 1010 1007 Ponam
1043 954 1095 1007 in
1129 954 1381 1008 salutari:
1419 954 1741 1008 ﬁducialiter
1771 969 1926 1024 agam
1963 953 2014 1007 in
2050 968 2141 1007 eo.

2352 957 2435 1010 15.
2468 957 2714 1028 Θήσομαι
2744 960 2800 1010 ἐν
2820 960 3067 1031 σωτηρίῳ
3087 977 3100 990 ·
3131 964 3575 1033 παρρησιάσομαι
3601 965 3658 1016 ὲν
3682 965 3848 1034 αὐτῷ.

686 1043 772 1094 14.
808 1043 1030 1114 Eloquia
1065 1045 1277 1099 Domini
1299 1087 1312 1111 ,
1344 1045 1557 1115 eloquia
1590 1056 1766 1100 casta.

2352 1049 2435 1102 M.
2470 1049 2549 1102 Τὰ
2579 1049 2736 1118 λόγια
2765 1051 2994 1121 Κυρίου,
3028 1053 3187 1121 λόγια
3218 1056 3373 1122 ἁγνά.

683 1133 767 1188 15.
804 1140 1100 1204 Argentum
1125 1137 1246 1206 igne
1269 1137 1661 1198 examinatum,
1689 1134 1973 1206 probatum
1996 1144 2174 1198 terrae,

2108 1149 2174 1198 ag,
2352 1142 2438 1195 15,
2473 1143 2758 1214 Ἀργύριον
2788 1147 3203 1215 πεπυρωμένον,
3234 1148 3478 1220 δοκίμιον
3508 1154 3574 1221 τῇ
3603 1154 3674 1222 γῇ
3696 1193 3711 1214 ς

682 1225 766 1278 16.
796 1224 1092 1297 Purgatum
1126 1236 1276 1298 septu
1287 1228 1431 1296 plum
1445 1269 1459 1283 .

2348 1232 2430 1287 16.
2464 1235 2950 1307 Κεκαθαρισμένον
2985 1240 3389 1306 ἑπταπλασίως.

682 1317 770 1372 17.
803 1317 905 1384 Τυ,
942 1318 1185 1384 Domine,
1210 1321 1452 1375 servabis
1483 1336 1602 1386 nos,
1637 1330 1691 1376 et
1721 1320 2001 1375 custodies
2036 1336 2136 1375 nos
2160 1359 2173 1383 ,

2350 1324 2435 1377 17.
2467 1326 2560 1390 Σὺ,
2593 1327 2783 1400 Κύριε,
2819 1329 3080 1399 φυλάξαις
3128 1335 3274 1403 ἡμᾶς
3297 1374 3312 1398 ,
3360 1336 3452 1388 καὶ
3492 1336 3857 1408 διατηρήσαις

2277 1420 2457 1490 ἡμᾶς»

681 1501 768 1556 18.
801 1501 841 1553 Α
876 1513 1221 1572 generatione
1246 1507 1366 1572 hac,
1399 1515 1452 1562 et
1481 1508 1534 1561 in
1569 1517 1856 1563 aaternum.

2349 1511 2433 1565 18.
2480 1511 2611 1564 Ἀπὸ
2642 1513 2740 1582 τῆς
2779 1517 2970 1582 γενεᾶς
2999 1516 3225 1588 ταύτης,
3261 1519 3354 1572 καὶ
3393 1520 3475 1582 εἰς
3503 1537 3594 1572 τον
3624 1539 3815 1575 αιωνα.

683 1593 766 1649 19.
800 1593 858 1648 ln
891 1596 1120 1652 circuitu
1154 1599 1303 1667 impii
1339 1599 1656 1654 ambulant:

2351 1601 2434 1655 19.
2471 1601 2669 1673 Κύκλῳ
2694 1605 2744 1656 οἱ
2785 1605 2998 1670 ἀσεϐεῖς
3032 1608 3432 1680 περιπατοῦσι·

677 1683 767 1739 20.
831 1684 1141 1740 Secundum
1193 1688 1531 1744 altitudinem
1593 1700 1737 1746 tuam
1796 1691 2174 1771 multiplicasli

2348 1696 2435 1749 20.
2473 1698 2629 1752 Κατὰ
2674 1699 2735 1752 τὸ
2775 1698 2904 1768 ὕψος
2971 1719 3062 1754 σου
3109 1702 3498 1774 ὲπολυώρησας
3548 1705 3675 1769 τοὺς
3707 1707 3861 1770 υἱοὺς

613 1777 755 1832 lilios
786 1777 1091 1834 hominum.
2213 1787 2216 1841 ἶ

2213 1786 2254 1841 Β
2283 1789 2390 1842 τῶν
2424 1789 2519 1842 ἀνθ
2527 1789 2745 1861 ρώπων.

787 1865 853 1920 1η
880 1868 1034 1937 ﬁnem
1067 1870 1298 1936 psalmus
1326 1869 1514 1927 David.
1549 1869 1811 1926 PSALM.
1845 1872 1992 1927 XII.
2348 1880 2390 1930 E

2348 1880 2452 1943 Εἰς
2477 1879 2538 1931 τὸ
2576 1880 3018 1950 τέ.λος.ψαλμός
3051 1881 3128 1946 τῷ
3161 1885 3354 1936 Δαϐίδ.
3408 1888 3639 1941 ΨΑΛΜ.
3675 1887 3793 1943 IB'.

683 1959 730 2014 1.
765 1956 1082 2030 Usquequo,
1114 1959 1359 2029 Domine,
1405 1963 1742 2020 Oblivisceris
1775 1980 1860 2020 me
1896 1966 1948 2020 in
1983 1965 2181 2020 ﬁnem?

2158 1968 2181 2020 ’ρ
2357 1965 2408 2018 1.
2438 1967 2586 2030 Ἕως
2613 1968 2763 2035 πότε,
2799 1971 2989 2042 Κύριε,
3027 1971 3258 2044 ἐπιλήσῃ
3296 1991 3398 2043 μου
3431 1977 3512 2038 εἰς
3558 1976 3749 2041 τέλος;

1719 2189 2091 2246 ATIIANASII
2137 2187 2705 2246 INTERPRETAT'IO

677 2386 730 2451 8,
756 2386 807 2442 9.
838 2385 963 2443 l-lznc
990 2389 1222 2444 dixerint
1253 2389 1545 2453 daemones,
1568 2401 1864 2457 eorumque
1897 2403 2179 2458 sequaces.

2351 2393 2404 2457 8,
2431 2394 2482 2448 9.
2512 2395 2694 2450 Ταυτα
2721 2398 2769 2450 οἱ
2794 2397 3042 2469 δαίμονες
3069 2397 3133 2452 ἂν
3156 2401 3398 2455 εῐποισαν
3417 2403 3515 2473 (α),
3543 2405 3636 2458 καὶ
3659 2406 3710 2458 οἱ
3739 2407 3870 2462 τού-

2281 2501 2391 2547 τοις
2418 2486 2690 2556 ἑπόμενοι.

682 2562 769 2614 10.
802 2561 1028 2630 Propter
1058 2561 1422 2618 inﬁrmitatem
1457 2564 1954 2633 pusillanimorum.

2353 2574 2439 2628 10.
2472 2577 2697 2631 Ἕνεκεν
2725 2579 2823 2650 τῆς
2855 2581 3137 2645 ἀσθενείας
3164 2582 3272 2636 τῶν
3303 2583 3658 2657 ὀλιγοψύχων.

684 2653 770 2707 11.
801 2652 1101 2720 Justorum,
1136 2656 1230 2710 ait.
2205 2680 2249 2737 ο

2205 2680 2249 2737 ο
2352 2667 2412 2719 11
2465 2668 2583 2721 Τῶν
2611 2669 2854 2738 δικαίων,
2887 2674 3051 2740 λέγει.

686 2746 773 2798 12.
813 2745 879 2800 Ut
910 2747 1216 2803 adveniam.

2358 2758 2444 2813 12.
2494 2759 2614 2813 Ἐπὶ
2648 2761 2708 2814 τὸ
2735 2765 3157 2834 παραγενέσθαι.

684 2838 768 2891 15.
803 2837 858 2891 In
889 2855 1049 2893 cruce
1071 2839 1203 2892 dicit
1233 2838 1555 2894 ﬁducialiter
1589 2855 1768 2909 agam,
1793 2849 1847 2896 et
1874 2841 2180 2912 triumpha-

2360 2847 2442 2901 15.
2480 2849 2568 2919 Τῷ
2600 2851 2835 2922 σταυρῷ,
2859 2855 3026 2920 λέγει,
3046 2859 3514 2928 παρρησιάσομαι,
3545 2867 3638 2914 καὶ
3672 2862 3869 2934 θριαμ-

610 2928 678 2981 bo
731 2929 797 2983 de
847 2929 1240 2999 principatibus
1311 2939 1364 2984 et
1409 2932 1769 3001 potestatibus
1832 2934 2176 2989 tenebrarum

2287 2939 2465 2992 δεύσω
2495 2941 2592 3004 τὰς
2625 2943 2829 3014 ἀρχὰς,
2877 2947 2972 3010 τὰς
3028 2946 3270 3011 ἐξουσίας
3343 2951 3437 3003 τοῦ
3492 2954 3718 3019 σκότους
3775 2956 3867 3011 τοῦ

613 3021 776 3089 hujus
801 3021 1007 3074 saeculi.

2288 3030 2484 3093 αἰῶνος
2509 3030 2714 3087 τούτου.

691 3111 880 3166 14-16.
913 3112 1009 3167 Est
1031 3122 1333 3183 argentum,
1362 3116 1506 3184 quod
1557 3115 1759 3185 septies
1809 3116 1936 3185 igne
1974 3117 2184 3172 exami-

2361 3118 2597 3173 M-lG.
2631 3122 2818 3173 Ἔστιν
2870 3124 3130 3195 ἀργύριον
3200 3129 3326 3197 Ξπερ
3384 3130 3723 3201 πυρούμενον
3776 3137 3870 3189 ἒϐ-

611 3213 799 3260 natum
836 3206 1060 3276 probius
1105 3209 1321 3274 evadit;
1369 3209 1440 3262 ita
1498 3208 1658 3279 igitur
1699 3209 1915 3277 eloquia
1967 3208 2178 3263 Domini

2283 3209 2444 3280 δομον
2495 3210 2930 3285 θαυμαστότερον
2963 3220 3209 3284 γίνεται·
3249 3222 3418 3286 οὕτως
3462 3221 3555 3278 οὖν
3603 3227 3673 3279 τὰ
3705 3228 3868 3297 λόγια

609 3307 812 3368 septem
847 3299 1039 3354 diebus
1061 3300 1306 3370 probata,
1337 3301 1442 3354 hoc
1475 3307 1558 3353 est
1581 3299 1810 3368 singulis
1832 3298 2026 3354 diebus
2048 3314 2176 3369 pro-

2284 3303 2490 3372 Κυρίου
2525 3303 2580 3355 ὲν
2629 3307 2747 3368 ταῖς
2797 3306 2936 3360 ἑπτὰ
2985 3309 3216 3380 ἡμέραις
3261 3312 3704 3385 δοκιμαζόμενα,
3741 3338 3870 3374 του·-

610 3391 819 3447 batiora
850 3393 1202 3448 inveniuntur
1231 3395 1299 3446 ab
1323 3391 1736 3462 exquirentihus
1762 3406 1848 3446 ca.

2283 3395 2430 3448 τέστι
2464 3396 2584 3448 καθ’
2634 3398 2898 3472 ἑκάστην,
2957 3404 3299 3476 δοκιμώτερα
3347 3409 3691 3479 εὑρίσκονται
3750 3419 3869 3481 τοῖς

2283 3487 2603 3560 ἐκζητοῦσιν
2630 3492 2788 3545 αὑτά.

681 3574 768 3634 17,
807 3574 890 3627 18.
920 3573 1022 3635 Τυ,
1056 3571 1302 3638 Domine,
1336 3571 1704 3628 circumdabis
1727 3587 1846 3636 nos,
1880 3581 1932 3625 et
1975 3581 2178 3628 custo-

2357 3582 2444 3648 17,
2481 3582 2566 3636 18.
2605 3585 2698 3648 Σὺ,
2735 3585 2925 3656 Κύριε,
2963 3588 3270 3654 κυκλώσεις
3294 3595 3462 3664 ἡμᾶς,
3495 3599 3589 3650 καὶ
3621 3604 3838 3674 φρουρὴ

610 3665 724 3720 dies
753 3680 852 3720 nos
884 3680 1048 3730 nunc,
1081 3673 1130 3718 et
1164 3665 1215 3718 in
1248 3663 1433 3717 futuro
1460 3661 1681 3717 sreculo.

2286 3690 2399 3737 σεις
2434 3677 2581 3746 ἡμᾶς
2613 3679 2670 3730 ὲν
2708 3678 2785 3748 τῷ
2811 3679 2904 3732 νῦν
2953 3684 3046 3734 καὶ
3076 3685 3132 3734 ἐν
3165 3685 3242 3755 τῷ
3270 3689 3514 3756 μέλλοντι
3543 3692 3725 3746 αἰῶνι.

685 3756 767 3813 19.
805 3756 1082 3812 Daemones
1115 3755 1607 3811 circumatnbulant
1635 3754 1692 3807 in
1717 3753 1941 3820 mundo,
1973 3755 2086 3808 sive
2115 3754 2174 3809 in

2355 3764 2442 3818 19.
2484 3766 2572 3816 Ἐν
2601 3767 2677 3836 τῷ
2711 3768 2900 3838 κόσμῳ
2935 3771 2964 3840 ἢ
2991 3772 3049 3823 ὲν
3080 3776 3195 3835 ταῖς
3217 3753 3477 3848 καρδίαις
3512 3780 3617 3832 τῶν
3649 3785 3864 3855 ἀνθρώ-

613 3851 867 3905 cordibus
897 3851 1203 3904 hominum.

2286 3872 2401 3907 πων
2433 3857 2482 3909 οἱ
2515 3857 2769 3928 δαίμονες
2801 3865 3182 3927 περιπατοῦσι.

679 3941 769 3997 ‘20.
811 3941 1054 4007 Domine,
1103 3941 1156 3995 in
1197 3940 1395 3995 virtute
1435 3951 1524 3996 tua
1575 3942 1788 3998 traxisti
1837 3941 1901 3996 ad
1943 3941 2174 4013 teipsum

2355 3945 2443 3999 20.
2479 3949 2670 4021 Κύριε,
2707 3955 2765 4005 ἐν
2795 3957 2858 4024 τῇ
2886 3955 3114 4026 δυνάμει
3146 3976 3239 4012 σου
3266 3961 3520 4028 εἴλκυσας
3543 3966 3679 4037 πρὸς
3707 3986 3874 4024 σεαυ-

611 4035 753 4091 ﬁlios
785 4033 1086 4089 hominum.

2217 4031 2259 4089 D
2288 4037 2379 4090 τὸν
2409 4041 2532 4104 τοὺς
2565 4042 2714 4105 υἱοὺς
2747 4044 2855 4098 τῶν
2888 4047 3210 4119 ἀνθρώπων.

691 4204 768 4302 Ἦ·
785 4206 1116 4302 προκειμένη
1145 4209 1433 4302 ἐπιγραφὴν
1463 4211 1495 4280 ή
1545 4211 1632 4264 διὰ
1676 4213 1774 4302 τῆς
1826 4214 2194 4287 κινναϐάρεως
2225 4219 2463 4291 περιέχει
2484 4225 2622 4290 Ἐἰς
2654 4228 2714 4279 τὸ
2751 4229 2926 4297 τέλος
2956 4235 3196 4302 ψαλμὸς
3230 4235 3312 4302 τῷ
3343 4239 3520 4293 Δαόίδ
3538 4259 3550 4270 ·
3587 4245 3870 4298 τουτέστιν

610 4299 691 4360 εις
723 4296 958 4404 ἰδ’τέλος
985 4299 1329 4404 τῶνλαὶὠνων
1355 4304 1382 4355 ὁ
1409 4301 1620 4374 ψαλμδς
1650 4297 1805 4368 οὗτος
1841 4308 2050 4378 εἴρηται
2078 4308 2155 4379 τῷ
2184 4310 2348 4383 ἱκανῷ
2387 4317 2452 4386 τῇ
2487 4320 2630 4390 χειρὶ
2659 4318 2737 4390 τῷ
2771 4296 3008 4392 rupae:
3047 4296 3185 4378 έεοῦ
3228 4296 3296 4382 τά
3525 4333 3610 4386 διὰ

611 4390 860 4455 ναστείας
881 4389 988 4442 τῶν
1021 4391 1355 4463 παθημάτων
1386 4394 1549 4448 αὑτοῦ
1583 4399 1987 4468 καταργήσαντι
2016 4401 2107 4453 τὸν
2152 4401 2400 4470 θάνατον,
2434 4410 2525 4462 καὶ
2573 4411 2662 4463 τὸν
2693 4412 2754 4466 τὸ
2784 4416 2982 4486 νράτος
3020 4417 3207 4488 ἔχοντα
3256 4389 3445 4477 τούιτού
3476 4389 3566 4479 τὸν
3594 4389 3865 4487 διὰέὶολον.

623 4480 893 4543 Ὡσαύτως
923 4480 979 4532 δὲ
1006 4483 1038 4550 ἡ
1070 4481 1206 4551 αὑτὴ
1233 4485 1532 4554 ἐπιγραφὴ,
1559 4485 1632 4549 ὡς
1658 4483 1834 4556 οἶμαι,
1868 4493 2084 4562 εῐρηται
2114 4493 2205 4545 καὶ
2229 4496 2307 4558 εἰς
2333 4497 2393 4550 τὸ
2431 4499 2586 4566 γένος
2613 4502 2721 4554 τῶν
2751 4480 3079 4574 ἀνθρώπωνῖ
3109 4511 3261 4581 Ἔχει
3294 4516 3400 4586 γάρ
3425 4533 3438 4545 ·
3475 4520 3577 4584 Εἰς
3602 4480 3669 4572 τύ
3691 4480 3870 4589 τέλοςἰ

879 4575 957 4680 ni)
986 4577 1160 4687 Δαϐίδ
1184 4577 1432 4687 ’-ὡσανεὶ
1460 4581 1545 4687 εἰς
1589 4583 1650 4634 τὸ
1696 4583 1847 4648 τέλος
1893 4585 1988 4638 τοῦ
2036 4587 2399 4661 πληρώματος
2430 4594 2538 4647 τῶν
2592 4598 2800 4669 καιρῶν
2844 4603 2871 4653 ὁ
2905 4601 3117 4674 ψαλμὸς
3145 4575 3659 4683 οὗτος-εέρηταιιτῷ
3695 4575 3866 4687 μόνῳ,

786 4669 854 4781 δὴ
882 4669 971 4781 τῷ]
992 4670 1272 4778 γένειτῶν
1297 4671 1628 4781 fiVPPd’ﬁuiV.
1665 4680 1818 4781 fray-‘-
1867 4679 1929 4752 δὴ
1966 4681 2042 4752 τῷ
2073 4683 2381 4758 ἀϐοηθήτῳ.
2415 4691 2487 4742 Οὐ
2533 4667 2700 4761 μόνον.
2719 4695 2829 4766 γὰρ
2861 4667 3032 4750 Δᾲσιέ
3056 4667 3414 4771 ἑρμηνεύεται
3443 4667 3657 4775 litare;
3689 4667 3867 4781 pupil;

611 4759 744 4814 ἀλλὰ
767 4762 860 4814 καὶ
887 4764 1094 4831 μόνος,
1124 4766 1259 4837 ὅπερ
1289 4769 1499 4839 ὑπῆρχε
1526 4768 1584 4821 τὸ
1617 4769 1770 4838 γένος
1798 4772 1913 4827 τῶν
1940 4775 2243 4846 ἀνθρώπων
2265 4782 2369 4852 πρὸ
2403 4783 2500 4853 τῆς
2524 4759 2827 4858 ,ἑτερουᾶίαξ
2849 4791 2942 4844 τοῦ
2975 4759 3232 4848 mos-T66
3270 4797 3423 4850 Θεοῦ.
3455 4759 3460 4760 ν
3592 4759 3606 4762 -
3628 4759 3647 4775 ι
3689 4759 3807 4783 αντ

684 4875 914 4941 Titulus,
951 4880 1040 4946 qui
1094 4881 1304 4946 psalmo
1339 4882 1701 4947 praemittitur.
1756 4883 2045 4940 cinnabari
2099 4892 2334 4962 scriptus
2380 4897 2663 4953 continet:
2707 4898 2773 4953 In
2817 4902 2996 4970 ﬁnem,
3030 4907 3265 4974 psalmus
3294 4908 3465 4963 David
3494 4929 3512 4965 :
3549 4914 3652 4969 hoc
3685 4929 3774 4973 est
3812 4921 3867 4974 in

612 4969 715 5023 line
748 4970 1067 5025 saeculorum
1099 4972 1341 5040 psalmus
1397 4974 1498 5027 iste
1553 4976 1731 5032 dictus
1793 4989 1876 5033 est
1925 4997 2088 5038 manu
2120 4991 2324 5056 potenti
2363 4989 2454 5044 Dei
2492 4991 2652 5059 Filio,
2685 4997 2777 5065 qui
2817 4969 3056 5066 potentia
3120 5018 3233 5056 suae
3281 5007 3554 5074 passionis
3591 4969 3869 5071 destruxit

610 5076 838 5121 mortem
882 5078 934 5121 et
967 5067 1261 5135 diabolum,
1298 5071 1390 5140 qui
1427 5071 1590 5141 hujus
1623 5082 1951 5143 potestatem
1991 5079 2243 5141 habebat.
2304 5085 2568 5140 Similiter
2617 5093 2805 5146 eadem
2855 5094 3161 5165 inscriptio,
3215 5067 3578 5168 nt'existimo,
3613 5067 3868 5168 dicta—est

611 5163 769 5216 etiam
805 5166 855 5217 in
881 5182 1049 5235 genus
1080 5168 1398 5223 humanum.
1429 5167 1600 5224 liabet
1627 5173 1775 5225 enim
1805 5192 1816 5226 :
1854 5175 1906 5227 in
1928 5176 2086 5242 ﬁnem
2120 5180 2356 5247 psalmus
2391 5183 2581 5252 David,
2623 5188 2873 5246 videlicet
2901 5193 2955 5246 in
2999 5163 3107 5249 fine
3155 5195 3506 5264 plenitudinis
3552 5163 3862 5273 temporum

608 5257 849 5325 psalmus
887 5259 986 5312 iste
1018 5261 1192 5317 dictus
1216 5272 1296 5316 est
1314 5262 1384 5323 ei,
1414 5264 1502 5332 qui
1531 5265 1679 5319 solus
1713 5280 1856 5332 erat,
1907 5270 2113 5327 scilicet
2145 5286 2385 5330 numano
2429 5281 2631 5348 generi,
2666 5284 2811 5351 quod
2852 5286 3052 5351 solum,
3093 5287 3336 5358 inquam,
3370 5301 3424 5344 et
3458 5257 3870 5365 allell'l'deSll,

610 5358 781 5402 tutum
805 5359 939 5404 crat.
986 5349 1193 5406 Etenim
1224 5353 1393 5407 David
1428 5371 1535 5409 non
1597 5360 1758 5413 modo
1798 5360 2186 5432 interpretatur
2223 5384 2381 5422 manu
2417 5381 2625 5440 potens,
2649 5349 2739 5428 sed
2772 5378 2934 5432 etiam
2964 5349 3128 5447 solus,
3153 5349 3444 5453 quale'l’uit
3471 5403 3644 5457 genus
3672 5349 3869 5450 huma:

609 5459 736 5498 num
762 5455 884 5499 ante
911 5445 1199 5502 adventum
1234 5447 1356 5504 Filii
1391 5448 1507 5507 Dei.

678 5628 728 5680 1.
764 5628 840 5683 Ex
874 5646 1100 5690 persona
1132 5632 1483 5690 humanitatis
1531 5636 1796 5706 loquitur.

2353 5648 2402 5702 1.
2451 5648 2540 5703 Ἐκ
2569 5651 2859 5707 προσώπου
2902 5654 2998 5724 τῆς
3028 5654 3445 5730 ἀνθρωπότητος
3473 5657 3645 5728 λέγει.

679 5805 754 5874 (a)
788 5809 1096 5866 Εἷποισίιν.
1139 5813 1296 5869 Forte
1341 5814 1581 5882 εἴπασαν,
1617 5827 1674 5872 ιιι
1711 5818 1940 5878 εἴδοσαν.
1966 5820 2127 5879 EDI'I'.
