4060 6452
227 401 336 457 689
1153 404 1240 458 DE
1277 401 1552 458 TITULIS
1589 399 2019 456 PSALMOIUJM
2053 422 2119 438 ι-
2152 394 2346 450 PSAL.
2387 389 2521 448 Xlll.
3361 384 3463 437 690

298 521 353 574 2.
391 521 533 583 Ἕως
575 521 703 574 πότε
748 523 1110 594 ἀποστρέφεις
1142 525 1202 576 τὸ
1239 523 1527 593 πρόσωπόν
1565 539 1656 575 σου
1697 520 1785 574 ἀπ’

1583 539 1656 575 που
1697 520 1785 574 ἀπ’
1964 517 2017 570 2.
2049 514 2342 587 Usquequo
2369 511 2566 566 avertis
2613 511 2802 564 faciem
2832 517 2977 561 tuam
3010 523 3037 559 a
3067 505 3186 559 me?

299 630 400 666 ου;

220 633 248 667 δ
299 631 401 679 ou;

255 631 349 760 μδ.
384 705 526 770 Ἕως
557 707 701 770 τίνος
732 709 966 779 θήσομαι
1002 707 1194 778 βουλὰς
1229 710 1284 760 ὲν
1310 707 1456 777 ψυχῇ
1495 722 1615 776 μου,

1966 705 2020 760 '5.
2062 701 2311 770 Quandiu
2343 717 2541 771 ponam
2575 691 2799 754 consilia
2844 697 2895 750 in
2928 699 3106 750 anima
3149 710 3294 759 mea,

297 798 349 850 4.
399 797 618 862 Ὀδύνας
652 801 708 852 ὲν
737 801 934 872 καρδίᾳ.
971 819 1071 871 μου
1106 801 1317 871 ἡμέρας
1345 800 1438 853 καὶ
1469 799 1659 861 νυκτός
1682 815 1696 862 ἓ

1967 795 2022 848 4.
2056 794 2305 849 Dolorem
2331 795 2384 846 in
2414 794 2580 847 corde
2609 807 2731 846 meo
2765 808 2856 860 per
2882 792 3019 844 diem
3052 801 3103 841 (ιι
3138 786 3386 840 not-tem?

295 889 349 942 5.
386 891 530 952 Ἕως
562 857 691 944 «ore
723 857 1068 962 ὑψωθήσεται
1097 857 1344 963 ὁυὲχδρδς
1382 909 1480 960 μου
1517 891 1602 943 ἐπ’
1636 857 1770 959 sui;

1969 887 2022 940 5.
2058 885 2349 956 Usquequo
2366 885 2694 940 exaltabitur
2718 883 2970 936 inimicus
2994 897 3146 934 mens
3165 895 3324 948 super
3347 877 3462 932 me?

295 975 347 1028 6.
399 967 736 1046 Ἐπίὸλεψον,
769 980 1085 1033 εἰσάκουσον
1113 998 1234 1050 μου,
1267 980 1433 1050 Κύριε
1457 982 1484 1032 ὁ
1508 979 1637 1041 Θεός
1666 995 1790 1048 μου.

1967 978 2021 1031 6.
2071 977 2315 1046 Respice,
2353 989 2405 1031 ct
2440 977 2633 1032 exaudi
2668 993 2770 1042 me,
2812 975 3033 1028 Domine
3083 972 3224 1026 Deus
3257 987 3422 1027 meus.

299 1065 351 1119 7.
383 1064 619 1120 Φὼτισον
649 1071 773 1132 τοὺς
802 1069 1110 1139 ὀφθαλμούς
1160 1087 1284 1139 μου,
1325 1071 1532 1140 μήποτε
1562 1067 1793 1120 ὑπνώσω

1972 1070 2022 1122 7.
2064 1068 2316 1124 lllun'iina
2350 1071 2536 1126 oculos
2565 1084 2734 1134 meos,
2771 1084 2836 1122 ne
2863 1081 3095 1137 unquam
3126 1064 3460 1118 obdormiam

224 1156 308 1217 εἰς
343 1154 592 1210 Θάνατον.

578 1197 592 1210 .
1895 1163 1949 1215 in
1985 1171 2177 1217 morte.

293 1245 344 1299 8.
379 1247 603 1317 Μήποτε
633 1250 774 1301 εἴποι
801 1249 1037 1321 ὀὲχθρός
1081 1267 1214 1320 μου·
1255 1252 1478 1319 Ἴσχυσα
1523 1250 1656 1320 πρὸς
1697 1250 1792 1302 αὑ-

1965 1255 2018 1312 8.
2054 1254 2131 1310 Ne
2193 1256 2411 1324 quando
2456 1256 2602 1310 dicat
2652 1253 2905 1308 inimicus
2966 1267 3119 1306 meus
3157 1269 3169 1305 :
3205 1249 3462 1303 Prwvalui

222 1333 334 1387 τόν.

1899 1349 2162 1404 adversus
2194 1364 2339 1402 eum.

296 1422 349 1476 9.
383 1425 444 1474 Οί
475 1421 748 1488 Θλίϐοντές
785 1442 851 1495 με
883 1425 1318 1494 ἁγαλλιάσονται,
1345 1432 1439 1482 ἐὰν
1468 1429 1711 1484 σαλευθῶ

1965 1440 2018 1494 9.
2056 1440 2169 1504 Qui
2196 1439 2460 1494 tribulam
2483 1455 2567 1492 me
2601 1453 2663 1492 ex
2679 1438 2977 1498 sultabnnt,
3002 1436 3045 1490 si
3065 1443 3240 1490 motus
3269 1432 3418 1488 fuero
3446 1453 3457 1487 :

299 1512 384 1567 10.
431 1513 571 1581 Ἐγὼ
604 1515 659 1567 δὲ
687 1515 779 1567 ἐπὶ
797 1515 874 1586 τῷ
902 1515 1038 1569 ἐλέει
1078 1533 1168 1570 σου
1193 1519 1412 1588 ἤλπισα.

1967 1531 2054 1583 10.
2091 1529 2202 1599 Ego
2233 1539 2421 1582 autem
2458 1529 2509 1581 in
2543 1527 2918 1582 misericordia
2951 1535 3041 1578 tua
3079 1526 3310 1594 speravi.

297 1601 383 1656 11.
427 1602 839 1671 Ἀγαλλιάσεται
873 1608 905 1676 ή
943 1608 1137 1679 καρδία
1188 1628 1289 1679 μου
1317 1613 1408 1665 ἐπὶ
1436 1613 1511 1682 τῷ
1543 1614 1793 1684 σωτηρίῳ

1643 1614 1793 1684 τηρίῳ
1967 1621 2054 1675 11.
2109 1619 2534 1675 Exsultabitcor
2565 1635 2744 1672 meum
2782 1619 2833 1672 in
2869 1617 3092 1672 salutari
3135 1627 3246 1670 tuo.

223 1708 344 1748 σου.

298 1785 386 1838 1'2.
426 1786 575 1857 ’ᾼσω
605 1789 682 1858 τῷ
707 1792 894 1861 Κυρίῳ
918 1792 995 1862 τῷ
1022 1795 1437 1867 εὐεργετήσαντί
1474 1815 1540 1868 με
1824 1787 1867 1842 Β

1824 1787 1867 1842 Β
1974 1797 2060 1850 1'2.
2097 1798 2350 1851 Cantabo
2386 1795 2634 1859 Domino,
2665 1798 2755 1865 qui
2788 1798 2924 1850 bona
2970 1795 3154 1849 tribuit
3191 1793 3355 1848 mihi:

295 1877 380 1930 13.
413 1877 522 1930 Kal.
550 1878 702 1948 ψαλῶ
726 1881 802 1952 τῷ
823 1883 1044 1954 ὀνόματι
1075 1887 1287 1956 Κυρίου
1322 1888 1415 1940 τοῦ
1441 1888 1685 1957 ὑψίστου.

1627 1907 1685 1940 ιυ.
1973 1891 2057 1944 15.
2104 1890 2169 1945 Et
2202 1891 2426 1960 psallam
2472 1891 2676 1945 nomini
2723 1889 2934 1945 Domini
2961 1889 3230 1943 altissimi.

293 1992 396 2055 Εἰς
420 1991 485 2043 τὸ
517 1993 690 2059 τέλος
718 1996 960 2065 ψαλμός
992 1996 1071 2062 τῷ
1103 1999 1296 2051 Δαϐίδ.
1332 1999 1564 2054 ΨΑΑΜ.
1599 2004 1714 2055 II".

1700 2041 1714 2054 -
2084 2007 2146 2062 In
2171 2009 2324 2078 ﬁnem
2347 2010 2578 2078 psalmus
2605 2005 2795 2062 David.
2829 2007 3092 2063 PSALM.
3123 2003 3298 2059 XIII.

290 2083 342 2136 1.
379 2078 547 2136 Εἶπεν
573 2084 761 2156 ἄφρων
794 2088 852 2139 ὲν
882 2089 1080 2160 καρδίᾳ.
1110 2090 1272 2143 αὑτοῦ
1299 2108 1312 2120 ·
1346 2093 1457 2145 Οὐκ
1497 2091 1609 2144 ἔστι
1639 2092 1789 2156 Θεός.

1974 2102 2020 2156 1.
2068 2099 2212 2154 Dixit
2241 2102 2506 2171 insipiens
2531 2103 2586 2156 in
2621 2103 2783 2156 corde
2812 2117 2940 2155 suo:
2972 2099 3086 2154 Non
3124 2109 3205 2154 est
3234 2097 3395 2153 Deus.

287 2172 343 2226 2.
377 2174 778 2247 Διεφθάρησαν,
821 2179 912 2231 καὶ
956 2178 1355 2251 ὲϐδελύχθησαν
1399 2183 1456 2234 ἐν
1507 2183 1791 2254 ἐπιτηδεύ-

1965 2192 2018 2245 2.
2054 2191 2318 2261 Corrupti
2351 2202 2499 2256 sunt,
2535 2202 2587 2246 et
2623 2193 3012 2247 abominabiles
3056 2191 3182 2246 facti
3230 2200 3356 2245 sunt
3405 2189 3459 2243 in

218 2281 406 2334 μασιν.

1895 2281 2088 2336 studiis
2117 2281 2231 2336 suis
2251 2323 2263 2336 .

289 2356 342 2410 3.
383 2358 494 2412 Οὐκ
518 2358 633 2413 ἔστι
655 2360 821 2415 ποιῶν
843 2364 1204 2436 χρηστότητα,
1225 2367 1323 2419 οὐκ
1352 2366 1496 2422 ἔστιν
1520 2369 1622 2431 ἕως
1649 2369 1783 2431 ἑνός.

1963 2370 2016 2424 5.
2051 2367 2168 2422 Non
2200 2379 2282 2425 est
2305 2371 2396 2440 qui
2427 2369 2590 2425 faciat
2636 2371 2838 2429 bonum
2861 2411 2875 2436 ,
2908 2387 3012 2426 non
3044 2381 3128 2426 est
3165 2386 3336 2440 usque
3387 2369 3456 2426 ad

1892 2477 2079 2515 unum.

289 2523 342 2576 4.
376 2527 580 2596 Κύριος
614 2529 679 2582 ὲκ
703 2529 797 2585 τοῦ
827 2533 1059 2604 οὐρανοῦ
1093 2537 1346 2606 διέκυψεν
1368 2540 1460 2592 ἐπὶ
1486 2543 1610 2604 τοὺς
1640 2542 1786 2605 υἱοὺς

1962 2553 2017 2609 4.
2050 2554 2308 2609 Dominus
2344 2557 2410 2611 de
2437 2557 2576 2612 coelo
2601 2556 2878 2627 prospexit
2904 2572 3064 2627 super
3089 2555 3227 2611 ﬁlios
3266 2555 3441 2610 horni-

210 2614 326 2668 τῶν
358 2618 658 2690 ἀνθρώπων
679 2663 695 2688 ,
1892 2659 2022 2698 num
2045 2682 2062 2705 .

1341 2856 1431 2910 AT
1451 2856 1727 2914 HANASII
1767 2862 2026 2919 INTERP
2041 2862 2366 2919 RETATIO.

287 3023 350 3078 9.
380 3024 650 3098 Βδελύσσῃ
683 3045 782 3098 μου
815 3033 913 3104 τὴν
937 3035 1138 3106 δέησιν.

1963 3043 2019 3099 2.
2047 3046 2398 3102 Abominaris
2427 3048 2791 3116 precationem
2828 3064 3023 3104 meam.

289 3114 342 3169 3.
372 3116 516 3179 Ἕως
544 3120 672 3172 πότε
702 3121 801 3185 τὰς
831 3122 1022 3192 βουλὰς
1057 3128 1165 3180 τῶν
1186 3129 1456 3198 δαιμόνων
1477 3133 1701 3203 δέξομαι
1730 3134 1787 3188 ὲν

1957 3137 2013 3191 5.
2058 3136 2351 3211 Usquequo
2379 3142 2645 3212 excipiam
2671 3142 2894 3198 consilia
2916 3144 3221 3198 daemonum
3257 3145 3307 3198 in
3330 3149 3451 3200 ani-

208 3208 282 3277 τῇ
318 3206 459 3277 ψυχῇ
487 3225 585 3277 μου
613 3227 628 3274 ;

567 3227 628 3274 ›;
1888 3242 1977 3283 ma
2006 3231 2170 3286 mea?

287 3297 343 3397 4.
386 3301 594 3355 Ὀδύναι
615 3305 723 3374 γάρ
756 3308 861 3360 εἱσι
894 3307 982 3361 διὰ
1014 3312 1210 3376 παντὸς
1237 3314 1334 3383 τῆς
1363 3315 1590 3385 καρδίας
1623 3335 1744 3389 μου.

1961 3323 2016 3378 4.
2053 3323 2279 3382 Dolores
2307 3327 2453 3380 enim
2485 3327 2636 3382 omni
2667 3337 2906 3397 tempore
2930 3327 3076 3384 cordi
3118 3344 3238 3385 meo
3275 3337 3420 3386 sunt.

287 3388 340 3443 5.
378 3391 880 3451 Καταδυναστεύσει
917 3414 1036 3470 μου.
1628 3388 1632 3389 ί

1032 3444 1036 3454 ι
1628 3388 1632 3389 ί
1962 3413 2015 3468 5.
2051 3414 2109 3468 in
2140 3431 2226 3469 me
2249 3415 2635 3471 dominabitur.

285 3480 338 3533 6.
369 3482 766 3556 Προσεσχηκὼς
776 3488 873 3558 τὴν
887 3494 1197 3561 τυραννίδα,
1214 3495 1279 3564 ἢν
1294 3514 1357 3549 τυ
1365 3499 1557 3568 ραννοῦ
1565 3517 1659 3570 μαι
1682 3501 1786 3555 ὑπὸ

1957 3505 2014 3562 6.
2045 3506 2412 3562 Considerans
2446 3508 2804 3579 tyrannidem,
2829 3523 2936 3579 qua
2963 3511 3238 3579 opprimor
3262 3512 3442 3566 abini-

205 3571 310 3624 τοῦ
343 3573 558 3644 ἐχθροῦ.

444 3575 558 3644 ροῦ.
1881 3599 2043 3654 mico.

286 3661 343 3768 ’1ἔ
373 3664 512 3728 Τοὺς
540 3667 847 3768 ὀρθαλμοὺς
874 3673 975 3744 τῆς
1003 3676 1230 3748 καρδίας
1263 3697 1362 3750 μου
1400 3682 1652 3751 φώτισον.
1696 3687 1783 3742 ἵνα

1953 3690 2007 3744 7.
2046 3690 2250 3747 Oculos
2279 3694 2459 3749 cordis
2502 3697 2606 3750 mei
2665 3695 2931 3762 iliumina,
2973 3706 3032 3751 ut
3076 3712 3180 3750 non
3231 3715 3447 3768 perma-

211 3766 291 3821 μη
321 3753 663 3824 ὲναπομείνω
689 3762 753 3830 τῇ
781 3761 1043 3835 ἁμαρτίᾳ.

784 3761 1043 3835 ἁμαρτίᾳ.
1884 3795 2039 3836 neum
2070 3781 2122 3835 in
2147 3791 2387 3852 peccato.

288 3842 342 3895 8.
379 3845 604 3914 Μήποτε
634 3849 775 3904 εἴποι
803 3855 830 3905 ὁ
863 3854 1136 3921 διάϐολοςο
1171 3861 1502 3932 Περιγέγονα
1535 3867 1716 3922 αὑτοῦ.

1707 3910 1716 3922 .
1952 3872 2004 3927 8.
2042 3869 2118 3926 Ne
2147 3842 2365 3942 quando
2393 3873 2539 3929 dicat
2564 3874 2814 3930 diabolus
2839 3894 2851 3929 :
2881 3874 3143 3945 Sopcravi
3167 3892 3310 3930 eum.

281 3933 334 3987 9.
366 3935 502 3999 Τοὺς
521 3938 778 4010 δαίμονας
800 3945 966 4015 λέγει.

1953 3963 2007 4015 9.
2041 3933 2324 4017 Daemones
2351 3964 2635 4033 signiticat.

291 4023 380 4076 10.
426 4024 569 4094 Ἐγὼ
590 4029 644 4082 δὲ
673 4032 892 4102 ἤλπισα,
923 4037 1006 4090 ὅτι
1041 4037 1232 4103 σώσεις
1271 4059 1335 4112 με
1364 4045 1421 4096 ὲν
1455 4044 1529 4115 τῷ
1563 4049 1780 4121 σταυρῷ

1959 4053 2046 4107 10.
2079 4052 2193 4123 Ego
2242 4023 2430 4110 auten;
2471 4057 2724 4125 speravi,
2774 4059 2916 4127 quod
2967 4059 3201 4114 salvebis
3247 4075 3334 4113 me
3390 4059 3444 4114 in

210 4133 308 4169 σοι

1883 4158 2049 4200 cruce
2077 4153 2187 4200 tua.

283 4210 371 4266 11.
414 4211 535 4266 Ἐπὶ
559 4214 637 4285 τῷ
673 4216 784 4287 Υἰῷ
814 4235 926 4271 σου.

825 4235 926 4271 του.
1952 4237 2037 4292 11,
2073 4237 2128 4291 1η
2157 4238 2294 4294 Filio
2318 4248 2428 4295 tuo.

283 4300 369 4355 12.
397 4304 603 4375 ’Ὑμνον
630 4308 937 4380 ἀναπέμψω
958 4312 1036 4383 τῷ
1069 4315 1256 4387 Κυρίῳ
1277 4318 1353 4389 τῷ
1384 4320 1656 4392 ἰασαμένῳ
1680 4323 1775 4395 τὴν
1810 4325 1851 4379 D

1842 4333 1851 4374 ι
1961 4329 2045 4381 19..
2083 4328 2350 4399 llymnum
2379 4333 2612 4387 cantabo
2637 4331 2884 4396 Domino,
2912 4350 3003 4403 qui
3045 4334 3249 4388 sanavit
3299 4335 3445 4390 infir-

205 4393 494 4450 ἀσθένειαν
515 4400 612 4470 τῆς
633 4400 810 4472 ψυχῆς
845 4421 968 4473 μου.
1735 4393 1742 4395 ἡ

925 4424 968 4460 υ.
1882 4420 2122 4473 mitatem
2150 4420 2343 4474 anima:
2370 4437 2528 4485 more,

281 4483 370 4541 13.
399 4489 508 4542 Καὶ
540 4491 694 4559 ψαλῶ
717 4493 793 4563 τῷ
814 4495 1034 4565 ὀνόματι
1073 4501 1275 4569 Κυρίου
1309 4501 1402 4555 τοῦ
1430 4504 1773 4574 ἐπουρανίου.

1731 4525 1773 4560 δ.
1956 4510 2043 4564 13.
2077 4509 2141 4563 Et
2167 4511 2392 4579 psallam
2426 4483 2630 4566 nomini
2669 4511 2883 4567 Domini
2917 4517 3334 4583 supercmlestis.

289 4601 354 4656 Ἦ
389 4609 721 4680 προκειμένη
758 4612 1031 4684 ἐπιγραφὴ
1062 4616 1208 4698 ήδιὰ
1236 4618 1336 4688 τῆς
1369 4621 1738 4693 κινναϐάρεως
1785 4626 2057 4696 περιέχει*
2087 4628 2192 4692 Εἰς
2229 4627 2294 4680 τὸ
2333 4626 2504 4694 τέλος
2534 4631 2770 4698 unum
2795 4630 2873 4694 τῷ
2917 4630 3122 4686 Δίιίῖίδς
3150 4632 3442 4697 τουτέστιν,

203 4693 348 4768 ὑπὲρ
381 4699 478 4768 τῆς
515 4705 811 4771 παρουσίας
843 4707 932 4757 τοῦ
963 4691 1168 4779 Κυρίου
1203 4710 1301 4780 τῆς
1331 4714 1416 4764 ἐπ’
1450 4716 1691 4784 ἐσχάτων
1720 4716 1828 4770 τῶν
1863 4718 2083 4788 ἡμερῶν
2111 4720 2275 4787 λέγει.
2314 4721 2474 4774 Δαϐὶδ
2502 4722 2607 4792 γὰρ
2627 4723 2984 4793 ὲρμηνευεται
3015 4726 3442 4795 πεποθημέιός,

199 4789 345 4861 ὅπερ
378 4794 524 4846 ἐστὶν
549 4797 641 4849 καὶ
676 4799 824 4869 παρὰ
854 4799 931 4870 τῷ
962 4801 1152 4853 ἑαυτοῦ
1183 4804 1372 4876 Πατρὶ,
1404 4809 1495 4859 καὶ
1522 4809 1671 4879 παρὰ
1698 4814 1809 4873 τοῖς
1838 4812 2142 4882 ἀνθρώποις
2186 4811 2359 4885 [Υἱὸς]
2391 4814 2485 4866 τοῦ
2517 4789 2670 4868 Θεοῦ.

276 4903 512 4972 Titulus,
547 4910 638 4978 qui
667 4912 875 4978 psalmo
903 4918 1251 4987 prreponitur,
1281 4921 1558 4977 cinnabari
1595 4925 1825 4994 scriptus
1878 4929 2118 4982 continet
2155 4947 2167 4982 :
2210 4928 2273 4982 In
2328 4931 2505 5000 linem,
2557 4934 2791 5002 psalmus
2826 4933 3025 4988 David:
3063 4936 3165 4990 hoc
3202 4946 3304 5000 est,
3343 4955 3438 5008 pro

199 4998 437 5054 adventu
470 4999 684 5056 Domini
714 5005 844 5059 dicit
875 5007 925 5060 in
988 5010 1298 5065 novissimis
1329 5013 1541 5068 diebus.
1585 5016 1746 5071 David
1793 5019 1936 5072 enim
1977 5021 2379 5090 interpretatur
2441 5024 2794 5089 desideratus,
2845 5029 3022 5095 qualis
3060 5040 3161 5092 est,
3210 5038 3263 5082 et
3299 5033 3438 5101 apud

197 5106 362 5146 suum
395 5088 630 5158 Patrem,
661 5104 714 5148 et
744 5098 883 5165 apud
911 5099 1178 5168 homines,
1219 5103 1305 5159 Dei
1337 5105 1521 5160 Filius.

275 5252 328 5307 1.
373 5253 430 5306 '0
461 5255 701 5320 Σατανᾶς
732 5259 823 5311 καὶ
853 5263 901 5313 oi
926 5264 1088 5317 αὑτοῦ
1125 5265 1283 5322 εἶπαν
1317 5273 1443 5342 περὶ
1474 5272 1564 5325 τοῦ
1599 5290 1762 5327 σταυ-

1951 5281 1999 5334 1.
2037 5279 2290 5346 Satanas,
2334 5291 2388 5337 et
2415 5284 2504 5352 qui
2540 5283 2658 5352 ejus
2691 5295 2838 5351 sunt,
2881 5286 3131 5340 dixerunt
3167 5289 3232 5342 de
3261 5303 3434 5342 crum-

198 5344 488 5414 ρυ›οἑ·,τος.
1874 5365 1999 5418 ﬁxo,

269 5435 324 5487 2.
368 5436 500 5490 Ὑπὸ
527 5437 634 5491 τῶν
672 5440 848 5512 ἔργων
887 5447 1064 5501 αὐτῶν
1106 5451 1213 5504 τῶν
1249 5457 1495 5525 πονηρῶν
1543 5461 1759 5531 ἐμολύν-

1941 5457 1996 5510 2.
2036 5457 2299 5524 [mprobis
2340 5475 2523 5515 eorum
2579 5460 2732 5516 factis
2785 5466 3134 5518 contaminati
3186 5477 3332 5527 sunt.
3385 5480 3437 5522 «ιι

187 5527 390 5599 Θησαν,
421 5532 514 5583 καὶ
542 5532 817 5600 βδελυκτλὶ
849 5540 1093 5607 ἐγένοντο
1127 5545 1277 5616 παρὰ
1310 5547 1386 5618 τῷ
1415 5549 1548 5620 Θεῷ.

1384 5577 1386 5590 ι
1415 5549 1548 5620 Θεῷ.
1576 5527 1586 5531 ﬁ
1877 5549 2272 5606 abominabiles
2308 5551 2431 5606 facti
2476 5565 2601 5609 sunt
2632 5557 2768 5620 apud
2803 5555 2987 5610 Deum.

261 5622 316 5675 3.
352 5624 466 5676 Οὐκ
489 5625 515 5676 ἕ
537 5645 604 5679 rit
629 5631 797 5683 ποιῶν
830 5649 882 5684 τι
914 5636 1196 5705 χρήσιμον.

1940 5642 1991 5698 5.
2027 5641 2196 5698 Nemo
2223 5656 2322 5711 est,
2348 5648 2438 5716 qui
2467 5649 2596 5701 utile
2630 5650 2830 5718 aliquid
2865 5650 3042 5704 faciat.

264 5712 319 5765 4.
354 5715 556 5785 Κύριος
579 5721 642 5772 ἐκ
672 5721 765 5774 τοῦ
796 5725 1023 5795 οὐρανοῦ
1050 5729 1257 5783 ἐπεῖδεν
1292 5731 1383 5784 ἐπὶ
1416 5733 1618 5798 πάντας
1642 5734 1765 5798 τοὺς

1936 5736 1988 5789 4.
2028 5734 2285 5795 Dominus
2340 5756 2368 5794 c
2403 5741 2539 5796 con
2579 5745 2812 5812 respexit
2855 5759 3018 5814 super
3060 5758 3248 5798 omnes
3293 5741 3431 5799 ﬁiius

187 5808 346 5869 υἱοὺς
380 5809 486 5860 τῶν
524 5811 842 5879 ἀνθρώπων.

592 5811 842 5879 ορὼπων.
1868 5826 2147 5881 hominum
2179 5849 2189 5882 :
