4060 6450
625 355 724 412 691

701 487 752 540 ὕ.
792 487 862 542 Ut
893 490 1089 556 videat,
1123 495 1169 548 si
1219 503 1300 549 est
1359 495 1704 570 intelligens,
1762 512 1855 555 aut
1906 507 2190 574 requirens

629 575 817 634 Deum.

699 671 753 727 6.
789 671 990 730 Omnes
1041 677 1499 746 declinaverunt,
1553 683 1718 737 simul
1777 685 1996 743 inutiles
2063 689 2189 744 facti

629 773 789 818 sunt:

699 859 753 912 7.
784 859 903 914 Non
929 869 1012 915 est
1049 863 1142 932 qui
1175 863 1340 920 faciat
1367 867 1591 931 bonum,
1634 884 1740 923 non
1775 880 1860 925 est
1907 888 2079 941 usque
2126 876 2191 928 ad

632 967 821 1004 unum.

699 1043 750 1096 8.
787 1042 978 1099 Nonne
1011 1060 1342 1118 cognoscent
1382 1068 1592 1118 omnes,
1644 1056 1738 1123 qui
1773 1065 2064 1124 operantur
2091 1057 2195 1110 ini-

630 1136 890 1203 quitatem
915 1181 928 1202 ,

699 1227 752 1280 9.
786 1225 889 1292 Qui
921 1229 1182 1286 devorant
1202 1235 1415 1303 plebem
1437 1252 1615 1292 meam
1635 1239 1776 1292 sicut
1798 1255 1976 1295 escam
2005 1242 2193 1310 panis?

703 1318 789 1371 10.
829 1318 1118 1376 Dominum
1154 1340 1263 1379 non
1299 1327 1710 1384 invocaverunt.

705 1410 794 1463 11.
827 1410 939 1467 Illic
973 1416 1382 1484 trepidaverunt
1431 1422 1649 1485 timore,
1689 1422 1779 1475 ubi
1814 1439 1919 1477 non
1969 1434 2084 1480 erat
2127 1425 2194 1479 tio

631 1518 753 1558 mor
779 1523 791 1557 ζ

705 1596 792 1648 12.
827 1597 1096 1661 Quoniam
1133 1603 1395 1660 Dominus
1425 1607 1477 1659 in
1520 1609 1871 1676 generatione
1895 1611 2192 1679 justorum.

700 1687 786 1741 13.
823 1688 1124 1745 Consilium
1160 1695 1337 1764 inopis
1368 1696 1736 1765 confudistis;

701 1779 785 1834 11.
817 1782 886 1835 At
917 1780 1185 1839 Dominus
1213 1801 1340 1855 spes
1367 1787 1488 1858 ejus
1519 1799 1621 1843 est.

700 1875 788 1929 15.
823 1875 958 1941 Quis
991 1877 1142 1932 dabit
1167 1895 1232 1934 ex
1269 1879 1398 1936 Sion
1437 1884 1677 1938 salutare
1710 1885 1916 1939 Israel?

705 1967 790 2020 16.
826 1968 962 2022 Cum
1013 1974 1270 2026 averterit
1305 1973 1573 2030 Dominus
1617 1979 1990 2047 captivitatem
2019 1981 2196 2049 plebis

633 2074 744 2113 sua:
769 2100 782 2117 ς

707 2152 792 2204 17.
826 2151 1131 2210 Exsultabit
1165 2155 1369 2222 Iacob,
1403 2165 1457 2213 et
1483 2159 1758 2216 laetabitur
1793 2162 1981 2218 Israel.

797 2307 861 2361 In
892 2311 1049 2378 ﬁnem
1078 2313 1311 2381 psalmus
1338 2314 1532 2370 David.
1562 2315 1826 2371 PSALM.
1864 2315 2025 2372 XIV.

707 2400 756 2452 I.
792 2399 1040 2472 Domine,
1067 2405 1192 2473 quis
1234 2406 1500 2462 habitabit
1531 2407 1583 2461 in
1616 2409 1968 2463 tabernaculo
2000 2409 2141 2462 tuo?

1438 362 1495 421 S.
1531 366 1909 427 ATHANASII
1950 371 2098 429 OPP.
2141 375 2321 430 PARS
2360 375 2448 431 111.
2487 409 2556 418 -
2592 377 3002 434 EXEGETICA.

3756 382 3865 438 692

2363 513 2416 565 5.
2451 511 2553 562 Τοῦ
2585 512 2729 573 ἰδεῖν,
2761 513 2809 562 εί
2839 511 2952 563 ἔστι
2989 511 3206 576 συνιῶν,
3243 514 3276 580 ἢ
3309 513 3553 584 ἐκζητῶν
3586 512 3676 566 τὸν
3711 515 3865 568 θεὸν.

2361 690 2412 744 6.
2443 691 2648 752 Πάντες
2676 688 2971 753 ἐξέκλιναν,
3002 689 3118 760 ἅμα
3145 689 3523 762 ὴχρειώθησαν
3551 707 3564 720 ·

2366 868 2418 921 7.
2456 869 2568 920 Οὐκ
2587 865 2700 919 ἐστι
2719 866 2886 918 ποιῶν
2916 866 3288 940 χρηστότητα,
3313 869 3412 922 οὐκ
3437 868 3707 932 ἔπινὲως
3725 869 3847 932 ἑνός

2367 1042 2419 1095 8.
2454 1044 2586 1111 Οὐχὶ
2615 1046 2909 1110 γνώσονται
2937 1045 3134 1106 πάντες
3162 1045 3211 1096 οἱ
3238 1043 3592 1114 ἐργαζόμενοι
3619 1043 3718 1115 τὴν
3741 1045 3870 1097 ἀνο-

2299 1133 2425 1205 μίαν
2442 1175 2454 1195 ,

2366 1228 2414 1279 9.
2450 1229 2511 1279 Οἱ
2541 1227 2812 1289 ἐσθίοντες
2833 1227 2923 1279 τὸν
2956 1226 3081 1280 λαόν
3115 1246 3218 1298 μου
3252 1229 3309 1280 ἐν
3339 1226 3536 1299 βρώσει
3566 1228 3774 1299 ἄρτου;

2368 1318 2454 1370 10.
2490 1318 2591 1368 Τὸν
2616 1317 2818 1387 Κύριον
2852 1319 2950 1369 οὐκ
2977 1315 3402 1369 ἐπεκαλέσαντο·

2369 1409 2456 1461 11.
2500 1409 2647 1460 Ἑκεῖ
2678 1408 2978 1462 ἐδειλίασαν
3005 1409 3175 1477 φόϐῳ,
3200 1401 3260 1460 οὗ
3293 1409 3391 1461 οὐκ
3420 1402 3486 1477 ἦν
3518 1405 3682 1475 φόϐος
3709 1423 3722 1435 ·

2372 1586 2457 1640 IS.
2495 1587 2616 1638 Ὅτι
2641 1585 2843 1656 Κύριος
2875 1604 2930 1638 εν
2952 1588 3115 1656 γενεᾷ
3139 1585 3382 1638 δικαίων.

2371 1680 2453 1732 15.
2488 1678 2689 1749 Βουλὴν
2719 1679 2930 1748 πτωχοῦ
2963 1676 3336 1748 κατῃσχύνατε
3358 1694 3372 1707 ·

2369 1768 2456 1821 id.
2505 1769 2563 1821 '0
2592 1769 2647 1820 δὲ
2677 1769 2879 1839 Κύριος
2915 1769 3066 1830 ἐλπὶς
3103 1766 3267 1821 αὐτοῦ
3302 1768 3438 1818 ἐστι.

2369 1861 2456 1913 15.
2482 1859 2578 1921 Τίς
2603 1858 2759 1912 δώσει
2788 1861 2850 1911 ἐκ
2874 1857 3007 1910 Σιὼν
3032 1859 3091 1910 τὸ
3127 1859 3393 1928 σωτήριον
3415 1853 3508 1909 τοῦ
3547 1854 3800 1925 Ἰσραήλς

2372 1950 2456 2004 16.
2499 1952 2585 2004 Ἐν
2738 1949 3059 2021 ἐπιστρέψαι
3111 1948 3314 2019 Κύριον
3361 1947 3457 2019 τὴν
3494 1944 3876 2016 αἰχμαλωσίαν

2297 2045 2393 2097 τοῦ
2428 2044 2558 2097 λαοῦ
2589 2043 2750 2097 αὐτοῦ
2779 2083 2794 2103 ,

2373 2135 2460 2188 17.
2511 2133 2924 2202 Ἀγαλλιάσεται
2991 2130 3186 2184 Ἰακὼϐ
3217 2172 3231 2198 ,
3282 2129 3376 2182 καὶ
3436 2127 3875 2199 εὐφρανθήσεται

2315 2224 2549 2295 Ἰσραήλ.

2384 2317 2486 2381 Εἰς
2513 2315 2580 2368 τὸ
2613 2315 2785 2381 τέλος
2817 2317 3058 2386 ψαλμὸς
3081 2316 3160 2382 τῷ
3185 2314 3383 2369 Δαϐίδ.
3419 2311 3652 2367 ΨΑΛΜ.
3674 2315 3785 2366 IA'.

2376 2410 2427 2463 1.
2458 2409 2653 2479 Κύριε,
2679 2410 2762 2473 τίς
2791 2411 3116 2480 παοοικήσει
3138 2411 3194 2463 ἐν
3217 2410 3295 2480 τῷ
3326 2405 3643 2480 σκηνώματί
3669 2418 3802 2469 σου;

1759 2691 2129 2746 ATHANASII
2170 2690 2746 2752 INTERPRETATIO.

703 2999 756 3055 5.
791 2998 895 3064 Qui
929 3007 1106 3054 mente
1131 2999 1301 3055 Deum
1332 3005 1623 3074 concipiat,
1653 3005 1912 3075 illumque
1938 3016 2164 3075 quaerat.
2223 2994 2269 3056 ε
2370 3012 2395 3064 5

2370 3012 2422 3064 5.
2462 3013 2606 3063 Ἀνω
2637 3010 2819 3063 λαϐεῖν
2846 3009 2936 3062 τὸν
2960 3009 3111 3073 θεὸν,
3149 3011 3242 3062 καὶ
3270 3008 3451 3079 ζητεῖν
3488 3008 3699 3066 τοῦτον.

701 3091 754 3144 6.
797 3091 1000 3146 Omnes
1024 3105 1390 3158 recesserunt,
1420 3096 1584 3149 simul
1609 3096 1829 3150 inutiles
1858 3096 1983 3151 facti
2017 3108 2162 3164 sunt,

702 3184 752 3237 7.
786 3182 904 3239 Non
931 3195 1013 3239 est
1053 3185 1259 3242 faciens
1304 3187 1532 3253 bonum,
1581 3205 1688 3243 non
1726 3199 1808 3244 est
1839 3206 2015 3260 neque
2055 3207 2197 3248 unus

629 3291 844 3336 eorum,
871 3275 1017 3344 quia
1053 3274 1162 3330 Deo
1189 3278 1462 3332 deﬁciunt.

701 3365 755 3419 8.
793 3364 1137 3434 Iniquitatem
1174 3376 1462 3437 operantes
1496 3383 1606 3423 non
1643 3381 1974 3439 cognoscent
2016 3371 2197 3427 Domi-

631 3467 782 3508 "HDL

700 3549 756 3604 9.
787 3549 1165 3618 Opprimentes
1189 3551 1422 3619 justum.

698 3642 786 3695 10.
819 3640 936 3695 Non
973 3657 1096 3696 eum
1131 3655 1428 3712 posuerunt
1464 3646 1565 3700 sibi
1595 3647 1919 3716 adjutorem.

698 3733 786 3784 11.
816 3730 892 3788 De
919 3734 1123 3788 mundo
1151 3735 1412 3803 loquitur.

706 3825 791 3878 12.
822 3825 879 3880 1η
915 3827 1091 3881 medio
1124 3828 1367 3896 ipsorum
1405 3829 1730 3892 inambulat,
1756 3839 1810 3884 et
1833 3830 2124 3886 inhabitat.

702 3917 792 3973 15.
827 3917 945 3972 Non
971 3919 1257 3988 accepistis
1288 3919 1562 3982 jnstornm
1599 3921 1926 3976 doctrinam.

700 4012 788 4065 M.
831 4010 1072 4067 Eternze
1106 4011 1503 4066 retributionis.

700 4103 788 4157 I5.
823 4101 937 4158 Nisi
969 4104 1083 4172 ipse
1107 4119 1202 4173 per
1245 4119 1302 4158 se
1328 4104 1504 4173 ipsum
1535 4105 1790 4174 largietur
1819 4107 2050 4162 salutem
2078 4124 2199 4162 om-

643 4198 808 4252 nibus
848 4197 900 4250 in
943 4212 1067 4250 eum
1114 4196 1503 4250 credentibus:
1541 4195 1705 4251 Israel
1756 4199 1899 4253 enim
1931 4200 2196 4270 interpre-

629 4299 774 4343 tatur
798 4291 879 4344 vir
909 4290 1085 4343 videns
1113 4289 1276 4341 Deum
1297 4329 1311 4353 ,

700 4383 784 4436 16.
826 4383 882 4435 In
918 4398 1100 4446 cruce,
1134 4383 1286 4436 dicit.

2373 3103 2425 3156 6.
2459 3103 2666 3166 Πάντες
2693 3103 3027 3172 ἀπέστησαν,
3061 3102 3177 3173 ἃμα
3210 3101 3470 3173 ἄχρηστοι
3499 3102 3768 3169 ἐγένοντο.

2376 3193 2424 3246 7.
2455 3193 2568 3245 Οὐκ
2596 3192 2710 3244 ἔστι
2735 3192 2898 3245 ποιῶν
2934 3192 3156 3259 ἀγαθὸν,
3174 3193 3272 3245 οὐκ
3297 3193 3440 3244 ἐστιν
3470 3192 3570 3254 ἓως
3612 3190 3736 3254 ἐνὸς
3763 3189 3880 3242 τῶν

2298 3283 2742 3337 ἀποστατούντων
2771 3282 2876 3335 ἀπὸ
2898 3281 2991 3334 τοῦ
3019 3281 3174 3335 Θεοῦ.

2373 3376 2425 3430 8.
2456 3378 2519 3430 Οἱ
2564 3375 2920 3446 ἐργαζόμενοι
2953 3375 3048 3445 τὴν
3089 3375 3317 3445 ἀνομίαν
3356 3375 3418 3426 οὐ
3447 3373 3748 3442 γνώσονται
3778 3371 3877 3426 τὸν

2298 3467 2523 3538 Κύριον.

2369 3559 2423 3614 9.
2459 3564 2520 3615 υἱ
2543 3561 3100 3624 καταδυναστεύοντες
3128 3560 3218 3614 τὸν
3245 3559 3465 3613 δίκαιον.

2374 3652 2461 3708 10.
2499 3654 2611 3706 Οὐκ
2639 3654 2820 3708 ἔθεντο
2844 3654 3006 3707 αὑτὸν
3040 3653 3251 3723 βοηθόν.

2371 3746 2457 3798 11.
2493 3745 2588 3808 Εἰς
2627 3744 2714 3796 τὸν
2745 3743 2948 3813 κόσμον
2973 3741 3142 3809 λέγει.

2369 3838 2457 3890 12.
2503 3837 2589 3888 Ἐν
2626 3836 2774 3905 μέσῳ
2798 3833 2974 3886 αὐτῶν
3007 3832 3393 3902 ἐμπεριπατεῖ,
3421 3846 3514 3882 και
3540 3829 3767 3884 ἐνοικεῖ.

2370 3928 2456 3982 15.
2490 3928 2601 3998 Τὴν
2625 3925 2843 3996 διδαχὴν
2869 3925 2981 3978 τῶν
2998 3925 3233 3977 ’δικαίων
3263 3923 3362 3977 οὐκ
3387 3921 3660 3988 ἐδέξασθε.

2373 4019 2455 4072 14.
2490 4019 2598 4088 Τῆς
2624 4017 2841 4069 αἰωνίου
2877 4015 3315 4085 μισθαποδοσίας.

2373 4111 2456 4164 15.
2492 4111 2554 4161 Εἰ
2579 4109 2653 4180 μὴ
2685 4109 2845 4171 αὐτὸς
2890 4108 2955 4159 δι’
2993 4105 3187 4159 ἐαυτοῦ
3238 4107 3519 4176 χαρίσεται
3551 4105 3648 4176 τὴν
3697 4121 3880 4176 σωτη-

2301 4203 2417 4275 ρίαν
2451 4206 2560 4265 τοῖς
2582 4204 2660 4265 εἰς
2693 4201 2856 4253 αὑτὸν
2884 4198 3252 4251 πιστεύουσιν.
3299 4197 3513 4269 Ἰσραὴλ
3541 4197 3652 4267 γὰρ
3694 4198 3878 4268 ἑρμη-

2296 4293 2507 4376 νεύεται
2534 4293 2688 4368 ἀνὴρ
2717 4290 2872 4359 ὀρῶν
2905 4291 3072 4343 Θεόν.

2371 4384 2456 4437 16.
2503 4386 2589 4438 Ἐν
2623 4385 2699 4454 τῷ
2728 4382 2964 4454 σταυρῷ,
2995 4383 3161 4451 λέγει.

697 4476 784 4527 17.
820 4476 1085 4545 Populum
1124 4477 1276 4538 dicit,
1324 4480 1417 4545 qut
1469 4492 1534 4531 ex
1586 4475 1789 4532 Judaeis
1839 4488 1892 4532 et
1942 4479 2194 4548 gentibus
2227 4454 2272 4510 θ
2372 4477 2392 4528 1

2372 4477 2455 4528 17.
2494 4477 2596 4528 Τὸν
2628 4475 2754 4528 λαὸν
2779 4473 2838 4538 ἐξ
2874 4475 3159 4538 Ἰουδαίων,
3186 4475 3280 4528 καὶ
3309 4474 3369 4538 ἐξ
3408 4473 3574 4527 ἐθνῶν
3607 4472 3878 4543 μέλλοντα

628 4568 937 4621 crediturus
975 4578 1089 4622 est:
1132 4567 1300 4622 Jacol)
1327 4568 1470 4622 enim
1504 4568 1876 4636 supplantator
1927 4569 2193 4639 interpre-

629 4668 796 4722 tatur,
829 4659 1020 4726 quales
1048 4669 1204 4712 erant
1252 4658 1456 4713 Judaei:
1507 4657 1670 4712 Israel
1702 4668 1882 4711 autem
1912 4667 2084 4727 gentes
2117 4657 2191 4711 si-

627 4749 868 4820 gnificat.

2302 4568 2577 4621 πιστεύειν
2601 4568 2766 4635 λέγει.
2806 4564 3002 4620 Ἰακὼϐ
3036 4565 3144 4636 γὰρ
3177 4566 3538 4633 πτερνιστὴς
3571 4566 3878 4635 ἑρμηνεύε-

2299 4674 2410 4719 ται,
2461 4658 2595 4727 ὂπερ
2621 4652 2758 4726 ἦσαν
2785 4657 2832 4706 οἱ
2873 4655 3134 4720 Ἰουδαῖοι,
3165 4655 3213 4706 οἱ
3248 4653 3462 4724 Ἰσραὴλ
3495 4653 3626 4706 θετὰ
3665 4654 3878 4724 [Ἰσρα-

2300 4749 2366 4820 ὴλ
2412 4747 2467 4799 δὲ
2505 4747 2610 4818 τὰ]
2645 4746 2807 4814 ἔθνη.

711 4949 772 5002 Ἦ
805 4949 1134 5021 προκειμένη
1168 4952 1447 5024 ἐπιγραφὴ
1478 4959 1751 5024 περιέχειο
1773 4954 1876 5020 Εἰς
1905 4953 1971 5007 τὸ
1996 4951 2167 5017 τέλος
2206 4949 2447 5019 ψαλμὸς
2495 4950 2573 5016 τῷ
2621 4951 2813 5005 Δαϐίδ.
2845 4951 3014 5005 Τοῦτο
3054 4947 3146 5004 οὖν
3192 4949 3465 5019 σημαίνει,
3493 4948 3630 5018 ὅπερ
3656 4947 3877 5019 εἴρηται

626 5042 705 5105 είς
737 5044 861 5107 τοὺς
892 5042 1230 5113 σωζομένους
1262 5047 1449 5114 ἁγίους
1480 5050 1536 5100 ἐν
1566 5051 1630 5118 τῇ
1667 5047 1942 5117 συντελείᾳ
1969 5045 2060 5098 τοῦ
2094 5043 2305 5108 αἰῶνος.
2331 5043 2492 5097 Δαϐἱδ
2515 5045 2620 5113 γὰρ
2646 5043 3002 5113 ἑρμηνεύεται
3034 5041 3465 5109 πεποθημένοςν
3519 5039 3802 5090 τουτέστιν
3847 5039 3874 5088 ὁ

625 5134 784 5204 χορὸς
816 5135 921 5186 τῶν
951 5137 1139 5204 ἁγίων,
1172 5136 1230 5188 ὃν
1272 5139 1299 5189 ὁ
1332 5137 1535 5209 Κύριος
1563 5138 1806 5208 ποθήσας
1831 5139 1910 5200 εἰς
1938 5137 2087 5198 τέλος
2116 5137 2400 5206 ἠγάπησεν
2432 5135 2645 5196 αὐτοὺς,
2683 5135 2775 5187 καὶ
2811 5133 3124 5205 παρέδωκεν
3153 5132 3314 5184 αὑτὸν
3347 5133 3424 5193 εἰς
3453 5129 3682 5182 θάνατον
3729 5130 3872 5200 ὑπὲρ

624 5230 718 5284 τοῦ
744 5229 1119 5299 πεποθημένου
1143 5231 1302 5304 χοροῦ
1326 5232 1430 5283 τῶν
1469 5231 1658 5300 ἁγίων.

697 5324 933 5388 Titulus,
971 5326 1061 5390 qui
1099 5327 1307 5393 psalmo
1345 5328 1697 5395 prchonitur,
1737 5326 2020 5379 continet:
2058 5326 2108 5377 in
2140 5325 2298 5394 ﬁnem
2341 5321 2578 5392 psalmus
2605 5320 2792 5374 David.
2831 5317 2943 5372 Hoc
2969 5327 3149 5371 autem
3187 5316 3477 5386 signiﬁcat,
3504 5315 3652 5383 quod
3684 5314 3874 5369 dictus

626 5425 708 5469 est
735 5418 801 5469 de
828 5418 1054 5477 sanctis,
1087 5421 1178 5486 qui
1212 5419 1345 5473 salvi
1382 5421 1517 5474 Iiunt
1541 5421 1592 5473 in
1628 5421 2100 5474 consummatione
2133 5419 2335 5474 smculi.
2396 5417 2558 5470 David
2593 5416 2736 5469 enim
2781 5417 3170 5482 interpretatur
3218 5411 3585 5465 desideratus:
3641 5414 3744 5464 hoc
3791 5419 3874 5464 est

624 5509 827 5562 chorus
852 5520 1186 5572 sanctorum,
1219 5526 1378 5580 quem
1415 5511 1680 5568 Dominus
1698 5513 2010 5569 desiderans
2038 5528 2208 5584 usque
2232 5513 2287 5565 in
2312 5512 2468 5565 Iinem
2489 5510 2693 5574 dilexit,
2719 5519 2772 5563 et
2807 5507 3029 5561 tradidit
3063 5505 3222 5559 morti
3246 5519 3302 5559 se
3325 5503 3502 5573 ipsum
3530 5516 3628 5572 pro
3653 5501 3874 5557 deside-

626 5607 746 5653 rato
774 5608 1085 5653 sanctorum
1120 5602 1310 5655 choro.

701 5757 750 5808 1.
788 5754 843 5808 In
882 5755 1098 5809 civitate
1128 5768 1216 5810 tua
1251 5765 1460 5811 sancta.

2374 5753 2422 5808 1.
2468 5754 2552 5806 Ἐν
2583 5754 2645 5822 τῇ
2683 5751 2833 5804 πόλει
2869 5767 2960 5802 σου
2997 5752 3061 5820 τῇ
3091 5749 3241 5818 ἁγίᾳ.
