  <div class='ocr_page' id='page_1' title='image "/cluster/home/n/w/nwhite01/storage/ocr_20150623/27/ien.35556001660521/358.png"; bbox 0 0 4060 6492; ppageno 0'>
   <div class='ocr_carea' id='block_1_1' title="bbox 242 415 3462 477">
    <p class='ocr_par' dir='ltr' id='par_1_1' title="bbox 242 415 3462 477">
     <span class='ocr_line' id='line_1_1' title="bbox 242 415 3462 477; baseline -0.001 0"><span class='ocrx_word' id='word_1_1' title='bbox 242 421 345 477; x_wconf 78' lang='grc'><strong>693</strong></span> <span class='ocrx_word' id='word_1_2' title='bbox 1144 419 1232 472; x_wconf 87' lang='lat' dir='ltr'><strong>DE</strong></span> <span class='ocrx_word' id='word_1_3' title='bbox 1271 418 1551 475; x_wconf 79' lang='lat' dir='ltr'><strong>TITULIS</strong></span> <span class='ocrx_word' id='word_1_4' title='bbox 1587 416 2033 473; x_wconf 75' lang='lat' dir='ltr'><strong>PSALMORUM.</strong></span> <span class='ocrx_word' id='word_1_5' title='bbox 2066 444 2105 459; x_wconf 87' lang='lat'><strong>-</strong></span> <span class='ocrx_word' id='word_1_6' title='bbox 2159 415 2354 473; x_wconf 79' lang='lat' dir='ltr'><strong>PSAL.</strong></span> <span class='ocrx_word' id='word_1_7' title='bbox 2397 417 2511 474; x_wconf 73' lang='lat' dir='ltr'><strong>XV.</strong></span> <span class='ocrx_word' id='word_1_8' title='bbox 3358 420 3462 475; x_wconf 64' lang='grc'><strong>691</strong></span> 
     </span>
    </p>
   </div>
   <div class='ocr_carea' id='block_1_2' title="bbox 312 533 1915 606">
    <p class='ocr_par' dir='ltr' id='par_1_2' title="bbox 312 533 1886 605">
     <span class='ocr_line' id='line_1_2' title="bbox 312 533 1886 605; baseline 0.002 -17"><span class='ocrx_word' id='word_1_9' title='bbox 312 536 367 589; x_wconf 75' lang='grc'><strong>2.</strong></span> <span class='ocrx_word' id='word_1_10' title='bbox 401 536 471 587; x_wconf 86' lang='grc' dir='ltr'><em>Ἢ</em></span> <span class='ocrx_word' id='word_1_11' title='bbox 498 534 581 598; x_wconf 85' lang='grc' dir='ltr'><strong>τίς</strong></span> <span class='ocrx_word' id='word_1_12' title='bbox 610 533 1020 605; x_wconf 72' lang='grc' dir='ltr'><strong>κατασκηνώσει</strong></span> <span class='ocrx_word' id='word_1_13' title='bbox 1053 538 1111 587; x_wconf 84' lang='grc' dir='ltr'>ὲν</span> <span class='ocrx_word' id='word_1_14' title='bbox 1144 536 1260 604; x_wconf 86' lang='grc' dir='ltr'>δρει</span> <span class='ocrx_word' id='word_1_15' title='bbox 1290 535 1428 605; x_wconf 81' lang='grc' dir='ltr'>ἁγίῳ</span> <span class='ocrx_word' id='word_1_16' title='bbox 1456 552 1580 601; x_wconf 92' lang='grc' dir='ltr'>σου;</span> <span class='ocrx_word' id='word_1_17' title='bbox 1839 540 1886 597; x_wconf 76' lang='grc' dir='ltr'>Α</span> 
     </span>
    </p>
   </div>
   <div class='ocr_carea' id='block_1_3' title="bbox 1728 533 3331 606">
    <p class='ocr_par' dir='ltr' id='par_1_3' title="bbox 1839 535 3331 606">
     <span class='ocr_line' id='line_1_3' title="bbox 1839 535 3331 606; baseline 0 -18"><span class='ocrx_word' id='word_1_18' title='bbox 1839 540 1886 597; x_wconf 76' lang='grc' dir='ltr'>Α</span> <span class='ocrx_word' id='word_1_19' title='bbox 1979 536 2035 588; x_wconf 72' lang='lat'><strong>2.</strong></span> <span class='ocrx_word' id='word_1_20' title='bbox 2072 536 2180 590; x_wconf 85' lang='lat' dir='ltr'><strong>Aut</strong></span> <span class='ocrx_word' id='word_1_21' title='bbox 2215 537 2339 606; x_wconf 88' lang='lat' dir='ltr'><strong>quis</strong></span> <span class='ocrx_word' id='word_1_22' title='bbox 2370 536 2671 606; x_wconf 81' lang='lat' dir='ltr'><strong>requiescet</strong></span> <span class='ocrx_word' id='word_1_23' title='bbox 2698 537 2748 589; x_wconf 91' lang='lat' dir='ltr'><strong>in</strong></span> <span class='ocrx_word' id='word_1_24' title='bbox 2773 546 2958 590; x_wconf 89' lang='lat' dir='ltr'><strong>monte</strong></span> <span class='ocrx_word' id='word_1_25' title='bbox 2984 535 3331 592; x_wconf 85' lang='lat' dir='ltr'><strong>sanctetuo?</strong></span> 
     </span>
    </p>
   </div>
   <div class='ocr_carea' id='block_1_4' title="bbox 314 626 1917 699">
    <p class='ocr_par' dir='ltr' id='par_1_4' title="bbox 314 626 1812 699">
     <span class='ocr_line' id='line_1_4' title="bbox 314 626 1812 699; baseline 0.001 -18"><span class='ocrx_word' id='word_1_26' title='bbox 314 626 369 681; x_wconf 76' lang='lat'><strong>5.</strong></span> <span class='ocrx_word' id='word_1_27' title='bbox 402 626 774 698; x_wconf 81' lang='grc' dir='ltr'>Πορευόμενος</span> <span class='ocrx_word' id='word_1_28' title='bbox 797 628 1044 698; x_wconf 79' lang='grc' dir='ltr'><strong>ἄμωμος,</strong></span> <span class='ocrx_word' id='word_1_29' title='bbox 1085 630 1178 681; x_wconf 74' lang='grc' dir='ltr'>καὶ</span> <span class='ocrx_word' id='word_1_30' title='bbox 1218 628 1582 699; x_wconf 76' lang='grc' dir='ltr'><strong>ἐργαζόμενος</strong></span> <span class='ocrx_word' id='word_1_31' title='bbox 1609 629 1812 684; x_wconf 84' lang='grc' dir='ltr'>δικαιο-</span> 
     </span>
    </p>
   </div>
   <div class='ocr_carea' id='block_1_5' title="bbox 1869 626 3472 699">
    <p class='ocr_par' dir='ltr' id='par_1_5' title="bbox 1985 628 3472 699">
     <span class='ocr_line' id='line_1_5' title="bbox 1985 628 3472 699; baseline 0.001 -18"><span class='ocrx_word' id='word_1_32' title='bbox 1985 628 2038 683; x_wconf 77' lang='lat'><strong>3.</strong></span> <span class='ocrx_word' id='word_1_33' title='bbox 2071 628 2175 695; x_wconf 86' lang='lat' dir='ltr'><strong>Qui</strong></span> <span class='ocrx_word' id='word_1_34' title='bbox 2207 630 2509 699; x_wconf 70' lang='lat' dir='ltr'><strong>ingreditur</strong></span> <span class='ocrx_word' id='word_1_35' title='bbox 2533 630 2651 684; x_wconf 89' lang='lat' dir='ltr'><strong>sine</strong></span> <span class='ocrx_word' id='word_1_36' title='bbox 2692 630 2925 693; x_wconf 84' lang='lat' dir='ltr'><strong>macula,</strong></span> <span class='ocrx_word' id='word_1_37' title='bbox 2947 638 2999 683; x_wconf 92' lang='lat' dir='ltr'><strong>et</strong></span> <span class='ocrx_word' id='word_1_38' title='bbox 3034 637 3291 698; x_wconf 77' lang='lat' dir='ltr'><strong>operatur</strong></span> <span class='ocrx_word' id='word_1_39' title='bbox 3313 628 3472 698; x_wconf 87' lang='lat' dir='ltr'><strong>justi-</strong></span> 
     </span>
    </p>
   </div>
   <div class='ocr_carea' id='block_1_6' title="bbox 244 719 1847 790">
    <p class='ocr_par' dir='ltr' id='par_1_6' title="bbox 244 719 417 790">
     <span class='ocr_line' id='line_1_6' title="bbox 244 719 417 790; baseline -0.012 -17"><span class='ocrx_word' id='word_1_40' title='bbox 244 719 417 790; x_wconf 81' lang='grc' dir='ltr'>σύνην</span> 
     </span>
    </p>
   </div>
   <div class='ocr_carea' id='block_1_7' title="bbox 473 719 2076 790">
    <p class='ocr_par' dir='ltr' id='par_1_7' title="bbox 1912 722 2076 777">
     <span class='ocr_line' id='line_1_7' title="bbox 1912 722 2076 777; baseline -0.006 0"><span class='ocrx_word' id='word_1_41' title='bbox 1912 722 2041 777; x_wconf 88' lang='lat' dir='ltr'><strong>tiam</strong></span> <span class='ocrx_word' id='word_1_42' title='bbox 2064 740 2076 776; x_wconf 94' lang='lat'><strong>:</strong></span> 
     </span>
    </p>
   </div>
   <div class='ocr_carea' id='block_1_8' title="bbox 316 799 1919 882">
    <p class='ocr_par' dir='ltr' id='par_1_8' title="bbox 316 799 1425 882">
     <span class='ocr_line' id='line_1_8' title="bbox 316 799 1425 882; baseline 0.001 -20"><span class='ocrx_word' id='word_1_43' title='bbox 316 808 372 863; x_wconf 73' lang='grc'><strong>4.</strong></span> <span class='ocrx_word' id='word_1_44' title='bbox 404 808 596 862; x_wconf 88' lang='grc' dir='ltr'>Λαλῶν</span> <span class='ocrx_word' id='word_1_45' title='bbox 617 809 871 879; x_wconf 81' lang='grc' dir='ltr'>ἀλήθειαν</span> <span class='ocrx_word' id='word_1_46' title='bbox 898 811 956 864; x_wconf 83' lang='grc' dir='ltr'>ὲν</span> <span class='ocrx_word' id='word_1_47' title='bbox 994 812 1190 882; x_wconf 71' lang='grc' dir='ltr'>καρδία</span> <span class='ocrx_word' id='word_1_48' title='bbox 1220 799 1383 864; x_wconf 58' lang='grc' dir='ltr'><strong>αἰέτοῦ</strong></span> <span class='ocrx_word' id='word_1_49' title='bbox 1412 829 1425 843; x_wconf 74' lang='grc' dir='ltr'><strong><em>ο</em></strong></span> 
     </span>
    </p>
   </div>
   <div class='ocr_carea' id='block_1_9' title="bbox 1587 799 3190 882">
    <p class='ocr_par' dir='ltr' id='par_1_9' title="bbox 1984 811 3190 882">
     <span class='ocr_line' id='line_1_9' title="bbox 1984 811 3190 882; baseline -0.002 -16"><span class='ocrx_word' id='word_1_50' title='bbox 1984 814 2037 866; x_wconf 68' lang='grc'><strong>4.</strong></span> <span class='ocrx_word' id='word_1_51' title='bbox 2075 811 2179 878; x_wconf 87' lang='lat' dir='ltr'><strong>Qui</strong></span> <span class='ocrx_word' id='word_1_52' title='bbox 2220 813 2461 882; x_wconf 89' lang='lat' dir='ltr'><strong>loquitur</strong></span> <span class='ocrx_word' id='word_1_53' title='bbox 2486 812 2764 867; x_wconf 73' lang='lat' dir='ltr'><strong>veritatem</strong></span> <span class='ocrx_word' id='word_1_54' title='bbox 2786 813 2839 865; x_wconf 93' lang='lat' dir='ltr'><strong>in</strong></span> <span class='ocrx_word' id='word_1_55' title='bbox 2862 812 3025 866; x_wconf 90' lang='lat' dir='ltr'><strong>corde</strong></span> <span class='ocrx_word' id='word_1_56' title='bbox 3058 828 3190 866; x_wconf 91' lang='lat' dir='ltr'><strong>suo:</strong></span> 
     </span>
    </p>
   </div>
   <div class='ocr_carea' id='block_1_10' title="bbox 318 900 1921 975">
    <p class='ocr_par' dir='ltr' id='par_1_10' title="bbox 318 900 1499 975">
     <span class='ocr_line' id='line_1_10' title="bbox 318 900 1499 975; baseline 0.001 -18"><span class='ocrx_word' id='word_1_57' title='bbox 318 900 373 957; x_wconf 82' lang='lat'><strong>5.</strong></span> <span class='ocrx_word' id='word_1_58' title='bbox 414 903 512 964; x_wconf 86' lang='grc' dir='ltr'>Ὃς</span> <span class='ocrx_word' id='word_1_59' title='bbox 541 901 640 955; x_wconf 81' lang='grc' dir='ltr'><strong>οὐκ</strong></span> <span class='ocrx_word' id='word_1_60' title='bbox 673 902 928 955; x_wconf 84' lang='grc' dir='ltr'>ὲδόλωσεν</span> <span class='ocrx_word' id='word_1_61' title='bbox 956 905 1013 957; x_wconf 85' lang='grc' dir='ltr'>ὲν</span> <span class='ocrx_word' id='word_1_62' title='bbox 1046 903 1264 975; x_wconf 79' lang='grc' dir='ltr'><strong>γλώσσῃ</strong></span> <span class='ocrx_word' id='word_1_63' title='bbox 1294 904 1458 958; x_wconf 76' lang='grc' dir='ltr'>αὐτοῦ</span> <span class='ocrx_word' id='word_1_64' title='bbox 1484 946 1499 971; x_wconf 86' lang='grc'><strong>,</strong></span> 
     </span>
    </p>
   </div>
   <div class='ocr_carea' id='block_1_11' title="bbox 1517 900 3120 975">
    <p class='ocr_par' dir='ltr' id='par_1_11' title="bbox 1987 902 3120 974">
     <span class='ocr_line' id='line_1_11' title="bbox 1987 902 3120 974; baseline 0 -17"><span class='ocrx_word' id='word_1_65' title='bbox 1987 904 2041 958; x_wconf 80' lang='grc'>5.</span> <span class='ocrx_word' id='word_1_66' title='bbox 2074 902 2181 969; x_wconf 91' lang='lat' dir='ltr'><strong>Qui</strong></span> <span class='ocrx_word' id='word_1_67' title='bbox 2215 918 2319 957; x_wconf 91' lang='lat' dir='ltr'><strong>non</strong></span> <span class='ocrx_word' id='word_1_68' title='bbox 2352 904 2461 974; x_wconf 77' lang='lat' dir='ltr'><strong>egit</strong></span> <span class='ocrx_word' id='word_1_69' title='bbox 2484 902 2667 957; x_wconf 89' lang='lat' dir='ltr'><strong>dolum</strong></span> <span class='ocrx_word' id='word_1_70' title='bbox 2697 902 2751 956; x_wconf 91' lang='lat' dir='ltr'><strong>in</strong></span> <span class='ocrx_word' id='word_1_71' title='bbox 2775 902 2956 972; x_wconf 77' lang='lat' dir='ltr'><strong>lingua</strong></span> <span class='ocrx_word' id='word_1_72' title='bbox 2988 917 3120 957; x_wconf 87' lang='lat' dir='ltr'><strong>sua:</strong></span> 
     </span>
    </p>
   </div>
   <div class='ocr_carea' id='block_1_12' title="bbox 320 993 1923 1066">
    <p class='ocr_par' dir='ltr' id='par_1_12' title="bbox 320 993 1584 1066">
     <span class='ocr_line' id='line_1_12' title="bbox 320 993 1584 1066; baseline 0.002 -18"><span class='ocrx_word' id='word_1_73' title='bbox 320 993 375 1048; x_wconf 86' lang='grc'>6.</span> <span class='ocrx_word' id='word_1_74' title='bbox 407 994 538 1047; x_wconf 75' lang='grc' dir='ltr'><strong>Οὐδὲ</strong></span> <span class='ocrx_word' id='word_1_75' title='bbox 557 993 775 1064; x_wconf 81' lang='grc' dir='ltr'>ἐποίησε</span> <span class='ocrx_word' id='word_1_76' title='bbox 801 994 880 1066; x_wconf 79' lang='grc' dir='ltr'>τῷ</span> <span class='ocrx_word' id='word_1_77' title='bbox 914 996 1137 1065; x_wconf 78' lang='grc' dir='ltr'>πλησίον</span> <span class='ocrx_word' id='word_1_78' title='bbox 1182 995 1346 1049; x_wconf 76' lang='grc' dir='ltr'>αὐτοῦ</span> <span class='ocrx_word' id='word_1_79' title='bbox 1377 998 1546 1051; x_wconf 83' lang='grc' dir='ltr'>κακόν</span> <span class='ocrx_word' id='word_1_80' title='bbox 1571 1012 1584 1026; x_wconf 87' lang='grc'>⁶</span> 
     </span>
    </p>
   </div>
   <div class='ocr_carea' id='block_1_13' title="bbox 1410 993 3013 1066">
    <p class='ocr_par' dir='ltr' id='par_1_13' title="bbox 1414 993 3013 1065">
     <span class='ocr_line' id='line_1_13' title="bbox 1414 993 3013 1065; baseline -0.001 -16"><span class='ocrx_word' id='word_1_81' title='bbox 1414 998 1546 1051; x_wconf 83' lang='grc' dir='ltr'>ακόν</span> <span class='ocrx_word' id='word_1_82' title='bbox 1571 1012 1584 1026; x_wconf 78' lang='grc' dir='ltr'><strong>ο</strong></span> <span class='ocrx_word' id='word_1_83' title='bbox 1987 994 2040 1049; x_wconf 84' lang='grc'><strong>6.</strong></span> <span class='ocrx_word' id='word_1_84' title='bbox 2073 993 2184 1050; x_wconf 85' lang='lat' dir='ltr'><strong>Nec</strong></span> <span class='ocrx_word' id='word_1_85' title='bbox 2214 994 2342 1049; x_wconf 81' lang='lat' dir='ltr'><strong>fecit</strong></span> <span class='ocrx_word' id='word_1_86' title='bbox 2371 994 2621 1065; x_wconf 80' lang='lat' dir='ltr'><strong>proximo</strong></span> <span class='ocrx_word' id='word_1_87' title='bbox 2647 1009 2748 1049; x_wconf 90' lang='lat' dir='ltr'><strong>suo</strong></span> <span class='ocrx_word' id='word_1_88' title='bbox 2777 994 3013 1048; x_wconf 89' lang='lat' dir='ltr'><strong>malum:</strong></span> 
     </span>
    </p>
   </div>
   <div class='ocr_carea' id='block_1_14' title="bbox 312 1076 1915 1158">
    <p class='ocr_par' dir='ltr' id='par_1_14' title="bbox 312 1076 1818 1158">
     <span class='ocr_line' id='line_1_14' title="bbox 312 1076 1818 1158; baseline 0.004 -20"><span class='ocrx_word' id='word_1_89' title='bbox 312 1085 366 1140; x_wconf 90' lang='lat'><strong>7.</strong></span> <span class='ocrx_word' id='word_1_90' title='bbox 397 1085 508 1140; x_wconf 79' lang='grc' dir='ltr'><strong>Καὶ</strong></span> <span class='ocrx_word' id='word_1_91' title='bbox 547 1076 845 1156; x_wconf 67' lang='grc' dir='ltr'>ὀνειδισμὸν</span> <span class='ocrx_word' id='word_1_92' title='bbox 895 1087 995 1141; x_wconf 79' lang='grc' dir='ltr'><strong>οὐκ</strong></span> <span class='ocrx_word' id='word_1_93' title='bbox 1040 1086 1232 1141; x_wconf 77' lang='grc' dir='ltr'>ἐλαὸεν</span> <span class='ocrx_word' id='word_1_94' title='bbox 1277 1090 1370 1141; x_wconf 75' lang='grc' dir='ltr'><strong>ἐπὶ</strong></span> <span class='ocrx_word' id='word_1_95' title='bbox 1414 1088 1542 1153; x_wconf 76' lang='grc' dir='ltr'>τοὺς</span> <span class='ocrx_word' id='word_1_96' title='bbox 1590 1089 1818 1158; x_wconf 73' lang='grc' dir='ltr'>ἔγγιστα</span> 
     </span>
    </p>
   </div>
   <div class='ocr_carea' id='block_1_15' title="bbox 1871 1076 3474 1158">
    <p class='ocr_par' dir='ltr' id='par_1_15' title="bbox 1993 1084 3474 1156">
     <span class='ocr_line' id='line_1_15' title="bbox 1993 1084 3474 1156; baseline -0.001 -17"><span class='ocrx_word' id='word_1_97' title='bbox 1993 1087 2046 1139; x_wconf 89' lang='grc'>7.</span> <span class='ocrx_word' id='word_1_98' title='bbox 2072 1084 2146 1141; x_wconf 84' lang='grc' dir='ltr'>Ει</span> <span class='ocrx_word' id='word_1_99' title='bbox 2168 1086 2521 1156; x_wconf 82' lang='lat' dir='ltr'><strong>opprobrium</strong></span> <span class='ocrx_word' id='word_1_100' title='bbox 2550 1099 2657 1139; x_wconf 93' lang='lat' dir='ltr'><strong>non</strong></span> <span class='ocrx_word' id='word_1_101' title='bbox 2679 1084 2888 1153; x_wconf 89' lang='lat' dir='ltr'><strong>accepit</strong></span> <span class='ocrx_word' id='word_1_102' title='bbox 2921 1085 3177 1139; x_wconf 75' lang='lat' dir='ltr'><strong>adversus</strong></span> <span class='ocrx_word' id='word_1_103' title='bbox 3198 1086 3474 1152; x_wconf 79' lang='lat' dir='ltr'><strong>proximos</strong></span> 
     </span>
    </p>
   </div>
   <div class='ocr_carea' id='block_1_16' title="bbox 245 1178 2072 1235">
    <p class='ocr_par' dir='ltr' id='par_1_16' title="bbox 245 1178 2072 1235">
     <span class='ocr_line' id='line_1_16' title="bbox 245 1178 2072 1235; baseline -0.001 -2"><span class='ocrx_word' id='word_1_104' title='bbox 245 1178 434 1235; x_wconf 78' lang='grc' dir='ltr'>αὐτοῦ.</span> <span class='ocrx_word' id='word_1_105' title='bbox 1918 1192 2072 1232; x_wconf 85' lang='lat' dir='ltr'><strong>suos.</strong></span> 
     </span>
    </p>
   </div>
   <div class='ocr_carea' id='block_1_17' title="bbox 324 1267 1927 1344">
    <p class='ocr_par' dir='ltr' id='par_1_17' title="bbox 324 1270 1731 1344">
     <span class='ocr_line' id='line_1_17' title="bbox 324 1270 1731 1344; baseline 0 -18"><span class='ocrx_word' id='word_1_106' title='bbox 324 1271 379 1328; x_wconf 80' lang='lat'><strong>8.</strong></span> <span class='ocrx_word' id='word_1_107' title='bbox 428 1271 803 1339; x_wconf 81' lang='grc' dir='ltr'>Ἐξουδὲνωται</span> <span class='ocrx_word' id='word_1_108' title='bbox 838 1270 1067 1326; x_wconf 76' lang='grc' dir='ltr'>ἐνώπιον</span> <span class='ocrx_word' id='word_1_109' title='bbox 1092 1272 1254 1325; x_wconf 79' lang='grc' dir='ltr'>αὑτοῦ</span> <span class='ocrx_word' id='word_1_110' title='bbox 1283 1273 1731 1344; x_wconf 80' lang='grc' dir='ltr'>πονηρευόμενος’</span> 
     </span>
    </p>
   </div>
   <div class='ocr_carea' id='block_1_18' title="bbox 1873 1267 3476 1344">
    <p class='ocr_par' dir='ltr' id='par_1_18' title="bbox 1988 1267 3476 1337">
     <span class='ocr_line' id='line_1_18' title="bbox 1988 1267 3476 1337; baseline -0.001 -12"><span class='ocrx_word' id='word_1_111' title='bbox 1988 1270 2042 1325; x_wconf 84' lang='lat'><strong>8.</strong></span> <span class='ocrx_word' id='word_1_112' title='bbox 2075 1268 2156 1323; x_wconf 79' lang='lat' dir='ltr'><strong>Ad</strong></span> <span class='ocrx_word' id='word_1_113' title='bbox 2202 1268 2434 1323; x_wconf 89' lang='lat' dir='ltr'><strong>nihilum</strong></span> <span class='ocrx_word' id='word_1_114' title='bbox 2485 1268 2751 1325; x_wconf 90' lang='lat' dir='ltr'><strong>deductus</strong></span> <span class='ocrx_word' id='word_1_115' title='bbox 2800 1278 2883 1324; x_wconf 87' lang='lat' dir='ltr'><strong>est</strong></span> <span class='ocrx_word' id='word_1_116' title='bbox 2929 1269 2983 1322; x_wconf 90' lang='lat' dir='ltr'><strong>in</strong></span> <span class='ocrx_word' id='word_1_117' title='bbox 3032 1279 3325 1324; x_wconf 85' lang='lat' dir='ltr'><strong>consoectu</strong></span> <span class='ocrx_word' id='word_1_118' title='bbox 3359 1267 3476 1337; x_wconf 83' lang='lat' dir='ltr'><strong>ejus</strong></span> 
     </span>
    </p>
   </div>
   <div class='ocr_carea' id='block_1_19' title="bbox 1919 1363 2217 1434">
    <p class='ocr_par' dir='ltr' id='par_1_19' title="bbox 1919 1363 2217 1434">
     <span class='ocr_line' id='line_1_19' title="bbox 1919 1363 2217 1434; baseline -0.007 -17"><span class='ocrx_word' id='word_1_119' title='bbox 1919 1363 2217 1434; x_wconf 76' lang='lat' dir='ltr'><strong>malignus:</strong></span> 
     </span>
    </p>
   </div>
   <div class='ocr_carea' id='block_1_20' title="bbox 324 1447 1927 1523">
    <p class='ocr_par' dir='ltr' id='par_1_20' title="bbox 324 1447 1624 1523">
     <span class='ocr_line' id='line_1_20' title="bbox 324 1447 1624 1523; baseline 0.002 -19"><span class='ocrx_word' id='word_1_120' title='bbox 324 1450 379 1504; x_wconf 86' lang='lat'><strong>9.</strong></span> <span class='ocrx_word' id='word_1_121' title='bbox 409 1447 547 1511; x_wconf 74' lang='grc' dir='ltr'>Τοὺς</span> <span class='ocrx_word' id='word_1_122' title='bbox 572 1448 629 1500; x_wconf 82' lang='grc' dir='ltr'>δὲ</span> <span class='ocrx_word' id='word_1_123' title='bbox 663 1448 1028 1519; x_wconf 78' lang='grc' dir='ltr'>φοϐουμένους</span> <span class='ocrx_word' id='word_1_124' title='bbox 1056 1451 1146 1503; x_wconf 73' lang='grc' dir='ltr'><strong>τὸν</strong></span> <span class='ocrx_word' id='word_1_125' title='bbox 1168 1450 1370 1523; x_wconf 82' lang='grc' dir='ltr'><strong>Κύριον</strong></span> <span class='ocrx_word' id='word_1_126' title='bbox 1392 1449 1624 1517; x_wconf 78' lang='grc' dir='ltr'>δοξάζει.</span> 
     </span>
    </p>
   </div>
   <div class='ocr_carea' id='block_1_21' title="bbox 1613 1447 3216 1523">
    <p class='ocr_par' dir='ltr' id='par_1_21' title="bbox 1613 1450 3216 1522">
     <span class='ocr_line' id='line_1_21' title="bbox 1613 1450 3216 1522; baseline -0.002 -15"><span class='ocrx_word' id='word_1_127' title='bbox 1613 1494 1624 1507; x_wconf 93' lang='grc'><strong>.</strong></span> <span class='ocrx_word' id='word_1_128' title='bbox 1990 1454 2046 1510; x_wconf 83' lang='grc'><strong>9.</strong></span> <span class='ocrx_word' id='word_1_129' title='bbox 2077 1452 2355 1507; x_wconf 78' lang='lat' dir='ltr'><strong>Timentes</strong></span> <span class='ocrx_word' id='word_1_130' title='bbox 2380 1461 2560 1506; x_wconf 90' lang='lat' dir='ltr'><strong>autem</strong></span> <span class='ocrx_word' id='word_1_131' title='bbox 2604 1451 2892 1507; x_wconf 91' lang='lat' dir='ltr'><strong>Dominum</strong></span> <span class='ocrx_word' id='word_1_132' title='bbox 2935 1450 3216 1522; x_wconf 82' lang='lat' dir='ltr'><strong>gloriﬁcat.</strong></span> 
     </span>
    </p>
   </div>
   <div class='ocr_carea' id='block_1_22' title="bbox 326 1538 1929 1620">
    <p class='ocr_par' dir='ltr' id='par_1_22' title="bbox 326 1538 1815 1620">
     <span class='ocr_line' id='line_1_22' title="bbox 326 1538 1815 1620; baseline 0.004 -27"><span class='ocrx_word' id='word_1_133' title='bbox 326 1538 413 1593; x_wconf 87' lang='grc'><strong>10.</strong></span> <span class='ocrx_word' id='word_1_134' title='bbox 462 1541 518 1593; x_wconf 89' lang='lat'><strong>&#39;0</strong></span> <span class='ocrx_word' id='word_1_135' title='bbox 542 1540 755 1610; x_wconf 85' lang='grc' dir='ltr'><strong>ὀμνύων</strong></span> <span class='ocrx_word' id='word_1_136' title='bbox 779 1541 857 1611; x_wconf 81' lang='grc' dir='ltr'>τῷ</span> <span class='ocrx_word' id='word_1_137' title='bbox 880 1543 1107 1612; x_wconf 86' lang='grc' dir='ltr'>πλησίον</span> <span class='ocrx_word' id='word_1_138' title='bbox 1133 1544 1316 1620; x_wconf 63' lang='grc' dir='ltr'>αὑτοῦ,</span> <span class='ocrx_word' id='word_1_139' title='bbox 1342 1545 1433 1597; x_wconf 74' lang='grc' dir='ltr'><strong>καὶ</strong></span> <span class='ocrx_word' id='word_1_140' title='bbox 1459 1546 1557 1598; x_wconf 76' lang='grc' dir='ltr'><strong>οὐκ</strong></span> <span class='ocrx_word' id='word_1_141' title='bbox 1589 1544 1815 1599; x_wconf 81' lang='grc' dir='ltr'>ἀθετῶν⁶</span> 
     </span>
    </p>
   </div>
   <div class='ocr_carea' id='block_1_23' title="bbox 1698 1538 3301 1620">
    <p class='ocr_par' dir='ltr' id='par_1_23' title="bbox 1698 1542 3301 1612">
     <span class='ocr_line' id='line_1_23' title="bbox 1698 1542 3301 1612; baseline -0.001 -13"><span class='ocrx_word' id='word_1_142' title='bbox 1698 1545 1815 1599; x_wconf 79' lang='grc' dir='ltr'>τῶν⁶</span> <span class='ocrx_word' id='word_1_143' title='bbox 1995 1544 2084 1598; x_wconf 90' lang='grc'><strong>10.</strong></span> <span class='ocrx_word' id='word_1_144' title='bbox 2124 1542 2227 1609; x_wconf 93' lang='lat' dir='ltr'><strong>Qui</strong></span> <span class='ocrx_word' id='word_1_145' title='bbox 2253 1543 2401 1612; x_wconf 87' lang='lat' dir='ltr'><strong>jurat</strong></span> <span class='ocrx_word' id='word_1_146' title='bbox 2430 1542 2679 1612; x_wconf 83' lang='lat' dir='ltr'><strong>proximo</strong></span> <span class='ocrx_word' id='word_1_147' title='bbox 2704 1559 2803 1598; x_wconf 88' lang='lat' dir='ltr'><strong>suo</strong></span> <span class='ocrx_word' id='word_1_148' title='bbox 2850 1554 2903 1598; x_wconf 92' lang='lat' dir='ltr'><strong>et</strong></span> <span class='ocrx_word' id='word_1_149' title='bbox 2942 1560 3046 1598; x_wconf 91' lang='lat' dir='ltr'><strong>non</strong></span> <span class='ocrx_word' id='word_1_150' title='bbox 3070 1542 3301 1612; x_wconf 83' lang='lat' dir='ltr'><strong>decipit:</strong></span> 
     </span>
    </p>
   </div>
   <div class='ocr_carea' id='block_1_24' title="bbox 328 1628 1931 1709">
    <p class='ocr_par' dir='ltr' id='par_1_24' title="bbox 328 1628 1679 1709">
     <span class='ocr_line' id='line_1_24' title="bbox 328 1628 1679 1709; baseline 0.007 -28"><span class='ocrx_word' id='word_1_151' title='bbox 328 1628 415 1682; x_wconf 84' lang='grc'><strong>1-1.</strong></span> <span class='ocrx_word' id='word_1_152' title='bbox 451 1630 524 1682; x_wconf 82' lang='grc' dir='ltr'>Τὸ</span> <span class='ocrx_word' id='word_1_153' title='bbox 557 1630 816 1702; x_wconf 83' lang='grc' dir='ltr'>ἀργύριον</span> <span class='ocrx_word' id='word_1_154' title='bbox 841 1632 1003 1687; x_wconf 80' lang='grc' dir='ltr'>αὐτοῦ</span> <span class='ocrx_word' id='word_1_155' title='bbox 1045 1628 1145 1687; x_wconf 78' lang='grc' dir='ltr'><strong>οὐκ</strong></span> <span class='ocrx_word' id='word_1_156' title='bbox 1176 1634 1371 1688; x_wconf 77' lang='grc' dir='ltr'>ἔδωκεν</span> <span class='ocrx_word' id='word_1_157' title='bbox 1397 1637 1490 1690; x_wconf 76' lang='grc' dir='ltr'><strong>ἐπὶ</strong></span> <span class='ocrx_word' id='word_1_158' title='bbox 1516 1638 1679 1709; x_wconf 83' lang='grc' dir='ltr'><strong>τόκῳ·</strong></span> 
     </span>
    </p>
   </div>
   <div class='ocr_carea' id='block_1_25' title="bbox 1825 1628 3428 1709">
    <p class='ocr_par' dir='ltr' id='par_1_25' title="bbox 1995 1634 3428 1704">
     <span class='ocr_line' id='line_1_25' title="bbox 1995 1634 3428 1704; baseline 0.001 -16"><span class='ocrx_word' id='word_1_159' title='bbox 1995 1635 2082 1688; x_wconf 87' lang='grc'><strong>11.</strong></span> <span class='ocrx_word' id='word_1_160' title='bbox 2117 1634 2222 1700; x_wconf 89' lang='lat' dir='ltr'><strong>Qui</strong></span> <span class='ocrx_word' id='word_1_161' title='bbox 2260 1635 2546 1704; x_wconf 87' lang='lat' dir='ltr'><strong>pecuniam</strong></span> <span class='ocrx_word' id='word_1_162' title='bbox 2581 1650 2735 1689; x_wconf 90' lang='lat' dir='ltr'><strong>suam</strong></span> <span class='ocrx_word' id='word_1_163' title='bbox 2766 1649 2874 1688; x_wconf 89' lang='lat' dir='ltr'><strong>non</strong></span> <span class='ocrx_word' id='word_1_164' title='bbox 2903 1635 3049 1689; x_wconf 90' lang='lat' dir='ltr'><strong>dedit</strong></span> <span class='ocrx_word' id='word_1_165' title='bbox 3075 1634 3141 1688; x_wconf 83' lang='lat' dir='ltr'><strong>ad</strong></span> <span class='ocrx_word' id='word_1_166' title='bbox 3173 1650 3428 1689; x_wconf 87' lang='lat' dir='ltr'><strong>usuram:</strong></span> 
     </span>
    </p>
   </div>
   <div class='ocr_carea' id='block_1_26' title="bbox 330 1720 1933 1795">
    <p class='ocr_par' dir='ltr' id='par_1_26' title="bbox 330 1720 1432 1793">
     <span class='ocr_line' id='line_1_26' title="bbox 330 1720 1432 1793; baseline 0.008 -21"><span class='ocrx_word' id='word_1_167' title='bbox 330 1720 415 1774; x_wconf 72' lang='grc'><strong>12.</strong></span> <span class='ocrx_word' id='word_1_168' title='bbox 448 1721 557 1773; x_wconf 78' lang='grc' dir='ltr'><strong>Καὶ</strong></span> <span class='ocrx_word' id='word_1_169' title='bbox 582 1720 728 1793; x_wconf 89' lang='grc' dir='ltr'>δῶρα</span> <span class='ocrx_word' id='word_1_170' title='bbox 753 1725 839 1776; x_wconf 77' lang='grc' dir='ltr'><strong>ἐπ’</strong></span> <span class='ocrx_word' id='word_1_171' title='bbox 873 1724 1071 1789; x_wconf 87' lang='grc' dir='ltr'><strong>ἀθώοις</strong></span> <span class='ocrx_word' id='word_1_172' title='bbox 1095 1728 1194 1780; x_wconf 72' lang='grc' dir='ltr'><strong>οὐκ</strong></span> <span class='ocrx_word' id='word_1_173' title='bbox 1224 1727 1432 1783; x_wconf 79' lang='grc' dir='ltr'>ἐλαϐεν.</span> 
     </span>
    </p>
   </div>
   <div class='ocr_carea' id='block_1_27' title="bbox 1774 1720 3377 1795">
    <p class='ocr_par' dir='ltr' id='par_1_27' title="bbox 1994 1725 3377 1795">
     <span class='ocr_line' id='line_1_27' title="bbox 1994 1725 3377 1795; baseline 0 -15"><span class='ocrx_word' id='word_1_174' title='bbox 1994 1726 2081 1781; x_wconf 77' lang='grc'><strong>12.</strong></span> <span class='ocrx_word' id='word_1_175' title='bbox 2119 1725 2187 1779; x_wconf 89' lang='lat' dir='ltr'><strong>Et</strong></span> <span class='ocrx_word' id='word_1_176' title='bbox 2211 1741 2435 1779; x_wconf 90' lang='lat' dir='ltr'><strong>munera</strong></span> <span class='ocrx_word' id='word_1_177' title='bbox 2471 1740 2631 1795; x_wconf 85' lang='lat' dir='ltr'><strong>super</strong></span> <span class='ocrx_word' id='word_1_178' title='bbox 2664 1725 2979 1779; x_wconf 81' lang='lat' dir='ltr'><strong>innocentes</strong></span> <span class='ocrx_word' id='word_1_179' title='bbox 3013 1741 3120 1780; x_wconf 90' lang='lat' dir='ltr'><strong>non</strong></span> <span class='ocrx_word' id='word_1_180' title='bbox 3149 1725 3377 1795; x_wconf 84' lang='lat' dir='ltr'><strong>accepit.</strong></span> 
     </span>
    </p>
   </div>
   <div class='ocr_carea' id='block_1_28' title="bbox 328 1815 1931 1931">
    <p class='ocr_par' dir='ltr' id='par_1_28' title="bbox 328 1815 1895 1931">
     <span class='ocr_line' id='line_1_28' title="bbox 328 1815 1895 1931; baseline 0.006 -63"><span class='ocrx_word' id='word_1_181' title='bbox 328 1815 410 1870; x_wconf 82' lang='grc'><strong>15,</strong></span> <span class='ocrx_word' id='word_1_182' title='bbox 457 1816 514 1868; x_wconf 87' lang='lat'><strong>&#39;0</strong></span> <span class='ocrx_word' id='word_1_183' title='bbox 539 1815 706 1867; x_wconf 86' lang='grc' dir='ltr'>ποιῶν</span> <span class='ocrx_word' id='word_1_184' title='bbox 729 1816 904 1871; x_wconf 71' lang='grc' dir='ltr'>ταῦτα</span> <span class='ocrx_word' id='word_1_185' title='bbox 930 1818 989 1870; x_wconf 78' lang='grc' dir='ltr'><strong>οὐ</strong></span> <span class='ocrx_word' id='word_1_186' title='bbox 1010 1819 1399 1892; x_wconf 77' lang='grc' dir='ltr'>σαλευθήσεται</span> <span class='ocrx_word' id='word_1_187' title='bbox 1426 1824 1505 1886; x_wconf 86' lang='grc' dir='ltr'><strong>είς</strong></span> <span class='ocrx_word' id='word_1_188' title='bbox 1516 1821 1606 1876; x_wconf 83' lang='grc' dir='ltr'>τὸν</span> <span class='ocrx_word' id='word_1_189' title='bbox 1628 1822 1817 1877; x_wconf 85' lang='grc' dir='ltr'>αίῶνα.</span> <span class='ocrx_word' id='word_1_190' title='bbox 1852 1874 1895 1931; x_wconf 72' lang='grc' dir='ltr'><strong>Β</strong></span> 
     </span>
    </p>
   </div>
   <div class='ocr_carea' id='block_1_29' title="bbox 1849 1815 3452 1931">
    <p class='ocr_par' dir='ltr' id='par_1_29' title="bbox 1852 1815 3452 1931">
     <span class='ocr_line' id='line_1_29' title="bbox 1852 1815 3452 1931; baseline 0.001 -61"><span class='ocrx_word' id='word_1_191' title='bbox 1852 1874 1895 1931; x_wconf 71' lang='grc' dir='ltr'><strong>Β</strong></span> <span class='ocrx_word' id='word_1_192' title='bbox 1996 1818 2083 1872; x_wconf 77' lang='grc'><strong>15.</strong></span> <span class='ocrx_word' id='word_1_193' title='bbox 2113 1816 2217 1882; x_wconf 91' lang='lat' dir='ltr'><strong>Qui</strong></span> <span class='ocrx_word' id='word_1_194' title='bbox 2258 1815 2388 1871; x_wconf 82' lang='lat' dir='ltr'><strong>facit</strong></span> <span class='ocrx_word' id='word_1_195' title='bbox 2425 1818 2559 1885; x_wconf 58' lang='lat' dir='ltr'><strong>haec,</strong></span> <span class='ocrx_word' id='word_1_196' title='bbox 2592 1833 2699 1871; x_wconf 92' lang='lat' dir='ltr'><strong>non</strong></span> <span class='ocrx_word' id='word_1_197' title='bbox 2738 1818 3037 1872; x_wconf 72' lang='lat' dir='ltr'><strong>movebitur</strong></span> <span class='ocrx_word' id='word_1_198' title='bbox 3070 1819 3124 1871; x_wconf 91' lang='lat' dir='ltr'><strong>in</strong></span> <span class='ocrx_word' id='word_1_199' title='bbox 3169 1827 3452 1872; x_wconf 86' lang='lat' dir='ltr'><strong>aeternum.</strong></span> 
     </span>
    </p>
   </div>
   <div class='ocr_carea' id='block_1_30' title="bbox 424 1928 2027 2000">
    <p class='ocr_par' dir='ltr' id='par_1_30' title="bbox 424 1928 1887 1996">
     <span class='ocr_line' id='line_1_30' title="bbox 424 1928 1887 1996; baseline 0.011 -18"><span class='ocrx_word' id='word_1_200' title='bbox 424 1928 840 1996; x_wconf 64' lang='grc' dir='ltr'>Στηλοτραφία</span> <span class='ocrx_word' id='word_1_201' title='bbox 890 1928 971 1994; x_wconf 84' lang='grc' dir='ltr'>τῷ</span> <span class='ocrx_word' id='word_1_202' title='bbox 1012 1930 1207 1984; x_wconf 80' lang='grc' dir='ltr'>Δαϐίδ.</span> <span class='ocrx_word' id='word_1_203' title='bbox 1263 1934 1493 1990; x_wconf 84' lang='grc' dir='ltr'><strong>ΨΑΛΜ.</strong></span> <span class='ocrx_word' id='word_1_204' title='bbox 1527 1938 1639 1991; x_wconf 83' lang='grc' dir='ltr'><strong>1Ε¹.</strong></span> <span class='ocrx_word' id='word_1_205' title='bbox 1853 1928 1887 1931; x_wconf 31' lang='lat' dir='ltr'><strong>ﬁ</strong></span> 
     </span>
    </p>
   </div>
   <div class='ocr_carea' id='block_1_31' title="bbox 1777 1928 3380 2000">
    <p class='ocr_par' dir='ltr' id='par_1_31' title="bbox 1853 1928 3380 2000">
     <span class='ocr_line' id='line_1_31' title="bbox 1853 1928 3380 2000; baseline 0.001 -14"><span class='ocrx_word' id='word_1_206' title='bbox 1853 1928 1887 1931; x_wconf 56' lang='grc'>⁷</span> <span class='ocrx_word' id='word_1_207' title='bbox 2035 1932 2199 1986; x_wconf 81' lang='lat' dir='ltr'><strong>Tituli</strong></span> <span class='ocrx_word' id='word_1_208' title='bbox 2229 1931 2500 2000; x_wconf 77' lang='lat' dir='ltr'><strong>inscriptio</strong></span> <span class='ocrx_word' id='word_1_209' title='bbox 2529 1971 2543 1995; x_wconf 94' lang='lat'><strong>,</strong></span> <span class='ocrx_word' id='word_1_210' title='bbox 2578 1931 2677 1997; x_wconf 76' lang='lat' dir='ltr'><strong>ipsi</strong></span> <span class='ocrx_word' id='word_1_211' title='bbox 2715 1930 2908 1985; x_wconf 82' lang='lat' dir='ltr'><strong>David.</strong></span> <span class='ocrx_word' id='word_1_212' title='bbox 2955 1930 3219 1987; x_wconf 77' lang='lat' dir='ltr'><strong>PSALM.</strong></span> <span class='ocrx_word' id='word_1_213' title='bbox 3254 1932 3380 1988; x_wconf 80' lang='lat' dir='ltr'><strong>XV.</strong></span> 
     </span>
    </p>
   </div>
   <div class='ocr_carea' id='block_1_32' title="bbox 330 2034 1933 2115">
    <p class='ocr_par' dir='ltr' id='par_1_32' title="bbox 330 2034 1606 2115">
     <span class='ocr_line' id='line_1_32' title="bbox 330 2034 1606 2115; baseline 0.009 -27"><span class='ocrx_word' id='word_1_214' title='bbox 330 2035 381 2089; x_wconf 90' lang='grc'><strong>1.</strong></span> <span class='ocrx_word' id='word_1_215' title='bbox 415 2034 648 2100; x_wconf 78' lang='grc' dir='ltr'>Φύλαξὸν</span> <span class='ocrx_word' id='word_1_216' title='bbox 682 2054 771 2107; x_wconf 83' lang='grc' dir='ltr'>με,</span> <span class='ocrx_word' id='word_1_217' title='bbox 800 2038 1003 2108; x_wconf 72' lang='grc' dir='ltr'>Κύριεο</span> <span class='ocrx_word' id='word_1_218' title='bbox 1036 2041 1118 2093; x_wconf 86' lang='grc' dir='ltr'>ὄτι</span> <span class='ocrx_word' id='word_1_219' title='bbox 1154 2043 1245 2095; x_wconf 78' lang='grc' dir='ltr'><strong>ἐπὶ</strong></span> <span class='ocrx_word' id='word_1_220' title='bbox 1275 2046 1356 2097; x_wconf 67' lang='grc' dir='ltr'>σοὶ.</span> <span class='ocrx_word' id='word_1_221' title='bbox 1385 2046 1606 2115; x_wconf 74' lang='grc' dir='ltr'>ἤλπισα.</span> 
     </span>
    </p>
   </div>
   <div class='ocr_carea' id='block_1_33' title="bbox 1879 2034 3482 2115">
    <p class='ocr_par' dir='ltr' id='par_1_33' title="bbox 1999 2040 3482 2112">
     <span class='ocr_line' id='line_1_33' title="bbox 1999 2040 3482 2112; baseline 0 -14"><span class='ocrx_word' id='word_1_222' title='bbox 1999 2044 2049 2098; x_wconf 89' lang='grc'><strong>1.</strong></span> <span class='ocrx_word' id='word_1_223' title='bbox 2085 2042 2359 2097; x_wconf 83' lang='lat' dir='ltr'><strong>Conserva</strong></span> <span class='ocrx_word' id='word_1_224' title='bbox 2378 2056 2486 2104; x_wconf 89' lang='lat' dir='ltr'><strong>me,</strong></span> <span class='ocrx_word' id='word_1_225' title='bbox 2516 2040 2779 2107; x_wconf 85' lang='lat' dir='ltr'><strong>Domine;</strong></span> <span class='ocrx_word' id='word_1_226' title='bbox 2807 2042 3065 2111; x_wconf 90' lang='lat' dir='ltr'><strong>quoniam</strong></span> <span class='ocrx_word' id='word_1_227' title='bbox 3098 2043 3307 2112; x_wconf 79' lang='lat' dir='ltr'><strong>sperari</strong></span> <span class='ocrx_word' id='word_1_228' title='bbox 3338 2042 3392 2096; x_wconf 92' lang='lat' dir='ltr'><strong>in</strong></span> <span class='ocrx_word' id='word_1_229' title='bbox 3414 2052 3482 2098; x_wconf 92' lang='lat' dir='ltr'><strong>te.</strong></span> 
     </span>
    </p>
   </div>
   <div class='ocr_carea' id='block_1_34' title="bbox 331 2122 1934 2205">
    <p class='ocr_par' dir='ltr' id='par_1_34' title="bbox 331 2122 1510 2205">
     <span class='ocr_line' id='line_1_34' title="bbox 331 2122 1510 2205; baseline 0.009 -26"><span class='ocrx_word' id='word_1_230' title='bbox 331 2126 386 2180; x_wconf 74' lang='grc'><strong>2.</strong></span> <span class='ocrx_word' id='word_1_231' title='bbox 418 2122 561 2178; x_wconf 83' lang='grc' dir='ltr'>Εἶπα</span> <span class='ocrx_word' id='word_1_232' title='bbox 583 2126 661 2195; x_wconf 85' lang='grc' dir='ltr'>τῷ</span> <span class='ocrx_word' id='word_1_233' title='bbox 697 2129 920 2199; x_wconf 83' lang='grc' dir='ltr'><strong>Κυρίῳ·</strong></span> <span class='ocrx_word' id='word_1_234' title='bbox 958 2131 1159 2201; x_wconf 85' lang='grc' dir='ltr'>Κύριός</span> <span class='ocrx_word' id='word_1_235' title='bbox 1195 2152 1294 2205; x_wconf 91' lang='grc' dir='ltr'><strong>μου</strong></span> <span class='ocrx_word' id='word_1_236' title='bbox 1324 2132 1374 2188; x_wconf 78' lang='grc' dir='ltr'>εἶ</span> <span class='ocrx_word' id='word_1_237' title='bbox 1410 2139 1510 2201; x_wconf 86' lang='grc' dir='ltr'><strong>σὺ,</strong></span> 
     </span>
    </p>
   </div>
   <div class='ocr_carea' id='block_1_35' title="bbox 1498 2122 3101 2205">
    <p class='ocr_par' dir='ltr' id='par_1_35' title="bbox 1498 2130 3101 2201">
     <span class='ocr_line' id='line_1_35' title="bbox 1498 2130 3101 2201; baseline -0.002 -10"><span class='ocrx_word' id='word_1_238' title='bbox 1498 2176 1510 2201; x_wconf 91' lang='grc'><strong>,</strong></span> <span class='ocrx_word' id='word_1_239' title='bbox 1994 2135 2049 2189; x_wconf 76' lang='lat'><strong>2.</strong></span> <span class='ocrx_word' id='word_1_240' title='bbox 2088 2133 2208 2187; x_wconf 82' lang='lat' dir='ltr'><strong>Dixi</strong></span> <span class='ocrx_word' id='word_1_241' title='bbox 2252 2130 2512 2187; x_wconf 89' lang='lat' dir='ltr'><strong>Domino:</strong></span> <span class='ocrx_word' id='word_1_242' title='bbox 2556 2132 2697 2189; x_wconf 84' lang='lat' dir='ltr'><strong>Deus</strong></span> <span class='ocrx_word' id='word_1_243' title='bbox 2723 2150 2875 2188; x_wconf 89' lang='lat' dir='ltr'><strong>meus</strong></span> <span class='ocrx_word' id='word_1_244' title='bbox 2917 2150 2976 2188; x_wconf 91' lang='lat' dir='ltr'><strong>es</strong></span> <span class='ocrx_word' id='word_1_245' title='bbox 3009 2142 3101 2196; x_wconf 90' lang='lat' dir='ltr'><strong>tu,</strong></span> 
     </span>
    </p>
   </div>
   <div class='ocr_carea' id='block_1_36' title="bbox 332 2217 1935 2298">
    <p class='ocr_par' dir='ltr' id='par_1_36' title="bbox 332 2217 1551 2298">
     <span class='ocr_line' id='line_1_36' title="bbox 332 2217 1551 2298; baseline 0.011 -28"><span class='ocrx_word' id='word_1_246' title='bbox 332 2218 385 2271; x_wconf 79' lang='grc'>5.</span> <span class='ocrx_word' id='word_1_247' title='bbox 421 2218 541 2270; x_wconf 84' lang='grc' dir='ltr'>Ὅτι</span> <span class='ocrx_word' id='word_1_248' title='bbox 572 2217 679 2271; x_wconf 88' lang='grc' dir='ltr'><strong>τῶν</strong></span> <span class='ocrx_word' id='word_1_249' title='bbox 710 2219 928 2287; x_wconf 81' lang='grc' dir='ltr'>ἀγαθῶν</span> <span class='ocrx_word' id='word_1_250' title='bbox 961 2240 1060 2293; x_wconf 89' lang='grc' dir='ltr'><strong>μου</strong></span> <span class='ocrx_word' id='word_1_251' title='bbox 1088 2224 1147 2277; x_wconf 84' lang='grc' dir='ltr'>οὑ</span> <span class='ocrx_word' id='word_1_252' title='bbox 1174 2228 1360 2297; x_wconf 87' lang='grc' dir='ltr'>χρείαν</span> <span class='ocrx_word' id='word_1_253' title='bbox 1388 2227 1551 2298; x_wconf 75' lang='grc' dir='ltr'>ἔχεις.</span> 
     </span>
    </p>
   </div>
   <div class='ocr_carea' id='block_1_37' title="bbox 1647 2217 3250 2298">
    <p class='ocr_par' dir='ltr' id='par_1_37' title="bbox 1995 2225 3250 2297">
     <span class='ocr_line' id='line_1_37' title="bbox 1995 2225 3250 2297; baseline -0.002 -15"><span class='ocrx_word' id='word_1_254' title='bbox 1995 2228 2047 2282; x_wconf 76' lang='lat'><strong>3.</strong></span> <span class='ocrx_word' id='word_1_255' title='bbox 2085 2225 2354 2292; x_wconf 84' lang='lat' dir='ltr'><strong>Quoniam</strong></span> <span class='ocrx_word' id='word_1_256' title='bbox 2385 2226 2651 2281; x_wconf 87' lang='lat' dir='ltr'><strong>bonorum</strong></span> <span class='ocrx_word' id='word_1_257' title='bbox 2687 2242 2930 2282; x_wconf 88' lang='lat' dir='ltr'><strong>meorum</strong></span> <span class='ocrx_word' id='word_1_258' title='bbox 2971 2241 3079 2281; x_wconf 91' lang='lat' dir='ltr'><strong>non</strong></span> <span class='ocrx_word' id='word_1_259' title='bbox 3107 2242 3250 2297; x_wconf 78' lang='lat' dir='ltr'><strong>eges.</strong></span> 
     </span>
    </p>
   </div>
   <div class='ocr_carea' id='block_1_38' title="bbox 333 2307 1936 2391">
    <p class='ocr_par' dir='ltr' id='par_1_38' title="bbox 333 2307 1829 2391">
     <span class='ocr_line' id='line_1_38' title="bbox 333 2307 1829 2391; baseline 0.01 -30"><span class='ocrx_word' id='word_1_260' title='bbox 333 2308 389 2363; x_wconf 71' lang='grc' dir='ltr'>ι.</span> <span class='ocrx_word' id='word_1_261' title='bbox 421 2309 553 2372; x_wconf 82' lang='grc' dir='ltr'>Τοῖς</span> <span class='ocrx_word' id='word_1_262' title='bbox 569 2307 744 2376; x_wconf 83' lang='grc' dir='ltr'>ἁγίοις</span> <span class='ocrx_word' id='word_1_263' title='bbox 767 2313 878 2374; x_wconf 78' lang='grc' dir='ltr'>τοῖς</span> <span class='ocrx_word' id='word_1_264' title='bbox 908 2314 965 2366; x_wconf 86' lang='grc' dir='ltr'>ὲν</span> <span class='ocrx_word' id='word_1_265' title='bbox 992 2316 1055 2385; x_wconf 85' lang='grc' dir='ltr'><strong>τῇ</strong></span> <span class='ocrx_word' id='word_1_266' title='bbox 1086 2318 1154 2386; x_wconf 84' lang='grc' dir='ltr'><strong>γῇ</strong></span> <span class='ocrx_word' id='word_1_267' title='bbox 1186 2316 1373 2370; x_wconf 78' lang='grc' dir='ltr'>αὐτοῦ’</span> <span class='ocrx_word' id='word_1_268' title='bbox 1406 2318 1829 2391; x_wconf 84' lang='grc' dir='ltr'>ὲθαυμὰστωσεν</span> 
     </span>
    </p>
   </div>
   <div class='ocr_carea' id='block_1_39' title="bbox 1897 2307 3500 2391">
    <p class='ocr_par' dir='ltr' id='par_1_39' title="bbox 2000 2317 3500 2389">
     <span class='ocr_line' id='line_1_39' title="bbox 2000 2317 3500 2389; baseline 0.001 -15"><span class='ocrx_word' id='word_1_269' title='bbox 2000 2319 2055 2374; x_wconf 77' lang='grc'><strong>4.</strong></span> <span class='ocrx_word' id='word_1_270' title='bbox 2095 2317 2349 2383; x_wconf 84' lang='lat' dir='ltr'><strong>Sanctis,</strong></span> <span class='ocrx_word' id='word_1_271' title='bbox 2397 2319 2494 2387; x_wconf 88' lang='lat' dir='ltr'><strong>qui</strong></span> <span class='ocrx_word' id='word_1_272' title='bbox 2529 2328 2657 2373; x_wconf 89' lang='lat' dir='ltr'><strong>sunt</strong></span> <span class='ocrx_word' id='word_1_273' title='bbox 2695 2318 2749 2372; x_wconf 89' lang='lat' dir='ltr'><strong>in</strong></span> <span class='ocrx_word' id='word_1_274' title='bbox 2804 2329 2947 2373; x_wconf 89' lang='lat' dir='ltr'><strong>terra</strong></span> <span class='ocrx_word' id='word_1_275' title='bbox 2980 2319 3131 2389; x_wconf 87' lang='lat' dir='ltr'><strong>ejus.</strong></span> <span class='ocrx_word' id='word_1_276' title='bbox 3185 2318 3500 2375; x_wconf 66' lang='lat' dir='ltr'><strong>miriﬂeavit</strong></span> 
     </span>
    </p>
   </div>
   <div class='ocr_carea' id='block_1_40' title="bbox 259 2402 1862 2475">
    <p class='ocr_par' dir='ltr' id='par_1_40' title="bbox 259 2402 537 2475">
     <span class='ocr_line' id='line_1_40' title="bbox 259 2402 537 2475; baseline -0.004 -18"><span class='ocrx_word' id='word_1_277' title='bbox 259 2405 290 2457; x_wconf 75' lang='grc' dir='ltr'><strong>ὁ</strong></span> <span class='ocrx_word' id='word_1_278' title='bbox 314 2402 537 2475; x_wconf 80' lang='grc' dir='ltr'>Κύριος,</span> 
     </span>
    </p>
   </div>
   <div class='ocr_carea' id='block_1_41' title="bbox 627 2402 2230 2475">
    <p class='ocr_par' dir='ltr' id='par_1_41' title="bbox 1929 2412 2230 2474">
     <span class='ocr_line' id='line_1_41' title="bbox 1929 2412 2230 2474; baseline 0.003 -9"><span class='ocrx_word' id='word_1_279' title='bbox 1929 2412 2195 2468; x_wconf 91' lang='lat' dir='ltr'><strong>Dominus</strong></span> <span class='ocrx_word' id='word_1_280' title='bbox 2215 2451 2230 2474; x_wconf 91' lang='lat'><strong>,</strong></span> 
     </span>
    </p>
   </div>
   <div class='ocr_carea' id='block_1_42' title="bbox 341 2495 1944 2568">
    <p class='ocr_par' dir='ltr' id='par_1_42' title="bbox 341 2495 1499 2568">
     <span class='ocr_line' id='line_1_42' title="bbox 341 2495 1499 2568; baseline 0.008 -20"><span class='ocrx_word' id='word_1_281' title='bbox 341 2495 397 2551; x_wconf 85' lang='lat'><strong>5.</strong></span> <span class='ocrx_word' id='word_1_282' title='bbox 431 2496 615 2550; x_wconf 79' lang='grc' dir='ltr'>Πάντα</span> <span class='ocrx_word' id='word_1_283' title='bbox 634 2495 702 2549; x_wconf 80' lang='grc' dir='ltr'><strong>τὰ</strong></span> <span class='ocrx_word' id='word_1_284' title='bbox 736 2496 1011 2568; x_wconf 84' lang='grc' dir='ltr'>θελήματα</span> <span class='ocrx_word' id='word_1_285' title='bbox 1031 2498 1193 2552; x_wconf 75' lang='grc' dir='ltr'>αὐτοῦ</span> <span class='ocrx_word' id='word_1_286' title='bbox 1214 2500 1271 2553; x_wconf 80' lang='grc' dir='ltr'>ὲν</span> <span class='ocrx_word' id='word_1_287' title='bbox 1294 2500 1499 2565; x_wconf 79' lang='grc' dir='ltr'>αὐτοῖς.</span> 
     </span>
    </p>
   </div>
   <div class='ocr_carea' id='block_1_43' title="bbox 1394 2495 2997 2568">
    <p class='ocr_par' dir='ltr' id='par_1_43' title="bbox 1394 2502 2997 2565">
     <span class='ocr_line' id='line_1_43' title="bbox 1394 2502 2997 2565; baseline 0.004 -11"><span class='ocrx_word' id='word_1_288' title='bbox 1394 2504 1499 2565; x_wconf 86' lang='grc' dir='ltr'>οῖς.</span> <span class='ocrx_word' id='word_1_289' title='bbox 2003 2504 2057 2560; x_wconf 85' lang='lat'><strong>5.</strong></span> <span class='ocrx_word' id='word_1_290' title='bbox 2089 2502 2289 2560; x_wconf 83' lang='lat' dir='ltr'><strong>Omnes</strong></span> <span class='ocrx_word' id='word_1_291' title='bbox 2312 2507 2621 2563; x_wconf 83' lang='lat' dir='ltr'><strong>voluntates</strong></span> <span class='ocrx_word' id='word_1_292' title='bbox 2645 2521 2774 2563; x_wconf 88' lang='lat' dir='ltr'><strong>suas</strong></span> <span class='ocrx_word' id='word_1_293' title='bbox 2808 2506 2861 2560; x_wconf 89' lang='lat' dir='ltr'><strong>in</strong></span> <span class='ocrx_word' id='word_1_294' title='bbox 2898 2506 2997 2561; x_wconf 89' lang='lat' dir='ltr'><strong>eis.</strong></span> 
     </span>
    </p>
   </div>
   <div class='ocr_carea' id='block_1_44' title="bbox 1382 2747 2372 2807">
    <p class='ocr_par' dir='ltr' id='par_1_44' title="bbox 1382 2747 2372 2807">
     <span class='ocr_line' id='line_1_44' title="bbox 1382 2747 2372 2807; baseline 0.005 -6"><span class='ocrx_word' id='word_1_295' title='bbox 1382 2747 1757 2803; x_wconf 79' lang='lat' dir='ltr'><strong>ATHANASII</strong></span> <span class='ocrx_word' id='word_1_296' title='bbox 1793 2748 2372 2807; x_wconf 77' lang='lat' dir='ltr'><strong>INTERPRETATIO.</strong></span> 
     </span>
    </p>
   </div>
   <div class='ocr_carea' id='block_1_45' title="bbox 342 2967 1945 3046">
    <p class='ocr_par' dir='ltr' id='par_1_45' title="bbox 342 2967 1167 3040">
     <span class='ocr_line' id='line_1_45' title="bbox 342 2967 1167 3040; baseline 0.002 -18"><span class='ocrx_word' id='word_1_297' title='bbox 342 2967 399 3023; x_wconf 74' lang='lat'><strong>2.</strong></span> <span class='ocrx_word' id='word_1_298' title='bbox 447 2969 534 3022; x_wconf 84' lang='lat' dir='ltr'><strong>’Ev</strong></span> <span class='ocrx_word' id='word_1_299' title='bbox 560 2973 625 3040; x_wconf 79' lang='grc' dir='ltr'><strong>τῇ</strong></span> <span class='ocrx_word' id='word_1_300' title='bbox 656 2971 766 3023; x_wconf 87' lang='grc' dir='ltr'>ἄνω</span> <span class='ocrx_word' id='word_1_301' title='bbox 802 2970 1167 3040; x_wconf 84' lang='grc' dir='ltr'>Ἰερουσαλήμ.</span> 
     </span>
    </p>
   </div>
   <div class='ocr_carea' id='block_1_46' title="bbox 1167 2967 2770 3046">
    <p class='ocr_par' dir='ltr' id='par_1_46' title="bbox 2008 2975 2770 3046">
     <span class='ocr_line' id='line_1_46' title="bbox 2008 2975 2770 3046; baseline 0.007 -18"><span class='ocrx_word' id='word_1_302' title='bbox 2008 2975 2063 3029; x_wconf 78' lang='lat'><strong>2.</strong></span> <span class='ocrx_word' id='word_1_303' title='bbox 2093 2977 2152 3029; x_wconf 82' lang='lat' dir='ltr'><strong>In</strong></span> <span class='ocrx_word' id='word_1_304' title='bbox 2184 2992 2418 3046; x_wconf 90' lang='lat' dir='ltr'><strong>superna</strong></span> <span class='ocrx_word' id='word_1_305' title='bbox 2448 2976 2770 3033; x_wconf 84' lang='lat' dir='ltr'><strong>Jerusalem.</strong></span> 
     </span>
    </p>
   </div>
   <div class='ocr_carea' id='block_1_47' title="bbox 344 3060 1947 3139">
    <p class='ocr_par' dir='ltr' id='par_1_47' title="bbox 344 3060 1835 3136">
     <span class='ocr_line' id='line_1_47' title="bbox 344 3060 1835 3136; baseline 0.003 -21"><span class='ocrx_word' id='word_1_306' title='bbox 344 3060 399 3115; x_wconf 80' lang='grc'><strong>5.</strong></span> <span class='ocrx_word' id='word_1_307' title='bbox 430 3062 800 3131; x_wconf 84' lang='grc' dir='ltr'>Πορευόμενος</span> <span class='ocrx_word' id='word_1_308' title='bbox 827 3063 884 3113; x_wconf 85' lang='grc' dir='ltr'>ὲν</span> <span class='ocrx_word' id='word_1_309' title='bbox 907 3060 1108 3127; x_wconf 57' lang='grc' dir='ltr'>πίστει..</span> <span class='ocrx_word' id='word_1_310' title='bbox 1133 3063 1225 3115; x_wconf 77' lang='grc' dir='ltr'><strong>καὶ</strong></span> <span class='ocrx_word' id='word_1_311' title='bbox 1251 3064 1615 3136; x_wconf 77' lang='grc' dir='ltr'><strong>ἐργαζόμενος</strong></span> <span class='ocrx_word' id='word_1_312' title='bbox 1634 3064 1835 3121; x_wconf 88' lang='grc' dir='ltr'>δικαιο-</span> 
     </span>
    </p>
   </div>
   <div class='ocr_carea' id='block_1_48' title="bbox 1695 3060 3298 3139">
    <p class='ocr_par' dir='ltr' id='par_1_48' title="bbox 1695 3065 3298 3139">
     <span class='ocr_line' id='line_1_48' title="bbox 1695 3065 3298 3139; baseline 0.004 -21"><span class='ocrx_word' id='word_1_313' title='bbox 1695 3082 1835 3121; x_wconf 79' lang='grc' dir='ltr'>καιο-</span> <span class='ocrx_word' id='word_1_314' title='bbox 2010 3067 2063 3120; x_wconf 80' lang='lat'><strong>3.</strong></span> <span class='ocrx_word' id='word_1_315' title='bbox 2094 3065 2403 3123; x_wconf 88' lang='lat' dir='ltr'><strong>Procedens</strong></span> <span class='ocrx_word' id='word_1_316' title='bbox 2426 3068 2480 3122; x_wconf 93' lang='lat' dir='ltr'><strong>in</strong></span> <span class='ocrx_word' id='word_1_317' title='bbox 2502 3069 2626 3137; x_wconf 82' lang='lat' dir='ltr'><strong>ﬁde,</strong></span> <span class='ocrx_word' id='word_1_318' title='bbox 2660 3079 2714 3124; x_wconf 91' lang='lat' dir='ltr'><strong>et</strong></span> <span class='ocrx_word' id='word_1_319' title='bbox 2744 3082 2975 3139; x_wconf 88' lang='lat' dir='ltr'><strong>operaus</strong></span> <span class='ocrx_word' id='word_1_320' title='bbox 2998 3070 3298 3139; x_wconf 83' lang='lat' dir='ltr'><strong>justitiam:</strong></span> 
     </span>
    </p>
   </div>
   <div class='ocr_carea' id='block_1_49' title="bbox 268 3151 461 3221">
    <p class='ocr_par' dir='ltr' id='par_1_49' title="bbox 268 3151 461 3221">
     <span class='ocr_line' id='line_1_49' title="bbox 268 3151 461 3221; baseline -0.01 -16"><span class='ocrx_word' id='word_1_321' title='bbox 268 3151 461 3221; x_wconf 84' lang='grc' dir='ltr'>σύνην.</span> 
     </span>
    </p>
   </div>
   <div class='ocr_carea' id='block_1_50' title="bbox 343 3243 1946 3316">
    <p class='ocr_par' dir='ltr' id='par_1_50' title="bbox 343 3243 1903 3316">
     <span class='ocr_line' id='line_1_50' title="bbox 343 3243 1903 3316; baseline 0.003 -18"><span class='ocrx_word' id='word_1_322' title='bbox 343 3244 399 3298; x_wconf 72' lang='grc'><strong>4.</strong></span> <span class='ocrx_word' id='word_1_323' title='bbox 447 3243 847 3316; x_wconf 83' lang='grc' dir='ltr'>’Λνυποκρίτως</span> <span class='ocrx_word' id='word_1_324' title='bbox 875 3244 1069 3309; x_wconf 75' lang='grc' dir='ltr'>οὕτως.</span> <span class='ocrx_word' id='word_1_325' title='bbox 1867 3298 1903 3316; x_wconf 55' lang='grc' dir='ltr'><strong>Λ</strong></span> 
     </span>
    </p>
   </div>
   <div class='ocr_carea' id='block_1_51' title="bbox 1115 3243 2718 3316">
    <p class='ocr_par' dir='ltr' id='par_1_51' title="bbox 1867 3245 2718 3316">
     <span class='ocr_line' id='line_1_51' title="bbox 1867 3245 2718 3316; baseline 0.004 -17"><span class='ocrx_word' id='word_1_326' title='bbox 1867 3298 1903 3316; x_wconf 52' lang='grc' dir='ltr'><strong>Λ</strong></span> <span class='ocrx_word' id='word_1_327' title='bbox 2014 3245 2066 3300; x_wconf 76' lang='grc'><strong>4.</strong></span> <span class='ocrx_word' id='word_1_328' title='bbox 2104 3246 2182 3300; x_wconf 86' lang='lat' dir='ltr'><strong>Ita</strong></span> <span class='ocrx_word' id='word_1_329' title='bbox 2204 3247 2323 3303; x_wconf 88' lang='lat' dir='ltr'><strong>sine</strong></span> <span class='ocrx_word' id='word_1_330' title='bbox 2356 3248 2718 3304; x_wconf 85' lang='lat' dir='ltr'><strong>simulatione.</strong></span> 
     </span>
    </p>
   </div>
   <div class='ocr_carea' id='block_1_52' title="bbox 343 3332 1946 3409">
    <p class='ocr_par' dir='ltr' id='par_1_52' title="bbox 343 3332 1906 3407">
     <span class='ocr_line' id='line_1_52' title="bbox 343 3332 1906 3407; baseline 0.006 -22"><span class='ocrx_word' id='word_1_331' title='bbox 343 3332 396 3385; x_wconf 85' lang='lat'><strong>5.</strong></span> <span class='ocrx_word' id='word_1_332' title='bbox 446 3333 501 3386; x_wconf 87' lang='grc' dir='ltr'><strong>Ὀ</strong></span> <span class='ocrx_word' id='word_1_333' title='bbox 530 3333 663 3406; x_wconf 73' lang='grc' dir='ltr'>πρὸς</span> <span class='ocrx_word' id='word_1_334' title='bbox 694 3334 900 3398; x_wconf 79' lang='grc' dir='ltr'>πάντας</span> <span class='ocrx_word' id='word_1_335' title='bbox 926 3334 1245 3407; x_wconf 81' lang='grc' dir='ltr'>ἀνθρώπους</span> <span class='ocrx_word' id='word_1_336' title='bbox 1284 3336 1503 3407; x_wconf 83' lang='grc' dir='ltr'><strong>ἀγάπην</strong></span> <span class='ocrx_word' id='word_1_337' title='bbox 1534 3338 1694 3407; x_wconf 79' lang='grc' dir='ltr'>ἔχων.</span> <span class='ocrx_word' id='word_1_338' title='bbox 1864 3332 1906 3355; x_wconf 64' lang='grc' dir='ltr'>ν</span> 
     </span>
    </p>
   </div>
   <div class='ocr_carea' id='block_1_53' title="bbox 1724 3332 3327 3409">
    <p class='ocr_par' dir='ltr' id='par_1_53' title="bbox 1864 3332 3327 3409">
     <span class='ocr_line' id='line_1_53' title="bbox 1864 3332 3327 3409; baseline 0.003 -19"><span class='ocrx_word' id='word_1_339' title='bbox 1864 3332 1906 3355; x_wconf 69' lang='grc' dir='ltr'>ν</span> <span class='ocrx_word' id='word_1_340' title='bbox 2014 3336 2067 3391; x_wconf 87' lang='grc'>5.</span> <span class='ocrx_word' id='word_1_341' title='bbox 2102 3336 2242 3409; x_wconf 86' lang='lat' dir='ltr'><strong>Erga</strong></span> <span class='ocrx_word' id='word_1_342' title='bbox 2264 3356 2454 3395; x_wconf 89' lang='lat' dir='ltr'><strong>omnes</strong></span> <span class='ocrx_word' id='word_1_343' title='bbox 2480 3340 2728 3395; x_wconf 83' lang='lat' dir='ltr'><strong>homines</strong></span> <span class='ocrx_word' id='word_1_344' title='bbox 2758 3341 2962 3394; x_wconf 83' lang='lat' dir='ltr'><strong>habens</strong></span> <span class='ocrx_word' id='word_1_345' title='bbox 2987 3338 3327 3408; x_wconf 80' lang='lat' dir='ltr'><strong>cltaritatem,</strong></span> 
     </span>
    </p>
   </div>
   <div class='ocr_carea' id='block_1_54' title="bbox 343 3424 1946 3503">
    <p class='ocr_par' dir='ltr' id='par_1_54' title="bbox 343 3424 1840 3498">
     <span class='ocr_line' id='line_1_54' title="bbox 343 3424 1840 3498; baseline 0.003 -22"><span class='ocrx_word' id='word_1_346' title='bbox 343 3424 398 3477; x_wconf 78' lang='lat'><strong>6.</strong></span> <span class='ocrx_word' id='word_1_347' title='bbox 436 3424 548 3476; x_wconf 73' lang='grc' dir='ltr'><strong>Οὐκ</strong></span> <span class='ocrx_word' id='word_1_348' title='bbox 576 3426 748 3495; x_wconf 82' lang='grc' dir='ltr'><strong>ἐχάρη</strong></span> <span class='ocrx_word' id='word_1_349' title='bbox 784 3425 967 3487; x_wconf 88' lang='grc' dir='ltr'>κακῶς</span> <span class='ocrx_word' id='word_1_350' title='bbox 1002 3424 1317 3494; x_wconf 75' lang='grc' dir='ltr'>πασχόντων</span> <span class='ocrx_word' id='word_1_351' title='bbox 1357 3425 1467 3480; x_wconf 86' lang='grc' dir='ltr'><strong>τῶν</strong></span> <span class='ocrx_word' id='word_1_352' title='bbox 1506 3426 1713 3498; x_wconf 78' lang='grc' dir='ltr'>ἐχθρῶν</span> <span class='ocrx_word' id='word_1_353' title='bbox 1744 3428 1840 3480; x_wconf 79' lang='grc' dir='ltr'><strong>αὐ-</strong></span> 
     </span>
    </p>
   </div>
   <div class='ocr_carea' id='block_1_55' title="bbox 1822 3424 3425 3503">
    <p class='ocr_par' dir='ltr' id='par_1_55' title="bbox 1822 3424 3425 3503">
     <span class='ocr_line' id='line_1_55' title="bbox 1822 3424 3425 3503; baseline 0.004 -21"><span class='ocrx_word' id='word_1_354' title='bbox 1822 3457 1840 3468; x_wconf 97' lang='grc'><strong>-</strong></span> <span class='ocrx_word' id='word_1_355' title='bbox 2010 3429 2065 3483; x_wconf 83' lang='lat'><strong>6.</strong></span> <span class='ocrx_word' id='word_1_356' title='bbox 2099 3424 2218 3487; x_wconf 84' lang='lat' dir='ltr'><strong>Non</strong></span> <span class='ocrx_word' id='word_1_357' title='bbox 2245 3433 2464 3503; x_wconf 79' lang='lat' dir='ltr'><strong>gavisus</strong></span> <span class='ocrx_word' id='word_1_358' title='bbox 2497 3440 2579 3487; x_wconf 90' lang='lat' dir='ltr'><strong>est</strong></span> <span class='ocrx_word' id='word_1_359' title='bbox 2602 3432 2760 3486; x_wconf 91' lang='lat' dir='ltr'><strong>malis</strong></span> <span class='ocrx_word' id='word_1_360' title='bbox 2797 3447 3022 3486; x_wconf 88' lang='lat' dir='ltr'><strong>suorum</strong></span> <span class='ocrx_word' id='word_1_361' title='bbox 3057 3433 3425 3498; x_wconf 88' lang='lat' dir='ltr'><strong>inimicorum,</strong></span> 
     </span>
    </p>
   </div>
   <div class='ocr_carea' id='block_1_56' title="bbox 276 3536 389 3571">
    <p class='ocr_par' dir='ltr' id='par_1_56' title="bbox 276 3536 389 3571">
     <span class='ocr_line' id='line_1_56' title="bbox 276 3536 389 3571; baseline -0.018 0"><span class='ocrx_word' id='word_1_362' title='bbox 276 3536 389 3571; x_wconf 76' lang='grc' dir='ltr'>εου.</span> 
     </span>
    </p>
   </div>
   <div class='ocr_carea' id='block_1_57' title="bbox 346 3606 1949 3688">
    <p class='ocr_par' dir='ltr' id='par_1_57' title="bbox 346 3608 1608 3688">
     <span class='ocr_line' id='line_1_57' title="bbox 346 3608 1608 3688; baseline 0.007 -27"><span class='ocrx_word' id='word_1_363' title='bbox 346 3610 395 3661; x_wconf 86' lang='lat'><strong>7.</strong></span> <span class='ocrx_word' id='word_1_364' title='bbox 432 3608 568 3661; x_wconf 72' lang='grc' dir='ltr'>Οὔτε</span> <span class='ocrx_word' id='word_1_365' title='bbox 596 3609 870 3662; x_wconf 83' lang='grc' dir='ltr'>ὠνείδισεν</span> <span class='ocrx_word' id='word_1_366' title='bbox 898 3612 1093 3676; x_wconf 76' lang='grc' dir='ltr'>αὐτοὺς</span> <span class='ocrx_word' id='word_1_367' title='bbox 1120 3613 1203 3682; x_wconf 76' lang='grc' dir='ltr'><strong>ἐφ’</strong></span> <span class='ocrx_word' id='word_1_368' title='bbox 1236 3608 1317 3677; x_wconf 75' lang='grc' dir='ltr'>οἷς</span> <span class='ocrx_word' id='word_1_369' title='bbox 1344 3615 1608 3688; x_wconf 79' lang='grc' dir='ltr'>ἥμαρτον.</span> 
     </span>
    </p>
   </div>
   <div class='ocr_carea' id='block_1_58' title="bbox 1727 3606 3330 3688">
    <p class='ocr_par' dir='ltr' id='par_1_58' title="bbox 2016 3606 3330 3679">
     <span class='ocr_line' id='line_1_58' title="bbox 2016 3606 3330 3679; baseline 0.002 -19"><span class='ocrx_word' id='word_1_370' title='bbox 2016 3608 2072 3662; x_wconf 87' lang='lat'><strong>7.</strong></span> <span class='ocrx_word' id='word_1_371' title='bbox 2103 3606 2290 3677; x_wconf 87' lang='lat' dir='ltr'><strong>Neque</strong></span> <span class='ocrx_word' id='word_1_372' title='bbox 2312 3608 2664 3677; x_wconf 85' lang='lat' dir='ltr'><strong>opprobravit</strong></span> <span class='ocrx_word' id='word_1_373' title='bbox 2687 3609 2767 3664; x_wconf 90' lang='lat' dir='ltr'><strong>eis</strong></span> <span class='ocrx_word' id='word_1_374' title='bbox 2801 3624 2923 3678; x_wconf 72' lang='lat' dir='ltr'><strong>qua:</strong></span> <span class='ocrx_word' id='word_1_375' title='bbox 2952 3617 3330 3679; x_wconf 74' lang='lat' dir='ltr'><strong>peccaverunt.</strong></span> 
     </span>
    </p>
   </div>
   <div class='ocr_carea' id='block_1_59' title="bbox 342 3696 1945 3775">
    <p class='ocr_par' dir='ltr' id='par_1_59' title="bbox 342 3700 1327 3775">
     <span class='ocr_line' id='line_1_59' title="bbox 342 3700 1327 3775; baseline 0.009 -24"><span class='ocrx_word' id='word_1_376' title='bbox 342 3700 397 3752; x_wconf 86' lang='lat'><strong>8.</strong></span> <span class='ocrx_word' id='word_1_377' title='bbox 443 3700 856 3771; x_wconf 81' lang='grc' dir='ltr'>Ἀνθιστὰμενος</span> <span class='ocrx_word' id='word_1_378' title='bbox 887 3702 965 3773; x_wconf 80' lang='grc' dir='ltr'>τῷ</span> <span class='ocrx_word' id='word_1_379' title='bbox 989 3704 1127 3775; x_wconf 82' lang='grc' dir='ltr'><strong>Θεῷ,</strong></span> <span class='ocrx_word' id='word_1_380' title='bbox 1159 3704 1327 3774; x_wconf 81' lang='grc' dir='ltr'><strong>λέγει.</strong></span> 
     </span>
    </p>
   </div>
   <div class='ocr_carea' id='block_1_60' title="bbox 1052 3696 2655 3775">
    <p class='ocr_par' dir='ltr' id='par_1_60' title="bbox 1052 3696 2655 3775">
     <span class='ocr_line' id='line_1_60' title="bbox 1052 3696 2655 3775; baseline 0 -22"><span class='ocrx_word' id='word_1_381' title='bbox 1052 3704 1127 3775; x_wconf 73' lang='grc' dir='ltr'><strong>ιῷ,</strong></span> <span class='ocrx_word' id='word_1_382' title='bbox 1159 3704 1327 3774; x_wconf 81' lang='grc' dir='ltr'>λέγει,</span> <span class='ocrx_word' id='word_1_383' title='bbox 2014 3696 2067 3751; x_wconf 90' lang='grc'><strong>8.</strong></span> <span class='ocrx_word' id='word_1_384' title='bbox 2105 3696 2215 3752; x_wconf 92' lang='lat' dir='ltr'><strong>Deo</strong></span> <span class='ocrx_word' id='word_1_385' title='bbox 2244 3698 2529 3764; x_wconf 85' lang='lat' dir='ltr'><strong>resistens,</strong></span> <span class='ocrx_word' id='word_1_386' title='bbox 2560 3700 2655 3755; x_wconf 88' lang='lat' dir='ltr'><strong>ait.</strong></span> 
     </span>
    </p>
   </div>
   <div class='ocr_carea' id='block_1_61' title="bbox 347 3787 1950 3863">
    <p class='ocr_par' dir='ltr' id='par_1_61' title="bbox 347 3792 1447 3863">
     <span class='ocr_line' id='line_1_61' title="bbox 347 3792 1447 3863; baseline 0.006 -19"><span class='ocrx_word' id='word_1_387' title='bbox 347 3793 401 3845; x_wconf 91' lang='lat'><strong>9.</strong></span> <span class='ocrx_word' id='word_1_388' title='bbox 434 3792 589 3845; x_wconf 74' lang='grc' dir='ltr'>Λῦτῶ</span> <span class='ocrx_word' id='word_1_389' title='bbox 623 3794 701 3863; x_wconf 81' lang='grc' dir='ltr'>τῷ</span> <span class='ocrx_word' id='word_1_390' title='bbox 730 3795 1011 3863; x_wconf 81' lang='grc' dir='ltr'>φοϐεῖσθαι</span> <span class='ocrx_word' id='word_1_391' title='bbox 1038 3798 1234 3862; x_wconf 77' lang='grc' dir='ltr'>αὐτοὺς</span> <span class='ocrx_word' id='word_1_392' title='bbox 1265 3798 1447 3852; x_wconf 81' lang='grc' dir='ltr'>αὐτόν.</span> 
     </span>
    </p>
   </div>
   <div class='ocr_carea' id='block_1_62' title="bbox 1453 3787 3056 3863">
    <p class='ocr_par' dir='ltr' id='par_1_62' title="bbox 2014 3787 3056 3860">
     <span class='ocr_line' id='line_1_62' title="bbox 2014 3787 3056 3860; baseline 0 -18"><span class='ocrx_word' id='word_1_393' title='bbox 2014 3788 2067 3842; x_wconf 89' lang='lat'><strong>9.</strong></span> <span class='ocrx_word' id='word_1_394' title='bbox 2100 3787 2184 3844; x_wconf 88' lang='lat' dir='ltr'><strong>Ob</strong></span> <span class='ocrx_word' id='word_1_395' title='bbox 2218 3789 2269 3843; x_wconf 92' lang='lat' dir='ltr'><strong>id</strong></span> <span class='ocrx_word' id='word_1_396' title='bbox 2302 3790 2501 3858; x_wconf 89' lang='lat' dir='ltr'><strong>ipsum,</strong></span> <span class='ocrx_word' id='word_1_397' title='bbox 2532 3790 2677 3860; x_wconf 92' lang='lat' dir='ltr'><strong>quod</strong></span> <span class='ocrx_word' id='word_1_398' title='bbox 2700 3806 2823 3844; x_wconf 92' lang='lat' dir='ltr'><strong>eum</strong></span> <span class='ocrx_word' id='word_1_399' title='bbox 2848 3790 3056 3845; x_wconf 92' lang='lat' dir='ltr'><strong>timent.</strong></span> 
     </span>
    </p>
   </div>
   <div class='ocr_carea' id='block_1_63' title="bbox 350 3880 1953 3956">
    <p class='ocr_par' dir='ltr' id='par_1_63' title="bbox 350 3883 935 3956">
     <span class='ocr_line' id='line_1_63' title="bbox 350 3883 935 3956; baseline 0.007 -21"><span class='ocrx_word' id='word_1_400' title='bbox 350 3883 437 3938; x_wconf 84' lang='grc'><strong>10.</strong></span> <span class='ocrx_word' id='word_1_401' title='bbox 475 3886 563 3955; x_wconf 77' lang='grc' dir='ltr'><strong>Μὴ</strong></span> <span class='ocrx_word' id='word_1_402' title='bbox 591 3885 935 3956; x_wconf 74' lang='grc' dir='ltr'>ψευδόμενος.</span> 
     </span>
    </p>
   </div>
   <div class='ocr_carea' id='block_1_64' title="bbox 968 3880 2571 3956">
    <p class='ocr_par' dir='ltr' id='par_1_64' title="bbox 2016 3880 2571 3936">
     <span class='ocr_line' id='line_1_64' title="bbox 2016 3880 2571 3936; baseline 0.002 -2"><span class='ocrx_word' id='word_1_403' title='bbox 2016 3881 2102 3936; x_wconf 87' lang='grc'><strong>10.</strong></span> <span class='ocrx_word' id='word_1_404' title='bbox 2132 3880 2254 3934; x_wconf 85' lang='lat' dir='ltr'><strong>Non</strong></span> <span class='ocrx_word' id='word_1_405' title='bbox 2284 3882 2571 3935; x_wconf 88' lang='lat' dir='ltr'><strong>mentiens.</strong></span> 
     </span>
    </p>
   </div>
   <div class='ocr_carea' id='block_1_65' title="bbox 346 3970 1949 4051">
    <p class='ocr_par' dir='ltr' id='par_1_65' title="bbox 346 3974 1842 4051">
     <span class='ocr_line' id='line_1_65' title="bbox 346 3974 1842 4051; baseline 0.004 -24"><span class='ocrx_word' id='word_1_406' title='bbox 346 3974 433 4028; x_wconf 71' lang='lat'><strong>1!.</strong></span> <span class='ocrx_word' id='word_1_407' title='bbox 462 3975 649 4043; x_wconf 86' lang='grc' dir='ltr'>Πνίγει</span> <span class='ocrx_word' id='word_1_408' title='bbox 698 3977 805 4047; x_wconf 79' lang='grc' dir='ltr'>γὰρ</span> <span class='ocrx_word' id='word_1_409' title='bbox 849 3977 940 4029; x_wconf 84' lang='grc' dir='ltr'>τὸν</span> <span class='ocrx_word' id='word_1_410' title='bbox 990 3979 1200 4048; x_wconf 82' lang='grc' dir='ltr'>πτωχὸν</span> <span class='ocrx_word' id='word_1_411' title='bbox 1228 3980 1256 4032; x_wconf 85' lang='grc' dir='ltr'>ὁ</span> <span class='ocrx_word' id='word_1_412' title='bbox 1287 3981 1476 4041; x_wconf 79' lang='grc' dir='ltr'>τόκος·</span> <span class='ocrx_word' id='word_1_413' title='bbox 1519 3980 1842 4051; x_wconf 78' lang='grc' dir='ltr'>πνιγομένου</span> 
     </span>
    </p>
   </div>
   <div class='ocr_carea' id='block_1_66' title="bbox 1905 3970 3508 4051">
    <p class='ocr_par' dir='ltr' id='par_1_66' title="bbox 2020 3970 3508 4041">
     <span class='ocr_line' id='line_1_66' title="bbox 2020 3970 3508 4041; baseline 0.001 -15"><span class='ocrx_word' id='word_1_414' title='bbox 2020 3973 2106 4027; x_wconf 74' lang='lat' dir='ltr'><strong>ii.</strong></span> <span class='ocrx_word' id='word_1_415' title='bbox 2146 3971 2387 4026; x_wconf 70' lang='lat' dir='ltr'><strong>Sutfoeat</strong></span> <span class='ocrx_word' id='word_1_416' title='bbox 2428 3972 2572 4025; x_wconf 89' lang='lat' dir='ltr'><strong>enim</strong></span> <span class='ocrx_word' id='word_1_417' title='bbox 2625 3986 2915 4041; x_wconf 87' lang='lat' dir='ltr'><strong>pauperem</strong></span> <span class='ocrx_word' id='word_1_418' title='bbox 2973 3970 3189 4039; x_wconf 61' lang='lat' dir='ltr'><strong>foenus;</strong></span> <span class='ocrx_word' id='word_1_419' title='bbox 3250 3972 3508 4029; x_wconf 75' lang='lat' dir='ltr'><strong>suffocato</strong></span> 
     </span>
    </p>
   </div>
   <div class='ocr_carea' id='block_1_67' title="bbox 270 4062 1873 4140">
    <p class='ocr_par' dir='ltr' id='par_1_67' title="bbox 270 4064 1844 4140">
     <span class='ocr_line' id='line_1_67' title="bbox 270 4064 1844 4140; baseline 0.002 -22"><span class='ocrx_word' id='word_1_420' title='bbox 270 4066 335 4118; x_wconf 79' lang='grc' dir='ltr'>δὲ</span> <span class='ocrx_word' id='word_1_421' title='bbox 356 4064 450 4117; x_wconf 74' lang='grc' dir='ltr'>τοῦ</span> <span class='ocrx_word' id='word_1_422' title='bbox 482 4065 721 4135; x_wconf 79' lang='grc' dir='ltr'>πτωχοῦ,</span> <span class='ocrx_word' id='word_1_423' title='bbox 758 4069 857 4139; x_wconf 75' lang='grc' dir='ltr'>ὁρᾷ</span> <span class='ocrx_word' id='word_1_424' title='bbox 890 4068 1086 4132; x_wconf 84' lang='grc' dir='ltr'>πάντες</span> <span class='ocrx_word' id='word_1_425' title='bbox 1115 4070 1147 4139; x_wconf 81' lang='grc' dir='ltr'>ἡ</span> <span class='ocrx_word' id='word_1_426' title='bbox 1176 4069 1418 4140; x_wconf 80' lang='grc' dir='ltr'>ἁμαρτία</span> <span class='ocrx_word' id='word_1_427' title='bbox 1445 4070 1535 4123; x_wconf 82' lang='grc' dir='ltr'>τὸν</span> <span class='ocrx_word' id='word_1_428' title='bbox 1555 4071 1644 4124; x_wconf 76' lang='grc' dir='ltr'><strong>ἐπὶ</strong></span> <span class='ocrx_word' id='word_1_429' title='bbox 1671 4071 1844 4124; x_wconf 85' lang='grc' dir='ltr'><strong>τόκων</strong></span> 
     </span>
    </p>
   </div>
   <div class='ocr_carea' id='block_1_68' title="bbox 1906 4062 3509 4140">
    <p class='ocr_par' dir='ltr' id='par_1_68' title="bbox 1948 4062 3509 4133">
     <span class='ocr_line' id='line_1_68' title="bbox 1948 4062 3509 4133; baseline 0.001 -17"><span class='ocrx_word' id='word_1_430' title='bbox 1948 4070 2133 4116; x_wconf 90' lang='lat' dir='ltr'><strong>autem</strong></span> <span class='ocrx_word' id='word_1_431' title='bbox 2171 4076 2409 4131; x_wconf 88' lang='lat' dir='ltr'><strong>paupere</strong></span> <span class='ocrx_word' id='word_1_432' title='bbox 2458 4075 2650 4116; x_wconf 89' lang='lat' dir='ltr'><strong>omnes</strong></span> <span class='ocrx_word' id='word_1_433' title='bbox 2696 4062 2877 4117; x_wconf 76' lang='lat' dir='ltr'><strong>vident</strong></span> <span class='ocrx_word' id='word_1_434' title='bbox 2910 4075 3193 4133; x_wconf 89' lang='lat' dir='ltr'><strong>peccatum</strong></span> <span class='ocrx_word' id='word_1_435' title='bbox 3236 4063 3509 4119; x_wconf 73' lang='lat' dir='ltr'><strong>fmneran-</strong></span> 
     </span>
    </p>
   </div>
   <div class='ocr_carea' id='block_1_69' title="bbox 276 4153 1879 4233">
    <p class='ocr_par' dir='ltr' id='par_1_69' title="bbox 276 4155 1845 4233">
     <span class='ocr_line' id='line_1_69' title="bbox 276 4155 1845 4233; baseline 0.005 -27"><span class='ocrx_word' id='word_1_436' title='bbox 276 4155 604 4208; x_wconf 79' lang='grc' dir='ltr'>δανείσαντα</span> <span class='ocrx_word' id='word_1_437' title='bbox 635 4155 835 4227; x_wconf 88' lang='grc' dir='ltr'>[ὁρῶσι</span> <span class='ocrx_word' id='word_1_438' title='bbox 869 4158 1068 4222; x_wconf 78' lang='grc' dir='ltr'>πάντες</span> <span class='ocrx_word' id='word_1_439' title='bbox 1092 4160 1190 4231; x_wconf 85' lang='grc' dir='ltr'>τὴν</span> <span class='ocrx_word' id='word_1_440' title='bbox 1220 4160 1491 4233; x_wconf 82' lang='grc' dir='ltr'>ἁμαρτίαν</span> <span class='ocrx_word' id='word_1_441' title='bbox 1515 4160 1608 4214; x_wconf 81' lang='grc' dir='ltr'><strong>τοῦ</strong></span> <span class='ocrx_word' id='word_1_442' title='bbox 1640 4162 1730 4214; x_wconf 75' lang='grc' dir='ltr'><strong>ἐπὶ</strong></span> <span class='ocrx_word' id='word_1_443' title='bbox 1758 4161 1845 4214; x_wconf 86' lang='grc' dir='ltr'><strong>τό·</strong></span> 
     </span>
    </p>
   </div>
   <div class='ocr_carea' id='block_1_70' title="bbox 1906 4153 3509 4233">
    <p class='ocr_par' dir='ltr' id='par_1_70' title="bbox 1948 4153 3509 4219">
     <span class='ocr_line' id='line_1_70' title="bbox 1948 4153 3509 4219; baseline 0.001 -11"><span class='ocrx_word' id='word_1_444' title='bbox 1948 4154 2058 4209; x_wconf 87' lang='lat' dir='ltr'><strong>tis:</strong></span> <span class='ocrx_word' id='word_1_445' title='bbox 2095 4154 2202 4207; x_wconf 87' lang='lat' dir='ltr'><strong>alio</strong></span> <span class='ocrx_word' id='word_1_446' title='bbox 2230 4153 2393 4208; x_wconf 88' lang='lat' dir='ltr'><strong>modo</strong></span> <span class='ocrx_word' id='word_1_447' title='bbox 2424 4153 2712 4209; x_wconf 83' lang='lat' dir='ltr'><strong>manifesta</strong></span> <span class='ocrx_word' id='word_1_448' title='bbox 2755 4154 2919 4209; x_wconf 85' lang='lat' dir='ltr'><strong>etiam</strong></span> <span class='ocrx_word' id='word_1_449' title='bbox 2975 4156 3200 4210; x_wconf 81' lang='lat' dir='ltr'><strong>avaritia</strong></span> <span class='ocrx_word' id='word_1_450' title='bbox 3246 4167 3351 4219; x_wconf 87' lang='lat' dir='ltr'><strong>est,</strong></span> <span class='ocrx_word' id='word_1_451' title='bbox 3387 4172 3509 4212; x_wconf 91' lang='lat' dir='ltr'><strong>cum</strong></span> 
     </span>
    </p>
   </div>
   <div class='ocr_carea' id='block_1_71' title="bbox 271 4245 1874 4325">
    <p class='ocr_par' dir='ltr' id='par_1_71' title="bbox 271 4245 1842 4325">
     <span class='ocr_line' id='line_1_71' title="bbox 271 4245 1842 4325; baseline 0.005 -26"><span class='ocrx_word' id='word_1_452' title='bbox 271 4262 390 4299; x_wconf 83' lang='grc' dir='ltr'>κων</span> <span class='ocrx_word' id='word_1_453' title='bbox 422 4245 798 4320; x_wconf 74' lang='grc' dir='ltr'>δανείσαντος]</span> <span class='ocrx_word' id='word_1_454' title='bbox 820 4266 833 4279; x_wconf 81' lang='grc'><strong>-</strong></span> <span class='ocrx_word' id='word_1_455' title='bbox 883 4249 1054 4312; x_wconf 78' lang='grc' dir='ltr'>ἄλλως</span> <span class='ocrx_word' id='word_1_456' title='bbox 1090 4268 1148 4303; x_wconf 87' lang='grc' dir='ltr'><strong>τε</strong></span> <span class='ocrx_word' id='word_1_457' title='bbox 1195 4252 1289 4304; x_wconf 78' lang='grc' dir='ltr'><strong>καὶ</strong></span> <span class='ocrx_word' id='word_1_458' title='bbox 1323 4251 1603 4318; x_wconf 80' lang='grc' dir='ltr'>πλεονεξία</span> <span class='ocrx_word' id='word_1_459' title='bbox 1644 4252 1842 4325; x_wconf 80' lang='grc' dir='ltr'>σαφὴς,</span> 
     </span>
    </p>
   </div>
   <div class='ocr_carea' id='block_1_72' title="bbox 1678 4245 3281 4325">
    <p class='ocr_par' dir='ltr' id='par_1_72' title="bbox 1678 4245 3281 4325">
     <span class='ocr_line' id='line_1_72' title="bbox 1678 4245 3281 4325; baseline -0.003 -20"><span class='ocrx_word' id='word_1_460' title='bbox 1678 4252 1842 4325; x_wconf 80' lang='grc' dir='ltr'>αφὴς,</span> <span class='ocrx_word' id='word_1_461' title='bbox 1947 4247 2094 4316; x_wconf 90' lang='lat' dir='ltr'><strong>quis,</strong></span> <span class='ocrx_word' id='word_1_462' title='bbox 2128 4261 2249 4315; x_wconf 77' lang='lat' dir='ltr'><strong>quae</strong></span> <span class='ocrx_word' id='word_1_463' title='bbox 2274 4246 2444 4311; x_wconf 87' lang='lat' dir='ltr'><strong>dedit,</strong></span> <span class='ocrx_word' id='word_1_464' title='bbox 2479 4245 2593 4301; x_wconf 86' lang='lat' dir='ltr'><strong>sola</strong></span> <span class='ocrx_word' id='word_1_465' title='bbox 2620 4246 2865 4315; x_wconf 86' lang='lat' dir='ltr'><strong>accipere</strong></span> <span class='ocrx_word' id='word_1_466' title='bbox 2892 4261 2999 4299; x_wconf 91' lang='lat' dir='ltr'><strong>non</strong></span> <span class='ocrx_word' id='word_1_467' title='bbox 3028 4245 3281 4311; x_wconf 85' lang='lat' dir='ltr'><strong>sustinet.</strong></span> 
     </span>
    </p>
   </div>
   <div class='ocr_carea' id='block_1_73' title="bbox 271 4337 1738 4412">
    <p class='ocr_par' dir='ltr' id='par_1_73' title="bbox 271 4337 1738 4412">
     <span class='ocr_line' id='line_1_73' title="bbox 271 4337 1738 4412; baseline 0.004 -22"><span class='ocrx_word' id='word_1_468' title='bbox 271 4338 409 4390; x_wconf 82' lang='grc' dir='ltr'>ὅταν</span> <span class='ocrx_word' id='word_1_469' title='bbox 428 4338 490 4390; x_wconf 86' lang='grc' dir='ltr'>ἄν</span> <span class='ocrx_word' id='word_1_470' title='bbox 517 4354 618 4400; x_wconf 83' lang='grc' dir='ltr'>τις.</span> <span class='ocrx_word' id='word_1_471' title='bbox 651 4337 687 4390; x_wconf 78' lang='grc' dir='ltr'>ἃ</span> <span class='ocrx_word' id='word_1_472' title='bbox 707 4337 923 4401; x_wconf 83' lang='grc' dir='ltr'>δέδωκε,</span> <span class='ocrx_word' id='word_1_473' title='bbox 957 4341 1093 4409; x_wconf 85' lang='grc' dir='ltr'>μόνα</span> <span class='ocrx_word' id='word_1_474' title='bbox 1124 4340 1307 4394; x_wconf 79' lang='grc' dir='ltr'>λαϐεῖν</span> <span class='ocrx_word' id='word_1_475' title='bbox 1339 4342 1437 4394; x_wconf 83' lang='grc' dir='ltr'><strong>οὐκ</strong></span> <span class='ocrx_word' id='word_1_476' title='bbox 1468 4342 1738 4412; x_wconf 82' lang='grc' dir='ltr'>ἀνέχεται.</span> 
     </span>
    </p>
   </div>
   <div class='ocr_carea' id='block_1_74' title="bbox 357 4426 1960 4504">
    <p class='ocr_par' dir='ltr' id='par_1_74' title="bbox 357 4428 1847 4504">
     <span class='ocr_line' id='line_1_74' title="bbox 357 4428 1847 4504; baseline 0.005 -23"><span class='ocrx_word' id='word_1_477' title='bbox 357 4428 444 4483; x_wconf 72' lang='grc'><strong>12.</strong></span> <span class='ocrx_word' id='word_1_478' title='bbox 477 4430 613 4501; x_wconf 83' lang='grc' dir='ltr'>Περὶ</span> <span class='ocrx_word' id='word_1_479' title='bbox 656 4431 750 4483; x_wconf 82' lang='grc' dir='ltr'>τοῦ</span> <span class='ocrx_word' id='word_1_480' title='bbox 786 4431 1061 4495; x_wconf 84' lang='grc' dir='ltr'>παντελῶς</span> <span class='ocrx_word' id='word_1_481' title='bbox 1097 4434 1259 4504; x_wconf 81' lang='grc' dir='ltr'>μηδὲν</span> <span class='ocrx_word' id='word_1_482' title='bbox 1296 4432 1592 4504; x_wconf 77' lang='grc' dir='ltr'>λαμϐάνειν</span> <span class='ocrx_word' id='word_1_483' title='bbox 1626 4434 1716 4487; x_wconf 84' lang='grc' dir='ltr'>τὸν</span> <span class='ocrx_word' id='word_1_484' title='bbox 1756 4433 1847 4487; x_wconf 85' lang='grc' dir='ltr'>δα-</span> 
     </span>
    </p>
   </div>
   <div class='ocr_carea' id='block_1_75' title="bbox 1908 4426 3511 4504">
    <p class='ocr_par' dir='ltr' id='par_1_75' title="bbox 2019 4426 3511 4499">
     <span class='ocr_line' id='line_1_75' title="bbox 2019 4426 3511 4499; baseline -0.003 -16"><span class='ocrx_word' id='word_1_485' title='bbox 2019 4431 2104 4484; x_wconf 72' lang='grc'><strong>12.</strong></span> <span class='ocrx_word' id='word_1_486' title='bbox 2140 4430 2294 4496; x_wconf 88' lang='lat' dir='ltr'><strong>Quod</strong></span> <span class='ocrx_word' id='word_1_487' title='bbox 2323 4429 2699 4484; x_wconf 88' lang='lat' dir='ltr'><strong>nibilomnino</strong></span> <span class='ocrx_word' id='word_1_488' title='bbox 2737 4429 2981 4499; x_wconf 87' lang='lat' dir='ltr'><strong>accipere</strong></span> <span class='ocrx_word' id='word_1_489' title='bbox 3017 4437 3253 4499; x_wconf 89' lang='lat' dir='ltr'><strong>oportet,</strong></span> <span class='ocrx_word' id='word_1_490' title='bbox 3282 4426 3373 4496; x_wconf 91' lang='lat' dir='ltr'><strong>qui</strong></span> <span class='ocrx_word' id='word_1_491' title='bbox 3396 4441 3511 4480; x_wconf 91' lang='lat' dir='ltr'><strong>mu-</strong></span> 
     </span>
    </p>
   </div>
   <div class='ocr_carea' id='block_1_76' title="bbox 272 4516 1875 4596">
    <p class='ocr_par' dir='ltr' id='par_1_76' title="bbox 272 4519 1847 4596">
     <span class='ocr_line' id='line_1_76' title="bbox 272 4519 1847 4596; baseline 0.003 -23"><span class='ocrx_word' id='word_1_492' title='bbox 272 4519 528 4582; x_wconf 77' lang='grc' dir='ltr'>νείζοντα</span> <span class='ocrx_word' id='word_1_493' title='bbox 578 4521 914 4591; x_wconf 83' lang='grc' dir='ltr'>χαρίσματος</span> <span class='ocrx_word' id='word_1_494' title='bbox 946 4523 1131 4576; x_wconf 80' lang='grc' dir='ltr'>ἕνεκεν</span> <span class='ocrx_word' id='word_1_495' title='bbox 1169 4524 1202 4595; x_wconf 80' lang='grc' dir='ltr'>ἢ</span> <span class='ocrx_word' id='word_1_496' title='bbox 1232 4525 1392 4577; x_wconf 86' lang='grc' dir='ltr'>τόκου</span> <span class='ocrx_word' id='word_1_497' title='bbox 1450 4524 1601 4596; x_wconf 85' lang='grc' dir='ltr'><strong>παρὰ</strong></span> <span class='ocrx_word' id='word_1_498' title='bbox 1636 4525 1727 4577; x_wconf 82' lang='grc' dir='ltr'>τοῦ</span> <span class='ocrx_word' id='word_1_499' title='bbox 1761 4524 1847 4577; x_wconf 91' lang='grc' dir='ltr'>δα-</span> 
     </span>
    </p>
   </div>
   <div class='ocr_carea' id='block_1_77' title="bbox 1911 4516 3514 4596">
    <p class='ocr_par' dir='ltr' id='par_1_77' title="bbox 1949 4516 3514 4593">
     <span class='ocr_line' id='line_1_77' title="bbox 1949 4516 3514 4593; baseline -0.004 -17"><span class='ocrx_word' id='word_1_500' title='bbox 1949 4533 2041 4579; x_wconf 92' lang='lat' dir='ltr'><strong>tuo</strong></span> <span class='ocrx_word' id='word_1_501' title='bbox 2093 4524 2203 4589; x_wconf 90' lang='lat' dir='ltr'><strong>dat,</strong></span> <span class='ocrx_word' id='word_1_502' title='bbox 2255 4522 2335 4577; x_wconf 73' lang='lat' dir='ltr'><strong>vel</strong></span> <span class='ocrx_word' id='word_1_503' title='bbox 2381 4521 2585 4593; x_wconf 69' lang='lat' dir='ltr'><strong>gratiae,</strong></span> <span class='ocrx_word' id='word_1_504' title='bbox 2618 4522 2701 4577; x_wconf 90' lang='lat' dir='ltr'><strong>vel</strong></span> <span class='ocrx_word' id='word_1_505' title='bbox 2740 4520 2968 4577; x_wconf 60' lang='lat' dir='ltr'><strong>faenoris</strong></span> <span class='ocrx_word' id='word_1_506' title='bbox 3011 4536 3176 4576; x_wconf 89' lang='lat' dir='ltr'><strong>causa</strong></span> <span class='ocrx_word' id='word_1_507' title='bbox 3205 4520 3275 4574; x_wconf 91' lang='lat' dir='ltr'><strong>ab</strong></span> <span class='ocrx_word' id='word_1_508' title='bbox 3299 4534 3395 4585; x_wconf 85' lang='lat' dir='ltr'><strong>eo,</strong></span> <span class='ocrx_word' id='word_1_509' title='bbox 3420 4516 3514 4587; x_wconf 93' lang='lat' dir='ltr'><strong>qui</strong></span> 
     </span>
    </p>
   </div>
   <div class='ocr_carea' id='block_1_78' title="bbox 275 4610 1878 4728">
    <p class='ocr_par' dir='ltr' id='par_1_78' title="bbox 275 4610 1878 4681">
     <span class='ocr_line' id='line_1_78' title="bbox 275 4610 1878 4681; baseline 0.001 -16"><span class='ocrx_word' id='word_1_510' title='bbox 275 4610 611 4681; x_wconf 77' lang='grc' dir='ltr'>νειζομένου.</span> <span class='ocrx_word' id='word_1_511' title='bbox 1877 4670 1878 4675; x_wconf 32' lang='grc' dir='ltr'><strong>η</strong></span> 
     </span>
    </p>
   </div>
   <div class='ocr_carea' id='block_1_79' title="bbox 645 4610 2248 4728">
    <p class='ocr_par' dir='ltr' id='par_1_79' title="bbox 1877 4621 2248 4728">
     <span class='ocr_line' id='line_1_79' title="bbox 1877 4621 2248 4728; baseline -0.008 -61"><span class='ocrx_word' id='word_1_512' title='bbox 1877 4665 1926 4728; x_wconf 79' lang='lat' dir='ltr'><strong>D</strong></span> <span class='ocrx_word' id='word_1_513' title='bbox 1950 4621 2248 4667; x_wconf 87' lang='lat' dir='ltr'><strong>mutuatur.</strong></span> 
     </span>
    </p>
   </div>
   <div class='ocr_carea' id='block_1_80' title="bbox 364 4854 3523 4935">
    <p class='ocr_par' dir='ltr' id='par_1_80' title="bbox 364 4854 3523 4935">
     <span class='ocr_line' id='line_1_80' title="bbox 364 4854 3523 4935; baseline -0.003 -20"><span class='ocrx_word' id='word_1_514' title='bbox 364 4864 431 4915; x_wconf 82' lang='grc' dir='ltr'>Ἢ</span> <span class='ocrx_word' id='word_1_515' title='bbox 460 4864 794 4934; x_wconf 79' lang='grc' dir='ltr'>προκειμένη</span> <span class='ocrx_word' id='word_1_516' title='bbox 821 4864 1099 4935; x_wconf 64' lang='grc' dir='ltr'>ὲπιγραιρὴ</span> <span class='ocrx_word' id='word_1_517' title='bbox 1128 4864 1392 4934; x_wconf 81' lang='grc' dir='ltr'>περιέχει·</span> <span class='ocrx_word' id='word_1_518' title='bbox 1432 4861 1850 4930; x_wconf 62' lang='grc' dir='ltr'>Στηλογραφία</span> <span class='ocrx_word' id='word_1_519' title='bbox 1886 4859 1966 4925; x_wconf 83' lang='grc' dir='ltr'>τῷ</span> <span class='ocrx_word' id='word_1_520' title='bbox 2012 4859 2187 4913; x_wconf 80' lang='grc' dir='ltr'>Δαϐἰδ</span> <span class='ocrx_word' id='word_1_521' title='bbox 2212 4878 2224 4891; x_wconf 72' lang='grc' dir='ltr'><strong><em>ο</em></strong></span> <span class='ocrx_word' id='word_1_522' title='bbox 2268 4861 2425 4913; x_wconf 75' lang='grc' dir='ltr'>τοῦτο</span> <span class='ocrx_word' id='word_1_523' title='bbox 2451 4857 2543 4913; x_wconf 77' lang='grc' dir='ltr'>οὖν</span> <span class='ocrx_word' id='word_1_524' title='bbox 2576 4858 2745 4927; x_wconf 77' lang='grc' dir='ltr'>λέγει,</span> <span class='ocrx_word' id='word_1_525' title='bbox 2774 4857 2871 4920; x_wconf 87' lang='grc' dir='ltr'><strong>τὰς</strong></span> <span class='ocrx_word' id='word_1_526' title='bbox 2899 4856 3009 4910; x_wconf 85' lang='grc' dir='ltr'><strong>τῶν</strong></span> <span class='ocrx_word' id='word_1_527' title='bbox 3044 4856 3213 4925; x_wconf 82' lang='grc' dir='ltr'>ἁγίων</span> <span class='ocrx_word' id='word_1_528' title='bbox 3250 4854 3523 4917; x_wconf 70' lang='grc' dir='ltr'>πολιτείας</span> 
     </span>
    </p>
   </div>
   <div class='ocr_carea' id='block_1_81' title="bbox 274 4953 2783 5031">
    <p class='ocr_par' dir='ltr' id='par_1_81' title="bbox 274 4953 2783 5031">
     <span class='ocr_line' id='line_1_81' title="bbox 274 4953 2783 5031; baseline -0.002 -20"><span class='ocrx_word' id='word_1_529' title='bbox 274 4957 487 5031; x_wconf 79' lang='grc' dir='ltr'>στήλας</span> <span class='ocrx_word' id='word_1_530' title='bbox 508 4959 813 5030; x_wconf 80' lang='grc' dir='ltr'>διαγράφει.</span> <span class='ocrx_word' id='word_1_531' title='bbox 852 4959 1080 5029; x_wconf 78' lang='grc' dir='ltr'>Εἴρηται</span> <span class='ocrx_word' id='word_1_532' title='bbox 1112 4955 1204 5012; x_wconf 74' lang='grc' dir='ltr'><strong>οὖν</strong></span> <span class='ocrx_word' id='word_1_533' title='bbox 1234 4961 1260 5010; x_wconf 90' lang='grc' dir='ltr'>ὁ</span> <span class='ocrx_word' id='word_1_534' title='bbox 1291 4958 1502 5029; x_wconf 76' lang='grc' dir='ltr'>ψαλμὸς</span> <span class='ocrx_word' id='word_1_535' title='bbox 1529 4958 1678 5028; x_wconf 77' lang='grc' dir='ltr'>παρὰ</span> <span class='ocrx_word' id='word_1_536' title='bbox 1701 4955 1793 5008; x_wconf 76' lang='grc' dir='ltr'>τοῦ</span> <span class='ocrx_word' id='word_1_537' title='bbox 1827 4955 1991 5009; x_wconf 72' lang='grc' dir='ltr'>Δαϐὶδ</span> <span class='ocrx_word' id='word_1_538' title='bbox 2020 4956 2098 5017; x_wconf 77' lang='grc' dir='ltr'>εἰς</span> <span class='ocrx_word' id='word_1_539' title='bbox 2118 4954 2215 5018; x_wconf 83' lang='grc' dir='ltr'><strong>τὰς</strong></span> <span class='ocrx_word' id='word_1_540' title='bbox 2238 4955 2343 5009; x_wconf 89' lang='grc' dir='ltr'><strong>τῶν</strong></span> <span class='ocrx_word' id='word_1_541' title='bbox 2368 4954 2537 5022; x_wconf 75' lang='grc' dir='ltr'>ἁγίων</span> <span class='ocrx_word' id='word_1_542' title='bbox 2564 4953 2783 5023; x_wconf 76' lang='grc' dir='ltr'>ἀρετάς.</span> 
     </span>
    </p>
   </div>
   <div class='ocr_carea' id='block_1_82' title="bbox 357 5037 3518 5119">
    <p class='ocr_par' dir='ltr' id='par_1_82' title="bbox 357 5037 3518 5119">
     <span class='ocr_line' id='line_1_82' title="bbox 357 5037 3518 5119; baseline -0.004 -14"><span class='ocrx_word' id='word_1_543' title='bbox 357 5050 595 5116; x_wconf 89' lang='lat' dir='ltr'><strong>Titulus,</strong></span> <span class='ocrx_word' id='word_1_544' title='bbox 630 5050 722 5119; x_wconf 90' lang='lat' dir='ltr'><strong>qui</strong></span> <span class='ocrx_word' id='word_1_545' title='bbox 759 5051 968 5119; x_wconf 87' lang='lat' dir='ltr'><strong>psalmo</strong></span> <span class='ocrx_word' id='word_1_546' title='bbox 1003 5051 1351 5119; x_wconf 66' lang='lat' dir='ltr'><strong>praeponitur,</strong></span> <span class='ocrx_word' id='word_1_547' title='bbox 1382 5049 1660 5103; x_wconf 82' lang='lat' dir='ltr'><strong>continet:</strong></span> <span class='ocrx_word' id='word_1_548' title='bbox 1703 5046 1876 5099; x_wconf 80' lang='lat' dir='ltr'><strong>Tituli</strong></span> <span class='ocrx_word' id='word_1_549' title='bbox 1906 5045 2178 5112; x_wconf 81' lang='lat' dir='ltr'><strong>inscriptio</strong></span> <span class='ocrx_word' id='word_1_550' title='bbox 2209 5046 2310 5113; x_wconf 82' lang='lat' dir='ltr'><strong>ipsi</strong></span> <span class='ocrx_word' id='word_1_551' title='bbox 2360 5043 2564 5107; x_wconf 75' lang='lat' dir='ltr'><strong>David;</strong></span> <span class='ocrx_word' id='word_1_552' title='bbox 2618 5043 2722 5098; x_wconf 89' lang='lat' dir='ltr'><strong>hoc</strong></span> <span class='ocrx_word' id='word_1_553' title='bbox 2758 5052 2937 5097; x_wconf 91' lang='lat' dir='ltr'><strong>autem</strong></span> <span class='ocrx_word' id='word_1_554' title='bbox 2966 5040 3256 5111; x_wconf 77' lang='lat' dir='ltr'><strong>signiﬁcat,</strong></span> <span class='ocrx_word' id='word_1_555' title='bbox 3290 5037 3518 5093; x_wconf 86' lang='lat' dir='ltr'><strong>Sancto-</strong></span> 
     </span>
    </p>
   </div>
   <div class='ocr_carea' id='block_1_83' title="bbox 276 5130 3521 5207">
    <p class='ocr_par' dir='ltr' id='par_1_83' title="bbox 276 5130 3521 5207">
     <span class='ocr_line' id='line_1_83' title="bbox 276 5130 3521 5207; baseline -0.003 -13"><span class='ocrx_word' id='word_1_556' title='bbox 276 5156 411 5199; x_wconf 83' lang='lat' dir='ltr'><strong>rum</strong></span> <span class='ocrx_word' id='word_1_557' title='bbox 444 5140 567 5194; x_wconf 55' lang='lat' dir='ltr'><strong>vitae</strong></span> <span class='ocrx_word' id='word_1_558' title='bbox 600 5140 932 5201; x_wconf 90' lang='lat' dir='ltr'><strong>institutum,</strong></span> <span class='ocrx_word' id='word_1_559' title='bbox 972 5148 1025 5192; x_wconf 86' lang='lat' dir='ltr'><strong>et</strong></span> <span class='ocrx_word' id='word_1_560' title='bbox 1054 5140 1523 5193; x_wconf 81' lang='lat' dir='ltr'><strong>conversationem</strong></span> <span class='ocrx_word' id='word_1_561' title='bbox 1555 5138 1712 5207; x_wconf 81' lang='lat' dir='ltr'><strong>quasi</strong></span> <span class='ocrx_word' id='word_1_562' title='bbox 1753 5138 1807 5191; x_wconf 88' lang='lat' dir='ltr'><strong>in</strong></span> <span class='ocrx_word' id='word_1_563' title='bbox 1839 5137 1996 5207; x_wconf 88' lang='lat' dir='ltr'><strong>cippo</strong></span> <span class='ocrx_word' id='word_1_564' title='bbox 2023 5137 2303 5191; x_wconf 87' lang='lat' dir='ltr'><strong>describit.</strong></span> <span class='ocrx_word' id='word_1_565' title='bbox 2356 5135 2541 5190; x_wconf 90' lang='lat' dir='ltr'><strong>Dictus</strong></span> <span class='ocrx_word' id='word_1_566' title='bbox 2569 5146 2652 5189; x_wconf 82' lang='lat' dir='ltr'><strong>est</strong></span> <span class='ocrx_word' id='word_1_567' title='bbox 2699 5136 2861 5205; x_wconf 72' lang='lat' dir='ltr'><strong>igitur</strong></span> <span class='ocrx_word' id='word_1_568' title='bbox 2896 5134 3140 5205; x_wconf 85' lang='lat' dir='ltr'><strong>psalmus</strong></span> <span class='ocrx_word' id='word_1_569' title='bbox 3161 5149 3192 5188; x_wconf 91' lang='lat' dir='ltr'><strong>a</strong></span> <span class='ocrx_word' id='word_1_570' title='bbox 3223 5131 3423 5187; x_wconf 84' lang='lat' dir='ltr'><strong>Davide</strong></span> <span class='ocrx_word' id='word_1_571' title='bbox 3453 5130 3521 5183; x_wconf 83' lang='lat' dir='ltr'><strong>de</strong></span> 
     </span>
    </p>
   </div>
   <div class='ocr_carea' id='block_1_84' title="bbox 277 5234 944 5290">
    <p class='ocr_par' dir='ltr' id='par_1_84' title="bbox 277 5234 944 5290">
     <span class='ocr_line' id='line_1_84' title="bbox 277 5234 944 5290; baseline -0.004 0"><span class='ocrx_word' id='word_1_572' title='bbox 277 5234 581 5290; x_wconf 87' lang='lat' dir='ltr'><strong>virtutibus</strong></span> <span class='ocrx_word' id='word_1_573' title='bbox 609 5240 944 5287; x_wconf 80' lang='lat' dir='ltr'><strong>sanctorum.</strong></span> 
     </span>
    </p>
   </div>
   <div class='ocr_carea' id='block_1_85' title="bbox 365 5423 1968 5499">
    <p class='ocr_par' dir='ltr' id='par_1_85' title="bbox 365 5423 1516 5499">
     <span class='ocr_line' id='line_1_85' title="bbox 365 5423 1516 5499; baseline -0.005 -16"><span class='ocrx_word' id='word_1_574' title='bbox 365 5432 418 5484; x_wconf 84' lang='grc'><strong>1.</strong></span> <span class='ocrx_word' id='word_1_575' title='bbox 452 5431 574 5482; x_wconf 82' lang='grc' dir='ltr'><strong>Ὅτι</strong></span> <span class='ocrx_word' id='word_1_576' title='bbox 606 5445 664 5480; x_wconf 88' lang='grc' dir='ltr'><strong>σε</strong></span> <span class='ocrx_word' id='word_1_577' title='bbox 698 5428 898 5499; x_wconf 84' lang='grc' dir='ltr'>ὲθέμην</span> <span class='ocrx_word' id='word_1_578' title='bbox 926 5427 1135 5497; x_wconf 82' lang='grc' dir='ltr'>βοηθὸν,</span> <span class='ocrx_word' id='word_1_579' title='bbox 1171 5423 1401 5495; x_wconf 72' lang='grc' dir='ltr'>φύλαξὸν</span> <span class='ocrx_word' id='word_1_580' title='bbox 1431 5444 1516 5495; x_wconf 89' lang='grc' dir='ltr'>με.</span> 
     </span>
    </p>
   </div>
   <div class='ocr_carea' id='block_1_86' title="bbox 1777 5423 3380 5499">
    <p class='ocr_par' dir='ltr' id='par_1_86' title="bbox 2034 5424 3380 5494">
     <span class='ocr_line' id='line_1_86' title="bbox 2034 5424 3380 5494; baseline 0 -15"><span class='ocrx_word' id='word_1_581' title='bbox 2034 5427 2081 5479; x_wconf 86' lang='grc'><strong>1.</strong></span> <span class='ocrx_word' id='word_1_582' title='bbox 2117 5426 2387 5492; x_wconf 90' lang='lat' dir='ltr'><strong>Quoniam</strong></span> <span class='ocrx_word' id='word_1_583' title='bbox 2419 5432 2470 5479; x_wconf 91' lang='lat' dir='ltr'><strong>te</strong></span> <span class='ocrx_word' id='word_1_584' title='bbox 2499 5427 2655 5494; x_wconf 82' lang='lat' dir='ltr'><strong>posui</strong></span> <span class='ocrx_word' id='word_1_585' title='bbox 2680 5424 3006 5494; x_wconf 87' lang='lat' dir='ltr'><strong>adjutorem,</strong></span> <span class='ocrx_word' id='word_1_586' title='bbox 3036 5426 3246 5481; x_wconf 89' lang='lat' dir='ltr'><strong>custodi</strong></span> <span class='ocrx_word' id='word_1_587' title='bbox 3274 5442 3380 5482; x_wconf 87' lang='lat' dir='ltr'><strong>me.</strong></span> 
     </span>
    </p>
   </div>
   <div class='ocr_carea' id='block_1_87' title="bbox 357 5514 1960 5590">
    <p class='ocr_par' dir='ltr' id='par_1_87' title="bbox 357 5514 1783 5590">
     <span class='ocr_line' id='line_1_87' title="bbox 357 5514 1783 5590; baseline -0.002 -18"><span class='ocrx_word' id='word_1_588' title='bbox 357 5520 415 5574; x_wconf 71' lang='grc'><strong>2.</strong></span> <span class='ocrx_word' id='word_1_589' title='bbox 458 5518 700 5587; x_wconf 79' lang='grc' dir='ltr'>Ἐπέγνω</span> <span class='ocrx_word' id='word_1_590' title='bbox 733 5521 751 5590; x_wconf 72' lang='lat' dir='ltr'><strong>l</strong></span> <span class='ocrx_word' id='word_1_591' title='bbox 782 5517 1089 5587; x_wconf 71' lang='grc' dir='ltr'>Ἐπέγνων]</span> <span class='ocrx_word' id='word_1_592' title='bbox 1118 5518 1215 5587; x_wconf 83' lang='grc' dir='ltr'>τὴν</span> <span class='ocrx_word' id='word_1_593' title='bbox 1233 5514 1423 5569; x_wconf 75' lang='grc' dir='ltr'>ἑαυτοῦ</span> <span class='ocrx_word' id='word_1_594' title='bbox 1453 5515 1783 5569; x_wconf 78' lang='grc' dir='ltr'>δεσποτείαν.</span> 
     </span>
    </p>
   </div>
   <div class='ocr_carea' id='block_1_88' title="bbox 1434 5514 3037 5590">
    <p class='ocr_par' dir='ltr' id='par_1_88' title="bbox 1453 5515 3037 5587">
     <span class='ocr_line' id='line_1_88' title="bbox 1453 5515 3037 5587; baseline 0.003 -20"><span class='ocrx_word' id='word_1_595' title='bbox 1453 5515 1783 5569; x_wconf 78' lang='grc' dir='ltr'>δεσποτείαν.</span> <span class='ocrx_word' id='word_1_596' title='bbox 2031 5519 2085 5573; x_wconf 72' lang='lat'><strong>2.</strong></span> <span class='ocrx_word' id='word_1_597' title='bbox 2122 5518 2332 5587; x_wconf 84' lang='lat' dir='ltr'><strong>Agnovi</strong></span> <span class='ocrx_word' id='word_1_598' title='bbox 2367 5517 2539 5586; x_wconf 89' lang='lat' dir='ltr'><strong>ipsius</strong></span> <span class='ocrx_word' id='word_1_599' title='bbox 2572 5516 3037 5584; x_wconf 88' lang='lat' dir='ltr'><strong>dominationem;</strong></span> 
     </span>
    </p>
   </div>
   <div class='ocr_carea' id='block_1_89' title="bbox 357 5606 1960 5680">
    <p class='ocr_par' dir='ltr' id='par_1_89' title="bbox 357 5609 1526 5680">
     <span class='ocr_line' id='line_1_89' title="bbox 357 5609 1526 5680; baseline -0.005 -14"><span class='ocrx_word' id='word_1_600' title='bbox 357 5613 415 5667; x_wconf 76' lang='lat'><strong>3.</strong></span> <span class='ocrx_word' id='word_1_601' title='bbox 445 5612 564 5664; x_wconf 89' lang='grc' dir='ltr'>Τῶν</span> <span class='ocrx_word' id='word_1_602' title='bbox 588 5611 882 5680; x_wconf 80' lang='grc' dir='ltr'>χρημάτων</span> <span class='ocrx_word' id='word_1_603' title='bbox 909 5627 1009 5680; x_wconf 89' lang='grc' dir='ltr'><strong>μου</strong></span> <span class='ocrx_word' id='word_1_604' title='bbox 1040 5610 1099 5661; x_wconf 78' lang='grc' dir='ltr'>οὑ</span> <span class='ocrx_word' id='word_1_605' title='bbox 1140 5609 1326 5679; x_wconf 81' lang='grc' dir='ltr'>χρείαν</span> <span class='ocrx_word' id='word_1_606' title='bbox 1366 5609 1526 5678; x_wconf 72' lang='grc' dir='ltr'>ἔχεις.</span> 
     </span>
    </p>
   </div>
   <div class='ocr_carea' id='block_1_90' title="bbox 1274 5606 2877 5680">
    <p class='ocr_par' dir='ltr' id='par_1_90' title="bbox 1274 5606 2877 5678">
     <span class='ocr_line' id='line_1_90' title="bbox 1274 5606 2877 5678; baseline -0.001 -17"><span class='ocrx_word' id='word_1_607' title='bbox 1274 5626 1326 5661; x_wconf 77' lang='grc' dir='ltr'><strong>ιν</strong></span> <span class='ocrx_word' id='word_1_608' title='bbox 1366 5609 1526 5678; x_wconf 74' lang='grc' dir='ltr'>ἔχεις.</span> <span class='ocrx_word' id='word_1_609' title='bbox 2032 5608 2087 5660; x_wconf 82' lang='grc'><strong>5.</strong></span> <span class='ocrx_word' id='word_1_610' title='bbox 2119 5606 2331 5660; x_wconf 72' lang='lat' dir='ltr'><strong>Divitiis</strong></span> <span class='ocrx_word' id='word_1_611' title='bbox 2357 5606 2492 5659; x_wconf 90' lang='lat' dir='ltr'><strong>meis</strong></span> <span class='ocrx_word' id='word_1_612' title='bbox 2516 5623 2621 5661; x_wconf 91' lang='lat' dir='ltr'><strong>non</strong></span> <span class='ocrx_word' id='word_1_613' title='bbox 2649 5606 2877 5675; x_wconf 78' lang='lat' dir='ltr'><strong>indiges.</strong></span> 
     </span>
    </p>
   </div>
   <div class='ocr_carea' id='block_1_91' title="bbox 362 5696 1965 5765">
    <p class='ocr_par' dir='ltr' id='par_1_91' title="bbox 362 5698 1090 5765">
     <span class='ocr_line' id='line_1_91' title="bbox 362 5698 1090 5765; baseline -0.001 -11"><span class='ocrx_word' id='word_1_614' title='bbox 362 5701 420 5755; x_wconf 69' lang='grc'><strong>4.</strong></span> <span class='ocrx_word' id='word_1_615' title='bbox 447 5700 583 5763; x_wconf 74' lang='grc' dir='ltr'>Τοὺς</span> <span class='ocrx_word' id='word_1_616' title='bbox 608 5700 792 5765; x_wconf 81' lang='grc' dir='ltr'>ἁγίους</span> <span class='ocrx_word' id='word_1_617' title='bbox 820 5698 1090 5765; x_wconf 77' lang='grc' dir='ltr'>ἐδόξασεν.</span> 
     </span>
    </p>
   </div>
   <div class='ocr_carea' id='block_1_92' title="bbox 1145 5696 2748 5765">
    <p class='ocr_par' dir='ltr' id='par_1_92' title="bbox 2032 5696 2748 5765">
     <span class='ocr_line' id='line_1_92' title="bbox 2032 5696 2748 5765; baseline 0 -15"><span class='ocrx_word' id='word_1_618' title='bbox 2032 5698 2086 5752; x_wconf 73' lang='grc'><strong>4.</strong></span> <span class='ocrx_word' id='word_1_619' title='bbox 2128 5697 2359 5752; x_wconf 73' lang='lat' dir='ltr'><strong>Sanctos</strong></span> <span class='ocrx_word' id='word_1_620' title='bbox 2392 5696 2713 5765; x_wconf 78' lang='lat' dir='ltr'><strong>gloriﬁcavit</strong></span> <span class='ocrx_word' id='word_1_621' title='bbox 2736 5715 2748 5761; x_wconf 88' lang='lat'><strong>;</strong></span> 
     </span>
    </p>
   </div>
   <div class='ocr_carea' id='block_1_93' title="bbox 364 5787 1967 5860">
    <p class='ocr_par' dir='ltr' id='par_1_93' title="bbox 364 5790 1417 5860">
     <span class='ocr_line' id='line_1_93' title="bbox 364 5790 1417 5860; baseline -0.003 -13"><span class='ocrx_word' id='word_1_622' title='bbox 364 5792 420 5847; x_wconf 81' lang='lat'><strong>5.</strong></span> <span class='ocrx_word' id='word_1_623' title='bbox 464 5792 549 5843; x_wconf 83' lang='grc' dir='ltr'>Ἐν</span> <span class='ocrx_word' id='word_1_624' title='bbox 578 5794 690 5854; x_wconf 78' lang='grc' dir='ltr'>τοῖς</span> <span class='ocrx_word' id='word_1_625' title='bbox 716 5790 889 5857; x_wconf 77' lang='grc' dir='ltr'>ἁγίοις</span> <span class='ocrx_word' id='word_1_626' title='bbox 918 5790 1079 5844; x_wconf 76' lang='grc' dir='ltr'>αὑτοῦ</span> <span class='ocrx_word' id='word_1_627' title='bbox 1107 5791 1173 5844; x_wconf 72' lang='grc' dir='ltr'><strong>τὰ</strong></span> <span class='ocrx_word' id='word_1_628' title='bbox 1207 5790 1417 5860; x_wconf 79' lang='grc' dir='ltr'>αἱρετά.</span> 
     </span>
    </p>
   </div>
   <div class='ocr_carea' id='block_1_94' title="bbox 1638 5787 3241 5860">
    <p class='ocr_par' dir='ltr' id='par_1_94' title="bbox 2036 5787 3241 5858">
     <span class='ocr_line' id='line_1_94' title="bbox 2036 5787 3241 5858; baseline -0.002 -15"><span class='ocrx_word' id='word_1_629' title='bbox 2036 5790 2087 5843; x_wconf 81' lang='lat'><strong>5.</strong></span> <span class='ocrx_word' id='word_1_630' title='bbox 2132 5788 2190 5843; x_wconf 92' lang='lat' dir='ltr'><strong>ln</strong></span> <span class='ocrx_word' id='word_1_631' title='bbox 2228 5789 2430 5843; x_wconf 87' lang='lat' dir='ltr'><strong>sanctis</strong></span> <span class='ocrx_word' id='word_1_632' title='bbox 2459 5787 2597 5857; x_wconf 69' lang='lat' dir='ltr'><strong>ejus,</strong></span> <span class='ocrx_word' id='word_1_633' title='bbox 2647 5804 2766 5858; x_wconf 72' lang='lat' dir='ltr'><strong>qua:</strong></span> <span class='ocrx_word' id='word_1_634' title='bbox 2814 5788 3065 5858; x_wconf 79' lang='lat' dir='ltr'><strong>optabilia</strong></span> <span class='ocrx_word' id='word_1_635' title='bbox 3100 5795 3241 5841; x_wconf 88' lang='lat' dir='ltr'><strong>sunt.</strong></span> 
     </span>
    </p>
   </div>
  </div>
