4060 6446
629 381 731 438 695
1447 379 1502 434 S.
1547 375 1909 433 ATIIANASII
1952 375 2102 431 Ol‘P.
2147 373 2323 428 PAllS
2361 373 2448 427 111.
2491 404 2558 411 ——
2597 367 3005 424 EXEGETICA.
3749 363 3854 417 696

701 503 754 556 6.
790 501 1151 569 Multiplicataa
1179 509 1304 554 sunt
1345 499 1684 552 inlirmitates
1717 512 1925 550 eorum.
2213 502 2255 554 Α

1893 512 1925 550 I.
2213 502 2255 554 Α
2357 491 2406 544 6.
2455 487 2888 558 Ἑπληθύνοησαν
2918 486 2972 536 al.
3010 481 3279 535 ἀσθένειαι
3304 480 3496 534 αὐτῶν.

705 594 752 644 7.
794 591 986 647 Postea
1028 593 1483 647 acceleraverunt.

2379 601 2420 635 ι.
2457 581 2610 634 Μετὰ
2631 579 2801 632 ταῦτα
2829 577 3109 646 ἐτάχυναν.

702 685 754 737 8.
789 682 903 737 Non
939 684 1281 753 congregabo
1319 682 1697 738 conventicula
1739 696 1927 736 eorum
1955 684 2019 733 de
2056 694 2182 732 sau-

2366 675 2419 729 8.
2461 674 2535 726 Ού
2565 673 2639 744 μὴ
2665 670 2952 738 συναγάγω
2978 668 3074 730 τὰς
3105 665 3420 734 συναγωγὰς
3444 664 3623 718 αὐτῶν
3667 663 3730 730 ἐξ
3768 663 3855 716 υί-

632 769 922 838 guhﬁbus,

907 811 922 834 ,
2293 768 2476 837 μάτων
2497 806 2509 827 ,

701 862 755 916 9.
789 861 894 915 Nec
913 877 1119 917 memor
1139 877 1234 917 ero
1253 863 1533 917 nominum
1560 873 1866 917 corum-Der
1895 859 2027 913 labia
2044 873 2181 911 mea.

2367 859 2417 912 9.
2454 856 2575 910 Οὐδ’
2621 856 2683 908 οὐ
2725 855 2798 925 μὴ
2836 852 3056 924 μνησθῶ
3088 851 3196 904 τῶν
3237 850 3510 920 ὀνομάτων
3554 849 3732 903 αὐτῶν
3762 849 3853 902 6.3:

2289 950 2505 1020 χειλέων
2533 966 2650 1019 μου.

705 1032 791 1085 10.
827 1032 1087 1086 Dominus
1111 1050 1233 1101 pars
1254 1032 1580 1086 haereditatis
1601 1047 1752 1098 meae,
1776 1043 1826 1085 et
1851 1031 2034 1085 calicis
2057 1033 2160 1084 mei

2365 1041 2450 1094 10.
2495 1041 2696 1110 Κύριος
2730 1041 2762 1109 ὴ
2794 1039 2947 1109 μερὶς
2983 1037 3082 1106 τῆς
3111 1037 3467 1106 κληρονομιας
3507 1053 3608 1105 μου
3635 1030 3855 1086 καὶτοῦ

2288 1132 2546 1202 ποτηρίου
2586 1148 2706 1200 μου.

703 1201 790 1252 11.
826 1199 905 1254 Tu
938 1203 1125 1270 es,qui
1156 1204 1410 1258 restitues
1437 1203 1799 1258 liaareditatem
1831 1221 2003 1258 meam
2031 1208 2162 1260 milii

2363 1220 2451 1276 11.
2486 1220 2556 1272 Σὺ
2609 1214 2658 1270 εἴ
2704 1219 2731 1269 ὁ
2771 1216 3146 1270 ἀποκαθιστῶν
3200 1217 3298 1284 τὴν
3344 1216 3705 1286 κληρονομίαν
3751 1230 3855 1283 μου

2287 1309 2428 1380 ὲμοῇ

698 1376 783 1428 12.
819 1375 994 1431 Funes
1018 1379 1332 1433 ceciderunt
1357 1381 1486 1434 mihi
1522 1382 1576 1436 in
1615 1383 1915 1448 nrzeclaris:

2375 1400 2456 1452 12.
2491 1399 2702 1469 Σχοινία
2731 1398 3002 1450 ἐπέπεσαν
3037 1417 3125 1466 μοι
3154 1401 3210 1452 ἐν
3240 1402 3350 1462 τοῖς
3375 1397 3711 1467 κρατίστοις·

702 1467 787 1521 15.
821 1467 1031 1522 Etenim
1061 1470 1345 1526 haereditas
1369 1487 1485 1526 mea
1518 1474 1775 1542 prmclara
1803 1484 1885 1528 est
1927 1475 2079 1528 mihi.

2361 1493 2448 1544 15.
2489 1467 2596 1544 Καὶ
2644 1491 2751 1562 γὰρ
2784 1492 2817 1561 ἡ
2853 1491 3182 1561 κληρονομία
3225 1510 3324 1561 μου
3358 1491 3621 1563 κρατίστη
3658 1506 3754 1559 μοι
3799 1491 3859 1542 ἑ-

2289 1584 2420 1635 στίν.

701 1641 786 1695 14.
821 1641 1140 1700 Benedicam
1197 1645 1505 1714 Dominum,
1556 1649 1644 1719 qui
1694 1650 1882 1704 tribuit.
1926 1651 2056 1704 mihi
2104 1652 2156 1704 in
2289 1600 2304 1634 ς

2289 1600 2420 1635 στιν.

2148 1668 2156 1704 ¹
2361 1674 2450 1728 14.
2491 1673 2785 1743 Εὑλογήσω
2814 1675 2904 1728 τὸν
2938 1675 3139 1744 Κύριον
3168 1675 3254 1727 τὸν
3283 1678 3632 1730 συνετίσαντά
3658 1695 3751 1742 ue,

629 1733 900 1789 tellectum
932 1778 945 1802 ,

700 1825 788 1881 15.
825 1826 1050 1897 lnsuper
1075 1839 1128 1883 et
1162 1845 1332 1885 usaue
1357 1847 1421 1885 ao
1446 1842 1651 1886 noctem
1685 1833 2073 1901 increpuerunt
2105 1850 2189 1889 me
2219 1833 2259 1887 B

2367 1829 2451 1883 15.
2494 1831 2612 1882 Ἔτι
2641 1830 2697 1882 δὲ
2731 1831 2824 1882 καὶ
2849 1832 2950 1893 ἕως
2985 1833 3172 1894 νυκτὸς
3214 1832 3534 1885 ἐπαίδευσάν
3575 1851 3641 1903 με
3690 1834 3741 1886 οἱ
3771 1850 3865 1886 νε-

628 1929 786 1970 renes
816 1919 938 1971 mei.

2291 1922 2414 1991 φροί
2438 1940 2556 1991 μου.

707 2009 1184 2066 16.1’rovidebam
1256 2013 1540 2067 Dominum
1597 2015 1651 2068 in
1709 2024 2002 2084 cctISpectu
2066 2031 2186 2071 meo

2364 2013 2455 2067 16.
2489 2012 2873 2084 Προεωρὼμην
2920 2015 3010 2067 τὸν
3066 2015 3267 2083 Κύριον
3324 2015 3548 2067 ἐνώπιόν
3603 2033 3706 2084 μου
3770 2015 3861 2070 διὰ

631 2113 866 2169 semper.

2293 2104 2489 2166 παντὸς
2515 2145 2526 2167 ,

706 2192 792 2245 17.
825 2192 1089 2257 Quoniam
1132 2212 1161 2248 a
1187 2197 1392 2251 aextris
1413 2206 1490 2250 est
1519 2198 1648 2251 milii
1679 2213 1746 2252 ne
1780 2213 2147 2252 commovear.

2359 2195 2443 2247 17.
2476 2197 2596 2248 Ὅτι
2627 2197 2691 2248 ἐκ
2724 2195 2912 2261 δεξιῶν
2948 2194 3046 2264 μού
3092 2196 3259 2259 ἐστιν,
3292 2197 3376 2248 ἵνα
3414 2197 3487 2266 μὴ
3515 2197 3780 2250 σαλευθῶ.

702 2284 791 2338 18.
824 2284 1050 2355 Propter
1075 2287 1180 2342 hoc
1202 2289 1443 2343 laetatum
1479 2300 1562 2344 est
1595 2304 1688 2344 eor
1713 2305 1890 2344 meum
1914 2329 1930 2354 ,

2367 2286 2452 2340 18.
2495 2286 2590 2338 Διά
2619 2285 2777 2339 τοῦτο
2809 2285 3082 2356 εὐφράνθη
3113 2288 3144 2357 ἡ
3173 2287 3368 2356 καρδία
3401 2300 3533 2356 μου,

703 2375 790 2430 19.
823 2375 886 2429 Et
909 2379 1199 2433 exsultavit
1229 2381 1410 2449 lingua
1442 2395 1561 2434 mea
1584 2421 1598 2444 ,

2364 2378 2448 2433 l9.
2481 2378 2590 2430 Καὶ
2624 2377 2989 2446 ἠγαλλιάσατο
3019 2379 3051 2448 ὴ
3085 2377 3304 2446 γλῶσσά
3332 2396 3429 2448 μου
3449 2419 3461 2442 ,

697 2468 786 2521 20.
819 2467 1044 2538 Insuper
1065 2480 1118 2524 et
1148 2486 1276 2526 caro
1312 2486 1432 2525 mea
1471 2471 1775 2540 requiescet
1806 2472 1858 2524 in
1889 2487 1982 2542 spe

2360 2469 2448 2522 20.
2491 2471 2610 2522 Ἔτι
2633 2469 2687 2522 δὲ
2717 2470 2810 2522 καὶ
2839 2470 2871 2538 ἡ
2906 2468 3040 2539 σάρξ
3073 2487 3172 2536 μου
3200 2469 3605 2541 κατασκηνώσει
3633 2471 3720 2523 ἐπ’
3773 2469 3863 2523 ἐλ-

2294 2563 2396 2614 πίδο

698 2646 788 2700 21.
822 2647 1088 2714 Quoniam
1118 2667 1224 2705 non
1259 2651 1598 2720 dcrelinques
1644 2651 1882 2704 animam
1915 2665 2089 2703 meam
2128 2651 2180 2702 in

2360 2655 2449 2708 21.
2485 2655 2608 2707 Ὅτι
2658 2656 2754 2707 οὐκ
2800 2654 3210 2724 ἐγκαταλείψεις
3259 2653 3355 2724 τὴν
3396 2654 3570 2724 ψυχήν
3622 2671 3726 2724 μου
3777 2655 3863 2718 εἷς

628 2738 838 2789 Ini'erno
2291 2746 2436 2816 ᾅδου,

694 2829 784 2883 22.
815 2829 924 2885 Nec
957 2833 1110 2887 dabis
1165 2843 1410 2886 sanctum
1447 2841 1596 2885 tuum
1642 2831 1824 2885 videre
1877 2830 2180 2897 corruptiu-

2149 2858 2180 2868 π-
2362 2837 2450 2890 22.
2487 2838 2620 2890 Οὐδὲ
2643 2837 2831 2900 δώσεις
2866 2840 2955 2890 τὸν
2983 2840 3126 2892 ὅσιόν
3156 2855 3248 2890 σου
3283 2837 3408 2890 ἰδεῖν
3433 2834 3752 2906 διαφθοράν.

629 2937 770 2976 nem.

695 3015 782 3069 25.
815 3015 979 3071 Notas
1011 3019 1141 3072 mihi
1176 3017 1347 3073 fecisti
1385 3018 1500 3071 vias
1525 3016 1667 3084 vim,

2365 3018 2454 3072 25.
2495 3017 2824 3088 Ἐγνώρισάς
2848 3035 2934 3087 μοι
2964 3017 3115 3078 ὁδοὺς
3147 3016 3311 3087 ζωῆς.

1741 3216 2115 3271 ATHANASll
2149 3213 2734 3270 INTERPRETATIO.

695 3403 746 3457 6.
788 3403 1031 3473 Ipsorum
1071 3403 1397 3458 tentationes
1428 3403 1800 3472 multiplicatae
1826 3410 1954 3455 sunt
2207 3404 2248 3459 C

1897 3410 1954 3454 nt
2207 3404 2248 3459 C
2353 3397 2407 3449 6.
2443 3396 2506 3447 Oi
2535 3394 2831 3464 πειρασμοὶ
2862 3393 3039 3445 αὑτῶν
3070 3389 3495 3462 ὲπληθύνθησαν.

696 3495 747 3551 7.
781 3495 971 3552 Postea
1004 3498 1389 3553 transiverunt.

2359 3486 2410 3540 7.
2446 3484 2596 3541 Μετὰ
2619 3483 2793 3536 ταῦτα
2820 3482 3108 3554 παρῆλθον.

697 3589 749 3644 8.
790 3588 862 3644 De
889 3590 1244 3655 daemonibus,
1265 3590 1359 3645 ait.

2322 3632 2323 3635 η
2357 3576 2410 3629 8.
2450 3575 2568 3627 Τῶν
2592 3574 2884 3640 δαιμόνων,
2914 3573 3077 3642 λέγει.

696 3681 748 3734 9.
783 3681 1233 3736 Adversariarum
1270 3691 1618 3752 potestatum,
1646 3680 1839 3749 inquit.

1772 3680 1839 3732 .it.
2356 3671 2408 3724 9.
2439 3670 2558 3729 Τῶν
2592 3674 2848 3723 ἐναντίων
2872 3668 3172 3740 δυνάμεων,
3211 3671 3375 3737 λέγει.

696 3772 783 3824 10.
815 3771 1075 3827 Dominus
1104 3788 1232 3842 pars
1274 3780 1327 3826 et
1360 3781 1575 3826 aeternae
1606 3787 1740 3824 meas
1791 3769 2181 3831 retributionis,

2360 3765 2444 3819 10.
2483 3763 2683 3833 Κύριος
2719 3763 2873 3833 μερὶς
2919 3762 3012 3813 καὶ
3048 3761 3148 3829 τῆς
3185 3763 3406 3825 αίωνίας
3453 3779 3553 3832 μου
3588 3763 3866 3832 μισθαπο-

625 3871 677 3914 ct
698 3861 956 3930 requietis
981 3877 1129 3914 meae.

2284 3857 2464 3919 δοσίας
2499 3858 2590 3908 καὶ
2626 3856 2725 3924 τῆς
2760 3852 3116 3916 ἀναπαύσεώς
3147 3871 3263 3923 μου.

698 3954 780 4006 11.
814 3951 1039 4008 ιΕιεηιιι
1074 3964 1162 4007 tua
1193 3952 1491 4022 refrigeria.

2357 3946 2443 3997 11.
2473 3945 2582 4007 Τὰς
2605 3945 2856 4008 αἰωνίους
2884 3961 2976 3995 σου
3005 3944 3358 4006 ἀναπαύσεις.

695 4044 780 4097 12.
813 4045 1186 4115 Cogitationes
1232 4046 1386 4100 bona:
1419 4046 1549 4098 mihi
1582 4052 1845 4102 venerunt
1873 4059 1903 4097 a
1928 4041 2179 4104 Domino,

2357 4035 2443 4088 12.
2478 4035 2739 4103 Λογισμώ⁸
2766 4032 2959 4101 ἀγαθοὶ
2992 4029 3155 4102 ἦλθόν
3185 4051 3274 4103 μοι
3300 4031 3427 4101 περὶ
3475 4031 3495 4098 ι’
3521 4031 3710 4104 παρὰ]
3757 4033 3858 4086 τοῦ

625 4135 817 4203 inquit.

2284 4127 2510 4196 Κυρίου,
2540 4124 2705 4192 λέγει.

699 4226 781 4278 15.
817 4225 1115 4280 l’romissio
1144 4226 1291 4292 regni
1320 4227 1584 4280 malorum
1619 4235 1821 4279 wterna
1854 4233 1958 4279 est.

2356 4216 2440 4269 15.
2490 4217 2554 4267 Ἢ
2604 4215 2904 4284 ἐπαγγελία
2954 4215 3053 4285 τῆς
3108 4214 3380 4284 βασιλείας
3432 4213 3541 4266 τῶν
3604 4214 3859 4286 οὐρανῶν

2286 4307 2633 4378 ἀτελεύητὸς
2663 4311 2827 4360 ἐστιν.

695 4407 781 4460 14.
813 4407 1150 4475 Cognoscam
1183 4407 1357 4476 ipsum
1387 4425 1398 4459 :

2357 4399 2443 4452 14.
2487 4386 2886 4469 Ἐπιγνῶσομαι
2920 4397 3080 4450 αὐτόν
3102 4415 3114 4427 ’

694 4498 779 4551 15.
814 4498 994 4553 Donec
1045 4500 1224 4568 quievi
1271 4517 1302 4555 a
1354 4501 1644 4556 mundanis
1695 4501 1894 4567 rebus;
1948 4512 2000 4554 et
2053 4509 2181 4554 tunc

2355 4492 2443 4544 l3.
2481 4492 2630 4554 Ἕως
2662 4491 2705 4543 δ’
2731 4491 2794 4542 ἂν
2813 4489 3062 4560 ἡσύχασα
3089 4491 3151 4542 ὲκ
3183 4489 3288 4542 τῶν
3318 4490 3411 4542 τοῦ
3459 4491 3664 4560 κόσμου
3712 4509 3859 4562 πρα-

623 4605 782 4643 omne
812 4591 1141 4644 desiderium
1167 4607 1345 4645 meum
1382 4594 1434 4645 in
1466 4593 1582 4662 ipso
1609 4592 1727 4648 fuit.

2283 4585 2511 4654 γμὰτων
2538 4589 2552 4613 ³
2586 4584 2680 4636 καὶ
2713 4585 2832 4635 τότε
2898 4584 2930 4653 ή
2974 4583 3239 4651 ἐπιθυμία
3291 4600 3389 4653 μου
3433 4583 3582 4635 πᾶσα
3629 4582 3858 4652 γέγονεν

2283 4677 2339 4726 ὲν
2365 4674 2531 4726 αὐτῶ.

695 4772 781 4827 16.
818 4772 934 4828 Prae
993 4773 1164 4828 oculis
1213 4788 1422 4842 semper
1455 4773 1618 4827 habui
1665 4772 1952 4828 Dominum
1999 4774 2178 4841 opitu-
2213 4753 2255 4807 Β

2361 4765 2446 4818 10.
2484 4729 2596 4835 11ρδ
2625 4763 2915 4834 ὀφθαλμῶν
2958 4780 3058 4834 μου
3095 4758 3237 4833 εἶχον
3266 4764 3491 4816 πάντοτε
3526 4763 3617 4815 τὸν
3645 4763 3859 4836 Κύριον

621 4865 824 4919 lantem
865 4865 1019 4919 mihi.

2289 4844 2474 4911 ἀν”έιλα
2484 4855 2816 4926 μεανὸμενόν
2853 4872 2974 4924 μου,

694 4959 780 5011 l7.
822 4956 884 5008 Et
917 4957 1271 5011 deducentem
1317 4971 1403 5009 me
1451 4957 1504 5010 in
1546 4956 1658 5011 vias
1690 4956 1962 5018 dexteras,
2011 4972 2076 5012 ne
2118 4958 2186 5011 ab

2364 4947 2450 4998 17.
2481 4945 2589 4997 Καὶ
2620 4944 2914 5013 ὀδηγοῦντα
2935 4945 3012 5000 εἰς
3033 4943 3130 5005 τὰς
3147 4944 3299 5006 ὁδοὺς
3320 4942 3417 5006 τὰς
3438 4943 3637 5008 δεξιάς,
3667 4946 3757 4998 ἱνα
3782 4947 3859 5018 μὴ

621 5049 699 5101 eis
723 5048 1011 5101 declinem.

2289 5037 2518 5090 ὲκκλίνω
2540 5037 2630 5088 ἀπ’
2652 5034 2847 5087 αὐτῶν.

693 5141 778 5192 18.
815 5137 1110 5207 Propterea
1143 5138 1412 5207 spirituali
1456 5138 1654 5208 gaudio
1686 5138 1923 5208 repletus
1950 5154 2068 5192 sum
2097 5155 2110 5190 ε

2366 5129 2455 5182 18;
2484 5128 2580 5180 Διὰ
2613 5127 2769 5180 τοῦτο
2797 5126 2966 5194 χαρᾶς
2991 5124 3362 5196 πνευματικῆς
3390 5125 3536 5197 ἥμην
3569 5127 3863 5199 πεπληρω-

2294 5222 2469 5290 μένος.

689 5317 776 5370 10.
818 5315 1055 5368 Laudavi
1089 5315 1264 5383 ipsum
1299 5330 1392 5368 ore
1424 5330 1579 5369 meo:

2365 5315 2452 5368 19.
2506 5313 2758 5376 Ἐδὸξασα
2790 5312 2950 5363 αὑτὸν
2972 5312 3027 5363 ἐν
3057 5328 3134 5380 τῳ
3167 5311 3394 5381 στόματί
3428 5329 3549 5382 μου.

688 5409 777 5462 20.
811 5407 1151 5476 Exspectabo
1181 5409 1637 5463 resurrectionem
1679 5421 2038 5465 mortuorum.

1756 5421 2038 5465 trtuorum.
2356 5407 2448 5461 20.
2483 5403 2772 5476 Προσδοκῶ
2803 5405 3094 5458 ἀνάστασιν
3120 5403 3359 5473 νεκρῶν.ξ

689 5503 778 5556 21.
813 5502 927 5555 Non
953 5503 1229 5571 relinques
1264 5503 1411 5555 illam
1464 5503 1518 5556 in
1560 5504 1914 5574 receptaculis
1941 5503 2134 5559 mortis
2161 5542 2175 5566 ,

2361 5498 2449 5550 21.
2478 5498 2587 5550 Οὐκ
2622 5495 2685 5548 ἂν
2721 5494 2886 5565 ἐάσῃς
2917 5493 3082 5564 αὐτὴν
3117 5497 3194 5555 είς
3231 5492 3300 5545 τὰ
3332 5498 3531 5564 ταμεῖα
3553 5496 3651 5550 τοῦ
3686 5497 3848 5551 Θανά-

620 5596 710 5650 sed
744 5594 983 5646 liberans
1007 5609 1124 5646 cam
1163 5595 1376 5648 educes.

2288 5609 2406 5654 του,
2444 5589 2575 5641 ἀλλὰ
2605 5589 3017 5658 λυτρωσάμενος
3039 5589 3332 5654 ἀναγάγεις
3356 5590 3542 5660 αὐτὴν.

689 5685 779 5739 22.
819 5684 894 5738 De
924 5685 1150 5739 Domino
1179 5687 1435 5755 loquitur.

2358 5683 2445 5735 22.
2480 5683 2610 5753 Περὶ
2637 5681 2730 5733 τοῦ
2769 5679 2972 5750 Κυρίου
3005 5679 3168 5747 λέγει.

698 5776 786 5829 93.
827 5777 1097 5845 Praecepta
1124 5787 1211 5832 tua
1243 5797 1323 5833 mc
1351 5781 1600 5834 docuisti.

2358 5776 2445 5829 25.
2478 5776 2583 5836 Τὰς
2617 5775 2831 5835 ἐντολάς
2865 5791 2954 5826 σου
2989 5774 3225 5839 ὲδίδαξάς
3263 5791 3349 5844 με.
