4060 6456
229 397 328 453 697
1149 399 1237 456 DE
1274 401 1546 458 TITUUS
1586 403 2032 462 PSALMORUM.
2073 437 2136 446 —
2183 404 2374 460 PSAL.
2415 403 2553 461 XVI.
3357 406 3465 465 698

293 515 381 569 2-1.
417 515 734 588 Πληρώσεις
762 536 830 589 με
858 519 1197 592 ευφροσύνης
1222 521 1359 591 μετὰ
1383 522 1475 575 τοῦ
1502 522 1790 594 προσώπου
1823 534 1866 587 Α

1665 522 1790 576 [mou
1823 534 1866 587 Α
1976 524 2063 577 21.
2099 521 2436 594 Adimplebis
2475 539 2559 578 me
2588 524 2772 578 laetitia
2795 539 2918 580 cum
2960 524 3106 578 vultu
3139 533 3268 578 tuo:

223 621 320 662 σου
344 620 362 640 .

290 696 381 752 ‘25.
415 698 788 772 Τερπνότητες
821 704 878 756 ἐν
913 706 975 775 τῇ
1011 704 1162 777 δεξιᾷ
1187 723 1278 759 σου
1311 709 1390 771 εἰς
1415 706 1584 770 τέλος.

1977 703 2066 757 25.
2103 701 2500 758 Delectationes
2529 703 2582 756 in
2614 702 2834 758 dextera
2873 712 2962 758 tua
2999 718 3170 773 usque
3200 703 3250 756 in
3278 703 3459 758 ﬁnem.

464 859 780 927 Προσευχὴ
815 857 892 925 τῷ
925 861 1118 915 Δαϐίδ.
1159 865 1386 917 ΨΛΛΜ.
1415 865 1538 930 ις’.

2213 860 2398 916 Oratio
2431 858 2623 912 David.
2681 856 2942 911 PSALM.
2992 856 3149 911 XVI.

292 986 342 1040 !.
372 989 721 1051 Είσάκουσον,
754 992 946 1064 Κύριε,
979 994 1321 1057 δικαιοσύνης
1353 1013 1453 1055 μου
1474 1011 1488 1025 ·

1971 997 2021 1050 1.
2060 994 2287 1059 Exaudi,
2319 993 2568 1057 Domine,
2594 996 2857 1062 justitiam
2893 1010 3066 1048 meam
3102 1012 3114 1047 :

287 1079 339 1132 2.
373 1080 615 1150 Πρόσχες
645 1086 710 1154 τῇ
736 1083 912 1155 δεήσει
951 1103 1050 1156 μου
1072 1102 1090 1117 ο

1966 1087 2020 1141 2.
2065 1086 2286 1140 Intende
2315 1086 2745 1154 deprecationem
2783 1101 2955 1138 meam
2989 1101 3002 1136 :

286 1171 338 1224 5.
383 1172 663 1227 Ἐνώτισαι
689 1177 787 1248 τὴν
821 1180 1126 1248 προσευχήν
1155 1196 1253 1250 μου
1283 1181 1383 1233 οὐκ
1403 1182 1458 1233 ὲν
1487 1181 1685 1250 χείλεσι
1707 1181 1790 1234 δο-

1969 1180 2022 1233 5.
2055 1180 2294 1233 Auribus
2322 1179 2535 1248 percipe
2563 1179 2861 1232 orationem
2886 1192 3059 1230 meam
3092 1190 3197 1230 non
3227 1175 3279 1229 iu
3305 1174 3458 1230 labiis

217 1259 372 1325 λίοις.

1896 1272 2118 1325 dolosis.

287 1353 339 1406 4.
386 1355 478 1408 Ἐκ
511 1357 799 1426 προσώπου
834 1375 924 1411 σου
959 1361 1019 1413 τὸ
1048 1362 1222 1432 κρῖμα
1252 1380 1351 1432 μου
1383 1362 1615 1428 ἐξέλθοιο

1968 1367 2021 1417 4.
2052 1362 2126 1416 De
2159 1363 2306 1415 vultu
2341 1370 2436 1415 tuo
2462 1361 2726 1430 judicium
2754 1377 2928 1414 mequ
2961 1360 3186 1430 prodeat
3212 1379 3223 1414 :

287 1442 338 1497 5.
381 1445 442 1497 Οἱ
475 1445 742 1516 ὀφθαλμοί
773 1465 872 1510 μου
903 1448 1157 1503 ἰδέτωσαν
1195 1452 1494 1520 εὐθῦτητσις
1538 1450 1787 1523 [ὀρθότη-

1306 1452 1494 1520 Βτητσις
1538 1450 1787 1523 [ὀρθότη-
1975 1455 2024 1509 5.
2053 1453 2204 1509 Oculi
2237 1456 2340 1509 mei
2369 1454 2582 1510 videant
2608 1455 2909 1522 aequitates.

213 1549 312 1596 τας
350 1535 468 1590 cod.
506 1536 716 1608 Barb.].

280 1626 338 1700 β.
360 1627 714 1698 Ἐδοκίμασας
738 1631 834 1701 τὴν
859 1632 1082 1702 καρδίαν
1105 1650 1229 1702 μου,
1257 1632 1540 1701 ἐπεσκέψω
1563 1632 1753 1695 νυκτός
1771 1648 1784 1660 ·

1629 1632 1784 1695 κτός·
1969 1635 2022 1687 6.
2056 1633 2306 1688 Probasti
2332 1647 2427 1687 cor
2451 1647 2652 1698 meum,
2686 1641 2739 1687 et
2764 1632 2992 1686 \‘isitasti
3031 1639 3188 1685 nocte
3217 1649 3229 1684 :

285 1715 338 1768 7.
393 1717 710 1789 Ἐπύρωσάς
745 1739 832 1792 με,
866 1723 960 1775 καὶ
985 1724 1080 1792 οὐχ
1106 1723 1299 1795 εὑρέθη
1334 1725 1391 1776 ἐν
1424 1725 1544 1795 ἐμοὶ
1572 1725 1784 1778 ἀδικίαο

1969 1727 2024 1779 7.
2054 1725 2180 1796 lgne
2214 1741 2300 1780 me
2334 1725 2659 1779 examinasti
2681 1764 2695 1790 ,
2730 1733 2784 1779 et
2810 1739 2917 1778 non
2947 1733 3029 1779 est
3051 1723 3264 1778 inventa
3294 1723 3345 1776 in
3378 1740 3461 1778 me

1899 1817 2194 1881 iniquitas;

287 1893 339 1948 8.
377 1895 562 1960 Ὅπως
592 1898 656 1950 ἂν
691 1899 764 1969 μὴ
788 1899 990 1971 λαλήσῃ
1020 1900 1082 1953 τὸ
1105 1901 1276 1977 στόμα
1314 1919 1415 1970 μου
1433 1901 1502 1955 τὰ
1528 1901 1660 1972 ἔργα
1680 1903 1787 1956 τῶν
1823 1881 1866 1935 Β

1899 1833 2194 1886 iniquitas;

1784 1924 1787 1943 ι
1823 1881 1866 1935 Β
1967 1907 2018 1960 8.
2066 1905 2135 1961 Ut
2159 1922 2265 1960 non
2297 1907 2552 1976 loquatur
2589 1921 2652 1960 os
2680 1921 2860 1960 meum
2892 1921 3054 1976 opera
3088 1904 3387 1960 hominum.

213 1984 311 2039 ἀνθ
319 1986 535 2056 ρώπων.

288 2080 340 2132 9.
379 2079 477 2131 Διὰ
508 2080 632 2144 τοὺς
656 2080 844 2150 λόγους
877 2083 985 2136 τῶν
1011 2083 1233 2155 χειλέων
1275 2101 1366 2139 σου
1400 2083 1511 2154 ἐγὼ
1549 2085 1790 2156 ἐφύλαξα

1969 2090 2022 2143 9.
2061 2087 2286 2157 Propter
2314 2089 2474 2143 verba
2522 2090 2787 2143 labiorum
2820 2098 3034 2144 tuorum
3067 2105 3167 2160 ego
3197 2087 3460 2144 custodiri

211 2169 366 2232 ὁδοὺς
400 2171 658 2243 σκληράς.

620 2190 658 2236 ς-
1897 2181 2012 2234 vias
2038 2179 2223 2234 duras.

285 2261 367 2316 10.
379 2265 713 2336 Κατάρτισαι
726 2267 793 2320 τὰ
807 2267 960 2339 διαϐἠ
971 2269 1113 2338 ματα
1127 2285 1226 2338 μου
1243 2268 1300 2321 ὲν
1312 2271 1435 2332 ταῖς
1450 2269 1655 2340 τρίδοις
1673 2287 1785 2335 σου,

1577 2287 1655 2334 οις
1673 2287 1785 2335 σου,
1967 2271 2052 2324 10.
2084 2270 2285 2325 Perﬁce
2316 2285 2534 2336 gressus
2558 2287 2708 2327 meos
2731 2273 2782 2324 in
2817 2273 3024 2327 semitis
3053 2273 3180 2339 tuis,

291 2353 376 2407 11.
409 2355 526 2409 Ἷνα
557 2357 631 2428 μὴ
654 2357 950 2412 σαλευθῶσι
983 2357 1051 2411 τὰ
1077 2359 1386 2431 διαδήματα
1416 2377 1539 2432 μου.

1474 2379 1539 2414 ιυ.
1966 2364 2053 2416 11.
2085 2360 2156 2416 Ut
2184 2377 2292 2416 non
2325 2377 2646 2419 moveantur
2681 2366 2901 2436 vestigia
2941 2381 3077 2422 mea.

1311 2584 1682 2640 ATllANASll
1726 2584 2310 2644 INTERPRETATIO.

288 2773 376 2827 24.
408 2773 685 2847 Πληρωθῶ
716 2779 1072 2850 εὐφροσύνης,
1109 2781 1235 2834 ὅταν
1271 2783 1366 2835 ἴδω
1406 2783 1466 2836 τὸ
1495 2784 1786 2855 πρόσωπόν

1784 2807 1786 2820 ι
1973 2787 2063 2840 24.
2099 2787 2368 2856 lmplebor
2395 2788 2601 2849 laetitia.
2623 2804 2745 2843 cum
2772 2788 2957 2844 videro
2999 2789 3190 2844 faciem
3221 2799 3387 2846 tuam.

214 2882 335 2919 0'01).

281 2958 372 3014 95.
410 2961 567 3032 Χαρὰ
597 2964 735 3032 μετὰ
760 2963 867 3016 τῶν
894 2966 1061 3032 ἁγίων
1094 2965 1402 3032 διαπαντός.
1809 2964 1852 3021 C

1809 2964 1852 3021 C
1963 2967 2054 3022 23.
2093 2966 2364 3020 Gaudium
2397 2973 2658 3020 anet-num
2688 2981 2808 3019 eum
2837 2966 3057 3020 sanctis.

298 3136 360 3188 'H
394 3137 723 3209 προκειμένη
750 3138 1028 3209 ἐπιγραφὴ
1055 3138 1316 3209 περιέχει·
1347 3139 1663 3207 Προσευχὴ
1695 3137 1773 3201 τῷ
1794 3137 1971 3191 Δαϐίδ
1990 3154 2003 3167 ·
2039 3136 2307 3200 τουτέστι,
2337 3135 2415 3206 τῷ
2441 3137 2552 3206 Υίῴ
2576 3138 2670 3190 τοῦ
2695 3137 2850 3191 Θεοῦ.
2879 3138 3191 3209 Είρήκαμεν
3225 3139 3322 3209 μὲν
3353 3137 3458 3207 γὰρ

208 3226 273 3281 ἐν
303 3230 414 3290 τοῖς
448 3228 752 3300 ἔμπροσθεν
774 3271 788 3294 ,
821 3231 1009 3302 ὅτιπερ
1040 3231 1398 3302 ἑρμηνεύεται
1431 3232 1596 3282 Δαῧὶδ
1622 3229 1816 3292 οὕτως,
1852 3229 2194 3296 ἀγαπητὸς,
2251 3228 2326 3289 ὡς
2356 3229 2419 3280 ἐκ
2450 3228 2636 3281 τούτου
2666 3228 3035 3298 λαμϐάνεσθαι
3076 3229 3135 3280 τὸ
3181 3229 3272 3281 τοῦ
3302 3229 3462 3283 Δα6“ιδ

207 3320 382 3391 ὄνομα
415 3324 493 3386 είς
514 3324 604 3377 τὸν
627 3324 723 3378 ’τοῦ
753 3325 886 3378 Θεοῦ
924 3327 1182 3395 μονογενῆ
1219 3325 1379 3376 Υίόνο
1413 3325 1546 3396 ὅπερ
1582 3324 1696 3376 ἔστι
1734 3324 1826 3376 καὶ
1853 3323 1962 3375 νῶν
2001 3321 2139 3394 [νῦν]
2174 3321 2463 3375 ὑπολαϐεῖν
2489 3341 2502 3353 ο
2535 3323 2672 3392 ὅτιή
2719 3324 2990 3394 προσευχὴ
3023 3324 3053 3392 ἡ
3093 3324 3352 3394 εἰρημένη
3401 3326 3460 3376 ἐν

209 3416 291 3488 τῷ
321 3417 519 3490 ψαλμῷ
551 3419 626 3490 τῷ
652 3420 766 3490 Υίῷ
796 3420 887 3474 τοῦ
917 3419 1048 3472 Θεοῦ
1080 3421 1312 3491 εἴρηται.
1353 3421 1506 3473 Ἐστι
1536 3420 1579 3474 δ’
1605 3420 1696 3472 ὅτε
1726 3420 1820 3472 καὶ
1853 3419 2052 3489 ἑτέρως
2079 3421 2250 3472 εἰπεῖν
2282 3421 2359 3482 εἰς
2383 3416 2477 3490 τὴν
2516 3418 2878 3488 προκειμένην
2910 3419 3216 3489 ἐπι-τραςὴν
3237 3458 3250 3481 ν
3275 3421 3458 3490 ἐπειδὴ

209 3514 307 3564 καὶ
334 3513 530 3582 ἑτέρως
557 3514 616 3565 τὸ
639 3513 732 3566 τοῦ
757 3513 918 3567 Δαϐὶδ
954 3515 1123 3585 ὄνομα
1159 3515 1518 3586 ἑρμηνεύεται
1565 3515 1998 3585 πεποθημένος,
2031 3516 2165 3582 ὅπερ
2197 3515 2492 3582 ἀναγκαῖον
2512 3513 2694 3566 λαϐεῖν
2723 3514 2799 3577 εἰς
2835 3513 2923 3566 τὸν
2953 3513 3060 3565 τῶν
3086 3515 3252 3582 ἁγίων
3281 3515 3458 3586 χορὸν,

208 3603 304 3657 τὸν
342 3605 448 3656 ὑπὸ
475 3603 568 3656 τοῦ
592 3603 726 3656 Θεοῦ
767 3604 1162 3674 πεποοημένον,
1197 3606 1272 3670 ὡς
1304 3607 1361 3660 δὲ
1391 3609 1585 3670 αὐτοὺς
1625 3607 1804 3676 λέγειν
1838 3608 1972 3679 πρὸς
2001 3609 2094 3660 τὸν
2125 3608 2253 3659 Υίὸν
2285 3607 2380 3660 τοῦ
2412 3606 2545 3659 Θεοῦ
2573 3607 2663 3658 τὸν
2693 3606 3122 3676 ὑποτεταγμένον
3153 3607 3385 3678 ψαλμὸν.

283 3805 496 3861 Titulus
525 3806 847 3876 praepositus
879 3807 1118 3862 continet
1149 3827 1160 3860 :
1194 3810 1366 3861 oratio
1403 3808 1611 3874 David;
1640 3812 1742 3866 hoc
1770 3820 1854 3867 est
1881 3811 1976 3866 Dei
2018 3811 2174 3865 Filio.
2203 3810 2336 3864 Nam
2365 3810 2615 3880 superius
2650 3809 2905 3875 diximus,
2932 3810 3074 3877 quod
3104 3808 3266 3864 David
3293 3811 3460 3865 inter-

209 3911 462 3974 pretatur
495 3903 600 3957 hoc
635 3903 818 3969 modo,
856 3905 1104 3958 dilectus.
1143 3903 1280 3959 lltnc
1313 3917 1494 3961 autem
1523 3920 1625 3970 est,
1652 3919 1710 3964 ut
1746 3909 2046 3978 accipiatur
2076 3908 2141 3962 de
2174 3907 2456 3975 unigenito
2491 3906 2578 3960 Dei
2613 3905 2770 3970 Filio,
2803 3907 3258 3975 quemadmodum
3293 3908 3454 3962 etiam

208 4011 360 4051 nunc
392 3997 766 4065 accipiendum
799 4005 882 4050 est
914 4015 926 4050 :
962 4011 1187 4065 nempe,
1237 3998 1381 4067 quod
1413 3999 1612 4066 oratio,
1671 4017 1792 4071 qua:
1824 4002 2035 4070 psalmo
2069 4001 2380 4054 continetur
2403 4040 2416 4062 ,
2461 3999 2604 4052 dicta
2633 4005 2716 4050 est
2747 3996 2838 4051 Dei
2871 3997 3023 4049 Filio.
3072 3997 3240 4050 AlllCl‘
3291 3998 3453 4051 etiam

205 4092 472 4161 explicari
499 4101 674 4162 potest
712 4093 902 4148 eadem
931 4093 1236 4163 inscriptio,
1270 4098 1531 4165 quoniam
1559 4111 1612 4153 et
1652 4099 1809 4153 aliter
1842 4114 2042 4152 nomen
2070 4096 2236 4151 David
2277 4097 2681 4164 interpretatur,
2710 4108 2898 4159 nempe
2930 4090 3277 4152 desideratus,
3311 4090 3454 4158 quod

207 4203 436 4245 necesse
463 4199 545 4244 est
575 4191 820 4252 accipere
857 4191 923 4245 de
957 4203 1274 4248 sanctorum
1314 4195 1508 4262 choro,
1543 4197 1690 4267 quia
1722 4196 1833 4252 Deo
1862 4197 2204 4253 desideratus
2237 4205 2353 4256 est,
2388 4197 2461 4248 ita
2501 4200 2559 4246 ut
2598 4191 2698 4260 ipsi
2725 4191 2792 4244 ad
2821 4189 2912 4244 Dei
2940 4187 3134 4241 Filium
3163 4186 3454 4257 psalmum,

211 4286 306 4356 {ui
355 4287 662 4356 subjicitur,
717 4287 918 4342 dicant.

279 4497 334 4551 1.
366 4496 477 4568 Τῆς
500 4497 716 4562 δικαίας
743 4517 842 4569 μου
860 4500 1157 4572 αἰτήσεως.

1964 4494 2017 4550 1.
2045 4493 2256 4548 Justam
2290 4509 2462 4547 meam
2491 4493 2928 4563 postulationem.

277 4587 333 4642 9..
368 4587 573 4659 Εὒτυχε
613 4589 770 4659 αὐτῇ.

1961 4589 2016 4643 2.
2044 4588 2318 4657 Propitius
2342 4592 2390 4642 ei
2417 4588 2519 4654 sis;

279 4679 335 4735 5.
386 4679 663 4733 Ἐνώτισαι
695 4680 790 4752 τὴν
815 4684 1119 4753 προσευχήν
1156 4698 1255 4751 μου
1279 4680 1374 4752 τὴν
1401 4678 1677 4750 ἀληθινήν.

1963 4681 2017 4734 5.
2040 4677 2247 4733 Exaudi
2270 4678 2568 4733 orationem
2593 4693 2765 4731 meam
2787 4692 2894 4730 non
2922 4676 3120 4741 ﬁctam,
3140 4675 3231 4730 sed
3251 4691 3451 4731 veram.

277 4769 332 4825 4.
373 4769 458 4823 Ἑν
487 4773 552 4841 τῇ
582 4771 807 4842 ἀληθείᾳ
833 4789 922 4824 σου
948 4772 1008 4824 τὸ
1035 4771 1246 4841 θέλημά
1273 4788 1372 4841 μου
1398 4771 1555 4824 ἔστω.

1428 4787 1555 4824 στω.
1961 4770 2014 4822 4.
2045 4767 2100 4821 lu
2137 4770 2362 4822 veritate
2388 4777 2474 4821 tua
2505 4769 2754 4821 voluntas
2789 4782 2903 4820 mea
2945 4767 3031 4820 sit.

277 4862 332 4916 5.
364 4863 427 4916 Οἱ
459 4863 560 4932 τῆς
593 4864 816 4934 καρδίας
861 4882 960 4935 μου
990 4865 1253 4935 ὀφθαλμοὶ
1286 4863 1484 4931 γνῶσιν
1515 4862 1787 4934 ἐχέτωσαν
1819 4862 1863 4916 D

1847 4866 1863 4916 ι
1964 4861 2016 4915 5.
2050 4860 2201 4916 Oculi
2230 4860 2412 4915 cordis
2433 4861 2536 4912 mei
2569 4869 2901 4929 cognoscant
2925 4859 3251 4912 voluntatem
3285 4869 3450 4912 tuam.

193 4955 337 5026 περὶ
368 4955 428 5008 τὸ
459 4955 548 5008 σὺν
576 4955 805 5026 θέλημα.

274 5045 330 5099 6.
362 5041 513 5108 Εἶδες
536 5045 634 5116 τὴν
659 5045 884 5117 καρδίαν
916 5065 1017 5116 μου
1044 5043 1209 5100 οὖσαν
1247 5048 1303 5100 ἐν
1339 5037 1660 5118 ἁμαρτίαις,
1693 5047 1786 5098 καὶ¹

1972 5042 2024 5097 6.
2061 5041 2253 5097 Vidisti
2304 5057 2398 5096 cor
2430 5059 2606 5098 meum
2636 5081 2650 5106 ,
2689 5041 2832 5109 quod
2867 5050 2984 5096 erat
3018 5041 3070 5095 in
3101 5043 3370 5110 peccatis,
3403 5051 3456 5095 et

194 5136 510 5210 ὲόοήθησάς
543 5155 656 5207 μοι.

1890 5150 2045 5205 opem
2079 5136 2211 5188 mibi
2243 5136 2435 5197 tulisti,

276 5230 332 5286 7.
370 5229 730 5301 Ἐκαθάρισάς
761 5247 827 5301 με
846 5269 861 5294 ,
896 5229 990 5281 καὶ
1019 5229 1116 5299 οὐχ
1143 5229 1334 5301 εὑρέθη
1356 5229 1411 5283 ὲν
1435 5229 1560 5299 ἐμοὶ
1583 5226 1780 5281 ἀδικία.

1960 5226 2011 5279 7.
2045 5226 2366 5280 Eutundasti
2407 5243 2492 5281 me
2515 5268 2529 5294 ,
2559 5236 2613 5281 et
2644 5243 2752 5281 non
2787 5238 2868 5281 est
2897 5228 3108 5280 inventa
3144 5227 3196 5279 in
3228 5242 3312 5280 me
3353 5227 3453 5279 ini-

1885 5320 2084 5388 quitas.

273 5399 331 5458 8.
361 5401 548 5466 Ὅπως
585 5401 650 5456 ἂν
681 5400 754 5473 μὴ
796 5403 1004 5473 ποιήσω
1040 5401 1107 5455 τὰ
1143 5401 1279 5471 ἔργα
1309 5403 1417 5455 τῶν
1449 5401 1747 5473 ἀνθρώπων
1769 5443 1782 5456 .

1309 5403 1417 5455 τῶν
1449 5401 1747 5473 ἀνθρώπων
1769 5443 1782 5456 .
1969 5410 2022 5463 8.
2057 5409 2133 5463 Nc.
2166 5408 2358 5463 faciam
2394 5424 2556 5480 Opera
2589 5410 2867 5463 hominum
2900 5429 2911 5463 :

268 5492 326 5550 9.
357 5491 456 5547 Διὰ
484 5494 581 5557 τὰς
612 5493 938 5562 ἐπαγγελίας
967 5495 1064 5564 τῆς
1087 5494 1360 5565 βασιλείας
1397 5514 1490 5550 σου
1518 5497 1626 5564 ἐγὼ
1656 5497 1785 5566 ἐφύ-

1963 5503 2014 5556 9.
2053 5503 2280 5570 f'ropter
2311 5503 2702 5571 promissioues
2737 5504 2882 5573 regni
2935 5503 3009 5556 tui
3057 5518 3156 5570 ego
3188 5502 3451 5559 custodiri

187 5583 344 5652 λαξα
369 5584 436 5637 τὰ
467 5585 864 5655 προστάγματά
892 5603 1005 5638 σου.

697 5586 864 5655 (ματά
892 5603 1005 5638 σου.
1887 5603 2157 5662 praecepta
2191 5602 2300 5646 tua.

279 5676 368 5730 10.
388 5678 724 5749 Κατάρτισαι
739 5678 835 5750 τὴν
864 5679 1087 5750 καρδίαν
1111 5698 1211 5751 μου
1228 5683 1306 5743 εἰς
1333 5682 1401 5735 τὰ
1419 5680 1777 5752 δικαιώματα.

1615 5699 1777 5752 ματα.
1959 5683 2047 5736 10.
2085 5682 2289 5737 Perlice
2311 5699 2406 5737 cor
2432 5700 2607 5738 meum
2638 5684 2688 5736 in
2714 5684 3213 5754 justiticatiouibus.

279 5767 367 5820 11.
387 5767 467 5821 Τὰ
481 5769 612 5840 ὀρθὰ
629 5772 872 5839 νοήματα
891 5789 990 5850 μον
1010 5772 1184 5844 ἴναξμὴ
1203 5772 1506 5826 ἀποστῶσιν
1519 5774 1611 5828 ἀπ’
1625 5773 1777 5840 ἐμοῦ.

1728 5773 1777 5828 ὖ.
1961 5774 2043 5828 ll.
2077 5773 2225 5832 Recti
2247 5777 2413 5832 animi
2435 5777 2539 5832 mei
2565 5793 2760 5833 sensus
2787 5793 2853 5833 ne
2880 5791 3018 5832 a-me
3039 5777 3331 5833 discedant.
