4060 6454
596 385 703 445 699
1421 382 1481 437 S.
1522 382 1896 438 ATHANASII
1938 382 2089 439 OPP.
2133 382 2311 439 PARS
2348 383 2435 437 lll.
2474 415 2542 425 ——
2581 381 2988 438 EXEGETICA.
3751 374 3852 430 700

672 507 757 561 12.
793 504 905 575 Ego
950 504 1209 568 clamavi,
1252 505 1510 573 quoniam
1543 504 1814 559 exaudisti
1846 521 1951 568 me,
1988 505 2129 560 Deus
2162 525 2174 560 :
2209 514 2249 567 Α

2245 551 2249 564 .
2366 507 2450 559 12.
2502 505 2643 574 Ἐγὼ
2676 501 2968 577 ἐκέκραξα,
3006 504 3087 555 ὅτι
3122 498 3427 572 ἐπήκουσάς
3461 514 3587 567 μου,
3624 494 3656 546 ὁ
3680 493 3811 556 Θεός
3834 509 3848 526 ·

673 597 994 653 13.1nclina
1029 612 1215 651 aurem
1260 606 1409 651 tuatn
1439 597 1611 664 mibi,
1662 607 1716 652 ct
1766 598 1956 651 exaudi
2004 600 2165 652 verba

2344 600 2429 653 15.
2470 600 2663 652 Κλίνον
2699 598 2759 650 τὸ
2801 593 2893 660 οὖς
2945 612 3035 648 σου
3084 596 3205 664 ἐμοὶ
3230 634 3245 658 ,
3280 592 3373 645 καὶ
3399 588 3718 642 εἰσάκουσον
3744 586 3851 640 τῶν

605 709 743 744 lucu.

2275 694 2534 763 ῥημάτων
2569 710 2688 762 μου.

679 785 761 838 l-i.
795 782 1019 839 Miriﬁca
1053 782 1457 837 misericordias
1491 791 1643 846 tuas,

2348 782 2433 834 M.
2468 780 2869 850 Θαυμάστωσον
2896 779 2963 831 τὰ
3001 778 3126 847 ἐλέη
3157 793 3248 828 σου
3269 815 3283 838 ,

676 877 761 931 15.
797 876 899 942 Qui
926 878 1108 932 salvos
1138 875 1270 930 facis
1303 884 1581 945 sperantes
1614 875 1664 927 in
1693 882 1779 929 te:

2352 870 2437 923 15.
2481 871 2539 923 ’0
2576 869 2761 932 σώζων
2785 871 2909 931 τοὺς
2940 868 3251 932 ἐλπίζοντας
3283 867 3375 917 ἐπὶ
3406 863 3484 916 σέ.

678 969 763 1021 16.
801 972 841 1020 Α
867 968 1248 1022 resistentibus
1274 968 1509 1022 dextera:
1538 978 1641 1022 tute
1662 1007 1677 1031 ,

2355 966 2445 1017 16.
2492 964 2584 1015 Ἐκ
2606 964 2714 1016 τῶν
2743 962 3150 1030 ἀνθεστηκότων
3184 963 3249 1029 τῇ
3274 958 3423 1029 δεξιᾷ
3444 974 3538 1010 σου

679 1062 766 1116 17.
801 1062 1023 1114 Custodi
1060 1077 1143 1113 me
1178 1069 1237 1114 ut
1268 1060 1523 1128 pupillam
1558 1061 1720 1115 oculi.

2351 1055 2435 1107 Π.
2466 1052 2701 1116 Φόλαξόν
2728 1070 2793 1122 με
2823 1052 2895 1113 ὡς
2930 1051 3095 1121 κόρην
3124 1047 3424 1118 ὀφθαλμοῦ.

680 1150 767 1202 18.
803 1149 915 1202 Sub
946 1150 1134 1203 umbra
1161 1150 1367 1201 alarum
1400 1158 1616 1202 tuarum
1642 1159 1888 1219 protcges
1916 1166 2031 1212 me,

2355 1144 2442 1197 18.
2484 1145 2571 1195 Ἐν
2599 1143 2774 1214 σκέπῃ
2800 1140 2908 1193 τῶν
2941 1140 3223 1211 πτερύγων
3260 1156 3351 1191 σου
3381 1136 3679 1198 σκεπάσεις
3709 1150 3806 1203 με,

684 1244 769 1298 19.
798 1245 843 1296 Α
870 1243 1006 1298 facie
1032 1243 1342 1313 impiorum,
1379 1243 1470 1312 qui
1497 1260 1582 1297 tne
1609 1218 1936 1297 afﬂixerunt.

2352 1232 2436 1285 l9.
2486 1232 2617 1284 Ἀπὸ
2645 1230 2934 1300 προσώπου
2983 1229 3193 1283 ἀσεϐῶν
3245 1228 3356 1280 τῶν
3403 1218 3860 1296 τᾶλαιπωρησάν-

2277 1342 2383 1377 των
2416 1340 2503 1393 με.

678 1420 768 1473 20.
805 1418 1011 1474 lnimici
1043 1419 1145 1473 mei
1178 1419 1413 1473 animam
1468 1434 1641 1473 meam
1676 1418 2169 1479 circumdederunt,

2091 1425 2169 1479 ηι,
2348 1420 2438 1473 20.
2475 1419 2537 1471 Οἱ
2571 1416 2751 1486 ἐχθροί
2790 1433 2887 1485 μου
2913 1412 3211 1484 τὴν-ψυχήν
3247 1430 3346 1483 μου
3376 1411 3686 1484 περιέσχον,

681 1512 770 1566 21.
803 1512 1026 1581 Adipetn
1061 1529 1219 1566 suum
1254 1513 1641 1566 concluserunt
1673 1532 1686 1566 :

2352 1510 2439 1564 21.
2474 1509 2545 1561 Τὸ
2570 1509 2733 1578 στέαρ
2763 1506 2940 1561 αὐτῶν
2975 1506 3320 1558 συνέκλεισαν
3339 1520 3350 1533 ·

682 1604 770 1658 22.
802 1603 875 1657 Os
905 1620 1092 1657 eorum
1120 1604 1357 1658 locutum
1389 1612 1472 1657 est
1494 1603 1824 1671 superbiam.

2352 1602 2440 1655 22.
2467 1602 2539 1653 Τὸ
2570 1601 2742 1668 στόμα
2781 1598 2959 1651 αὐτῶν
2985 1598 3244 1665 ἐλάλησεν
3270 1593 3666 1665 ὑπερηφανίαν.

682 1698 771 1752 25.
806 1696 1157 1767 Projicientes
1185 1713 1270 1750 tne
1293 1710 1435 1749 nunc
1458 1695 1931 1749 circumdederunt
1966 1710 2069 1746 tne.

2352 1693 2440 1746 25.
2492 1689 2867 1751 Ἐκϐἁλλοντές
2902 1705 2967 1758 με
2992 1686 3091 1765 νῦν
3126 1684 3569 1756 περιεκύκλωσά.ν
3599 1700 3688 1752 με.

685 1790 778 1845 21.
806 1791 1006 1844 Oculos
1036 1804 1166 1844 suos
1201 1796 1504 1841 statuerunt
1526 1787 1799 1841 declinare
1848 1786 1901 1838 in
1956 1795 2175 1838 terram.

2356 1781 2445 1834 21.
2471 1782 2606 1843 Τοὺς
2628 1780 2937 1849 ὀφθαλμοὺς
2954 1778 3130 1831 αὐτῶν
3150 1778 3327 1829 ἒΟεντο
3351 1776 3591 1827 ἐκκλῖναι
3610 1777 3667 1826 ἐν
3682 1776 3750 1843 τῇ
3770 1775 3865 1843 γῇ.

686 1882 776 1937 25.
800 1881 1165 1951 Susceperunt
1197 1897 1300 1942 me,
1329 1881 1470 1936 sicut
1490 1880 1573 1934 leo
1592 1888 1812 1949 paratus
1827 1877 1891 1931 ad
1923 1877 2178 1946 przetlam,
2214 1861 2254 1915 Β

2351 1869 2441 1925 25.
2486 1870 2780 1922 ’Υπέλαϐόν
2815 1887 2915 1938 με,
2948 1869 3079 1920 ὡσεὶ
3110 1867 3244 1920 λέων
3289 1868 3500 1935 ’έτοιμος
3535 1866 3615 1926 εἰς
3666 1864 3871 1934 Θήραν,

687 1971 777 2026 26.
808 1971 873 2024 Et
899 1973 1038 2026 sicut
1068 1972 1281 2027 catulus
1310 1972 1484 2025 leonis
1518 1970 1769 2023 habitans
1807 1970 1861 2021 in
1891 1968 2108 2022 abditis.

2069 1984 2108 2022 5.
2353 1961 2443 2014 26.
2482 1961 2590 2013 Καὶ
2616 1959 2746 2011 ὡσεὶ
2778 1958 3012 2027 σκύμνος
3038 1957 3201 2014 οἰκῶν
3235 1958 3291 2008 ἐν
3315 1953 3672 2024 ἀποκρύφοις.

696 2062 784 2116 27.
823 2062 1064 2131 Exsurge
1088 2103 1102 2128 ,
1128 2061 1353 2115 Domine
1372 2103 1386 2127 ,
1414 2059 1649 2130 praeveni
1677 2073 1791 2119 eos,
1820 2065 1874 2111 et
1897 2057 2182 2125 supplanta

2351 2050 2439 2103 27.
2485 2047 2768 2116 Ἃνὰστηοι
2794 2086 2809 2110 ,
2871 2047 3039 2117 Κύριε
3066 2086 3080 2108 ,
3148 2046 3457 2117 πρόφοασον
3496 2044 3695 2106 αὐτοὺς
3719 2084 3735 2107 ,
3778 2040 3877 2095 καὶ

621 2167 714 2207 eos
741 2172 753 2206 ε
2291 2136 2647 2189 ὑποσκέλισον
2681 2133 2874 2196 αὐτούς
2890 2151 2901 2163 ·

688 2241 774 2294 28,
812 2240 969 2311 Eripe
996 2242 1234 2297 animam
1262 2255 1435 2296 meam
1462 2240 1529 2294 ab
1562 2239 1761 2309 impio,

2358 2229 2447 2282 28.
2493 2227 2679 2280 Ῥὗσαι
2706 2226 2803 2296 τὴν
2831 2224 3007 2296 ψυχήν
3035 2244 3133 2295 μου
3159 2224 3265 2277 ἀπὸ
3298 2225 3545 2287 ἀσεϐοῦς,

691 2334 779 2387 29.
815 2334 1038 2389 Framea
1073 2345 1161 2389 tua
1191 2335 1260 2388 ab
1283 2334 1519 2388 inimicis
1548 2348 1742 2385 ntanus
1768 2340 1912 2384 tuae:

2357 2320 2447 2373 29.
2488 2320 2758 2389 Ῥομφαία
2790 2337 2881 2371 σου
2910 2318 3017 2371 ἀπὸ
3043 2316 3252 2387 ἐχθρῶν
3278 2318 3374 2385 τῆς
3402 2316 3584 2387 χειρός
3620 2332 3715 2368 σου
3740 2332 3751 2344 ·

693 2424 781 2480 50.
820 2425 1045 2479 Domine
1075 2440 1104 2478 a
1132 2425 1317 2494 paucis
1350 2425 1415 2478 de
1444 2434 1585 2478 terra
1606 2464 1622 2491 ,

2361 2413 2450 2466 50.
2480 2411 2671 2482 Κύριε,
2703 2410 2810 2463 ἀπὸ
2833 2411 3026 2477 ὀλίγων
3068 2408 3174 2461 ἀπὸ
3201 2408 3334 2476 γῆς,

695 2516 783 2569 51.
823 2515 1008 2570 Divide
1035 2532 1128 2571 eos
1167 2516 1220 2569 in
1262 2516 1370 2569 vita
1409 2531 1618 2570 eorum.

2362 2504 2451 2558 51.
2481 2504 2804 2574 Διαμέρισον
2831 2502 3025 2564 αὐτοὺς
3050 2502 3106 2553 ἐν
3141 2504 3205 2572 τῇ
3245 2500 3352 2570 ζωῇ
3382 2500 3580 2553 αὐτῶν.

697 2606 784 2661 52.
818 2607 883 2660 Et
915 2609 981 2663 de
1023 2608 1360 2663 absconditis
1396 2609 1503 2664 tuis
1534 2608 1859 2679 aditnpletus
1887 2615 1972 2663 est
2000 2618 2189 2663 venter

2365 2599 2454 2652 51.
2489 2597 2598 2651 Καὶ
2639 2594 2746 2648 τῶν
2777 2593 3172 2665 κεκρυμμένων
3206 2610 3300 2646 σου
3328 2593 3570 2663 ἐπλήσθη
3600 2594 3634 2663 ἡ
3659 2592 3884 2663 γαστὴρ

624 2712 836 2754 (ξονιιιυ.

2294 2704 2473 2741 αυτων
2493 2704 2504 2716 “

696 2794 784 2847 55.
824 2791 1058 2846 Saturati
1087 2802 1212 2847 sunt
1244 2792 1387 2858 ﬁliis,
1954 2856 1957 2857 ν

1954 2856 1957 2857 ν
2366 2779 2456 2832 55.
2499 2775 2936 2847 Ἑχορτάσῦησαν
2966 2772 3113 2836 υἱῶν,

700 2884 788 2938 54.
819 2883 883 2937 Et
911 2883 1233 2938 dimiserunt
1262 2857 1520 2952 reliquias
1548 2899 1676 2937 suas
1698 2883 1937 2952 parvulis
1965 2883 2100 2938 suis.

2361 2870 2451 2925 54.
2485 2870 2594 2922 Καὶ
2627 2869 2843 2938 ἀφῆκαν
2879 2864 2945 2917 τὰ
2968 2863 3270 2916 κατάλοιπα
3297 2865 3407 2925 τοῖς
3441 2860 3653 2929 νηπίοις
3674 2857 3886 2911 αὐτῶν.

698 2977 785 3031 55.
812 2975 921 3047 Ego
942 2986 1120 3030 autem
1148 2977 1196 3029 in
1218 2974 1431 3044 justitia
1455 2974 1722 3042 apparebo
1744 2974 2056 3043 conspectui
2078 2983 2193 3041 tuo,

2367 2963 2455 3016 55.
2503 2958 2642 3028 Ἐγὼ
2677 2960 2734 3011 δὲ
2772 2960 2828 3010 ἐν
2861 2955 3175 3026 δικαιοσύνῃ
3206 2954 3513 3025 ὀφθήσομαι
3561 2952 3643 3022 τῷ
3703 2967 3888 3022 προσ-

2305 3057 2438 3126 ώπῳ
2470 3072 2583 3117 σου,

702 3148 789 3202 56.
828 3148 1080 3203 Satiabor
1109 3164 1231 3204 cum
1261 3146 1573 3218 apparuerit
1603 3148 1733 3202 mihi
1766 3147 1934 3219 gloria
1973 3158 2081 3202 tua.
2215 3190 2257 3219 ρ

2370 3147 2457 3201 56.
2476 3132 2929 3215 Χορτασοήσομᾶι
2950 3142 3007 3193 ἐν
3022 3140 3097 3210 τῷ
3113 3139 3341 3211 ὀφθῆναέ
3360 3157 3447 3209 μοι
3466 3139 3563 3209 τὴν
3583 3138 3746 3204 δόξαν
3768 3154 3888 3194 σου.

2215 3190 2259 3245 C

1767 3284 2131 3341 ATHANASII
2170 3277 2736 3339 lNTEllPRETATlU.

710 3410 796 3463 12.
826 3408 1117 3479 Propterea
1142 3410 1207 3464 ad
1244 3420 1295 3464 te
1334 3409 1563 3464 clamavi
1617 3416 1873 3478 expertus
1914 3407 2024 3475 jam
2058 3406 2202 3476 quod

2382 3400 2466 3452 12.
2498 3397 2593 3449 Διὰ
2616 3394 2775 3447 τοῦτο
2794 3393 2992 3460 ἐϐόησα
3012 3388 3143 3462 πρὸς
3165 3388 3243 3449 σὲ,
3269 3386 3369 3456 ἤδη
3392 3384 3582 3455 πεῖραν
3603 3401 3699 3436 σου
3725 3384 3893 3453 ἔχων,

643 3500 868 3555 exaudis
902 3516 1019 3563 cos,
1052 3500 1145 3568 qui
1170 3509 1220 3553 te
1242 3501 1624 3569 deprecantur.

2306 3491 2386 3543 ὅτι
2414 3486 2716 3549 εἰσακούεις
2741 3483 2848 3537 τῶν
2873 3482 3141 3552 δεομένων
3176 3497 3286 3531 σου.

707 3594 789 3647 15.
818 3594 1088 3663 Beniguus
1117 3592 1247 3645 mihi
1277 3603 1413 3655 esto,
1442 3604 1496 3647 et
1540 3592 1701 3661 imple
1736 3608 1857 3660 qua:
1889 3606 1918 3644 a
1947 3599 1997 3644 te
2022 3603 2201 3659 posco.

2381 3580 2464 3633 15.
2488 3578 2734 3647 Εὐμενής
2758 3591 2842 3644 μοι
2868 3571 3047 3641 γενοῦ,
3071 3570 3163 3621 καὶ
3183 3568 3464 3637 πλήρωσον
3488 3566 3632 3634 ἅπερ
3650 3564 3793 3618 αἰτῶ
3813 3580 3892 3617 σε.

710 3688 731 3739 -1
754 3687 796 3745 1,
829 3688 914 3740 15.
948 3685 1231 3756 Magniﬁca
1260 3684 1689 3740 misericordiam
1724 3694 1873 3738 tuam
1906 3683 1961 3736 itt
1993 3698 2095 3737 me.

1993 3657 2095 3737 me.
2370 3672 2466 3737 μ.
2504 3669 2590 3723 15.
2617 3666 2931 3734 Μεγαλυνον
2961 3663 3019 3716 τὸ
3049 3662 3196 3723 ἔλεός
3232 3677 3323 3711 σου
3359 3660 3436 3722 εἰς
3460 3657 3578 3727 ἐμέ.

711 3776 795 3831 Hi.
830 3778 913 3830 17.
958 3750 1394 3829 De‘dtemonibus
1420 3776 1660 3843 loquitur
1690 3792 1703 3826 :

2380 3760 2467 3826 16,
2506 3762 2590 3813 17.
2623 3759 2754 3827 Περὶ
2783 3757 2889 3808 τῶν
2923 3752 3192 3822 δαιμόνων
3225 3750 3391 3816 λέγει.

714 3871 799 3923 18.
838 3871 895 3921 ln
920 3868 1404 3937 justilicationibus
1439 3867 1547 3920 tuis
1585 3866 1779 3933 adjuva
1812 3880 1926 3929 nte;

2383 3855 2470 3908 18.
2514 3854 2602 3906 Ἐν
2628 3853 2738 3913 τοῖς
2763 3845 3091 3916 δικαιώμασί
3126 3860 3218 3896 σου
3251 3839 3512 3911 βοήθησόν
3543 3856 3653 3909 μοι.

717 3962 803 4015 19.
843 3961 1177 4022 Dmmunutn,
1219 3959 1311 4028 qui
1350 3973 1571 4027 peccare
1599 3973 1683 4010 me
1717 3956 1977 4011 fecerunt.

2384 3945 2469 3998 19.
2498 3943 2617 3995 Τῶν
2643 3941 2907 4011 δαιμόνων
2936 3938 3041 3991 τῶν
3070 3934 3406 4005 ποιησάντων
3446 3926 3768 4001 ἁμαρτῆσαι
3807 3944 3899 3997 με.

710 4053 801 4105 20.
852 4053 1147 4105 υωιιιυιιθδ.
2379 4039 2468 4092 20.
2503 4040 2564 4089 Οἱ
2586 4037 2854 4106 δαίμονες.

708 4149 769 4201 21
785 4191 797 4203 .
822 4147 1134 4213 Voluptates
1156 4158 1283 4197 suas
1300 4151 1606 4197 statuerunt
1625 4142 1894 4197 declinare
1911 4141 1963 4193 in
1991 4150 2210 4195 terram.

2385 4131 2475 4184 21.
2513 4127 2623 4191 Τὰς
2654 4127 2840 4198 ἡδονὰς
2869 4123 3045 4177 αὐτῶν
3074 4122 3251 4174 ἔθεντο
3276 4119 3518 4171 ἐκκλῖναι
3553 4118 3611 4169 ἐν
3638 4116 3706 4186 τῇ
3731 4118 3832 4186 γῇ.

716 4241 805 4293 22.
838 4239 1169 4291 l’utavcrunt
1198 4253 1255 4289 se
1285 4237 1415 4289 deos
1452 4251 1593 4288 esse.

2384 4222 2475 4276 22.
2517 4220 2819 4289 Ἡγήσαντο
2848 4217 3072 4277 ἑαυτοὺς
3101 4209 3237 4265 εἶναι
3267 4211 3438 4273 Οεοός.

714 4334 795 4386 25.
832 4332 1221 4384 Abstrabentes
1252 4343 1337 4382 tne
1370 4344 1401 4381 a
1434 4337 1485 4380 te
1513 4324 1986 4380 circumdederunt
2016 4341 2121 4378 me.

2384 4315 2472 4367 25.
2511 4307 2947 4369 ’Λποσπάσαντές
2977 4323 3043 4376 με
3066 4305 3172 4357 ἀπὸ
3198 4302 3310 4365 σοῦ,
3330 4297 3782 4372 περιεκύκλωσάν
3814 4313 3903 4367 με.

722 4426 808 4478 21.
834 4424 1132 4477 Consilium
1157 4437 1343 4475 eorum
1370 4418 1697 4480 esteflicerc,
1725 4426 1782 4470 ιιι
1803 4433 1831 4469 a
1856 4427 1906 4470 te
1925 4417 2213 4470 declinent.

2386 4406 2475 4459 24.
2494 4406 2557 4457 Ἦ
2577 4402 2734 4473 βουλὴ
2750 4399 2927 4453 αὐτῶν
2946 4400 3059 4449 ἐστι
3076 4396 3297 4464 ποιῆσαί
3315 4412 3379 4463 με
3397 4392 3641 4445 ἐκκλῖναι
3654 4391 3768 4442 ἀπὸ
3785 4387 3905 4441 σοῦ.

718 4518 809 4583 25,
844 4516 934 4570 26.
972 4515 1128 4569 Sicut
1179 4514 1298 4577 leo,
1348 4521 1401 4566 ct
1435 4510 1650 4565 catulus
1684 4509 1931 4564 habitant
1965 4510 2016 4562 in
2054 4511 2217 4564 corde

2387 4498 2478 4559 25,
2511 4496 2600 4548 26.
2647 4494 2732 4555 Ὠς
2767 4491 2902 4544 λέων
2927 4530 2941 4553 ,
2981 4490 3072 4542 καὶ
3101 4488 3174 4550 ὡς
3198 4485 3433 4555 σκύμνος
3474 4482 3711 4536 οἰκοῦσιν
3747 4484 3809 4533 ἐν
3840 4484 3904 4549 τῇ

651 4628 792 4665 meo.

2320 4590 2518 4662 καρδία
2550 4605 2670 4658 μου.

720 4705 810 4757 27.
859 4700 1017 4765 Veni,
1078 4698 1342 4763 Domine,
1387 4704 1442 4751 et
1495 4694 1739 4766 compedi
1781 4710 1877 4747 eos
1917 4694 2017 4748 sub
2057 4694 2216 4763 pedes
2250 4681 2291 4733 Ῐ)

2388 4684 2481 4738 27.
2529 4679 2697 4743 Ἐλθὲ,
2732 4677 2923 4747 Κύριε,
2953 4675 3047 4727 καὶ¹
3076 4671 3400 4743 συμπόῦισον
3424 4669 3616 4728 αὐτοὺς
3650 4665 3759 4715 ὑπὸ
3777 4665 3904 4726 τοὺς

653 4814 821 4853 111608.

2326 4778 2487 4837 πόδας
2519 4791 2638 4844 μου.

721 4888 909 4944 28-51.
948 4885 1197 4949 Domine,
1230 4884 1478 4939 celeriter
1502 4880 1728 4950 dispelle
1756 4894 1851 4935 eos
1879 4879 1946 4934 ab
1975 4879 2213 4933 homini-

2394 4890 2577 4946 28-51.
2635 4887 2835 4956 Κύριε,
2877 4886 2931 4936 ἐν
2963 4882 3116 4949 τάχει
3161 4874 3506 4931 ὁιασκέδασον
3555 4870 3758 4933 αὐτοὺς
3802 4869 3908 4921 (zz-.3

655 4981 755 5035 bus
786 4999 798 5035 :
2322 4984 2429 5037 τῶν
2468 4982 2786 5052 ἀνθρώπων.

724 5072 813 5125 52.
855 5068 1132 5137 Proiectos
1169 5068 1266 5119 abs
1302 5074 1351 5118 te
1375 5063 1792 5118 devoraverunt.

2401 5076 2489 5129 52.
2516 5075 2650 5135 Τοὺς
2685 5065 3084 5141 ἁπερριμένους
3113 5062 3221 5117 ἀπὸ
3258 5059 3350 5113 σοῦ
3386 5056 3673 5111 κατέπιαν.

724 5165 815 5227 55,
844 5162 934 5217 54-
960 5161 1205 5215 δηῑῑιναιί
1238 5167 1360 5212 31”“
1387 5197 1402 5222 ν
1436 5157 1526 5212 Sed
1564 5156 1787 5226 iniQuis.
2398 5169 2486 5229 55,
2518 5166 2605 5218 51.
2650 5159 3175 5231 Ἐχοέςτάσθησαν,
3228 5151 3361 5208 ἀλλὰ
3399 5150 3503 5202 τῶν
3538 5144 3910 5216 ἁνομούντων.

723 5258 812 5311 55.
852 5257 992 5310 Cum
1020 5252 1224 5307 venerit
1246 5250 1495 5319 judicare
1525 5257 1747 5303 terram.

2397 5259 2487 5312 55.
2524 5259 2686 5309 Ὅταν
2715 5253 2841 5323 ἐλοη
2875 5255 3055 5323 κρῖναι
3083 5249 3179 5317 τὴν
3207 5244 3546 5312 οἰκουμένην.

726 5348 815 5401 56.
844 5347 1012 5400 Cibus
1046 5359 1200 5397 meus
1226 5384 1240 5406 ,
1278 5358 1395 5394 cum
1432 5339 1735 5409 apparuerit
1776 5337 1900 5387 mihi
1928 5336 2097 5405 gloria
2128 5344 2219 5386 tua

2398 5349 2487 5403 56.
2521 5349 2581 5399 ’11
2606 5346 2777 5416 τροφή
2820 5360 2920 5413 μου
2947 5381 2959 5402 ,
2992 5341 3059 5392 ἑν
3079 5338 3156 5402 τῷ
3178 5334 3432 5405 ὀφθῆναί
3449 5350 3546 5401 μοι
3579 5330 3695 5394 τὴν
3721 5329 3832 5389 διὶξ

657 5442 709 5493 in
755 5439 937 5493 futuro
965 5437 1185 5499 saeculo,
1219 5446 1302 5488 est
1333 5435 1386 5487 in
1416 5433 1597 5502 glorim
1624 5438 1729 5482 ture
1757 5427 1986 5481 visione.

2330 5460 2445 5495 σευ
2472 5442 2527 5491 ἐν
2556 5439 2633 5507 τῷ
2671 5436 2914 5506 μέλλοντι
2943 5432 3129 5492 αἰῶνι,
3167 5428 3313 5481 ἐστὶν
3349 5428 3423 5488 εἰς
3458 5424 3515 5476 τὸ
3553 5424 3687 5495 ὁρᾷν
3716 5440 3786 5493 με
3820 5440 3842 5470 τ

2330 5534 2483 5597 δόξαν
2517 5549 2629 5583 σου.

1612 5672 1911 5734 Addenda
1952 5679 2013 5731 et
2047 5671 2416 5750 corrigenda
2469 5687 2544 5729 ex
2578 5668 2712 5729 cod.
2752 5665 2950 5727 Vatic.

746 5826 859 5898 (IS)
897 5827 950 5879 Ἃ
980 5823 1197 5887 hichinc
1220 5841 1300 5876 ετ.
1334 5820 1449 5876 Haec
1482 5821 1705 5874 drlt-nala
1734 5820 1998 5873 \ldt‘llllll'.
