4060 6444
259 368 357 425 τ’ῦὶ
1209 383 1296 438 os
1336 383 1610 443 TlTULlS
1652 387 1773 443 PSA
1789 385 2100 443 Luosuu.
2132 417 2188 428 —
2212 383 2404 440 PSAL.
2442 380 2603 438 xvu.
3371 372 3477 431 702

255 485 356 550 Εἰς
387 485 451 537 τὸ
481 485 651 553 τέλος
703 489 783 556 τῷ
832 492 997 547 παιδὶ
1039 498 1257 565 Kvpiov
1287 498 1365 564 τῷ
1395 502 1593 564 Δαϐὶδ,
1622 500 1660 554 ἁ
1690 501 1828 555 ἐλά-

1872 504 1898 560 Ᾱ
1931 503 1995 559 1η
2057 502 2213 571 ﬁnem
2265 516 2421 569 puero
2443 538 2457 561 ,
2518 496 2729 550 Domini
2764 494 2961 559 David,
2997 506 3112 562 qua:
3142 490 3345 543 locutus
3397 498 3475 544 est

325 580 482 642 λησε
512 577 592 643 τῷ
622 583 813 649 Κυρίῳ
846 585 986 651 τοὺς
1010 589 1228 657 λόγους
1270 589 1378 657 τῆς
1417 591 1572 660 ᾠδῆς
1603 593 1821 658 ταύτης

1990 595 2212 648 Domino
2241 592 2389 644 verba
2414 590 2607 643 cantici
2634 589 2789 657 hujus
2817 589 2872 640 in
2890 586 2991 649 die,
3017 601 3120 655 qua
3145 582 3333 651 eripuit
3359 598 3475 635 eum

326 668 396 722 ἐν
419 670 607 738 ἡμέρᾳ
630 667 670 743 ᾗ
700 673 989 741 ἐρρύσατο
1018 679 1202 732 αὑτὸν
1229 684 1265 734 δ’
1288 680 1503 749 Κύριος
1528 683 1595 735 ἐκ
1628 683 1823 751 χειρὸς

1989 683 2241 735 Dominus
2277 681 2340 733 de
2370 696 2530 732 manu
2560 680 2791 730 omnium
2813 676 3142 730 inimicorum
3171 674 3305 741 ejus,
3342 681 3390 724 et
3414 671 3476 723 de

324 759 564 814 πάντων
584 763 703 816 τῶν
713 765 939 833 ἐχθρῶν
955 770 1158 836 αὐτοῦ,
1177 772 1272 825 καὶ
1296 773 1363 826 ἐκ
1384 772 1579 842 χειρὸς
1601 773 1818 837 Σαοὺλ,

1493 772 1579 839 ρὸς
1601 773 1818 837 Σαοὺλ,
1986 788 2144 824 manu
2177 769 2307 824 Saul
2325 810 2338 833 ,
2363 780 2410 822 et
2439 769 2574 823 dixit
2600 784 2619 822 .'
2646 766 2847 822 PSAL.
2901 764 2950 818 Χ
2968 762 3096 820 νη.

326 853 424 904 καὶ
452 848 653 907 εἶπεν·
693 859 865 911 ΨΑΛ.
892 861 1016 915 ΙΖ’.

329 943 379 1047 1.
409 945 720 1047 ’Ἀγαπήσω
746 966 823 1014 σε,
851 951 1102 1024 Κύριε,η
1140 953 1291 1024 ἰσχύς
1322 971 1445 1024 μου.

1994 946 2045 999 1.
2080 945 2307 1016 Diligam
2338 956 2408 1013 te,
2437 946 2680 1011 Domine,
2717 946 2976 1001 fortitudo
3006 960 3145 1000 mea.

324 1028 379 1085 2.
409 1032 609 1105 Κύριος
638 1038 919 1109 στερέωμὰ
951 1057 1049 1110 μου
1071 1082 1086 1106 ,
1116 1044 1209 1096 καὶ
1238 1046 1520 1116 καταφυγή
1565 1062 1663 1115 μου
1684 1085 1698 1109 ,
1725 1046 1818 1098 καὶ

1984 1038 2040 1091 2.
2072 1036 2332 1093 Dominus
2387 1039 2783 1092 ﬁrmamentum
2839 1053 3018 1091 meum
3048 1077 3062 1103 ,
3110 1046 3163 1091 et
3205 1034 3472 1105 refugium

255 1119 460 1195 ρύστης
489 1142 625 1194 μου,

1921 1140 2125 1182 meum.
2156 1134 2209 1179 et
2230 1125 2484 1181 liberator
2515 1141 2664 1179 meus
2680 1165 2694 1189 ,

332 1211 386 1316 ἴ).
507 1213 637 1278 Θεός
661 1234 783 1287 μου,
816 1219 1008 1294 βοηθός
1042 1242 1165 1294 μου,
1198 1227 1290 1279 καὶ
1323 1225 1490 1279 ἐλπιῶ
1512 1228 1598 1279 ἐπ’
1628 1227 1813 1280 αὐτόν·

1989 1216 2043 1269 5.
2082 1215 2221 1271 Dens
2251 1232 2425 1279 meus,
2456 1215 2666 1286 adjutor
2696 1232 2870 1280 meus,
2898 1226 2950 1271 et
2971 1216 3194 1284 sperabo
3223 1217 3273 1269 in
3303 1231 3422 1271 eum
3456 1233 3470 1269 :

322 1300 381 1354 4.
414 1303 850 1382 ’Υπερασπιστης
881 1330 981 1382 μου
1002 1353 1016 1377 ,
1056 1314 1149 1368 καὶ
1179 1316 1347 1388 κέρας
1371 1318 1641 1389 σωτηρίας
1691 1336 1813 1389 μου,

1991 1307 2046 1361 4.
2081 1304 2362 1360 Protector
2388 1322 2561 1369 meus,
2588 1312 2642 1358 et
2666 1321 2832 1359 cornu
2866 1306 3058 1360 salutis
3091 1321 3241 1371 mea),
3267 1314 3321 1359 ct
3349 1319 3470 1359 sus-

249 1391 344 1445 καὶ
370 1393 551 1466 ἀντιλή
562 1415 713 1470 πτωρ
744 1418 868 1471 μου.

1919 1406 2107 1464 ceptor
2133 1412 2305 1451 meus.

319 1482 373 1535 5.
410 1485 582 1539 Δίνῶν
626 1488 1015 1564 ἐπικαλέσομαι
1046 1495 1137 1548 τὸν
1194 1496 1395 1570 Κύριον
1418 1538 1433 1563 ,
1481 1498 1573 1552 καὶ
1604 1501 1667 1551 ἐκ
1709 1498 1816 1553 τῶν

1983 1488 2037 1542 5.
2078 1486 2330 1541 Laudans
2377 1488 2635 1543 invocabo
2677 1487 2958 1542 Dominum
3050 1498 3101 1542 et
3143 1489 3208 1542 ab
3238 1488 3471 1543 inimicis

246 1572 459 1645 ἐχθρῶν
496 1595 596 1647 μου
628 1581 960 1653 σωθήσομαι.

800 1600 960 1653 ιομαι.
1918 1579 2054 1633 meis
2082 1581 2262 1633 salvus
2291 1594 2403 1632 ero.

317 1663 370 1718 6.
410 1666 701 1739 Περιέσχον
728 1691 794 1742 με
829 1675 1013 1741 ὠδῖνες
1037 1678 1294 1745 θανάτου,

1989 1669 2041 1722 6.
2074 1669 2562 1723 Circumdederunt
2594 1685 2677 1723 me
2704 1670 2918 1725 dolores
2951 1670 3171 1734 mortis,

320 1754 373 1810 7.
406 1758 513 1811 Καὶ
552 1761 837 1835 χείμαρροι
868 1770 1095 1839 ἀνομίας
1126 1770 1447 1843 ἐξετάραξάν
1475 1791 1561 1845 με.

1989 1761 2041 1815 7.
2080 1761 2145 1814 Et
2174 1770 2440 1816 torrentes
2472 1763 2775 1831 iniquitatis
2801 1762 3261 1817 eonturbavcrunt
3290 1777 3394 1816 me.

316 1845 370 1901 8.
414 1850 609 1916 Ὠδῖνες
637 1853 761 1924 ᾅδου
790 1862 1235 1929 περιεκύκλωσάν
1264 1882 1351 1934 με’
1836 1856 1880 1911 Β

1836 1856 1880 1911 Β
1984 1854 2039 1907 8.
2085 1853 2307 1909 Dolores
2332 1853 2527 1908 inferni
2554 1854 3025 1909 circumdederunt
3051 1871 3174 1908 me:

317 1940 369 1995 9.
410 1943 760 2014 Προέφθασάν
799 1967 864 2018 με
901 1954 1121 2020 παγίδες
1150 1955 1401 2011 θανάτου.

1984 1943 2037 1997 9.
2067 1942 2585 2011 Praeoccupaverunt
2612 1958 2697 1997 me
2728 1944 2903 2012 laquei
2939 1946 3147 1998 mortis.

317 2027 404 2082 10.
423 2033 529 2084 Καὶ
541 2034 598 2086 ἐν
609 2034 682 2104 τῷ
694 2036 968 2092 θλίϐεσθαί
982 2059 1046 2109 με
1059 2027 1471 2115 ἐπεκαλεσάμην
1485 2046 1575 2099 τὸν
1591 2045 1812 2116 Κύριον⁹

1735 2054 1812 2099 ον·
1988 2034 2070 2088 10.
2106 2034 2159 2089 In
2194 2036 2541 2089 tribulatione
2577 2050 2693 2089 mea
2723 2035 2963 2088 invocavi
3003 2034 3291 2089 Dominum
3324 2054 3338 2089 :

318 2118 405 2175 11.
437 2123 544 2177 Καὶ
572 2127 706 2196 πρὸς
733 2128 823 2180 τὸν
849 2130 978 2183 Θεόν
1015 2148 1116 2200 μου
1151 2134 1437 2205 ἐκέκραξα.

1347 2135 1437 2200 ιξα.
1986 2129 2073 2182 ll.
2105 2128 2170 2181 Et
2199 2129 2264 2182 ad
2302 2127 2468 2182 Deum
2499 2143 2676 2183 locum
2705 2128 2950 2182 clamavi.

317 2207 402 2263 η
446 2213 715 2267 Ἤκουσεν
737 2218 801 2269 ἐκ
828 2218 954 2270 ναοῦ
982 2220 1135 2288 ἁγίου
1170 2222 1333 2275 αὐτοῦ
1365 2226 1547 2293 φωνῆς
1578 2239 1677 2295 μου
1698 2240 1712 2254 ’

1984 2218 2071 2273 12.
2114 2216 2178 2274 Et
2225 2218 2502 2273 exaudivit
2541 2220 2609 2274 de
2662 2219 2857 2289 templo
2896 2229 3085 2274 sancto
3136 2236 3237 2275 suo
3282 2236 3466 2277 vocem

1914 2325 2087 2364 meam
2114 2327 2127 2363 Ξ

1356 2400 1733 2457 ATIIANASII
1772 2403 2360 2459 INTERPRETATIO.

326 2478 391 2533 Ἦ
424 2487 754 2560 προκειμένη
782 2490 1059 2565 ἐπιγραφὴ
1081 2496 1325 2567 περιέχει
1344 2512 1358 2525 ⁸
1398 2501 1503 2564 Εἰς
1528 2498 1594 2553 τὸ
1623 2500 1790 2567 τέλος
1814 2500 1894 2566 τῷ
1922 2501 2087 2555 παιδὶ
2112 2503 2330 2570 Κυρίου
2359 2500 2436 2567 τῷ
2457 2499 2664 2555 Δαϐίδο
2694 2502 2987 2564 τουτέστιν,
3016 2500 3051 2554 ἃ
3075 2500 3333 2573 ἐλάλησεν
3359 2502 3467 2574 (15)

237 2570 336 2666 ἐξ).
371 2574 514 2627 τέλει
544 2578 650 2630 τῶν
688 2580 896 2635 αἰώνων
922 2584 996 2655 τῷ
1027 2585 1331 2642 δουλεύοντί
1356 2590 1435 2661 τῷ
1455 2591 1642 2665 Κυρίῳ
1664 2591 1773 2662 λαῴ
1806 2593 2167 2665 πεποθημένῳ
2186 2610 2198 2623 ·
2232 2594 2390 2648 τοῦτο
2413 2594 2520 2665 γὰρ
2544 2594 2775 2647 ἐνταῦθα
2806 2594 3160 2666 ἑρμηνεύεται
3180 2570 3260 2659 τδ,
3286 2570 3466 2661 Δαθίδ.

238 2660 374 2719 Εἶτα
405 2669 485 2734 τὸ,
532 2675 597 2726 "A
626 2674 893 2743 ἐλάλησε
917 2678 995 2745 τῷ
1018 2682 1211 2750 Κυρίῳ
1234 2683 1375 2750 τοὺς
1399 2660 1623 2754 λόγοιθξ
1645 2660 1758 2755 τῆξ
1784 2687 1943 2757 ᾠδῆς
1986 2660 2202 2756 ταύταις
2228 2689 2298 2741 ἐν
2324 2660 2512 2757 ἡμέρςι
2540 2683 2577 2759 ᾗ
2608 2660 2899 2756 ἐρρύσατο
2933 2660 3118 2742 αὐτὸν
3158 2692 3370 2758 Κύριος
3399 2660 3468 2743 ἐκ

233 2762 439 2856 ζειρὸς
462 2765 700 2822 πάντων
716 2771 836 2826 τῶν
854 2774 1080 2843 ἐχθρῶν
1101 2778 1309 2841 αὐτοῦ,
1337 2782 1479 2851 φημὶ
1502 2782 1565 2851 δὴ
1589 2784 1698 2836 τῶν
1723 2784 2048 2854 ἀκαθάρτων
2084 2785 2414 2856 πνευμάτων
2444 2785 2709 2856 ἐρρύσατο
2733 2786 2911 2838 αὐτόν.
2944 2782 3074 2838 Εἶτα
3092 2804 3104 2816 ·
3129 2788 3237 2840 Καὶ
3261 2785 3468 2856 ἐχθρὸς

238 2850 331 2925 [ἐκ
360 2856 559 2928 χειρὸς]
594 2861 824 2913 Σαούλ’
869 2863 1005 2934 ὅπερ
1033 2850 1406 2935 ἑρμηνεύεται
1432 2870 1528 2923 καὶ
1557 2850 1753 2940 χειρὸς
1783 2874 1889 2928 τοῦ
1912 2850 2242 2941 διαϐόλου,
2291 2876 2383 2929 τοῦ
2418 2850 2732 2949 αἰτουμένου
2766 2878 2939 2931 πάντα
2986 2879 3264 2949 ἄνθρωπον
3405 2850 3469 2936 τῦ

235 2949 534 3043 τῑειρᾶταιο
570 2950 727 3003 τοῦτο
754 2952 862 3025 γὰρ
890 2956 1251 3027 ἑρμηνεύεται
1293 2960 1355 3012 τὸ
1408 2961 1583 3016 Σαοὺλ
1607 3004 1621 3025 ,
1658 2966 1901 3033 αὶτητός
1940 2965 2235 3040 [αἰτητής].
2299 2968 2497 3033 Καθὼς
2527 2972 2692 3025 πάλαι
2720 2972 3046 3043 ἐπειράσατο
3072 2973 3163 3025 καὶ
3196 2972 3284 3025 τὸν
3325 2971 3465 3040 Ἰὼϐ,

235 3039 479 3135 ᾐτήσατο
506 3046 763 3114 πειρᾶσαι
793 3048 885 3100 καὶ
913 3050 1039 3114 τοὺς
1068 3053 1417 3119 ἀποστόλους,
1443 3056 1519 3119 ὡς
1541 3059 1569 3109 ὁ
1597 3058 1803 3129 Κύριος
1833 3062 1964 3115 αὐτὸ
1990 3062 2147 3117 τοῦτο
2174 3063 2250 3135 τῷ
2275 3065 2466 3135 Πέτρῳ
2490 3065 2636 3133 λέγει
2656 3085 2670 3098 ν
2715 3039 2923 3135 Πέτρε,
2964 3067 3142 3135 Πέτρε
3161 3107 3176 3131 ,
3212 3039 3470 3133 ποσάκις

234 3132 508 3202 ᾐτήσατο
538 3136 693 3205 ὑμᾶς
725 3142 758 3192 ό
781 3143 1049 3208 Σατανᾶς
1075 3146 1342 3200 σινιᾶσαι
1370 3150 1450 3217 ὡς
1476 3153 1582 3205 τὸν
1609 3153 1817 3207 σῖτον]

313 3244 525 3303 Titulus
549 3254 869 3322 prmpositus
891 3261 1130 3314 continuet
1155 3280 1167 3315 :
1191 3260 1256 3315 In
1290 3263 1445 3330 ﬁnem
1470 3282 1629 3334 puero
1650 3268 1859 3324 Domini
1886 3269 2052 3326 Dauid
2080 3287 2099 3326 :
2123 3271 2236 3330 Hoc
2259 3283 2362 3340 est,
2393 3276 2444 3329 in
2472 3275 2579 3330 ﬁne
2612 3277 2931 3331 smeulorum
2964 3275 3217 3330 servienti
3239 3273 3468 3331 Domino

236 3342 443 3440 populo
472 3344 804 3440 desiderato.
860 3349 935 3405 lla
969 3354 1113 3408 enim
1152 3358 1238 3411 hic
1265 3358 1648 3429 interpretatur
1675 3362 1862 3420 David.
1911 3367 2113 3424 Deinde
2142 3389 2156 3425 :
2188 3387 2304 3440 quae
2336 3371 2538 3425 locutus
2568 3379 2644 3423 est
2673 3369 2890 3422 Domino
2912 3367 3061 3419 verba
3087 3367 3277 3420 cantici
3310 3366 3466 3435 hujus

330 3429 578 3529 die,_qua
628 3438 821 3505 eripuit
853 3456 970 3493 eum
1006 3442 1256 3499 Dominus
1291 3448 1356 3499 de
1390 3465 1550 3503 manu
1580 3454 1807 3506 omnium
1845 3457 2177 3512 inimicorum
2204 3463 2316 3528 ejus
2343 3499 2359 3524 ,
2389 3459 2791 3513 immundorum
2821 3503 2835 3528 ,
2872 3460 3132 3529 inquam,
3176 3458 3464 3528 spirituum

235 3521 490 3621 liberavit
526 3540 671 3580 eum.
706 3527 900 3585 Postea
929 3553 940 3587 :
966 3543 1013 3585 et
1042 3533 1106 3587 de
1143 3552 1303 3589 manu
1330 3537 1463 3592 Saul
1487 3556 1505 3593 :
1527 3545 1670 3611 quod
1705 3545 2120 3616 interpretatur,
2161 3561 2210 3605 et
2223 3521 2301 3605 -άε
2328 3521 2487 3605 manu
2514 3551 2734 3615 diaboli,
2772 3521 2864 3621 qui
2891 3521 3023 3619 petit
3050 3521 3263 3604 omnem
3295 3550 3470 3604 homi-

234 3632 363 3671 nem
394 3619 468 3718 ad
501 3636 624 3674 eum
659 3625 993 3718 tentandum.
1057 3626 1186 3683 Saul
1215 3634 1358 3685 enim
1390 3634 1770 3705 interpretatur
1799 3644 1991 3711 petitus
2034 3644 2291 3718 [petitor].
2351 3619 2815 3713 Quemadmodum
2851 3648 2979 3700 olim
3012 3647 3233 3700 tenta-vit
3260 3657 3313 3701 et
3340 3646 3465 3711 Job,

232 3710 495 3808 expetivit
522 3718 728 3768 tentare
772 3716 931 3771 etiam
969 3722 1244 3789 apostolos
1268 3766 1282 3789 ,
1313 3724 1457 3779 sicut
1485 3725 1748 3788 Dominus
1777 3735 1881 3791 hoc
1928 3710 2105 3807 ipsum
2143 3710 2304 3794 Petio
2330 3710 2463 3794 dixit
2504 3757 2519 3795 ε
2563 3739 2745 3806 Petre,
2773 3736 2959 3803 Petre,
3006 3738 3206 3808 quoties
3233 3710 3465 3793 Satanas

229 3806 481 3873 expetivit
513 3824 621 3872 vos,
653 3820 709 3864 ut
741 3813 993 3868 cribraret
1026 3817 1162 3869 sicut
1196 3819 1431 3873 triticum
1453 3822 1532 3875 ιιι

309 3893 357 3948 1.
387 3896 557 3949 Πόθον
596 3899 895 3971 ἐνδείξομαι
924 3904 980 3955 ἐν
1014 3906 1134 3968 σοὶ,
1157 3905 1329 3979 Κύριε
1352 3948 1366 3973 ,
1399 3910 1428 3961 ὁ
1452 3910 1703 3981 δυναμῶν
1737 3928 1805 3983 με
1833 3918 1874 3977 C

1861 3920 1874 3975 ζ
1983 3916 2037 3970 1.
2062 3914 2325 3971 ΑΠεοιυηι
2356 3933 2537 3972 meum
2565 3917 2847 3974 ostendam
2880 3920 2932 3974 in
2966 3928 3036 3985 te,
3072 3920 3303 3979 Domine
3326 3966 3342 3988 ,
3372 3929 3464 3997 qui

232 3986 318 4050 είς
353 3989 530 4041 πᾶσαν
558 3989 845 4059 ἀρέσκειαν
870 4011 992 4062 μου.

1910 4008 2054 4064 vires
2078 4008 2211 4062 mihi
2248 4008 2442 4063 tribuis
2470 4010 2534 4063 ad
2563 4025 2779 4064 onmem
2806 4028 2978 4066 meam
3005 4016 3356 4073 voluntatem.

306 4076 361 4131 2.
392 4079 613 4171 Κύριος,
646 4081 978 4153 διαχωρίζων
1008 4088 1102 4140 ἀπ’
1139 4088 1274 4159 ἐμοῦ
1307 4092 1486 4146 πᾶσαν
1522 4092 1808 4167 ἐπιϐουλὴν

1977 4101 2030 4154 2.
2064 4100 2325 4156 Dominus
2350 4117 2607 4171 separaris
2629 4118 2657 4155 a
2684 4117 2770 4155 me
2795 4117 2982 4157 omnes
3028 4106 3252 4164 insidias
3286 4111 3466 4167 inimio

227 4167 346 4223 τῶν
375 4170 583 4242 ἐχθρῶν
612 4191 710 4244 μου
734 4215 747 4237 ,
788 4175 846 4228 ὃν
876 4178 1075 4249 τρόπον
1102 4181 1410 4253 διαχωρίζει
1432 4184 1491 4237 τὸ
1517 4185 1807 4258 ’στερέωμα

1907 4208 2097 4248 eorum
2128 4209 2397 4259 meorum,
2421 4194 2877 4263 quemadmodum
2905 4197 3301 4256 ﬁrmamentum
3330 4205 3466 4259 divi-

230 4262 505 4332 ἀναμὲσον
534 4264 725 4329 ὕδατος
750 4269 843 4320 καὶ
872 4268 1037 4323 ὕδατι.

903 4269 1037 4323 ὅατι.
1906 4286 1987 4340 dit
2015 4301 2188 4356 aquas
2219 4287 2288 4341 ab
2324 4262 2503 4356 aquis.

306 4354 358 4408 5.
404 4354 461 4407 '0
482 4354 612 4417 Θεός
644 4374 744 4427 μου
772 4359 1018 4429 ἀφαιρῶν
1044 4361 1138 4414 ἀπ’
1180 4361 1313 4431 ἐμοῦ
1344 4365 1449 4417 πᾶν
1480 4364 1677 4437 βάρος,
1709 4368 1807 4422 καὶ

1977 4376 2030 4430 5.
2068 4376 2212 4432 Deus
2265 4393 2419 4432 meus
2450 4376 2703 4433 auferens
2744 4392 2776 4431 a
2811 4393 2898 4434 me
2942 4396 3103 4438 omne
3135 4387 3383 4453 pondus,
3413 4398 3463 4443 et

227 4445 423 4501 ἑλπιῶ
446 4448 539 4501 ἐπ’
561 4452 767 4506 αὐτόν.

1906 4466 2124 4535 sperabo
2162 4467 2217 4519 in
2250 4482 2387 4524 eum.

303 4539 356 4592 4.
384 4540 699 4613 Σκεπαστής
722 4561 844 4614 μου,
873 4546 967 4598 καὶ
990 4546 1239 4617 βασιλεὺς
1260 4550 1359 4622 τῆς
1379 4552 1651 4624 σωτηρίας
1680 4571 1802 4625 μου,

1977 4558 2031 4612 4.
2060 4557 2322 4614 Defensor
2345 4576 2498 4618 meus
2521 4603 2536 4628 ,
2570 4574 2629 4619 et
2652 4580 2747 4619 rex
2783 4566 2976 4621 salutis
3007 4581 3159 4633 meae,
3188 4577 3240 4622 et
3267 4567 3461 4624 vindex

225 4633 326 4686 καὶ
359 4634 802 4706 ἀντιποιούμενος
830 4655 950 4708 μου.
1906 4662 2079 4701 meus.

304 4722 356 4776 5.
389 4724 522 4795 Περὶ
553 4724 661 4779 τῶν
694 4727 1016 4801 ἀκαθάρτων
1049 4733 1370 4801 πνευμάτων
1399 4734 1563 4805 λέγει.

1469 4754 1563 4805 γει.
1976 4739 2030 4793 5.
2066 4738 2140 4794 De
2170 4740 2467 4797 immundis
2501 4745 2784 4814 spiritibus
2817 4747 3072 4817 loquitur.

304 4813 357 4868 6.
388 4814 554 4887 Πέριξ
592 4818 690 4889 τῆς
722 4820 897 4891 ψυχῆς
932 4838 1035 4892 μου
1092 4824 1423 4897 συνέστησαν
1462 4831 1517 4882 al.
1569 4830 1801 4884 ἐναντίαι

1977 4824 2031 4878 6.
2061 4824 2217 4880 Circa
2248 4830 2485 4884 animam
2521 4813 2694 4886 meam
2737 4813 3097 4891 constiterunt
3140 4838 3462 4898 adversariae

221 4904 507 4975 δυνάμεις.

1903 4924 2215 4984 potestates.

303 4997 358 5053 7.
397 4998 483 5061 Ὠς
514 4998 757 5071 ῥεύματα
788 5000 1013 5068 ὑδάτων,
1040 4998 1211 5069 οὕτως
1234 5006 1529 5080 ἐνέρῤηξάν
1551 5027 1660 5083 μοι.

1978 5006 2027 5061 7.
2048 5005 2329 5077 Tanquam
2348 5026 2611 5079 aquarum
2624 5013 2841 5080 ﬂuctus,
2860 5015 2931 5070 ita
2954 5016 3005 5069 in
3025 5034 3110 5073 me
3127 5018 3455 5090 irruperunt.

301 5089 355 5143 8.
390 5091 498 5142 Kal.
528 5090 853 5164 ἐνθυμήσεις
910 5097 1206 5163 σκοτειναὶ,
1234 5100 1327 5153 καὶ
1358 5100 1614 5171 ζοφώδεις
1646 5121 1802 5177 περι-

1975 5099 2029 5153 8.
2064 5099 2133 5155 Et
2177 5102 2513 5171 tenebrosae,
2556 5112 2611 5159 et
2637 5105 2948 5175 caliginosa:
2978 5089 3332 5177 cogitationes
3363 5130 3463 5170 eor

219 5177 545 5245 εκύκλωσαν
570 5180 666 5251 τὴν
695 5182 922 5253 καρδίαν
953 5201 1078 5255 μου.

1002 5201 1078 5243 ου.
1904 5209 2085 5247 meum
2118 5193 2605 5249 circumdederunt.

297 5270 351 5325 9.
393 5271 867 5347 Ἐκραταιώθησαν
897 5277 1035 5348 ὑπὲρ
1062 5277 1162 5350 ³μὲ
1193 5281 1249 5333 ai
1285 5281 1392 5336 τῶν
1420 5284 1673 5339 ἐναντίων
1697 5287 1791 5341 δυ-
1822 5266 1866 5323 ί)

1856 5274 1866 5319 ⁵
1965 5283 2017 5337 9.
2050 5282 2401 5337 luvaluerunt
2426 5300 2591 5355 super
2627 5297 2723 5342 me
2753 5288 3186 5347 adversar-iarqu
3227 5305 3459 5367 potesta-

213 5362 441 5432 νάμεων
474 5363 716 5431 παγίδες.

630 5366 716 5426 ias.
1890 5384 2005 5431 tum
2038 5376 2233 5445 laquei.

296 5454 385 5508 10.
417 5454 519 5514 Εἰς.
544 5455 793 5526 βοήθειάν
822 5476 941 5529 μου.

1972 5467 2058 5524 10.
2097 5468 2155 5522 In
2190 5470 2451 5524 auxilium
2489 5487 2687 5528 meum.

298 5546 385 5599 11.
436 5546 522 5598 Ἐν
549 5547 693 5619 πόνῳ
723 5549 821 5621 τῆς
853 5551 1077 5624 καρδίας
1109 5573 1208 5626 μου
1234 5558 1452 5631 ἐϐόησα.

1970 5564 2058 5617 11.
2097 5562 2156 5617 ln
2192 5565 2375 5619 labore
2400 5567 2582 5622 cordis
2606 5568 2713 5623 mei
2749 5568 3001 5625 clamavi.
3113 5616 3116 5620 .

295 5636 383 5690 ιε.
426 5637 520 5691 Ἐκ
548 5637 643 5691 τοῦ
673 5640 900 5711 ούρανοῦ
922 5643 1083 5714 λέγει.

922 5643 1083 5714 λέγει.
1968 5653 2052 5708 12.
2089 5653 2165 5710 De
2194 5656 2330 5711 celo
2356 5655 2504 5711 dicit.

292 5728 333 5758 ¹¹
374 5725 507 5783 Luc.
542 5746 673 5793 χχιι,
710 5730 797 5785 51.
