4060 6436
599 340 705 396 705
1447 352 1503 406 S.
1546 353 1918 411 ATHANASII
1956 354 2108 412 OPP.
2151 355 2192 411 P

2327 382 2331 406 ι
2369 356 2455 412 111.
2490 387 2558 398 -
2594 355 3004 413 EXEGETICA.
3748 357 3854 413 704

675 461 760 515 15.
795 460 857 514 Ει
886 464 1092 519 clamor
1125 481 1278 522 meus
1329 469 1380 523 in
1411 485 1705 543 conspectu
1735 477 1854 546 ejus
1878 519 1893 544 ,
1923 479 2166 534 introibit
2192 484 2239 541 Α

601 552 656 608 In
685 568 847 608 aures
873 556 1010 623 ejus.

676 641 761 694 14.
800 642 862 697 Et
891 658 1162 702 commota
1198 659 1299 713 est,
1331 660 1382 705 ct
1407 658 1734 710 contremuit
1766 668 1940 724 terra;

677 733 762 787 15.
799 734 862 789 Et
891 736 1236 795 fuinlameuta
1271 745 1533 798 montium
1565 750 1880 804 conturbata
1912 762 2058 807 sunt.

674 824 758 878 16.
800 825 862 879 Et
887 839 1157 883 commota
1191 843 1351 898 sunt;
1387 837 1646 902 quoniam
1683 839 1856 894 iratus
1878 851 1960 896 est
1989 843 2086 897 eis.

675 914 761 967 17.
793 917 1046 972 Ascendit
1075 918 1256 974 furnus
1291 924 1340 975 in
1370 925 1447 978 ira
1486 926 1639 993 ejus;

674 1004 758 1056 18.
805 1004 866 1056 Et
896 1007 1032 1075 ignis
1063 1025 1091 1062 a
1121 1011 1255 1065 l'acie
1286 1013 1402 1080 ejus
1432 1019 1765 1082 exardeseet,

677 1096 764 1149 19.
801 1097 1072 1153 Carlzones
1113 1105 1358 1157 SIICt‘C.:Si
1390 1117 1517 1159 sunt
1546 1109 1613 1160 ab
1644 1125 1726 1163 eo.

672 1188 759 1240 20.
792 1188 855 1241 lit
881 1191 1156 1246 inclinavit
1188 1197 1373 1256 cados.
1415 1207 1468 1251 et
1490 1199 1768 1256 descendit
1803 1219 1816 1256 :

675 1278 760 1332 21.
797 1268 856 1334 lit
881 1283 1057 1352 caligo
1088 1285 1188 1338 sub
1225 1287 1448 1354 pedibus
1478 1290 1613 1357 ejus.

670 1368 757 1423 2'2.
801 1369 865 1424 Et
889 1357 1133 1428 ascvndit
1163 1392 1323 1446 super
1349 1379 1650 1443 cherubim.
1683 1391 1736 1436 et
1758 1383 1995 1450 volavit;

674 1461 765 1515 23.
800 1461 1010 1519 Volavit
1040 1483 1202 1537 super
1241 1485 1444 1538 pennas
1471 1482 1776 1526 ventorum.
1809 1494 1813 1499 ~

677 1550 766 1608 21.
801 1554 867 1609 Et
900 1561 1080 1627 posuit
1105 1562 1353 1616 tenebras
1374 1603 1388 1624 .
1417 1564 1701 1618 latibulum
1730 1582 1889 1621 suum
1921 1587 1932 1621 :

675 1647 765 1700 25.
809 1647 864 1702 ln
894 1651 1120 1706 circuitu
1152 1654 1270 1723 ejus
1297 1656 1704 1712 tabernaculum
1737 1661 1855 1728 ejus
1877 1701 1891 1724 ,

674 1735 764 1789 26.
800 1736 1106 1796 Tenebrosa
1141 1761 1280 1813 aqua
1321 1745 1374 1798 iu
1411 1748 1645 1802 nubibus
1679 1751 1841 1805 aeris.

2341 479 2424 533 15.
2455 478 2564 532 Kal
2590 479 2623 548 ἡ
2654 479 2868 549 κραυγή
2901 495 3000 548 μου
3035 477 3265 534 ἐνώπιον
3290 479 3451 535 αὐτοῦ
3482 478 3849 534 εἰσελεύσεται

2267 569 2347 630 εἰς
2376 566 2443 620 τὰ
2471 565 2585 618 ὦτα
2622 566 2806 620 αὑτοῦ.

2341 658 2428 711 14.
2469 659 2577 710 Kal
2608 657 2904 728 ἐσαλεύθη,
2936 659 3027 712 καὶ
3057 657 3313 730 ἔντρομος
3340 659 3572 730 ἐγενήθη
3605 663 3638 730 ὴ
3674 661 3748 731 γῆ
3769 680 3783 694 ο

2344 751 2431 805 15.
2468 749 2578 802 Kal
2601 750 2670 804 τὰ
2699 749 2920 819 Οεμέλια
2948 750 3054 803 τῶν
3079 751 3247 821 ὀρέων
3275 752 3686 822 ἐταράχθησαν,

2344 840 2429 897 16.
2468 842 2575 893 Kal
2601 840 2966 910 ἐσαλεύοησαν
2985 860 2997 872 ·
3027 843 3107 896 ὅτι
3130 841 3370 914 ὠργίσθη
3406 844 3611 907 αὐτοῖς.

2343 931 2429 985 17.
2475 929 2668 1000 Ἀνέϐη
2700 931 2904 995 καπνὸς
2931 932 2987 983 ἐν
3013 931 3148 1001 ὀργῇ
3188 929 3381 983 αὑτοῦ·

2345 1021 2431 1075 18.
2455 1021 2562 1074 Kal
2581 1020 2690 1092 πῦρ
2719 1020 2825 1072 ἀπὸ
2852 1020 3140 1092 προσώπου
3162 1020 3325 1073 αὐτοῦ
3343 1020 3828 1090 καταφλεγῇσεται
3843 1037 3856 1050 ·

2346 1114 2434 1168 19.
2473 1111 2773 1183 Ἀνθρακες
2802 1112 3118 1184 ἁνήφοησαν
3144 1115 3239 1167 ἀπ’
3263 1114 3446 1168 αὐτοῦ.

2342 1203 2432 1258 20.
2468 1203 2578 1256 Kal
2602 1203 2810 1256 ἔκλινεν
2841 1205 3122 1274 οὐρανοὺς,
3167 1207 3260 1257 καὶ
3289 1204 3492 1276 κατέϐη
3512 1220 3525 1234 ο

2339 1294 2428 1347 21.
2466 1295 2572 1346 Καὶ
2599 1296 2793 1361 γνόφος
2823 1295 2926 1347 ὑπὸ
2952 1298 3078 1358 τοὺς
3101 1297 3264 1359 πόδας
3292 1295 3475 1348 αὑτοῦ.

2341 1384 2431 1439 22.
2464 1385 2571 1436 Kal
2597 1384 2769 1454 ἐπέϐη
2804 1385 2896 1436 ἐπὶ
2925 1385 3210 1456 χερουσιμ,
3247 1387 3340 1438 καὶ
3369 1384 3641 1457 ὲπετάσθη
3661 1403 3677 1418 ·
3753 1436 3755 1438 .

2340 1476 2429 1530 25.
2467 1476 2768 1546 Ἐπετάσοη
2800 1478 2893 1529 ἐπὶ
2923 1477 3206 1549 πτερύγων
3233 1478 3468 1548 ἀνέμων.

2338 1565 2428 1618 21.
2455 1566 2565 1619 Kal
2595 1566 2746 1620 ξΟετο
2772 1568 2959 1630 σκότος
2984 1570 3303 1639 ἁποκρυφὴν
3330 1567 3492 1622 αὑτοῦ
3513 1583 3527 1597 °

2340 1657 2429 1710 25.
2468 1657 2665 1729 Κύκλῳ
2695 1657 2858 1712 αὐτοῦ
2885 1662 2918 1729 ὴ
2947 1659 3117 1730 σκηνὴ
3141 1659 3302 1712 αὑτοῦ
3323 1700 3339 1724 ,

2340 1748 2428 1802 26.
2459 1750 2736 1804 Σκοτεινὸν
2770 1749 2915 1822 ὕδωρ
2941 1753 2997 1804 ἐν
3022 1751 3272 1819 νεφέλαις
3301 1750 3493 1820 ἀέρων.

674 1827 763 1882 27.
793 1828 909 1885 Pra:
937 1832 1145 1904 fulgore
1174 1837 1226 1890 in
1255 1850 1547 1908 conspectu
1590 1841 1708 1912 ejus
1736 1843 1906 1897 nubes
1940 1842 2169 1896 transie-

2343 1843 2432 1896 27.
2488 1842 2619 1895 Ἀπὸ
2670 1847 2766 1914 τῆς
2794 1844 3182 1915 τηλαυγήσεως
3214 1843 3442 1898 ἐνώπιον
3473 1846 3638 1901 αὐτοῦ
3677 1847 3736 1900 αἱ
3771 1862 3865 1899 νε·-

669 2009 756 2064 28.
791 2011 1029 2080 Grando,
1071 2025 1125 2070 et
1160 2020 1424 2076 carbones
1449 2023 1609 2090 ignis.

672 2102 761 2157 29.
798 2103 862 2157 Et
896 2107 1119 2162 intonuit
1163 2112 1229 2164 de
1257 2114 1396 2166 etnlo
1433 2112 1728 2168 Dominus:

674 2196 763 2251 50.
793 2197 857 2251 Et
886 2199 1199 2257 Altissimus
1227 2203 1373 2257 dedit
1399 2219 1585 2259 vocem
1617 2221 1769 2260 suam
1802 2224 1815 2260 :

676 2290 763 2344 51.
798 2290 942 2345 Misit
979 2293 1203 2359 sagittas
1227 2311 1389 2361 suas;
1426 2307 1479 2350 et
1513 2297 1795 2366 dissipavit
1824 2314 1957 2353 eos:

675 2380 762 2434 52.
799 2379 862 2435 Ει
901 2381 1115 2452 fulgura
1151 2386 1560 2456 multiplicavit;
1599 2396 1651 2442 et
1683 2388 2025 2443 conturbavit
2050 2403 2165 2444 eos.

673 2563 762 2618 55.
804 2563 870 2618 Ει
903 2579 1274 2635 apparuerunt
1306 2568 1481 2625 fontes
1503 2585 1807 2641 aquarum;

2276 1928 2432 1996 ερέλαι
2459 1927 2670 1997 amem
2691 1967 2706 1990 ,

2345 2019 2434 2074 28.
2473 2019 2716 2084 Χάλαζα,
2748 2020 2842 2074 καὶ
2871 2020 3139 2092 ἄνθρακες
3170 2023 3358 2094 πυρός.

2345 2111 2436 2167 29.
2467 2111 2576 2165 Kal
2601 2111 2921 2182 ἐϐρόντησεν
2948 2112 3006 2176 ἐξ
3038 2114 3265 2183 ούρανοῦ
3299 2116 3326 2166 ό
3361 2114 3561 2186 Κύριος
3582 2132 3596 2146 ο

2349 2203 2435 2258 50.
2472 2203 2580 2254 Kal
2608 2204 2636 2255 ὁ
2666 2197 2924 2271 ’Ὑψίστος
2953 2203 3117 2256 ἕὸωκε
3158 2205 3340 2275 φωνὴν
3373 2203 3535 2257 αὑτοῦ
3557 2221 3569 2234 ·

2347 2297 2435 2351 51.
2485 2296 2856 2362 Ἐξαπέστειλε
2887 2288 3045 2368 βέληζ
3081 2299 3174 2351 καὶ
3201 2300 3520 2371 ὲσκόρπισεν
3547 2298 3749 2362 αὐτούς
3769 2314 3784 2330 ’

2345 2387 2433 2441 52.
2468 2387 2579 2439 Kal
2633 2387 2914 2458 ἀστραπὰς
2969 2388 3277 2460 ἐπλήθυνε,
3345 2390 3438 2443 καὶ
3497 2388 3868 2462 συνετάραξεν

2277 2475 2487 2539 αὐτούς.

2347 2571 2436 2625 55.
2469 2572 2578 2625 Kal
2609 2569 2868 2642 ὤφθησαν
2894 2572 2952 2624 al
2981 2573 3152 2642 πηγαὶ
3183 2574 3292 2626 τῶν
3330 2573 3536 2628 ὑδάτων
3555 2591 3568 2603 ’

1725 2707 2103 2764 ATHANASII
2139 2708 2721 2764 INTERPRETATIO.

679 2878 759 2936 15.
792 2879 1078 2938 Perveniat
1107 2885 1173 2940 ad
1203 2902 1326 2940 eum
1359 2889 1684 2959 supplicatio
1716 2906 1834 2945 mea
1861 2931 1877 2958 ,
1907 2900 1960 2945 et
1996 2905 2167 2945 exau-

601 2973 739 3028 diar.

677 3065 760 3119 H.
788 3064 1087 3123 Terrestria
1115 3088 1128 3135 ;

676 3159 763 3213 15.
790 3157 1095 3215 Potestatcs
1136 3163 1367 3218 inimici.

674 3249 762 3302 16.
793 3249 1251 3308 Contremuerunt
1282 3256 1705 3313 comminatione
1735 3261 1875 3329 ejus.

675 3341 762 3397 17.
801 3343 1124 3400 Defeceruut
1151 3387 1165 3412 ,
1223 3347 1501 3417 perierunt
1533 3351 1850 3419 dtemones,
1914 3359 2171 3421 tanquam

605 3431 807 3488 fumus.

680 3526 764 3578 18.
823 3525 1075 3582 Videntes
1127 3531 1270 3583 enim
1314 3532 1603 3587 Dominum
1655 3533 1709 3587 in
1759 3534 1995 3588 adventu
2031 3534 2171 3604 ejus,

605 3630 929 3673 exarserunt
955 3636 984 3674 a
1019 3621 1153 3676 facie
1182 3623 1372 3692 ipsius.

678 3710 762 3765 10.
799 3711 1089 3769 Sermones
1125 3715 1360 3771 Domini.

675 3804 763 3859 20.
796 3804 859 3859 Et
898 3808 1115 3865 advenit
1146 3810 1198 3862 in
1228 3820 1425 3864 terram
1446 3853 1459 3877 ,
1495 3821 1547 3867 et
1575 3813 1815 3882 implevit
1835 3853 1849 3876 ,
1876 3813 2020 3882 quod
2049 3829 2176 3884 pro-

615 3897 850 3950 miserat.

677 3990 766 4043 21.
796 3989 982 4061 Culigo
1017 3993 1267 4048 diabolus
1294 4005 1395 4050 est.

677 4081 767 4147 22,
799 4083 888 4136 25.
920 4085 1211 4140 Cherubin:
1251 4089 1640 4158 interpretatur
1667 4091 1893 4160 cognitio
1914 4129 1928 4154 ,
1957 4101 2008 4145 et
2031 4090 2177 4144 intel-

522 4212 525 4215 .
609 4171 824 4242 figentia
850 4192 867 4228 :
894 4191 1058 4245 Super
1081 4179 1258 4247 justos
1293 4182 1456 4246 igitur
1494 4184 1626 4236 dicit
1653 4225 1666 4246 ,
1701 4185 1843 4252 quod
1897 4187 2176 4240 ascendit:

606 4269 806 4319 etenim
840 4268 1089 4323 similiter
1119 4275 1485 4341 apostolorum
1529 4276 1741 4330 animas
1795 4287 1968 4331 ventos
2021 4279 2174 4333 dixit.

679 4360 768 4413 21.
801 4359 1169 4418 Teuebrarum
1204 4366 1344 4421 lilios
1373 4383 1400 4421 a
1439 4383 1497 4422 se
1527 4368 1868 4428 abalienavit.

677 4453 768 4506 25.
803 4453 1012 4509 Fideles
1037 4457 1154 4524 ejus

678 4543 766 4596 26.
808 4543 999 4599 Sermo
1030 4548 1406 4614 parabolarum
1442 4552 1492 4605 iu
1523 4554 1820 4623 prophetis.

682 4636 772 4689 27.
805 4639 941 4691 Ante
966 4642 1252 4694 adventum
1284 4644 1454 4711 ipsius
1483 4645 1696 4702 Domini
1728 4666 1906 4706 sermo
1949 4653 2179 4722 prophe-

612 4737 787 4781 tarum
829 4730 1203 4798 promulgatus
1233 4742 1332 4785 est.

681 4821 769 4874 28.
801 4821 1090 4877 Sermones
1115 4825 1495 4892 prophetarum
1529 4829 1819 4900 signiﬁcat,
1845 4835 1936 4903 qui
1961 4836 2180 4903 quidem

613 4913 734 4965 duri
767 4924 949 4975 erant,
970 4926 1257 4970 exuri-tiles
1294 4928 1473 4971 autem
1507 4934 1829 4988 peccatores.

681 5003 771 5058 29.
805 5002 1045 5059 Intonuit
1077 5006 1311 5076 Spiritus
1338 5020 1561 5065 sanctus
1584 5014 1872 5067 adventqu
1902 5031 2083 5070 suum.

685 5181 770 5235 50.
808 5185 1112 5252 Apostolus.

687 5276 778 5330 51.
810 5276 1095 5342 Apostolus
1127 5291 1313 5334 contra
1347 5284 1642 5339 dmzroucs.

687 5368 772 5420 32.
824 5366 1238 5434 Mnltiplicatit.
1307 5374 1500 5442 inquit,
1550 5376 1875 5445 loquentibus
1935 5377 2184 5444 apostolis

617 5458 775 5510 variis
808 5459 1032 5524 linouis,
1067 5474 1220 5528 prout
1252 5463 1486 5534 Spiritus
1511 5468 1670 5520 dabat
1703 5467 1872 5536 eloqui
1902 5468 2008 5519 illis
2025 5469 2090 5518 ".

688 5636 776 5698 55,
803 5635 889 5688 5-1.
934 5638 997 5691 lit
1022 5651 1419 5697 concurrerunt
1443 5660 1635 5699 omnes
1657 5689 1669 5712 ,
1695 5653 1749 5700 et
1778 5645 2030 5702 admirati
2060 5653 2189 5700 sunt

695 5779 739 5807 "
765 5777 880 5832 Act.
923 5796 978 5840 ιι,
1020 5778 1067 5833 1.

2346 2891 2430 2946 15.
2459 2889 2724 2944 Φοασάτω
2753 2890 2887 2961 πρὸς
2912 2891 3068 2944 αὑτὸν
3093 2894 3123 2962 ἡ
3151 2893 3327 2945 ἱκεσία
3353 2910 3474 2962 μου,
3500 2893 3592 2946 καὶ
3614 2895 3870 2948 εἰσακου-

2277 2982 2563 3053 σθήσομαι.

2354 3074 2440 3127 14.
2477 3074 2556 3126 Τὰ
2589 3075 2938 3145 καταχθόνια.

2347 3164 2433 3218 15.
2467 3164 2532 3215 Αἱ
2555 3163 2810 3233 δυνάμεις
2833 3165 2924 3216 τοῦ
2955 3165 3169 3235 ἐχθροῦ.

2347 3253 2430 3307 16.
2459 3255 2736 3325 Ἐντρομα
2778 3255 3096 3324 γεγένηνται
3131 3256 3217 3308 διὰ
3259 3259 3357 3329 τὴν
3391 3259 3616 3329 ἀπειλὴν
3665 3259 3862 3315 αὐτοῦ.

2343 3349 2429 3402 17.
2473 3351 2768 3412 Ἐξέλιπον,
2796 3349 3070 3402 ἀπώλοντο
3095 3353 3141 3402 οἱ
3175 3351 3424 3421 δαίμονες
3448 3353 3520 3415 ὡς
3551 3355 3785 3416 καπνός.

2349 3532 2432 3586 18.
2485 3531 2758 3605 Ὁρῶν-τες
2785 3531 2892 3603 γὰρ
2927 3533 3016 3584 τὸν
3048 3531 3248 3602 Κύριον
3274 3535 3330 3586 ὲν
3358 3537 3421 3604 τῇ
3457 3533 3734 3605 παρουσίᾳ
3769 3535 3874 3588 af)-

2272 3621 2389 3686 τοῦ,
2420 3623 2667 3676 ἐκαίοντο
2686 3622 2792 3674 ἀπὸ
2825 3621 2921 3675 τοῦ
2954 3622 3244 3694 προσώπου
3281 3622 3464 3677 αὐτοῦ.

2346 3714 2431 3769 19.
2471 3715 2533 3766 υἱ
2561 3714 2708 3782 λόγοι
2735 3715 2828 3767 τοῦ
2861 3716 3086 3785 Κυρίου.

2348 3809 2436 3862 20.
2470 3807 2578 3860 Kal
2611 3807 2941 3878 παρεγένετο
2970 3808 3061 3860 ἐπὶ
3084 3808 3180 3877 τῆς
3207 3809 3311 3878 γῆς
3333 3849 3348 3872 ,
3382 3808 3476 3861 καὶ
3501 3809 3873 3878 πεπλήρωκεν

2274 3899 2302 3952 ὃ
2336 3898 2721 3969 ἐπηγγείλατο.

2346 3992 2436 4045 21.
2475 3992 2712 4060 Γνόςςος
2742 3994 2768 4043 ό
2800 3991 3043 4052 διάϐολός
3076 3994 3239 4044 ἐστιν.

2345 4084 2437 4150 22,
2470 4083 2559 4138 25.
2603 4083 2884 4154 Χερουϐὶμ.
2915 4083 3274 4154 ἑρμηνεύεται
3315 4085 3536 4154 γνῶσις
3581 4085 3678 4137 καὶ
3720 4085 3874 4138 σύν-

2277 4191 2427 4241 εσις·
2448 4179 2528 4238 είς
2554 4177 2680 4238 τοὺς
2702 4176 2942 4236 aculeo;
2971 4171 3062 4228 οὖν
3091 4174 3260 4241 λέγει,
3291 4176 3370 4227 ὅτι
3394 4175 3576 4241 ἐπέϐη
3597 4192 3612 4202 ⁸
3640 4177 3736 4228 xal
3761 4177 3875 4246 γὰρ

2278 4267 2537 4337 ἀνέμους
2558 4267 2655 4329 τὰς
2678 4266 2856 4336 ψυχας
2876 4266 2982 4318 τῶν
3006 4266 3316 4318 ἀποστόλων
3339 4266 3559 4336 εἴρηκεν
3579 4267 3871 4330 ὡσαύτως.

2350 4362 2440 4415 24.
2473 4361 2610 4423 Τοὺς
2638 4360 2730 4413 τοῦ
2763 4361 2984 4423 σκότους
3012 4359 3451 4431 ἁπηλλοτρίωσεν
3480 4359 3696 4413 ἑαυτοῦ.

2352 4452 2439 4506 25.
2476 4454 2538 4504 Oi
2571 4452 2748 4504 πιστοὶ
2773 4451 2957 4508 αὑτοῦ.

2351 4545 2441 4598 26.
2485 4545 2544 4597 ’0
2588 4545 2743 4612 λόγος
2787 4544 2894 4596 τῶν
2934 4543 3256 4614 παραδολῶν
3289 4547 3346 4597 ὲν
3391 4547 3501 4607 τοῖς
3537 4547 3871 4616 προφήταις.

2351 4637 2439 4691 27.
2474 4638 2587 4707 Πρὸ
2619 4637 2719 4706 τῆς
2751 4635 3050 4706 παρουσίας
3082 4636 3246 4688 αὑτοῦ
3283 4635 3376 4688 τοῦ
3416 4637 3620 4706 Κυρίου
3645 4638 3673 4690 ὁ
3714 4636 3873 4705 λόγος

2281 4730 2387 4782 τῶν
2423 4728 2716 4799 προφητῶν
2745 4728 3148 4799 προεκήρηττεν
3179 4726 3638 4799 [προεκηρύχοη].

2347 4821 2438 4874 28.
2502 4821 2544 4871 Τ
2548 4820 2639 4882 οὺς
2687 4819 2875 4887 λόγους
2911 4819 3057 4887 λέγει
3092 4820 3199 4872 τῶν
3233 4819 3560 4890 προφητῶν,
3599 4818 3874 4892 σκληροὺς

2289 4914 2385 4983 μὲν
2419 4911 2596 4973 ὂντας,
2630 4913 2879 4972 καίοντας
2905 4911 2961 4964 δὲ
2988 4915 3112 4975 τοὺς
3139 4912 3565 4982 ἁμαρτάνοντας.

2354 5005 2444 5058 29.
2481 5003 2790 5074 Ἐὅρόντισε
2821 5003 2881 5055 τὸ
2910 5003 3060 5072 ἆγιον
3111 5003 3334 5074 Πνεῦμα
3364 5003 3459 5075 τὴν
3482 5005 3682 5058 ἑαυτοῦ
3719 5023 3867 5077 ’παρ⁸

2286 5097 2492 5150 ουσίαν.

2359 5189 2447 5243 50.
2486 5189 2623 5251 Τοὺς
2657 5187 3004 5250 ἀποστόλους.

2359 5282 2446 5336 51.
2476 5282 2612 5343 Τοὺς
2641 5279 2968 5342 ἀποστόλους
3001 5278 3139 5332 κατὰ
3166 5277 3274 5330 τῶν
3304 5277 3592 5348 δαιμόνων.

2361 5373 2450 5426 52.
2475 5371 2833 5437 Ἐπ.ἰή()ωέ,
2861 5370 3027 5437 λέγει,
3052 5369 3117 5422 τὸ
3143 5370 3348 5423 λαϐεῖν
3379 5369 3477 5441 [τῷ
3498 5369 3706 5442 λαλεῖν]
3738 5371 3877 5436 τοὺς

2291 5464 2668 5528 ἀποστόλους
2695 5461 2921 5528 ἑτέραις
2948 5461 3280 5530 γλώσσαις,
3313 5461 3504 5527 καθὼς
3529 5462 3595 5515 τὸ
3630 5464 3876 5532 Πνεῦμα

2289 5559 2488 5613 ἐδίδου
2517 5561 2718 5624 αὐτοῖς
2747 5560 3241 5632 ἀποφθέγγεσθαι.

2362 5651 2450 5715 55,
2496 5652 2581 5706 54.
2638 5653 2746 5706 Kal
2797 5652 3127 5723 σύνεδραμον
3163 5653 3360 5716 πάντες
3385 5691 3399 5716 ,
3434 5653 3526 5706 καὶ
3565 5651 3876 5724 ἐθαύμαζον
