4060 6450
210 403 318 458 705

283 518 372 574 54.
405 519 512 573 Καὶ
537 519 879 591 ἀνεκαλύφθη
910 521 978 574 τὰ
1008 521 1229 593 θεμέλια
1254 524 1350 592 τῆς
1375 524 1695 594 οἰκουμένης
1720 570 1728 584 ,

283 610 371 664 55.
413 610 545 662 ’Λπδ
567 611 931 681 ὲπιτιμήσεώς
959 628 1074 674 σου,
1098 614 1291 685 Κυριε,

285 700 373 755 56.
419 701 550 754 Ἀπὸ
575 703 921 771 ὲμπνεύσεως
944 703 1248 771 πνεύματος
1270 705 1437 776 ὀργῆς
1461 722 1572 758 σου.

282 793 370 844 57.
431 791 818 856 Εξαπέστειλεν
857 793 914 858 ἐξ
947 793 1133 863 ῦῷυς,
1169 796 1259 848 καὶ
1285 795 1441 847 ἔλαϐέ
1472 812 1570 866 με’

283 883 371 936 58.
405 882 773 950 Προσελάὅετό
810 901 876 953 με
906 884 962 950 ἐξ
988 886 1192 937 ὑδάτων
1220 884 1445 938 πολλῶν.

280 972 369 1026 59.
413 972 708 1042 Ἐρρὑατό
738 992 802 1043 με
828 975 885 1040 ἐξ
926 975 1132 1046 ἐχθρῶν
1159 993 1263 1046 μου
1292 975 1552 1040 δυνατῶν,

282 1064 370 1118 40.
404 1066 512 1118 Καὶ
541 1069 602 1118 ὲκ
628 1066 733 1118 τῶν
761 1067 1060 1136 μισούντων
1097 1081 1186 1138 με·

278 1153 367 1207 41.
397 1155 517 1206 Ὅτι
550 1155 957 1226 ἐστερεώθησαν
989 1158 1126 1227 ὑπὲρ
1155 1157 1271 1227 ἐμέ.

279 1245 368 1300 42.
405 1247 760 1316 Προέφθασάν
788 1267 854 1318 με
883 1251 939 1302 ἐν
965 1250 1145 1321 ἡμέρα
1172 1250 1464 1314 κακώσεως
1491 1268 1592 1326 μου
1611 1268 1625 1281 ·

278 1337 367 1391 45.
403 1340 511 1390 Καὶ
543 1339 760 1407 ἐγένετο
788 1339 988 1411 Κύριος
1018 1342 1418 1413 ἀντιστηριγμά
1444 1360 1566 1414 μου.

278 1431 367 1483 44.
401 1432 507 1483 Καὶ
534 1433 766 1503 ἐξήγαγέ
793 1451 860 1503 με
885 1434 964 1496 είς
991 1433 1301 1504 πλατυσμὸν
1322 1452 1333 1463 ·

274 1522 364 1575 45.
408 1523 652 1577 Ῥύσεταί
683 1542 770 1594 με,
805 1526 886 1578 ὅτι
917 1525 1145 1597 ἠθέλησέ
1180 1545 1265 1597 με.

270 1613 362 1667 46.
394 1617 502 1668 Καὶ
539 1616 904 1670 ἀνταποδώσει
935 1635 1024 1688 μοι
1056 1618 1257 1690 Κύριος
1285 1621 1424 1674 κατὰ
1446 1619 1542 1691 τὴν
1575 1619 1778 1674 δικαιο-

199 1705 369 1776 σύνην
398 1724 522 1777 μου,

276 1797 364 1851 47.
402 1800 507 1851 Καὶ
546 1799 687 1852 κατὰ
734 1801 832 1871 τὴν
871 1800 1234 1873 καθαριότητα
1284 1803 1390 1857 τῶν
1434 1805 1629 1876 χειρῶν
1678 1822 1777 1876 μου

199 1889 570 1944 ἀνταποδώσει
601 1909 711 1961 μοι.

271 1979 358 2032 48.
393 1981 514 2033 ’Ότι
548 1980 788 2050 ἐφύλαξα
812 1982 908 2045 τὰς
940 1982 1093 2045 ὁδοὺς
1127 1984 1330 2053 Κυρίου
1352 2027 1366 2050 ,

266 2071 352 2125 49.
383 2074 491 2125 Καὶ
518 2073 615 2126 οὐκ
644 2073 888 2143 ἡσέϐησα
917 2074 1024 2126 ἀπὸ
1053 2075 1146 2128 τοῦ
1181 2075 1314 2128 Θεοῦ
1353 2094 1453 2146 μου

274 2161 361 2215 50.
401 2162 522 2215 ’Ὁτι
551 2163 726 2216 πάντα
750 2162 815 2215 τὰ
850 2164 1091 2234 κρίματα
1118 2165 1279 2218 αὑτοῦ
1309 2166 1536 2219 ἐνώπιόν
1577 2185 1676 2238 μου
1701 2184 1714 2197 ·

269 2253 360 2306 51.
399 2255 508 2306 Καὶ
535 2253 602 2307 τὰ
629 2253 972 2326 δικαιώματα
1004 2256 1168 2309 αὐτοῦ
1207 2257 1305 2310 οὐκ
1337 2259 1650 2329 ἀπέστησαν
1680 2261 1773 2314 ἀπ’

195 2346 356 2414 ἐμοῦ.

270 2439 358 2492 59..
392 2440 500 2491 Καὶ
540 2439 731 2509 ἔσομαι
761 2440 986 2509 ἄμωμος
1021 2441 1138 2510 μετ’
1169 2440 1352 2494 αὑτοῦ·

269 2531 357 2585 53.
393 2534 503 2586 Καὶ
533 2534 833 2603 φυλάξομαι
857 2534 962 2587 ἀπὸ
992 2533 1088 2604 τῆς
1114 2534 1339 2604 ἀνομίας
1376 2553 1496 2606 μου.

270 2625 359 2679 54.
400 2627 510 2680 Καὶ
539 2626 905 2680 ἁνταποίώσει
939 2644 1029 2698 μοι
1057 2626 1258 2699 Κύριος
1289 2629 1431 2682 κατὰ
1450 2628 1548 2698 τὴν
1573 2630 1772 2684 δικαιο-

197 2717 366 2790 σύνην
399 2737 522 2791 μου,

1110 407 1197 460 DE
1238 406 1510 463 TI'I‘UIJS
1548 405 1999 461 PSALMOllUM.
2037 436 2105 444 ——
2141 403 2333 459 PSAL
2365 403 2525 457 XVII.
3344 404 3444 459 706

1956 521 2042 575 :4.
2081 520 2146 575 Et
2181 520 2410 574 revelata
2441 528 2567 573 sunt
2597 517 2944 572 fundamenta
2974 519 3122 571 orbis
3147 527 3441 570 terrarum:

1956 616 2044 667 55.
2078 615 2158 668 ΑΙ)
2190 613 2556 682 increpatione
2585 621 2708 676 tua,
2743 611 2994 674 Domine,

1955 705 2043 759 56.
2077 706 2158 758 Ab
2189 704 2544 772 inspiratione
2575 703 2796 772 spiritus
2822 703 2914 756 ἱππ
2940 716 3060 756 tum.

1956 797 2043 851 '57.
2076 795 2223 850 .‘llisit
2253 797 2319 848 de
2348 810 2585 856 summo,
2613 803 2664 846 et
2691 795 2894 862 accepit
2927 809 3048 858 me;

1954 889 2041 943 58.
2067 887 2372 956 Assumpsit
2404 901 2490 940 me
2519 887 2584 940 de
2611 887 2765 954 aquis
2790 887 2992 938 multis.

1957 982 2044 1035 39.
2079 980 2286 1048 Eripuit
2313 995 2399 1033 me
2429 980 2494 1032 de
2525 979 2758 1031 inimicis
2789 979 2922 1031 meis
2955 976 3286 1041 fortissimis,

1952 1075 2039 1127 40.
2071 1072 2132 1124 Ει
2166 1073 2232 1125 ab
2267 1073 2351 1134 iis,
2392 1072 2481 1140 qui
2523 1071 2756 1124 oderunt
2785 1086 2910 1124 me:

1950 1163 2038 1216 41.
2073 1161 2342 1227 Quoniam
2373 1160 2659 1216 confortati
2691 1171 2816 1214 sunt
2852 1177 3014 1229 super
3047 1176 3152 1213 me.

1951 1253 2038 1306 42.
2075 1252 2456 1304 Przevenerunt
2486 1265 2570 1304 me
2599 1251 2649 1302 in
2679 1251 2765 1303 die
2795 1250 3103 1304 alllictiouis
3133 1264 3264 1304 mea:
3290 1267 3303 1280 °

1947 1344 2036 1398 45.
2072 1342 2137 1396 Ει
2169 1341 2343 1396 factus
2374 1349 2458 1395 est
2493 1340 2754 1394 Dominus
2790 1351 3058 1409 protector
3095 1355 3268 1393 meus.

1952 1437 2036 1490 44.
2070 1435 2136 1489 Et
2166 1437 2350 1490 eduxit
2379 1449 2464 1488 me
2499 1435 2550 1487 lll
2581 1435 2918 1488 latitudinem
2953 1451 2964 1486 :

1952 1531 2041 1584 45.
2081 1529 2298 1583 Salvum
2332 1545 2416 1582 me
2445 1527 2624 1595 faciet,
2653 1530 2910 1597 quOuiam
2942 1527 3109 1579 \‘0lllll
3142 1540 3245 1578 me.

1949 1623 2037 1676 46.
2071 1622 2136 1676 Et
2183 1620 2445 1676 retribuet
2477 1622 2608 1675 mibi
2647 1619 2910 1674 Dominus
2943 1618 3238 1673 secundum
3279 1615 3443 1684 justi-

1881 1717 2008 1770 tiam
2039 1731 2214 1769 meam
2251 1733 2262 1767 :

1953 1808 2039 1861 47.
2075 1807 2138 1862 Ει
2191 1809 2492 1863 secundum
2538 1807 2827 1877 puritatem
2884 1819 3142 1857 manuum
3197 1817 3438 1854 mearum

1811 1883 1850 1939 Β
1883 1899 2132 1952 retribuet
2164 1899 2319 1952 milii.

1950 1991 2039 2044 48.
2075 1990 2214 2056 Quia
2247 1987 2515 2044 custodivi
2547 1986 2662 2040 vias
2690 1985 2903 2039 Domini
2938 2007 2947 2039 :

1948 2083 2035 2135 49.
2065 2081 2173 2136 Nec
2195 2082 2358 2150 impie
2399 2079 2540 2150 gessi
2573 2093 2602 2130 a
2638 2078 2746 2132 Deo
2783 2093 2937 2130 meo:

1949 2175 2036 2228 50.
2054 2172 2320 2238 Quoniam
2341 2172 2523 2226 omnia
2539 2171 2742 2241 judicia
2759 2169 2878 2237 ejus
2901 2168 2953 2221 in
2977 2177 3267 2236 c0i15pectu
3287 2180 3406 2219 meo
3427 2205 3442 2220 .

1947 2266 2034 2320 5|.
2066 2263 2129 2318 Et
2150 2265 2392 2335 justitias
2422 2264 2542 2332 ejus
2576 2278 2684 2315 non
2718 2261 2886 2329 repuli
2914 2277 2942 2311 a
2977 2275 3079 2311 me.

1948 2445 2037 2500 52.
2067 2444 2129 2498 Et
2156 2459 2249 2497 cro
2285 2441 2664 2495 immaculatus
2694 2455 2814 2493 eum
2841 2453 2903 2490 eo
2933 2481 2944 2491 .

1948 2538 2038 2592 55.
2070 2537 2136 2591 Ει
2165 2537 2464 2591 observabo
2505 2549 2590 2587 me
2618 2534 2683 2586 ab
2720 2533 2999 2600 iniquitate
3032 2545 3168 2585 mea.

1945 2628 2031 2682 54.
2067 2626 2130 2680 Et
2159 2625 2416 2679 retribuet
2449 2623 2580 2676 mibi
2632 2621 2896 2676 Dominus
2939 2620 3237 2674 St‘Clltttlttm
3281 2617 3445 2687 justi-

1875 2718 2003 2772 tiam
2044 2733 2244 2781 meam,

1320 2877 1694 2935 ATllANASll
1735 2876 2321 2933 INTERPRETATIO.

190 3045 240 3096 οί
272 3039 1014 3112 κατοικοῦντεςΊερουσαλὴμ
1041 3039 1389 3111 θεωροῦντες,
1421 3041 1515 3095 καὶ
1547 3039 1770 3110 βλέπον-

1876 3037 2181 3091 habitantes
2225 3034 2526 3090 Jerusalem
2583 3034 2994 3089 considerantes
3022 3074 3037 3098 ,
3099 3040 3153 3085 ct
3200 3031 3444 3085 videntes

190 3150 286 3196 τες
310 3133 433 3195 τοὺς
458 3133 786 3196 ἀποστόλους
808 3133 1098 3197 λαλοῦντας
1120 3133 1188 3186 τὰ
1212 3134 1468 3204 μεγαλεῖα
1489 3135 1581 3188 τοῦ
1605 3135 1737 3190 Θεοῦ
1758 3159 1771 3171 ·

1878 3128 2150 3196 apostolos
2190 3127 2473 3194 loquentes
2523 3124 2790 3193 magnalia
2840 3124 2992 3178 Dei"
3029 3141 3040 3177 :
3075 3123 3242 3190 fontes
3273 3122 3439 3189 enim,

189 3225 389 3292 πηγὰς
420 3225 528 3296 γὰρ
571 3226 664 3277 καὶ
707 3225 946 3294 θεμέλια
970 3228 1165 3290 αὐτοὺς
1190 3227 1356 3295 λέγει.

265 3317 354 3370 55.
387 3317 520 3370 Ἀπὸ
557 3319 656 3389 τῆς
683 3318 1025 3381 διδασκαλίας
1057 3335 1170 3379 σου,

260 3410 350 3463 56.
375 3411 483 3461 Καὶ
499 3411 606 3463 ἀπὸ
622 3411 720 3480 τῆς
737 3410 1010 3481 ἐνεργείας
1031 3411 1123 3463 τοῦ
1143 3409 1281 3464 Πνεύ
1291 3429 1457 3482 ματος
1478 3412 1569 3467 τοῦ
1591 3416 1769 3485 ἁγίου.

261 3499 350 3558 57,
389 3499 476 3552 58.
525 3499 958 3568 Ἐϐαπτίσθησαν
992 3499 1099 3568 γὰρ
1129 3502 1184 3551 ἐν
1210 3505 1274 3570 τῇ
1302 3503 1485 3573 ἡμέρᾳ
1513 3506 1610 3574 τῆς
1638 3507 1773 3558 Πεν-

184 3593 458 3661 τηκοστῆς
489 3591 639 3660 παρὰ
662 3590 769 3642 τῶν
802 3590 1114 3643 ἀποστόλων
1143 3590 1312 3661 ψυχαὶ
1342 3594 1416 3656 ὡς
1441 3596 1732 3665 τρισχίλιαι
1755 3614 1768 3628 ο

183 3685 276 3738 διὰ
303 3682 462 3736 τοῦτο
487 3681 631 3751 λέγει
665 3683 729 3734 ἐκ
763 3681 1052 3754 προσώπου
1081 3680 1185 3735 τῶν
1217 3688 1674 3742 πεπιστευκότων.

262 3775 353 3841 59,
389 3775 478 3830 40.
514 3775 768 3828 Τουτέστι
795 3775 904 3829 τῶν
929 3777 1217 3848 δαιμόνων.

259 3865 349 3918 41.
388 3866 759 3936 Ἐῥρύσθησαν
799 3865 907 3937 γὰρ
949 3865 1336 3936 βαπτισθέντες
1382 3869 1445 3921 ὲκ
1497 3868 1605 3923 τῶν
1641 3887 1770 3923 κατ-

182 3954 607 4022 εξουσιαζόντων
645 3955 824 4008 αὐτῶν
855 3956 1140 4026 δαιμόνων.

1874 3230 1925 3273 ct
1963 3219 2304 3288 fundamenta
2333 3233 2426 3272 eos
2461 3227 2636 3271 vocat.

1943 3311 2030 3364 55.
2059 3311 2104 3363 Α
2132 3310 2378 3364 doctrina
2411 3323 2523 3374 tua,

1943 3401 2032 3455 '56.
2069 3399 2135 3453 Et
2166 3401 2233 3454 ab
2267 3402 2582 3470 operatione
2613 3399 2846 3470 Spiritus
2871 3399 3064 3454 sancti.

1944 3495 2034 3560 57,
2064 3496 2152 3549 58.
2186 3494 2252 3548 Et
2285 3497 2568 3565 baptizata:
2609 3506 2737 3549 sunt
2769 3498 2818 3548 in
2864 3497 2951 3548 die
3004 3497 3345 3548 l‘entecostes
3371 3493 3442 3545 ab

1873 3588 2136 3655 apostolis
2160 3588 2357 3642 anima:
2379 3589 2535 3657 quasi
2564 3589 2662 3641 tria
2688 3589 2855 3641 millia
2880 3589 2902 3618 ⁵
2934 3605 2947 3643 :
2978 3596 3261 3657 propterea
3301 3586 3438 3653 haec,

1873 3679 2001 3731 uicit
2027 3693 2088 3731 ex
2125 3693 2354 3746 persona
2393 3694 2600 3741 eorum,
2631 3678 2723 3746 qui
2757 3677 3125 3732 crediderunt.

1940 3770 2029 3833 59,
2061 3771 2148 3824 40.
2181 3770 2292 3826 1100
2322 3781 2405 3827 est
2432 3771 2761 3825 daemonum.

1941 3865 2029 3921 41.
2068 3863 2332 3934 Baptizati
2383 3865 2523 3917 rnim
2558 3865 2771 3917 liberati
2829 3871 2957 3918 sunt
2989 3877 3045 3932 a‘j
3072 3861 3436 3926 daanionibus,

1870 3954 1962 4022 qui
1993 3956 2072 4007 eis
2111 3954 2557 4007 dominabantur.

1937 4043 2025 4098 42.
2046 4046 2274 4110 Quando
2291 4047 2470 4098 anima
2498 4044 2744 4099 inﬁrmus
2761 4060 2908 4098 eram
2927 4044 3435 4099 concluseruntme.

259 4045 350 4098 42.
390 4046 517 4098 Ὅτε
545 4045 801 4114 ⁴ἠσθένουν
827 4049 893 4116 τῇ
925 4045 1090 4116 ψυχῇ,
1125 4047 1470 4101 συνέκλεισαν
1506 4065 1592 4119 με.

261 4137 544 4201 45,44.Διᾶ
562 4136 654 4190 τοῦ
673 4136 1042 4207 βαπτίσματος
1057 4137 1249 4206 ἕστησέ
1270 4155 1333 4208 με
1350 4140 1428 4202 είς
1446 4139 1766 4193 ἀνάπαυσιν.

257 4231 347 4285 45.
366 4231 484 4300 Ἀφ’
502 4226 563 4284 οῦ
583 4229 1002 4301 περιεποιήσατο
1021 4247 1108 4299 με,
1129 4229 1430 4301 ρύσεταίξμε
1445 4230 1537 4284 τοῦ
1557 4232 1765 4286 λοιποῦ.

257 4321 347 4374 46.
384 4322 492 4374 Καὶ
518 4320 702 4373 λοιπὸν
735 4322 792 4372 ὲν
821 4319 899 4390 τῷ
930 4319 1106 4392 καιρῷ
1139 4320 1236 4390 τῆς
1271 4319 1503 4391 κρίσεως
1533 4323 1768 4376 ἀνταπο·

1936 4135 2027 4202 45,
2057 4135 2144 4190 44.
2191 4135 2292 4190 Per
2343 4136 2672 4205 baptismum
2702 4151 2787 4190 me
2820 4137 2870 4188 in
2904 4134 3091 4205 requie
3133 4134 3433 4189 COIISlllltrl.

1939 4226 2025 4281 45.
2058 4225 2134 4280 Ex
2163 4243 2272 4296 quo
2304 4243 2388 4281 me
2421 4226 2733 4295 acquisivit,
2760 4227 3015 4294 deinceps
3048 4242 3132 4278 me
3168 4225 3434 4284 liberabit.

1938 4319 2025 4375 46.
2059 4318 2124 4374 Et
2155 4319 2372 4376 demum
2402 4320 2585 4378 iudicii
2621 4330 2862 4388 tempore
2895 4321 3155 4374 retribuet
3176 4320 3328 4372 mibi.

177 4418 346 4471 δώσει
384 4435 492 4487 μοι.

254 4510 346 4563 47.
379 4509 536 4563 Κατὰ
568 4509 668 4580 τὴν
699 4508 1063 4580 καθαριότητα
1094 4510 1200 4563 τῶν
1228 4510 1402 4581 ἔργων
1434 4528 1554 4582 μου.
1796 4513 1840 4566 D

253 4602 346 4657 48.
388 4603 498 4663 Τὰς
529 4602 746 4666 ἐντολὰς
773 4601 933 4655 αὑτοῦ
960 4601 1098 4671 ἔχων
1131 4605 1188 4656 ἐν
1221 4606 1285 4673 τῇ
1315 4605 1512 4675 καρδίᾳ
1542 4620 1666 4675 μου.

258 4693 349 4748 49.
375 4694 562 4756 Ἕκτος
590 4692 752 4746 αὐτοῦ
785 4693 955 4764 ἑτέρῳ
977 4695 1077 4746 οὐκ
1103 4694 1422 4766 ὲλάτρευσα.

257 4785 347 4841 50.
382 4787 502 4839 Ὅτι
539 4784 690 4837 οὐδὲν
721 4783 828 4836 τῶν
853 4784 1078 4837 ἐντολῶν
1109 4785 1273 4838 αὐτοῦ
1309 4785 1615 4855 ἀπόϐλητον
1647 4785 1766 4836 ὲστι

177 4878 319 4946 παρ’
345 4878 487 4946 ἐμοὶ,
516 4875 654 4930 ἀλλὰ
682 4874 787 4945 πρὸ
811 4875 1100 4948 ὀφθαλμῶν
1133 4893 1233 4946 μου
1265 4876 1372 4946 ἔχω
1405 4878 1564 4931 αὑτά.

1937 4496 2027 4554 47.
2081 4496 2387 4551 Secundum
2436 4498 2722 4566 puritatem
2755 4511 3000 4549 mearum
3034 4497 3434 4564 operatienum.

1938 4590 2028 4645 48.
2065 4589 2338 4660 Prmcepta
2369 4591 2486 4660 ejus
2518 4591 2722 4644 babeus
2754 4590 2804 4642 in
2838 4589 3002 4642 corde
3033 4603 3174 4642 meo.

1938 4683 2026 4737 49.
2070 4681 2233 4736 Extra
2269 4698 2392 4734 eum
2428 4681 2558 4734 nulli
2597 4680 2683 4734 alii
2725 4680 2941 4735 sertivi.

1938 4776 2026 4829 ἃ).
2088 4775 2353 4840 Quoniam
2398 4773 2606 4826 nullum
2640 4787 2864 4825 suorum
2901 4784 3292 4842 prmceptorum
3343 4771 3439 4825 de-

1869 4865 2135 4934 spicatum
2175 4873 2258 4918 est
2290 4863 2431 4933 apud
2461 4878 2580 4924 me.
2637 4863 2730 4916 sed
2759 4877 2869 4931 pra:
2923 4863 3098 4918 oculis
3143 4864 3278 4917 mris
3320 4865 3434 4934 ipsa

1870 4958 2062 5012 babeo.

1938 5049 2025 5104 5|.
2045 5046 2548 5118 Etjustiﬁcationes
2586 5046 2708 5117 ejus
2736 5046 2957 5101 assidua
2982 5046 3262 5102 meditatio
3316 5065 3432 5104 mea

1867 5147 2014 5194 SUIII.

1936 5228 2026 5283 52.
2059 5225 2124 5281 Ει
2161 5227 2279 5281 sine
2313 5226 2433 5281 labe
2467 5225 2566 5295 ipsi
2603 5239 2816 5295 semper
2843 5236 3092 5280 servatus
3125 5242 3268 5280 sum.

1936 5317 2024 5372 55.
2061 5315 2379 5372 Custodiam
2411 5330 2496 5369 me
2525 5315 2726 5384 ipsum,
2762 5329 2830 5368 ne
2855 5314 3100 5369 decidant
3142 5315 3194 5367 in
3225 5315 3435 5384 priores

1866 5424 2015 5463 meas
2047 5408 2386 5477 cupiditates.

1935 5499 2122 5555 διεδ.
2160 5498 2224 5551 Et
2257 5499 2312 5552 in
2340 5498 2488 5567 justa
2514 5497 2636 5567 ejus
2668 5497 3026 5553 retributione
3060 5497 3248 5552 reddet
3277 5499 3432 5564 mibi,

1862 5607 1984 5661 quae
2012 5599 2265 5660 Operatus
2290 5606 2410 5645 sum
2440 5605 2624 5644 coram
2655 5592 2794 5661 ipso,
2831 5590 2923 5661 qui
2955 5591 3249 5661 unicuique
3277 5592 3405 5645 retri

1863 5682 1979 5738 buit
2011 5682 2309 5739 secundum
2336 5697 2503 5752 opera
2537 5682 2677 5752 ejus.

257 5055 345 5110 5-1.
376 5056 485 5109 Καὶ
511 5055 578 5106 τὰ
614 5052 954 5124 δικαιώματα
984 5053 1142 5108 αὑτοῦ
1171 5052 1528 5118 ἀδιαλείπτως
1560 5054 1754 5126 μελέτη

179 5148 292 5220 μου
330 5150 461 5200 ἐστι.

256 5240 345 5294 5'2.
384 5238 491 5291 Καὶ
517 5235 602 5289 ἀεὶ
630 5235 854 5299 ἄσπιλος
881 5234 1028 5305 αὑτῷ
1061 5235 1378 5307 τηρηθείην.

249 5331 343 5387 55.
381 5331 615 5402 Τηρήσω
643 5329 874 5398 ἐμαυτὸν
902 5327 995 5383 τοῦ
1032 5326 1105 5398 μὴ
1131 5330 1442 5398 περιπεσεῖν
1474 5331 1596 5392 ταῖς
1628 5346 1757 5400 προσ

163 5433 235 5486 τὲ
245 5447 365 5502 ραις
393 5445 490 5498 μου
517 5425 672 5479 ἐπιθυ
682 5425 849 5496 μίαις.

247 5520 442 5577 54-56.
483 5520 589 5572 Καὶ
621 5519 676 5570 ὲν
719 5519 784 5587 τῇ
819 5516 1002 5587 δικαίᾳ
1038 5513 1196 5568 αὑτοῦ
1236 5514 1624 5585 μισθαποδοσίᾳ
1662 5532 1751 5586 μοι

157 5611 365 5680 ἀποδῷ
413 5604 486 5664 ὧν
534 5608 878 5679 εἰργασάμην
925 5605 1153 5660 ἐνώπιον
1196 5607 1381 5671 αὑτοῦ,
1415 5611 1442 5660 ὁ
1477 5606 1759 5670 ἀποδιδοὺς

162 5705 398 5772 ἑκάστῳ
430 5702 570 5756 κατὰ
598 5701 666 5754 τὰ
690 5700 825 5770 ἔργα
857 5699 1042 5751 αὐτοῦ.

247 5818 298 5851 υ
330 5818 449 5870 Act.
486 5833 543 5884 ιι,
578 5816 628 5869 7.
705 5815 749 5848 ιι
776 5814 904 5869 ibid.
944 5812 1027 5866 tt.
