4060 6482
204 431 299 482 709
1082 433 1168 486 DE
1208 431 1484 488 TITULIS
1524 427 2272 485 PSALMORUM.-—PSAL.
2314 427 2478 481 XVII.
3333 428 3442 487 710

267 545 357 601 78.
400 549 508 601 Kal
539 547 743 612 ἔδωκάς
781 567 868 620 μοι
898 551 1312 622 ὑπερασπισμὸν
1337 553 1625 623 σωτηρίας.
1796 555 1840 610 Α

1590 569 1625 614 ;.
1796 555 1840 610 Α
1943 548 2026 600 78.
2072 546 2135 600 Ει
2169 547 2361 601 dedisti
2397 545 2528 600 mihi
2561 547 2946 614 protectionem
2981 547 3193 602 salutis.

274 640 359 693 79.
402 643 510 694 Kal
541 645 572 713 ἡ
601 643 751 708 δεξιά
791 662 881 697 σου
918 645 1238 698 ἀντελάϐετό
1274 664 1394 715 μου·

1327 664 1394 698 ,υο
1948 641 2032 692 79.
2077 638 2139 691 Et
2173 640 2391 691 dextera
2424 647 2510 692 tua
2539 641 2777 708 suscepit
2805 655 2888 693 me
2919 659 2930 694 :

267 729 354 784 80.
398 733 507 784 Kal
539 736 570 803 ἡ
605 735 817 786 παιδεία
849 753 942 787 σου
972 735 1263 804 ἀνώρθωσέ
1300 754 1366 804 με
1405 738 1484 799 εἰς
1512 735 1660 798 τέλος
1684 752 1696 766 ·

1943 731 2030 785 80.
2074 730 2137 784 Ει
2171 731 2456 797 disciplina
2491 741 2580 783 tua
2617 732 2851 785 correxit
2885 747 2971 786 me
3003 733 3055 785 in
3093 732 3252 785 liuent
3288 751 3299 785 :

268 822 356 877 81.
399 824 510 876 Καὶ
541 828 572 894 ἡ
605 826 819 878 παιδεία
849 842 940 877 σου
973 826 1106 896 αὐτή
1146 843 1210 895 με
1239 826 1455 890 διδάξει.

1945 825 2032 878 81.
2073 823 2139 876 Et
2169 823 2452 889 disciplina
2489 833 2601 886 tua,
2640 824 2752 892 ipsa
2791 839 2874 877 me
2908 825 3142 879 docebit.

266 915 354 968 82.
410 917 741 990 Ἐπλάτυνας
773 917 842 971 τά
872 919 1184 987 διαδήματὰ
1219 936 1319 988 μου
1357 919 1610 972 ὑποκάτω
1645 938 1770 991 μου,

1523 920 1610 972 ιτω
1645 938 1770 991 μου,
1944 913 2033 967 82.
2077 912 2322 966 Dilatasti
2357 929 2578 981 gressus
2606 929 2755 966 meos
2781 915 2974 968 subtus
3005 930 3126 968 me:

267 1006 355 1060 85.
398 1009 507 1061 Καὶ
541 1010 640 1062 οὐκ
665 1010 931 1081 ἠσθένησε
962 1009 1032 1062 τὰ
1059 1010 1176 1081 ἴχνη
1211 1028 1332 1078 μου.

1942 1006 2031 1059 83.
2073 1005 2136 1059 Ει
2166 1022 2271 1059 non
2304 1015 2431 1060 sunt
2459 1006 2729 1060 infirmata
2760 1008 2984 1075 vestigia
3021 1024 3159 1061 mea.

267 1099 354 1155 84.
398 1102 728 1166 Καταδιώξω
755 1105 878 1166 τοὺς
915 1103 1141 1174 ἐχθρούς
1183 1120 1305 1173 μου,
1338 1104 1429 1156 καὶ
1469 1103 1772 1174 καταλήψο-

1942 1098 2030 1152 84.
2075 1098 2377 1167 Persequar
2405 1099 2658 1154 inimicos
2687 1115 2866 1164 meos;
2903 1110 2955 1151 ct
2982 1100 3437 1168 comprehendam

199 1209 296 1264 μαι
323 1195 520 1257 αὐτούς
543 1212 556 1224 ·

429 1195 520 1257 ούς
543 1212 556 1224 ·
1874 1189 1993 1244 illos
2019 1206 2032 1245 :

268 1284 357 1340 85.
399 1288 506 1339 Kal
538 1287 635 1340 ούκ
661 1288 1170 1360 ἀποστραφήσομαι,
1199 1290 1301 1350 ’ἐως
1331 1289 1396 1342 ἂν
1424 1288 1767 1343 ἐκλείπωσιν.

1498 1289 1767 1343 λείπωσιν,
1943 1281 2030 1336 85.
2074 1280 2137 1334 Et
2168 1297 2272 1334 non
2310 1292 2600 1335 convertar
2631 1283 2803 1336 donec
2831 1283 3101 1336 deﬁciant.

267 1378 355 1431 86.
411 1377 676 1448 Ἐκθλίψω
708 1381 924 1444 αὐτοὺς,
942 1383 1034 1433 καὶ
1063 1381 1123 1434 ού
1149 1381 1222 1451 μὴ
1250 1381 1510 1434 δύνωνται
1542 1382 1730 1452 στῆναι

1645 1399 1730 1434 ναι
1947 1373 2036 1428 86.
2078 1372 2426 1442 Confringaui
2456 1374 2611 1439 illos;
2644 1391 2743 1430 nec
2777 1386 3031 1445 poterunt
3064 1385 3206 1429 stare
3233 1394 3243 1426 :

269 1469 358 1522 87.
403 1470 701 1524 Πεσοὺνται
735 1473 836 1525 ὑπὸ
867 1474 992 1535 τοὺς
1028 1472 1191 1536 πόδας
1223 1489 1348 1541 μου.

1288 1491 1348 1526 .u,
1943 1464 2031 1519 87.
2069 1465 2276 1519 Cadent
2307 1466 2498 1519 subtus
2537 1465 2698 1534 pedes
2724 1483 2891 1521 meos.

271 1560 360 1616 88.
401 1563 510 1616 Kal
547 1562 885 1634 περιέζωσάς
912 1580 978 1634 με
1002 1563 1230 1633 δύναμιν
1259 1566 1336 1626 εἰς
1361 1563 1594 1634 πόλεμον
1614 1580 1627 1594 ⁸

1941 1556 2028 1611 88.
2075 1555 2137 1610 Et
2163 1557 2492 1626 praecinxisli
2525 1573 2606 1612 me
2641 1560 2839 1613 virtute
2879 1562 2942 1613 ad
2982 1561 3181 1614 bellum
3221 1580 3232 1615 :

266 1653 356 1708 89.
399 1656 761 1719 Συνεπόδισας
796 1657 1000 1717 πάντας
1034 1658 1158 1719 τοὺς
1191 1658 1655 1728 ἐπανισταμένους
1683 1659 1769 1709 ἐπ’

1942 1651 2031 1705 89.
2075 1650 2138 1705 Ει
2185 1653 2543 1722 supplantasti
2592 1668 2780 1708 omnes
2836 1655 3176 1722 insurgentes
3230 1657 3281 1708 in
3335 1671 3437 1720 me,

192 1743 296 1813 ἐμὲ
328 1744 582 1797 ὑποκάτω
618 1763 740 1816 μου.

618 1763 740 1816 μου.
1873 1745 2065 1800 subtus
2097 1759 2202 1798 me.

259 1837 348 1890 90.
393 1837 502 1889 Kal
527 1839 651 1902 τοὺς
681 1838 906 1910 ἐχθρούς
935 1858 1034 1911 μου
1070 1831 1292 1904 ἔδωκάς-⁸
1308 1857 1397 1910 μοι
1428 1839 1594 1894 νῶτον
1613 1857 1628 1871 ’

1944 1835 2031 1890 90.
2074 1834 2138 1888 Et
2174 1835 2427 1891 inimicos
2458 1851 2607 1890 meos
2637 1837 2832 1893 dedisti
2872 1840 3000 1893 mihi
3038 1841 3300 1895 dorsum:

261 1926 352 1980 91.
393 1929 502 1980 Kal
529 1931 655 1994 τοὺς
685 1930 974 2000 μισοῦντας
1013 1949 1078 2001 με
1108 1931 1528 2002 ἐξωλόθρευσας.
1801 1915 1846 1974 Β

1288 1931 1528 2002 ὶρευσας.
1801 1915 1846 1974 Β
1942 1927 2032 1982 91.
2072 1925 2138 1982 Et
2169 1928 2412 1982 odientes
2446 1943 2532 1981 me
2560 1929 2891 1997 disperdisti.

261 2017 353 2073 9‘2.
407 2021 760 2092 Ἐκέκραξαν,
792 2025 884 2076 καὶ
913 2025 1013 2076 οὐκ
1038 2019 1106 2094 ἦν
1133 2025 1160 2075 ὁ
1191 2022 1377 2086 σώζων
1397 2039 1410 2053 ³

1946 2020 2036 2078 92.
2075 2020 2481 2084 Clamaverunt,
2512 2037 2612 2076 nec
2639 2032 2754 2076 erat
2785 2025 2878 2091 qui
2915 2025 3093 2079 salvos
3126 2025 3357 2091 faceret;

260 2111 349 2167 93.
395 2113 538 2182 Πρὸς
566 2113 786 2184 Κύριον,
825 2115 918 2167 καὶ
950 2115 1049 2168 οὐκ
1080 2116 1396 2186 εἰσήκουσεν
1428 2114 1625 2167 αὐτῶν.

1468 2114 1625 2167 ὑτῶν.
1943 2113 2032 2168 95.
2070 2113 2152 2166 Ad
2192 2113 2519 2181 Dominum;
2551 2131 2648 2168 nec
2676 2116 2951 2170 exaudivit
2979 2133 3071 2171 eos

260 2201 350 2256 94.
393 2204 503 2254 Kal
549 2205 791 2257 λεπτυνῶ
824 2207 1020 2269 αὐτοὺς
1062 2207 1191 2261 ὡσεὶ
1226 2206 1384 2276 χνοῦν
1427 2206 1567 2260 κατὰ
1603 2206 1770 2278 πρόσ-

1945 2204 2034 2258 94.
2074 2205 2140 2260 Ει
2171 2207 2538 2261 comminuam
2571 2223 2666 2262 eos
2700 2217 2758 2262 ut
2784 2211 3058 2279 pulverem
3097 2223 3220 2267 ante
3248 2211 3441 2268 faciem

183 2312 338 2350 ωπον
362 2297 562 2368 ἀνέμου
583 2317 597 2330 ·

461 2315 562 2368 μου
583 2317 597 2330 ·
1877 2299 2016 2352 venti
2046 2318 2058 2352 :

259 2389 348 2444 95.
406 2393 490 2455 Ὡς
516 2392 683 2463 πηλὸν
708 2393 975 2447 πλατειῶν
1005 2393 1178 2446 λεανῶ
1202 2394 1416 2457 αὐτούς.

1947 2392 2037 2446 95.
2081 2392 2152 2447 Ut
2184 2392 2358 2446 lutum
2386 2392 2688 2462 platearum
2717 2393 2908 2448 delebo
2943 2410 3058 2448 cos.

258 2482 350 2538 96.
404 2484 591 2537 Ῥῦσαί
625 2503 691 2555 με
721 2487 828 2538 ἀπὸ
857 2485 1177 2554 ἀντιλογιῶν
1209 2485 1340 2538 λαοῦ
1367 2503 1380 2517 ο

1949 2484 2037 2539 96.
2078 2484 2238 2555 Eripe
2269 2502 2353 2540 mc
2380 2486 2447 2539 de
2478 2486 3001 2542 contradictionibus
3033 2488 3215 2556 pepuli
3241 2503 3253 2539 :

255 2575 348 2630 97.
389 2577 765 2645 Καταστήσεις
799 2595 867 2648 με
900 2579 980 2640 εἰς
1009 2576 1249 2648 κεφαλὴν
1274 2576 1460 2630 ἐθνῶν.

1944 2576 2033 2630 97.
2073 2575 2386 2632 Constitues
2417 2593 2502 2632 me
2532 2579 2586 2632 in
2619 2590 2781 2650 caput
2809 2582 3076 2650 gentium.

257 2667 348 2722 98.
390 2667 552 2729 Λαὸς,
580 2666 637 2719 ὃν
665 2669 764 2720 οὐκ
795 2669 986 2736 ἔγνων,
1026 2667 1307 2721 ἐδούλευσε
1341 2684 1449 2737 μοι.

1942 2667 2031 2722 98.
2077 2667 2317 2738 Populus
2352 2685 2514 2738 quem
2550 2685 2656 2723 non
2693 2673 2942 2741 cognovi,
2971 2674 3191 2728 servivit
3225 2675 3372 2727 inibi.

1308 2822 1679 2878 ATHANASII
1717 2823 2292 2880 INTERPRETATIO.

260 2980 614 3044 78.’Ἑδωκάς
653 2998 742 3050 μοι
785 2981 894 3052 γὰρ
936 2983 1352 3053 ὑπερασπισμδν
1397 2984 1488 3036 τὸν
1533 2983 1764 3055 σταυρόν

1941 2985 2028 3039 78.
2063 2983 2197 3038 Nam
2229 2986 2423 3043 dedisti
2456 2988 2588 3043 mihi
2621 3005 2839 3046 crucem
2891 3001 3042 3048 tuam
3073 2995 3124 3049 iu
3155 2998 3436 3064 protectio-

180 3090 307 3126 σου.

1871 3093 2015 3132 nem.

263 3165 349 3219 79.
377 3165 434 3217 Ὀ
469 3165 595 3227 Υἱός
622 3181 715 3216 σου
749 3164 1072 3218 ἀντελάϐετό
1109 3182 1235 3234 μου.

1202 3184 1235 3217 ›.
1943 3174 2029 3228 79.
2066 3175 2239 3230 Filius
2272 3184 2397 3232 tuus
2435 3179 2672 3246 suscepit
2701 3195 2805 3232 me.

256 3257 348 3321 80,
380 3257 468 3310 81.
511 3258 584 3309 Τὸ
611 3256 921 3327 πτυ›χεῦσαί
960 3272 1040 3318 σε,
1068 3255 1236 3324 λέγει,
1269 3256 1362 3308 καὶ
1395 3255 1645 3323 γενέσθαι
1672 3253 1765 3307 ἂν·
1794 3304 1835 3361 C

1943 3263 2032 3331 80,
2059 3265 2145 3319 81.
2203 3265 2500 3335 Paupcrem
2542 3267 2716 3335 inquit
2759 3275 2812 3322 ct
2857 3269 3132 3325 hominem
3162 3282 3212 3326 te
3240 3271 3440 3327 factum

175 3346 407 3416 Θρωπον
440 3347 730 3418 ἀνώρθωσέ
765 3365 852 3418 με,
895 3349 986 3400 xal
1016 3346 1212 3411 διδάξει
1243 3365 1328 3417 με.

1272 3365 1328 3400 ιε.
1796 3346 1835 3361 ’⁸
1868 3370 2009 3416 esse.
2040 3357 2275 3411 correxit
2308 3373 2411 3421 me,
2451 3368 2502 3410 et
2531 3359 2745 3412 docebit
2771 3373 2875 3414 me.

257 3440 349 3494 89..
379 3441 710 3504 Ἐπλὰτυνας
752 3441 849 3512 τὴν
881 3440 1107 3510 καρδίαν
1144 3457 1267 3510 μου,
1297 3439 1390 3491 τοῦ
1436 3439 1764 3512 πορεύεσθαί

1937 3446 2027 3502 82.
2063 3447 2306 3503 Dilatasti
2356 3463 2452 3503 cor
2500 3466 2702 3516 meum,
2742 3460 2801 3505 ut
2833 3454 3178 3520 procederem
3232 3456 3285 3510 in
3339 3457 3441 3513 riis

176 3535 256 3604 με
292 3535 350 3586 ἐν
388 3537 505 3596 ταῖς
533 3534 670 3595 ὁδοίς
699 3550 813 3585 σου.
1870 3539 1999 3593 luis.

257 3625 347 3679 8'5.
389 3627 454 3677 Αἱ
483 3625 809 3695 ἐνθυμήσεις
842 3642 964 3694 μου.

1939 3630 2026 3685 85.
2063 3630 2432 3701 Cogitationes
2459 3649 2613 3688 meae.

257 3719 350 3775 84.
395 3718 777 3789 Περιγένωμαι
812 3719 920 3771 τῶν
952 3717 1224 3788 λογισμῶν
1256 3717 1349 3770 τοῦ
1374 3719 1569 3792 ἐχθροῦ
1603 3721 1660 3772 ἐν
1688 3720 1764 3790 τῷ

1936 3724 2027 3778 84.
2062 3724 2431 3779 Consiliorum
2482 3727 2708 3792 inimici,
2740 3740 2928 3781 eorum
2981 3727 3243 3784 malitiam
3292 3740 3439 3786 ante-

170 3813 393 3883 φθάσαι
432 3831 498 3884 με
529 3814 627 3884 τὴν
657 3813 854 3867 κακίαν
883 3812 1081 3867 αὐτῶν.

883 3812 1081 3867 αὐτῶν.
1865 3817 2124 3870 vertendo
2151 3817 2325 3871 victor
2355 3832 2469 3872 ero.

254 3905 348 3960 83.
391 3906 501 3960 Kal
525 3908 584 3959 οὐ
613 3906 889 3977 παύσομαι
918 3906 1022 3970 ἕως
1049 3908 1116 3960 ἂν
1148 3907 1454 3960 ἀνιστῶσιν.

1379 3924 1454 3960 ἰν.
1937 3907 2025 3962 85.
2058 3905 2168 3962 Nec
2198 3909 2444 3972 cessabo,
2480 3910 2653 3966 donec
2677 3911 2982 3983 insurgunt.

255 3997 348 4052 86.
387 3997 572 4064 Διὼξω
601 3999 817 4062 αὐτοὺς,
846 4000 939 4053 καὶ
965 4000 1065 4052 οὑκ
1090 4000 1519 4071 ἀντιστήσονται.

1377 4019 1519 4054 ηνται.
1936 3997 2023 4052 86.
2056 3997 2357 4068 Persequar
2386 4016 2499 4062 eos,
2533 4016 2632 4055 nec
2662 4003 2980 4057 consistent.

257 4089 347 4143 87.
374 4089 655 4156 Ὑποτάξω
688 4091 882 4154 αὐτοὺς
917 4091 1009 4146 ὑπ’
1040 4091 1159 4162 ἐμέ.

1148 4133 1159 4146 .
1937 4089 2026 4143 87.
2062 4089 2176 4143 Sub
2204 4106 2287 4143 me
2316 4107 2411 4144 eos
2441 4091 2751 4158 subjiciam.

255 4180 349 4234 88.
391 4182 735 4253 Περιέζωσάς
781 4199 847 4253 με
892 4182 990 4253 τὴν
1017 4184 1176 4255 χάριν
1202 4184 1296 4237 τοῦ
1324 4184 1477 4252 ἁγίου
1513 4184 1758 4254 Ηνεύμα-

1940 4180 2026 4234 88.
2059 4181 2401 4235 Pi-aacinxisti
2438 4198 2523 4235 me
2555 4184 2728 4253 gratia
2770 4185 2944 4240 sancti
2973 4185 3210 4257 Spiritus
3239 4188 3339 4253 tui,
3377 4197 3437 4242 ut

158 4275 278 4338 τός
321 4291 422 4354 ,σου
467 4276 524 4327 ἐν
567 4276 702 4346 αὐτῇ
755 4272 1092 4338 ὁπλίζεσθαι,
1133 4276 1225 4328 καὶ
1261 4277 1614 4331 ἀνθίστασθαι
1644 4279 1761 4340 ταῖς

1514 4278 1614 4331 illa:
1644 4279 1766 4340 ταῖς
1865 4273 1983 4341 ipsa
2017 4284 2264 4329 armatus
2298 4273 2501 4330 diaboli
2535 4275 2751 4332 insidiis
2783 4279 3117 4335 resisterem.

166 4366 496 4440 μεθοδείαις
526 4365 620 4419 τοῦ
651 4366 920 4418 διαϐόλου.

258 4458 616 4522 89.”Εδωκὰς
667 4475 756 4528 μοι
805 4458 1051 4522 ἐξουσίαν
1095 4464 1287 4514 πατεῖν
1335 4461 1530 4528 ⁹ἐπάνω
1589 4461 1764 4529 ὄφεων

1933 4456 2020 4512 89.
2071 4456 2398 4524 Potestatem
2452 4457 2586 4511 mihi
2634 4457 2830 4513 dedisti
2857 4458 3238 4515 deambulandi
3273 4477 3435 4530 super

154 4552 279 4609 καὶ
317 4551 610 4621 σκορπίων,
638 4551 732 4603 καὶ
759 4551 853 4604 ἐπὶ
882 4553 1062 4604 πᾶσαν
1092 4552 1320 4622 δύναμιν
1345 4553 1439 4606 τοῦ
1473 4552 1687 4624 ἐχθροῦ.

1866 4555 2145 4616 serpentes
2190 4555 2246 4599 et
2279 4546 2596 4612 scorpiones
2648 4557 2702 4602 et
2751 4564 2915 4619 super
2939 4565 3156 4605 omnem
3191 4563 3435 4621 potesta.

1792 4655 1836 4710 ι)
1865 4647 1970 4692 tem
2000 4637 2223 4691 inimici.

253 4728 349 4785 90.
367 4729 610 4793 Ἐδωκάς
637 4748 725 4800 μοι
754 4731 949 4796 αὐτοὺς
982 4730 1343 4802 ὑποχειρίους.

1054 4730 1343 4802 τοχειρίους.
1936 4726 2024 4780 90.
2062 4725 2169 4781 Eos
2200 4727 2330 4781 milii
2357 4727 2657 4799 subiecisti.

254 4821 348 4877 9|.
390 4822 527 4884 Τοὺς
556 4821 844 4892 δαίμονας.

759 4839 844 4886 ις.
1935 4820 2023 4872 91.
2061 4817 2362 4875 Daemones.

254 4912 348 4976 9‘2,
376 4914 465 4968 93.
508 4914 662 4967 Κατὰ
704 4914 765 4966 τὸ
808 4915 1189 4987 γεγραμμένον
1219 4916 1276 4966 ἐν
1310 4915 1659 4986 Εύαγγελίῳ·
1705 4917 1767 4971 Τί

1936 4909 2024 4975 99.,
2058 4911 2147 4964 95.
2189 4911 2658 4977 Quemadmodum
2709 4914 2762 4967 in
2824 4913 3115 4984 Evangelia
3172 4918 3430 4986 scriptum

140 5005 333 5076 ἡμῖν
359 5005 454 5058 καὶ
476 5005 594 5068 σοι,
640 5005 852 5073 Ἰησοῦ,
896 5007 988 5060 Υἱὲ
1015 5008 1120 5062 τοῦ
1150 5007 1296 5062 Θεοῦ
1325 5007 1431 5060 τοῦ
1460 5011 1726 5076 ὑψίστου

1865 5010 1948 5055 est
1983 5022 1994 5054 :
2028 5000 2166 5065 Quid
2194 5001 2362 5065 nobis,
2385 5011 2434 5055 et
2464 5003 2579 5067 tibi,
2604 5001 2734 5056 Iesu
2777 5002 2886 5057 Fili
2918 5003 3014 5058 Dei
3035 5006 3323 5061 altissimi?
3349 5026 3431 5062 ve-

135 5099 367 5171 ἦλθες
393 5097 505 5165 πρὸ
535 5099 740 5165 καιροῦ
771 5097 1103 5153 ἀπολέσθαι
1134 5099 1308 5167 ἡμᾶς.

1213 5099 1308 5164 ἃς.
1867 5093 1993 5144 nisti
2019 5105 2139 5146 ante
2169 5103 2368 5163 tempus
2397 5094 2611 5164 perdere
2640 5112 2730 5149 nos
2751 5097 2816 5150 ⁸⁸.

254 5189 352 5244 94.
374 5189 564 5242 Ἠνὶκα
597 5191 896 5261 ὲμφυσήσω
921 5191 1100 5253 αὐτοῖς
1133 5191 1352 5258 ἀφανεῖς
1383 5191 1721 5261 γενήσονται.

1651 5209 1721 5244 ιι,
1932 5183 2021 5237 94.
2057 5184 2193 5238 Cum
2224 5195 2412 5239 contra
2449 5202 2543 5241 eos
2583 5187 2868 5241 insumabo
2897 5188 3254 5258 disperibunt.

247 5281 344 5336 95.
371 5281 664 5351 Ἐξαλείψω
692 5283 886 5346 αὐτοὺς
918 5285 982 5335 ὲκ
1013 5283 1108 5353 τῆς
1138 5282 1362 5350 καρδίας
1398 5300 1519 5354 μου.

1263 5282 1362 5345 ita;
1398 5300 1519 5354 μου,
1931 5271 2021 5326 95.
2060 5273 2134 5328 Ex
2166 5276 2327 5329 corde
2351 5291 2472 5330 meo
2497 5275 2725 5330 abolcbo
2749 5293 2866 5331 eos.

245 5373 346 5429 96.
372 5373 559 5428 Ῥὖσαί
596 5390 660 5443 με
706 5375 769 5428 ἐκ
799 5373 908 5427 τῶν
938 5374 1504 5446 ἀντιστρατευομένων
1550 5375 1608 5426 ἐν
1650 5375 1761 5437 τοῖς

1929 5362 2014 5417 96.
2056 5364 2217 5435 Eripe
2266 5379 2353 5422 me
2397 5385 2463 5422 ex
2506 5369 2895 5439 voluptatibus,
2923 5387 3044 5441 qua:
3079 5373 3132 5426 in
3167 5375 3427 5432 membris

131 5465 406 5544 μέλεσίν
436 5481 535 5534 μου
569 5465 786 5536 ἡδονῶν.

1861 5455 1995 5509 meis
2028 5458 2259 5511 militant
2289 5470 2476 5514 contra
2510 5477 2615 5516 me.

239 5556 342 5612 97.
384 5557 811 5627 Κατακυριεύειν
841 5576 906 5628 με
935 5557 1043 5610 τῶν
1067 5557 1296 5612 ἐθνικῶν
1322 5557 1593 5628 πράξεων.

1932 5544 2020 5601 97.
2053 5548 2131 5601 Ad
2160 5549 2549 5605 dominandum
2579 5552 2887 5608 actionibus
2913 5555 3248 5624 gentilitatis.

240 5648 342 5703 98.
369 5647 456 5703 99.
498 5648 568 5699 Πε
579 5648 632 5718 pl
659 5647 751 5700 τοῦ
776 5649 1126 5720 κηρύγματος
1153 5647 1260 5701 τῶν
1281 5647 1448 5702 ἐθνῶν
1470 5647 1635 5716 λέγει,
1661 5655 1755 5700 και

1931 5641 2020 5706 98,
2045 5644 2134 5698 99.
2167 5644 2240 5698 De
2268 5646 2671 5714 praedicatione,
2706 5663 2827 5718 qua:
2852 5651 3102 5720 gentibus
3155 5651 3297 5708 facta
3344 5663 3426 5708 est

113 5743 277 5810 τῆς
312 5738 555 5804 ὑπακοῆς
584 5737 782 5792 αὐτῶν.

1867 5729 2126 5801 loquitur,
2164 5743 2218 5790 et
2243 5735 2309 5790 de
2333 5749 2517 5791 earum
2546 5737 2876 5795 obedientia.

233 5849 300 5884 ⁸⁸
339 5847 526 5904 Matth.
551 5866 667 5916 vnn,
699 5851 787 5905 29.
