4060 6478
247 422 352 478 715
1112 417 1202 473 DE
1241 414 1519 473 TITULIS
1553 411 2003 470 PSALMORUM.
2045 441 2113 451 —
2147 408 2344 465 PSAL.
2387 403 2572 462 XVIII.
3389 407 3496 464 716

315 533 370 590 6.
412 534 504 596 Εἰς
536 533 714 585 πᾶσαν
745 532 842 601 τὴν
869 530 972 600 γῆν
1000 530 1221 600 ἐξῆλθεν
1249 533 1277 583 6
1297 529 1531 599 φθόγγος
1569 526 1745 580 αὐτῶν
1766 541 1779 555 °
1850 535 1894 590 Α

1707 546 1745 579 ιιι
1766 541 1779 555 ο
1850 535 1894 590 Α
1991 525 2044 580 6.
2105 524 2160 578 In
2187 539 2404 578 omnem
2433 531 2634 578 terram
2666 519 2836 575 exivit
2870 535 3041 578 sonus
3077 537 3310 580 eorum:

315 625 368 679 7.
410 623 517 676 Καὶ
546 624 624 686 είς
656 621 724 675 τὰ
774 623 984 694 πέρατα
1029 622 1128 692 τῆς
1160 620 1483 693 οἰκουμένης
1512 621 1580 674 τά
1604 621 1822 690 ῥήματα

1653 621 1822 690 ἤματα
1991 617 2041 670 7.
2105 617 2171 671 Et
2203 617 2256 671 in
2288 616 2422 671 ﬁnes
2456 615 2606 672 orbis
2642 626 2800 673 terra:
2844 616 3009 671 verba
3042 630 3256 672 eorum.

241 733 446 771 αυτων.

312 807 366 861 8.
423 809 509 861 Ἐν
540 807 616 877 τῷ
642 807 777 879 ἡλίῳ
803 807 952 860 ἔθετο
983 808 1044 859 τὸ
1074 807 1338 876 σκήνωμα
1368 806 1533 856 αυτοῦ
1553 817 1569 832 ⁶

1999 789 2052 845 8.
2093 790 2148 844 In
2178 790 2292 846 sole
2326 791 2514 860 posuit
2554 790 2966 845 tabernaculum
2999 806 3158 845 suum
3194 811 3205 844 :

314 903 368 956 9.
412 902 522 954 Καὶ
568 901 727 963 αὐτὸς
776 901 851 963 ὼς
893 900 1122 970 νυμφίος
1158 898 1588 968 ἐκπορευόμενος
1621 897 1685 948 ἐκ
1718 912 1824 948 πα-

1997 882 2050 937 9.
2100 881 2165 936 Et
2203 883 2320 953 ipse
2363 894 2624 953 tanquam
2670 895 2906 952 sponsus
2948 882 3248 952 procedens
3280 882 3346 938 de
3374 883 3497 938 tha-

244 992 372 1044 στοῧ
401 993 587 1054 αὐτου,
1926 975 2073 1029 lamo
2114 990 2215 1030 suo
2235 1015 2249 1038 ,

319 1083 404 1138 I0.
461 1081 869 1150 Ἀγαλλιάσεται
898 1081 973 1144 ὡς
1001 1080 1162 1149 γίγας
1187 1080 1413 1151 δραμεῖν
1440 1078 1557 1131 ὁδὸν
1586 1075 1750 1132 αὐτοῦ
1771 1094 1785 1108 '

1998 1069 2085 1122 10.
2165 1067 2471 1124 Exsultavit
2524 1079 2583 1124 ut
2643 1068 2796 1141 gigas
2850 1069 2919 1122 ad
2971 1069 3298 1124 currendam
3350 1069 3493 1123 viam

1927 1174 2082 1213 suam
2117 1178 2130 1212 ε

314 1247 401 1300 11.
455 1243 572 1297 Ἀπ’
607 1243 774 1312 ἄκρου
807 1241 900 1295 τοῦ
928 1241 1215 1313 οὐρανοῦὴ
1259 1240 1436 1306 ἔξοδος
1471 1240 1660 1304 αὑτοῦ,

1410 1259 1436 1305 ς
1471 1240 1660 1304 αὑτοῦ,
1995 1252 2080 1308 11.
2115 1252 2158 1304 Α
2188 1266 2402 1306 summo
2433 1255 2572 1306 coelo
2605 1252 2845 1322 egressio
2875 1250 3011 1320 ejus,

316 1336 400 1390 12.
441 1336 547 1388 Καὶ
560 1335 618 1388 τὸ
635 1335 872 1401 κατάντη
881 1351 953 1404 μα
972 1333 1135 1385 αὑτοῦ
1153 1333 1256 1396 ἕως
1271 1334 1440 1404 ἄκρου
1462 1331 1554 1384 τοῦ
1573 1329 1819 1402 οὐρανοῦ

1818 1352 1819 1356 ‘
1997 1345 2063 1397 12
2095 1343 2159 1398 Et
2183 1359 2445 1398 occursus
2471 1344 2589 1413 ejus
2624 1359 2799 1414 usque
2829 1344 2895 1398 ad
2927 1360 3201 1400 summum
3243 1346 3367 1402 cmii
3409 1363 3421 1398 :

315 1429 399 1482 I3.
443 1429 553 1480 Καὶ
596 1428 696 1480 οὐκ
735 1427 880 1479 ἐστιν
922 1426 979 1489 ὃς
1013 1425 1457 1496 ἁποκρυϐήσεται
1481 1424 1577 1494 τῆς
1617 1423 1824 1494 Θέρμης

1682 1439 1824 1494 ρμης
1999 1433 2086 1488 15.
2117 1432 2224 1489 Nec
2248 1444 2330 1488 est
2354 1433 2446 1504 qui
2471 1450 2528 1488 se
2551 1433 2853 1490 abscondat
2879 1452 2909 1491 a
2933 1437 3115 1492 calore
3142 1436 3285 1506 ejus.

243 1519 429 1573 αὐτοῦ.

318 1611 404 1666 14.
457 1613 513 1665 '0
531 1611 691 1680 νόμος
710 1608 914 1679 Κυρίου
938 1607 1186 1678 ἄμωμος,
1213 1607 1555 1678 ἐπιστρέφων
1575 1606 1751 1677 ψυχάς
1770 1623 1782 1635 ·

1992 1611 2076 1665 14.
2113 1609 2218 1664 Lex
2248 1608 2463 1664 Domini
2495 1610 2870 1679 immaculata,
2895 1620 3220 1667 convertens
3241 1612 3453 1668 animas
3479 1629 3493 1667 :

317 1706 402 1760 I5.
457 1706 520 1759 'H
565 1704 836 1775 μαρτυρία
881 1703 1085 1774 Κυρίου
1143 1701 1342 1773 πιστὴ,
1394 1700 1689 1769 σοφίζουσα
1730 1701 1824 1771 νή-

1999 1705 2087 1758 15.
2163 1703 2563 1758 Testimonium
2618 1703 2836 1759 Domini
2907 1705 3103 1772 lidelc,
3172 1706 3493 1775 sapientiam

242 1816 368 1853 πια.

1925 1802 2189 1865 ρταεειειηε
2219 1793 2483 1862 parvulis.

316 1891 403 1944 I6.
446 1888 526 1941 Τά
574 1887 914 1958 δικαιώματα
961 1883 1166 1956 Κυρίου
1218 1883 1422 1948 εὐθέα,
1467 1883 1824 1954 εὐφραίνοντα
1853 1892 1900 1952 Β

1890 1896 1900 1948 ι
1995 1885 2082 1939 16.
2139 1883 2371 1938 Iustitia:
2417 1881 2632 1938 Domini
2672 1892 2856 1948 rectae,
2899 1883 3239 1940 laetiﬁcantes
3281 1882 3493 1939 corda:

243 1999 313 2035 κα
322 1981 469 2035 οδίαν
501 1997 516 2011 ·

353 1999 400 2033 οι
501 1999 516 2011 ·

317 1999 519 2125 IP'If‘fH
542 2068 725 2136 ἐντολὴ
747 2068 950 2139 Κυρίου
975 2066 1270 2138 τηλαυγὴς,
1291 2066 1596 2135 φωτίζουσα
1621 2063 1821 2134 ὀφθαλ-

2002 2064 2087 2118 17.
2122 2065 2452 2136 Prazceptum
2484 2064 2700 2121 Domini
2725 2066 2989 2130 lucidum,
3013 2066 3332 2124 illuminans
3361 2084 3494 2124 ocu-

288 2163 398 2226 οὐς.
1929 2156 2031 2212 los.

429 2255 486 2308 Ὀ
526 2252 686 2323 φόϐος
719 2250 922 2321 Κυρίου
957 2251 1119 2320 ἁγνὸς
1142 2290 1156 2315 ,
1206 2248 1472 2319 διαμένων
1526 2248 1605 2310 εἰς
1652 2246 1824 2300 αἰῶνα

1929 2180 2031 2212 105.

2000 2247 2087 2302 18.
2129 2247 2316 2301 Timor
2348 2247 2559 2302 Domini
2587 2259 2827 2314 sanctus,
2861 2265 3191 2320 permanens
3227 2253 3284 2305 in
3315 2265 3491 2307 saecu-

243 2348 294 2398 σι’
307 2345 434 2408 ὧνος
454 2362 465 2376 ·

1926 2339 2037 2394 lum
2077 2340 2262 2396 smculi
2293 2353 2307 2391 :

317 2436 401 2490 I9.
443 2435 522 2488 Τὰ
550 2435 790 2506 κρίματα
815 2433 1017 2506 Κυρίου
1044 2430 1295 2502 ἀληθινὰ,
1319 2429 1710 2501 δεδικαιωμένα
1733 2431 1824 2483 ἐπὶ

2003 2431 2089 2485 I9.
2145 2429 2360 2484 Judicia
2407 2429 2624 2484 Domini
2667 2445 2819 2494 vera,
2855 2429 3156 2501 justiﬁcata
3191 2430 3247 2486 in
3293 2443 3495 2489 semet-

242 2528 306 2582 τὸ
336 2526 498 2582 αὑτό·
927 2517 935 2525 ’

492 2544 498 2556 .
927 2517 935 2525 ·
1925 2523 2045 2594 ipsa
2081 2538 2095 2576 :

315 2618 402 2670 20.
432 2617 770 2689 Ἐπιθυμητὰ
802 2617 940 2687 ὑπὲρ
974 2614 1196 2688 χρυσίον
1231 2615 1323 2668 καὶ
1353 2613 1498 2666 λίθον
1526 2613 1703 2683 τίμιον
1726 2631 1820 2665 πο-

2000 2613 2090 2667 20.
2125 2612 2515 2668 Desiderabilia
2554 2628 2719 2684 super
2754 2627 2973 2679 aurum,
3017 2624 3070 2669 et
3111 2613 3344 2684 lapidem
3373 2629 3495 2686 pre-

243 2707 379 2761 λύν·

1929 2705 2130 2759 tiosum
2159 2704 2389 2757 multum
2423 2717 2437 2755 :

317 2801 404 2855 21.
449 2802 558 2854 Καὶ
588 2799 897 2872 γλυκύτερα
936 2800 1076 2873 ὑπὲρ
1106 2799 1225 2870 μέλι
1261 2796 1355 2849 καὶ
1387 2796 1596 2866 κηρίον.

1510 2796 1596 2850 εον.
1995 2795 2084 2849 21.
2119 2793 2186 2849 Ει
2214 2795 2453 2849 dulciora
2493 2810 2655 2865 super
2693 2796 2799 2851 mel
2831 2807 2884 2852 et
2907 2796 3113 2854 favum.

318 2896 404 2951 22.
447 2897 556 2950 Καὶ
583 2897 688 2968 γὰρ
712 2899 740 2950 6
767 2896 948 2957 δοῦλός
983 2912 1075 2946 σου
1105 2893 1364 2963 φυλάσσει
1404 2891 1542 2945 αὐτά

1998 2889 2089 2944 22.
2143 2887 2359 2943 Etenim
2391 2902 2584 2943 servus
2618 2898 2745 2946 tuus
2778 2891 3015 2946 custodit
3049 2906 3112 2946 ea
3141 2911 3155 2947 :

1373 3070 1750 3127 ATHANASII
1794 3071 2377 3129 INTERPRETATIO.

319 3256 371 3310 6.
412 3255 504 3317 Εἰς
550 3254 655 3306 πᾶν
696 3251 845 3315 ἔθνος
882 3251 974 3304 καὶ
1015 3251 1171 3320 γένος
1203 3251 1412 3321 διεδόθη
1443 3251 1476 3321 ἡ
1509 3250 1826 3304 διδασκαλία
1853 3259 1894 3314 C

1893 3263 1894 3307 ξ
2001 3252 2052 3306 6.
2113 3251 2168 3305 In
2204 3266 2395 3306 omnes
2421 3260 2628 3322 gentes,
2658 3267 2721 3307 ac
2749 3253 2998 3310 nationes
3031 3271 3222 3314 eorum
3255 3259 3496 3315 doctrina

243 3347 449 3404 αὐτῶν.

1929 3344 2287 3398 disseminata
2319 3353 2421 3399 est.

319 3439 370 3494 7.
413 3439 523 3492 Καὶ
572 3437 829 3507 περιῆλθε
875 3437 943 3491 τά
995 3438 1216 3508 ῥήματα
1278 3434 1476 3498 αὐτῶν,
1509 3433 1632 3487 ἔνθα
1680 3435 1824 3488 ἐστὶν

2001 3435 2050 3489 7.
2110 3435 2176 3489 Et
2207 3436 2370 3490 verba
2415 3451 2604 3490 eorum
2641 3448 3005 3505 pervenerunt
3057 3440 3498 3514 ubicunquater-

241 3534 531 3604 ἄνθρωπος
568 3532 658 3584 ἐπὶ
688 3530 788 3600 τῆς
823 3531 943 3600 γῆς.

1925 3545 2108 3584 rarum
2143 3530 2391 3584 homines
2435 3539 2579 3586 sunt.

318 3623 371 3678 8.
401 3624 487 3676 Ἐν
516 3621 595 3691 τῷ
618 3620 730 3690 Υίῷ
760 3619 911 3671 ἔθετο
936 3620 1062 3682 τοὺς
1087 3619 1330 3681 πιστούς.

1192 3619 1330 3681 τούς.
1994 3623 2047 3678 8.
2085 3621 2299 3678 Fideles
2337 3625 2392 3678 in
2421 3622 2560 3679 Filio
2591 3624 2795 3694 posuit.

314 3719 368 3773 9.
397 3718 453 3771 Ὀ
483 3716 643 3780 αὐτὸς
675 3716 877 3787 Κύριος
906 3717 970 3768 ὲκ
997 3712 1090 3765 τοῦ
1121 3709 1349 3782 οὐρανοῦ
1379 3712 1688 3782 ἐρχόμενος.

1443 3712 1688 3780 χόμενος.
1993 3714 2047 3769 9.
2093 3713 2211 3785 Ipse
2243 3715 2508 3769 Dominus
2557 3732 2587 3769 c
2628 3716 2768 3770 c0310
2805 3716 3046 3772 veniens.

321 3807 408 3862 10.
447 3809 557 3880 Τὴν
591 3807 890 3880 παρουσίαν
915 3805 1076 3860 αὑτοῦ
1107 3803 1381 3875 σημαίνει.
1619 3839 1623 3846 -

1372 3845 1381 3857 .
1619 3839 1623 3846 -
2009 3805 2094 3859 10.
2136 3806 2440 3861 Adventum
2475 3821 2636 3859 suum
2685 3806 2975 3876 signiﬁcat.

318 3902 552 3956 11.Ὂτε
585 3901 792 3954 ἔκλινεν
816 3900 1097 3970 οὐρανοὺς,
1129 3897 1223 3951 καὶ
1257 3897 1482 3967 κατέϐη.

2003 3900 2086 3952 11.
2121 3900 2352 3965 Quando
2388 3897 2668 3954 inclinavit
2707 3900 2897 3964 cwlos,
2931 3911 2987 3955 et
3009 3901 3305 3960 descendit.

320 3995 408 4048 12.
450 3993 560 4065 Τὴν
593 3993 775 4046 ἄνοδον
805 3990 970 4044 αὐτοῦ
1003 3989 1170 4057 λέγει.

2003 3995 2088 4047 12.
2140 3994 2532 4049 Ascensionem
2567 4010 2722 4050 suam
2763 3994 3053 4064 signiﬁcat.

320 4085 406 4140 I5.
448 4085 559 4154 Τὴν
594 4084 776 4137 πίστιν
813 4081 998 4136 αὑτοῦ.

855 4081 998 4136 ὑτοῦ.
2002 4084 2088 4138 13.
2123 4085 2166 4137 Α
2201 4084 2304 4140 ﬁde
2338 4101 2458 4140 sua.

322 4175 405 4228 14.
432 4173 491 4227 '0
534 4173 662 4234 Υἱὸς
693 4171 786 4226 τοῦ
829 4171 964 4225 Θεοῦ
1011 4171 1415 4242 ἀναμάρτητος,
1445 4169 1519 4233 ὼς
1550 4169 1682 4232 Θεὸς
1710 4169 1827 4220 ὲπι-

1999 4175 2084 4228 11.
2142 4175 2311 4230 Filius
2345 4175 2437 4230 Dei
2467 4174 2855 4244 impeccabilis,
2902 4185 2962 4228 ut
2991 4176 3132 4231 Deus
3174 4185 3498 4232 convertens

247 4267 499 4338 στρέφων
529 4267 593 4319 ἐκ
626 4266 850 4328 σκότους
882 4265 979 4329 τὰς
1008 4263 1183 4334 ψυχὰς
1210 4263 1316 4317 τῶν
1345 4262 1643 4334 ἀνθρώπων
1670 4263 1747 4325 είς
1766 4261 1826 4314 τὸ

1925 4284 1954 4322 a
1989 4267 2226 4323 tenebris
2265 4267 2477 4321 animas
2514 4265 2797 4320 hominum
2841 4266 2892 4320 in
2925 4267 3304 4323 admirabilem
3345 4286 3497 4326 suam

245 4359 366 4430 φῶς
399 4357 563 4412 αὑτοῦ
597 4358 657 4412 τὸ
685 4357 1016 4427 θαυμαστόν.

522 4357 563 4411 ιῦ
597 4358 657 4412 τὸ
685 4357 1016 4427 θαυμαστόν.
1927 4360 2125 4414 lucem.

323 4454 409 4508 I5.
431 4454 556 4505 Ὅτε
581 4450 961 4521 ἐμαρτύρησεν
991 4449 1048 4499 ὲν
1078 4445 1155 4516 τῷ
1185 4446 1299 4516 ὄρει
1320 4446 1346 4496 6
1371 4444 1561 4514 Πατὴρ
1585 4444 1712 4514 περὶ
1737 4442 1824 4496 τοῦ

2001 4452 2086 4506 I5.
2149 4449 2377 4515 Quando
2403 4447 2562 4504 Pater
2594 4450 2646 4503 in
2691 4461 2872 4504 monte
2911 4451 3287 4506 testimonium
3320 4455 3499 4523 perhi-

246 4543 381 4596 Υἱοῦ
419 4541 606 4605 αὑτοῦ,
643 4543 724 4594 ὅτι
760 4539 922 4603 αὐτὸς
955 4541 1101 4591 ἐστιν
1125 4538 1154 4589 ὁ
1182 4535 1470 4607 μονογενὴς
1494 4534 1657 4587 αὐτοῦ
1675 4534 1823 4600 Υἱὸς,

1924 4544 2044 4600 buit
2086 4543 2151 4596 de
2180 4541 2317 4596 Filio
2349 4557 2472 4606 suo,
2506 4542 2650 4612 quod
2697 4541 2812 4612 ipse
2850 4551 2935 4597 est
2985 4543 3157 4598 Filius
3201 4561 3339 4602 suus
3376 4547 3499 4601 uni-

245 4635 346 4690 καὶ
373 4631 708 4686 ἐπιστώσατο
737 4632 863 4694 τοὺς
899 4629 1145 4701 μαθητάς
1180 4626 1365 4680 αὑτοῦ.

1856 4605 1899 4660 D
1932 4635 2163 4706 genitus,
2189 4643 2245 4688 et
2277 4635 2572 4705 discipulos
2608 4635 2726 4703 ejus
2767 4635 2820 4688 in
2854 4635 2958 4690 ﬁde
2991 4637 3356 4693 conﬁrmavit.

329 4724 410 4779 I6.
457 4724 535 4778 Τὰ
570 4722 928 4791 δικαιώματα
960 4721 1178 4788 Κυρίου
1199 4719 1348 4770 οὐδὲν
1375 4717 1585 4786 ἔχουσιν
1616 4717 1825 4778 ἑαυτοῖς

2008 4720 2091 4772 16.
2153 4717 2392 4773 Justitia:
2442 4719 2657 4772 Domini
2703 4719 2839 4773 nihil
2901 4736 3247 4789 perversum-
3279 4722 3499 4790 habent,

247 4816 464 4871 σκολιὸν
488 4816 608 4869 οὐδὲ
637 4811 1093 4885 πραγγαλιῶδες,
1124 4809 1259 4862 ἀλλὰ
1289 4807 1464 4861 πάντα
1493 4807 1646 4878 ὀρθά.

1352 4807 1464 4861 ὶντα
1493 4807 1646 4878 ὀρθά.
1936 4813 2071 4868 nihil
2098 4811 2411 4873 distortum,
2445 4811 2537 4865 sed
2572 4811 2756 4866 omnia
2790 4820 2955 4866 recta.

329 4914 410 4966 I7.
439 4913 500 4964 Ἠ
547 4910 733 4980 ἐντολὴ
767 4907 971 4979 Κυρίου
1021 4904 1254 4976 καθαρὰ,
1291 4901 1513 4971 ίωμένη,
1555 4902 1648 4954 καὶ
1694 4900 1830 4970 λαμ-

2010 4903 2096 4960 17.
2147 4903 2350 4958 Purum
2381 4911 2465 4958 est
2497 4904 2814 4958 mandatum
2843 4903 3058 4960 Domini
3093 4919 3314 4968 sanans,
3346 4913 3398 4958 et
3438 4905 3497 4958 il-

247 5006 532 5078 πρύνουσα
563 5004 688 5066 τοὺς
712 5001 1024 5071 ὀφθαλμοὺς
1050 4998 1156 5050 τῶν
1184 4994 1357 5065 καρδστ
1380 5012 1441 5046 ιν.

1020 5017 1024 5054 :
1050 4998 1156 5050 τῶν
1184 4994 1357 5065 καρδστ
1380 5012 1441 5046 ιν.
1935 4997 2175 5051 lustrans
2200 4995 2389 5049 oculos
2421 4997 2623 5050 cordis.

328 5096 412 5150 18.
432 5093 600 5147 Ἔνθα
633 5095 663 5146 ὁ
691 5091 851 5161 φόϐος
884 5090 1109 5160 Κυρίου,
1139 5086 1298 5155 ἁγνὸς
1335 5086 1538 5145 ἐκεῖνος
1564 5085 1591 5135 6
1622 5080 1828 5152 ἄνθρω-

2009 5089 2094 5143 18.
2154 5088 2256 5143 Ubi
2305 5097 2388 5143 est
2442 5089 2605 5142 timor
2639 5087 2873 5154 Domini,
2910 5103 3080 5158 purus
3123 5097 3305 5143 manet
3337 5087 3500 5145 homo

245 5203 354 5248 πος
385 5184 627 5255 διαμένει
653 5183 748 5234 καὶ
772 5182 830 5231 ἐν
856 5178 931 5248 τῷ
952 5179 1044 5231 νῦν
1076 5178 1169 5232 καὶ
1197 5178 1253 5228 ἐν
1275 5174 1351 5245 τῷ
1380 5173 1624 5245 μέλλοντι
1649 5171 1823 5225 αἰῶνι.

1512 5190 1624 5225 οντι
1649 5171 1823 5225 αἱῶνιο
1934 5182 2042 5246 ille,
2069 5188 2124 5234 et
2149 5181 2201 5234 in
2231 5179 2484 5249 praesenti
2513 5190 2566 5234 et
2596 5180 2651 5233 in
2685 5179 2871 5236 futuro
2896 5182 3112 5236 szecuio.

327 5277 411 5332 I9.
452 5277 533 5328 Τὰ
563 5273 906 5340 θεσπίσματα
938 5269 1032 5321 τοῦ
1067 5267 1270 5339 Κυρίου
1302 5265 1503 5334 ἀψευδῆ
1542 5281 1826 5335 μεμαρτυ-

2006 5270 2091 5324 19.
2146 5268 2378 5324 Oracula
2405 5267 2618 5322 Domini
2652 5271 2771 5324 sine
2802 5270 3086 5324 mendacio
3111 5278 3165 5324 et
3192 5269 3499 5330 testiﬁcata.

247 5370 486 5444 ρημένα,
516 5370 597 5421 ὅτι
645 5366 776 5421 αὐτὸ
819 5363 975 5417 τοῦτό
1019 5363 1166 5415 ἐστιν
1197 5360 1224 5412 ὃ
1257 5359 1498 5426 λέγουσι,
1551 5357 1644 5409 καὶ
1679 5357 1828 5409 οὐδὲν

1930 5361 2075 5432 quod
2105 5363 2208 5415 hoc
2245 5359 2421 5428 ipsum
2447 5369 2551 5420 est,
2581 5360 2728 5430 quod
2753 5361 3060 5428 enuntiant,
3091 5371 3146 5415 et
3167 5361 3301 5414 nihil
3331 5360 3497 5423 aliud,

243 5465 439 5533 ἕτερον
459 5477 471 5491 ο
505 5461 614 5512 εἴτε
644 5459 769 5530 περὶ
801 5459 900 5527 τῆς
933 5453 1373 5526 μισθαποδοσίας,
1407 5452 1515 5505 εἴτε
1555 5452 1681 5522 περὶ
1711 5451 1832 5523 κρί-

1930 5455 2044 5509 sive
2093 5454 2161 5508 de
2187 5452 2452 5506 mercedis
2479 5453 2858 5515 retributione,
2912 5459 3025 5508 sive
3062 5453 3130 5508 de
3173 5453 3380 5523 judicio
3435 5456 3495 5505 Io

242 5573 393 5618 αως
421 5551 750 5624 διηγοῦνται.

589 5552 750 5605 ὂνται.
1933 5557 2192 5616 quantur.

320 5646 413 5702 20.
458 5647 579 5707 Τοῖς
605 5642 921 5713 ἐκζητοῦσιν
949 5639 1138 5694 ταῦτα.

1126 5680 1138 5692 ,
2007 5633 2095 5685 ‘20.
2147 5630 2568 5699 Exquirentibus
2597 5632 2729 5685 haec.

322 5737 414 5791 21.
455 5736 576 5798 Τοῖς
605 5734 875 5787 συνιοῦσιν
907 5731 1064 5787 αὑτά.

2010 5725 2102 5778 21.
2163 5721 2594 5793 lntelligentibus
2629 5724 2769 5792 ipsa.

321 5828 416 5883 29..
443 5829 502 5882 '0
528 5827 710 5889 δοῦλός
744 5843 835 5878 σου
866 5825 1124 5896 ὑπάρχων
1155 5823 1412 5891 φυλάσσει
1447 5819 1605 5875 αὑτά.

1551 5819 1605 5875 ά.
2011 5815 2101 5870 22.
2158 5815 2259 5880 Qui
2297 5829 2488 5868 servus
2519 5822 2645 5871 tuus
2675 5825 2775 5883 est,
2808 5816 3038 5871 custodit
3073 5830 3154 5869 ea.

501 5945 772 6004 Parnm.
827 5943 944 6003 Gn.
1009 5942 1268 6001 XXVII.

3105 5930 3181 5989 23
