4060 6448
592 370 695 421 715
1416 362 1471 415 S.
1511 360 1885 417 ATHANASII
1923 360 2071 417 OPP.
2113 361 2195 415 ΡΑ

2227 362 2295 415 l5
2335 361 2422 417 lll.
2462 392 2531 403 —
2566 360 2985 417 EXEGETICA.
3725 362 3830 417 716

658 490 749 546 2'5.
801 488 859 543 ln
892 485 1260 544 custodiendis
1289 485 1397 540 illis
1420 485 1713 541 retributio
1742 485 1934 539 multa.
2176 492 2222 547 Α

2176 492 2222 547 Α
2316 485 2405 539 23.
2434 485 2520 537 Ἐν
2544 484 2621 554 τῷ
2644 484 2936 553 φυλάσσειν
2964 482 3103 537 αὐτὰ
3130 482 3481 545 άνταπόδοσις
3511 480 3707 554 πολλή.

654 581 746 636 24.
787 579 992 634 Delicta
1037 578 1159 648 quis
1194 576 1485 646 intelligit?

2322 577 2411 630 24.
2453 577 2877 647 Παραπτώματα
2905 576 2987 639 τίς
3021 578 3272 646 συνήσει;

651 674 747 727 ~25.
784 672 866 726 Ab
890 671 1120 727 occultis
1149 671 1285 726 meis
1310 668 1514 723 munda
1545 684 1633 724 me
1659 687 1673 722 :

2322 667 2413 721 25.
2441 667 2535 718 Ἐκ
2564 666 2673 717 τῶν
2705 664 2949 734 κρυφίων
2979 682 3078 735 μου
3114 664 3406 735 καθάρισόν
3441 681 3508 733 με
3528 682 3540 695 ·

657 764 743 816 26.
781 762 847 817 Et
875 763 943 816 ab
972 761 1164 816 alienis
1198 776 1358 831 parce
1398 775 1560 815 servo
1590 769 1706 814 tuo.

2323 759 2411 813 26.
2453 759 2563 811 Kal
2591 759 2697 810 ἀπὸ
2726 758 3017 828 ἀλλοτρίων
3047 760 3228 825 φεῖσαι
3256 756 3346 809 τοῦ
3385 756 3565 809 δούλου
3606 773 3720 813 σου.

658 854 747 906 27.
785 852 843 905 Si
882 850 989 905 mei
1017 866 1125 906 non
1162 849 1363 905 fuerint
1388 850 1677 916 dominati,
1711 857 1841 903 tunc
1890 847 2156 902 immacu-

2325 851 2415 905 27.
2443 851 2563 903 Ἐὰν
2594 852 2666 921 μή
2695 867 2793 920 μου
2822 849 3306 919 κατακυριεύσωσι,
3325 849 3444 901 τότε
3465 848 3697 920 ἄμωμος
3720 850 3816 903 ἔσο

593 946 732 997 latus
761 958 855 997 ero
887 960 900 996 :
2260 960 2355 1014 μαι

658 1036 747 1089 ‘28.
784 1033 852 1088 Et
884 1034 1223 1090 emundahor
1261 1050 1292 1089 a
1328 1033 1529 1089 delicto
1560 1033 1822 1087 maximo.

2325 1035 2415 1089 28.
2454 1035 2563 1087 Kal
2592 1033 3063 1104 καθαρισθήσομαι
3093 1033 3198 1085 ἀπὸ
3230 1032 3503 1103 ἁμαρτίας
3531 1032 3799 1102 μεγάλης.

661 1127 751 1180 29.
794 1125 860 1181 Et
887 1135 1048 1181 erunt
1087 1134 1148 1181 ut
1179 1126 1551 1197 complaceant
1595 1126 1811 1195 eloquia
1857 1126 1971 1180 oris
2002 1124 2109 1179 mei
2142 1140 2155 1176 :

2328 1128 2417 1181 29.
2460 1126 2569 1179 Kal.
2602 1126 2811 1180 ἔσονται
2839 1127 2917 1189 είς
2946 1126 3190 1179 εὐδοκίαν
3220 1125 3287 1177 τὰ
3311 1126 3465 1193 λόγια
3498 1124 3592 1176 τοῦ
3632 1125 3840 1194 στόμα-

2260 1219 2349 1281 τός
2380 1236 2477 1287 μου

668 1309 756 1363 30.
825 1307 891 1363 Et
921 1307 1202 1363 meditatio
1250 1307 1433 1362 cordis
1480 1308 1587 1362 mei
1641 1309 1693 1362 in
1740 1319 2032 1379 conspectu
2066 1319 2160 1366 tuo

2330 1310 2416 1363 50.
2458 1308 2566 1361 Kal
2610 1310 2642 1379 ή
2694 1307 2889 1378 μελέτη
2936 1309 3033 1377 τῆς
3075 1307 3300 1379 καρδίας
3344 1325 3443 1378 μου
3474 1308 3707 1361 ἐνώπιόν
3746 1323 3841 1360 σου

596 1416 827 1471 semper.

2260 1402 2566 1464 διαπαντός.

664 1496 756 1548 51.
813 1493 1039 1548 Domine
1070 1492 1286 1564 adjutor
1313 1508 1489 1557 meus,
1528 1502 1583 1547 et
1613 1494 1923 1564 redemptor
1980 1512 2157 1551 meus.

1980 1512 2157 1551 meus.
2328 1498 2416 1552 5i.
2460 1497 2630 1569 Κύριε
2667 1496 2824 1567 βοηθέ
2860 1514 2982 1567 μου,
3016 1497 3110 1551 καὶ
3142 1497 3390 1567 λυτρωτά
3428 1513 3547 1566 μου.

758 1629 824 1684 In
851 1630 1027 1699 ﬁnem,
1078 1629 1310 1698 psalmus
1349 1628 1541 1683 David.
1582 1628 1791 1683 PSAL.
1842 1628 1999 1683 XIX.

2364 1635 2467 1697 Εἰς
2498 1632 2562 1684 τὸ
2596 1633 2787 1697 τέλος,
2817 1631 3057 1701 ψαλμὸς
3079 1628 3158 1696 τῷ
3189 1631 3381 1684 Δαόίδ.
3415 1633 3587 1684 ΨΑΛ.
3615 1630 3729 1684 ΙΘν.

674 1766 723 1817 l.
762 1761 1027 1817 Exaudiat
1068 1770 1117 1816 te
1151 1761 1414 1815 Dominus
1458 1761 1513 1814 in
1543 1761 1629 1815 die
1670 1762 2087 1818 tribulationis:

2072 1778 2087 1816 :
2333 1764 2385 1817 l.
2414 1764 2735 1818 Ἐπακούσαι
2766 1782 2858 1818 σου
2885 1765 3089 1836 Κύριος
3113 1767 3168 1817 ὲν
3193 1765 3375 1835 ἡμέρᾳ
3406 1764 3636 1833 θλίψεως
3656 1779 3670 1793 ⁸

664 1853 724 1907 2.
758 1852 1010 1922 Protegat
1042 1859 1094 1905 te
1126 1867 1323 1905 nomen
1382 1850 1476 1905 Dei
1505 1850 1693 1905 Jacob.
2192 1848 2235 1903 B

2192 1848 2235 1903 Β
2332 1857 2385 1910 2.
2412 1857 2813 1929 ’Υπερασπίσαι
2853 1874 2944 1910 σου
2978 1858 3037 1910 τὸ
3062 1858 3230 1928 ὄνομα
3257 1857 3351 1910 τοῦ
3382 1858 3516 1910 Θεοῦ
3553 1856 3769 1911 Ἰακὼϐ.

672 1948 725 1999 5.
759 1944 933 1999 Mittat
966 1944 1060 1999 tibi
1096 1945 1358 1999 auxilium
1389 1945 1456 2000 de
1486 1957 1676 2000 sancto
1704 1963 1717 1999 :

2335 1951 2387 2005 5.
2416 1950 2820 2014 Ἐξαποστείλαι
2850 1968 2930 2003 σοι
2963 1950 3208 2021 βοήθειαν
3240 1950 3298 2015 te
3331 1950 3482 2019 ἁγίου
3502 1964 3516 1978 ·

666 2038 726 2091 ι.
760 2036 826 2091 Ει
857 2036 924 2091 de
950 2037 1083 2091 Sion
1114 2045 1331 2092 tueatur
1372 2047 1443 2092 te.

2335 2043 2388 2096 4.
2430 2044 2540 2095 Καὶ
2573 2044 2636 2096 ὲκ
2670 2042 2807 2095 Σιὼν
2835 2043 3171 2096 άντιλάὸοιτό
3202 2056 3315 2095 σοῦ’

673 2132 728 2185 5.
760 2129 965 2184 Memor
989 2130 1057 2183 sit
1086 2131 1264 2183 omnis
1293 2128 1547 2184 sacriﬁcii
1576 2128 1651 2183 tui
1681 2146 1694 2182 :

2340 2137 2390 2190 5.
2433 2135 2714 2205 Μνησθείη
2754 2136 2933 2205 πάσης
2967 2135 3155 2199 θυσίας
3190 2153 3280 2188 σου
3302 2153 3313 2165 ·

670 2220 723 2274 6.
764 2218 828 2273 Et
859 2218 1237 2273 holocaustum
1269 2227 1421 2272 tuum
1451 2218 1649 2287 pingue
1679 2217 1794 2272 ﬁat.

2339 2225 2392 2279 6.
2435 2226 2544 2277 Kal
2568 2226 2628 2277 τὸ
2652 2225 3007 2295 όλοκαύτωμά
3030 2243 3123 2278 σου
3152 2225 3412 2278 πιανάτω.

679 2313 732 2369 7.
768 2312 994 2368 Tribuat
1029 2312 1123 2367 tibi
1163 2312 1458 2367 secundum
1500 2326 1595 2364 cor
1623 2319 1773 2363 tuum
1810 2330 1821 2362 :

2341 2318 2395 2369 7.
2433 2316 2552 2387 Δῴη
2590 2334 2669 2369 σοι
2702 2317 2904 2387 Κύριος
2936 2317 3076 2368 κατὰ
3100 2319 3197 2386 τὴν
3227 2318 3449 2387 καρδίαν
3479 2334 3570 2368 σου

669 2406 724 2460 8.
760 2405 823 2460 Et
848 2419 1010 2459 omne
1039 2404 1326 2459 consilium
1351 2413 1506 2457 tuum
1542 2402 1847 2455 conﬁrmet.

2339 2411 2391 2465 8.
2435 2411 2543 2462 Kal
2572 2411 2750 2461 πᾶσαν
2780 2408 2878 2479 τὴν
2910 2409 3104 2481 βουλήν
3136 2426 3229 2462 σου
3261 2408 3560 2478 πληρῶσαι.

678 2495 731 2549 9.
768 2494 1096 2549 Laztabimur
1138 2496 1191 2546 in
1223 2491 1446 2548 salutari
1480 2500 1574 2543 tuo
1603 2507 1617 2543 :

2338 2502 2392 2557 9.
2421 2498 2888 2570 Ἀγαλλιασὸμεθα
2919 2501 3011 2553 ἐπὶ
3038 2501 3115 2571 τῷ
3148 2501 3398 2571 σωτηρίῳ
3434 2517 3525 2552 σου
3547 2515 3558 2527 ·

680 2587 767 2641 l0.
800 2586 870 2640 Et
895 2588 947 2641 in
976 2585 1193 2641 nomine
1223 2585 1314 2639 Dei
1341 2584 1510 2641 nostri
1544 2581 2023 2654 magniﬁcabimur.

2338 2592 2425 2646 10.
2459 2594 2567 2645 Kal
2602 2593 2660 2645 ὲν
2700 2590 2922 2662 ὀνόματι
2967 2576 3171 2664 Κυρίου
3201 2592 3335 2645 Θεοῦ
3374 2591 3532 2663 ἡμῶν
3584 2588 3856 2661 μεγαλυνο

2270 2683 2567 2754 θησόμεθα.

1721 2847 2099 2903 ATHANASll
2141 2847 2728 2905 INTERPRETATIO.

680 3037 773 3092 23.
841 3034 901 3087 In
965 3028 1244 3087 servandis
1300 3027 1407 3080 illis
1459 3024 1688 3094 quisque
1756 3032 2003 3079 nostrum
2067 3037 2164 3093 pro

2339 3021 2431 3077 25.
2458 3022 2544 3074 Ἐν
2571 3021 2647 3091 τῷ
2680 3018 2901 3092 κρατεῖν
2930 3020 3068 3074 αὐτὰ
3096 3020 3324 3075 ἕκαστον
3355 3020 3531 3092 ἡμῶν,
3559 3020 3858 3075 ἀνταπόδον

614 3127 860 3187 mercede
891 3126 1052 3180 habet
1081 3123 1244 3177 vitam
1280 3129 1555 3175 aeternam.

1484 3133 1555 3171 m.
2273 3130 2357 3166 σιν
2392 3113 2503 3183 ἔχει
2537 3112 2680 3183 ζωὴν
2711 3112 3084 3183 ἀτελεύτητον.

684 3223 777 3276 24.
824 3218 1019 3274 Cordis
1059 3213 1432 3285 cogitationes.
2195 3236 2237 3294 ο

2195 3236 2237 3294 C
2341 3202 2430 3256 24.
2472 3204 2608 3266 Τοὺς
2634 3205 2690 3255 ὲν
2720 3206 2787 3273 τῇ
2816 3204 3011 3275 καρδίᾳ
3037 3204 3347 3273 λογισμούς.

681 3314 771 3367 25.
808 3309 882 3365 De
909 3307 1100 3363 iisdem
1138 3302 1555 3371 cogitationibus
1589 3300 1856 3369 loquitur.

1695 3300 1856 3354 uitur.
2340 3295 2429 3350 25.
2472 3294 2592 3347 Τῶν
2627 3296 2805 3349 αὐτῶν
2830 3295 3101 3366 λογισμῶν
3133 3296 3298 3363 λέγει.

678 3404 769 3459 26.
820 3401 903 3455 Ab
936 3397 1245 3452 incursibus
1272 3394 1479 3448 inimici
1506 3393 1674 3447 libera
1706 3406 1813 3446 me.

2340 3387 2431 3441 26.
2474 3387 2595 3439 Τῶν
2626 3388 2883 3442 εἰσϐολῶν
2909 3389 3001 3441 τοῦ
3031 3388 3225 3460 ἐχθροῦ
3257 3388 3419 3461 ῥῦσαί
3450 3407 3537 3460 με.

676 3495 775 3549 27.
831 3490 1231 3562 Cogitationes,
1266 3486 1361 3542 ait.

2339 3481 2428 3533 27.
2472 3484 2533 3532 Ol
2558 3482 2827 3553 λογισμοὶ,
2858 3481 3023 3549 λέγει.

683 3586 773 3639 28.
804 3582 870 3638 Et
895 3598 928 3637 a
956 3579 1153 3635 diaboli
1182 3576 1549 3633 dominatione
1577 3573 1925 3630 sublevabor.

2338 3570 2430 3625 28.
2471 3572 2581 3624 Kal
2609 3570 3044 3643 κουφισθήσομαι
3075 3572 3173 3643 τῆς
3196 3573 3510 3637 δυναστείας
3536 3573 3633 3627 τοῦ
3667 3574 3859 3629 διαϐό-

2275 3661 2389 3715 λου.

684 3763 773 3818 29.
820 3759 1006 3814 Oratio
1040 3771 1182 3819 mea,
1217 3753 1412 3822 inquit.

2343 3752 2432 3805 29.
2462 3751 2527 3804 Ἠ
2554 3752 2683 3822 εὐχή
2721 3769 2843 3822 μου,
2874 3752 3043 3821 λέγει.

686 3856 774 3909 50.
822 3851 891 3906 Et
938 3848 1267 3908 desiderium
1299 3843 1480 3899 cordis
1528 3841 1635 3897 mei
1690 3840 1746 3893 iu
1792 3838 1910 3909 lege
1946 3847 2038 3894 tua
2085 3840 2172 3894 die

2345 3843 2433 3897 30.
2475 3844 2586 3895 Kal
2616 3845 2648 3913 ἡ
2676 3843 2939 3914 ἐπιθυμία
2968 3844 3068 3915 τῆς
3106 3843 3326 3916 καρδίας
3368 3861 3469 3915 μου
3504 3844 3562 3896 ὲν
3588 3844 3669 3915 τῷ
3703 3845 3860 3915 νόμῳ

615 3961 679 4001 ιε
704 3952 881 4000 nocte.

2277 3951 2369 3988 σου
2402 3935 2611 4005 ἡμέρας
2641 3935 2733 3988 καὶ
2766 3936 2975 3999 νυκτός.

679 4036 771 4091 3|.
804 4033 1052 4095 Domine,
1092 4031 1187 4100 qui
1220 4025 1464 4083 defendis
1507 4035 1561 4079 et
1603 4024 1804 4081 liberas
1852 4038 1936 4078 me
1972 4037 2003 4077 a
2056 4023 2172 4078 dia-

2346 4027 2433 4082 51.
2475 4027 2667 4097 Κύριε,
2685 4029 2713 4081 ὁ
2732 4028 3118 4097 ἀνθιστάμενος
3147 4029 3239 4081 καὶ
3263 4027 3623 4098 λυτρούμενός
3652 4048 3725 4100 με
3747 4031 3860 4084 ἀπὸ

617 4128 761 4195 bolo,
788 4135 842 4184 et
872 4122 1134 4179 ministris
1159 4121 1299 4191 ejus.

2281 4119 2374 4172 τοῦ
2396 4120 2661 4185 διαϐόλου,
2690 4120 2783 4173 καὶ
2807 4120 2914 4173 τῶν
2941 4121 3227 4193 ὑπουργῶν
3259 4120 3442 4174 αὑτοῦ.

700 4265 764 4317 Ἠ
796 4259 1123 4333 προκειμένη
1152 4258 1423 4330 ἐπιγραφὴ
1452 4257 1691 4328 περιέχει
1715 4271 1730 4286 °
1762 4257 1865 4321 Εἰς
1901 4256 1965 4309 τὸ
1990 4256 2178 4322 τέλος,
2204 4258 2442 4328 namq
2463 4258 2541 4324 τῷ
2568 4260 2761 4313 Δαϐίδ.
2796 4258 2965 4313 Τοῦτο
2996 4258 3163 4327 λέγει,
3192 4259 3220 4312 ὂ
3252 4260 3379 4331 περὶ
3409 4273 3508 4331 της
3537 4264 3861 4329 συντελείας

618 4354 709 4409 τοῦ
740 4352 933 4414 αἰῶνος
967 4350 1198 4420 εἴρηται.

688 4444 901 4498 Titulus
942 4440 1260 4511 praepositus
1290 4439 1527 4493 continet
1558 4458 1570 4491 :
1611 4436 1675 4491 In
1717 4437 1895 4506 ﬁnem,
1923 4440 2158 4505 psalmus
2198 4438 2393 4493 David.
2424 4439 2537 4494 Hoc
2568 4450 2749 4496 autem
2782 4440 3071 4512 signiﬁcat,
3104 4440 3248 4511 quod
3275 4439 3341 4494 de
3373 4444 3861 4498 consummatione

620 4534 801 4591 saeculi
829 4532 1071 4604 psalmus
1095 4530 1270 4585 dictus
1307 4536 1410 4583 est.

691 4652 742 4715 l,
772 4649 827 4702 2.
880 4648 998 4718 lpse
1023 4646 1167 4702 enim
1201 4647 1373 4701 dixit:
1408 4643 1602 4699 Invoca
1632 4662 1709 4699 me
1744 4649 1799 4700 in
1825 4649 1910 4701 die
1948 4647 2171 4701 tribula-
2204 4652 2247 4705 D

2348 4650 2399 4713 1,
2423 4648 2477 4703 2.
2518 4648 2690 4712 Αὐτὸς
2714 4648 2820 4719 γὰρ
2844 4643 2995 4701 εἴπεν
3015 4665 3029 4679 ο
3067 4646 3456 4701 Ἐπικὰλεσαί
3474 4666 3547 4717 με
3568 4650 3638 4702 ἐν
3666 4651 3860 4719 ἡμέρᾳ

622 4743 779 4800 tionis
814 4752 939 4804 tua,
970 4750 1017 4794 et
1054 4756 1233 4792 emam
1265 4750 1331 4803 te,
1364 4747 1410 4793 et
1452 4737 1769 4807 gloriﬁcabis
1796 4756 1873 4793 me
1895 4741 1960 4793 ".

2278 4740 2536 4808 θλίψεως
2573 4756 2709 4805 σου,
2735 4740 2832 4793 καὶ
2860 4740 3177 4809 ἐξελοῦμαί
3201 4757 3293 4807 σε,
3324 4741 3421 4795 καὶ
3448 4740 3737 4809 δοξάσεις
3756 4760 3855 4812 με.

691 4836 743 4888 5.
775 4831 972 4886 Filium
999 4830 1139 4900 ejus.

2348 4833 2400 4885 3.
2444 4833 2544 4885 Τὸν
2572 4832 2697 4885 Υίὸν
2735 4832 2918 4886 αὑτοῦ.

682 4928 738 4981 ὅ.
770 4924 994 4979 Ecmlo
1053 4921 1339 4993 signiﬁcat.
1399 4921 1528 4977 Sion
1580 4923 1725 4977 enim
1785 4922 2169 4993 interpretatur

2344 4923 2397 4975 4.
2430 4923 2523 4975 Ἐκ
2553 4922 2647 4974 τοῦ
2690 4921 2915 4991 οὐρανοῦ
2964 4922 3130 4990 λέγει.
3177 4921 3328 4975 Σιὼν
3355 4923 3462 4992 γὰρ
3492 4924 3860 4996 ἑρμηνεύεται

623 5028 793 5081 locus,
824 5016 915 5071 ubi
954 5025 1037 5070 est
1071 5016 1501 5071 tabernaculum.

2275 5014 2456 5077 τόπος,
2493 5015 2639 5077 ὃπως
2670 5013 2849 5085 [ὅπου]
2880 5016 2912 5083 ἡ
2953 5016 3144 5085 σκηνή.

690 5110 741 5162 5.
780 5108 987 5171 Sancti,
1018 5107 1213 5176 inquit.

2348 5106 2399 5159 5.
2428 5106 2632 5172 Ἀγίας,
2658 5106 2822 5172 λέγει.

689 5201 742 5252 6.
780 5199 1087 5253 Sanctiﬁcet
1124 5200 1381 5264 animam,
1422 5209 1475 5253 et
1506 5215 1701 5269 corpus
1731 5210 1905 5257 tuum.

2350 5197 2402 5251 6.
2430 5198 2669 5263 Ἀγιάσει
2706 5196 2976 5268 [ἁγιάσαι]
3002 5214 3095 5249 σου
3119 5197 3215 5267 τὴν
3244 5198 3440 5269 ψυχὴν,
3472 5199 3563 5252 καὶ
3583 5200 3643 5252 τὸ
3676 5200 3857 5270 σῶμα.

691 5294 745 5347 7.
781 5293 955 5347 Bonas
987 5302 1110 5347 tuas
1154 5293 1461 5361 petitiones.

2354 5290 2403 5344 7.
2447 5290 2533 5341 Τὰ
2560 5292 2832 5359 αἱτήματά
2860 5308 2951 5343 σου
2983 5292 3049 5344 τὰ
3084 5292 3277 5359 ἀγαθά.

690 5384 743 5437 8.
786 5382 1125 5452 Propositum
1170 5392 1321 5437 tuum
1364 5383 1415 5436 in
1448 5384 1645 5451 ipsum.

2350 5382 2404 5434 8.
2448 5380 2555 5450 Τὴν
2590 5381 2843 5451 πρόθεσίν
2876 5400 2966 5435 σου
2999 5382 3094 5453 τὴν
3121 5385 3198 5443 είς
3229 5384 3406 5436 αὐτόν.

692 5477 744 5529 9.
777 5474 834 5528 ln
858 5476 977 5543 ejus
1011 5491 1109 5544 pro
1134 5476 1290 5530 nobis
1326 5476 1576 5529 adventu.

2352 5472 2402 5525 9.
2437 5473 2523 5525 Ἐν
2553 5476 2617 5543 τῇ
2653 5473 2922 5543 παρουσίᾳ
2952 5477 3015 5545 τῇ
3054 5475 3191 5544 ὑπὲρ
3218 5476 3393 5544 ἡμῶν.

691 5567 779 5621 10.
820 5567 1199 5621 Gloriabimur.

2352 5564 2435 5617 10.
2470 5566 2860 5635 Καυχησὸμεθα
2875 5607 2886 5619 .

696 5745 737 5775 ’⁷
784 5742 925 5799 Pul.
961 5761 1099 5813 χιιι,
1136 5746 1213 5799 ιδ.
