4060 6454
216 374 338 430 ’117
1144 382 1232 437 DE
1272 382 1542 442 TITULIS
1584 389 2027 450 PSALMORUM.
2077 427 2149 439 —
2187 394 2382 451 PSAL.
2423 390 2540 448 XX.
3344 422 3449 476 713

292 495 378 548 11.
407 495 696 568 Πληρώσαι
727 497 928 570 Κύριος
960 500 1133 554 πάντα
1162 502 1230 555 τὰ
1262 504 1535 576 αἰτήματά
1571 523 1683 560 σου.
1819 517 1872 576 Α

1819 517 1872 576 Α
1968 514 2055 569 11.
2087 514 2308 587 lmpleat
2338 520 2598 579 Dominus
2633 539 2819 582 omnes
2857 529 3142 598 petitiones
3172 542 3310 590 tuas.

292 585 377 638 12.
413 586 526 639 Νῦν
573 587 775 656 ἔγνων,
825 591 907 643 ὅτι
955 591 1123 646 ἔσωσε
1180 595 1382 665 Κύριος
1427 597 1514 650 τὸν
1559 600 1788 671 Χριστὸν

1961 605 2048 659 12.
2079 605 2234 664 Νυηο
2265 614 2513 684 cognovi,
2535 617 2793 686 quoniam
2817 621 3024 675 salvum
3052 621 3177 678 fecit
3195 624 3453 685 Dominus

216 677 408 730 αὑτοῦ·

1889 695 2166 753 Christum
2189 717 2347 757 suum
2381 723 2393 758 :

294 767 376 821 15.
423 770 812 825 Ἐπακούσεται
857 773 1021 827 αὑτοῦ
1054 775 1113 839 ἐξ
1156 776 1386 847 οὐρανοῦ
1421 781 1572 848 ἁγίου
1602 784 1786 837 αὑτοῦ·

1602 784 1786 837 αὑτοῦ·
1959 789 2046 846 15.
2081 791 2342 850 Exaudiet
2367 797 2518 852 illum
2552 798 2618 854 de
2651 801 2788 856 caelo
2822 813 3012 859 sancto
3047 821 3181 860 suo:

290 858 379 913 M.
421 860 508 914 Ἐν
535 861 869 927 δυναστείαις
895 867 928 936 ἡ
959 867 1201 937 σωτηρία
1225 870 1323 939 τῆς
1347 871 1523 936 δεξιᾶς
1555 875 1738 928 αὐτοῦ.

1520 891 1523 928 τ
1555 875 1738 928 αὐτοῦ.
1960 880 2046 935 14.
2075 883 2135 936 In
2166 887 2518 952 potestatibus
2547 889 2698 945 salus
2725 891 2956 946 dexterae
2986 896 3123 963 ejus.

288 949 378 1004 15.
413 945 570 1006 Οὗτοι
597 956 654 1006 ὲν
685 955 911 1026 ἅρμασι,
943 958 1034 1009 καὶ
1062 952 1205 1011 οὗτοι
1234 962 1290 1013 ὲν
1319 963 1522 1026 ἵπποις⁹

1406 980 1522 1026 τοις⁹
1961 970 2048 1025 15.
2078 970 2142 1026 Hi
2168 945 2232 1026 in
2262 977 2532 1042 curribus,
2561 989 2615 1032 et
2641 979 2695 1032 bi
2729 981 2782 1034 in
2814 983 2969 1052 equis

290 1042 377 1096 16.
420 1043 607 1113 Ἡμεῖς
634 1046 690 1099 δὲ
721 1049 779 1100 ὲν
809 1048 1028 1117 ὀνόματι
1058 1051 1260 1123 Κυρίου
1306 1054 1438 1106 Θεοῦ
1485 1057 1636 1126 ἡμῶν
1666 1059 1786 1111 ἑπι-

1961 1065 2049 1118 16.
2079 1064 2189 1122 Nos
2225 1078 2402 1124 autem
2439 1071 2492 1125 in
2527 1073 2744 1129 nomine
2785 1042 2998 1131 Domini
3038 1076 3130 1133 Dei
3165 1082 3330 1134 nostri
3367 1079 3449 1133 in-

212 1133 578 1205 καλεσόμεθα.

1889 1157 2221 1214 vocabimus.

287 1228 372 1281 17.
406 1229 567 1280 Αὐτοὶ
595 1231 1070 1302 συνεποδίσθησαν,
1100 1235 1190 1286 καὶ
1216 1234 1430 1288 ἐπεσονυ

1960 1250 2046 1303 17.
2079 1249 2184 1320 Ipsi
2214 1254 2430 1323 obligati
2465 1266 2611 1322 sunt,
2648 1267 2701 1311 et
2733 1259 3042 1314 ceciderunt
3071 1280 3082 1314 :

287 1318 372 1372 18.
410 1320 599 1389 Ἡμεῖς
637 1321 692 1374 δὲ
721 1321 1042 1391 ἀνέστημεν,
1076 1325 1168 1376 καὶ
1192 1323 1609 1397 ἀνωρθώθημεν.

1961 1341 2047 1395 18.
2081 1341 2189 1397 Nos
2217 1353 2393 1399 autem
2425 1350 2782 1410 surreximus.
2812 1361 2865 1405 et
2889 1353 3050 1407 erecti
3077 1369 3280 1414 sumus.

286 1410 374 1464 19.
406 1411 597 1482 Κύριε,
630 1413 800 1465 σῶσον
829 1414 921 1466 τὸν
954 1413 1194 1483 βασιλέα’

1958 1430 2046 1484 19.
2077 1430 2324 1499 Domine,
2351 1435 2558 1490 salvum
2587 1438 2671 1493 fac
2703 1455 2881 1510 regem
2911 1458 2922 1493 :

283 1500 372 1556 20.
408 1504 518 1556 Καὶ
551 1505 855 1558 ἐπάκουσον
890 1506 1067 1575 ἡμῶν,
1110 1507 1168 1560 ὲν
1275 1509 1340 1561 ἂν
1387 1510 1566 1583 ἡμέρᾳ
1597 1513 1788 1564 ἐπικα-

1773 1542 1788 1554 -
1959 1522 2048 1575 20.
2077 1523 2142 1578 Ει
2163 1527 2357 1581 exaudi
2381 1542 2479 1583 nos
2503 1529 2555 1581 in
2579 1529 2684 1593 die,
2713 1546 2819 1600 qua
2847 1533 3278 1591 invocaverimus
3306 1547 3376 1592 te.

206 1589 498 1661 λεσώμεθά
527 1611 605 1646 σε.

332 1708 436 1771 Εἰς
465 1707 529 1758 τὸ
562 1707 755 1772 τέλος,
782 1709 1023 1777 ψαλμὸς
1055 1709 1132 1775 τῷ
1163 1710 1356 1764 Δαϐίδ.
1397 1714 1568 1767 ΨΑΛ.
1600 1717 1679 1767 K'.

1638 1717 1679 1767 ζ’.
2100 1723 2162 1777 In
2194 1725 2370 1793 ﬁnem,
2401 1728 2634 1796 psalmus
2668 1729 2858 1786 David.
2892 1731 3088 1787 PSAL.
3120 1733 3241 1787 XX.

285 1797 334 1847 1.
369 1796 560 1868 Κύριε,
597 1799 653 1850 ἐν
684 1803 748 1870 τῇ
798 1801 1020 1872 δυνάμει
1048 1819 1139 1855 σου
1177 1802 1603 1874 εὐφρανθήσεται
1633 1805 1661 1856 ὁ
1696 1803 1857 1938 βα-Β

285 1887 416 1938 latic-

1568 1821 1603 1856 ιι
1633 1805 1661 1856 ὁ
1696 1803 1788 1874 βα·
1809 1877 1857 1938 Β
1960 1814 2008 1866 1.
2040 1813 2283 1878 Domine,
2311 1816 2364 1870 in
2397 1818 2593 1873 virtute
2623 1829 2712 1874 tua
2742 1820 3007 1875 ltetabitur
3034 1838 3126 1876 rex
3161 1841 3171 1873 :

210 1887 416 1951 σιλεύς”

283 1979 338 2033 2.
371 1981 476 2033 Καὶ
498 1981 588 2033 ἐπὶ
615 1982 690 2052 τῷ
725 1984 972 2053 σωτηρίῳ
1018 2001 1110 2037 σου
1139 1984 1519 2050 ἀγαλλιάσεται
1549 1987 1774 2056 σφόδρα.

1954 1991 2008 2045 2.
2039 1991 2104 2046 Et
2134 2008 2297 2063 super
2323 1995 2558 2049 salutare
2584 2004 2733 2050 tuum
2769 1999 3060 2054 exsultabit
3082 2001 3442 2056 vehementer.

280 2071 332 2125 5.
361 2072 469 2142 Τὴν
500 2072 791 2142 ἐπιθυμίαν
812 2077 909 2144 τῆς
937 2075 1160 2145 καρδίας
1186 2075 1346 2128 αὑτοῦ
1378 2075 1583 2139 ἔδωκας
1610 2077 1774 2147 αὐτῷ·

1540 2093 1583 2139 ις
1610 2077 1774 2147 αὐτῷ·
1954 2081 2008 2136 5ζ
2041 2082 2374 2138 Desiderium
2411 2086 2590 2141 cordis
2623 2086 2742 2156 ejus
2777 2089 3014 2143 tribuisti
3049 2090 3096 2143 ei
3131 2105 3143 2141 :

282 2163 335 2215 4.
371 2164 479 2215 Καὶ
518 2164 615 2234 τὴν
648 2164 861 2233 θέλησιν
889 2165 997 2219 τῶν
1033 2166 1252 2236 χειλέων
1290 2166 1455 2220 αὑτοῦ
1485 2169 1583 2220 οὐκ
1626 2170 1777 2221 ἐστέ-

1955 2174 2007 2229 4.
2043 2173 2110 2228 Et
2137 2175 2414 2232 voluntate
2437 2178 2702 2233 labiorqu
2729 2179 2844 2249 ejus
2876 2195 2983 2235 non
3007 2181 3266 2236 lraudasti
3295 2197 3441 2237 eum.

211 2270 386 2326 ρησας
413 2254 596 2306 αὐτόν.

281 2345 335 2398 5.
379 2347 497 2400 Ὀτι
545 2347 891 2419 προέφθασας
938 2347 1103 2402 αὑτὸν
1142 2348 1200 2401 ἐν
1239 2348 1509 2416 εὐλογίαις
1555 2355 1783 2422 χρηστό-

1952 2347 2004 2402 5.
2038 2348 2305 2414 Quoniam
2354 2353 2660 2422 praavenisti
2707 2369 2829 2408 eum
2879 2356 2936 2409 in
2981 2355 3442 2412 benedictionibus

204 2455 370 2509 τητος
390 2455 403 2467 ο

1882 2439 2185 2496 dulcedinis
2215 2460 2225 2496 :

280 2529 333 2582 6.
366 2529 603 2598 Ἐθηκας
649 2531 736 2583 ἐπὶ
771 2530 870 2601 τὴν
914 2530 1150 2600 κεφαλὴν
1203 2529 1364 2583 αὑτοῦ
1414 2529 1671 2598 στέφανον
1717 2535 1780 2586 ὲκ

1950 2531 2002 2583 6.
2053 2530 2289 2588 Posuisti
2339 2535 2392 2589 in
2459 2537 2631 2605 capite
2677 2537 2794 2606 ejus
2840 2553 3096 2594 coronam
3151 2539 3218 2595 de
3266 2541 3439 2610 lapide

201 2619 355 2672 λίθου
383 2619 584 2689 τιμίου.

535 2638 584 2673 υ.
1879 2622 2135 2690 pretioso.

277 2710 331 2763 7.
365 2710 515 2782 Ζωὴν
539 2711 774 2783 ᾐτήσατο
809 2729 887 2777 σε,
925 2713 1018 2765 καὶ
1048 2711 1252 2774 ἔδωκας
1275 2711 1420 2782 αὑτῷ

1370 2711 1420 2782 τῷ
1955 2715 2003 2770 7.
2036 2714 2211 2769 Vitam
2243 2717 2393 2784 petiit
2422 2732 2452 2771 a
2480 2726 2551 2780 te,
2580 2727 2633 2772 et
2664 2719 2896 2775 tribuisti
2924 2722 2973 2776 ei

278 2802 331 2856 8.
364 2803 693 2874 Μακρὸτητα
737 2805 956 2876 ἡμερῶν
1005 2805 1084 2867 είς
1130 2803 1320 2868 αἰῶνα,
1356 2805 1450 2857 καὶ
1491 2804 1568 2866 εἰς
1606 2803 1774 2857 αῑῶνα

1952 2804 2005 2858 8.
2038 2804 2451 2875 Longitudinem
2494 2808 2702 2862 dierum
2751 2811 2803 2864 in
2839 2812 3116 2878 seculum,
3144 2821 3198 2867 et
3247 2813 3300 2866 in
3340 2828 3437 2866 sae-

197 2913 234 2948 α
245 2894 422 2956 ίῶνος·

1883 2895 2062 2951 culum
2093 2897 2269 2950 saeculi
2307 2913 2319 2948 :

276 2986 332 3040 9.
364 2986 588 3057 Μεγάλη
616 2989 648 3056 ὴ
675 2986 799 3052 δόξα
824 2985 987 3040 αὐτοῦ
1020 2990 1076 3040 ἐν
1103 2988 1179 3058 τῷ
1209 2989 1456 3059 σωτηρίῳ
1483 3005 1594 3039 σου·

1583 3005 1594 3017 ο
1953 2983 2006 3038 9.
2035 2981 2221 3053 Magna
2246 2995 2330 3041 est
2364 2987 2532 3058 gloria
2561 2989 2679 3059 ejus
2709 2990 2762 3045 in
2801 2992 3022 3046 salutari
3054 3001 3145 3047 tuo
3172 3011 3185 3046 :

1335 3141 1702 3197 ATHANASII
1737 3142 2323 3200 INTERPRETATIO.

275 3299 363 3352 11.
396 3299 476 3352 Τὰ
503 3300 704 3370 ἀρεστὰ
729 3301 894 3373 αὐτῷ,
926 3303 1017 3354 καὶ
1052 3303 1132 3354 σοὶ
1161 3303 1523 3374 συμφέροντα.

1952 3307 2038 3362 11.
2082 3307 2214 3373 Qua:
2253 3306 2351 3376 ipsi
2383 3315 2510 3360 sunt
2536 3305 2752 3375 placita,
2780 3314 2834 3361 et
2861 3305 2954 3360 tibi
2993 3305 3162 3360 utilia.

276 3395 364 3448 12.
395 3394 496 3446 Τὸν
525 3393 649 3446 λαὸν
676 3396 836 3448 αὐτοῦ
863 3396 1027 3464 λέγει.

1947 3401 2035 3454 12.
2071 3399 2335 3469 Populum
2365 3399 2482 3467 ejus
2512 3399 2797 3468 signiﬁcat.

274 3485 363 3539 15.
394 3486 610 3555 Γνωστὴ
644 3486 794 3540 ἔσται
822 3489 854 3557 ἡ
883 3485 1031 3556 φωνὴ
1061 3485 1252 3540 ἑαυτοῦ
1282 3487 1433 3558 παρὰ
1456 3487 1533 3556 τῷ
1560 3487 1695 3559 Θεῷ.

1476 3487 1533 3556 τῷ
1560 3487 1695 3559 Θεῷ.
1947 3495 2032 3547 15.
2073 3491 2252 3561 Ipsius
2286 3507 2388 3545 vox
2418 3500 2543 3545 nota
2575 3492 2679 3546 erit
2713 3492 2854 3561 apud
2891 3488 3079 3546 Deum.

271 3578 362 3632 14.
393 3577 512 3630 Τῶν
540 3577 728 3644 ἁγίων,
755 3577 924 3645 λέγει.
1796 3623 1838 3680 C

1796 3623 1838 3680 Ο
1946 3584 2032 3637 14.
2066 3583 2410 3646 Sanctorum,
2458 3582 2651 3651 inquit.

270 3670 360 3733 15,
389 3668 472 3722 16.
519 3668 705 3738 Ἡμεῖς
731 3668 787 3720 δὲ
815 3667 921 3739 [ἐν]
955 3667 1032 3738 τῷ
1059 3668 1281 3737 ὀνόματι
1324 3668 1496 3737 Ἰησοῦ
1528 3669 1771 3722 ὲπικαλευ
1799 3667 1838 3680 “

1828 3667 1838 3678 ’
1945 3673 2034 3738 15,
2073 3673 2157 3728 16.
2215 3671 2324 3728 Nos
2371 3681 2551 3727 autem
2609 3674 2662 3726 in
2718 3675 2937 3729 nomine
2985 3671 3111 3731 Jesu
3154 3676 3431 3733 invocabi:

189 3759 426 3831 σόμεθα.

413 3798 426 3813 ,
1873 3782 2016 3821 mus.

271 3850 361 3904 17.
390 3850 452 3903 Oi.
483 3851 754 3921 δαίμονες.

1946 3857 2032 3911 17.
2089 3854 2387 3911 Daemones.

268 3942 357 3996 18.
403 3943 574 4013 ’1ησοῦ
608 3942 700 3994 τοῦ
730 3940 862 3995 Θεοῦ
898 3940 1054 4012 ἡμῶν
1082 3941 1442 4012 διεγείραντος
1476 3940 1641 4010 ἡμᾶς,
1673 3941 1766 3994 καὶ

1941 3947 2026 4001 18.
2068 3947 2198 4001 Jesu
2243 3945 2354 4001 Deo
2389 3955 2578 4002 nostro
2606 3946 2901 4004 suscitante
2935 3961 3056 4014 nos,
3095 3958 3150 4004 et
3181 3960 3421 4002 sanante.

187 4037 326 4088 ίασα
333 4035 514 4104 μένου.

267 4123 356 4177 19.
389 4123 491 4174 Τὸν
517 4123 644 4175 λαὸν
673 4122 841 4190 λέγει.

1940 4115 2026 4170 19.
2059 4113 2323 4184 Populum
2369 4114 2659 4184 signiﬁcat.

259 4213 352 4268 20.
403 4214 489 4268 Ἐν
514 4211 875 4284 οἰῳδηποτοῦν
903 4211 1079 4283 καιρῷ
1103 4212 1381 4283 δεηθῶμέν
1411 4231 1523 4266 σου.

1939 4207 2028 4262 20.
2076 4207 2413 4275 Quocunque
2444 4216 2684 4276 tempore
2714 4217 2762 4261 te
2788 4209 3161 4277 deprecrmur.

273 4326 340 4379 Ἦ
369 4327 697 4398 προκειμένη
733 4326 1007 4396 ἐπιγραφὴ
1035 4326 1294 4398 περιέχει’
1328 4331 1433 4392 Εἰς
1461 4328 1525 4379 τὸ
1552 4327 1742 4392 τέλος,
1772 4323 2010 4393 ψαλμὸς
2040 4322 2116 4386 τῷ
2141 4321 2334 4375 Διιϐίδ.
2355 4320 2661 4385 Τουτέστιν,
2696 4324 2775 4384 εἰς
2809 4321 2870 4376 τὸ
2899 4324 3047 4388 τέλος
3079 4324 3185 4377 τῶν
3218 4323 3426 4379 αἰώνων

172 4424 212 4474 ὁ
254 4420 468 4491 ψαλμὸς
495 4422 705 4492 εἴρηται
729 4421 805 4490 τῷ
835 4420 946 4490 Υίῷ
975 4422 1064 4473 τοῦ
1088 4422 1241 4479 Θεοῦ,
1275 4423 1365 4474 καλ¹
1397 4420 1470 4491 τῷ
1499 4420 1611 4490 λαῴ
1635 4421 1711 4492 τῷ
1741 4421 1878 4486 ἁγίῳ
1901 4419 2080 4472 αὑτοῦ.
2117 4416 2292 4470 Δαϐὶδ
2325 4417 2432 4486 γὰρ
2466 4415 2590 4487 [είς]
2617 4416 2900 4486 ἀμφότερα
2925 4418 3300 4488 ἑρμηνεύεται,
3333 4423 3426 4473 καὶ

173 4514 270 4574 εἰς
298 4512 388 4563 τὸν
412 4511 504 4564 τοῦ
535 4512 666 4564 Θεοῦ
698 4512 824 4564 Υἱὸν
857 4514 961 4567 τὸν
988 4516 1312 4583 ἀγαπητὸν,
1348 4517 1441 4568 καὶ
1477 4517 1555 4579 είς
1586 4517 1675 4568 τὸν
1707 4515 1831 4568 λαὸν
1855 4519 1944 4567 τὸν
1971 4514 2122 4582 ἆγιον
2146 4512 2250 4564 τὸν
2277 4510 2691 4580 πεποθημένον
2715 4512 2816 4566 ὑπὸ
2846 4514 3070 4582 Κυρίου.

260 4606 477 4661 Titulus
505 4610 826 4678 praepositus
849 4613 1091 4667 continet
1123 4632 1136 4667 :
1171 4611 1236 4667 In
1269 4613 1445 4682 ﬁnem,
1477 4615 1712 4681 psalmus
1745 4613 1936 4666 David.
1967 4611 2082 4665 Hoc
2107 4619 2208 4673 est,
2242 4611 2386 4680 quod
2416 4611 2470 4664 in
2501 4610 2605 4664 ﬁne
2631 4608 2950 4665 saeculorum
2976 4608 3216 4676 psalmus
3243 4608 3420 4663 dictus

167 4707 271 4753 est
299 4696 390 4750 Dei
423 4697 578 4758 Filio,
615 4708 669 4752 et
699 4702 895 4770 populo
925 4713 1114 4758 sancto
1145 4706 1282 4774 ejus.
1315 4705 1484 4758 David
1530 4708 1673 4758 enim
1713 4706 1778 4758 de
1827 4715 2056 4772 utroque
2096 4701 2502 4771 interpretatur,
2537 4711 2590 4755 et
2616 4702 2681 4754 de
2724 4699 2862 4754 Filio
2906 4697 2998 4751 Dei
3026 4699 3236 4766 dilecto,
3267 4709 3320 4754 et
3353 4700 3420 4754 de

168 4790 391 4862 populo
422 4800 609 4844 sancto
637 4791 934 4847 desiderato
963 4810 994 4848 a
1023 4793 1272 4850 Domino.

257 4887 311 4940 1.
354 4886 412 4938 '0
443 4886 566 4950 λαὸς
595 4889 623 4939 ὁ
655 4889 857 4952 πιστός.
1785 4897 1827 4950 D

1785 4897 1827 4950 D
1931 4893 1980 4945 1.
2011 4891 2248 4960 Populus
2291 4889 2479 4944 ﬁdelis.

251 4980 310 5034 2.
340 4978 427 5048 Τῷ
457 4980 671 5051 σταυρῷ
697 4998 810 5035 σου.

1926 4983 1982 5038 2.
2035 4981 2208 5052 Super
2239 4997 2457 5036 crucem
2493 4991 2660 5034 tuam.

245 5071 303 5123 5.
335 5070 415 5122 Τὰ
447 5071 721 5140 αἰτήματα
754 5071 918 5124 αὑτοῦ
947 5076 1017 5126 τὰ
1039 5074 1236 5141 ἀγαθά.

1086 5074 1236 5141 γαθά.
1925 5074 1978 5127 3.
2021 5073 2312 5128 Petitiones
2343 5072 2461 5141 ejus
2501 5071 2689 5124 bonas.

244 5162 304 5214 4.
335 5161 643 5232 Δεδὼρησαι
668 5163 774 5232 γὰρ
807 5163 954 5234 αὑτῴ
994 5165 1286 5236 προθύμως
1326 5165 1549 5235 μελετᾷν
1578 5166 1636 5216 ὲν
1675 5163 1750 5233 τῷ

1922 5165 1974 5218 ι.
2012 5163 2146 5218 Nam
2175 5165 2223 5218 ei
2252 5162 2466 5217 donasti
2505 5171 2757 5231 prompte
2789 5161 3040 5218 meditari
3068 5161 3122 5214 in
3158 5161 3274 5232 lege
3297 5171 3413 5226 tua,

153 5254 327 5322 νόμῳ
357 5269 470 5317 σου,
502 5251 592 5304 καὶ
621 5253 965 5322 ἁναγγέλλειν
997 5257 1093 5327 τὴν
1128 5256 1328 5308 αἴνεσίν
1365 5273 1479 5309 σου.

1084 5274 1093 5305 ν
1128 5256 1328 5308 αἴνεσίν
1365 5273 1479 5309 σου.
1849 5266 1904 5312 et
1928 5255 2250 5318 annuntiare
2272 5255 2484 5308 laudem
2519 5263 2687 5306 tuam.

247 5343 304 5395 5.
335 5343 454 5395 ’Ότι
495 5343 826 5414 ηὑτρέπισας
866 5346 1010 5417 αὑτῷ
1039 5348 1283 5415 εὐλογίας
1318 5351 1373 5400 ὲν
1411 5351 1476 5417 τῇ
1505 5347 1749 5418 βασιλείᾳ

1922 5346 1973 5399 5.
2037 5344 2304 5410 Quoniam
2360 5346 2676 5413 prmparastl
2732 5343 2836 5412 ipsi
2896 5343 3302 5399 benedictiones
3359 5343 3408 5394 in

153 5454 271 5492 σου
281 5474 296 5486 .

1853 5452 2018 5506 regno
2047 5447 2159 5490 tuo.

243 5526 303 5579 6.
339 5526 439 5578 Τὸν
465 5527 666 5599 Κύριον
701 5528 864 5598 λέγει·
899 5531 1096 5592 παντὸς
1119 5532 1226 5601 γὰρ
1265 5531 1454 5584 πιστοῦ
1485 5529 1690 5600 κεφαλὴ
1718 5531 1746 5582 δ

1922 5527 1974 5580 6.
2025 5526 2312 5581 Dominum
2365 5524 2632 5595 signiﬁcat
2681 5533 3042 5580 :cunctorum
3083 5525 3226 5580 enim
3275 5522 3407 5580 (ideo

148 5619 306 5679 Υἱός
333 5620 498 5672 ἐστιν.

1853 5620 1984 5673 lium
2016 5628 2176 5687 caput
2201 5627 2282 5671 est
2317 5615 2507 5670 Filius.

237 5711 302 5771 ’7,
331 5711 384 5765 8.
415 5713 523 5783 Τὴν
552 5714 764 5769 αἰώνιον
794 5713 937 5786 ζωὴν
970 5715 1134 5784 λέγει.

1927 5709 1979 5775 7,
2011 5707 2064 5764 8.
2109 5709 2286 5762 Vitam
2319 5717 2575 5763 αξιοι-ηοω
2599 5707 2748 5762 dicit.

239 5800 298 5855 9.
333 5802 488 5868 Μέγα
515 5804 573 5856 τὸ
604 5805 862 5872 καύχημα
893 5806 1052 5858 αὑτοῦ
1082 5809 1138 5857 ὲν
1163 5805 1236 5872 τῷ
1272 5805 1487 5872 σταυρῷ
1523 5823 1638 5860 σου.

1564 5824 1638 5860 au.
1911 5803 1960 5855 ο.
2014 5799 2200 5868 Magna
2233 5808 2314 5853 est
2341 5799 2590 5868 gloriatio
2630 5800 2748 5866 ejus
2777 5800 2828 5852 in
2867 5813 3029 5853 cruce
3060 5805 3167 5851 tua.
