4060 6484
628 402 728 457 ’119
1460 397 1515 453 S.
1556 397 1924 453 ATHANASH
1963 397 2111 453 OPP.
2154 397 2333 453 PARS
2370 397 2456 453 lll.
2503 422 2559 437 α·
2610 394 3022 453 EXEGETICA.
3779 400 3870 454 720

694 515 782 572 1ο.
806 512 1064 580 Gloriam,
1090 524 1143 570 et
1175 531 1432 587 magnum
1463 516 1711 573 decorem
1744 519 1987 589 impones
2019 535 2181 590 super

2355 518 2441 573 10.
2499 516 2665 583 Δόξαν
2726 520 2820 571 καὶ
2894 517 3366 589 μεγαλοπρέπειαν
3433 516 3718 591 ἐπιθήσεις
3793 522 3869 573 ἐπ’

626 625 771 665 eum.

699 699 781 751 11.
811 696 1074 764 Quoniam
1112 698 1268 754 dabis
1298 713 1421 755 eum
1458 698 1513 754 in
1542 697 1973 755 benedictionem
2008 702 2060 755 in
2090 718 2193 757 sae-

626 788 806 842 culum
841 787 1023 841 saeculi
1062 802 1074 838 :

696 881 780 933 i2.
820 878 1144 934 Laetilicabis
1176 895 1298 933 eum
1327 880 1379 934 in
1415 881 1612 948 gaudio
1635 896 1759 936 cum
1789 883 1939 936 vultu
1972 893 2083 938 tuo.

696 973 777 1026 15.
817 971 1083 1037 Quoniam
1116 989 1206 1027 rex
1236 984 1415 1041 sperat
1442 973 1495 1026 in
1530 972 1799 1028 Domino:

696 1064 781 1117 M.
811 1066 874 1117 Et
910 1065 974 1118 'in
1023 1063 1395 1119 misericordia
1427 1064 1691 1119 Altissimi
1728 1079 1836 1118 non
1886 1079 2193 1120 cummove-

624 1158 786 1213 bitur.

696 1250 783 1303 15.
815 1249 1120 1303 Inveniatur
1147 1265 1343 1304 manus
1375 1258 1465 1304 tua
1494 1250 1747 1304 omnibus
1777 1250 2014 1305 inimicis
2044 1251 2186 1305 tuis:

697 1342 779 1397 16.
817 1340 1041 1396 Dextera
1071 1351 1162 1395 tua
1189 1342 1427 1396 inveniat
1452 1358 1641 1397 omnes
1670 1344 1761 1412 qui
1796 1352 1845 1397 te
1865 1343 2141 1396 oderunt..

696 1435 781 1489 17.
816 1434 992 1491 Pones
1044 1449 1171 1499 eos,
1224 1442 1281 1487 ut
1320 1434 1592 1488 clibanum
1650 1435 1791 1504 ignis
1844 1434 1897 1488 in
1952 1443 2191 1505 tempore

621 1525 805 1578 vultus
839 1524 939 1577 tui.

694 1617 781 1671 18.
815 1616 1075 1671 Dominus
1110 1615 1162 1669 in
1198 1616 1276 1669 ira
1324 1632 1421 1671 sua
1468 1616 1817 1671 conturbabit
1860 1632 1972 1680 eus,
2003 1627 2056 1672 et
2094 1617 2191 1673 de-

622 1707 828 1761 vorabit
856 1721 948 1761 cos
976 1705 1135 1775 ignis.

691 1802 775 1856 19.
809 1799 1066 1855 Fructum
1096 1816 1284 1855 eorum
1320 1800 1385 1853 de
1416 1807 1558 1854 terra
1584 1800 1775 1870 perdes
1802 1820 1815 1866 ;

689 1892 777 1947 20.
807 1892 873 1947 Et
898 1908 1079 1948 semen
1110 1908 1297 1946 eorum
1332 1908 1360 1944 a
1393 1892 1516 1948 filiis
1557 1893 1857 1948 hominum.

688 1982 776 2035 2i.
810 1981 1078 2048 Quoniam
1109 1982 1512 2037 declinaverunt
1535 1983 1589 2037 in
1619 1992 1670 2037 te
1699 1984 1839 2037 mala
1874 2002 1887 2035 :

690 2074 781 2129 22.
812 2074 1198 2143 Cogitaverunt
1244 2075 1511 2140 consilia,
1556 2090 1679 2145 qua:
1730 2090 1836 2131 non
1896 2083 2189 2145 potuerunt

622 2168 860 2221 stabilire
886 2183 899 2219 :

690 2262 778 2315 25.
806 2259 1074 2327 Quoniam
1110 2274 1277 2329 pones
1305 2275 1400 2315 eos
1423 2260 1679 2315 dorsum:

687 2353 776 2406 24.
807 2350 862 2405 ln
892 2350 1134 2421 reliquiis
1167 2350 1275 2406 tuis
1298 2352 1629 2421 prmparabis
1654 2351 1863 2407 vultum
1888 2366 2100 2406 eorum.

686 2528 778 2583 25.
805 2527 1080 2593 Exaltare,
1110 2526 1356 2591 Domine,
1383 2526 1434 2580 in
1461 2528 1657 2583 virtute
1678 2536 1790 2585 tua.

688 2621 776 2677 26.
801 2621 1152 2677 Cantabimus
1180 2629 1232 2675 et
1259 2620 1553 2689 psallemus
1580 2624 1808 2678 virtutes
1834 2632 1975 2677 tuas.

2298 610 2482 665 αὐτόν.

2367 703 2455 756 11.
2491 703 2610 755 Ὀτι
2644 700 2836 765 δώσεις
2862 700 3006 771 αύτῷ
3029 702 3278 771 εὐλογίαν
3307 706 3386 767 εἰς
3408 705 3580 757 αἰῶνα
3612 705 3823 768 αἰῶνος·

2368 884 2451 939 12.
2470 886 2770 957 Εὐφρανεῖς
2788 888 2948 941 αὐτὸν
2962 890 3018 941 ἐν
3030 890 3173 960 χαρᾷ
3193 888 3329 958 μετὰ
3340 886 3434 939 τοῦ
3450 885 3749 958 προσώπου
3770 901 3839 938 σευ

2365 979 2452 1032 15.
2488 981 2608 1032 Ὅτι
2633 983 2662 1033 ὁ
2687 981 2940 1050 βασιλεὺς
2967 982 3175 1043 ἐλπίζει
3209 982 3301 1033 ἐπὶ
3324 979 3552 1052 Κύριον·

2364 1070 2451 1124 14.
2484 1072 2593 1124 Καὶ
2624 1073 2681 1125 ἐν
2708 1073 2785 1143 τῷ
2815 1072 2953 1126 ὲλέει
2983 1073 3076 1127 τοῦ
3123 1074 3376 1142 Ὑψίστου
3410 1074 3470 1126 ob
3506 1072 3581 1144 μὴ
3626 1072 3871 1141 σαλευθῇ.

2363 1246 2448 1299 15.
2476 1246 2735 1318 Εύρεθείη
2768 1250 2800 1318 ή
2833 1248 2951 1318 χείρ
2979 1266 3071 1301 σου
3097 1250 3230 1302 πᾶσι
3257 1252 3368 1311 τοῖς
3396 1248 3609 1317 ἐχθροῖς
3638 1265 3734 1299 σου
3756 1265 3769 1277 ’

2363 1337 2449 1390 16.
2488 1338 2551 1390 Ἥ
2581 1338 2728 1403 δεξιά
2759 1357 2850 1392 σου
2879 1339 3028 1411 εὖροι
3058 1340 3265 1403 πάντας
3296 1341 3421 1402 τοὺς
3463 1340 3759 1411 μισοῦντας
3798 1355 3874 1392 σε.

2365 1428 2451 1482 17.
2486 1430 2608 1483 Ὅτι
2641 1430 2829 1501 θήσεις
2862 1433 3057 1496 αὐτοὺς
3084 1433 3159 1495 ὡς
3191 1432 3442 1485 κλίϐανον
3470 1431 3636 1501 πυρὸς
3663 1433 3743 1493 εἰς
3770 1448 3876 1484 και-

2294 1521 2386 1592 ρὸν
2418 1522 2507 1575 τοῦ
2536 1527 2830 1595 προσώπου
2867 1543 2983 1578 σου.

2364 1616 2451 1670 18.
2477 1618 2677 1688 Κύριος
2705 1621 2761 1671 ἐν
2794 1620 2929 1691 ὀργῇ
2960 1618 3125 1672 αὑτοῦ
3172 1618 3494 1691 συνταράξει
3528 1617 3751 1681 αὐτοὺς,
3788 1618 3879 1671 καί

2293 1708 2667 1777 καταφάγεται
2694 1711 2890 1773 αὐτοὺς
2915 1711 3045 1781 πῦρ.

2361 1803 2448 1858 19.
2478 1803 2578 1856 Τὸν
2607 1804 2817 1874 καρπὸν
2846 1804 3021 1856 αὐτῶν
3055 1803 3160 1856 ἀπὸ
3184 1805 3281 1873 τῆς
3307 1804 3410 1871 γῆς
3440 1802 3682 1864 ἀπολεῖς.

2223 1881 2265 1936 Β
2365 1895 2455 1951 20.
2486 1896 2595 1949 Καὶ
2623 1897 2682 1949 τὸ
2711 1897 2929 1966 σπέρμα
2960 1896 3138 1949 αὐτῶν
3158 1896 3263 1949 ἀπὸ
3291 1894 3423 1949 υἰῶν
3445 1894 3773 1967 ἀνθρώπων.

2366 1986 2455 2039 21.
2489 1987 2609 2039 ’Ότι
2635 1986 2848 2040 ἔκλιναν
2874 1989 2953 2051 είς
2982 1988 3041 2040 σὲ
3072 1987 3237 2041 κακά·

2363 2076 2451 2129 22.
2499 2078 2873 2146 Διελογίσαντο
2922 2078 3136 2149 βουλὰς,
3180 2073 3268 2143 αἷς
3309 2077 3387 2150 [in
3418 2095 3585 2149 marg.
3621 2080 3743 2132 cod.
3790 2079 3880 2149 ἃς]

2293 2166 2352 2217 ob
2392 2166 2464 2236 μὴ
2490 2165 2748 2220 δύνωνται
2777 2168 2962 2237 στῆναι
2990 2168 3250 2241 [στῆσαι].

2360 2257 2451 2310 25.
2485 2258 2605 2310 Ὀτι
2628 2258 2813 2329 θήσεις
2836 2261 3031 2325 αὐτοὺς
3064 2262 3233 2316 νῶτον

2361 2348 2449 2403 24.
2491 2349 2578 2402 Ἐν
2620 2352 2732 2415 τοῖς
2766 2351 3097 2422 περιλοίποις
3127 2371 3221 2407 σου
3263 2356 3573 2425 ὲτοιμάσεις
3604 2354 3667 2408 τὺ
3710 2353 3880 2427 πρόσ-

2294 2455 2441 2490 ωπον
2470 2438 2671 2493 αὐτῶν.

2362 2531 2449 2584 25.
2496 2532 2786 2604 ’Υψώθητι,
2816 2534 3006 2607 Κύριε,
3040 2537 3098 2590 ὲν
3125 2540 3188 2608 τῇ
3225 2537 3449 2610 δυνάμει
3479 2556 3595 2592 σου.

2362 2624 2451 2679 26.
2485 2624 2721 2696 ’ᾼσομεν
2750 2627 2843 2678 καὶ
2869 2626 3141 2699 ψαλοῦμεν
3165 2630 3264 2693 τὰς
3291 2630 3610 2693 δυναστείας
3648 2648 3771 2685 σου.

1737 2801 2113 2857 ATHANASII
2154 2797 2745 2859 lNTERPRETATIO.

690 2961 777 3016 10.
816 2960 874 3014 ln
916 2974 1085 3029 regno
1122 2971 1238 3015 tuo.

690 3051 777 3105 11.
832 3048 1027 3105 Dicens
1069 3050 1136 3106 ad
1180 3065 1347 3107 eum:

618 3146 719 3198 mei
746 3144 811 3195 ’⁸.

685 3238 767 3293 i2.
808 3236 1006 3293 Videns
1036 3236 1232 3292 faciem
1282 3243 1433 3290 tuam
1465 3234 1521 3290 in
1566 3250 1734 3306 regno
1771 3244 1865 3292 tuo
1893 3235 2183 3290 laetabitur.

1426 3048 1550 3104 Veni
1571 3090 1586 3118 ,
1639 3048 1938 3103 benedictus
2008 3049 2187 3103 Patris

690 3417 779 3473 15.
817 3414 1059 3484 Populus
1101 3413 1295 3468 fidelis.

687 3508 775 3561 14.
808 3505 943 3561 Cum
975 3505 1116 3559 Deus
1162 3504 1278 3572 ipse
1303 3502 1511 3556 venerit
1585 3500 2017 3555 confirmabitur.

690 3600 774 3654 15.
819 3597 992 3652 Filius
1015 3605 1141 3651 tuus
1173 3594 1478 3665 confringet
1505 3593 1755 3648 inimicos
1799 3601 1940 3647 tuos.

691 3690 772 3746 16.
825 3691 944 3760 ipse
971 3689 1279 3757 unigenitus
1307 3685 1479 3741 Filius
1516 3695 1665 3751 tuus,
1707 3685 1800 3755 qui
1831 3684 1969 3739 sedit
1993 3698 2023 3737 a
2052 3682 2185 3737 dex-

619 3789 715 3843 tris
747 3786 874 3851 tuis,
906 3799 999 3854 per
1021 3796 1183 3853 quem
1226 3780 1401 3835 fecisti
1438 3779 1641 3844 omnia,
1672 3779 1839 3832 veluti
1870 3793 1967 3847 per
1998 3777 2185 3831 dexte-

618 3896 733 3936 ram
758 3876 1045 3933 concludet
1074 3888 1169 3929 eos
1216 3888 1406 3927 omnes
1449 3872 1505 3925 in
1535 3871 1863 3941 supplicium
1897 3880 2181 3925 aeternum.

683 4064 769 4119 17.
826 4060 964 4129 Quia
1020 4059 1075 4113 in
1131 4055 1452 4111 saeculorum
1512 4052 1983 4107 consummatione
2032 4051 2183 4107 dabis

612 4176 711 4218 Eus
744 4158 797 4211 in
826 4159 1005 4227 ignem
1035 4160 1325 4207 aeternum.

685 4252 770 4305 l8.
830 4250 983 4303 Alios
1012 4245 1230 4316 quidem
1279 4242 1334 4295 in
1379 4241 1587 4305 fletum,
1628 4250 1682 4295 et
1715 4239 2000 4295 stridorem
2051 4239 2185 4294 den-

617 4354 751 4399 tium
786 4340 999 4396 tradet:
1032 4336 1170 4391 alios
1188 4344 1366 4389 autem
1386 4334 1439 4389 in
1457 4334 1633 4405 ignem
1665 4334 2180 4403 iuexstinguibilem.

688 4438 778 4491 19.
831 4438 889 4489 in
922 4442 1181 4487 mternum
1206 4430 1509 4483 doctrinam
1540 4441 1729 4481 eorum
1765 4412 2064 4495 disperdes.

684 4530 776 4584 20.
839 4524 1262 4581 Adinventiones
1288 4535 1478 4574 eorum
1520 4519 1760 4588 iniquas.

682 4622 770 4675 2i.
834 4618 936 4671 Alii
996 4615 1212 4685 quidem
1250 4613 1592 4681 insurgentes
1646 4612 1702 4665 in
1752 4619 1803 4665 te
1853 4611 1907 4664 in
1947 4610 2180 4664 adventu

620 4725 744 4775 tuo;
774 4712 864 4765 alii
903 4718 1082 4762 autem
1113 4704 1428 4761 resistentes
1459 4702 1672 4756 veritati
1705 4711 1828 4757 tuae.

683 4804 772 4857 22.
828 4801 1078 4870 Pugnare
1104 4804 1295 4851 contra
1329 4802 1383 4849 te
1408 4795 1720 4847 voluerunt.

686 4894 775 4957 25,
815 4892 904 4944 24.
965 4888 1235 4955 Quoniam
1264 4900 1435 4956 pones
1486 4898 1580 4939 eos
1614 4883 1666 4935 in
1698 4879 2024 4951 supplicium
2053 4895 2175 4933 cum

618 4986 684 5042 iis
699 5028 712 5049 ,
748 4983 843 5053 qui
889 4982 1187 5050 perierunt.

689 5076 779 5129 25.
828 5070 1140 5127 Glorilicare
1184 5066 1409 5121 Domine
1455 5064 1507 5117 in
1556 5062 1795 5133 potentia
1843 5061 2178 5117 fortitudinis

620 5177 723 5218 tuae
759 5173 1001 5231 tempore
1039 5156 1249 5227 judicii.

684 5254 776 5309 26.
831 5253 887 5305 lu
927 5249 1229 5321 praepositis
1260 5248 1484 5317 psalmis
1518 5245 1799 5301 laudantes
1828 5246 2176 5300 narrabimus

618 5348 815 5405 iudicia
851 5343 1110 5399 tremendi
1140 5341 1217 5395 tui
1245 5339 1545 5395 tribunalis.

689 5523 735 5553 "
769 5520 953 5574 Matth.
996 5533 1126 5581 xxv,
1161 5518 1251 5571 54.

2372 2959 2457 3013 10.
2504 2961 2589 3012 Ἐν
2615 2963 2681 3032 τῇ
2713 2960 2958 3032 βασιλείᾳ
2986 2978 3101 3014 σου.

2368 3050 2452 3104 11.
2488 3051 2676 3118 Λέγων
2723 3052 2859 3124 πρὸς
2891 3053 3085 3106 αὐτόν·
3143 3052 3343 3122 Δεῦρο,
3395 3055 3429 3107 ό
3463 3055 3881 3124 εὐλογημένος

2217 3126 2259 3183 (ἶ
2291 3142 2398 3195 τοῦ
2422 3144 2652 3211 Πατρός
2670 3160 2812 3211 μου.

2360 3236 2447 3289 12.
2481 3236 2714 3306 Θεωρῶν
2755 3236 2815 3287 τὸ
2862 3235 3151 3306 πρόσωπόν
3190 3253 3283 3288 σου
3311 3238 3367 3290 ὲν
3400 3240 3463 3308 τῇ
3497 3236 3751 3316 βασιλείᾳ
3782 3259 3877 3294 σου

2289 3327 2746 3398 εὐφρανθήσεται.

2360 3421 2447 3473 15.
2498 3420 2555 3472 Ὀ
2583 3421 2770 3483 πιστὸς
2795 3420 2941 3483 λαός.

2361 3512 2448 3565 14.
2487 3513 2574 3564 Ἐν
2615 3511 2692 3582 τῷ
2732 3512 2822 3565 τὸν
2865 3511 2996 3563 Θεὸν
3036 3509 3207 3563 ἐλθεῖν
3248 3509 3441 3574 αὐτὸν,
3477 3513 3881 3585 ὲσττςριγμένος

2288 3605 2460 3660 ἔσται.

2359 3696 2445 3751 15.
2484 3696 2541 3750 Ὀ
2574 3695 2698 3758 Υἱός
2726 3712 2819 3749 σου
2846 3694 3123 3765 συντρίψει
3149 3693 3273 3756 τοὺς
3296 3690 3521 3764 ἐχθρούς
3549 3710 3663 3745 σου.

2359 3786 2445 3839 16.
2490 3787 2548 3838 Ὀ
2583 3785 2743 3847 αὐτὸς
2787 3785 3075 3854 μονογενὴς
3110 3773 3235 3845 Υἱός
3266 3799 3357 3836 σου
3396 3785 3423 3835 ὁ
3456 3785 3520 3836 ὲκ
3548 3783 3746 3850 δεξιῶν
3780 3804 3876 3842 σου

2289 3876 2591 3946 καθήμενος
2613 3919 2627 3942 ,
2657 3876 2722 3927 δι’
2748 3871 2808 3928 οὗ
2838 3875 3097 3943 ἐποίησας
3129 3875 3195 3927 τὰ
3230 3875 3405 3928 πάντα
3424 3914 3439 3937 ,
3474 3876 3549 3937 ὡς
3576 3875 3666 3929 δίὰ
3690 3879 3882 3944 δεξιᾶς

2289 3968 2593 4036 συγκλείσει
2622 3968 2826 4030 πάντας
2857 3968 3054 4030 αὐτοὺς
3081 3968 3160 4029 εἰς
3191 3966 3412 4021 αἰωνίαν
3442 3967 3685 4023 κόλασιν.

2360 4060 2446 4112 17.
2480 4059 2600 4111 Ὅτι
2631 4060 2688 4111 ὲν
2719 4061 2784 4129 τῇ
2829 4058 3105 4130 συντελείᾳ
3130 4057 3225 4111 τοῦ
3256 4059 3449 4123 αἰῶνος
3477 4058 3672 4126 δώσεις
3705 4063 3879 4128 αὐτὸς

2289 4150 2530 4225 [αὐτούς]
2566 4153 2644 4214 εἰς
2671 4151 2732 4205 τὸ
2758 4150 2867 4221 πῦρ
2891 4132 2951 4205 τὸ
2976 4150 3210 4205 αἰώνιον.

2358 4244 2442 4297 18.
2471 4243 2609 4305 Τοὺς
2654 4243 2749 4313 μὲν
2779 4239 2886 4313 γὰρ
2915 4246 2994 4305 εἰς
3024 4244 3114 4293 τὸν
3158 4242 3432 4313 κλαυθμὸν
3478 4244 3572 4296 καὶ
3620 4243 3882 4318 βρυγμὸν

2289 4336 2395 4390 τῶν
2418 4336 2641 4388 ὀδόντων
2670 4334 2913 4407 παραδῷ,
2948 4336 3073 4397 τοὺς
3100 4334 3155 4387 δὲ
3189 4334 3435 4405 ἀσϐέστῳ
3459 4336 3610 4409 πυρί.

2366 4426 2448 4479 19.
2476 4425 2585 4495 Τὴν
2609 4423 2952 4479 διδασκαλίαν
2975 4422 3151 4476 αὐτῶν
3181 4424 3423 4491 ἀφανιεῖς
3446 4426 3523 4486 εἰς
3548 4423 3641 4476 τὸν
3668 4426 3874 4479 αἰῶνα.

2356 4516 2443 4569 20.
2477 4517 2557 4569 Τὰ
2580 4514 2987 4586 ἐπιτηδεύματα
3014 4512 3191 4567 αὐτῶν
3225 4514 3292 4565 τὰ
3316 4513 3481 4582 ὄνομα
3512 4512 3610 4583 (1).

2352 4609 2442 4662 21.
2466 4608 2528 4661 Ol
2568 4608 2664 4678 μὲν
2697 4605 3079 4660 ἐπανίστανται
3110 4602 3541 4675 [ὲπανιστάντες]
3586 4603 3667 4672 (2)
3696 4622 3785 4658 σοι
3816 4608 3877 4658 ὲν

2285 4702 2350 4771 τῇ
2372 4698 2641 4769 παρουσίᾳ
2658 4714 2771 4750 σου”
2793 4697 2840 4749 οἰ
2862 4696 2917 4749 δὲ
2936 4696 3312 4765 ἀνθιστάμενοι
3330 4700 3387 4750 ἐν
3400 4697 3467 4765 τῇ
3487 4694 3721 4768 ἀληθεία
3744 4714 3875 4751 σου.

2352 4789 2442 4843 22.
2489 4789 2737 4856 Ἀντᾶραι
2761 4786 3029 4856 ἠθέλησαν
3057 4784 3196 4839 κατὰ
3222 4784 3335 4838 σοῦ.

2352 4881 2445 4943 23,
2468 4880 2558 4933 24.
2593 4880 2712 4932 Ὀτι
2747 4876 2931 4949 θήσεις
2963 4877 3157 4940 αὐτοὺς
3185 4878 3264 4940 εἰς
3289 4875 3557 4947 τιμωρίαν
3581 4877 3724 4947 μετὰ
3754 4879 3878 4933 τῶν

2285 4970 2485 5024 ἀπολλυ
2494 4969 2686 5041 μένων.

2348 5060 2438 5114 25.
2467 5058 2781 5129 Δοξάσθητι,
2807 5058 2999 5128 Κύριε,
3024 5058 3080 5110 ὲν
3106 5056 3182 5127 τῷ
3208 5055 3397 5128 κράτει
3423 5057 3522 5128 τῆς
3553 5057 3738 5128 ἰσχύος
3771 5076 3875 5112 σου

2284 5155 2341 5205 ὲν
2364 5151 2441 5222 τῷ
2472 5150 2646 5221 καιρῷ
2676 5151 2775 5221 τῆς
2798 5150 3049 5219 κρίσεως.

2352 5242 2442 5295 26.
2492 5241 2876 5312 Ἀνυμνοῦντες
2933 5244 2989 5293 ὲν
3036 5244 3146 5304 τοῖς
3193 5242 3574 5312 προκειμένοις
3622 5244 3872 5315 ψαλμοῖς

2284 5332 2651 5405 διηγησόμεθα
2683 5332 2751 5385 τὰ
2782 5333 3037 5405 κριτήρια
3069 5332 3160 5386 τοῦ
3191 5333 3419 5404 φοϐεροῦ
3462 5350 3557 5386 σου
3588 5334 3849 5406 βήματος

1564 5672 1861 5733 Addenda
1904 5678 1960 5731 et
1994 5664 2367 5746 corrigenda
2407 5680 2483 5723 ex
2519 5663 2654 5721 cod.
2697 5659 2889 5719 Vatic.

690 5843 736 5911 λκὶ
750 5858 762 5906 >
798 5844 922 5892 "Avo
933 5859 1011 5910 μα,

2358 5825 2429 5891 (Ξ)
2478 5821 2898 5880 Ἐπαναστᾶντες
