4060 6456
190 399 292 452 721

1099 399 1190 454 DE
1235 399 1516 458 TlTULlS
1554 400 2005 462 PSALMORUM.
2045 437 2116 449 --
2152 406 2346 463 PSAL.
2386 406 2528 464 XXI.

3333 403 3442 459 722

189 525 295 586 Εἰς
319 520 384 574 τὸ
424 518 615 584 τέλος,
643 519 794 588 νπὲρ
823 518 932 587 τῆς
964 520 1341 590 ἀντιλήψεως
1372 521 1480 591 τῆς
1503 521 1765 592 ἑωθινῆς,

1874 523 1940 580 1η
1967 527 2154 596 ﬁnem,
2181 544 2276 597 pro
2303 526 2628 596 susceptione
2656 533 2941 592 matutina,
2969 523 3203 594 psalmus
3247 521 3440 578 David.

514 613 755 689 1fqu
775 610 855 678 τῷ
880 613 1074 667 Δαόιδ.
1110 617 1280 668 ΨΑΛ.
1308 613 1439 670 KA'.

265 703 318 758 1.
352 703 412 757 '0
434 703 586 768 Θεὸς,
611 706 639 757 ὁ
663 703 795 768 Θεός
829 721 954 776 μου,
986 706 1219 777 πρόσχες
1246 722 1357 777 μοι·
1386 707 1474 761 ἵνα
1498 706 1550 760 τί
1573 708 1769 776 ἐγκατ-

184 795 375 859 έλιπές
406 814 471 868 με
490 815 506 864 ;

261 889 316 942 2.
349 889 581 961 Μακράν
620 890 730 943 ἀπὸ
772 889 872 961 τῆς
919 890 1193 961 σωτηρίας
1241 907 1342 962 μου
1375 891 1424 943 oi
1465 889 1611 959 λόγοι
1656 890 1764 946 τῶν

189 984 658 1054 παραπτωμάτων
689 999 811 1053 μου.

261 1076 316 1129 5.
358 1075 414 1127 ὐ
443 1074 574 1137 Θεὸς
604 1091 737 1145 μου,
779 1072 1116 1146 κεκράξομαι
1147 1073 1380 1146 ἡμέρας,
1403 1074 1498 1128 καὶ
1525 1074 1626 1129 οὐκ
1657 1075 1767 1128 εἱσ-

181 1165 418 1238 ακούσῃ,

259 1259 315 1312 4.
348 1259 456 1310 Καὶ
486 1257 696 1320 νυκτὸς,
727 1258 819 1310 καὶ
847 1257 946 1310 οὐκ
974 1258 1053 1319 είς
1083 1254 1267 1311 ἄνοιαν
1298 1256 1441 1328 ιμοί.

256 1347 312 1402 5.
344 1350 415 1402 Σὺ
447 1349 505 1401 δὲ
539 1350 596 1402 ὲν
620 1347 759 1419 ἁγίῳ
781 1350 1072 1412 κατοικεῖς,
1096 1348 1126 1400 ὀ
1147 1347 1368 1411 ιπαινος
1390 1346 1485 1400 τοῦ
1523 1347 1758 1420 Ἰσραήλ.

259 1441 313 1495 6.
362 1441 483 1494 Ἐπὶ
509 1441 592 1494 σοὶ
618 1441 854 1512 ἧλπισαν
879 1441 926 1492 οἱ
961 1438 1194 1511 πατέρες
1226 1438 1406 1511 ἡμῶν,

259 1532 314 1588 7.
349 1531 639 1597 Ἥλπισαν,
681 1531 774 1586 καὶ
797 1531 1011 1603 ὲρῤῠσω
1041 1529 1240 1593 αὐτούς

255 1625 313 1681 8.
345 1626 488 1696 Πρὸς
517 1625 578 1678 σὲ
603 1622 924 1696 ἑκέκραξαν,
950 1622 1043 1678 καὶ
1069 1620 1369 1692 ἐσώθησαν,

257 1718 310 1775 9.
356 1719 478 1772 Ἐπὶ
507 1719 588 1770 σοὶ
613 1718 866 1788 ἦλπισαν,
903 1717 998 1770 καὶ
1027 1716 1088 1768 οὐ
1125 1712 1596 1788 κατῃσχύνθησαν.

255 1810 344 1865 10.
392 1809 530 1878 Ἐγὼ
553 1810 610 1863 δέ
641 1806 1018 1880 ειμισσκώληξ,
1043 1806 1138 1861 καὶ
1162 1806 1262 1860 οὐκ
1290 1805 1593 1877 ἄνθρωπος,

257 1903 348 1957 11.
384 1901 624 1965 Ὄνειδος
651 1899 974 1971 ἀνθρώπων,
1005 1898 1100 1952 καὶ
1123 1897 1460 1969 ὲξουθένημα
1483 1896 1564 1970 [in
1589 1914 1758 1969 marg.
1792 1890 1836 1946 Β

172 1996 303 2050 cod.
329 1992 688 2064 ἐξουδένωμα]
722 1991 875 2046 λαοῦ.

253 2087 344 2140 12.
371 2085 577 2148 Πάντες
609 2087 659 2138 οί
692 2082 1022 2154 θεωροῦντές
1047 2101 1114 2155 με
1138 2081 1570 2154 ἔξεμυκτήρισάν
1605 2099 1694 2153 με·

253 2178 342 2232 15.
384 2177 679 2248 Ἐλάλησαν
710 2178 769 2230 ἑν
799 2176 1052 2246 χείλεσιν,
1079 2176 1333 2246 ἐκίνησαν
1357 2173 1618 2246 κεφαλήν.

253 2268 343 2322 14.
372 2267 637 2320 Ἥλπισεν
668 2267 760 2320 ἐπὶ
790 2265 1012 2338 Κύριον,
1045 2264 1300 2335 ῥυσάσθω
1330 2265 1513 2318 αὐτόν’

252 2355 341 2410 15.
373 2355 606 2410 Σωσάτω
631 2355 810 2418 αὑτὸν,
834 2355 913 2406 ὅτι
935 2353 1077 2406 θέλει
1107 2353 1287 2408 αὐτόν.

253 2448 340 2502 16.
372 2448 493 2500 Ὀτι
530 2450 593 2501 σὺ
621 2443 671 2500 εἶ
692 2450 720 2500 ὁ
746 2447 1027 2510 ὲκσπάσας
1063 2464 1130 2518 με
1156 2449 1220 2500 ὲκ
1247 2447 1504 2519 γαστρός·

2461 617 2665 674 PSAL.
2700 616 2862 674 XXI.

1943 711 1995 764 1.
2029 708 2193 776 Deus,
2223 709 2367 768 Deus
2397 727 2574 776 meus,
2598 711 2807 781 respice
2834 711 2890 766 in
2907 725 3014 776 me,
3043 722 3213 780 quare
3241 722 3327 762 me
3345 707 3440 761 de-

1871 802 2136 872 reliquisti
2161 804 2183 856 ?

1940 895 1992 950 2.
2030 895 2212 967 Longe
2239 912 2270 950 a
2293 910 2465 952 salute
2487 912 2606 952 mea
2633 897 2794 952 verba
2819 896 3141 952 delictorum
3171 904 3436 946 meorum.

1939 1074 1992 1127 5.
2019 1072 2162 1128 Deus
2183 1088 2358 1139 meus,
2382 1072 2628 1129 clamabo
2641 1087 2738 1143 per
2755 1071 2920 1140 diem,
2947 1079 3002 1125 et
3021 1085 3132 1125 non
3161 1065 3437 1129 exaudies,

1939 1259 1994 1314 1.
2027 1258 2091 1312 Et
2122 1267 2296 1321 nocte.
2335 1267 2391 1314 et
2419 1274 2526 1314 non
2554 1259 2623 1314 ad
2647 1258 3013 1328 insipientiam
3039 1256 3192 1312 mihi.

1940 1353 1994 1408 5.
2025 1351 2104 1406 Tu
2139 1361 2316 1406 autem
2349 1353 2404 1406 in
2433 1360 2624 1408 sancto
2654 1352 2889 1416 habitas,
2917 1351 3037 1407 laus
3057 1351 3242 1408 Israel.

1939 1442 1992 1496 6.
2043 1441 2103 1495 In
2135 1452 2186 1496 te
2219 1452 2575 1512 speraverunt
2606 1450 2786 1511 patres
2822 1444 3016 1510 nostri,

1943 1531 1993 1586 7.
2048 1531 2438 1602 Speraverunt.
2468 1543 2517 1587 et
2551 1533 2791 1588 liberasti
2821 1548 2953 1588 eos:

1937 1624 1992 1678 8.
2051 1624 2132 1678 Ad
2160 1633 2212 1678 te
2242 1624 2636 1690 clamaverunt,
2672 1634 2726 1680 et
2756 1625 2891 1680 salvi
2921 1625 3048 1680 iacti
3077 1633 3229 1690 sunt,

1939 1716 1991 1770 9.
2044 1714 2104 1770 ln
2135 1725 2187 1770 te
2227 1726 2606 1786 speraverunt,
2649 1725 2703 1771 et
2732 1733 2840 1771 non
2871 1727 3000 1772 sunt
3034 1716 3268 1773 confusi.

1942 1807 2028 1861 10.
2073 1805 2186 1877 Ego
2211 1819 2392 1861 autem
2425 1822 2546 1862 sum
2586 1811 2808 1873 vermis,
2854 1819 2909 1864 et
2953 1825 3061 1864 non
3092 1809 3294 1874 homo;

1937 1897 2024 1954 11.
2071 1894 2438 1967 Opprobrium
2467 1898 2776 1966 hominum,
2806 1910 2857 1955 et
2885 1900 3119 1970 abjectio
3154 1899 3345 1969 plebis.

1937 2077 2020 2133 12.
2078 2077 2282 2133 Omnes
2315 2079 2560 2134 videntes
2591 2093 2702 2142 me,
2749 2077 3064 2134 deriserunt
3091 2092 3177 2132 me
3209 2093 3224 2132 :

1939 2172 2024 2226 15.
2072 2170 2262 2226 Locuti
2309 2180 2439 2226 sunt
2475 2171 2655 2234 labiis,
2686 2182 2741 2227 et
2774 2179 3062 2226 moverunt
3088 2177 3270 2240 caput.

1938 2265 2024 2318 M.
2079 2265 2330 2333 Speravit
2359 2265 2411 2317 in
2447 2262 2703 2330 Domino,
2734 2264 2928 2333 eripiat
2955 2279 3116 2317 cum:

1939 2355 2028 2409 15.
2084 2353 2306 2409 Salvum
2338 2354 2501 2410 faciat
2531 2369 2676 2420 eum,
2707 2355 2966 2423 quoniam
3002 2354 3116 2407 vult
3142 2367 3288 2407 eum.

1938 2449 2025 2502 16.
2076 2448 2344 2514 Quoniam
2370 2459 2426 2501 tu
2458 2462 2539 2513 es,
2569 2446 2662 2517 qui
2695 2447 2980 2501 extraxisti
3005 2461 3087 2500 me
3117 2446 3184 2500 de
3209 2452 3428 2500 ventre:

1308 2566 1691 2624 ATHANASII
1731 2565 2315 2624 INTERPRETATIO.

259 2661 326 2716 Ἦ
360 2664 693 2735 προκειμένη
738 2664 1014 2735 επιγραφὴ
1049 2664 1288 2736 περιέχει
1318 2663 1426 2736 (1)⁶
1454 2667 1559 2731 Είς
1591 2665 1655 2720 τὸ
1689 2664 1885 2732 τέλος,
1915 2664 2066 2734 ὑπὲρ
2093 2661 2200 2732 τῆς
2243 2661 2618 2731 ἀντιλήψεως
2643 2658 2750 2728 τῆς
2784 2657 3053 2725 ἑωθινῆς,
3088 2656 3327 2726 ﬁrmide
3354 2652 3431 2721 τῷ

163 2755 374 2812 Δαϐίδ.
391 2756 560 2810 Τοῦτο
591 2752 682 2810 οῦν
714 2756 883 2824 λέγει,
915 2755 995 2808 ὅτι
1015 2755 1225 2828 ψαλμὺς
1238 2757 1452 2830 εἴρηται
1480 2758 1585 2812 ὑπὸ
1626 2759 1719 2813 τοῦ
1749 2759 1911 2812 Δαϐὶδ
1938 2760 2066 2831 περὶ
2098 2758 2199 2828 τῆς
2241 2755 2573 2828 ἀντιλήψεως
2597 2755 2695 2825 τῆς
2715 2751 3012 2824 γενομένης
3047 2753 3176 2820 ἡμῖν
3209 2749 3312 2803 ὑπὸ
3336 2749 3429 2803 τοῦ

167 2849 312 2904 Θεοῦ
328 2850 482 2922 ἡμῶν
497 2850 692 2921 Ἰησοῦ,
713 2849 875 2920 ἡνίκα
891 2847 1160 2902 ἀνέτειλεν
1182 2853 1315 2920 ἡμῖν
1343 2851 1460 2921 φῶς
1483 2852 1572 2904 διὰ
1589 2853 1681 2906 τοῦ
1706 2854 1900 2908 ἑαυτοῦ
1921 2855 2129 2918 πάθους
2153 2856 2267 2916 τοῖς
2296 2851 2627 2923 καθημένοις
2644 2851 2700 2902 ὲν
2720 2849 2903 2902 σκότει
2924 2850 3018 2902 καὶ
3031 2849 3155 2918 σκιᾷ
3173 2847 3427 2901 θανάτου.

246 2964 460 3019 Titulus
491 2964 812 3035 pra‘positus
850 2961 1091 3015 continet
1119 2977 1132 3013 :
1167 2959 1236 3014 In
1259 2962 1439 3030 ﬁnem,
1469 2979 1565 3033 pro
1596 2966 1921 3033 susceptione
1951 2967 2236 3028 matutina,
2281 2969 2517 3032 psalmus
2549 2959 2740 3014 David.
2774 2955 2887 3012 Hoc.
2920 2965 3097 3011 autem
3130 2955 3427 3025 signiﬁcat,

165 3057 324 3128 quod
358 3057 601 3124 psalmus
632 3056 810 3112 dictus
837 3064 919 3112 est
944 3072 975 3111 a
1002 3054 1205 3112 Davide
1235 3057 1302 3111 de
1336 3058 1701 3128 susceptione,
1737 3075 1860 3129 quae
1899 3059 2041 3113 facta
2067 3067 2151 3114 est
2193 3059 2350 3112 nobis
2379 3073 2410 3111 a
2442 3057 2552 3110 Deo
2583 3065 2772 3110 nostro
2798 3052 2948 3120 .lesu,
2989 3068 3112 3107 cum
3147 3052 3303 3108 nobis
3335 3067 3425 3110 se.

166 3148 433 3204 dentibus
464 3149 516 3201 in
551 3149 788 3204 tenebris
816 3159 870 3204 et
899 3152 1092 3207 umbra
1122 3153 1335 3218 mortis,
1366 3169 1462 3224 per
1490 3153 1660 3233 ipsius
1687 3155 1996 3224 passionem
2031 3154 2123 3207 lux
2155 3161 2272 3207 orta
2305 3163 2385 3207 est
2408 3153 2473 3206 ".

249 3243 303 3296 1.
349 3243 442 3294 Ἐκ
471 3242 760 3314 προσώπου
795 3244 887 3298 τοῦ
922 3245 1048 3300 λαοῦ
1083 3247 1250 3316 λέγει.

245 3334 304 3388 2.
341 3335 438 3388 Διὰ
471 3335 539 3390 τὰ
566 3337 989 3409 παραπτώματά
1024 3355 1126 3411 μου
1152 3339 1467 3412 ὲμακρύνθη
1502 3342 1536 3412 ἡ
1574 3358 1750 3412 σωτη-

168 3426 274 3498 ρία
305 3444 428 3496 μου.

246 3518 304 3572 5.
349 3519 436 3571 Ἐν
461 3521 528 3589 τῇ
557 3520 696 3591 ἀρχῇ
725 3521 832 3574 τῶν
865 3521 1176 3594 προφητῶν.

245 3614 304 3660 4.
349 3607 472 3660 Ἐπὶ
521 3610 799 3679 συντελείᾳ
826 3610 936 3664 τῶν
979 3609 1189 3666 αἰώνων
1213 3610 1501 3682 βοήσομαι,
1529 3614 1624 3666 καὶ
1652 3613 1752 3666 οὐκ

163 3703 255 3762 είς
286 3702 461 3770 μάτην
494 3719 582 3772 μοι
611 3704 920 3773 γενήσεται.

243 3792 299 3846 5.
343 3793 429 3845 Ἐν
454 3793 532 3864 τῷ
548 3795 722 3866 Πατρὶ
738 3799 1029 3862 κατοικεῖς,
1052 3797 1079 3850 ὁ
1102 3796 1317 3862 ἔπαινος
1336 3795 1412 3870 (2)
1431 3797 1540 3851 τῶν
1561 3798 1749 3866 ἁγίων.

246 3880 367 3934 6-9.
396 3880 553 3946 Νῶε,
602 3883 759 3949 Λὼτ,
797 3885 1014 3951 Ἰακὼϐ,
1049 3889 1319 3958 Μωῦσῆς,
1359 3887 1562 3960 Ἰησοῦς
1601 3891 1629 3941 ὁ
1659 3887 1749 3941 τοῦ

163 3971 359 4040 Ναυῆ,
393 3973 488 4026 καὶ
521 3976 569 4026 οἱ
599 3975 816 4045 Κριταί.

247 4061 338 4125 10,
378 4062 463 4115 11.
491 4064 568 4130 (5)
611 4064 704 4116 Ἐκ
728 4065 820 4117 τοῦ
851 4065 1142 4136 προσώπου
1164 4069 1257 4122 τοῦ
1286 4070 1490 4141 Κυρίου
1524 4071 1670 4140 λέγει
1693 4072 1752 4124 τὸ

161 4155 269 4209 ἐπὶ
308 4154 412 4224 γῆς
464 4155 694 4226 ὀφθῆναι
742 4157 817 4228 (4)
853 4159 1342 4230 ἀναστρεφόμενον,
1390 4163 1481 4215 καὶ
1529 4163 1621 4216 ἐπὶ
1659 4163 1749 4227 ξύ-

158 4251 266 4303 λου
326 4250 403 4320 (5)
456 4247 550 4303 τοῦ
615 4251 849 4321 σταυροῦ
907 4252 1069 4307 αὐτὸν
1128 4253 1376 4307 τεθνάναι
1435 4255 1751 4324 ὲμπαγέντα

158 4342 251 4413 τῷ
282 4341 359 4413 (6)
392 4343 532 4414 ξύλῳ
563 4344 666 4397 ὑπὸ
685 4344 794 4399 τῶν
823 4345 987 4416 ἥλων,
1021 4346 1115 4399 καὶ
1139 4347 1424 4417 γενόμενον
1460 4347 1532 4416 (7)
1561 4347 1751 4418 δέλεαρ

157 4436 252 4506 τῷ
283 4435 532 4505 διαϐόλῳ.

246 4529 337 4590 12,
366 4529 454 4584 15.
482 4528 557 4599 (8)
591 4530 778 4591 Ὄντος
821 4527 928 4599 γὰρ
965 4529 1128 4582 αὑτοῦ
1163 4531 1254 4583 ἐπὶ
1293 4529 1386 4583 τοῦ
1418 4531 1667 4602 σταυροῦ,
1699 4532 1747 4583 οἱ

1781 3256 1824 3311 C
1926 3248 1978 3301 1.
2033 3248 2110 3302 Ex
2149 3262 2383 3318 persona
2409 3244 2593 3316 populi
2628 3243 2887 3313 loquitur.

1921 3339 1976 3394 2.
2036 3337 2265 3409 Propter
2291 3337 2490 3392 delicta
2519 3351 2640 3391 mea
2668 3335 2830 3406 longe
2857 3333 3000 3390 facta
3031 3341 3117 3389 est
3146 3348 3178 3388 a
3211 3347 3299 3389 me
3325 3345 3418 3389 sa-

1853 3432 1940 3488 lus
1983 3445 2124 3486 mea.

1927 3524 1980 3577 5.
2033 3521 2090 3575 In
2123 3521 2392 3591 principio
2419 3521 2832 3590 prophetarum.

1923 3615 1976 3667 4.
2032 3616 2090 3666 1η
2136 3613 2612 3667 consummatione
2654 3611 2974 3665 saeculorum
3007 3607 3273 3674 clamabo,
3324 3622 3420 3663 ne-

1852 3719 1957 3774 que
1990 3703 2041 3756 id
2086 3702 2220 3756 mihi
2268 3701 2637 3757 l‘rustraneum
2677 3703 2802 3755 erit.

1924 3797 1974 3852 5.
2014 3796 2070 3851 ln
2101 3796 2260 3854 Patre
2291 3797 2524 3862 habitas,
2566 3797 2686 3852 laus
2735 3805 3067 3852 sanctorum.

1924 3909 2042 3965 6-9.
2075 3907 2210 3973 Noe,
2231 3907 2350 3969 Lot,
2382 3906 2568 3972 Jacob,
2592 3908 2823 3978 Moyses,
2853 3906 3013 3962 Jesus
3038 3905 3207 3974 Nave,
3236 3917 3290 3962 et
3313 3905 3412 3961 Ju-

1851 4003 2019 4059 dices.

1924 4093 2011 4158 10,
2050 4094 2136 4148 11.
2165 4093 2241 4147 Ex
2272 4108 2501 4163 persona
2535 4092 2748 4148 Domini
2792 4094 2944 4157 dicit,
2984 4094 3257 4164 quomodo
3286 4107 3418 4148 con-

1851 4193 2100 4240 versatus
2153 4184 2206 4237 in
2280 4185 2442 4240 terris
2497 4185 2767 4255 apparuit,
2827 4195 2882 4240 et
2934 4185 2988 4238 in
3035 4184 3215 4238 crucis
3268 4184 3416 4253 ligno

1854 4286 2101 4331 mortuus
2133 4284 2214 4329 est
2243 4275 2410 4332 clavis
2455 4278 2601 4346 ligno
2642 4275 2854 4339 allixus,
2881 4286 2935 4330 et
2964 4292 3088 4331 esca
3123 4274 3298 4330 factus
3332 4284 3417 4330 est

1852 4371 2090 4424 diabolo.
2124 4367 2430 4439 [Tanquam
2467 4371 2666 4424 vermis
2698 4369 2764 4423 ad
2806 4369 3126 4440 capiendum
3161 4366 3416 4440 piscem]

1925 4524 2009 4587 i2,
2053 4522 2137 4576 15.
2194 4523 2331 4582 Cum
2361 4524 2505 4577 enim
2549 4524 2604 4577 in
2639 4539 2801 4579 cruce
2837 4534 3001 4589 esset,
3029 4533 3415 4594 praetereuntes

161 4597 687 4692 παραπορευόμενοι
726 4597 1106 4690 ἐϐλασφήμουν
1160 4621 1318 4674 αὑτὸν
1350 4597 1596 4689 λέγοντες
1620 4637 1634 4649 ·
1678 4623 1748 4674 El

1853 4614 2297 4683 blasphemabant
2343 4630 2467 4669 eum
2522 4616 2810 4672 dicentes:
2869 4615 2930 4671 Si
2974 4615 3152 4670 Filius
3202 4616 3296 4670 Dei
3335 4632 3412 4682 es,

171 4709 319 4775 Υἱὸς
364 4706 418 4763 εἷ
459 4710 567 4764 τοῦ
616 4710 783 4773 Θεοῦ,
832 4711 1114 4779 κατάϐηθι
1153 4711 1270 4765 ἀπὸ
1315 4711 1423 4766 τοῦ
1459 4712 1741 4781 σταυροῦ,

157 4802 448 4865 κινοῦντες
469 4803 566 4867 τὰς
597 4803 836 4872 κεφαλὰς
857 4804 1040 4874 ἔλεγον
1064 4804 1254 4858 ταῦτα.

246 4891 337 4954 14,
380 4893 465 4945 15.
500 4894 722 4962 Ἔλεγον
758 4895 807 4945 οἱ
842 4894 1147 4965 ἀρχιερεῖς·
1192 4893 1481 4950 Πέστοιθεν
1511 4896 1607 4949 ἐπὶ
1635 4895 1744 4950 τὸν

157 4986 354 5042 Θεόν·
383 4985 668 5052 ῥυσάσθω
697 4988 883 5041 αὐτόν
909 4989 1005 5059 (9).

246 5077 334 5132 16.
377 5077 434 5130 Ὀ
479 5079 892 5150 ἐσταυρωμένος
934 5080 1081 5150 λέγει
1123 5081 1203 5152 τῷ
1250 5082 1456 5156 Πατρί·
1504 5083 1601 5136 Ἐκ
1645 5102 1742 5153 τα-

154 5167 361 5238 στρὸς
382 5171 496 5238 πρὸ
525 5172 862 5241 Ἑωσφόρου
882 5172 1213 5242 ἐγέννησάς
1225 5192 1302 5244 με
1331 5176 1462 5247 (10).

243 5282 295 5314 ⁸⁸
328 5280 434 5338 lsa.
465 5299 539 5349 lx,
567 5284 621 5339 2.
698 5284 814 5316 “'“
843 5283 1028 5340 Matth.
1058 5303 1226 5351 axvn,
1256 5288 1344 5342 40.
1418 5287 1460 5318 ⁸¹
1496 5288 1625 5343 ibid.
1653 5288 1740 5341 45.

1856 4708 2104 4760 descende
2143 4708 2205 4762 de
2251 4724 2402 4763 cruce
2457 4709 2610 4778 ’°—‘°,
2651 4719 2931 4766 moventes
2970 4711 3146 4781 capita
3168 4726 3265 4765 sua
3301 4709 3416 4763 haec

1849 4801 2119 4857 dicebant.

1915 4893 2001 4958 14,
2037 4894 2121 4948 15.
2177 4893 2437 4947 Dicebant
2472 4891 2743 4962 principes
2778 4894 3120 4948 sacerdotum
3172 4911 3186 4947 :
3231 4890 3414 4961 Conﬁ-

1855 4987 1932 5040 dit
1970 4989 2022 5041 in
2060 4987 2168 5039 Deo
2195 5003 2212 5040 :
2243 4987 2423 5040 liberet
2453 5003 2572 5040 eum
2598 4987 2665 5042 “.

1928 5079 2016 5132 16.
2065 5078 2368 5132 Crucillxus
2411 5080 2540 5134 dicit
2569 5077 2714 5133 Patri
2741 5097 2754 5133 :
2795 5075 2880 5130 Ea:
2909 5085 3055 5130 utero
3083 5082 3204 5128 ante
3234 5073 3289 5126 lu

1852 5189 1968 5225 rum
1995 5174 2219 5243 genuisti
2252 5191 2330 5226 me
2355 5173 2419 5226 δ’.

1818 5288 1860 5317 ⁵³
1888 5285 2030 5340 Psal.
2058 5301 2166 5348 ent,
2196 5286 2247 5338 5.

1120 5401 1425 5463 Addenda
1487 5411 1544 5464 et
1595 5400 1964 5478 corrigenda
2005 5417 2081 5460 ex
2125 5404 2266 5460 cod.
2305 5399 2500 5459 Vatic.

361 5519 666 5603 ςὲπιγραςρὴ
691 5524 723 5603 η
745 5520 829 5603 διᾲ
857 5521 955 5603 τῆς
985 5520 1350 5592 κινναϐάρεως
1383 5524 1644 5596 περιέχει.

266 5586 323 5659 ἓ)
451 5586 632 5643 ἐπάνω
657 5586 764 5644 τών
797 5586 983 5659 ἁγίων.

266 5657 323 5724 5)
351 5657 415 5712 Ν.
453 5659 540 5724 10,
573 5662 656 5722 lt.
685 5664 735 5714 in
765 5657 884 5718 cod.
909 5680 964 5718 ιι.
999 5664 1064 5719 10
1093 5675 1302 5722 tantum

355 5730 522 5801 ᾼὺτὸν
551 5731 796 5801 ὀφθῆναι.

247 5799 327 5864 (5)
355 5799 460 5853 Τοῦ
494 5801 670 5868 ξύλου.

1914 5521 1989 5591 (6)
2022 5517 2126 5573 Οῦν
2160 5521 2254 5590 τῷ.

1922 5587 1998 5658 (7)
2035 5594 2144 5644 Καὶ
2172 5587 2479 5660 γενόμενον,
2509 5599 2637 5653 etc.,
2674 5590 2870 5644 desunt
2899 5590 2950 5644 in
2981 5587 3104 5644 cod.

1917 5661 1992 5730 (8)
2027 5661 2088 5715 Ν.
2123 5662 2320 5726 12,15,
2355 5661 2406 5712 in
2433 5662 2552 5714 cod.
2582 5677 2636 5713 ιι.
2671 5661 2847 5715 11ο15.

1919 5732 1991 5802 (9)
2019 5733 2224 5793 Αὑτὼν,
2261 5735 2306 5783 εἰ
2339 5730 2480 5783 θέλει
2507 5732 2686 5787 αὐτόν.

1922 5803 2030 5874 (10)
2059 5803 2392 5873 Γεγέννηκάς
2428 5819 2514 5870 με.
