4060 6440
647 364 753 420 725
1482 368 1540 424 S.
1581 369 1952 426 ATHANASII
1988 371 2138 428 OPP.
2181 373 2360 433 PARS
2398 377 2486 434 Ill.
2524 409 2593 422 —
2633 381 3040 438 EXEGETICA.
3770 388 3888 444 724

718 500 805 554 Π.
859 498 993 571 Spes
1022 517 1139 558 mea
1167 507 1236 558 ab
1266 505 1526 562 uberibus
1565 509 1756 564 matris
1782 524 1916 565 mea:
1943 530 1954 564 :
2235 499 2280 553 Α

2235 499 2280 553 Α
2379 495 2464 550 17.
2513 496 2572 549 Ἢ
2599 498 2750 561 ἐλπίς
2787 517 2885 568 μου
2912 501 3018 553 ἀπὸ
3050 502 3267 572 μαστῶν
3293 502 3387 573 τῆς
3413 504 3615 574 μητρός
3649 520 3777 574 μουο

719 591 805 645 18.
861 590 915 644 In
947 601 997 646 te
1025 592 1298 662 proiectus
1339 609 1458 649 sum
1488 610 1554 650 ex
1587 605 1741 651 utero
1769 616 1783 652 :

2383 585 2468 638 18.
2506 586 2631 640 Ἐπὶ
2661 590 2718 641 σὲ
2745 591 3046 660 ὲπερῤίφην
3073 593 3138 644 ὲκ
3170 595 3403 663 μήτρας·

715 683 802 735 19.
857 681 932 737 De
958 693 1146 738 ventre
1173 687 1362 740 matris
1391 700 1542 750 meae,
1571 685 1713 742 Deus
1737 703 1891 744 meus
1915 705 1974 744 es
2005 700 2060 744 tu
2084 709 2098 744 :

2383 678 2468 731 19.
2508 679 2638 732 Ἀπὸ
2663 681 2897 751 γαστρὸς
2924 683 3126 752 μητρός
3163 701 3261 753 μου
3287 684 3414 747 Θεός
3445 702 3545 755 μου
3571 679 3621 736 εἴ
3652 683 3741 738 σύο

711 771 802 824 ‘20.
847 771 924 826 Ne
970 773 1291 831 discesseris
1343 791 1374 832 a
1427 791 1534 839 me,
1591 778 1848 846 quoniam
1920 780 2207 835 tribulatio

2104 780 2207 835 ιιίο
2382 769 2472 824 20.
2501 770 2591 841 Μὴ
2620 772 2860 844 ἀποστῇς
2891 775 2984 825 ἀπ’
3011 774 3165 844 ἐμοῦ,
3199 777 3280 828 ὅτι
3313 776 3485 840 θλίψις
3514 777 3707 846 ἐγγὺς,

647 863 891 930 proxima
915 872 1020 928 est,

715 953 802 1007 21.
848 954 1112 1020 Quoniam
1137 973 1242 1013 non
1274 967 1376 1024 est,
1406 960 1498 1028 qui
1532 959 1753 1030 adjuvet
1783 976 1889 1015 me.

1752 1002 1753 1006 η
1783 976 1889 1015 me,
2384 953 2473 1006 21.
2510 955 2632 1009 Ὅτι
2657 955 2755 1007 οὐκ
2782 956 2925 1009 ἔστιν
2947 958 2975 1009 ὁ
3005 956 3212 1027 βοηθῶν
3248 975 3355 1028 μοι.

713 1046 803 1100 22.
854 1045 1344 1105 Circumdederunt
1376 1066 1464 1105 me
1495 1053 1649 1106 vituli
1684 1053 1862 1117 multi,

2383 1044 2471 1098 22.
2504 1043 2954 1115 Περιεκῦκλωσάν
2987 1065 3053 1118 με
3085 1049 3270 1119 μόσχοι
3305 1049 3506 1115 πολλοὶ,

712 1138 803 1192 25.
865 1138 1031 1193 Tauri
1060 1139 1288 1211 pingues
1320 1142 1651 1197 obsederunt
1675 1159 1760 1198 me
1789 1162 1802 1197 :

1746 1159 1760 1198 3
1789 1162 1802 1197 :
2386 1135 2474 1187 25.
2511 1135 2712 1206 Ταῦροι
2741 1137 2920 1200 πίονες
2943 1138 3226 1209 περιέσχον
3264 1157 3349 1209 με·

719 1231 811 1284 24.
858 1235 1197 1301 Aperuerunt
1226 1251 1389 1305 super
1436 1251 1522 1290 me
1550 1251 1611 1290 os
1644 1252 1824 1300 suum,

2381 1227 2472 1280 24.
2509 1227 2760 1291 Ἥνοιξαν
2787 1229 2870 1281 ἐπ’
2898 1230 2996 1299 ἐμὲ
3026 1230 3086 1282 τὸ
3116 1231 3283 1301 στόμα
3317 1232 3513 1294 αὐτῶν,

713 1323 804 1377 25.
858 1322 1010 1380 Sicut
1039 1326 1124 1380 leo
1157 1327 1391 1395 rapiens,
1418 1336 1472 1382 et
1513 1329 1755 1399 rugiens.

2381 1317 2472 1371 25.
2509 1319 2597 1380 Ὠς
2623 1320 2757 1372 λέων
2790 1319 3067 1389 ἁρπάζων,
3099 1321 3192 1374 καὶ
3226 1322 3551 1394 ὠρυόμενος.

713 1411 804 1466 26.
858 1412 1011 1466 Sicut
1046 1428 1186 1482 aqua
1209 1414 1414 1469 ell'usus
1443 1430 1585 1480 sum,

1516 1431 1585 1480 tu,
2383 1409 2472 1462 26.
2513 1409 2654 1461 Ὠσεὶ
2678 1410 2818 1481 ὕδωρ
2843 1409 3119 1483 ἐξεχύθην,

713 1502 805 1556 27.
862 1502 926 1556 Ει
955 1504 1203 1574 dispersa
1231 1514 1361 1560 sunt
1394 1507 1578 1560 omnia
1599 1520 1727 1561 ossa
1757 1519 1902 1560 mea.

2385 1501 2473 1553 27.
2504 1501 2611 1554 Καὶ
2643 1502 3024 1573 διεσκορπίσθη
3060 1503 3235 1557 πάντα
3266 1504 3332 1557 τὰ
3363 1508 3493 1559 ὀστᾶ
3528 1523 3649 1577 μου.

716 1593 806 1648 28.
853 1593 1077 1651 Factum
1105 1605 1189 1652 est
1226 1612 1322 1652 cor
1347 1613 1529 1654 meum
1566 1607 1826 1668 tanquam
1882 1612 2006 1653 cera
2038 1597 2212 1668 lique—

2384 1591 2472 1645 28.
2519 1592 2780 1662 Ἐγενήθη
2811 1595 2843 1662 ἡ
2884 1594 3080 1664 καρδία
3111 1613 3209 1665 μου
3235 1595 3366 1649 ὡσεὶ
3395 1599 3559 1667 κηρὸς
3585 1597 3903 1667 τηκόμενος

647 1699 803 1740 scens
833 1684 888 1738 in
921 1687 1098 1741 medio
1117 1687 1324 1742 ventris
1355 1687 1482 1742 mei.

1469 1727 1482 1742 .
2316 1684 2373 1736 ὲν
2407 1681 2556 1752 μέσῳ
2583 1683 2683 1752 τῆς
2709 1683 2914 1746 κοιλίας
2946 1699 3065 1754 μου·

713 1777 804 1832 29.
862 1779 1019 1832 Aruit
1043 1787 1302 1849 tanquam
1335 1788 1472 1835 testa
1503 1782 1676 1835 virtus
1699 1794 1816 1834 mea
1845 1797 1860 1834 :
2245 1839 2280 1849 _

2245 1839 2280 1849 __
2387 1773 2478 1826 29.
2515 1772 2812 1844 Ἐξηράνθη
2837 1772 2911 1835 ὡς
2936 1773 3196 1843 ὄστρακον
3229 1775 3262 1843 ἠ
3295 1773 3443 1842 ἰσχύς
3481 1791 3599 1843 μου,

709 1868 800 1922 50.
845 1865 911 1922 Et
929 1868 1110 1938 lingua
1140 1839 1259 1922 mea
1283 1869 1510 1924 adhaesit
1533 1868 1784 1924 faucibus
1817 1870 1993 1923 meis:
2241 1839 2284 1894 Β

2385 1863 2473 1918 50.
2500 1839 2665 1932 Καὶῆ
2695 1839 2916 1930 γλιῦσσά
2945 1839 3045 1932 μου
3069 1839 3387 1934 κεκόλληταί
3409 1839 3739 1934 τίίέλάρυγγί
3766 1880 3904 1936 pur

714 1957 803 2011 51.
857 1957 924 2013 Et
946 1960 1000 2013 in
1026 1960 1302 2029 pulverem
1335 1962 1524 2016 mortis
1556 1961 1828 2016 deduxisti
1862 1975 1966 2014 me.

2385 1957 2472 2009 51.
2502 1955 2610 2007 Καὶ
2639 1956 2718 2017 είς
2749 1954 2876 2025 χοῦν
2906 1955 3132 2009 θανάτου
3160 1957 3467 2026 κατήγαγες
3495 1974 3579 2026 με.

719 2051 807 2105 32.
859 2049 1132 2116 Quoniam
1171 2053 1579 2107 circumderunt
1606 2067 1692 2106 me
1738 2067 1904 2106 canes
1934 2051 2088 2107 multi
2120 2070 2132 2104 :

1879 2067 1904 2106 s
1934 2051 2088 2107 multi
2120 2070 2132 2104 :
2384 2046 2471 2100 52.
2503 2046 2623 2097 Ὅτι
2655 2045 2968 2100 ὲκύκλωσάν
2999 2065 3064 2117 με
3091 2051 3249 2110 κύνες
3277 2047 3476 2100 πολλοί·

709 2143 798 2196 '55.
851 2143 1160 2200 Concilium
1197 2145 1612 2215 malignantium
1641 2143 1856 2198 obsedit
1887 2158 1990 2198 me.

2385 2134 2472 2187 55.
2503 2134 2797 2203 Συναγωγὴ
2826 2136 3268 2206 πονηρευομένων
3301 2136 3584 2208 περιέσχον
3621 2151 3709 2204 με.

1763 2316 2136 2374 ATHANASH
2176 2314 2766 2373 INTERPRETATIO.

717 2498 801 2551 17.
866 2496 992 2567 Spes
1023 2515 1138 2552 mea
1189 2499 1251 2552 ab
1279 2499 1535 2570 uberibus
1565 2500 1752 2552 matris
1801 2514 1973 2554 mem:
2025 2498 2212 2553 Mariae

2382 2499 2467 2552 17.
2505 2499 2581 2568 (1)
2615 2498 2750 2551 ’Ἐπί
2777 2497 2850 2550 σὲ
2871 2495 3197 2565 ἐπερῤίφην
3223 2495 3289 2548 ἐκ
3316 2495 3538 2564 μητρός
3559 2514 3571 2525 ·
3600 2496 3800 2566 Μαρίᾳ
3825 2497 3909 2567 (2)

645 2585 838 2640 matris
864 2585 1099 2652 Domini,
1135 2595 1230 2641 aut
1271 2589 1538 2657 signiﬁcat
1581 2586 1839 2642 facientes
1882 2587 2211 2640 voluntatem

2310 2590 2402 2642 τοῦ
2430 2589 2633 2659 Κυρίου
2674 2588 2820 2656 λέγει
2846 2591 2970 2650 τοὺς
3008 2587 3292 2651 ποιοῦντας
3317 2590 3376 2640 τὸ
3401 2587 3609 2659 θέλημα
3651 2592 3748 2642 τοῦ
3787 2590 3911 2646 Πα-

645 2677 823 2732 Patris
851 2681 992 2747 ejus,
1029 2679 1124 2748 qui
1159 2679 1212 2732 in
1245 2680 1397 2734 caelis
1447 2689 1550 2745 est,
1604 2679 1706 2733 hoc
1761 2687 1840 2734 cst
1887 2678 2210 2746 discipulos,

2310 2678 2437 2748 τρὸς
2470 2678 2652 2742 αὑτοῦ,
2691 2677 2784 2730 τοῦ
2811 2679 2866 2730 ὲν
2889 2678 3152 2748 οὐρανοῖς,
3181 2677 3426 2729 τουτέστι
3458 2680 3583 2741 τοὺς
3620 2679 3907 2749 μαθητάς.

646 2771 747 2823 huc
774 2771 975 2824 modo:
1017 2770 1152 2840 Spes
1181 2780 1271 2825 tua
1304 2772 1356 2824 in
1389 2787 1473 2826 me
1514 2786 1579 2825 ex
1622 2771 1868 2825 doctrina
1912 2769 2214 2838 discipulo-

2323 2772 2386 2822 'H
2426 2771 2575 2832 ἐλπίς
2617 2787 2707 2822 σου
2748 2770 2821 2839 (5)
2862 2771 2894 2838 ἡ
2932 2771 3007 2830 είς
3045 2768 3144 2837 ἐμὲ
3185 2769 3247 2820 ὲκ
3287 2771 3383 2839 τῆς
3409 2767 3626 2843 διδαχῆς
3651 2771 3763 2822 τῶν
3803 2789 3912 2841 μα-

645 2877 766 2915 ιἰιιιι
809 2878 1053 2916 meorum
1085 2871 1187 2916 €51.

2319 2859 2495 2929 θητῶν
2546 2863 2645 2932 μού
2692 2863 2855 2914 ἐστιν.
2889 2859 2990 2931 [Ίί
3035 2860 3186 2924 ἐλπίς
3225 2877 3325 2930 μου
3375 2860 3479 2912 ἀπὸ
3525 2861 3749 2929 μαστῶν
3806 2865 3913 2928 τῆς

648 2954 851 3023 μητρός
889 2969 1019 3022 μου·
1056 2952 1270 3024 Μαρίας
1313 2951 1406 3004 τοῦ
1450 2954 1653 3023 Κυρίου
1677 2954 1749 3024 ,ἢ
1783 2954 1925 3021 λέγει
1973 2953 2098 3016 τοὺς
2131 2951 2410 3015 ποιοῦντας
2444 2955 2502 3006 τὸ
2541 2955 2747 3025 θέλημα
2798 2954 2891 3006 τοῦ
2942 2953 3151 3026 Πατρὸς
3197 2953 3380 3015 αὑτοῦ,
3411 2952 3502 3004 τοῦ
3539 2955 3595 3006 ἐν
3617 2957 3911 3024 οὐρανοῖς,

644 3044 888 3094 τουτέστι
922 3044 1046 3106 τοὺς
1093 3043 1355 3115 μαθητὰς,
1396 3045 1593 3108 οὕτως·
1643 3047 1704 3098 ’11
1747 3045 1898 3107 ἐλπίς
1937 3063 2030 3098 σου
2065 3047 2097 3115 ὴ
2127 3045 2206 3106 εἰς
2246 3044 2344 3113 ἐμὲ
2381 3046 2443 3096 ἐκ
2471 3050 2569 3115 τῆς
2591 3047 2806 3115 διδαχῆς
2840 3046 2946 3096 τῶν
2973 3045 3226 3115 μαθητῶν
3253 3045 3351 3114 μού
3391 3045 3584 3116 Enim]

727 3135 810 3188 18.
858 3135 993 3190 Illud
1027 3148 1203 3190 autem
1233 3157 1244 3191 ε
1300 3137 1366 3191 In
1402 3149 1448 3192 te
1491 3140 1753 3208 projectus
1788 3155 1905 3192 sum
1934 3154 1996 3190 ea:
2041 3150 2208 3202 utero,

2382 3138 2465 3190 18.
2515 3138 2586 3188 Τὸ
2621 3137 2710 3200 δὲ,
2755 3136 2883 3189 Ἐπὶ
2932 3135 3006 3188 σὲ
3049 3137 3378 3203 ἐπείρίφην
3420 3137 3497 3205 (4)
3539 3139 3607 3189 ἐκ
3639 3140 3911 3208 μήτρας,

647 3229 868 3295 quando
906 3227 1146 3292 Gabriel,
1174 3246 1296 3284 cum
1327 3241 1470 3286 esset
1512 3233 1629 3301 ipsc
1678 3231 1731 3284 in
1763 3240 1919 3284 utero
1955 3228 2210 3297 Virginis,

2312 3229 2439 3281 ὅταν
2466 3231 2492 3280 ὁ
2521 3228 2776 3298 Γαϐριὴλ,
2813 3228 2961 3290 ὄντος
2993 3225 3154 3280 αὑτοῦ
3186 3228 3243 3278 ὲν
3285 3229 3464 3296 μήτρᾳ.
3496 3229 3591 3297 τῆς
3618 3230 3912 3300 Παρεένου

649 3322 714 3371 (in
745 3334 810 3371 co
836 3319 993 3382 dixit,
1029 3321 1172 3388 quod
1207 3321 1376 3376 Filius
1422 3322 1511 3376 Dei
1548 3333 1649 3376 cst.

2315 3319 2464 3386 ἔλεγε
2491 3321 2616 3389 περὶ
2648 3319 2833 3383 αὑτοῦ,
2869 3319 2947 3371 ὃτι
2971 3318 3098 3381 Υἱὸς
3134 3318 3226 3370 τοῦ
3261 3318 3394 3370 Θεοῦ
3429 3320 3594 3371 ἐστιν.

730 3410 816 3464 19.
851 3408 912 3462 Et
964 3411 1016 3463 in
1045 3421 1230 3465 ventre
1263 3429 1385 3467 cum
1444 3429 1614 3467 csscm
1667 3414 1808 3482 eius,
1863 3427 2025 3481 quam
2081 3410 2284 3494 miliiC

2389 3408 2474 3461 19.
2529 3410 2636 3460 Καὶ
2681 3409 2738 3460 ἐν
2787 3411 2850 3478 τῇ
2905 3408 3102 3478 γαστρί
3159 3425 3225 3478 με
3271 3408 3416 3470 ὄντα,
3461 3405 3526 3481 ἦς
3584 3407 3919 3482 ἠϐουλήθην

651 3513 877 3557 matrem
897 3518 1018 3557 esse
1047 3505 1287 3567 voluisti,
1321 3507 1574 3574 spectasti
1608 3523 1694 3561 me
1738 3517 1790 3560 tu
1821 3507 1987 3571 solus,
2014 3503 2173 3558 Pater
2199 3521 2212 3557 :

2320 3498 2674 3571 ὶηϐουλήθης]
2730 3499 2930 3569 μητρός
2981 3516 3112 3569 μου,
3159 3499 3414 3554 τεθέασαί
3464 3518 3529 3571 με
3587 3502 3650 3553 σὺ
3700 3501 3910 3571 μόνος,

650 3595 774 3663 quis
817 3607 959 3646 sum.

2319 3593 2519 3663 Πάτερο
2551 3592 2611 3644 τὸ
2639 3591 2720 3654 τίς
2751 3593 2886 3662 είμι.

715 3685 801 3736 20.
862 3680 944 3734 Ne
981 3679 1279 3733 discesseris
1319 3695 1350 3730 a
1386 3693 1500 3731 mc:
1541 3692 1641 3748 ego
1675 3679 1816 3733 cnim
1847 3682 1900 3735 in
1940 3693 2010 3746 te,
2035 3684 2215 3750 Pater,

2387 3684 2474 3737 20.
2508 3686 2628 3737 Οὐκ
2656 3681 2928 3748 ἀποστῇς
2958 3683 3032 3751 (5)
3066 3682 3164 3735 ἀπ’
3215 3681 3361 3751 ἐμοῦ
3385 3699 3397 3710 ·
3430 3681 3536 3749 ἐγὼ
3565 3683 3677 3753 γὰρ
3708 3685 3769 3736 ὲν
3802 3687 3912 3748 σοί,

653 3786 709 3829 et
739 3787 793 3829 tu
837 3775 891 3828 in
926 3789 1031 3828 me.
1071 3771 1341 3825 Passurus
1382 3785 1527 3835 sum,
1584 3772 1729 3839 quod
1781 3775 1922 3842 apud
1971 3775 2218 3834 homines

2320 3775 2523 3845 Πάτερ,
2556 3776 2651 3826 καὶ¹
2684 3776 2745 3826 σὺ
2778 3775 2833 3826 ὲν
2867 3775 3009 3844 ὲμοί.
3047 3774 3282 3843 Πάσχειν
3315 3774 3510 3844 μέλλω,
3542 3775 3568 3826 ὃ
3601 3777 3759 3847 παρὰ
3793 3781 3914 3842 τοῖς

651 3878 732 3924 cst
773 3864 1075 3928 tribulatio,
1123 3876 1231 3914 non
1279 3861 1420 3930 apud
1448 3877 1555 3915 me.

2320 3865 2623 3936 ἀνθρώποις
2653 3867 2767 3918 ἐστι
2795 3865 2989 3935 θλίψις,
3019 3866 3079 3918 οὐ
3109 3866 3216 3936 γὰρ
3249 3864 3427 3938 [παρ’]
3458 3867 3532 3937 (6)
3563 3869 3707 3938 ἐμοί,

727 3959 815 4012 21.
870 3957 987 4026 Ipse
1019 3956 1162 4009 enim
1195 3954 1295 4007 sibi
1329 3953 1428 4022 ipsi
1474 3955 1788 4020 auxiliatur,
1827 3968 2012 4027 utpote
2045 3962 2220 4015 omni-

2389 3957 2480 4009 21.
2515 3957 2684 4020 Αὐτὸς
2724 3957 2831 4028 γὰρ
2879 3957 3054 4027 ἑαυτῷ
3086 3958 3292 4027 βοηθῶν
3326 3959 3421 4028 (7),
3453 3960 3526 4023 ὠς
3567 3961 3910 4017 παντοδύνα-

654 4060 865 4120 puteus,
906 4059 958 4103 et
999 4063 1178 4102 rerum
1226 4047 1471 4100 omnium
1521 4048 1797 4104 dominus.

1342 4047 1471 4100 tium
1521 4048 1797 4104 dominus.
2324 4066 2421 4119 μος
2461 4050 2553 4101 καὶ
2576 4047 2945 4120 ἐξουσιαστής.

723 4141 909 4196 22-25.
961 4141 1033 4195 Dc
1058 4139 1258 4193 Juilzcis
1294 4139 1554 4207 loquitur,
1596 4143 1814 4209 quando
1845 4143 2219 4200 circumdede-

2389 4138 2573 4193 22-25.
2607 4140 2739 4208 Περὶ
2779 4141 2887 4193 τῶν
2929 4141 3194 4194 Ἰουδαίων
3243 4141 3424 4210 λέγει,
3458 4143 3543 4194 ὅτε
3580 4145 3908 4200 ὲκύκλωσαι

656 4246 785 4288 runt
816 4242 1031 4297 eum,et
1054 4232 1395 4286 clamabant:
1421 4231 1583 4294 Tolle,
1606 4233 1748 4294 tolle,
1768 4235 2012 4303 cruciﬁge
2028 4235 2217 4287 eum”.

2324 4229 2507 4292 αὑτὸν,
2528 4231 2621 4281 καὶ
2647 4229 2898 4300 ἔκραζον·
2917 4226 2978 4284 τΑ
2980 4249 3113 4298 ρον,
3135 4227 3301 4300 ἆρον,
3318 4235 3677 4301 σταύρωσον
3690 4239 3909 4290 αὐτόν.

723 4325 814 4386 ‘26,
855 4325 941 4382 27.
992 4325 1128 4378 Ossa
1159 4337 1255 4376 sua
1287 4320 1598 4375 Judzcoz-um
1635 4323 1892 4390 populum
1924 4326 2075 4380 dicit.

2391 4321 2480 4386 26,
2511 4321 2601 4375 27.
2636 4323 2796 4374 Ὀστᾶ
2822 4322 3012 4374 ἑαυτοῦ
3033 4323 3119 4375 τὸν
3142 4323 3266 4376 λαὸν
3292 4323 3399 4376 τῶν
3433 4325 3701 4379 Ἰουδαίων
3731 4326 3909 4397 λέγει.

723 4417 813 4471 28.
869 4415 975 4469 Cor
1007 4431 1165 4468 suum
1205 4429 1392 4467 rursus
1436 4415 1695 4484 pupulum
1723 4414 2031 4470 Juilmorum
2066 4418 2218 4481 dicit,

2390 4409 2480 4461 28.
2510 4409 2750 4479 Καρδίαν
2781 4409 2968 4462 ἑαυτοῦ
2996 4412 3085 4463 τὸν
3124 4412 3251 4464 λαὸν
3294 4414 3451 4466 πάλιν
3483 4413 3590 4467 τῶν
3630 4416 3910 4471 Ἰουδαίων

655 4509 781 4576 quia
812 4508 929 4577 ejus
962 4507 1178 4576 eloquia
1205 4507 1257 4559 in
1295 4506 1552 4561 cordibus
1582 4523 1771 4562 eorum
1801 4519 1972 4562 erant.

2323 4501 2490 4567 λέγει,
2514 4501 2603 4553 διὰ
2627 4502 2692 4554 τὰ
2708 4502 2862 4569 λόγια
2889 4503 3054 4556 αὑτοῦ
3073 4506 3129 4556 ὲν
3145 4507 3263 4568 ταῖς
3282 4506 3522 4577 καρδίαις
3541 4507 3723 4560 αὐτῶν
3741 4505 3908 4564 εἶναι.

724 4602 813 4654 29.
857 4599 1074 4654 Iudaeos
1115 4599 1403 4669 signiﬁcat.

2393 4593 2480 4647 29.
2511 4595 2647 4656 Τοὺς
2685 4594 2968 4658 Ἰουδαίους
2999 4597 3070 4666 (8)
3099 4596 3264 4664 λέγει.

725 4694 814 4746 30.
868 4692 1072 4745 Deiecit
1117 4692 1262 4744 enim
1301 4706 1363 4743 ex
1398 4704 1492 4742 ore
1541 4689 1784 4758 ipsorum
1837 4689 1958 4744 fons
1999 4692 2139 4756 vitm,
2169 4700 2222 4745 et

2395 4687 2484 4740 50.
2525 4686 2764 4752 Ἐξέλιπε
2797 4685 2903 4759 γὰρ
2949 4691 3012 4741 ὲκ
3054 4689 3144 4742 τοῦ
3180 4691 3444 4760 στόματος
3477 4691 3658 4743 αὐτῶν
3694 4695 3728 4763 ή
3757 4697 3914 4766 πηγὴ

661 4795 940 4853 propterea
971 4782 1195 4836 adhaesit
1227 4781 1280 4834 in
1324 4780 1469 4834 sitim
1518 4781 1749 4849 populus
1783 4779 2114 4836 Iudaeorum.
2256 4772 2264 4826 Ῑ

2327 4780 2425 4848 τῆς
2458 4778 2604 4847 ζωῆς
2624 4820 2636 4841 ,
2672 4781 2766 4831 καὶ
2801 4779 2886 4832 διὰ
2922 4779 3080 4832 τοῦτο
3111 4780 3372 4850 ἐκολλήθη
3407 4783 3485 4851 είς
3527 4781 3689 4850 δίψαν
3722 4788 3749 4838 ὁ
3782 4786 3914 4851 λαὸς

2327 4871 2435 4923 τῶν
2478 4871 2763 4925 Ἰουδαίων.

727 4962 816 5014 31.
869 4960 947 5014 Ad
978 4959 1193 5013 Judaeos
1223 4972 1309 5012 me
1341 4956 1560 5012 misisti.

2399 4964 2486 5016 51.
2520 4963 2662 5034 Πρὸς
2695 4965 2818 5026 τοὺς
2865 4964 3148 5026 Ἰουδαίους
3174 4981 3238 5034 με
3273 4963 3614 5029 ἀπέστειλας.

725 5053 812 5115 52,
854 5052 941 5105 55.
995 5050 1164 5104 Judzci
1192 5049 1342 5105 enim
1378 5049 1850 5106 circumdederunt
1874 5065 1976 5103 me.

1975 5092 1976 5099 η
2401 5055 2489 5118 52,
2519 5056 2605 5109 55.
2638 5057 2700 5107 Oi
2733 5053 2838 5124 γὰρ
2879 5055 3114 5108 Ἰουδαῖοι
3144 5055 3458 5111 ἐκύκλωσάν
3489 5073 3578 5125 με.

729 5209 774 5239 ⁸³
798 5205 951 5262 Joan.
981 5221 1094 5269 XIX,
1133 5209 1216 5263 15.

1604 5365 1907 5427 Addenda
1943 5373 2002 5427 et
2049 5364 2420 5444 corrigenda
2459 5381 2534 5426 ex
2561 5363 2702 5426 cod.
2745 5361 2942 5424 Vatic.

728 5548 804 5622 (1)
836 5548 1014 5622 N.1'7,
1046 5551 1099 5606 in
1137 5553 1254 5607 cod.
1283 5571 1336 5607 η.
1370 5553 1568 5619 17,18.

1383 5553 1455 5619 17,
1483 5553 1568 5608 18.
2401 5557 2475 5619 (5)
2501 5556 2612 5607 Οὐκ
2647 5554 2711 5606 ἂν
2736 5553 2986 5622 ἀπέστης.

846 5621 1092 5693 Μ-ητέρα.
2400 5629 2472 5688 (ii)
2502 5626 2611 5693 Γὰρ
2641 5626 2696 5674 ὲν
2721 5625 2845 5693 ἐμῇ.

845 5687 969 5744 0‘59-
1006 5687 1015 5690 ‘
2401 5687 2474 5761 (7)
2504 5687 2710 5761 Βοὴθῶ.

733 5760 808 5824 (-1)
845 5761 1036 5816 Ἐστίν.
1071 5763 1142 5815 Τὸ
1165 5763 1218 5818 δέ
1240 5780 1252 5793 ⁸
1299 5765 1418 5818 Ἐπὶ
1451 5767 1506 5819 σὲ
1537 5766 1813 5836 ἐπιρίψτμ,
1846 5778 1946 5824 clc.
2405 5755 2478 5830 (8)
2512 5755 2646 5826 Τοῦς
2679 5763 2873 5825 αὐτοὺς
2917 5760 3066 5815 Ἰουδ.
