4060 6488
238 439 346 498 725

309 560 399 616 54.
435 560 665 631 Ὠρυξαν
699 559 881 629 χεῖράς
919 575 1014 628 μου
1051 560 1141 610 καὶ
1172 559 1334 621 πόδας
1370 575 1491 629 μου·

313 651 400 706 55.
453 650 849 721 Ἐξηρίθμησαν
883 651 1056 703 πάντα
1088 651 1155 702 τὰ
1180 652 1309 703 ὀστᾶ
1336 667 1455 720 μου.

317 743 406 795 56.
431 742 592 794 Αὐτοὶ
621 743 676 794 δὲ
706 742 1054 811 κατενόησαν,
1081 744 1174 795 καὶ
1196 743 1402 794 ἐπεῖδον
1427 761 1514 813 με.

320 918 407 971 57.
440 919 820 989 Διεμερίσαντο
841 920 908 972 τὰ
947 921 1130 990 ἱμάτιά
1162 937 1261 990 μου
1299 923 1538 985 ἑαυτοῖς·

319 1008 406 1062 58.
444 1011 551 1061 Καὶ
584 1012 673 1062 ἐπὶ
700 1011 789 1062 τὸν
824 1012 1111 1081 ἱματισμόν
1145 1029 1244 1082 μου
1273 1011 1460 1065 ἔϐαλον
1493 1013 1708 1085 κλῆρον.

321 1099 409 1154 59.
440 1102 511 1154 Συ
545 1101 621 1165 δὲ,
651 1102 842 1173 Κύριε,
875 1104 947 1174 μὴ
995 1103 1272 1175 μακρύνῃς
1306 1105 1402 1177 τὴν
1439 1105 1687 1176 βοήθειάν
1723 1122 1814 1158 σου

247 1189 347 1243 ἀπ’
375 1191 529 1259 ἐμοῦ.

324 1281 411 1334 40.
440 1284 533 1344 Εἰς
561 1283 659 1353 τὴν
693 1285 970 1356 ἁντίληψίν
1011 1304 1108 1356 μου
1145 1288 1396 1358 πρόσχες.

325 1372 412 1428 41.
459 1374 642 1427 Ῥὗσαι
669 1377 772 1428 ἀπὸ
795 1377 1060 1446 ῥομφαίας
1088 1377 1182 1448 τὴν
1209 1379 1380 1448 ψυχήν
1419 1396 1539 1448 μου,

326 1463 414 1516 42.
443 1466 552 1516 Καὶ
573 1468 635 1518 ἐκ
667 1468 844 1538 χειρὸς
877 1469 1033 1531 κυνὸς
1065 1470 1159 1538 τὴν
1191 1470 1447 1540 μονογενῆ
1482 1487 1602 1539 μου.

327 1556 413 1609 45.
449 1556 626 1608 Σῶσόν
655 1575 720 1626 με
752 1559 816 1611 ὲκ
846 1559 1105 1629 στόματος
1137 1560 1364 1622 λέοντος,

327 1645 415 1699 44.
455 1648 561 1698 Καὶ
597 1649 701 1700 ἀπὸ
735 1651 977 1720 κεράτων
1006 1649 1388 1720 μονοκερώτων
1420 1651 1518 1720 τὴν
1559 1667 1820 1703 ταπεινω-

257 1739 344 1786 σίν
378 1753 495 1804 μου.

333 1825 419 1880 43.
445 1831 782 1902 Διηγήσομαι
811 1834 870 1886 τὸ
899 1827 1066 1903 ὄνομα
1099 1851 1188 1886 σου
1218 1836 1329 1896 τοῖς
1359 1833 1602 1904 ἀδελφοῖς
1630 1848 1750 1904 μου·

334 1917 421 1970 46.
465 1921 549 1973 Ἐν
584 1923 729 1994 μέσῳ
758 1926 1048 1994 ἐκκλησίας
1075 1927 1300 1997 ὑμνήσω
1332 1945 1412 1982 σε.

334 2008 421 2064 47.
458 2013 521 2065 Οἱ
554 2015 868 2081 φοϐούμενοι
892 2017 980 2070 τὸν
1010 2017 1230 2090 Κύριον,
1257 2018 1502 2071 αίνέσατε
1536 2017 1713 2070 αὐτόν.

1141 442 1230 497 DE
1269 441 1546 498 TlTULlS
1587 441 2038 500 PSALMORUM.
2082 473 2151 484 --
2185 444 2376 498 PSAL.
2415 445 2554 502 XXI.

3360 447 3462 500 726

1833 565 1881 621 Α
1976 561 2062 614 54.
2115 560 2388 618 Foderunt
2419 578 2611 617 manus
2636 577 2803 626 meas,
2841 571 2893 615 et
2920 561 3083 630 pedes
3109 578 3256 616 meos
3289 581 3302 615 :

1979 651 2066 705 55.
2118 651 2608 708 Dinumeraverunt
2639 653 2821 705 omnia
2851 667 2973 705 ossa
3010 665 3150 704 mea.

1975 741 2061 795 56.
2119 741 2225 813 lpsi
2275 759 2402 798 vero
2445 745 2946 807 consiileraverunt,
3003 753 3057 795 et
3119 740 3470 800 inspexerunt

1909 846 2016 886 me.

1977 921 2066 974 57.
2121 918 2430 973 Diviserunt
2471 919 2574 974 sibi
2602 923 2925 975 vestimenta
2957 936 3073 974 mea
3103 939 3115 972 :

1974 1011 2065 1065 58.
2119 1010 2181 1064 Ει
2209 1026 2369 1079 super
2397 1021 2602 1065 vestem
2628 1028 2801 1066 meam
2825 1013 3090 1067 miserunt
3117 1020 3336 1065 sortem.

1987 1103 2074 1156 59.
2130 1100 2206 1154 Τυ
2237 1109 2439 1167 autem,
2474 1102 2719 1168 Domine,
2754 1119 2819 1158 ne
2843 1101 3183 1174 elongaveris
3210 1097 3474 1154 auxilium

1914 1207 2066 1251 tuum
2094 1211 2122 1249 a
2154 1210 2238 1248 me
2275 1214 2286 1248 :

1981 1291 2069 1343 40.
2126 1288 2205 1342 Ad
2243 1285 2612 1340 defensionem
2649 1301 2824 1340 meam
2862 1286 3156 1354 eonspice.

1989 1381 2076 1433 41.
2122 1379 2266 1433 Erue
2288 1394 2316 1432 a
2349 1377 2572 1440 framea,
2603 1377 2764 1442 Deus,
2789 1377 3026 1431 animam
3061 1391 3260 1439 meam,

1991 1470 2077 1523 42.
2134 1468 2199 1522 Ει
2222 1470 2287 1524 de
2316 1484 2478 1522 manu
2497 1469 2647 1522 cauis
2673 1467 2891 1521 unicam
2911 1469 3107 1520 meam.

1989 1560 2078 1613 45.
2133 1558 2290 1612 Salva
2319 1574 2404 1612 me
2433 1574 2496 1611 ex
2529 1573 2622 1612 ore
2646 1557 2844 1620 leonis,

1994 1651 2083 1707 44.
2134 1651 2198 1704 Et
2265 1666 2293 1704 a
2364 1651 2623 1704 cornibus
2701 1649 3045 1704 uuicornium
3121 1646 3479 1702 humilitatem

1923 1759 2120 1798 meam.

1997 1836 2084 1890 45.
2139 1832 2383 1887 Narrabo
2415 1847 2611 1886 nomen
2635 1839 2787 1885 tuum
2814 1830 3071 1884 fratribus
3101 1829 3275 1884 meis:

1849 1917 1891 1972 Β
1990 1929 2078 1982 46.
2130 1929 2189 1980 In
2233 1926 2412 1980 medio
2443 1925 2684 1979 ecclesiae
2715 1924 2947 1978 laudabo
2983 1933 3050 1978 te.

1995 2017 2083 2070 47.
2136 2016 2239 2081 Qui
2270 2017 2474 2072 timetis
2510 2014 2823 2080 Dominum,
2867 2012 3079 2067 laudate
3110 2027 3254 2066 eum.

1374 2235 1748 2291 ATHANASII
1787 2234 2371 2291 INTERPRETATIO.

336 2427 424 2482 54.
453 2429 588 2491 Τοὺς
620 2429 779 2498 ἥλους
818 2429 940 2493 τοὺς
967 2430 1071 2484 ὑπὸ
1103 2429 1178 2501 (1)
1217 2430 1323 2484 τῶν
1381 2430 1556 2484 ποδῶν
1598 2432 1690 2484 καὶ
1723 2432 1829 2485 τῶν

261 2519 464 2590 χειρῶν
491 2520 652 2573 αὑτοῦ
687 2522 851 2588 λέγει.

339 2610 429 2664 55.
460 2610 550 2680 Τῷ
575 2611 712 2664 κατὰ
740 2613 954 2665 πάντων
985 2613 1092 2665 τῶν
1144 2612 1318 2684 μελῶν
1364 2616 1727 2683 προσαγαγεῖν
1755 2614 1829 2686 (2)

262 2701 466 2763 αὐτοὺς
506 2704 771 2774 τιμωρίας
804 2705 952 2775 αὐτῷ
975 2722 988 2735 ·
1025 2705 1446 2775 ὲφραγγέλωσαν
1494 2705 1601 2775 γὰρ
1647 2706 1828 2769 αὑτὸν,

262 2794 366 2846 καὶ
418 2794 756 2865 ὲρράπισαν,
801 2797 894 2850 καὶ
944 2797 1309 2867 ἐκολάφισαν,
1368 2797 1459 2848 καὶ
1509 2793 1606 2849 εἷθ’
1659 2797 1829 2860 οὓτως

264 2886 640 2956 ἐσταύρωσαν.

342 2979 428 3033 56.
463 2981 587 3032 Ὅτε
622 2981 712 3032 ἐπὶ
755 2979 845 3033 τοῦ
897 2979 1127 3050 σταυροῦ
1153 2979 1385 3050 ὁρῶντες
1421 2980 1579 3033 αὐτὸν
1612 2979 1827 3048 ἔλεγονο

268 3067 430 3121 Οὺάί
459 3067 532 3136 (5)
578 3069 806 3135 ἄλλους
845 3070 1112 3134 ἔσωσεν,
1171 3069 1388 3122 ἑαυτὸν
1441 3073 1511 3123 οὺ
1582 3069 1830 3124 δύναται

265 3156 485 3211 σῶσαι.

343 3244 430 3308 57,
463 3244 547 3298 58.
581 3247 640 3298 Ol
675 3248 1078 3320 σταυρώσαντες
1109 3250 1269 3303 αὐτὸν
1298 3251 1640 3320 στρατιῶται.

346 3334 436 3400 59,
467 3336 553 3391 40.
588 3339 807 3407 Πρῶτον
833 3341 928 3410 μὲν
950 3343 976 3393 ὁ
1006 3342 1286 3411 προφήτης
1316 3341 1459 3407 λέγει
1490 3342 1623 3412 πρὸς
1637 3341 1794 3393 αὑτὸν
1816 3380 1830 3402 ,

1998 2429 2087 2483 54.
2138 2427 2328 2482 Claves
2360 2429 2413 2481 in
2448 2428 2695 2498 pedibus,
2741 2436 2796 2484 et
2843 2427 3094 2483 manibus
3137 2426 3256 2496 ejus
3286 2425 3489 2496 signiti-

1927 2531 1987 2570 C8
1997 2526 2034 2570 ι.

2006 2606 2093 2659 55.
2137 2605 2240 2659 Per
2292 2608 2474 2662 omnia
2537 2609 2707 2678 ipsius
2774 2611 3015 2665 membra
3064 2609 3395 2666 admovendo
3441 2608 3489 2663 ei

1927 2695 2223 2749 cruciatus.
2289 2695 2665 2766 lpsum‘enim
2730 2699 3166 2769 flagellaveruut,
3225 2713 3276 2755 et
3323 2701 3494 2769 alapis

1931 2798 2338 2856 percusserunt,
2381 2799 2435 2844 et
2458 2792 2891 2858 colaphizaruut,
2957 2801 3119 2862 atque
3171 2795 3244 2848 ita
3300 2793 3494 2847 deinde

1931 2877 2322 2933 crucifixerunt

2003 2970 2091 3026 56.
2133 2970 2362 3035 Quando
2417 2989 2471 3026 in
2523 2989 2686 3029 cruce
2734 2991 2856 3030 eum
2897 2978 3140 3032 videntes
3191 2978 3490 3032 dixerunt:

1942 3059 2056 3112 Vah
2081 3060 2099 3112 !
2129 3061 2259 3116 alios
2295 3063 2466 3118 salvos
2508 3066 2654 3133 fecit,
2688 3067 2913 3136 seipsum
2953 3085 3050 3122 non
3083 3078 3247 3136 potest
3293 3068 3496 3122 salvum

1933 3151 2102 3219 facere
2136 3152 2201 3204 “.

2005 3243 2095 3305 57,
2129 3243 2217 3295 58.
2255 3241 2472 3307 Milites,
2506 3244 2599 3312 qui
2625 3259 2747 3297 eum
2774 3246 3186 3299 erueilixerunt.

2009 3334 2097 3398 59,
2130 3333 2218 3387 40.
2250 3331 2493 3388 Primum
2523 3335 2740 3403 quidem
2770 3337 3029 3405 propheta
3067 3336 3133 3390 ad
3158 3351 3281 3390 eum
3321 3337 3452 3392 dicit
3481 3356 3494 3390 :

267 3428 354 3479 ὅτι
415 3428 525 3492 Σὺ,
598 3431 801 3496 Κύριε,
843 3429 1012 3482 ταῦτα
1055 3431 1127 3500 (4)
1179 3431 1464 3500 ὑπομένων
1508 3431 1597 3500 ὑφ’
1643 3430 1830 3502 [ὑπὲρ]

1939 3431 2037 3497 Tu,
2071 3432 2312 3498 Domine,
2343 3433 2456 3488 hate
2480 3435 2688 3504 patiens
2712 3451 2808 3504 pro
2831 3437 3009 3498 nobis,
3042 3437 3260 3490 imitans
3285 3451 3406 3501 nos,
3437 3453 3500 3489 ne

267 3518 451 3588 ἡμῶν,
491 3520 816 3590 μιμούμενος
857 3524 998 3592 ἡμᾶς
1017 3563 1030 3584 ,
1063 3522 1190 3594 [μὴ]
1213 3524 1524 3592 μακρύνῃς
1551 3523 1665 3593 τὴν
1686 3525 1835 3592 ,βοή-

268 3611 442 3667 θειάν
469 3625 582 3663 σου
614 3612 712 3664 ἀπ’
745 3613 910 3680 ἐμοῦ,
940 3614 1033 3666 τοῦ
1072 3615 1199 3667 λαοῦ
1233 3615 1342 3668 τῶν
1382 3617 1666 3681 Ἰουδαίων,
1698 3617 1833 3669 ἀλλ’

267 3702 361 3764 εἰς
395 3701 723 3769 ἀντίληψιν
769 3704 937 3771 ἡμῶν
972 3705 1376 3774 εὐδοκίμησον
1422 3708 1517 3776 (5).
1576 3710 1729 3760 Ἔστι
1779 3709 1834 3762 δὲ

267 3793 370 3845 καὶ
412 3794 473 3845 ὲκ
513 3795 800 3865 προσώπου
825 3797 987 3849 αὑτοῦ
1016 3797 1108 3850 τοῦ
1141 3798 1344 3869 Κυρίου
1368 3798 1616 3865 λέγεσθαι
1641 3799 1831 3863 ταῦτα,

269 3884 622 3939 ὑποτύπωσιν
666 3890 796 3955 ἡμῖν
834 3887 1007 3949 διδοὺς
1045 3888 1104 3941 τὸ
1133 3890 1391 3952 τοιούτοις
1424 3889 1599 3958 λόγοις
1635 3890 1834 3961 κεχρῆ-

271 3976 402 4029 σθαι
433 3978 488 4028 ὲν
522 3977 695 4047 καιρῷ
729 3979 1066 4049 μαρτυρίου.““

347 4069 436 4131 41,
465 4069 552 4121 45.
579 4070 748 4131 Αὐτὸς
775 4071 1131 4141 προσεύχεται
1158 4070 1270 4135 νῦν,
1297 4071 1427 4134 Θεὸς
1452 4073 1544 4137 ὢν,
1577 4072 1834 4143 ῥυσοῆναι

266 4161 384 4216 ἀπὸ
426 4160 517 4212 τοῦ
568 4161 832 4225 διαϐόλου,
878 4164 962 4215 ἵνα
996 4166 1081 4227 σὺ,
1122 4164 1404 4234 ἄνθρωπος
1448 4163 1543 4229 ὢν,
1583 4167 1657 4237 μὴ
1703 4167 1835 4236 ἁμε-

265 4253 443 4324 λήσῃς
477 4252 574 4321 (6)-

350 4347 437 4399 44.
469 4348 541 4399 Τὸ
584 4347 750 4417 κέρας
796 4346 888 4398 τοῦ
929 4349 1294 4418 μονοκέρωτος
1335 4348 1532 4418 ὑψηλόν
1575 4350 1711 4410 ἐστι,
1746 4349 1837 4402 καὶ

268 4439 646 4508 ἀναιρετικὸν·
691 4440 817 4508 περὶ
859 4434 950 4491 οὖν
994 4439 1090 4508 τῆς
1144 4441 1369 4510 καρδίας
1421 4441 1527 4492 τῶν
1573 4440 1836 4494 Ἰουδαίων

265 4533 373 4602 τῆς
407 4530 580 4593 δολίας
613 4530 704 4583 καὶ
740 4530 945 4600 ὑψηλῆς
972 4529 1138 4598 λέγει.

351 4623 438 4676 45.
483 4624 555 4692 (7)
597 4621 679 4686 Τῷ
716 4622 864 4687 λαῷ,
891 4623 1070 4689 λέγει,
1121 4623 1479 4691 διηγήσομαι
1530 4623 1596 4677 τὸ
1653 4625 1839 4694 ὄνομά

267 4727 430 4765 σου·
480 4710 553 4771 ὡς
591 4709 806 4780 εἴρηκεν
843 4713 899 4762 ἐν
950 4711 1295 4783 Εὐαγγελίῳ·
1342 4713 1723 4781 Ἑφανέρωσα
1769 4715 1835 4769 τὸ

265 4799 464 4870 ὄνομ-ἁ
491 4815 605 4854 σου
638 4801 760 4866 τοῖς
791 4801 1137 4869 ἀνθρώποις.

346 4894 436 4946 46.
467 4894 540 4961 (8)
574 4895 708 4965 Περὶ
738 4894 844 4947 τῶν
875 4892 1044 4961 ἁγίων
1072 4894 1235 4961 λέγει.

347 4984 436 5038 47.
471 4985 542 5054 (9)
579 4984 715 5046 Τοὺς
741 4983 962 5046 πιστοὺς
993 4983 1158 5051 λέγει.

351 5165 401 5196 ⁵⁸
419 5163 606 5219 Matth.
642 5180 811 5227 xxvu,
838 5163 928 5218 42.
1003 5162 1049 5194 ⁸⁵
1083 5161 1238 5216 Joan.
1274 5175 1407 5226 xvu,
1438 5159 1487 5212 6.

1934 3523 2254 3592 elongaveris
2300 3526 2562 3578 auxilium
2606 3541 2752 3578 tuum
2804 3544 2833 3578 a
2892 3543 2988 3592 mc,
3029 3528 3132 3580 hoc
3171 3539 3253 3581 est
3300 3529 3499 3596 populo

1934 3611 2179 3676 Iudaico,
2209 3615 2298 3666 sed
2345 3616 2664 3682 complaccal
2707 3617 2802 3670 tibi
2848 3619 2902 3671 in
2953 3620 3218 3672 auxilium
3262 3628 3500 3674 nostrum

1935 3706 2125 3757 venire.
2161 3703 2400 3759 Possunt
2434 3707 2597 3760 etiam
2646 3709 2760 3762 lure
2802 3709 2908 3763 dici
2952 3726 3017 3762 ex
3048 3725 3282 3778 persona
3330 3710 3501 3779 ipsius

1937 3794 2176 3861 Domini,
2215 3798 2308 3865 qui
2338 3800 2645 3867 exemplum
2674 3801 2828 3854 nobis
2861 3802 3092 3870 [imbuit
3117 3801 3202 3855 his
3236 3800 3502 3855 sermoni—

1936 3886 2040 3941 bus
2068 3890 2253 3942 utendi
2291 3901 2529 3958 tempore
2554 3892 2822 3959 martyrii.

2003 4064 2189 4120 4ιο45.
2249 4065 2365 4135 Ipse
2397 4083 2543 4122 nunc
2587 4077 2731 4134 erat,
2765 4084 2889 4122 cum
2925 4068 3067 4123 Deus
3125 4069 3217 4132 sit,
3264 4076 3323 4120 ut
3361 4067 3500 4121 libe-

1937 4165 2088 4211 retur
2120 4172 2151 4211 a
2175 4157 2392 4213 diabolo
2426 4179 2439 4212 :
2483 4176 2550 4214 ne
2585 4171 2640 4214 tu
2677 4176 2799 4216 cum
2830 4162 2906 4215 sis
2935 4162 3118 4226 homo,
3169 4160 3501 4230 negligenter

1937 4263 2086 4318 agas.

2004 4339 2092 4393 44.
2147 4340 2330 4393 Cornu
2362 4342 2640 4395 unicornis
2683 4342 2950 4396 cleratum
3001 4354 3102 4408 est,
3153 4355 3206 4398 et
3257 4343 3502 4398 mortife-

1936 4449 2056 4487 rum
2094 4452 2104 4485 :
2142 4432 2207 4487 de
2236 4435 2397 4488 corde
2421 4434 2584 4504 igitur
2616 4435 2922 4490 Judreorum
2951 4437 3141 4492 doloso
3179 4449 3232 4492 et
3268 4438 3503 4506 superbo

1937 4525 2194 4594 loquitur.

2008 4616 2096 4669 45.
2146 4613 2372 4682 Populo,
2402 4612 2599 4682 inquit,
2630 4613 2858 4665 narrabo
2883 4631 3070 4668 nomen
3100 4624 3283 4680 tuum;
3311 4631 3501 4686 quem-

1940 4705 2231 4760 admodum
2263 4703 2401 4756 dixit
2436 4704 2489 4754 in
2537 4701 2828 4772 Evangelio
2864 4722 2876 4757 :
2922 4704 3261 4775 Manifestavi
3316 4723 3502 4762 nomen

1945 4809 2091 4851 tuum
2121 4795 2413 4848 hominibus
2443 4793 2506 4843 ⁸⁵.

2009 4888 2099 4942 46.
2157 4886 2231 4940 De
2266 4888 2468 4941 sanctis
2512 4888 2772 4956 loquitur.

2012 4978 2102 5032 47.
2151 4977 2359 5033 Fideles
2386 4978 2673 5048 signiﬁcat.

1233 5365 1537 5430 Addenda
1568 5372 1625 5430 et
1656 5365 2024 5445 corrigenda
2058 5384 2132 5428 ex
2174 5381 2311 5427 eoo.
2345 5367 2544 5427 Vatic.

348 5558 425 5626 (I)
471 5559 609 5609 Ἐπι.

349 5629 428 5699 (ἓ)
460 5628 631 5679 Αὐτοῦ
667 5630 958 5699 προσάγειν
982 5631 1100 5682 αύτ.

349 5699 428 5764 (5)
463 5699 612 5766 Οὐχί.

345 5767 423 5840 (4)
465 5768 526 5840 L0.
544 5765 736 5840 ὲαῦτα·

351 5836 431 5908 (5)
465 5836 784 5891 Εὺδόκπσον.

2014 5554 2086 5619 (6)
2125 5553 2386 5623 Ἀμελεῖς.

2011 5624 2087 5691 (7)
2122 5622 2330 5676 ιιὶωά.
2360 5640 2412 5676 n.
2448 5624 2533 5685 45,
2570 5625 2657 5680 46.

2012 5694 2087 5759 (8)
2125 5692 2179 5746 In
2211 5693 2328 5747 cod.
2362 5709 2414 5746 n.
2442 5693 2527 5747 47.

2011 5761 2086 5832 (9)
2112 5763 2166 5817 In
2199 5762 2316 5818 col.
2350 5779 2404 5817 η.
2436 5762 2518 5818 £8.
