4060 6454
643 375 737 429 7ξῖ

710 487 800 540 48.
831 485 1155 540 Universum
1197 499 1382 540 semen
1416 483 1606 548 Jacoh,
1642 485 1943 555 glorificate
1973 503 2120 544 eum.

707 577 795 634 49.
831 576 1040 630 Timeat
1071 591 1196 631 eum
1232 591 1393 630 omne
1418 590 1604 631 semen
1637 576 1802 633 Israel
1833 595 1846 630 :

705 670 794 725 50.
831 668 1092 735 Quoniam
1121 683 1229 722 non
1262 669 1485 738 sprevit,
1516 684 1693 739 neque
1717 669 1958 724 oﬁ‘ensus
1985 680 2068 725 est
2098 669 2195 724 dc-

638 762 943 833 precatione
970 761 1244 830 pauperis,

708 853 794 908 51.
826 852 934 907 Nec
956 853 1147 906 avertit
1172 851 1361 905 faciem
1394 866 1548 905 suam
1577 866 1607 904 a
1634 867 1720 906 me
1744 868 1757 903 :

704 947 794 1002 52.
831 945 895 1000 Et
923 961 1046 1001 cum
1073 946 1363 999 clamarem
1396 945 1463 999 ad
1489 959 1634 1013 eum,
1662 943 1940 1000 exaudivit
1965 958 2075 998 me.

705 1122 797 1178 53.
829 1122 983 1193 Apud
1017 1133 1066 1177 te
1094 1123 1210 1179 laus
1239 1139 1360 1177 mea
1388 1142 1402 1176 :

704 1214 792 1270 54.
826 1213 883 1268 ln
915 1216 1145 1271 ecclesia
1183 1230 1378 1283 magna
1413 1213 1714 1269 conﬁtebor
1746 1212 1840 1267 tibi
1869 1231 1884 1267 :

699 1307 786 1362 55.
823 1306 959 1362 Vota
1010 1323 1127 1361 mea
1173 1307 1399 1361 reddam
1444 1307 1497 1360 in
1545 1315 1841 1376 conspectu
1883 1306 2190 1362 timentium

635 1396 712 1470 [in
738 1407 1029 1468 conspectu
1057 1398 1273 1452 Domini
1299 1399 1542 1452 omnium
1568 1396 1899 1469 timentium]
1925 1413 2070 1452 eum.

699 1489 787 1544 56.
821 1489 991 1544 Edent
1018 1505 1303 1560 pauperes,
1333 1499 1386 1544 et
1415 1489 1844 1544 saturabuntur:

700 1580 788 1634 57.
827 1579 892 1634 Et
921 1580 1218 1633 laudabunt
1247 1578 1558 1644 Dominum,
1589 1577 1682 1647 qui
1714 1577 2001 1647 requirunt
2023 1591 2146 1631 eum
2172 1595 2185 1632 :

694 1672 782 1726 58.
819 1671 1014 1726 Vivent
1041 1671 1202 1726 corda
1237 1686 1428 1726 eorum
1453 1670 1506 1723 in
1536 1668 1793 1723 saeculum
1823 1668 2027 1724 saeculi.

700 1765 787 1820 59.
825 1763 1280 1830 Rcminiscentur,
1310 1772 1364 1819 et
1388 1773 1771 1820 convertentur
1796 1763 1861 1818 ad
1897 1761 2186 1818 Dominum

627 1858 866 1912 universi
893 1856 1025 1911 lines
1050 1865 1208 1910 terrae
1237 1872 1250 1907 :

693 1948 781 2001 00.
818 1946 883 2002 Et
929 1947 1232 2001 adorabunt
1261 1947 1314 2000 in
1339 1953 1632 2015 conspectu
1658 1943 1776 2014 ejus
1804 1943 2072 1997 universa:
2101 1938 2181 1993 fa-

627 2042 793 2096 miliae.-
819 2043 1080 2111 gentium.

698 2133 785 2187 61.
817 2133 888 2204 (α)
920 2133 1182 2198 Quoniam
1211 2131 1423 2187 Domini
1453 2139 1535 2186 est
1567 2145 1819 2200 regnum,

693 2225 784 2280 62.
812 2224 875 2279 Et
907 2225 1023 2294 ipse
1046 2224 1359 2280 dominatur
1391 2222 1656 2295 gentium.

697 2317 785 2372 65.
817 2315 1278 2371 Manducaverunt
1300 2356 1315 2381 ,
1362 2327 1416 2371 et
1446 2318 1811 2371 adoraverunt
1838 2323 2028 2366 omnes
2062 2308 2184 2377 pin-

623 2422 755 2480 gues
786 2417 942 2463 terra:
968 2427 982 2462 ε

691 2522 767 2595 (α)
807 2521 956 2577 Vers.
983 2521 1072 2584 61,
1106 2519 1173 2574 02
1200 2529 1393 2575 uesunt
1419 2535 1474 2573 in
1499 2519 1618 2575 cod.
1648 2516 1929 2572 Barberin.

1481 369 1537 425 S.
1580 370 1954 427 ATHANASII
1994 373 2141 430 OPP.
2185 375 2366 431 PARS
2405 377 2493 432 lll.
2524 407 2590 417 —-
2633 377 3036 433 EXEGETICA.

3760 384 3866 440 738

2230 505 2274 558 Α
2373 490 2463 546 48.
2505 491 2682 544 Ἀπαν
2709 493 2769 544 τὸ
2805 492 3025 563 σπέρμα
3063 491 3277 558 Ἰακὼϐ,
3303 492 3557 558 δοξάσατε
3590 495 3777 552 αὐτόν.

2369 580 2458 637 49.
2473 580 2766 652 Φοδηθήτω
2785 582 2848 650 δὴ
2867 580 3132 634 ἀπἀύτοῦ
3153 581 3295 635 ἆπαν
3311 582 3370 635 τὸ
3386 582 3605 654 σπέρμα
3619 586 3865 658 Ἰσραήλ·

2370 673 2456 727 50.
2502 671 2624 727 Ὀτι
2659 673 2760 726 οὐκ
2805 673 3192 741 ὲξουδένωσεν,
3237 674 3358 729 οὐδὲ
3398 675 3754 749 προσώχθησε
3796 679 3865 750 τῇ

2294 762 2474 833 δεήσει
2507 762 2600 815 τοῦ
2629 763 2864 834 πτωχοῦ,

2368 852 2456 905 51.
2499 853 2630 906 Οὐδὲ
2661 853 2969 924 ἀπέστρεψε
2993 853 3055 907 τὺ
3084 854 3369 926 πρόσωπον
3392 853 3554 909 αὐτοῦ
3583 856 3678 909 ἀπ’
3703 856 3863 927 ὲμοῦο

2369 940 2456 993 52.
2499 942 2610 994 Καὶ
2661 944 2719 994 ὲν
2772 941 2848 1013 τῷ
2887 943 3217 1014 κεκραγέναι
3260 961 3326 1016 με
3372 945 3508 1017 πρὸς
3549 947 3713 998 αὑτὸν
3749 949 3866 1000 εισ-

2293 1031 2495 1104 ήκουσέ
2527 1049 2649 1102 μου.

2364 1125 2451 1180 55.
2495 1125 2652 1196 Παρὰ
2688 1126 2781 1179 σοῦ
2806 1128 2834 1179 ὁ
2860 1126 3077 1191 ἔπαινός
3108 1145 3228 1198 μου·

2367 1219 2452 1274 54.
2508 1221 2596 1272 Ἐν
2626 1221 2890 1293 ὲκκλησίᾳ
2922 1222 3133 1295 μεγάλῃ
3165 1223 3624 1296 ἐξομολογησομαί
3655 1243 3770 1280 σοι·

2364 1310 2453 1364 55.
2497 1311 2605 1374 Τὰς
2653 1311 2818 1382 εὐχάς
2865 1331 2964 1384 μου
3011 1317 3277 1370 ἀποδώσω
3329 1316 3557 1370 ἐνώπιον
3598 1317 3710 1370 τῶν
3747 1314 3837 1390 [ὲν

2291 1397 2458 1451 ώπιον
2481 1399 2558 1469 τῷ
2590 1401 2779 1472 Κυρίῳ
2804 1403 3020 1458 πάντων
3047 1405 3177 1478 τῶν]
3197 1407 3358 1476 φοῦου
3367 1407 3541 1478 μένων
3565 1406 3751 1460 αὐτόν.

2358 1485 2444 1540 56.
2484 1489 2750 1557 Φὰγονται
2784 1492 3034 1564 πένητες,
3071 1494 3165 1548 καὶ
3204 1493 3714 1566 ὲμπλησθήσονταιο

2356 1579 2446 1632 57.
2488 1581 2598 1634 Καὶ
2626 1582 2896 1636 αίνέσουσι
2927 1585 3129 1656 Κύριον
3155 1588 3203 1638 οἱ
3225 1585 3578 1656 ὲκζητοῦντες
3612 1584 3780 1638 αὐτόν
3799 1601 3816 1615 ·

2359 1671 2446 1725 58.
2492 1673 2759 1743 Ζήσονται
2793 1677 2849 1727 αἱ
2883 1677 3096 1747 καρδίαι
3121 1678 3297 1730 αὐτῶν
3326 1680 3404 1741 εἰς
3435 1677 3602 1730 αἰῶνα
3632 1676 3858 1739 αίῶνος.

2357 1761 2444 1817 59.
2486 1764 2938 1835 Μνησθήσονται,
3012 1767 3107 1819 καὶ
3170 1767 3665 1837 ὲπιστραφήσονται
3719 1767 3867 1837 πρὸς

2217 1849 2258 1903 Β
2287 1853 2489 1926 Κύριον
2519 1855 2696 1909 πάντα
2728 1855 2796 1909 τὰ
2829 1857 3040 1929 πέρατα
3070 1860 3169 1929 τῆς
3195 1859 3326 1928 γῆς·

2353 1945 2441 2002 60.
2480 1947 2589 2001 Καὶ
2622 1951 3087 2020 προσκυνήσουσιν
3131 1948 3358 2003 ἐνώπιον
3389 1947 3555 2002 αὑτοῦ
3596 1949 3773 2001 πᾶσαι
3807 1947 3870 2002 αἱ

2291 2039 2514 2110 πατριαὶ
2547 2039 2654 2092 τῶν
2685 2040 2872 2094 ὲθνῶν.

2359 2130 2449 2186 61.
2496 2120 2614 2184 Ὅτι
2642 2132 2735 2184 τοῦ
2761 2133 2964 2204 Κυρίου
2992 2134 3026 2202 ἡ
3054 2132 3317 2201 βασιλεία,

2357 2221 2443 2275 62.
2485 2223 2591 2274 Kal
2617 2222 2777 2286 αὐτὸς
2801 2220 3047 2286 δεσπόζει
3076 2221 3182 2276 τῶν
3205 2221 3395 2277 ὲθνῶν.

2359 2312 2446 2366 65.
2489 2313 2759 2383 Ἔφαγον,
2793 2314 2885 2367 καὶ
2917 2313 3325 2386 προσεκύνησαν
3363 2313 3562 2377 πάντες
3590 2315 3643 2366 oi
3675 2313 3871 2378 πίονες

2289 2417 2387 2471 της
2413 2417 2535 2472 γης

1749 2623 2121 2684 ATHANASll
2157 2616 2738 2679 INTERPRETATIO.

690 2749 779 2817 48,
805 2749 891 2803 19.
928 2749 1239 2815 Personam,
1272 2765 1393 2821 quae
1416 2764 1580 2820 supra
1602 2758 1742 2813 orat,
1779 2748 1967 2803 timeat
1994 2745 2182 2814 utique

621 2859 780 2898 omne
811 2859 977 2914 genus
1011 2857 1233 2902 eorum.
1267 2843 1360 2912 qui
1406 2841 1568 2896 corde
1600 2841 1786 2895 mundi
1822 2847 1967 2895 sunt.
2016 2834 2182 2891 lsrael

620 2935 764 2991 enim
799 2936 1181 3004 interpretatur
1205 2950 1346 2987 mens
1371 2933 1545 2988 videns
1568 2932 1756 2987 Deum.

689 3113 777 3178 50,
808 3111 896 3166 51.
926 3110 1192 3178 Quoniam
1224 3126 1332 3167 non
1369 3110 1615 3180 despexit
1658 3109 1938 3164 hominum
1986 3121 2176 3178 genus,

621 3218 720 3259 nec
747 3203 990 3274 permisit
1019 3218 1115 3257 eos
1137 3202 1332 3271 perire,
1366 3202 1711 3256 abominatus
1741 3201 1811 3256 ob
1838 3214 2030 3255 eorum
2057 3213 2182 3268 pec-

619 3307 757 3362 cata,
789 3310 962 3365 neque
990 3293 1043 3347 in
1075 3295 1230 3347 linem
1257 3293 1458 3347 oblitus
1485 3300 1568 3347 est
1594 3289 1831 3361 ﬁgmenti
1860 3288 1967 3344 sui.

686 3469 779 3525 52.
807 3466 872 3520 Et
897 3467 1023 3522 dum
1064 3482 1188 3521 eum
1235 3467 1568 3531 invocarem,
1600 3474 1659 3518 ut
1689 3464 1801 3534 ipse
1834 3463 1887 3517 in
1915 3462 2177 3518 auxilium

619 3576 797 3616 meum
826 3561 1064 3625 veniret,
1098 3559 1372 3614 exaudivit
1403 3573 1522 3623 me;
1571 3568 1625 3613 et
1659 3572 1767 3612 non
1811 3557 1985 3612 solum
2008 3559 2176 3624 venit,

618 3653 711 3709 sed
745 3654 905 3708 etiam
936 3665 1130 3721 passus
1158 3659 1241 3703 est
1267 3665 1364 3718 pro
1396 3664 1502 3703 me.

688 3746 777 3800 55.
809 3742 922 3798 Hoc
957 3751 1070 3806 est,
1105 3741 1246 3810 quod
1296 3741 1351 3794 in
1393 3739 1685 3809 Evangelio
1708 3738 1844 3793 dixit
1869 3738 2174 3795 Dominus:

619 3835 713 3892 Est
750 3834 908 3888 Pater
934 3851 1098 3898 meus,
1131 3835 1218 3902 qui
1244 3831 1505 3901 gloriﬁcat
1538 3847 1616 3884 me
1633 3830 1702 3884 “.

687 3928 774 3983 54.
798 3925 909 3981 Hoc
936 3927 1235 3994 adimplens
1269 3925 1320 3977 in
1346 3923 1639 3993 Evangelio
1670 3923 1805 3979 dixit
1835 3941 1848 3977 :
1881 3921 2178 3993 Canﬁtebor

615 4018 730 4084 tibi,
761 4017 926 4072 Pater
958 4016 1174 4069 Domine
1202 4015 1312 4068 caeli
1330 4025 1376 4068 et
1410 4025 1562 4068 terra:
1577 4015 1639 4076 ⁸⁷,

689 4191 775 4244 55.
809 4188 939 4256 Quae
969 4189 1191 4258 promisi
1221 4202 1314 4258 per
1344 4186 1659 4256 prophetas,
1688 4187 1943 4257 impieno.

2346 2737 2434 2801 48,
2466 2733 2555 2788 49.
2598 2732 2729 2786 Ἀπὸ
2760 2730 3051 2803 προσώπου
3081 2727 3176 2783 τοῦ
3201 2728 3456 2799 ἀνωτέρω
3483 2733 3872 2804 προσευχομέ-

2277 2843 2368 2880 νου
2401 2823 2695 2895 φοόηθήτω
2742 2822 2806 2892 δὴ
2845 2821 2988 2874 ἅπαν
3034 2820 3094 2873 τὸ
3139 2819 3293 2888 γένος
3334 2819 3442 2873 τῶν
3485 2819 3746 2892 καθαρῶν
3797 2828 3869 2896 τῇ

2277 2917 2494 2989 καρδίᾳ·
2546 2913 2766 2986 Ἰσραὴλ
2808 2913 2916 2985 γὰρ
2967 2911 3323 2984 ἑρμηνεύεται
3364 2910 3512 2980 νοῦς
3552 2911 3710 2984 ὀρῶν
3752 2915 3872 2970 τὸν

2204 3039 2247 3098 C
2281 3012 2447 3068 Θεόν.

2352 3104 2442 3167 50,
2468 3101 2556 3156 51.
2589 3102 2709 3155 Ὀτι
2741 3101 2841 3154 οὐκ
2879 3097 3222 3170 ἁπεφρόνησε
3251 3096 3323 3170 (1)
3361 3095 3455 3149 τοῦ
3511 3098 3704 3166 γένους
3745 3099 3872 3152 τῶν

2279 3194 2614 3269 ἀνθρώπων,
2646 3194 2740 3245 καὶ
2778 3193 2877 3243 οὐκ
2909 3190 3088 3242 εἴασεν
3127 3188 3323 3251 αὐτοὺς
3370 3189 3699 3243 ἀπόλλυσθαι
3735 3191 3868 3260 βδε-

2279 3285 2606 3354 λυσσόμενος
2633 3280 2726 3333 ἐπὶ
2749 3281 2865 3341 ταῖς
2894 3278 3187 3348 ἁμαρτίαις
3215 3278 3414 3345 αὐτῶν,
3443 3279 3560 3331 οὐδὲ
3587 3281 3668 3341 είς
3700 3281 3868 3344 τέλος

2279 3377 2372 3429 τοῦ
2407 3375 2720 3445 πλάσματος
2754 3371 2916 3425 αὑτοῦ
2951 3370 3260 3424 ἐπελάθετο.

2346 3466 2432 3522 52.
2464 3467 2572 3518 Καὶ
2605 3467 2664 3518 ὲν
2703 3463 2780 3534 τῷ
2807 3463 2991 3516 καλεῖν
3022 3463 3181 3516 αὑτὸν
3217 3461 3390 3516 ἐλθεῖν
3420 3461 3580 3514 αὐτὸν
3610 3464 3693 3525 εἰς
3728 3462 3866 3534 βοη-

2279 3558 2426 3612 Θείάν
2457 3573 2588 3627 μου,
2621 3555 2907 3626 είσήκουσέ
2955 3571 3088 3626 μουο
3125 3555 3219 3608 καὶ
3258 3555 3320 3608 οὐ
3367 3553 3524 3624 μόνον
3565 3553 3865 3624 ἐλήλυθεν,

2277 3647 2411 3706 ἀλλὰ
2443 3647 2537 3700 καὶ
2567 3645 2830 3698 πέπονθεν
2858 3646 2994 3714 ὑπὲρ
3022 3643 3176 3713 ἐμοῦ.

2347 3740 2433 3794 55.
2466 3736 2635 3792 Τοῦτό
2667 3740 2813 3790 ἐστιν
2844 3737 2979 3807 ὅπερ
3011 3735 3193 3802 ἔλεγεν
3231 3735 3289 3787 ὲν
3324 3734 3642 3806 Εύαγγελίῳ
3675 3739 3704 3790 ὁ
3735 3739 3864 3793 Κύ-

2279 3847 2390 3902 ριος
2408 3848 2422 3862 ·
2456 3832 2666 3884 Ἔστιν
2691 3831 2722 3882 ὀ
2753 3826 2953 3894 Πατήρ
2979 3844 3095 3895 μου
3129 3828 3160 3878 ό
3183 3823 3443 3889 δοξάζων
3464 3843 3541 3896 με

2340 3923 2427 3979 54.
2459 3921 2626 3974 Τοῦτο
2653 3919 2873 3992 πληρῶν
2903 3921 2958 3971 ὲν
2991 3919 3310 3989 Εύαγγελίῳ
3339 3919 3521 3987 ἔλεγεν
3542 3937 3556 3950 ο
3602 3921 3859 3991 Ἐξομο-

2274 4013 2610 4085 λογήσομαι
2642 4027 2759 4075 σοι,
2790 4011 2966 4077 Κύριε
2991 4007 3180 4078 Πάτερ
3204 4007 3310 4062 τοῦ
3336 4011 3593 4079 οὐρανοῦ
3615 4013 3716 4066 καὶ
3738 4013 3861 4082 τῆς

2277 4126 2404 4177 γης-

2345 4201 2432 4253 55.
2461 4201 2637 4270 Ἀπερ
2678 4194 3086 4267 επηγγειλάμην
3105 4192 3193 4248 δια
3223 4192 3330 4246 τῶν
3355 4193 3673 4265 προφητῶν,
3709 4196 3854 4270 πλη-

2277 4307 2455 4361 ρωσω.

683 4365 772 4420 56.
805 4363 1223 4419 Justilicationes
1252 4361 1506 4432 Domini,
1547 4372 1601 4420 et
1639 4362 2006 4434 implebuntur
2049 4361 2172 4435 Spi-
2203 4377 2248 4434 ι)

2351 4383 2437 4436 56.
2473 4382 2552 4435 Τὰ
2573 4380 2914 4451 δικαιώματα
2937 4379 3033 4435 τοῦ
3056 4377 3282 4449 Κυρίου,
3309 4378 3403 4432 καὶ
3428 4376 3856 4449 ὲμπλησθήσον-

613 4458 720 4513 ritu
753 4466 958 4514 sancto.

684 4549 773 4604 57.
802 4548 1038 4620 Hymnus
1067 4546 1345 4616 speciosus
1378 4545 1444 4602 de
1473 4561 1538 4602 eo
1581 4548 1878 4604 cantabunt
1921 4549 2172 4606 oblectati

613 4642 732 4711 ejus
757 4641 1173 4710 pulchritudine.

681 4734 769 4789 58.
810 4733 992 4787 Letale
1039 4742 1316 4803 peccatum
1354 4733 1407 4786 in
1443 4732 1576 4802 ipsis
1606 4747 1715 4786 non
1744 4731 2068 4807 admittent.)

680 4827 768 4883 59.
802 4825 1244 4880 Recordabuntur
1275 4825 1414 4892 ejus,
1440 4825 1532 4895 qui
1560 4823 1706 4893 ipsos
1731 4822 1876 4878 fecit.

679 4917 767 4972 60.
804 4917 1001 4972 Tribus
1034 4927 1207 4972 terrae.

679 5007 767 5070 61,
792 5006 881 5063 62.
913 5005 1029 5076 Ipse
1055 5007 1197 5060 enim
1233 5012 1317 5061 est
1342 5023 1435 5061 rex
1466 5023 1674 5078 regum,
1700 5017 1753 5062 et
1787 5009 2049 5062 Dominus
2075 5006 2170 5062 do-

611 5100 967 5162 minantium,
1003 5107 1056 5152 et
1083 5099 1231 5153 solus
1262 5100 1523 5154 Dominus
1549 5101 1715 5155 totius
1747 5100 1972 5154 humani
2009 5113 2169 5170 gene-

611 5192 707 5254 ris,
742 5199 924 5261 utpote
954 5192 1045 5259 qui
1077 5191 1227 5245 solus
1259 5193 1475 5261 proprio
1507 5193 1771 5262 sanguine
1795 5207 1891 5246 eos
1917 5191 2165 5247 redemit.

679 5366 763 5418 65.
801 5365 1266 5435 Partmpaverunt
1298 5382 1523 5436 gratiam
1561 5367 1651 5420 Dei
1683 5368 1865 5422 animo
1895 5382 2162 5438 po.en.es.

672 5545 720 5580 ⁸⁸
743 5545 900 5602 Joan.
926 5562 1046 5609 vin,
1081 5547 1167 5601 54.
1244 5549 1284 5578 ⁸⁷
1314 5547 1502 5602 Matth.
1530 5563 1584 5612 x,
1612 5547 1702 5601 25.

2272 4493 2362 4530 ται
2381 4472 2519 4527 Πνεύ
2528 4491 2689 4545 ματος
2709 4471 2886 4540 ἁγίου.

2342 4571 2429 4625 57.
2463 4571 2700 4639 Ὗμνους
2725 4568 3054 4639 ὼραιότητος
3083 4567 3308 4620 εἴπωσιν
3340 4566 3418 4627 είς
3445 4562 3606 4616 αὑτὸν
3640 4564 3691 4615 οἱ
3723 4579 3853 4635 τερ-

2272 4663 2496 4734 πόμενοι
2523 4660 2616 4714 τοῦ
2651 4660 2878 4723 κάλλους
2911 4659 3070 4712 αὐτόν
3094 4658 3191 4727 (2).

2339 4754 2428 4808 58.
2471 4752 2765 4822 Ἀμαρτίαν
2798 4750 3168 4822 θανατηφόρον
3196 4748 3257 4800 ού
3289 4745 3526 4814 δέξονται
3555 4748 3612 4800 ὲν
3636 4749 3850 4814 αὐτοῖς.

2340 4845 2428 4900 59.
2459 4843 2872 4913 Μνησθήσονται
2903 4843 2996 4895 τοῦ
3031 4841 3384 4912 πεποιηκότος
3408 4838 3626 4905 αὐτούς.

2336 4935 2424 4990 60.
2456 4938 2520 4988 Αἰ
2555 4935 2716 5005 φυλαὶ
2747 4937 2844 5007 τῆς
2867 4935 2990 5004 γῆς.

2339 5025 2440 5090 61,
2471 5025 2555 5079 62.
2587 5025 2757 5088 Αὐτὸς
2799 5025 2903 5096 γάρ
2942 5027 3056 5077 ἐστι
3093 5023 3340 5094 βασιλεὺς
3372 5021 3483 5076 τῶν
3530 5023 3851 5093 βασιλευόν-

2273 5135 2400 5182 των,
2439 5119 2531 5170 καὶ
2560 5117 2762 5188 Κύριος
2793 5116 2900 5169 τῶν
2928 5117 3303 5188 κυριευόντων,
3331 5115 3426 5168 καὶ
3457 5116 3617 5186 μόνος
3640 5119 3850 5172 Δεσπό-

2273 5227 2369 5281 της
2401 5209 2596 5272 παντὸς
2623 5207 2716 5260 τοῦ
2748 5209 2934 5277 γένους
2967 5207 3076 5261 τῶν
3101 5207 3418 5278 ἀνθρώπων,
3449 5207 3520 5270 ὡς
3553 5207 3714 5278 μόνος
3743 5209 3847 5262 αι’.-

2272 5298 2393 5357 τοὺς
2419 5295 2752 5366 ἐξαγοράσας
2774 5295 2852 5365 τῷ
2883 5295 2995 5365 ἰδίῳ
3026 5297 3234 5366 αἵματι.

2343 5385 2429 5439 6'5.
2455 5386 2766 5439 Μετέλαὸον
2797 5388 2895 5458 τῆς
2923 5388 3141 5456 χάριτος
3168 5387 3260 5442 τοῦ
3287 5387 3418 5442 Θεοῦ
3449 5388 3496 5443 οἱ
3524 5387 3746 5443 δυνατοὶ
3777 5392 3844 5462 τῇ

1554 5665 1859 5728 Addenda
1905 5671 1963 5725 et
1997 5661 2365 5743 corrigenda
2401 5678 2476 5720 ex
2508 5661 2645 5721 cod.
2686 5663 2876 5724 Vatic.

680 5785 748 5853 ιι)
785 5790 855 5839 Ού
889 5789 1284 5858 κιτεφρόνητεο

2355 5786 2426 5858 (3)
2461 5787 2652 5842 Αὑτοῦ.
