4060 6474
251 398 356 455 729
1159 403 1246 458 DE
1287 403 1564 461 TITULIS
1604 405 2057 462 PSALMORUM.
2102 438 2162 448 —
2206 406 2402 464 PSAL.
2442 405 2608 464 XXII.
3377 405 3481 458 730

323 518 411 573 64.
444 519 701 574 Ἐνώπιον
725 522 888 577 αὐτοῦ
917 521 1316 594 προπεσοῦνται
1341 523 1541 586 πάντες
1569 525 1619 577 οι
1648 541 1815 578 κατα·
1845 539 1891 596 Α

1877 562 1891 596 γ
1984 524 2072 577 64.
2107 524 2162 577 In
2193 533 2493 594 conspectu
2519 523 2640 595 ejus
2667 521 2858 579 cadent
2879 522 3105 585 Iomnes,
3133 519 3228 576 oui
3252 523 3480 574 descen-

244 607 526 676 σαίνοντες
555 615 634 671 είς
663 613 786 682 γῆν.

784 654 786 663 ι
1920 615 2057 670 dunt
2081 615 2133 667 in
2165 623 2387 669 terram.

321 702 413 757 65.
444 704 554 757 Καὶ
580 706 611 775 ή
637 705 782 776 ψυχή
821 724 921 777 μου
947 705 1094 777 αὗτῷ
1120 706 1185 779 ξῇ
1205 746 1220 770 ν

1214 746 1220 769 ,
1989 705 2075 758 65.
2109 703 2174 757 Ει
2197 706 2380 758 anima
2415 719 2535 760 mea
2567 703 2645 758 illi
2668 702 2817 770 vivit,

320 790 407 850 66.
441 797 550 848 Καὶ
573 795 632 848 τὸ
667 797 885 867 σπέρμα
922 817 1021 869 μου
1053 798 1327 852 δουλεύσει
1357 798 1526 870 αὐτῷ.

1383 798 1526 870 ιύτῷ.
1991 795 2078 850 66.
2111 795 2176 850 Ει
2202 811 2387 851 semen
2417 812 2598 851 meum
2625 795 2825 852 serviet
2853 793 2986 865 ipsi.|

320 884 408 939 67.
455 885 907 960 Ἀναγγελήσεται
941 889 1016 960 τῷ
1046 890 1229 962 Κυρίῳ
1261 889 1425 959 γενεὰ
1452 893 1485 961 ή
1519 890 1813 963 ἐρχομένη·

1799 906 1813 922 ·
1991 888 2080 944 67.
2112 888 2538 943 Anuuntiabitur
2564 888 2799 943 Domino
2825 885 3099 958 generatio
3125 893 3389 939 ventura:

319 978 407 1032 68.
438 979 545 1032 Καὶ
573 980 929 1047 ἀναγγελοῦσι
955 981 1053 1052 τὴν
1073 982 1415 1053 δικαιοσύνην
1444 981 1607 1035 αὑτοῦ

1446 981 1607 1035 αὑτοῦ
1990 977 2080 1032 68.
2108 977 2176 1031 Ει
2203 977 2611 1031 annuntiabunt
2634 976 2904 1046 justitiam
2930 977 3049 1046 ejus

317 1067 408 1125 69.
438 1069 569 1140 Λαῷ
590 1069 667 1140 τῷ
691 1070 1074 1142 τεχθησομένῳ
1099 1111 1113 1135 ,
1142 1071 1200 1125 ὃν
1241 1072 1496 1141 ἐποίησεν
1535 1075 1564 1125 ὁ
1592 1072 1815 1146 Κύριος.

1987 1069 2076 1125 69.
2109 1068 2348 1138 Populo,
2381 1069 2474 1139 qui
2516 1077 2800 1132 nascetur,
2837 1083 2997 1137 quem
3043 1065 3172 1120 fecit
3198 1063 3478 1119 Dominus.

569 1162 813 1231 Ψαλμὸς
834 1161 913 1227 τῷ
930 1162 1135 1237 ιιιιιεςίδ.
1166 1166 1336 1218 ΨΑΛ.
1369 1167 1499 1218 KB‘.

2237 1161 2483 1216 Psalmu:
2511 1161 2700 1215 David.
2736 1160 2941 1215 PSAL.
2967 1157 3161 1213 XXII.

319 1250 372 1305 1.
408 1250 613 1322 Κύριος
643 1252 914 1323 ποιμαίνει
955 1272 1022 1324 με
1043 1295 1057 1317 ,
1093 1256 1186 1308 καὶ
1212 1255 1361 1309 οὐδέν
1390 1274 1456 1326 με
1495 1258 1813 1329 ὑστερήσειο

1724 1276 1813 1311 ret'
1986 1254 2038 1307 1.
2072 1252 2338 1309 Dominus
2366 1254 2544 1323 pascit
2572 1269 2679 1318 me,
2710 1262 2763 1308 et
2794 1252 2926 1306 nihil
2950 1252 3081 1305 mihi
3113 1251 3286 1305 deerit
3313 1288 3327 1303 .

316 1342 370 1394 2.
405 1343 498 1405 Εες
528 1343 690 1397 τόπον
717 1343 876 1414 χλόης
907 1346 1023 1398 ἐκεῖ
1052 1362 1118 1416 με
1151 1349 1592 1416 κατεσκήνωσεν·

1510 1365 1592 1400 εν·
1983 1347 2036 1400 2.
2073 1347 2130 1400 ln
2163 1347 2283 1402 loco
2319 1361 2534 1416 pascua:
2569 1346 2642 1400 ibi
2673 1362 2759 1400 me
2787 1345 3071 1400 collocavit
3101 1361 3113 1398 :

315 1434 370 1487 5.
411 1434 534 1487 Ἐπὶ
565 1433 756 1498 ὓδατος
789 1437 1144 1500 ἀναπαύσεως
1169 1437 1428 1509 ἐξέθρεψέ
1467 1457 1556 1511 με.

1989 1438 2042 1490 5.
2079 1436 2255 1507 Super
2284 1453 2480 1507 aquam
2511 1435 2823 1490 refectionis
2855 1436 3104 1490 educavit
3137 1449 3242 1490 me.

313 1523 370 1578 4.
403 1525 514 1594 Τὴν
539 1525 714 1597 ψυχήν
747 1543 847 1596 μου
877 1527 1209 1598 ἐπέστρεψεν
1228 1546 1242 1559 ο

1987 1529 2040 1581 4.
2074 1529 2324 1582 Animam
2353 1543 2527 1582 meam
2551 1529 2815 1583 convertit
2842 1545 2855 1580 :

314 1615 368 1670 5.
417 1615 679 1688 Ὠδήγησέ
709 1634 774 1687 με
805 1617 895 1671 ἐπὶ
926 1619 1145 1689 τρίϐους
1171 1619 1540 1693 δικαιοσύνης,

1530 1665 1540 1688 ,
1983 1621 2035 1674 5.
2070 1619 2304 1673 Deduxit
2332 1635 2418 1675 me
2443 1635 2607 1689 super
2636 1620 2859 1674 semitas
2886 1617 3133 1688 justitim,

313 1703 368 1757 6.
407 1705 628 1759 Ἕνεκεν
657 1706 750 1759 τοῦ
778 1707 1038 1778 ὀνόματος
1069 1710 1256 1764 αὐτοῦ.

1110 1710 1256 1764 ὐτοῦ.
1984 1711 2037 1767 6.
2067 1710 2288 1779 Propter
2312 1727 2508 1764 nomen
2535 1727 2713 1766 suum.

315 1795 370 1849 7.
410 1796 534 1850 Ἐὰν
562 1797 670 1868 γὰρ
705 1799 798 1852 καὶ
823 1800 1073 1870 πορευθῶ
1099 1803 1156 1854 ἐν
1189 1801 1337 1872 μέσῳ
1371 1805 1528 1866 σκιᾶς
1561 1802 1813 1867 θανάτου,

1991 1798 2040 1854 7.
2079 1798 2214 1854 Nam
2244 1799 2344 1855 etsi
2376 1799 2724 1855 ambulavero
2749 1800 2804 1853 in
2832 1799 3013 1855 medio
3039 1799 3244 1854 umbra:
3269 1798 3480 1864 mortis,

316 1883 368 1938 8.
407 1885 479 1936 Οὔ
513 1886 887 1958 φοϐηθήσομαι
910 1887 1074 1951 κακὰ,
1102 1889 1183 1942 ὅτι
1215 1891 1278 1944 σὺ
1305 1894 1422 1961 μετ’
1448 1891 1582 1963 ἐμοῦ
1608 1889 1675 1945 εἷ.
1848 1903 1890 1956 Β

1848 1903 1890 1956 Β
1990 1890 2044 1945 8.
2081 1889 2197 1946 Non
2231 1891 2433 1945 timebo
2457 1891 2634 1958 mala;
2665 1888 2925 1960 quoniam
2953 1898 3008 1944 tu
3040 1905 3253 1944 mecum
3281 1905 3359 1944 es.

317 1974 370 2029 9.
413 1975 477 2027 Ἥ
513 1976 706 2046 ῥάϐδος
741 1994 833 2030 σου
875 1978 970 2032 καὶ
1003 1980 1036 2049 ἡ
1081 1977 1352 2050 βακτηρία
1387 1998 1510 2046 σου,
1553 1976 1715 2035 αὗταί
1748 2001 1816 2052 με

1991 1982 2046 2036 9.
2079 1980 2242 2052 Virga
2279 1991 2394 2048 tua,
2429 1991 2484 2036 et
2516 1981 2745 2037 baculus
2777 1990 2923 2048 tuus,
2951 1981 3065 2050 ipsa
3092 1996 3176 2034 me
3207 1981 3483 2036 consolata

242 2067 623 2137 παρεκάλεσαν
1918 2080 2064 2127 sunt.

316 2156 402 2209 10.
446 2158 776 2228 Ἠτοίμασας
805 2160 1032 2214 ἐνώπιόν
1064 2178 1166 2232 μου
1197 2161 1473 2233 τράπεζαν
1508 2163 1815 2229 ἐξεναντίας

1991 2166 2078 2219 10.
2117 2165 2330 2220 Parasti
2369 2167 2424 2220 in
2464 2175 2758 2236 conspectu
2797 2181 2919 2222 meo
2947 2180 3191 2221 mensam
3227 2164 3484 2219 adversus

243 2246 350 2300 τῶν
377 2246 664 2304 θλιϐόντων
693 2267 760 2319 με
783 2267 798 2282 ·

1919 2269 2037 2322 eos,
2068 2257 2159 2326 qui
2192 2257 2450 2310 tribulam
2477 2271 2600 2310 me:

319 2337 404 2392 11.
449 2340 736 2405 Ἐλὶπανας
762 2345 818 2395 ἐν
844 2341 1010 2412 ἐλαίῳ
1040 2343 1135 2416 τὴν
1165 2345 1408 2418 κεφαλήν
1441 2363 1543 2418 μου

1993 2345 2079 2398 il.
2119 2343 2480 2415 lmpinguasti
2514 2346 2570 2399 in
2604 2346 2724 2402 oleo
2753 2353 2916 2416 caput
2946 2361 3168 2402 meum:

1365 2475 1740 2532 ATHANASll
1777 2460 2361 2532 INTERPRETATIO.

314 2592 404 2645 64.
442 2592 645 2656 Πάντες
671 2592 720 2645 οἱ
754 2591 822 2645 τὰ
850 2593 1014 2664 γήινα
1050 2592 1389 2665 φρονοῦντες.

1388 2637 1389 2644 η
1988 2590 2076 2644 64.
2112 2587 2334 2656 Omnes,
2366 2605 2460 2658 qun
2489 2597 2703 2643 terrena
2733 2588 2991 2658 cogitant.

311 2677 400 2731 65.
431 2677 586 2748 Δὺτῷ
622 2679 720 2748 μὲν
747 2679 781 2750 ἡ
810 2679 954 2751 ψυχή
982 2676 1096 2753 ’μου
1129 2681 1204 2752 (1)
1226 2700 1239 2714 ο
1288 2682 1366 2754 τῷ
1404 2683 1461 2736 δὲ
1510 2683 1698 2756 κόσμῳ
1730 2701 1817 2738 τε·

1993 2683 2081 2737 65.
2115 2681 2222 2752 lpsi
2250 2681 2466 2753 quidem
2500 2682 2681 2736 anima
2707 2696 2850 2747 mea,
2891 2680 3094 2735 mundo
3131 2688 3310 2734 autem
3336 2693 3484 2734 mor-

241 2769 552 2824 θανάτωται
573 2788 585 2800 ·

573 2788 585 2800 “
1915 2786 2007 2831 tua
2042 2785 2126 2831 est
2159 2795 2171 2830 :

317 2861 404 2916 66.
437 2863 545 2915 Καὶ
578 2862 727 2916 πᾶσά
756 2880 857 2934 μου
886 2863 1181 2935 ἐνθύμησις
1210 2864 1614 2936 ὑποταγήσεται
1644 2864 1816 2935 αὐτῷ.

1663 2864 1816 2935 ιῦτῷ.
1987 2865 2075 2920 66.
2113 2865 2179 2919 Et
2212 2867 2389 2920 omnis
2419 2881 2539 2920 mea
2572 2868 2828 2937 cogitatio
2859 2866 3116 2922 subdetur
3143 2866 3266 2936 ipsi.

311 2954 402 3009 67.
434 2955 604 3025 Δεκτὴ
638 2941 790 3009 ἔσται
822 2955 899 3026 τῷ
934 2955 1140 3026 Κυρίῳ.
1843 3005 1884 3062 C

1843 3005 1884 3062 Ο
1988 2956 2076 3011 67.
2111 2955 2346 3026 Accepta
2376 2958 2475 3012 erit
2511 2957 2757 3012 Domino.

310 3043 398 3096 68.
435 3044 743 3116 Κηρύξουσι
773 3043 870 3107 τὰς
899 3043 1116 3107 ἐντολὰς
1148 3043 1332 3098 αὑτοῦ.
1845 3043 1884 3062 ν

1845 3043 1884 3062 ν
1989 3047 2075 3104 68.
2109 3047 2489 3103 Praedicabuut
2520 3057 2783 3120 praecepta
2817 3048 2957 3117 ejus.

315 3133 403 3189 69.
441 3133 877 3202 Τεχθησομένῳ,
910 3134 1076 3202 λέγει,
1103 3135 1158 3186 ἐν
1181 3135 1257 3205 τῷ
1285 3134 1638 3207 βαπτίσματι.

1549 3154 1638 3192 ιτι.
1994 3140 2083 3194 69.
2121 3138 2224 3204 Qui
2257 3152 2520 3205 nascetur,
2551 3142 2747 3210 inquit,
2779 3141 2832 3194 in
2864 3139 3152 3210 baptismo.

323 3245 390 3297 Ἦ
415 3246 745 3318 προκειμένη
781 3245 1059 3319 ἐπιγραφὴ
1091 3247 1332 3319 περιέχει
1365 3248 1440 3319 (2)
1460 3264 1472 3277 ·
1515 3249 1758 3318 Ψαλμὸς
1794 3249 1875 3316 τῷ
1898 3255 2098 3319 Δαόὶδ,
2140 3256 2385 3309 τουτέστι
2413 3255 2655 3324 ψαλμὸς
2685 3253 2764 3320 τῷ
2805 3255 3071 3323 γεγονότι
3111 3252 3342 3320 ποιμένι
3370 3249 3488 3303 τῶν

242 3339 572 3409 προϐάτων.
598 3343 765 3412 Δῆλον
793 3341 922 3414 γὰρ,
949 3344 1028 3396 ὅτι
1051 3344 1078 3394 ὁ
1103 3343 1268 3395 Δαϐὶδ
1295 3348 1497 3413 ποιμήν
1518 3340 1585 3415 ἦν
1613 3345 1919 3415 προϐάτων.
1947 3349 2180 3422 Ψαλμὸς
2211 3348 2304 3406 οὖν
2324 3351 2402 3423 τῷ
2427 3351 2608 3417 Δαϐὶδ,
2633 3351 2774 3420 λέγω
2797 3350 2853 3403 δέ
2877 3349 2954 3420 τῷ
2976 3347 3090 3419 Υἰῷ
3113 3347 3205 3400 τοῦ
3237 3345 3392 3411 Θεοῦ,
3412 3345 3488 3417 τῷ

243 3431 396 3502 καλῷ
425 3431 680 3503 Ποιμένι”
715 3434 794 3486 διὸ
818 3433 1009 3500 ἐπάγει
1039 3433 1173 3502 πρὸς
1202 3433 1361 3486 αὐτὸν
1393 3435 1563 3504 λέγων
1583 3452 1594 3464 °

319 3526 530 3583 Titulus
565 3528 885 3598 praepositus
916 3528 1157 3582 continet
1183 3545 1196 3580 :
1226 3528 1476 3584 Psalmus
1507 3531 1696 3598 David,
1721 3535 1827 3591 hoc
1855 3547 1960 3605 est,
1989 3539 2229 3609 psalmus
2262 3540 2331 3604 ei,
2360 3541 2450 3611 qui
2494 3541 2597 3609 fuit
2635 3549 2818 3606 pastor
2839 3539 3033 3594 ovium.
3067 3536 3343 3606 Siquidem
3373 3550 3486 3590 ma-

244 3619 504 3676 nifestum
535 3628 640 3687 est,
666 3619 812 3690 quod
840 3620 1009 3676 David
1036 3630 1153 3675 erat
1183 3632 1370 3691 pastor
1402 3625 1605 3680 ovium.
1641 3625 1892 3686 Psalmus
1936 3632 2100 3702 igitur
2143 3632 2334 3700 David,
2363 3632 2479 3698 Dei,
2511 3633 2754 3702 inquam,
2783 3631 2940 3695 Filio,
2968 3631 3060 3698 qui
3090 3627 3281 3686 Pastor
3313 3629 3488 3683 bonus

245 3712 352 3768 fuit
379 3735 390 3768 :
422 3713 541 3767 ideo
568 3713 752 3767 subdit
779 3713 846 3767 ad
874 3729 998 3768 eum
1030 3713 1214 3768 dicens
1244 3728 1257 3764 :

321 3827 370 3880 1.
408 3825 465 3876 '0
497 3824 699 3896 ποιμὴν
727 3824 754 3876 ὁ
789 3823 985 3890 καλὸς,
1029 3823 1127 3896 τὴν
1154 3823 1333 3897 ψυχὴν
1373 3823 1536 3879 αὑτοῦ
1564 3826 1823 3897 τεθεικὼς

1997 3835 2048 3891 1.
2102 3834 2282 3891 Bonus
2312 3845 2522 3905 pastor,
2566 3831 2658 3904 qui
2702 3835 2884 3904 posuit
2913 3833 3147 3889 animam
3194 3851 3350 3890 suam
3390 3851 3487 3906 pro

245 3917 390 3988 ὑπὲρ
415 3915 570 3987 ήμῶν
602 3915 702 3985 (5).

495 3915 570 3968 ὧν
602 3915 702 3985 (5).
1919 3930 2097 3986 nobis.

317 4007 373 4060 2.
417 4007 503 4060 Ἐν
531 4007 598 4077 τῇ
637 4005 930 4076 Ἐκκλησία
957 4005 1050 4059 τοῦ
1081 4005 1238 4072 Θεοῦ,
1265 4007 1390 4062 ἔνθα
1411 4011 1460 4063 οἱ
1488 4009 1630 4080 ἅγιοι
1655 4011 1820 4066 αὑτοῦ

1666 4011 1820 4066 κὺτοῦ
1991 4020 2045 4075 2.
2079 4020 2137 4074 ln
2167 4019 2405 4075 Ecclesia
2443 4019 2558 4087 Dei,
2587 4019 2678 4073 ubi
2708 4019 2880 4074 sancti
2909 4019 3027 4090 ejus
3057 4018 3269 4076 ﬂorent.

285 4098 409 4152 νθοῦ
419 4115 518 4153 σιν.

245 4103 518 4157 ἀνθοῦσιν.

319 4193 374 4246 5.
420 4191 507 4243 Ἐν
536 4192 601 4261 τῇ
629 4189 924 4261 χάριτι,τοῦ
952 4190 1266 4261 Πνεύματος
1293 4192 1466 4260 ἁγίου.

1230 4209 1266 4254 »ς
1293 4192 1466 4260 ἁγίου.
1995 4201 2048 4254 5.
2080 4197 2137 4254 1η
2167 4201 2338 4270 gratia
2373 4196 2611 4266 Sptrttus
2640 4195 2833 4249 sancti.

323 4283 392 4349 4,
445 4283 498 4338 5.
549 4283 644 4335 Ἐκ
691 4282 790 4352 τῆς
843 4284 1215 4355 αἰχμαλωσίας
1261 4283 1355 4337 τοῦ
1405 4285 1651 4338 διαϐόλου
1702 4287 1822 4341 ἐπι-

1993 4294 2052 4358 4,
2089 4292 2141 4346 5.
2189 4290 2230 4344 E
2271 4289 2469 4342 diaboli
2509 4287 2818 4357 captivitate
2850 4286 3088 4341 animam
3124 4301 3298 4341 meam
3332 4285 3398 4342 ad
3432 4302 3484 4342 se

249 4375 490 4448 στρέψας
509 4375 605 4446 τὴν
632 4373 810 4446 ψυχήν
840 4393 940 4446 μου
960 4375 1034 4447 (4)
1063 4376 1200 4448 πρὸς
1226 4377 1419 4430 ἐαυτὸν
1452 4377 1730 4450 ὡδήγησεν
1747 4379 1824 4449 (5)

1452 4377 1730 4450 ὡδήγησεν
1747 4379 1824 4449 (5)
1927 4391 2252 4440 convertens
2285 4379 2507 4435 deduxit
2533 4383 2586 4434 in
2615 4389 2877 4450 praecepta
2909 4393 3029 4446 sua,

249 4468 347 4522 ἐπὶ
372 4466 472 4530 τὰς
500 4465 713 4529 ἐντολὰς
746 4466 930 4530 αὐτοῦ,

321 4562 372 4612 6.
411 4558 579 4629 ’Υπὲρ
611 4557 994 4629 τοῦ-ὀνόματος
1023 4561 1210 4614 αὑτοῦ.
1849 4542 1893 4598 D

991 4579 994 4617 :
1023 4561 1210 4614 αὐτοῦ.
1849 4542 1893 4598 Ῐ)
1991 4557 2044 4611 6.
2076 4555 2182 4609 Pro
2209 4552 2427 4608 nomine
2456 4552 2594 4622 ejus.

327 4649 379 4701 7.
410 4649 505 4711 Εἰς
531 4647 592 4700 τὺ
617 4648 993 4720 τιμωρηθῆναί
1020 4669 1086 4723 με
1112 4651 1252 4724 ὑπὲρ
1283 4652 1396 4708 σοῦ.

1998 4647 2047 4703 7.
2079 4645 2214 4700 Cum
2245 4659 2342 4714 ego
2365 4648 2634 4698 tormenta
2668 4653 2765 4709 pro
2795 4645 2848 4692 te
2881 4636 3211 4692 sustinuero.

318 4740 372 4794 8.
409 4741 483 4792 Οὐ
516 4741 736 4812 πτοήσει
768 4758 834 4811 με
864 4744 1012 4797 πᾶσα
1035 4747 1276 4817 τιμωρία
1299 4787 1312 4812 ,
1344 4747 1425 4799 ὅτι
1462 4746 1525 4799 σὺ
1557 4743 1821 4816 ἐνισχύεις

1997 4741 2049 4792 8.
2079 4735 2269 4791 Nullus
2301 4750 2388 4790 me
2414 4734 2688 4790 cruciatus
2716 4730 2954 4795 terrebit,
2982 4728 3240 4799 quoniam
3264 4736 3320 4783 tu
3348 4727 3486 4783 vires

251 4848 322 4904 με
355 4830 644 4900 ὑπομένειν
673 4829 892 4895 ταύτας.

1929 4830 2062 4885 mihi
2093 4827 2319 4897 prabes,
2351 4834 2410 4880 ut
2441 4825 2562 4879 illos
2594 4821 2881 4893 perferam.

324 4921 379 4975 9.
417 4923 476 4974 '0
516 4921 643 4985 Υἱός
677 4939 770 4975 σου
814 4923 910 4977 καὶ
946 4925 1008 4978 τὸ
1033 4924 1258 4998 Πνεῦμά
1304 4943 1397 4979 σου
1443 4926 1505 4980 τὸ
1541 4926 1693 4996 ἅγιον
1720 4928 1821 4980 ἐπ-

1998 4919 2053 4975 9.
2095 4917 2267 4972 Filius
2301 4927 2459 4983 tuus,
2495 4924 2550 4970 et
2580 4913 2816 4985 Spiritus
2850 4919 3076 4966 sanctus
3103 4916 3231 4965 tuus
3262 4923 3484 4964 conver-

248 5013 520 5082 ἔστρεψαν
551 5031 639 5085 με.

634 5055 639 5067 ’
1926 5021 2106 5067 terunt
2133 5024 2237 5064 me.

326 5104 412 5160 10.
445 5105 554 5176 Τὴν
586 5105 906 5177 ἐπουράνιον
947 5108 1093 5176 λέγει
1122 5109 1400 5182 τράπεζαν
1434 5110 1497 5164 τὸ
1529 5110 1824 5181 μυστήριον

2000 5105 2086 5158 10.
2120 5103 2404 5159 leestem
2444 5115 2686 5157 mensam
2715 5107 2872 5154 vocat
2911 5095 3228 5170 mysterium
3263 5094 3487 5149 immor‘

247 5199 314 5252 τὸ
345 5195 628 5251 ἀθάνατον.
1921 5197 2046 5253 tale.

331 5288 421 5341 11.
457 5287 529 5341 Τὸ
562 5287 738 5341 ἔλαιον
771 5286 923 5357 λέγει
962 5288 1060 5360 τῆς
1098 5290 1319 5363 χάριτος
1345 5289 1440 5346 τοῦ
1471 5288 1626 5360 ἁγίου
1660 5288 1827 5344 Ilvati-

1565 5307 1626 5342 ου
1660 5288 1827 5344 Πνεύ-
1997 5285 2083 5341 11.
2112 5283 2300 5341 Oleum
2334 5284 2466 5339 dicit
2493 5284 2682 5356 gratia:
2707 5281 2945 5354 Spiritus
2974 5281 3167 5337 sancti.

250 5393 448 5451 ματος.

1209 5493 1516 5556 Addenda
1559 5503 1622 5557 et
1655 5489 2026 5570 corrigenda
2072 5504 2149 5548 ex
2177 5483 2313 5546 cod.
2345 5481 2545 5543 Vatia.

333 5634 413 5701 (1)
457 5637 522 5688 Ἦ
550 5636 693 5706 ψυχή
732 5653 831 5706 μου
2002 5633 2079 5706 (τί)
2104 5631 2170 5706 ᾗ.
2291 5628 2569 5706 ξξξιῇτῆς...
2599 5625 2699 5696 τὴν
2720 5625 3048 5706 ψυχή-νημου.

330 5691 410 5777 (ἓ)
455 5691 752 5779 ᾙλδιὰῆτῆξ
781 5691 1148 5779 κινῦἆὸᾴρεως
1177 5706 1444 5779 περιέχει.
2103 5702 2166 5757 Ν.
2199 5701 2250 5758 5.
2291 5691 2551 5770 Ὠδήγήσέ
2587 5691 2946 5766 με’...ἀὗτοῦ.

333 5775 412 5847 (⁸5)
453 5776 673 5847 Τίθησιν
703 5775 841 5849 ὑπὲρ
870 5776 1170 5848 προϐάτων.
