4060 6432
621 352 728 410 755
1462 363 1520 417 S.
1560 363 1935 420 ATHANASII
1973 364 2125 423 OPP.
2162 367 2340 423 PARS
2379 366 2464 422 111.
2502 399 2573 411 ——
2605 366 3014 425 EXEGETICA.
3759 371 3864 424 736

690 471 778 526 10.
810 469 878 525 Et
907 480 958 527 te
990 473 1221 528 sustinui
1255 483 1364 530 tota
1392 476 1500 532 die.
2205 490 2250 544 Α

2205 490 2250 544 Α
2349 481 2436 535 10.
2470 481 2578 534 Καί
2604 498 2663 533 σε
2694 482 2960 553 ὑπέμεινα
2989 483 3118 551 ὃλην
3138 483 3238 553 τὴν
3267 480 3501 553 ἡμέραν.

692 561 778 616 11.
811 562 1178 619 Reminiscere
1206 567 1621 623 miserationum
1657 579 1897 637 tuarum,
1933 571 2181 641 Domine,

1988 574 2181 641 omine,
2359 573 2445 625 11.
2476 573 2762 644 Μνήσθητι
2792 573 2898 626 τῶν
2921 572 3220 644 οἰκτιρμῶν
3251 590 3366 638 σου,
3395 573 3591 645 Κύριε,

693 658 779 712 12.
796 657 862 711 Ει
879 660 1374 716 misericordiarum
1389 673 1625 729 tuarum,
1643 681 1763 735 quae
1778 682 1808 720 a
1826 668 2020 723 saeculo
2036 678 2183 725 sunt.

2170 711 2183 725 ,
2367 664 2449 718 12.
2484 664 2594 716 Καὶ
2619 663 2688 716 τὰ
2715 663 2838 734 ἐλέη
2868 681 2983 728 σου,
3017 663 3096 716 ὅτι
3125 664 3231 716 ἀπὸ
3258 662 3353 715 τοῦ
3382 661 3582 724 αἰῶνός
3609 661 3773 715 εἰσιν.

705 752 792 804 15.
820 750 1021 805 Delicta
1050 752 1355 821 juventutis
1387 771 1521 810 mea:
1542 796 1557 821 ,
1587 767 1640 812 et
1674 758 2007 828 ignorantias
2039 777 2185 816 meas

2359 756 2444 808 15.
2493 754 2793 826 Ἀμαρτίας
2823 754 3079 826 νεότητὰς
3120 771 3243 824 μου,
3273 755 3366 808 καὶ
3397 753 3622 821 ἀγνοίας
3649 769 3756 823 μου
3793 750 3867 824 μὴ

620 859 687 896 ne
715 842 1023 896 memineris
1050 857 1066 896 :

956 843 1023 896 ris
1050 857 1066 896 :
2287 843 2532 916 μνησθῇς
2547 861 2559 871 ·

691 931 1092 988 usi-cundum
1108 936 1530 994 misericordiam
1544 950 1691 996 tuam
1706 952 1976 1002 memento
1987 949 2089 1004 mei
2106 955 2182 1016 tu,

1971 949 2182 1016 tmeilu,
2357 936 2444 989 14.
2481 935 2637 988 Κατὰ
2662 935 2723 987 τὸ
2749 935 2894 998 ἔλεός
2928 952 3020 988 σου
3055 934 3322 1006 μνήσθητί
3356 950 3456 1004 μου
3487 933 3574 995 σὺ,

693 1024 779 1078 15.
809 1022 1035 1094 Propter
1058 1027 1350 1082 bonitatem
1381 1040 1554 1097 tuam,
1587 1032 1834 1092 Domine.

2363 1030 2450 1082 15.
2482 1029 2710 1082 Ἕνεκεν
2741 1030 2841 1099 τῆς
2867 1028 3236 1099 χρηστότητος
3265 1044 3380 1092 σου,
3411 1026 3607 1097 Κύριε.

691 1114 778 1170 16.
811 1113 997 1170 Dulcis
1029 1127 1082 1171 et
1106 1130 1284 1175 rectus
1317 1119 1601 1189 Dominus,

2362 1120 2444 1175 16.
2479 1120 2727 1191 Χρηστδς
2757 1120 2848 1172 καὶ
2878 1119 3037 1182 εὐθὺς
3068 1121 3096 1172 6
3129 1117 3362 1190 Κύριος·

691 1206 778 1260 17.
797 1206 1023 1276 Propter
1048 1209 1149 1263 hoc
1177 1211 1346 1281 legem
1375 1215 1526 1268 dabit
1546 1215 1984 1286 delinquentibus
2004 1221 2057 1274 in
2076 1221 2183 1278 via.

2364 1214 2450 1267 17.
2482 1213 2582 1267 Διὰ
2613 1213 2772 1266 τοῦτο
2812 1212 3161 1284 νομοθετήσει
3207 1212 3620 1284 ἁμαρτάνοντας
3645 1211 3710 1262 ἐν
3739 1207 3866 1278 ὀδῷ.

691 1297 777 1351 18.
807 1298 1010 1369 Diriget
1033 1311 1350 1358 mansuetos
1379 1304 1433 1357 in
1462 1305 1688 1374 judicio,

2359 1308 2445 1364 18.
2487 1306 2771 1377 Ὀδηγήσει
2804 1308 2999 1375 πραεῖς
3028 1307 3085 1357 ἐν
3114 1305 3314 1376 κρίσει,

691 1389 779 1442 10.
812 1388 1033 1443 Docebit
1066 1395 1224 1448 mites
1246 1394 1363 1450 vias
1391 1411 1542 1453 suas.

2358 1400 2446 1453 19.
2479 1396 2688 1461 Διδάξει
2722 1399 2916 1467 πραεῖς
2948 1397 3097 1457 ὀδοὺς
3126 1396 3311 1451 αὑτοῦ.

690 1480 779 1534 20.
811 1478 1089 1536 Universae
1118 1483 1215 1539 viae
1243 1484 1460 1541 Domini
1489 1488 1864 1546 misericordia
1888 1500 1940 1547 et
1963 1495 2184 1563 veritas,

2084 1503 2184 1563 tas,
2355 1490 2442 1544 20.
2477 1491 2653 1542 Πᾶσαι
2683 1489 2739 1540 αἱ
2771 1487 2881 1540 ὁδοὶ
2909 1487 3112 1558 Κυρίου
3139 1487 3284 1552 ἕλεος
3311 1489 3404 1542 καὶ
3429 1490 3686 1560 ἀλήθεια,

690 1572 779 1625 21.
811 1572 1236 1643 Requirentibus
1261 1587 1644 1636 testamentum
1669 1583 1810 1652 ejus,
1849 1594 1902 1640 et
1937 1587 2186 1640 testimo-

2355 1582 2443 1636 21.
2480 1582 2604 1643 Τοῖς
2645 1577 2933 1650 ἐκζητοῦσι
2977 1579 3076 1648 τὴν
3108 1579 3373 1652 διαθήκην
3413 1580 3578 1634 αὑτοῦ
3601 1623 3617 1648 ,
3670 1583 3774 1635 καὶ
3805 1581 3875 1636 τὰ

621 1665 709 1718 nia
742 1667 879 1733 ejus.

2290 1673 2564 1747 μαρτύρια
2595 1672 2778 1726 αὑτοῦ.

688 1757 779 1812 22.
811 1755 1036 1827 Propter
1065 1773 1264 1816 nomen
1295 1771 1469 1829 tuum,
1508 1766 1752 1830 Domine,
2215 1825 2253 1836 ,,

2215 1825 2253 1836 _
2356 1765 2446 1818 22.
2476 1765 2700 1819 Ἕνεκεν
2730 1765 2823 1818 τοῦ
2849 1767 3110 1836 ὀνόματος
3134 1782 3248 1829 σου,
3277 1765 3469 1836 Κύριε,

686 1848 775 1902 25.
803 1848 866 1901 Et
902 1852 1197 1919 propitiare
1225 1864 1444 1920 peccato
1474 1871 1626 1921 meo;
1655 1857 1884 1911 multum
1914 1866 1996 1914 est
2015 1862 2178 1914 enim.
2215 1825 2258 1881 Β

2353 1857 2442 1911 25.
2474 1857 2582 1909 Καὶ
2611 1857 2854 1927 ίλάσθητι
2881 1825 2953 1930 τῇ¹
2980 1825 3344 1929 ἁμαρτίᾳ-μου
3362 1825 3382 1886 ί
3403 1855 3571 1926 πολλὴ
3591 1857 3706 1926 γάρ
3729 1858 3872 1909 ἐστι.

685 1939 774 1993 24.
814 1940 946 2004 Quis
976 1950 1056 1996 cst
1083 1943 1266 2008 homo,
1293 1945 1384 2014 qni
1413 1946 1565 2000 timet
1593 1945 1930 2001 Dominum?

2354 1948 2444 2002 24.
2474 1949 2569 2011 Τίς
2604 1951 2750 2002 ἐστιν
2782 1951 3064 2021 ἄνθρωπος
3090 1953 3118 2004 6
3139 1949 3472 2019 φοϐούμενος
3498 1948 3590 2000 τὸν
3623 1947 3873 2020 Κύριον;

683 2031 774 2085 25.
808 2032 1000 2103 Legem
1030 2044 1230 2089 statuet
1260 2037 1309 2089 ei
1346 2037 1399 2089 in
1431 2039 1538 2101 via,
1572 2055 1734 2108 quam
1769 2040 1946 2109 elegit.

2359 2041 2449 2095 25.
2479 2041 2849 2114 Νομοθετήσει
2882 2043 3028 2114 αὑτῷ
3057 2046 3113 2096 ἐν
3140 2042 3262 2113 ὁδῷ,
3355 2041 3668 2114 ᾑρετίσατο.

688 2121 777 2173 26.
809 2121 1001 2176 Anima
1031 2124 1149 2192 ejus
1176 2126 1226 2177 in
1260 2126 1417 2181 bonis
1450 2126 1819 2183 demorabitur
1851 2148 1863 2183 :

2356 2133 2445 2187 26.
2484 2134 2549 2186 Ἡ
2580 2135 2725 2206 ψυχὴ
2755 2134 2919 2187 αὑτοῦ
2954 2138 3012 2187 ἐν
3046 2136 3268 2204 ἀγαθοῖς
3298 2133 3690 2205 αὑλισθήσεται
3711 2149 3727 2164 ⁸

688 2211 777 2264 27.
818 2211 878 2265 Et
907 2229 1089 2269 semen
1120 2216 1239 2284 ejus
1266 2218 1599 2273 lnereditabit
1630 2230 1850 2274 terram.

2357 2225 2448 2277 27.
2486 2227 2596 2277 Καὶ
2620 2227 2680 2278 τὸ
2716 2226 2938 2296 σπέρμα
2969 2226 3134 2279 αὑτοῦ
3165 2226 3562 2296 κληρονομήσει
3591 2223 3726 2292 γῆν.

689 2303 779 2358 28.
812 2304 1246 2362 Firmamentum
1276 2318 1360 2365 est
1382 2309 1647 2365 Dominus
1679 2311 1995 2367 timentibus
2020 2327 2140 2366 eum
2169 2330 2184 2366 :

2362 2313 2452 2368 28.
2488 2315 2829 2386 Κραταίωμα
2863 2315 3067 2386 Κύριος
3097 2315 3204 2370 τῶν
3229 2314 3578 2386 φοϐουμένων
3601 2313 3776 2367 αὐτόν
3810 2330 3825 2345 ·

1738 2466 2018 2520 ATHANA
2031 2466 2114 2520 Sll
2153 2467 2357 2522 INTER
2369 2469 2734 2526 PRETATIO.

692 2618 780 2673 10.
814 2617 1042 2686 Quando
1066 2635 1185 2674 sum
1226 2620 1280 2674 in
1310 2619 1451 2686 luce,
1482 2631 1734 2691 exspecto
1778 2630 1851 2686 te,
1879 2631 1935 2677 et
1957 2623 2190 2692 promis-

2368 2625 2456 2678 10.
2497 2624 2689 2677 Ἡνίκα
2718 2624 2834 2695 εἰμὶ
2861 2627 2918 2678 ἐν
2951 2625 3029 2695 τῷ
3056 2625 3224 2694 φωτὶ,
3256 2623 3630 2695 ἀπεκδεχομαί
3656 2642 3746 2692 σε,
3781 2626 3879 2680 καὶ

621 2712 829 2768 sionem
861 2721 1027 2764 tuam.

2291 2713 2390 2784 τὴν
2416 2713 2746 2782 ἐπαγγελίαν
2776 2731 2888 2767 σου.

691 2805 776 2868 11,
816 2802 900 2859 12.
937 2802 1261 2868 Recordare,
1296 2801 1541 2864 Domine,
1571 2802 1830 2870 quoniam
1876 2803 2189 2857 misericors

2364 2804 2450 2869 11,
2489 2804 2573 2857 12.
2611 2804 2927 2874 Μνήσθητι,
2971 2803 3144 2872 Κύριε
3167 2843 3181 2867 ,
3215 2804 3296 2858 ὅτι
3340 2803 3640 2874 οἰκτίρμων
3672 2801 3752 2871 εἴ,
3783 2808 3879 2859 καὶ

620 2911 700 2956 es,
731 2904 784 2948 ct
829 2894 972 2964 quod
1015 2909 1045 2946 a
1078 2893 1278 2946 saeculo
1309 2894 1639 2950 consuevisti
1687 2895 1932 2950 misereri
1973 2910 2186 2958 eorum,

2289 2895 2369 2947 ὅτι
2410 2895 2505 2946 ἀπ’
2539 2895 2734 2958 αἰῶνος
2764 2894 2921 2948 εἴωθε
2969 2895 3043 2967 (1)
3077 2895 3244 2949 ἐλεεῖν
3271 2897 3394 2960 τοὺς
3422 2896 3878 2968 προσπίπτοντας

620 2986 709 3055 qui
744 2985 838 3038 tibi
872 3001 927 3038 se
956 2994 1325 3054 prosternunt.
2212 3033 2254 3089 Ο
2290 3003 2390 3038 σοι.

691 3077 777 3131 15.
827 3075 1154 3132 Obliviscere
1204 3077 1448 3131 omnium
1496 3086 1843 3145 peccatorum
1903 3092 2182 3140 meorum,
2213 3069 2254 3089 ν

2357 3076 2441 3127 15.
2477 3074 2665 3145 Λήθην
2694 3076 2909 3128 πάντων
2938 3074 3160 3144 ποίησον
3185 3075 3293 3127 τῶν
3317 3075 3600 3146 ἁμαρτιῶν
3637 3093 3775 3147 μου,
3803 3069 3878 3131 ὧν

621 3183 739 3238 qua:
764 3169 997 3239 juvenis,
1035 3179 1086 3223 et
1116 3170 1423 3237 ignorantia
1455 3167 1650 3221 ductus
1685 3167 1955 3221 commisi.

1923 3168 1955 3220 i.
2286 3165 2586 3235 πεποίημαι
2621 3165 2737 3228 νέος
2761 3164 2855 3230 ὢν,
2891 3166 2981 3219 καὶ
3010 3165 3199 3236 ἀγνοίᾳ
3226 3167 3521 3237 φερόμενος

689 3260 777 3324 11,
809 3261 895 3313 15.
931 3259 1154 3327 Propter
1183 3259 1470 3312 bonitatem
1499 3269 1675 3321 tuam,
1704 3257 1945 3312 Domine.
1984 3257 2185 3325 Quem-

2361 3259 2447 3323 H,
2482 3260 2564 3313 l5.
2609 3261 2859 3313 Ἕνεκεν
2893 3259 3003 3328 τῆς
3025 3262 3436 3329 χρηστότητός
3467 3276 3585 3314 σου
3609 3300 3624 3323 ,
3666 3262 3873 3329 Κύριε.

619 3351 908 3405 admodum
940 3367 1136 3418 magna
1172 3361 1253 3405 est
1289 3361 1380 3405 tua
1416 3351 1809 3416 misericordia,
1862 3352 1934 3405 ita
1962 3355 2064 3406 mei
2101 3368 2185 3407 re-

2289 3351 2495 3421 Ὠσπερ
2527 3351 2667 3419 μέγα
2701 3368 2792 3403 σου
2817 3352 2877 3404 τὺ
2905 3351 3050 3414 ἔλεός
3077 3353 3243 3414 ἐστιν,
3271 3351 3444 3412 οὕτως
3475 3368 3576 3422 μου
3607 3353 3876 3422 μνησθεὶς

620 3442 871 3497 cordatus
896 3442 1118 3508 dignum
1145 3441 1230 3494 fac
1258 3458 1342 3495 me
1371 3442 1748 3495 misericordia
1783 3453 1893 3501 tua,
1924 3443 2184 3510 quoniam

2286 3443 2512 3509 ἀξίωσον
2546 3460 2612 3513 με
2643 3443 2735 3496 τοῦ
2773 3443 2953 3507 ἐλέους
2988 3460 3080 3496 σου
3102 3485 3115 3508 ,
3151 3445 3336 3496 ἕνεκεν
3370 3443 3463 3496 τοῦ
3499 3439 3638 3496 εἶναί
3684 3460 3748 3496 σε
3785 3446 3876 3497 £6-

621 3545 674 3588 tu
706 3533 878 3590 facilis
912 3549 971 3589 es
1012 3534 1076 3588 ad
1119 3534 1534 3603 excipiendum,
1577 3544 1628 3589 et
1660 3534 1916 3589 omnibus
1958 3534 2185 3604 teipsum

2288 3537 2532 3607 πάραχον
2562 3535 2981 3609 [εὑπαράδοχον]
3012 3538 3110 3609 (α),
3157 3538 3249 3590 καὶ
3284 3539 3450 3590 πᾶσιν
3483 3536 3678 3590 ἑαυτὸν
3731 3555 3876 3609 παρ-

621 3628 846 3697 praebes.

2287 3628 2453 3698 ἐχειν.

690 3717 774 3771 16.
808 3716 1070 3782 Quoniam
1096 3718 1275 3771 bonus
1303 3724 1406 3782 est,
1436 3724 1489 3769 et
1521 3715 1856 3778 misericors,

2362 3720 2448 3773 16.
2487 3718 2702 3790 Ἐπειδὴ
2733 3719 2936 3787 ἀγαθός
2963 3720 3079 3771 ἐστι
3115 3719 3208 3772 καὶ
3239 3719 3504 3791 ἐλεήμων,

691 3806 774 3860 17.
805 3805 1093 3876 Propterea
1125 3815 1437 3875 peceatores
1467 3807 1531 3860 ad
1562 3821 1620 3860 se
1651 3810 1922 3862 convertit

2361 3812 2446 3864 17.
2481 3811 2581 3863 Διὰ
2603 3811 2758 3865 τοῦτο
2785 3813 2908 3875 τοὺς
2932 3811 3345 3884 ἁμαρτάνοντας
3375 3813 3699 3884 ἐπιστρέφει
3737 3815 3872 3884 πρὸς

2290 3903 2470 3957 αὑτόν.

693 3986 778 4052 18,
812 3986 898 4040 19.
941 3985 1175 4040 Deducet
1205 3986 1256 4039 in
1283 3985 1558 4039 veritatem
1592 4001 1687 4040 eos
1709 4027 1723 4051 ,
1757 3986 1849 4056 qui
1887 3987 1937 4042 ei
1971 4004 2078 4043 non
2111 4005 2190 4044 re-

2364 3996 2450 4061 18,
2491 3997 2578 4051 19.
2617 3998 2903 4068 Ὀδηγήσει
2942 3997 3021 4060 είς
3047 3996 3305 4066 ἀλήθειαν
3337 3999 3463 4061 τοὺς
3495 3998 3568 4068 μὴ
3609 3997 3874 4052 ἀνθιστα-

620 4080 841 4144 sistunt,
872 4087 925 4132 et
951 4077 1166 4132 docebit
1194 4092 1306 4142 eos,
1333 4078 1424 4154 qui
1456 4078 1502 4131 ei
1535 4078 1867 4146 auscultant,
1912 4082 2189 4149 quomodo

2293 4085 2483 4158 μένους
2499 4088 2665 4158 αὐτῷ,
2686 4089 2778 4142 καὶ
2798 4088 3133 4155 διδάξειτοὺς
3157 4089 3529 4152 ὑπακούοντας
3550 4088 3727 4160 αὐτῷ,
3756 4090 3873 4153 πιῖις

619 4170 929 4240 perveniant
960 4171 1012 4222 in
1050 4182 1272 4235 regnum
1302 4167 1590 4220 cmlorum.

2290 4180 2515 4232 ἔλθωσιν
2541 4182 2617 4243 εἰς
2644 4182 2742 4253 τὴν
2773 4182 3046 4253 βασιλείαν
3071 4183 3178 4236 τῶν
3205 4183 3469 4255 οὐρανῶν.

689 4263 779 4328 20,
809 4261 896 4314 21.
927 4259 1120 4314 Omnia
1163 4259 1414 4311 mandata
1444 4257 1655 4311 Domini
1699 4259 2070 4315 misericordia
2092 4304 2106 4328 ,
2137 4273 2191 4318 et

2353 4272 2441 4336 20,
2479 4273 2567 4326 21.
2600 4274 2777 4327 Πᾶσαι
2815 4277 2868 4328 αἱ
2907 4274 3116 4328 ἐντολαὶ
3145 4275 3351 4346 Κυρίου
3392 4273 3735 4345 ἐλεημοσύνη
3779 4272 3871 4327 καὶ

620 4354 753 4408 ﬁdes
793 4361 920 4406 sunt
962 4350 1270 4406 volentibus
1318 4351 1539 4420 implere
1575 4349 1742 4406 Vetus
1786 4349 2186 4408 Testamentum

2292 4363 2471 4426 πίστις
2505 4365 2610 4416 εἰσὶ
2639 4369 2748 4426 τοῖς
2776 4365 2983 4418 θέλουσι
3026 4365 3311 4437 πληρῶσαι
3342 4365 3440 4436 τὴν
3472 4363 3721 4417 Παλαιὰν
3749 4368 3873 4418 Δια-

620 4445 916 4502 secundum
949 4461 1045 4512 ea,
1070 4460 1192 4515 quae
1226 4459 1255 4498 a
1289 4442 1539 4508 Domino,
1567 4451 1621 4499 et
1654 4446 1722 4499 ab
1756 4445 1889 4517 ipsis
1928 4448 2184 4516 apostolis

2292 4455 2463 4528 θήκην
2492 4457 2632 4509 κατὰ
2664 4459 2738 4527 (2)
2771 4457 2875 4510 ὑπὸ
2904 4457 2996 4511 τοῦ
3031 4459 3235 4530 Κυρίου
3276 4456 3604 4528 λαληθέντα,
3634 4457 3736 4509 καὶ
3766 4456 3871 4510 τῶν

619 4539 760 4593 dicta
791 4545 938 4592 sunt.

2291 4550 2599 4604 ἀποστόλων
2627 4551 2823 4604 αὑτῶν.

687 4631 778 4696 22,
808 4629 899 4684 25.
934 4631 1121 4700 Agnus
1153 4631 1244 4685 Dei
1279 4631 1570 4696 cxsistcns,
1601 4640 1654 4687 et
1681 4632 1874 4688 tollens
1901 4643 2184 4704 peccatum

2359 4641 2449 4701 22.
2473 4641 2560 4696 25.
2594 4643 2669 4711 (5)
2707 4644 2764 4696 '0
2789 4643 3047 4715 ὑπάρχων
3081 4642 3276 4713 Ἀμνὺς
3324 4641 3418 4695 τοῦ
3454 4640 3613 4706 Θεοῦ,
3639 4642 3666 4693 6
3695 4641 3869 4713 αἴρων

620 4738 837 4784 meum;
868 4723 1096 4776 multum
1129 4723 1274 4776 enim
1308 4732 1410 4778 est.

2288 4734 2384 4806 τὴν
2409 4735 2681 4806 ἁμαρτίαν
2714 4753 2814 4806 μου
2841 4752 2853 4765 ·
2885 4734 3052 4807 πολλὴ
3085 4736 3194 4806 γάρ
3221 4737 3386 4788 ἐστιν.

702 4815 780 4870 24.
808 4815 942 4882 Quis
969 4825 1052 4872 est
1083 4817 1205 4881 ille,
1235 4818 1329 4888 qui
1376 4817 1578 4888 cogitet
1613 4816 1781 4872 Deum
1826 4817 2184 4886 inspectorem

2355 4824 2446 4878 26.
2481 4825 2574 4888 Τίς
2621 4828 2766 4878 ἐστιν
2810 4828 3015 4891 ἐκεῖνος
3053 4829 3080 4879 6
3123 4825 3317 4879 ἐννοῶν
3363 4823 3439 4894 (4)
3493 4823 3691 4896 ἔφορον
3728 4824 3868 4895 ἔχειν

621 4907 820 4964 habere
842 4909 864 4962 ‘I

2287 4915 2378 4969 τὸν
2400 4917 2560 4982 Θεόν;

689 5000 781 5054 25.
815 4998 1038 5054 Erudiet
1065 5016 1187 5053 eum
1222 5001 1275 5054 in
1303 5001 1585 5071 praeceptis
1617 5003 1752 5057 suis.

2360 5006 2449 5060 25.
2467 5008 2807 5078 Στοιχειώσει
2835 5009 2995 5063 αὑτὸν
3022 5011 3078 5062 ἐν
3101 5011 3220 5071 ταῖς
3241 5007 3480 5071 ἐντολαῖς
3495 5007 3688 5064 αὑτοῦ.

691 5091 782 5145 26.
819 5091 876 5145 In
909 5093 1044 5147 locis
1073 5094 1475 5162 supercmlestis
1509 5094 1767 5150 civitatis.

2360 5095 2447 5151 26.
2489 5100 2577 5151 Ἐν
2600 5100 2785 5163 τόποις
2815 5100 2914 5171 τῆς
2942 5101 3260 5171 ἐπουρανίου
3286 5099 3511 5163 πόλεως.

691 5183 784 5239 27.
818 5185 1118 5255 Super-nam
1155 5194 1354 5238 terram
1382 5185 1670 5255 signiﬁcat.

1469 5185 1670 5239 niﬂcat.
2368 5188 2455 5241 27.
2487 5190 2596 5259 Τὴν
2628 5191 2739 5244 ἄνω
2765 5190 2909 5261 λέγει
2943 5192 3065 5262 γῆν.

694 5274 782 5329 28.
815 5277 1118 5331 Auxiliator
1140 5286 1220 5331 est
1248 5276 1510 5333 Dominus
1535 5279 1838 5333 timentium
1866 5293 2011 5333 eum.

2362 5280 2449 5334 28.
2470 5283 2670 5352 Βοηθός
2683 5288 2796 5337 ἐστι
2812 5286 3012 5356 Κύριος
3027 5287 3054 5338 6
3071 5285 3178 5339 τῶν
3196 5285 3270 5356 (5)
3295 5283 3646 5355 φοϐουμένων
3678 5284 3860 5340 αὐτόν.

1572 5411 1873 5474 Addenda
1904 5418 1965 5474 et
2007 5413 2376 5492 corrigenda
2415 5435 2491 5476 ex
2529 5422 2670 5482 cod.
2706 5422 2906 5484 Vatic.

811 5533 1018 5614 Εἵῳθας
2295 5538 2565 5614 τοῦ-Θεοῦ,
2599 5538 2728 5612 ἆρον
2754 5546 2872 5614 τήν.

702 5605 1032 5683 ἕαίτάο
1122 5675 1146 5683 _
1212 5676 1222 5683 .
1275 5676 1286 5683 _
1414 5675 1425 5683 _
1652 5678 1664 5683 _
1704 5677 1744 5683 __
1841 5675 1853 5683 _
1939 5675 1952 5683 _
2023 5675 2033 5683 _
2366 5611 2440 5676 (4)
2485 5613 2540 5664 Ὀ
2569 5605 2930 5683 ἐννοούμενος.

696 5675 770 5744 (5)
804 5675 1024 5728 Ἕνεκεν
1056 5675 1148 5729 τοῦ
1201 5675 1456 5747 ὀνόματός
1493 5693 1614 5741 σου,
1643 5678 1670 5730 6
1704 5675 1896 5746 ’Δμνὸς
1931 5675 2188 5747 ὑπάρχων
2362 5675 2434 5761 (ὅ)
2468 5684 2692 5757 Βοήθεια
2722 5675 2866 5754 λέγει
2889 5675 3091 5756 Κύριος
3119 5684 3247 5748 τῶν,
3279 5692 3385 5738 etc.

706 5788 781 5858 (a)
819 5788 1127 5855 Legendum
1158 5794 1338 5861 potius
1389 5791 1710 5862 εὐπάροχον.
1744 5791 1900 5845 Eon.
