4060 6486
239 434 351 493 757
1147 430 1235 484 DE
1271 429 1544 485 TITULIS
1582 425 2031 483 PSALMORUM.
2071 454 2141 466 -—
2178 421 2372 476 PSAL.
2413 419 2580 474 XXV.
3361 420 3465 477 738

311 550 402 606 29.
437 549 547 603 Καὶ
573 552 605 621 ὴ
629 548 858 621 διαθήκη
892 548 1054 603 αὑτοῦ
1087 549 1312 620 δηλώσει
1341 550 1546 612 αὐτοῖς.

310 640 399 696 50.
432 640 495 693 Oi
523 639 787 710 ὀφθαλμοί
819 656 918 709 μου
948 638 1235 702 διαπαντὸς
1265 639 1398 711 πρὸς
1419 640 1509 693 τὸν
1540 639 1765 710 Κύριον,

310 729 405 784 51.
438 730 558 784 Ὀτι
580 731 738 794 αὐτὸς
760 732 1024 784 ἐκσπάσει
1041 735 1104 785 ἐκ
1122 733 1342 800 παγίδος
1357 733 1482 795 τοὺς
1501 733 1662 796 πόδας
1680 751 1798 803 μου.

313 822 405 876 52.
449 822 764 891 Ἐπίὸλεψον
788 823 872 874 ἐπ’
895 823 1014 893 ἐμὲ,
1041 824 1134 876 καὶ
1167 823 1390 894 ἐλέησον
1425 841 1490 892 με
1521 841 1534 853 ·

311 911 402 964 55.
437 912 555 964 Ὅτι
596 911 888 982 μονογενὴς
921 914 1015 964 καὶ
1039 913 1251 983 πτωχός
1280 916 1394 984 εἰμι
1423 911 1550 980 ἐγώ.

313 1003 404 1057 54.
437 1005 502 1057 Δί
540 1004 745 1073 θλίψεις
770 1006 868 1075 τῆς
901 1005 1125 1076 καρδίας
1156 1023 1256 1075 μου
1285 1005 1728 1075 ἐπληθύνθησανο

307 1096 399 1152 55.
445 1098 540 1150 Ἐκ
573 1097 680 1149 τῶν
713 1096 966 1166 ἀναγκῶν
1003 1115 1101 1167 μου
1129 1097 1363 1166 ἐξάγαγὲ
1400 1115 1488 1168 με.

310 1190 400 1245 56.
440 1191 545 1243 Ἴδε
573 1190 668 1262 τὴν
701 1191 1026 1244 ταπείνωσίν
1057 1209 1156 1261 μου
1186 1192 1392 1244 καὶτὸν
1421 1191 1586 1244 κόπον
1619 1208 1720 1260 μου
1757 1207 1771 1222 ο

312 1283 402 1336 57.
437 1284 545 1336 Καὶ
580 1284 715 1352 ἄφες
738 1284 913 1348 πάσας
940 1283 1036 1347 τὰς
1069 1284 1340 1354 ἁμαρτίας
1376 1300 1498 1353 μου.

311 1375 400 1431 58.
438 1377 541 1430 Ἴδε
567 1378 692 1439 τοὺς
719 1377 944 1448 ἐχθρούς
973 1395 1096 1449 μου,
1123 1379 1204 1430 ὅτι
1249 1375 1663 1448 ἐπληθύνθησαν
1682 1393 1694 1405 ·

312 1551 400 1608 59.
430 1551 541 1604 Καὶ
579 1554 731 1622 μῖσος
757 1551 935 1606 ἄδικον
957 1551 1226 1623 ἐμίσησαν
1257 1567 1346 1621 με.
1687 1618 1692 1623 _

311 1643 400 1698 40.
435 1643 672 1710 Φύλαξον
700 1644 798 1714 τὴν
825 1644 1003 1714 ψυχήν
1036 1661 1158 1714 μου,
1184 1644 1275 1696 καὶ
1315 1641 1475 1713 ῥῦσαί
1507 1656 1594 1712 με’

311 1735 401 1790 41.
434 1737 526 1808 Μὴ
553 1735 1022 1806 καταισχυνθείην,
1056 1735 1136 1788 ὃτι
1168 1735 1370 1806 ἢλπισα
1401 1735 1493 1786 ἐπὶ
1533 1732 1615 1786 σέ.

314 1827 404 1884 42.
444 1829 674 1881 Ἀκακοι
714 1829 806 1880 καὶ
839 1828 1015 1891 εὑθεῖς
1063 1826 1357 1880 ὲκολλῶντό
1404 1841 1517 1896 μοι,
1577 1824 1658 1876 ὅτι
1701 1823 1802 1876 ὑπ-

240 1919 437 1991 έμεινά
461 1937 539 1984 σε,
559 1919 752 1991 Κύριε.

311 2012 401 2067 45.
433 2014 741 2084 Λύτρωσαι,
768 2014 796 2066 ὁ
827 2012 975 2076 Θεὸς,
1001 2009 1092 2064 τὸν
1133 2010 1350 2082 Ἰσραὴλ
1379 2011 1443 2063 ἐκ
1466 2008 1654 2062 πασῶν
1692 2006 1800 2060 τῶν

239 2104 476 2176 θλίψεων
512 2104 698 2159 αὑτοῦ.

555 2235 795 2308 Ψαλμὸς
824 2234 904 2302 τῷ
932 2233 1126 2290 Δαϐίδ.
1159 2236 1332 2288 ΨΑΛ.
1362 2236 1493 2290 KE'.

314 2352 366 2406 1.
397 2351 594 2424 Κρῖνόν
622 2368 735 2421 μοι,
764 2349 954 2421 Κύριε,
978 2349 1060 2402 ὅτι
1088 2347 1197 2416 ἐγὼ
1229 2349 1286 2400 ἐν
1315 2346 1520 2419 ἀκακία
1551 2364 1651 2418 μου
1680 2349 1805 2399 ἐπο-

243 2443 444 2516 ρεύθην
469 2459 485 2474 ο

1828 556 1876 612 Α
1969 546 2059 600 20.
2096 543 2160 597 Ει
2191 550 2571 598 testamentum
2603 540 2775 610 ipsius
2805 537 3175 594 manifestabit
3199 539 3328 595 illis.

1972 636 2060 691 50.
2088 633 2242 688 Oculi
2275 632 2379 687 mei
2411 647 2624 701 semper
2654 632 2720 685 ad
2757 629 3070 694 Dominum,

1973 729 2059 781 51.
2097 727 2358 792 Quoniam
2403 727 2517 796 ipse
2547 725 2740 779 evellet
2770 725 2834 778 de
2872 725 3066 793 laqueo
3093 723 3257 792 pedes
3294 737 3466 780 meos.

1972 819 2058 871 3‘2.
2096 818 2317 888 Respice
2348 818 2400 870 in
2430 832 2533 881 me,
2567 826 2622 870 et
2654 817 2911 870 miserere
2940 817 3083 869 mei:

1971 909 2059 963 55.
2096 908 2233 974 Quia
2266 908 2461 962 unicus
2491 916 2543 960 et
2580 922 2781 976 pauper
2811 921 2931 960 sum
2964 923 3086 976 ego.

1973 1000 2060 1054 54.
2095 999 2492 1054 Tribulationes
2515 1000 2695 1054 cordis
2720 1001 2822 1053 mei
2850 999 3220 1068 multiplicatae
3247 1009 3406 1054 sunt:

1973 1093 2060 1146 55.
2097 1091 2167 1146 De
2192 1092 2604 1146 necessitatibus
2637 1091 2773 1146 meis
2809 1107 2939 1146 erue
2968 1108 3072 1147 me.

1973 1183 2059 1235 56.
2097 1183 2230 1237 Vide
2278 1183 2633 1236 humilitatem
2684 1199 2856 1238 meam
2884 1193 2937 1239 et
2972 1185 3213 1241 laborem
3249 1202 3466 1243 meum:

1973 1275 2061 1330 57.
2095 1275 2157 1329 Et
2189 1276 2398 1328 dimitte
2439 1276 2688 1331 universa
2715 1277 2911 1332 delicia
2945 1295 3084 1333 mea.

1974 1368 2062 1424 58.
2101 1366 2326 1437 Respice
2359 1367 2613 1422 inimicos
2638 1384 2811 1433 meos,
2839 1371 3098 1440 quoniam
3127 1373 3471 1443 multiplicati

1905 1469 2074 1513 sunt:

1970 1552 2058 1606 59.
2095 1551 2161 1607 Et
2194 1554 2318 1608 odio
2353 1553 2540 1624 iniquo
2573 1554 2806 1609 oderunt
2837 1571 2944 1610 me.

1973 1644 2062 1698 40.
2099 1644 2320 1701 Custodi
2355 1649 2589 1701 animam
2616 1664 2812 1712 meam,
2843 1660 2896 1703 et
2921 1665 3047 1704 erue
3071 1665 3190 1705 me:

1971 1737 2060 1790 41.
2098 1736 2215 1791 Non
2249 1740 2593 1804 erubescam,
2631 1742 2888 1811 quoniam
2919 1746 3130 1812 speravi
3167 1743 3218 1797 in
3253 1751 3326 1799 te.

1971 1827 2059 1881 42.
2092 1826 2408 1885 lnnocentes
2426 1841 2478 1885 et
2499 1833 2630 1886 recti
2657 1833 3003 1888 adhaeserunt
3021 1835 3175 1902 mihi,
3195 1837 3322 1906 quia
3350 1854 3468 1893 sus.

1835 1905 1876 1960 Β
1909 1917 2046 1971 tinui
2075 1927 2145 1972 te.

1977 2008 2068 2064 45.
2105 2007 2320 2077 Libera,
2358 2009 2520 2077 Deus,
2548 2010 2712 2066 lsracl
2755 2026 2819 2067 ex
2863 2014 3118 2070 omnibus
3165 2015 3470 2072 tribulatio-

1911 2099 2072 2154 nibus
2098 2102 2234 2156 suis.

2250 2230 2497 2287 Psalmus
2526 2233 2717 2289 David.
2755 2235 2958 2294 I'SAL.
2989 2238 3092 2292 ΧΧ
3109 2239 3168 2296 ι’.

1982 2343 2031 2396 1.
2063 2341 2250 2398 Judica
2280 2361 2385 2411 me,
2411 2345 2676 2414 Domine;
2704 2351 2960 2419 quoniam
2993 2368 3093 2423 ego
3121 2354 3176 2408 in
3209 2353 3470 2409 innocen-

1909 2438 1984 2492 tia
2018 2455 2136 2494 mea
2162 2440 2441 2512 ingressus
2471 2457 2591 2496 sum
2619 2458 2634 2494 :

1376 2639 1747 2694 ATIIANASH
1786 2638 2372 2696 INTERPREI‘ATIO.

311 2826 403 2880 29.
432 2827 641 2893 Διδάξει
663 2825 876 2892 αὐτούς.

314 2923 402 2977 50.
438 2922 551 2991 Τῆς
579 2920 802 2993 καρδίας
835 2937 935 2992 μου
967 2919 1128 2990 λέγει.

315 3014 405 3068 51.
452 3013 582 3065 Ἀπὸ
617 3011 900 3082 ἁμαρτιῶν
922 3011 1020 3082 (1).

313 3104 403 3159 52.
436 3104 676 3175 Πρὸσχες
699 3103 756 3154 τὸ
781 3102 1002 3165 ἀσθενές
1026 3119 1147 3171 μου,
1180 3102 1274 3155 καὶ
1303 3101 1524 3173 ἐλέησόν
1554 3120 1643 3173 με.

315 3196 403 3249 55.
438 3194 618 3264 Μηδὲν
653 3193 728 3263 (2)
754 3193 914 3263 ἔχων.

311 3287 399 3340 54.
435 3288 501 3339 Δί
532 3287 792 3357 ἁμαρτίαι
827 3305 948 3358 μου.

327 3379 404 3434 15.
445 3379 576 3432 Ἀπὸ
603 3379 884 3450 ἁμαρτιῶν
925 3379 1022 3451 (5).

312 3468 381 3524 56
411 3510 425 3533 ,
459 3469 547 3523 57.
578 3471 789 3532 Ἔπιδε,
819 3471 900 3524 ὅτι
929 3470 1058 3541 χοῦς
1094 3473 1228 3542 εἰμι,
1259 3471 1352 3524 κα)¹
1379 3470 1611 3542 πρόσχες
1631 3471 1690 3524 τὸ
1721 3471 1804 3524 δυο

238 3560 404 3615 νατδν
434 3560 540 3613 τῶν
576 3561 908 3630 ἐπιθεμένων
942 3579 1030 3629 μοι
1059 3561 1327 3631 πολεμίων
1349 3562 1445 3633 (4),
1486 3563 1577 3616 καὶ
1601 3563 1807 3630 σπλαγ-

239 3651 479 3724 χνισθεὶς
514 3652 650 3720 ἄφες
679 3653 858 3715 πάσας
883 3653 980 3713 τὰς
1014 3653 1288 3723 ἁμαρτίας
1323 3671 1444 3724 μου.

315 3742 405 3797 58.
441 3741 577 3804 Τοὺς
601 3741 857 3811 δαίμονας
885 3742 1052 3809 λέγει.

313 3835 403 3889 59.
443 3835 622 3904 Μηδὲν
648 3835 969 3905 ἀδικηθέντα
995 3833 1071 3905 (5)
1103 3835 1192 3888 ὑπ’
1218 3835 1373 3905 ἐμοῦ.

313 3926 404 3981 40.
443 3928 538 3980 Ἐκ
562 3927 668 3979 τῶν
697 3927 952 3981 ἐναντίων
975 3927 1276 3997 δυνάμεων.

320 4020 410 4074 41.
441 4022 533 4090 Μὴ
560 4018 938 4091 ὰλλοτριώσεις
976 4036 1042 4088 με
1074 4018 1299 4084 ἑαυτοῦ,
1329 4021 1410 4073 ὅτι
1454 4018 1656 4090 ἤλπισα
1684 4060 1699 4086 ,
1732 4020 1814 4072 ὃτι

240 4111 513 4186 προσδέξῃ
542 4130 631 4183 με.

316 4206 407 4260 42.
443 4203 631 4274 Χαρᾶς
667 4201 1018 4276 ὲπληρούμην
1049 4203 1394 4274 μεμνημένος
1428 4202 1536 4255 τῶν
1577 4203 1818 4270 ἐπαγγε-

244 4298 380 4354 λιῶν
414 4314 531 4352 σου.

1983 2831 2072 2887 29.
2105 2833 2324 2889 Docebit
2349 2850 2467 2891 eos.

1987 2922 2076 2976 50.
2112 2924 2304 2982 Cordis
2336 2927 2464 2994 mei,
2497 2925 2692 2995 inquit.

1989 3012 2077 3069 51.
2114 3017 2160 3069 Α
2189 3020 2442 3087 peccatis.

1991 3105 2078 3157 52.
2109 3106 2337 3160 Attende
2367 3106 2731 3161 infirmitatem
2762 3122 2960 3172 meam,
2984 3114 3036 3161 et
3066 3106 3320 3162 miserere
3345 3110 3471 3165 mei.

1987 3197 2076 3252 55.
2109 3195 2253 3250 Nihil
2292 3196 2518 3251 habens.

1987 3287 2076 3341 54.
2107 3286 2337 3343 Peccata
2372 3304 2513 3343 mea.

1985 3378 2076 3432 55.
2109 3378 2154 3430 Α
2182 3380 2438 3447 peccatis.

1985 3470 2076 3534 56,
2107 3471 2194 3524 57.
2220 3471 2425 3540 Inspice
2450 3471 2703 3540 quoniam
2739 3471 2914 3540 pulvis
2941 3487 3082 3538 sum,
3116 3481 3169 3528 et
3196 3475 3474 3531 considera

1915 3563 2205 3631 potentiam
2226 3563 2563 3615 inimicorum
2583 3562 2899 3615 irruentium
2919 3563 2972 3615 in
2996 3579 3102 3625 me,
3120 3571 3172 3617 et
3187 3565 3477 3622 miseratus

1915 3654 2124 3708 dimitte
2152 3653 2330 3707 omnia
2355 3664 2571 3723 peccata
2607 3667 2743 3705 mea.

1985 3745 2073 3799 58.
2110 3744 2385 3800 Darmones
2421 3744 2709 3814 significat.

1985 3836 2074 3892 59.
2112 3835 2265 3890 Nulla
2292 3838 2435 3889 enim
2470 3836 2667 3904 injuria
2705 3851 2734 3889 a
2768 3851 2851 3889 me
2878 3835 3051 3891 allecti
3083 3846 3230 3892 sunt.

1986 3929 2074 3984 40.
2101 3930 2142 3981 Α
2177 3928 2466 3983 contrariis
2499 3928 2860 3996 potestatibus

1989 4022 2076 4075 41.
2102 4019 2184 4074 Me
2216 4035 2244 4072 a
2272 4029 2323 4073 te
2357 4020 2474 4088 ipso
2501 4033 2606 4073 non
2637 4019 2917 4084 alienabis,
2949 4019 3207 4092 quoniam
3241 4026 3476 4091 speravi,

1919 4113 2063 4187 quod
2096 4127 2180 4166 me
2209 4111 2468 4181 excipies.

1989 4204 2079 4258 42.
2103 4203 2311 4259 Gaudio
2343 4203 2593 4274 impletus
2632 4217 2776 4267 sum,
2803 4204 3226 4272 promissionum
3259 4213 3477 4261 tuarum

1919 4295 2257 4351 recordatus.

319 4387 408 4446 45.
424 4390 528 4444 Τὸν
549 4388 875 4456 νοῦν,λέγει,
895 4385 986 4440 τὸν
1012 4385 1220 4458 ὁρῶντα
1244 4385 1333 4439 τὸν
1351 4385 1481 4439 Θεὸν
1516 4385 1807 4440 λύτοωσαι.

1989 4386 2076 4440 45.
2106 4385 2356 4449 Mentem,
2388 4382 2580 4453 inquit,
2609 4397 2729 4452 quae
2754 4383 2896 4437 videt
2923 4382 3113 4452 Deum,
3136 4386 3323 4444 libera.

333 4555 395 4607 Ἦ
428 4552 758 4624 προκειμένη
789 4549 1064 4620 ἐπιγραφὴ
1088 4547 1328 4618 περιέχει
1352 4562 1364 4574 ·
1405 4545 1476 4616 (6)
1511 4547 1754 4615 Ψαλμὸς
1785 4546 1864 4612 τῷ
1892 4547 2085 4613 Δαϐὶδ,
2126 4546 2389 4608 τουτέστι,
2431 4546 2674 4616 Ψαλμὸς
2706 4545 2784 4612 τῷ
2823 4545 2932 4612 Υἱῷ
2954 4547 3059 4601 τοῦ
3109 4549 3276 4603 Θεοῦ.
3317 4549 3485 4603 Δαϐὶδ

245 4651 360 4723 γὰρ
382 4647 738 4720 ἑρμηνεύεται
759 4645 964 4712 ἱκανὸς
997 4644 1164 4713 χειρὶ,
1200 4645 1332 4716 ὅπερ
1368 4644 1516 4697 ἐστὶν
1550 4646 1582 4697 ό
1609 4641 1739 4708 Υἱὸς
1761 4640 1867 4696 τοῦ
1900 4643 2068 4707 Θεοῦ,
2101 4642 2176 4709 (7)
2204 4641 2344 4696 καθὰ
2366 4644 2393 4695 ὁ
2417 4643 2700 4713 προφήτης
2736 4638 2985 4712 Ἐζεκιὴλ
3011 4641 3286 4697 δείκνυται
3307 4645 3482 4714 λέγων

324 4783 536 4839 Titulus
557 4781 876 4853 praepositus
903 4781 1180 4836 continet:
1207 4779 1455 4833 Psalmus
1481 4779 1669 4844 David,
1701 4780 1803 4835 hoc
1838 4788 1922 4835 est
1947 4799 1960 4835 :
1999 4780 2244 4834 Psalmus
2280 4779 2425 4833 Filio
2453 4780 2564 4834 Dei.
2593 4779 2759 4833 David
2794 4779 2939 4834 enim
2976 4779 3362 4850 interpretatur
3386 4799 3480 4850 po-

250 4894 366 4937 ‘ens
399 4897 576 4942 manu,
605 4881 748 4950 quod
781 4887 866 4934 est
893 4876 1067 4932 Filius
1093 4877 1208 4939 Dei,
1237 4877 1699 4947 quemadmodum
1733 4879 1996 4948 propheta
2037 4877 2292 4932 Ezechiel
2326 4877 2590 4939 ostendit,
2624 4877 2810 4931 dicens
2838 4877 2892 4930 in
2922 4877 3130 4930 visione
3153 4876 3433 4931 cherubim
3460 4896 3476 4932 :

322 4977 372 5030 1.
404 4976 660 5047 Θέλησον,
684 4976 855 5049 Κύριε
891 4974 985 5045 (8),
1017 4973 1376 5033 καταδικάσαι
1402 4975 1544 5044 ἐμοὶ,
1581 4973 1677 5028 καὶ
1705 4976 1817 5037 τοῖς

1983 4975 2034 5028 1.
2065 4972 2242 5038 Veiis,
2273 4971 2521 5036 Domine,
2547 4971 2794 5041 judicare
2839 4975 2979 5026 inter
3026 4987 3112 5026 me
3156 4982 3210 5027 et
3252 4972 3481 5044 Babylo-

241 5066 632 5132 Βαϐυλωνίοις,
661 5069 742 5120 ὅτι
771 5066 881 5136 ἐγὼ
909 5067 1004 5137 μὲν
1030 5065 1178 5136 πάσῃ
1205 5064 1410 5134 ἀκακία
1432 5064 1706 5136 κέχρημαι
1730 5064 1807 5128 είς

1918 5062 2059 5125 nios,
2092 5063 2350 5131 quoniam
2397 5076 2495 5132 ego
2528 5062 2744 5130 quidem
2776 5062 2828 5114 in
2860 5077 2954 5115 eos
2985 5063 3132 5117 omni
3169 5062 3478 5118 innocentia

247 5165 472 5227 αὐτοὺς,
506 5159 732 5235 [αὐτοὶ]
763 5160 818 5212 δὲ
844 5162 922 5222 εἰς
947 5159 1046 5229 ἐμὲ
1071 5159 1280 5229 πονηρά
1313 5155 1581 5230 [πονηρίᾳ
1603 5156 1648 5229 1.

1923 5172 2056 5212 usus
2079 5171 2199 5210 sum
2226 5173 2241 5221 ;
2281 5155 2381 5226 ipsi
2409 5165 2586 5210 autem
2614 5157 2666 5208 in
2691 5171 2777 5210 me
2801 5156 2949 5210 omni
2982 5155 3241 5227 nequitia.

1199 5335 1499 5398 Addenda
1525 5339 1587 5396 et
1644 5332 2012 5411 corrigenda
2046 5351 2125 5396 ex
2161 5335 2298 5396 cod.
2333 5334 2534 5395 Vatic.

328 5531 405 5599 (1)
439 5531 576 5602 κ’ᾼπὺ
602 5531 784 5602 πάσης
814 5530 1107 5601 ἁμαρτίας.

328 5603 406 5670 (‘2)
437 5601 667 5670 Μηδένα.

442 5668 681 5742 ξΕκτῶν
714 5668 950 5742 ἀνομιῶν
986 5687 1108 5742 μου.

331 5740 407 5810 (4)
439 5741 713 5810 Πολέμων,
747 5741 840 5791 καὶ
863 5740 936 5804 ὡς
968 5741 1166 5807 σπλαγ.

334 5812 409 5866 l5)
455 5811 843 5868 ’Abtxrﬂéwu.

1921 5738 2018 5793 cod

1997 5524 2070 5592 (6)
2115 5525 2178 5578 Ἦ
2201 5525 2286 5596 διὰ
2317 5523 2806 5596 τῆςῌκινναὸἀρεως
2843 5541 2967 5594 περ.

1997 5597 2072 5661 (7)
2113 5597 2170 5648 '0
2193 5595 2284 5648 τοῦ
2310 5594 2445 5647 Θεοῦ
2468 5596 2612 5656 Υἱός,
2648 5603 2752 5648 etc.

1997 5597 2050 5661 (7
2113 5597 2170 5648 Ὀ
2193 5597 2284 5648 τοῦ
2310 5597 2445 5647 Θεοῦ
2468 5597 2612 5656 Υἱός,
2648 5603 2752 5648 etc.

1993 5597 2072 5735 (8)
2111 5665 2358 5736 Ἐλέησόν
2390 5682 2457 5736 με
2490 5665 2659 5733 λέγει,
2691 5663 2914 5734 Κύριος.
2936 5663 3165 5735 Reliqua
3189 5665 3385 5721 desunt
3417 5668 3475 5722 in
