4060 6432
631 360 735 423 739
1471 361 1527 416 S.
1566 359 1932 416 ATHANASII
1967 359 2118 418 OPP.
2157 362 2340 418 PARS
2381 363 2469 420 lll.
2514 392 2583 406 -
2618 361 3035 420 EXEGETICA.
3745 365 3868 422 760

691 484 750 541 2.
780 484 841 539 Et
872 485 927 539 in
955 483 1187 540 Domino
1217 498 1462 554 sperans,
1496 499 1603 537 non
1638 483 1974 538 inﬁrmabor.
2216 492 2262 548 Α

2216 492 2262 548 Α
2357 489 2410 542 2.
2443 489 2550 541 Kal.
2573 488 2664 540 ἐπὶ
2691 486 2768 558 τῷ
2796 487 2988 558 Κυρίῳ
3009 485 3268 553 ἐλπίζων,
3302 484 3362 538 οὐ
3392 484 3468 556 μὴ
3496 483 3810 557 ἀσθενήσω.

693 578 749 635 3.
779 577 948 632 Proba
979 593 1085 642 me,
1119 576 1367 642 Domine,
1395 586 1449 630 et
1481 583 1628 629 tenta
1659 590 1778 630 me:

2353 581 2404 634 5.
2441 581 2739 650 Δοκίμασόν
2769 598 2857 650 με,
2895 579 3088 649 Κύριε,
3118 580 3212 632 καὶ
3242 579 3502 649 πείρασόν
3531 595 3597 648 με
3618 595 3631 609 ·

691 671 746 728 ι.
778 669 884 726 Ure
906 685 1066 726 renes
1095 683 1265 734 meos,
1291 678 1344 724 et
1367 683 1464 723 cor
1492 683 1696 723 meum.

2359 671 2411 725 4.
2449 671 2706 742 Πύρωσον
2752 671 2878 733 τοὺς
2921 669 3150 740 νεφρούς
3202 686 3302 740 μου
3341 669 3435 722 καὶ
3477 668 3576 738 τὴν
3627 668 3867 740 καρδίαν

2336 780 2440 815 Ου’

693 843 744 898 5.
774 842 1044 910 Quoniam
1089 841 1461 897 misericordia
1514 852 1608 896 tua
1655 852 1778 897 ante
1805 843 1993 899 oculos
2037 859 2188 899 meos
2293 812 2296 831 ‘

2336 781 2395 815 ου
2426 781 2440 794 ·

2293 781 2332 833 μ
2360 855 2411 910 5.
2443 855 2564 909 Ὅτι
2597 855 2656 908 τὸ
2682 854 2828 918 ἔλεός
2860 871 2954 908 σου
2977 853 3264 908 κατέναντι
3295 853 3400 905 τῶν
3429 851 3727 922 ὀφθαλμῶν
3756 849 3868 920 μού

629 941 707 987 est
727 951 739 986 :
2291 949 2315 1000 ἐ

693 966 738 986 ..
2291 967 2296 998 ,

693 1021 746 1078 6.
774 1021 840 1076 Et
863 1024 1160 1093 complacui
1189 1025 1246 1078 in
1267 1024 1492 1078 veritate
1523 1033 1635 1077 tua.

2291 966 2448 1012 εστι,

2361 1039 2414 1094 6.
2446 1040 2554 1092 Καὶ
2581 1039 2920 1109 εὐηρέστησα
2953 1039 3011 1090 ἐν
3031 1040 3096 1108 τῇ
3125 1036 3350 1107 ἀληθείᾳ
3387 1053 3502 1089 σου.

694 1112 747 1165 7.
784 1111 897 1167 Non
931 1114 1044 1168 sedi
1071 1129 1194 1168 cum
1227 1112 1456 1167 concilio
1483 1112 1737 1167 vanitatis
1765 1131 1778 1167 :

2363 1131 2414 1182 7.
2447 1131 2558 1182 Οὐκ
2583 1128 2811 1182 ἐκάθισα
2838 1127 2973 1198 μετά
3000 1127 3277 1197 συνεδρίου
3313 1127 3677 1196 ματαιότητος
3701 1142 3716 1157 ·

693 1205 746 1257 8.
782 1203 844 1257 Et
879 1220 1000 1259 cum
1035 1205 1222 1273 iniqua
1254 1205 1566 1273 gerentibus
1597 1220 1702 1258 non
1735 1205 1973 1260 introibo
2002 1225 2013 1258 :

2361 1221 2413 1274 8.
2446 1223 2554 1273 Kal.
2583 1221 2720 1291 μετά
2755 1219 3212 1291 παρανομούντων
3240 1219 3299 1270 οὑ
3332 1217 3405 1287 μὴ
3433 1218 3684 1273 εἰσέλθω.

694 1295 747 1350 9.
773 1295 926 1350 0divi
954 1296 1239 1350 ecclesiam
1273 1296 1712 1365 malignantium.

697 1385 785 1439 10.
822 1385 1040 1439 Etcum
1079 1387 1260 1455 impiis
1291 1403 1396 1439 non
1431 1385 1651 1441 sedebo.

698 1475 783 1529 11.
814 1475 1031 1530 Lavabo
1060 1477 1197 1530 inter
1223 1478 1536 1531 innocentes
1561 1491 1759 1530 manus
1793 1491 1940 1530 meas
1965 1497 1976 1530 :

701 1567 789 1621 {2.
824 1569 891 1623 Et
913 1570 1256 1623 circnmdaho
1293 1570 1459 1623 altare
1486 1577 1663 1631 tuum,
1694 1567 1944 1635 Domine,

701 1659 787 1712 l3.
817 1658 884 1713 Ut
910 1659 991 1730 [ut
1025 1658 1142 1730 ego]
1178 1660 1393 1714 audiam
1420 1674 1605 1713 vocem
1630 1659 1828 1724 laudis,

2364 1315 2418 1367 9.
2461 1315 2726 1384 Ἐμίσησα
2762 1312 3056 1382 ἐκκλησίαν
3077 1311 3523 1381 πονηρευομένων
3544 1326 3558 1339 ·

2363 1405 2449 1459 10.
2485 1406 2594 1457 Καὶ
2642 1405 2777 1476 μετά
2805 1405 3016 1457 ἀσεϐῶν
3041 1405 3101 1456 οὐ
3141 1404 3213 1474 μὴ
3245 1405 3472 1456 καθίσω.

2363 1497 2448 1550 11.
2485 1496 2724 1566 Νίψομαι
2758 1497 2814 1547 ὲν
2839 1494 3034 1557 ἀθώοις
3061 1495 3157 1557 τὰς
3188 1495 3371 1565 χεῖράς
3400 1512 3500 1562 μου
3525 1512 3538 1524 ⁸

2367 1589 2452 1642 12.
2485 1590 2592 1640 Καὶ
2619 1587 2878 1640 κυκλώσω
2903 1587 2962 1639 τὸ
2989 1588 3371 1657 θυσιαστήριον
3400 1604 3514 1649 σου,
3541 1587 3717 1658 Κύριε
3743 1629 3760 1653 ,

2368 1681 2450 1733 15.
2485 1681 2590 1733 Τοῦ
2626 1679 2855 1733 ἀκοῦσαι
2887 1679 3066 1750 φωνῆς
3100 1678 3244 1749 [,Τοῦ
3271 1677 3500 1731 ἀκοῦσαί
3540 1695 3606 1748 με
3656 1677 3880 1748 φωνὴν]

2295 1765 2549 1829 αίνέσεώς
2581 1784 2695 1830 σου,

697 1858 781 1913 14.
814 1858 882 1912 Et
911 1874 1157 1913 enarrem
1189 1860 1439 1914 universa
1479 1861 1750 1914 mirabilia
1783 1872 1892 1913 tua.
2223 1849 2265 1904 Β

2223 1849 2265 1904 Β
2367 1857 2452 1910 14.
2486 1859 2594 1910 Καὶ
2627 1858 2986 1928 διηγήσασθαι
3015 1859 3190 1912 πάντα
3215 1858 3280 1911 τὰ
3310 1857 3590 1928 θαυμάσιά
3616 1875 3737 1912 σου.

699 1949 787 2003 15.
827 1948 1069 2010 Domine,
1098 1949 1260 2004 dilexi
1288 1951 1535 2004 decorem
1565 1951 1758 2006 domus
1797 1959 1923 2016 tuae,

2371 1949 2457 2002 15.
2489 1948 2686 2019 Κύριε,
2716 1952 2976 2021 ἠγάπησα
3002 1951 3332 2019 εὐπρέπειαν
3358 1952 3504 2002 οἴκου
3534 1967 3651 2016 σου,

696 2038 785 2093 16.
822 2037 887 2092 Et
914 2039 1092 2094 locum
1127 2041 1697 2109 habitationisgloria:
1733 2050 1858 2096 tua).

2370 2041 2457 2096 16.
2491 2043 2600 2094 Καὶ
2622 2043 2785 2095 τόπον
2815 2042 3166 2113 σκηνιῦματος
3200 2043 3358 2113 δόξης
3382 2060 3495 2097 σου.

701 2129 789 2181 17.
827 2127 903 2184 Ne
924 2131 1118 2198 perdas
1144 2147 1265 2186 cum
1293 2131 1492 2200 impiis,
1527 2130 1688 2198 Deus,
1719 2132 1954 2186 animam
1983 2146 2154 2186 meam
2180 2149 2194 2184 :

2374 2133 2460 2187 17.
2492 2133 2582 2203 Μὴ
2613 2134 2982 2206 συναπολέσῃς
3010 2133 3146 2204 μετὰ
3169 2134 3381 2188 ἀσεϐῶν
3403 2135 3503 2205 τὴν
3517 2134 3699 2205 ψυχήν
3732 2153 3842 2204 μου
3868 2176 3881 2198 ,

703 2221 787 2274 18.
827 2221 890 2275 Et
917 2239 1038 2277 cum
1071 2225 1202 2278 viris
1224 2225 1549 2294 sanguinum
1573 2224 1734 2278 vitam
1763 2240 1938 2277 meam
1967 2242 1979 2279 :

2377 2223 2463 2276 18.
2495 2224 2604 2275 Ka‘t
2637 2223 2774 2293 μετὰ
2823 2224 3028 2294 ἀνδρῶν
3063 2225 3309 2294 αἱμάτων
3339 2225 3435 2295 τὴν
3466 2225 3610 2295 ζωήν
3662 2242 3768 2295 μου
3800 2244 3813 2254 ·

1745 2357 2118 2412 ATHANASII
2160 2353 2744 2412 lN'l'EBPRETATlO.

629 2470 687 2522 ἐν
710 2474 775 2541 τῇ
800 2471 1031 2542 ὀπτασίᾳ
1061 2471 1165 2524 τῶν
1188 2473 1449 2544 χερουὸίμ
1469 2489 1481 2503 '
1500 2473 1590 2538 Ὡς
1617 2473 1785 2542 φωνὴ
1811 2474 1886 2544 (1)
1917 2471 2315 2541 παρεμϐολῆς.
2343 2468 2551 2524 Οὐκοῦν
2567 2468 2643 2537 τῷ
2668 2469 2837 2520 εἰπεῖν
2865 2467 3044 2532 αὑτὸν,
3062 2467 3157 2531 Ὠς
3185 2465 3350 2535 φωνὴ
3378 2467 3586 2520 ἱκανοῦ
3609 2467 3712 2536 (α),
3737 2471 3892 2537 axx-

631 2561 810 2613 κοέναι
841 2563 936 2632 τὴν
973 2564 1152 2634 φωνὴν
1183 2565 1370 2635 εἴρηκε
1399 2563 1491 2617 τοῦ
1516 2566 1648 2618 Θεοῦ
1677 2566 1871 2634 Λόγου.
1912 2565 2135 2630 Ἱκανὸς
2163 2564 2270 2634 γὰρ
2301 2563 2449 2632 χειρὶ
2475 2563 2502 2614 ὁ
2530 2562 2663 2624 Θεὸς
2688 2562 2860 2630 Λόγος
2880 2561 2945 2614 ἂν
2969 2563 3074 2631 είη.
3106 2562 3419 2632 Είρήκαμεν
3439 2561 3567 2630 γὰρ,
3597 2561 3679 2612 ὅτι
3714 2566 3889 2615 Ψαλ-

629 2650 740 2720 μὸς
768 2652 847 2717 τῷ
886 2654 993 2718 Υἰῷ
1022 2655 1126 2708 τοῦ
1159 2656 1325 2719 Θεοῦ,
1355 2656 1542 2726 ἐπειδὴ
1576 2656 1738 2709 Δα6“ιδ
1773 2657 2132 2729 ἑρμηνεύεται
2165 2655 2373 2719 ἱκανὸς
2403 2654 2553 2721 χειρὶ
2575 2691 2589 2716 ,
2627 2654 2762 2724 ὅπερ
2796 2654 2943 2706 ἐστίν
2969 2656 2997 2705 ὁ
3029 2653 3160 2715 Θεὸς
3199 2653 3401 2719 Λόγος,
3454 2651 3596 2704 καθά
3637 2652 3746 2705 ὑπὸ
3780 2655 3887 2707 τοῦ

635 2744 910 2814 προφήτου
957 2741 1213 2814 Ἰεζεκιὴλ
1241 2744 1663 2815 μεμαθήκαμεν.

643 2856 706 2910 Ut
731 2874 827 2910 vox
856 2860 1099 2926 potentis.
1129 2857 1373 2914 Profecto
1404 2859 1632 2915 dicendo
1660 2860 1856 2930 ipsum,
1891 2858 1956 2913 Ut
1982 2873 2077 2911 vox
2097 2858 2346 2926 potentis,
2376 2874 2561 2914 vocem
2597 2857 2891 2921 audivisse,
2929 2855 3066 2910 dixit
3122 2855 3214 2912 Dei
3254 2855 3435 2912 Verbi.
3479 2858 3676 2914 Potens
3725 2878 3889 2920 en2m

635 2966 792 3002 manu
822 2948 962 3003 Deus
985 2947 1220 3003 Verbum
1247 2950 1433 3020 utique
1446 2962 1547 3006 est.
1568 2950 2029 3020 Diximusitaque,
2057 2949 2197 3017 quod
2214 2946 2458 3002 Psalmus
2488 2948 2629 3037 Filio
2652 2947 2778 3010 Dei;
2807 2948 3064 3016 quoniam
3088 2945 3255 3001 David
3283 2947 3667 3017 interpretatur
3693 2966 3890 3018 potens

635 3059 815 3108 manu,
841 3042 986 3112 quod
1014 3052 1098 3096 est
1121 3041 1263 3098 Deus
1282 3041 1540 3110 Verbum,
1558 3042 2013 3114 quemadmodum
2047 3057 2076 3094 a
2105 3041 2365 3111 propheta
2398 3040 2676 3096 Ezechiele
2703 3038 3010 3094 didicimus.

695 3157 750 3210 2.
773 3156 957 3212 Habeo
999 3158 1144 3212 enim
1177 3158 1574 3214 conl’ortantem
1615 3173 1700 3213 me
1731 3157 1923 3224 Deum,
1959 3157 2013 3210 in
2043 3171 2202 3226 quem
2232 3157 2274 3214 C

2374 3156 2429 3210 2.
2463 3156 2611 3224 Ἔχω
2633 3153 2738 3223 γὰρ
2769 3152 2858 3205 τὸν
2882 3153 3281 3225 ἐνδυναμοῦντά
3312 3172 3377 3225 με
3413 3155 3542 3208 Θεὸν
3575 3156 3677 3227 (2),
3707 3159 3796 3220 εἰς
3833 3160 3893 3211 ὃν

637 3264 818 3317 spero.

2308 3247 2527 3311 ἐλπίζω.

706 3340 759 3406 5,
781 3339 834 3393 6.
856 3338 925 3394 Ut
947 3341 1190 3396 cordium
1215 3341 1460 3412 cognitor
1487 3341 1630 3397 nosti
1658 3341 1840 3396 omnia
1869 3356 1989 3410 qua:
2014 3341 2070 3394 in
2094 3355 2200 3403 me,

2376 3340 2428 3404 5,
2459 3339 2510 3392 4.
2557 3337 2640 3401 Ὠς
2671 3335 3105 3408 καρδιογνώστης
3140 3331 3286 3399 οἶδας
3317 3337 3490 3389 πάντα
3523 3339 3591 3389 τὰ
3623 3341 3682 3390 ἐν
3729 3342 3889 3409 ἐμοὶ,

637 3433 917 3502 quomodo
944 3443 1070 3488 sunt
1100 3436 1243 3489 circa
1272 3445 1343 3488 te.

1215 3451 1243 3488 a
1272 3445 1343 3488 te.
2305 3431 2424 3493 πῶς
2451 3433 2555 3482 εἰσι
2580 3429 2708 3500 περὶ
2739 3429 2815 3483 σέ.

707 3525 759 3579 5.
794 3523 1061 3590 Quoniam
1095 3525 1467 3578 misericordia
1501 3533 1615 3588 tua,
1649 3539 1812 3594 quam
1847 3523 1979 3578 mihi
2008 3537 2208 3593 praece-

2379 3523 2430 3577 5.
2466 3523 2588 3575 Ὅτι
2618 3523 2678 3574 τὸ
2709 3521 2853 3584 ἔλεός
2893 3537 3006 3586 σου,
3043 3521 3070 3573 ὃ
3107 3521 3440 3591 προσέταξας
3475 3539 3562 3591 μοι
3592 3525 3772 3574 ποιεῖν
3813 3526 3894 3586 εἰς

636 3616 784 3686 pisti,
819 3625 878 3669 ut
905 3617 1263 3686 indigentibus
1291 3615 1542 3683 facerem,
1575 3627 1697 3670 ante
1717 3615 1903 3670 oculos
1935 3629 2082 3669 meos
2101 3625 2202 3669 est.

2101 3625 2202 3669 est.
2308 3613 2434 3676 τοὺς
2459 3612 2646 3683 χρείαν
2681 3612 2924 3682 ἔχοντας,
2951 3611 3056 3683 πρὸ
3087 3611 3379 3682 ὀφθαλμῶν
3409 3613 3506 3682 μού
3531 3615 3699 3665 ἐστιν.

705 3710 757 3762 6.
791 3707 856 3763 Ει
879 3710 933 3764 in
963 3710 1066 3765 hoc
1101 3709 1347 3765 faciendo
1379 3709 1554 3765 ﬁdelis
1590 3719 1840 3779 repertus
1869 3725 1989 3764 sum
2017 3722 2202 3763 coram

2380 3703 2432 3758 6.
2461 3704 2570 3756 Kal.
2596 3706 2651 3756 ἐν
2673 3703 2750 3773 τῷ
2779 3707 2951 3756 ποιεῖν
2989 3722 3054 3773 με
3076 3702 3237 3756 τοῦτο
3282 3705 3471 3766 πιστὸς
3524 3705 3764 3776 εὑρέθην
3807 3707 3893 3758 ἐν·

643 3808 712 3853 lc.

2309 3794 2479 3849 ώπιόν
2513 3812 2625 3848 σου.

712 3891 762 3944 7.
791 3887 909 3942 Νοη
938 3887 1184 3956 acquievi
1211 3888 1523 3956 iniquorum
1558 3888 2107 3943 murmurationibus.

2384 3889 2436 3942 7.
2475 3889 2549 3940 Οὑ
2583 3887 3076 3956 συνανεπαυσὰμην
3099 3887 3427 3956 γογγυσμοῖς
3460 3887 3533 3955 (3)
3571 3893 3861 3957 πονηροῖς.

713 3981 767 4035 8.
794 3982 980 4049 Neque
1009 3995 1134 4033 cum
1169 3979 1248 4035 eis
1276 3979 1625 4034 consociatus
1661 3994 1805 4033 sum.

1538 3989 1625 4033 tus
1661 3994 1805 4033 sum.
2382 3981 2434 4035 8.
2463 3982 2595 4034 Οὐδὲ
2620 3981 2918 4053 συνεθέμην
2942 3980 3141 4042 αὐτοῖς.

714 4072 766 4125 9.
799 4071 1216 4136 Multitudinem,
1253 4071 1462 4139 inquit,
1495 4071 1620 4126 odio
1667 4071 1830 4126 habui
1877 4086 2088 4137 eorum,
2115 4071 2208 4141 qui

2379 4073 2430 4126 9.
2463 4073 2708 4142 Πλῆθος,
2746 4073 2926 4140 λέγει,
2973 4071 3208 4142 ἐμίσησα
3253 4071 3702 4142 ἐπανισταμένων
3746 4075 3897 4126 κατά

643 4167 930 4231 insurgunt
958 4163 1012 4216 in
1042 4178 1188 4225 eum,
1219 4163 1311 4231 qui
1344 4162 1473 4217 fecit
1502 4179 1613 4219 eos.

1400 4165 1473 4217 cit
1502 4179 1613 4219 eos.
2309 4165 2402 4219 τοῦ
2440 4166 2762 4236 ποιήσαντος
2790 4163 3003 4226 αὐτούς.

725 4255 808 4309 10.
843 4254 958 4310 Non
983 4255 1331 4310 consiliabor.

2386 4258 2471 4309 10.
2504 4257 2580 4308 Οὐ
2613 4255 2688 4326 (4)
2719 4256 2792 4327 μὴ
2823 4254 3176 4325 συνεδρεύσω.

711 4349 797 4404 11.
827 4349 1033 4402 Anima:
1058 4364 1253 4402 manus
1285 4345 1581 4415 significat.

2385 4349 2470 4402 11.
2509 4349 2618 4410 Τάς
2643 4350 2741 4419 τῆς
2763 4348 2941 4418 ψυχῆς
2979 4348 3052 4416 (5)
3087 4349 3274 4418 χεῖρας
3293 4345 3459 4413 λέγει.

710 4438 797 4492 12.
833 4437 897 4491 Ει
927 4438 1022 4490 tibi
1049 4436 1388 4490 ministrabo.
2236 4492 2276 4509 λ

2236 4492 2276 4509 λ
2385 4440 2472 4494 12.
2508 4441 2617 4494 Καὶ
2641 4440 3011 4509 λειτουργὴσω
3034 4455 3130 4493 σοι.

712 4531 799 4594 15,
851 4529 935 4583 14.
988 4529 1294 4583 Lectionem
1336 4527 1643 4599 signiﬁcat:
1679 4528 1748 4582 Et
1800 4529 1901 4601 [ut]
1958 4545 2194 4583 enarrem
2236 4492 2278 4546 Β

2386 4492 2473 4596 15.
2630 4531 2739 4601 Τὴν
2781 4492 3086 4598 ἀνάγνωσιν
3120 4530 3306 4598 λέγει’
3343 4529 3450 4583 Καὶ
3483 4527 3558 4599 (6)
3590 4527 3894 4596 διηγήσα-

642 4624 818 4676 omnia
849 4621 1122 4674 mirabilia
1155 4632 1266 4687 tua.

2305 4627 2444 4677 σθαι
2476 4623 2676 4676 πάντα
2709 4623 2780 4676 τὰ
2811 4622 3112 4692 θαυμάσιά
3143 4637 3279 4675 σου.

714 4712 800 4765 15.
839 4710 1100 4779 Populum
1131 4711 1340 4765 ﬁdelem
1354 4751 1367 4763 .

2379 4718 2466 4772 15.
2503 4719 2605 4771 Τὸν
2629 4718 2755 4770 λαὸν
2786 4717 2878 4768 τὸν
2901 4714 3109 4768 πιστόν.

715 4803 802 4856 16.
839 4801 938 4857 Ubi
971 4802 1264 4856 inbabitas.

2380 4811 2468 4865 16.
2500 4811 2666 4864 Ἔνθα
2689 4811 2983 4871 κατοικεῖς.

713 4898 798 4952 17.
827 4896 904 4953 Ne
928 4913 1012 4953 me
1041 4898 1340 4954 constituas
1370 4912 1400 4951 a
1434 4895 1671 4951 simstris
1695 4896 1820 4950 tuis.
2063 4967 2065 4974 ι

2063 4967 2065 4974 ι
2382 4903 2470 4956 17.
2500 4901 2594 4972 Μὴ
2621 4903 2823 4972 στήσῃς
2850 4917 2915 4970 με
2947 4899 3004 4965 ἐξ
3027 4897 3331 4970 ἀριστερῶν
3359 4913 3471 4949 σου.

714 4990 801 5044 18.
832 4988 1250 5044 Homicidarum.

2385 4994 2470 5048 18.
2509 4993 3022 5065 Ἀνθρωποκτόνων.

1583 5123 1881 5184 Addenda
1916 5131 1977 5185 et
2009 5126 2381 5201 corrigenda
2439 5148 2512 5190 ex
2563 5131 2698 5191 cod.
2733 5129 2935 5190 Vatic.

710 5248 786 5328 ςι)
820 5248 917 5328 ,Ὦς
947 5247 1094 5328 φωνὴ
1121 5247 1304 5328 ἱκανοῦ
1327 5249 1382 5299 ἐν
1408 5245 1838 5328 τῷιττορεύεσθαι
1873 5246 2011 5328 ages
2040 5248 2190 5326 φωνῇ
2375 5253 2450 5328 (ἓ)
2484 5253 2736 5328 Χριστόντ

639 5318 730 5392 τοῦ
747 5316 966 5392 -Λᾷγ-ου.
994 5316 1092 5392 ῶςς
1114 5316 1274 5392 φωνὴ.
1299 5316 1670 5392 παρεμόολῆς.
1695 5328 1840 5392 εις..
1886 5318 2071 5392 εἴρηκε
2097 5316 2191 5392 τοῦ
2485 5316 2804 5392 Λογισμοίς.

640 5387 774 5440 Θεοῦ
808 5389 996 5454 Λόγον.
1025 5388 1231 5439 υῦκοῦν
1256 5389 1489 5474 οὲκανὸς
1525 5389 1662 5508 χειρὶ
1684 5391 1711 5440 ὁ
1732 5388 1862 5447 Θεὸς
1892 5388 2062 5454 Λόγος
2083 5388 2190 5456 εἴη.
2376 5392 2449 5472 (1)
2479 5387 2585 5445 Καὶ
2613 5387 2749 5472 Eata
2784 5391 3001 5446 ἀσεϐῶν
3025 5391 3108 5458 οὐ,
3139 5399 3244 5446 etc.

641 5459 809 5508 Αὑτὸν
857 5459 1011 5508 (fort.
1037 5458 1229 5508 αὑτδεὶ
1270 5474 1360 5508 ουν
1402 5459 1491 5508 τὸν
1533 5459 1740 5508 ὡαδαὸν
1783 5457 2045 5508 προυξερει
2086 5475 2097 5485 '
2137 5458 2196 5508 τὸ
2377 5463 2451 5508 {5i
2487 5465 2677 5508 Ψυντς
2714 5481 2811 5508 μου

641 5459 809 5510 Αὑτὸν
857 5453 1011 5525 (fort.
1037 5458 1229 5525 αὐτὸς)
1270 5453 1360 5509 οὖν
1402 5459 1491 5509 τὸν
1525 5453 1638 5526 ’ψαλ

1685 5457 2045 5533 ον-προφέρει
2086 5475 2097 5485 ·
2137 5458 2196 5533 τὸ
2377 5461 2451 5533 (ὅ)
2487 5457 2677 5532 Ψυχῆς
2712 5481 2811 5533 μου

641 5464 809 5510 Αὑτὸν
857 5464 1011 5525 (fort.
1037 5464 1229 5536 αὐτὸς)
1270 5464 1360 5509 ουν
1402 5464 1740 5578 τὸν-ψαὶὲιξν
1783 5464 2045 5526 προφέρει
2086 5475 2097 5485 -
2137 5464 2196 5508 τὸ

641 5526 1202 5666 ᾇὲἵὲἑὲνεὶἷοένταυθα
1220 5527 1429 5598 ψαλμὸς
1455 5547 1531 5597 τῳ
1555 5531 1626 5580 Aa
1671 5529 1732 5580 ίο.
1752 5530 1956 5596 Εἰρήκα
1968 5545 2066 5596 μεν
2090 5527 2197 5597 γὰρ

1611 5464 1740 5578 ὶὲιξν
1783 5464 2045 5544 προφέρει
2086 5475 2097 5485 '
2137 5464 2196 5508 τὸ
2375 5464 2451 5601 ἓὸ)
2487 5464 2677 5547 Ψυχῆς
2712 5481 2811 5533 μου
3004 5532 3014 5542 ,

1610 5546 1626 5579 ι
1671 5529 2066 5596 ίο.Είρηκαμεν
2090 5527 2197 5597 γὰρ
2396 5533 2448 5603 6)
2484 5535 2612 5597 Και,
2639 5547 2743 5588 etc.
2784 5535 2969 5586 desunt
2999 5548 3052 5584 tn
3093 5532 3213 5584 cod.

715 5710 788 5784 (ιι)
821 5711 901 5774 Σ..
930 5712 1015 5776 Θ..
1051 5713 1240 5784 βροντὴ
1276 5711 1407 5766 Θεοῦ
1450 5714 1656 5765 ἱκανοῦ.
1693 5713 1765 5776 0',
1806 5713 1952 5782 φωνὴ
1989 5711 2120 5762 Θεοῦ
2158 5710 2318 5763 σαδδα

2287 5713 2358 5764 αί.
2390 5712 2491 5774 Ἀ..
2530 5713 2734 5767 ἱκανοῦ.
2777 5711 3000 5766 liexaol.
3028 5710 3178 5780 Orig.
3207 5727 3292 5780 ap.
3332 5710 3766 5766 Montfauc.Vo:
3805 5711 3889 5762 Dei

648 5785 1032 5847 omnipotentis,
1065 5800 1202 5838 vers.
1244 5785 1385 5845 vulg.
