4060 6454
216 385 326 444 741
1111 385 1202 441 DE
1240 384 1514 442 TlTULlS
1552 384 1994 442 PSALMORUM.
2036 421 2105 431 -—
2142 389 2335 446 PSAL.
2376 390 2563 448 XXVI.
3358 400 3462 455 74‘2

293 498 384 554 19.
416 497 518 554 Ὧν
551 500 610 554 ἐν
639 497 828 570 χερσὶν
851 498 907 554 αἱ
935 499 1183 570 ἀνομίαιο
1829 508 1875 562 Α

1829 508 1875 562 Α
1975 502 2059 556 19.
2087 503 2144 557 In
2180 520 2412 574 quorum
2441 508 2692 564 manibus
2723 509 3038 580 iniquitates
3065 519 3220 578 sunt;

288 593 380 647 20.
423 593 488 645 Ἥ
519 592 668 658 δεξιὰ
691 592 871 646 αὐτῶν
900 592 1142 664 ἐπλήσθη
1174 591 1378 663 δώρων.

1966 593 2054 646 20.
2091 594 2318 650 Dextera
2348 613 2537 653 eorum
2570 601 2766 670 repleta
2794 613 2878 657 est
2908 605 3246 660 muneribus.

289 682 382 740 2i.
424 684 567 754 Ἐγὼ
598 685 653 738 δὲ
681 687 738 738 ἐν
763 685 968 756 ἀκακίᾳ
991 703 1094 755 μου
1121 685 1424 755 ἐπορεύθην
1446 702 1458 715 ⁸

1965 683 2066 743 21..
2087 683 2198 754 Ego
2222 697 2399 742 autem
2425 690 2478 743 in
2503 691 2808 746 innocentia
2843 709 2961 748 mea
2988 696 3268 765 ingressus
3299 709 3457 750 eum:

295 777 389 831 22.
421 777 710 848 Λύτρωσαί
742 794 830 846 με,
859 777 1051 848 Κύριε,
1086 778 1180 829 καὶ
1209 775 1426 846 ἐλέησόν
1459 793 1546 846 με.

1362 777 1426 828 τόν
1459 793 1546 846 με,
1965 775 2052 828 22.
2092 777 2315 832 Redime
2343 796 2449 843 me,
2477 791 2530 835 et
2554 783 2810 838 miserere
2838 786 2965 839 mei.

288 867 381 923 25.
427 869 485 921 '0
519 869 653 931 ποῦς
690 887 787 940 μου
828 870 958 938 ἔστη
995 870 1052 921 ἐν
1079 868 1365 937 εὑθύτητι·

1291 885 1330 920 τι
1351 885 1365 898 ο
1965 865 2053 917 25.
2091 865 2192 920 Pes
2218 884 2368 922 meus
2392 872 2538 925 stetit
2573 873 2624 925 in
2657 874 2894 930 direclo:

284 957 378 1014 24.
423 959 511 1012 Ἐν
548 959 868 1031 ἐκκλησίαις
898 960 1177 1031 εὐλογήσω
1213 976 1291 1023 σε,
1328 958 1518 1030 Κύριε.

1965 957 2054 1009 24.
2092 958 2148 1012 1η
2179 959 2434 1017 Ecclesiis
2461 964 2773 1020 benedicam
2797 976 2868 1032 te,
2897 966 3144 1022 Domine.

220 1112 470 1181 Ψαλμὸς
498 1114 576 1179 τῷ
596 1113 792 1179 Δαόὶδ,
822 1113 933 1184 πρὸ
958 1113 1060 1169 τοῦ
1078 1113 1417 1183 χρισθῆναι.
1459 1118 1625 1170 ΨΑΛ.
1645 1118 1787 1183 καί.

1895 1112 2140 1170 Psalmus
2167 1119 2358 1184 David,
2388 1121 2690 1191 priusquam
2720 1123 2982 1179 (iniretur.
3009 1123 3208 1179 PSAL.
3240 1123 3345 1180 XX
3359 1123 3453 1178 VI.

293 1269 343 1324 1.
375 1270 577 1340 Κύριος
600 1273 877 1344 φωτισμός
914 1291 1012 1345 μου
1048 1275 1141 1327 καὶ
1171 1276 1353 1347 σωτήρ
1382 1293 1503 1346 μου,
1539 1276 1658 1328 τίνα
1691 1293 1787 1344 φο-

1961 1271 2010 1322 ί.
2046 1270 2306 1328 Dominus
2348 1275 2676 1332 illuminatio
2710 1294 2829 1334 mea
2852 1291 2905 1334 et
2941 1280 3089 1336 salus
3121 1295 3262 1350 mea,
3293 1296 3456 1350 quem

216 1361 564 1434 6ηθήσομαι;

524 1381 564 1428 ι;
1890 1364 2127 1418 timebo?

288 1456 343 1509 2.
381 1457 582 1528 Κύριος
613 1459 1022 1532 ὑπερασπιστὴς
1046 1459 1144 1531 τῆς
1173 1459 1318 1530 ζωῆς
1352 1477 1474 1531 μου,
1508 1459 1614 1512 ἀπὸ
1639 1459 1783 1524 τίνος

1954 1456 2009 1510 2.
2061 1456 2324 1513 Dominus
2365 1464 2640 1526 protector
2684 1459 2805 1513 vita:
2855 1475 3066 1525 meas,a
3118 1478 3227 1532 quo
3283 1465 3451 1534 trepi-

208 1546 467 1599 δειλιάσω
489 1565 502 1612 ;

464 1565 502 1612 ι;
1884 1549 2067 1603 dabo?

288 1640 341 1693 5.
383 1641 471 1692 Ἐν
503 1639 580 1710 τῷ
609 1639 844 1708 ἐγγίζειν
879 1643 963 1695 ἐπ’
988 1644 1085 1713 ἐμὲ
1114 1642 1434 1706 κακοῦντας,
1462 1642 1554 1696 τοῦ
1592 1644 1782 1712 φαγεῖν

1955 1641 2006 1694 5.
2042 1638 2178 1694 Dum
2231 1635 2664 1706 appropinquant
2715 1651 2878 1706 super
2923 1654 3009 1694 me
3057 1655 3338 1707 nocentes,
3392 1657 3451 1701 ut

208 1730 314 1792 τὰς
344 1731 551 1800 σάρκας
577 1749 676 1800 μου
701 1749 714 1763 ·

1882 1734 2045 1787 edant
2066 1745 2258 1784 carnes
2290 1743 2473 1792 meas;

283 1821 338 1875 4.
369 1825 431 1876 Oi
461 1823 730 1888 θλίϐοντες
774 1844 840 1896 με
871 1827 964 1879 καὶ
986 1828 1034 1879 οἱ
1075 1827 1254 1899 ἐχθροί
1286 1845 1406 1898 μου,
1434 1827 1588 1880 αὐτοὶ
1613 1824 1778 1896 ἠσθέ-
1813 1849 1857 1904 Β

1846 1852 1857 1901 ι
1955 1823 2005 1876 4.
2040 1820 2143 1886 Qui
2190 1819 2454 1874 tribulant
2501 1831 2585 1870 me
2631 1817 2834 1874 inimici
2880 1821 3006 1885 mei,
3045 1823 3145 1892 ipsi
3197 1823 3449 1881 infirmati

208 1929 277 1982 νη
287 1929 385 1964 σαν
411 1914 501 1965 καὶ
527 1913 622 1966 ἕπε
631 1932 745 1967 σαν.

1885 1925 2011 1971 sunt
2031 1925 2085 1968 et
2116 1912 2450 1968 ceciderunt.

285 2003 338 2057 5.
385 2004 509 2057 Ἐὰν
554 2005 931 2078 παρατάξηται
965 2008 1172 2078 ἐπ’ἐμέ
1200 2007 1537 2080 παρεμϐολὴ,
1575 2010 1635 2062 οὐ
1685 2029 1782 2081 φο-

1953 2007 2005 2060 5.
2039 2004 2095 2058 Si
2132 2005 2434 2058 consistant
2456 2001 2744 2056 adversum
2779 2018 2865 2058 me
2905 2012 3086 2060 castra
3111 2047 3125 2071 ,
3157 2023 3264 2062 non
3289 2011 3449 2063 timc-

209 2094 509 2166 ϐηθήσεται
539 2100 571 2168 ἡ
606 2098 803 2167 καρδία
828 2116 956 2169 μου·

732 2099 803 2152 ita
828 2116 956 2169 μου·
1893 2099 1974 2155 bit
1997 2112 2092 2151 cor
2118 2111 2298 2150 meum
2323 2113 2335 2148 :

283 2185 336 2239 6.
383 2188 506 2240 Ἐὰν
537 2189 813 2261 ἐπαναστῇ
841 2191 929 2242 ἐπ’
965 2190 1064 2262 ἐμὲ
1099 2191 1354 2262 πόλεμος,
1388 2192 1447 2244 ἐν
1468 2192 1641 2265 ταύτῃ
1673 2195 1784 2264 ἐγὼ

1952 2190 2003 2244 6.
2040 2189 2096 2243 Si
2127 2194 2385 2256 exsurgat
2415 2186 2702 2242 adversum
2738 2202 2823 2243 me
2855 2189 3120 2258 praelium,
3154 2191 3207 2245 in
3225 2192 3328 2248 hoc
3353 2209 3447 2266 ego

207 2279 418 2343 ἐλπίζω
454 2279 664 2352 [ἐλπιῶ

534 2281 664 2334 λπιῶ
683 2282 725 2355 ].
1890 2283 2137 2354 sperabo.

281 2369 333 2424 7.
364 2372 506 2424 Μίαν
540 2374 829 2446 ᾐτησάμην
864 2375 1014 2447 παρὰ
1050 2375 1278 2448 Κυρίου,
1306 2378 1510 2450 ταύτην
1540 2379 1779 2450 ζητήσω,

1629 2381 1779 2450 τήσω,
1957 2376 2011 2430 7.
2043 2375 2220 2430 Unam
2255 2372 2384 2442 petii
2418 2387 2448 2425 a
2483 2369 2732 2435 Domino,
2761 2369 2901 2425 hanc
2934 2373 3232 2440 requiram,

277 2461 333 2517 8.
370 2464 474 2515 Τοῦ
504 2469 778 2517 κατοικεῖν
828 2483 894 2536 με
937 2469 994 2521 ἐν
1050 2467 1184 2537 οῐκῳ
1226 2469 1430 2538 Κυρίου
1468 2471 1643 2533 πάσας
1682 2471 1781 2534 τὰς

1956 2472 2008 2522 8.
2041 2467 2112 2522 Ut
2145 2467 2439 2521 inhabitem
2473 2465 2527 2518 in
2552 2465 2715 2519 domo
2742 2463 2956 2519 Domini
2979 2467 3234 2522 omnibus
3260 2468 3445 2524 diebus

206 2554 424 2625 ἡμέρας
449 2556 546 2624 τῆς
573 2555 716 2625 ζωῆς
747 2573 847 2626 μου
873 2597 893 2622 .

580 2555 716 2625 ζωῆς
747 2573 847 2626 μου
873 2597 893 2622 ,
1883 2561 2005 2614 vita:
2031 2575 2183 2623 meae,

1332 2664 1712 2722 ATHANASII
1748 2659 2333 2720 INTERPRETATIO.

280 2757 364 2813 19.
397 2757 516 2810 Τῶν
536 2758 623 2812 διὰ
648 2759 875 2813 πλοῦτον
905 2761 1284 2816 ἐκκλινάντων.

1961 2761 2048 2816 19.
2081 2758 2162 2813 0b
2189 2759 2403 2813 divitias
2427 2757 2813 2813 declinantium
2843 2758 2900 2831 [ιι
2932 2760 3039 2830 lege
3072 2762 3207 2834 tua].

276 2849 367 2905 20.
398 2851 643 2922 Ἔτοιμοι
675 2847 812 2922 ἦσαν
839 2852 928 2905 ἀεὶ
959 2856 1227 2905 συναινείν
1263 2854 1321 2906 ἐν
1355 2871 1502 2924 πασῃ
1526 2854 1730 2925 ἀδικίᾳ.

1952 2852 2040 2905 20.
2065 2850 2310 2920 Prompti
2334 2866 2546 2921 semper
2568 2861 2723 2905 erant
2746 2851 2812 2906 ad
2835 2856 3278 2909 consentiendum
3301 2859 3444 2913 omni

1887 2942 2186 3012 injustitim.

273 3027 366 3082 21.
391 3027 503 3080 Οὐκ
532 3027 589 3079 ἐν
617 3027 771 3097 δόλῳ,
805 3027 902 3079 ούκ
932 3029 990 3079 ἐν
1016 3028 1373 3098 μνησικακίᾳ,

1949 3035 2038 3087 ει.
2079 3032 2264 3103 Neque
2305 3034 2359 3088 in
2402 3033 2548 3100 dolo,
2575 3049 2748 3104 neque
2794 3035 2846 3088 in
2888 3037 3262 3093 recordatione
3305 3039 3417 3110 inju

1883 3141 2112 3179 narum.

273 3215 364 3268 ΞΩ.
395 3214 502 3268 Kal
530 3213 624 3266 τοῦ
651 3213 745 3267 νῦν
779 3213 973 3278 αἰῶνος
993 3214 1085 3267 τοῦ
1119 3214 1359 3286 πονηροῦ
1388 3214 1662 3286 λύτρωσαί
1687 3234 1774 3288 με,

1946 3217 2036 3272 22.
2067 3216 2130 3271 Et
2170 3231 2200 3269 a
2233 3213 2485 3284 praesenti
2530 3213 2729 3266 saeculo
2783 3215 2927 3270 malo
2967 3216 3136 3273 libera
3163 3235 3271 3284 me,
3301 3231 3354 3274 et
3390 3223 3440 3276 in

199 3308 304 3362 καὶ
331 3309 388 3360 ἐν
415 3310 481 3378 τῇ
518 3307 782 3379 μελλούσῃ
815 3308 996 3379 κρίσει
1022 3307 1240 3379 ἐλέησόν
1273 3326 1339 3378 με
1363 3309 1455 3379 (1).

1807 3319 1848 3376 c
1883 3309 2068 3364 futuro
2089 3308 2298 3378 judicio
2329 3306 2589 3362 miserere
2616 3306 2742 3361 mei.
3137 3322 3139 3324 ‘

290 3421 354 3473 Ἦ
389 3421 717 3492 προκειμένη
743 3421 1023 3492 ἐπιγραφὴ
1055 3421 1295 3491 περιέχει
1326 3421 1420 3490 (2)'
1459 3420 1702 3489 Ψαλμὸς
1733 3421 1809 3492 (3)
1841 3423 1918 3488 τῷ
1954 3423 2148 3486 Aac-’26,
2186 3423 2297 3492 πρὸ
2331 3421 2435 3475 τοῦ
2458 3421 2794 3490 χρισθῆναι.
2823 3422 2934 3494 Πρὸ
2974 3422 3066 3476 τοῦ
3099 3427 3441 3497 φωτίσματος

203 3517 286 3579 είς
323 3517 448 3579 τοὺς
470 3516 904 3586 κατηχουμένους
926 3518 1140 3586 εἴρηται
1168 3519 1195 3568 ὁ
1221 3515 1430 3584 ψαλμὺς
1449 3515 1525 3584 (4)
1547 3516 1624 3584 τῷ
1653 3516 1816 3568 Δαεὶδ
1841 3519 2014 3570 εἰπεῖν
2040 3517 2115 3587 τῷ
2138 3517 2302 3569 Δαϐὶδ
2336 3512 2490 3588 [εἷπε
2519 3518 2594 3586 τῷ
2616 3517 2830 3587 ΔαϐίδῙ,
2859 3519 3100 3571 τουτέστι
3127 3521 3250 3586 τοῖς
3272 3523 3438 3586 ἐξου-

205 3611 572 3679 θενημένοιςο
602 3610 758 3662 τοῦτο
785 3609 893 3678 γὰρ
923 3609 1282 3680 ἑρμηνεύεται
1311 3609 1370 3660 τὸ
1395 3609 1490 3660 τοῦ
1513 3608 1674 3661 Δαϐἱδ
1700 3609 1890 3679 ὄνομα,
1921 3611 2310 3678 ἐξουθένημα.
2337 3610 2565 3676 Λέγεται
2591 3611 2645 3662 δὲ
2677 3612 2769 3662 καὶ
2799 3611 3003 3676 ἱκανὸς
3033 3613 3199 3682 χειρί,
3224 3616 3315 3667 καὶ
3339 3631 3427 3668 πει

203 3705 565 3774 ποθημένος,
600 3705 694 3757 καὶ
719 3703 933 3758 τοῦτον
953 3704 1242 3772 ἐπόθησα,
1267 3705 1360 3756 καὶ
1390 3699 1568 3768 οὗτος
1593 3704 1919 3772 ἀγαπητὸς,
1955 3703 2050 3756 καὶ
2081 3703 2188 3756 τὸν
2210 3701 2625 3770 πεποθημένον
2650 3700 2712 3772 [ὁ
2745 3703 2950 3772 πεποοη
2962 3704 3118 3772 μένος
3147 3706 3192 3775 Ῐ,
3223 3709 3316 3759 καὶ
3336 3709 3438 3774 μό-

203 3817 332 3866 νος.
362 3801 560 3852 Λοιπὸν
593 3799 729 3866 πρὸς
762 3799 861 3870 τὴν
884 3799 1204 3854 ἀκολουθίαν
1237 3799 1330 3852 τοῦ
1369 3797 1583 3869 ψαλμοῦ
1614 3798 1709 3870 τὴν
1738 3799 2034 3871 ἑρμηνείαν
2059 3799 2152 3852 τοῦ
2183 3798 2396 3869 ψαλμοῦ
2431 3796 2774 3867 λαμϐάνομεν
2821 3796 2946 3868 [τοῦ
2979 3783 3239 3868 ὀνόματος
3281 3799 3439 3852 Δαϐὶό

201 3891 272 3946 λα
279 3890 450 3961 μϐάνο
457 3909 554 3962 μεν
567 3890 586 3962 ]
597 3931 610 3945 .

271 3981 488 4038 Titulus
524 3982 850 4052 praepositus
871 3989 1116 4036 continet
1144 4000 1156 4034 :
1188 3980 1435 4033 Psatmus
1465 3981 1631 4034 David
1664 3991 1945 4049 antequam
2003 3981 2265 4034 (iniretur.
2298 3980 2547 4034 Psalmus
2578 3979 2747 4034 David
2775 3980 2954 4036 dictus
2989 3992 3071 4036 est
3101 3985 3155 4036 in
3184 3987 3440 4041 catechu-

202 4091 396 4131 menos
423 4083 548 4128 ante
591 4073 1046 4128 illuminationem
1080 4073 1303 4142 (nempe
1327 4083 1448 4127 ante
1476 4074 1849 4143 baptismum).
1890 4073 2054 4135 Dixit,
2087 4071 2276 4137 David,
2309 4071 2413 4126 hoc
2457 4082 2538 4126 est
2588 4075 2915 4141 contemptis.
2961 4072 3034 4128 Ita
3082 4078 3224 4129 enim
3274 4079 3440 4132 inter-

200 4176 449 4240 pretatur
473 4167 637 4220 David
670 4181 888 4229 nomen,
925 4165 1257 4232 contemptio.
1292 4163 1594 4231 Exponitur
1616 4165 1777 4218 etiam
1809 4172 1863 4217 et
1895 4180 2054 4215 manu
2093 4172 2293 4231 potens,
2327 4172 2380 4217 et
2413 4163 2763 4226 desideratus,
2792 4175 2843 4218 et
2883 4164 3018 4217 hunc
3049 4167 3359 4231 desideravi,
3386 4178 3440 4223 et

201 4261 288 4312 hic
311 4259 556 4321 dilectus,
585 4266 640 4311 et
677 4255 1030 4321 desideratus,
1063 4261 1117 4308 et
1141 4252 1302 4306 solus.
1341 4253 1607 4306 Caeterum
1637 4261 2035 4322 consequenter
2079 4252 2144 4306 ad
2171 4251 2447 4306 Psalmum
2480 4253 2978 4308 interpretationem
3006 4256 3243 4310 nominis
3273 4258 3437 4312 David

203 4368 532 4422 acelpimus.

276 4446 329 4499 1.
367 4443 568 4513 Κύριος
596 4441 864 4510 φωτίζων,
909 4440 1004 4496 καὶ
1053 4439 1240 4503 ad)ng
1296 4457 1363 4509 με
1408 4441 1472 4492 ἐκ
1521 4441 1768 4505 πάντων,
1804 4445 1847 4498 D

1835 4450 1847 4495 ι
1948 4440 1999 4494 1.
2027 4438 2291 4493 Dominus
2317 4439 2651 4502 illuminans,
2670 4449 2721 4494 et
2736 4455 2802 4494 ex
2821 4441 3074 4497 omnibus
3090 4442 3308 4500 salvans
3327 4462 3438 4512 me,

200 4539 340 4591 τινα
367 4533 778 4604 φοϐηθήσομαι
802 4548 821 4594 ;

690 4550 778 4586 ttat
802 4548 821 4594 ;
1872 4542 2022 4595 quem
2058 4525 2245 4576 (intebo
2268 4526 2293 4578 ξ)

270 4628 328 4682 2.
358 4625 560 4696 Κύριος
605 4623 861 4694 πρόνοιαν
901 4623 1134 4673 ποιεῖται
1171 4619 1271 4690 τῆς
1313 4620 1456 4691 ζωῆς
1502 4639 1625 4692 μου,
1656 4621 1774 4676 ἀπὸ

1941 4615 1994 4669 2.
2029 4613 2291 4669 Dominus
2332 4628 2516 4668 curam
2553 4613 2690 4683 gerit
2738 4612 2859 4668 vitae
2894 4630 3048 4680 mea),
3078 4633 3111 4671 a
3144 4633 3247 4688 quo
3275 4623 3437 4690 trepi-

197 4723 372 4788 τίνος
391 4715 674 4772 δειλιάσω
701 4731 720 4779 ;

450 4715 674 4771 τιλιάσω
701 4731 720 4779 ;
1874 4707 2053 4760 dabo?

272 4815 327 4868 3.
365 4813 502 4875 Τοὺς
525 4809 784 4878 δαίμονας
806 4807 974 4875 λεγει.

888 4824 974 4875 γει.
1944 4799 1997 4852 '5.
2037 4796 2318 4850 Daemones
2343 4794 2491 4849 dicit.

274 4904 328 4957 4.
358 4903 435 4970 (5)
467 4901 578 4963 Τὰς
599 4897 766 4961 αὑτὰς
797 4897 1044 4960 ἐναντίας
1065 4896 1323 4966 δυνάμεις
1355 4894 1520 4963 λέγει.

1426 4913 1520 4963 γει.
1947 4890 2000 4942 4.
2035 4891 2184 4957 Ipsas
2214 4887 2516 4942 contrarias
2548 4894 2842 4954 potestates
2875 4887 3029 4941 dicit.

276 4996 330 5058 5,
363 4993 415 5047 6.
457 4993 582 5045 Ἐὰν
624 4991 901 5059 ἐπαναστῇ
950 4991 1038 5042 ἐπ’
1077 4989 1177 5059 ἐμὲ
1224 4988 1454 5058 πόλεμος
1504 4987 1695 5058 ὁρατὸς
1737 4986 1770 5058 ἢ

1948 4982 2001 5044 5,
2032 4980 2084 5034 6.
2115 4978 2172 5033 Si
2207 4987 2454 5047 exsurgat
2487 4977 2729 5030 adversus
2755 4995 2830 5030 me
2856 4979 3092 5047 praelium
3115 4981 3324 5037 visibile
3341 4995 3432 5038 aut

197 5090 451 5161 ἀόρατος,
475 5087 532 5138 ἐν
560 5087 625 5154 τῇ
661 5083 839 5136 πίστει
879 5080 973 5134 τοῦ
1013 5079 1215 5152 Κυρίου
1251 5081 1359 5149 ἐγὼ
1404 5079 1608 5144 ἐλπίζω
1644 5097 1768 5152 τρο-

1878 5073 2166 5138 invisibile,
2202 5073 2256 5125 in
2279 5071 2381 5124 tide
2406 5069 2619 5124 Domini
2649 5086 2747 5140 ego
2781 5086 2939 5138 spero
2959 5112 2973 5136 ,
3004 5072 3057 5126 in
3094 5073 3273 5144 fugam
3305 5077 3430 5132 illud

196 5179 436 5234 πούσθαι
459 5175 641 5229 αὐτόν.

535 5175 641 5228 τόν.
1875 5167 2138 5219 converti.

273 5270 327 5323 7.
359 5269 502 5321 Μίαν
529 5267 741 5335 αῐτηῒτιν
765 5261 1050 5334 ᾐτησάμην
1082 5263 1232 5332 παρὰ
1257 5261 1485 5331 Κυρίου.

1947 5257 1999 5309 7.
2029 5255 2204 5309 Unam
2238 5257 2652 5325 postulationem
2683 5259 2947 5326 postulavi
2978 5275 3007 5313 a
3041 5259 3289 5316 Domino.

272 5361 326 5414 8.
363 5360 454 5422 Εἰς
485 5359 584 5428 τὴν
609 5355 927 5426 ἐπουράνιον
956 5353 1118 5407 αὑτοῦ
1157 5353 1452 5424 βασιλείαν.

1098 5353 1118 5406 3
1157 5353 1452 5424 βασιλείαν.
1944 5348 1997 5401 8.
2033 5347 2092 5400 ln
2125 5348 2330 5402 cmlesti
2364 5348 2482 5416 ejus
2517 5364 2701 5418 regno.

1149 5446 1449 5508 Addenda
1497 5451 1558 5506 et
1607 5441 1981 5521 corrigenda
2012 5457 2090 5500 ex
2121 5441 2255 5501 cod.
2289 5440 2490 5501 Vatic.

276 5576 354 5646 (1)
377 5571 440 5627 Ν.
471 5573 557 5627 23.
599 5573 1028 5646 Τεθεμελίωμαι,
1091 5571 1257 5638 λέγει,
1300 5572 1392 5623 ἐπὶ
1435 5569 1513 5622 σέ.
1568 5567 1634 5624 Ν.
1664 5569 1752 5623 24.
2140 5564 2380 5646 ψαλμόςτ
2403 5566 2474 5617 Τὸ
2504 5565 2558 5616 δὲ
2580 5567 2768 5646 είπεξν⁴
2785 5565 3069 5646 τῴῥαδίξξ
3103 5577 3204 5646 etc.

276 5584 354 5646 (I)
377 5584 440 5627 Ν.
471 5584 557 5627 25.
599 5584 1028 5643 ἰἐθεμελιωμαι,
1092 5584 1257 5638 λεγει,
1300 5584 1392 5623 επι
1435 5584 1513 5622 σε.
1569 5584 1634 5624 1V.
1664 5584 1752 5623 zu.
1938 5584 2012 5633 μ)
2071 5584 2111 5617 υ
2140 5584 2370 5634 ψαλμος.
2413 5584 2474 5617 ιο
2504 5584 2558 5616 οε
2580 5584 2754 5631 ειπειν
2785 5584 2863 5687 τις
2890 5584 3069 5632 samo,
3103 5584 3204 5621 etc.

211 5648 307 5702 Ἐν
329 5648 438 5706 τοῖς
462 5646 668 5722 πιστοῖς
698 5644 844 5704 λαοῖς
866 5641 1072 5705 δοξάσω
1105 5658 1184 5693 σε.
1936 5636 2012 5704 (5)
2041 5632 2105 5688 Ν.
2139 5635 2190 5688 4.
2228 5636 2456 5757 Ὀἐιοςως
2480 5637 2605 5706 περὶ
2633 5635 2808 5689 αὐτῶν
2867 5638 2997 5703 έγει.
3027 5635 3090 5690 Ν.
3119 5639 3169 5692 5.
3202 5638 3309 5700 Τὰς
3331 5641 3426 5694 αὖ·

277 5715 354 5757 lQl
397 5715 459 5757 Ἣ
489 5714 577 5757 διὰ
599 5731 696 5757 τῇς
724 5711 1089 5757 κινναὸἀοεως
1121 5728 1240 5757 πει).
1865 5703 1982 5757 τάς.
2012 5713 2095 5757 etc
2124 5745 2138 5757 .
2177 5703 2238 5757 Ν.
2311 5744 2323 5757 .
2389 5707 2514 5757 Εάν.
2547 5717 2647 5757 εις.

297 5715 354 5786 2)
599 5703 696 5786 τῆς
724 5703 1089 5786 κινναϐάρεως
1121 5728 1240 5781 περ.
1865 5722 1900 5756 τι

1043 5728 1089 5773 ›ς
1121 5728 1240 5781 περ.
1865 5703 1982 5768 τάς,
2012 5713 2095 5759 etc
2124 5745 2138 5768 ,
2177 5703 2238 5758 N.
2272 5703 2323 5757 6.
2373 5707 2514 5770 Ἐάν,
2547 5703 2646 5761 etc.

299 5782 352 5852 3)
381 5784 601 5854 Ψαλμός
630 5785 771 5837 deest
805 5785 857 5835 in
891 5782 1003 5834 cod.
