4060 6430
652 382 754 436 743

721 495 777 550 9.
805 489 873 547 Ut
895 490 1106 546 videam
1133 487 1465 558 voluptatem
1492 485 1737 550 Domini,

723 582 810 638 10.
849 581 915 635 Et
942 581 1152 635 visitem
1188 578 1445 646 templum
1477 584 1725 630 sanetum
1762 572 1901 640 ejus.

721 675 809 728 11.
839 671 1108 738 Quoniam
1132 668 1416 723 abscondit
1445 683 1531 722 me
1560 668 1612 721 in
1645 663 2002 720 tabernaculo
2029 678 2152 724 suo,

724 767 810 819 12.
841 763 900 816 1n
936 764 1022 817 die
1057 761 1326 815 malorum
1359 775 1606 814 meorum
1635 757 1869 828 protexit
1896 771 1981 810 me
2007 755 2062 808 in
2094 753 2224 808 abs—

653 854 869 914 condito
897 855 1231 910 tabernaculi
1263 853 1368 906 sui.

723 951 807 1003 15.
843 940 899 1002 ιῖι
930 959 1078 1018 petra
1109 945 1361 1000 exaltavit
1392 959 1513 1007 me;

722 1041 810 1096 14.
841 1041 904 1094 Et
927 1055 1068 1094 nunc
1095 1054 1220 1093 ecce
1250 1037 1509 1092 exaltavit
1531 1041 1696 1104 caput
1723 1045 1902 1085 meum
1929 1043 2094 1098 super
2120 1026 2226 1081 ini-

655 1135 829 1188 micos
862 1147 1034 1187 meos.

724 1224 810 1278 15.
843 1221 1103 1286 Circuivi,
1137 1230 1190 1275 et
1225 1217 1500 1273 immolavi
1537 1215 1592 1269 in
1613 1212 1962 1270 tabernaculo
1985 1211 2103 1279 ejus
2128 1208 2226 1262 ho-

652 1315 810 1368 stiam
839 1315 1015 1368 laudis
1053 1322 1106 1366 et
1129 1310 1507 1383 jubilationis:

722 1405 808 1459 16.
848 1406 1113 1468 Cantabo,
1146 1413 1199 1458 et
1227 1403 1498 1473 psalmum
1525 1399 1702 1454 dicam
1733 1395 1988 1450 Domino.

722 1498 809 1552 17.
842 1498 1070 1564 Exaudi,
1099 1497 1343 1562 Domine,
1376 1509 1565 1548 vocem
1610 1506 1805 1555 meam,
1837 1504 1944 1559 qua
1993 1486 2225 1541 clamavi

659 1583 727 1637 ad
761 1593 854 1638 te:

722 1677 809 1730 18.
846 1675 1102 1738 Miserere
1124 1672 1252 1736 mei,
1287 1679 1341 1725 et
1374 1670 1568 1724 exaudi
1603 1684 1712 1722 me.

722 1766 808 1819 19.
840 1763 959 1817 Tibi
987 1763 1122 1816 dixit
1153 1777 1246 1816 cor
1279 1775 1456 1813 meum
1484 1779 1496 1813 :
1530 1758 1822 1812 Dominum
1853 1771 2115 1826 quaeram.

717 1856 809 1910 20.
847 1855 1150 1924 Exquisivit
1174 1863 1223 1907 te
1248 1852 1411 1907 facies
1441 1868 1590 1906 mea:

715 1947 802 2000 2|.
838 1945 1050 1998 Faciem
1088 1953 1255 2007 tuam,
1287 1942 1530 2006 Domine,
1567 1940 1865 2009 requiram.

714 2038 803 2090 22.
836 2035 911 2089 Ne
940 2045 1152 2090 avertas
1181 2035 1371 2088 faciem
1397 2045 1543 2087 tuam
1578 2047 1608 2084 a
1643 2047 1728 2084 me
1768 2050 1779 2084 :

718 2129 808 2181 23.
842 2128 904 2181 Et
931 2143 998 2182 ne
1027 2127 1265 2180 declines
1297 2126 1350 2178 in
1382 2124 1456 2177 ira
1487 2139 1515 2177 a
1552 2136 1708 2176 servo
1735 2131 1847 2175 tuo.

717 2221 808 2273 21.
842 2220 1072 2290 Adjutor
1101 2230 1252 2272 meus
1277 2227 1415 2282 esto,
1442 2233 1507 2271 ne
1536 2216 1881 2284 derelinquas
1917 2229 2039 2267 me:

717 2308 805 2361 25'.
841 2308 1026 2378 Neque
1057 2309 1324 2378 despicias
1351 2323 1457 2371 me,
1493 2306 1634 2360 Deus
1665 2305 1917 2360 salutaris
1941 2318 2116 2357 meus.

720 2399 809 2452 26.
835 2400 1104 2465 Quoniam
1153 2410 1307 2470 pater
1347 2416 1499 2456 meus
1546 2408 1600 2452 et
1645 2407 1817 2451 mater
1859 2412 1977 2449 mea
2021 2395 2219 2454 dereli-

653 2503 888 2561 querunt
921 2508 1047 2546 me:

718 2583 807 2636 27.
848 2582 1110 2637 Dominus
1142 2591 1320 2637 autem
1351 2582 1645 2649 assumpsit
1674 2595 1780 2636 me.

716 2673 806 2730 28.
843 2673 1037 2742 Legem
1069 2689 1206 2744 pone
1236 2674 1388 2740 mihi,
1422 2673 1673 2737 Domine,
1703 2673 1758 2726 in
1789 2673 1873 2726 via
1912 2679 2001 2724 tua
2032 2689 2043 2724 :

719 2786 795 2857 (α)
825 2785 922 2857 Hic
956 2787 1156 2857 desiuit
1187 2805 1240 2839 ιι.
1274 2788 1335 2840 11
1373 2787 1425 2840 in
1453 2786 1575 2857 cod.
1608 2785 1773 2838 Barb.

719 2855 793 2923 ίὺ)
827 2855 890 2910 ν.
931 2857 1015 2920 16,
1049 2856 1271 2920 Θυσίαν,
1303 2865 1432 2918 etc.,
1459 2856 1538 2925 τῷ
1569 2857 1777 2927 Κυρίῳ.

722 2928 794 2999 (ο)
830 2928 972 2999 Πρὸς
1004 2928 1061 2980 σέ
1090 2929 1288 2982 desunt
1319 2929 1375 2980 in
1403 2929 1527 2981 cod.

1489 369 1546 424 S.
1589 365 1965 422 ATHANASII
2009 364 2158 422 OPP.
2199 363 2379 417 PARS
2420 364 2510 418 lll.
2551 393 2621 405 —
2659 363 3070 420 EXEGETICA.
3810 371 3902 422 744

2250 486 2296 542 Α
2391 479 2442 533 9.
2472 478 2577 531 Τοῦ
2611 479 2836 554 θεωρεῖν
2865 497 2930 550 με
2964 479 3061 550 τὴν
3102 479 3437 550 τερπνὸτητα
3475 478 3684 549 Κυρίου
3713 520 3728 542 ,

2396 567 2480 623 10.
2516 571 2621 623 Kal
2655 570 3079 624 ἐπισκέπτεσθαι
3101 570 3192 624 τὸν
3221 571 3344 623 ναὸν
3370 571 3462 625 τὸν
3487 572 3649 640 ἅγιον
3675 570 3868 624 αὑτοῦ.

2394 657 2481 711 11.
2513 660 2632 712 Ὀτι
2656 660 2858 731 ἔκρυψέ
2893 678 2959 730 με
2987 662 3045 714 tv
3077 663 3247 732 σκηνῇ
3293 659 3456 713 αὐτοῦ
3479 701 3494 726 ,

2393 749 2480 806 12.
2530 750 2616 802 Ἐν
2647 752 2828 822 ἡμέρᾳ
2844 752 3028 806 κακῶν
3053 771 3152 822 μου
3184 753 3259 824 (α)
3291 751 3564 806 ὲσκέπασέ
3579 770 3650 824 με
3679 755 3740 806 ἐν
3772 755 3902 807 dm-

2325 839 2518 913 κρύφῳ
2539 840 2638 909 τῆς
2672 842 2877 911 σκηνῆς
2904 843 3094 896 αὑτοῦ.

2395 932 2482 986 15.
2528 933 2614 985 Ἐν
2642 933 2819 1005 πέτρᾳ
2850 934 3030 1004 ὕψωσὲ
3057 953 3144 1005 με.

2397 1025 2483 1078 14.
2514 1026 2622 1078 Kal
2641 1025 2734 1078 νῦν
2759 1026 2866 1078 ἰδοὺ
2893 1026 3073 1097 tome
3104 1027 3346 1100 κεφαλήν
3380 1046 3483 1099 μου
3530 1031 3620 1083 ἐπ’
3672 1029 3903 1100 ἐχθρούς

2328 1132 2453 1185 μου.

2399 1209 2484 1262 15.
2529 1209 2862 1278 Ἐκύκλωσα,
2906 1211 2997 1263 καὶ
3036 1211 3199 1265 ἔθυσα
3227 1212 3367 1283 ἐντῇ
3400 1216 3570 1284 σκηνῇ
3609 1212 3782 1267 αὐτοῦ
3813 1214 3905 1267 θυ-

2326 1299 2442 1353 σίαν
2475 1300 2546 1371 (ὁ)
2581 1302 2837 1364 αἰνέσεως
2864 1304 2958 1355 καὶ
2988 1303 3325 1372 ἁλαλαγμοῦ’

2393 1392 2477 1446 16.
2516 1394 2665 1463 ’ᾼσω
2697 1395 2788 1447 καὶ
2808 1393 2963 1463 ψαλῶ
2995 1394 3071 1464 τῷ
3100 1394 3309 1466 Κυρίῳ.

2396 1484 2482 1537 17.
2517 1485 2867 1548 Είσάκουσον,
2902 1484 3093 1556 Κύριε,
3117 1486 3215 1556 τῆς
3269 1486 3452 1556 φωνῆς
3479 1504 3599 1558 μου,
3655 1483 3728 1559 ἧς
3781 1488 3904 1541 ἐκέ-

2324 1575 2499 1647 κραξα
2528 1577 2663 1646 πρὸς
2695 1577 2753 1630 σὲ
2779 1578 2851 1648 (ε)
2879 1595 2890 1608 °

2396 1668 2482 1721 18.
2524 1668 2773 1737 Ἐλέησόν
2805 1687 2893 1738 με,
2927 1671 3020 1722 καὶ
3048 1671 3362 1724 είσάκουσόν
3396 1689 3518 1742 μου.

2396 1758 2483 1812 19.
2510 1759 2599 1810 Σοὶ
2622 1755 2772 1810 εἶπεν
2803 1761 2834 1830 ἡ
2867 1760 3059 1831 καρδία
3097 1778 3194 1831 μου
3221 1776 3233 1788 ·
3273 1762 3476 1832 Κύριον
3504 1764 3754 1835 ζητήσω.

2252 1842 2296 1898 Β
2383 1849 2473 1902 20.
2515 1850 2836 1922 Ἐξεζήτησέ
2865 1869 2923 1903 σε
2947 1853 3009 1903 τὸ
3041 1854 3329 1922 πρόσωπόν
3365 1871 3464 1923 μου
3487 1872 3498 1884 ·

2394 1940 2481 1993 21.
2517 1941 2589 1993 Τὸ
2619 1941 2905 2012 πρόσωπόν
2936 1959 3050 2006 σου,
3084 1945 3275 2014 Κύριε,
3313 1943 3549 2016 ζητήσω.

2398 2033 2486 2086 22.
2520 2033 2609 2105 Μὴ
2637 2035 2982 2108 ἀποστρέψῃς
3008 2037 3067 2089 τὸ
3096 2037 3385 2108 πρόσωπόν
3419 2055 3510 2090 σου
3542 2038 3637 2090 ἀπ’
3680 2037 3821 2108 tuo-3
3850 2055 3864 2067 ·

2394 2126 2483 2180 25.
2514 2127 2621 2179 Kal
2659 2127 2732 2198 μὴ
2765 2127 3014 2200 ἐκκλίνῃς
3047 2130 3104 2183 ἐν
3131 2131 3266 2201 ὀργῇ
3297 2131 3401 2184 ἀπὸ
3429 2131 3524 2183 τοῦ
3561 2130 3752 2183 δούλου
3783 2147 3905 2182 σου.

2393 2217 2482 2270 24.
2510 2219 2712 2288 Βοηθός
2743 2238 2841 2290 μου
2869 2221 3049 2287 γενοῦ,
3089 2223 3163 2294 μὴ
3195 2224 3608 2294 ἁποσκορπίσῃς
3652 2240 3720 2292 με
3745 2238 3760 2251 ·

2394 2308 2483 2361 25.
2512 2311 2619 2360 Kal
2652 2310 2726 2380 μὴ
2752 2311 3121 2384 ἐγκαταλίπῃς
3147 2330 3234 2381 με,
3257 2314 3285 2364 ὁ
3317 2313 3448 2375 Θεὸς
3471 2315 3498 2365 ὁ
3526 2313 3713 2383 σωτήρ
3743 2327 3870 2382 μου.

2392 2398 2480 2451 26.
2525 2399 2697 2452 Ὀτιὸ
2738 2402 2920 2472 πατήρ
2963 2419 3063 2474 μου
3094 2404 3250 2474 καὶὴ
3300 2405 3480 2476 μήτηρ
3528 2421 3627 2475 μου
3674 2404 3906 2472 ἐγκατέ-

2320 2486 2478 2541 λιπόν
2506 2505 2571 2558 με
2588 2505 2601 2518 ’

2390 2579 2480 2632 27.
2528 2581 2585 2632 '0
2608 2581 2664 2634 δὲ
2691 2581 2894 2654 Κύριος
2926 2585 3292 2655 προσελάϐετό
3320 2603 3408 2657 με.

2395 2668 2485 2722 28.
2512 2671 2890 2743 Νομοθέτησόν
2918 2693 3007 2745 με,
3035 2677 3227 2748 Κύριε,
3262 2681 3319 2731 ὲν
3347 2679 3415 2750 τῇ
3447 2675 3554 2748 ὁδῷ
3586 2693 3705 2729 σοιν

1777 3039 2148 3096 ATHANASII
2179 3039 2763 3096 INTERPRETATIO.

720 3199 775 3261 9,
802 3198 889 3253 10.
916 3198 1156 3253 Gloriam
1183 3199 1322 3270 ejus.

721 3288 807 3343 11.
837 3287 903 3345 Ut
932 3305 1013 3345 me
1042 3292 1337 3346 custodiret
1362 3290 1415 3345 in
1437 3289 1690 3362 puritate,
1711 3291 1950 3345 animam
1976 3301 2030 3344 et
2054 3305 2224 3344 mem-

663 3379 756 3434 bra
792 3396 932 3436 mea.

724 3472 809 3527 12.
837 3472 1118 3528 lnlirmum
1145 3491 1230 3529 me
1251 3475 1490 3544 peccatis
1513 3474 1726 3529 sanavit
1746 3473 2007 3529 Dominus
2031 3474 2083 3527 in
2107 3473 2225 3543 ejus

653 3562 943 3630 baptismo,
971 3572 1025 3616 el.
1066 3564 1303 3633 seipsum
1337 3581 1423 3619 me
1455 3567 1650 3619 induit.
1687 3564 1822 3620 Nam
1849 3566 2223 3636 baptisterium

653 3663 733 3708 est
764 3655 918 3708 locus
944 3657 1296 3713 absconditus
1322 3658 1598 3713 Ecclesiae.

721 3748 807 3800 15.
842 3747 1153 3803 Αῑιιίίίείινίι
1184 3767 1268 3805 me
1298 3751 1561 3807 Dominus
1597 3753 1652 3806 in
1681 3753 1820 3821 ipso.

727 3836 812 3889 14.
851 3837 916 3890 Et
948 3838 1218 3894 dominari
1254 3843 1489 3897 inimicis
1516 3842 1652 3896 meis
1683 3858 1768 3896 me
1802 3841 1952 3895 fecit.

724 3927 810 3982 15.
837 3927 1015 3984 Mente
1050 3947 1186 4001 pura
1238 3935 1539 3987 orationem
1576 3948 1748 3988 meam
1789 3932 1857 3986 ad
1888 3948 2011 3988 eum
2045 3941 2225 3987 trans-

655 4033 804 4074 ῐηιει.

728 4109 812 4163 16.
847 4108 1102 4165 Laudans
1135 4127 1281 4175 eum,
1308 4122 1361 4166 et
1405 4113 1647 4168 clamans
1685 4114 1736 4168 in
1768 4114 2128 4170 exsultatione
2159 4115 2224 4169 ad

655 4201 861 4272 ipsum.

726 4291 814 4357 17,
850 4293 933 4346 18.
966 4290 1281 4347 Orationem
1318 4289 1505 4345 refert.

727 4385 813 4440 19.
844 4385 1262 4455 Conglutinatus
1296 4400 1417 4439 sum
1449 4384 1570 4438 tibi.

718 4477 807 4540 20,
839 4477 928 4531 21.
957 4477 1150 4530 Anima
1182 4493 1298 4530 mea
1330 4477 1511 4530 videre
1540 4486 1589 4532 te
1618 4475 1914 4531 desiderat.

721 4568 812 4624 22.
843 4566 920 4622 Ne
942 4567 1156 4623 auferas
1183 4569 1444 4636 Spiritum
1482 4579 1731 4624 sanetum
1769 4578 1921 4623 tuum
1952 4585 1981 4624 a
2008 4586 2110 4625 me.

722 4746 811 4798 25.
847 4742 924 4797 Ne
959 4746 1131 4799 iratus
1163 4746 1441 4814 relinquas
1468 4762 1572 4799 me.

724 4835 813 4898 24,
841 4836 930 4890 25.
965 4835 1149 4906 Neque
1190 4838 1402 4893 deficiat
1450 4838 1583 4892 mihi
1637 4838 1727 4892 lux
1783 4849 1877 4894 tua
1901 4880 1916 4903 ,
1952 4857 2020 4896 ne
2045 4856 2221 4897 caecus

655 4927 853 4982 eﬂiciar
885 4929 940 4982 in
974 4931 1183 4984 visione
1208 4933 1407 4986 mentis
1443 4949 1595 4988 mere.

723 5015 813 5079 26,
847 5016 937 5069 27.
983 5015 1199 5071 Nullum
1241 5021 1504 5075 auxilium
1557 5038 1644 5078 me
1688 5022 1940 5087 habente,
1993 5025 2088 5080 tibi
2136 5039 2218 5078 me

656 5105 890 5160 vindica.

726 5196 812 5250 28.
853 5195 1043 5252 Statue
1076 5211 1162 5251 me
1184 5197 1240 5250 in
1276 5195 1393 5267 lege
1423 5207 1533 5252 tua.

2254 3207 2296 3264 (ζ
2398 3197 2451 3263 9,
2492 3197 2577 3251 10.
2609 3197 2719 3268 Τὴν
2748 3196 2905 3262 δόξαν
2933 3198 3098 3251 αὐτοῦ
3131 3200 3230 3269 (1).

2399 3291 2485 3344 11.
2515 3289 2805 3343 Φυλὰττειν
2839 3307 2905 3360 με
2956 3291 3015 3343 ἐν
3049 3291 3241 3364 ἁγνείᾳ
3264 3331 3277 3355 ,
3331 3292 3430 3363 τὴν
3463 3293 3642 3365 ψυχὴν
3687 3299 3788 3351 καὶ
3837 3301 3908 3352 τὰ

2328 3379 2463 3450 μέλη
2493 3398 2619 3450 μου.

2396 3470 2482 3524 12.
2527 3471 2881 3525 Ἀσθενοῦντά
2915 3490 2980 3542 με
3017 3475 3074 3525 ὲν
3123 3474 3421 3545 ἁμαρτίαις
3475 3476 3666 3530 ἰάσατο
3711 3480 3774 3532 ὲν
3827 3482 3907 3550 τῷ

2326 3564 2658 3636 βαπτίσματι
2687 3566 2873 3630 αὑτοῦ,
2920 3567 3013 3619 καὶ
3055 3567 3243 3619 ἑαυτὸν
3290 3586 3357 3638 με
3406 3569 3640 3624 ἐνέδυσε.
3683 3572 3760 3624 Τὸ
3793 3573 3906 3645 γὰρ

2324 3659 2683 3728 φωτιστήριον
2715 3659 3026 3729 ἀπόκρυφόν
3057 3661 3172 3712 ἐστι
3201 3661 3302 3730 τῆς
3347 3661 3694 3732 Ἐκκλησίας.

2397 3748 2482 3802 15.
2533 3748 2858 3818 ’ῼκοδόμησέ
2895 3765 2961 3818 με
2989 3751 3016 3800 ὁ
3043 3750 3244 3820 Κύριος
3275 3753 3330 3804 ἐν
3355 3752 3520 3822 αὐτῷ.

2401 3839 2484 3891 14.
2526 3841 2744 3909 ’Λρχειν
2775 3857 2840 3909 με
2869 3840 2975 3892 τῶν
3005 3839 3212 3910 ἐχθρῶν
3238 3861 3336 3912 μου
3375 3844 3693 3916 πεποίηκεν.

2394 3929 2480 3984 15.
2531 3930 2616 3983 Ἐν
2653 3929 2868 4003 καθαρᾷ
2895 3931 3102 4002 διανοίᾳ
3145 3950 3246 4002 μου
3284 3935 3383 4006 τὴν
3427 3936 3590 4007 εὐχήν
3645 3956 3752 4008 μου
3805 3941 3905 3992 ἁν-

2325 4023 2421 4076 ἐπε
2431 4023 2547 4093 μψα
2566 4024 2732 4092 αὐτῷ.

2397 4115 2482 4169 16.
2518 4117 2693 4169 Αἰνῶν
2721 4117 2904 4180 αὐτὸν,
2957 4117 3050 4169 καὶ
3101 4115 3239 4187 βοῶν
3272 4120 3332 4171 ὲν
3387 4119 3708 4175 ἀγαλλιάσει
3759 4125 3903 4194 πρὶς

2327 4207 2508 4260 αὐτόν.

2396 4298 2483 4362 17,
2513 4298 2595 4354 18.
2633 4302 2904 4370 Διηγεῖται
2939 4301 3038 4372 τὴν
3066 4303 3230 4375 εὐχήν
3261 4304 3360 4377 (2).

2397 4389 2481 4443 19.
2518 4391 2905 4461 Συνεταξάμην
2929 4409 3030 4445 σοι.

2395 4481 2484 4543 20,
2516 4481 2602 4534 21.
2652 4482 2713 4534 Ἦ
2746 4483 2887 4554 ψυχή
2926 4502 3026 4555 μου
3062 4485 3336 4557 Θεωρῆσαί
3373 4505 3432 4541 σε
3463 4489 3749 4561 ἐπιθυμεῖ.

2248 4569 2296 4627 Ι.)
2388 4572 2476 4623 22.
2511 4573 2601 4643 Μὴ
2634 4574 2922 4647 ἀντανέλῃς
2983 4576 3042 4628 τὸ
3092 4578 3317 4648 Πνεῦμα
3348 4598 3440 4634 σου
3474 4581 3537 4635 τὸ
3585 4584 3742 4651 ἅγιον
3802 4587 3896 4638 ἀπ’

2330 4661 2483 4730 ἐμοῦ.

2396 4751 2484 4805 25.
2519 4754 2608 4824 Μὴ
2635 4755 2905 4825 ὀργισθεὶς
2939 4758 3012 4827 (5)
3046 4759 3444 4832 ὲγκαταλείψῃς
3477 4780 3567 4832 με.

2395 4840 2485 4904 24,
2514 4843 2602 4895 25.
2637 4844 2726 4913 Μὴ
2750 4844 3009 4917 ἐκκλείψῃ
3039 4845 3111 4917 (4)
3140 4848 3200 4900 τὸ
3236 4848 3350 4918 φῶς
3383 4867 3476 4902 σου
3498 4852 3594 4904 ἀπ’
3618 4852 3782 4923 ἐμοῦ,
3809 4856 3895 4907 ἴνα

2328 4931 2402 5002 μὴ
2427 4932 2690 5001 τυφλωθῶ
2721 4937 2799 4998 είς
2818 4937 3005 5006 ὅρασιν
3032 4940 3129 5008 τῆς
3153 4939 3392 5002 διανοίας
3429 4960 3554 5011 μου.

2387 5022 2475 5086 26,
2510 5023 2598 5077 27.
2633 5025 2915 5095 Μηδεμίαν
2945 5028 3225 5099 ἀντίληψιν
3270 5031 3486 5101 ἔχοντος
3517 5034 3617 5107 (5),
3668 5039 3754 5092 σοὶ
3798 5056 3896 5095 πε.

2329 5113 2603 5184 ριποίησαί
2636 5134 2723 5184 με.

2395 5205 2485 5260 28.
2528 5209 2851 5280 Ἐπίστησόν
2886 5229 2953 5281 με
2976 5213 3067 5266 τὸν
3101 5215 3264 5284 νόμον
3299 5232 3391 5269 σου
3424 5216 3503 5288 (6)

1601 5371 1904 5435 Addenda
1935 5382 1994 5438 et
2043 5378 2418 5457 corrigenda
2450 5400 2524 5443 ex
2556 5385 2696 5446 eod.
2733 5387 2934 5448 Vatic.

734 5543 806 5614 (1)
838 5542 1048 5614 ῐηηοοςι.
1078 5561 1134 5599 n.
1159 5545 1212 5599 9.
1249 5551 1475 5598 tantum.
1506 5541 1568 5598 N.
1607 5544 1692 5598 10.
1727 5545 2031 5614 φυλάττειν.
2059 5565 2111 5602 n.
2142 5549 2225 5599 11.

673 5609 1024 5688 'Aopevoiivrd
1054 5631 1140 5688 με,
1171 5624 1274 5688 et_c.
1311 5614 1575 5668 ἐνέδυσεν.
1614 5616 1678 5668 Ν.
1713 5609 1795 5668 12.
1855 5617 1926 5669 Τὸ
1964 5619 2092 5688 γάρ,
2123 5630 2226 5673 etc.

734 5683 808 5748 (2)
842 5684 1018 5752 Εὺχὴν
1047 5684 1262 5739 ἑαυτοῦ.

735 5753 810 5819 (3)
848 5753 1146 5809 ὐονισθείς
1203 5766 1308 5805 (τις.

2503 5553 2798 5638 ι’βκλέψῃς,
2827 5570 2959 5638 etc.,_
2989 5562 3072 5614 ἵνα
3103 5561 3175 5632 μὴ
3202 5561 3454 5638 τνφλωθῇ
3544 5568 3758 5638 ὅρασις.
3792 5585 3893 5628 etc.

2499 5623 2619 5704 ΕΙρῦ
2647 5621 2878 5704 ξχοντος,
2914 5621 2976 5683 σὺ
3005 5621 3344 5702 περιποιήσω
3371 5621 3493 5704 μοί».

2394 5691 2468 5760 (6)
2499 5694 2586 5763 Τῷ
2607 5691 2754 5765 νόμῳ
2787 5691 2894 5751 σου.
