4060 6428
643 322 742 382 74Ἱ
1448 321 1502 374 S.
1545 318 1908 375 ATHANASII
1950 321 2094 374 ()PP.
2136 320 2246 378 ΡΑΙ

2294 323 2312 376 5
2351 322 2438 376 Ill.
2478 353 2546 362 -—
2587 320 3006 375 EKEGETICA.
3796 320 3897 377 718

709 442 764 498 8,
791 440 892 507 Qui
922 441 1213 510 loquuntur
1245 455 1430 508 pacem
1462 455 1584 493 cum
1617 440 1866 508 proximo
1889 457 1988 495 suo
2013 457 2024 490 :
2230 447 2275 500 Α

2371 441 2422 492 8.
2460 439 2579 492 Τῶν
2609 439 2909 492 λαλούντων
2938 439 3162 508 εἰρήνην
3192 437 3332 507 μετὰ
3363 437 3468 490 τῶν
3517 437 3773 508 πλησίων
3803 439 3899 491 αὑ-

2311 551 2440 584 των·

712 622 764 677 9.
796 621 929 676 Mala
955 632 1132 676 autem
1173 622 1224 674 in
1255 622 1511 676 cordibus
1533 636 1744 676 eorum.

2378 625 2431 678 9.
2461 623 2620 676 Κακὰ
2647 623 2702 675 δὲ
2737 626 2793 676 ἐν
2819 623 2937 684 ταῖς
2965 622 3210 693 καρδίαις
3231 623 3427 675 αὐτῶν.

710 715 794 768 10.
824 715 895 768 Da
932 715 1057 778 illis,
1086 714 1331 779 Domine,
1356 712 1653 768 secundum
1689 729 1852 782 opera
1885 729 2101 778 eorum,

2380 715 2465 769 10.
2495 715 2592 778 Δὸς
2623 715 2822 779 αὐτοῖς,
2847 714 3041 784 Κύριε,
3079 715 3220 767 κατὰ
3245 715 3312 767 τὰ
3336 715 3474 785 ἔργα
3495 714 3704 776 αὐτῶν,

716 808 799 860 11.
849 806 913 859 Et
965 805 1259 861 secundum
1311 805 1608 874 nequitiam
1643 805 2089 860 adinvcntionum
2124 808 2203 877 ip-

2381 807 2464 860 11.
2503 807 2610 860 Kal.
2650 805 2788 858 κατὰ
2838 805 2934 876 τὴν
2987 805 3250 876 πονηρίαν
3289 805 3394 858 τῶν
3436 803 3900 874 ἐπιτηδευμάτων

640 915 851 956 eorum.

2308 899 2507 953 αὐτῶν.

712 991 799 1046 12.
832 990 1140 1044 Secundum
1168 1004 1331 1058 opera
1351 1005 1613 1045 manuum
1641 1005 1832 1044 eorum
1861 991 2038 1045 tribuc
2065 989 2198 1045 illis:

2377 991 2462 1043 12.
2498 988 2654 1043 Κατὰ
2683 987 2750 1040 τὰ
2780 986 2914 1059 ἔργα
2938 986 3043 1040 τῶν
3067 986 3264 1058 χειρῶν
3294 987 3471 1039 αὐτῶν
3501 987 3589 1049 δὸς
3617 985 3818 1047 αὐτοῖς
3841 999 3857 1016 ⁸

710 1083 796 1136 15.
829 1080 1009 1136 Redde
1048 1081 1452 1136 retributionem
1481 1097 1670 1136 eorum
1706 1081 1859 1151 ipsis.

2378 1083 2464 1140 13.
2507 1082 2726 1143 Ἀπόδος
2746 1081 2803 1132 τὸ
2829 1080 3175 1147 ἀνταπόδομα
3204 1079 3381 1132 αὐτῶν
3407 1081 3612 1141 αὐτοῖς.

709 1173 795 1226 14.
831 1171 1100 1238 Quoniam
1130 1187 1237 1226 non
1277 1172 1664 1227 intellexerunt
1693 1189 1856 1244 opera
1890 1173 2126 1238 Domini,

2008 1175 2126 1238 lini,
2375 1174 2460 1226 1‘1.
2491 1175 2613 1226 Ὀτι
2643 1173 2703 1226 οὐ
2732 1173 2968 1242 συνῆκαν
2999 1173 3076 1234 είς
3103 1174 3173 1224 τὰ
3197 1173 3332 1244 ἔργα
3368 1172 3573 1245 Κυρίου
3597 1213 3611 1234 ,

708 1267 795 1319 15.
832 1265 896 1320 Ει
921 1267 972 1318 in
1006 1280 1167 1334 opera
1198 1281 1457 1320 manuum
1484 1267 1597 1335 ejus
1631 1285 1642 1318 :

2377 1265 2462 1318 15.
2499 1265 2606 1318 Καὶ
2636 1267 2714 1328 εἰς
2744 1265 2812 1318 τὰ
2839 1265 2972 1334 ἔργα
3001 1266 3108 1318 τῶν
3137 1265 3336 1336 χειρῶν
3375 1264 3561 1319 αὑτοῦ.

709 1358 797 1413 16.
828 1356 1076 1412 Destrues
1105 1357 1248 1424 illos,
1273 1367 1328 1412 et
1363 1373 1471 1411 non
1507 1357 1797 1413 aediﬁcabis
1833 1373 1950 1413 eos.

2378 1356 2463 1408 16.
2500 1357 2761 1421 ΚαΘελεῖς
2795 1357 3009 1423 αὐτοὺς,
3046 1358 3141 1411 καὶ
3163 1358 3224 1409 οὐ
3261 1358 3335 1428 μὴ
3376 1357 3767 1427 οἱκοδομήσεις
3797 1356 3900 1408 αὖ·

2307 1467 2451 1512 τους.

711 1540 795 1593 17.
841 1540 1158 1596 Benedictus
1191 1540 1472 1606 Dominus,
1501 1557 1760 1612 quomam
1801 1542 2075 1596 exaudivit
2107 1557 2200 1594 vo-

2378 1544 2462 1597 17.
2490 1543 2789 1614 Εὐλογητὸς
2803 1542 3024 1615 Κύριος,
3047 1545 3128 1598 ὅτι
3157 1545 3441 1616 εἰσήκουσε
3459 1546 3557 1615 τῆς
3575 1544 3772 1614 φωνῆς
3793 1545 3895 1614 τῆς

639 1646 752 1685 cem
788 1632 1181 1702 deprecationis
1206 1648 1355 1688 mem.

1090 1633 1181 1688 inis
1206 1648 1355 1688 meae.
2302 1637 2541 1708 δεήσεως
2572 1655 2693 1708 μου.

709 1721 792 1775 18.
826 1721 1084 1778 Dominus
1114 1723 1330 1792 adjmor
1358 1739 1512 1779 meus
1535 1733 1589 1778 et
1623 1733 1895 1794 protector
1923 1742 2096 1781 meus.
2234 1798 2247 1800 ᾳ

2234 1798 2247 1800 ξ
2377 1729 2462 1782 18.
2505 1728 2705 1796 Κύριος
2739 1728 2929 1800 βοηθός
2955 1745 3058 1800 μου
3087 1729 3180 1783 καὶ
3210 1728 3621 1800 ὑπερασπιστὴς
3658 1747 3787 1798 μου.

704 1813 796 1869 19.
833 1813 887 1866 In
918 1815 1034 1883 ipso
1062 1815 1297 1884 speravit
1323 1831 1418 1870 cor
1454 1831 1656 1883 meum,
1692 1829 1747 1873 et
1777 1820 1999 1890 adjutus
2031 1837 2152 1876 sum
2188 1841 2200 1876 :
2233 1798 2276 1852 Β

2377 1819 2466 1874 19.
2510 1820 2624 1871 Ἐπ’
2650 1798 2798 1889 αὑτῷ
2823 1798 3110 1891 ἤλπισενὴ
3141 1798 3335 1889 καρδία
3368 1836 3492 1889 μου,
3527 1798 3623 1872 καὶ
3653 1818 3900 1890 ἐϐοηθή-

2309 1909 2442 1982 θην·

703 1999 796 2053 20.
828 1998 893 2053 Et
925 2000 1166 2056 reﬂoruit
1195 2016 1324 2056 caro
1356 2017 1474 2058 mea
1510 2020 1523 2057 :

2373 2001 2462 2056 20.
2495 2001 2602 2054 Kal.
2623 2001 2880 2056 ἀνέθαλεν
2913 2002 2946 2072 ἡ
2982 1999 3118 2070 σάρξ
3152 2019 3254 2071 μου
3274 2018 3290 2033 ·

704 2090 794 2145 21.
829 2090 894 2144 Ει
925 2107 990 2145 ex
1023 2093 1300 2147 voluntate
1335 2109 1452 2148 mea
1481 2096 1782 2150 conﬁtebor
1815 2096 1886 2151 ei.

2372 2097 2464 2150 21.
2496 2097 2606 2150 Καὶ
2631 2097 2694 2148 ὲκ
2721 2094 3024 2164 θελήματος
3063 2112 3164 2166 μου
3215 2093 3681 2166 ὲξομολογήσομαι
3714 2096 3873 2168 αὖτῷ

704 2184 795 2238 22.
827 2183 1090 2240 Dominus
1125 2185 1388 2240 fortitudo
1414 2187 1590 2256 plebis
1623 2204 1736 2243 suae
1765 2207 1780 2252 ;

2370 2191 2463 2244 22.
2491 2189 2694 2259 Κύριος
2718 2189 3041 2261 κραταίωμα
3070 2187 3163 2241 τοῦ
3198 2187 3328 2242 λαοῦ
3356 2188 3521 2241 αὐτοῦ
3545 2205 3559 2217 ⁸

703 2276 795 2331 23.
823 2277 887 2331 Ει
917 2287 1188 2348 protector
1208 2279 1570 2336 salvationum
1598 2280 1804 2336 Christi
1833 2281 1918 2337 sui
1951 2290 2052 2338 est.

2372 2281 2462 2336 23.
2499 2283 2608 2334 Καὶ
2637 2281 3048 2351 ὑπερασπιστὴς
3081 2280 3188 2332 τῶν
3206 2279 3488 2350 σωτηρίων
3523 2279 3618 2332 τοῦ
3643 2282 3897 2351 Χριστοῦ

2306 2372 2468 2427 αὐτοῦ
2493 2376 2658 2426 ἐστιν.

705 2459 794 2512 24.
825 2457 1045 2513 Salvum
1079 2458 1162 2513 fac
1195 2460 1450 2530 populum
1470 2469 1649 2528 tuum,
1679 2460 1925 2527 Domine,
1952 2473 2006 2518 et
2036 2465 2199 2520 bene-

2374 2465 2463 2520 2ι1.
2496 2464 2674 2517 Σῶσον
2697 2463 2787 2517 τὸν
2813 2462 2939 2516 λαόν
2973 2479 3089 2527 σου,
3112 2462 3206 2515 καὶ
3235 2461 3528 2532 εὺὶτόγησον
3556 2463 3656 2533 τὴν
3687 2463 3792 2536 κλη
3802 2483 3896 2535 ρο-

636 2548 721 2602 dic
761 2549 1059 2604 lizercdilati
1096 2562 1222 2605 tua}.

1040 2550 1059 2604 τί
1096 2562 1222 2605 tua}.
2311 2559 2496 2627 νομίαν
2528 2574 2643 2612 σου.

703 2639 792 2693 25.
827 2639 891 2695 Ει
921 2657 1044 2710 rege
1084 2655 1197 2706 eos,
1225 2650 1278 2697 et
1314 2641 1511 2697 extolle
1560 2642 1680 2698 illos
1724 2659 1900 2715 usque
1947 2646 2002 2699 in
2034 2655 2194 2701 aeter-

2374 2649 2464 2702 25.
2495 2650 2604 2702 Καὶ
2625 2648 2886 2720 ποίμανον
2919 2649 3136 2716 αὐτοὺς,
3163 2646 3260 2704 καὶ
3288 2647 3492 2720 ἐπαρον
3517 2648 3722 2712 αὐτοὺς
3783 2650 3894 2714 ’ἕως

635 2747 788 2787 num.

2303 2739 2399 2793 τοῦ
2430 2740 2644 2805 αἰῶνος.

1744 2910 2118 2967 ATHANASII
2158 2910 2743 2969 INTERPRETATIO.

708 3089 762 3152 7,
810 3089 862 3144 9.
920 3089 1054 3143 Cum
1114 3090 1486 3157 daemonibus,
1539 3101 1593 3147 et
1635 3093 1972 3161 hypocritis,
2014 3100 2069 3146 et
2111 3091 2190 3145 in-
2225 3097 2268 3154 (ι

2371 3093 2480 3159 7,9.
2512 3093 2633 3146 Τῶν
2646 3092 2932 3164 δαιμόνων,
2952 3095 3044 3148 καὶ
3065 3096 3394 3167 ὑποκριτῶν,
3416 3094 3511 3149 καὶ
3535 3097 3884 3166 μανιαστῶν.

636 3196 809 3238 sanis.

706 3274 792 3329 10.
823 3268 1288 3338 Quemadmodum
1331 3266 1573 3337 duplices
1600 3276 1749 3332 sunt,
1779 3268 1844 3324 da
1883 3269 1991 3326 illis
2016 3271 2196 3342 dupli-

2373 3269 2459 3324 10.
2491 3268 2565 3340 (1)
2595 3268 2792 3334 Καθώς
2829 3272 2934 3324 εἰσι
2976 3270 3167 3337 δισσοὶ,
3194 3271 3283 3335 δὸς
3312 3273 3494 3337 αὐτοῖς
3535 3274 3718 3329 δισσὸν
3756 3277 3890 3329 σύν-

635 3381 752 3422 celn
780 3364 1147 3418 amictioncm.

939 3364 1147 3416 .ioncm.
2304 3375 2542 3429 τριμμα.

705 3458 795 3512 11.
825 3456 1130 3510 Secundum
1171 3455 1466 3524 injustitias
1491 3468 1699 3508 eorum.

1652 3469 1699 3506 rt.
2375 3452 2464 3505 11.
2493 3443 2687 3516 Κατως
2706 3455 2802 3516 τὰς
2827 3451 3036 3516 ἀδικίας
3060 3453 3255 3508 αὐτῶν.

711 3549 798 3612 12,
827 3549 913 3604 15.
948 3547 1420 3614 Quemadmodum
1460 3554 1861 3600 consueverunt
1911 3547 2052 3602 mala
2088 3549 2202 3603 sin—

2376 3543 2464 3608 12,
2497 3545 2582 3599 15.
2612 3544 2807 3609 Καθὼς
2848 3546 3058 3617 πονηρὰ
3099 3547 3353 3601 εἰώθασιν
3402 3550 3612 3620 ἑκάστῳ
3651 3550 3885 3614 διδόναι,

639 3643 778 3716 gulis
801 3643 955 3707 dare,
985 3643 1056 3696 ita
1081 3642 1149 3695 da
1180 3641 1333 3709 ipsis.

1210 3641 1333 3708 psis.
2303 3633 2474 3697 οὕτως
2495 3635 2582 3698 δὸς
2611 3637 2813 3697 αὐτοῖς.

707 3737 795 3799 11,
834 3735 922 3789 15.
954 3732 1222 3798 Quoniam
1257 3746 1356 3787 nec
1386 3747 1549 3804 opera
1571 3733 1786 3789 Domini
1823 3735 1964 3790 scire
1989 3735 2197 3799 volunt,

2375 3727 2462 3792 14,
2500 3728 2586 3781 15.
2621 3729 2740 3781 Ὅτι
2764 3729 2900 3800 ἔργα
2923 3729 3128 3801 Κυρίου
3155 3730 3351 3784 ειδέναι
3374 3735 3433 3785 οὐ
3464 3734 3725 3798 Θέλουσιν,
3757 3737 3887 3790 οὐδὲ

640 3844 738 3884 nec
759 3827 966 3898 judicia
986 3826 1126 3895 ejus.

2302 3818 2371 3870 τὰ
2405 3817 2748 3888 δικαιώματα
2777 3818 2960 3872 αὑτοῦ.

718 3923 798 3974 16.
846 3919 1121 3975 Percuties
1157 3933 1274 3985 eos,
1324 3926 1378 3975 et
1428 3934 1536 3975 non
1582 3920 1846 3987 sanabis;
1901 3935 2010 3975 non
2057 3934 2200 3975 enim

2376 3909 2466 3963 16.
2524 3911 2790 3976 Πατάξεις
2832 3911 3050 3975 αὐτοὺς,
3091 3913 3187 3967 καὶ
3248 3914 3308 3966 οὐ
3359 3914 3432 3985 μὴ
3461 3916 3616 3986 ἰάσῃ·
3661 3917 3721 3968 οὐ
3769 3918 3884 3988 γὰρ

640 4013 915 4083 paenitch
925 4021 1005 4066 nt.

2308 4004 2732 4074 μετανοήσουσιν
2765 4003 2863 4074 (2).

712 4108 797 4159 17.
831 4106 1140 4160 Benedictus
1181 4103 1462 4172 Dominus,
1488 4106 1737 4175 quoniam
1764 4106 2004 4176 implevit
2032 4121 2203 4160 vocem

2376 4093 2462 4148 17.
2491 4094 2829 4164 Εὐλογητὸς
2846 4095 3078 4164 Κύριος,
3104 4095 3192 4151 ὅτι
3211 4096 3492 4168 ἐπλήρωσε
3522 4097 3638 4166 τὴν
3665 4102 3885 4168 ρων-ἠι-

640 4199 1018 4266 deprccatiom's
1048 4213 1194 4251 meaz.

2305 4185 2414 4254 τῆς
2445 4185 2707 4253 δεήσεως
2729 4204 2868 4258 μου.

713 4290 799 4343 18.
838 4289 1099 4342 Dominus
1133 4297 1423 4360 protegens
1463 4303 1571 4353 me,
1598 4297 1652 4343 et
1682 4288 1967 4357 insurgens
2005 4287 2060 4341 in
2102 4286 2205 4340 ini-

2377 4276 2462 4330 18.
2495 4276 2696 4348 Κύριος
2745 4277 2959 4331 σκέπων
3015 4295 3105 4348 με,
3141 4278 3236 4332 καὶ
3289 4278 3716 4349 ὲπανιστάμενος
3764 4285 3883 4340 τοῖς

641 4381 813 4434 mieos
840 4392 1013 4431 meos.

2309 4367 2522 4438 ἐχθροῖς
2545 4386 2666 4438 μου.

713 4469 798 4521 19.
829 4466 890 4520 Ei
923 4467 1160 4536 seipsum
1212 4467 1436 4522 tradidit
1465 4480 1560 4524 cor
1589 4482 1792 4532 meum,
1834 4475 1890 4521 et
1917 4464 2196 4520 conforta-
2233 4439 2276 4492 D

2377 4459 2462 4514 19.
2485 4459 2640 4529 Αὐτῷ
2670 4458 2865 4524 ἑαυτὴν
2899 4458 3157 4523 ἐξέδωκεν
3189 4462 3224 4531 ἡ
3253 4461 3448 4532 καρδία
3479 4477 3602 4532 μου,
3641 4464 3738 4518 καὶ
3803 4466 3881 4518 ὲν-

642 4573 755 4613 tum
787 4569 869 4614 est
896 4559 964 4612 ab
988 4575 1073 4613 eo.

2305 4550 2622 4621 εδυναμώθη
2652 4553 2742 4605 ὑπ’
2764 4551 2947 4606 αὑτοῦ.

710 4651 798 4704 20.
833 4651 890 4704 1n
920 4652 1338 4706 resurrectione.

2365 4642 2463 4696 20.
2511 4643 2598 4695 ’Ev
2625 4647 2690 4713 τῇ
2715 4644 3026 4698 ἀναστάσει.

710 4744 800 4796 21.
835 4743 1087 4813 Prompte
1135 4745 1229 4799 tibi
1277 4747 1529 4812 serviam,
1575 4755 1628 4800 et
1677 4744 1888 4798 tradam
1934 4743 2201 4813 meipsum

2372 4735 2462 4788 2|.
2523 4734 2824 4807 Προϐύμως
2861 4736 3128 4790 δουλεύσω
3179 4755 3298 4803 σοι,
3361 4739 3454 4792 καὶ
3513 4738 3738 4792 ὲκδὼσω
3797 4758 3877 4794 σοι

641 4836 761 4892 tibi.

2304 4827 2535 4895 ἐμαυτόν
2563 4827 2661 4897 (3).

708 4928 799 4981 22.
839 4927 1100 4981 Dominus
1125 4928 1298 4983 virtus
1326 4924 1504 4994 populi
1534 4925 1640 4978 sui.

2379 4918 2469 4971 22.
2505 4919 2704 4988 Κύριος
2741 4920 2966 4991 δύναμις
2998 4921 3091 4974 τοῦ
3126 4921 3253 4974 λαοῦ
3284 4921 3469 4976 αὐτοῦ.

709 5023 798 5073 23.
835 5019 1156 5073 Sanctorum
1181 5018 1294 5071 Filii
1319 5017 1399 5072 sui
1423 5026 1692 5084 protector
1715 5025 1822 5071 est.

2378 5008 2466 5061 22.
2504 5009 2622 5060 Τῶν
2645 5011 2812 5078 ἁγίων
2829 5011 2919 5064 τοῦ
2944 5010 3070 5065 Υἱοῦ
3084 5013 3246 5065 αὑτοῦ
3268 5015 3681 5086 ὑπερασπιστής
3705 5019 3873 5070 ἐστίν.

708 5112 798 5163 ιη,
833 5109 894 5163 Et
928 5124 1072 5162 nunc
1097 5119 1150 5161 ει
1177 5110 1227 5160 in
1266 5106 1448 5160 ςυιυτο
1478 5107 1699 5160 εεεευιο,
2376 5099 2464 5151 21.
2503 5101 2610 5152 Καὶ
2649 5103 2704 5152 ἐν
2740 5101 2816 5171 τῷ
2845 5103 2937 5154 νῦν
2971 5104 3063 5155 καὶ
3101 5105 3157 5155 ἐν
3187 5105 3263 5174 τῷ
3295 5105 3538 5176 μέλλοντι
3565 5109 3746 5162 αἰῶνι.

709 5204 800 5257 25.
819 5203 1071 5258 Glorilica
1104 5216 1199 5255 eos
1237 5201 1290 5253 in
1316 5215 1479 5270 regno
1513 5208 1628 5253 tuo.

2378 5191 2465 5244 25.
2497 5193 2726 5256 Δόξασον
2757 5196 2952 5258 αὐτοὺς
2979 5197 3037 5248 ὲν
3067 5199 3133 5268 τῇ
3167 5195 3412 5270 βασιλείᾳ
3447 5216 3561 5252 σου.

1585 5393 1891 5455 Addenda
1929 5401 1988 5456 et
2020 5395 2391 5474 corrigenda
2430 5414 2506 5458 ex
2539 5396 2676 5458 cod.
2717 5397 2916 5457 Vatic.

718 5593 790 5664 (1)
813 5590 876 5645 N.
911 5591 997 5664 10.
1026 5591 1293 5664 Kawijo;
1395 5593 1508 5652 ταῖς
1527 5590 1772 5664 καρδίαις
1795 5590 1989 5642 αὐτῶν.
2012 5589 2080 5664 Ν..
2103 5589 2183 5641 11.
2368 5596 2442 5657 (:2)
2491 5595 2663 5664 Ίάςῃς
2695 5596 2890 5659 αὺτούς
2921 5612 2932 5625 ·
2959 5595 3018 5646 οὖ
3048 5594 3154 5664 γὰρ
3188 5612 3304 5664 μετ.

648 5656 999 5736 Καρῶς-είσι,
1032 5672 1131 5714 etc.
1176 5661 1362 5736 N._12.
1404 5664 1557 5716 Κατὰ
1606 5656 1708 5723 ’τὰς
1767 5664 1898 5730 (non
1946 5660 2180 5722 καθώς).
2366 5656 2440 5736 (ᾖ)
2474 5656 2749 5720 Δουλὲὖςω
2787 5656 3148 5735 σοι’ἐμαυὲόηὶ,

645 5733 701 5782 λ.
741 5733 824 5788 15.
858 5731 1049 5796 Καθὼς
1072 5733 1302 5801 πονηρά,
1322 5741 1421 5788 elo.
