4060 6442
223 355 334 409 710
1074 355 1160 410 DE
1209 356 1480 414 TlTULlS
1520 358 1976 416 PS.\L.\IORU.\L
2015 392 2083 401 —-
2123 359 2314 414 PSAL.
2359 361 2598 415 XXVIII.
3351 365 3454 422 750

453 457 694 527 ίῖὶλείὶιῦτι
739 472 814 538 τῷ
843 474 1040 538 Δαὸὶδ,
1067 477 1280 540 ἐξόδου
1308 480 1563 547 σκηνῆς.
1823 491 1869 541 Α

1823 491 1869 541 Α
2116 479 2358 532 Psalmus
2395 480 2582 542 David,
2616 481 2786 533 exitus
2813 497 2839 533 e
2870 482 3227 538 tabernaculo.

873 571 1044 622 ΨΑΛ.
1081 573 1214 624 KII’.
2417 569 2616 623 PSAL.
2651 570 2935 625 XXVIII.

304 657 356 710 1.
399 657 683 725 Ἐνέγκατε
711 658 787 728 τῷ
816 661 1024 730 Κυρίῳ,
1048 662 1152 714 υίοὶ
1185 663 1319 716 Θεοῦ
1340 682 1351 693 ·

1210 663 1351 716 θεοῦ·
1968 659 2016 711 1.
2059 661 2255 716 Αίῑει-ιο
2283 661 2531 728 Domino,
2561 663 2650 716 lilii
2683 663 2813 730 Dei;

301 750 357 803 2.
402 750 687 818 Ἐνέγκατε
709 748 787 822 τῷ
825 753 1014 823 Κυρίῳ
1055 757 1201 820 υἱοὺς
1225 758 1413 827 κριίυν.

1347 779 1413 810 ,ν,
1963 750 2015 803 2.
2045 752 2242 806 Aﬁ‘erte
2274 753 2504 808 Domino
2532 757 2673 810 lilios
2700 758 2950 811 arietum.

300 845 354 896 5.
393 845 674 912 Ἐνέγκατε
702 845 778 914 τῷ
811 846 998 914 Κυρίῳ
1028 847 1181 910 δόξαν
1218 851 1310 901 καὶ
1333 852 1496 922 τιμήν
1520 869 1532 882 ”

1966 844 2018 895 5.
2056 843 2252 897 AlTerte
2282 845 2509 900 Domino
2539 849 2762 915 gloriam
2790 859 2841 903 et
2870 851 3125 906 honorem
3157 871 3170 907 :

298 935 353 989 4.
403 938 687 1006 Ἐνέγκατε
713 938 788 1009 τῷ
816 940 1002 1010 Κυρίῳ
1030 940 1187 1007 δόξαν
1210 943 1430 1012 ὀνόματι
1461 947 1647 999 αὑτοῦ·

1567 947 1647 999 0.3.
1966 934 2015 986 4.
2049 934 2243 988 Allertc.
2266 935 2495 992 Domino
2524 940 2751 1008 gloriam
2785 943 2989 996 nomini
3022 945 3170 1013 ejus:

299 1028 354 1081 5.
381 1030 798 1101 Προσκυνὴσατε
835 1031 911 1100 τῷ
932 1033 1116 1102 Κυρίῳ
1148 1036 1206 1085 ἐν
1239 1035 1372 1106 αύλῇ
1418 1037 1550 1108 ἁγίᾳ
1605 1039 1786 1094 αὐτοῦ.

1634 1039 1786 1094 ,ὐτοςο
1965 1029 2019 1080 5.
2048 1029 2281 1082 Adorate
2307 1030 2594 1085 Dominum
2628 1035 2680 1086 in
2713 1036 2851 1088 atrio
2883 1046 3072 1092 saneto
3099 1040 3237 1108 ejus.

297 1118 352 1171 6.
385 1119 536 1190 Φωνὴ
570 1123 773 1191 Κυρίου
803 1122 894 1174 ἐπὶ
916 1121 1023 1174 τῶν
1058 1124 1264 1178 ὑδάτων
1283 1143 1298 1160 ο

1226 1143 1298 1177 ,ν.
1964 1119 2016 1170 6.
2047 1116 2160 1172 Vox
2190 1119 2402 1174 Domini
2435 1137 2598 1190 super
2620 1139 2792 1191 aquas
2819 1144 2829 1177 :

299 1212 351 1266 ⁷ο
397 1212 453 1265 ὐ
489 1214 619 1277 Θεὸς
652 1214 751 1282 τῆς
771 1214 926 1283 δόξης
961 1214 1252 1287 ἐϐρόντησε
1274 1234 1286 1245 ·

1215 1235 1252 1269 τε
1274 1234 1286 1245 -
1964 1210 2012 1260 7.
2049 1208 2190 1264 Deus
2220 1213 2519 1281 majestatis
2545 1214 2778 1268 intonuit
2805 1234 2818 1278 ;

295 1303 347 1357 8.
379 1303 580 1374 Κύριος
607 1306 698 1356 ἐπὶ
731 1304 935 1358 ὑδάτων
966 1307 1194 1360 πολλῶν.

1961 1301 2012 1354 8.
2047 1301 2308 1357 Dominus
2338 1321 2501 1374 super
2527 1322 2696 1374 aquas
2727 1309 2945 1364 multas.

296 1394 350 1447 9.
379 1393 531 1464 Φωνὴ
566 1394 770 1465 Κυρίου
794 1396 850 1448 ὲν
877 1396 1019 1466 ίσχύῖ

1965 1390 2017 1443 9.
2055 1389 2170 1445 Vox
2202 1391 2417 1446 Domini
2447 1395 2500 1446 in
2535 1397 2733 1451 virtute
2767 1415 2780 1454 :

294 1485 382 1540 10.
412 1485 564 1556 Φωνὴ
592 1489 791 1556 Κυρίου
828 1490 884 1540 ὲν
913 1489 1369 1562 μεγαλοπρεπείᾳ.

1963 1483 2047 1535 10.
2085 1481 2194 1536 Vox
2229 1483 2441 1538 Domini
2479 1487 2533 1538 in
2575 1489 2992 1557 magniﬁcentia.

293 1576 381 1632 11.
415 1577 568 1647 Φωνὴ
593 1579 796 1647 Κυρίου
833 1580 1203 1650 συντρίϐοντος
1227 1583 1319 1634 κέδ
1329 1600 1451 1652 ρους
1470 1601 1485 1616 ο

1961 1576 2047 1629 11.
2085 1575 2194 1630 Vox
2227 1577 2438 1631 Domini
2472 1580 2862 1650 cuiifringentis
2891 1584 3082 1638 cedros
3115 1603 3127 1638 :

294 1667 383 1720 12.
414 1668 522 1721 Καὶ
539 1669 814 1738 συντρίψει
830 1669 1031 1738 Κύριος
1047 1671 1145 1736 τὰς
1178 1672 1272 1724 κὲδ
1283 1690 1407 1744 ρους
1428 1673 1520 1726 τοῦ
1535 1674 1784 1728 Λιϐάνουο

1646 1675 1784 1728 ιἰνου·
1961 1668 2047 1721 12.
2083 1667 2147 1721 Et
2174 1667 2479 1741 confringet
2508 1671 2769 1728 Dominus
2803 1675 2992 1728 eedros
3019 1675 3249 1734 Libani:

296 1759 382 1811 15.
417 1760 525 1812 Καὶ
553 1761 804 1815 λεπτυνεῖ
843 1761 1010 1826 αὐτὰς
1041 1763 1116 1826 ὼς
1160 1763 1249 1817 τὸν
1280 1764 1480 1835 μόσχον
1512 1765 1603 1818 τοῦ
1631 1766 1784 1837 [τὸν]

1960 1757 2048 1814 15.
2075 1757 2141 1814 Et
2171 1763 2502 1817 comminuet
2528 1779 2620 1819 eas
2664 1775 2921 1835 tanquam
2950 1767 3179 1824 vitulum
3212 1769 3402 1826 Libani
3429 1791 3443 1829 :

214 1848 456 1904 Λιϐάνου
476 1865 491 1880 °
1810 1847 1854 1902 Β

293 1941 379 1996 14.
413 1943 522 1996 Καὶ
542 1945 570 1997 6
604 1946 954 2017 ὴγαπημένος
979 1946 1055 2011 ὡς
1084 1947 1199 2011 υίὸς
1232 1949 1637 2020 μονοκερὼτων.

1957 1954 2043 2008 14.
2075 1953 2143 2009 Et
2165 1956 2391 2012 dilectus
2414 1962 2872 2028 quemadmodum
2901 1965 3045 2022 ﬁlius
3073 1970 3442 2028 unicornium.

289 2029 378 2084 15.
413 2033 565 2104 Φωνὴ
593 2035 796 2106 Κυρίου
823 2037 1206 2102 διακόπτοντος
1232 2038 1403 2107 φλόγα
1423 2042 1614 2112 πυρός.

1956 2047 2046 2101 15.
2076 2048 2191 2103 Vox
2220 2049 2436 2106 Domini
2460 2053 2831 2110 iutercidentis
2858 2056 3131 2114 ﬂammam
3163 2063 3324 2132 ignis.

289 2121 375 2177 16.
405 2125 559 2194 Φωνὴ
586 2126 789 2196 Κυρίου
817 2129 1150 2193 συσσείοντος
1189 2129 1391 2201 ἔρημοι
1411 2149 1426 2163 ’

1956 2137 2041 2190 16.
2076 2137 2192 2193 Vox
2223 2139 2438 2196 Domini
2462 2146 2824 2202 concutientis
2851 2149 3124 2205 desertum
3152 2171 3166 2207 :

1342 2249 1704 2307 ATllANASll
1743 2251 2328 2312 INTERPRETATIO.

297 2371 361 2424 Ἦ
393 2374 721 2447 προκειμένη
757 2378 1034 2449 ἐπιγραφὴ
1074 2383 1312 2452 περιέχει
1348 2384 1452 2453 (1)”
1492 2385 1732 2454 Ψαλμύς
1761 2385 1839 2451 τῷ
1865 2389 2063 2455 Δαϐὶδ,
2093 2390 2306 2455 ἐξόδου
2335 2395 2572 2464 σκηνῆς
2594 2414 2606 2426 ·
2632 2400 2930 2464 τουτέστιν,
2964 2404 2992 2454 6
3024 2402 3236 2474 ψαλμὸς
3257 2406 3334 2478 τῷ
3368 2411 3443 2481 (‘2)

211 2467 376 2520 Δαϐὶδ
399 2468 629 2540 εἴρηται,
652 2471 778 2542 περὶ
803 2466 877 2524 ὧν
915 2474 1115 2541 ὀφείλει
1139 2476 1367 2540 ἕκαστος
1382 2480 1710 2552 προσφέρειν
1731 2482 1870 2553 Θεῷ,
1900 2484 1959 2577 :6
1984 2486 2186 2554 ἀγαθὸν
2207 2486 2336 2559 [τῶν
2363 2492 2602 2565 ἀγαθῶν]
2626 2495 2687 2547 ἐκ
2718 2497 2817 2568 τῆς
2846 2466 3067 2569 καρδίας
3085 2466 3269 2567 αύτοιῖ,

209 2561 309 2613 ’καὶ
331 2560 470 2630 λόγῳ
490 2578 504 2593 ο
538 2565 601 2615 ὲκ
638 2565 746 2635 γὰρ
778 2565 877 2633 τῆς
909 2567 1135 2637 καρδίας
1164 2572 1553 2640 ἐκπορεύονται
1581 2577 1780 2632 πάντα.
1814 2565 2100 2633 Διὰ’τοῦτο
2127 2579 2278 2636 εἶπεν
2305 2601 2318 2614 ⁸
2367 2560 2613 2650 Ἐξάδου
2632 2560 2887 2660 σκηκῆς,
2913 2560 3064 2662 ¹λέγω
3099 2597 3161 2667 δὴ
3181 2560 3436 2655 τάιέ-νέοῖ

210 2655 485 2725 ρευόμενα
507 2657 570 2708 ἐκ
594 2657 690 2727 τῆς
715 2660 957 2728 καρδίας.

291 2771 506 2828 Titulus
522 2777 845 2846 praepositus
858 2782 1098 2837 continet
1125 2804 1136 2837 :
1171 2783 1419 2840 Psalntus
1447 2788 1636 2853 David,
1661 2791 1832 2845 exitus
1854 2795 2233 2850 etabernaculo
2261 2814 2280 2852 :
2304 2813 2496 2868 nempe
2521 2799 2770 2858 Psalmus
2793 2819 2822 2857 a
2840 2804 3040 2860 Davide
3069 2807 3245 2862 dictus
3269 2818 3352 2864 est
3377 2810 3445 2864 de

205 2869 280 2924 iis
319 2887 439 2941 quae
482 2874 712 2944 Quisque
749 2880 908 2935 debet
952 2882 1145 2937 oﬁ‘crrc
1194 2885 1325 2952 Deo,
1363 2887 1500 2942 bona
1545 2904 1608 2942 ex
1672 2891 1837 2946 corde
1881 2908 2004 2960 suo,
2042 2909 2204 2964 Opere
2235 2903 2289 2950 et
2315 2913 2564 2955 sermone
2592 2918 2606 2964 ;
2633 2917 2698 2956 ex
2723 2901 2886 2956 corde
2915 2902 3061 2956 enim
3095 2906 3277 2958 omnia
3317 2923 3445 2960 nro-

202 2967 429 3027 cedunt.
465 2974 587 3031 ldeo
613 2979 787 3045 inquit
816 2994 828 3030 :
867 2979 1057 3032 Exitus
1080 2997 1106 3033 ε
1138 2980 1496 3048 ιαὺίνηαειιιο,
1519 3000 1711 3055 nempe
1738 2989 1992 3044 exeuntia
2022 3006 2089 3046 ex
2123 2993 2311 3049 corde.

282 3086 332 3139 1.
362 3088 436 3156 (3)
463 3089 599 3151 Τοὺς
629 3089 956 3153 ἀποστόλους
983 3091 1154 3160 λέγει.
1803 3115 1846 3173 ο

1046 3109 1154 3160 γει.
1803 3115 1846 3173 ο
1949 3103 2002 3155 1.
2043 3104 2333 3171 Apostolos
2357 3108 2646 3176 signiﬁcat.

277 3175 332 3230 2.
360 3177 496 3240 Τοὺς
528 3178 774 3249 μαθητὰς
795 3181 901 3233 τῶν
927 3183 1260 3237 ἀποστόλων.

1154 3202 1260 3237 .ων.
1952 3193 2007 3247 2.
2037 3193 2341 3265 Discipulos
2366 3175 2757 3268 apostolorum.

277 3267 332 3319 3.
360 3267 462 3319 Τὸν
483 3268 541 3333 ἐξ
584 3270 848 3325 Ἰουδαίων
880 3273 972 3326 καὶ
1011 3274 1069 3340 ἐξ
1109 3276 1276 3330 ἐθνῶν
1307 3278 1456 3332 λαόν.

1383 3279 1456 3332 όν.
1952 3283 2004 3338 3.
2033 3283 2298 3354 Populum
2322 3305 2385 3342 ex
2404 3267 2608 3348 Iudmis
2635 3303 2689 3348 et
2717 3298 2986 3365 gentibus.

278 3356 330 3410 4.
365 3358 500 3422 Τοὺς
535 3361 927 3427 πιστεύσαντας
957 3364 1034 3434 τῷ
1065 3367 1274 3436 Κυρίῳ,
1316 3370 1409 3421 καὶ
1449 3369 1774 3437 ἐλπίσαντας

1953 3376 2005 3429 4.
2050 3376 2347 3436 Credentes
2393 3381 2663 3448 Domino,
2697 3356 2750 3442 et
2798 3389 2851 3442 in
2903 3390 3023 3459 ejus
3055 3393 3272 3448 nomine
3317 3408 3437 3465 spe-

194 3450 304 3520 τῷ,
314 3452 535 3522 ὀνόματι
561 3454 747 3508 αὑτοῦ.

480 3472 535 3505 ,τι
561 3454 747 3508 αὐτοῦ.
1880 3474 2083 3521 rantes.

277 3544 331 3598 5.
371 3545 457 3596 ’Ev
486 3549 548 3615 τῇ
578 3545 688 3597 ἅνω
721 3546 1090 3618 Ἰερουσαλήμ.

1952 3559 2006 3610 5.
2035 3557 2088 3610 In
2121 3574 2352 3628 superna
2385 3548 2705 3622 Jerusalem.

275 3634 330 3685 0.
361 3633 432 3683 Τὸ
457 3633 712 3704 κήρυγμα
735 3637 813 3698 είς
838 3636 907 3688 τὰ
934 3635 1082 3707 ἔθνη.

1950 3649 2003 3701 6.
2031 3651 2351 3707 Przedieatio
2385 3654 2437 3707 in
2469 3657 2740 3725 gentibus.

274 3723 329 3775 7.
368 3723 441 3775 T6
463 3724 685 3795 Πνεῦμα
704 3727 764 3779 τὺ
788 3727 941 3797 ᾰγιον
968 3729 1064 3800 τὴν
1090 3731 1284 3784 ἑαυτοῦ
1314 3734 1620 3803 παρουσίαν
1673 3738 1766 3788 ferit

1950 3738 2001 3792 7.
2050 3741 2284 3810 Spiritus
2325 3754 2546 3802 sanctus
2593 3749 2677 3804 sui
2724 3752 2892 3820 ipsius
2936 3753 3227 3810 adventum
3277 3773 3441 3828 super

191 3813 331 3876 τοὺς
351 3814 699 3880 ἀποστόλους.

575 3834 699 3880 ους.
1877 3835 2178 3901 apostolos.

271 3906 327 3960 8.
377 3908 605 3984 Ὁμοίως
633 3912 690 3962 ὲν
719 3913 831 3973 τοῖς
867 3911 1042 3966 ἔθνεσι
1062 3914 1122 3967 τδ
1145 3917 1409 3986 κήρυγμα
1433 3919 1622 3975 αὐτοῦ.

1437 3919 1622 3975 αὐτοῦ.
1946 3925 2000 3978 8.
2033 3927 2158 3980 Item
2190 3927 2306 3996 ejus
2334 3929 2647 3996 praedicatio
2680 3930 2734 3982 in
2769 3935 3040 4001 gentibus.

272 3996 326 4051 9.
360 3999 432 4050 T6
453 4000 710 4069 κήρυγμα
733 4001 895 4054 αὐτοῦ
919 4002 1083 4057 ποιῶν
1110 4004 1184 4074 (4)
1214 4007 1488 4078 δυνάμεις.

1406 4025 1488 4072 εις.
1945 4015 1998 4067 9.
2028 4015 2159 4084 Ejus
2181 4019 2492 4086 praedicatio
2523 4017 2731 4073 faciens
2764 3996 3009 4079 Virtutes.

274 4089 362 4142 10.
397 4090 470 4141 Τὸ
488 4090 655 4161 δνομα
683 4093 885 4164 Κυρίου
909 4095 1344 4170 ὲνδοξαζόμενον.

1318 4119 1344 4152 ι.
1945 4105 2034 4160 10.
2059 4105 2262 4162 Nomen
2300 4108 2512 4163 Domini
2541 4111 2921 4180 glorilicatum.

272 4179 361 4234 11.
396 4181 534 4244 Τοὺς
563 4181 818 4254 δαίμονας
846 4185 1014 4254 λέγει.

1953 4199 2035 4253 ll.
2078 4199 2359 4256 ῡιεειιιυιιθε
2381 4203 2668 4271 signiﬁcat.

273 4274 362 4328 12.
387 4273 524 4338 Τοὺς
550 4275 895 4340 διδασκάλους
932 4278 1040 4332 τῶν
1090 4281 1358 4335 Ἰουδαίων
1379 4284 1548 4352 λέγει.

1428 4284 1548 4352 Ξγει,
1949 4290 2038 4344 12.
2083 4289 2362 4360 Signiﬁcat
2385 4293 2673 4362 magistros
2698 4296 3031 4357 Iudaeorum.

272 4366 360 4419 13.
398 4367 582 4429 Οὕτως
620 4369 893 4439 συντρίψει
918 4373 1043 4434 τοὺς
1064 4373 1330 4443 ἄρχοντας
1359 4376 1454 4428 καὶ
1503 4378 1595 4430 τὸν
1636 4380 1762 4433 λαὸν

1945 4380 2028 4432 15.
2081 4378 2155 4433 Ita
2190 4380 2492 4450 confringet
2534 4387 2806 4457 principes
2857 4404 2909 4447 et
2955 4399 3180 4464 populos
3224 4400 3439 4458 Judaeu-

189 4457 309 4511 τῶν
350 4459 635 4521 Ἰουδαίων,
675 4459 748 4522 ὡς
777 4460 973 4531 μόσχον
995 4463 1053 4516 ὃν
1080 4466 1337 4536 ἐποίησαν
1364 4469 1421 4520 ὲν
1444 4471 1508 4539 τῇ
1550 4472 1762 4541 ἐρήμῳ,

1835 4474 1844 4515 t
1871 4485 2013 4533 rum,
2045 4480 2102 4523 ut
2132 4471 2383 4537 vitulum,
2434 4491 2596 4544 quem
2637 4482 2690 4532 in
2723 4497 2906 4536 eremo
2939 4484 3194 4555 fecerant,
3228 4493 3438 4565 Moyses

182 4549 259 4601 ὃν
288 4548 542 4601 ἐλέπτυνε
563 4550 827 4622 Μωῦσῆς.

612 4550 827 4622 ῖωῦσῆς.
1871 4561 2215 4615 comminuit.

269 4636 358 4690 14.
389 4639 497 4690 Καὶ
523 4639 551 4690 6
595 4639 719 4701 λαὸς
751 4642 779 4692 6
805 4635 997 4703 πιστὸς
1039 4642 1152 4711 ἔχει
1197 4645 1336 4696 κατὰ
1380 4647 1473 4698 τοῦ
1503 4647 1759 4717 μετώπου

1940 4651 2030 4706 14.
2062 4650 2128 4704 Ει
2154 4657 2386 4723 populus
2417 4658 2589 4716 ﬁdelis
2628 4664 2787 4720 habet
2831 4669 2883 4722 in
2917 4669 3093 4728 fronte
3137 4691 3233 4729 sua
3265 4692 3435 4733 cornu

188 4729 364 4784 αὐτοῦ
388 4729 552 4800 κέρας
580 4729 801 4800 ὑψηλὸν,
827 4732 902 4795 ὡς
923 4734 1036 4797 υίὸς
1063 4737 1468 4806 μονοκερώτων.

1219 4737 1468 4806 εερώτων.
1869 4739 2158 4808 elevatum,
2189 4755 2247 4797 ut
2279 4747 2422 4802 lilius
2457 4752 2822 4810 unicornium.

271 4818 359 4875 15.
391 4819 518 4872 Ὅτε
551 4815 670 4872 εἷπε
708 4819 784 4890 τῷ
832 4821 1034 4893 λῃστῇο
1063 4825 1198 4878 Μετ’
1228 4826 1372 4893 ἐμοῦ
1411 4827 1525 4897 ἔσῃ
1565 4830 1634 4881 ἐν
1681 4829 1760 4894 τῷ

1940 4833 2026 4884 15.
2070 4832 2299 4899 Quando
2339 4841 2476 4895 dixit
2509 4845 2741 4903 latroni:
2786 4850 2957 4905 IIodie
3008 4871 3211 4910 mecum
3244 4862 3350 4915 eris
3386 4863 3436 4914 in

181 4911 557 4978 παραδείσῳ.
1868 4923 2119 4990 ραναάὶδο
2137 4928 2211 4994 ,⁵¹.

267 5000 353 5054 16.
393 5004 665 5074 Ἀκίνητον
689 5005 815 5060 ὄντα
842 5007 932 5060 τὸν
959 5008 1157 5078 κόσμον
1185 5013 1281 5082 τῆς
1313 5011 1755 5085 εἰδωλολατρειας

1940 5014 2025 5068 16.
2060 5015 2340 5084 Mundum,
2377 5025 2471 5092 qui
2501 5027 2568 5079 ab
2600 5027 2907 5088 idololatria
2932 5042 3178 5093 amoveri
3206 5059 3311 5097 non
3341 5059 3439 5115 po-

183 5095 505 5164 μετήγαγεν
526 5099 607 5159 είς
646 5098 825 5150 πίστιν
846 5102 875 5151 ὀ
904 5099 1058 5168 λόγος
1078 5101 1257 5154 αὐτῶν
1292 5104 1394 5172 (5).

1870 5113 2026 5166 terat,
2066 5121 2248 5164 sermo
2271 5115 2646 5179 apostolorum
2677 5123 2917 5179 traduxit
2949 5127 3002 5182 in
3027 5129 3207 5188 ﬁdem.

261 5270 306 5302 ⁸¹
331 5270 462 5326 Luc.
496 5289 652 5342 mn,
692 5274 782 5329 45.

1137 5439 1270 5500 Add
1297 5440 1437 5502 inda
1479 5448 1540 5503 et
1582 5441 1953 5521 corrigenda
1986 5463 2063 5507 ex
2097 5449 2235 5509 eod.
2284 5451 2485 5514 Vatic.

258 5597 336 5731 ρ)
380 5597 443 5650 Ἦ
468 5598 554 5653 διὰ
573 5602 670 5672 τῆς
707 5604 1071 5672 κινναϐάρεως
1106 5623 1229 5678 περ.
1861 5661 1872 5671 .
1929 5612 2002 5690 (ᾧ)
2035 5611 2266 5692 Πτξιοῧξθιλ

281 5668 337 5731 2)
367 5669 491 5722 Τοῦ.
1927 5685 2001 5731 t5)
2039 5685 2230 5731 Αυτου.

281 5668 491 5749 gjgoq.
549 5668 652 5749 μζ
762 5742 775 5749 _
939 5668 950 5672 '
1176 5668 1188 5678 '
1862 5668 1870 5671 ⁷
1927 5668 2001 5749 (‘5)
2039 5684 2230 5734 A0:o~3.

256 5738 334 5808 (3)
363 5737 425 5792 Ν.
461 5743 507 5794 1.
540 5743 599 5795 Οἱ
624 5741 866 5809 ἄγγελοι.
