4060 6432
636 370 745 431 785
1486 386 1541 434 .5.
1581 380 1957 435 AI'IIANASII
1998 378 2066 437 01
2086 381 2145 438 Ρ.
2181 384 2360 439 PARS
2400 382 2489 439 111.
2515 413 2581 423 -
2612 382 3021 439 EXEGETICA.
3779 387 3882 443 756

856 493 917 546 In
953 494 1129 562 ﬁnem,
1154 498 1391 566 psalmus
1423 498 1592 551 David
1624 516 1717 567 pro
1744 506 1965 553 exstasi.
2230 508 2277 563 Α
2374 504 2459 568 Εἷς

2230 508 2277 563 Δ
2374 504 2478 568 Είς
2511 503 2576 557 τὸ
2607 502 2809 569 τέλος,
2843 503 3083 572 ψαλμὸς
3122 503 3201 556 τῶ
3240 505 3417 558 Δαϐὶδ
3439 504 3815 570 ἐκστάσεως.

1210 589 1412 641 PSAL.
1449 588 1629 645 XXX.

1626 631 1629 642 ,
2946 600 3119 651 ΨΑΛ.
3150 603 3229 650 Λ’.

711 701 761 753 1.
812 698 865 752 In
920 710 1002 767 te,
1053 701 1298 766 Domine,
1351 704 1583 772 speravi,
1642 719 1749 759 non
1797 705 2100 761 confundar
2147 708 2199 761 in

2376 706 2427 759 1.
2475 706 2596 760 Ἐπὶ
2617 707 2721 771 σοὶ,
2739 705 2932 777 Κύριε,
2957 705 3180 775 ἤλπισα,
3219 706 3293 777 μὴ
3322 707 3789 778 καταισχυνθείην
3812 710 3886 770 εις

635 804 897 844 :r'cruum
930 811 943 845 :
2300 797 2393 850 τὸν
2432 798 2631 851 αἰῶνα·

698 878 765 937 9..
802 884 856 937 In
878 885 1088 954 justitia
1119 897 1208 939 tua
1234 887 1398 939 libera
1431 903 1536 951 me,
1563 901 1616 942 et
1643 889 1790 957 eripe
1817 905 1921 943 me.

2372 888 2428 941 2.
2479 889 2566 940 ’Ev
2599 891 2666 958 τῇ
2694 887 3004 958 δικαιοσύνῃ
3042 905 3135 941 σου
3160 888 3322 959 ῥῦσαί
3346 906 3436 959 με,
3454 889 3548 943 καὶ
3574 886 3775 954 ἐξελοῦ
3802 907 3885 959 με.

705 976 758 1027 5.
790 975 995 1030 lnclina
1026 978 1090 1031 ad
1122 993 1207 1031 me
1240 994 1427 1032 aurem
1458 988 1606 1032 tuam
1639 998 1651 1032 :

2373 982 2427 1035 5.
2462 981 2655 1033 κλῖνον
2683 980 2819 1050 πρός
2855 998 2920 1051 με
2950 981 3011 1033 τὸ
3041 977 3134 1045 οὖς
3159 999 3251 1035 σου
3276 1000 3289 1014 ·

710 1064 764 1117 ι.
788 1065 1043 1120 Accelera
1069 1075 1126 1119 ut
1154 1081 1316 1120 eruas
1349 1082 1457 1121 me.

2373 1072 2429 1126 4.
2464 1072 2702 1141 Τάχυνον
2725 1070 2819 1123 τοῦ
2854 1071 3129 1136 ἐξελέσθαι
3161 1090 3249 1143 με.

709 1156 765 1211 5.
800 1155 929 1210 Esto
956 1157 1088 1211 mihi
1119 1158 1171 1210 in
1203 1158 1374 1212 Deum
1408 1168 1788 1227 protectorem,

2372 1163 2428 1217 5.
2461 1162 2622 1215 Γενοῦ
2658 1180 2748 1233 μοι
2770 1164 2848 1226 είς
2872 1164 3003 1217 Θεὸν
3033 1166 3465 1237 ὑπερασπιστὴν,

710 1246 766 1301 6.
801 1246 864 1301 Ει
900 1249 953 1301 in
979 1248 1202 1301 domum
1248 1247 1465 1318 refugii,
1496 1260 1553 1303 ut
1590 1251 1800 1304 salvum
1835 1266 1920 1305 me
1952 1251 2143 1307 facias.

2069 1267 2143 1307 as.
2378 1254 2435 1309 6.
2468 1256 2579 1308 Kal.
2611 1255 2691 1316 εἰς
2720 1249 2868 1307 οἷκον
2899 1256 3221 1325 καταφυγῆς
3247 1255 3343 1307 τοῦ
3374 1256 3545 1308 σῶσαί
3576 1274 3672 1327 με.

717 1337 767 1389 7.
809 1335 1079 1402 Quoniam
1128 1335 1393 1391 fortitudo
1436 1355 1553 1393 mea
1602 1350 1656 1394 et
1711 1340 1981 1411 refugium
2022 1358 2202 1398 meum

2377 1347 2430 1401 7.
2463 1348 2587 1399 Ὀτι
2618 1346 2941 1417 κραταίωμά
2972 1364 3098 1418 μου,
3133 1348 3225 1401 καὶ
3250 1350 3539 1418 καταφυγή
3572 1365 3681 1417 μου
3727 1344 3785 1400 εἴ
3806 1345 3896 1401 σύ²

642 1448 700 1484 es
732 1440 829 1484 tu:

710 1523 764 1576 8.
802 1520 869 1576 Et
909 1530 1131 1592 propter
1160 1539 1356 1579 nomen
1398 1534 1552 1578 tuum
1582 1523 1820 1580 deduces
1856 1540 1963 1591 me,
1993 1534 2047 1581 et
2074 1541 2207 1581 enu-

2376 1526 2429 1581 8.
2461 1525 2570 1577 Kal.
2601 1523 2786 1576 ἕνεκεν
2807 1520 2905 1575 τοῦ
2929 1522 3190 1593 ὀνόματός
3218 1539 3311 1575 σου
3334 1520 3622 1593 ὁδηγήσεις
3657 1539 3729 1592 με
3752 1562 3768 1585 ,
3801 1520 3897 1575 καὶ

644 1613 775 1667 tries
802 1627 910 1666 me.

2307 1616 2617 1687 διαθρέψεις
2652 1632 2741 1686 με.

711 1705 766 1758 9.
799 1702 1011 1760 Educes
1041 1720 1128 1760 me
1153 1706 1221 1760 de
1246 1706 1440 1761 laaueo
1466 1706 1587 1770 hoc,
1614 1722 1774 1776 quem
1806 1707 2208 1763 absconderunt

2377 1708 2429 1763 9.
2468 1708 2709 1775 Ἐξάξεις
2737 1726 2803 1779 με
2832 1708 2896 1761 ἐκ
2923 1706 3150 1776 παγίδος
3170 1704 3391 1777 ταύτης.
3410 1698 3477 1775 ἦς
3499 1704 3754 1775 ἕκρυψάν
3783 1722 3898 1775 μοι’

642 1797 775 1853 mihi
803 1816 816 1852 :

714 1889 802 1943 10.
831 1887 1099 1955 Quoniam
1126 1898 1182 1944 tu
1214 1906 1273 1945 es
1299 1898 1577 1959 protector
1609 1905 1785 1957 meus,
1815 1890 2067 1948 Domine.
2234 1882 2278 1937 Β

2234 1882 2278 1937 Β
2376 1894 2463 1949 10.
2498 1894 2621 1947 Ὅτι
2656 1891 2719 1944 σὺ
2752 1886 2804 1943 εἷ
2834 1892 2862 1943 ὁ
2886 1890 3297 1960 ὑπερασπιστὴς
3330 1889 3465 1959 μου,
3503 1886 3704 1957 Κύριε.

714 1979 806 2034 11.
835 1978 894 2034 In
923 1996 1117 2036 manus
1140 1990 1260 2037 luas
1292 1983 1683 2037 commendabo
1714 1984 1962 2051 spiritum
1987 1998 2164 2038 meum
2190 2002 2203 2037 :

2383 1987 2472 2040 11.
2508 1986 2602 2046 Εἰς
2634 1982 2823 2055 χεῖράς
2860 1999 2952 2034 σου
2978 1979 3365 2049 παραθήσομαι
3404 1980 3466 2032 τὸ
3493 1978 3718 2047 πνεῦμά
3751 1995 3857 2048 μου
3880 1996 3895 2009 ·

714 2070 803 2124 12.
830 2069 1125 2126 Redemisti
1165 2089 1269 2136 me,
1299 2073 1525 2127 Domine
1552 2073 1691 2128 Deus
1716 2074 1981 2129 veritatis.

2381 2076 2470 2129 12.
2517 2072 2837 2145 Ἐλυτρώσω
2870 2090 2958 2143 με,
2997 2070 3167 2141 Κύριε
3196 2072 3224 2123 ὁ
3254 2070 3387 2133 Θεὸς
3408 2073 3507 2139 τῆς
3535 2069 3822 2139 ἀληθείας.

713 2163 801 2217 15.
833 2162 1007 2218 Odisti
1048 2164 1281 2235 [omnes]
1310 2164 1661 2219 observantes
1711 2165 1980 2219 vanitates
2022 2180 2209 2233 super—

2383 2167 2469 2221 13.
2516 2166 2814 2235 Ἐμίσησας
2836 2165 2960 2228 τοὺς
2978 2163 3220 2235 [πάντας
3245 2160 3405 2233 τοὺς]
3426 2161 3902 2229 διαφυλάσσοντας

643 2268 838 2308 vacue.

2316 2258 2683 2329 ματαιότητας
2712 2256 2985 2325 διακενῆς.

717 2345 806 2400 14.
837 2344 949 2416 Ego
980 2354 1157 2401 autem
1191 2346 1242 2401 in
1274 2347 1505 2403 Domino
1539 2348 1747 2418 speravi
1776 2367 1789 2403 :

2384 2349 2474 2403 1ι1.
2515 2346 2654 2415 Ἐγὼ
2684 2347 2739 2400 δὲ
2767 2347 2859 2399 ἐπὶ
2882 2344 2961 2415 τῷ
2981 2345 3171 2415 Κυρίῳ
3195 2344 3399 2414 ἤλπισα
3420 2358 3433 2373 ·

717 2438 806 2491 15.
838 2437 1157 2505 Exsultabo,
1182 2450 1236 2494 et
1266 2441 1487 2495 laetabor
1513 2441 1564 2494 in
1598 2440 1973 2496 misericordia
2008 2449 2122 2496 tua.

2386 2440 2475 2497 15.
2510 2438 2931 2509 Ἀγαλλιάσομαι
2954 2438 3049 2491 καὶ
3076 2436 3520 2507 εὑφρανθήσομαι
3540 2434 3635 2487 ἐπὶ
3651 2432 3733 2503 τῷ
3756 2431 3902 2485 ἐλέει

2317 2547 2431 2583 σου.

722 2617 807 2671 16.
843 2617 1111 2683 Quoniam
1144 2618 1430 2686 respexisti
1465 2618 1824 2672 humilitatem
1864 2633 2038 2673 meam
2072 2636 2087 2673 :

2386 2620 2474 2674 16.
2511 2620 2632 2673 ’Ότι
2650 2621 2859 2683 ἐπεῖδες
2872 2620 2965 2672 ἐπὶ
2983 2618 3099 2690 [ἐπί
3113 2616 3287 2690 deest]
3303 2616 3399 2687 τὴν
3417 2612 3755 2684 ταπείνῳσίν
3771 2628 3898 2683 μου·

724 2709 806 2763 l7.
838 2708 1069 2764 Salvasti
1106 2709 1171 2763 de
1201 2710 1619 2763 necessitatibus
1659 2709 1897 2763 animam
1925 2724 2100 2763 meam
2128 2726 2143 2761 :

2392 2709 2480 2763 17.
2511 2710 2761 2772 Ἔσωσας
2792 2712 2857 2762 ἐκ
2889 2709 2997 2762 τῶν
3020 2710 3272 2777 ἀναγκῶν
3302 2707 3397 2778 τὴν
3430 2707 3607 2777 ψυχήν
3646 2721 3753 2774 μου
3773 2718 3790 2731 ’

717 2802 804 2856 18.
820 2800 886 2855 Ει
904 2815 1011 2855 non
1038 2800 1350 2856 conclusisti
1369 2816 1454 2855 me
1471 2800 1522 2854 in
1543 2800 1792 2855 manibus
1817 2800 2165 2854 inimicorum
2194 2817 2207 2852 :

2194 2817 2207 2852 :
2391 2802 2477 2855 18.
2514 2801 2624 2855 Καὶ
2656 2800 2715 2853 οὐ
2753 2800 3100 2863 συνέκλεισάς
3134 2817 3201 2869 με
3228 2801 3306 2862 εἰς
3336 2802 3521 2870 χεῖρας
3550 2794 3792 2869 ἐχθρῶν.

1768 2912 2147 2968 ATllANASll
2186 2912 2767 2969 ιΝΤΕιιΡιιΕΤΑΤιΟ.

725 3030 791 3083 Ἦ
824 3029 1157 3100 προκειμένη
1195 3029 1474 3101 ἐπιγραφὴ
1508 3030 1752 3100 περιέχει
1772 3046 1786 3060 ”
1826 3029 2072 3097 Ψαλμὸς
2102 3028 2177 3098 (1)
2208 3028 2288 3095 τῷ
2310 3030 2509 3097 Δαϐὶδ,
2542 3032 2887 3097 ἐκστάσεως
2913 3071 2927 3095 ,
2958 3030 3203 3085 τουτέστι
3236 3029 3327 3083 τδν
3368 3027 3853 3099 ψαλμὸν-εἴρηκεν
3877 3029 3911 3081 ὁ

644 3123 809 3177 Δαόὶδ
836 3125 916 3186 είς
945 3124 1071 3185 τοὺς
1108 3122 1326 3186 τελείως
1343 3123 1639 3185 ἐκστάντας
1669 3121 1777 3174 ἀπὸ
1799 3122 1897 3192 τῆς
1916 3121 2213 3192 ἁμαρτίας,
2245 3123 2340 3175 καὶ
2374 3122 2805 3194 ἐπιστρέψαντας
2835 3122 2928 3174 ἐπὶ
2957 3123 3048 3176 τὸν
3080 3123 3304 3195 Κύριον.

721 3236 935 3293 Titulus
966 3238 1293 3306 praepositus
1322 3238 1568 3292 continet
1593 3255 1608 3292 :
1638 3237 1887 3290 Psalmua
1915 3236 2086 3291 David
2110 3253 2203 3305 pro
2228 3238 2453 3305 exstasi,
2472 3252 2565 3292 seu
2600 3252 2701 3306 pro
2724 3237 2991 3304 discessu,
3015 3236 3119 3291 hoc
3138 3245 3242 3300 est.
3270 3236 3538 3306 psalmum
3561 3234 3699 3289 dixit
3726 3234 3911 3289 David

646 3334 713 3387 de
738 3331 1140 3387 discedentibus
1165 3332 1388 3386 omnino
1420 3349 1450 3387 a
1492 3333 1748 3402 peccatis,
1779 3342 1833 3386 et
1864 3348 1921 3387 se
1952 3333 2018 3387 ad
2048 3332 2337 3388 Dominum
2368 3333 2834 3389 convertentibus.

714 3454 770 3507 1.
796 3449 1025 3506 Omnem
1065 3467 1241 3507 meam
1271 3452 1690 3507 sollicitudinem
1725 3451 1934 3507 habens
1961 3452 2016 3505 in
2046 3460 2120 3507 te.
2234 3456 2280 3519 C

2112 3490 2120 3507 .
2234 3456 2280 3519 C
2380 3453 2433 3509 1.
2462 3452 2575 3525 Τὴν
2598 3452 2865 3525 μέριμνάν
2904 3468 3007 3522 μου
3039 3450 3221 3503 πᾶσαν
3242 3448 3337 3501 ἐπὶ
3359 3447 3419 3501 σὲ
3450 3446 3586 3518 ἔχων
3609 3445 3715 3518 (2).

714 3544 771 3598 9..
798 3541 877 3598 Ne
906 3542 1172 3612 reprobus
1204 3544 1353 3607 liam,
1383 3540 1633 3597 Domine.

2386 3545 2441 3600 2.
2471 3544 2558 3617 Μὴ
2578 3546 2833 3615 ἀδόκιμος
2850 3542 3115 3613 γένωμαι,
3150 3540 3343 3611 Κύριε.

711 3636 766 3690 5.
802 3635 1075 3705 Benignas
1103 3650 1265 3689 aures
1292 3634 1427 3689 mihi
1462 3634 1662 3704 prmbe.

2388 3638 2442 3691 5.
2475 3637 2690 3707 Εὐμενῆ
2726 3653 2817 3705 μοι
2848 3634 2918 3687 τὰ
2945 3627 3058 3686 ὦτα
3082 3633 3157 3702 (5)
3187 3632 3490 3703 παράσχου.

718 3727 770 3780 4.
805 3726 871 3779 Et
908 3726 1102 3782 festina
1136 3728 1202 3781 ad
1239 3744 1326 3781 me
1360 3728 1720 3781 liberandum.

2386 3728 2441 3782 4.
2470 3730 2579 3781 Καὶ
2609 3726 2839 3780 σπεῦσον
2876 3724 2968 3777 τοῦ
3008 3723 3285 3789 ἐξελέσθαι
3313 3739 3399 3791 με.

718 3820 773 3875 5.
806 3819 941 3873 Esto
973 3820 1099 3871 mihi
1133 3821 1187 3871 in
1229 3819 1399 3872 Deum
1430 3818 1783 3887 opitulantem
1813 3816 1969 3870 mihi.

2391 3819 2443 3873 5.
2469 3818 2660 3872 Γενοῦ
2677 3835 2778 3886 μοι
2809 3819 2898 3882 εις
2921 3815 3069 3869 Θεὸν
3096 3812 3539 3883 ἁντιποιούμενὸν
3572 3829 3698 3882 μου.

718 3911 775 3965 6.
803 3910 907 3975 Qui
938 3910 1081 3963 enim
1113 3910 1177 3963 ad
1206 3918 1256 3962 te
1287 3908 1432 3963 venit
1457 3923 1563 3961 non
1595 3905 1863 3975 ejicietur.

2390 3910 2441 3964 6.
2488 3910 2545 3962 Ὀ
2573 3909 2679 3983 γαρ
2703 3908 2997 3980 ἐρχόμενος
3023 3904 3158 3977 πρὸς
3178 3904 3238 3956 σὲ
3275 3904 3335 3957 οὐ
3379 3903 3451 3973 μὴ
3491 3901 3684 3973 ἐξέλθῃ
3716 3902 3852 3968 ἔξω.

722 4000 773 4054 7.
808 4000 1078 4067 Quoniam
1109 4000 1281 4054 virtus
1322 4014 1442 4054 mea
1490 4008 1544 4052 et
1576 3998 1975 4055 munimentum
2031 4010 2213 4051 meum

1963 4013 1975 4049 I
2031 4010 2213 4051 meum
2387 4001 2443 4053 7.
2466 4001 2587 4054 Ὅτι
2625 3996 2772 4070 ἰσχύς
2810 4015 2911 4069 μου
2946 3997 3040 4050 καὶ
3070 3996 3247 4066 τεῖχός
3276 4012 3374 4065 μου
3403 3990 3451 4046 εἷ
3480 3992 3566 4047 σύ.

652 4100 712 4141 es
744 4096 822 4140 tu.

723 4179 775 4232 8.
808 4176 873 4232 Et
903 4186 1125 4247 pr0pter
1167 4194 1363 4232 nomen
1411 4188 1563 4233 tuum
1613 4178 1787 4233 deduc
1818 4193 1925 4243 me,
1957 4187 2011 4232 et
2038 4177 2216 4232 enutri

2390 4176 2442 4229 8.
2472 4174 2581 4228 Καὶ
2601 4174 2689 4226 διὰ
2711 4170 2803 4223 τοῦ
2838 4170 3097 4239 ὀνόματός
3134 4184 3223 4219 σου
3254 4166 3328 4235 (4)
3360 4163 3621 4235 ὁδήγησὸν
3672 4181 3769 4234 με,
3809 4166 3907 4217 καὶ

650 4287 738 4325 me
765 4272 819 4325 in
847 4271 1333 4341 justiﬁcationibus
1363 4272 1491 4327 tuis.

2318 4266 2607 4337 διάθρεψόν
2643 4282 2709 4335 με
2744 4266 2801 4316 ἐν
2833 4265 2950 4324 τοῖς
2977 4258 3308 4326 δικαιώμασί
3340 4276 3439 4328 μου
3473 4257 3566 4326 (5).

721 4364 775 4418 9.
810 4361 888 4416 Ex
922 4374 1145 4432 peccato
1172 4364 1511 4418 inhabitante
1543 4364 1597 4417 in
1627 4363 1789 4417 corde
1828 4378 1973 4417 meo.

2390 4360 2443 4413 9.
2472 4358 2583 4426 Τῆς
2605 4354 2920 4424 ἐνοικούσης
2954 4353 3012 4404 ὲν
3048 4354 3113 4421 τῇ
3154 4350 3347 4421 καρδία
3372 4367 3470 4419 μου
3506 4348 3810 4420 ἁμαρτίας.

720 4456 808 4510 10.
840 4456 1111 4521 Quoniam
1146 4466 1201 4511 tu
1229 4474 1288 4512 es
1316 4466 1592 4526 protector
1621 4473 1793 4520 meus,
1828 4455 2075 4510 Domine.

1951 4456 2075 4508 line.
2394 4450 2478 4506 10.
2506 4450 2629 4501 Ὅτι
2661 4449 2725 4499 σὺ
2748 4442 2798 4498 εἷ
2819 4449 2847 4498 ὁ
2871 4445 3184 4515 σκεπαστής
3215 4459 3338 4512 μου,
3362 4440 3554 4511 Κύριε.

722 4549 809 4601 11.
840 4548 1097 4599 Animam
1126 4562 1327 4611 meam,
1360 4548 1556 4615 inquit.

1554 4588 1556 4597 .
2388 4542 2473 4594 11.
2507 4542 2618 4611 Τὴν
2636 4539 2817 4609 ψυχήν
2848 4555 2969 4607 μου,
2992 4536 3157 4604 λέγει.

724 4638 813 4693 12.
846 4637 1143 4693 Redemisti
1191 4655 1276 4692 me
1308 4655 1372 4692 ex
1418 4639 1680 4694 servitute
1714 4638 1981 4693 mendacii
2010 4646 2089 4701 tu,
2126 4636 2217 4705 qui

2392 4634 2479 4685 12.
2527 4629 2847 4700 Ἐλυτρὼσω
2875 4646 2940 4699 με
2976 4629 3075 4695 τῆς
3108 4626 3349 4688 δουλείας
3380 4623 3471 4677 τοῦ
3494 4622 3725 4692 ψεύδους
3746 4625 3779 4676 ὁ
3804 4622 3906 4678 τοῦ

649 4745 710 4784 es
741 4728 885 4783 Deus
912 4730 1097 4798 populi
1135 4730 1399 4785 veritatis.

2320 4724 2450 4779 λαοῦ
2488 4724 2589 4793 τῆς
2617 4723 2871 4792 ἀληθείας
2896 4722 3045 4784 Θεός.

722 4820 811 4875 15.
842 4820 1013 4874 Odisti
1046 4830 1427 4888 permanentes
1456 4822 1508 4875 in
1538 4831 1779 4890 peccato.
2252 4806 2296 4861 ί)

2252 4806 2296 4861 ί)
2396 4815 2481 4868 15.
2527 4814 2827 4883 Ἐμίσησας
2854 4814 2975 4875 τοὺς
2998 4810 3350 4881 ἐπιμένοντας
3373 4810 3435 4878 τῇ
3458 4806 3723 4877 ἁμαρτία.

722 4912 811 4965 11.
846 4911 1225 4966 Constituente
1251 4924 1403 4967 extra
1434 4930 1698 4968 errorem.

2400 4905 2487 4958 14.
2517 4904 2607 4975 Τῷ
2638 4904 2809 4966 ἐκτῶς
2848 4904 2924 4972 (6)
2961 4902 3164 4971 πλάνης
3196 4902 3507 4968 παρέχοντι.

727 5004 815 5058 15.
847 5004 984 5057 Cum
1019 5004 1452 5060 misericordiam
1489 5023 1517 5060 a
1570 5017 1620 5061 te
1670 5014 1995 5060 consecutus
2042 5004 2216 5068 fuero,

2400 4996 2486 5050 15.
2531 4997 2618 5049 Ἐν
2642 4995 2720 5065 τῷ
2744 4993 3005 5046 ἐλεεῖσθαί
3031 5010 3096 5062 με
3125 4993 3227 5044 ὑπὸ
3256 4991 3347 5043 σοῦ
3366 4990 3907 5060 ἁγαλλιάσομαι,καὶ

653 5096 937 5150 exsultabo
978 5106 1032 5151 et
1062 5096 1286 5153 laetabor
1322 5099 1376 5151 in
1402 5101 1566 5154 corde
1599 5117 1739 5154 meo.

1703 5117 1739 5152 ).
2329 5089 2780 5160 εὐφρανθήσομαι
2813 5087 2870 5138 ἐν
2895 5088 2959 5154 τῇ
2986 5083 3180 5153 καρδίᾳ
3208 5100 3306 5152 μου

724 5191 814 5241 16.
838 5188 1111 5254 Quoniam
1139 5189 1569 5247 animadvertisti
1601 5193 1966 5246 inﬁrmitatem
1997 5200 2190 5241 meam.

1887 5206 1966 5244 em
1997 5200 2190 5241 meam.
2400 5178 2486 5235 16.
2516 5181 2640 5232 Ὅτι
2670 5178 2967 5249 προσέσχες
2995 5178 3059 5245 τῇ
3085 5174 3335 5244 ἀσθενείᾳ
3369 5190 3490 5242 μου.

726 5281 813 5334 17.
849 5279 929 5334 Ex
962 5282 1219 5349 peccatis.

2400 5273 2487 5325 17.
2536 5272 2627 5323 Ἐκ
2650 5269 2756 5321 τῶν
2785 5266 3084 5339 ἁμαρτιῶν.

731 5373 816 5425 18.
848 5372 1084 5426 Diaboli.

2400 5362 2487 5415 18.
2521 5360 2627 5413 Τοῦ
2652 5360 2915 5412 διαϐόλου.

1609 5480 1910 5542 Addenda
1971 5490 2030 5542 et
2067 5479 2439 5559 corrigenda
2472 5494 2549 5537 ex
2580 5475 2719 5536 cod.
2753 5475 2951 5533 Vatic.

729 5592 806 5659 (Ι)
844 5592 906 5645 ’ῐι
932 5592 1018 5645 διὰ
1041 5593 1139 5662 τῆς
1168 5591 1528 5660 κινναϐάρεως
1562 5590 1833 5660 περιέχει·
1866 5591 1944 5652 είς
1982 5589 2042 5641 τὸ
2073 5591 2223 5652 τέλος
2675 5595 2788 5661 σοις·

656 5650 1016 5732 ίξιαλμόςωιυ.
1099 5650 1135 5662 ’⁷
1594 5650 1644 5733 γ’
1719 5650 1748 5658 Π
1836 5732 1839 5733 ν
2152 5650 2216 5733 μ’

1398 5650 1408 5660 ’
1512 5650 1522 5653 ’
1634 5650 1644 5660 ’
1719 5650 1748 5658 ”
1926 5650 1935 5652 ⁷
2206 5650 2216 5652 ⁷
2501 5651 2578 5733 Τὸ
2606 5650 2772 5717 ὄνομά
2800 5664 2908 5703 σου.

945 5735 1252 5801 [κέρων.
1307 5732 1395 5784 ἐπὶ
1430 5732 1483 5783 σὲ
1518 5732 1747 5800 ἐθέμην,
1788 5732 1857 5799 μὴ
2019 5742 2121 5786 etc.
2151 5730 2213 5785 Ν.
2396 5723 2622 5817 @2531)-

662 5806 715 5860 ‘2.
769 5806 851 5855 Ἐν
882 5806 953 5872 τῷ
992 5788 1103 5872 Ῑὶιεί
1136 5822 1223 5856 50-)
1259 5804 1412 5873 ρὖαί
1450 5822 1535 5873 με,
1565 5806 1651 5855 καῖ
1681 5804 1856 5868 ἐᾷς)θῦ
1890 5822 1967 5869 με.

1136 5822 1223 5856 50-)
1259 5804 1412 5873 ρὖαί
1450 5822 1535 5873 με,
1681 5788 1857 5868 ὲξςὶίοέ
1890 5822 1967 5869 με.
2406 5795 2479 5860 ιϐ)
2524 5788 2723 5851 ’1.λιιτός.
