4060 6442
256 400 367 458 757
1153 408 1240 463 DE
1281 410 1556 467 TITULIS
1600 414 2044 474 PSALMORUM.
2103 449 2169 460 --
2208 418 2400 476 PSAL.
2438 420 2607 478 XXX.
3387 428 3491 484 758

331 520 417 574 19.
449 521 724 593 Ἔστησας
745 524 805 578 ἐν
838 524 1135 600 εὐρυχώρῳ
1167 531 1292 594 τοὺς
1324 532 1490 596 πόδας
1532 551 1652 604 μου.
1863 545 1905 599 Α

1863 545 1905 599 Α
2016 538 2101 592 l9.
2136 536 2384 593 Statuisti
2422 539 2473 592 in
2514 539 2635 593 loco
2661 539 2901 608 spatioso
2930 542 3089 611 pcd'es
3114 557 3284 597 meos.

323 612 417 666 20.
467 613 717 686 Ἐλέησόν
745 634 866 687 μου,
898 619 1091 690 Κύριε,
1119 622 1201 674 ὅτι
1235 622 1484 694 θλίϐομαι
1506 640 1520 654 ⁸

2002 628 2089 681 20.
2122 628 2376 684 Miserere
2406 630 2533 696 mei,
2572 630 2817 691 Domine.
2848 633 3103 702 quoniam
3132 633 3390 689 tribulor:

324 707 420 761 2|.
468 709 772 781 Ἐταράχθη
804 712 863 764 ἐν
894 710 1051 784 θυμῷ
1080 715 1107 768 ὁ
1136 715 1414 787 ὀφθαλμός
1439 735 1541 788 μου
1566 760 1581 784 ,

2001 721 2089 776 21.
2124 722 2493 778 Conturbatus
2521 732 2603 779 est
2635 724 2687 778 in
2718 725 2797 778 ira
2826 725 3019 780 oculus
3044 741 3217 792 meus,

323 799 414 851 22.
459 798 521 852 Ἦ
557 799 700 870 ψυχή
730 817 852 870 μου,
888 803 1035 874 καὶὴ
1068 807 1278 876 γαστήρ
1310 824 1433 877 μου.

1401 824 1433 860 ι.
2001 814 2093 867 22.
2126 816 2322 868 Anima
2353 830 2493 879 mea,
2531 823 2585 869 et
2618 827 2804 870 venter
2831 832 3004 872 meus.

322 889 415 945 23.
448 892 571 945 ’Ὀτι
600 892 845 955 ἐξέλιπεν
869 894 926 948 ἐν
957 895 1115 967 ὀδύνῃ
1148 899 1180 968 ἡ
1206 896 1317 968 ζωή
1354 916 1476 968 μου·

2001 905 2093 962 23.
2130 905 2399 972 Quoniam
2429 907 2626 962 defecit
2652 907 2705 962 in
2735 909 2921 965 dolore
2953 911 3059 964 vita
3090 924 3207 965 mea
3233 928 3248 975 ;

322 981 411 1035 24.
438 983 545 1036 Καὶ
570 983 637 1036 τὰ
657 983 747 1055 ἔτη
777 1002 877 1055 μου
910 986 967 1040 ἐν
1001 992 1341 1058 στεναγμοῖς.

1301 1007 1341 1052 ς·
1998 998 2089 1053 24,
2120 998 2185 1052 Ει
2217 999 2344 1054 anni
2379 1000 2485 1055 mei
2517 1001 2570 1055 in
2598 1001 2904 1070 gemitibus.

319 1072 411 1125 25.
464 1073 787 1147 Ἦσθένησεν
808 1077 866 1131 ἐν
894 1079 1140 1150 πτωχείᾳ
1173 1082 1206 1150 ή
1245 1080 1396 1150 ἰσχύς
1435 1098 1557 1151 μου·

2004 1090 2097 1145 25.
2128 1091 2404 1146 Inﬁrmata
2438 1100 2521 1148 est
2555 1093 2606 1146 in
2634 1101 2948 1163 paupertate
2974 1094 3147 1147 virtus
3174 1107 3293 1148 mea
3320 1111 3336 1148 :

319 1165 409 1218 26.
460 1168 570 1221 Καὶ
598 1168 664 1223 τὰ
686 1170 818 1223 ὀστᾶ
843 1188 943 1241 μου
974 1172 1375 1243 ἐταράχθησαν.

2007 1181 2097 1235 26.
2133 1180 2199 1236 Ει
2223 1197 2346 1237 ossa
2380 1198 2497 1238 mea
2529 1184 2847 1239 conturbata
2881 1192 3024 1237 sunt.

324 1256 414 1309 27.
466 1258 626 1331 Παρὰ
667 1261 875 1328 πάντας
935 1264 1065 1327 τοὺς
1115 1263 1343 1334 ἐχθρούς
1406 1282 1508 1334 μου
1570 1264 1830 1336 ἐγενήθην

2006 1273 2099 1328 27.
2143 1272 2319 1345 Super
2357 1290 2549 1331 omnes
2580 1276 2832 1331 inimicos
2859 1289 3007 1330 meos
3040 1273 3212 1329 factus
3240 1289 3359 1329 sum
3395 1289 3492 1344 op-

249 1346 341 1400 ὅνε
351 1348 480 1412 ιδος*

1934 1365 2213 1434 probrium
2240 1384 2252 1421 :

326 1440 415 1494 28.
446 1440 557 1495 Καὶ
588 1444 701 1504 τοῖς
732 1441 939 1511 γείτοσι
973 1461 1074 1514 μου
1109 1447 1333 1519 σφόδρα,

1175 1447 1333 1519 όδρα,
2008 1455 2099 1512 28.
2133 1455 2197 1511 Et
2218 1458 2414 1513 vicinis
2445 1458 2581 1513 meis
2605 1459 2778 1523 valde,

321 1532 413 1589 29.
449 1532 558 1586 Καὶ
584 1532 745 1601 φόϐος
770 1537 882 1596 τοῖς
906 1540 1164 1603 γνωστοῖς
1189 1556 1309 1608 μου.

1119 1540 1164 1599 ῖς
1189 1556 1309 1608 μου.
2002 1547 2094 1603 29.
2120 1548 2185 1603 Ει
2209 1550 2375 1605 timor
2400 1551 2543 1607 notis
2570 1552 2722 1607 meis.

323 1621 414 1675 50.
448 1623 510 1675 Oi
545 1620 873 1693 θεωροῦντες
904 1642 970 1695 με
999 1625 1103 1690 ἔξω
1132 1626 1329 1695 ἔφυγον
1363 1629 1458 1682 ἀπ’
1492 1629 1646 1699 ἐμοῦ⁸

2010 1641 2101 1695 50.
2135 1642 2238 1707 Qui
2263 1642 2516 1696 videbant
2548 1657 2634 1696 me
2666 1641 2811 1697 foras
2839 1640 3089 1712 fugerunt
3116 1658 3147 1697 a
3181 1658 3267 1697 me
3294 1661 3307 1695 :

324 1713 413 1767 51.
476 1712 810 1786 Ἐπελήσθην
837 1716 969 1770 ὡσεὶ
994 1719 1186 1789 νεκρὸς
1216 1719 1324 1772 ἀπὸ
1352 1720 1599 1790 καρδίας·

2006 1736 2097 1790 51.
2153 1732 2423 1789 Oblivioni
2482 1733 2643 1788 datus
2698 1748 2818 1787 sum
2870 1743 3125 1804 tanquam
3176 1742 3422 1790 mortuus
3463 1747 3493 1786 α

1937 1825 2103 1881 corde
2128 1843 2144 1879 :

2006 1918 2096 1972 32.
2132 1916 2330 1973 Factus
2357 1932 2476 1972 sum
2512 1925 2769 1988 tanquam
2804 1933 2900 1973 vas
2932 1918 3220 1988 perditum.

2003 2009 2092 2063 33.
2150 2008 2419 2075 Quoniam
2476 2009 2657 2065 audivi
2703 2010 3153 2082 vituperationem
3201 2009 3498 2063 multorum

1936 2100 2400 2155 commorantium
2436 2101 2490 2155 in
2517 2102 2750 2157 circuitu
2782 2120 2796 2156 :

2007 2190 2173 2245 54.1η
2192 2207 2257 2246 eo
2274 2193 2401 2246 dum
2421 2193 2775 2248 convenirent
2794 2194 2894 2264 ipsi
2912 2193 3074 2249 simul
3091 2194 3373 2248 adversum
3389 2206 3500 2258 me,

2010 2283 2098 2337 33.
2121 2284 2380 2354 Accipere
2415 2284 2653 2339 animam
2686 2301 2861 2341 meam
2894 2285 3167 2341 consiliati
3191 2294 3337 2341 sunt.

2009 2374 2098 2428 36.
2137 2374 2249 2444 Ego
2271 2384 2452 2431 autem
2489 2378 2541 2431 in
2566 2385 2640 2445 te,
2666 2378 2914 2445 Domine,
2942 2378 3176 2449 speravi.

2014 2466 2103 2521 57.
2138 2466 2280 2534 Dixi,
2313 2468 2452 2525 Deus
2481 2485 2635 2527 meus
2663 2486 2722 2527 es
2760 2480 2813 2526 tu
2844 2487 2862 2527 :

2009 2556 2098 2613 38.
2128 2556 2185 2611 In
2219 2560 2473 2616 manibus
2511 2561 2620 2618 tuis
2648 2572 2821 2619 sortes
2848 2578 3003 2619 meae.

2013 2647 2102 2703 39.
2133 2647 2293 2719 Eripe
2315 2665 2402 2705 me
2433 2652 2500 2707 de
2528 2668 2692 2708 manu
2726 2654 3071 2711 inimicorum
3105 2668 3373 2716 meorum,

2009 2738 2097 2795 40.
2140 2739 2205 2795 Ει
2236 2757 2265 2796 a
2296 2746 2746 2814 persequentibus
2771 2760 2876 2801 me.

1380 2882 1751 2941 ATHANASH
1794 2887 2379 2958 INTERPRETATIO.

324 1891 414 1946 32.
450 1893 742 1965 Ἐγενήθην
767 1894 898 1948 ὡσεὶ
921 1895 1113 1960 σκεῦος
1146 1898 1443 1962 ἀπολωλός.

324 1984 416 2038 55.
451 1985 573 2039 Ὅτι
600 1989 807 2057 ἥκουσα
834 1986 998 2057 ψόγον
1047 1990 1257 2043 πολλῶν
1296 1990 1703 2062 παροικούντων
1737 2010 1829 2045 κυ-

254 2074 467 2128 κλόθεν·

328 2170 417 2223 54.
466 2170 552 2224 Ἐν
603 2167 681 2239 τῷ
734 2168 1156 2239 ἐπισυναχθῆναι
1201 2171 1396 2235 αὐτοὺς
1450 2171 1565 2242 ἅμα
1596 2173 1681 2225 ἐπ’
1709 2175 1828 2245 ἐμέ,

327 2261 417 2317 55.
450 2261 555 2315 Τοῦ
589 2261 773 2314 λαϐεῖν
798 2260 895 2331 τὴν
915 2260 1089 2331 ψυχήν
1125 2278 1225 2331 μου
1255 2262 1656 2319 ἐϐουλεύσαντο.

322 2353 413 2407 56.
462 2351 601 2420 Ἐγὼ
626 2353 681 2405 δὲ
709 2352 800 2404 ἐπὶ
840 2352 942 2416 σοὶ,
973 2352 1165 2424 Κύριε,
1193 2353 1412 2422 ἦλπισα.

327 2447 417 2500 57.
451 2443 614 2499 Εἷπα⁹
645 2446 715 2498 Σὺ
743 2440 795 2496 εἴ
818 2445 845 2497 ὁ
867 2444 996 2508 Θεός
1028 2461 1149 2516 μου·

327 2538 416 2593 58.
460 2538 548 2591 Ἐν
571 2540 689 2601 ταῖς
720 2535 876 2607 χερσί
907 2555 999 2591 σου
1034 2539 1083 2591 οἱ
1111 2537 1304 2608 κλῆροί
1340 2556 1462 2610 μου.

327 2628 415 2683 50.
458 2628 647 2682 Ῥῦσαί
682 2646 750 2699 με
781 2630 847 2682 ἐκ
876 2629 1056 2700 χειρὸς
1085 2629 1293 2701 ἐχθρῶν
1329 2647 1452 2699 μου,

330 2720 420 2776 40.
455 2720 565 2776 Καὶ
585 2723 648 2775 ἐκ
677 2720 784 2775 τῶν
814 2720 1256 2776 καταδιωκόντων
1288 2739 1375 2792 με.

330 3016 418 3072 l9.
465 3016 552 3069 ’Ev
578 3017 698 3081 ταῖς
731 3016 970 3081 ἐντολαῖς
997 3035 1110 3073 σου.

330 3109 423 3164 20.
454 3109 575 3166 Ὅτι
601 3110 659 3163 ἐν
696 3111 808 3174 τοῖς
850 3108 1181 3181 προλαϐοῦσι
1228 3110 1440 3183 χρόνοις
1472 3130 1561 3182 μοι
1591 3114 1833 3185 ἥμαρτον

260 3218 370 3257 σοι.

332 3291 425 3349 21.
468 3292 604 3347 Ὑπὸ
625 3290 717 3347 τοῦ
741 3292 989 3349 διαϐόλου
1019 3296 1052 3366 ἡ
1081 3294 1289 3351 διάνοιά
1319 3314 1440 3368 μου.

1169 3296 1289 3351 ηνοιά
1319 3314 1440 3368 μου.
2006 3307 2096 3366 21.
2125 3311 2168 3363 Α
2198 3310 2415 3365 diabolo
2453 3326 2605 3367 mens
2631 3326 2772 3366 mea.

332 3383 424 3441 22.
456 3385 567 3439 Καὶ
594 3387 627 3456 ἡ
662 3385 896 3458 γαστὴρ,
921 3385 1205 3459 λέγει,τῆς
1230 3389 1404 3461 ψυχῆς
1429 3404 1548 3460 μου·
1584 3389 1724 3459 λέγω
1748 3391 1835 3464 δὴ,

2009 3401 2100 3455 22.
2137 3400 2202 3455 Ει
2244 3411 2452 3467 venter,
2479 3402 2575 3467 ait,
2606 3402 2801 3457 animae
2834 3417 2969 3457 meae
3006 3418 3022 3457 :
3071 3402 3210 3467 Ubi,
3256 3400 3498 3469 inquam,

258 3476 393 3531 ἔνθα
420 3475 709 3531 συνέλαϐον
731 3477 829 3547 τὴν
858 3478 1149 3548 ἁμαρτίαν.

898 3478 1149 3548 μαρτίαν.
1938 3491 2164 3561 concepi
2194 3501 2499 3561 peccatum.

332 3565 421 3620 23.
465 3566 553 3618 'Ev
583 3565 850 3637 ἁμαρτίᾳ,
882 3565 1049 3633 λέγει.

1043 3608 1049 3620 -
2007 3583 2097 3637 23.
2132 3581 2189 3637 ln
2222 3596 2465 3654 peccato,
2495 3584 2646 3639 dicit.

330 3655 422 3711 24.
468 3656 525 3711 '0
551 3657 657 3720 πᾶς
682 3656 871 3727 χρόνος
902 3674 1003 3728 μου
1032 3656 1365 3730 βαρούμενος
1398 3658 1501 3712 ὑπὸ
1534 3658 1834 3730 ἁμαρτιῶν.

1811 3677 1834 3714 ὀ
2008 3672 2099 3727 21.
2136 3672 2309 3729 Omne
2338 3690 2521 3730 meum
2552 3684 2764 3744 tempus
2794 3683 3072 3744 gravatum
3104 3689 3133 3727 a
3159 3671 3414 3742 peccatis.

331 3746 424 3800 25.
471 3747 560 3799 Ἐν
589 3746 909 3818 ἀϐοηθησία.

2011 3763 2102 3819 25.
2136 3762 2191 3817 In
2221 3765 2411 3819 auxilii
2442 3766 2646 3834 inopia.

328 3837 421 3893 26.
449 3839 853 3912 Συμπέφυρμαι
878 3842 944 3911 τῇ
970 3840 1232 3911 ἁμαρτία.

2008 3857 2100 3912 26.
2133 3856 2424 3927 Subjeetus
2455 3866 2510 3913 et
2542 3856 2865 3912 eommistus
2891 3872 3011 3911 sum
3045 3864 3286 3926 peccato.

333 3935 425 3989 27.
459 3934 534 4006 (1)
562 3933 790 3999 Πάντες,
833 3933 1004 4002 λέγει,
1033 3935 1081 3987 οἱ
1113 3932 1295 4004 ἐχθροί
1340 3949 1461 4003 μου,
1486 3930 1759 3985 τουτέστιν
1790 3931 1838 3983 οἱ

2011 3947 2102 4003 27.
2130 3946 2353 4015 Omnes,
2400 3950 2598 4020 inquit,
2636 3946 2842 4002 inimici
2876 3948 3005 4013 mei,
3054 3948 3156 4001 hoc
3192 3954 3275 4001 est
3302 3947 3501 4001 dzemo-

257 4026 516 4097 δαίμονες
555 4024 693 4095 μετὰ
715 4025 777 4078 τὸ
807 4024 1121 4095 ἁμαρτῆσαί
1160 4041 1246 4094 με,
1292 4023 1602 4089 ὀνειδίζουσί
1624 4040 1709 4092 με.

1943 4053 2057 4099 nes,
2096 4049 2387 4110 postquam
2435 4056 2537 4110 ego
2568 4040 2807 4111 peccavi,
2853 4054 2939 4093 me
2963 4039 3177 4107 probris
3206 4039 3460 4095 alliciunt.

336 4119 428 4174 28.
461 4121 521 4172 Οί
554 4120 611 4172 ἐν
638 4118 761 4188 ἐμοὶ
796 4117 1065 4188 μένοντες.

333 4212 423 4265 29.
467 4212 529 4264 Οί
564 4212 619 4265 δέ
643 4211 843 4280 γνῶσιν
901 4211 1114 4282 ἔχοντες
1143 4208 1377 4279 ὁρῶντές
1411 4225 1475 4277 με
1528 4205 1834 4276 φοϐοῦνται,

264 4304 341 4376 μὴ
371 4303 427 4357 δὲ
453 4303 605 4356 αὐτοὶ
633 4303 803 4366 οὕτως
822 4302 1148 4374 ἡττηθῶσιν.

336 4394 425 4449 50.
459 4396 522 4449 Οἱ
545 4394 764 4463 ἄγγελοί
788 4412 879 4448 σου
904 4395 1197 4463 ἀφίσταντο
1229 4392 1322 4445 ἀπ’
1356 4389 1508 4461 ἐμοῦ.
1864 4376 1916 4434 D

332 4486 421 4541 3|.
458 4487 600 4539 Ὠσεὶ
629 4486 701 4557 (2)
753 4488 943 4558 νεκρὸς
1000 4485 1136 4556 λήθη
1186 4486 1392 4553 γίνεται
1449 4482 1553 4535 ἀπὸ
1610 4477 1832 4549 καρδίας

256 4579 371 4632 ’τῶν
398 4577 633 4643 ζώντων,
676 4578 846 4640 οὕτως
873 4577 1026 4646 κάγὼ
1057 4578 1341 4647 ἐγενόμην.

335 4676 425 4730 32.
462 4676 764 4745 Ἀχρηστον
787 4674 954 4741 λέγει.

333 4767 423 4821 55.
461 4766 537 4837 (5)
562 4767 684 4818 Ὅτι
710 4764 893 4819 ἀκούω
922 4765 1029 4819 τῶν
1054 4764 1321 4835 δαιμόνων
1352 4762 1713 4828 ὀνειδιζόντων
1766 4784 1833 4837 με

258 4857 321 4908 ἐν
343 4856 409 4925 τῇ
441 4854 635 4924 καρδίᾳ
666 4870 786 4922 μου.

336 4944 429 5005 54,
470 4942 559 4997 55.
626 4943 748 4996 Ἐπὶ
799 4944 861 4997 τὸ
915 4946 1047 5000 αὐτὸ
1074 4944 1329 5014 γεγόνασι
1368 4944 1461 4997 τοῦ
1507 4947 1834 5017 αἰχμαλωτί-

258 5050 355 5090 σαι
389 5051 476 5104 με.

332 5124 422 5191 56,
453 5127 542 5182 57.
587 5126 728 5197 Ἐγὼ
752 5127 809 5181 δέ
842 5127 933 5181 ἐπὶ
973 5130 1055 5181 σοὶ
1108 5128 1332 5199 ἠλπισα,
1358 5130 1438 5183 ὅτι
1468 5128 1527 5196 ἐξ
1546 5130 1721 5183 αὐτῶν
1744 5131 1835 5183 λυ-

262 5215 447 5289 τρὼσῃ
488 5236 555 5287 με
584 5219 683 5288 (δυ’
708 5220 772 5273 σὺ
801 5218 909 5289 γὰρ
932 5214 983 5271 εἴ
1001 5222 1029 5273 ὁ
1057 5219 1187 5284 Θεός
1211 5211 1331 5290 μου.

333 5306 424 5361 58.
471 5308 560 5360 Ἐν
584 5312 702 5372 ταῖς
730 5310 883 5380 χερσί
918 5326 1009 5362 σου
1038 5310 1207 5382 ἔθηκα
1228 5311 1325 5381 τὴν
1347 5310 1521 5381 ψυχήν
1552 5329 1673 5383 μου.

331 5398 421 5464 59,
453 5399 540 5455 10.
569 5400 689 5454 Τῶν
716 5402 971 5456 ἐναντίων
1000 5402 1295 5473 δυνάμεων,
1328 5403 1495 5471 λέγει.

1853 3038 1896 3095 c
2000 3037 2086 3090 l9.
2115 3038 2172 3091 In
2205 3040 2477 3096 mandatis
2508 3041 2637 3098 tuis.

2009 3126 2099 3184 20.
2143 3127 2413 3196 Quoniam
2450 3134 2739 3203 praeteritis
2767 3132 3106 3202 temporibus
3141 3130 3234 3187 tibi
3263 3129 3497 3201 peccavi.

2010 4127 2100 4181 28.
2129 4128 2231 4193 Qui
2269 4130 2322 4183 in
2357 4146 2443 4184 me
2468 4140 2709 4197 manent,

2011 4218 2101 4274 29.
2137 4218 2239 4285 Qui
2271 4229 2451 4275 autem
2484 4232 2843 4292 cognoscunt,
2873 4222 3114 4276 videntes
3157 4236 3243 4277 me
3292 4222 3499 4285 timent,

1943 4326 2010 4365 ne
2038 4312 2140 4381 ipsi
2173 4312 2503 4383 quandoque
2520 4314 2773 4369 similiter
2797 4316 3171 4370 succumbant.

2007 4403 2094 4458 30.
2122 4406 2309 4475 Angeli
2342 4406 2419 4459 tui
2458 4423 2489 4460 a
2516 4422 2601 4461 me
2635 4408 3023 4463 discesserunt.

2008 4496 2098 4551 3|.
2129 4496 2284 4553 Sicut
2315 4510 2565 4554 mortuus
2594 4499 2854 4554 oblivioni
2888 4499 3116 4554 traditur
3141 4498 3193 4553 in
3226 4498 3388 4553 corde
3418 4497 3501 4552 vi-

1939 4590 2205 4655 ventium,
2236 4593 2309 4645 ita
2334 4600 2387 4647 et
2409 4606 2509 4662 ego
2543 4592 2717 4648 factus
2753 4608 2894 4648 sum.

2009 4682 2097 4737 32.
2134 4682 2349 4748 Inutile,
2380 4685 2574 4754 inquit.

2014 4773 2103 4828 33.
2131 4774 2405 4840 Quoniam
2451 4779 2614 4833 audio
2650 4778 2922 4835 daemones
2950 4778 3340 4849 opprobrantes
3371 4778 3504 4831 mihi

1940 4866 1993 4919 in
2020 4867 2182 4921 corde
2214 4884 2356 4924 meo.

2010 4957 2103 5025 34,
2133 4958 2222 5013 55.
2248 4960 2385 5015 Cum
2416 4961 2579 5016 simul
2606 4963 2915 5033 congregati
2945 4971 3094 5030 sunt,
3125 4971 3184 5017 ut
3216 4976 3300 5016 me
3331 4962 3503 5031 capti-

1939 5062 2066 5101 vum
2096 5049 2373 5105 ducerent.

2006 5139 2096 5203 56,
2127 5140 2215 5196 57.
2257 5140 2368 5211 Ego
2396 5153 2572 5197 autem
2607 5142 2659 5195 in
2693 5152 2765 5205 te,
2800 5140 3048 5205 Domine,
3092 5156 3325 5210 speravz,
3360 5142 3506 5212 quod

1943 5246 2029 5286 me
2052 5233 2122 5287 ab
2148 5234 2255 5289 illis
2287 5235 2542 5290 liberabis
2568 5252 2581 5293 :
2608 5247 2662 5289 tu
2694 5234 2837 5289 enim
2862 5248 2922 5289 es
2949 5233 3091 5289 Deus
3120 5249 3291 5290 meus.

2015 5322 2104 5378 58.
2136 5322 2193 5377 1η
2225 5324 2477 5380 manibus
2507 5326 2614 5379 tuis
2642 5323 2795 5394 posui
2827 5324 3062 5377 animam
3093 5339 3288 5377 meam.

2016 5409 2104 5475 59,
2136 5410 2226 5465 40.
2256 5411 2301 5464 Α
2331 5413 2622 5467 contrariis
2653 5412 3012 5482 potestatibus
3071 5412 3264 5479 inquit.

1212 5520 1521 5582 Addenda
1553 5528 1613 5583 et
1645 5525 2024 5602 corrigenda
2073 5546 2149 5589 ex
2181 5530 2320 5592 cod.
2360 5531 2557 5592 Vatie.

339 5616 417 5701 ςΙ)
450 5615 622 5703 1⁸127,
652 5618 750 5703 26,
774 5621 863 5703 20.
896 5620 1144 5703 [λέγεκοί
1174 5618 1355 5703 ἐχθροί
1390 5637 1510 5703 μου,
1540 5631 1670 5703 etc”
1695 5623 1835 5703 ὀνειο

2015 5628 2209 5703 (3)__N.
2234 5630 2579 5703 55Ἀᾊκούω,
2601 5640 2729 5698 elc.,
2761 5648 2846 5703 με.
2876 5628 2940 5686 Ν.
2971 5630 3056 5697 34,
3096 5627 3182 5683 Ἐν
3211 5630 3275 5701 τῇ
3312 5625 3506 5701 καρδία

256 5687 471 5771 -δίζρυσί
503 5706 614 5758 μοι,
650 5692 698 5743 οἱ
735 5693 790 5744 ἐν
818 5691 957 5763 ἐμοί,
986 5687 1115 5757 αα,
1148 5687 1220 5761 μὴ
1249 5687 1340 5743 7.7.".
1362 5691 1511 5744 αὐτοὶ
1540 5692 1708 5755 οὕτως
1740 5694 1837 5763 ὴτ-
1951 5687 2168 5771 μου.’Ν.
2194 5701 2303 5771 55η
2325 5701 2379 5753 Ἐ
2393 5703 2465 5766 τί,
2488 5687 2591 5756 εις.

263 5758 549 5899 τηῗὲςσικὲς
591 5833 635 5884 ὁ.
851 5758 861 5763 ⁷
943 5758 951 5761 ⁷
1150 5758 1159 5761 ⁷
1211 5758 1219 5761 ’
1761 5758 1770 5763 ’
1952 5758 1963 5771 ’
2023 5771 2098 5843 (1)
2126 5758 2559 5841 Λυτριῦσειζμε.
