4060 6458
213 428 308 482 761
1095 423 1184 476 DE
1222 421 1502 478 TITULIS
1547 420 1999 478 PSALMORUM.
2038 449 2108 462 —
2147 419 2342 479 PSAL.
2396 419 2585 475 XXXI.
3359 422 3461 478 762

285 545 376 599 60.
402 545 521 597 Ὅτι
551 542 808 614 ἀληθείας
836 541 1054 612 ἐκζητεῖ
1083 543 1306 614 Κύριος.
1829 551 1872 603 Α

1829 551 1872 603 Α
1973 541 2061 594 60.
2089 539 2360 605 Quoniam
2388 540 2645 609 veritates
2678 539 2906 609 requirit
2933 538 3228 603 Dominus;

192 649 194 651 '
285 638 372 691 61.
437 637 545 688 Καὶ
594 635 981 690 ἀνταποδίδωσι
1035 639 1144 699 τοῖς
1204 634 1478 707 περισσῶς
1545 632 1792 686 ποιοῦσιν

1973 632 2062 686 61.
2104 635 2169 686 Et
2227 633 2478 686 retribuit
2519 632 2857 686 abundanter
2907 631 3226 685 facientibus
3273 643 3461 699 δωρει-

209 726 314 779 ύπε
326 727 612 798 ρηφανίαν.

458 727 612 780 ινίαν.
1898 724 2061 778 biam.

286 820 377 872 69..
421 818 781 890 Ἀνδρίζεσθε,
813 818 906 870 καὶ
934 816 1314 889 κραταιούσθω
1343 818 1375 886 ἡ
1401 815 1596 887 καρδία
1620 814 1794 886 ὑμῶν,

1970 815 2058 868 6‘2.
2097 814 2339 868 Viriliter
2387 814 2562 882 agite,
2610 821 2664 867 et
2702 812 3037 867 confortelur
3074 828 3170 868 cor
3199 822 3461 877 vestrum,

282 911 368 966 63.
397 912 602 973 Πάντες
628 912 675 962 oi
706 909 1014 972 ἐλπίζοντες
1043 910 1134 961 ἐπὶ
1155 908 1378 979 Κύριον.

1967 907 2056 961 65.
2094 906 2297 961 Omnes
2325 906 2417 975 qui
2448 907 2680 974 speratis
2710 906 2761 958 in
2793 904 3039 960 Domino.

325 1003 568 1070 Ψαλμὸς
601 999 679 1064 τῷ
723 1001 918 1054 Δαϐίὸ·
961 1001 1290 1066 συνέσεως.
1329 1002 1500 1054 ΨΑΛ.
1526 999 1658 1053 AA'.

2024 995 2272 1049 Psalntus
2298 995 2467 1048 David
2493 1013 2509 1059 ;
2535 995 2847 1048 intellectus.
2876 992 3072 1047 PSJL.
3106 989 3320 1046 ΧΧΧΙ.

286 1091 336 1145 1.
363 1091 660 1161 Μακάριοι,
690 1085 764 1144 ὧν
807 1091 1084 1161 ἀφέθησαν
1115 1092 1169 1143 αἱ
1195 1090 1439 1160 ἀνομίαι·

1971 1091 2022 1144 1.
2058 1088 2232 1151 Beati,
2265 1104 2499 1158 quorum
2531 1088 2770 1142 remissa:
2800 1097 2927 1140 sunt
2956 1087 3307 1155 iniquitates;

281 1181 336 1236 9..
360 1181 468 1232 Καὶ
495 1176 568 1232 ὧν
595 1180 1054 1251 ὲπεκαλύφθησαν
1083 1182 1139 1233 αἱ
1163 1182 1447 1253 ἁμαρτίαι.

1387 1199 1447 1233 ιι.
1968 1180 2024 1235 Ξ.
2056 1180 2120 1234 Et
2151 1196 2384 1246 quorum
2418 1190 2555 1234 tecta
2589 1188 2717 1234 sunt
2748 1186 2990 1246 peccata.

284 1273 336 1324 5.
397 1273 680 1342 Μακάριος
717 1272 874 1344 ἀνὴρ,
1027 1272 1088 1324 οὐ
1143 1272 1216 1343 μὴ
1262 1271 1543 1342 λογίσηται
1596 1271 1798 1343 Κύριος

1971 1273 2024 1326 5.
2063 1272 2261 1325 Beatus
2292 1272 2395 1336 \‘ir,
2425 1273 2513 1326 cui
2557 1286 2665 1324 non
2704 1269 2992 1339 imputabit
3029 1266 3291 1322 Dominus
3334 1280 3461 1336 pec-

217 1363 514 1432 ἁμαρτίαν·

1898 1371 2078 1418 catum
2110 1381 2123 1427 ;

279 1454 334 1508 4.
371 1454 506 1506 Οὑὃὲ
537 1455 683 1506 ἐστιν
709 1456 767 1507 ἐν
793 1455 869 1525 τῷ
895 1455 1120 1526 στόματι
1161 1454 1323 1508 αὑτοῦ
1357 1455 1525 1518 δόλος.

1235 1454 1323 1507 τοῦ
1357 1455 1525 1518 δόλος.
1966 1455 2021 1510 4.
2054 1453 2159 1508 Nec
2185 1464 2268 1509 est
2302 1455 2354 1507 iu
2386 1468 2480 1508 ore
2507 1453 2626 1521 ejus
2657 1453 2835 1506 dolus.

277 1547 328 1600 5.
365 1548 486 1599 Ὅτι
516 1547 766 1618 ἐσίγησα,
797 1547 1106 1617 ὲπαλαιώθη
1139 1546 1208 1599 τά
1229 1549 1360 1599 ὀστᾶ
1391 1564 1516 1616 μου,

1962 1548 2014 1602 5.
2051 1546 2317 1612 Quoniam
2345 1546 2512 1609 tacui,
2555 1547 2991 1599 inveteraverunt
3019 1556 3143 1598 ossa
3168 1556 3309 1606 mea,

273 1640 324 1694 6.
380 1641 512 1693 Ἀπὸ
543 1640 635 1694 τοῦ
665 1639 886 1710 κράζειν
924 1657 989 1710 με
1012 1639 1139 1709 ὃλην
1164 1639 1263 1708 τὴν
1295 1639 1528 1709 ἡμέραν.

1205 1639 1263 1708 ὴν
1295 1639 1528 1709 ἡμέραν.
1970 1641 2025 1691 6.
2070 1639 2202 1691 Dum
2231 1639 2523 1692 clamarem
2559 1645 2670 1690 tota
2703 1638 2808 1690 dic.

282 1733 336 1786 7.
367 1734 490 1785 ’Ὁτι
550 1733 764 1803 ἡμέρας
801 1733 895 1784 καὶ
929 1731 1120 1794 νυκτὸς
1182 1730 1453 1801 ἐϐαρύνθη
1509 1730 1594 1782 ἐπ’
1635 1729 1794 1799 ἑμὲή

1972 1730 2023 1783 7.
2061 1729 2334 1795 Quoniam
2366 1729 2454 1784 die
2499 1744 2563 1783 ac
2611 1739 2768 1784 nocte
2795 1737 3012 1798 gravata
3055 1735 3138 1782 est
3172 1740 3336 1796 super
3379 1740 3463 1778 me

206 1825 331 1896 χείρ
360 1841 473 1877 σου·

1832 1885 1868 1896 _
1898 1838 2094 1877 manus
2118 1831 2206 1874 tua
2239 1841 2250 1874 :

283 1885 334 1969 8'.
377 1915 682 1985 Ἑστράφην
709 1915 788 1978 είς
831 1913 1228 1984 ταλαιπωρίαν,
1264 1913 1320 1964 ἐν
1365 1911 1446 1983 τῷ
1481 1914 1796 1983 ἐμπαγῆναί
1832 1885 1872 1940 Β

1859 1887 1872 1938 ⁸
1975 1914 2028 1967 8.
2077 1912 2391 1966 Conversus
2438 1924 2561 1963 sum
2595 1908 2649 1962 in
2695 1922 2960 1972 aerumna,
3011 1907 3140 1962 dum
3177 1907 3462 1978 conﬁgitur

210 2028 302 2081 μοι
324 2009 587 2065 ἄκανθαν.

1900 2012 2034 2066 mihi
2065 2013 2239 2079 spina.

280 2104 331 2156 9.
363 2103 472 2172 Τὴν
494 2100 722 2171 ἀνομίαν
757 2117 860 2170 μου
898 2099 1190 2170 ἐγνώρισα·

1966 2105 2020 2160 9.
2049 2102 2313 2157 Delictum
2349 2116 2528 2155 meum
2554 2101 2831 2172 cognitum
2865 2099 2967 2154 feci
2995 2119 3006 2153 :

280 2192 368 2244 10.
395 2193 503 2244 Καὶ
536 2192 632 2262 τὴν
657 2191 928 2262 ἁμαρτίαν
955 2209 1056 2261 μου
1089 2194 1188 2245 οὐκ
1213 2193 1477 2263 ἐκάλυψα.

1974 2191 2062 2248 10.
2095 2190 2160 2244 Et
2190 2190 2517 2257 injustitiam
2558 2205 2733 2244 meam
2768 2203 2876 2243 non
2913 2187 3192 2243 abscondi.

286 2284 368 2339 11.
423 2282 588 2337 Εἷπα·
631 2283 1004 2354 Ἑξαγορεύσω
1053 2289 1174 2338 κατ’
1221 2286 1355 2356 ἐμοῦ
1410 2286 1508 2357 τὴν
1564 2285 1789 2355 ἀνομίαν

1971 2284 2055 2336 11.
2092 2281 2252 2337 Dixi:
2304 2280 2619 2336 Conlitebor
2666 2281 2954 2336 adversum
3004 2293 3091 2334 me
3142 2277 3461 2349 iniustitiam

207 2396 311 2448 μου
347 2377 425 2448 τῷ
453 2380 658 2447 Κυρίῳ·

1897 2391 2072 2430 meam
2105 2374 2339 2428 Dommo
2369 2393 2380 2427 :

280 2471 364 2524 12.
398 2471 506 2523 Καὶ
533 2473 595 2523 σὺ
618 2471 836 2540 ἀφῆκας
859 2468 957 2539 τὴν
983 2468 1236 2521 ἀσέϐειαν
1267 2469 1366 2538 τῆς
1409 2468 1633 2539 καρδίας
1663 2485 1784 2537 μου·

1691 2485 1784 2520 ιου·
1970 2467 2053 2520 12.
2093 2464 2158 2519 Et
2191 2475 2246 2519 tu
2281 2465 2542 2520 remisisti
2575 2463 2908 2532 impietatem
2937 2460 3117 2515 cordis
3152 2459 3252 2513 mei
3280 2478 3294 2526 ;

280 2563 364 2614 13.
415 2561 583 2633 ’Υπὲρ
613 2560 818 2632 ταύτης
863 2559 1220 2631 προσεύξεται
1255 2560 1390 2631 πρὸς
1423 2559 1480 2612 σὲ
1508 2562 1614 2624 πᾶς
1644 2561 1789 2624 ὅσιος

1969 2558 2058 2612 15.
2090 2555 2194 2612 Pro
2218 2557 2318 2610 bac
2347 2556 2528 2610 orabit
2549 2555 2618 2608 ad
2653 2567 2705 2609 te
2750 2555 2930 2610 omnis
2972 2563 3195 2609 sanctus
3239 2553 3294 2607 in
3331 2561 3464 2606 tem-

201 2653 264 2706 ἐν
291 2651 466 2723 καιρῷ
497 2651 727 2722 εὐθέτῳ·

1898 2665 2028 2719 pore
2062 2659 2371 2718 opportuno
2397 2666 2409 2702 :

1303 2739 1708 2804 .ATHANASII
1751 2736 2343 2794 INTERPRETATIO.

276 2838 365 2892 60.
409 2837 609 2906 Ἀγαθὰ
640 2838 796 2907 ἔργα.

1967 2830 2053 2888 60.
2084 2833 2232 2888 Bona
2263 2849 2448 2904 opera.

276 2930 362 2983 61.
405 2930 527 2992 Τοῖς
585 2927 831 2980 ποιοῦσιν
860 2928 1155 2999 ἁμαρτίαν,
1201 2927 1369 2995 λέγει.

1358 2971 1369 2982 .
1965 2927 2054 2982 61.
2085 2925 2434 2981 Facientibus
2467 2937 2775 2995 peccatum,
2806 2929 2956 2984 dicit.

277 3022 363 3074 6'2.
410 3021 499 3090 Μὴ
527 3019 876 3072 ἐκλύσθωσαν
916 3019 992 3089 (1)
1025 3016 1179 3088 ὑμῶν
1226 3020 1280 3072 αἱ
1337 3019 1580 3092 καρδίαι,
1654 3019 1790 3073 ἀλλά

1965 3019 2051 3072 62.
2106 3018 2184 3074 Ne
2223 3021 2594 3076 dissolvantur
2639 3022 2804 3076 corda
2853 3032 3030 3076 vestra
3060 3063 3075 3090 ,
3127 3020 3220 3076 sed
3267 3019 3465 3076 conﬁr-

199 3112 682 3184 δυναμούσθωσαν.

1897 3120 2137 3165 mentur.
2981 3123 2983 3128 ’

273 3205 362 3260 65.
392 3205 597 3269 Πάντες
627 3207 675 3257 0i
714 3205 810 3275 τὴν
840 3205 1030 3258 ἐλπίδα
1064 3205 1278 3276 ἔχοντες
1300 3204 1394 3256 ἐπὶ
1417 3203 1646 3276 Κύριον.

1634 3241 1646 3257 .
1976 3201 2065 3256 65.
2101 3198 2327 3266 Omnes,
2357 3200 2452 3272 qui
2483 3217 2632 3271 spem
2663 3203 2877 3259 habetis
2902 3204 2954 3259 in
2987 3203 3237 3259 Domino.

285 3299 347 3351 'H
372 3300 704 3369 προκειμένη
735 3297 1010 3368 ἐπιγραφὴ
1041 3297 1282 3370 περιέχει
1304 3295 1380 3366 (2)
1402 3312 1416 3325 ο
1442 3293 1717 3367 [Ψαλμὸς
1741 3292 1822 3360 τῷ
1844 3292 2042 3366 Δαϐὶδ]
2065 3294 2172 3348 τοῦ
2203 3292 2380 3348 Δαϐίδ
2409 3295 2741 3361 συνέσεως.
2768 3296 2939 3350 Τοῦτο
2958 3293 3051 3351 οὖν
3081 3297 3354 3368 σημαίνει,
3389 3297 3467 3351 δτι

196 3394 250 3447 οἱ
285 3393 664 3464 ἡμαρτηκὸτῖς
706 3393 786 3456 εἰς
833 3392 1045 3445 σύνεσιν
1072 3391 1353 3463 ἐρχόμενοι
1397 3390 1804 3462 ἐπιστρέφουσι.
1838 3387 2000 3442 Δασὶδ
2036 3386 2146 3460 γὰρ
2170 3388 2532 3460 ἑρμηνεύεται
2570 3387 2966 3460 ὲξουδένωμα,
2992 3390 3128 3460 ὅπερ
3149 3389 3389 3462 ἐστὶνβ)
3420 3389 3471 3442 οι

196 3489 233 3558 ἡ
245 3484 610 3558 μαρτηκότες.

282 3578 502 3634 Titulus
534 3577 860 3648 praepositus
884 3576 1132 3632 continet
1162 3593 1176 3630 :
1211 3574 1468 3630 Peatmus
1505 3573 1699 3642 David,
1729 3572 2049 3628 intellectus.
2080 3571 2196 3630 Hoc
2218 3575 2387 3644 igitur
2415 3575 2708 3647 signiﬁcat,
2756 3578 2901 3648 quod
2932 3587 3246 3649 peccatores
3279 3577 3335 3633 in
3383 3577 3473 3632 in-

202 3676 480 3733 telletrtum
510 3674 790 3728 venientes
817 3680 1232 3728 convertuntur.
1257 3671 1432 3727 David
1463 3671 1610 3727 enim
1641 3673 2033 3740 interpretatur
2061 3671 2404 3741 contemptio,
2431 3672 2624 3742 quales
2654 3682 2784 3727 sunt
2812 3684 3149 3743 peccatores.

284 3769 335 3833 1,
366 3769 421 3821 2.
455 3768 595 3831 Τοὺς
623 3769 680 3822 ἐν
698 3766 776 3838 τῷ
806 3767 1141 3840 βαπτίσματι
1169 3766 1340 3836 λέγει.
1815 3777 1860 3834 c

1815 3777 1860 3834 (ζ
1956 3768 2010 3832 1,
2033 3766 2088 3821 2.
2118 3766 2224 3822 Eos
2245 3767 2400 3833 dicit,
2429 3768 2524 3839 qui
2554 3768 2815 3840 baptizati
2850 3778 2999 3826 sum.

278 3861 339 3914 3.
387 3858 477 3911 Ἐν
510 3856 692 3928 ἡμέρᾳ
732 3857 984 3928 κρίσεως.

875 3873 984 3920 εως.
1963 3861 2018 3916 3.
2055 3859 2113 3914 in
2152 3862 2240 3916 die
2263 3862 2478 3932 iudicii.

281 3951 336 4004 4.
365 3948 576 4010 Ψεῦδος
608 3947 774 4015 λέγει.

1962 3951 2016 4004 4.
2047 3949 2410 4019 Mendacium,
2445 3953 2641 4023 inquit.

275 4041 329 4104 5,
372 4042 426 4094 6.
458 4039 534 4110 (4)
588 4041 710 4094 Ὀτι
737 4039 965 4110 ἐσίγησα
992 4041 1100 4094 ἀπὸ
1123 4041 1216 4094 τοῦ
1253 4040 1508 4112 εὔχεσθαί
1544 4057 1609 4112 με
1641 4040 1793 4094 ἀδια-

1971 4043 2024 4108 5,
2066 4043 2119 4098 6.
2171 4043 2444 4110 Quoniam
2505 4046 2629 4101 silui
2676 4047 2948 4103 desistens
2994 4047 3061 4102 ab
3103 4047 3468 4111 indesinenter

195 4131 460 4198 λείπτως,
485 4134 580 4186 καὶ
617 4133 922 4204 ἡφανίσθην
953 4134 1060 4186 ἀπὸ
1096 4133 1194 4204 τῆς
1220 4133 1512 4205 ἁμαρτίας.

1897 4134 2128 4199 orando,
2161 4134 2282 4190 ideo
2300 4146 2659 4207 consumptus
2681 4152 2799 4190 sum
2826 4152 2854 4190 a
2887 4147 3128 4207 peccato.

279 4225 327 4277 7.
380 4225 490 4276 Καὶ
517 4224 701 4277 λοιπὸν
734 4223 924 4287 νυκτὸς
953 4225 1047 4277 καὶ
1092 4223 1305 4293 ἡμέρας
1333 4220 1570 4292 ὡργίζου
1603 4237 1714 4290 μοι.

1666 4237 1714 4275 ιι.
1970 4224 2023 4278 7.
2046 4226 2113 4280 Et
2141 4227 2402 4296 deinceps
2431 4228 2520 4282 die
2553 4243 2617 4282 ac
2649 4236 2806 4282 nocte
2832 4229 3005 4285 iratus
3027 4246 3087 4286 es
3116 4231 3269 4288 mihi.

275 4313 329 4368 8.
370 4313 708 4383 Ἐστράφην
757 4316 845 4379 είς
877 4316 1297 4382 ταλαιπωρίαν·
1336 4316 1415 4376 είς
1457 4312 1555 4383 τὴν
1613 4315 1793 4383 ἀμαρα-

1970 4315 2022 4369 8.
2053 4315 2346 4370 (ἔοητετειω
2373 4333 2486 4371 sum
2513 4319 2569 4372 in
2613 4335 2851 4373 wrumna
2880 4337 2897 4374 :
2927 4322 2980 4374 in
3018 4333 3259 4391 peccato,
3295 4337 3325 4376 a
3358 4339 3466 4394 quo

196 4408 361 4472 τίαν,
415 4405 476 4470 ἐξ
533 4400 598 4477 ἧς
751 4405 966 4476 ἐρρύσω
1006 4421 1109 4478 με·
1160 4405 1253 4459 καὶ
1282 4404 1648 4475 ἐκολλήθησάν
1703 4420 1791 4474 μοι

1752 4420 1791 4456 οι
1898 4422 1985 4462 me
2009 4407 2278 4475 liberasti,
2309 4416 2364 4464 et
2398 4410 2777 4480 conglutinata
2805 4419 2931 4466 sunt
2956 4411 3088 4466 mibi
3118 4423 3355 4484 peccata.

199 4501 493 4556 ἁμαρτίαι.

361 4517 493 4553 τιαι.

243 4517 358 4658 μξῖρ
386 4594 472 4648 11.
533 4587 676 4646 Εῐπα
730 4592 1064 4663 ἐπιστρέψας
1119 4594 1254 4664 πρὸς
1315 4592 1394 4644 σέ·
1441 4589 1793 4662 Ἐξομολογή-

1966 4592 2020 4656 9,
2058 4591 2146 4645 11.
2198 4591 2319 4648 Dixi
2369 4610 2666 4651 conversus
2700 4596 2764 4650 ad
2813 4603 2882 4664 te,
2909 4595 3222 4653 Conﬁtcbor
3254 4598 3350 4654 tibi
3380 4599 3465 4652 di-

202 4685 372 4758 σομαί
397 4686 473 4758 (6)
506 4702 588 4739 σοι
626 4685 824 4754 λέγων·
879 4683 1091 4752 Πάτερ,
1125 4684 1392 4753 ἥμαρτον
1419 4686 1505 4750 είς
1534 4683 1639 4736 τὸν
1687 4685 1790 4736 οὐ·

1897 4698 2028 4741 cetts
2055 4703 2070 4742 :
2102 4684 2287 4752 Pater,
2311 4691 2520 4755 peccari
2547 4691 2601 4742 in
2629 4689 2812 4743 caelum
2843 4701 2892 4744 et
2915 4707 3094 4745 coram
3124 4701 3203 4745 te:
3224 4692 3342 4762 jam
3364 4709 3465 4746 non

189 4777 414 4848 ρανὸν,
449 4776 547 4830 καί
573 4775 830 4830 ἐνώπιόν
867 4791 1004 4829 σου·
1033 4775 1143 4828 οὐκ
1184 4777 1270 4829 ἐτι
1296 4775 1410 4845 ειμι
1455 4773 1623 4838 ἄξιος
1647 4776 1792 4841 κλη-

1264 4793 1270 4827 ι
1296 4775 1410 4845 ειμι
1455 4773 1623 4838 ἄξιος
1647 4776 1792 4841 κλη-
1898 4795 2015 4831 sum
2047 4779 2241 4849 dignus
2272 4782 2447 4834 vocari
2489 4782 2634 4850 ﬁlius
2659 4793 2778 4836 tuus
2801 4783 2867 4837 ⁸³.

197 4869 381 4938 θῆναι
410 4869 538 4934 υίός
578 4885 712 4922 σου.

278 4960 364 5013 ii.
400 4960 474 5012 ΣΞ)
496 4959 552 5012 δὲ
578 4959 737 5030 μόνον
767 4957 1003 5022 ἀκούσας
1022 4957 1096 5029 (7)
1122 4956 1294 5010 ταῦτα
1313 4955 1580 5024 λέγοντος,
1608 4950 1786 5019 εἶπας·

1970 4958 2054 5012 12.
2125 4959 2205 5014 Tu
2255 4971 2436 5017 autem
2495 4961 2672 5018 solum
2725 4963 2953 5018 audiens
3015 4963 3129 5018 haec
3174 4961 3439 5018 dicentem

199 5049 397 5117 Οὗτος
428 5055 460 5104 ό
487 5051 616 5117 υἱός
642 5067 761 5120 μου
791 5048 1001 5118 νεκρὸς
1041 5045 1141 5120 ἦν,
1198 5048 1296 5102 καὶ
1329 5046 1638 5115 ἀνέζησεν·
1675 5048 1786 5101 ἀπο

1896 5051 2078 5106 dixisti
2108 5072 2120 5108 :
2157 5052 2258 5107 llic
2289 5055 2433 5124 ﬁlius
2461 5073 2602 5110 metu
2626 5064 2864 5109 mortuus
2888 5063 3001 5109 erat
3026 5066 3073 5110 et
3106 5056 3320 5120 revixit;
3348 5071 3465 5124 per-

197 5143 446 5208 ολωλὼς
471 5140 567 5212 ἦν,
603 5143 699 5195 καὶ
729 5140 966 5208 εὑρέθη.

1827 5141 1870 5197 D
1901 5142 2056 5205 ierat,
2089 5155 2136 5196 et
2161 5145 2399 5200 inventus
2421 5159 2498 5202 est
2521 5147 2586 5202 “.

279 5232 364 5286 15.
416 5231 526 5284 Καὶ
577 5229 762 5283 λοιπὸν
810 5227 1011 5292 πάντες
1054 5228 1103 5281 oi
1144 5225 1365 5296 ἄγγελοί
1421 5241 1514 5278 σου
1577 5223 1793 5296 χαίρον-

1970 5233 2037 5286 15
2112 5234 2178 5290 Ει
2221 5239 2448 5306 proinde
2493 5255 2684 5296 omnes
2733 5241 2909 5311 angeli
2955 5241 3030 5295 tui
3075 5239 3374 5310 gaudentes
3418 5250 3467 5294 te

199 5335 298 5380 τες
324 5318 398 5389 (8)
450 5318 708 5382 ἐδόξασάν
740 5333 798 5370 σε
831 5316 898 5369 δι’
935 5317 1055 5387 ἐμέ.

1901 5321 2338 5392 gloriﬁcaverunt
2362 5342 2579 5401 propter
2602 5347 2706 5386 me.

277 5413 325 5444 ιι
355 5411 488 5469 Luc.
515 5429 603 5481 xv,
636 5411 725 5465 ει.
799 5412 844 5443 ιι
884 5408 1018 5464 una.
1051 5409 1142 5466 σε.

1158 5500 1471 5564 Addenda
1508 5505 1572 5561 et
1619 5498 1995 5580 corrigenda
2029 5528 2107 5572 ex
2138 5514 2280 5573 cod.
2316 5512 2519 5575 Vatic.

280 5607 356 5693 t1)
393 5607 819 5693 ζξξκξυέσίζωσανε
886 5674 944 5693 ρ,
969 5691 978 5693 _
1000 5691 1032 5693 _f
1055 5691 1095 5693 Α
1133 5691 1189 5693 -Α
1212 5690 1226 5693 Α
1267 5673 1280 5693 ,
1958 5607 2036 5693 (ﬁ)
2064 5610 2183 5693 ᾕρει
2212 5613 2488 5693 ὲσῖρέιφηγ
2512 5613 2590 5675 εἰς
2623 5612 2718 5683 τὴν
2744 5613 2992 5686 ἀνομίαν,
3018 5609 3077 5681 ἐξ
3100 5605 3190 5687 ἧς.
3219 5616 3326 5666 elc-

277 5673 356 5743 (2)
396 5677 460 5729 Ἠ
487 5679 575 5730 διὰ
599 5681 697 5748 τῆς
729 5674 1097 5746 κινναϐάρεως
1128 5673 1390 5743 περιέχει.
1962 5673 2034 5746 (6)
2081 5673 2627 5753 Ἑξωμοὶῖογησάμην.

281 5748 358 5814 (5)
390 5747 557 5801 Εἰσίν.
1188 5815 1198 5818 Α
1324 5812 1332 5818 _
1363 5811 1373 5818 _
1542 5811 1556 5818 _
1619 5805 1644 5818 η
1744 5807 1755 5818 ,
1963 5749 2037 5818 (7)
2070 5753 2363 5816 Ἤκουσας.

305 5770 357 5799 ι)’
391 5770 557 5801 Γιισιν.

281 5770 513 5885 ίΔίΝ.5,
549 5820 601 5886 6,
641 5818 690 5870 7.
732 5818 873 5873 "Ott.
903 5855 916 5871 .
946 5855 958 5870 .
1000 5817 1130 5869 καῖ·
1171 5812 1332 5880 ἀυτεῖ-ξ
1362 5811 1415 5867 in
1463 5811 1577 5868 cod.
1617 5805 1781 5880 ὦργῖ-

1619 5805 1624 5814 ι
1744 5807 1755 5819 ο
1963 5770 2037 5818 ιι)
2096 5770 2363 5816 ηκουσας.

1171 5812 1332 5880 ἀυτεῖ-ξ
1362 5811 1415 5867 in
1463 5811 1577 5868 cod.
1617 5808 1781 5880 ὡργι-
1965 5824 2040 5891 (κ)
2085 5824 2336 5892 ’Ἄγγελοι
2370 5824 2766 5896 συγχαίροντες.

203 5887 302 5954 (ut)
338 5905 446 5951 μοι.
