4060 6434
642 386 752 441 763
1496 387 1553 443 S.
1594 385 1964 442 ATHANASII
1994 388 2145 444 OPP.
2188 388 2366 443 PARS
2407 389 2499 444 lll.
2534 419 2596 431 --
2638 382 3047 443 EXEGETICA.
3799 378 3901 431 764

714 502 800 556 14.
837 500 1223 557 Verumtamen
1262 502 1315 555 in
1346 502 1552 557 diluvio
1602 520 1868 573 aquarum
1903 505 2196 559 multarum
2228 510 2275 564 Α

2375 503 2459 556 14.
2487 501 2633 571 Πλὴν
2688 502 2745 552 ἐν
2801 493 3169 566 κατακλυσμῷ
3210 492 3415 547 ὑδάτων
3478 490 3722 554 πολλῶν,
3765 489 3901 559 πρὸς

641 594 709 648 ad
734 610 857 649 eum
888 610 997 648 non
1026 594 1500 663 approximabunt.

1279 595 1500 649 nabunt.
2303 595 2462 648 αὑτὸν
2497 594 2595 645 οὐκ
2621 590 2882 659 ἐγγιοῦσι.

712 685 799 741 15.
833 683 913 738 Tu
966 700 1145 739 meum
1193 700 1253 741 es
1298 686 1567 756 refugium
1594 703 1623 741 a
1664 688 2031 755 tribulatione,
2082 704 2202 758 qua:

2376 686 2440 740 15
2486 686 2555 738 Σύ
2581 703 2679 755 μου
2710 680 2761 738 εἴ
2782 683 3068 754 καταφυγὴ
3102 680 3207 734 ἁπὺ
3232 679 3461 749 θλίψεως
3485 679 3584 747 τῆς
3608 678 3900 749 περιεχού-

637 775 997 831 circumdedit
1029 792 1133 829 me.

920 776 997 829 dit
1029 792 1133 829 me.
2304 794 2401 847 σης
2437 793 2523 846 με.

711 866 1124 922 16.Exsultatio
1154 883 1295 932 mea,
1342 884 1473 924 erue
1525 885 1611 925 me
1656 887 1684 925 a
1731 871 2201 926 circumdantibus

2376 868 2441 923 16
2523 867 2596 920 Τὸ
2647 866 2955 937 ἀγαλλίαμὰ
3007 883 3130 937 μου,
3176 863 3449 935 λύτρωσαι
3505 879 3574 933 με
3637 860 3755 915 ἀπὸ
3791 860 3900 912 τῶν

640 973 745 1011 me.
2301 960 2695 1014 κυκλωσάντων
2734 976 2820 1028 με.

709 1046 795 1099 17.
828 1044 1170 1102 intellectum
1221 1049 1319 1103 tibi
1354 1050 1516 1113 dabo,
1548 1059 1602 1104 ct
1649 1052 1913 1106 instruam
1948 1062 1998 1107 te
2026 1052 2079 1106 in
2113 1053 2197 1106 via

2373 1053 2459 1106 17.
2494 1050 2727 1103 Συνετιῶ
2781 1066 2863 1114 σε,
2898 1050 2993 1103 καὶ
3023 1046 3270 1119 συμϐιόὦ
3300 1064 3359 1099 σε
3385 1048 3442 1099 ἐν
3480 1045 3588 1115 ὀδῷ
3624 1044 3835 1115 ταύτῃ,

638 1135 760 1199 bac,
793 1153 900 1206 qua
930 1139 1201 1208 gradieris
1229 1157 1241 1192 :

955 1139 1201 1204 gradieris
1229 1157 1241 1192 :
2300 1146 2558 1217 πορεύσῃ·

709 1228 798 1282 18.
831 1228 1091 1285 Firmabo
1121 1246 1287 1301 super
1324 1239 1375 1286 te
1404 1232 1591 1286 oculos
1618 1248 1788 1287 meos.

2372 1236 2460 1290 18.
2511 1233 2845 1304 Ἐπιστηριῶ
2868 1233 2961 1285 ἐπὶ
2992 1232 3052 1285 σέ
3070 1231 3196 1295 τοὺς
3217 1229 3529 1300 ὀφθαλμούς
3556 1246 3686 1299 μου.

705 1317 792 1372 19.
824 1316 1002 1375 Nolite
1032 1320 1149 1375 fieri
1181 1320 1325 1375 sicut
1352 1335 1526 1390 equus
1557 1329 1611 1375 et
1638 1322 1839 1389 mulus,
1865 1320 2063 1390 quibus
2091 1335 2197 1375 non

2370 1328 2456 1382 19.
2481 1326 2573 1399 Μὴ
2597 1325 2809 1395 γίνεσθε
2835 1324 2910 1390 ὡς
2933 1325 3099 1387 ἵππος
3139 1323 3232 1377 καὶ
3261 1323 3500 1394 ἡμίονος,
3529 1316 3615 1385 οἷς
3644 1322 3754 1373 οὐκ
3781 1321 3899 1373 ἐστι

633 1417 718 1463 est
749 1410 1075 1466 intellectus.

931 1423 1075 1466 ctus.
2301 1419 2534 1482 σύνεσις.

708 1499 800 1552 20.
834 1498 891 1554 ln
929 1518 1087 1557 camo
1119 1514 1172 1559 et
1196 1505 1351 1563 freno
1381 1507 1631 1564 maxillas
1666 1522 1856 1562 eorum
1888 1505 2200 1575 constringe

2367 1510 2458 1565 20.
2515 1512 2601 1563 Ἐν
2629 1508 2791 1582 κημῷ
2819 1508 2913 1561 καὶ
2942 1506 3141 1578 χαλινῷ
3164 1504 3264 1569 τὰς
3298 1504 3551 1573 σιαγόνας
3572 1504 3769 1558 αὐτῶν
3800 1505 3901 1572 ἄγ-

638 1587 1047 1665 [constringes],

2301 1602 2418 1668 ξαις
2447 1604 2650 1675 [ἁγξαι,
2688 1604 2743 1657 in
2778 1617 2949 1670 marg.
2980 1600 3104 1654 cod.
3138 1597 3365 1669 ἁγξεις],

706 1683 793 1737 2l.
821 1684 925 1751 Qui
954 1702 1061 1741 non
1092 1688 1471 1756 approximant
1505 1687 1571 1742 ad
1612 1696 1684 1743 te.

2369 1694 2456 1748 21.
2483 1694 2603 1746 Τῶν
2634 1693 2706 1764 μὴ
2729 1691 3056 1761 ἐγγιζόντων
3080 1689 3215 1759 πρὸς
3239 1688 3318 1741 σέ.

703 1776 796 1833 22.
832 1777 998 1831 Multa
1033 1778 1243 1850 ﬂagella
1275 1781 1615 1849 peccatoris:
2231 1852 2271 1856 μ

2231 1852 2271 1856 ιγ
2367 1787 2457 1841 22.
2496 1784 2768 1839 Πολλαὶαὶ
2797 1783 3057 1854 μάστιγες
3100 1779 3194 1835 τοῦ
3244 1779 3592 1851 ἁμαρτωλοῦ·

708 1865 799 1920 25.
833 1866 1151 1937 Sperantem
1199 1879 1382 1925 autem
1440 1873 1493 1926 in
1544 1869 1778 1926 Domino
1824 1866 2197 1925 misericordia
2230 1853 2271 1909 Β

2235 1853 2271 1909 Β
2367 1876 2460 1931 25.
2487 1876 2591 1929 Τὸν
2614 1876 2671 1929 δέ
2698 1853 2985 1938 ἐλπίζοντα
3014 1872 3107 1925 ἐπὶ
3128 1872 3331 1942 Κύριον
3356 1871 3503 1948 ἕλεος
3529 1870 3838 1926 κυκλώσει.

636 1956 1016 2015 circumdabit.

710 2054 798 2108 24.
828 2054 1111 2110 Lmtamini
1142 2056 1198 2109 in
1228 2052 1484 2121 Domino,
1512 2061 1568 2110 et
1597 2054 1889 2122 exsultate,
1913 2054 2047 2125 justi
2072 2072 2087 2121 ;

2368 2052 2457 2106 24.
2516 2051 2869 2123 Εὐφράνθητε
2934 2051 3029 2105 ἐπὶ
3087 2050 3327 2115 Κύριον.
3384 2049 3478 2101 καὶ
3525 2046 3902 2114 ἀγαλλιᾶσθε,

2298 2148 2497 2201 δίκαιοι
2515 2164 2531 2179 ο

696 2236 786 2291 25.
821 2234 887 2291 Et
908 2235 1240 2306 gloriamini,
1273 2251 1466 2292 omnes
1491 2237 1622 2292 recti
1656 2236 1843 2292 corde.

2369 2239 2459 2293 25.
2492 2239 2603 2291 Kal
2632 2235 2929 2305 καυχᾶσθε,
2960 2235 3160 2297 πάντες
3185 2233 3234 2285 οἱ
3264 2232 3441 2295 εὐθεῖς
3464 2233 3529 2301 τῇ
3551 2231 3787 2301 καρδίᾳ.

682 2346 933 2403 Ρεαιηιιιε
963 2347 1154 2403 David.
1184 2349 1309 2403 Sine
1338 2349 1677 2419 inscriptione
1702 2350 1842 2420 apud
1874 2347 2145 2405 Hebraeos.

2308 2351 2554 2422 Ψωιμὸς
2584 2349 2660 2415 τῷ
2688 2348 2882 2403 Δαόἰδ.
2921 2348 3348 2415 Ἀνεπίτραφος
3392 2346 3529 2412 παρ’
3577 2342 3896 2410 Ἑϐραίοις.

1183 2437 1391 2494 PSAL.
1425 2438 1675 2494 XXXII.

1641 2439 1675 2494 ἵ.
2910 2442 3083 2492 ΨΑΛ.
3114 2442 3244 2492 AB’.

704 2528 756 2581 1.
790 2526 1092 2595 Exsultate,
1117 2530 1273 2600 justi,
1305 2532 1358 2586 in
1388 2531 1654 2587 Domino:

2374 2536 2423 2590 1.
2463 2532 2836 2602 ’Δγαλλιᾶσθε,
2867 2533 3085 2598 δίκαιοι,
3120 2533 3178 2583 ἐν
3209 2529 3415 2602 Κυρίῳ·

704 2620 739 2673 2
792 2620 988 2677 Rectos
1018 2623 1173 2679 decet
1197 2625 1545 2682 collaudatio.

2373 2628 2428 2681 2.
2458 2626 2581 2689 Τοῖς
2614 2626 2793 2679 εὐθέσι
2830 2626 3029 2695 πρέπει
3060 2624 3282 2686 αῖνεσις.

704 2713 758 2767 5.
788 2714 1135 2771 Conﬁtemiui
1166 2717 1398 2773 Domino
1424 2719 1477 2773 in
1508 2718 1716 2775 citbara
1742 2757 1758 2773 .

2374 2717 2427 2772 5.
2477 2716 2913 2788 Ἐξομολογεῖσθε
2936 2713 3014 2785 τῷ
3038 2713 3226 2785 Κυρίῳ
3254 2714 3311 2767 ἐν
3333 2712 3555 2783 κιθάρᾳ·

1756 2834 2139 2892 ATHANASII
2176 2834 2757 2892 INTEBPBETATIO.

712 2948 801 3004 14.
838 2947 1122 3019 Lacrymis
1143 2948 1259 3004 suis
1288 2948 1534 3004 delentur
1563 2960 1784 3019 peccata
1818 2966 1941 3005 sua.

2371 2951 2459 3007 14.
2528 2950 2630 3003 Διὰ
2686 2950 2793 3004 τῶν
2846 2948 3097 3021 δακρύων
3154 2947 3319 3002 αὑτοῦ
3387 2945 3775 3016 ἐξαλείφονται
3839 2948 3896 3000 αι

2496 3046 2568 3097 ἰαι
2594 3043 2779 3097 αὑτοῦ.

2306 3073 2309 3094 .

706 3130 793 3185 15.
826 3130 953 3187 llazc
981 3131 1180 3187 clamat
1204 3146 1262 3185 se
1294 3137 1619 3185 convertens
1649 3143 1773 3182 cum
1803 3125 2081 3198 lacrymis.
2225 3128 2268 3187 C

2306 3048 2568 3117 ἁμαρτίαι
2594 3048 2779 3097 αὑτοῦ.

2225 3128 2268 3187 C
2374 3135 2460 3189 15.
2490 3134 2673 3189 Ταῦτα
2709 3134 2805 3207 βοᾷ
2839 3136 2868 3188 ὁ
2897 3133 3242 3206 ἐπιστρέφων
3273 3132 3411 3205 μετὰ
3438 3132 3714 3203 δακρύων.

704 3222 793 3275 16.
818 3222 861 3275 Α
889 3223 1127 3292 peccatis
1156 3222 1311 3288 meis,
1344 3222 1536 3291 inquit.

2373 3225 2460 3281 16.
2493 3226 2613 3280 Τῶν
2641 3224 2924 3298 ἁμαρτιῶν
2961 3244 3084 3299 μου,
3109 3226 3276 3295 λέγει.

704 3313 793 3370 17.
833 3312 1099 3369 Dominus
1124 3313 1192 3369 ad
1217 3329 1339 3369 eum
1372 3314 1507 3369 dicit
1534 3333 1546 3370 :
1581 3315 1694 3386 Ego
1736 3321 1786 3369 te
1818 3312 2044 3378 docebo,
2092 3325 2202 3381 qua

2375 3317 2465 3371 17.
2511 3317 2649 3371 ’0δέ
2698 3317 2901 3387 Κύριος
2948 3318 3085 3387 πρὸς
3119 3317 3283 3371 αὐτὸν
3326 3316 3493 3385 λέγει·
3548 3313 3694 3383 Ἐγὼ
3728 3313 3896 3369 οεδι-

637 3405 723 3460 via
753 3405 992 3460 incedes.

2298 3408 2483 3463 δάσκω
2510 3407 2753 3481 [διδάξω]
2787 3408 2844 3462 ἐν
2876 3408 3006 3479 ποίᾳ
3031 3407 3135 3478 ὁδῷ
3157 3408 3416 3479 πορεύσῃ.

708 3498 796 3551 18.
825 3497 891 3550 Εῑ
924 3495 978 3550 in
1020 3511 1082 3550 ea
1113 3493 1413 3550 custodiam
1448 3504 1518 3550 te.

2371 3500 2458 3555 18.
2485 3501 2595 3555 Kal
2621 3499 2839 3570 φυλάξω
2877 3516 2937 3553 σε
2969 3502 3027 3554 ἐν
3057 3500 3216 3570 αὐτῇ.

711 3587 798 3641 19.
837 3585 903 3640 Ει
935 3586 1170 3656 amplius
1216 3600 1283 3639 ne
1324 3600 1511 3655 pecca,
1562 3596 1818 3657 tanquam
1866 3584 2199 3641 intellectum

2179 3600 2199 3640 ι
2370 3593 2457 3648 19.
2482 3593 2592 3648 Καὶ
2622 3592 2815 3665 μηκέτι
2837 3592 3138 3665 ἁμάρτανε,
3166 3593 3241 3657 ὡς
3267 3591 3342 3664 μὴ
3373 3590 3508 3662 ἔχων
3536 3587 3782 3643 σύνεσιν.

639 3694 749 3733 non
786 3676 1020 3731 habens.

709 3769 803 3824 20.
840 3768 946 3823 Sed
976 3768 1196 3837 corpori
1225 3777 1318 3823 tuo
1363 3777 1417 3825 et
1458 3770 1653 3824 animae
1683 3768 1834 3825 frena
1863 3768 2111 3840 injiciens
2145 3767 2200 3822 in

2368 3770 2459 3825 20.
2507 3770 2667 3824 Ἀλλὰ
2686 3770 2748 3824 τὸ
2786 3770 2945 3842 σῶμά
2968 3787 3062 3823 σου
3094 3769 3186 3823 καὶ
3211 3769 3309 3841 τὴν
3339 3768 3514 3839 ψυχὴν
3544 3765 3623 3837 (1)
3655 3766 3862 3837 χαλινα
3892 3794 3894 3799 ν

641 3862 957 3918 servitutem
988 3861 1189 3929 redige,
1220 3877 1344 3916 cum
1378 3861 1472 3915 tibi
1503 3878 1608 3916 non
1637 3861 1918 3917 obediunt.

2300 3861 2496 3930 γωγῶν
2520 3862 2869 3931 δουλαγώγει,
2896 3864 3023 3916 ὅταν
3047 3862 3119 3934 μὴ
3142 3861 3413 3915 πείθονταί
3451 3876 3550 3913 σοι.

707 3954 797 4008 21.
830 3952 934 4018 Qui
965 3954 1063 4008 tibi
1101 3968 1206 4007 non
1237 3955 1634 4023 obtemperant.

2371 3953 2459 4006 2l.
2486 3953 2605 4006 Τῶν
2638 3953 2712 4025 μὴ
2735 3954 2810 4024 (2)
2842 3954 3174 4025 πειθομένων
3207 3970 3307 4007 σοι.

712 4048 802 4101 22.
837 4046 1003 4102 Multa
1030 4054 1184 4101 erant
1219 4046 1424 4116 ﬂagella
1462 4057 1575 4111 tua,

2370 4043 2459 4097 22.
2488 4044 2682 4097 Πολλαε
2709 4062 2799 4097 σου
2829 4041 2969 4117 ἦσαν
2994 4046 3050 4097 αἱ
3082 4044 3361 4115 μάστιγες.

708 4140 800 4193 23.
830 4138 933 4191 Sed
982 4138 1241 4207 quoniam
1279 4138 1507 4207 sperasti
1540 4137 1594 4191 in
1642 4137 2015 4194 misericordia
2058 4152 2198 4205 mea,

2368 4136 2459 4191 23.
2502 4138 2639 4189 Ἀλλ’
2664 4138 2850 4209 ἐπειδὴ
2905 4139 3138 4209 ἠλπισας
3172 4138 3247 4209 (5)
3299 4136 3392 4189 ἐπὶ
3435 4135 3495 4187 τὸ
3541 4134 3694 4197 ἔλεός
3762 4153 3890 4206 μου,

641 4230 712 4284 ab
745 4228 877 4298 ipsis
903 4228 1163 4282 liberatus
1193 4243 1272 4282 es.

2305 4227 2577 4299 ἐρῤύσθης
2605 4230 2698 4281 ἀπ’
2724 4228 2923 4284 αὐτῶν.

712 4321 807 4378 24.
837 4319 1062 4374 Ailterna
1090 4320 1273 4373 laetitia
1302 4326 1355 4374 et
1382 4320 1761 4374 exsultatione.

2374 4322 2461 4375 24.
2496 4324 2847 4394 Εὐφροσύνην
2872 4324 3088 4378 αἰώνιον
3117 4323 3212 4375 καὶ
3246 4320 3578 4390 ἀγαλλίασιν.

715 4411 804 4492 25.
842 4410 946 4474 Qui
971 4411 1107 4464 enim
1132 4410 1392 4480 gloriatur
1411 4451 1425 4474 ,
1461 4411 1513 4463 in
1546 4410 1772 4463 Domino
1805 4410 2062 4480 glorietur
2086 4410 2154 4464 ⁵⁸.

2377 4411 2466 4465 25.
2509 4412 2571 4466 '0
2604 4414 2713 4482 γὰρ
2738 4414 3119 4483 καυχώμενος
3143 4415 3212 4467 ἐν
3244 4413 3435 4479 Κιιρίῳ
3462 4409 3816 4477 καυχάσθω.

724 4509 787 4560 Ἤ
819 4506 1150 4577 προκειμένη
1184 4505 1458 4576 ἐπιγραφὴ
1493 4506 1720 4576 παρέχει
1755 4504 2022 4576 [περιέχει
2045 4520 2057 4532 ·
2092 4504 2359 4576 Ψαλμὸς]
2496 4506 2575 4572 τῷ
2602 4508 2795 4561 Δαϐίδ.
2828 4509 2989 4562 Δαόὶδ
3017 4510 3127 4579 γὰρ
3158 4507 3516 4580 ἑρμηνεύεται
3544 4505 3894 4571 38.100111157-

643 4616 767 4663 νος,
800 4598 931 4668 ὅπερ
960 4596 1073 4649 ἐστὶ
1098 4596 1279 4649 λαϐεῖν
1313 4600 1391 4660 ei;
1431 4597 1520 4648 τὸν
1550 4598 1704 4666 χορὸν
1742 4598 1847 4649 τῶν
1874 4596 2063 4664 ἁγίων,
2099 4599 2177 4650 ὅτι
2202 4598 2576 4667 πεποθημένος
2597 4600 2742 4652 ἐστὶν
2771 4599 2875 4652 ὑπὸ
2898 4600 2988 4653 τοῦ
3013 4601 3237 4672 Κυρίου.
3275 4600 3356 4666 Τῷ
3376 4595 3465 4652 οὗν
3489 4598 3894 4666 πεποθημένῳ

644 4687 788 4759 χορῷ
814 4689 1024 4759 εἴρηται
1046 4689 1073 4739 ὁ
1099 4687 1329 4757 ψαλμὸς,
1357 4688 1600 4740 τουτέστι
1634 4692 1745 4752 τοῖς
1774 4685 1890 4739 οὖσι
1913 4692 2051 4744 κατὰ
2075 4690 2167 4742 τὸν
2205 4691 2366 4745 Δασιδ
2396 4696 2460 4763 τῇ
2493 4694 2757 4767 ἑρμηνείᾳ
2780 4693 2873 4746 τοῦ
2901 4692 3159 4762 ὀνόματος
3200 4694 3293 4746 καὶ
3320 4694 3435 4754 ταῖς
3463 4692 3730 4754 ἐντολαῖς.

713 4780 924 4837 Titulus
948 4782 1269 4851 praepositus
1296 4782 1536 4835 continet
1569 4799 1582 4835 :
1614 4780 1859 4836 Psalmus
1888 4783 2077 4838 David.
2110 4785 2277 4838 David
2303 4786 2450 4839 enim
2488 4787 2879 4856 interpretatur
2924 4787 3277 4851 desideratus,
3322 4786 3463 4853 quod
3490 4786 3744 4855 accipere
3768 4787 3896 4839 licet

645 4880 712 4934 de
735 4878 905 4932 clioro
934 4886 1274 4940 sanctorum,
1306 4876 1565 4945 quoniam
1594 4876 1935 4933 desideratus
1966 4888 2050 4933 est
2084 4895 2113 4932 a
2144 4878 2398 4935 Domino.
2426 4882 2471 4934 Λ
2502 4882 2672 4937 choro
2699 4882 2863 4951 igitur
2905 4893 3217 4937 sanctorum
3261 4883 3558 4936 desiderato
3600 4884 3789 4936 dictus
3816 4896 3897 4936 est

643 4975 887 5044 psalmus
914 4992 928 5028 :
962 4974 1066 5028 boc
1088 4982 1191 5039 est,
1218 4974 1287 5027 ab
1318 4972 1385 5027 iis
1418 4972 1512 5043 qui
1557 4971 1747 5041 David,
1779 4974 1933 5043 juxta
1966 4975 2206 5030 nominis
2252 4977 2752 5048 interpretationem
2801 4986 2854 5032 et
2885 4978 3266 5032 mandatorum
3287 4977 3720 5039 observantiam,
3759 4978 3897 5031 assi-

644 5072 922 5125 milantur.

707 5166 759 5218 1.
789 5165 1031 5221 Gaudete
1060 5184 1272 5237 semper
1298 5168 1351 5223 in
1387 5167 1638 5222 Domino.
2235 5174 2279 5228 D

2235 5174 2279 5228 D
2382 5173 2433 5225 1.
2482 5172 2713 5243 Χαίρετε
2748 5170 2976 5224 πάντοτε
3010 5171 3065 5223 ἐν
3089 5169 3296 5242 Κυρᾲρ.

704 5256 757 5309 2.
785 5255 983 5311 Rectos
1009 5258 1160 5313 decet
1182 5259 1401 5312 laudare
1423 5258 1733 5313 Dominum.

2379 5265 2433 5318 2.
2470 5266 2593 5328 Τοῖς
2620 5264 2797 5316 εὐθέσι
2831 5264 3027 5334 πρέπει
3053 5262 3219 5314 αἰνεῖν
3248 5259 3337 5311 τὸν
3362 5257 3586 5329 Κύριον.

714 5350 767 5404 5.
794 5349 1183 5407 Mortiﬁcautes
1218 5353 1575 5423 vosmetipsos
1610 5354 1833 5420 mundo,
1868 5354 1939 5408 ita
1987 5353 2205 5426 hymnis

2381 5356 2432 5409 5.
2468 5356 2857 5425 Νεκρώσαντες
2884 5354 3107 5417 ἑαυτοὺς
3140 5352 3217 5423 τῷ
3271 5351 3479 5422 κόσμῳ,
3512 5352 3690 5417 οὕτως
3721 5353 3895 5423 ὑμνή-

642 5441 935 5497 laudabitis
965 5459 1111 5498 eum.

1042 5461 1111 5498 m.
2312 5464 2431 5499 σετε
2465 5448 2645 5500 αὐτόν.

712 5535 1087 5567 σειρι...σκ

789 5534 807 5587 l
843 5536 969 5591 Cor.
998 5552 1036 5603 ι,
1060 5537 1147 5591 51.

1592 5608 1893 5671 Addenda
1930 5615 1989 5673 et
2037 5608 2392 5687 corrigendi

1592 5608 1893 5671 Addenda
1930 5615 1989 5673 et
2037 5608 2407 5687 corrigenda
2443 5624 2518 5668 ex
2551 5607 2693 5669 cod.
2725 5606 2925 5669 Vatic.

714 5734 787 5803 (ll
828 5734 1019 5804 Ψυχήν
1048 5752 1157 5787 σου.

2393 5734 2471 5799 (5)
2499 5734 2779 5788 Ἰῐλπισεν.

713 5805 788 5875 (2)
838 5804 956 5857 Τῶν
994 5804 1292 5877 μελλόντων
1318 5805 1413 5876 μή,
1450 5813 1553 5862 etc.
2068 5860 2074 5865 ,
2401 5805 2477 5876 (4)
2514 5806 2573 5857 Ἠ
2620 5806 2705 5859 διὰ
2736 5806 2832 5875 τῆς
2864 5804 3226 5875 κινναϐάρεως
3274 5806 3545 5877 περιέχει·
3582 5806 3686 5878 τῷ,
3721 5819 3825 5867 εις,
