4060 6440
225 416 337 471 765
1116 420 1201 472 DE
1241 419 1512 475 TITULIS
1551 420 1992 480 PSALMORUM.
2019 455 2085 465 —
2109 423 2304 481 PSAL.
2346 425 2560 480 XXXII.
3362 427 3463 484 766

294 533 348 600 4.
393 536 478 587 Ἐν
505 534 792 606 ψαλτηριῳ
816 535 1122 607 δεκαχὸρδῳ
1151 537 1354 606 ψάλατε
1379 536 1546 607 αὐτῷ.
1819 551 1863 602 Α

1819 551 1863 602 Α
1956 542 2014 594 4.
2055 540 2108 592 In
2137 541 2390 609 psalterio
2417 542 2602 595 decem
2633 557 2698 596 cn
2713 543 2970 596 ordarum
3007 543 3220 613 psallite
3254 543 3350 600 illi.

299 625 352 679 5.
392 626 591 696 ’ᾼσατε
617 625 764 694 αὐτῷ
794 622 944 695 ᾆσμα
967 625 1173 678 καινόν·

1974 633 2026 684 5.
2059 630 2283 685 Cantate
2311 633 2358 685 ei
2393 633 2663 686 canticum
2699 649 2935 688 novum:

293 716 348 768 6.
383 716 577 778 Καλῶς
599 715 803 784 ψάλατε
840 716 986 784 αὐτῷ
1013 718 1069 767 ἐν
1097 715 1416 785 ἀλαλαγμῷ.

1975 726 2027 775 ὕ.
2065 724 2205 779 Bene
2235 726 2444 793 psallite
2473 727 2519 778 ei
2557 726 2608 777 in
2637 726 3044 782 vociferatione.

294 808 349 860 7.
377 809 496 860 Ὅτι
525 808 686 870 εὐθὺς
723 809 751 859 ὁ
783 808 938 874 λόγος
976 807 1068 859 τοῦ
1097 809 1324 877 Κυρίου·

1972 815 2022 871 7.
2056 816 2191 880 Quia
2219 826 2420 870 rectum
2451 827 2535 871 est
2562 818 2788 871 verbum
2825 818 3076 874 Domini:

294 898 347 952 8.
376 899 484 950 Καὶ
507 899 681 950 πάντα
708 898 774 951 τὰ
804 899 937 966 ἔργα
968 898 1131 952 αὑτοῦ
1167 901 1222 951 ἐν
1248 897 1446 950 πίστει.

1325 915 1446 949 ςτει.
1969 906 2023 960 8.
2057 905 2121 958 Et
2149 907 2328 960 omnia
2371 922 2534 975 opera
2570 907 2688 975 ejus
2718 908 2771 961 in
2807 909 2928 962 ﬁde.

289 989 341 1045 9.
381 991 593 1061 Ἀγαπᾷ
615 991 982 1060 ἐλεημοσύνην
1011 990 1102 1042 καὶ¹
1131 990 1308 1059 κρίσιν
1341 993 1368 1041 ὀ
1401 989 1619 1060 Κύριος·

1972 997 2026 1050 9.
2066 995 2246 1065 Diligit
2274 997 2703 1051 misericordiam
2731 1009 2783 1051 ct
2805 999 3068 1067 judicium
3097 999 3388 1054 Dominus:

297 1082 382 1134 10.
416 1083 520 1134 Τοῦ
551 1083 732 1145 ἐλέους
759 1084 959 1152 Κυρίου
981 1082 1193 1153 πλήρης
1219 1085 1249 1151 ἡ
1276 1082 1367 1150 γῆ.

1970 1086 2056 1141 10.
2092 1086 2464 1141 Misericordia
2493 1086 2706 1140 Domini
2739 1089 2895 1156 plena
2931 1098 3012 1142 est
3041 1100 3201 1142 terra.

294 1174 384 1227 41.
415 1175 504 1243 Τῷ
526 1175 667 1244 λόγῳ
697 1175 900 1245 Κυρίου
936 1177 983 1227 οἱ
1015 1175 1232 1245 οὐρανοὶ
1262 1173 1689 1244 ἐστερεώθησαν·

1494 1173 1689 1244 θησαν·
1970 1178 2062 1232 11.
2097 1178 2276 1233 Verbo
2310 1179 2521 1233 Domini
2554 1180 2675 1234 οωιὶ
2702 1181 2899 1233 tirmati
2934 1191 3097 1234 sunt:

298 1263 383 1316 1‘2.
427 1265 533 1316 Καὶ
565 1265 642 1334 τῷ
675 1264 951 1334 Πνεύματι
983 1263 1074 1317 τοῦ
1107 1264 1368 1333 στόματος
1401 1264 1563 1316 αὐτοῦ
1593 1262 1797 1334 πᾶσαὴ

1764 1262 1797 1334 ἡ
1971 1273 2055 1326 12.
2090 1271 2156 1326 Ει
2189 1271 2394 1342 Spiritu
2427 1271 2540 1326 oris
2577 1272 2697 1341 ejus
2723 1273 2905 1326 omnis
2936 1273 3107 1326 virtus
3133 1285 3343 1324 eorum.

221 1353 451 1422 δύναμις
477 1354 675 1407 αὐτῶν.

299 1446 386 1498 15.
427 1447 680 1513 Συνάγων
705 1447 835 1498 ὡσεὶ
868 1446 1032 1498 ἀσκὸν
1072 1446 1246 1499 ὕδατα·
1267 1445 1557 1519 θαλάσσης·

1970 1447 2056 1500 15.
2083 1446 2434 1515 Congregans
2467 1445 2608 1498 sicut
2635 1454 2809 1499 utrem
2843 1461 3014 1515 aquas
3041 1445 3209 1499 maris
3233 1461 3246 1498 :

299 1537 382 1588 14.
418 1537 598 1599 Τιθεὶς
633 1539 691 1588 ἐν
723 1538 1016 1607 θησαυροῖς
1049 1538 1338 1600 ἀϐύσσους.

1968 1539 2056 1591 11.
2088 1536 2304 1591 Ponens
2331 1538 2383 1589 in
2413 1538 2687 1592 thesauris
2717 1537 2963 1606 abyssos.

298 1629 382 1681 15.
419 1629 711 1697 ψοδηθήτω
759 1629 848 1682 τὸν
877 1629 1076 1701 Κύριον
1099 1633 1249 1683 πᾶσα
1280 1632 1311 1699 ἡ
1342 1632 1432 1699 τῆ’

1971 1630 2060 1683 15.
2089 1629 2301 1684 Timeat
2324 1629 2614 1683 Dominum
2643 1629 2823 1682 omnis
2856 1637 2996 1682 terra
3028 1645 3042 1693 ;

293 1718 377 1770 16.
417 1720 534 1770 Ἀπ’
563 1719 725 1771 αὑτοῦ
771 1721 826 1772 δὲ
865 1721 1275 1792 σαλευθήτωσαν
1330 1721 1526 1782 πάντες
1575 1720 1623 1772 οί
1665 1738 1796 1774 κατ-

1971 1720 2057 1774 16.
2091 1721 2260 1774 Abeo
2292 1731 2471 1776 autem
2522 1730 2968 1775 commoveantur
3013 1733 3205 1773 omnes
3247 1715 3463 1772 inhabi-

218 1806 492 1870 οικοῦντες
522 1809 620 1879 τὴν
652 1809 996 1879 οἰκουμένην.

712 1826 798 1861 κου
809 1809 996 1879 μένην.
1901 1816 2077 1862 tantes
2107 1809 2315 1864 orbem.

296 1900 380 1952 17.
414 1901 533 1951 Ὅτι
560 1901 722 1962 αὐτὸς
748 1896 889 1963 εἷπε,
919 1903 1009 1953 καὶ
1035 1900 1415 1970 ἐγεννήθησαν·

1968 1900 2057 1952 17.
2085 1899 2352 1964 Quoniam
2380 1900 2493 1969 ipse
2526 1901 2682 1966 dixit,
2715 1908 2768 1954 et
2805 1909 3060 1968 generata
3089 1907 3249 1953 sunt:

294 1989 377 2042 18.
413 1991 580 2053 Αὐτὸς
603 1992 919 2054 ἐνετείλατο,
940 1992 1031 2044 καὶ¹
1067 1991 1409 2060 ἐκτίσθησαν.
1856 2032 1863 2037 -

1856 2032 1863 2037 .
1967 1990 2054 2044 18.
2085 1989 2200 2058 Ipse
2227 1991 2526 2056 mandavit,
2557 1999 2612 2046 et
2639 1999 2819 2044 creata
2847 1998 2992 2043 sunt.
3029 1988 3032 1992 ’

296 2082 381 2135 19.
412 2083 613 2152 Κύριος
643 2083 979 2147 διασκεδάζει
1011 2083 1202 2154 βουλὰς
1227 2083 1413 2136 ἐθνῶν·

1970 2083 2056 2137 19.
2096 2084 2356 2138 Dominus
2390 2083 2619 2153 dissipat
2640 2083 2870 2139 consilia
2912 2082 3190 2150 gentium:

291 2174 380 2227 ‘20.
435 2174 638 2226 Ἀθετεῖ
666 2174 720 2226 δὲ
761 2175 1051 2244 λογισμοὺς
1084 2174 1254 2226 λαῶν·

1962 2177 2053 2230 20.
2088 2176 2358 2246 Rept‘obat
2387 2184 2563 2228 autem
2599 2175 2957 2243 cogitationes
2990 2175 3352 2243 populorum:

293 2266 383 2317 21.
414 2266 521 2317 Καὶ
553 2266 735 2319 ἀθετεῖ
767 2266 958 2336 βουλὰς
994 2267 1285 2336 ἀρχόντων.

1959 2269 2047 2321 21.
2082 2267 2147 2321 Et
2175 2268 2429 2337 reprobat
2458 2266 2681 2320 consilia
2709 2266 3033 2335 principum.

289 2356 378 2410 2‘2.
420 2356 562 2409 Ἡδὲ
602 2356 763 2427 βουλὴ
795 2357 887 2409 τοῦ
917 2357 1120 2427 Κυρίου
1165 2358 1243 2418 εἰς
1280 2354 1371 2406 τὸν
1398 2352 1566 2406 αἰῶνα
1596 2353 1780 2422 μένει·

1958 2357 2048 2410 2‘2.
2080 2357 2381 2412 Consilium
2419 2365 2604 2410 autem
2631 2355 2845 2409 Domini
2877 2355 2930 2408 in
2957 2365 3214 2410 aeternum
3247 2363 3456 2410 manet:

1327 2531 1705 2588 ATHANASII
1739 2532 2316 2590 lNTERPRETATlO.

286 2687 341 2740 4.
372 2686 469 2739 Διά
502 2687 607 2741 τῶν
643 2687 776 2741 δέκα
800 2687 1025 2742 ἐντολῶν
1060 2688 1317 2753 δοξάσατε
1345 2689 1525 2741 αὐτόν.

1971 2689 2026 2742 4.
2059 2689 2162 2743 Per
2192 2689 2595 2745 observantiam
2622 2689 2808 2746 decem
2840 2701 3231 2762 praeceptorum
3259 2691 3462 2763 gloriﬁ—

1891 2789 2013 2836 cate
2036 2797 2181 2834 eum.
3095 2797 3100 2802 -

287 2866 339 2918 5.
367 2861 556 2936 τᾼσμα
587 2866 732 2932 λέγει
764 2866 1018 2936 καθαρόν.

1955 2873 2008 2928 5.
2043 2871 2350 2932 Canticum,
2379 2866 2579 2933 inquit,
2614 2865 2898 2920 mundum.

286 2957 339 3011 6.
381 2959 472 3010 Ἐκ
496 2960 592 3028 τῆς
615 2959 838 3028 καρδίας
866 2959 1037 3028 ὑμῶν.

937 2959 1037 3011 ὢν.
1958 2964 2010 3019 6.
2049 2962 2125 3016 Ex
2154 2961 2314 3016 corde
2343 2968 2540 3013 vestro.

287 3050 338 3102 7.
387 3049 612 3119 Ἀληθὴς
647 3052 678 3119 ἡ
708 3049 1007 3117 ἐπαγγελία
1040 3050 1116 3119 (1)
1157 3049 1342 3103 αὑτοῦ.

1069 3050 1116 3119 1)
1157 3049 1342 3103 αὑτοῦ.
1972 3051 2023 3104 7.
2059 3050 2196 3104 Vera
2222 3048 2507 3117 promissio
2536 3045 2672 3114 ejus.

288 3140 341 3193 8.
380 3139 446 3189 Ἀ
485 3137 558 3207 (2)
591 3141 810 3202 ποιεῖτε,
847 3140 903 3190 ἐν
939 3139 1116 3191 πίστει
1150 3143 1369 3192 ποιεῖτε.

1232 3143 1369 3192 ιεῖτε.
1963 3142 2015 3199 8.
2051 3140 2180 3206 Quae
2215 3137 2414 3200 facitis,
2445 3135 2604 3188 facite
2627 3135 2679 3186 in
2717 3134 2835 3187 fide.

284 3229 338 3282 9.
409 3227 768 3300 ’,Ελεημοσύνη
837 3231 931 3282 καὶ
991 3231 1171 3294 πίστις
1249 3248 1350 3300 μου
1416 3228 1787 3283 ἐκλιπέτωσω

1960 3230 2014 3285 9.
2052 3227 2417 3285 Misericordia
2455 3233 2509 3280 et
2538 3223 2668 3277 ﬁdes
2699 3237 2975 3292 nunquam
3010 3221 3104 3276 tibi
3134 3221 3402 3278 deficiant.

215 3338 302 3375 σοι
339 3321 437 3392 (5).

285 3415 370 3470 10.
404 3415 688 3468 Ἥπλωται
721 3415 780 3468 τὺ
805 3414 949 3478 ἔλεός
992 3431 1108 3479 σου,
1140 3414 1335 3486 Κύριε,
1365 3415 1457 3466 ἐπὶ
1492 3413 1568 3485 (4)
1604 3415 1783 3470 πᾶσαν

1963 3405 2048 3461 10.
2082 3404 2256 3474 Super
2280 3418 2496 3457 omnem
2538 3401 2777 3455 hominis
2824 3399 3064 3453 animam
3096 3413 3335 3470 expansa
3377 3409 3457 3457 est

206 3506 387 3576 ψυχὴν
413 3505 721 3575 ἀνθρώπου.

1811 3504 1856 3565 c
1886 3496 2256 3552 misericordia
2286 3503 2395 3560 tua,
2429 3492 2676 3547 Domine.

285 3595 370 3647 11.
407 3595 480 3660 (5)
503 3595 635 3663 Περὶ
666 3593 772 3646 τῶν
816 3593 1130 3647 ἀποστόλων
1160 3594 1328 3661 λέγει.

1160 3594 1328 3661 λέγει.
1962 3587 2049 3642 11.
2080 3586 2154 3641 De
2186 3586 2447 3656 apostolis
2479 3584 2739 3653 loquitur.

286 3685 376 3738 19..
425 3688 533 3738 Καὶ
584 3687 663 3738 ὅτι
698 3687 1027 3756 ἐνεφύσησεν
1061 3688 1139 3750 είς
1187 3687 1247 3739 τὸ
1299 3688 1585 3758 πρόσωπον
1612 3687 1787 3741 αὐτῶν

1958 3679 2045 3731 12.
2077 3675 2142 3730 Et
2171 3677 2315 3746 quod
2347 3676 2638 3732 insuﬂlavit
2673 3676 2726 3728 in
2772 3675 2964 3730 faciem
3001 3689 3189 3729 eorum
3233 3673 3453 3727 dicens:

209 3777 406 3844 λέγων·
431 3777 648 3829 Λάϐετε
680 3777 918 3845 Πνεῦμα
940 3777 1126 3844 ἅγιον,
1145 3778 1225 3829 ὅτι
1252 3777 1447 3847 ἀνέστη
1473 3780 1537 3829 ἐκ
1557 3778 1784 3849 νεκρῶν·

1885 3769 2119 3840 Accipite
2170 3769 2434 3839 Spiritum
2491 3777 2728 3819 sanctum
2754 3768 2840 3832 ⁸⁸,
2899 3783 3024 3821 cum
3086 3765 3383 3820 resurrexit
3425 3779 3455 3816 a

208 3869 310 3929 τὰς
339 3867 446 3935 γὰρ
472 3868 746 3935 δυνάμεις,
778 3867 843 3929 ἃς
877 3867 1090 3919 ἐποίουν
1126 3869 1172 3920 οί
1212 3868 1498 3920 ἀπόστολοι
1537 3867 1615 3938 τῷ
1649 3869 1788 3940 ἁγίῳ

1887 3865 2144 3918 mortuis.
2185 3861 2398 3915 Etenim
2428 3859 2712 3923 miracula,
2744 3874 2866 3927 quae
2894 3857 3164 3913 faciebant
3198 3855 3453 3927 apostoli,

211 3958 490 4028 Πνεύματι
553 3957 867 4022 ἐπετέλουν,
926 3953 970 4026 ᾧ
1017 3960 1205 4014 ἔλαϐον
1255 3962 1320 4012 ἐκ
1373 3960 1468 4013 τοῦ
1526 3960 1790 4030 στόματος

1885 3969 1983 4024 per
2015 3954 2275 4024 Spiritum
2309 3960 2557 4007 sanctum
2590 3950 2876 4017 faciebant,
2911 3965 3069 4005 ouem
3097 3964 3165 4004 ex
3191 3962 3285 4003 ore
3323 3946 3440 4017 ejus

209 4050 402 4104 αὑτοῦ.

1887 4053 2233 4114 acceperunt.

288 4145 372 4199 15.
430 4145 739 4216 Συνήγαγον
787 4143 855 4197 τὰ
916 4142 1042 4214 ἔθνη
1103 4140 1197 4194 τοῦ
1251 4142 1460 4212 κόσμου
1527 4160 1786 4214 νενεκρω-

1961 4135 2044 4191 15.
2081 4137 2279 4192 Gentes
2311 4136 2495 4191 mundi
2529 4146 2772 4193 mortuas
2813 4145 3037 4207 peccato
3087 4145 3451 4201 congregave-

213 4237 355 4309 μένα
383 4237 456 4307 (6)
500 4238 576 4299 ὡς
603 4237 788 4289 ἀσκόν.

1886 4238 2015 4284 runt
2045 4229 2188 4282 velut
2220 4237 2416 4282 utrem.

288 4328 373 4380 14.
415 4329 500 4379 Ἐν
533 4331 641 4389 τοῖς
668 4327 981 4388 ἀποστόλοις
1023 4327 1091 4379 τὰ
1138 4325 1478 4395 δικαιώματα
1530 4326 1716 4381 αὑτοῦ.

1446 4343 1478 4378 α
1530 4326 1716 4381 αὑτοῦ,
1962 4317 2048 4371 14.
2091 4318 2147 4370 ln
2175 4317 2434 4385 apostolis
2464 4317 2884 4386 justificationes
2911 4314 3048 4383 ejus.

289 4421 374 4473 15.
418 4419 501 4479 Ὠς
530 4419 700 4471 εἰδυῖα
732 4419 892 4472 αὑτὸν
922 4419 1118 4487 ἑαυτῆς
1152 4419 1500 4488 δημιουργόν.

1950 4409 2040 4462 15.
2077 4406 2147 4462 Ut
2181 4425 2301 4478 qua
2327 4409 2428 4463 scit
2453 4426 2576 4463 eum
2608 4418 2910 4463 creatorem
2956 4417 3116 4457 suum
3148 4399 3342 4456 fuisse.

289 4508 376 4560 16.
408 4507 758 4560 Μετατεθῶσι
788 4507 984 4569 πάντες
1021 4509 1100 4570 εἰς
1122 4507 1210 4559 τὸν
1241 4507 1463 4578 Κύριον.

1960 4499 2043 4551 16.
2077 4498 2494 4552 Transferantur
2525 4515 2713 4553 omnes
2749 4499 2800 4552 in
2827 4496 3132 4550 Dominum.

290 4598 374 4650 17.
415 4599 499 4648 Ἐν
534 4597 609 4666 τῷ
642 4598 992 4668 βαπτίσματι.

846 4616 992 4668 ματι.
1960 4590 2046 4642 17.
2078 4589 2132 4642 In
2165 4590 2449 4658 baptismo.

286 4690 371 4742 18.
413 4692 742 4743 Ἀνεκαίνισε
772 4691 879 4761 γὰρ
909 4691 1122 4752 αὐτούς.

1083 4707 1122 4752 ς.
1959 4681 2044 4734 18.
2072 4679 2176 4734 Eos
2206 4682 2348 4733 enim
2383 4678 2686 4734 renovavit.

284 4783 370 4836 19.
409 4784 518 4846 Τὰς
544 4785 811 4855 προτέρας
865 4785 1191 4854 ἀπορρίπτει
1243 4783 1348 4836 ἀπὸ
1395 4784 1502 4836 τῶν
1553 4782 1784 4854 καρδιῶν

1752 4800 1784 4835 ,ν
1961 4771 2046 4825 19.
2085 4770 2274 4824 Priora
2299 4771 2516 4840 projicit
2547 4766 2778 4823 consilia
2803 4781 2833 4818 e
2858 4762 3115 4817 cordibus
3147 4776 3355 4816 eorum.

205 4872 414 4926 αὐτῶν.
1817 4860 1860 4915 D

281 4964 374 5019 ‘20.
411 4965 518 5017 Καὶ
548 4965 818 5036 ἀλλοτριοί
847 4967 1144 5037 προτέρους
1172 4966 1347 5019 αὐτῶν
1377 4966 1685 5036 λογισμούς.

1957 4965 2043 5019 ‘20.
2073 4965 2138 5019 Et
2170 4966 2421 5019 immutat
2445 4962 2744 5017 anteriores
2769 4972 2957 5013 eorum
2993 4950 3366 5025 cogitationes.

283 5058 376 5110 ‘31.
414 5057 519 5110 Καὶ
543 5057 638 5120 τάς
671 5057 862 5125 βουλάς
887 5058 992 5111 τῶν
1019 5059 1286 5129 δαιμόνων
1319 5059 1671 5122 διασκεδάζει.

1393 5059 1671 5122 ισκεδάζει.
1949 5059 2043 5127 9.1.
2079 5058 2144 5110 Et
2170 5058 2393 5111 consilia
2424 5057 2728 5109 daamouum
2751 5051 2996 5121 dissipat.

280 5149 372 5202 22.
414 5149 476 5201 Ἠ
507 5149 694 5219 διδαχὴ
720 5150 905 5203 αὑτοῦ.

893 5192 905 5203 .
1950 5148 2038 5203 22.
2077 5147 2329 5203 Doctrina
2357 5147 2494 5217 ejus.

280 5334 328 5364 ³⁸
366 5331 524 5389 Joan.
561 5351 652 5399 xx,
682 5334 773 5389 22.

1185 5432 1484 5494 Addenda
1515 5440 1575 5494 et
1615 5431 1985 5512 corrigenda
2016 5451 2094 5496 ex
2124 5432 2264 5494 cod.
2295 5429 2497 5492 Vatic.

288 5589 366 5666 (1)
442 5590 742 5666 ὑαγγελιαη

1960 5597 2035 5661 (5)
2059 5597 2121 5649 Ν.
2141 5595 2534 5666 11._Ilep£,etc.,
2555 5591 2640 5666 ὅτε
2665 5589 2933 5662 ἀνέστηέκ
2955 5581 3291 5656 νεκρῶν,τὰς
3304 5589 3435 5652 εις..

282 5660 358 5724 (9.)
384 5662 486 5711 Καὶ
512 5665 682 5714 πάντα
713 5664 766 5718 ἆ.
798 5671 902 5716 νίς.

1887 5669 2190 5723 ἐπετέλουν.
2213 5660 2276 5732 ᾧ,
2295 5660 2425 5726 eie.,
2458 5661 2639 5715 αὑτοῦ.

565 5750 642 5808 σῖ·
668 5751 771 5808 ""_"
803 5751 903 5808 σφι·
1956 5738 2030 5808 (6)
2067 5729 2440 5808 Συνήγαγεν...
2469 5730 2781 5802 νεκοωμένα
2811 5729 2958 5793 ὡσεί,
2986 5737 3086 5781 etc.

282 5801 358 5864 (-5)
391 5803 574 5864 Ἔλεος
605 5805 804 5870 Κυρίου
835 5805 943 5867 ἐπί,
970 5813 1070 5858 ctc.
