4060 6464
591 396 695 451 767
1438 396 1497 455 S.
1540 395 1906 451 ATHANASII
1946 395 2098 451 OPP.
2138 395 2319 452 PARS
2361 394 2445 450 Ill.
2483 424 2547 438 —-
2592 393 3008 452 EXEGETICA.
3096 350 3100 355 υ
3754 393 3863 449 768

660 514 748 569 25.
777 512 1145 583 Cogitationes
1176 515 1356 570 cordis
1385 515 1504 585 ejus
1551 516 1605 569 in
1655 516 2057 585 generationem
2103 527 2157 570 et
2185 539 2229 591 Α

2327 513 2418 568 25.
2454 514 2718 584 Λογισμοὶ
2769 514 2866 585 τῆς
2912 513 3140 586 καρδίας
3175 511 3340 567 αὑτοῦ
3379 512 3460 576 είς
3506 510 3712 581 γενεὰν
3763 516 3865 564 καὶ

589 605 1017 678 generationem.

873 620 1017 658 nem.
2261 604 2473 674 γενεάν.

658 697 748 751 24.
786 695 948 750 Beata
982 709 1134 766 gens,
1170 695 1329 764 cujus
1357 704 1440 750 est
1464 693 1725 750 Dominus
1756 694 1898 751 Deus
1925 698 2076 764 ejus:

2324 696 2411 751 24.
2436 697 2723 766 Μακάρων
2742 695 2803 749 τὸ
2822 695 2993 761 ἔθνος,
3014 690 3075 750 οὗ
3095 696 3206 749 ἐστι
3229 696 3436 765 Κύριος
3450 696 3479 748 ὁ
3495 693 3630 756 Θεὸς
3645 691 3830 746 αὑτοῦ
3847 708 3863 722 ·

658 790 753 845 25.
789 788 1065 860 Populus,
1117 803 1280 859 quem
1331 789 1495 859 elegit
1542 789 1595 843 in
1652 790 2016 844 [nereditatem
2056 791 2158 846 sibi

2328 786 2419 838 25.
2445 784 2609 848 Λαὸς,
2629 785 2687 837 ὃν
2714 783 2997 851 ἐξελέξατο
3017 786 3095 848 είς
3119 783 3480 855 κληρονομίαν
3496 782 3683 852 ἑαυτῷ
3704 781 3864 852 [ἑαυ-

618 880 821 953 suam].
2260 876 2400 948 τοῦ].

618 882 821 938 suam“.

595 882 614 955 [
660 972 751 1027 26.
778 904 854 1025 De
878 970 1018 1025 cado
1046 968 1282 1038 respexit
1311 966 1609 1033 Dominus;

2260 893 2353 929 του
2387 915 2400 929 .

2331 882 2421 1022 2J6.
2468 967 2556 1035 Ἐξ
2585 968 2815 1040 οὐρανοῦ
2851 968 3148 1037 ἐπέϐλεψεν
3174 968 3203 1020 ὁ
3228 967 3429 1037 Κύριος
3448 982 3461 996 ·

662 1064 750 1117 27.
785 1062 932 1116 Vidit
958 1075 1150 1115 omnes
1177 1059 1318 1114 ﬁlios
1348 1060 1652 1113 hominum.
1772 1085 1780 1092 -

2331 1057 2421 1111 27.
2454 1054 2576 1111 Εἷδε
2605 1058 2812 1123 πάντας
2845 1061 2971 1123 τοὺς
2998 1059 3148 1121 υἱοὺς
3169 1057 3278 1110 τῶν
3307 1056 3634 1128 ἀνθρώπων.

661 1152 753 1207 28.
786 1151 861 1206 De
892 1160 1194 1222 praeparato
1218 1150 1527 1204 habitacqu
1550 1165 1673 1213 suo,

2323 1149 2417 1206 28.
2470 1149 2557 1216 Ἐξ
2594 1151 2811 1220 ἑτοίμου
2841 1150 3261 1221 κατοικητηρίου
3293 1146 3482 1211 αὐτοῦ,

657 1244 751 1298 29.
783 1242 1041 1312 Respexit
1067 1257 1228 1313 super
1262 1256 1454 1297 omnes
1500 1241 1593 1310 qui
1627 1241 1877 1296 habitant
1900 1249 2123 1306 terram,

2325 1240 2415 1295 29.
2451 1241 2772 1312 Ἐπέὸλεψεν
2810 1243 2902 1295 ἐπὶ
2929 1242 3135 1305 πάντας
3167 1242 3294 1304 τοὺς
3323 1237 3727 1300 κατοικοῦντας
3759 1240 3864 1307 τὴν

1488 1382 1491 1395 ,
2261 1326 2385 1395 γῆν.

662 1415 752 1470 50.
784 1415 887 1482 Qui
917 1416 1072 1471 ﬁnxit
1098 1418 1412 1487 singinsttm
1447 1415 1613 1471 corda
1644 1430 1868 1483 eorum;

2329 1414 2417 1469 30.
2467 1416 2524 1470 Ὀ
2551 1415 2757 1479 πλάσας
2787 1417 2929 1471 κατὰ
2961 1416 3127 1487 μόνας
3154 1413 3253 1478 τὰς
3279 1413 3507 1485 καρδίας
3541 1413 3737 1467 αὐτῶν
3758 1429 3772 1442 ’

663 1509 752 1563 51.
779 1507 883 1574 Qui
917 1509 1167 1580 intelligit
1189 1511 1372 1565 omnia
1402 1524 1565 1578 opera
1599 1525 1809 1563 eorum.

2338 1508 2427 1562 51.
2478 1509 2535 1563 Ὀ
2564 1509 2764 1572 συνιεὶς
2795 1511 2875 1573 εἰς
2907 1511 3085 1563 πάντα
3132 1508 3200 1563 τὰ
3230 1507 3367 1578 ἔργα
3397 1506 3599 1559 αὐτῶν.

663 1598 754 1652 52.
785 1597 902 1653 Non
930 1601 1173 1654 salvatur
1204 1616 1298 1655 rex
1328 1615 1423 1669 per
1454 1602 1674 1654 multam
1701 1602 1990 1655 virtutem:

2334 1600 2424 1656 52.
2456 1602 2530 1655 Οὐ
2567 1599 2798 1665 σώζεται
2833 1601 3086 1672 βασιλεὺς
3118 1600 3208 1654 διά
3241 1599 3439 1670 πολλὴν
3485 1597 3747 1669 δύναμιν·

663 1688 753 1743 55.
784 1688 849 1743 Et
872 1689 1023 1758 gigas
1046 1704 1154 1743 non
1182 1689 1481 1743 salvabitur
1502 1689 1557 1743 in
1585 1688 1927 1743 multitudine
1950 1688 2164 1743 virtutis

2325 1692 2413 1747 33.
2457 1692 2564 1745 Καὶ
2615 1692 2776 1762 γίγας
2822 1693 2884 1746 οὑ
2935 1690 3236 1763 σωθήσεται
3295 1691 3354 1743 ἐν
3399 1688 3595 1759 πλήθει
3664 1687 3861 1759 ἰσχύος

596 1792 709 1834 suae
733 1795 747 1831 2

2265 1782 2450 1838 αὑτοῦ.

666 1870 755 1926 54.
787 1868 975 1924 Fallax
1000 1865 1267 1939 equus'ad
1304 1866 1567 1922 salutem:
2194 1882 2241 1941 Β

2194 1882 2241 1941 Β
2337 1870 2425 1924 54.
2460 1871 2675 1941 Ψευδὴς
2704 1872 2869 1933 ἵππος
2895 1873 2973 1933 εἰς
3006 1869 3279 1941 σωτηρίαν
3303 1884 3315 1897 ·

663 1963 818 2017 55.1ιι
836 1961 1168 2016 abundantia
1184 1969 1363 2013 autem
1379 1960 1595 2014 virtutis
1606 1974 1719 2014 suae
1733 1972 1839 2013 non
1856 1960 2167 2015 salvabitur.

2342 1961 2430 2015 35.
2476 1963 2563 2014 Ἐν
2593 1962 2651 2015 δὲ
2676 1961 2867 2033 πλήθει
2889 1960 3172 2031 δυνάμεως
3201 1956 3367 2013 αὑτοῦ
3408 1958 3470 2011 οὐ
3518 1956 3863 2027 σωοήσεται.

666 2054 756 2109 56.
791 2051 928 2108 Ecce
955 2053 1100 2107 oculi
1128 2051 1345 2106 Domini
1378 2066 1542 2122 super
1576 2061 1879 2106 metuentes
1905 2068 2065 2111 eum:

2338 2053 2427 2107 36.
2464 2053 2593 2106 Ἰδοὺ
2610 2054 2658 2107 οἱ
2691 2051 2959 2122 ὀφθαλμοὶ
2986 2052 3190 2123 Κυρίου
3214 2052 3307 2104 ἐπὶ
3331 2051 3455 2115 τοὺς
3482 2049 3868 2120 φοϐουμένους

2268 2144 2427 2198 αὐτόν
2450 2159 2463 2175 ·

668 2229 758 2285 37.
796 2230 1087 2301 Sperantes
1114 2247 1277 2301 super
1307 2232 1681 2289 misericordia
1707 2232 1866 2302 ejus;

2335 2237 2423 2291 37.
2457 2236 2601 2300 Τοὺς
2633 2236 2950 2300 ἐλπίζοντας
2983 2234 3063 2307 [in
3089 2250 3261 2303 marg.
3286 2233 3409 2289 cod.
3446 2230 3738 2303 γράφεται
3770 2230 3873 2285 καὶ

2268 2328 2383 2388 τοῖς
2410 2324 2741 2396 ἐλπίζουσιν]
2769 2326 2861 2379 ἐπὶ
2889 2325 2951 2378 τὸ
2979 2325 3127 2388 ἔλεος
3168 2322 3334 2378 αὐτοῦ
3354 2339 3370 2355 ο

669 2413 757 2469 58.
789 2413 859 2469 Ut
890 2422 1047 2469 eruat
1076 2429 1107 2468 a
1135 2423 1305 2469 morte
1334 2415 1543 2473 animas
1566 2432 1752 2473 eorum
1778 2436 1794 2480 ;

2341 2414 2429 2469 38.
2472 2415 2763 2468 Ῥύσασοαι
2794 2416 2859 2469 ὲκ
2892 2415 3118 2469 θανάτου
3146 2415 3243 2478 τὰς
3266 2411 3445 2485 ψυχὰς
3475 2413 3661 2467 αὐτῶν
3680 2431 3697 2445 ·

666 2504 755 2557 50.
786 2502 854 2558 Et
885 2504 993 2557 alat
1022 2518 1117 2559 eos
1150 2503 1203 2557 in
1236 2502 1399 2560 fame.

2347 2509 2435 2564 39.
2460 2509 2568 2562 Καὶ
2591 2507 2875 2580 διαθρέψαι
2911 2507 3105 2570 αὐτοὺς
3128 2508 3182 2560 ὲν
3211 2506 3375 2577 λιμῷ.

667 2595 755 2650 40.
787 2595 982 2649 Anima
1009 2604 1189 2651 autem
1218 2605 1403 2652 nostra
1438 2598 1667 2653 sustinet
1703 2597 2026 2654 Dominum:

2015 2619 2026 2654 :
2344 2600 2435 2655 40.
2478 2600 2545 2653 Ἢ
2572 2598 2628 2652 δὲ
2656 2598 2800 2670 ψυχὴ
2830 2598 2986 2670 ἡμῶν
3009 2598 3269 2669 ὑπομένει
3295 2596 3374 2667 τῷ
3392 2596 3583 2666 Κυρίῳ
3601 2609 3618 2625 ⁶

667 2686 758 2740 44.
789 2685 1057 2753 Quoniam
1086 2688 1300 2758 adjutor
1324 2698 1377 2743 et
1399 2696 1671 2760 protector
1693 2700 1878 2744 noster
1910 2702 2023 2746 est:

2348 2691 2435 2744 4l.
2470 2691 2593 2743 Ὅτι
2627 2690 2815 2762 βοηθὸς
2850 2691 2945 2743 καὶ
2974 2687 3380 2761 ὑπερασπιστὴς
3414 2686 3570 2757 ἡμῶν
3600 2686 3793 2739 ἐστιν·

670 2778 761 2833 42.
797 2778 933 2844 Quia
962 2779 1015 2833 in
1044 2795 1110 2834 eo
1141 2780 1414 2835 laetabitur
1438 2796 1533 2835 cor
1562 2791 1846 2849 nostrum;

2347 2781 2436 2834 42.
2468 2782 2589 2834 ’Ὁτι
2614 2782 2671 2833 ὲν
2706 2779 2855 2850 αὖτῴ
2882 2777 3316 2851 εὐφρανθήσεται
3344 2777 3378 2841 ἡ
3424 2772 3624 2845 καρδία
3659 2772 3826 2843 ἡμῶν
3850 2788 3866 2803 ο

669 2870 756 2925 45.
791 2869 857 2925 Et
877 2870 933 2924 in
962 2872 1182 2926 nomine
1208 2881 1397 2927 sancto
1427 2873 1546 2942 ejus
1572 2876 1929 2943 Speravimus.

2349 2872 2437 2927 43.
2468 2874 2578 2926 Καὶ
2601 2873 2659 2924 ὲν
2682 2871 2759 2942 τῷ
2790 2872 3010 2942 ὀνόματι
3044 2868 3123 2941 τῷ
3166 2868 3305 2938 ἁγίῳ
3328 2864 3492 2920 αὑτοῦ
3518 2864 3865 2935 ἠλπίσαμεν.

1719 3005 2093 3063 ATUANASH
2134 3004 2716 3061 INTERPRETATIO.

666 3119 758 3175 23.
790 3119 1123 3179 llluminatio
1150 3124 1293 3195 ejus.
2201 3128 2243 3188 (Σ

2201 3128 2243 3188 C
2346 3125 2436 3179 23.
2490 3124 2547 3177 ὐ
2574 3122 2853 3193 φωτισμὸς
2890 3117 3075 3174 αὐτοῦ.

676 3213 769 3268 24.
802 3213 1127 3269 Sanctorum
1150 3224 1362 3287 gentem
1390 3226 1444 3273 et
1456 3215 1716 3288 populum
1741 3215 1861 3285 ejus
1887 3213 2175 3285 signiﬁcat.

2346 3216 2438 3271 24.
2454 3216 2529 3287 (l)
2547 3215 2619 3267 Τὸ
2640 3213 2750 3268 τῶν
2769 3212 2938 3282 ἁγίων
2961 3211 3111 3275 ἔθνος
3131 3207 3225 3262 καὶ
3245 3206 3336 3261 τὸν
3356 3203 3521 3259 αὐτοῦ
3539 3205 3676 3259 λαὸν
3689 3205 3870 3275 λέγει.

676 3304 768 3359 25.
802 3303 1165 3375 Complacuit,
1201 3307 1396 3380 inquit.
1430 3310 1642 3365 salvum
1679 3306 1876 3363 facere.

1694 3306 1876 3363 Tacere.
2343 3304 2435 3361 25.
2473 3305 2747 3376 Εὑδόκησε
2776 3303 2871 3357 τοῦ
2904 3303 3097 3361 σῶσαι.
3127 3300 3297 3370 λέγει.

672 3395 767 3451 26.
799 3395 1025 3468 Semper
1045 3400 1193 3453 enim
1220 3400 1475 3456 homines
1501 3400 1760 3472 respexit.

2346 3397 2439 3453 26.
2478 3397 2589 3450 Ἀεὶ
2619 3394 2729 3468 γὰρ
2751 3393 2944 3447 ἑδλεπε
2970 3394 3098 3455 τοὺς
3127 3389 3465 3463 ἀνθρώπους.

676 3485 768 3551 27,
820 3484 912 3540 29.
955 3486 1188 3545 lntuitus
1237 3498 1322 3546 est
1365 3506 1397 3547 e
1436 3490 1576 3546 calo
1617 3497 1809 3545 sancto
1853 3502 1957 3545 suo
1996 3486 2177 3543 homi-

2348 3489 2536 3547 27—29.
2576 3487 2819 3543 Ἐπείδεν
2849 3487 2915 3540 ὲκ
2958 3482 3052 3539 τοῦ
3095 3482 3323 3555 οὐρανοῦ
3361 3482 3456 3537 τοῦ
3491 3482 3652 3553 ἁγίου
3694 3481 3874 3536 αὐτοῦ

613 3591 744 3632 num
771 3591 975 3648 genus,
1015 3587 1070 3635 et
1104 3578 1186 3636 eis
1217 3580 1476 3639 omnibus
1531 3582 1810 3639 consuluit
1849 3589 2012 3652 atque
2056 3593 2182 3650 pro-

2278 3582 2340 3636 τὸ
2366 3582 2522 3652 γένος
2552 3580 2660 3635 τῶν
2683 3578 3006 3652 ἀνθρώπων.
3030 3577 3127 3632 καὶ
3151 3577 3409 3649 πρόνοιαν
3437 3574 3621 3630 αὐτῶν
3644 3575 3872 3628 πάντων

614 3667 767 3723 vidit.

2281 3673 2597 3741 πεποίηται.

600 3784 611 3797 ο
676 3758 767 3813 50.
799 3757 855 3813 In
880 3756 1172 3829 baptismo.

2351 3764 2439 3819 30.
2487 3762 2578 3815 ’Ev
2598 3759 2677 3832 τῷ
2711 3759 3068 3831 βαπτίσματι.

684 3851 773 3905 51.
807 3848 1011 3905 Gaudet
1040 3858 1300 3921 praeterea
1326 3863 1516 3904 eorum
1542 3848 1816 3919 operibus.

2348 3853 2437 3908 51.
2466 3853 2661 3924 Χαίρει
2687 3852 2761 3923 (2)
2796 3851 2980 3904 λοιπὸν
3008 3852 3067 3904 ὲν
3096 3851 3207 3912 τοῖς
3235 3846 3416 3921 ἔργοις
3444 3844 3646 3899 αὐτῶν.

684 3941 773 3996 32.
806 3939 865 3994 ιη
894 3940 983 3995 die
1002 3939 1221 4010 judicii.

2352 3946 2441 4000 52.
2486 3946 2575 3998 Ἐν
2603 3947 2669 4015 τῇ
2702 3943 2884 4016 ἡμέρᾳ
2903 3943 3003 4015 τῆς
3047 3946 3298 4014 κρίσεως.

682 4032 772 4087 33.
810 4030 970 4089 Salus
996 4048 1027 4087 a
1060 4031 1284 4092 Domino
1328 4040 1385 4086 et
1417 4032 1472 4085 in
1513 4031 1765 4102 priesenti
1806 4040 1860 4087 et
1902 4032 1953 4085 in
2003 4030 2184 4088 futuro

2352 4038 2441 4091 33.
2476 4035 2635 4106 Παρὰ
2663 4035 2866 4107 Κυρίου
2897 4036 2929 4105 ἡ
2962 4035 3205 4105 σωτηρία
3234 4033 3327 4086 καὶ
3353 4032 3411 4084 ὲν
3451 4029 3529 4101 τῷ
3572 4029 3668 4083 νῦν
3705 4030 3868 4084 αἰῶνι

618 4126 817 4182 szeculo
850 4125 1144 4196 unicuique
1173 4125 1351 4180 datur.

2284 4129 2378 4183 καὶ
2406 4131 2461 4181 ὲν
2487 4126 2566 4197 τῷ
2602 4126 2847 4199 μέλλοντι
2883 4127 3098 4195 ἑκάστῳ
3128 4125 3348 4178 δίδοται.

687 4220 777 4275 54.
810 4217 928 4274 Νοιι
952 4228 1132 4273 autem
1158 4226 1212 4273 ut
1240 4218 1294 4273 in
1314 4219 1565 4289 prmsenti
1584 4234 1783 4289 equum
1808 4219 2033 4287 habens,
2058 4226 2185 4275 tunc

2355 4220 2443 4276 54.
2471 4221 2605 4274 Οὐδὲ
2631 4222 2660 4273 ὸ
2687 4221 2849 4282 ἵππος
2876 4219 2953 4289 (5)
3003 4218 3142 4288 ἔχων
3187 4220 3243 4271 ἐν
3274 4216 3349 4288 τῷ
3385 4216 3479 4269 νῦν
3527 4213 3688 4269 αἰῶνι
3743 4216 3868 4270 τότε

620 4309 816 4381 poterit
839 4308 893 4362 in
925 4323 991 4364 eo
1018 4306 1295 4379 aufugere.

2283 4312 2566 4383 δυνήσεται
2603 4313 2660 4365 ὲν
2690 4310 2836 4381 αὐτῷ
2860 4309 3102 4379 φεύγειν.

689 4401 778 4454 55.
807 4397 926 4454 Non
945 4399 1090 4454 enim
1109 4398 1375 4470 cujusque
1396 4399 1634 4469 potentia
1658 4399 1887 4454 salvabit
1906 4414 2029 4454 eum
2054 4409 2184 4453 tem-
2225 4470 2241 4472 _

2357 4404 2445 4457 55.
2474 4404 2547 4457 Οὐ
2578 4401 2687 4471 γὰρ
2713 4404 2747 4472 ἡ
2780 4401 3065 4457 δυναστ;ία
3096 4400 3323 4453 ἑκάστου
3353 4396 3512 4463 σώζει
3782 4396 3870 4449 a5-

620 4506 748 4562 pore
774 4490 987 4562 judicii.
2218 4472 2223 4526 Ῑ

2218 4470 2263 4526 D
2288 4496 2378 4547 τὸν
2412 4497 2469 4548 ὲν
2494 4494 2570 4565 τῷ
2594 4470 2783 4565 καιρῷ
2811 4494 2911 4564 τῆς
2937 4492 3189 4564 κρίσεως.

689 4580 781 4649 50,
808 4582 898 4637 37.
934 4580 1235 4637 Delectatur
1266 4576 1411 4633 enim
1444 4576 1782 4648 subjectione
1804 4588 1858 4633 et
1880 4593 1995 4649 spe,
2022 4594 2185 4650 quam

2354 4584 2443 4650 36,
2471 4585 2560 4640 37.
2605 4585 2827 4656 Ἐρᾶται
2856 4585 2947 4637 ἐπὶ
2976 4586 3044 4654 τῇ
3073 4582 3317 4653 ὑποταγῇ
3344 4579 3439 4635 καὶ
3467 4582 3535 4651 τῇ
3561 4579 3768 4647 ἑλπίδι,
3800 4583 3866 4652 ἢν

618 4677 675 4732 in
703 4691 771 4731 eo
800 4675 1020 4731 habent.

2286 4678 2496 4749 ἔχουσιν
2526 4678 2605 4741 είς
2629 4676 2806 4730 αὐτόν.

693 4766 780 4823 58.
810 4766 857 4820 Δ
880 4775 1057 4820 morte
1084 4771 1305 4819 ωιεΐιηι-
2354 4768 2442 4824 58.
2475 4768 2583 4822 Τοῦ
2612 4753 2832 4823 αίωνίου
2864 4767 3118 4822 θανάτου.

683 4859 774 4916 59.
804 4856 923 4914 Non
968 4856 1166 4912 famem
1202 4851 1359 4924 panis
1396 4850 1693 4924 signiﬁcat,
1726 4853 1820 4909 sed
1862 4851 2059 4908 famem
2084 4870 2177 4909 au-

2360 4861 2448 4915 39.
2491 4860 2565 4914 Οὺ
2599 4859 2747 4929 λέγει
2772 4859 2929 4931 λιμὸν
2954 4860 3143 4931 ἄρτου,
3177 4857 3315 4913 ἀλλὰ
3334 4856 3488 4928 λιμὸν
3506 4856 3603 4910 τοῦ
3632 4858 3863 4912 ἀκοῦσαι

620 4951 803 5009 diendi
830 4949 1056 5007 verbum
1091 4947 1324 5005 Domini.

1217 4947 1324 5002 nini.
2290 4956 2442 5025 λόγον
2486 4955 2693 5027 Κυρίου
2724 4954 2820 5025 (4).

690 5046 780 5103 40.
809 5046 1004 5103 Anima
1025 5051 1211 5100 nostra
1228 5049 1507 5114 exspectat
1526 5055 1739 5111 semper
1754 5038 2179 5096 misericordiam

2348 5046 2446 5101 40.
2486 5047 2551 5100 Ἦ
2580 5046 2729 5118 ψυχὴ
2763 5046 2922 5116 ἡμῶν
2948 5044 3234 5119 περιμένει
3271 5043 3498 5098 πάντοτε
3521 5043 3585 5097 τὺ
3613 5045 3749 5115 παρ’
3771 5043 3863 5098 αὐ-

622 5139 800 5197 σικεο.

2288 5134 2383 5189 τοῦ
2416 5135 2576 5200 ἕλεος.

684 5230 773 5284 41.
804 5226 1071 5295 Quoniam
1099 5226 1213 5297 ipse
1237 5240 1451 5295 semper
1476 5240 1622 5280 cum
1656 5240 1758 5280 nos
1791 5224 1972 5279 habet.

2359 5226 2448 5280 41.
2483 5227 2606 5281 Ὅτι
2638 5224 2799 5291 αὐτὸς
2825 5226 2912 5279 ἀεὶ
2943 5225 3199 5298 φροντίδα
3218 5224 3375 5296 ἡμῶν
3411 5226 3666 5278 ποιεῖται.

692 5322 783 5378 42.
809 5319 1151 5375 lnhabitante
1184 5318 1301 5388 ipso
1326 5319 1381 5373 in
1408 5318 1584 5374 nobis.

2359 5318 2450 5372 42.
2477 5318 2957 5388 Κατασκηνοῦντος
2985 5315 3148 5369 αὑτοῦ
3182 5319 3240 5370 ἐν
3270 5318 3422 5389 ἡμῖν.

682 5415 777 5471 45.
809 5411 1077 5480 Quoniam
1108 5420 1301 5483 potens
1320 5419 1403 5467 est
1425 5410 1633 5468 salvare
1656 5426 1776 5467 nos.

1656 5426 1776 5467 nos.
2364 5410 2451 5465 43.
2480 5410 2600 5463 Ὀτι
2624 5408 2845 5463 δύναται
2872 5409 3041 5461 σῶσαι
3070 5410 3236 5480 ἡμᾶς.

1580 5528 1886 5597 Addenda
1923 5535 1984 5589 et
2020 5526 2395 5603 corrigenda
2427 5544 2505 5587 ex
2534 5524 2676 5586 cod.
2708 5524 2913 5586 Vatic.

706 5633 784 5703 (ί)
809 5633 881 5687 Τὸ
919 5633 1043 5697 τῶν,
1072 5642 1200 5697 etc.,
1239 5630 1405 5703 λέγει.
1435 5632 1497 5689 Ν.
1529 5633 1619 5701 26,
1652 5634 1740 5689 27.
1786 5632 1894 5687 ’Διὶ
1919 5637 2044 5703 γάρ.
2081 5642 2183 5687 etc.

1239 5630 1405 5703 λέγει.
1435 5632 1497 5689 Ν.
1529 5633 1619 5701 26,
1652 5634 1740 5689 27.
1786 5632 1894 5687 ’Διὶ
1919 5637 2044 5703 γάρ.
2081 5642 2183 5687 etc.
2369 5630 2444 5703 (5)
2468 5630 2599 5703 Οὐδὲ
2640 5630 2820 5703 ἵππον.

640 5699 926 5771 [$128.29.
970 5704 1208 5758 Ἐπείδεν
1240 5699 1326 5758 ἐκ.
1352 5715 1455 5761 etc.
1607 5699 1613 5701 4
1932 5699 1938 5701 V
1996 5699 2005 5703 ’
2374 5700 2448 5771 (4)
2484 5702 2650 5769 Λόγον
2680 5699 2832 5754 Θεοῦ.

711 5770 790 5847 (2)
818 5774 1006 5847 Χαίρει
1042 5774 1147 5846 γάρ
1167 5814 1181 5841 ,
1213 5786 1316 5831 etc.
