4060 6442
636 342 735 394 771

1473 343 1531 398 S.
1573 344 1938 400 ATlIANASll
1971 343 2122 399 OPP.
2163 342 2343 397 PARS
2382 342 2470 396 ΙΙΙ.
2509 375 2573 384 -
2607 343 3017 400 EXEGETICA.

3764 352 3865 406 772

700 456 785 510 15.
816 450 1300 510 Castrame'tabitur
1348 458 1571 526 angelus
1613 461 1824 515 Domini
1859 462 1914 514 in
1964 460 2195 516 circuitu
2225 466 2272 523 Α
2369 459 2453 511 15.

2369 459 2453 511 15.
2482 458 2827 527 Παρεμϐαλεῖ
2855 458 3081 525 ἄγγελος
3107 459 3309 529 Κυρίου
3340 459 3521 530 κύκλῳ
3546 461 3654 514 τῶν
3679 463 3848 532 φοϐοῦ

636 543 944 600 timentium
976 561 1119 610 eum,
1151 556 1203 601 et
1230 547 1421 616 eripiet
1450 563 1563 604 eos.

711 635 796 690 14.
830 636 1050 691 Gustate
1099 646 1154 692 et
1201 638 1401 706 videte,
1452 642 1708 709 quoniam
1759 644 1943 701 suavis
1988 653 2072 701 est
2101 643 2207 700 Do-

640 743 863 782 minus:

713 817 798 871 15.
833 815 1030 870 Beatus
1059 815 1161 882 vir,
1187 816 1280 885 qui
1308 827 1487 885 sperat
1517 818 1569 870 in
1598 833 1684 872 eo.

705 909 793 962 16.
828 906 1033 961 Timete
1063 906 1375 973 Dominum,
1411 923 1599 964 omnes
1628 911 1798 965 sancti
1824 911 1984 980 ejus:

708 998 797 1051 17.
833 997 1099 1063 Quoniam
1129 1012 1235 1050 non
1270 1006 1352 1052 est
1389 1000 1571 1068 inOpia
1597 1002 1920 1057 timentibus
1950 1017 2103 1057 eum.

713 1091 802 1142 l8.
836 1089 1040 1144 Divites
1072 1101 1338 1158 eguerunt
1372 1098 1425 1144 et
1455 1093 1765 1146 esurierunt
1797 1112 1810 1146 :

709 1183 800 1236 19.
836 1181 1179 1251 lnquircnles
1208 1192 1390 1238 autem
1429 1181 1717 1238 Dominum
1758 1200 1863 1239 non
1893 1185 2204 1240 minuentur

632 1274 786 1326 omni
820 1274 984 1327 bono.

705 1363 796 1418 20.
831 1361 1039 1431 Venite,
1070 1363 1186 1428 ﬁlii,
1214 1363 1397 1417 audite
1425 1378 1510 1422 me
1535 1381 1548 1416 :

709 1458 799 1511 21.
838 1456 1112 1512 Timorem
1151 1458 1362 1511 Domini
1397 1457 1601 1512 docebo
1629 1471 1748 1513 vos.

701 1546 792 1600 22.
828 1545 961 1612 Quis
989 1555 1071 1601 est
1098 1548 1262 1600 homo
1296 1546 1385 1615 qui
1427 1547 1545 1601 vult
1574 1547 1738 1600 vitam
1761 1587 1777 1613 ,

705 1637 795 1690 25.
833 1635 1073 1706 Diligens
1102 1637 1219 1691 dies
1249 1637 1432 1690 videre
1456 1637 1673 1691 honos?

701 1728 791 1783 24.
829 1727 1061 1783 Prohibe
1091 1728 1331 1798 linguam
1370 1737 1514 1781 tuam
1544 1744 1574 1782 a
1613 1729 1756 1783 malo
1785 1746 1800 1783 :

697 1821 788 1876 25.
824 1820 890 1876 Et
912 1822 1055 1876 labia
1084 1831 1176 1876 tua
1202 1837 1268 1877 ne
1300 1824 1593 1893 loquantur
1622 1823 1828 1877 dolum.

699 1911 792 1966 26.
826 1910 1042 1966 Diverte
1071 1927 1101 1966 a
1136 1912 1303 1976 malo,
1328 1923 1381 1967 et
1411 1911 1497 1966 fac
1525 1913 1727 1966 bonum
1760 1931 1773 1966 :

699 2005 789 2058 27.
830 2003 1045 2074 lnquire
1079 2020 1287 2074 pacem,
1319 2012 1370 2059 et
1399 2020 1721 2075 persequere
1750 2019 1891 2058 eam.

697 2093 788 2147 28.
826 2091 982 2147 Oculi
1012 2091 1306 2164 [Quoniam
1342 2092 1508 2163 oculi]
1542 2092 1753 2146 Domini
1783 2109 1945 2163 super
1973 2092 2188 2164 justos;

695 2183 786 2238 29.
832 2182 895 2237 Et
926 2199 1083 2238 aures
1114 2184 1232 2253 ejus
1258 2185 1310 2237 in
1340 2199 1526 2253 preces
1556 2199 1766 2238 eorum.

697 2269 787 2324 50.
830 2268 1019 2325 Vultus
1049 2281 1227 2325 autem
1264 2271 1477 2325 Domini
1523 2288 1683 2342 super
1713 2273 1972 2329 facientes
2004 2275 2186 2337 mala;

695 2364 786 2417 51.
823 2362 892 2418 Ut
913 2366 1099 2434 perdat
1126 2366 1191 2418 de
1221 2374 1364 2419 terra
1401 2367 1715 2419 memoriam
1749 2382 1958 2420 eorum.

690 2452 781 2506 52.
811 2451 1196 2508 Clamaverunt
1222 2453 1379 2524 justi,
1409 2465 1463 2509 et
1488 2454 1748 2510 Dominus
1771 2458 2047 2512 exaudivit
2068 2473 2185 2523 eos,

2311 546 2481 618 μένων
2508 548 2687 608 αὐτὸν,
2716 548 2808 600 καὶ
2835 548 3053 618 ῥύσεται
3079 549 3296 612 αὐτούς,

2379 637 2462 693 14.
2496 638 2765 691 Γεύσασθε
2799 639 2891 691 καὶ
2925 639 3081 704 ἴδετε,
3112 642 3192 693 ὅτι
3226 642 3458 711 χρηστός
3483 646 3510 696 ὁ
3535 644 3742 714 Κύριος
3762 662 3775 674 °

2375 795 2460 850 15.
2496 796 2777 865 Μακάριος
2805 796 2960 867 ἀνὴρ,
2989 797 3047 859 ὃς
3075 797 3280 861 ἐλπίζει
3314 799 3400 851 ἐπ’
3433 802 3614 856 αὐτόν.

2377 888 2460 941 16.
2485 887 2756 958 Φοϐήθητε
2786 889 2874 940 τὸν
2899 887 3098 958 Κύριον
3124 890 3320 952 πάντες
3341 892 3388 942 οἱ
3419 891 3561 958 ἅγιοι
3593 893 3760 945 αὑτοῦ
3780 910 3794 922 ’

2373 980 2457 1032 17.
2475 981 2594 1031 Ὅτι
2611 981 2709 1031 οὐκ
2730 980 2871 1032 ἔστιν
2889 981 3168 1052 ὑστέρημα
3185 985 3293 1044 τοῖς
3311 982 3662 1053 φοϐουμένοις
3682 984 3865 1038 αὐτόν.

2379 1069 2460 1123 18.
2504 1069 2750 1122 Πλούσιοι
2781 1069 3126 1140 ὲπτὼχευσαν
3166 1073 3255 1124 καὶ
3282 1074 3569 1126 ἐπείνασαν
3589 1091 3604 1104 ·

2371 1161 2456 1216 19.
2499 1162 2558 1212 Οἱ
2590 1161 2646 1212 δὲ
2676 1161 3028 1231 ἑκζητοῦντες
3061 1164 3150 1215 τὸν
3185 1163 3384 1237 Κύριον
3427 1161 3526 1219 οῦκ
3563 1165 3868 1235 ἐλαττωθή-

2298 1265 2479 1304 σῡνται
2515 1249 2711 1311 παντὸς
2739 1249 2961 1317 ἀγαθοῦ.

2369 1341 2457 1395 20.
2498 1341 2682 1406 Δεῦτε,
2715 1342 2900 1406 τέκνα,
2940 1343 3208 1396 ἀκούσατὲ
3249 1363 3383 1416 μουο

2363 1432 2452 1486 21.
2491 1432 2656 1485 Φόϐον
2685 1433 2888 1505 Κυρίου
2922 1435 3116 1502 διδάξω
3150 1437 3311 1507 ὑμᾶς.

2364 1523 2453 1577 22.
2495 1525 2590 1587 Τίς
2623 1527 2765 1577 ἐστιν
2795 1526 3076 1595 ἄνθρωπος
3100 1530 3127 1580 ὁ
3161 1529 3331 1582 θέλων
3362 1531 3526 1602 ζωὴν,

2322 1601 2328 1605 ’
2362 1614 2450 1667 25.
2483 1615 2734 1682 ’Λγαπῶν
2765 1616 2977 1687 ἡμέρας
3011 1619 3138 1672 [δεῖν
3169 1619 3417 1688 ἀγαθάς;

2364 1705 2453 1759 21».
2495 1707 2705 1759 Παῦσον
2737 1707 2832 1778 τὴν
2861 1708 3108 1776 γλῶσσάν
3140 1729 3231 1764 σου
3266 1713 3374 1765 ἀπὸ
3407 1713 3576 1768 κακοῦ
3601 1732 3613 1744 ·

2361 1797 2451 1852 25.
2494 1799 2600 1851 Καὶ
2634 1799 2783 1871 χείλη
2815 1820 2904 1855 σου
2932 1803 3024 1856 τοῦ
3059 1805 3132 1874 μὴ
3158 1803 3384 1876 λαλῆσαι
3417 1807 3586 1861 δόλον.

2368 1889 2454 1942 26.
2475 1891 2756 1943 Ἐκκλινον
2789 1894 2898 1946 ἀπὸ
2921 1895 3112 1958 κακοῦ,
3144 1897 3238 1948 καὶ
3267 1897 3487 1967 ποίησον
3519 1899 3720 1968 ἀγαθόν
3739 1916 3756 1931 ·

2365 1981 2452 2034 27.
2494 1983 2736 2053 Ζήτησον
2763 1986 3002 2058 εἰρήνην,
3035 1989 3128 2041 καὶ
3154 1987 3339 2053 δίωξον
3365 1991 3555 2060 αὑτήν.

2367 2071 2454 2126 28.
2481 2073 2776 2144 Ὀφθαλμοὶ
2806 2075 2908 2146 (ὅτι
2941 2078 3228 2151 ὀφθαλμοὶ]
3261 2082 3463 2152 Κυρίου
3487 2084 3580 2136 ἐπὶ
3598 2084 3861 2148 δικαίους·

2363 2162 2450 2217 29.
2492 2165 2600 2217 Καὶ
2631 2161 2744 2219 ὦτα
2772 2167 2934 2220 αὑτοῦ
2963 2171 3041 2232 είς
3071 2171 3251 2241 δέησιν
3281 2173 3480 2228 αὐτῶν.

2361 2253 2448 2307 50.
2487 2256 2781 2326 Πρόσωπον
2815 2259 2872 2310 δὲ
2903 2261 3108 2332 Κυρίου
3139 2263 3231 2314 ἐπὶ
3257 2264 3542 2330 ποιοῦντας
3570 2267 3752 2321 κακά’

2360 2342 2449 2396 51.
2491 2345 2595 2397 Τοῦ
2621 2348 2993 2420 ὲξολοθρεῦσαι
3016 2355 3078 2406 ὲκ
3099 2354 3201 2424 γῆς
3221 2355 3281 2407 τὸ
3299 2359 3636 2426 μνημόσυνον
3656 2359 3857 2414 αὐτῶν.

2361 2434 2450 2488 52.
2478 2435 2809 2508 Ἐκέκραξαν
2838 2441 2886 2493 οί
2911 2441 3128 2511 δίκαιοι,
3155 2446 3249 2500 καὶ
3273 2447 3301 2498 ὁ
3323 2447 3522 2518 Κύριος
3543 2450 3861 2520 εἰσήκουσεν

2291 2525 2492 2593 αὐτῶν,

1742 2654 2116 2713 ATHANASII
2154 2659 2738 2725 ΙΝΤΕΒΡΒΕΤΑΤΙΟ.

688 2762 776 2817 15.
808 2761 880 2818 Ut
910 2777 1072 2832 super
1102 2765 1278 2821 tribus
1307 2767 1489 2838 pueris
1515 2769 1566 2824 in
1603 2773 1817 2828 camino
1846 2775 2008 2846 ignis.

698 2935 783 2989 14.
815 2936 1124 2994 lmmortaie
1149 2939 1374 3007 donum,
1399 2943 1552 2999 dicit.

688 3025 775 3079 15.
806 3025 962 3092 Quod
983 3030 1125 3081 enim
1145 3034 1374 3099 quisque
1396 3034 1463 3086 ab
1487 3050 1551 3089 eo
1570 3039 2027 3106 speratobtinere,
2057 3041 2188 3097 illud

619 3116 872 3185 accipiet,
901 3128 957 3170 et
982 3119 1215 3188 amplius
1241 3123 1488 3192 accipiet.

690 3208 775 3260 16.
805 3207 906 3273 Qui
936 3209 1078 3263 enim
1105 3213 1275 3266 sancti
1303 3229 1421 3267 esse
1455 3217 1639 3279 vultis,
1676 3218 1863 3274 timete
1891 3235 2043 3274 eum.

689 3299 776 3351 17.
817 3298 1084 3363 Quoniam
1136 3302 1343 3356 nullum
1400 3306 1603 3359 bonum
1659 3308 1814 3363 deest
1867 3310 2186 3367 timentibus

619 3403 770 3443 eum.

691 3479 778 3533 18.
821 3479 1206 3539 Deficientibus
1231 3485 1452 3551 divitiis,
1490 3487 1545 3540 in
1585 3489 1783 3557 quibus
1809 3501 2181 3559 speraverunt.

615 3567 839 3639 Proprie
867 3582 1047 3626 autem
1078 3573 1389 3630 Judazorum
1422 3579 1681 3646 populum
1718 3580 2010 3650 signiﬁcat.

689 3661 776 3714 19.
812 3661 1018 3717 Divitiae
1050 3666 1191 3719 enim
1221 3682 1408 3722 eorum
1461 3679 1588 3723 sunt
1638 3670 1920 3734 Dominus,
1953 3673 2047 3742 qui
2081 3675 2152 3728 bo

615 3767 719 3804 nus
752 3762 804 3806 et
845 3754 1158 3812 indeliciens
1191 3767 1308 3826 est,
1358 3759 1411 3813 in
1440 3761 1595 3830 cujus
1626 3779 1789 3817 manu
1816 3765 1999 3819 omnia
2025 3778 2178 3833 sunt;

615 3841 728 3911 ipse
754 3846 895 3898 enim
925 3862 984 3899 ea
1017 3847 1165 3903 fecit.

683 3933 872 3988 20-25.
912 3936 1236 3995 Desiderans
1267 3949 1466 3996 aeterne
1507 3943 1719 4011 vivere,
1767 3952 1822 4000 et
1849 3945 1966 4002 dies
2007 3946 2179 4002 inter—

613 4024 901 4079 minabilcs
939 4044 1189 4097 quaerens
1219 4032 1420 4087 videre.

685 4116 774 4169 24.
810 4120 853 4169 Α
878 4136 978 4172 con
988 4122 1143 4176 vicio.

679 4207 769 4263 25.
810 4207 1040 4263 Prohibe
1065 4227 1093 4263 a
1126 4213 1427 4268 mendacio.

680 4299 770 4352 26.
806 4301 887 4352 ΑΙ»
921 4303 1066 4354 omni
1093 4314 1334 4371 peccato.

678 4390 767 4442 27.
807 4390 1121 4457 Dominum,
1147 4407 1195 4448 el
1227 4410 1455 4463 sequere
1484 4411 1627 4450 eum.

679 4481 779 4545 28,
812 4483 900 4538 29.
939 4483 1148 4540 Gaudet
1178 4486 1365 4541 videns
1399 4502 1492 4541 eos
1525 4498 1743 4559 propter
1766 4506 1926 4560 opera
1958 4507 2169 4560 eorum,

605 4582 658 4627 et
689 4575 984 4629 delectatur
1036 4579 1264 4632 audiens
1317 4579 1749 4648 deprecationem
1777 4599 1964 4638 eorum
1992 4627 2006 4651 ,
2034 4601 2171 4655 quo-

608 4666 776 4728 niam,
808 4683 926 4734 qua:
952 4668 1144 4736 placita
1174 4673 1222 4724 ei
1250 4682 1396 4738 sunt,
1424 4676 1491 4727 ab
1520 4691 1584 4728 eo
1612 4685 1818 4742 petunt.

679 4754 766 4806 50.
806 4753 1064 4810 Irascitur
1095 4768 1309 4825 autem,
1355 4771 1518 4830 atque
1561 4763 1874 4833 indignatur
1903 4756 2066 4835 super
2093 4765 2173 4821 fa—

605 4845 809 4899 cientes
841 4847 1001 4899 mala.

674 4935 761 4988 51.
790 4935 855 4989 Et
890 4953 955 4991 ex
987 4938 1088 4991 hac
1119 4946 1260 4991 terra
1295 4944 1349 4991 et
1372 4932 1573 4992 futura.

679 5026 765 5082 52.
797 5028 949 5082 Sicut
975 5030 1029 5084 in
1062 5037 1374 5098 tempestate
1416 5032 1582 5085 maris
1621 5032 1870 5103 discipuli
1911 5038 2167 5094 clamave-

2359 2787 2447 2843 15.
2502 2789 2588 2853 Ὠς
2608 2789 2700 2844 ἐπὶ
2727 2790 2834 2845 τῶν
2855 2792 3022 2863 τριῶν
3043 2795 3248 2850 παίδων
3274 2795 3371 2868 τὴν
3398 2795 3471 2867 (1)
3510 2795 3740 2868 κάμινον
3763 2796 3861 2852 τοῦ

2289 2878 2482 2949 πυρός.

2214 2948 2257 3005 C
2362 2948 2446 3022 η.
2485 2971 2596 3039 Τῆς
2617 2972 2881 3027 ἀθανάτου
2916 2974 3153 3045 δωρεᾶς,
3180 2974 3347 3042 λέγει.

2358 3058 2444 3112 15.
2476 3061 2540 3113 Ὃ
2574 3060 2682 3132 γάρ
2703 3080 2784 3125 τις
2816 3062 3024 3127 ἐλπίζει
3057 3064 3388 3134 κομίσασθαι
3419 3064 3494 3135 (2)
3527 3066 3622 3118 ἀπ’
3665 3066 3858 3133 αὑτοῦ,

2285 3150 2443 3204 τοῦτο
2468 3151 2696 3221 λήψεται
2714 3193 2730 3219 ,
2765 3155 2859 3206 καὶ
2886 3157 3269 3226 περισσότερον
3301 3157 3548 3228 λήψεται.

2358 3241 2446 3296 16.
2480 3242 2630 3295 Ὅσοι
2664 3245 2807 3313 ἅγιοι
2841 3244 3022 3299 θέλετε
3056 3243 3214 3314 εἶναι,
3249 3251 3497 3318 φοϐεῖσθε
3525 3254 3710 3309 αὐτόν.

2356 3332 2443 3387 17.
2460 3332 2582 3385 Ὀτι
2599 3333 2746 3388 οὐδὲν
2763 3336 2964 3400 ἀγαθὸν
2980 3337 3154 3392 λείπει
3169 3343 3280 3402 τοῖς
3298 3341 3648 3411 φοϐουμένοις
3669 3346 3856 3402 αὐτόν.

2356 3513 2442 3567 18.
2469 3514 2845 3585 Ἐκλείψαντος
2871 3515 2965 3568 τοῦ
2996 3518 3224 3572 πλούτου
3257 3521 3354 3587 (5),
3390 3515 3534 3590 ὲφ’ᾧ
3561 3523 3852 3594 ὲπεποίθη-

2286 3620 2402 3659 σαν.
2434 3607 2648 3677 Κυρίως
2675 3607 2751 3676 (4)
2783 3607 2838 3660 δὲ
2863 3607 2952 3661 τὸν
2979 3609 3085 3660 τῶν
3121 3610 3388 3664 Ἰουδαίων
3421 3614 3553 3682 φησὶ
3584 3613 3734 3668 λαόν.

2355 3695 2440 3750 19.
2475 3697 2529 3749 Ὀ
2556 3696 2663 3767 γὰρ
2693 3696 2916 3760 πλοῦτος
2951 3699 3129 3753 αὐτῶν
3157 3701 3359 3772 Κύριός
3401 3705 3566 3766 ἐστιν,
3595 3706 3623 3757 ὁ
3652 3705 3856 3772 ἀγαθὸς

2281 3789 2372 3839 καὶ
2405 3788 2749 3850 ἀνέκλειπτος
2783 3789 2879 3858 (5),
2914 3781 2974 3841 οὗ
3006 3791 3064 3843 ὲν
3091 3794 3156 3861 τῇ
3187 3793 3328 3864 χειρὶ
3364 3794 3433 3847 τὰ
3460 3796 3634 3849 πάντα
3667 3797 3813 3851 ἐστίν
3834 3814 3853 3829 °

2280 3879 2441 3943 αὐτὸς
2469 3881 2576 3950 γὰρ
2610 3880 2863 3950 ἐποίησεν
2891 3881 3049 3935 αὑτά.

2349 3967 2538 4023 20-25.
2570 3969 2646 4039 (6)
2683 3971 2736 4022 Ὀ
2787 3972 2844 4022 ὲν
2885 3972 3148 4044 ἐπιθυμίᾳ
3182 3973 3319 4044 ἔχων
3368 3975 3555 4039 ἀῖδίως
3599 3977 3719 4049 ζῇν,
3755 3979 3854 4032 καὶ

2281 4060 2375 4123 τὰς
2403 4061 2613 4131 ἡμέρας
2641 4061 2738 4123 τὰς
2765 4061 3151 4133 ἁτελευτήτους
3187 4065 3364 4135 ζητῶν
3401 4068 3549 4122 ιδεῖν.

2343 4146 2432 4198 24.
2453 4148 2582 4198 Ἀπὸ
2610 4147 2893 4218 λοιδορίας.

2348 4237 2439 4290 25.
2472 4237 2726 4290 Κὼλυσον
2758 4240 2832 4309 (7)
2857 4242 2963 4294 ἀπὸ
2983 4242 3230 4311 ψεύδους.

2350 4327 2438 4380 26.
2460 4328 2589 4379 Ἀπὸ
2618 4329 2795 4398 πάσης
2825 4331 3118 4400 ἁμαρτίας.

2348 4417 2436 4470 27.
2474 4417 2573 4470 Τὸν
2609 4419 2829 4490 Κύριον,
2859 4423 2949 4473 καὶ
2979 4422 3258 4476 ἀκολούθει
3288 4423 3456 4496 αὐτῷ.

2349 4509 2438 4570 28,
2473 4510 2559 4563 29.
2597 4511 2792 4579 Χαίρει
2829 4511 2970 4584 ὁρῶν
3009 4515 3204 4576 αὐτοὺς
3242 4516 3330 4568 διὰ
3371 4519 3438 4569 τὰ
3479 4518 3613 4587 ἔργα
3644 4521 3846 4585 αὐτῶν,

2279 4603 2370 4652 καὶ
2392 4603 2648 4671 τέρπεται
2680 4604 2894 4657 ἀκούων
2927 4606 3025 4674 τῆς
3050 4608 3285 4677 δεήσεως
3307 4609 3502 4672 αὐτῶν,
3521 4611 3601 4664 ὄτι
3627 4613 3694 4664 τὰ
3715 4615 3848 4685 ἀρε-

2280 4693 2378 4743 στὰ
2406 4692 2551 4761 αὐτῷ
2582 4695 2854 4747 αἰτοῦνται
2890 4700 3018 4767 παρ’
3051 4698 3143 4750 τοῦ
3183 4701 3278 4769 (8).

2347 4781 2433 4834 50.
2471 4783 2745 4850 Θυμοῦται
2768 4787 2846 4850 δὲ,
2869 4790 2962 4840 καὶ
2993 4789 3268 4859 ὀργίζεται
3300 4793 3388 4844 ἐπὶ
3412 4795 3536 4858 τοὺς
3559 4798 3850 4862 ποιοῦντας

2275 4875 2438 4927 κακά.

2345 4966 2433 5018 51.
2472 4968 2578 5019 Καὶ
2611 4972 2673 5022 ἐκ
2700 4970 2900 5042 ταύτης
2916 4973 3008 5042 τῆς
3045 4974 3145 5043 γῆς
3169 4978 3261 5028 καὶ
3289 4977 3388 5046 τῆς
3418 4977 3737 5051 μελλούσης.

2342 5059 2429 5112 52.
2467 5061 2730 5133 Καθάπερ
2758 5066 2814 5116 ἐν
2855 5065 2932 5136 τῷ
2958 5067 3182 5121 κλύδωνι
3217 5071 3314 5138 τῆς
3345 5071 3619 5142 θαλάσσης
3655 5078 3704 5127 οἱ
3743 5094 3846 5146 μα-

605 5125 727 5171 runt
756 5126 809 5173 et
844 5133 912 5174 ex
940 5119 1088 5174 omni
1111 5130 1245 5173 aestu
1273 5118 1509 5174 animam
1542 5137 1571 5174 a
1606 5137 1833 5193 corpore
1858 5140 2164 5196 separatam
2273 5149 2451 5220 θηταιι,

2274 5149 2451 5220 θηταὶ,
2511 5155 2603 5206 xai.
2656 5118 2718 5208 εκ
2756 5118 2955 5222 παντδς
2995 5158 3090 5212 τοῦ
3134 5118 3400 5226 κλύδωνος
3437 5118 3616 5236 φυκί’(ιί
3652 5118 3844 5238 arbitr-a-

1545 5285 1850 5352 Addenda
1879 5299 1940 5352 et
1975 5298 2346 5375 corrigenda
2387 5323 2465 5365 ex
2500 5308 2641 5368 cod.
2676 5311 2878 5370 Vatic.

2341 5444 2412 5514 (6)
2436 5445 2619 5532 Ν..2ί).,
2649 5449 2738 5532 21.
2761 5452 2822 5502 Οί
2840 5452 3295 5532 ’ἐρχρμςνοιξπὶὶ
3308 5459 3367 5532 τὸ
3394 5459 3722 5532 διδαχθῆναι,
3756 5465 3845 5518 ἐλ-

2266 5515 2408 5577 θετε,
2441 5517 2534 5569 καὶ
2586 5515 2991 5576 ἀκούσατέ.’Ν.’
3015 5525 3104 5589 22,
3136 5527 3223 5580 25.
3257 5531 3351 5594 Τίς
3381 5515 3841 5605 ιστιᾷἀέμορὡέός

2264 5586 2293 5634 ὁ
2316 5588 2371 5636 ἐν
2404 5587 2684 5652 ἐπιθυμία,
2720 5602 2824 5644 etc.

2339 5656 2412 5732 (ῖς)
2453 5659 2558 5732 Καὶ
2587 5656 2655 5732 τὰ
2686 5662 2837 5732 χείλη
2863 5681 2954 5717 σου
2985 5665 3241 5725 κὼλυσον.

2337 5727 2409 5794 (8)
2449 5728 2640 5782 Αὐτοῦ.

674 5422 751 5560 (1)
785 5425 878 5488 Εἰς
906 5427 1025 5496 τήν.

780 5495 1122 5571 Κομίσασθαι
1144 5495 1342 5564 ἀγαθὸν
1368 5499 1494 5569 παρ’
1520 5500 1701 5565 αὑτοῦ,
1727 5502 1868 5560 οὕτω
1911 5515 2020 5571 (ξων

673 5565 748 5631 (5)
787 5565 972 5617 Αὐτῶν
1006 5567 1096 5619 πλ.

673 5631 748 5707 (1})
776 5636 1007 5707 λΚυρίῳς
1034 5647 1084 5689 et
1118 5639 1320 5707 reliqua
1352 5640 1544 5696 desunt
1580 5643 1631 5696 in
1665 5645 1782 5700 cod.

674 5705 748 5771 (5)
775 5704 1140 5775 ’Λνεκλειπής,
1168 5704 1268 5762 etc.
