4060 6460
223 395 326 450 775
1099 393 1186 446 DE
1223 391 1497 448 TITULIS
1537 391 1979 448 PSALMORL‘M.
2018 393 2300 447 —-PSAL.
2347 394 2579 449 XXXIV.
3359 401 3458 452 ττι

289 510 382 562 55.
431 509 539 560 Καὶ
586 510 648 560 ἐκ
693 506 880 560 πασῶν
904 506 1010 559 τῶν
1046 507 1273 576 θλὲψεων
1308 505 1486 559 αὐτῶν
1519 505 1791 575 ἐρρύσατο
1819 516 1860 570 Α

1851 537 1860 570 ι
1960 506 2047 560 55.
2086 505 2148 559 Ει
2180 522 2245 559 ex
2278 506 2531 560 omnibus
2562 505 3002 558 tribulationibus
3033 520 3222 558 eorum
3254 507 3454 561 libera-

217 601 437 663 αὐτούς.

1893 599 1966 650 vit
1994 613 2106 652 eos.

287 689 375 742 54.
409 690 604 758 Ἐγγὺς
633 690 832 760 Κύριος
859 692 966 752 τοῖς
1009 687 1484 758 συντετριμμένοις
1520 686 1620 756 τὴν
1651 703 1787 755 καρ-

1960 691 2048 744 54.
2083 690 2241 745 Juxta
2279 691 2540 746 Dominus
2587 691 2653 746 iis
2695 691 2788 760 qui
2826 692 3080 746 tribulato
3110 693 3452 747 suntcorde:

214 781 332 832 δίαν
359 779 447 850 [τῇ
479 782 724 852 καρδίᾳξ,

285 872 376 923 55.
421 872 532 923 Καὶ
565 873 689 934 τοὺς
721 872 1005 934 ταπεινοὺς
1035 871 1111 941 τῷ
1146 870 1414 940 πνεύματι
1448 871 1630 924 σώσει.

1310 889 1414 924 ιατι
1448 871 1630 924 σώσει.
1954 873 2043 927 55.
2083 872 2148 925 Ει
2177 872 2411 927 humiles
2440 872 2634 941 spiritu
2666 872 2913 927 salvabit.

283 960 373 1013 56.
417 962 612 1014 Πολλαὶ
645 964 701 1015 αἱ
736 963 939 1030 θλίψεις
971 964 1079 1015 τῶν
1115 964 1357 1027 δικαίων,

1957 966 2045 1020 56.
2087 966 2268 1020 Multa:
2286 966 2664 1020 tribulationes
2693 966 2960 1034 iustorum
2980 1004 2994 1026 .

283 1055 373 1108 57.
418 1057 524 1108 Kal.
542 1057 602 1106 ἐκ
621 1055 809 1107 πασῶν
833 1056 1009 1108 αὐτῶν
1036 1056 1256 1125 ῥύσεται
1286 1057 1480 1118 αὐτοὺς
1506 1057 1532 1106 ὁ
1556 1055 1777 1126 Κύριος.

1741 1072 1777 1118 ς.
1951 1058 2040 1111 57.
2075 1058 2141 1111 Et
2166 1075 2229 1111 ex
2263 1058 2517 1112 omnibus
2541 1058 2627 1111 his
2663 1057 2910 1110 liberabit
2935 1072 3029 1110 eos
3064 1057 3344 1112 Dominus.

281 1146 370 1199 58.
412 1146 674 1198 Φυλάσσει
707 1148 908 1218 Κύριος
939 1148 1112 1200 πάντα
1145 1146 1214 1198 τὰ
1244 1147 1378 1199 ὀστᾶ.
1412 1147 1585 1199 αὐτῶν
1606 1164 1618 1175 ·

1606 1164 1618 1175 ·
1951 1150 2040 1202 58.
2071 1149 2318 1202 Custodit
2351 1147 2609 1201 Dominus
2632 1148 2814 1201 omnia
2845 1163 2970 1202 ossa
3006 1162 3195 1201 eorum

282 1239 370 1294 59.
397 1240 488 1291 Ἓν
519 1239 578 1302 ἐξ
605 1240 784 1292 αὐτῶν
817 1241 874 1291 οὐ
915 1241 1354 1310 συντριϐήσεται.

1951 1242 2038 1295 59.
2075 1241 2252 1294 Unum
2282 1256 2344 1294 ex
2377 1240 2462 1294 his
2491 1256 2600 1294 non
2632 1249 2957 1295 conteretur.

282 1330 373 1383 40.
414 1330 650 1394 Θάνατος
681 1330 1013 1401 ἁμαρτωλῶν
1039 1330 1273 1401 πονηρός
1293 1346 1304 1357 ·

1947 1332 2037 1385 40.
2072 1331 2216 1384 Mors
2252 1341 2595 1400 peccatorum
2630 1331 2862 1400 pessima
2899 1349 2911 1383 :

278 1422 368 1474 41.
407 1423 512 1474 Καὶ
536 1423 584 1473 οἱ
617 1421 892 1492 μισοῦντες
915 1421 1004 1474 τὸν
1032 1422 1239 1474 δίκαιον
1270 1420 1735 1491 πλημμελήσουσι.

1539 1421 1735 1491 ήσουσι.
1948 1426 2037 1479 Μ.
2079 1422 2146 1476 Et
2173 1422 2264 1492 qui
2292 1421 2523 1476 oderunt
2551 1421 2778 1490 justum,
2811 1421 3142 1490 delinquent.

275 1514 368 1569 42.
410 1513 755 1583 Λυτρώσεται
783 1513 984 1583 Κύριος
1010 1513 1185 1584 ψυχὰς
1211 1512 1409 1565 δούλων
1443 1512 1608 1566 αὑτοῦ
1631 1529 1645 1542 ο

1947 1517 2036 1570 42.
2071 1515 2320 1570 liedimet
2350 1514 2612 1570 Dominus
2635 1516 2847 1570 animas
2869 1531 3149 1570 servorum
3175 1529 3399 1569 suorum
3427 1533 3440 1579 ;

275 1607 367 1659 45.
410 1607 516 1660 Καὶ
542 1606 600 1658 οὗ
635 1605 709 1676 μὴ
739 1604 1169 1676 πλημμελήσωσι
1209 1605 1406 1668 πάντες
1449 1607 1495 1658 οἱ
1528 1604 1772 1668 ἐλπίζον-

1944 1610 2033 1664 45.
2072 1610 2136 1664 Et
2158 1624 2265 1662 non
2293 1607 2606 1678 delinquent
2639 1621 2855 1671 omnes,
2887 1607 2981 1676 qui
3022 1617 3242 1676 sperant
3271 1609 3324 1662 in
3351 1623 3442 1662 eo.

203 1710 294 1758 τες
322 1696 406 1747 ἐπ’
438 1695 617 1748 αὐτόν.

520 1807 764 1877 Ψαλμὸς
795 1807 873 1873 τῷ
903 1807 1096 1862 Δαϐίδ.
1140 1810 1311 1861 ΨΑΛ.
1336 1806 1460 1860 ΛΔ⁹.
1805 1855 1856 1916 B

1805 1855 1856 1916 Β
2145 1807 2395 1861 Psalmus
2426 1805 2618 1861 David.
2659 1805 2862 1863 PSAL.
2900 1797 3167 1863 XXXIV.

277 1925 329 1976 1.
370 1923 619 1989 Δίκασον,
649 1923 840 1996 Κύριε,
868 1925 993 1986 τοὺς
1018 1922 1334 1986 ἀδικοῦντάς
1367 1940 1435 1993 με
1455 1939 1468 1951 ’

1367 1940 1435 1993 με
1455 1939 1468 1951 -
1955 1917 2005 1973 l.
2037 1917 2251 1982 Judica,
2276 1917 2522 1981 Domine,
2557 1926 2812 1972 nocentes
2839 1933 2923 1972 me
2957 1936 2969 1971 :

270 2017 326 2070 2.
364 2015 674 2086 Πολέμησον
703 2017 828 2079 τοὺς
852 2015 1218 2086 πολεμοῦντας
1252 2032 1318 2086 με
1339 2031 1353 2045 ο

1254 2032 1318 2086 με
1339 2031 1353 2045 ·
1949 2010 2003 2063 2.
2041 2009 2298 2080 Expugna
2331 2009 2707 2078 impugnantes
2735 2025 2818 2062 me
2845 2027 2857 2062 :

267 2109 325 2164 5.
357 2107 645 2162 Ἐπιλαϐοῦ
697 2109 859 2162 ὅπλου
896 2110 990 2163 καὶ
1023 2106 1237 2180 θυρεοῦ,
1273 2108 1366 2160 καὶ
1397 2104 1656 2175 ἀνάστηθι
1691 2104 1772 2167 εἰς

1947 2101 1999 2154 5.
2039 2099 2395 2169 Apprehende
2439 2113 2592 2154 arma
2619 2107 2671 2153 ct
2708 2105 2924 2153 scutum
2949 2139 2963 2164 ,
3019 2106 3073 2152 et
3118 2111 3346 2167 exsurge
3381 2096 3438 2151 in

195 2200 300 2271 τὴν
335 2200 587 2272 βοήθειάν
617 2217 738 2272 μου.

1874 2192 2202 2262 adjutorium
2232 2207 2431 2249 meum.

1331 2371 1704 2428 ATHA‘NASII
1745 2367 2330 2426 INTERPRETATIO.

195 2558 287 2603 τος
309 2536 702 2610 χωριζομένην,
727 2537 819 2589 καὶ
851 2535 927 2608 (1)
964 2533 1210 2604 βοώντων
1246 2534 1380 2604 πρὸς
1420 2533 1582 2586 αὑτὸν
1619 2532 1771 2602 εἰσήο

1870 2528 2133 2589 liberavit,
2179 2535 2233 2580 et
2268 2523 2564 2580 clamantes
2594 2521 2663 2578 ad
2699 2535 2826 2578 eum
2858 2517 3155 2585 exaudivit,
3201 2527 3256 2574 et
3293 2531 3438 2574 nunc

196 2648 387 2695 κουσε,
423 2628 806 2683 καὶείσακούει
840 2628 1039 2681 αὐτῶν.

635 2628 806 2683 ικούει
840 2628 1039 2681 αὐτῶν.
1870 2619 2091 2674 exaudit
2124 2631 2238 2671 eos.

265 2724 356 2776 55.
393 2722 512 2775 Τῶν
543 2721 862 2791 πειρασμῶν
897 2720 990 2773 τοῦ
1021 2718 1242 2791 ἐχθροῦ.

1178 2718 1242 2772 δῦ.
1941 2710 2030 2763 55.
2059 2709 2104 2762 Α
2131 2706 2524 2762 tentationihus
2553 2704 2781 2762 inimici.

267 2816 358 2871 54.
394 2817 518 2878 Τοῖς
556 2813 756 2886 πραέσι
785 2812 883 2884 (2).

708 2831 756 2867 σι
785 2812 883 2884 (2).
1942 2801 2031 2854 δι.
2065 2800 2306 2855 Milibus.

266 2907 358 2961 55.
393 2908 530 2970 Τοὺς
563 2905 987 2976 ταπεινόφρονας
1017 2904 1116 2974 (5),
1138 2904 1308 2971 λέγει,
1352 2901 1536 2966 σώσει,
1561 2901 1621 2954 οὑ
1645 2901 1770 2965 τοὺς

1941 2894 2028 2948 55.
2063 2892 2137 2947 De
2172 2908 2230 2946 se
2263 2891 2538 2947 humiliter
2580 2891 2876 2945 sentientes
2915 2890 3168 2956 salvabit,
3223 2888 3431 2959 inquit;

193 2997 631 3065 ταπεινολόγους,
661 2997 756 3049 καὶ
780 2997 1268 3065 ταπεινοσχὴμους.

1871 3001 1980 3039 non
2007 2984 2209 3048 verbis,
2241 2993 2294 3038 et
2316 2986 2496 3054 specie
2525 2993 2682 3038 tenus
2709 2982 2961 3038 humiles.

265 3090 355 3143 56.
375 3091 461 3142 Ἐν
489 3088 566 3159 τῷ
593 3089 781 3158 κόσμῳ
813 3088 1004 3156 τούτῳ.

911 3105 1004 3156 τῳ.
1937 3078 2026 3132 56.
2059 3077 2116 3132 In
2146 3077 2250 3131 hoc
2289 3075 2514 3132 mundo.

264 3181 355 3235 57.
392 3180 489 3233 Δια
524 3181 633 3251 γὰρ
662 3179 820 3232 αὑτὸν
847 3179 1052 3247 θλίψεις
1087 3177 1465 3247 ὑπομένουσιν.

1937 3167 2025 3220 57.
2060 3167 2191 3220 Nam
2223 3175 2442 3236 propter
2464 3182 2588 3221 eum
2620 3165 2996 3220 tribulationes
3023 3164 3323 3235 patiuntur.

274 3272 365 3326 58.
400 3273 509 3341 Τὴν
548 3273 699 3340 ἰσχὺν
729 3272 826 3340 τῆς
855 3270 932 3341 (4)
961 3269 1140 3340 ψυχῆς
1166 3271 1364 3325 αὐτῶν.
1789 3279 1834 3341 c

1304 3287 1364 3325 ω,
1789 3279 1834 3341 c
1934 3255 2021 3310 58,
2062 3255 2454 3319 Fortitudinem
2482 3256 2674 3308 animae
2698 3271 2907 3309 eorum.

260 3364 355 3417 59.
376 3364 462 3414 Ἐν
484 3362 656 3416 οὐδενὶ
671 3361 817 3415 ἐάσει
835 3361 1104 3432 φθαρῆναι
1123 3361 1318 3424 αὐτοὺς
1336 3361 1439 3414 ὑπὸ
1462 3360 1756 3431 ἁμαρτίας.

1685 3378 1756 3423 ις,
1936 3345 2024 3398 59.
2056 3343 2374 3398 Nullatenus
2398 3342 2542 3397 siuet
2567 3343 2838 3412 corrumpi
2859 3357 2956 3398 eos
2985 3357 3015 3395 a
3045 3351 3288 3412 peccato.

260 3447 354 3503 4ο.
373 3449 434 3501 Ἠ
470 3450 732 3520 ἁμαρτία.

1936 3433 2024 3487 40.
2051 3432 2357 3488 Peccatum.

265 3541 356 3595 41.
388 3542 495 3594 Καὶ
526 3543 574 3594 οἱ
603 3542 882 3611 μισοῦντες
906 3542 996 3595 τὸν
1017 3543 1149 3596 Θεὸν
1171 3543 1264 3596 καὶ
1285 3544 1408 3607 τοὺς
1432 3543 1596 3596 αὐτοῦ
1620 3542 1762 3614 [60'5-

1937 3529 2024 3582 41.
2061 3527 2124 3580 Ει
2155 3528 2245 3598 qui
2278 3526 2405 3582 odio
2455 3526 2657 3581 habent
2708 3524 2876 3581 Deum
2930 3535 2983 3580 et
3039 3541 3228 3582 servos
3271 3525 3426 3596 ejus,

191 3633 342 3706 λους]
366 3635 584 3704 άμαρτή
595 3652 684 3685 σου
693 3651 796 3687 σιν.
1867 3621 2187 3691 ρεορειδυηι.

262 3726 352 3780 42.
374 3726 505 3779 Ἀπὸ
541 3725 722 3798 πάσης
746 3725 1040 3798 ἁμαρτίας.

971 3743 1040 3790 ις,
1934 3711 2021 3764 42.
2058 3711 2139 3763 Ab
2168 3708 2313 3762 omni
2336 3719 2574 3777 peccato.

260 3815 349 3869 45.
382 3817 489 3868 Καὶ
517 3816 574 3869 οῦ
608 3817 682 3888 μὴ
731 3818 1015 3889 ἁμάρτωσι
1055 3817 1131 3890 (5)
1179 3817 1378 3882 πάντες
1421 3819 1469 3872 οἱ
1519 3816 1762 3883 ἐλπίζον-

1935 3800 2025 3856 45.
2061 3799 2124 3856 Et
2148 3815 2256 3856 non
2284 3801 2587 3871 peccabunt
2622 3813 2836 3866 omnes,
2863 3798 2957 3871 qui
2995 3808 3220 3872 sperant
3251 3801 3305 3855 in
3336 3815 3423 3857 eo.

187 3920 281 3970 τες
316 3908 401 3959 ἐπ’
428 3908 612 3961 αὐτόν.

269 4020 333 4073 'H
395 4022 726 4093 προκειμένη
778 4023 1056 4094 ἐπιγραφὴ
1112 4025 1385 4094 περιέχει·
1443 4023 1684 4092 Ψαλμὸς
1728 4021 1808 4087 τῷ
1846 4020 2042 4075 Δαϐίδ.
2085 4018 2254 4071 Τοῦτο
2290 4013 2383 4072 οῦν
2421 4018 2588 4088 λέγει,
2615 4021 2750 4072 ὅτιὸ
2779 4020 2990 4091 ψαλμὸς
3027 4015 3182 4085 οὗτος
3211 4023 3286 4093 τῷ
3319 4023 3428 4096 Υἱῷ

187 4111 284 4165 τοῦ
309 4112 466 4166 Θεοῦ.
483 4113 541 4164 '0
569 4114 674 4182 γὰρ
701 4114 861 4166 Δαϐὶδ
889 4116 980 4166 καὶ
1003 4116 1099 4186 τὴν
1129 4115 1401 4183 ἐκδίκησιν
1431 4115 1650 4185 ἐποίησε
1689 4113 1796 4167 τῶν
1820 4112 2176 4184 άρπαγέντων
2203 4111 2510 4182 προϐάτων,
2547 4112 2642 4166 καὶ
2668 4110 2808 4181 ὑπὲρ
2831 4112 2924 4165 τοῦ
2952 4111 3080 4165 λαοῦ
3111 4113 3427 4184 πολεμήσας

188 4206 289 4275 τὴν
322 4203 476 4272 νίκην
503 4203 790 4274 πεποίηται
826 4206 1068 4270 πατάξας
1094 4209 1182 4260 τὸν
1209 4209 1603 4280 Γο).ιάθ.”υπερ
1641 4208 1967 4279 εὑρίσκομεν
1993 4207 2356 4277 γεγενημένον
2381 4206 2484 4259 ὑπὸ
2512 4205 2605 4258 τοῦ
2639 4205 2766 4258 Υῑοῦ
2787 4221 2800 4235 '
2835 4206 2916 4259 ὅτι
2951 4205 3043 4259 καὶ
3074 4206 3172 4278 τὴν
3207 4206 3425 4278 ἐκδίκη-

191 4311 277 4347 σιν
299 4295 519 4365 ἐποίησε
549 4296 653 4347 τῶν
679 4297 1164 4368 καταπονουμένων
1197 4299 1300 4350 ὑπὸ
1329 4299 1434 4351 τῶν
1465 4299 1718 4352 ἐναντίων
1742 4299 2041 4368 δυνάμεων,
2079 4298 2172 4352 καὶ
2213 4297 2526 4368 πολεμήσας
2563 4299 2653 4350 καὶ
2684 4297 3006 4351 καταϐαλὼν
3037 4298 3127 4352 τὸν
3162 4298 3422 4365 διάϐολον,

188 4387 344 4456 νίκην
367 4387 661 4460 δεδώρηται
694 4388 770 4458 τῷ
803 4389 945 4457 γένει
970 4391 1140 4461 ἡμῶν.
1162 4391 1358 4461 Ἀληθῆ
1391 4391 1445 4443 δὲ
1477 4391 1649 4444 ταῦτά
1679 4408 1759 4443 σοι
1789 4391 2112 4460 παρίστησιν
2140 4381 2293 4452 οὗτος
2316 4392 2343 4442 ὁ
2369 4389 2578 4460 eam;
2605 4389 2776 4453 οὕτως

260 4482 474 4538 Titulus
501 4485 820 4552 praepositus
844 4488 1083 4541 continet
1116 4506 1128 4568 ξ
1158 4488 1399 4541 Psalmus
1437 4486 1621 4540 David.
1668 4485 1780 4542 Hoc
1838 4498 2016 4541 autem
2067 4487 2356 4557 signiﬁcat,
2383 4487 2528 4556 quod
2565 4487 2806 4556 psalmus
2849 4488 2948 4543 iste
2999 4490 3064 4544 ad
3101 4489 3194 4546 Dei
3218 4491 3415 4549 Filium

188 4572 440 4640 pertinet.
479 4570 642 4626 David
674 4572 818 4626 enim
852 4583 904 4627 et
933 4590 1114 4645 raptas
1143 4592 1269 4631 oves
1298 4577 1606 4641 vindicavit,
1639 4586 1691 4630 et
1726 4592 1822 4646 pro
1853 4577 2049 4645 populo
2082 4593 2350 4647 pugnans,
2385 4593 2643 4646 percusso
2678 4578 2917 4644 Goliatb,
2955 4581 3239 4637 victoriam
3275 4586 3420 4639 obti-

189 4669 322 4722 nuit.
360 4665 517 4738 Quod
551 4669 854 4724 invenimus
885 4686 914 4724 a
943 4670 1034 4726 Dei
1064 4671 1199 4726 Filio
1227 4671 1427 4726 factum
1454 4688 1575 4728 esse
1605 4690 1618 4725 :
1652 4675 1908 4742 quoniam
1937 4682 1989 4727 et
2015 4675 2082 4728 ab
2122 4675 2449 4730 adversariis
2477 4677 2833 4745 potestatibus
2863 4693 3156 4747 oppressos
3180 4682 3421 4738 vindica-

185 4765 280 4824 vit,
311 4772 384 4824 et,
422 4763 553 4816 inita
584 4779 783 4833 pugna,
813 4774 1195 4838 prostratoque
1225 4768 1466 4833 diabolo,
1499 4771 1782 4824 victoriam
1814 4769 2038 4825 donavit
2066 4771 2249 4841 generi
2295 4771 2556 4826 humano.
2583 4772 2691 4829 Has
2720 4785 2898 4830 autem
2932 4778 3184 4834 veritates
3213 4780 3310 4834 tibi
3345 4782 3416 4835 ita

185 4860 402 4914 exhibet
432 4860 521 4914 hic
543 4861 804 4930 psalmus.

256 4952 438 5006 1.“Οτι
471 4953 676 5018 δίκαιος
701 4951 751 5007 εἴ
778 4956 988 5027 κριτής.
1783 4964 1826 5019 D

1783 4964 1826 5019 D
1927 4961 1977 5014 1.
2015 4960 2282 5026 Quoniam
2306 4963 2490 5031 justus
2516 4981 2576 5020 es
2600 4966 2785 5036 judex.

255 5041 309 5096 2.
343 5043 455 5106 Τάς
490 5043 745 5114 δυνάμεις
771 5044 865 5097 τοῦ
893 5044 1106 5116 ἐχθροῦ.

969 5044 1106 5116 5ροῦ.
1907 5054 1977 5108 .2.
2014 5053 2314 5110 Potestates
2349 5057 2572 5113 inimici.

255 5136 306 5190 5.
341 5133 446 5188 Τοῦ
480 5137 712 5207 σταυροῦ
745 5153 860 5203 σου,
892 5137 1059 5206 λέγει,
1092 5137 1185 5191 καὶ
1211 5139 1310 5210 τῆς
1341 5139 1571 5204 πίστεώς
1591 5160 1706 5196 σου.

1341 5139 1571 5204 πίστεώς
1591 5160 1706 5196 σου.
1918 5145 1969 5198 5.
2000 5147 2190 5204 Crucis
2219 5159 2342 5212 tum,
2373 5151 2568 5222 inquit,
2589 5163 2643 5208 et
2661 5154 2780 5208 lidei
2808 5163 2928 5212 tuae.

1132 5278 1439 5342 Addenda
1469 5289 1529 5344 et
1563 5285 1937 5366 corrigenda
1977 5306 2054 5350 ex
2084 5291 2226 5352 cod.
2262 5291 2464 5354 Vatic.

247 5420 328 5512 ςὲ)
366 5421 573 5512 ραντδς
604 5421 658 5474 δὲ
714 5423 978 5488 κλύδωνος
1006 5423 1181 5496 ψυχῆς
1213 5425 1307 5476 καὶ
1346 5427 1751 5498 χειμαζομένων
1864 5435 2006 5512 Λ(6)
2031 5436 2195 5512 Ἦῄδιὰ
2214 5437 2313 5504 τῆς
2337 5438 2704 5512 κξνναϐᾉάρεως
2721 5443 2959 5512 περιέχει
2980 5459 2993 5472 ·
3011 5442 3088 5512 τῷ
3105 5443 3283 5510 Δαϐίδ,
3306 5457 3411 5506 etc.

247 5462 328 5489 κη’
370 5462 570 5484 ·”’·”νν
606 5462 658 5474 νυ
717 5462 976 5488 ”’“ννυυ’ν»
1008 5462 1178 5496 γυιων
1216 5462 1307 5476 ἠδ’
1347 5462 1750 5498 Αεθμιιξυμῧνων
1898 5462 2006 5522 τιν]
2048 5462 2195 5490 Ποία
2214 5462 2312 5504 της
2337 5462 2704 5509 κινναυαρεως
2721 5462 3040 5512 περιεχει·τ
3105 5462 3283 5510 Δαοιο,
3306 5462 3411 5506 etc.

179 5503 571 5586 παξᾷλιεξςοᾼυΔ
1854 5507 2019 5586 Ουιτος
2057 5509 2298 5586 εἴρηται.
2319 5507 2395 5586 τῇ)
2435 5510 2552 5586 Ἰζῐρ
2576 5511 2668 5586 τοῦ
2703 5512 2856 5586 Θεοῦ,
2891 5524 3000 5586 etc.
3044 5462 3415 5586 ιίέεγενημένον

838 5653 930 5658 ῃ-
1853 5577 1944 5658 καὶ
2114 5563 2205 5628 τοῦ
2241 5564 2486 5658 Tim-{705
2517 5563 3413 5658 Dspﬁaérnetc.

369 5634 948 5726 Ξαπεινοφρογοῦντας.
1083 5709 1108 5718 ~
1845 5647 1964 5726 '3on
1985 5648 2216 5726 πόλεμον
2252 5649 2324 5715 τῷ
2359 5652 2504 5714 γένει
2538 5634 3000 5726 τῶνάνθρώπων,
3033 5656 3170 5722 λέγω
3213 5634 3274 5726 δῖὴ
3298 5634 3411 5711 ’τΞῦ

354 5703 553 5796 ,ξῙεῖσεῑν
573 5709 682 5790 ,τὴν
710 5711 858 5777 ἰσχὺν
882 5707 1024 5774 λέγει
1048 5709 1166 5776 τῆς,
1199 5719 1303 5766 CIC.
1844 5703 2240 5796 διάϐολον,’ριρ.
2261 5703 2454 5791 Ἀληθῆ
2485 5721 2730 5778 δὲταῦτα
2757 5703 2866 5780 οΙῖον
2897 5703 3219 5796 παρίστῆσιν
3249 5703 3408 5792 άὺτδς

252 5772 327 5842 (5)
354 5772 795 5845 Ἀμαρτήπουσιν.
953 5772 960 5774 ⁷
1104 5772 1112 5776 ⁷
1843 5789 1870 5838 ὁ
1901 5807 1932 5857 φ
1949 5772 2115 5858 αλμὸς
2149 5789 2334 5852 οὕτως.
