4060 6428
638 349 741 401 775
1474 342 1530 397 S.
1570 339 1941 394 ATHANASII
1980 339 2129 395 OPP.
2173 338 2353 394 PARS
2389 338 2477 394 Ill.
2509 370 2578 380 —
2608 336 3016 393 EXEGETICA.
3769 336 3867 389 776

707 462 760 515 4.
794 458 1022 514 Eil'unde
1074 458 1355 521 frameam,
1399 472 1451 512 et
1485 455 1750 512 conclude
1796 458 2058 512 adversus
2101 472 2195 512 eos
2227 464 2273 519 Α

2366 455 2663 524 4.Ἕκχεον
2698 452 2991 523 ῥομφαίαν,
3040 449 3133 503 καὶ
3183 449 3504 517 σύγκλεισυν
3564 447 3875 513 ἐξεναντίας

634 553 725 620 qui
759 560 1157 621 persequuntur
1190 563 1295 603 me.

2308 545 2415 598 τῶν
2439 542 2881 598 καταδιωκόντων
2914 558 2999 611 με.

709 642 761 698 5.
797 644 890 699 Dic
926 643 1121 698 animae
1151 660 1283 697 Inth
1309 661 1321 695 :
1348 640 1508 698 Salus
1538 650 1627 697 tua
1652 656 1752 710 ego
1775 655 1918 696 sum.

2380 638 2435 693 5.
2469 632 2634 689 Εῐπον
2657 636 2724 705 τῇ
2755 633 2899 703 ψυχῇ
2937 649 3037 702 μου
3058 649 3069 662 -
3102 629 3349 701 Σωτηρία
3382 628 3471 682 σού
3500 629 3613 698 είμι
3639 625 3776 696 ἐγώ.

710 734 762 788 6.
802 732 1217 790 Coufundautur
1262 742 1315 788 et
1351 741 1699 787 revereantur
1742 740 2048 802 quaerentes
2080 728 2201 783 ani-

2382 729 2435 783 6.
2469 726 2921 798 Δίσχυνθήτωσαν
2954 724 3047 777 καὶ
3069 723 3489 794 ἑντραπήτωσαν
3511 721 3559 773 oi
3590 717 3876 788 ζητοῦντες

641 842 785 881 niam
818 842 991 882 meam
1000 866 1015 879 .

2308 820 2406 892 τὴν
2430 819 2605 891 ψυχήν
2643 836 2765 890 μου.

709 918 763 972 7.
798 917 1126 971 Avertantur
1160 926 1456 973 retrorsum
1500 922 1557 970 et
1599 912 2004 970 confundantur
2051 910 2201 982 cogi-

2383 913 2433 965 7.
2466 913 2994 984 Ἀποστραφήτωσαν
3016 914 3096 976 είς
3114 911 3179 965 τὰ
3204 911 3399 976 ὀπίσω,
3429 910 3523 965 καὶ
3554 926 3883 979 καταισχυν-

642 1017 819 1063 tantes
847 1007 979 1061 mihi
1010 1007 1171 1063 mala.

2310 1004 2559 1076 θήτωσαν
2588 1007 2637 1058 oi
2676 1004 3010 1076 λογιζόμενοί
3051 1021 3140 1074 μοι
3171 1004 3336 1057 κακά.

710 1098 764 1152 8.
806 1097 965 1152 Fiant
992 1107 1253 1168 tanquam
1286 1095 1464 1167 pulvis
1497 1103 1623 1151 ante
1652 1093 1845 1149 faciem
1877 1091 2058 1149 venti:

2378 1096 2430 1150 8.
2450 1095 2840 1168 Γενηθήτωσαν
2868 1096 3001 1150 ώσεὶ
3016 1096 3172 1166 χνοῦς
3189 1096 3326 1149 κατὰ
3345 1093 3630 1167 πρόσωπον
3647 1093 3851 1165 ἀνέμου
3865 1106 3880 1122 ·

711 1190 762 1244 9.
801 1188 867 1243 Et
894 1190 1118 1260 angelus
1152 1188 1366 1243 Domini
1396 1195 1681 1241 coarctans
1707 1200 1822 1239 eos.

2376 1186 2428 1241 9.
2465 1187 2574 1241 Kal.
2602 1187 2831 1256 ἄγγελος
2864 1186 3069 1258 Κυρίου
3101 1186 3365 1240 ὲκθλίὸων
3394 1185 3589 1249 αὐτούς

709 1279 794 1333 10.
832 1278 952 1334 Fiat
978 1281 1063 1335 via
1095 1281 1312 1335 illorum
1343 1278 1576 1333 tenebrae
1604 1286 1659 1332 et
1690 1276 1960 1331 lubricum
1989 1292 2003 1329 :

2382 1278 2465 1331 10.
2507 1278 2794 1349 Γενηθήτω
2817 1280 2849 1349 ἠ
2870 1278 2987 1342 ὁδὸς
3020 1278 3199 1332 αὐτῶν
3237 1279 3426 1344 σκότος
3458 1278 3551 1331 καὶ
3576 1275 3848 1346 ὀλίσθημα
3867 1290 3882 1306 ·

710 1372 797 1427 11.
830 1371 897 1426 Et
924 1374 1148 1443 angelus
1186 1371 1401 1425 Domini
1434 1384 1768 1442 persequens
1800 1383 1918 1423 eos.

2381 1367 2467 1421 11.
2508 1368 2617 1421 Kal.
2647 1368 2875 1436 ἄγγελος
2905 1368 3111 1439 Κυρίου
3146 1366 3496 1421 καταδιώκων
3522 1363 3738 1427 αὐτούς.

710 1462 797 1516 12.
838 1463 1107 1529 Quoniam
1132 1465 1302 1535 gratis
1320 1463 1731 1519 absconderunt
1759 1460 1893 1515 mihi
1921 1457 2201 1513 interitum

2382 1455 2466 1509 12.
2483 1456 2604 1510 Ὀτι
2621 1456 2828 1528 δωρεὰν
2853 1456 3092 1528 ἔκρυψαν
3118 1474 3206 1527 μοι
3228 1456 3521 1528 διαφθορὰν
3542 1454 3765 1524 παγίδος
3783 1452 3887 1507 αὐ-

640 1551 817 1621 laquei
847 1552 931 1607 sui
959 1571 973 1607 :
2310 1543 2436 1597 τῶν.

713 1644 798 1697 15.
838 1644 1186 1714 Supervacue
1222 1644 1688 1714 exprobraverunt
1727 1641 1963 1697 animam
2006 1652 2201 1693 meam.

1894 1655 1963 1693 tm
2006 1652 2201 1693 meam.
2382 1635 2470 1689 15.
2509 1634 2701 1704 Μάτην
2727 1635 3005 1689 ώνείδισαν
3038 1635 3133 1706 τὴν
3165 1636 3343 1706 ψυχήν
3375 1652 3497 1705 μου.

708 1732 796 1786 14.
830 1731 1021 1787 Veniat
1051 1734 1127 1788 illi
1155 1734 1405 1804 laqueus,
1437 1748 1599 1803 quem
1625 1732 1840 1802 ignorat
1874 1748 1889 1785 :

2380 1727 2468 1782 14.
2499 1727 2726 1781 Ἐλθέτω
2762 1727 2909 1799 αὐτῷ
2936 1730 3119 1796 παγὶς,
3145 1728 3211 1798 ἣν
3240 1728 3301 1780 οὐ
3327 1726 3584 1796 γινώσκει
3602 1742 3617 1757 '

711 1824 797 1879 15.
834 1823 899 1878 Et
912 1826 1110 1895 captio,
1140 1840 1302 1895 quam
1318 1825 1620 1890 abscondit,
1647 1822 2016 1895 apprehendat
2034 1834 2193 1875 eum:
2227 1824 2271 1878 Β

2179 1838 2193 1874 :
2227 1824 2271 1878 Β
2370 1816 2456 1871 15.
2497 1817 2606 1870 Kal
2633 1819 2666 1887 ή
2697 1816 2861 1889 θήρα,
2890 1818 2955 1888 ἡν
2988 1816 3212 1887 ἔκρυψε,
3233 1814 3541 1868 συλλαϐέτω
3568 1810 3732 1865 αὐτόν
3754 1828 3767 1841 ·

710 1915 794 1969 16.
825 1914 890 1970 ΕΙ.
913 1916 967 1971 iu
993 1916 1243 1986 laqueum
1274 1918 1430 1973 cadat
1462 1919 1517 1972 in
1549 1918 1751 1987 ipsum.

2369 1906 2453 1964 16.
2494 1909 2605 1962 Kal.
2642 1909 2700 1961 ὲν
2726 1912 2792 1979 τῇ
2829 1908 3015 1976 παγίδι
3047 1908 3291 1960 πεσεῖται
3324 1908 3381 1959 ἑν
3418 1906 3576 1975 αὐτῇ.

710 2006 796 2059 17.
825 2004 1018 2060 Anima
1049 2017 1229 2061 autem
1258 2022 1377 2063 mea
1404 2006 1698 2063 exsultabit
1728 2005 1785 2060 in
1819 2002 2087 2059 Domino:

2371 1998 2459 2053 17.
2489 1998 2555 2052 Ἦ
2577 1998 2634 2052 δὲ
2663 1998 2808 2069 ψυχή
2839 2015 2938 2069 μου
2975 1996 3363 2065 ἁγαλλιάσεται
3390 1994 3484 2048 ἐπὶ
3506 1994 3583 2064 τῷ
3613 1991 3841 2064 Κυρίῳο

707 2097 792 2151 18.
828 2097 892 2151 Et
917 2098 1269 2154 delectabitur
1294 2115 1455 2169 super
1482 2100 1709 2155 salutari
1746 2112 1871 2153 suo.

2372 2089 2461 2144 18.
2502 2089 2875 2163 Τερφθήσεται
2904 2090 2995 2144 ἐπὶ
3027 2088 3104 2159 τῷ
3135 2087 3386 2159 σωτηρίῳ
3412 2086 3593 2140 αὑτοῦ.

713 2186 798 2241 19.
844 2186 1040 2243 Omnia
1081 2204 1209 2244 ossa
1249 2204 1371 2245 mea
1413 2190 1632 2245 dicent:
1658 2187 1907 2253 Domine,
1948 2183 2195 2249 Domine,

2373 2180 2460 2236 19.
2499 2182 2685 2236 Πάντα
2714 2181 2783 2235 τὰ
2813 2182 2944 2235 ὀστᾶ
2969 2198 3067 2251 μου
3101 2178 3317 2252 ἐροῦσι·
3348 2178 3539 2249 Κύριε.
3577 2176 3768 2249 Κύριε,
3794 2174 3884 2239 τίς

639 2280 763 2348 quis
790 2279 985 2335 similis
1024 2281 1119 2334 tibi
1150 2281 1173 2333 2

1035 2281 1119 2334 tibi
1150 2281 1173 2333 2
2304 2274 2487 2345 ὅμοιός
2518 2291 2600 2327 σοι
2624 2291 2638 2339 ;

712 2369 800 2424 20.
829 2368 1078 2441 Eripiens
1100 2373 1310 2441 inopem
1339 2371 1405 2425 de
1433 2384 1594 2424 manu
1631 2368 1917 2424 fortiorum
1943 2364 2064 2435 ejus
2088 2381 2102 2429 ;

2376 2363 2464 2417 20.
2485 2362 2773 2432 Ῥυόμενος
2790 2362 3001 2431 πτωχὸν
3017 2363 3080 2413 ὲκ
3097 2361 3277 2431 χειρὸς
3296 2359 3668 2431 στερεωτέρων
3692 2356 3884 2413 αὐτοῦ·

707 2460 890 2516 21.Ει
956 2477 1186 2534 egenum
1236 2474 1290 2517 et
1350 2476 1642 2533 pauperem
1712 2475 1745 2515 a
1813 2454 2201 2528 diripientibus

2375 2455 2465 2509 21.
2504 2454 2613 2508 Kal.
2642 2454 2855 2524 πτωχὸν
2891 2454 2982 2505 καὶ
3017 2452 3222 2523 πένητα
3255 2451 3362 2505 ἀπὸ
3403 2451 3510 2504 τῶν
3546 2448 3885 2521 διαρπαζόν-

639 2567 787 2608 eum.

2310 2566 2417 2601 των
2445 2548 2623 2601 αὐτόν.

1749 2722 2125 2779 ATHANASII
2163 2721 2757 2778 INTEBPRETATIO.

708 2844 774 2911 4,
804 2842 858 2900 5.
892 2842 960 2898 Et
999 2842 1171 2915 gratia
1218 2842 1452 2913 Spiritus
1492 2842 1665 2898 sancti
1708 2840 2057 2897 circumdans
2087 2841 2208 2895 ani-

2378 2839 2433 2903 4,
2464 2838 2515 2892 5.
2560 2838 2667 2891 Καὶ
2709 2839 2773 2908 τῇ
2817 2834 2995 2905 χάριτι
3018 2832 3111 2885 τοῦ
3139 2831 3294 2899 ἁγίου
3324 2830 3398 2902 (1)
3423 2828 3742 2899 Πνεύματος
3784 2846 3886 2881 κυ-

641 2950 788 2989 mam
838 2948 1012 2989 meam
1037 2972 1052 2997 ,
1096 2934 1184 2988 dic
1226 2934 1374 3002 ipsi:
1412 2931 1488 2988 Ne
1535 2933 1748 2999 timeas,
1777 2932 1922 2987 salus
1977 2940 2070 2985 tua
2111 2945 2203 3000 ego

2309 2929 2521 2992 κλώσας
2542 2928 2640 2998 τὴν
2672 2926 2847 2997 ψυχήν
2886 2942 3006 2996 μου,
3039 2925 3164 2978 εἰπὲ
3199 2925 3336 2993 αὐτῇ
3358 2940 3369 2951 ·
3404 2922 3497 2993 Μὴ
3540 2920 3727 2990 φοϐοῦ,
3770 2937 3888 2974 σω-

641 3042 780 3080 sum.
2307 3020 2477 3086 τηρία
2506 3020 2621 3072 σού
2647 3021 2761 3087 ειμι
2798 3014 2933 3086 ἐγώ.

711 3115 764 3169 6.
803 3116 978 3185 Atque
1007 3114 1081 3169 ita
1116 3113 1333 3170 demum
1363 3114 1752 3183 confundantur
1780 3121 1829 3166 et
1869 3118 2201 3166 revereantur

2378 3111 2434 3165 6.
2466 3112 2576 3164 Kal
2608 3110 2751 3164 οὓτω
2782 3110 2964 3162 λοιπὸν
2993 3105 3497 3175 αίσχυνθήτωσαν
3550 3105 3650 3159 καί
3672 3106 3885 3173 ἐντρα-

641 3215 936 3278 potestates
970 3206 1199 3263 iuimici.
2234 3200 2244 3245 ¹

2234 3192 2276 3251 C
2309 3202 2594 3267 πήτωσαν
2620 3202 2674 3253 al
2709 3200 2962 3269 δυνάμεις
2990 3197 3083 3250 τοῦ
3113 3196 3330 3267 ἐχθροῦ.

714 3298 764 3352 7.
798 3297 1060 3354 Similiter
1082 3299 1284 3354 eaedem
1320 3304 1632 3367 potestates.

2381 3292 2431 3346 7.
2450 3292 2678 3362 Ὁμοίως
2709 3294 2762 3345 αἱ
2797 3290 2957 3344 αὐτα).
2985 3288 3264 3359 δυνάμεις.

712 3390 765 3444 8.
803 3390 1126 3445 Exsuﬂlabit
1166 3389 1440 3443 daemones
1479 3403 1547 3441 ex
1587 3388 1750 3442 corde
1799 3400 1919 3441 meo
1969 3382 2208 3453 Spiritus

2380 3382 2433 3436 8.
2452 3382 2776 3450 Ἐκφυσήσει
2806 3380 2928 3441 τοὺς
2951 3379 3205 3449 δαίμονας
3234 3380 3297 3430 ἐκ
3326 3377 3424 3447 τῆς
3450 3375 3674 3438 καρδίας
3701 3393 3802 3445 μου
3826 3375 3886 3427 τὸ

641 3489 864 3535 sanctus
900 3488 1046 3532 tuus.

2308 3469 2532 3539 Πνεῦμα
2566 3485 2657 3522 σου
2694 3468 2753 3520 τὸ
2782 3467 2954 3536 ἅγιον,

711 3572 764 3625 9.
797 3569 863 3625 Et
888 3570 1211 3625 illuminatio
1242 3580 1334 3624 tua
1363 3569 1637 3640 expellens
1671 3584 1769 3623 eos
1787 3583 1849 3622 ex
1877 3577 2040 3622 corde
2065 3579 2204 3619 meo.

2376 3559 2431 3614 9.
2467 3559 2573 3612 Kal
2602 3562 2629 3613 ό
2656 3559 2928 3629 φωτισμός
2950 3574 3043 3611 σου
3074 3555 3283 3609 διώκων
3312 3556 3507 3618 αὐτοὺς
3533 3556 3597 3608 ἐκ
3622 3555 3720 3625 τῆς
3749 3572 3887 3626 καρ-

2308 3648 2426 3713 δίας
2457 3666 2578 3719 μου.

712 3742 799 3798 10.
832 3742 1027 3814 Inopes
1056 3744 1265 3799 consilii
1297 3760 1406 3814 prae
1435 3746 1628 3799 timore
1660 3746 1971 3801 concidant.

2381 3744 2468 3796 10.
2486 3742 2573 3795 Ἐν
2596 3740 2801 3812 ἀπορίᾳ
2826 3740 2977 3802 ὄντες
3002 3738 3111 3791 ἀπὸ
3138 3736 3231 3791 τοῦ
3252 3736 3417 3807 φόϐου
3440 3736 3515 3805 (2)
3544 3734 3882 3789 πεσὲτωσαν.

713 3836 799 3889 11.
832 3834 896 3889 Ει
923 3836 1093 3904 gratia
1123 3844 1212 3890 tua
1240 3845 1593 3905 persequetur
1619 3852 1731 3892 eos.

2379 3833 2463 3884 11.
2498 3830 2607 3882 Kal.
2646 3831 2678 3899 ἡ
2712 3831 2867 3899 χάρις
2897 3845 2989 3880 σου
3023 3826 3201 3890 διώξει
3235 3826 3446 3886 αὐτούς.

714 3927 799 3979 12.
834 3926 969 3980 Cum
1006 3927 1149 3981 nulla
1178 3942 1263 3981 res
1292 3927 1427 3981 mihi
1451 3938 1598 3983 esset
1637 3945 1762 3984 cum
1792 3929 1944 3999 ipsis,
1979 3932 2209 3988 munda-

2381 3920 2463 3973 12.
2499 3918 2664 3973 Οὐδὲν
2691 3918 2907 3989 ἔχοντός
2928 3934 3027 3989 μου
3052 3916 3187 3987 πρὸς
3210 3915 3404 3978 αὐτοὺς
3424 3912 3628 3983 ἔθηκαν
3644 3912 3739 3974 τὰς
3762 3911 3884 3981 ἡδο-

644 4027 743 4067 nas
773 4014 1073 4082 voluptates
1105 4014 1158 4067 in
1195 4014 1358 4069 corde
1392 4031 1510 4070 meo
1540 4029 1854 4087 posuerunt.

1711 4029 1854 4073 runt.
2307 4011 2400 4075 νὰς
2424 4009 2518 4064 τοῦ
2554 4012 2756 4081 κόσμου
2786 4012 2843 4063 ὲν
2871 4013 2935 4081 τῇ
2966 4009 3161 4081 καρδίᾳ
3194 4025 3312 4078 μου.

715 4105 800 4159 13.
835 4104 1176 4172 Alﬂixeruut,
1210 4106 1403 4176 inquit,
1440 4109 1680 4163 animam
1705 4126 1903 4165 meam.
1934 4166 1939 4169 .

1830 4127 1903 4165 In.
1934 4166 1939 4169 ,
2380 4102 2749 4170 15.Ἐθλιψαν,
2776 4100 2945 4169 λέγει,
2978 4100 3077 4171 τὴν
3099 4098 3276 4170 ψυχήν
3307 4115 3432 4169 μου.

714 4198 800 4252 14.
837 4196 1025 4252 Veniat
1052 4197 1268 4253 diabolo
1304 4200 1420 4255 dies
1440 4201 1655 4272 judicii,
1683 4202 1831 4272 quod
1860 4219 1971 4259 non
2016 4220 2206 4275 exspe-

2380 4193 2713 4249 M.’E).0é1:w
2754 4192 2830 4263 τῷ
2875 4192 3106 4263 διαϐόλῳ
3155 4194 3189 4264 ἡ
3236 4191 3415 4264 ἡμέρα
3462 4191 3559 4261 τῆς
3610 4188 3880 4261 κρίσεως,

641 4297 771 4343 ctat.

2305 4290 2441 4361 ὅπερ
2477 4288 2554 4357 (5)
2592 4287 2652 4338 οὐ
2693 4287 2981 4357 προσδοκᾷ.

712 4378 797 4433 15.
830 4378 895 4433 Et
922 4394 1088 4443 mors,
1126 4396 1288 4451 quam
1322 4382 1437 4451 ipse
1463 4382 1688 4437 invenit.

2378 4380 2466 4435 15.
2502 4381 2611 4432 Kal
2638 4382 2666 4432 ὁ
2697 4379 2944 4441 Θάνατος,
2974 4378 3032 4432 ὃν
3062 4377 3222 4441 αὐτὸς
3252 4375 3479 4447 ἐφεῦρεν
3508 4376 3606 4443 (4).

717 4472 801 4526 16.
835 4472 899 4526 Et
928 4472 981 4527 in
1008 4474 1305 4544 gebeunam
1340 4476 1478 4546 ignis
1508 4456 1821 4545 projicietur
1850 4478 1905 4532 in
1928 4478 2125 4549 ipsam.

2380 4472 2466 4528 16.
2503 4474 2612 4526 Kal
2642 4474 2697 4525 ὲν
2729 4475 2794 4541 τῇ
2831 4473 3018 4542 γεέννῃ
3052 4471 3141 4524 τοῦ
3178 4471 3344 4542 πυρὸς
3374 4468 3700 4540 βληθήσεται
3726 4467 3799 4537 (5)
3822 4468 3883 4519 ἐν

2236 4554 2284 4612 D
2307 4563 2467 4617 αὐτῆ.

716 4631 803 4688 17.
828 4631 1091 4687 Gaudebit
1118 4634 1171 4687 in
1195 4632 1424 4690 Domino
1460 4635 1512 4689 in
1538 4645 1822 4692 aeternum.
2236 4565 2284 4612 υ
2307 4582 2319 4617 ι

2236 4565 2284 4612 D
2307 4565 2408 4617 αὐτ
2455 4602 2467 4615 .

2378 4565 2464 4707 Ιῇί.
2499 4653 2809 4723 Χαρήσεται
2842 4652 2934 4704 ἐπὶ
2964 4651 3041 4719 τῷ
3062 4652 3249 4722 Κυρίῳ
3274 4618 3474 4714 ἁίδίως.

712 4724 797 4779 18.
828 4723 885 4777 In
911 4725 1132 4795 judiciis
1157 4728 1294 4795 ejus.

2379 4743 2463 4796 18.
2483 4743 2571 4796 Ἐν
2600 4747 2709 4807 τοῖς
2744 4743 3105 4815 δικαιώμασιν
3143 4742 3323 4797 αὑτοῦ.

714 4816 800 4870 19.
832 4814 1022 4871 Omnis
1050 4818 1218 4872 virtus
1247 4834 1383 4884 mea,
1414 4820 1605 4890 inquit.

2375 4834 2461 4888 19.
2501 4834 2715 4904 [lini]
2749 4834 2898 4903 ίσχύς
2930 4814 3052 4903 μου,
3086 4834 3253 4901 λέγει.
3314 4828 3318 4833 ’

644 4995 655 5005 ⁸
710 4905 801 4960 20.
834 4906 1098 5005 Humilem
1121 4910 1304 4975 corde,
1336 4913 1528 4983 inquit,
1562 4912 1798 4981 eripiens
1842 4928 1871 4966 a
1913 4914 2195 4983 spiritibus

2370 4925 2457 4977 20.
2494 4924 2595 4976 Τὸν
2625 4925 2832 4993 πτωχὸν
2874 4928 2938 4995 τῇ
2990 4925 3203 4995 καρδίᾳ,
3230 4925 3462 4993 διαλέγει
3490 4922 3586 4993 (6),
3622 4923 3882 4993 ῥυόμενος

643 4996 957 5050 immundis.

2308 5016 2411 5069 ὶπὺ
2436 5014 2543 5067 τῶν
2572 5016 2895 5086 ἀκαθάρτων
2932 5018 3275 5086 πνευμάτων.

714 5090 801 5143 21.
832 5091 911 5145 Ab
942 5092 1174 5147 inimicis
1196 5092 1496 5150 visibilibus
1524 5105 1578 5151 et
1610 5097 1969 5154 invisibilibus
1996 5101 2189 5157 liberat

2368 5107 2429 5160 21
2445 5148 2457 5160 .
2477 5108 2570 5159 Ἐκ
2597 5107 2706 5159 τῶν
2736 5107 2945 5177 ὁρατῶν
2974 5108 3067 5161 καὶ
3091 5108 3335 5179 ἀοράτων
3356 5102 3566 5177 ἐχθρῶν
3590 5108 3777 5177 ῥύεται
3801 5106 3880 5175 (7)

640 5194 757 5245 005»
780 5188 833 5235 εί
853 5184 905 5235 in
935 5182 1205 5251 Praesenti,
1233 5193 1284 5239 et
1318 5184 1371 5239 in
1396 5184 1580 5240 futuro
1614 5188 1835 5241 saeculo.
2302 5198 2518 5261 αὐτοὺς,
2551 5200 2644 5250 καὶ
2672 5199 2730 5250 ὲν
2758 5197 2834 5267 τῷ
2866 5199 2980 5263 νῦν,
3012 5200 3105 5253 xal.
3127 5200 3184 5254 ὲν
3206 5199 3281 5269 τῷ
3311 5198 3561 5269 μέλλοντι
3591 5196 3770 5250 αίῶνι.

1579 5363 1886 5430 Addenda
1916 5374 1977 5430 et
2018 5372 2394 5452 corrigenda
2430 5401 2508 5445 ex
2542 5387 2681 5447 cod.
2718 5383 2917 5445 Vatic.

708 5520 784 5729 gi)
806 5522 985 5591 Ἀγίου
1010 5540 1122 5579 σου.

729 5594 763 5643 2
821 5594 987 5646 Φόὸου
1016 5611 1129 5647 σου.

728 5662 783 5731 ὃ)
801 5662 947 5718 Ὅτε.

2376 5549 2449 5619 (ὅ)
2488 5550 2880 5622 Βληθήσονται.)

2376 5620 2450 5731 ἓξῖ
2476 5622 2739 5731 ίιῖῒῗζῗὲηι,

811 5690 1091 5803 ’ἕῐφῖὗρνὴ

2376 5691 2450 5759 (7)
2476 5690 2739 5745 Ῥύσεται.
