4060 6516
192 468 293 520 777

1074 457 1160 511 DE
1192 452 1468 512 TITULIS
1505 445 1952 509 PSALMORUM.
1986 472 2055 484 ——
2094 440 2290 499 PSAL.
2330 436 2566 494 XXXIV.

3335 428 3437 485 778

260 579 353 634 22.
384 576 738 639 Ἀναστάντες
762 591 851 645 μοι
882 573 1156 645 μάρτυρες
1175 571 1373 637 ἄδικοι,
1399 568 1436 624 ἃ
1456 568 1557 622 οὐκ
1580 565 1769 635 ἐγίνω-
1798 569 1830 624 Α

1953 557 2031 612 ξ2.
2067 555 2363 626 Surgentes
2392 551 2527 606 mihi
2556 555 2722 606 testes
2741 546 2935 618 iniqui,
2953 559 3079 617 qua:
3100 543 3441 615 ignorabam,

196 686 345 729 σκον,
379 665 607 737 ἠρώτων
650 681 716 735 με
739 680 752 693 ·

264 760 354 814 25.
386 756 825 812 Ἀνταπεδίδοσάν
861 773 950 825 μοι
983 753 1195 824 πονηρὰ
1223 752 1343 806 ἀντὶ
1367 747 1605 819 ἀγαθῶν·

265 852 357 906 24.
401 851 510 903 Καὶ
539 848 795 903 ἀτεκνίαν
821 850 887 918 τῇ
915 846 1059 915 ψυχῇ
1094 861 1216 913 μου.

267 944 360 998 25.
394 941 535 1010 Ἐγὼ
569 940 625 993 δέ
655 941 714 994 ἐν
744 939 823 1009 τῷ
844 939 1041 1000 αὐτοὺς
1064 931 1414 1007 παρενοχλεῖν
1437 948 1547 1002 μοι,
1570 928 1778 983 ἐνεδυόν

203 1056 311 1110 μην
346 1036 550 1090 σάκκον
572 1051 585 1062 ·
1000 1069 1014 1077 -

265 1130 357 1184 26.
399 1128 507 1181 Καὶ
535 1123 851 1179 ἐταπείνουν
881 1124 938 1175 ἐν
966 1119 1188 1191 νηστείᾳ
1209 1118 1305 1189 τὴν
1328 1115 1507 1187 ψυχήν
1536 1131 1637 1185 μου
1657 1129 1670 1142 ·

270 1220 364 1273 27.
404 1220 513 1271 Καὶ
545 1219 579 1287 ἡ
614 1216 885 1287 προσευχή
919 1230 1022 1284 μου
1054 1214 1133 1274 είς
1164 1210 1361 1263 κόλπον
1388 1226 1491 1278 μου
1513 1208 1784 1275 ἀποστρα-

201 1314 463 1385 φήσεται.

273 1405 366 1458 28.
398 1403 484 1466 Ὠς
516 1401 762 1472 πλησίον,
794 1400 870 1463 ὡς
914 1396 1125 1467 ἀδελφῷ
1160 1394 1435 1468 ἡμετέρῳ,
1476 1391 1650 1453 οὕτως
1692 1390 1785 1441 εὑ-

202 1494 489 1570 ηρέστουν·

275 1586 370 1640 29.
400 1586 487 1649 Ὠς
518 1583 730 1637 πενθῶν
758 1583 870 1638 ’καὶ
921 1580 1331 1652 σκυθρωπάζων
1365 1577 1539 1641 οὕτως
1576 1579 1793 1631 ἐταπει-

206 1679 304 1732 νού
314 1695 421 1749 μην
430 1719 443 1732 .

280 1770 374 1825 50.
418 1770 527 1822 Καὶ
554 1768 676 1822 κατ’
709 1766 843 1839 ἐμοῦ
873 1765 1277 1837 εὖφράνθησαν,
1311 1764 1406 1817 καὶ
1427 1761 1790 1833 συνήχθησαν·

280 1861 373 1915 51.
417 1859 768 1930 Συνήχθησαν
794 1860 879 1912 ἐπ’
900 1858 1001 1929 ἐμὲ
1031 1857 1313 1929 μάστιγες,
1348 1858 1444 1911 καὶ
1475 1856 1577 1909 οὐκ
1602 1854 1793 1925 ἔγνων.

290 2041 382 2097 52.
425 2038 838 2111 Διεσχίσθησαν,
874 2038 969 2092 καὶ
997 2038 1058 2091 οὐ
1094 2036 1507 2108 κατενύγησαν*

282 2134 373 2189 55.
407 2132 735 2202 Ἐπείρασάν
753 2149 842 2204 με,
859 2130 1297 2202 ἐξεμυκτήρισάν
1321 2146 1388 2200 με
1410 2126 1802 2198 μυκτηρισμῷ.

289 2311 382 2367 54.
402 2308 673 2381 Ἔὸρυξαν
702 2310 789 2362 ἐπ’
823 2307 925 2378 ἐμὲ
950 2308 1079 2371 τοὺς
1105 2306 1324 2371 ὀδόντας
1355 2304 1553 2359 αὐτῶν.

294 2400 387 2456 55.
429 2399 625 2471 Κύριε,
661 2399 791 2451 πότε
818 2397 1033 2469 suam;

296 2487 387 2544 56.
416 2487 891 2560 Ἀποκατάστησυν
940 2487 1038 2559 τὴν
1080 2487 1260 2560 ψυχήν
1294 2504 1397 2559 μου
1432 2486 1540 2541 ἀπὸ
1573 2485 1674 2557 τῆς
1710 2502 1810 2540 κα-

225 2581 491 2653 κουργίας
523 2580 708 2635 αὐτῶν
725 2597 741 2612 ο

1879 648 2285 717 interrogabant
2318 660 2405 699 me
2431 662 2446 698 :

1949 741 2040 796 25.
2067 737 2455 794 Retribuebant
2484 732 2615 788 mibi
2641 731 2779 787 mala
2810 744 2910 800 pro
2938 729 3097 784 bonis
3124 747 3139 794 ;

1950 834 2041 888 24.
2083 831 2149 886 Et
2176 830 2515 886 sterilitatem
2548 826 2744 880 anima:
2767 838 2922 878 meat.

1953 923 2043 979 25.
2074 923 2185 993 Ego
2225 930 2430 983 autem,
2472 933 2596 975 cum
2650 917 2754 987 ipsi
2799 914 3013 969 molesti
3061 921 3247 969 essent
3296 911 3452 981 mihi,

1884 1011 2147 1066 fnduebar
2176 1009 2354 1065 cilicio
2385 1030 2399 1062 :

1957 1103 2047 1158 26.
2084 1105 2150 1158 Et
2172 1102 2524 1156 bumiliabam
2550 1100 2604 1154 in
2631 1098 2844 1169 jejunio
2865 1098 3105 1153 animam
3131 1111 3307 1152 meam
3333 1115 3350 1152 :

1954 1196 2043 1250 27.
2070 1193 2137 1249 Ει
2158 1193 2335 1248 oratio
2362 1208 2482 1247 mea
2511 1192 2567 1245 in
2606 1192 2728 1246 sinu
2766 1205 2889 1245 meo
2927 1195 3299 1247 convertatur.

1963 1383 2051 1438 28.
2088 1382 2255 1450 Quasi
2274 1380 2548 1452 proximo,
2581 1380 2739 1451 quasi
2767 1379 2925 1436 fratri
2955 1389 3167 1449 nostro,
3198 1380 3281 1436 sic
3309 1395 3461 1437 com-

1895 1476 2173 1547 placebam
2201 1495 2217 1530 z

1965 1567 2054 1623 29.
2077 1566 2247 1633 Quasi
2274 1566 2466 1637 lugens
2490 1574 2544 1621 et
2570 1566 2951 1631 contristatus,
2990 1561 3075 1621 sic
3116 1565 3465 1620 humiliabar.

1974 1753 2061 1808 30.
2096 1753 2161 1809 Et
2189 1754 2476 1811 adversum
2504 1772 2591 1811 me
2618 1758 2780 1813 letati
2803 1770 2950 1823 sunt,
2988 1768 3042 1814 et
3064 1770 3469 1815 convenerunt:

1970 1844 2059 1899 3i.
2094 1845 2437 1917 Congregata
2472 1857 2600 1903 sunt
2640 1864 2805 1918 super
2840 1865 2928 1904 me
2964 1849 3195 1920 ﬂagella,
3227 1862 3282 1906 et
3320 1854 3469 1923 igno-

1828 1931 1870 1987 B
1899 1937 2034 1991 ravi.

1976 2029 2064 2084 52.
2094 2028 2350 2100 Dissipati
2380 2040 2529 2097 sunt,
2556 2042 2657 2086 nec
2686 2030 2997 2103 compuncti
3032 2052 3046 2092 :

1978 2119 2066 2174 33.
2096 2118 2464 2175 Teutaverunt
2497 2135 2605 2188 me,
2633 2121 3108 2178 subsannaverunt
3136 2139 3222 2179 me
3254 2124 3475 2183 subsan-

1908 2212 2147 2267 natione.

1975 2303 2065 2358 δι.
2094 2302 2473 2361 Frenduerunt
2503 2323 2666 2378 super
2694 2324 2780 2363 me
2814 2310 3068 2367 dentibus
3097 2312 3233 2367 suis.

1980 2395 2069 2451 '55.
2104 2395 2354 2462 Domine,
2385 2399 2606 2469 quando
2640 2400 2899 2470 respicies
2929 2402 2952 2454 ?

1978 2486 2068 2541 36.
2104 2482 2350 2546 Restilue
2403 2492 2638 2545 animam
2690 2507 2868 2547 meam
2916 2508 2945 2547 a
2998 2494 3334 2565 malignitate
3387 2509 3481 2550 eo-

1910 2593 2031 2631 rum
2060 2597 2073 2633 ε

1344 2731 1720 2790 ATHANASII
1760 2732 2353 2794 INTERPRETATIO.

299 2898 767 2962 22.Ἀναστάντες
814 2895 1064 2967 λογισμοὶ
1109 2896 1166 2949 ἐν
1210 2897 1278 2966 τῇ
1328 2893 1529 2965 καρδίᾳ
1562 2908 1685 2964 μου,
1720 2891 1820 2955 τὰς

172 3003 179 3009 “
234 2994 427 3066 ἡδονὰς
454 2991 548 3045 τοῦ
580 2990 719 3065 βίου,
745 2988 812 3053 ἃς
839 2989 938 3042 οὐκ
967 2988 1177 3059 ήθελον,
1213 2985 1463 3039 ἐνέϐαλόν
1493 3002 1604 3056 μοι.

303 3087 395 3151 25,
428 3084 517 3139 ει.
565 3084 677 3135 Καὶ
722 3082 783 3134 τὸ
832 3080 1041 3151 σπαρέν
1072 3096 1162 3150 μοι
1194 3078 1347 3149 παρὰ
1387 3077 1479 3130 τοῦ
1511 3076 1717 3147 Κυρίου
1743 3077 1819 3147 (Ι)

237 3176 564 3248 ἐλάμϐανον,
634 3174 703 3228 τὰ
748 3174 805 3227 δέ
848 3172 1053 3226 ἑαυτῶν
1099 3169 1385 3224 ὑπετίθουν
1440 3186 1541 3239 μου
1582 3167 1678 3239 (2),
1730 3169 1824 3223 καὶ

237 3272 483 3342 ἄκαρπον
511 3267 728 3319 ἐποίουν
750 3266 848 3335 τὴν
872 3264 1049 3335 ψυχήν
1081 3280 1207 3333 μου.

310 3364 402 3425 25,
436 3362 527 3415 26.
563 3356 705 3425 Ἐγὼ
743 3356 823 3420 δὲ,
859 3358 916 3407 ἐν
946 3355 1024 3425 τῷ
1056 3355 1183 3416 τοὺς
1216 3354 1499 3423 ἀκάρπους
1529 3349 1820 3420 λογισμους

242 3455 306 3524 τῇ
359 3450 555 3521 καρδίᾳ
609 3463 707 3517 μου
756 3443 1036 3513 ἐπιμένειν
1088 3440 1187 3512 (5),
1236 3438 1497 3493 ἐπένθουν
1548 3437 1689 3508 μετὰ
1730 3437 1823 3490 δα-

1993 2893 2081 2947 22.
2113 2892 2409 2965 Surgentes
2446 2897 2803 2968 cogitationes
2850 2900 2901 2954 in
2944 2901 3108 2955 corde
3149 2916 3291 2969 meo,
3335 2905 3490 2962 volu-

1926 2993 2100 3055 ptates
2122 2986 2265 3049 vitae,
2298 3002 2437 3055 quas
2462 2989 2735 3057 nolebam,
2770 2991 3074 3061 iniecerunt
3095 2993 3250 3049 mihi.

1994 3074 2085 3138 25,
2117 3074 2206 3129 24.
2239 3074 2396 3142 ρυοά
2427 3088 2546 3133 erat
2582 3080 2635 3134 in
2668 3096 2755 3135 me
2795 3091 2974 3138 satum
3003 3099 3032 3138 a
3067 3083 3324 3155 Domino,
3360 3103 3492 3159 sup-

1927 3167 2120 3231 positis
2162 3168 2297 3222 mibi
2338 3169 2474 3236 suis,
2515 3171 2877 3241 abstulerunt,
2922 3175 3330 3250 eil'eccruntque
3371 3184 3492 3238 ani~

1927 3272 2073 3313 mam
2103 3274 2278 3314 meam
2309 3259 2723 3317 infructiferam.

1998 3350 2092 3412 25.
2118 3350 2207 3404 26.
2235 3350 2347 3422 Ego
2388 3362 2593 3420 autem,
2627 3370 2751 3410 cum
2796 3356 3008 3411 steriles
3054 3358 3412 3429 cogitationes
3439 3361 3495 3415 in

1928 3445 2090 3499 corde
2123 3458 2243 3499 meo
2266 3457 2671 3515 permanerent,
2708 3449 2958 3519 lugebam
2991 3465 3113 3505 cum
3153 3450 3408 3523 lacrymis
3445 3464 3501 3509 et

241 3543 426 3616 ιρὺων
472 3537 568 3594 καὶ
621 3537 885 3609 νηστειῶν
933 3532 1388 3604 προσευχόμενος,
1416 3530 1469 3585 εἴ
1493 3547 1608 3594 πως
1635 3530 1664 3583 ὁ
1693 3528 1825 3591 Θεὸς

1953 3539 2153 3610 ejuniis
2180 3555 2368 3609 orans,
2388 3542 2433 3597 si
2464 3543 2685 3614 quando
2725 3542 2868 3600 Deus
2903 3546 3242 3616 compatiens
3270 3548 3501 3606 misere-

242 3633 610 3706 συμπαθήσας
640 3630 852 3700 ἐλεήσει
891 3644 979 3697 με.

316 3729 407 3782 27.
443 3727 554 3779 Καὶ
598 3726 630 3794 ὴ
678 3721 893 3792 αἰτησίς
928 3737 1029 3790 μου
1059 3715 1476 3772 είσακουσθεῖσα
1504 3715 1722 3785 ποιήσει
1756 3730 1826 3783 με

244 3820 532 3878 συλλαϐεῖν
560 3817 697 3886 ἔργα
731 3811 1097 3883 δικαιοσύνης.

318 3913 410 3977 28,
440 3911 530 3965 29.
565 3909 654 3973 Ὠς
695 3906 817 3961 τινὰ
866 3905 972 3959 τῶν
1017 3903 1186 3973 φίλων
1217 3919 1341 3973 μου,
1372 3899 1405 3971 ἢ
1438 3897 1547 3952 τῶν
1585 3894 1832 3966 ἀδελφῶν

250 4024 351 4079 μου
386 4002 619 4068 πενθῶν,
654 4000 827 4063 οὕτως
854 3997 1089 4070 ἐμαυτὸν
1124 3994 1382 4048 ἐπένθουν
1410 3991 1499 4046 διὰ
1527 3990 1623 4062 τὴν
1649 3987 1829 4042 οίκοῠ·

248 4116 352 4153 σαν
400 4097 475 4166 (4)
523 4096 580 4148 ἐν
625 4093 750 4164 ἐμοὶ
814 4090 1111 4161 ἁμαρτίαν,
1139 4086 1234 4141 καὶ
1274 4084 1447 4147 οὕτως
1476 4082 1563 4135 διὰ
1599 4080 1708 4135 τῶν
1735 4081 1832 4135 δα-

249 4192 437 4264 κρύων
462 4205 564 4260 μου
593 4185 938 4257 εὐηρέστουν.

323 4282 417 4337 50.
434 4281 662 4335 Ἐκεῖνοι
697 4277 775 4342 δέ,
809 4276 884 4340 ὡς
914 4270 1052 4329 εἶδόν
1081 4290 1147 4343 με
1180 4270 1497 4332 πενθοῦντα,
1541 4265 1835 4337 συναχθένο

251 4394 342 4441 τες
358 4375 740 4447 εὐφραίνονται
757 4365 1188 4442 [εὐφράνθησαν]
1213 4366 1289 4437 (5)
1320 4364 1413 4416 ἐπὶ
1426 4366 1492 4433 τῇ
1512 4360 1687 4431 θλίψει
1706 4376 1829 4431 μου.

326 4470 416 4524 51.
466 4465 847 4535 Συναχθέντων
898 4461 1077 4515 αὐτῶν
1129 4456 1214 4512 ἐπ’
1245 4459 1346 4528 ὲμέ
1372 4495 1388 4521 ,
1433 4454 1609 4508 οὐδενὶ
1656 4451 1835 4507 αὐτῶν

256 4558 462 4616 ἐκολλώ
469 4575 598 4629 μην.

328 4654 419 4709 52.
456 4652 791 4705 Ἀπέκοπτον
840 4647 1038 4709 αὐτοὺς
1093 4648 1156 4699 ἐκ
1188 4645 1286 4716 τῆς
1320 4641 1546 4714 καρδίας
1589 4657 1689 4710 μου
1738 4637 1836 4708 (6),

258 4750 354 4803 καὶ
386 4746 540 4801 οὐδὲν
573 4743 746 4805 οὕτως
776 4740 1064 4795 ἐπαύοντο.

330 4832 760 4905 55.Ἐπείραξόν
791 4848 856 4902 με
885 4830 979 4900 (7),
1028 4827 1121 4881 καὶ
1158 4824 1486 4888 κατέπαιζον
1532 4821 1631 4891 τῆς
1674 4817 1835 4874 ἀσθε-

260 4930 410 4993 νείας
452 4944 575 4999 μου.

334 5022 423 5085 54,
442 5019 531 5075 55.
549 5015 849 5089 Βρύχοντες
866 5012 967 5068 ἀπ’
994 5011 1141 5081 ἐμοῦ
1170 5010 1281 5082 [ἐπ’
1297 5005 1418 5079 ἐμὲ]
1438 5006 1513 5076 (8)
1527 5004 1664 5069 τοὺς
1676 5002 1844 5056 ὀδόν-

262 5130 370 5179 τας
399 5109 631 5166 αὐτῶν·⁸
688 5106 798 5176 ἐγὼ
841 5105 897 5157 δὲ
940 5106 1158 5172 ἔλεγον
1193 5102 1367 5169 Κύριε
1412 5097 1511 5169 (9),
1558 5095 1700 5149 πότε
1739 5093 1845 5147 ἐπ-

260 5205 412 5273 όφης

263 5391 399 5463 τίας
436 5386 656 5442 αὐτῶν.

465 5293 755 5365 Λύτρωσαι
783 5290 895 5359 τὴν
922 5287 1132 5358 ψυχήν
1158 5303 1277 5356 μου
1312 5284 1429 5340 ἀπὸ
1452 5281 1559 5351 τῆς
1597 5296 1844 5347 κακουρ-

1931 3643 2082 3689 retur
2107 3634 2233 3688 mei.

2001 3725 2090 3780 27.
2124 3724 2192 3779 Et
2220 3723 2408 3795 petitio
2446 3739 2567 3780 mea
2606 3725 2859 3781 exaudita
2907 3726 3072 3783 faciet
3106 3743 3193 3782 me
3220 3730 3507 3802 concipere

1934 3832 2100 3888 opera
2123 3814 2375 3886 iustitiae.

1981 3907 2095 3974 ’28,
2122 3906 2213 3962 29.
2244 3904 2422 3961 Veluti
2469 3903 2705 3975 aliquem
2747 3918 2814 3959 ex
2866 3905 3058 3963 amicis
3104 3910 3275 3977 meis,
3321 3910 3407 3966 vel
3436 3925 3507 3965 ex

1937 3999 2198 4056 fratribus
2224 3997 2359 4052 meis
2392 3996 2635 4067 plorans,
2664 3995 2738 4049 ita
2780 4010 2869 4049 me
2897 3997 3241 4065 deplorabam
3288 4010 3510 4071 propter

1938 4089 2250 4147 inhabitans
2287 4087 2343 4142 in
2388 4101 2478 4142 me
2514 4094 2822 4157 peccatum,
2856 4094 2907 4142 et
2950 4087 3023 4142 ita
3068 4087 3326 4161 lacrymis
3371 4091 3512 4149 meis

1938 4182 2365 4253 complacebam.

2009 4269 2098 4325 30.
2128 4268 2206 4324 Illi
2249 4278 2428 4323 autem
2476 4278 2536 4323 ut
2572 4282 2659 4323 me
2695 4277 2996 4339 gementem
3036 4270 3309 4339 viderunt,
3344 4272 3509 4328 simul

1941 4362 2252 4434 congregati
2286 4361 2445 4416 laetati
2471 4370 2597 4416 sunt
2622 4362 2678 4416 in
2709 4361 3061 4418 tribulatione
3083 4379 3225 4419 mea.

2011 4457 2100 4511 3|.
2136 4454 2492 4527 Congregatis
2520 4454 2654 4520 ipsis
2697 4455 2753 4510 in
2788 4470 2894 4521 me,
2930 4456 3064 4511 nulli
3096 4472 3287 4511 eorum
3333 4457 3514 4513 adha-
3616 4454 3619 4457 ’

1868 4576 1913 4630 D
1942 4549 2148 4603 rcbam.

2012 4638 2100 4693 52.
2130 4634 2529 4691 Abscindebam
2564 4648 2660 4689 eos
2681 4649 2746 4689 ex
2780 4635 2945 4690 corde
2981 4650 3127 4702 meo,
3150 4649 3205 4690 et
3232 4646 3304 4691 ita
3336 4640 3516 4692 neuti-

1943 4746 2107 4803 quam
2143 4728 2515 4798 quiescebant.

2015 4824 2101 4879 33.
2146 4820 2452 4878 Tentabant
2511 4833 2619 4886 me,
2678 4828 2731 4873 et
2790 4819 3090 4874 irridebant
3143 4821 3514 4879 inﬁrmitatem

1947 4932 2145 4973 meam.

2020 5007 2109 5073 54,
2140 5006 2227 5061 55.
2262 5005 2607 5061 Frendebant
2649 5022 2806 5076 super
2845 5024 2926 5061 me
2959 5008 3202 5063 dentibus
3244 5005 3375 5078 εὶιὶε,
3420 5027 3522 5083 ego

1954 5109 2135 5157 autem
2165 5098 2408 5154 dicebam
2444 5116 2458 5152 :
2484 5096 2723 5163 Domine,
2763 5100 2970 5169 quando
2992 5102 3232 5171 respicies
3260 5101 3287 5154 .’

2026 5304 2115 5358 56.
2143 5301 2338 5357 Libera
2384 5302 2619 5355 animam
2664 5317 2834 5356 meam
2886 5321 2919 5357 a
2962 5304 3287 5375 malignitate
3322 5323 3523 5367 eorum.

1229 5469 1531 5534 Addenda
1565 5474 1625 5527 et
1672 5464 2045 5544 corrigenda
2079 5479 2153 5521 ex
2202 5457 2336 5519 cod.
2378 5456 2578 5518 Vatic.

341 5615 358 5683 (
370 5614 417 5678 l)
457 5607 612 5683 Θεοῦ.

342 5683 421 5749 (2)
462 5682 587 5732 Μοι.

339 5741 418 5822 (5)
445 5748 754 5822 ’Βπιμένειν
782 5747 843 5821 ἐν
872 5748 936 5814 τῇ
972 5741 1166 5813 καρδίᾳ
1196 5756 1316 5811 μου.

344 5818 421 5889 (4)
451 5818 812 5873 Ἐνοικοῦσαν.
840 5818 843 5821 λ

342 5894 421 5964 (5)
462 5890 843 5959 Εὑφραίνοντο.

514 5987 784 6045 Pauor.
818 5982 930 6040 Gn.
976 5980 1020 6039 Χ
1038 5977 1234 6038 XVII.

2020 5587 2095 5657 (6)
2123 5586 2210 5638 Ἐν
2237 5586 2300 5654 τῇ
2334 5582 2531 5653 καρδίᾳ
2569 5600 2690 5651 μου,
2726 5584 2818 5637 καὶ
2844 5582 2963 5637 οὐδὲ
3004 5583 3176 5649 οὕτως
3220 5584 3319 5639 οὐκ
3363 5584 3531 5641 ἐπαί·

1949 5676 2088 5713 οντο.

2021 5729 2097 5797 (7)
2137 5726 2220 5778 Με
2252 5725 2350 5786 ἔτι,
2384 5722 2497 5797 κ-αί.

2020 5794 2097 5863 (8)
2139 5798 2270 5850 Κατ’
2303 5794 2456 5862 ἐμοῦ.

2020 5872 2094 5937 (υ)
2136 5867 2327 5937 Κύριε,
2354 5864 2585 5933 πρόσχες
2621 5881 2732 5936 μοι.

3203 5964 3284 6020 25
