4060 6428
637 361 702 418 79
1409 358 1464 411 S.
1509 356 1875 412 ATHANASH
1915 358 2062 413 OPP.
2107 357 2286 413 PARS
2323 358 2412 413 lll.
2455 389 2522 398 --
2559 353 2966 411 EXEGETICA.
3748 357 3850 412 780

668 473 757 528 57.
790 475 829 527 A
861 474 1108 528 leonibus
1134 488 1353 528 unicam
1380 488 1577 528 meam.
2199 480 2242 536 Α

2199 480 2242 536 Α
2343 474 2432 528 57.
2466 472 2604 526 Ἀπὸ
2628 471 2856 525 λεόντων
2887 471 2984 540 τὴν
3018 471 3281 541 μονογενῆ
3312 488 3430 542 μου.

665 566 754 620 58.
787 565 1094 621 Confitebor
1116 566 1210 619 tibi
1244 566 1295 618 in
1319 566 1550 620 ecclesia
1579 581 1775 636 magna
1801 607 1813 620 .

2346 565 2434 619 58.
2461 563 2948 634 Ἐξομολογήσομαί
2981 578 3064 614 σοι
3098 564 3156 614 ἐν
3181 563 3445 634 ἐκκλησίᾳ
3471 561 3666 634 πολλῇο

669 659 756 712 59.
784 658 836 712 ln
861 659 1059 728 populo
1088 658 1235 727 gravi
1262 657 1497 712 laudabo
1521 667 1594 713 te.

2345 657 2430 713 59.
2464 657 2550 709 Ἐν
2582 655 2695 726 λαῷ
2729 655 2883 725 βαρεῖ
2915 654 3113 708 αἰνέσω
3142 671 3220 709 σε.

669 753 756 805 40.
789 752 903 806 Non
955 752 1394 822 supergaudeant
1448 751 1604 817 mihi,
1663 749 1756 820 qui
1815 748 2173 804 adversantur

2345 749 2433 803 40.
2475 747 2566 820 Μὴ
2599 746 2990 818 ἐπιχαρείησάν
3025 765 3114 818 μοι
3142 748 3190 800 οἱ
3223 745 3597 818 ἐχθραίνοντές
3625 763 3716 816 μοι
3739 744 3853 799 ἀδί-

598 843 732 898 mihi
763 844 947 914 inique
977 863 990 898 :
2274 858 2404 904 κως·

668 936 756 990 41.
788 936 891 1002 Qui
919 937 1150 991 oderunt
1189 950 1275 989 me
1315 933 1483 1004 gratis
1521 952 1534 1000 ;
1585 941 1639 987 et
1678 939 1927 986 annuunt
1972 930 2167 986 oculis.

2341 933 2401 986 41
2415 975 2429 990 .
2458 934 2517 986 Oi
2556 931 2835 1004 μισοῦντές
2855 950 2920 1003 με
2940 931 3165 1001 δωρεὰν,
3184 930 3277 984 καὶ
3301 930 3632 994 διανευοντες
3652 926 3853 998 ὀφθαλ-

2278 1039 2415 1092 μοις.

669 1114 756 1165 42.
789 1113 1054 1179 Quoniam
1091 1114 1468 1183 mihiquidem
1503 1113 1728 1182 pacilice
1758 1111 2122 1181 laquebantur
2153 1128 2166 1176 ;

1817 1111 2122 1181 quebantur
2153 1128 2166 1176 ;
2346 1113 2434 1167 42.
2452 1115 2572 1167 Ὅτι
2605 1115 2728 1184 ἐμοὶ
2767 1114 2864 1184 μὲν
2889 1111 3140 1183 εἰρηνικὰ
3167 1110 3385 1164 ἐλάλουν
3407 1128 3419 1141 ·

668 1207 755 1259 45.
792 1205 856 1259 Et
883 1208 934 1260 in
969 1207 1250 1261 iracundia
1281 1207 1436 1261 dolos
1471 1207 1800 1276 cogitabant.

2344 1202 2431 1255 45.
2475 1202 2584 1254 Καὶ
2618 1201 2702 1254 ἐπ’
2733 1201 2900 1273 ὀργὴν
2933 1201 3116 1263 δόλους
3139 1200 3509 1269 διελογίζοντο.

662 1298 751 1351 44.
795 1297 1168 1354 Dilataverunt
1202 1314 1363 1369 super
1393 1315 1480 1352 me
1510 1313 1571 1352 os
1602 1312 1762 1352 suum
1800 1316 1812 1350 :

2343 1295 2427 1348 44.
2465 1294 2800 1347 Ἐπλάτυναν
2829 1295 2916 1346 ἐπ’
2941 1294 3040 1364 ἐμὲ
3072 1295 3132 1346 τὸ
3166 1294 3339 1365 στόμα
3363 1293 3541 1347 αὐτῶν
3560 1309 3573 1322 ·

666 1388 754 1441 45.
795 1388 1078 1453 Dixerunt,
1108 1405 1266 1458 euge,
1287 1406 1424 1460 euge
1463 1408 1476 1442 :
1508 1389 1763 1443 viderunt
1791 1387 1936 1442 oculi
1969 1386 2164 1442 nostri.

2340 1387 2428 1440 45.
2471 1382 2636 1439 Εἶπον
2657 1404 2668 1416 ·
2711 1382 2873 1454 Εὖγε,
2909 1381 3034 1454 εὖγε
3055 1403 3068 1417 ·
3104 1383 3240 1440 εἶδον
3266 1388 3312 1439 οἱ
3341 1385 3606 1457 ὀφθαλμοὶ

667 1479 757 1532 46.
791 1478 1005 1546 Vidisti,
1031 1480 1278 1545 Domine,
1305 1498 1373 1536 ne
1401 1482 1564 1536 sileas
1599 1498 1612 1534 :

2338 1478 2433 1537 46,
2469 1474 2640 1542 Εἶδες,
2677 1478 2868 1550 Κύριε,
2901 1479 2973 1550 μὴ
3013 1480 3481 1550 παρασιωπήσῃς·

667 1572 756 1625 47.
788 1571 1031 1635 Domine,
1067 1590 1134 1628 ne
1162 1575 1410 1628 discedas
1437 1591 1466 1627 a
1496 1591 1599 1628 me.

2342 1570 2429 1624 47.
2473 1571 2666 1638 Κύριε,
2695 1570 2769 1641 μὴ
2800 1572 3041 1642 ἀποστῇς
3070 1572 3165 1623 ἀπ’
3195 1569 3349 1641 ἐμοῦ.

667 1665 755 1719 48.
789 1666 1053 1737 Exsurge,
1080 1667 1329 1732 Domine,
1365 1679 1418 1721 et
1439 1667 1656 1721 intende
1683 1665 1888 1735 judicio
1914 1680 2060 1728 meo,

2334 1663 2428 1743 48.
2458 1661 2828 1735 Ἐξεγέρθητι,
2866 1663 3060 1736 Κύριε,
3078 1664 3172 1717 καὶ
3192 1663 3426 1735 πρόσχες
3440 1666 3504 1735 τῇ
3524 1662 3702 1734 κρίσει
3722 1681 3849 1734 μου,

664 1759 751 1813 49.
788 1758 931 1814 Deus
978 1775 1154 1828 meus,
1207 1770 1260 1815 et
1313 1759 1576 1814 Dominus
1631 1774 1787 1816 meus
1832 1759 1886 1813 in
1943 1771 2165 1813 causam
2202 1827 2242 1879 Β

2341 1754 2428 1809 49.
2455 1757 2513 1808 '0
2532 1755 2662 1818 Θεός
2687 1772 2811 1825 μου,
2846 1755 2940 1810 καὶ
2975 1757 3004 1808 ὁ
3053 1755 3257 1829 Κύριός
3307 1773 3408 1827 μου
3448 1758 3527 1819 εἰς
3562 1755 3661 1825 τὴν
3691 1755 3853 1828 δίκην

597 1869 793 1907 meam.
2202 1865 2242 1879 υ
2277 1865 2396 1918 μου.

669 1946 754 2000 50.
784 1943 976 1998 Judica
1004 1956 1109 2005 me,
1130 1939 1377 2004 Domine,
1399 1938 1695 1994 secundum
1711 1937 1977 2008 justitiam
1994 1944 2166 1998 tuam,

2342 1940 2431 1997 50.
2471 1941 2673 2012 Κρῖνόν
2708 1958 2796 2012 με,
2833 1941 3029 2014 Κύριε,
3057 1940 3199 2002 κατά
3227 1941 3326 2012 τὴν
3358 1939 3701 2011 δικαιοσύνην
3733 1956 3853 2006 σου,

595 2035 822 2091 Domine
848 2035 988 2091 Deus
1019 2048 1194 2097 meus,
1221 2041 1272 2086 et
1293 2047 1397 2085 non
1429 2030 1859 2100 supergaudeaut
1887 2029 2015 2082 mibi
2040 2046 2055 2082 :

2002 2029 2055 2082 i:
2270 2034 2443 2105 Κύριε
2477 2037 2504 2088 ὁ
2535 2035 2667 2096 Θεός
2697 2052 2817 2106 μου,
2844 2035 2935 2087 καὶ
2959 2034 3032 2106 μὴ
3063 2034 3454 2105 ἐπιχαρείησάν
3492 2050 3600 2104 μοι.

667 2128 754 2181 51.
788 2125 1108 2180 Nondicant
1140 2124 1193 2176 in
1216 2122 1476 2176 cordibus
1506 2122 1621 2176 suis
1649 2140 1660 2174 :
1695 2120 1862 2190 Euge,
1896 2134 2031 2188 euge
2054 2118 2170 2171 ani-

2339 2127 2428 2180 51.
2479 2127 2552 2197 ((ι)
2603 2127 2696 2196 Μὴ
2743 2127 2991 2180 εἵποισαν
3036 2128 3094 2178 ἐν
3155 2125 3404 2197 καρδίαις
3435 2123 3648 2178 αὐτῶν·
3685 2117 3853 2192 Εὖγε,

596 2235 699 2274 ma:
733 2227 935 2272 nostra:
968 2237 982 2270 ;

2269 2214 2395 2286 εὖγε
2514 2219 2659 2290 ψυχῇ
2690 2219 2878 2289 ἡμῶν

664 2311 751 2365 52.
784 2309 894 2364 Nec
928 2309 1111 2364 dicant
1143 2326 1157 2362 :
1193 2305 1575 2362 devoravimus
1598 2320 1746 2377 eum,

2340 2309 2428 2363 52.
2465 2310 2615 2380 Μηδέ
2647 2311 2848 2363 εῐποιεν
2870 2325 2883 2338 ·
2909 2307 3255 2378 Κατεπίομεν
3287 2307 3467 2361 αὐτόν.

666 2404 752 2457 55.
788 2401 1126 2456 Erubescant
1159 2408 1214 2454 et
1245 2407 1596 2453 revereantur
1629 2394 1813 2460 simul,
1863 2393 1955 2462 qui
1985 2401 2168 2463 gratu-

2345 2401 2432 2454 55.
2469 2401 2894 2471 Αἰσχυνθείησαν
2922 2401 3016 2454 καὶ
3060 2399 3467 2471 ἐκτραπείησαν
3509 2396 3628 2470 ἅμα
3654 2399 3705 2451 οἱ
3735 2399 3857 2451 ἐπι-

594 2495 779 2549 lantur
812 2493 972 2547 malis
1001 2492 1138 2545 mcis
1173 2508 1186 2543 :

2277 2491 2556 2561 χαίροντες
2584 2492 2697 2554 τοῖς
2724 2492 2914 2553 κακοῖς
2945 2507 3046 2560 μου
3066 2505 3078 2519 ⁸

666 2588 756 2641 54.
785 2584 1081 2640 lnduantur
1124 2582 1447 2638 confustone
1478 2588 1529 2635 et
1564 2578 1887 2643 reverentia,
1929 2577 2024 2647 qui
2056 2592 2170 2630 ma-

2347 2584 2434 2638 54.
2467 2583 2904 2637 Ἐνδυσάσοωσαν
2927 2582 3188 2653 αἰσχύνην
3218 2582 3313 2635 καὶ
3343 2579 3610 2652 ἐντροπὴν
3657 2580 3704 2634 οἰ
3758 2595 3862 2650 με·-

597 2696 699 2750 gna
731 2679 1026 2748 loquuntur
1053 2692 1215 2746 super
1245 2689 1331 2728 me
1359 2693 1370 2726 ε

2274 2672 2807 2744 γαλορῤημονοῦντες
2842 2675 2927 2725 ἐπ’
2956 2673 3072 2743 ἐμέ.

667 2770 755 2824 55.
791 2768 1072 2824 Exsultent
1121 2778 1174 2821 et
1223 2766 1493 2828 lmtentur,
1532 2763 1625 2834 qui
1674 2778 1741 2816 vo
1765 2769 1862 2815 unt
1891 2761 2164 2832 justitiam

2346 2763 2434 2817 55.
2465 2764 2940 2833 Ἀγαλλιὰσθωσαν
2972 2763 3069 2816 καὶ
3111 2761 3569 2835 εὐφρανθήτωσαν
3599 2762 3646 2814 οἰ
3675 2759 3863 2813 θέλονο

595 2878 772 2917 meam
804 2881 818 2916 :
2275 2872 2366 2919 τες
2394 2854 2492 2926 τὴν
2517 2856 2862 2927 δικαιοσύνην
2891 2873 3022 2929 μουο

670 2953 742 3024 (η)
778 2951 841 3004 ν.
879 2949 1192 3024 511K992,
1220 2959 1350 3024 etc.,
1378 2966 1474 3024 μοι
1499 2949 1546 3000 οἰ
1575 2947 1754 3018 ἐχθροί
1793 2962 1913 3017 μου.
1962 2943 2027 2998 ν.
2078 2942 2165 3006 52,
2202 2941 2273 2994 Mi

2260 2945 2352 3012 ηδέ
2379 2945 2583 3002 εἴποιεν
2608 2949 2666 3002 ἐν
2695 2946 2893 3019 καρδίᾳ
2927 2943 3130 3011 αὐτῶν,
3171 2954 3275 3001 etc.
3327 2944 3394 3003 V.
3452 2943 3544 3008 53,
3577 2941 3729 3014 Μηδὲ
3775 2944 3861 2997 ετ-

597 3018 771 3086 ποὶεν,
807 3032 911 3077 etc.
951 3020 1013 3073 V.
1049 3018 1136 3087 54,
1168 3018 1617 3090 Αἰσχυνθείησαν,
1655 3030 1757 3072 etc.

1731 3168 2099 3224 ATHANASll
2135 3163 2723 3223 INTERPRETATIO.

665 3336 754 3390 57.
790 3335 870 3388 Ab
912 3331 1241 3387 adversariis
1286 3330 1648 3400 potestatibus
1688 3327 2024 3398 rapientibus
2052 3325 2164 3379 ani-
2197 3346 2238 3405 (ς

2346 3324 2434 3378 57.
2455 3323 2586 3376 Ἀπὸ
2620 3319 2727 3374 τῶν
2754 3319 3012 3374 ἐναντίων
3047 3319 3331 3390 δυνάμεων
3358 3317 3468 3373 τῶν
3501 3318 3864 3390 ἁρπαζόντων

597 3444 739 3482 mam
767 3442 938 3480 meam
971 3424 1294 3480 desolatam.

2273 3416 2370 3487 τὴν
2402 3416 2578 3485 ψυχήν
2609 3429 2708 3484 μου
2740 3412 2838 3482 τὴν
2881 3412 3274 3483 μεμονωμένην

666 3520 752 3574 58.
787 3520 926 3572 Inter
972 3524 1193 3571 sanctos
1245 3525 1369 3567 tuos
1409 3510 1648 3565 narrabo
1698 3508 1982 3574 auxilium,
2025 3506 2170 3577 quod

2343 3508 2431 3561 58.
2463 3507 2584 3558 Ἑπί
2617 3504 2724 3557 τῶν
2750 3504 2919 3572 ἁγίων
2948 3520 3042 3556 σου
3070 3503 3403 3574 διηγήσομαι
3436 3502 3533 3575 τὴν
3572 3505 3724 3578 παρά
3758 3507 3857 3562 σοῦ

597 3611 732 3666 mihi
762 3626 791 3662 a
820 3618 870 3662 te
901 3607 1123 3661 allatum
1155 3613 1258 3659 est.

2278 3615 2366 3669 μοι
2392 3596 2761 3667 γεγενημένην
2787 3593 2861 3665 (2)
2894 3592 3167 3665 βοήθειαν.

666 3703 752 3756 59.
783 3701 847 3754 Et
881 3702 935 3754 in
961 3699 1159 3770 populo
1183 3696 1356 3751 multo
1379 3694 1613 3748 laudabo
1639 3703 1712 3747 te.

2345 3691 2433 3746 59.
2470 3691 2581 3744 Καὶ
2609 3689 2701 3742 ἐπὶ
2731 3686 2861 3739 λαοῦ
2897 3685 3091 3740 πολλοῦ
3126 3686 3325 3740 αἰνέσω
3365 3704 3445 3740 σε.

658 3793 748 3856 40,
776 3793 865 3845 Al.
899 3791 1211 3860 lmportune
1237 3801 1325 3841 me
1358 3785 1485 3840 odio
1511 3784 1792 3848 habentes,
1829 3794 1881 3838 et
1907 3783 2174 3837 meditan-

2343 3781 2434 3845 40,
2465 3779 2554 3833 41.
2586 3780 2650 3833 Oi
2675 3776 2959 3850 μισοῦντές
2984 3793 3051 3846 με
3081 3776 3327 3847 ἀκαίρως
3353 3776 3446 3828 καὶ
3477 3773 3861 3848 βουλευόμενοι

601 3897 679 3941 les
708 3901 792 3939 me
819 3883 1144 3937 interlicere.

1003 3897 1144 3936 cere.
2275 3873 2479 3926 ἀνελεῖν
2515 3889 2602 3943 με.

666 3974 755 4040 42,
791 3973 880 4028 45.
912 3971 1092 4027 Veluti
1144 3971 1555 4025 mussitationes
1601 3967 1819 4036 pietatis
1874 3968 2173 4023 subeuntes

2343 3966 2434 4029 42,
2466 3965 2662 4028 45.“Ως
2718 3961 3022 4034 γογγυσμοὶ
3048 3960 3123 4034 (5)
3175 3960 3489 4026 θεοσεὸείας
3539 3963 3863 4036 ὑπεισερχό-

598 4069 876 4123 tentabant
901 4081 986 4120 me
1015 4065 1293 4119 devorare.

2278 4077 2427 4131 μενοι
2451 4058 2767 4130 ἐπεχείρουν
2801 4057 3138 4125 καταφαγεῖν
3170 4071 3256 4124 με.

667 4160 754 4214 44.
786 4158 1111 4226 Qumrebant
1141 4172 1227 4209 me
1257 4154 1542 4224 deglutire.

2343 4151 2435 4206 44.
2471 4151 2774 4203 Καταπιεῖν
2805 4166 2871 4220 με
2902 4146 3146 4218 ἐζήτουν.

667 4253 757 4306 45.
792 4250 855 4304 Et
877 4250 1065 4304 dicunt
1101 4267 1112 4302 :
1148 4250 1228 4301 Ab
1260 4249 1272 4301 ε
1317 4249 1415 4300 ah!
1449 4247 1727 4302 cadentem
1755 4260 1877 4299 eum
1901 4245 2170 4299 videmus.

2345 4242 2433 4296 45.
2469 4243 2577 4294 Καὶ
2605 4241 2852 4308 λέγουσι·
2883 4239 2991 4292 Ναὶ
3018 4238 3105 4293 ναὶ
3129 4238 3346 4310 ὁρῶμεν
3375 4239 3536 4294 αὐτὸν
3569 4241 3858 4299 πίπτοντα.

669 4345 759 4408 46,
789 4343 876 4396 47.
928 4340 1140 4404 Vidisti,
1178 4338 1418 4406 Domine,
1458 4351 1526 4391 ne
1552 4339 1702 4391 sinas
1732 4351 1817 4390 me
1851 4336 2055 4391 auxilio
2081 4347 2171 4389 tuo

2346 4335 2434 4402 46,
2467 4338 2554 4391 47.
2593 4332 2789 4401 Εἶδες,
2823 4333 3023 4403 Κύριε,
3055 4333 3129 4404 μὴ
3156 4334 3330 4404 ’ἐάσῃς
3366 4350 3432 4404 με
3461 4334 3784 4407 άῦοὴθητον.

597 4439 838 4494 destitui.

667 4531 757 4596 48,
793 4530 881 4584 49.
910 4529 985 4584 lla
1021 4529 1310 4600 prmscribe
1341 4529 1477 4583 mihi
1508 4528 1673 4581 vitam
1711 4541 1890 4580 meam
1922 4523 2173 4579 institue-

2347 4515 2436 4580 48,
2468 4516 2554 4572 49.
2600 4517 2675 4587 (4)
2730 4515 2915 4580 Οὕτως
2961 4516 3140 4587 δρισόν
3190 4533 3278 4585 μοι
3338 4516 3736 4583 πολιτευεσθαι,
3784 4518 3862 4583 ὡς

599 4641 675 4684 re,
712 4623 1172 4692 quemadmodum
1200 4622 1297 4675 tibi
1327 4630 1412 4676 est
1433 4620 1852 4689 beneplaeitum.

1282 4622 1297 4674 i
1327 4630 1412 4676 est
1433 4620 1852 4689 beneplaeitum.
2277 4610 2422 4663 ἔστιν
2453 4628 2534 4664 σοι
2568 4611 2880 4682 εὐάρεστον.

663 4714 752 4768 50.
793 4713 1019 4767 Domine
1056 4711 1197 4768 Deus
1216 4728 1389 4779 meus,
1415 4721 1471 4766 tu
1495 4713 1601 4767 mei
1641 4710 1947 4772 dominare,
1988 4717 2172 4761 etnon
2208 4695 2252 4749 Β

2348 4702 2439 4757 50.
2473 4703 2643 4775 Κύριε
2675 4704 2703 4754 ό
2739 4703 2868 4766 Θεός
2897 4720 3019 4773 μου,
3056 4703 3119 4756 σύ
3167 4720 3268 4774 μου
3311 4701 3622 4772 κυρίευσον,
3648 4703 3744 4757 καὶ
3783 4704 3863 4777 μὴ

600 4807 684 4860 isti
718 4807 976 4860 satellites
1009 4807 1236 4859 inimici.

2279 4787 2425 4846 οὗτοι
2457 4796 2506 4846 οἱ
2540 4793 2633 4846 τοῦ
2667 4791 2862 4864 ἐχθροῦ
2897 4793 3201 4864 δορυφόροι.

671 4899 756 4952 51.
791 4897 868 4953 Ne
904 4899 1172 4967 gaudeant
1203 4899 1369 4952 corda
1393 4912 1582 4950 eorum
1623 4895 1689 4949 de
1712 4895 1866 4963 lapsu
1902 4907 2043 4947 meo.

2349 4888 2439 4941 5|.
2459 4887 2807 4958 Μὴ’χαρῶσιν
2823 4888 2877 4939 αἰ
2895 4869 3112 4957 καρδίαι
3130 4889 3306 4943 αὐτῶν
3319 4890 3412 4943 ἐπὶ
3425 4892 3491 4960 τῇ
3509 4889 3714 4943 πτώσει
3733 4906 3857 4960 μου.

670 4992 758 5044 5Ξ.
788 4990 975 5060 Neque
1010 4991 1328 5061 glorientur,
1360 4988 1552 5042 luerati
1583 4986 1786 5040 fuimus
1809 5001 1955 5037 eum.

1953 5025 1955 5035 π
2353 4983 2440 5036 52.
2464 4983 2613 5053 Μηδὲ
2643 4985 3027 5054 καυχήσονται,
3058 4985 3139 5036 ὃτι
3168 4983 3556 5054 ἐκερδήσαμεν.

669 5083 754 5136 55.
787 5082 860 5136 De
896 5082 1087 5136 iisdem
1123 5081 1418 5135 immundis
1442 5077 1722 5147 spiritibus
1750 5076 2008 5143 loquitur.

2352 5076 2440 5129 53.
2463 5076 2597 5146 Περὶ
2625 5076 2731 5126 τῶν
2757 5074 2935 5126 αὐτῶν
2955 5073 3277 5145 ἀκαθάρτων
3301 5075 3625 5144 πνευμάτων
3651 5073 3821 5141 λέγει.

671 5177 760 5231 54.
797 5175 1086 5230 Edicentes
1110 5192 1194 5227 me
1223 5173 1622 5227 interfecturos.

2351 5168 2440 5222 54.
2481 5169 2542 5220 Οἱ
2572 5166 3028 5238 ἐπαγγελλόμενοί
3065 5184 3131 5237 με
3162 5167 3391 5220 ἀνελεῖν.

670 5267 755 5322 55.
791 5267 864 5321 De
891 5283 995 5332 me,
1016 5266 1160 5336 quod
1181 5281 1206 5317 a
1230 5265 1518 5318 contrariis
1547 5262 1903 5332 potestatibus
1919 5260 2177 5314 liberatus

2351 5261 2773 5323 55.⁹Ρυσθέντος
2823 5279 2924 5331 μου
2965 5260 3072 5313 ἀπὸ
3126 5261 3233 5313 τῶν
3281 5259 3534 5313 ἐναντίων
3575 5259 3859 5330 δυνάμεων

605 5362 723 5427 sim,
755 5370 955 5415 saneta:
993 5370 1097 5413 tuae
1125 5359 1354 5411 virtutes
1380 5357 1672 5410 exsultent.

2281 5351 2731 5419 ἀγαλλιάσθωσαν
2763 5354 2816 5404 αἱ
2851 5351 3001 5419 ἀγιαί
3038 5368 3131 5404 σου
3162 5351 3440 5422 δυνάμεις.

1553 5477 1854 5537 Addenda
1902 5483 1958 5536 et
1992 5473 2366 5550 corrigenda
2400 5489 2477 5533 ex
2522 5471 2660 5532 cod.
2697 5469 2902 5531 Vatic.

664 5588 742 5655 (ι)
780 5585 1220 5654 Μεμαινομένηνο
2274 5575 2494 5655 τὸλίδείν
2517 5574 2998 5655 ςὴνεδικίαχμρε.
3030 5575 3110 5655 N._
3124 5575 3323 5629 493m
3344 5572 3613 5655 {1.339};
3639 5572 3736 5655 ῖᾲς
3761 5571 3855 5625 τοῦ

664 5643 742 5724 ea)
1160 5643 1169 5653 '
2275 5646 2467 5725 €119.99?)
2491 5643 2784 5725 ,ξυλίέιμεις-
2824 5643 2889 5725 Ni
2918 5648 3005 5701 50-
3044 5645 3248 5725 οέτωςς
3280 5655 3382 5725 sne-
3536 5644 3624 5697 δι·
3656 5643 3850 5725 εὐρέε-

666 5713 742 5794 (5)
783 5713 1105 5795 Λογισμοῖη,
1148 5725 1478 5780 καταϐαλεῖν,
1502 5742 1589 5794 με,
2277 5713 2455 5795 Ν.⁵
2487 5713 2657 5795 Μηδὲ
2689 5719 3070 5785 καυχήσονται,
3099 5715 3506 5795 ὅτι-ἐκέρδηπάγ
3539 5731 3624 5782 με.
3656 5714 3723 5766 Ν.
3760 5713 3853 5770 55,

665 5786 740 5868 (4)
782 5786 965 5851 31-48.-
1009 5799 1095 5860 Εἰς
1137 5799 1263 5852 αὐτὸ
1323 5795 1476 5848 τοῦτο
1503 5786 1714 5848 ’ἑαυτὸν
1752 5793 2052 5860 διήγειρον,
2089 5807 2166 5852 εις
2277 5789 2364 5845 Mi:
2400 5789 2764 5845 καυγῆσονται
2805 5789 2880 5846 αἱ,
2915 5797 3017 5842 etc.
3056 5788 3122 5841 Ν.
3153 5787 3237 5840 54.
3275 5787 3407 5843 Περὶ
3432 5786 3563 5842 τῶν.
3599 5794 3706 5836 θ’θ’.
