4060 6452
146 407 243 460 781
1021 405 1106 458 DE
1143 403 1418 460 TlTULlS
1454 400 1904 457 PSALMORUM.
1948 432 2014 440 --
2053 401 2242 454 PSAL.
2291 402 2505 454 XXXV.
3272 407 3376 460 78?.

336 521 446 574 Kal.
471 521 780 575 εἰπάτωσαν
800 522 1084 586 διαπαντός
1105 541 1116 552 '
1149 524 1536 594 μεγαλυνθήτω
1558 524 1585 575 ὁ
1606 523 1715 574 Κύ-
1747 529 1788 583 Α

1774 551 1788 582 ι
1884 520 1969 574 56.
2018 519 2079 572 l-It
2127 519 2308 572 dicant
2361 535 2617 588 semper:
2666 518 3032 589 Magnilicetur
3093 521 3377 592 Dominus,

144 633 283 683 ριος.

216 708 306 760 ΞΠ.
342 709 402 758 Oi
433 707 674 769 θέλοντες
704 706 800 776 τὴν
822 706 1043 776 εἰρήνην
1077 706 1170 759 τοῦ
1205 707 1389 761 δοῦλον
1424 707 1608 759 αὐτοῦ.

1279 707 1389 760 ςλου
1424 707 1608 759 αὑτοῦ,
1894 697 1980 751 57.
2011 697 2112 763 Qui
2145 697 2330 750 volunt
2358 711 2543 765 pacem
2576 697 2714 750 servi
2743 696 2882 765 ejus.

218 801 307 852 58.
341 801 503 870 Καὶὴ
537 799 757 866 γλῶσσα
794 817 892 869 μου
921 800 1205 869 μελετήσει
1234 799 1330 870 τὴν
1374 800 1717 868 δικαιοσύνην

1891 791 1977 844 58.
2017 788 2079 841 Et
2114 790 2290 858 lingua
2345 804 2462 841 mea
2513 789 3146 859 meditabiturjustitiam
3192 801 3377 848 tuam:

144 907 278 943 σου⁶

216 984 305 1037 59.
343 984 511 1053 Ὅλην
535 984 632 1055 τὴν
665 983 878 1054 ἡμέραν
911 983 1001 1034 τὸν
1032 983 1249 1034 ἔπαινόν
1286 1000 1396 1035 σου.

1094 983 1249 1034 ταινόν
1286 1000 1396 1035 σου.
1889 978 1978 1031 59.
2013 976 2146 1029 Tota
2177 976 2261 1028 die
2287 974 2496 1028 laudem
2528 983 2697 1028 tuam.

267 1100 373 1164 Εἰς
405 1098 471 1151 τὸ
505 1098 707 1164 τέλος’
740 1096 820 1160 τῷ
850 1097 1010 1149 παιδὶ
1041 1098 1257 1163 Κυρίου
1290 1096 1368 1160 τῷ
1398 1097 1593 1150 Δαϐίδ.
1822 1088 1869 1142 Il

1822 1088 1886 1142 In
1913 1091 2068 1158 linem
2093 1104 2110 1140 :
2138 1104 2281 1141 servo
2311 1086 2518 1139 Domini
2549 1086 2738 1140 David.
2779 1085 3122 1142 PSALMUS
3150 1086 3379 1142 XXXV.

734 1171 958 1221 ΨΑΛΜ.
999 1167 1128 1219 AE’.

218 1261 270 1314 1.
313 1260 478 1329 Φησὶν
499 1262 526 1312 ὁ
553 1261 867 1329 παράνομος
899 1256 992 1309 τοῦ
1028 1258 1358 1326 ἁμαρτάνειν
1391 1259 1446 1308 ἐν
1481 1254 1690 1331 ἐαυτῷ·

1893 1268 1945 1322 1.
1978 1265 2114 1321 Dicit
2137 1265 2390 1334 injustus,
2430 1273 2488 1316 ut
2517 1263 2794 1332 delinquat
2825 1262 2875 1314 in
2913 1263 3237 1332 semetipso;

214 1353 267 1404 2.
309 1353 422 1403 Οῦκ
460 1352 573 1403 ἔστι
606 1350 766 1418 φόϐος
806 1349 938 1401 Θεοῦ
974 1349 1235 1400 ἀπέναντι
1283 1348 1388 1398 τῶν
1427 1345 1721 1416 ὀφθαλμῶν

1478 1345 1721 1416 Ροαλμῶν
1890 1361 1942 1414 9..
1974 1359 2092 1413 Non
2123 1366 2204 1412 est
2237 1359 2400 1411 timor
2436 1356 2526 1412 Dei
2563 1365 2688 1410 ante
2715 1357 2899 1410 oculos
2923 1356 3041 1424 ejus
3067 1375 3081 1412 :

143 1462 347 1496 αυτου⁶

213 1537 267 1588 5.
308 1537 428 1587 Ὅτι
455 1535 712 1588 ἐδὸλωσεν
746 1533 974 1587 ἐνώπιον
997 1532 1161 1586 αὐτοῦ
1185 1551 1196 1563 ·

1892 1515 1944 1567 5.
1976 1513 2238 1579 Quoniam
2269 1515 2453 1568 dolose
2482 1515 2589 1583 egit
2619 1513 2670 1566 in
2703 1523 2995 1582 conspectu
3019 1513 3173 1581 ejus;

214 1626 266 1679 4.
302 1626 407 1678 Τοῦ
439 1627 616 1696 εὑρεῖν
651 1627 746 1697 τὴν
774 1627 998 1696 ἀνομίαν
1025 1625 1212 1690 αὑτοῦ,
1249 1625 1343 1678 καὶ
1379 1625 1624 1694 μισῆσαι.

1896 1605 1947 1659 4.
1984 1603 2051 1659 Ut
2099 1606 2362 1658 inveniret
2411 1605 2750 1674 iniquitatem
2799 1620 2992 1665 suam,
3035 1614 3088 1656 et
3125 1604 3249 1657 odio
3294 1605 3387 1658 ba-

591 1697 595 1701 .
1824 1697 1994 1750 beret.

216 1803 270 1855 fi.
305 1802 385 1854 Τὰ
407 1803 625 1872 ῥήματα
647 1802 738 1854 τοῦ
761 1803 1024 1872 στόματος
1043 1801 1204 1855 αὐτοῦ
1226 1801 1422 1872 ἀνομία
1438 1801 1531 1852 καὶ
1552 1798 1719 1860 δόλος·

1438 1801 1531 1852 καὶ
1552 1798 1719 1860 δόλος·
1897 1788 1949 1842 5.
1979 1786 2152 1840 Verba
2187 1787 2298 1840 oris
2326 1801 2444 1855 ejus
2477 1786 2735 1855 iniquitas
2760 1795 2814 1838 et
2837 1787 2993 1840 dolus
3019 1806 3031 1840 :

218 1895 271 1948 o.
305 1871 418 1947 osi
437 1871 711 1964 ἠϐουλήθη
749 1871 985 1947 συνιέναι
1013 1895 1104 1947 τοῦ
1139 1893 1425 1964 ἁγαθῦναι.
1755 1871 1799 1929 Β

1398 1912 1425 1944 ι,
1755 1871 1799 1929 Β
1898 1881 1950 1933 6.
1983 1878 2164 1932 Noluit
2200 1877 2500 1946 intelligere
2535 1885 2594 1929 ut
2624 1876 2757 1929 bene
2789 1888 3001 1948 ageret:

219 1984 271 2037 7.
316 1985 568 2054 Ἀνομίαν
592 1985 927 2055 διελογίσατο
960 1987 1049 2037 ἐπὶ
1076 1987 1174 2054 τῆς
1199 1986 1384 2055 κοίτης
1419 1983 1581 2035 αὑτοῦ
1604 1998 1617 2012 ·

1604 1998 1617 2012 ·
1896 1973 1946 2025 7.
1980 1973 2320 2040 lniqnitatem
2356 1970 2644 2024 meditatus
2667 1978 2749 2023 est
2778 1970 2829 2022 in
2863 1971 3024 2024 cubili
3057 1984 3195 2024 suo:

218 2076 272 2130 8.
309 2077 559 2148 Παρέστη
584 2078 734 2147 πασῃ
767 2077 871 2148 ὁδῷ
897 2079 994 2129 οὐκ
1023 2077 1200 2146 ἀγαθῇ
1227 2093 1239 2104 ·

1227 2093 1239 2104 ·
1895 2067 1944 2121 8.
1979 2067 2165 2121 Aslitit
2196 2065 2344 2119 omni
2371 2065 2468 2118 vim:
2495 2080 2604 2117 non
2636 2064 2823 2117 bonaz:

216 2169 270 2222 9.
304 2170 489 2240 Κακία
521 2170 577 2222 δὲ
604 2171 662 2222 οὐ
698 2167 1060 2239 προσώχθισε.

1891 2159 1944 2212 9.
1978 2158 2236 2211 Malitiam
2270 2167 2448 2211 autem
2479 2171 2585 2209 non
2619 2156 2807 2210 odivit.

221 2261 308 2315 10.
339 2262 531 2332 Κύριε,
565 2264 622 2313 ἐν
656 2261 731 2331 τῷ
758 2261 972 2332 οὐρανῷ
997 2263 1058 2314 τὸ
1090 2261 1236 2324 ἔλεός
1278 2278 1370 2313 σου
1393 2277 1406 2291 ·

1895 2251 1981 2305 10.
2019 2250 2269 2315 Domine,
2309 2249 2362 2302 in
2388 2252 2525 2303 coelo
2553 2249 2924 2302 misericordia
2958 2257 3067 2302 tua.

221 2352 310 2403 11.
344 2353 452 2405 Καὶ
476 2355 508 2423 ἡ
539 2353 770 2424 ἀλήθειά
802 2371 894 2406 σου
924 2355 1027 2416 ἓως
1050 2353 1158 2406 τῶν
1186 2353 1443 2420 νεφελῶν.

1348 2353 1443 2406 ῶν,
1902 2343 1986 2396 11.
2025 2341 2090 2395 Ει
2116 2341 2314 2395 veritas
2344 2350 2435 2394 tua
2459 2355 2631 2408 usque
2664 2340 2729 2393 ad
2760 2341 2951 2393 nubes.

222 2443 310 2501 12.
358 2446 422 2498 Ἡ
448 2446 758 2517 δικαιοσύνη
792 2464 885 2500 σου
913 2447 988 2499 ὼρ
1009 2447 1108 2499 δοτι
1141 2445 1277 2498 Θεοῦ
1303 2461 1314 2474 ⁸

1904 2437 1991 2490 12.
2026 2434 2244 2490 Justitia
2279 2441 2372 2488 tua
2399 2433 2541 2488 sicut
2568 2441 2781 2486 montes
2808 2432 2935 2488 Dei:

1289 2619 1660 2674 ATHANASII
1701 2613 2281 2671 INTERPRETATIO.

224 2777 314 2831 56.
346 2778 456 2831 Καὶ
491 2777 771 2841 δοξάσουσι
802 2778 862 2830 τὸ
891 2776 1060 2846 ὄνομά
1091 2793 1182 2828 σου
1217 2777 1280 2828 δι’
1316 2775 1436 2845 ἐμέ.

2033 2769 2098 2822 Et
2125 2778 2340 2838 propter
2367 2784 2453 2823 me
2475 2769 2777 2839 gloriﬁcent
2803 2785 2995 2823 nomen
3031 2782 3202 2825 tuum.

224 2868 312 2922 57.
347 2871 408 2922 Οἱ
445 2869 588 2936 ἆγιοι
615 2868 705 2921 τοῦ
738 2869 870 2921 Θεοῦ
899 2868 1139 2935 ἄγγελοι.

958 2868 1139 2935 ’γελοι.
1904 2862 1990 2913 ἲὶῖ.
2031 2861 2212 2915 Sancti
2240 2862 2410 2930 angeli
2450 2861 2561 2915 Dei.

225 2959 314 3013 58.
345 2962 452 3013 Καὶ
475 2962 658 3013 λοιπὸν
681 2961 875 3030 μελετή
886 2977 960 3012 σω
982 2962 1038 3012 ἐν
1060 2963 1169 3022 τοῖς
1193 2959 1578 3029 προστάγμασί
1610 2977 1724 3011 σου.

1628 2977 1724 3011 που.
1906 2956 1992 3007 iis.
2035 2954 2098 3006 Et
2127 2955 2351 3022 posthac
2377 2955 2427 3004 in
2466 2953 2747 3022 praeceptis
2775 2953 2886 3006 tuis
2911 2955 3231 3010 meditabor.

227 3054 318 3106 59.
363 3054 450 3106 Ἐν
481 3053 560 3122 τῷ
588 3055 725 3120 φωτὶ
752 3052 1041 3112 ἀπαύστως
1072 3052 1367 3119 ἁνυμνήσω
1397 3067 1479 3103 σε.

1348 3071 1367 3100 ι)
1397 3067 1479 3103 σε.
1908 3049 1996 3102 59.
2027 3047 2362 3102 InceSsantcr
2391 3048 2622 3104 laudabo
2649 3059 2698 3103 te
2730 3048 2782 3101 in
2813 3050 2951 3102 luce.

235 3212 304 3263 Ἢ
326 3208 659 3281 προκειμένη
679 3207 955 3279 ἐπιγραφὴ
983 3205 1227 3278 περιέχει
1269 3204 1345 3273 (Ι)
1372 3222 1384 3233 ·
1419 3206 1524 3269 Εἰς
1562 3203 1626 3257 τὸ
1652 3203 1827 3267 τέλος
1855 3200 1932 3265 τῷ
1965 3201 2161 3267 δούλῳ
2189 3199 2410 3268 Κυρίου
2445 3201 2523 3267 τῷ
2545 3204 2740 3256 Δαϐίὸ.
2774 3203 2941 3257 Τοῦτο
2969 3198 3060 3258 οῦν
3100 3206 3267 3274 λέγει,
3318 3208 3400 3259 ὅτι

153 3309 181 3360 ὁ
207 3305 422 3375 ψαλμῶ
451 3299 604 3366 οὗτος
637 3303 849 3374 εἴρηται
882 3303 976 3356 ἐπί
1013 3301 1286 3371 συντελείᾳ
1319 3301 1426 3352 τῶν
1453 3299 1661 3352 αἰώνων
1685 3298 1759 3367 τῷ
1781 3297 1894 3366 λαῷ
1921 3297 1997 3366 τῷ
2029 3296 2330 3349 δουλεῦοντι
2363 3297 2441 3366 τῷ
2475 3297 2662 3369 Κυρίῳ
2686 3298 2763 3368 τῷ
2789 3299 3148 3369 πεποθημένῳ
3188 3303 3278 3354 ὑπ’
3303 3304 3398 3356 αὑ-

154 3401 249 3453 τοῦ
271 3419 284 3430 ·
315 3400 449 3468 πρὸς
482 3399 578 3469 μὲν
616 3399 715 3467 τὴν
748 3396 842 3449 τοῦ
876 3396 1120 3449 διαϐόλου
1152 3396 1417 3464 πονηρίαν
1447 3395 1521 3462 (2)
1553 3394 1693 3465 [καὶ]
1725 3395 2088 3446 ἐπανάστασιν
2130 3393 2268 3445 κατὰ
2301 3392 2392 3444 τοῦ
2423 3394 2612 3460 γένους
2645 3393 2753 3446 τῶν
2799 3394 3116 3466 ἀνθρώπων.
3156 3398 3291 3467 πρὸς
3345 3400 3400 3452 δὲ

153 3500 255 3569 τὴν
287 3497 381 3550 τοῦ
413 3496 548 3549 Θεοῦ
574 3494 883 3563 ἀγαθότητα
905 3494 998 3544 καὶ
1031 3491 1439 3562 φιλανθρωπίαν
1472 3491 1534 3544 τὸ
1560 3491 1674 3553 πῶς
1704 3493 1866 3543 πᾶσιν
1893 3490 2200 3559 ἀνθρώποις
2243 3490 2508 3553 πλουσίως
2543 3490 2721 3559 ἐκχέει
2750 3490 2839 3542 τὸν
2879 3490 3069 3544 ἑαυτοῦ
3117 3493 3260 3546 ἔλεον
3311 3497 3400 3550 καὶ

155 3597 253 3666 τὴν
283 3595 440 3665 χάριν
472 3592 568 3660 (5).

228 3713 443 3766 Titulus
492 3710 817 3782 prmpositns
864 3711 1149 3764 continet:
1185 3708 1249 3763 In
1273 3710 1429 3778 ﬁnem
1456 3726 1600 3762 servo
1630 3710 1845 3764 Domini
1886 3711 2077 3765 David.
2118 3711 2229 3766 Hoc
2276 3712 2440 3782 igitur
2487 3711 2774 3782 signiﬁcat,
2815 3711 2957 3780 quod
3013 3713 3255 3781 psalmus
3304 3716 3402 3770 iste

155 3806 337 3860 dictus
365 3814 448 3860 est
481 3806 534 3858 in
563 3805 1032 3858 consummatione
1065 3804 1386 3859 smculorum
1412 3806 1640 3874 populo,
1676 3807 1768 3875 qui
1806 3809 1974 3862 servit
2008 3808 2257 3872 Domino,
2283 3819 2335 3863 et
2371 3808 2439 3862 ab
2471 3823 2536 3861 eo
2575 3808 2913 3862 desideratus
2941 3817 3025 3861 est
3052 3823 3066 3860 :
3108 3807 3173 3861 de.
3208 3814 3400 3879 nequi-

154 3900 229 3956 tia
262 3898 484 3968 quidem
527 3909 579 3952 ct
605 3897 1004 3952 insurrectione
1049 3898 1249 3952 diaboli
1295 3899 1554 3953 adversus
1596 3916 1766 3969 genus
1807 3901 2136 3963 humanum;
2167 3901 2233 3954 de
2267 3901 2509 3954 bonitate
2546 3912 2723 3954 autem
2775 3898 2887 3960 Dei,
2912 3910 2962 3952 et
2997 3915 3120 3967 erga
3156 3901 3401 3956 homines

155 3995 558 4060 benevolentia,
594 3994 868 4063 quomodo
904 3995 956 4047 in
994 3994 1304 4049 universum
1341 3995 1639 4050 humanum
1675 4013 1846 4067 genus
1873 3998 2091 4052 divitias
2121 3998 2508 4052 misericordia!
2539 4007 2591 4052 et
2629 3997 2817 4065 gratia?
2839 4013 2952 4049 sum
2982 3995 3226 4050 ell'undit.

226 4093 280 4146 1.
318 4091 515 4157 Φησὶν
535 4092 564 4143 ὁ
590 4089 927 4161 ἁμαρτάνειν
959 4089 1126 4143 θέλων
1151 4093 1207 4144 ἐν
1234 4091 1434 4162 ἐαυτῷ·
1762 4098 1803 4154 C

1762 4098 1803 4154 C
1912 4096 1960 4146 1.
1995 4094 2130 4147 Dicit
2159 4110 2383 4166 peccare
2414 4095 2601 4149 volens
2629 4094 2682 4146 in
2719 4094 3043 4161 semetipso:

223 4187 280 4240 2.
313 4186 427 4238 Οὐκ
464 4183 576 4236 ἔστι
607 4183 785 4255 κρίσις
813 4181 945 4234 Θεοῦ
975 4183 1032 4235 ἐν
1061 4182 1136 4252 τῷ
1167 4183 1412 4253 μέλλοντι
1449 4183 1620 4238 αἰῶνι.

1900 4188 1952 4242 2.
1987 4187 2104 4242 Non
2134 4197 2218 4243 est
2245 4188 2487 4242 divinum
2508 4187 2772 4256 judicium
2803 4187 2856 4238 in
2884 4183 3066 4238 futuro
3092 4187 3312 4240 srecnlo.

225 4279 279 4341 5,
313 4279 368 4333 4.
405 4277 575 4331 Τοῦτο
602 4277 658 4328 δέ
687 4276 828 4344 λέγει
861 4277 889 4327 ὁ
930 4274 1168 4338 τοιοῦτος
1192 4313 1205 4337 ,
1248 4277 1330 4329 δτι
1371 4279 1432 4329 οῦ
1471 4277 1731 4349 προέθετο

1903 4280 1956 4340 '5,
1994 4281 2048 4333 4.
2085 4279 2197 4333 Hoc
2225 4290 2401 4334 autem
2437 4280 2482 4333 is
2508 4280 2660 4343 dicit,
2694 4279 2948 4348 quoniam
2981 4291 3084 4330 non
3117 4278 3399 4346 proposuit

155 4371 250 4425 τοῦ
283 4371 360 4441 (4)
391 4369 686 4437 ἐπιγνῶναι
709 4369 809 4439 τὴν
856 4367 1044 4421 ἑαυτοῦ
1085 4367 1358 4439 ἁμαρτίαν
1387 4371 1480 4421 καὶ
1527 4369 1728 4423 παίσα-

1387 4371 1480 4421 καὶ
1527 4369 1728 4423 παίσα-
1833 4387 2127 4442 agnoscere
2161 4383 2438 4442 peccatum
2466 4386 2626 4426 suum
2652 4381 2708 4424 et
2735 4371 2972 4440 abigere.

157 4465 306 4517 σθαι.

223 4551 275 4604 5.
319 4549 384 4602 Ἡ
409 4549 705 4620 ἐνθύμησις
723 4551 821 4620 τῆς
853 4549 1079 4620 καρδίας
1110 4549 1301 4606 αὐτοῦ.

1016 4565 1079 4611 ας
1110 4549 1301 4606 αὐτοῦ.
1903 4556 1954 4611 5.
1983 4553 2249 4624 Cogitatio
2276 4553 2451 4608 cordis
2480 4551 2615 4622 ejus.

227 4641 280 4695 6.
310 4642 425 4695 Οῦκ
450 4642 712 4712 ἠθέλησεν
735 4642 1047 4709 ἐπιγνῶναι,
1075 4643 1166 4694 καὶ
1184 4644 1401 4713 ποιῆσαι
1421 4644 1478 4696 τὸ
1497 4645 1720 4712 ἀγαθον.

1428 4644 1478 4696 τὸ
1497 4645 1720 4712 ἀγαθόν.
1900 4647 1952 4699 6.
1989 4647 2165 4700 Noluit
2193 4659 2484 4714 agnoscere
2511 4653 2563 4698 et
2597 4643 2772 4698 facere
2807 4643 3031 4696 bonum.

228 4731 279 4785 7.
327 4732 528 4802 Ἀλλ’ἠ
578 4733 881 4794 ἀνάπαυσις
931 4731 1029 4801 τῆς
1074 4731 1254 4801 ψυχῆς
1303 4734 1464 4785 αὑτοῦ
1526 4736 1725 4806 ἀνομία

1526 4736 1725 4806 ἀνομία
1900 4737 1952 4790 7.
1986 4736 2087 4790 Sed
2119 4737 2332 4805 requies
2361 4736 2556 4788 animo:
2578 4735 2695 4803 ejus
2723 4735 2980 4804 iniquitas
3005 4740 3105 4787 est.

157 4814 424 4893 τυγχάνεί
441 4825 540 4896 (5).

226 4915 279 4979 8,
316 4917 371 4972 9.
408 4916 483 4986 (6)
513 4915 636 4968 Οὐδ’
666 4915 938 4984 ἐνέμεινεν
958 4919 1014 4970 ἐν
1057 4920 1154 4990 μιᾷ
1187 4918 1355 4989 κακία
1381 4961 1394 4983 ,
1430 4919 1565 4972 ἀλλὰ
1609 4919 1724 4971 δια-

1899 4916 1949 4979 8,
1974 4914 2025 4970 9.
2058 4913 2239 4983 Neque
2269 4914 2320 4967 in
2348 4930 2452 4968 una
2479 4915 2676 4970 mansit
2703 4913 3008 4984 iniquitate,
3039 4913 3130 4968 scd
3155 4913 3395 4968 diversas

160 5008 354 5080 φόρους
375 5009 666 5077 ἐπενόησεν
699 5009 894 5079 ἐαυτῷ.

709 5009 894 5079 ἑαυτῷ.
1833 5009 1936 5062 sibi
1968 5009 2312 5078 excogitavit.

229 5101 317 5156 10.
363 5101 449 5153 Ἐν
478 5103 587 5164 τοῖς
613 5101 680 5153 τα
713 5102 936 5172 οὐράνια
967 5102 1219 5171 φρονοῦσι
1244 5103 1303 5154 τὸ
1329 5101 1474 5164 ἔλεός
1503 5119 1614 5153 σου.

1902 5103 1987 5155 10.
2017 5101 2074 5154 In
2106 5103 2469 5172 cogitantibus
2496 5099 2735 5155 caelestia
2762 5099 3132 5155 misericordia
3164 5106 3275 5152 tua.

230 5195 317 5248 11.
351 5195 470 5247 Τῶν
497 5194 673 5246 αὐτῶν
697 5195 886 5263 ἁγίων.
917 5195 1088 5262 λέγει.

1906 5196 1991 5247 Η.
2029 5192 2211 5263 Usque
2243 5194 2306 5248 ad
2347 5196 2494 5264 ipsos
2524 5202 2763 5255 sanctos,
2799 5192 2950 5246 dicit.

227 5289 313 5342 12.
352 5289 411 5339 Οἱ
445 5288 641 5340 δίκαιοι
673 5287 769 5356 (7).
1758 5283 1800 5335 1)

578 5304 641 5338 ιοι
673 5287 769 5356 (7).
1758 5283 1800 5335 ι)
1907 5288 1993 5339 12.
2025 5285 2181 5339 Iusti.

1104 5464 1404 5528 Addenda
1442 5473 1501 5527 ct
1532 5467 1906 5543 corrigenda
1947 5483 2022 5525 ex
2076 5465 2213 5523 cod.
2251 5463 2454 5522 Valic.

222 5630 296 5764 (1)
333 5630 394 5682 'H
421 5629 508 5684 διὰ
543 5629 643 5699 τῆς
674 5629 1040 5699 κινναϐάρεως
1080 5646 1204 5700 περ.
1904 5627 1980 5694 (ἶί)
2027 5628 2310 5698 ’Υπάρχει.

241 5703 294 5764 2)
325 5703 570 5764 Πονηρὰν
592 5705 747 5752 ἁπαν.
1905 5696 1978 5764 (6)
2012 5697 2071 5750 Ν.
2093 5701 2146 5752 8.
2180 5701 2310 5764 Τέρτ

241 5703 294 5770 2)
325 5703 570 5772 Πονηρὰν
592 5695 748 5773 ἑπαν.
908 5695 917 5699 ⁷
1156 5695 1164 5700 ’
1834 5768 1875 5773 __
1905 5696 1978 5773 (fi)
2176 5695 2449 5773 Τέρπεται
2469 5698 2738 5773 ἐπιμένων
2772 5698 2917 5769 πάσῃ
2948 5696 3049 5764 ὀδῷ
3070 5695 3168 5751 οὐκ
3201 5695 3402 5773 ἁγαθοῇ.

220 5768 295 5844 (ξ)
325 5773 432 5844 ’[ὴν
456 5768 658 5824 ’ἑαυτοῦ
693 5772 864 5842 χάριν.
1332 5839 1349 5844 Α
2021 5771 2132 5844 [lini
2153 5811 2169 5844 .
2195 5811 2207 5821 .
2229 5809 2241 5821 .
2278 5772 2531 5844 ἐποίησεν
2559 5770 2753 5839 ἑαυτῷ.

223 5839 300 5911 (6)
327 5839 432 5896 Τοῦ
465 5846 606 5896 deest
627 5839 858 5896 incolt”
888 5881 898 5891 .
931 5879 942 5891 .
966 5847 1061 5894 καὶ
1104 5839 1428 5893 παύσασθαι.

849 5881 858 5892 .
888 5881 898 5891 .
931 5879 942 5891 .
966 5847 1061 5894 καὶ
1104 5839 1428 5893 παύσασθαι.
1901 5840 1977 5906 (7)
2014 5842 2078 5893 Οἱ
2115 5841 2308 5892 δίκαιοί
2339 5857 2451 5892 σου.
