4060 6444
637 333 739 390 785
1481 340 1536 395 S.
1590 338 1964 397 ATHANASII
2002 337 2152 398 OPP.
2186 338 2365 396 PARS
2400 335 2488 395 III.
2517 369 2586 380 —
2618 336 3032 395 EXEGETICA.
3780 339 3883 399 784

710 456 798 511 15.
825 454 1033 512 Judieia
1065 465 1154 513 tua
1180 458 1411 530 abyssus
1443 462 1633 520 multa.
2234 468 2281 524 A

2234 468 2281 524 Α
2378 461 2465 516 1ὖ.
2494 460 2573 514 Τὰ
2601 458 2842 531 κρίματα
2867 476 2961 513 σου
2993 458 3231 524 ἄϐυσσος
3263 460 3453 531 πολλῆ.

711 548 796 602 14.
835 546 1091 605 Homines
1112 560 1165 605 et
1189 551 1433 622 iumenta
1461 554 1724 617 salvabis,
1760 551 2006 608 Domine.

2375 553 2461 607 M.
2510 551 2851 623 Ἀνθρώπους
2878 553 2971 606 καὶ
3008 553 3179 623 κτήνη
3204 552 3420 617 σώσεις,
3447 552 3642 625 Κύριε.

707 641 794 695 15.
833 641 1300 708 Quemadmodum
1342 646 1714 717 multiplicasti
1762 646 2199 702 misericordiam

1993 646 2199 702 ordiam
2375 645 2464 700 15.
2500 646 2587 709 Ὠς
2620 643 2925 716 ἑπλήθυνας
2953 645 3014 697 τὸ
3042 644 3188 709 ἔλεός
3225 662 3342 710 σου,
3365 647 3394 700 ό
3425 646 3596 710 Θεόςι

641 740 811 792 tuam.
849 731 1025 788 Deus!

715 823 794 877 16.
823 823 942 878 Filii
978 833 1161 880 autem
1185 824 1471 880 hominum
1496 826 1550 880 in
1576 826 1814 899 tegmine
1844 826 2054 883 alarum
2083 835 2203 883 tua-

2375 821 2461 877 16.
2490 824 2553 876 Οἱ
2578 823 2636 876 δὲ
2680 824 2787 876 υίοὶ
2826 821 3133 894 ἀνθρώπων
3162 824 3219 876 ὲν
3257 824 3440 897 σκέπῃ
3457 824 3566 879 τῶν
3595 827 3885 897 πτερύγων

637 926 757 971 rum
785 913 1084 982 sperabunt
1110 930 1124 966 :

1110 930 1124 966 :
2307 933 2399 969 σου
2426 915 2693 971 ἐλπιοῦσι.

704 1003 790 1057 17.
823 1003 1239 1058 lnebriabuntur
1260 1004 1330 1059 ab
1352 1004 1598 1061 ubertate
1626 1005 1823 1062 domus
1850 1014 1990 1063 tuae:

2374 1007 2459 1061 17.
2489 1006 2933 1078 Μεθυσθὴσονται
2964 1006 3073 1060 ἀπὸ
3096 1006 3351 1079 πιότητος
3389 1007 3539 1062 οἴκου
3572 1025 3667 1063 σου
3686 1023 3700 1037 ·

705 1094 793 1150 18.
830 1094 896 1150 Ει
930 1104 1169 1151 torrente
1205 1095 1497 1167 voluptatis
1532 1106 1640 1152 tuae
1667 1098 1882 1168 potabis
1914 1112 2031 1153 eos.

2374 1098 2461 1153 18.
2487 1098 2598 1153 Καὶ
2630 1099 2720 1152 τὸν
2760 1100 3092 1172 χειμάρρουν
3143 1100 3243 1171 τῆς
3282 1099 3496 1171 τρυφῆς
3536 1117 3629 1153 σου
3677 1103 3885 1164 ποτιεῖς

924 1198 929 1214 ‘
2303 1189 2524 1255 αὐτούς.

705 1272 792 1328 19.
815 1270 1083 1339 Quoniam
1119 1273 1262 1344 apud
1291 1280 1344 1328 te
1377 1271 1501 1329 fons
1523 1273 1647 1329 vitae
1671 1292 1683 1328 :

2368 1283 2455 1338 19.
2492 1284 2615 1337 Ὅτι
2643 1282 2794 1354 παρὰ
2834 1284 2918 1337 σοὶ
2952 1283 3105 1355 πηγὴ
3141 1283 3285 1356 ζωῆς
3312 1301 3325 1317 ·

702 1359 793 1419 21).
833 1363 889 1417 In
917 1364 1119 1418 lumine
1152 1374 1245 1418 tuo
1271 1364 1577 1422 videbimus
1600 1366 1785 1421 lumen

2369 1376 2460 1432 20.
2503 1377 2589 1430 Ἐν
2612 1375 2690 1447 τῷ
2714 1375 2852 1446 φωτί
2881 1393 2977 1429 σου
3010 1375 3253 1447 ὀψόμεθα
3279 1376 3416 1445 φῶς.

701 1457 791 1511 21.
824 1456 1101 1513 Praetende
1126 1457 1563 1514 misericordiam
1608 1468 1759 1513 tuam
1788 1458 2087 1515 scientibus
2115 1467 2195 1527 te;

2367 1466 2457 1520 21.
2489 1466 2822 1539 Παράτεινον
2846 1466 2908 1519 τὸ
2940 1466 3086 1529 ἔλεός
3122 1482 3216 1520 σου
3252 1470 3364 1530 τοῖς
3383 1465 3715 1536 γινώσκουσί
3743 1483 3825 1519 σε’

698 1549 789 1604 22.
821 1549 886 1604 Ει
909 1549 1182 1620 justitiam
1230 1561 1378 1605 tuam
1410 1551 1516 1617 his,
1543 1551 1637 1620 qui
1679 1559 1828 1606 recto
1862 1558 1989 1607 sunt
2014 1551 2194 1607 corde.

2368 1555 2459 1610 22.
2496 1556 2603 1609 Καὶ
2627 1554 2725 1627 τὴν
2756 1555 3101 1627 δικαιοσύνην
3131 1573 3223 1609 σου
3244 1560 3355 1619 τοῖς
3375 1556 3641 1629 εὺθέσιτῇ
3656 1556 3880 1627 καρδίᾳ.

702 1640 790 1693 25.
822 1638 939 1696 Νοη
966 1640 1145 1695 veniat
1172 1641 1305 1695 mihi
1329 1656 1423 1711 pes
1455 1641 1757 1711 superbiae:

2367 1647 2455 1701 25.
2484 1646 2574 1717 Μὴ
2602 1646 2800 1700 ἐλθέτω
2832 1663 2922 1718 μοι
2954 1646 3089 1711 ποῦς
3114 1647 3521 1720 ὑπερηφανίας·

700 1730 792 1784 24.
827 1728 893 1785 Et
925 1746 1121 1786 manus
1151 1731 1452 1802 peccatoris
1486 1744 1594 1785 non
1629 1737 1846 1785 moveat
1867 1744 1971 1784 me.

2364 1738 2459 1792 24.
2490 1737 2601 1790 Καὶ
2630 1737 2752 1808 χεὶρ
2776 1737 3108 1807 ἀμαρτωλοῦ
3151 1738 3225 1811 μὴ
3253 1738 3515 1793 σαλεῦσαι
3555 1756 3642 1810 με.

699 1824 788 1878 25.
821 1823 895 1878 lbi
923 1823 1241 1879 ceciderunt
1274 1838 1484 1888 omnes,
1529 1823 1624 1894 qui
1660 1831 1954 1891 cperantur
1999 1818 2200 1891 iniqui-
2229 1812 2273 1870 Β

2369 1830 2464 1885 25.
2510 1829 2658 1883 Ἐκεῖ
2688 1828 2884 1883 ἔπεσον
2920 1830 3120 1894 πάντες
3151 1833 3200 1884 οἱ
3232 1831 3591 1903 ἐργαζόμενοι
3625 1830 3726 1903 τὴν
3756 1830 3881 1884 ἀνο-

633 1927 796 1971 tatem
819 1936 832 1971 :

2307 1919 2468 1991 μίαν*

695 2007 786 2064 26.
825 2009 1045 2080 Expulsi
1070 2019 1216 2074 sunt,
1249 2024 1348 2063 nec
1373 2015 1661 2078 potuerunt
1683 2017 1843 2065 stare.

2372 2009 2461 2065 26.
2507 2008 2870 2081 Ἐξὼσθησαν,
2898 2011 2994 2065 καὶ
3029 2009 3090 2063 οὗ
3122 2010 3197 2081 μὴ
3223 2009 3487 2065 δύνωνται
3518 2010 3707 2081 στῆναι

839 2102 1089 2157 Psalmus
1111 2101 1301 2156 David.
1328 2100 1568 2156 PSALM
1576 2100 1663 2158 US
1686 2101 1956 2158 XXXVI.

2574 2103 2820 2173 Ψαλμὸς
2856 2101 2936 2169 τῷ
2962 2103 3160 2159 Δασιδ.
3205 2106 3430 2158 ΨΑΛΜ.
3465 2106 3606 2170 aqu

704 2196 755 2250 1.
784 2192 904 2249 Noli
926 2194 1168 2249 aemulari
1195 2195 1250 2249 in
1283 2194 1705 2265 malignantibus
1731 2213 1745 2264 ;

2379 2192 2430 2247 1.
2460 2191 2552 2262 Μὴ
2585 2191 2899 2265 παραζήλου
2924 2194 2981 2245 ὲν
3012 2193 3498 2264 πονηρευομένοις·

698 2287 752 2341 2.
788 2283 973 2357 Neque
998 2286 1257 2342 zelaveris
1289 2285 1550 2343 facientes
1576 2286 1939 2358 iniquitatem.

2369 2284 2423 2338 2.
2461 2282 2611 2354 Μηδὲ
2632 2282 2792 2355 ζήλου
2812 2283 2941 2347 τοὺς
2971 2283 3257 2348 ποιοῦντας
3289 2285 3386 2355 τὴν
3414 2284 3660 2355 ἀνομίαν.

699 2377 753 2431 3.
786 2375 1057 2443 Quoniam
1092 2385 1351 2448 tanquam
1387 2375 1571 2432 fenum
1619 2379 1874 2434 velociter
1904 2385 2191 2434 arescent:

2095 2385 2155 2432 nt
2180 2400 2191 2434 :
2367 2378 2422 2433 5.
2460 2378 2581 2430 ’Ότι
2612 2376 2745 2430 ὡσεὶ
2776 2375 2966 2448 χόρτος
2996 2377 3133 2448 ταχὺ
3154 2375 3693 2450 ἀποξηρανθήσονται

1744 2492 2118 2552 summas“
2155 2493 2749 2581 tNrEnPnETA'rto.

702 2613 789 2666 15.
812 2610 1024 2667 Iudicia
1052 2620 1144 2667 tua
1177 2610 1460 2666 immensa.

2371 2611 2455 2665 15.
2493 2611 2573 2663 Τὰ
2598 2609 2946 2681 δικαιώματά
2971 2626 3063 2663 σου
3093 2609 3400 2680 ἀμέτρητα.

702 2704 789 2758 11.
826 2701 1140 2759 lneedentes
1163 2703 1438 2758 voluntate
1468 2712 1579 2759 tua.

2372 2703 2457 2757 14.
2492 2704 2631 2767 Τοὺς
2660 2702 3060 2775 πορευομένους
3087 2701 3165 2771 τῷ
3192 2702 3491 2773 βουλήματί
3519 2720 3611 2756 σου

698 2796 784 2851 15.
802 2794 1268 2863 Quemadmodum
1289 2794 1651 2865 multiplieasti
1671 2809 1841 2864 genus
1870 2795 2192 2856 humanum,

2369 2795 2456 2848 15.
2492 2795 2578 2858 Ὠς
2602 2794 2906 2864 ὲπλήθυνας
2938 2792 2999 2845 τὸ
3027 2792 3184 2860 γένος
3219 2791 3327 2845 τῶν
3354 2792 3678 2863 ἀνθρώπων,
3705 2794 3887 2859 οὕτως

629 2887 704 2943 La
720 2898 773 2943 et
789 2887 1212 2943 misericordiam
1234 2896 1381 2942 tuam
1397 2889 1449 2943 in
1468 2900 1655 2941 omnes
1674 2886 1921 2941 homines
1938 2884 2197 2940 eﬁ‘udisti.
2227 2943 2232 2980 ‘

2031 2884 2197 2940 ldisti.
2227 2930 2268 2989 ϐ
2304 2886 2396 2940 καὶ
2423 2886 2485 2938 es
2511 2886 2656 2949 ἔλεός
2691 2902 2783 2938 σου
2814 2885 2907 2938 ἐπὶ
2930 2884 3138 2949 πάντας
3168 2884 3368 2948 αὐτοὺς
3395 2884 3634 2956 ἐξέχεας.

700 2979 788 3033 16.
820 2979 935 3034 Sub
966 2989 1060 3034 tuo
1080 2979 1306 3033 auxilio.
2229 2975 2268 2989 “’

2229 2975 2268 2989 “
2370 2975 2456 3031 16.
2494 2976 2629 3055 'rm
2655 2983 2755 3049 την
2789 2977 2889 3046 σὴν
2926 2975 3203 3049 βοήθειαν.

703 3070 791 3125 17.
826 3070 869 3123 Α
903 3071 1073 3141 gratia
1107 3080 1220 3125 tua.

2377 3066 2462 3118 17.
2501 3066 2631 3120 Ἀπὸ
2666 3067 2767 3137 τῆς
2802 3068 3023 3139 χάριτός
3058 3084 3172 3122 σου.

701 3161 787 3217 18.
822 3160 1024 3216 Sancto
1052 3169 1144 3216 tuo
1172 3160 1392 3231 Spiritu.

2377 3156 2464 3211 18.
2490 3158 2563 3210 Τὸ
2594 3158 2820 3229 Πνεῦμα
2851 3175 2945 3211 σου
2978 3160 3039 3213 τὺ
3060 3159 3233 3229 ἅγιον.

694 3255 787 3310 ⁷19.
820 3254 1090 3322 Quoniam
1117 3254 1259 3322 apud
1290 3261 1341 3307 te
1365 3250 1577 3305 Patrem
1612 3249 1783 3305 Filius
1804 3258 1905 3309 est.

1850 3258 1905 3309 it.
2384 3247 2464 3302 19.
2500 3248 2621 3300 Ὀτι
2652 3249 2802 3320 παρὰ
2830 3251 2912 3303 σοὶ
2939 3249 3018 3321 τῷ
3047 3250 3222 3322 Πατρ)⁸
3240 3253 3270 3304 ό
3306 3251 3453 3316 Υἱός.

700 3346 789 3401 20.
818 3348 878 3400 ιη
910 3348 1027 3416 ipso
1058 3344 1192 3397 Filio
1224 3352 1315 3397 tuo
1341 3343 1646 3397 videbimus
1682 3341 1877 3396 lucem.

2376 3339 2466 3395 20.
2513 3340 2597 3393 Ἐν
2621 3342 2767 3412 αὐτῷ
2785 3341 2863 3412 τῷ
2886 3341 3001 3413 Υἱῷ
3036 3358 3129 3396 σου
3168 3343 3409 3415 όιῖιόμεθα
3443 3342 3579 3414 φῶς.

700 3440 790 3493 21.
822 3436 1185 3492 Credentibus
1216 3436 1270 3489 in
1300 3443 1372 3490 te.

2374 3432 2465 3488 21.
2494 3432 2618 3498 Τοῖς
2654 3434 2998 3489 πιστεύουσιν
3023 3436 3105 3499 είς
3133 3435 3211 3487 σέ.

699 3530 791 3584 22.
826 3528 886 3583 Et
905 3530 1107 3600 justam
1130 3538 1279 3583 tuam
1302 3526 1714 3585 retributionem
1737 3526 1789 3580 in
1811 3524 2198 3596 sempiternum

2372 3524 2462 3579 22.
2492 3526 2601 3579 Καὶ
2628 3525 2724 3597 τὴν
2753 3526 2965 3581 δικαίαν
2993 3544 3086 3579 σου
3121 3526 3541 3597 μισθαποδοσίαν
3587 3527 3886 3601 ἀτελευτή-

630 3622 772 3677 dona
800 3622 1017 3677 mundis
1046 3622 1231 3677 corde.

2302 3635 2412 3681 τως
2441 3616 2683 3689 δώρησαι
2715 3621 2828 3681 τοῖς
2857 3618 3119 3690 καθαροῖς
3154 3622 3221 3690 τῇ
3249 3620 3464 3692 καρδίᾳ.

700 3716 791 3772 23.
821 3715 1039 3772 Nullum
1065 3723 1349 3784 peccatum
1382 3729 1469 3769 me
1494 3713 1822 3784 supplantet.

2375 3709 2465 3764 23.
2494 3708 2586 3780 Μὴ
2616 3711 2904 3779 πτερνήσει
2932 3709 3260 3783 [πτερνήσῃ]
3288 3729 3355 3783 με
3388 3715 3535 3766 πᾶσα
3568 3715 3835 3786 ἁμαρτία.

701 3809 792 3863 24.
826 3807 941 3861 Non
971 3805 1232 3876 glorietur
1257 3806 1325 3862 de
1355 3822 1438 3861 me
1471 3805 1708 3877 potentia
1732 3804 1958 3863 inimici.

2377 3800 2465 3854 24.
2495 3801 2586 3871 Μὴ
2613 3803 2861 3875 καυχήσῃ
2893 3820 2994 3874 μου
3026 3803 3101 3875 (1)
3137 3805 3423 3859 δυναστεία
3453 3806 3546 3859 τοῦ
3570 3807 3790 3879 ἐχθροῦ.

695 3901 787 3963 25.
816 3899 907 3955 26.
938 3897 1156 3954 Cadunt
1186 3899 1373 3970 utique
1398 3900 1692 3970 gaudentes
1728 3900 1781 3954 in
1812 3905 2055 3969 peccato.

2378 3892 2467 3957 25,
2492 3892 2580 3946 26.
2602 3892 2708 3947 Ναὶ
2739 3896 2993 3949 πίπτουσι
3017 3896 3092 3967 (2)
3113 3898 3393 3969 χαίροντες
3412 3900 3504 3953 ἐπὶ
3517 3904 3585 3973 τῇ
3612 3902 3884 3973 ἁμαρτίᾳ.

711 3990 778 4043 Ἠ
806 3988 1141 4061 προκειμένη
1167 3990 1445 4060 ἐπιγραφὴ
1496 3989 1734 4059 περιέχει
1781 3988 1855 4058 (5)
1883 4005 1896 4018 ·
1940 3985 2022 4052 Τῷ
2073 3981 2269 4038 Δαϐίδ.
2308 3980 2779 4052 Ἕρμηνεύεται,δὲ
2818 3990 3231 4057 πεποθημένος
3255 3993 3348 4045 καὶ
3371 3991 3881 4063 ἐξουθενημένος·

630 4088 763 4158 ὅπερ
798 4085 891 4138 ἐπὶ
928 4083 1019 4139 τοῦ
1041 4084 1306 4155 παρόντος
1325 4084 1579 4154 ληπτέον,
1610 4084 1695 4137 διὰ
1724 4083 1782 4137 τὸ
1814 4080 2063 4152 εἰρῆσθαι
2093 4078 2182 4131 τὸν
2214 4074 2428 4145 ψαλμὸν
2454 4078 2532 4140 είς
2561 4078 2687 4139 τοὺς
2716 4079 2955 4144 δικαίους
2976 4082 3100 4145 τοὺς
3130 4084 3546 4157 πεποθημένους
3572 4087 3677 4139 ὑπὸ
3705 4088 3843 4142 Θεοῦ
3868 4107 3881 4120 ·

628 4183 753 4248 τοὺς
785 4177 858 4249 (ι)
888 4177 1103 4240 ἀσεδεῖς
1127 4177 1250 4240 τοὺς
1282 4174 1758 4247 ἐξουθενημένους.
1787 4175 2100 4245 Γέγραπται
2135 4170 2243 4242 γάρ
2263 4185 2276 4198 ·
2313 4168 2753 4239 Ἐξουδένωσας
2781 4173 3013 4241 πάντας
3047 4177 3188 4243 τοὺς
3210 4178 3708 4246 ἁποστατοῦντας
3760 4182 3882 4237 ἀπὸ

628 4273 747 4329 τῶν
774 4268 1178 4339 δικαιωμάτων
1199 4284 1337 4333 σου,
1369 4268 1457 4322 ὅτι
1483 4269 1692 4323 ἄδικον
1718 4268 1782 4321 τὸ
1814 4268 2125 4335 ἐνθύμημα
2156 4263 2372 4320 αὐτῶν.

697 4362 912 4416 Titulus
964 4357 1288 4428 praepositus
1334 4356 1613 4412 continet:
1648 4355 1897 4411 Psalmus
1934 4356 2127 4412 David.
2181 4355 2347 4412 David
2400 4364 2580 4412 autem
2637 4357 3023 4429 interpretatur
3072 4360 3401 4418 desideratus
3437 4374 3490 4419 et
3515 4375 3882 4436 contemptus;

631 4457 775 4531 quod
810 4457 864 4511 in
895 4453 1147 4525 praesenti
1176 4454 1249 4507 ita
1284 4452 1661 4523 accipiendum
1695 4461 1797 4519 est,
1820 4462 2105 4524 propterea
2136 4454 2281 4523 quod
2306 4454 2552 4525 psalmus
2575 4453 2756 4510 dictus
2790 4464 2874 4510 est
2907 4455 2961 4509 in
3007 4456 3189 4525 justos
3218 4476 3245 4511 a
3271 4458 3381 4515 Deo
3414 4461 3751 4518 desideratas
3779 4482 3793 4517 :
3824 4464 3881 4518 in

630 4553 827 4623 impios
852 4566 882 4605 a
916 4549 1029 4605 Deo
1067 4554 1427 4615 eontemptos.
1462 4543 1737 4616 Scriptum
1771 4555 1857 4601 est
1898 4546 2084 4601 enim:
2116 4546 2371 4617 Sprevisti
2404 4564 2582 4603 omnes
2630 4546 2951 4603 discedentes
2999 4567 3030 4603 a
3070 4551 3294 4620 judiciis
3338 4556 3464 4619 tuis,
3505 4557 3631 4625 quia
3676 4558 3881 4627 injuste

629 4644 879 4715 cogitatio
904 4658 1085 4696 eorum
1109 4639 1156 4670 "

699 4739 752 4793 1.
788 4734 910 4792 Noli
936 4733 1227 4790 assimilari
1252 4732 1687 4804 malignantibus.
2233 4736 2277 4792 D

2233 4736 2277 4792 D
2376 4735 2426 4788 1.
2460 4734 2551 4806 Μὴ
2580 4735 2764 4806 ὁμοίου
2790 4735 2913 4802 τοῖς
2945 4738 3443 4808 πονηρευομένοις
3461 4756 3474 4770 ⁸

703 4831 759 4887 2.
792 4827 975 4900 Neque
1004 4825 1476 4897 tecomparaveris
1500 4825 1565 4879 ad
1588 4824 1803 4879 illorum
1828 4824 2091 4881 actiones.

2375 4829 2428 4882 2.
2456 4829 2605 4901 Μηδὲ
2634 4828 2904 4895 ἐξισοῦται
2928 4829 3003 4901 (5)
3028 4829 3227 4902 [ὲξισοῦ
3246 4831 3328 4905 σε]
3342 4836 3461 4895 ταῖς
3489 4833 3710 4889 ἐκείνων
3742 4839 3880 4911 πρά-

704 5009 1031 5077 5.ριιοηὶαηι
1066 5016 1319 5076 tanquam
1353 5007 1527 5077 fenum
1555 5016 1718 5063 decor
1744 5006 2051 5062 divitiarum
2085 5023 2205 5062 sua-

2338 4938 2440 4975 εσι.

2305 4921 2334 4985 ξ
2375 5015 2426 5068 5.
2462 5011 2585 5069 Ὀτι
2612 5016 2686 5085 (6,
2716 5016 2847 5095 ᾠσεὶ
2884 5017 3074 5089 χόρτος
3115 5020 3148 5091 ἠ
3181 5020 3485 5091 εὐπρέπεια
3523 5022 3632 5077 τῶν
3660 5026 3882 5097 χρημά-

630 5118 776 5157 rum.

2304 5124 2410 5161 των
2437 5109 2634 5163 αὐτῶν.

700 5234 746 5265 ⁸⁸
778 5232 977 5288 Psalm.
1009 5246 1200 5298 cxvm,
1237 5232 1359 5289 118.

1581 5349 1887 5411 Addenda
1919 5356 1979 5411 et
2027 5351 2400 5432 corrigenda
2432 5371 2509 5416 ex
2545 5356 2682 5417 cod.
2720 5356 2923 5417 Vatic.

706 5472 1133 5549 (1)39me
1166 5494 1341 5549 μουο,
1436 5547 1445 5549 _
1507 5547 1513 5549 _

1436 5547 1445 5549 _
1507 5547 1513 5549 _
1630 5548 1651 5549 η
1688 5546 1700 5549 Α
1788 5546 1801 5549 Α
1824 5546 1848 5549 ν,
2387 5478 2462 5549 (ό)
2496 5482 2603 5533 Καὶ
2633 5482 2710 5544 εἰς
2736 5480 2882 5543 τούς,
2914 5488 3014 5537 etc.

711 5544 787 5620 (2)
832 5544 1251 5620 Ἀνατρέπόνται
1284 5547 1392 5619 γὰρ
1426 5547 1530 5600 ὑπὸ
1561 5548 1653 5620 τοῦ
1682 5546 1951 5611 διαῦόλου,
1988 5550 2081 5601 καὶ
2129 5550 2204 5620 μὴ
2506 5550 2733 5615 Ἐξισοῦ.

631 5614 1152 5703 δυναμενριδσὶἑῆναι,
1192 5614 1449 5703 πίπντορσι
1484 5619 1787 5703 χαίροντες,
1822 5628 1925 5673 etc.
1956 5689 1981 5699 κ
2035 5691 2047 5703 Δ
2103 5614 2204 5703 -1“
2490 5614 2669 5703 N151
2686 5622 2738 5703 1..
2780 5622 2970 5701 Ὂτιλ..
3006 5620 3193 5703 ,αὐτῶν
3247 5621 3380 5703 ταχὺ
3446 5620 3879 5703 μαρανθήσεται,

692 5686 779 5764 13)
822 5685 1003 5764 litato
1027 5685 1149 5764 ζτῆς
1194 5685 1591 5753 κινναδάοεως’
1615 5689 1888 5759 περιέχει·
1914 5689 1990 5760 τῷ
2022 5690 2202 5745 Δαῆίδ.
2314 5693 2404 5745 καὶ
2430 5685 2491 5747 ἐκ
2520 5693 2615 5764 τῆς
2643 5692 2800 5762 δόξης
2841 5693 2933 5745 τοῦ
2963 5692 3192 5745 πλούτου
3226 5685 3402 5745 αὑτῖῦν
3431 5685 3569 5763 ταχὺ
3610 5685 3736 5758 ἀπί,
3776 5705 3882 5746 etc.

636 5755 723 5826 Τῷ
746 5754 907 5809 Δαϐὶδ
940 5757 992 5809 δὲ
1020 5754 1146 5833 ἑρμ,
1185 5776 1314 5812 πεπ.
