4060 6472
183 423 284 481 785
1049 421 1137 476 DE
1177 421 1454 479 TITULIS
1487 423 1934 480 PSALMORUM.
1970 453 2038 465 —
2064 421 2261 479 PSAL.
2295 421 2532 478 XXXVI.
3304 424 3408 481 786

246 541 299 595 ὁ.
327 542 438 596 Kal
462 541 596 596 ὡσεὶ
618 542 822 614 λάχανα
849 542 1010 614 χλόης
1031 544 1167 614 ταχὺ
1207 545 1626 601 ἁποπεσοῦνται.
1766 550 1814 609 Α

1804 578 1814 609 ς
1910 546 1962 600 4.
1997 544 2063 600 Et
2105 544 2566 617 quemadmodum
2609 543 2758 604 olera
2799 545 3092 601 herbarum
3121 545 3229 602 cito
3257 547 3407 600 deci-

1843 637 1992 693 dent.

335 719 591 774 Ἐλπισον
620 721 712 774 ἐπὶ
737 720 960 793 Κύριον,
989 724 1082 776 καὶ
1108 723 1248 776 ποίει
1279 724 1620 795 χρηστότητα
1639 741 1653 754 ·

1455 724 1620 795 ότητα
1639 741 1653 754 ·
1912 731 1966 784 5.
2000 728 2165 800 Spera
2191 730 2244 785 in
2269 729 2521 794 Domino,
2544 739 2596 786 et
2621 728 2707 786 fac
2725 729 3058 797 bonitatem;

248 811 302 867 6.
330 812 439 866 Kal
471 814 807 885 κατασκήνου
835 813 930 884 τὴν
953 814 1059 882 γῆν
1077 829 1091 844 ’

1006 815 1059 882 ῖὶν
1077 829 1091 844 ⁸
1914 823 1968 878 6.
2005 822 2071 879 Ει
2095 823 2340 878 inhabita
2371 833 2574 878 terram
2595 842 2609 891 ;

247 905 302 959 7.
333 905 442 958 Kal
471 905 814 977 ποιμανθήσῃ
849 906 942 958 ἐπὶ
963 905 1042 976 τῷ
1075 906 1287 976 πλούτῳ
1310 907 1498 978 αὐτῆς.

1211 924 1287 976 τῳ
1310 907 1498 978 αὐτῆς.
1915 913 1968 968 7.
1999 913 2066 969 Et
2095 915 2335 984 pasceris
2361 915 2416 968 in
2441 914 2644 970 divitiis
2673 916 2811 985 ejus.

242 998 296 1050 8.
329 998 761 1070 Κατατρύφησον
811 999 906 1052 τοῦ
959 1001 1183 1071 Κυρίου,
1236 1001 1328 1055 καὶ
1371 1001 1531 1055 δώσει
1561 1018 1642 1055 σοι
1676 1001 1744 1055 τὰ

1913 1007 1968 1060 8.
2006 1005 2283 1062 Delectare
2321 1007 2377 1061 in
2416 1005 2669 1071 Domino,
2701 1015 2756 1063 et
2799 1007 2950 1063 dabit
2986 1009 3081 1063 tibi
3126 1009 3413 1080 petitiones

177 1090 455 1160 αἰτήματα
481 1090 581 1160 τῆς
606 1089 834 1160 καρδίας
858 1107 974 1145 σου.
1704 1091 1707 1093 ’

554 1107 581 1152 ς
606 1089 834 1160 καρδίας
858 1107 974 1145 σου.
1704 1091 1707 1093 ’
1849 1099 2030 1155 cordis
2055 1100 2151 1154 tui.

245 1179 300 1233 9.
346 1178 717 1248 Ἀποκάλυψον
741 1181 877 1251 πρὸς
907 1181 1108 1253 Κύριον
1137 1185 1234 1254 τὴν
1257 1183 1374 1237 ὁδόν
1408 1201 1520 1248 σου,

1362 1201 1374 1236 ρ
1408 1201 1520 1248 σου,
1919 1191 1972 1246 9.
2006 1189 2206 1247 Revela
2228 1193 2293 1248 ad
2316 1191 2607 1248 Dominum
2630 1191 2772 1247 viam
2796 1201 2965 1257 tuam.

249 1263 339 1319 10.
381 1265 489 1317 Kal
522 1266 739 1320 έλπισον
773 1268 859 1320 ἐπ’
883 1269 1064 1335 αὐτὸν,
1099 1272 1192 1325 καὶ
1217 1272 1377 1336 αὐτὸς
1403 1275 1636 1345 ποιήσει.

245 1359 336 1412 11.
373 1359 699 1423 Καὶέξοίσει
731 1361 806 1425 ὡς
827 1361 941 1430 φῶς
968 1363 1064 1434 τὴν
1090 1363 1430 1436 δικαιοσύνην
1455 1383 1546 1418 σου
1565 1382 1579 1396 ο

1924 1376 2012 1430 11.
2048 1374 2114 1430 Ει
2140 1377 2333 1432 educet
2365 1376 2534 1448 quasi
2556 1377 2738 1432 lumen
2758 1377 3028 1448 justitiam
3053 1385 3222 1431 tuam.

246 1453 338 1506 12.
375 1453 484 1507 Καὶ
507 1453 569 1507 τὸ
602 1456 774 1526 κρῖμά
795 1472 887 1515 σου
917 1455 992 1520 ὡς
1024 1457 1392 1530 μεσημϐρίαν.

1917 1467 2004 1520 12.
2042 1466 2108 1523 Et
2129 1468 2394 1539 judicium
2427 1479 2578 1524 tuum
2617 1479 2871 1540 tanquam
2897 1469 3196 1524 meridiem.

248 1543 338 1598 15.
385 1545 718 1616 Ύποτάγηθι
750 1546 827 1617 τῷ
850 1548 1058 1619 Κυρίῳ,
1083 1551 1176 1602 καὶ
1205 1550 1478 1604 ἱκέτευσον
1510 1553 1689 1608 αὐτόν.

1510 1553 1689 1608 αὐτόν.
1917 1557 2003 1611 15.
2033 1555 2294 1613 Subditus
2328 1567 2444 1613 esto
2467 1558 2719 1626 Domino,
2754 1570 2806 1613 et
2828 1574 2923 1613 ora
2955 1574 3102 1614 eum.

251 1636 341 1690 14.
374 1637 466 1708 Μὴ
507 1637 822 1709 παραζήλου
863 1641 923 1692 ὲν
963 1640 1042 1710 τῷ
1077 1642 1518 1715 κατευοδουμένῳ
1567 1646 1624 1698 ὲν
1678 1649 1742 1718 τῇ

1922 1648 2007 1704 14.
2041 1648 2160 1705 Noli
2210 1650 2454 1706 aemulari
2500 1651 2556 1704 in
2600 1665 2667 1706 eo
2715 1651 2808 1721 qui
2861 1660 3214 1721 prosperatur
3253 1647 3307 1703 in
3332 1647 3415 1701 via

176 1726 284 1796 ὁδῷ
308 1726 470 1780 αὑτοῦ
487 1745 500 1758 ·
1845 1761 1973 1816 sua;

244 1816 337 1873 15.
377 1819 464 1872 Ἐν
498 1819 768 1892 ἀνθρώπῳ
795 1821 1034 1876 ποιοῦντι
1079 1825 1440 1895 παρανομίαν.

253 1895 341 1962 16.
377 1907 588 1963 Παῦσαι
600 1885 722 1964 ’ἀπὸ
739 1885 929 1984 όργῆς,
957 1915 1051 1967 καὶ
1084 1885 1414 1983 ἐγκατάλιπε
1440 1916 1609 1986 θυμόν
1630 1935 1642 1948 ·
1775 1885 1825 1947 Β

250 1998 333 2054 17.
371 2000 463 2072 Μὴ
504 2001 838 2074 παραζήλου,
869 2004 1009 2058 ὥστε
1035 2007 1428 2077 πονηρεύεσθαι
1453 2023 1468 2038 ·

1324 2007 1428 2061 r00"-
1453 2023 1468 2038 '
1924 2021 2010 2075 17.
2045 2018 2164 2075 Noli
2192 2020 2459 2084 aemulari.
2497 2028 2555 2074 ut
2583 2020 2927 2091 maligneris;

253 2091 345 2148 18.
380 2092 502 2147 Ὀτι
530 2094 580 2146 oi
603 2095 1023 2166 πονηρευόμενοι
1047 2095 1586 2169 ὲξολοθρευθήσονται
1606 2118 1620 2130 ο

1922 2112 2008 2166 18.
2040 2111 2327 2177 Quoniam,
2353 2111 2446 2182 qui
2471 2112 2855 2182 malignantur,
2882 2108 3415 2164 exterminabuntur:

251 2183 339 2239 19.
370 2187 433 2239 Ol
461 2185 520 2238 δὲ
543 2186 905 2256 ὑπομένοντες
932 2187 1024 2240 τὸν
1059 2188 1284 2260 Κύριον,
1321 2191 1473 2244 αὐτοὶ
1496 2192 1752 2264 κληρονο-

1924 2204 2012 2257 19.
2043 2200 2388 2258 Sustinentes
2416 2214 2598 2258 autem
2640 2203 2955 2272 Dominum,
2988 2202 3091 2273 ipsi
3129 2199 3411 2256 haeredita—

186 2278 420 2348 μήσουσι
449 2277 549 2348 τὴν
587 2277 713 2347 γῆν.

640 2277 713 2347 ἣν·
1854 2293 1990 2349 bunt
2024 2301 2243 2346 terram.

252 2367 343 2422 20.
377 2369 486 2422 Kal.
506 2368 585 2421 ἐτι
607 2369 805 2454 ὀλίγον,
827 2370 920 2423 καὶ
939 2371 1000 2423 ού
1019 2372 1092 2442 μὴ
1121 2372 1336 2443 ὑπάρξῃ
1358 2376 1386 2427 ὁ
1409 2375 1746 2446 ἁμαρτωλός·

1672 2377 1746 2437 ός·
1927 2383 2019 2437 20.
2044 2382 2110 2437 Et
2138 2383 2316 2439 adhuc
2348 2383 2628 2454 pusillum,
2653 2393 2706 2439 et
2738 2398 2846 2437 non
2869 2385 2972 2437 erit
3005 2390 3275 2451 peccator.

254 2459 320 2513 21
334 2500 346 2512 .
380 2460 490 2512 Kal
510 2460 766 2530 ζητήσεις
788 2459 877 2512 τὸν
894 2461 1056 2514 τόπον
1072 2462 1257 2526 αὑτοῦ,
1276 2465 1368 2518 καὶ
1389 2465 1449 2519 οὐ
1472 2467 1546 2537 μὴ
1563 2467 1747 2540 εὕρῃς.

1636 2484 1747 2540 ρῃς-
1930 2473 2022 2530 21.
2053 2473 2119 2529 Et
2143 2490 2355 2544 quaeres
2385 2476 2563 2530 locum
2594 2475 2731 2545 ejus.
2757 2483 2810 2529 et
2832 2489 2940 2528 non
2976 2473 3239 2527 invenies.

255 2555 348 2609 22.
377 2557 441 2608 Οἱ
465 2555 522 2608 δὲ
555 2558 749 2626 πραεῖς
779 2556 1244 2627 κληρονομήσουσι
1270 2558 1372 2628 γῆν
1397 2574 1409 2586 ·

1928 2565 2018 2620 22.
2048 2565 2312 2622 Mansueti
2339 2577 2519 2622 autem
2552 2567 2945 2622 haereditabunt
2971 2575 3172 2620 terram
3198 2583 3210 2617 :

253 2645 348 2701 23.
376 2645 487 2699 Kal.
513 2647 1022 2717 κατατρυφήσουσιν
1055 2649 1147 2701 ἐπὶ
1177 2647 1368 2718 πλήθει
1391 2650 1630 2722 εἰρήνης.

1624 2690 1630 2703 .
1931 2653 2020 2708 25.
2054 2653 2119 2708 Et
2146 2654 2563 2711 delectabuntur
2597 2656 2651 2708 in
2686 2655 3032 2709 multitudine
3057 2653 3227 2723 pacis.

1313 2801 1689 2861 ATHANAS“
1728 2803 2304 2864 INTERPRETATIO.

1915 1282 2002 1336 10.
2035 1282 2101 1339 Ει
2122 1299 2276 1354 spera
2303 1285 2355 1338 in
2388 1299 2475 1349 eo,
2497 1293 2550 1340 et
2578 1285 2695 1355 ipse
2717 1284 2910 1341 faciet:

1921 1837 2010 1892 15.
2037 1835 2096 1890 In
2126 1835 2346 1892 homine
2381 1835 2613 1892 faciente
2637 1835 2969 1906 injustilias.’

1920 1929 2005 1983 16.
2041 1927 2234 1983 Desine
2259 1928 2327 1983 ab
2358 1929 2460 1996 ira,
2491 1937 2546 1983 et
2572 1929 2884 1998 derelinque
2908 1927 3146 1982 furorem
3173 1943 3188 1980 :

255 2959 313 3017 4.
343 2958 494 3030 Ταχὺ
519 2959 921 3013 άωπεσοῦνται
951 2959 1166 3029 θανάτῳ
1200 2959 1614 3030 παραδοθέντες.
1785 2970 1827 3026 C

1230 2959 1614 3030 εαραδοθέντες.
1785 2970 1827 3026 C
1931 2966 1987 3019 4.
2020 2965 2142 3022 Cito
2166 2967 2413 3023 decident
2438 2969 2600 3022 morti
2629 2968 2833 3022 traditi.

258 3051 314 3106 5.
345 3051 454 3104 Kal
490 3051 632 3105 ποίει
659 3053 767 3105 πᾶν
789 3051 948 3121 ἔργον
978 3051 1200 3119 ἀγαθόν.

1939 3057 1991 3112 5.
2028 3057 2093 3112 Ει
2127 3058 2211 3114 fac
2231 3075 2393 3115 omne
2420 3076 2558 3130 opus
2592 3061 2817 3116 bonum.

256 3143 314 3205 6,
344 3143 396 3196 7.
431 3144 538 3196 Kal
591 3143 728 3196 οἴκει
783 3144 877 3196 ὲπὶ
927 3143 1026 3214 τῆς
1059 3145 1164 3214 γῆς
1208 3147 1622 3217 ποιμαινόμενος
1656 3147 1760 3200 ὑπὸ

1934 3149 1990 3211 6,
2015 3149 2064 3202 7.
2095 3148 2159 3204 Et
2188 3150 2369 3205 habita
2413 3154 2467 3204 in
2508 3162 2649 3205 terra
2684 3151 2918 3204 nutritus
2940 3164 2970 3204 a
2993 3147 3222 3203 Domino
3247 3166 3260 3201 :
3290 3146 3429 3200 divi-

187 3237 400 3308 Κυρίου
421 3254 433 3266 ·
476 3235 702 3299 πλοῦτος
751 3236 860 3308 γὰρ
888 3237 985 3308 τῆς
1015 3237 1117 3308 γῆς
1146 3239 1175 3291 ό
1213 3238 1416 3311 Κύριος
1445 3239 1700 3311 ὑπάρχει,
1735 3242 1764 3293 ό

1865 3242 1955 3294 tiae
1979 3241 2122 3296 enim
2159 3251 2317 3297 terra:
2349 3241 2614 3298 Dominus
2655 3251 2803 3306 sunt,
2836 3242 3020 3298 ditans
3045 3256 3165 3297 eam
3196 3240 3429 3295 diversis

189 3329 439 3382 πλουτῶν
469 3331 639 3401 αὐτὴν
667 3329 849 3384 ἄνθεσι
875 3329 1152 3400 διαφόροις
1181 3331 1274 3384 καὶ
1310 3330 1547 3403 δένδρεσι
1571 3349 1765 3385 παντο-

1270 3371 1274 3383 .
1310 3330 1547 3403 δένδρεσι
1571 3349 1765 3385 παντο·
1867 3331 2092 3389 ﬂoribus
2111 3344 2164 3389 et
2191 3335 2339 3390 omni
2365 3349 2562 3407 genere
2592 3334 2873 3389 arborum.

189 3421 404 3478 δαπέσι.

262 3515 318 3570 8.
367 3515 676 3586 ’Δγάπησον
697 3516 788 3569 τὸν
818 3515 1022 3587 Κύριον
1055 3513 1114 3577 ἐξ
1145 3513 1272 3584 ὅλης
1291 3514 1468 3584 ψυχῆς
1494 3555 1508 3577 ,
1545 3514 1622 3585 (1)
1673 3517 1766 3568 καὶ

1940 3514 1992 3567 8.
2021 3511 2192 3584 Dilige
2231 3512 2521 3568 Dominum
2560 3528 2624 3568 ex
2666 3521 2775 3567 tota
2811 3510 3024 3576 anima,
3053 3517 3119 3564 et
3144 3507 3302 3564 faciet
3338 3524 3432 3563 vo-

188 3607 263 3662 τά
297 3606 580 3680 θελήματά
610 3624 700 3660 σου
736 3607 974 3678 ποιήσει.

666 3625 700 3659 μυ
736 3607 974 3678 ποιήσει.
1869 3605 2103 3661 luntates
2130 3615 2269 3660 tuas.

263 3699 321 3754 9.
369 3698 794 3768 Ἀποκάλυψον
822 3698 972 3767 πρὸς
998 3699 1214 3767 Κύριον
1229 3697 1327 3769 τὴν
1349 3697 1578 3768 καρδίαν
1607 3713 1720 3760 σου,

1349 3697 1578 3768 καρδίαν
1607 3713 1720 3760 σου,
1944 3700 1998 3754 9.
2030 3697 2218 3752 Revela
2247 3701 2313 3750 ad
2350 3697 2629 3751 Dominum
2653 3713 2748 3754 cor
2769 3705 2945 3762 tuum,

265 3791 356 3847 10.
392 3793 504 3846 Kal
529 3791 690 3855 αὐτὸς
717 3791 971 3863 ὁδηγήσει
1006 3809 1063 3844 σε
1093 3793 1172 3855 είς
1205 3791 1310 3844 πᾶν
1346 3791 1505 3863 ἔργον
1540 3791 1764 3859 ἀγαθόν.

1691 3792 1764 3844 όν.
1946 3792 2032 3846 l0.
2067 3791 2133 3846 Et
2159 3792 2274 3861 ipse
2295 3790 2523 3846 deducet
2551 3799 2601 3846 te
2626 3791 2679 3845 in
2714 3806 2875 3845 omne
2906 3803 3043 3858 opus
3071 3787 3294 3842 bonum.

270 3885 361 3940 11.
393 3885 678 3957 Καθαράν,
717 3885 886 3953 λέγει.

1945 3885 2032 3938 11.
2059 3882 2336 3948 Mundam,
2364 3883 2559 3951 inquit.

271 3981 362 4036 12.
398 3981 845 4051 Πεφιιηισμένην.

1947 3978 2034 4031 12.
2064 3976 2429 4031 llluminatum
2463 3974 2613 4028 dicit.

272 4070 468 4126 15-15.
494 4071 843 4125 Ταπείνωσον
877 4073 1103 4125 σεαυτὸν
1138 4071 1214 4142 (‘2)
1246 4071 1350 4124 ὑπὸ
1379 4069 1475 4140 τὴν
1504 4067 1770 4139 κραταιὰν

1947 4069 2136 4123 15-15.
2184 4066 2419 4123 Humilia
2446 4067 2677 4137 teipsum
2703 4066 2805 4120 sub
2836 4065 3038 4135 potenti
3085 4064 3206 4133 ejus
3233 4078 3394 4117 manu
3421 4080 3434 4115 :

199 4163 369 4220 αὐτοῦ
397 4165 554 4235 χεῖρα
578 4179 592 4193 ·
621 4161 719 4234 μὴ,
742 4161 836 4216 ἐὰν
863 4161 976 4233 ἴδῃς
1016 4163 1137 4225 τοὺς
1169 4162 1580 4232 ἁμαρτάνοντας
1608 4157 1767 4227 εὐθη-

1874 4176 1964 4226 ne,
2017 4162 2062 4218 si
2106 4162 2306 4217 videris
2345 4171 2656 4231 peccatores
2705 4173 2958 4229 prospere
3005 4165 3244 4228 agentes.
3294 4157 3439 4210 indi-

200 4256 448 4319 νοῦντας,
482 4254 742 4326 ὀργισθῇς
765 4256 822 4308 ὲν
853 4258 920 4326 τῇ
952 4254 1147 4325 καρδίᾳ
1188 4270 1282 4305 σου
1324 4253 1389 4306 δι’
1438 4251 1654 4313 αὐτοὺς,
1683 4251 1775 4303 καὶ

1878 4253 2060 4323 gneris
2084 4265 2303 4323 propter
2334 4267 2433 4307 eos
2453 4251 2507 4304 in
2539 4251 2701 4306 corde
2725 4257 2840 4314 tuo,
2875 4257 2929 4304 et
2959 4248 3092 4303 velis
3123 4248 3282 4302 talem
3303 4247 3438 4311 ﬁeri,

200 4341 441 4416 θελήσῃς
472 4341 723 4410 γενέσθαι
748 4342 984 4406 τοιοῦτος
1007 4344 1184 4404 ὁποῖος
1215 4341 1478 4402 κάκεῖνος.

748 4342 984 4406 τοιοῦτος
1007 4344 1184 4404 ὁποῖος
1215 4341 1478 4402 κάκεῖνος.
1810 4333 1854 4388 Ῐ)
1882 4344 2071 4414 quales
2101 4344 2174 4398 illi
2203 4353 2348 4399 sunt.

277 4433 367 4489 16.
410 4433 577 4504 Ὀργὴ
605 4433 714 4505 γὰρ
736 4433 926 4504 ἀνδρὸς
952 4433 1297 4503 δικαιοσύνην
1323 4430 1456 4483 Θεοῦ
1489 4431 1586 4483 οὐκ
1608 4431 1776 4500 ἀπερ-

1953 4435 2042 4491 16.
2076 4435 2157 4490 Ira
2201 4437 2346 4491 enim
2394 4437 2633 4494 hominis
2667 4435 2936 4506 justitiam
2964 4433 3060 4487 Dei
3102 4444 3443 4500 nonopera-

203 4525 433 4596 γάζεται
455 4525 553 4593 (5).

1879 4537 1987 4583 tur.
2417 4535 2419 4538 ⁴

280 4619 370 4673 17.
399 4617 490 4690 Μὴ
529 4617 695 4689 μιμοῦ
727 4619 790 4671 τὸ
818 4618 1002 4671 κακόν.

1955 4619 2042 4674 17.
2074 4617 2152 4673 Ne
2174 4618 2404 4674 imiteris
2430 4618 2653 4672 malum.

275 4711 364 4766 18.
399 4711 590 4763 Ὀτιοὶ
621 4709 900 4772 ποιοῦντες
919 4711 979 4763 τὸ
1007 4711 1174 4763 κακὸν
1216 4709 1771 4781 ἐξολοθρευθήσονται.

1955 4715 2036 4767 18.
2077 4712 2346 4779 Quoniam
2385 4711 2645 4766 facientes
2691 4707 2894 4762 malum
2938 4705 3443 4760 exterminarentur.

276 4804 366 4860 19.
400 4802 462 4855 Ol
509 4801 567 4855 δὲ
608 4801 1029 4871 ἀπεκδεχόμενοι
1062 4801 1154 4854 τοῦ
1194 4801 1400 4872 Κυρίου
1443 4801 1539 4873 τὴν
1575 4803 1775 4870 ἐπιφά-

1955 4806 2042 4859 19.
2071 4803 2466 4874 Exspectantes
2511 4813 2691 4856 autem
2737 4798 2955 4854 Domini
3000 4797 3310 4862 adventum,
3345 4793 3447 4863 ipsi

206 4912 380 4961 νειαν,
414 4894 568 4948 αὐτοὶ
605 4893 1075 4966 κληρονομήσουσι
1103 4893 1200 4966 τὴν
1233 4893 1502 4964 βασιλείαν
1545 4894 1652 4948 τῶν
1684 4895 1776 4947 οὐ·

1250 4894 1502 4947 ιασιλείαν
1545 4894 1652 4948 τῶν
1684 4895 1776 4947 οὐ·
1885 4897 2286 4952 ιιωτεᾱὶιεὺυηι
2316 4910 2543 4964 regnum
2567 4894 2853 4949 calorum.

207 5008 279 5064 ρα
284 5006 389 5042 νων
395 5030 408 5042 .

275 5080 367 5136 20.
406 5079 616 5149 Ὀλίγον
654 5080 760 5150 γάρ
793 5080 930 5141 ἐστι,
963 5079 1056 5132 καὶ
1088 5079 1418 5149 παρέρχεται
1442 5081 1469 5131 ό
1499 5079 1718 5149 κόσμος.

1713 5118 1718 5131 .
1952 5072 2042 5128 εο.
2074 5071 2335 5127 Ρυειιιιιηι
2363 5071 2508 5125 enim
2531 5078 2635 5132 est,
2661 5077 2716 5123 et
2741 5068 2979 5123 mundus
3009 5068 3316 5137 pertransit.

276 5173 368 5227 ⁸21.
400 5172 756 5244 Παραδίδοται
787 5170 898 5241 γὰρ
930 5171 1158 5234 ἕκαστος
1200 5170 1308 5223 τῶν
1357 5171 1779 5242 ἁμαρτανόντων

1900 5157 1904 5160 ⁷
1953 5163 2044 5218 21.
2073 5163 2282 5235 Singuli
2305 5163 2451 5218 enim
2478 5171 2792 5232 peceatores
2812 5167 3029 5215 aeterna:
3049 5157 3316 5228 punitioni
3344 5164 3452 5209 tra-

202 5267 272 5334 τῇ
298 5263 491 5334 αἰωνίᾳ
522 5263 744 5317 κολάσει
775 5261 872 5331 (4).

522 5263 744 5317 κολάσει
775 5261 872 5331 (lt).
1887 5259 2107 5312 duntur.

277 5354 368 5408 τε.
394 5353 504 5425 Τὴν
534 5353 647 5407 ἄνω
683 5351 1034 5424 Ἰερουσαλὴμ
1060 5351 1229 5420 λέγει.

1960 5346 2050 5399 22.
2089 5345 2392 5418 Supernam
2414 5343 2713 5401 .erusalem
2738 5342 3024 5414 signiﬁcat.

280 5447 369 5502 25.
403 5447 499 5510 Εἰς
531 5443 622 5498 τὸν
659 5443 833 5498 αἰῶνα
861 5441 953 5496 τοῦ
980 5442 1192 5505 αἰῶνος.

1058 5442 1192 5505 ὖνος.
1962 5439 2053 5494 25.
2083 5437 2140 5492 In
2166 5439 2425 5494 saeculum
2454 5438 2661 5494 saeculi.

1159 5596 1464 5658 Addenda
1512 5602 1574 5658 et
1603 5595 1976 5675 corrigenda
2021 5612 2099 5657 ex
2133 5594 2272 5657 cod.
2309 5595 2511 5655 Valle.

283 5705 356 5772 (1)
380 5704 575 5772 Ψυχῆς
606 5721 720 5765 σου,
751 5705 843 5757 καὶ
868 5703 935 5756 τά
972 5713 1018 5756 et
1048 5703 1139 5755 rel.
1183 5703 1367 5754 desunt
1408 5702 1462 5753 in
1490 5701 1619 5772 cod_._
1702 5771 1705 5772 7
1736 5771 1745 5772 7

987 5713 1018 5754 rt
1048 5703 1139 5755 rel.
1183 5703 1367 5754 desunt
1408 5702 1462 5753 in
1490 5701 1619 5772 cod_._
1702 5771 1705 5772 7
1736 5771 1745 5772 7
1963 5702 2039 5769 (5)
2068 5701 2142 5754 Ού
2179 5701 2590 5769 κατεργάζεται.

286 5723 356 5772 ιι)
385 5723 468 5757 Tu
606 5723 720 5765 σου,
751 5723 843 5757 και
868 5723 935 5756 τα
972 5723 1018 5756 ει
1048 5723 1139 5755 ret.
1183 5723 1367 5754 acaum
1408 5723 1462 5753 τη
1490 5723 1604 5753 ευιι.
1963 5723 2039 5769 (0)
2068 5723 2142 5754 υυ
2179 5723 2591 5769 κατερταςεῖαι.

286 5777 357 5836 t2)
385 5775 449 5828 N.
474 5723 570 5828 ἧς.
623 5774 991 5844 Ταττείνωσον
1024 5772 1283 5825 ἐλυτὸν...
1341 5775 1516 5841 χεῖρα.
1578 5769 1644 5823 Ν.
1695 5771 1775 5838 Μ,
1964 5773 2037 5844 (ί)
2070 5773 2162 5834 Εἰς
2192 5772 2287 5843 τὴν
2315 5772 2525 5824 αἰώνιον
2563 5770 2797 5823 κόλασιν.

207 5848 294 5902 15.
330 5847 486 5917 Μὴ...
544 5843 794 5912 γενέσθαι
849 5843 1119 5908 τοσοῦτος,
1173 5846 1339 5895 ὁποῖοι
1394 5844 1652 5895 κάκεῖνοι.
