4060 6436
669 350 768 401 787
1502 359 1560 413 S.
1604 360 1976 418 ATHANASII
2014 364 2164 420 OPP.
2206 364 2388 421 PARS
2423 365 2514 419 Ill.
2547 397 2618 407 —
2652 361 3064 418 EXEGETICA.
3800 361 3905 416 788

733 467 822 520 2i.
858 467 1176 527 Observabit
1201 485 1453 543 peccator
1479 476 1690 546 justum
1715 498 1730 534 :
2254 489 2303 545 Α

2254 489 2303 545 Α
2399 484 2488 538 24.
2519 484 2971 554 Παρατηρήσεται
3010 483 3038 535 ὁ
3070 480 3390 552 ἁμαρτωλὸς
3416 481 3506 536 τδν
3528 481 3767 538 δίκαιον·

740 558 828 612 25.
862 558 928 614 Ει
956 562 1203 620 stridebit
1230 582 1394 637 super
1423 585 1548 623 eum
1577 572 1830 628 dentibus
1859 575 1995 630 suis.

2407 575 2494 628 25.
2529 575 2638 626 Καὶ
2671 573 2855 644 βρὺξει
2881 576 2966 626 ἐπ’
3001 574 3160 627 αὐτὸν
3183 573 3308 638 τοὺς
3340 572 3558 637 ὀδόντας
3585 571 3773 629 αὐτοῦ.

737 650 825 704 26.
855 651 1114 711 Dominus
1149 669 1327 714 autem
1357 663 1604 717 irridebit
1634 681 1794 719 eum:

2406 664 2494 719 26.
2539 666 2595 718 '0
2624 665 2680 718 δὲ
2701 665 2904 734 Κύριος
2936 664 3288 731 ὲκγελάσεται
3326 663 3518 717 αὐτόν·

737 740 827 795 27.
853 743 1118 810 Quoniam
1150 752 1428 820 prospicit,
1455 757 1596 822 quod
1627 758 1808 812 veniet
1833 758 1948 813 dies
1975 758 2116 828 ejus.

2403 757 2492 811 27.
2523 757 2644 808 ’Ὁτι
2669 754 2982 826 προϐλέπει,
3008 755 3090 807 ὃτι
3115 753 3234 824 ἥξει
3262 755 3296 824 ἡ
3331 754 3516 825 ἡμέρα
3549 750 3735 808 αὑτοῦ.

737 833 825 887 28.
859 835 1110 894 Gladium
1139 844 1562 912 evaginaverunt
1593 860 1940 917 peccatores;

2406 851 2494 904 28.
2533 850 2827 920 Ῥομφαίαν
2855 849 3163 902 ἐσπάσαντο
3188 849 3238 899 oi
3264 847 3605 918 ἁμαρτωλοίο

739 925 827 980 29.
861 927 1212 989 intenderunt
1253 952 1440 992 arcum
1476 955 1633 995 suum
1674 940 1882 1012 [suum,
1918 959 2033 998 rem
2086 961 2233 999 ama-

2408 942 2494 994 29.
2539 941 2833 995 Ἐνέτειναν
2867 939 3018 1005 τόξον
3064 939 3242 994 αὐτῶν
3277 937 3479 1011 [αὐτῶν
3537 940 3772 1010 πρᾶγμα
3815 953 3909 992 πι-

667 1017 897 1106 ram

2338 1033 2501 1106 κρόν]
2518 1052 2533 1068 ο

735 1033 782 1069 m
835 1037 846 1048 .

735 1033 926 1161 501.’Ut
958 1107 1215 1176 dejiciant
1241 1128 1531 1182 pauperem
1561 1125 1615 1169 et
1645 1116 1862 1187 inopem
1891 1137 1907 1186 ;

2441 1052 2468 1084 ν
2518 1052 2534 1068 ο

2338 1033 2501 1181 κρῖῗοὲί
2529 1124 2634 1179 Τοῦ
2662 1124 2985 1178 καταϐαλεῖν
3014 1123 3227 1194 πτωχὸν
3245 1124 3338 1176 καὶ
3367 1121 3575 1193 πένητα
3594 1138 3609 1153 ·

740 1197 828 1251 51.
869 1198 933 1252 Ut
961 1204 1231 1258 trucident
1261 1216 1440 1260 rectos
1469 1208 1650 1262 corde.

2405 1217 2492 1271 51.
2524 1217 2629 1270 Τοῦ
2664 1216 2862 1285 σφάξαι
2891 1217 3019 1279 τοὺς
3042 1215 3217 1278 εὐθείς
3241 1217 3306 1285 τῇ
3340 1215 3554 1286 καρδία.

737 1289 825 1343 52.
858 1290 1082 1350 Gladius
1114 1310 1305 1350 eorum
1332 1297 1495 1352 intret
1522 1300 1578 1352 in
1595 1316 1690 1355 cor
1716 1300 1928 1376 [corda]
1952 1320 2231 1375 ipsorum;

2403 1309 2491 1365 52.
2534 1309 2598 1362 Ἢ
2629 1308 2870 1380 ῥομφαία
2893 1308 3071 1361 αὐτῶν
3112 1305 3345 1360 εἰσέλθοι
3400 1309 3480 1370 εἰς
3528 1306 3628 1377 τὴν
3679 1305 3908 1376 καρδίαν

2338 1402 2452 1476 [εἰς
2480 1401 2739 1472 καρδίας]
2771 1401 2950 1454 αὐτῶν
2971 1417 2986 1432 ·

735 1472 824 1526 55.
859 1472 922 1527 Ει
956 1491 1116 1530 arcus
1139 1492 1328 1532 eorum
1358 1481 1795 1554 conl‘ringantur.

2339 1472 2358 1476 -
2405 1495 2493 1548 55.
2527 1494 2635 1547 Καὶ
2666 1492 2736 1545 τὰ
2757 1494 2884 1557 τόξα
2917 1492 3094 1548 αὐτῶν
3124 1491 3455 1565 συντριϐείη.

733 1559 824 1616 54.
860 1561 1048 1620 Melius
1074 1577 1157 1621 est
1185 1571 1456 1625 modicum
1477 1573 1648 1642 justo,
1680 1591 1844 1646 super
1873 1577 2090 1635 divitias
2112 1595 2236 1650 pec-

2404 1587 2490 1642 54.
2525 1588 2792 1658 Κρεῖσσον
2812 1585 2987 1654 ὀλίγον
3002 1585 3079 1657 τῷ
3098 1559 3289 1656 δικαίω
3319 1559 3460 1656 ὑπὲρ
3476 1584 3703 1639 πλοῦτον
3725 1587 3907 1658 ἁμαρ-

664 1660 908 1706 catorum
941 1657 1140 1713 multas
1167 1676 1181 1714 :

1129 1675 1140 1713 ί
1167 1676 1181 1714 ε
2334 1680 2518 1733 τωλῶν
2548 1679 2732 1732 πολύν.

733 1743 822 1797 55.
856 1744 1126 1810 Quoniam
1158 1751 1381 1808 brachia
1407 1771 1756 1825 peccatorum
1792 1769 2162 1818 conterentur.

2273 1841 2290 1842 ί
2407 1771 2496 1825 55.
2527 1772 2648 1822 Ὅτι
2683 1769 2963 1841 βραχίονες
2983 1769 3320 1841 ἁμαρτωλῶν
3355 1771 3835 1842 συντριϐήσονται’

736 1834 824 1889 56.
857 1837 1154 1895 Conﬁrmat
1176 1854 1356 1900 autem
1383 1848 1562 1916 justos
1594 1849 1876 1907 Dominus.
2266 1841 2309 1896 Β

2266 1841 2309 1896 Β
2406 1862 2496 1914 56.
2537 1834 2916 1930 ’Υποστηρίζει
2947 1859 3002 1912 δὲ
3025 1834 3160 1923 coiit:
3187 1860 3431 1925 δικαίους
3459 1834 3734 1933 δ’Κύριος.

734 1926 823 1980 57.
860 1927 1018 1985 Novit
1045 1932 1306 1991 Dominus
1331 1941 1446 1994 vias
1479 1941 1955 1997 immaculatorum
1987 1962 2003 1998 :

2407 1955 2495 2008 57.
2532 1926 2790 2006 Γινώσκει
2823 1953 3027 2023 Κύριος
3057 1953 3159 2017 τὰς
3191 1955 3344 2018 ὁδοὺς
3373 1955 3484 2008 τῶν
3517 1926 3795 2026 ἀμυῶμων·

727 2017 817 2072 58.
848 2019 914 2074 Ει
944 2023 1228 2083 haereditas
1264 2046 1452 2085 eorum
1480 2034 1534 2086 in
1561 2044 1820 2088 mternum
1849 2035 1975 2090 erit.

2407 2043 2493 2096 58.
2529 2044 2638 2095 Καὶ
2671 2045 2702 2113 ἠ
2733 2017 3062 2115 κληρονομία
3093 2045 3270 2098 αὐτῶν
3303 2017 3384 2109 εἰς
3411 2045 3503 2100 τὸν
3526 2017 3698 2100 α-ίῶνα
3729 2047 3906 2101 ἔσται.

727 2106 819 2163 59.
854 2108 970 2166 Νοη
1000 2115 1403 2174 eonfundentur
1429 2123 1480 2176 in
1511 2134 1750 2194 tempore
1776 2127 1922 2181 malo
1947 2145 1962 2180 :

2408 2134 2493 2190 59.
2526 2136 2599 2187 Οὐ
2637 2135 3191 2205 καταισχυνθήσονται
3220 2139 3276 2189 ὲν
3308 2137 3484 2210 καιρῷ
3505 2137 3728 2210 πονηρῷ
3746 2155 3762 2170 ·

731 2199 820 2254 40.
853 2199 922 2257 Ει
955 2205 1007 2259 in
1039 2207 1232 2263 diebus
1258 2210 1418 2268 famis
1446 2216 1859 2273 saturabu'ntur.

2409 2227 2498 2279 40.
2534 2228 2643 2280 Καὶ
2678 2229 2734 2279 ὲν
2764 2228 2999 2298 ἡμέραις
3029 2227 3187 2297 λιμοῦ
3214 2230 3695 2302 χορτασθήσονται.

729 2291 818 2346 41.
854 2291 990 2360 Quia
1020 2311 1336 2367 peccatores
1370 2307 1664 2373 peribunt:

2408 2317 2494 2371 tt.
2527 2318 2648 2371 Ὀτι
2671 2318 2718 2370 οι
2743 2291 3054 2389 ἀῇαρτωλοι
3077 2291 3437 2372 mae...-

733 2384 825 2438 42.
859 2386 1067 2445 inimici
1099 2409 1227 2448 vero
1252 2395 1468 2451 Domini
1500 2415 1626 2454 mox
1653 2411 1712 2456 ut
1739 2403 2081 2458 honorificati
2112 2402 2232 2457 fue-

2406 2409 2495 2463 42.
2532 2411 2594 2463 Οἱ
2628 2409 2684 2462 δὲ
2711 2384 2894 2480 ἐχθροὶ
2921 2407 3013 2462 τοῦ
3042 2410 3246 2480 Κυρίου
3268 2451 3283 2475 ,
3327 2413 3445 2483 ἅμα
3475 2411 3552 2484 τῷ
3583 2414 3911 2488 δοξασθῆναι

663 2474 771 2530 rint
795 2479 897 2546 ipsi
931 2491 986 2536 et
1014 2487 1258 2552 exaltati,

2339 2503 2535 2565 αὐτοὺς
2558 2502 2652 2554 καὶ
2680 2502 2957 2573 ὑψωθῆναι
2978 2545 2992 2567 ,

732 2570 820 2663 45.
852 2572 1168 2634 Deﬁcientes
1203 2584 1659 2649 quemadmodum
1694 2595 1879 2646 turnus
1910 2590 2183 2646 deﬁcient.

2020 2592 2183 2646 cient.
2407 2595 2496 2648 45.
2548 2570 2916 2657 Ἐκλείποντες
2954 2595 3086 2648 ὡσεὶ
3115 2597 3319 2661 καπνὸς
3357 2598 3623 2663 ἐξέλιπον.

730 2662 820 2716 44.
856 2664 1132 2723 Mutuatur
1159 2686 1428 2744 peccator,
1458 2688 1510 2732 et
1538 2697 1644 2734 non
1670 2683 1839 2738 solvet
1867 2701 1880 2736 :

2409 2685 2496 2738 44.
2528 2685 2832 2749 Δανείζεται
2853 2689 2880 2739 ό
2905 2687 3244 2757 ἁμαρτωλὸς,
3269 2691 3362 2744 καὶ
3389 2662 3487 2744 οὐκ
3517 2693 3796 2746 ἀποτίσει·

733 2753 822 2808 45.
855 2756 1043 2815 Justus
1069 2774 1248 2818 autem
1283 2769 1592 2835 miseretur,
1620 2784 1671 2828 et
1701 2776 1920 2833 tribuet.

2407 2779 2500 2832 45.
2551 2780 2608 2830 '0
2632 2778 2688 2830 δὲ
2718 2777 2924 2840 δίκαιος
2944 2753 3224 2853 οἰκτείρει,
3255 2782 3350 2835 καὶ
3387 2783 3619 2838 δίδωσιν.

1782 2907 2157 2966 ATHANASII
2195 2910 2781 2968 lNTERPRETATIO.

733 3011 827 3066 24.
856 3011 1118 3071 Diabolus
1147 3025 1201 3071 et
1229 3018 1349 3087 ejus
1379 3020 1618 3075 ministri
1652 3022 1943 3080 observant
1966 3024 2170 3083 ﬁdeles.
2259 3032 2302 3090 C

2404 3029 2494 3083 24.
2533 3028 2593 3082 '0
2622 3028 2864 3092 διάϐολος
2897 3029 2989 3082 καὶ
3029 3030 3079 3082 οί
3117 3029 3283 3084 αὐτοῦ
3317 3032 3757 3103 παρατηροῦνται
3782 3040 3912 3105 τοὺς

2337 3119 2583 3181 πιστούς.

733 3198 823 3252 25.
855 3197 1114 3264 Quaereris
1136 3201 1312 3270 ipsum
1339 3205 1584 3273 perdere.

2406 3208 2497 3264 25.
2528 3206 2713 3279 Ζητῶν
2746 3207 2904 3261 αὐτὸν
2929 3207 3222 3263 ἀναλῶσαι.

732 3291 823 3344 26.
861 3290 996 3345 Ευιη
1051 3293 1327 3349 inﬁrmum
1375 3298 1646 3365 ostendet;
1670 3307 1722 3354 et
1752 3298 1873 3370 ejus
1901 3301 2233 3358 voluntatem

2406 3299 2494 3352 26.
2541 3299 2762 3371 Ἀσθενῆ
2798 3300 2961 3356 αὐτὸν
2992 3300 3297 3370 ἀναδείξει,
3334 3303 3412 3376 (1)
3452 3305 3542 3359 καὶ
3576 3307 3676 3380 τὴν
3712 3309 3914 3388 βουλὴν

663 3382 872 3438 irritam
905 3383 1085 3440 faciet.

2336 3391 2499 3447 αὐτοῦ
2525 3391 2843 3464 ματαιώσει.

728 3478 820 3533 27.
857 3480 981 3537 Dies
1004 3485 1307 3553 punitionis
1335 3487 1478 3557 ejus.

2406 3484 2497 3538 27.
2546 3485 2611 3537 'H
2647 3485 2828 3556 ἡμέρα
2855 3487 2955 3556 τῆς
2979 3483 3255 3549 κολάσεως
3282 3484 3464 3543 αὐτοῦ.

731 3571 822 3625 28.
859 3572 1140 3632 Daemones
1169 3589 1474 3646 peccatum.

2407 3576 2496 3630 28.
2525 3577 2586 3631 Oi
2615 3577 2869 3647 δαίμονες
2900 3575 2998 3648 τὴν
3028 3577 3323 3649 ἁμαρτίαν.

730 3665 822 3721 29.
852 3666 1038 3722 Mundi
1072 3671 1416 3740 cupiditates.

2403 3669 2493 3724 29.
2522 3670 2634 3732 Τὰς
2654 3669 2948 3740 ἐπιθυμίας
2973 3669 3069 3724 τοῦ
3101 3669 3330 3742 κόσμου.

727 3759 817 3813 50.
847 3759 1086 3816 Justum.

2405 3761 2495 3814 50.
2526 3762 2627 3814 Τὸν
2652 3762 2876 3815 δίκαιον.

732 3851 822 3904 51.
858 3853 1106 3910 Sanctos.

2408 3852 2496 3907 51.
2532 3853 2670 3916 Τοὺς
2707 3853 2914 3923 ἁγίους.

730 3945 820 4001 52.
855 3949 1128 4004 Conversa
1159 3959 1240 4005 est
1268 3950 1527 4021 iniquitas
1555 3969 1744 4009 eorum
1775 3955 1827 4009 in
1856 3956 2022 4027 ipsos.

2407 3942 2495 3996 52.
2539 3943 2900 4014 Ἑπέστρεψεν
2925 3943 2957 4012 ἡ
2987 3942 3154 3996 κακία
3176 3941 3355 3997 αὐτῶν
3384 3944 3471 3997 ἐπ’
3497 3944 3715 4011 αὐτούς.

732 4039 825 4093 55.
856 4039 1027 4111 lgnita
1062 4043 1369 4098 daemonum
1403 4045 1510 4099 tela
1542 4047 1833 4116 signiﬁcat.

2405 4035 2494 4089 55.
2529 4036 2609 4087 Τὰ
2637 4033 3003 4106 πεπυρωμένα
3026 4035 3152 4105 βέλη
3193 4035 3300 4090 τῶν
3323 4036 3594 4108 δαιμόνων
3631 4038 3802 4110 λέγει.

730 4131 820 4186 54.
851 4133 1097 4204 Amplius
1131 4145 1212 4190 est
1251 4136 1402 4205 justo
1437 4139 1661 4205 paulum
1711 4139 2098 4194 misericordia:
2131 4140 2230 4195 Do-

2406 4127 2495 4181 54.
2525 4128 2726 4191 Μεῖζόν
2759 4130 2904 4181 ἐστιν
2939 4130 3131 4199 μικρὸν
3159 4129 3305 4193 ἔλεος
3334 4131 3429 4184 τοῦ
3480 4133 3688 4204 Κυρίου
3733 4134 3813 4206 τῷ
3837 4135 3918 4192 δι-

663 4227 816 4288 mini,
847 4244 1010 4296 quam
1037 4245 1228 4284 omnes
1258 4231 1446 4285 mundi
1479 4232 1702 4286 divitiae.

2338 4219 2477 4290 καίῳ
2512 4221 2652 4292 ὑπὲρ
2690 4221 2867 4275 πάντα
2900 4222 2988 4274 τὸν
3017 4221 3244 4274 πλοῦτον
3274 4222 3368 4276 τοῦ
3398 4224 3624 4295 κόσμου.

735 4323 824 4377 55,
850 4320 1119 4386 Quoniam
1156 4325 1335 4377 omnis
1367 4341 1556 4378 eorum
1586 4326 1826 4394 potentia
1862 4327 2080 4395 peribit.

2408 4313 2496 4367 55.
2532 4315 2652 4367 Ὅτι
2689 4316 2838 4368 πᾶσα
2867 4317 2898 4385 ἡ
2923 4315 3211 4368 δυναστεία
3245 4315 3423 4370 αὐτῶν
3465 4319 3765 4374 ἀπολεῖται.

727 4413 816 4467 56.
854 4413 1115 4470 Immotos
1146 4432 1241 4470 eos
1269 4416 1510 4470 custodit
1539 4417 1592 4469 in
1622 4426 1905 4471 aeternum.
2265 4395 2309 4448 D

2307 4414 2309 4431 '
2406 4408 2492 4461 56.
2514 4407 2862 4471 Ἀσαλεύτους
2881 4407 3072 4470 αὐτοὺς
3084 4408 3426 4477 διαφυλάττει
3443 4412 3524 4474 είς
3540 4411 3664 4476 τοὺς
3685 4413 3910 4480 αἰῶνας.

733 4507 821 4561 57.
855 4507 986 4576 Ejus
1010 4508 1152 4562 cnim
1181 4519 1306 4564 sunt
1340 4525 1502 4578 opera
1536 4521 1878 4565 sanctorum.

2410 4501 2502 4554 57.
2531 4500 2704 4553 Αὑτοῦ
2745 4503 2851 4572 γάρ
2878 4502 2982 4554 εἰσι
3011 4503 3078 4555 τὰ
3106 4502 3241 4572 ἔργα
3262 4504 3370 4556 τῶν
3400 4505 3587 4572 ἁγίων.

738 4599 827 4652 58.
861 4598 926 4652 Ει
953 4615 1177 4668 regnum
1203 4601 1465 4655 cmlorum
1491 4617 1678 4655 eorum
1705 4612 1807 4656 est.

2410 4591 2496 4644 58.
2532 4592 2640 4643 Καὶ
2666 4591 2697 4660 ἡ
2728 4591 2968 4659 βασιλεία
2989 4591 3096 4644 τῶν
3121 4592 3568 4662 οὐρανῶνιαύτῶν
3591 4595 3739 4649 ἐστιν

726 4692 816 4746 59.
853 4690 913 4746 In
941 4693 1028 4746 die
1052 4693 1270 4762 judicii.

2409 4686 2496 4739 59.
2542 4687 2626 4743 Ἐν
2654 4685 2835 4756 ἡμέρᾳ
2869 4686 2941 4754 (5)
2968 4684 3217 4756 κρίσεως.

732 4785 821 4839 40.
856 4782 976 4840 Non
1004 4786 1162 4855 panis
1192 4785 1385 4840 famem
1421 4788 1708 4857 signiﬁcat,
1742 4787 1832 4841 sed
1869 4785 2054 4858 gratia:
2080 4786 2195 4840 Dei.

2413 4777 2500 4831 40.
2543 4778 2616 4829 Οὐ
2644 4777 2797 4845 λιμὸν
2835 4775 3001 4846 ἄρτου
3035 4776 3201 4845 λέγει,
3236 4776 3372 4829 ἀλλὰ
3411 4777 3512 4849 τῆς
3549 4779 3771 4851 χάριτος
3815 4779 3915 4836 τοῦ

2340 4870 2470 4922 Θεοῦ
2482 4911 2494 4922 .

731 4967 918 5022 41-45.
971 4966 1256 5022 Daemones
1308 4980 1360 5025 et
1415 4971 1507 5040 qui
1568 4971 1673 5026 illis
1718 4972 2112 5042 obsequuntur,
2179 4971 2230 5023 in

2416 4963 2600 5016 41-45.
2638 4963 2700 5015 Οἱ
2745 4962 2994 5032 δαίμονες
3044 4961 3138 5016 καὶ
3169 4961 3219 5013 οἱ
3263 4960 3576 5032 πειθόμενοι
3613 4961 3797 5027 αὐτοῖς
3831 4966 3914 5030 είς

663 5060 892 5114 nihilum
921 5061 1249 5130 redigentur.

2339 5056 2487 5108 οὐδὲν
2519 5057 2855 5126 γενήσονται.

732 5149 822 5202 44.
853 5149 1082 5205 Peccata
1130 5153 1363 5221 peccatis
1404 5153 1576 5217 addit,
1613 5163 1666 5207 et
1715 5153 2088 5223 paenitentiam
2125 5167 2233 5207 non

2408 5147 2496 5201 44.
2529 5146 2889 5218 Προστίθησιν
2932 5145 3204 5217 ἁμαρτίας
3242 5146 3325 5214 ἐφ’
3355 5145 3629 5218 ἁμαρτίας
3656 5188 3669 5210 ,
3705 5145 3800 5200 καὶ
3847 5145 3914 5202 οὗ

663 5241 794 5310 agit,
813 5242 1110 5309 deprecans
1133 5259 1231 5313 pro
1261 5245 1384 5299 illis.

2349 5239 2729 5309 μεταμελεῐται
2753 5239 3076 5309 προσφέρων
3102 5239 3313 5309 δεήσεις
3335 5238 3474 5309 ὑπὲρ
3495 5238 3694 5291 αὐτῶν.

706 5333 827 5388 ι45.
853 5332 1045 5388 Justus
1075 5343 1257 5389 autem
1295 5335 1450 5390 offert
1485 5333 1594 5388 Deo
1623 5351 1717 5404 per
1751 5337 2120 5404 02ccmosynas
2153 5333 2234 5386 di-

2416 5334 2502 5386 -i.‘i.
2544 5335 2600 5386 Ὀ
2627 5333 2680 5384 δὲ
2713 5333 2919 5394 δίκαιος
2952 5331 3247 5402 προσφέρει
3273 5330 3349 5401 τῷ
3374 5331 3489 5403 Θεῷ
3515 5332 3580 5384 δι’
3616 5331 3916 5403 ἐλεημοσυ-

665 5426 824 5481 vitias
855 5443 1003 5481 suas.

2344 5427 2447 5482 νῶν
2492 5427 2578 5479 τὸν
2605 5426 2795 5479 ἑαυτοῦ
2823 5425 3066 5481 πλοῦτον.

1616 5586 1917 5649 Addenoa
1948 5593 2008 5648 et
2039 5583 2406 5663 corrigenda
2440 5599 2514 5641 ex
2567 5580 2706 5642 cod.
2739 5579 2936 5640 Vatic.

736 5711 813 5852 £3
845 5711 1167 5836 3:255“-
2416 5708 2491 5777 (ὅ)
2532 5708 2613 5760 Ἐἰ
2731 5704 2909 5776 τῆμέρεξῐ
2944 5703 3040 5772 τῆς
3076 5719 3162 5773 κρ-
