4060 6454
270 409 380 469 789
1120 409 1208 462 DE
1244 410 1518 466 TITULIS
1556 411 2003 468 PSALSIORUM.
2046 444 2116 454 -—-
2150 414 2351 470 PSAL.
2393 420 2634 474 XXXVI.
3400 422 3503 477 790

337 528 425 582 46.
460 528 580 581 Ὅτι
601 529 650 581 οἱ
677 526 1024 596 εὐλογοῦντες
1043 527 1203 580 αὐτὸν
1223 528 1686 599 κληρονομήσουσι
1714 531 1836 602 γῆν·
1866 541 1917 599 Α

1896 550 1917 598 ι
2010 534 2098 590 46.
2130 534 2269 601 Quia
2300 538 2683 593 benedicentes
2724 538 2796 603 ei,
2830 538 3220 593 haereditabunt
3262 549 3499 598 terram:

340 619 428 674 47.
467 621 528 672 Οἰ
559 619 614 672 δὲ
641 619 1017 691 καταρώμενοι
1041 620 1200 672 αὑτὸν
1236 620 1790 692 ἐξολοθρευθήσονται.

1570 623 1790 692 ᾗσονται.
2008 626 2095 680 47.
2127 628 2508 685 Maledicentes
2530 639 2710 685 autem
2736 630 2783 683 ei
2815 629 3173 699 disperibunt.

340 707 427 762 48.
464 710 621 781 Παρὰ
651 710 855 779 Κυρίου
892 710 961 764 τὰ
987 710 1145 781 διαὸή
1156 728 1297 781 ματα
1324 710 1609 782 ἀνθρώπου
1644 731 1835 766 κατευ-

1703 731 1835 766 ιτευ-
2004 720 2091 773 48.
2126 721 2170 773 Α
2203 720 2434 777 Domino
2457 738 2677 793 gressus
2712 722 2948 776 hominis
2970 721 3306 790 diriguntur:

267 797 525 853 θύνεται’

337 891 424 947 49.
458 893 569 945 Kal
590 894 688 965 τὴν
714 894 832 947 ὁδὸν
860 894 1021 948 αὐτοῦ
1052 895 1262 966 Θελήσει
1295 896 1513 968 σφόδρα.

1295 896 1513 968 σφόδρα.
2010 903 2098 956 49.
2130 901 2194 956 Et
2222 903 2361 957 viam
2394 902 2512 970 ejus
2546 902 2687 955 volet
2717 900 2889 954 valde.

336 982 424 1035 50.
462 984 628 1037 Ὅταν
658 985 817 1057 πέσῃ,
848 988 907 1039 οὐ
932 990 1401 1061 καταραχοήσεται
1422 1012 1434 1025 ·

2006 993 2095 1047 50.
2126 993 2260 1046 Cum
2295 993 2569 1055 ceciderit,
2600 1008 2705 1045 non
2733 991 3019 1045 collidetur
3045 1006 3058 1043 :

330 1073 417 1129 5|.
452 1076 572 1129 "Ott
608 1077 810 1147 Κύριος
842 1080 1205 1151 ἀντιστηρίζει
1231 1088 1388 1156 χεῖρα
1420 1090 1566 1161 αὐτῷ
1596 1091 1828 1164 [cz-31:05].

2002 1085 2087 1139 51.
2124 1085 2260 1151 Quia
2302 1085 2566 1139 Dominus
2612 1083 2867 1153 supponit
2896 1097 3116 1136 manum
3144 1080 3242 1150 ipsi
3274 1080 3498 1152 [suamy

333 1163 423 1219 52.
460 1164 740 1237 Νεώτερος
763 1170 1048 1240 ἐγενόμην,
1082 1175 1175 1226 καὶ
1204 1177 1450 1247 ἐγήρασα
1471 1198 1483 1210 ”
1794 1163 1800 1164 ⁷

1277 1178 1450 1247 ήρασα
1471 1198 1483 1210 -
1794 1163 1800 1164 ί
2005 1177 2094 1230 52.
2124 1176 2317 1230 Junior
2340 1176 2439 1238 fui,
2466 1176 2663 1230 etenim
2695 1176 2880 1240 senui;

336 1255 424 1310 55.
455 1258 564 1311 Kal
583 1260 680 1312 οὐκ
705 1256 842 1315 εἶδον
864 1261 1067 1316 δίκαιον
1098 1267 1656 1343 ἐγκαταλελειμμένον
1676 1316 1690 1339 ,

1455 1274 1656 1343 μμένον
1676 1316 1690 1339 ,
2007 1267 2095 1321 55.
2136 1266 2198 1319 Et
2228 1282 2334 1320 non
2364 1265 2700 1333 vidijustum
2720 1265 3058 1329 derelictum,

336 1348 424 1402 54.
449 1350 580 1405 Οὐδὲ
613 1353 674 1405 τὸ
703 1354 926 1426 σπέρμα
956 1358 1117 1411 αὐτοῦ
1149 1358 1342 1429 ζητοῦν
1368 1363 1581 1433 ἄρτους.

1496 1384 1581 1429 ως,
2006 1360 2093 1413 54.
2122 1358 2231 1412 Nec
2257 1372 2441 1412 semen
2464 1358 2583 1426 ejus
2607 1373 2859 1426 quaerens
2880 1373 3099 1428 panem.

335 1438 425 1492 55.
461 1441 626 1512 Ὅλην
652 1443 750 1514 τὴν
776 1445 985 1516 ἡμέραν
1009 1447 1168 1513 ἐλεεῖ,
1190 1450 1281 1502 καὶ
1310 1450 1541 1517 δανείζει
1563 1455 1825 1520 ὁδίκαιος·

1740 1475 1825 1520 ιος·
2004 1450 2091 1504 55.
2128 1449 2262 1502 Tota
2286 1449 2371 1503 die
2394 1448 2681 1502 miseretur
2712 1456 2765 1501 et
2792 1447 3101 1502 commodat
3125 1446 3306 1514 justus
3332 1462 3343 1496 :

335 1529 426 1585 56.
455 1532 564 1585 Kal
591 1532 652 1586 τὸ
683 1535 905 1606 σπέρμα
934 1538 1098 1591 αὑτοῦ
1132 1542 1212 1604 εἰς
1244 1542 1493 1612 εὐλογίαν
1515 1545 1688 1600 ἔσται.

1624 1564 1688 1600 ιι.
1997 1542 2085 1597 56.
2118 1540 2183 1595 Et
2213 1557 2397 1596 semen
2429 1541 2575 1594 illius
2603 1541 2658 1593 in
2694 1538 3068 1594 benedictione
3092 1538 3227 1592 erit:

334 1621 425 1677 57.
456 1624 532 1692 (α)
558 1625 839 1682 Ἕκκλινον
861 1630 969 1682 ἀπὸ
1002 1633 1195 1698 κακοῦ,

1002 1633 1195 1698 κακοῦ,
2000 1634 2088 1687 57.
2123 1631 2338 1687 Declina
2363 1647 2393 1685 a
2426 1631 2585 1695 malo,

332 1715 422 1769 58.
457 1717 567 1770 Kal
589 1718 813 1779 ποίησον
828 1722 1051 1791 ἀγαθὸν,
1072 1726 1164 1778 καὶ
1191 1731 1533 1801 κατασκήνου
1557 1732 1636 1795 εἰς
1661 1735 1829 1788 αἰῶνα

1998 1726 2085 1780 58.
2122 1725 2188 1780 Et
2228 1725 2312 1779 fac
2356 1725 2579 1790 bonum,
2615 1734 2669 1778 et
2700 1723 2940 1779 inhabita
2984 1722 3039 1776 in
3089 1720 3345 1777 szeculum
3397 1734 3497 1774 sae-

259 1807 476 1872 αἰῶνος.
1931 1819 2058 1874 culi.

333 1899 421 1954 59.
456 1902 575 1955 ’Ὁτι
600 1904 803 1975 Κύριος
835 1908 1023 1980 ἀγαπᾷ
1057 1910 1270 1981 κρίσιν·
1860 1876 1904 1931 Β

1860 1876 1904 1931 Β
2004 1910 2091 1965 59.
2127 1910 2263 1975 Quia
2294 1909 2555 1965 Dominus
2589 1918 2735 1963 amat
2758 1908 3053 1977 judicium:

329 1990 418 2046 60.
455 1995 563 2047 Kal
598 1998 697 2051 οὐκ
724 2000 1099 2071 ἐγκαταλείψει
1123 2006 1248 2067 τοὺς
1279 2006 1458 2070 ὁσίους
1484 2007 1647 2062 αὐτοῦ
1673 2024 1686 2039 ’

1526 2007 1647 2062 ὐτοῦ
1673 2024 1686 2039 ’
2001 2001 2091 2056 60.
2125 2004 2189 2055 Ει
2214 2018 2319 2057 non
2344 2002 2681 2070 derelinquet
2712 2009 2933 2055 sanctos
2967 2014 3129 2052 suos:

328 2082 416 2137 61.
442 2085 537 2147 Εἰς
562 2088 651 2140 τὸν
678 2091 848 2145 αἰῶνα
881 2093 1337 2164 φυλαχθήσονται.
1548 2134 1551 2139 ι

1548 2134 1551 2139 .
2001 2093 2089 2145 61.
2125 2092 2181 2146 1η
2213 2108 2471 2147 acternum
2504 2092 2967 2147 conservabuntur
2996 2130 3010 2155 ,

328 2174 416 2228 62.
450 2178 670 2249 Ἀνομοι
696 2181 751 2233 δὲ
778 2183 1250 2256 ἐκδιωχθήσονται,

1998 2184 2085 2238 6'2.
2120 2184 2306 2252 lnjusti
2332 2192 2513 2238 autem
2540 2184 2896 2253 expellentur,

331 2264 418 2319 65.
453 2267 563 2321 Kal
597 2270 816 2342 σπέρμα
845 2274 1054 2328 ἀσεϐῶν
1085 2278 1614 2350 ἐξολοθρευθήσεται.

1610 2323 1614 2334 .
2005 2277 2092 2330 65.
2125 2275 2187 2328 Ει
2215 2290 2397 2329 semen
2428 2274 2717 2343 impiorum
2742 2272 3213 2328 exterminabitur.

328 2356 416 2412 64.
447 2360 652 2415 Δίκαιοι
683 2364 741 2417 δὲ
776 2365 1233 2441 κληρονομήσουσι
1267 2374 1389 2443 γῆν.

2001 2367 2088 2421 64.
2124 2365 2259 2421 Justi
2286 2375 2463 2434 autem
2490 2364 2882 2419 limreditabunt
2908 2371 3105 2414 terram
3136 2378 3147 2413 :

330 2450 420 2507 65.
450 2453 560 2505 Kal
600 2458 1109 2528 κατασκηνώσουσιν
1156 2464 1235 2526 εἰς
1281 2465 1451 2517 αἰῶνα
1496 2465 1688 2529 αἰῶνος
1738 2467 1807 2519 ἐπ

2003 2459 2090 2512 65.
2127 2457 2194 2512 Et
2244 2457 2628 2511 iultabilabunt
2676 2456 2730 2509 in
2780 2454 3039 2509 saeculum
3098 2450 3282 2506 saeculi
3334 2464 3494 2518 super

256 2542 447 2613 αὐτῆς..
1928 2565 2069 2605 eam.

329 2633 417 2689 66.
453 2636 630 2707 Στόμα
667 2638 874 2693 δικαίου
909 2643 1193 2715 μελετήσει
1230 2646 1421 2715 σοφίαν
1443 2664 1456 2677 ·

2003 2643 2091 2697 66.
2125 2643 2197 2697 Os
2221 2641 2357 2711 justi
2386 2638 2735 2695 meditabitur
2757 2636 3077 2691 sapientiam
3108 2654 3120 2690 :

354 2749 409 2817 a)
440 2746 593 2806 Vers.
622 2752 712 2818 57,
756 2756 1057 2824 Ἔκκλινον,
1090 2768 1218 2827 etc.,
1244 2761 1464 2829 ἀγαθόν.
1514 2765 1545 2830 ᾗ·
1577 2763 1665 2822 58.
1710 2762 1817 2814 Kal
1860 2776 1957 2811 κατ

781 2756 1057 2824 Εκκλινον,
1090 2768 1218 2827 etc.,
1244 2761 1464 2829 ἀγαθόν.
1514 2765 1545 2830 ᾗ·
1577 2763 1665 2822 58.
1710 2762 1817 2814 Kal
1860 2760 2235 2827 κατασμήνου,
2276 2765 2380 2811 etc.

1384 2870 1755 2924 ATHANASII
1793 2864 2371 2922 INTERPRETATIO.

332 2970 420 3024 46.
450 2973 512 3023 Οί
531 2973 839 3040 δοξάζοντες
864 2980 1025 3031 αὐτὸν
1054 2982 1122 3033 δι’
1154 2981 1329 3053 ἔργων
1372 2985 1589 3053 ἀγαθῶν
1629 2986 1823 3055 κληρο-

2000 2982 2087 3037 46.
2119 2980 2496 3036 Gloriﬁcantcs
2543 2992 2665 3033 eum
2708 2976 2867 3030 bonis
2907 2974 3165 3042 operibus
3209 2970 3492 3026 hmreditao

256 3061 553 3128 νομήσουσι
584 3066 682 3134 τὴν
710 3067 1006 3136 μέλλουσαν
1037 3071 1209 3124 πόλιν.

1046 3071 1209 3124 πόλιν.
1927 3074 2064 3128 bunt
2095 3072 2332 3125 futuram
2357 3070 2649 3124 civitatem.

332 3151 420 3256 4A7.
454 3154 599 3256 Οἰδὲ
624 3155 1068 3230 βλασφημοῦντες
1098 3165 1280 3231 αὐτὸν,
1318 3167 1349 3239 ἢ
1376 3167 1699 3239 ἀρνούμενοι
1742 3168 1827 3231 ὲξ-
1854 3200 1895 3256 C

1889 3201 1893 3217 .
2001 3162 2088 3215 47.
2124 3161 2566 3229 Blasphemantcs
2598 3166 2777 3212 autem
2802 3171 2949 3220 cum,
2981 3164 3074 3208 aut
3103 3160 3362 3224 negantes
3399 3166 3492 3205 er-

1889 3234 1895 3253 |
2074 3254 2082 3256 .
2165 3252 2175 3256 -

255 3241 736 3317 ολοθρευθήσονται
770 3252 865 3322 (1).
1856 3241 1858 3244 ’

781 3252 865 3322 ξι).
1856 3241 1895 3256 ν
1930 3252 2384 3307 terminabuntur.

328 3332 418 3388 48.
450 3336 547 3390 Διὰ
573 3341 669 3410 τῆς
700 3342 918 3413 χάριτος
940 3346 1104 3399 αὑτοῦ
1133 3348 1358 3411 ἕκαστος
1383 3347 1681 3420 [ἕκαστον]
1719 3347 1825 3400 τῶν

1997 3346 2087 3399 48.
2124 3344 2580 3415 Unumqucmque
2616 3342 2855 3397 ﬁdelium
2882 3340 3052 3411 gratia
3082 3354 3179 3393 sua
3206 3338 3259 3391 in
3288 3339 3488 3392 bonum

257 3425 467 3479 πιστῶν
495 3428 674 3501 ὁδηγεῖ
702 3433 776 3502 (2)
804 3436 895 3497 εἰς
915 3437 975 3487 τὸ
1001 3438 1219 3505 ἀγαθόν,

573 3434 674 3501 ιγεῖ
702 3433 776 3502 (2)
804 3436 895 3497 εἰςε
915 3437 975 3487 τὸ
1001 3438 1219 3505 ἀγαθόν,
1926 3438 2176 3494 deducet.

330 3515 420 3573 49.
472 3519 690 3591 Ἐρᾶται
721 3524 819 3593 τῆς
843 3526 1116 3592 πολιτείας
1145 3529 1309 3583 αὐτοῦ
1345 3532 1505 3585 πάνυ.

1997 3529 2086 3583 49.
2116 3527 2247 3597 Ejus
2276 3526 2491 3581 vivendi
2522 3526 2789 3580 rationem
2825 3534 2971 3578 amat
2993 3523 3244 3579 multum.

453 3609 575 3662 Ἐὰν
594 3611 665 3680 (5)
683 3613 778 3683 οὐχ
810 3615 1050 3688 ἁμάρτῃ,
1074 3619 1171 3671 οὐκ
1190 3621 1449 3689 ἀπομένοι
1480 3626 1544 3693 τῇ
1562 3625 1823 3699 ἁμαρτίᾳ.

1627 3629 1823 3699 ιαρτίᾳ.
1996 3619 2083 3675 50.
2116 3618 2174 3673 Si
2205 3627 2408 3687 peccat,
2440 3634 2549 3671 non
2572 3626 2877 3686 perseverat
2909 3617 2960 3668 in
2986 3624 3230 3683 peccato.

333 3698 420 3751 51.
450 3700 572 3753 Ὅτι
602 3702 690 3756 διὰ
716 3704 810 3757 τοῦ
834 3705 1014 3772 ἐλέους
1044 3708 1206 3762 αὐτοῦ
1236 3712 1437 3783 ἐγείρει
1466 3714 1645 3768 αὐτόν.
1778 3698 1781 3699 ν

1778 3698 1781 3699 ν
1997 3713 2083 3768 51.
2122 3712 2388 3778 Quoniam
2416 3710 2786 3765 misericordia
2811 3725 2907 3762 sua
2937 3708 3095 3777 erigit
3125 3722 3268 3760 eum.

328 3787 415 3842 52.
455 3791 639 3857 Οῦτως
670 3795 823 3864 κάγώ
855 3814 981 3851 ποτε
1006 3800 1316 3871 ἡμάρτανον
1337 3842 1351 3867 ,
1388 3802 1481 3856 νῦν
1519 3804 1574 3857 δέ
1622 3806 1824 3873 τέλειος

1994 3804 2082 3858 52.
2115 3803 2188 3857 lta
2220 3804 2383 3858 etiam
2413 3818 2511 3871 ego
2539 3801 2813 3871 quondam
2843 3801 3085 3869 peccari,
3120 3812 3264 3852 nunc
3308 3807 3485 3851 autem

255 3877 318 3931 ἐν
350 3881 568 3953 Χριστῷ
592 3886 875 3957 ἐγενόμην.

1926 3897 2197 3968 perfectus
2224 3896 2399 3951 factus
2432 3912 2551 3949 sum
2579 3897 2631 3949 in
2661 3894 2882 3949 Christo

331 3971 418 4026 53.
442 3976 550 4028 Kal
575 3979 684 4030 οὐκ
724 3974 888 4032 εἶδον
926 3978 1003 4051 (4)
1040 3983 1165 4035 πότε
1216 3979 1345 4053 ’ἦλθέ
1387 4005 1475 4057 μοι
1521 3992 1687 4045 ταῦτα
1722 3993 1825 4046 ὑπὸ

2000 3990 2088 4043 55.
2122 3988 2190 4041 Et
2238 4004 2339 4040 non
2383 3987 2776 4056 vidi:quando
2822 3996 3086 4039 venerunt
3133 3984 3266 4037 mihi
3314 3983 3428 4038 haec
3456 3998 3484 4039 a

254 4062 350 4116 τοῦ
378 4061 539 4122 Θεοῦ.

1925 4078 2173 4133 Domino.

326 4153 413 4207 54.
444 4156 578 4209 Οὖδέ
605 4157 703 4232 τὴν
731 4162 955 4233 καρδίαν
993 4166 1157 4220 αὐτοῦ
1189 4168 1487 4243 λιπομένην
1532 4174 1637 4227 τῶν
1672 4194 1823 4248 χαρι-

1727 4194 1823 4248 ιρι·
1998 4170 2085 4224 54.
2112 4168 2298 4240 Neque
2327 4186 2421 4226 cor
2450 4171 2567 4240 ejus
2595 4168 2792 4225 divinis
2815 4168 2971 4223 donis
2993 4168 3330 4222 destitutum.

256 4248 479 4318 σμάτων
502 4252 659 4307 Θεοῦ.

328 4340 416 4438 55.
462 4342 572 4397 ’Ael
596 4347 653 4397 ἐν
675 4346 750 4418 τῷ
774 4351 910 4418 φωτὶ
928 4351 1001 4407 ὣν
1022 4354 1087 4407 δι’
1111 4356 1232 4428 ἐλεη
1242 4356 1476 4429 μοσύνης
1494 4358 1723 4423 δανείζει
1743 4361 1821 4433 τῷ

1995 4369 2087 4424 55.
2116 4368 2171 4422 in
2207 4369 2325 4423 luce
2386 4382 2597 4438 semper
2637 4368 2906 4423 cxsislens
2954 4383 3047 4437 per
3091 4367 3482 4438 eleemosynam

254 4432 393 4505 Θεῷ.
1796 4432 1799 4433 ν

1920 4457 2197 4515 feneratur
2224 4460 2349 4514 Deo.

324 4524 416 4579 56.
446 4528 525 4582 Τὰ
551 4528 687 4600 ἔργα
720 4532 885 4586 αὐτοῦ
910 4534 1078 4604 λέγει.
1850 4532 1895 4587 D

1850 4532 1895 4587 D
1994 4551 2082 4605 56.
2115 4551 2287 4620 Opera
2316 4550 2434 4621 ejus
2460 4551 2742 4620 signiﬁcat.

325 4617 415 4674 57.
464 4622 596 4674 Ἀπὸ
624 4623 803 4696 πάσης
833 4628 1126 4700 ἁμαρτίας.

1042 4646 1126 4693 ας.
1996 4644 2084 4699 57.
2116 4617 2197 4699 Ab
2223 4617 2369 4699 omni
2398 4617 2642 4714 peccato.

327 4710 414 4765 58.
443 4712 537 4778 Είς
565 4715 664 4787 τὴν
689 4718 985 4788 μέλλουσαν
1023 4722 1189 4795 ζωήν.

936 4738 985 4773 ιν
1023 4722 1189 4795 ζωήν·
1998 4735 2086 4791 58.
2123 4733 2180 4788 1η
2210 4737 2315 4789 vita
2340 4710 2539 4789 futura.

325 4802 414 4859 59.
434 4807 810 4881 Δικαιοσύνην.

807 4854 810 4864 ,
1999 4822 2085 4877 59.
2117 4821 2410 4877 Justitiam.

324 4894 413 4951 60.
452 4898 590 4963 Τοὺς
613 4900 801 4969 ἁγίους
833 4902 1016 4958 αὐτοῦ.

904 4902 1016 4958 τοῦ.
1999 4909 2085 4965 60.
2118 4910 2347 4967 Sanctos
2370 4910 2502 4980 ejus.

324 4988 415 5043 61.
448 4990 540 5053 Είς
567 4992 656 5044 τὸν
680 4993 774 5047 νῦν
804 4993 973 5049 αίῶνα
1000 4997 1091 5049 καὶ
1120 4998 1198 5061 εἰς
1212 4998 1300 5051 τὸν
1336 4998 1615 5070 μέλλοντα.

1484 5016 1615 5053 ma.
1996 5002 2083 5056 61.
2120 5002 2176 5056 In
2200 5004 2450 5074 praesenti
2486 5004 2684 5057 smculo
2718 5014 2772 5058 ct
2797 5004 2850 5057 in
2886 5002 3087 5060 futuro.

324 5077 412 5132 62.
447 5080 540 5143 Εἰς
570 5081 633 5134 τὸ
659 5083 846 5147 σκότος
877 5084 937 5137 τὸ
963 5084 1246 5156 ἐξώτερον.

1178 5103 1246 5138 αν.
1995 5094 2081 5147 62.
2111 5092 2167 5146 1η
2190 5096 2439 5149 tenebras
2467 5096 2781 5150 exteriores.

324 5171 415 5227 65.
444 5174 525 5228 Τὰ
552 5174 692 5247 ἔργα
715 5176 823 5229 τῶν
846 5178 1057 5232 ἀσεϐῶν
1079 5180 1159 5244 είς
1183 5178 1244 5232 τὸ
1276 5178 1385 5249 πῦρ
1425 5180 1486 5233 τὸ
1521 5179 1758 5236 αἰώνιον.

1600 5179 1758 5236 ὓνιον.
1997 5182 2085 5235 65.
2122 5181 2295 5252 Opera
2321 5182 2611 5251 impiorum
2640 5182 2694 5237 in
2727 5183 2903 5254 ignem
2924 5195 3203 5239 aeternum.

326 5263 415 5317 64.
448 5266 559 5337 Τὴν
593 5267 889 5337 μέλλουσαν
917 5270 1083 5339 λέγει.

950 5270 1083 5339 έγει.
1994 5274 2081 5329 64.
2117 5275 2374 5329 Futuram
2403 5276 2553 5330 dicit.

260 5338 265 5345 ’
326 5353 415 5408 65.
447 5356 558 5410 Kal
597 5360 907 5432 οἰκήσουσιν
957 5338 1036 5427 εἰς
1073 5364 1171 5427 τὰς
1212 5364 1598 5436 ἀτελευτήτους
1655 5366 1816 5437 μονὰς

1994 5366 2084 5422 65.
2120 5368 2185 5423 Et
2231 5368 2551 5424 babitabunt
2597 5369 2651 5423 in
2692 5369 3036 5439 sempiternis
3078 5368 3195 5439 ejus
3246 5365 3478 5423 mansio-

254 5444 446 5514 αὐτῆς.

1923 5457 2104 5514 nibus.

326 5537 412 5592 66.
449 5538 527 5590 Τὰ
559 5538 898 5612 δικαιώματα
934 5545 1025 5597 τοῦ
1065 5544 1219 5600 Θεοῦ.

949 5545 1025 5597 τοῦ
1065 5544 1219 5600 Θεοῦ.
1996 5548 2084 5605 66.
2120 5549 2309 5604 Divina
2332 5550 2552 5621 judicia.

1202 5661 1504 5724 Addenda
1536 5670 1594 5725 et
1643 5661 2011 5742 corrigenda
2043 5680 2117 5725 ex
2154 5663 2291 5725 cod.
2324 5666 2524 5726 Vatic.

443 5753 1005 5833 ςξςολορρευθήσονται
1039 5764 1116 5827 εἰς
1142 5764 1229 5816 τὸν
1258 5765 1445 5819 αἰῶνα.
1990 5765 2064 5833 (δ)
2136 5766 2289 5820 οταν·

328 5821 404 5892 (ἓ)
443 5821 758 5896 Ὀδηγεῖται.
811 5821 822 5829 ’
1098 5821 1112 5827 ’

1983 5821 2061 5899 (41
2096 5835 2245 5893 Εἰδὸν
2282 5856 2405 5890 ποτε
2435 5836 2663 5893 ἐαθέντα
2683 5838 2799 5891 τινὰ
2840 5839 3016 5891 αὐτῶν
3046 5838 3169 5904 ὑπό,
3201 5845 3308 5895 etc.
