4060 6436
601 365 698 422 791
1441 368 1499 420 S.
1534 365 1906 423 ATIIANASII
1943 365 2092 420 OPP.
2135 362 2312 418 PARS
2349 361 2436 418 111.
2472 390 2542 403 -
2576 357 2986 415 ΕΧΕΟΕΤΙΟΑ.
3735 350 3840 410 792

668 481 759 536 67.
796 479 861 534 Et
881 480 1063 551 lingua
1091 480 1213 551 ejus
1240 480 1495 550 loquetur
1516 483 1781 550 judicium
1809 503 1822 540 :
2190 486 2242 543 Δ

2190 486 2242 543 Α
2338 479 2426 533 (i7.
2459 478 2567 531 Kal
2597 480 2630 547 ἡ
2660 477 2882 544 γλῶσσα
2915 471 3080 528 αὐτοῦ
3106 473 3328 545 λαλήσει
3366 472 3578 545 κρίσιν·

668 573 758 629 68.
789 572 898 628 Lex
927 573 1022 629 Dei
1050 573 1171 644 ejus
1193 573 1247 628 in
1279 576 1441 630 corde
1480 575 1671 646 ipsius,

2343 569 2430 623 68.
2474 568 2532 619 Ὀ
2563 567 2726 637 νόμος
2751 565 2844 617 τοῦ
2879 563 3013 616 Θεοῦ
3039 562 3205 616 αὑτοῦ
3239 565 3296 616 ὲν
3327 562 3522 633 καρδίᾳ
3549 560 3738 625 αὑτοῦ,

665 665 756 719 69.
791 663 857 719 Et
884 679 991 719 non
1026 667 1519 735 supplantabuntur
1543 683 1764 737 gressus
1789 667 1930 738 ejus.

2341 659 2428 714 69.
2460 659 2568 712 Kal
2583 659 2680 727 οὐχ
2697 655 3218 726 ὑποσκελισθήσεται
3232 655 3299 707 τά
3312 655 3469 726 διαῦή
3479 671 3622 724 ματα
3650 652 3835 706 αὐτοῦ·

666 757 756 812 70.
791 756 1114 815 Considerat
1135 760 1649 832 peccatorjustum,
1696 770 1753 816 et
1789 761 1989 832 quaerit
2023 775 2169 816 mor—

2342 751 2428 806 70.
2459 752 2730 804 Κατανοεῖ
2756 750 2784 801 ὁ
2809 746 3130 819 ἁμαρτωλὸς
3165 746 3257 800 τὸν
3292 745 3516 810 δίκαιον,
3549 746 3644 798 καὶ
3685 744 3844 816 ζητεῖ

596 851 804 907 tilicare
833 866 981 906 eum.
2273 841 2369 895 τοῦ
2401 839 2706 894 Θανατῶσαι
2728 838 2910 891 αὐτόν.

666 941 752 996 7t.
781 939 1044 996 Dominus
1074 950 1259 996 autem
1297 957 1406 997 non
1439 942 1779 1014 derelinquat
1805 959 1930 999 eum
1966 945 2020 998 in
2053 959 2169 998 ma-

2346 934 2430 988 7l.
2465 935 2540 1004 (a)
2585 934 2644 986 Ὀ
2675 933 2732 984 δὲ
2762 932 2966 1002 Κύριος
2994 929 3054 980 οὐ
3090 926 3164 999 μὴ
3195 927 3536 1000 ἐγκαταλίπῃ
3565 927 3728 981 αὑτὸν
3760 928 3841 992 είς

597 1031 759 1086 nibus
778 1032 897 1101 ejus
924 1050 938 1086 :

2269 1027 2370 1090 τὰς
2402 1029 2587 1096 χεῖρας
2618 1023 2780 1076 αὑτοῦ
2802 1039 2815 1053 ·

665 1125 755 1178 72.
788 1121 899 1180 Nec
926 1124 1208 1181 damnabit
1232 1141 1357 1181 eum
1387 1145 1404 1183 :

2341 1117 2426 1169 72.
2457 1117 2579 1169 Οὐδ’
2607 1116 2666 1168 ού
2700 1115 2774 1186 μὴ
2809 1111 2966 1185 [οὐδὲ
3001 1111 3077 1182 μή
3123 1112 3180 1164 in
3213 1111 3338 1166 cod.
3383 1109 3587 1182 Barb.]
3617 1113 3839 1166 καταδι-

1194 1259 1200 1265 -
2269 1209 2505 1279 κάσηται
2540 1207 2719 1271 αὑτὸν,

661 1301 750 1356 7'5.
775 1301 911 1358 Cum
935 1303 1269 1374 judicabitur
1299 1303 1376 1358 illi
1404 1323 1419 1358 :

2339 1301 2429 1355 75.
2467 1301 2633 1354 Ὅταν
2667 1297 2916 1370 κρίνηται
2943 1294 3091 1365 αὐτῷ
3123 1294 3322 1366 [αὐτόν
3361 1297 3417 1348 in
3443 1295 3560 1346 cod.
3587 1295 3806 1365 Barb.].

665 1390 750 1449 τι.
779 1392 1047 1466 Exspecta
1073 1396 1385 1466 Dominum,
1414 1406 1472 1453 et
1491 1395 1702 1453 custodi
1737 1397 1882 1453 viam
1915 1397 2038 1467 ejus
2067 1415 2084 1450 :

2339 1391 2426 1446 74.
2470 1390 2791 1460 ’Υπόμεινον
2817 1387 2908 1441 τὸν
2938 1387 3166 1457 Κύριον,
3202 1386 3296 1438 καὶ
3325 1384 3561 1456 φύλαξον
3588 1386 3688 1456 τὴν
3720 1387 3841 1440 ὁδὸν

2270 1482 2436 1535 αὐτοῦ
2455 1497 2472 1514 ·

659 1567 750 1624 75.
780 1567 846 1624 Ει
873 1571 1136 1626 exaltabit
1169 1579 1242 1637 te,
1286 1582 1347 1626 ut
1380 1572 1695 1628 haereditate
1727 1572 1914 1644 capias
1940 1581 2160 1629 terram.

2342 1572 2428 1628 75.
2457 1573 2569 1626 Kal
2613 1571 2818 1642 ὑψώσει
2870 1589 2929 1625 σε
2974 1571 3069 1625 τοῦ
3119 1571 3663 1642 κατακληρονομῆσαι
3693 1570 3835 1641 γῆν

661 1658 750 1714 76.
784 1659 921 1738 Cum
955 1662 1220 1732 perierint
1241 1672 1556 1733 peceatores
1580 1662 1809 1718 videbis.

2337 1663 2425 1719 76.
2473 1665 2559 1717 Ἐν
2588 1664 2668 1734 τῷ
2691 1662 3129 1733 ὲξολοθρεύεσθαι
3159 1663 3531 1733 ἁμαρτωλοὺς,
3563 1663 3682 1732 ὄψει
3708 1660 3838 1734 [ὄψῃ

2267 1758 2344 1812 id.
2381 1756 2497 1810 cod.
2531 1753 2740 1826 Barb.].

661 1838 748 1892 77.
777 1837 901 1895 Vidi
924 1842 1150 1911 impium
1184 1846 1669 1914 superexaltatum,
2185 1819 2236 1880 Β

2185 1819 2236 1880 Β
2337 1849 2426 1901 77.
2455 1842 2606 1900 Εἶδον
2631 1819 2722 1899 τὸν
2756 1845 2925 1916 ἀσεϐῆ
2958 1845 3423 1916 ὑπερυψούμενον,

665 1930 751 1985 78.
780 1931 846 1987 Ει
870 1934 1139 1989 elevatum
1179 1936 1322 1992 sicut
1351 1938 1546 1994 eedros
1568 1937 1760 1994 Libani
1791 1957 1806 1992 :

2335 1941 2424 1995 78.
2463 1941 2572 1992 Kal
2599 1938 2959 2009 ἐπαιρόμενον
2985 1937 3060 2000 ὡς
3081 1937 3179 2001 τὰς
3201 1939 3424 2008 κέδρους
3449 1935 3542 1990 τοῦ
3565 1936 3798 1990 Λιϐάνου
3815 1950 3836 1968 ⁶

665 2021 751 2078 79.
784 2023 850 2080 Et
883 2027 1131 2092 transivi,
1166 2036 1221 2083 et
1244 2044 1369 2084 ecce
1397 2045 1507 2083 non
1541 2038 1660 2083 erat
1688 2048 1699 2082 :

2337 2033 2426 2087 79.
2458 2032 2568 2085 Kal
2601 2030 2898 2100 παρῆλθον,
2927 2031 3020 2082 καὶ
3049 2029 3156 2082 ἰδοὺ
3193 2029 3293 2082 οὐκ
3324 2025 3394 2100 ἦν
3413 2046 3425 2060 ·

661 2118 750 2173 80.
785 2119 851 2176 Ει
894 2123 1120 2193 (ιυωείνὶ
1155 2133 1379 2192 eum,et
1422 2141 1532 2179 non
1580 2133 1665 2180 est
1702 2126 1955 2180 inventus
2002 2123 2160 2180 locus

2340 2122 2429 2176 80.
2461 2121 2571 2174 Kal
2601 2122 2838 2192 ἐζήτησα
2859 2119 3149 2183 αὐτὸν,κα“ι
3165 2121 3261 2190 οὐχ
3285 2119 3480 2190 εὑρέθη
3503 2121 3531 2172 ὁ
3550 2119 3713 2184 τόπος
3739 2117 3840 2173 αὖ-

592 2211 714 2271 cjus
751 2222 765 2258 :
2267 2211 2361 2265 τοῦ
2383 2226 2395 2240 ·

663 2294 750 2350 8i.
784 2296 1008 2353 Custodi
1032 2299 1420 2366 innocentiam,
1448 2309 1502 2354 et
1532 2300 1988 2369 videasquitatem
2021 2320 2033 2353 :

1967 2315 1988 2353 rt
2021 2320 2033 2353 :
2339 2304 2429 2358 8‘1.
2463 2304 2708 2356 Φύλασσε
2744 2302 3000 2366 ἀκακίαν,
3036 2303 3128 2354 καὶ
3152 2301 3227 2354 ἴδε
3264 2301 3531 2371 εὐθύτητα
3556 2317 3570 2331 ·

659 2386 749 2440 82.
779 2388 1046 2453 Quoniam
1073 2400 1201 2444 sunt
1229 2391 1473 2459 reliquiae
1501 2393 1703 2445 homini
1737 2383 1980 2460 paciﬁeo.

2337 2395 2424 2449 82.
2464 2395 2582 2448 ’Ὁτι
2624 2395 2774 2446 ἐστὶν
2797 2393 3208 2463 ἐγκατάλειμμα
3233 2391 3502 2463 ἀνθρώπῳ
3529 2392 3808 2464 εἰρηνικῷ.

660 2477 748 2532 85.
781 2478 972 2549 lnjnsti
1005 2491 1188 2535 autem
1218 2481 1565 2552 disperibunt
1595 2484 1758 2538 simul
1792 2504 1803 2538 :

2338 2488 2426 2542 83.
2457 2488 2519 2540 Οἱ
2537 2487 2592 2540 δὲ
2617 2483 3476 2557 παράνομοιἐξολοορευθήσονται
3494 2485 3585 2537 ἐπὶ
3601 2485 3662 2538 τὸ
3682 2484 3835 2538 αὑτόο

658 2570 747 2624 84.
782 2569 1042 2643 Reliquiae
1072 2573 1360 2644 impiorum
1393 2575 1714 2631 interibunt.

2338 2579 2426 2632 84.
2458 2579 2538 2631 Τά
2573 2577 3055 2648 ὲγκαταλείμματα
3078 2577 3185 2630 τῶν
3210 2577 3420 2630 ἀσεϐῶν
3449 2575 3839 2648 ὲξολοθρευθή-

2271 2686 2469 2724 σονται.

659 2748 748 2804 85.
784 2746 944 2805 Salus
981 2761 1163 2806 autem
1188 2751 1461 2820 justorum
1494 2769 1522 2807 a
1566 2756 1794 2810 Domino
1827 2773 1842 2810 :

2327 2761 2419 2818 85.
2455 2763 2706 2834 Σωτηρία
2732 2763 2788 2815 δὲ
2810 2763 2918 2814 τῶν
2942 2759 3162 2815 δικαίων
3191 2760 3343 2832 παρά
3366 2760 3574 2832 Κυρίου
3593 2777 3607 2790 ο

657 2864 732 2932 (a)
762 2861 895 2919 Vers
924 2864 1007 2918 7i.
1042 2863 1146 2919 Καὶ
1183 2865 1352 2937 ζητεῖ.
1386 2869 1417 2936 ᾗ
1454 2867 1540 2923 72.
1572 2867 1649 2932 δέ,
1681 2876 1786 2922 etc.
1825 2868 1856 2931 ᾗ
1885 2867 1968 2922 75.
1993 2869 2128 2923 Οὐδὲ
2168 2872 2242 2942 μὴ

1825 2868 1856 2931 ᾗ
1885 2867 1968 2922 75.
1993 2869 2128 2923 Ούδὲ
2168 2872 2242 2942 μὴ
2271 2890 2373 2925 κατ
2397 2915 2413 2929 .
2447 2913 2460 2927 .
2498 2913 2510 2926 .
2545 2873 2715 2943 αὐτῷ.
2751 2875 2780 2942 ἲ
2812 2873 2897 2929 74.
2940 2872 3283 2943 Ύπόμεινον,
3305 2879 3409 2927 etc.

1756 3010 2120 3068 ATHANASII
2158 3008 2727 3066 INTERPRETATIO.

663 3134 753 3190 67.
785 3136 1103 3207 Veritatem,
1137 3141 1331 3212 inquit.
2195 3159 2240 3219 C

2195 3159 2240 3219 ο
2342 3147 2428 3201 67.
2478 3146 2761 3218 Ἀλήθειαν
2796 3147 2959 3215 λέγει.

662 3227 750 3282 68.
785 3227 945 3286 Fides
978 3230 1073 3286 Dei
1098 3235 1182 3288 sui
1207 3235 1260 3287 in
1290 3235 1454 3289 corde
1478 3236 1619 3306 ejus.

2336 3238 2424 3293 68.
2460 3239 2523 3290 Ἠ
2555 3239 2735 3299 πίστις
2758 3237 2855 3289 τοῦ
2883 3235 3016 3289 Θεοῦ
3045 3235 3208 3288 αὑτοῦ
3231 3237 3288 3288 ὲν
3315 3237 3382 3306 τῇ
3413 3233 3618 3306 καρδίᾳ
3647 3233 3835 3290 αὐτοῦ.

655 3321 746 3376 69.
779 3319 845 3375 Et
874 3332 1157 3394 nunquam
1186 3326 1429 3382 discedet
1459 3329 1528 3382 ab
1554 3343 1638 3383 eo.

2332 3328 2418 3382 69.
2457 3329 2564 3382 Kal
2599 3330 2674 3399 (Ι)
2704 3327 3073 3399 ἀποστήσεταί
3103 3342 3231 3379 ποτε
3265 3327 3357 3378 ἀπ’
3388 3324 3571 3378 αὑτοῦ.

660 3411 749 3465 70.
785 3411 932 3469 Bello
955 3416 1182 3484 peccati.

2331 3421 2420 3475 70.
2458 3422 2532 3492 (Ξ)
2566 3423 2664 3475 Διά
2698 3421 2790 3475 τοῦ
2818 3421 3056 3492 πολέμου
3084 3420 3186 3490 τῆς
3211 3418 3513 3490 ἁμαρτίας.

663 3503 750 3558 7t.
781 3503 898 3558 Non
935 3505 1052 3575 ipse
1080 3507 1222 3563 sinet
1264 3510 1506 3580 superari
1548 3511 1810 3581 improbis
1848 3513 1969 3585 ejus
2003 3516 2162 3588 cupi-

2336 3514 2422 3568 7l.
2452 3515 2564 3566 υύκ
2591 3514 2655 3567 ἂν
2687 3514 2848 3576 αὐτὸς
2896 3513 3226 3584 συγχωρήσῃ
3262 3509 3559 3582 ἡττηοῆναι
3588 3509 3710 3572 ταῖς
3741 3522 3841 3560 π)-

593 3595 877 3653 ditatibus.

2265 3620 2327 3672 νη
2339 3606 2455 3674 ραῖς
2479 3604 2873 3675 ἐπιουμήσεσιν
2895 3603 3079 3656 αὐτοῦ.

656 3686 746 3744 72.
774 3688 910 3744 Cum
949 3692 1232 3765 impugnat
1256 3710 1382 3749 eum

2335 3695 2424 3748 72.
2457 3695 2623 3747 ’Ὅταν
2655 3694 2864 3764 πολεμῇ
2899 3693 3078 3746 αὐτόν.

664 3781 752 3836 73.
786 3780 925 3836 Loco
950 3784 1202 3838 dicendi:
1234 3799 1359 3839 cum
1385 3785 1501 3855 ipse
1521 3784 1876 3855 judicabitur.

1874 3829 1876 3839 π
2333 3785 2422 3839 75.
2464 3785 2612 3838 Ἀντί
2643 3784 2769 3848 τοῦ,
2806 3785 2865 3836 ἐν
2886 3784 2962 3853 τῷ
2994 3783 3271 3855 κρίνεσθαι
3299 3784 3477 3836 αὐτόν.

661 3871 748 3926 76.
782 3871 1101 3931 Praestolare
1154 3875 1469 3943 Dominum,
1517 3887 1571 3932 et
1616 3879 1832 3935 custodi
1884 3878 2047 3935 ﬁdem
2104 3886 2160 3935 et

2332 3877 2418 3930 74.
2460 3876 2784 3946 Ἀπεκδέχου
2823 3876 2912 3928 τὸν
2941 3876 3137 3948 Κύριον
3167 3917 3180 3940 ,
3212 3878 3306 3929 καὶ
3353 3876 3590 3945 φύλασσε
3621 3875 3720 3947 τὴν
3749 3874 3842 3928 πί-

588 3963 841 4018 mandata
867 3966 1008 4034 ejus.

2265 3987 2378 4022 στιν
2415 3970 2505 4022 καὶ
2537 3969 2637 4032 τὰς
2683 3969 2901 4031 ἐντολὰς
2925 3969 3106 4021 αὐτοῦ.

660 4055 747 4110 75.
783 4055 850 4111 Et
877 4058 1202 4128 gloriﬁcabit
1232 4069 1286 4116 te
1312 4062 1365 4115 in
1395 4077 1562 4133 regno
1588 4079 1711 4118 suo.

2335 4060 2421 4114 75.
2453 4059 2555 4113 Kal
2573 4059 2781 4123 δοξάσει
2809 4077 2867 4112 σε
2891 4061 2946 4111 ἐν
2975 4063 3042 4131 τῇ
3081 4059 3324 4130 βασιλείᾳ
3359 4059 3543 4112 αὑτοῦ.

659 4147 748 4202 76.
779 4149 915 4203 Cum
944 4151 1234 4207 traduntur
1262 4152 1375 4222 igni
1396 4163 1617 4207 aeterno.

2333 4149 2417 4204 76.
2453 4151 2618 4204 ’Όταν
2645 4151 3037 4221 παραδίδωνται
3070 4150 3146 4221 τῷ
3171 4151 3369 4219 αἰωνίῳ
3400 4148 3549 4219 πυρί.

659 4238 749 4305 77,
783 4239 869 4293 78.
906 4239 1213 4296 Diabolum.

2331 4243 2421 4307 77,
2457 4243 2548 4296 78.
2583 4243 2686 4295 Τὸν
2711 4243 2973 4297 διάϐολον.

661 4330 749 4386 79.
781 4330 848 4386 Et
880 4334 1103 4387 transivi
1139 4335 1241 4391 sub
1271 4334 1382 4391 Deo
1417 4337 1470 4391 in
1508 4347 1928 4404 resurrectione,
1963 4347 2014 4392 et
2049 4354 2158 4392 non

2332 4335 2420 4389 79.
2452 4334 2556 4388 Kal
2586 4334 2863 4406 παρῆλθον
2902 4335 2978 4404 (5)
3016 4334 3120 4386 ύπδ
3163 4334 3256 4386 τοῦ
3301 4334 3432 4386 Θεοῦ
3477 4335 3534 4385 ἐν
3608 4337 3671 4403 τῇ
3705 4335 3838 4387 ἁνα-

588 4423 823 4492 amplius
867 4423 1119 4480 inventus
1170 4437 1252 4482 est
1293 4428 1541 4483 diabolus
1573 4449 1584 4483 :
1618 4429 1849 4484 traditur
1881 4429 2024 4483 enim
2049 4429 2158 4484 iani

2266 4428 2471 4490 στάσει,
2505 4428 2600 4480 καὶ
2637 4427 2736 4480 ούκ
2762 4427 2835 4478 ἔτι
2861 4426 3089 4497 εὓρηται
3116 4428 3144 4478 ὁ
3172 4426 3414 4489 διάϐολος
3437 4443 3448 4456 ⁸
3480 4428 3834 4497 παραδίδοται

586 4523 809 4569 aeterno.
1299 4583 1308 4590 ,

1299 4583 1308 4590 ,
2192 4512 2243 4574 Ῑ)
2272 4518 2376 4589 γὰρ
2403 4518 2477 4588 τῷ
2509 4517 2710 4586 αἰωνίῳ
2741 4516 2890 4586 πυρί.

653 4606 742 4660 80.
776 4606 1057 4661 Alienatus
1079 4607 1224 4660 enim
1261 4614 1344 4661 est
1372 4620 1402 4659 e
1429 4606 1549 4660 loco
1575 4605 1880 4676 justorum.

2333 4611 2420 4664 80.
2467 4608 2822 4677 Ἠλλοτρίωτο
2845 4607 2951 4678 γὰρ
2977 4605 3068 4659 τοῦ
3091 4607 3256 4659 τόπου
3286 4607 3360 4676 (ιι)
3388 4606 3494 4658 τῶν
3521 4606 3765 4660 δικαίων.

659 4699 747 4754 8|.
781 4698 929 4755 Tene
961 4700 1255 4754 Dominum
1289 4701 1344 4753 in
1375 4699 1571 4770 teipso,
1616 4708 1671 4754 et
1702 4698 1788 4754 fac
1828 4714 1991 4755 omne
2026 4714 2163 4770 opus

2329 4703 2416 4755 81.
2454 4701 2654 4772 Κράτει
2682 4702 2771 4754 τὸν
2802 4699 2998 4770 Κύριον
3021 4702 3077 4754 ὲν
3107 4699 3302 4769 ἑαυτῷ,
3332 4699 3425 4752 καὶ
3450 4699 3594 4754 ποίει
3621 4702 3732 4753 πᾶν
3753 4702 3832 4771 Ep-

589 4794 814 4848 bonum.

2263 4813 2358 4864 γον
2387 4793 2607 4861 ἀγαθόν.

661 4883 749 4939 82.
778 4884 1047 4952 Quoniam
1077 4885 1362 4938 retributio
1391 4894 1474 4940 est
1497 4885 1846 4954 diligentibus
1875 4901 2021 4939 eum.

2335 4887 2422 4940 82.
2457 4887 2576 4937 Ὀτι
2601 4885 2718 4937 ἐστὶ
2749 4885 3140 4954 μισθαποδοσία
3173 4884 3286 4945 τοῖς
3310 4882 3596 4950 ἀγαπῶσιν
3621 4882 3783 4935 αὐτόν

661 4973 750 5029 83.
783 4974 958 5029 Simul
989 4975 1045 5028 in
1078 4975 1545 5030 consummatione
1569 4990 1759 5030 omnes
1794 4976 2050 5044 peribunt
2079 4974 2161 5027 in-

2338 4979 2425 5032 85.
2465 4977 2630 5047 Ὁμοῦ
2662 4977 2776 5047 ἆμα
2810 4978 2868 5028 ὲν
2905 4979 2971 5047 τῇ
3020 4975 3297 5044 συντελείᾳ
3337 4975 3533 5036 πάντες
3572 4973 3829 5026 ἀπολοῦνη

585 5065 746 5137 justi,
769 5082 946 5138 neque
970 5083 1111 5120 unus
1144 5068 1500 5136 relinquetur.

2265 5087 2353 5123 ται
2377 5071 2424 5123 οἱ
2450 5070 2775 5140 παράνομοι,
2806 5068 2900 5122 καὶ
2930 5069 3050 5121 οὐδὲ
3076 5062 3155 5129 εἷς
3184 5066 3689 5136 περιλειφθήσεται.

664 5156 754 5211 84.
785 5159 962 5228 Opera
986 5173 1177 5213 eorum
1205 5175 1326 5213 cum
1355 5159 1484 5228 ipsis
1507 5159 1782 5228 peribunt.

2334 5163 2420 5216 84.
2458 5163 2537 5216 Τὰ
2566 5163 2702 5232 ἔργα
2726 5161 2902 5216 αὐτῶν
2934 5162 3029 5214 σὺν
3059 5161 3241 5222 αὐτοῖς
3271 5156 3619 5213 ἀπολοῦνται.

660 5248 750 5304 85.
787 5248 854 5302 Ει
882 5249 936 5303 in
958 5249 1208 5320 praesenti
1234 5260 1289 5304 et
1321 5252 1374 5304 in
1400 5249 1586 5304 Inturo
1609 5250 1828 5306 saeculo.

1610 5250 1828 5306 seculo.
2333 5255 2420 5310 85.
2449 5255 2552 5310 Kal
2575 5258 2632 5308 ὲν
2660 5255 2738 5324 τῷ
2771 5253 3014 5324 μέλλοντι
3040 5250 3213 5305 αἰῶνι.

1539 5410 1841 5472 Addenda
1872 5417 1934 5471 et
1963 5411 2333 5490 corrigenda
2389 5430 2467 5473 ex
2507 5412 2644 5472 rod.
2682 5410 2878 5471 Vatic.

662 5530 738 5599 (ί)
771 5530 875 5586 Kal
897 5531 1016 5595 οὐκ,
1039 5541 1144 5586 etc.
2264 5553 2265 5586 1

2264 5550 2317 5586 η.
2353 5534 2438 5585 74.
2489 5532 2795 5600 Ἀποδέχου.

668 5602 746 5670 (Ξ)
778 5601 842 5656 Ν.
881 5603 971 5656 70.
1024 5605 1052 5654 ὁ
1099 5601 1362 5663 διάὸολος.
1398 5616 1457 5672 n.
1513 5601 1599 5653 7|.
1651 5601 1767 5664 Διά,
1810 5609 1914 5672 etc.
1963 5616 2014 5652 ιι.
2065 5601 2150 5654 7'2.

1685 5601 1767 5664 .ιά,
1810 5609 1914 5672 cte.
1963 5616 2014 5652 ll.
2065 5601 2150 5654 7'3.
2333 5605 2406 5670 (3)
2445 5603 2702 5672 Παρήχθη
2732 5641 2746 5654 .
2781 5644 2793 5656 .
2833 5641 2847 5654 .
2884 5601 3078 5670 εὑρέθη
3103 5603 3150 5659 ὁ,
3185 5609 3288 5654 etc.

593 5671 707 5742 Οὐκ
755 5672 820 5725 ἃν
847 5674 1006 5725 αὑτὸν
1036 5689 1139 5738 συγ
1165 5712 1178 5723 .
1213 5714 1226 5726 .
1259 5713 1270 5724 .
1295 5671 1634 5742 ἐπιθυμίαις,
1663 5682 1765 5725 etc.
1800 5688 1851 5724 ιι.
1879 5671 1960 5723 75.
1989 5671 2156 5722 Ὅταν
2335 5675 2407 5741 (4)
2440 5675 2557 5726 Τῶν
2587 5673 2762 5726 τόπων
2789 5672 2970 5734 αὐτοῦ,
3003 5682 3104 5725 etc.

595 5740 907 5812 πολεμεῖται
963 5743 1140 5803 αὐτόν,
1202 5740 1502 5798 versiculns
1549 5742 1691 5794 ’Δντί
1738 5742 1888 5796 deest
1941 5743 1990 5794 in
2025 5743 2142 5795 cml.
