4060 6450
200 399 319 452 793
1054 403 1143 457 DE
1182 406 1452 462 TITULIS
1488 409 1931 470 PSALMORUM.
1987 446 2059 455 —
2095 418 2291 474 PSAL.
2335 422 2598 478 XXXVII.
3331 435 3433 490 ⁸794

282 515 376 571 86.
408 518 515 571 Kal
543 523 949 593 υπερασπιστὴς
981 523 1157 576 αὑτῶν
1184 526 1328 578 ἐστιν
1361 527 1417 578 ὲν
1457 529 1632 600 καιρῷ
1659 530 1770 584 θλί-
1799 544 1842 591 Α

1831 562 1842 591 ι
1940 533 2030 589 86.
2057 535 2124 590 Et
2142 548 2414 608 protector
2435 557 2621 597 eorum
2647 551 2730 598 est
2766 544 2819 598 in
2851 552 3092 617 tempore
3128 547 3434 605 tribulatio-

197 605 380 674 ψεως.
1875 626 1978 680 nis.

277 700 370 754 87.
401 703 507 756 Καὶ
532 703 787 776 βοηθήσει
824 706 1006 769 αὐτοῖς
1034 707 1256 776 Κύριος,
1297 708 1391 761 καὶ
1418 711 1639 779 ῥύσεται
1673 714 1770 766 αὐ·-

1943 702 2032 771 87.
2071 715 2136 771 Et
2177 718 2456 788 adjuvabit
2485 734 2580 776 eos
2611 719 2896 790 Dominus,
2940 735 2992 782 ct
3031 726 3281 785 liberabit
3311 747 3427 798 eos,

196 810 368 856 τους,

272 888 366 942 88.
399 888 506 942 Kal
538 888 800 954 ὲξελεῖται
829 892 1024 955 αὑτοὺς
1051 893 1110 957 ἐξ
1136 893 1474 965 ἁμαρτωλῶν
1497 912 1512 927 ο

1313 893 1474 948 πωλῶν
1497 912 1512 927 ο
1940 891 2027 946 88.
2065 891 2129 947 Ει
2152 903 2306 950 eruet
2333 910 2427 952 eos
2453 913 2483 952 a
2506 901 2881 967 peccatoribus
2905 921 2916 956 :

272 979 364 1031 89.
397 979 501 1031 Kal
525 977 685 1033 σώσει
719 982 939 1047 αὐτοὺς,
973 984 1052 1035 ὅτι
1083 984 1316 1055 ήλπισαν
1348 987 1434 1038 ἐπ’
1462 988 1645 1044 αὑτόν.

1940 982 2031 1038 89.
2068 984 2134 1038 Ει
2166 987 2392 1042 salvabit
2425 1004 2538 1056 eos,
2564 991 2691 1061 quia
2719 1004 3068 1062 speraverunt
3090 996 3144 1049 in
3171 1011 3251 1051 eo.

318 1090 562 1160 Ψαλμύς
587 1092 666 1156 τῷ
682 1094 884 1166 Δαὸίὸο
919 1098 1006 1161 είς
1029 1096 1370 1164 ἀνάμνησιν
1395 1099 1527 1166 περί
1557 1101 1666 1156 τοῦ
1870 1094 1919 1148 Ρ

1870 1094 2117 1150 Ρεαιηιιιε
2163 1097 2334 1152 David
2370 1115 2387 1153 :
2418 1101 2471 1153 in
2515 1107 3008 1161 commemoratione
3064 1109 3128 1162 de
3178 1107 3429 1164 Sabbato.

633 1163 957 1218 Σαϐϐἀτου.
990 1163 1158 1220 ΨΑΛ.
1191 1170 1322 1220 ΛΖ’.
1471 1163 1479 1166 ⁷

1319 1208 1322 1215 ,
1471 1163 1479 1166 ⁷
2380 1169 2778 1227 PSAL.‘XXX
2798 1174 2922 1230 VII.

273 1273 326 1326 1.
358 1273 549 1345 Κύριε,
579 1275 651 1346 μὴ
672 1276 750 1345 τῷ
776 1277 932 1348 θυμῷ
965 1295 1057 1332 σου
1085 1280 1310 1354 ἐλέγξῃς
1340 1299 1406 1352 με
1428 1299 1442 1313 ο

1941 1277 1993 1329 1.
2025 1276 2268 1345 Domine,
2301 1297 2370 1337 ne
2408 1283 2462 1338 in
2496 1285 2676 1341 furore
2700 1297 2793 1344 tuo
2821 1305 3020 1358 arguas
3053 1307 3138 1344 me
3171 1310 3184 1345 :

271 1362 328 1414 2.
365 1363 514 1434 Μηδὲ
545 1367 610 1434 τῇ
646 1366 781 1437 ὀργῇ
809 1383 902 1419 σου
928 1367 1222 1441 παιδεύσῃς
1253 1387 1340 1440 με.

1333 1409 1340 1422 _
1935 1368 1992 1421 2.
2021 1367 2206 1434 Neque
2234 1374 2288 1427 in
2315 1375 2395 1430 ira
2422 1385 2513 1432 tua
2537 1380 2802 1449 corripias
2834 1397 2936 1436 me.

272 1455 327 1507 3.
363 1455 482 1508 Ὀτι
508 1456 573 1509 τὰ
601 1455 728 1526 βέλη
771 1475 864 1510 σου
897 1460 1243 1530 ὲνεπάγησάν
1276 1479 1367 1532 μοι
1397 1480 1411 1494 ο

1935 1459 1988 1514 3.
2019 1461 2285 1528 Quoniam
2313 1468 2522 1537 sagitta
2560 1479 2666 1525 tua
2695 1472 2874 1526 inﬁxa
2897 1485 3026 1528 sunt
3050 1475 3183 1528 mihi
3211 1494 3223 1528 :

272 1547 326 1600 4.
360 1549 468 1601 Καὶ
502 1549 862 1619 ὲπεστήριξας
887 1551 973 1602 ἐπ’
1005 1551 1105 1620 ἐμὲ
1131 1551 1230 1622 τὴν
1252 1554 1408 1623 χεῖρά
1434 1570 1548 1607 σου.

1935 1551 1988 1606 4.
2015 1552 2080 1606 Ει
2114 1556 2448 1613 conﬁrmasti
2477 1575 2641 1630 super
2671 1577 2757 1616 me
2779 1578 3001 1617 manum
3031 1574 3202 1618 tuam.

275 1636 324 1690 5.
358 1638 470 1690 Οὑκ
490 1637 636 1690 ἔστιν
665 1637 806 1701 ἴασις
836 1640 894 1692 ἐν
922 1642 988 1710 τῇ
1014 1641 1174 1711 σαρκί
1206 1659 1309 1710 μου
1335 1642 1443 1695 ἀπὸ
1475 1645 1764 1716 προσώπου

1937 1643 1990 1698 5.
2027 1642 2143 1702 Non
2201 1659 2285 1704 est
2333 1651 2539 1707 sanitas
2590 1653 2645 1707 in
2695 1669 2857 1708 carne
2903 1671 3021 1709 mea
3073 1673 3103 1709 a
3151 1655 3287 1710 facie
3337 1655 3431 1712 ira

194 1727 302 1796 τῆς
333 1727 502 1796 ὀργῆς
533 1745 627 1780 σου
653 1746 666 1758 ·
1866 1743 1973 1789 tua

273 1819 324 1872 6.
361 1821 473 1872 Οὐκ
497 1820 641 1873 ἐστιν
669 1823 857 1893 εἰρήνη
893 1824 950 1875 ἐν
975 1826 1086 1886 τοῖς
1118 1824 1323 1888 ὀστέοις
1361 1842 1459 1895 μου
1487 1827 1593 1880 ἀπὸ
1635 1844 1767 1900 προ-

1938 1829 1990 1880 6.
2027 1827 2143 1882 Νοη
2171 1839 2254 1884 est
2288 1845 2390 1899 pax
2424 1832 2643 1886 ossibus
2670 1835 2804 1889 meis
2833 1851 2860 1888 a
2898 1835 3035 1891 facie
3082 1848 3428 1906 peccatorum

198 1910 385 1962 σώπου
415 1911 521 1963 τῶν
549 1913 832 1982 ἁμαρτιῶν
857 1931 978 1983 μου.

549 1913 832 1982 ἁμαρτιῶν
857 1931 978 1983 μου.
1867 1935 2131 1976 meorum.

272 2001 324 2055 7.
359 2002 478 2055 Ὅτι
507 2005 563 2055 αἱ
585 2003 802 2074 ἀνομίαι
823 2021 924 2074 μου
942 2003 1225 2076 ὑπερῆραν
1249 2007 1346 2076 τὴν
1374 2008 1611 2078 κεφαλήν
1632 2025 1755 2080 μου·
1794 1985 1838 2041 Β

1828 1989 1838 2040 ι
1940 2011 1991 2065 7.
2034 2012 2303 2077 Quoniam
2350 2010 2663 2081 iniquitates
2710 2028 2846 2069 mea
2896 2030 3262 2088 supergressa
3302 2029 3431 2075 sunt

1867 2109 2031 2169 caput
2055 2117 2234 2156 meum
2262 2121 2274 2156 :

272 2181 325 2234 8.
370 2181 513 2232 'Qo'a‘t
545 2181 762 2251 φορτίον
791 2181 927 2253 βαρὺ
957 2179 1330 2250 ἐϐαρύνθησαν
1355 2183 1440 2234 ἐπ’
1466 2183 1586 2253 ὲμέ.
1681 2205 1684 2208 ’

1681 2205 1684 2208 ’
1934 2190 1986 2244 8.
2023 2190 2174 2245 Sicut
2208 2208 2346 2246 onus
2370 2210 2531 2262 grave
2556 2205 2789 2260 gravata
2819 2205 2948 2250 sunt
2980 2212 3142 2265 super
3167 2214 3270 2253 me.

272 2272 321 2326 9.
355 2273 713 2343 Προσώζεσαν
741 2275 833 2327 καὶ
866 2274 1148 2343 ὲσὰπησαν
1176 2275 1223 2324 οἱ
1261 2273 1526 2343 μώλωπες
1556 2293 1678 2345 μου,

1934 2279 1984 2334 9.
2013 2278 2345 2334 Putruerunt
2385 2290 2437 2334 et
2479 2292 2748 2351 corrupta
2787 2294 2916 2338 sunt
2945 2286 3228 2342 cicatrices
3272 2301 3426 2355 mea,

274 2361 357 2416 10.
395 2362 525 2415 Ἀπὸ
554 2362 844 2435 προσώπου
872 2363 970 2433 τῆς
997 2362 1306 2432 ἀφροσύνης
1329 2381 1451 2434 μου.

1191 2362 1306 2432 ὃνης
1329 2381 1451 2434 μου.
1930 2371 2017 2426 10.
2053 2371 2097 2425 A
2127 2372 2265 2429 facie
2291 2373 2616 2444 insipientia
2643 2390 2794 2430 mea.

1314 2543 1689 2600 ATIIANASII
1729 2545 2316 2604 INTERPRETATIO.

269 2700 356 2756 86.
390 2702 650 2771 Πρόνοιαν
675 2701 851 2755 αὑτῶν
884 2700 970 2754 ἀεὶ
1005 2700 1342 2771 ποιούμενος.

1938 2705 2025 2758 86.
2055 2705 2254 2760 Curam
2285 2705 2502 2760 illorum
2526 2722 2740 2776 semper
2767 2723 2976 2778 gerens.

270 2794 356 2848 87.
389 2795 465 2864 Τῇ
492 2795 631 2866 χειρὶ
659 2791 823 2847 αὑτοῦ
855 2794 1090 2858 σκέπων,
1121 2794 1216 2846 καὶ
1259 2795 1516 2866 δυναμῶν
1561 2796 1760 2859 αὐτοὺς

1935 2797 2022 2850 87.
2056 2796 2214 2851 Manu
2264 2813 2360 2851 sua
2413 2809 2740 2868 protegens,
2783 2809 2837 2854 et
2885 2797 3196 2854 confortans
3238 2812 3333 2854 eos
3370 2801 3425 2856 in

194 2883 255 2935 ὲν
281 2884 524 2955 ὑπομονῇ
561 2884 750 2955 πολλῇ.

745 2924 750 2936 .
1864 2888 2034 2942 multa
2070 2889 2348 2957 patientia.

269 2971 356 3026 88.
386 2973 489 3026 Kal
520 2974 850 3044 λυτρώσεται
875 2973 1071 3037 αὐτοὺς
1112 2977 1175 3027 ὲκ
1201 2977 1308 3028 τῶν
1349 2978 1634 3048 δαιμόνων,
1670 2979 1760 3031 καὶ

1936 2980 2024 3034 88.
2056 2979 2121 3034 Ει
2170 2981 2420 3035 liberabit
2469 2994 2565 3035 eos
2606 2995 2673 3034 ex
2725 2969 3081 3048 damonibus,
3129 2997 3428 3054 eorumque

192 3062 301 3113 τῶν
327 3061 613 3132 ὑπουργῶν
640 3062 840 3116 αὑτῶν.

640 3062 840 3116 αὑτῶν.
1866 3073 2219 3127 administris.

266 3152 350 3206 89.
382 3154 475 3216 Εἰς
506 3153 602 3224 τὴν
628 3153 844 3208 αἰώνιον
876 3154 1149 3224 βασιλείαν
1178 3154 1366 3220 αὑτοῦ,
1399 3157 1481 3220 είς
1509 3159 1573 3229 ἣν
1597 3157 1758 3228 ἠλπί-

1718 3157 1758 3209 ί·
1934 3161 2021 3217 89.
2057 3161 2111 3215 In
2140 3172 2341 3217 aeterno
2373 3162 2493 3232 ejus
2514 3177 2699 3232 regno,
2734 3162 2785 3215 in
2815 3177 2925 3232 quo
2949 3179 3321 3234 speraverunt.

193 3263 366 3316 σαμεν
398 3247 491 3316 (1).

276 3367 339 3418 Ἦ
371 3367 700 3437 προκειμένη
729 3367 1005 3438 ἐπιγραφὴ
1032 3368 1381 3438 περιέχει(2).
1425 3365 1665 3436 Ψαλμὸς
1695 3366 1775 3431 τῷ
1811 3366 2004 3431 Δαϐὶδ,
2053 3370 2138 3432 εἰς
2173 3366 2518 3436 ἀνάμνησιν
2554 3367 2658 3419 τοῦ
2694 3365 2996 3419 Σαϐὔὰτου
3022 3381 3035 3394 ·
3073 3347 3367 3428 τουτέστιν,
3400 3366 3430 3416 ὁ

191 3456 401 3528 ψαλμὸς
425 3451 577 3520 οὗτος
603 3458 816 3527 εἴρηται
854 3458 925 3527 τῷ
951 3459 1140 3529 δικαίῳ
1168 3458 1244 3528 τῷ
1276 3459 1415 3512 κατά
1447 3460 1537 3511 τὸν
1560 3458 1740 3521 Δαϐιδ,
1771 3460 1935 3529 ἡνίκα
1955 3459 2272 3529 ὑπεμνήσθη
2299 3459 2397 3528 τῆς
2430 3459 2640 3531 ἡμέρας
2669 3457 2768 3529 τῆς
2797 3458 3046 3530 κρίσεως,
3075 3458 3214 3526 λέγω
3241 3456 3306 3528 δὴ
3330 3453 3424 3508 τοῦ

193 3552 693 3622 ὲπτακισχιλιοποῦ
730 3553 881 3616 ἔτους
901 3569 914 3581 ο
953 3553 1228 3606 Σάϐϐατον
1257 3554 1365 3624 γὰρ
1393 3553 1754 3624 ἑρμηνεύεται
1787 3553 2149 3619 ἀνάπαυσις.

265 3642 476 3698 Titulus
517 3645 840 3712 prapositus
883 3645 1169 3698 continet:
1220 3642 1458 3698 Psalmus
1500 3644 1666 3697 David
1708 3645 1764 3696 iu
1810 3644 2300 3698 commemoratione
2338 3644 2401 3698 de
2443 3643 2674 3698 Sabbato
2700 3660 2717 3696 :
2747 3644 2850 3698 hoc
2888 3653 2988 3707 est,
3040 3642 3284 3712 psalmus
3326 3641 3427 3696 istc

192 3730 370 3788 dictus
402 3742 484 3787 est
510 3734 578 3786 ab
603 3734 823 3788 homine
848 3735 1018 3805 justo,
1049 3735 1225 3806 qualis
1256 3745 1372 3790 erat
1401 3734 1569 3790 David
1599 3751 1720 3792 cum
1762 3735 2078 3793 recordatus
2109 3745 2192 3792 est
2218 3737 2324 3792 diei
2355 3735 2568 3807 judicii,
2616 3745 2817 3806 septem
2849 3733 3142 3800 millesimi,
3179 3735 3424 3802 inquam,

194 3825 320 3878 anni
350 3844 361 3878 :
398 3824 696 3879 Sabbatum
720 3827 864 3881 enim
901 3829 1101 3896 requies
1163 3829 1574 3897 interpretatur.

269 3946 320 3999 1.
358 3945 550 4016 Κύριε,
581 3945 652 4014 μὴ
695 3943 950 4016 θυμωθῇς
987 3946 1086 4014 (5),
1129 3946 1223 3999 καὶ
1263 3948 1620 4020 ἀποστραφῇς
1667 3967 1756 4019 με,
1785 3954 1828 4011 C.

1821 3954 1828 4009 ι
1933 3948 1982 4000 1.
2018 3946 2266 4012 Domine,
2299 3961 2366 4000 ne
2394 3945 2527 3999 mihi
2564 3961 2913 4012 succenseas,
2950 3961 3124 4016 neque
3157 3946 3424 4000 averseris

199 4038 291 4090 καὶ
321 4036 518 4098 πάντες
546 4035 764 4102 γνῶσιν,
796 4037 878 4089 ὅτι
908 4037 1205 4108 ἀϐοήθητός
1234 4042 1383 4110 εἰμι’.

1855 4055 1962 4102 me,
1986 4049 2042 4094 et
2067 4053 2259 4094 omnes
2293 4047 2613 4107 agnoscant,
2638 4041 2782 4106 quod
2807 4055 2927 4093 sum
2953 4041 3069 4093 sine
3091 4039 3313 4092 auxilio.

267 4129 318 4183 2.
356 4129 504 4199 Μηδὲ
530 4128 690 4182 πάλιν
709 4129 968 4202 ὀργισθῇς
1001 4149 1091 4201 μοι
1119 4133 1218 4204 (4),
1243 4134 1335 4186 καὶ
1364 4133 1530 4206 ἐάσῃς
1565 4153 1631 4206 με
1654 4136 1756 4189 ὑπὸ

1921 4130 1974 4183 2.
2009 4128 2193 4198 Neque
2253 4145 2447 4184 rursus
2501 4131 2757 4186 irascaris
2813 4131 2989 4197 milii,
3040 4141 3095 4186 et
3141 4130 3289 4185 sinas
3337 4142 3422 4182 me

197 4222 302 4275 τῶν
327 4222 593 4293 δαιμόνων
624 4239 764 4293 μαστ
777 4221 1002 4288 ἱξεσθαι.

967 4241 1002 4279 ι.
1855 4220 2119 4292 ﬂagellari
2147 4237 2177 4275 a
2202 4221 2562 4276 damonibus.

263 4316 314 4368 5.
343 4315 406 4366 Αἱ
433 4314 636 4384 πληγαί
664 4332 782 4380 σου,
810 4315 977 4384 λέγει,

955 4355 977 4374 ι.
1926 4316 1978 4370 3.
2009 4315 2187 4384 Plaga
2215 4325 2341 4376 tua,
2366 4313 2558 4381 inquit.

259 4413 312 4459 4.
348 4405 451 4458 Και
477 4407 849 4471 ὲταπείνωσάς
885 4425 976 4478 με.

929 4425 976 4460 ε.
1923 4409 1973 4461 4.
2004 4407 2069 4461 Ει
2099 4404 2392 4460 hutniliasti
2429 4419 2532 4458 me.

259 4499 311 4552 5.
347 4499 422 4569 (ὅ)
455 4499 566 4550 Οὑκ
590 4497 735 4551 ἔστιν
755 4499 811 4551 ὲν
834 4503 947 4561 τοῖς
970 4501 1328 4572 ἁμαρτήμασί
1360 4519 1460 4571 μου
1489 4505 1649 4570 τασις,
1673 4507 1752 4560 ὅτι

1924 4501 1977 4552 5.
2008 4497 2124 4550 Non
2152 4505 2235 4551 est
2260 4496 2312 4549 in
2341 4496 2578 4565 peccatis
2617 4495 2753 4550 meis
2775 4494 3002 4560 sanitas,
3028 4493 3285 4563 quoniam
3309 4492 3418 4547 ira-

192 4587 398 4662 ὀργίζει
428 4589 803 4661 με.1ώργίζου
837 4590 986 4663 μοι].

602 4589 803 4660 ιργίξου
837 4608 927 4660 μοι
942 4590 986 4663 ].
1855 4599 1941 4644 tus
1970 4604 2029 4642 es
2052 4589 2205 4642 mihi.

258 4683 308 4736 6.
341 4683 456 4734 Οὐκ
479 4681 623 4733 ἐστιν
651 4684 839 4753 εἰρήνη
866 4685 922 4734 ὲν
943 4687 1008 4754 τῇ
1037 4685 1181 4754 ἰσχύϊ
1205 4689 1303 4758 τῆς
1328 4689 1502 4760 ψυχῆς
1526 4707 1626 4760 μου
1652 4705 1664 4716 ·
1696 4691 1750 4742 αἱ

1922 4679 1974 4733 6.
2006 4678 2124 4734 Non
2157 4691 2239 4735 est
2279 4696 2379 4749 pax
2409 4678 2464 4732 in
2509 4676 2822 4732 fortitudine
2855 4675 3050 4730 anima
3093 4690 3225 4730 mea
3254 4694 3269 4743 ;
3299 4690 3415 4729 mea

191 4775 292 4844 γὰρ
321 4772 585 4843 ἁμαρτίαι
615 4791 716 4843 μου
748 4773 1039 4844 πολεμοῦσί
1072 4793 1180 4847 μοι.

1851 4773 1994 4828 enim
2020 4782 2238 4842 peccata
2265 4782 2502 4842 pugnant
2526 4780 2714 4826 contra
2743 4784 2828 4823 me

256 4865 306 4919 7.
344 4867 462 4918 Ὀτι
491 4867 546 4918 αἱ
565 4866 784 4935 ἀνομίαι
816 4883 916 4936 μου
946 4867 1442 4929 κατεδυνὰστευσάν
1469 4887 1596 4940 μου.

1926 4864 1976 4917 7.
2008 4863 2276 4930 Quoniam
2300 4863 2616 4932 iniquitates
2639 4877 2772 4916 mea
2797 4859 3196 4930 pravaluerunt
3227 4868 3413 4913 contra

1854 4969 1958 5007 me.

254 5047 304 5101 8.
339 5045 444 5098 Kal
466 5047 566 5099 οὐκ
587 5045 715 5100 ὲῶσί
753 5064 819 5116 με
848 5046 1137 5100 ἀνανεῦσαι
1162 5048 1295 5117 πρὸς
1331 5049 1411 5100 σέ.

1923 5046 1974 5098 8.
2006 5043 2071 5098 Et
2102 5060 2207 5098 non
2233 5042 2420 5096 sinunt
2451 5056 2535 5096 me
2565 5039 2628 5095 ad
2655 5049 2706 5095 te
2728 5040 3016 5110 respicere.

251 5139 304 5200 9,
335 5137 420 5190 10.
453 5134 558 5189 Καὶ
583 5138 692 5190 ἀπὸ
713 5135 806 5189 τοῦ
844 5136 918 5207 μὴ
939 5138 1228 5206 τυγχάνειν
1277 5155 1343 5208 με
1378 5138 1570 5202 ἰάσεως
1599 5137 1750 5207 παρὰ

1921 5136 1975 5200 9,
2006 5138 2090 5190 10.
2130 5136 2193 5190 Et
2215 5135 2342 5205 quia
2368 5151 2395 5188 a
2431 5143 2482 5188 te
2505 5133 2788 5188 sanitatem
2816 5147 2924 5184 non
2958 5145 3077 5184 sum
3106 5140 3409 5195 assecutus,

189 5227 300 5291 σοῦ,
337 5225 666 5296 εἱλκωμένος
703 5227 819 5296 εἰμὶ
846 5227 985 5289 ὅλος,
1020 5227 1110 5280 καὶ
1162 5227 1444 5296 βδελυκτὸς
1486 5228 1748 5299 ἐγενόμην

1853 5239 1997 5284 totus
2039 5229 2312 5283 ulceribus
2335 5228 2526 5297 plenus
2561 5242 2702 5292 sum,
2740 5236 2794 5279 et
2821 5222 3202 5278 aboniinabilis
3237 5223 3410 5280 factus

187 5319 334 5388 παρά
356 5319 441 5371 σοὶ
465 5318 574 5372 ἀπὸ
601 5318 700 5388 τῆς
732 5318 1004 5389 ἁμαρτίας
1037 5336 1138 5389 μου
1175 5319 1274 5390 (6).
1784 5315 1790 5366 l

1249 5334 1274 5372 ι.
1784 5315 1825 5367 D
1850 5336 1971 5376 sum
1998 5321 2140 5389 apud
2173 5329 2223 5375 te
2252 5321 2321 5375 ob
2353 5326 2632 5389 peccatum
2657 5331 2852 5371 meum.

1124 5477 1425 5543 Addenda
1456 5486 1515 5545 et
1563 5479 1938 5560 corrigenda
1978 5495 2056 5541 ex
2087 5479 2226 5541 cod.
2256 5475 2455 5540 Vatic.

246 5643 323 5713 (l)
362 5644 653 5715 Ἥλπισαν.
867 5713 910 5715 Μ
1918 5644 1994 5713 (4)
2029 5644 2334 5715 κὈργισθεές
2367 5661 2453 5713 μοι
2490 5645 2605 5700 eas.

251 5717 325 5788 (ἓ)
447 5715 539 5788 διά
567 5714 664 5788 τῆς
695 5713 1060 5788 κινναϐάρεως
1090 5734 1210 5788 περ.

1919 5717 1998 5788 (ΐῇ)
2023 5713 2198 5788 μιῆς
2233 5717 2384 5788 deest
2408 5717 2459 5768 in
2487 5720 2606 5770 cod.
2638 5731 2690 5770 ιι.
2724 5713 2773 5776 ὃ,
2800 5713 2851 5770 6.
2882 5714 2992 5766 Οὐκ
3016 5713 3159 5769 ἔστιν
3189 5715 3397 5785 εἰρήνη.

249 5785 324 5846 (3)
348 5784 631 5851 θυμωθείς
661 5801 750 5852 μοι
777 5784 970 5840 ἀποστ.
1162 5784 1170 5788 ’
1604 5852 1606 5854 τ

946 5803 970 5840 '.
1162 5784 1170 5788 ’
1604 5852 1606 5854 ν
1947 5786 2001 5854 6)
2027 5787 2141 5838 Μου
2169 5785 2314 5838 deest
2355 5786 2406 5840 in
2434 5787 2549 5839 cod.
