4060 6432
619 347 723 408 795
1455 354 1513 410 S.
1551 355 1917 414 ATHANASII
1956 358 2104 416 OPP.
2143 361 2329 418 PARS
2358 361 2443 416 lll.
2485 391 2554 402 -—
2591 363 3000 416 EXEGE'HCA.
3743 364 3845 419 796

689 469 773 525 11.
805 469 968 528 Miser
999 471 1178 530 lactus
1220 490 1364 538 sum,
1413 485 1467 532 et
1514 491 1772 536 curvatus
1817 498 1988 552 usque
2034 483 2089 538 in
2116 483 2179 537 11-
2208 491 2252 546 Α

2244 527 2252 545 .
2347 485 2432 538 11.
2483 485 2954 556 Ἐταλαιπώρησα,
3022 486 3115 538 καὶ
3163 484 3558 554 κατεκάμφθην
3599 483 3705 545 ἕως
3755 484 3847 536 τέ-

621 577 764 616 nem.
2281 574 2425 639 λους·

694 653 782 708 12.
814 651 950 708 Tota
980 652 1065 706 die
1085 653 1439 712 contristatus
1465 656 1800 714 incedebam.

2352 668 2440 721 12.
2475 669 2642 737 Ὅλην
2662 668 2760 739 τὴν
2792 669 3003 740 ἡμέραν
3051 667 3460 738 σκυθρωπάζων
3485 667 3847 738 ἐπορευόμην.

694 748 780 802 15.
813 745 1079 813 Quoniam
1117 747 1284 802 lumbi
1329 751 1434 804 mei
1493 751 1700 822 impleti
1739 762 1866 808 sunt
1913 755 2182 812 illusioni-

2351 759 2587 812 13.Ὅτι
2644 762 2700 814 αἱ
2753 760 2880 828 ψόαι
2948 777 3047 829 μου
3113 757 3462 828 ἐπλήσθησαν
3526 757 3851 828 ἐμπαιγμά-

623 840 726 896 bus
755 858 768 894 :
2283 867 2388 902 των
2410 867 2422 879 ·

696 930 783 984 14.
819 928 886 983 Et
915 945 1021 986 non
1050 939 1132 986 est
1168 933 1374 988 sanitas
1410 934 1464 988 in
1497 950 1662 990 carne
1691 953 1830 992 mea.

2358 942 2443 994 1-1.
2476 943 2587 994 Kal
2606 943 2704 995 οὐκ
2738 942 2881 995 ἐστιν
2909 943 3050 1006 ἴασις
3086 945 3143 995 ἐν
3170 946 3234 1014 τῇ
3269 945 3429 1015 σαρκί
3467 962 3586 1015 μου.

701 1021 788 1077 15.
817 1023 1064 1079 Aﬂlictus
1097 1040 1218 1078 sum
1249 1037 1300 1080 et
1337 1027 1649 1086 humiliatus
1680 1048 1800 1085 sum
1829 1032 1996 1088 nimis
2033 1050 2047 1088 :

2357 1035 2443 1090 15.
2491 1034 2802 1105 Ἐκακώθην
2838 1036 2931 1089 καὶ
2975 1037 3343 1108 ἐταπεινώθην
3374 1037 3478 1100 ἕως
3519 1037 3741 1106 σφόδρα.

698 1115 784 1170 16.
820 1114 1117 1185 Rugiebam
1147 1132 1176 1171 a
1208 1121 1406 1188 gemitu
1442 1122 1622 1175 cordis
1656 1124 1780 1176 mei.

2360 1125 2445 1179 16.
2492 1126 2760 1198 Ὠρυόμην
2791 1127 2897 1179 ἀπὸ
2927 1129 3231 1197 στεναγμοῦ
3260 1129 3358 1198 τῆς
3404 1129 3629 1198 καρδίας
3660 1145 3759 1197 μου

699 1207 786 1262 17.
815 1206 1061 1274 Domine,
1094 1221 1218 1266 ante
1240 1222 1288 1266 te
1314 1227 1472 1267 omne
1500 1213 1825 1268 desiderium
1857 1229 2034 1268 meum
2065 1234 2079 1269 :

2361 1218 2445 1272 17.
2480 1217 2670 1288 Κύριε,
2696 1219 2935 1272 ἐναντίον
2958 1236 3049 1272 σου
3092 1222 3236 1272 πᾶσα
3269 1221 3300 1288 ἡ
3330 1219 3593 1288 ἐπιθυμία
3618 1235 3743 1287 μου.

696 1298 784 1354 18.
818 1297 885 1353 Et
915 1302 1148 1371 gemitus
1180 1319 1333 1359 meus
1364 1320 1394 1358 a
1441 1314 1488 1359 te
1535 1321 1643 1359 non
1685 1315 1768 1362 est
1811 1306 2182 1362 absconditus.

2359 1308 2446 1360 18.
2480 1309 2589 1360 Kal
2620 1309 2648 1360 ὁ
2682 1310 2983 1378 στεναγμός
3013 1326 3112 1379 μου
3143 1309 3250 1361 ἀπὸ
3276 1309 3368 1361 σοῦ
3394 1311 3493 1360 οὐκ
3521 1307 3787 1379 ἁπεκρυϐι

699 1391 789 1447 19.
820 1389 929 1447 Cor
956 1409 1136 1448 meum
1169 1399 1551 1452 conturbatum
1576 1408 1659 1454 est
1691 1417 1704 1452 :

1628 1408 1659 1454 tt
1691 1417 1704 1452 ε
2364 1399 2450 1452 19.
2493 1399 2558 1451 Ἠ
2580 1399 2775 1470 καρδία
2802 1417 2903 1470 μου
2925 1400 3199 1471 ἐταράχθη
3220 1416 3231 1431 ·

701 1483 791 1538 20.
824 1483 1124 1558 Dereliquit
1147 1505 1232 1544 me
1262 1492 1432 1546 virtus
1455 1507 1573 1546 mea
1601 1509 1613 1545 :

2359 1491 2447 1543 20.
2493 1491 2844 1558 Ἐγκατέλιπέ
2875 1509 2942 1561 με
2974 1495 3006 1563 ὴ
3041 1494 3190 1562 ἰσχύς
3224 1510 3322 1562 μου
3349 1510 3361 1523 ·

702 1577 792 1632 21.
826 1576 895 1632 Et
928 1579 1114 1634 lumen
1149 1583 1429 1637 oculorum
1470 1598 1738 1650 meorum,
1769 1590 1823 1638 et
1865 1581 2042 1652 ipsum
2085 1597 2192 1635 non

2362 1581 2450 1635 2|.
2484 1583 2595 1634 Kal
2621 1582 2679 1634 τὸ
2703 1583 2817 1652 φῶς
2840 1584 2948 1636 τῶν
2977 1584 3267 1654 ὀφθαλμῶν
3304 1603 3425 1655 μου,
3462 1585 3555 1637 κιὶ
3589 1583 3721 1637 αὐτὸ
3761 1586 3866 1637 οὐκ

629 1679 715 1726 est
741 1687 974 1728 mecum.

2295 1679 2407 1731 ἐστι
2431 1682 2547 1748 μετ’
2581 1679 2733 1750 ἐμοῦ.

700 1767 792 1820 22.
819 1767 994 1822 Amici
1040 1768 1145 1824 mei
1193 1776 1246 1824 et
1296 1770 1532 1839 proxnni
1593 1772 1701 1827 mei
1761 1773 2049 1827 adversum
2109 1786 2196 1826 me
2228 1832 2267 1844 ,ἱ

2264 1840 2267 1844 λ
2365 1771 2450 1824 22.
2477 1773 2538 1823 (tl
2571 1772 2711 1840 φίλοι
2741 1789 2841 1842 μου
2865 1774 2957 1826 καὶ
2978 1775 3025 1826 οἱ
3045 1772 3272 1844 πλησίον
3293 1789 3392 1842 μου
3419 1770 3726 1835 ἐξεναντίας
3760 1789 3867 1841 μου

633 1859 1222 1928 appropinquaverunt,
1247 1873 1300 1915 et
1326 1871 1592 1916 steterunt
1620 1883 1632 1917 :
2226 1832 2236 1886 1

1367 1871 1592 1916 .eterunt
1620 1883 1632 1917 :
2226 1832 2268 1886 Β
2298 1865 2550 1934 ἤγγισαν,
2585 1864 2680 1916 καὶ
2700 1832 2932 1933 ἔστησαν
2956 1879 2970 1894 ο

694 1951 786 2011 25.
823 1949 887 2005 Et
916 1952 1006 2021 qui
1036 1953 1191 2022 juxta
1222 1970 1308 2010 me
1331 1966 1486 2010 erant
1509 1957 1574 2011 de
1601 1958 1758 2027 longe
1785 1965 2048 2011 steterunt
2076 1978 2086 2011 :

2368 1953 2457 2007 2'5.
2488 1954 2598 2005 Kal
2628 1953 2675 2005 οἱ
2706 1951 2932 2020 ἔγγιστά
2965 1969 3065 2022 μου
3100 1952 3208 2005 ἀπὸ
3238 1951 3506 2022 μακρόθεν
3536 1951 3800 2019 iis-morr

701 2043 791 2098 24.
830 2044 896 2099 Et
932 2046 1040 2099 vim
1090 2045 1393 2114 faciebant,
1447 2050 1539 2119 qui
1593 2050 1908 2120 quaerebant.
1952 2051 2191 2104 animam

2367 2043 2457 2098 21.
2493 2043 2600 2097 Kal
2622 2043 2958 2108 ἐξεϐιάζοντο
2978 2045 3027 2095 οἱ
3056 2043 3344 2114 ζητοῦντες
3364 2042 3461 2112 τὴν
3491 2041 3666 2112 ψυχήν
3704 2059 3805 2110 μου
3824 2057 3839 2070 ο

636 2151 813 2190 meam
844 2155 859 2192 2

707 2226 796 2281 25.
832 2227 897 2282 Et
948 2230 1041 2299 qui
1088 2230 1438 2302 inquirebant
1483 2233 1625 2289 mala
1671 2233 1826 2302 mibi,
1855 2234 2024 2289 locuti
2073 2241 2202 2290 sunt

2375 2230 2464 2285 25.
2492 2230 2602 2283 Kal
2632 2230 2681 2282 οἱ
2721 2229 3006 2294 ζητοῦντες
3033 2231 3101 2284 τὰ
3130 2233 3274 2285 κακὰ
3315 2249 3403 2301 μοι
3451 2229 3719 2298 ἐλάλησαν
3766 2245 3874 2296 μα-

637 2322 897 2377 vanitates
920 2340 934 2378 :

2305 2324 2590 2395 ταιότητας
2607 2337 2621 2354 °

708 2413 797 2467 26.
830 2414 894 2469 Ει
923 2415 1076 2469 dolos
1103 2423 1216 2468 tota
1239 2415 1325 2468 die
1350 2413 1590 2468 meditati
1621 2423 1766 2469 sunt.

2372 2415 2462 2468 26.
2496 2415 2603 2466 Kal
2627 2413 2934 2482 δολιὸτητας
2962 2414 3086 2482 ὃλην
3113 2413 3207 2483 τὴν
3237 2412 3447 2483 ἡμέραν
3486 2411 3847 2482 ἐμε).έτησαί.

709 2505 800 2560 27.
830 2503 942 2577 Ego
983 2515 1164 2561 autem
1190 2516 1449 2577 tanquam
1477 2507 1675 2561 surdus
1720 2520 1828 2561 non
1869 2505 2199 2562 audiebam:

1872 2505 2156 2562 audiebam
2183 2523 2199 2562 :
2374 2508 2464 2561 27.
2505 2506 2645 2576 Ἐγὼ
2674 2507 2730 2558 δὲ
2761 2507 2892 2558 ὡσεὶ
2925 2505 3102 2574 κωςρδς
3125 2507 3221 2559 οὐκ
3253 2507 3475 2574 1ᾐκουον·

1759 2666 2133 2722 ATHANASll
2172 2662 2750 2720 INTERPRETATIO.

719 2825 806 2879 11.
843 2822 1044 2879 Servus
1071 2822 1244 2882 factus
1275 2843 1419 2894 sum,
1445 2828 1641 2898 inquit,
1665 2827 1813 2881 omni
1836 2838 2081 2898 peccato.

2382 2822 2468 2876 11.
2502 2820 2899 2892 Κατεδούλομαι
2929 2816 3586 2892 [Κατεὸο·.›λόμην1,λέγει,
3623 2826 3771 2878 πᾶσα
3807 2825 3877 2879 ἀ-

2315 2914 2514 2987 μαρτία
2545 2916 2643 2984 (1).

721 3002 807 3056 12.
839 3003 1089 3069 Quotidie
1118 3005 1431 3059 incedebant
1460 3007 1512 3060 in
1539 3007 1793 3075 peccatis.

2390 3009 2473 3062 12.
2507 3010 2580 3060 Δι’
2607 3008 2727 3060 ὅλου
2752 3009 2808 3058 ἐν
2837 3007 3130 3075 ἁμαρτίαις
3158 3007 3515 3077 ἐπορευόμην.

722 3094 809 3148 13.
839 3093 1102 3161 Quoniam
1121 3096 1299 3149 omnis
1317 3095 1578 3151 fortitudo
1609 3098 1804 3151 animat
1830 3112 1962 3152 πιθα*
1988 3096 2208 3167 impleta

2388 3107 2471 3161 13.
2504 3108 2624 3157 Ὅτι
2656 3107 2802 3157 πᾶσα
2832 3105 2864 3174 η
2912 3104 3062 3172 ίσχὺς
3091 3103 3188 3173 τῆς
3219 3103 3395 3173 ψυχῆς
3457 3119 3558 3172 μου
3584 3101 3884 3172 πεπλήρω-

653 3196 730 3240 est
758 3188 904 3240 omni
947 3187 1230 3256 iniquitate
2240 3194 2256 3248 l

2240 3193 2281 3249 C
2313 3213 2402 3248 ται
2437 3197 2614 3265 πάσης
2647 3192 2872 3263 ἀνομίας
2905 3191 3000 3261 (2).

724 3277 810 3331 14.
851 3278 913 3332 Ει
947 3295 1053 3334 non
1089 3291 1173 3334 est
1207 3281 1412 3333 sanitas
1447 3281 1499 3333 in
1535 3281 1844 3334 carnalibus
1873 3281 2208 3349 operationi—

2394 3282 2478 3337 M.
2511 3281 2613 3336 Kal
2659 3282 2756 3333 οὐκ
2800 3280 2945 3332 ἔστιν
2989 3279 3131 3343 ἴασις
3167 3281 3224 3332 ἐν
3258 3282 3372 3342 ταῖς
3411 3283 3698 3350 σαρκικαῖς
3739 3281 3883 3351 πρά-

654 3372 754 3425 bus
788 3372 941 3425 meis.

2316 3374 2427 3441 ξεσί
2457 3392 2579 3444 μου.

725 3461 811 3514 15.
863 3459 1139 3515 Infirmata
1181 3471 1284 3528 est,
1331 3462 1526 3532 inquit,
1569 3465 1746 3518 anima
1797 3479 1916 3519 mea
1959 3479 2130 3536 usque
2163 3464 2216 3519 in

2389 3467 2476 3521 15.
2520 3465 2838 3537 Ἦσθένησε,
2862 3465 3030 3536 λέγει,
3061 3467 3095 3537 ἡ
3117 3465 3258 3537 ψυχή
3291 3482 3389 3537 μου
3422 3465 3525 3530 ἕως
3562 3466 3746 3530 τέλους
3778 3467 3879 3535 ('5).

657 3552 836 3604 tinem.

732 3643 816 3696 16.
840 3641 1072 3698 Plorabo
1109 3645 1284 3699 solum
1322 3663 1429 3702 non
1464 3648 1670 3702 audens
1699 3656 1748 3702 te
1772 3647 2074 3717 deprecari.

2392 3649 2476 3704 16.
2509 3650 2752 3716 Στενάξω
2780 3647 2855 3718 (4)
2887 3647 3042 3717 μόνον
3091 3647 3164 3716 μὴ
3193 3646 3404 3714 τολμῶν
3434 3646 3688 3715 δεηθῆναί
3723 3663 3833 3700 σου.

732 3735 818 3792 17.
851 3735 1098 3802 Domine,
1152 3742 1326 3804 nosti,
1363 3741 1508 3809 quod
1549 3741 1919 3794 misericordia
1955 3748 2047 3795 tua
2084 3741 2224 3794 indi-

2106 3741 2224 3794 ndi-
2394 3739 2479 3793 17.
2507 3737 2695 3806 Κύριε,
2735 3732 2901 3800 οἶδας,
2927 3738 3008 3789 ὅτι
3036 3735 3128 3788 τοῦ
3162 3737 3340 3799 ἐλέους
3381 3752 3471 3788 σου
3502 3734 3707 3806 χρῄζω.

661 3841 780 3895 geo.

733 3919 820 3974 18.
853 3918 1031 3986 Quare
1057 3922 1431 3993 ingemiscam,
1471 3940 1574 3978 non
1608 3926 1846 3994 ignoras.

1841 3968 1846 3979 ,
2396 3921 2482 3975 18.
2517 3923 2629 3974 Ουκ
2653 3921 2865 3987 αγνοεῖς
2887 3917 2973 3970 διὰ
3001 3919 3053 3969 τί
3085 3916 3318 3979 στενάξω
3348 3915 3444 3984 (5).

645 4061 648 4064 .
735 4012 821 4076 19,
854 4012 942 4065 20.
979 4013 1267 4082 Inquinato
1306 4017 1466 4071 corde
1508 4026 1636 4073 meo
1682 4019 1750 4072 ab
1787 4019 1935 4073 omni
1980 4028 2221 4088 peccato,

2402 4015 2490 4076 19,
2517 4013 2606 4068 20.
2639 4010 2979 4082 Θολωθείσης
3005 4011 3111 4079 γὰρ
3137 4009 3232 4077 τῆς
3251 4006 3474 4076 καρδίας
3505 4024 3603 4076 μου
3647 4006 3749 4058 ὑπὸ
3784 4007 3890 4060 πά..

667 4105 841 4176 gratia
876 4113 967 4158 tua
990 4120 1074 4159 me
1103 4107 1359 4160 deseruit.

2329 4124 2425 4177 σης
2451 4105 2742 4175 ἁμαρτίας,
2766 4101 3085 4172 ἐγκατέλιπέ
3113 4117 3176 4170 με
3205 4103 3239 4170 ἡ
3262 4100 3418 4170 χάρις
3462 4117 3572 4152 σου.

737 4197 826 4249 21.
859 4193 924 4250 Ει
963 4212 1070 4252 non
1117 4199 1350 4269 amplius
1386 4200 1656 4255 illuminat
1690 4200 1881 4255 oculos
1919 4203 2101 4258 cordis
2125 4203 2228 4257 mei

2399 4196 2488 4248 21.
2525 4194 2628 4247 Kal
2650 4195 2748 4247 οὑκ
2775 4193 2853 4246 ἔτι
2882 4191 3100 4262 φωτίζει
3131 4193 3254 4253 τους
3293 4188 3601 4258 ὀφθαλμοὺς
3632 4189 3729 4260 τῆς
3756 4206 3891 4260 καρ-

669 4289 835 4358 gratia
861 4297 972 4342 tua.

2331 4287 2446 4349 δίας
2487 4303 2584 4356 μου
2619 4287 2651 4356 ἡ
2685 4285 2841 4356 χάρις
2877 4301 2988 4337 σου.

738 4380 830 4433 22.
860 4379 1010 4435 Dona
1057 4389 1173 4450 tua,
1211 4397 1333 4452 qua:
1364 4392 1518 4438 antea
1564 4385 1854 4454 habebam,
1895 4385 2069 4440 ablata
2107 4395 2234 4440 sunt

2399 4377 2486 4430 22.
2525 4377 2604 4428 Τὰ
2632 4375 2943 4447 χαρίσματά
2967 4391 3080 4438 σου,
3102 4372 3138 4427 ἃ
3170 4368 3315 4442 εἶχον
3343 4370 3404 4423 τὸ
3445 4368 3728 4441 πρότερον,
3755 4369 3895 4440 ἀφη-

671 4471 826 4526 mihi.

2339 4472 2571 4543 ρέθησαν
2593 4469 2683 4522 ἀπ’
2708 4468 2861 4536 ἐμοῦ.

742 4561 829 4616 23.
863 4560 1074 4616 Sanctae
1099 4570 1202 4617 tua:
1234 4561 1480 4617 virtutes.
2264 4563 2307 4616 D

2264 4563 2307 4616 D
2402 4562 2491 4616 25.
2528 4563 2590 4612 Αἱ
2621 4559 2770 4628 ἂγιαί
2806 4576 2896 4611 σου
2917 4558 3191 4628 δυνάμεις.

741 4654 832 4708 24.
864 4653 929 4708 Et
955 4658 1170 4708 demum
1207 4656 1429 4709 trahunt
1475 4671 1562 4710 me
1591 4657 1658 4711 ad
1698 4657 1907 4727 seipsos
1939 4658 2231 4713 daamones.

2407 4653 2498 4706 24.
2533 4651 2636 4705 Kal
2677 4651 2858 4704 λοιπὸν
2908 4650 3123 4703 ’ἐλκουσί
3167 4665 3234 4719 με
3277 4645 3406 4718 πρὸς
3450 4646 3672 4708 ἑαυτοὺς
3710 4647 3758 4697 οἱ
3786 4645 3894 4699 δαί-

743 4747 833 4801 2ἳ.
867 4746 930 4801 Et
953 4763 1167 4801 onmem
1196 4747 1531 4816 iniquitatem
1551 4759 1604 4804 et
1618 4761 1897 4820 peccatum
1922 4752 1974 4806 in
1999 4754 2236 4807 animam
2340 4763 2519 4816 μονες-

677 4856 852 4896 meam
879 4840 1215 4896 incessanter
1243 4841 1511 4911 injiciunt.

2407 4835 2497 4888 25.
2533 4833 2637 4889 Kal
2665 4835 2845 4886 πᾶσαν
2870 4831 3098 4902 ἀνομίαν
3129 4831 3222 4885 καὶ
3245 4830 3516 4902 ἁμαρτίαν
3547 4827 3901 4899 ἐμϐάλλουσιν

743 4932 831 4985 26.
881 4929 1039 4986 Omni
1083 4941 1322 5002 tempore
1360 4935 1714 5006 cogitationes
1770 4936 2034 5004 quasdam
2074 4936 2240 4991 veluti
2340 4949 2346 4981 ε

1454 4935 1714 4999 ;itationcs
1770 4936 2034 5004 quasdam
2074 4936 2240 4991 veluti
2340 4929 2633 4990 ἀπαύστως
2667 4929 2730 4997 τῇ
2765 4926 2907 4995 ψυχῇ
2940 4943 3057 4996 μου·

680 5023 851 5094 prima
907 5022 1086 5092 specie
1154 5023 1407 5080 honestas
1454 5027 1820 5096 quaesiverunt
1870 5026 2138 5096 subjicere
2185 5027 2238 5081 in

2413 5020 2501 5073 26.
2540 5022 2614 5072 Δι’
2670 5018 2788 5071 ὅλου
2845 5018 3167 5088 ἐνθυμήσεις
3198 5016 3349 5079 τινάς
3399 5015 3472 5080 ὡς
3528 5016 3904 5084 εὐλογοφανεῖς

682 5114 844 5168 corde
868 5127 1010 5167 meo.
2343 5115 2633 5167 ἐσκέπτοντο
2658 5114 2731 5182 (6)
2763 5112 3069 5164 ὑποτιθέναι
3103 5112 3158 5162 ἐν
3189 5113 3254 5182 τῇ
3287 5109 3482 5181 καρδίᾳ,
3519 5129 3642 5180 μου.

752 5203 842 5257 27.
879 5203 992 5274 Ego
1035 5212 1214 5259 autem
1267 5215 1523 5276 tanquam
1571 5221 1676 5259 non
1726 5206 1972 5269 audiens,
2013 5222 2134 5276 quae
2172 5207 2239 5261 ab

2413 5207 2503 5260 27.
2553 5204 2691 5272 Ἐγὼ
2713 5205 2789 5266 δὲ,
2821 5205 2896 5266 ὡς
2927 5203 3000 5272 μὴ
3034 5201 3244 5255 ἀκούων
3275 5202 3344 5255 τὰ
3378 5205 3507 5274 παρ’
3548 5201 3724 5255 αὐτῶν
3757 5199 3887 5268 λεγό

685 5297 820 5368 ipsis
846 5297 1121 5362 dicuntur,
1153 5297 1254 5352 hoc
1276 5302 1435 5355 modo
1460 5314 1522 5354 ea
1552 5314 1656 5352 non
1685 5298 2044 5353 committam.

1720 5298 2044 5352 onttnittam.
2352 5318 2507 5372 μενα,
2540 5298 2710 5360 οὕτως
2743 5298 2840 5350 οὐκ
2875 5295 3106 5349 ἐπιτελῶ
3137 5294 3323 5349 ταῦτα.

1627 5461 1923 5523 Addenda
1972 5468 2032 5524 et
2062 5459 2427 5539 corrigenda
2464 5476 2540 5520 ex
2590 5457 2726 5518 cod.
2764 5458 2964 5519 Vatic.

763 5631 838 5713 (ι)
867 5635 1022 5713 tum
1048 5632 1304 5713 ἀμαρτεςςο
2426 5631 2498 5713 ιι)

765 5704 840 5772 (2)
885 5706 941 5756 ’Λ
955 5701 1204 5773 μαρτίας.
1261 5701 1273 5704 ’

1182 5721 1204 5754 ’.
1261 5701 1273 5704 ’
2526 5701 2785 5773 Στενὰζω.

767 5777 843 5844 (ὅ)
877 5771 1019 5838 Ἕως
1038 5771 1227 5836 τέλους
1261 5773 1428 5829 decst.

1316 5781 1428 5829 :cst.
2429 5771 2500 5838 (6)
2551 5772 2919 5825 'onimovto.
