4060 6470
268 452 380 510 797
1154 451 1242 506 DE
1278 451 1554 506 TITULIS
1586 450 2043 510 PSALMOIIUM.
2085 482 2154 494 -—
2191 450 2390 508 PSAL.
2429 452 2695 510 XXXVII.
3405 451 3509 507 798

343 572 435 625 28.
469 571 578 624 Καὶ
601 569 734 623 ὼσεὶ
755 568 952 633 ᾰλαλος
970 570 1068 623 οὐκ
1091 568 1320 639 ἀνοίγων
1346 571 1408 624 τὸ
1437 572 1611 642 στόμα
1634 571 1798 624 αὑτοῦ
1820 588 1834 602 ’
1865 577 1913 634 Α

1715 571 1798 624 τοῦ
1820 588 1834 602 ·
1865 577 1913 634 Α
2011 571 2099 625 28.
2137 570 2202 626 Ει
2232 571 2374 627 sicut
2399 582 2584 628 mutus
2606 589 2714 627 non
2749 573 3000 642 aperiens
3020 588 3083 627 os
3113 587 3275 627 suum
3303 589 3318 625 ι

345 661 436 716 29.
463 663 572 714 Kal.
602 661 868 732 ἐγενόμην
890 662 1021 715 ὡσεὶ
1053 661 1334 733 ἄνθρωπος
1364 663 1463 715 οὑκ
1503 661 1736 729 ἀκούων,

1728 705 1736 727 ,
2013 664 2101 718 29.
2135 663 2198 717 Ει
2225 663 2401 720 factus
2433 680 2552 720 sum
2583 667 2727 720 sicut
2759 666 2923 718 homo
2953 680 3058 718 non
3081 665 3331 726 audiens.

339 751 429 807 50.
463 753 572 806 Καὶ
594 754 693 805 οὐκ
725 753 862 822 ἔχων
891 754 947 805 ἐν
984 752 1061 822 τῷ
1093 753 1317 824 στόματι
1355 753 1520 807 αὐτοῦ
1557 751 1839 824 ὲλεγμούς.

1757 751 1839 818 ac.
2014 755 2103 810 50.
2137 754 2202 810 Ει
2229 772 2337 810 non
2363 756 2570 812 habens
2599 757 2653 811 in
2677 771 2771 812 ore
2799 771 2900 813 suo
2924 755 3356 826 redargutiones.

345 843 437 897 51.
467 843 589 897 Ὅτι
616 845 706 896 ἐπὶ
735 844 835 905 σοι,
866 841 1059 913 Κύριε,
1085 844 1288 914 ἧλπισα
1320 858 1337 876 ο
1867 857 1873 863 ·

1867 857 1873 863 ’
2011 847 2098 901 51.
2135 846 2401 912 Quoniam
2437 850 2488 902 in
2513 859 2584 913 te,
2617 850 2862 916 Domine,
2892 850 3105 918 speravi
3141 868 3154 901 ι

345 934 435 988 52.
465 935 538 988 Σὺ
560 935 876 1008 είσακούσῃ,
901 934 1072 1007 Κύριε
1096 938 1124 988 ὁ
1154 936 1284 998 Θεός
1313 953 1436 1006 μου.

2013 940 2102 994 52.
2133 939 2212 995 Tu
2245 943 2502 998 exaudies
2535 958 2640 1006 me,
2674 943 2902 998 Domine
2932 942 3075 996 Deus
3107 957 3280 996 meus.

346 1027 434 1082 55.
465 1029 589 1082 Ὅτι
623 1025 798 1096 εἷπον,
823 1030 1047 1100 Μήποτε
1087 1029 1390 1101 ἐπιχαρῶσί
1438 1046 1526 1099 μοι
1566 1030 1614 1082 oi
1658 1027 1842 1101 ἐχθροί

2014 1031 2102 1085 55.
2138 1033 2277 1098 Quia
2304 1034 2439 1102 dixi,
2470 1033 2771 1105 Nequaudo
2796 1035 3232 1105 supergaudeant
3252 1031 3382 1087 mihi
3410 1031 3508 1086 ini-

277 1136 381 1190 μου
409 1137 422 1151 ·

1945 1135 2069 1175 mICI
2094 1137 2197 1175 IIICI
2235 1138 2249 1177 2

347 1211 438 1266 54.
471 1212 579 1265 Καὶ
608 1214 664 1266 ἐν
693 1213 770 1284 τῷ
789 1211 1114 1284 σαλευθῆναι
1138 1213 1454 1285 πόδαεδμου,
1487 1212 1574 1265 ἐπ’
1597 1213 1696 1284 ἐμὲ
1719 1214 1847 1285 ἐμε-

2017 1212 2106 1266 54.
2143 1212 2209 1268 Et
2248 1215 2378 1269 dum
2429 1225 2842 1272 commoventur
2875 1217 3038 1288 pedes
3076 1215 3205 1280 mei,
3236 1229 3398 1283 super
3427 1228 3510 1267 me

272 1304 517 1376 γαλοῤῥη
526 1305 659 1376 μόνη
669 1323 788 1361 σαν.

1943 1319 2141 1371 magna
2171 1305 2336 1361 loculi
2360 1317 2506 1361 sunt.

347 1396 435 1449 53.
474 1396 594 1449 Ὅτι
619 1395 730 1465 ἐγὼ
763 1398 843 1459 είς
881 1397 1150 1467 μάστιγας
1170 1397 1387 1468 ἕτοιμος
1409 1412 1423 1426 ·

2015 1396 2104 1449 55.
2139 1395 2408 1462 Quoniam
2436 1414 2537 1470 ego
2565 1398 2619 1452 in
2647 1397 2859 1468 ﬂagella
2887 1407 3112 1469 paratus
3134 1413 3253 1452 sum
3287 1440 3298 1452 .

347 1488 439 1543 56.
467 1489 578 1545 Καὶ
602 1492 635 1560 ἡ
662 1489 908 1561 ἀλγηδών
945 1508 1046 1562 μου
1081 1489 1312 1545 ἐνώπιόν
1348 1489 1449 1561 μού
1480 1489 1595 1543 ἐστι
1619 1490 1845 1543 διαπαν-

2012 1488 2099 1543 56.
2132 1489 2200 1545 Ει
2245 1491 2401 1548 dolor
2441 1508 2597 1549 meus
2637 1493 2690 1547 in
2735 1501 3032 1563 conspectu
3075 1505 3195 1547 meo
3241 1499 3325 1545 est
3369 1501 3510 1542 scm-

269 1596 384 1642 τος.
1944 1594 2060 1649 per.

342 1671 432 1726 57.
470 1673 590 1724 Ὀτι
613 1670 712 1743 τὴν
734 1672 965 1743 ἀνομίαν
1002 1689 1104 1742 μου
1133 1671 1242 1740 ἐγὼ
1266 1671 1553 1740 ἀναγγελῶ
1570 1685 1586 1701 ⁸

2014 1669 2103 1725 57.
2136 1669 2404 1736 Quoniam
2432 1673 2779 1742 iniquitatem
2809 1688 2987 1728 meam
3013 1687 3114 1744 ego
3149 1669 3512 1726 annuntiabo:

343 1766 432 1820 58.
464 1766 574 1820 Kal.
613 1769 937 1838 μεριμνήσω
964 1767 1107 1838 ὑπὲρ
1123 1768 1222 1837 τῆς
1250 1766 1525 1838 ἁμαρτίας
1557 1783 1678 1836 μου.

1422 1766 1525 1829 τιας
1557 1783 1678 1836 μου.
2013 1762 2102 1816 58.
2137 1764 2201 1818 Et
2234 1766 2485 1836 cogitabo
2516 1783 2614 1836 pro
2637 1778 2856 1838 peccato
2883 1781 3025 1821 meo.

349 1858 435 1912 59.
467 1858 530 1910 Ol
584 1857 639 1910 δὲ
685 1857 868 1930 ἐχθροί
925 1876 1027 1927 μου
1087 1855 1241 1921 ζῶσι,
1282 1857 1378 1909 καὶ
1407 1855 1843 1928 ⁵κεκραταίωνται

2020 1854 2110 1908 59.
2138 1856 2353 1912 Inimici
2377 1868 2557 1913 autem
2583 1862 2687 1914 mei
2720 1860 2932 1924 vivunt,
2956 1867 3009 1912 et
3034 1855 3344 1912 confirmati
3389 1860 3513 1907 sunt

273 1949 416 2018 ὑπὲρ
438 1948 557 2019 ἐμέ.
1875 1981 1876 1988 ι

1875 1931 1921 1991 Β
1950 1955 2112 2014 super
2144 1961 2230 2001 me
2259 1965 2273 2001 :

343 2039 430 2093 40.
466 2039 577 2094 Καὶ
604 2040 1017 2112 ἐπληθύνθησαν
1039 2041 1088 2092 οἱ
1125 2037 1412 2110 μισοῦντές
1446 2055 1514 2108 με
1553 2037 1774 2101 ἀδίκως.

2023 2038 2114 2095 40.
2146 2037 2214 2094 Et
2262 2040 2604 2111 multiplicati
2655 2051 2804 2106 sunt,
2849 2041 2945 2113 qui
2999 2039 3234 2096 oderunt
3275 2050 3363 2090 me
3414 2033 3514 2088 ini-

1949 2143 2077 2198 que.

342 2221 431 2275 41.
463 2223 524 2275 Οἱ
547 2222 991 2286 ἀνταποδιδόντες
1026 2239 1116 2292 μοι
1143 2218 1288 2282 κακά
1315 2219 1435 2272 ἀντὶ
1461 2217 1700 2287 ἀγαθῶν,

1633 2218 1700 2280 iv,
2017 2219 2108 2274 41.
2141 2217 2243 2283 Qui
2270 2217 2576 2271 retribuunt
2605 2218 2738 2272 mihi
2765 2218 2906 2271 mala
2933 2232 3031 2286 pro
3055 2216 3236 2280 bonis,

342 2312 431 2364 42·
470 2312 832 2366 Ἐνδιέὸαλλόν
882 2331 973 2384 με,
1013 2313 1134 2365 ἐπεὶ
1182 2311 1509 2366 κατεδίωκον
1560 2307 1844 2379 ἀγαθωσύ-

2015 2310 2109 2365 42.
2140 2309 2508 2366 Detrahebant
2534 2309 2690 2375 mihi,
2723 2310 2982 2382 quoniam
3017 2310 3284 2380 sequebar
3306 2308 3514 2363 bonita-

268 2419 371 2472 νην
401 2402 496 2473 (α)-
1949 2410 2080 2456 tem.

344 2497 432 2550 45.
467 2496 558 2567 Μὴ
580 2497 952 2568 ὲγκαταλίπῃς
976 2515 1061 2567 με,
1099 2495 1291 2568 Κύριε,

2020 2491 2109 2546 45.
2135 2487 2213 2543 Ne
2235 2488 2582 2559 derelinquas
2605 2503 2715 2554 me,
2738 2486 2966 2542 Domine
2997 2504 3009 2539 :

342 2587 433 2641 44.
478 2587 534 2639 '0
569 2587 697 2650 Θεός
731 2604 852 2657 μου,
883 2589 959 2656 μὴ
983 2589 1223 2656 ἀποστῇς
1255 2589 1348 2639 ἀπ’
1382 2585 1539 2656 ἐμοῦ.

1538 2628 1539 2635 η
2017 2582 2106 2635 44.
2149 2581 2287 2634 Deus
2312 2595 2488 2645 meus,
2513 2596 2579 2632 ne.
2602 2578 2923 2633 discesseris
2953 2592 2982 2630 a
3015 2591 3100 2630 me
3130 2593 3141 2628 :

341 2678 429 2730 45.
465 2679 706 2750 Πρόσχες
727 2681 807 2742 εἰς
825 2680 919 2750 τὴν
947 2680 1198 2750 βοήθειάν
1235 2697 1359 2749 μου,
1390 2678 1564 2750 Κύριε
1608 2674 1707 2744 τῆς
1733 2691 1840 2726 σω-

2018 2670 2106 2724 45.
2141 2668 2371 2723 Intende
2404 2668 2460 2722 in
2493 2667 2826 2738 adiutorium
2868 2681 3071 2728 meum,
3113 2662 3337 2718 Domine
3375 2661 3516 2717 Dcus

269 2769 468 2840 τηρίας
504 2787 629 2839 μου,

1944 2762 2141 2818 salutis
2166 2775 2316 2815 meae.

347 2951 422 3020 (a)
455 2950 512 3006 In
546 2958 696 3007 textu
730 2951 925 3022 legitur
969 2949 1342 3022 δικαιοσύνην,
1390 2951 1483 3006 sed
1533 2963 1695 3017 supra
1738 2948 1950 3018 ascripti

916 2967 925 2980 ·
969 2949 1342 3022 δικαιοσύνην,
1390 2951 1483 3006 sed
1533 2963 1695 3017 supra
1738 2948 2033 3018 ascriptum
2057 2955 2140 3002 est
2161 2945 2519 3016 ἀγαθοσύνην.

1394 3096 1768 3152 ATIIANASII
1807 3092 2396 3151 INTERPRETATIO.

345 3261 436 3315 9.8.
469 3259 581 3312 Οὐκ
603 3257 1087 3329 ἀνταπεκρινάμην
1114 3256 1186 3326 (1)
1219 3257 1424 3319 αὐτοῖς.
1873 3255 1921 3317 C

1295 3259 1424 3319 τοῖς.
1873 3255 1921 3317 C
2019 3250 2111 3306 28.
2143 3248 2254 3308 Nec
2282 3249 2364 3306 eis
2396 3259 2587 3306 contra
2621 3249 2898 3320 respondi.

345 3351 436 3406 20.
475 3350 728 3421 Ἀνήκοος
758 3349 1002 3420 διέμενον
1026 3347 1100 3419 μὴ
1118 3345 1339 3417 πληρῶν
1369 3344 1503 3416 ὅπερ
1533 3342 1740 3414 ἤθελον.

2023 3342 2115 3396 29.
2148 3341 2324 3396 Veluti
2375 3356 2484 3395 non
2533 3342 2758 3397 audiens
2802 3340 3088 3395 manebam
3121 3357 3231 3396 non
3268 3341 3517 3412 impleas,

1949 3433 2096 3504 quod
2129 3434 2402 3486 volebant.

344 3520 434 3576 50.
475 3521 562 3584 Ὡς
592 3520 665 3591 μὴ
699 3521 995 3589 δυνάμενος
1035 3520 1229 3582 αὐτοὺς
1262 3519 1522 3588 ἐλέγχειν.

2021 3523 2112 3579 50.
2137 3525 2421 3593 Tanquam
2448 3537 2557 3578 non
2586 3521 2773 3577 valens
2800 3535 2895 3575 eos
2930 3519 3272 3589 redarguere.

344 3613 436 3669 51.
465 3601 584 3666 Ὅτι
614 3615 692 3676 εἰς
723 3611 784 3665 τὸ
806 3612 954 3675 ἔλεός
981 3628 1098 3676 σου,
1130 3611 1319 3681 Κύριε,
1347 3610 1568 3680 ἤλπισα.

2021 3615 2110 3670 51.
2148 3613 2418 3682 Quoniam
2453 3614 2510 3669 in
2553 3611 2929 3668 misericordia
2959 3619 3072 3672 tua,
3118 3611 3366 3676 Domine,
3395 3625 3520 3682 spe-

1949 3720 2063 3760 raw
2074 3746 2086 3758 .

351 3790 439 3846 52.
471 3789 570 3844 Διά
595 3785 757 3844 τοῦτο
780 3790 1117 3852 εἰσακούσεις
1158 3791 1256 3862 (2),
1287 3789 1450 3862 Κύριε
1475 3792 1501 3842 ό
1532 3788 1662 3852 Θεός
1704 3806 1824 3858 μου.

2022 3793 2111 3847 52.
2149 3791 2443 3861 Propterea
2479 3790 2738 3846 exaudies
2765 3807 2872 3858 me,
2903 3790 3131 3845 Domine
3158 3789 3302 3845 Deus
3344 3807 3518 3846 meus.

343 3883 431 3938 55.
471 3885 598 3937 Ὀτι
622 3880 798 3938 εἷπον
823 3899 836 3914 ⁸
876 3882 1064 3954 Κύριε,
1101 3882 1201 3937 ἐὰν
1240 3884 1314 3954 μὴ
1342 3881 1668 3955 εἰσακούσῃς
1709 3899 1808 3952 μου
1833 3919 1847 3943 ,

2019 3882 2108 3938 55.
2147 3883 2290 3949 Quia
2316 3885 2472 3938 dixi:
2503 3883 2754 3949 Domine,
2787 3884 2834 3938 si
2863 3899 2949 3938 me
2985 3898 3092 3938 non
3114 3883 3362 3950 exaudis,
3392 3899 3523 3954 gau-

275 3977 554 4048 χαίρονται
582 3979 629 4030 οἱ
667 3977 849 4048 ἐχθροί
879 3995 1004 4048 μου.

879 3995 1004 4048 μου.
1951 3975 2080 4030 dent
2107 3976 2310 4030 inimici
2339 3977 2463 4031 mei.

348 4070 436 4123 54.
471 4069 576 4123 Καὶ
605 4072 663 4123 ἐν
689 4069 768 4141 τῷ
797 4070 904 4123 ἀπὸ
935 4068 1218 4134 ἀσθενείας
1262 4069 1483 4123 πίπτειν
1510 4088 1576 4140 με
1603 4111 1618 4136 ,
1654 4073 1851 4124 ἐκεῖνοι

2019 4070 2106 4124 54.
2143 4066 2352 4123 Etcum
2410 4081 2523 4139 pra:
2573 4062 2892 4118 inﬁrmitate
2948 4062 3161 4129 decido,
3214 4063 3289 4117 illi
3339 4064 3524 4118 exsul-

276 4159 659 4229 ἀγαλλιῶνται.
1954 4166 2090 4213 tant.

349 4249 439 4303 55.
470 4248 593 4302 Ὀτι
623 4248 1002 4322 ὑπόκειμαιτῇ
1037 4252 1229 4322 αἰωνίᾳ
1259 4251 1497 4306 κολάσει.

2141 4247 2411 4314 Quoniam
2448 4244 2720 4300 obnoxius
2745 4259 2866 4298 sum
2903 4251 3107 4298 aeterno
3130 4247 3416 4316 supplicio.

347 4340 436 4396 56.
470 4338 576 4394 Καὶ
602 4340 664 4393 τὸ
694 4339 805 4412 πῦρ
836 4341 898 4394 τὸ
929 4341 1145 4396 αἰώνιον
1180 4342 1279 4413 ἤδη
1320 4342 1630 4414 προὸλέπω.

1557 4360 1630 4396 τω.
2023 4342 2110 4396 56.
2142 4340 2333 4409 Etiam
2363 4337 2641 4409 prospicio
2673 4337 2851 4406 ignem
2875 4343 3160 4390 aeternum.

349 4434 441 4489 57.
487 4433 944 4504 Ἐξομολογοῦμαί
981 4453 1061 4489 σοι
1092 4435 1193 4507 τὴν
1217 4437 1446 4506 ἀνομίαν
1489 4454 1610 4508 μου.

1583 4459 1610 4488 ι.
2021 4434 2110 4488 57.
2139 4431 2452 4486 Contitebor
2484 4429 2582 4483 tibi
2619 4427 2963 4498 iniquitatem
2987 4443 3186 4482 meam.

345 4523 436 4578 '58.
474 4522 578 4576 Καὶ
612 4526 929 4598 μετανοήσω
963 4526 1102 4597 ὑπὲρ
1133 4519 1207 4579 ὧν
1235 4526 1446 4598 ἔπραξα
1467 4527 1673 4581 κακῶν.

2025 4525 2112 4580 58.
2147 4523 2210 4578 Et
2241 4523 2617 4594 paenitentiam
2655 4538 2811 4591 agam
2838 4523 2904 4576 de
2938 4522 3026 4586 iis,
3063 4536 3186 4590 qua:
3215 4520 3318 4576 feci
3359 4525 3522 4578 mala.

344 4615 436 4671 59.
473 4616 536 4668 Οἱ
560 4615 616 4669 δὲ
645 4617 904 4688 ἄρχοντες
925 4615 1018 4670 τοῦ
1046 4617 1292 4671 διαϐόλου
1324 4618 1672 4689 κατισχύουσί
1710 4636 1832 4689 μου.
1884 4619 1926 4676 D

1922 4632 1926 4664 ι
2031 4617 2119 4673 59.
2151 4616 2432 4686 Principes
2475 4624 2652 4670 autem
2692 4614 2899 4670 diaboli
2957 4614 3305 4670 invaluerunt
3337 4627 3525 4672 contra

1957 4726 2063 4766 me.

347 4789 438 4844 40.
468 4786 571 4844 Καὶ
598 4789 780 4844 πολλοὶ
815 4791 1060 4860 ἐγένοντο
1085 4793 1170 4843 ἐπ’
1194 4793 1315 4862 ἐμέ.

2019 4803 2108 4857 40.
2140 4803 2206 4858 Et
2227 4803 2382 4859 multi
2411 4803 2633 4858 fuerunt
2670 4803 2931 4857 adversus
2959 4813 3063 4856 me.

345 4881 434 4935 41.
465 4883 527 4934 Οἱ
550 4881 647 4953 τὴν
675 4883 772 4954 σὴν
798 4883 1145 4936 διδασκαλίαν
1177 4882 1436 4948 λαϐόντες
1460 4884 1556 4937 ἀπ’
1583 4883 1739 4956 ἐμοῦ,
1759 4885 1852 4939 καὶ

2019 4896 2109 4950 41.
2136 4894 2241 4962 Qui
2266 4894 2575 4950 auferentes
2601 4894 2913 4949 doctrinam
2947 4904 3096 4948 tuam
3126 4911 3156 4950 a
3184 4911 3289 4962 me,
3325 4903 3377 4948 et
3399 4908 3527 4948 suas

277 4971 376 5033 τὰς
410 4972 620 5026 ἑαυτῶν
653 4973 948 5044 ἐπιθυμίας
965 4973 1257 5038 δεδωκότες
1286 4993 1394 5047 μοι.

1159 4976 1257 5038 ἱτες
1286 4993 1394 5047 μοιο
1949 4989 2083 5043 mihi
2107 4990 2374 5043 dederunt
2416 4987 2762 5057 cupiditates.

348 5066 438 5120 42.
468 5067 614 5138 Πρὸς
634 5069 860 5132 ἑαυτοὺς
884 5069 1330 5124 συνεϐουλεύοντο
1351 5069 1425 5142 (5)
1459 5071 1721 5125 ἀπολέσαι
1762 5089 1850 5143 με,

2023 5082 2111 5134 42.
2141 5081 2337 5136 Secum
2363 5081 2464 5148 ipsi
2491 5080 2776 5134 consilium
2810 5079 3104 5143 iniverunt,
3137 5087 3194 5132 ut
3221 5094 3308 5132 me
3339 5079 3529 5147 perde-

279 5157 465 5228 ἐπειδὴ
497 5157 635 5212 θέλω
665 5160 1013 5231 μετανοῆσαι.

1957 5181 2096 5230 rent.
2128 5171 2386 5240 quoniam
2424 5170 2794 5239 pcenitentiam
2828 5185 2989 5240 agere
3023 5172 3293 5225 volebam.

349 5253 440 5316 45,
472 5251 556 5306 44.
601 5252 676 5325 (4)
713 5255 805 5325 Μὴ
835 5255 1002 5329 ἐάσῃς
1035 5273 1124 5326 με,
1152 5254 1319 5327 Κύριε
1347 5259 1374 5309 ό
1399 5257 1529 5320 Θεός
1554 5275 1676 5328 μου.

2027 5261 2118 5324 43,
2147 5261 2235 5314 44.
2265 5259 2342 5313 Ne
2368 5262 2610 5316 dimittas
2635 5277 2740 5326 me,
2764 5260 2992 5316 Domine
3024 5260 3168 5318 Deus
3196 5277 3371 5318 meus.

353 5343 446 5399 45.
489 5343 626 5398 Ἀλλ’
655 5345 775 5400 ἐλθὲ
796 5349 876 5412 είς
899 5347 998 5420 τὴν
1027 5347 1275 5420 βοήθειάν
1310 5367 1432 5419 μου.

1403 5368 1432 5403 ι.
2024 5353 2113 5407 45.
2149 5351 2253 5409 Sed
2282 5354 2334 5406 in
2359 5354 2626 5408 auxilium
2656 5369 2835 5409 meum
2863 5353 3006 5409 veni.

1237 5531 1541 5596 Addenda
1579 5541 1641 5596 et
1671 5533 2047 5615 corrigenda
2095 5550 2175 5595 e1
2203 5533 2340 5595 cod.
2381 5534 2576 5596 Vatic.

352 5724 428 5795 (1)
471 5727 892 5806 Ἀπεκρινομην.
1950 5718 2316 5806 μεταὶνοῖἒσραις
2347 5717 2462 5800 καὶ,
2485 5717 2794 5790 ἀπέρῤιιζκάν
2832 5733 2897 5788 με
2935 5716 3026 5770 τὸν
3054 5716 3356 5790 ἀγαπητὸν,
3391 5717 3519 5771 ὡσεὶ

348 5787 426 5861 (2)
455 5798 551 5851 Διά
577 5787 734 5851 τοῦτο
755 5787 1092 5849 εἰσάκουσον.
1944 5787 2578 5861 νεκρὸν-ἐϐδελυγμένον.

353 5858 435 5938 (5⁷)
470 5867 533 5922 Ν.
588 5869 671 5922 ιίὲ.
733 5865 1185 5921 Σιδνεδοιιλεύοντο
1239 5863 1296 5917 τὸ
1344 5864 1453 5929 πῶς
1502 5863 1638 5917 ἀπο).
1669 5904 1683 5919 .
1718 5902 1730 5916 .
1774 5905 1785 5917 .
1820 5903 1832 5916 .
2018 5860 2094 5930 (ί)
2123 5858 2187 5916 Ν.
2218 5859 2524 5928 15,-1-1,-15.
2557 5861 2668 5932 Μή.
2704 5870 2832 5924 ctc.,
2870 5859 2982 5912 ἀλλ’
3024 5859 3144 5913 ὲ).οὲ
3178 5861 3258 5922 εἰς
3284 5859 3502 5929 τήνωῑε
