4060 6450
565 351 666 409 799
1401 369 1459 424 s.
1500 369 1874 427 ATHANASII
1916 372 2067 430 ore.
2110 375 2289 430 mus
2331 373 2414 429 Ill.
2458 404 2490 415 -
2567 372 2973 427 EXl-JGETICA.
3699 367 3808 423 soo

808 473 873 528 lu
907 477 1648 562 ﬁnem,{dit/tuquntigupt
1679 491 1873 546 David.
2157 505 2205 560 Α
2328 497 2411 560 ΕΙ(

2157 505 2205 560 Α
2328 497 2428 562 Εἰς
2476 493 2542 547 τὸ
2575 494 2748 560 τέλος
2781 493 2861 558 τῷ
2908 491 3192 562 Ἰδιϐοὺμᾲ,
3225 486 3348 553 ᾠδὴ
3390 484 3467 550 τῷ
3499 486 3695 539 ΔαΕίὸ.

1051 549 1254 607 PSAL.
1297 554 1636 614 XXXVIII.
2157 549 2205 560 ’”
2409 549 2424 562 ’
2725 549 2740 560 ’
2830 549 3037 617 ’ΨΑΑ.
3065 549 3196 618 ΑΗ.

635 655 688 710 1.
724 654 864 712 Dixi.
887 659 1208 719 Custodiam
1239 666 1358 723 vias
1381 685 1552 739 meas,
1589 681 1649 728 ut
1679 690 1788 729 non
1824 673 2135 746 delinquam

2308 679 2359 733 1.
2392 675 2536 732 Εἷπα
2555 693 2569 707 ⁸
2604 678 2826 743 Φυλάξω
2853 677 2951 740 τὰς
2981 675 3133 740 ὁδούς
3166 691 3291 746 μου,
3324 671 3420 725 τοῦ
3461 670 3535 743 μὴ
3562 672 3810 743 ἁμαρτά-

564 752 621 806 in
645 752 828 824 lingua
859 773 1001 814 mea.

2237 787 2349 825 νειν
2386 786 2452 839 με
2482 771 2539 821 ἐν
2568 767 2788 840 γλώσσῃ
2827 785 2949 838 μου.

633 847 686 900 2.
719 848 885 903 Posui
914 851 995 906 ori
1019 866 1143 908 meo
1166 856 1495 925 custodiam,

2307 863 2362 914 2.
2413 860 2647 930 Ἐθέμην
2676 859 2753 929 τῷ
2789 857 3018 928 στόματί
3052 874 3152 928 μου
3179 857 3442 928 φυλακὴν,

629 936 681 988 5.
713 937 849 991 Cum
883 941 1206 997 consisteret
1237 957 1491 1013 peccator
1517 947 1807 1005 adversum
1834 967 1944 1006 me.

2307 953 2361 1007 5.
2416 953 2502 1005 Ἐν
2538 952 2615 1023 τῷ
2642 953 2901 1023 συστῆναι
2931 951 3023 1004 τὸν
3053 950 3374 1021 ἁμαρτωλὸν
3416 949 3657 1003 ἐναντίον
3685 965 3810 1018 μου.

631 1028 686 1082 4.
724 1028 982 1087 Obmutui
1009 1041 1062 1088 et
1089 1035 1405 1094 humiliatus
1437 1056 1580 1107 sum,
1620 1052 1674 1097 et
1704 1044 1829 1100 silui
1860 1060 1891 1099 a
1936 1045 2137 1103 bonis:

2311 1045 2367 1099 4.
2409 1042 2741 1116 Ἐκωφὼθην
2782 1043 2877 1097 καὶ
2925 1041 3316 1112 ὲταπεινώθην,
3357 1040 3452 1095 καὶ
3493 1039 3725 1111 ἑσίγησα
3752 1037 3817 1103 ἐξ

2239 1135 2460 1207 ἀγαθῶν
2484 1155 2498 1168 ·

639 1221 692 1275 5.
725 1220 791 1276 Ει
820 1224 976 1281 dolor
1001 1243 1155 1283 meus
1186 1239 1480 1286 renovatus
1507 1241 1612 1288 est.

2312 1228 2366 1282 5.
2403 1227 2514 1281 Kal.
2538 1227 2598 1279 τὸ
2633 1226 2856 1297 ἄλγημά
2884 1241 2986 1295 μου
3022 1224 3395 1296 άνεκαινίσθη.

639 1312 693 1366 6.
721 1313 1006 1373 Concaluit
1035 1335 1130 1374 cor
1158 1336 1340 1382 meum
1369 1323 1509 1377 intra
1539 1340 1625 1379 me
1659 1344 1673 1379 :

2312 1321 2364 1374 6.
2407 1319 2802 1391 Ἐθερμάνθηή
2836 1318 3032 1389 καρδία
3065 1335 3166 1388 μου
3208 1317 3359 1381 ἐντός
3400 1334 3534 1387 μου·

636 1404 688 1459 7.
721 1406 787 1461 Et
817 1408 869 1462 in
905 1410 1258 1468 meditatione
1295 1429 1413 1468 mea
1445 1417 1764 1472 exardescet
1794 1418 1955 1489 ignis.

2313 1414 2365 1466 7.
2400 1413 2510 1467 Καὶ
2542 1414 2598 1465 ὲν
2623 1414 2688 1482 τῇ
2717 1411 2913 1482 μελέτῃ
2947 1428 3046 1481 μου
3076 1409 3474 1481 ἐκκαυθήσεται
3501 1407 3632 1478 πῦρ.

628 1497 683 1551 8.
716 1497 956 1555 Locutus
996 1520 1118 1558 sum
1164 1506 1217 1559 in
1265 1507 1450 1576 lingua
1488 1525 1652 1565 mea:
1691 1521 1880 1566 notum
1931 1512 2016 1569 fac
2040 1515 2141 1568 mi-

2311 1508 2366 1561 8.
2412 1505 2683 1576 Ἐλάλησα
2721 1507 2778 1558 ἐν
2813 1503 3034 1578 γλώσσῃ
3073 1521 3195 1557 μου·
3237 1502 3498 1575 γνὼρισόν
3542 1519 3653 1573 μοι,
3703 1503 3821 1556 K1.-

565 1585 640 1654 hi,
678 1586 926 1658 Domine,
961 1592 1121 1648 linem
1154 1610 1358 1662 meum,

1192 1610 1358 1662 leum,
2245 1617 2346 1670 ριε,
2378 1601 2438 1652 τὸ
2466 1598 2640 1668 πέρας
2672 1615 2795 1670 μου.

643 1687 698 1739 9.
735 1685 800 1741 Et
835 1705 1125 1745 numerum
1160 1693 1372 1747 dierum
1399 1707 1668 1761 meorum,
1703 1693 1828 1764 quis
1854 1693 1984 1748 cst?

2313 1691 2366 1744 9.
2402 1691 2513 1744 Καὶ
2547 1690 2636 1744 τὸν
2658 1689 2891 1761 ἀριθμὸν
2914 1687 3024 1743 τῶν
3055 1687 3279 1760 ἡμερῶν
3307 1705 3428 1759 μου,
3462 1689 3548 1751 τίς
3578 1688 3725 1740 ἔστιν
3756 1703 3769 1751 ;

637 1776 724 1831 10.
760 1777 829 1834 Ut
855 1783 1023 1838 sciam
1047 1783 1177 1852 quid
1215 1784 1355 1839 desit
1382 1785 1535 1839 mihi.
2171 1851 2202 1854 _

2171 1851 2202 1854 _
2315 1783 2401 1838 10.
2434 1784 2548 1836 Ἵνα
2576 1782 2689 1852 γνῶ
2710 1783 2763 1835 τί
2791 1781 3003 1854 ὑστερῶ
3035 1781 3165 1849 ὲγὼ.

632 1871 718 1925 11.
750 1872 885 1928 Ecce
915 1851 1306 1931 mensuraliiles
1335 1875 1564 1948 posuisti
1593 1876 1708 1932 dies
1734 1891 1886 1932 meos
1912 1897 1924 1932 :
2170 1851 2214 1907 Β

2170 1851 2214 1907 Β
2324 1875 2414 1929 ιι.
2451 1851 3060 1937 ἰδοῡπαλαιστάςεοου
3089 1873 3418 1944 τὰςήμέρας
3455 1891 3575 1942 μου,

635 1963 720 2016 12.
752 1964 816 2018 Et
843 1966 1144 2022 substantia
1174 1985 1314 2033 mea,
1343 1978 1600 2039 tanquam
1637 1968 1868 2021 nihilum
1899 1978 2022 2022 ante
2047 1977 2132 2024 te:

2320 1967 2388 2022 12
2438 1967 2543 2020 Kal
2566 1970 2599 2038 ἡ
2626 1968 2920 2031 ὑπόστασις
2953 1985 3054 2038 μου
3081 1967 3211 2020 ὡσεὶ
3239 1965 3389 2020 οὐδὲν
3428 1965 3658 2018 ἐνώπιόν
3687 1981 3782 2017 σου
3800 1976 3821 1996 ⁶

638 2054 724 2110 15.
767 2053 1152 2114 Verumtamen
1185 2061 1440 2116 universa
1475 2061 1710 2126 vanitas,
1763 2061 1942 2117 omnis
1976 2061 2138 2117 homo

2317 2060 2403 2114 15.
2445 2059 2590 2130 Πλὴν
2623 2059 2689 2112 τὰ
2716 2059 3002 2130 σύμπαντα
3032 2059 3353 2129 ματαιότης,
3385 2059 3491 2121 πᾶς
3536 2057 3825 2130 ἄνθρωπος

567 2145 776 2206 vivens.
2247 2153 2375 2220 ζῶν.

1189 2243 1518 2313 Diapsalma.
2689 2305 2692 2307 Α
2805 2248 3120 2316 Auiti-alga
3179 2263 3255 2316 a,.

639 2330 726 2386 H.
765 2331 1151 2391 Verumtamen
1185 2337 1238 2390 in
1273 2337 1507 2406 imagine
1543 2335 1835 2403 pertransit
1859 2339 2021 2389 homo
2053 2353 2064 2387 :

2318 2333 2406 2387 N.
2447 2334 2708 2404 Μέντοιγε
2741 2337 2799 2388 ὲν
2826 2336 2993 2388 εἰκόνι
3015 2336 3395 2409 διαπορεύεται
3428 2335 3744 2407 ἄνθρωπος·

638 2424 726 2479 15.
766 2424 968 2483 Tamen
1001 2427 1206 2483 frustra
1243 2429 1638 2483 conturbatur:

1575 2443 1598 2480 r
1625 2444 1638 2480 :
2319 2425 2406 2480 15.
2451 2428 2595 2499 Πλὴν
2622 2429 2796 2500 μάτην
2819 2429 3167 2499 ταράσσεται.

638 2556 718 2630 (α)
757 2558 877 2618 Vat.
911 2565 1031 2619 cod.
1067 2563 1182 2623 Pal.

1690 2748 2065 2803 ATIIANASII
2107 2745 2696 2805 lNTERPRETATK).

649 2901 714 2955 'H
748 2905 1079 2975 προκειμένη
1115 2906 1393 2978 ἐπιγραφὴ
1425 2907 1670 2978 περιέχει
1695 2907 1770 2975 (1)
1791 2923 1805 2937 ο
1833 2908 1932 2972 Εἰς
1968 2905 2033 2959 τὸ
2058 2906 2231 2972 τέλος
2253 2905 2332 2972 τῷ
2373 2905 2619 2974 Ἰδιθοὺμ
2644 2905 2743 2978 (2),
2770 2906 2892 2975 ᾠδὴ
2924 2882 3218 2973 τᾷἶΔαόίδ.
3254 2904 3422 2960 Τοῦτο
3453 2902 3544 2960 οὖν
3578 2906 3760 2975 λέγει’
3791 2912 3828 2979 ἡ

569 2996 676 3066 ᾠδὴ
706 2996 783 3066 τῷ
809 2998 970 3050 Δαϐὶδ
996 2999 1132 3069 αὕτη
1161 3001 1353 3070 ἐλέχθη
1389 3003 1468 3063 εἰς
1498 3003 1594 3072 τὴν
1617 3000 1925 3055 συντέλειαν
1952 3000 2061 3055 τῶν
2092 3002 2302 3056 αἰώνων
2331 3002 2409 3073 τῷ
2439 3003 2518 3056 ἑνὶ
2554 3003 2832 3074 κριτῇ,τῷ
2862 3004 3159 3074 ἐρχομένῳ.
3194 3002 3362 3056 Τοῦτο
3389 3001 3495 3074 γὰρ
3523 3005 3832 3075 ἑρμηνεύε-

569 3105 657 3141 ται
681 3089 741 3140 τδ
786 3089 1036 3161 Ἰδιθοὺμ,
1067 3091 1204 3156 ἐνὸς
1217 3093 1413 3159 κριτοῦ
1426 3095 1768 3161 ἐρχομένου.

644 3179 859 3235 Titulus
889 3183 1214 3251 praepositus
1241 3185 1485 3239 continet
1516 3203 1528 3239 :
1564 3185 1627 3238 In
1665 3187 1822 3254 ﬁnem
1848 3182 2090 3236 Idithum
2122 3182 2389 3236 canticum
2435 3180 2631 3235 David.
2671 3181 2786 3236 lloc
2826 3191 3007 3236 autem
3054 3185 3344 3252 signiﬁcat,
3371 3186 3513 3254 quod
3551 3187 3830 3241 canticum

573 3272 717 3326 istud
739 3272 943 3328 dictum
972 3282 1055 3328 est
1083 3290 1113 3328 a
1146 3274 1346 3328 Davide
1369 3276 1462 3328 uni
1482 3275 1653 3345 judici
1688 3274 2016 3329 advenienti.
2047 3273 2125 3329 lla
2150 3275 2293 3330 enim
2330 3276 2717 3343 interpretatur
2746 3273 2976 3328 Idithum
3007 3291 3019 3326 :
3054 3290 3191 3326 unus
3208 3273 3377 3340 judea:
3405 3277 3708 3330 adveniens.

644 3367 694 3419 1.
727 3365 1029 3421 Deliberavi
1063 3368 1207 3423 haud
1237 3370 1472 3438 amplius
1509 3374 1809 3439 producere
1835 3387 2147 3436 sermones,
2175 3377 2219 3433 ς.

2325 3371 2378 3427 1.
2414 3370 2857 3439 Ἐϐουλευσάμην
2895 3368 2969 3439 μὴ
3009 3368 3170 3421 πάλιν
3199 3370 3274 3438 (5)
3308 3371 3433 3432 τοὺς
3470 3370 3659 3438 λόγους
3704 3375 3833 3436 τοὺς

574 3461 665 3529 qui
699 3459 832 3512 mihi
855 3459 924 3512 ab
948 3460 1172 3513 inimico
1192 3473 1578 3530 suggeruntur.

2254 3462 2405 3532 παρὰ
2441 3461 2533 3516 τοῦ
2565 3459 2760 3532 ἐχθροῦ
2794 3479 2884 3532 μοι
2920 3459 3406 3530 ὑποϐαλλομένους.

640 3552 694 3604 2.
720 3550 986 3621 Proposui
1013 3552 1226 3607 nullum
1254 3554 1478 3608 verbum
1495 3553 1731 3608 otiosum
1757 3553 2058 3623 producere
2081 3567 2149 3606 ex

2317 3555 2370 3608 2.
2415 3555 2646 3626 Ἐθέμην
2665 3554 2759 3607 τοῦ
2783 3554 2985 3624 μηδένα
3011 3553 3165 3622 λόγον
3187 3552 3354 3623 ἀργὸν
3383 3552 3644 3624 προάγειν
3670 3554 3743 3625 Ui)
3766 3557 3836 3608 ὲκ

579 3658 670 3697 ore
697 3659 837 3698 meo.

2250 3647 2345 3700 τοῦ
2383 3647 2649 3716 στόματός
2680 3664 2805 3716 μου.

647 3738 699 3791 5.
732 3736 1018 3791 Diabolum
1058 3738 1345 3808 signiﬁcat.

2322 3740 2374 3793 3.
2409 3739 2514 3791 Τὸν
2547 3737 2794 3790 διάϐολον
2814 3737 2987 3805 λέγει.

645 3829 698 3881 4.
734 3828 1021 3884 Abducens
1055 3830 1321 3899 meipsum
1352 3844 1382 3883 a
1413 3828 1572 3883 honis
1618 3827 1824 3892 mundi,
1860 3835 1916 3881 et
1958 3826 2150 3882 solita-

2323 3830 2376 3884 4.
2415 3831 2586 3900 Ἀρας
2626 3829 2817 3882 ἑαυτὸν
2848 3833 2911 3882 ἐκ
2950 3827 3060 3882 τῶν
3087 3827 3307 3897 ἀγαθῶν
3337 3827 3431 3882 τοῦ
3481 3828 3707 3900 κόσμου,
3739 3831 3838 3884 καὶ

577 3919 691 3975 rius
710 3921 905 3976 sedens
937 3923 1206 3992 meipsum
1239 3922 1292 3976 in
1318 3921 1535 3977 silentio
1563 3919 1941 3974 humiliabam.

2257 3922 2545 3985 καθεσθεὶς
2573 3922 2713 3975 κατὰ
2745 3922 2935 3992 μόνας,
2968 3922 3286 3974 ὲταπείνουν
3308 3922 3498 3974 ἑαυτὸν
3524 3921 3833 3992 ἡσυχάζων.

648 4013 702 4067 5.
734 4012 801 4067 Et
833 4014 1153 4069 recordatus
1178 4029 1300 4068 sum
1326 4015 1532 4083 peccati
1567 4011 1694 4067 mei.

2329 4015 2381 4069 5.
2417 4013 2519 4067 Καὶ
2547 4012 2977 4082 ὑπεμνησκόμην
3020 4011 3120 4081 τῆς
3157 4011 3430 4082 ἁμαρτίας
3467 4029 3589 4082 μου.

651 4103 705 4158 θ.
745 4105 1016 4175 ingemuit
1045 4120 1140 4160 cor
1168 4120 1351 4160 meum
1387 4106 1532 4159 intra
1553 4121 1659 4160 me.

2325 4109 2377 4164 6.
2413 4108 2631 4161 Ἐτενεν
2664 4106 2738 4176 (5)
2768 4107 2801 4175 ἡ
2843 4104 3039 4176 καρδία
3072 4122 3174 4175 μου
3211 4105 3360 4167 ἐντός
3394 4121 3514 4174 μου.

651 4196 701 4250 7.
733 4194 799 4252 Et
828 4213 940 4268 prae
971 4197 1157 4253 dolore
1177 4196 1378 4252 exarsi.

2327 4200 2382 4253 7.
2419 4197 2525 4252 Kal.
2555 4197 2866 4271 ἔφλεγόμην
2888 4195 2998 4250 ἀπὸ
3024 4196 3124 4265 τῆς
3145 4194 3337 4265 ὀδύνης
3366 4193 3464 4266 (6).

651 4289 702 4343 8.
739 4288 805 4343 Ει
833 4291 984 4344 oravi
1006 4291 1194 4346 dicens
1232 4310 1244 4344 :
1278 4291 1352 4344 Da
1393 4292 1550 4359 mihi,
1589 4291 1836 4355 Domine,
1866 4300 1926 4345 ut
1964 4290 2154 4354 sciam,

2332 4291 2385 4344 8.
2419 4289 2521 4342 Kal.
2546 4289 2937 4360 προσηυχόμην
2964 4286 3137 4355 λέγων
3158 4303 3174 4318 ο
3209 4287 3309 4348 Δός
3340 4303 3451 4356 μοι,
3480 4283 3667 4355 Κύριε,
3698 4287 3838 4341 εἰδέ-

581 4382 800 4453 quando
828 4397 914 4438 me
943 4391 1157 4453 Oportet
1181 4395 1359 4439 astare
1388 4394 1483 4438 tuo
1519 4383 1797 4438 tribunali.

2260 4403 2368 4448 ναι,
2397 4385 2478 4436 ὅτι
2501 4381 2847 4454 παραστῆναι
2876 4398 2943 4452 με
2971 4381 3050 4433 δεῖ
3073 4379 3149 4450 τῷ
3175 4379 3376 4449 βήματι
3400 4395 3514 4433 σου.

651 4475 704 4529 9.
734 4473 801 4527 Et
822 4475 965 4544 quod
992 4475 1108 4529 dies
1135 4476 1238 4530 mei
1269 4476 1426 4545 pauci
1452 4486 1597 4531 sunt.

2325 4480 2378 4534 9.
2409 4477 2514 4530 Καὶ
2545 4478 2627 4530 ὅτι
2655 4477 2709 4528 αἱ
2735 4478 2938 4546 ἡμέραι
2972 4490 3072 4544 μου
3106 4471 3284 4538 ὀλίγαι
3305 4471 3458 4526 εἰσίν.

653 4567 740 4620 10.
779 4565 849 4620 Ut
873 4568 1088 4623 tandem
1112 4584 1460 4641 cognoscam,
1491 4569 1624 4640 quid
1649 4571 1713 4623 de
1737 4569 2021 4640 prmeeptis
2052 4576 2159 4621 tuis

2335 4571 2422 4624 10.
2452 4571 2570 4622 Ἵνα
2612 4565 2726 4636 γνῶ
2769 4565 2954 4618 λοιπὸν
2999 4563 3053 4616 τι
3097 4562 3405 4634 παρέλειψα
3460 4561 3567 4615 τῶν
3606 4562 3839 4616 ἐντολῶν

582 4660 926 4729 przctermisi.
2191 4725 2222 4729 _
2265 4680 2380 4716 σου.

657 4752 741 4805 11.
775 4748 1111 4805 Miscrabiles
1137 4748 1428 4820 signiﬁcat,
1453 4758 1506 4803 et
1525 4748 1836 4803 demetitos.
2191 4725 2234 4778 n

1824 4789 1836 4801 ο
2191 4725 2234 4778 n
2337 4751 2423 4806 11.
2455 4750 2692 4821 Οἱκτρὰς
2720 4747 2891 4816 λέγει,
2923 4747 3018 4800 καὶ
3045 4744 3320 4818 μετρητάς
3345 4744 3420 4816 (7)

657 4842 743 4896 12.
777 4841 961 4896 Pulvis
996 4858 1138 4908 sum,
1175 4842 1369 4912 inquit.

1358 4883 1369 4895 -
2331 4845 2417 4898 12.
2457 4843 2760 4912 Χοῠςοεὶμι,
2794 4841 2961 4909 λέγει.

658 4937 743 4989 15.
775 4933 1159 4990 Verumtamen
1206 4951 1370 5005 opera
1423 4936 1742 5004 hominum,
1778 4952 1901 5008 qua:
1940 4937 1992 4992 in
2050 4953 2154 4994 noc

2332 4937 2419 4991 15.
2455 4934 2600 5006 Πλὴν
2621 4935 2690 4988 τὰ
2722 4934 2859 5003 ἔργα
2887 4931 2991 4985 τῶν
3021 4929 3321 5004 ἀνθρώπων
3359 4929 3423 4983 τὰ
3460 4931 3516 4982 ὲν
3550 4927 3627 4999 τῷ
3651 4929 3843 5000 κόσμῳ

587 5027 810 5092 mundo,
848 5035 976 5082 sunt
1007 5027 1238 5081 vanitas.

1150 5043 1238 5081 ,as.
2268 5029 2561 5100 ματαιότης
2588 5027 2753 5082 ἐστίν.

661 5119 745 5172 14.
783 5117 961 5174 Veluti
990 5121 1175 5173 umbra
1213 5122 1535 5176 transcurrit
1562 5123 1744 5177 homo.

2339 5123 2423 5177 H.
2454 5121 2596 5173 Ὠσεὶ
2625 5120 2698 5190 (8)
2728 5120 2856 5173 σκιὰ
2882 5119 3154 5191 διατρέχει
3187 5121 3214 5172 ὁ
3241 5118 3524 5190 ἄνθρωπος

662 5209 746 5265 15.
783 5209 847 5265 Ει
877 5210 983 5279 hic,
1020 5221 1072 5266 et
1101 5213 1210 5266 illic
1234 5213 1610 5284 intempestive
1643 5214 2010 5282 perturbatur.

1916 5231 2010 5269 .ur.
2337 5216 2423 5269 15.
2466 5213 2574 5266 Ka‘t
2604 5212 2848 5283 ἀκαίρως
2872 5204 2974 5265 ὧδε
3009 5213 3166 5264 κάκεῖ
3194 5211 3519 5282 θορυϐεῖται.

1545 5375 1846 5437 Addenda
1878 5383 1936 5436 et
1969 5375 2346 5454 corrigenda
2399 5393 2476 5436 ex
2506 5375 2648 5436 cod.
2680 5372 2879 5434 Vatic.

665 5499 740 5570 (li
776 5499 835 5550 Ἠ
858 5498 945 5570 διὰ
975 5499 1072 5567 τῆς
1102 5499 1470 5568 κινναϐάρεως
1503 5517 1627 5570 περ.
2343 5497 2419 5570 (5)
2459 5497 2730 5570 ᾟΑστενεν.

665 5568 742 5635 (ε)
785 5563 1252 5640 istoc-uacum;
1277 5563 1418 5640 ᾠδῆς
1442 5571 1518 5641 τίς.
1552 5563 1746 5625 Ᾰαϐίδσ
1784 5570 1917 5641 αὕτη
1941 5571 2155 5646 ἐλέχθη.
2341 5563 2418 5646 (9)
2453 5567 2676 5646 ζρᾷύνης
2703 5566 2974 5646 τῆς,ὲν,τῇ
3007 5563 3149 5644 rem
3182 5579 3302 5646 μειυο

978 5635 988 5640 γ
1056 5635 1065 5638 -
1156 5635 1165 5640 ν
1293 5635 1302 5640 -
1378 5635 1387 5640 π
1491 5635 1501 5641 ν
1909 5635 1917 5641 π
2033 5635 2066 5646 n
2125 5635 2133 5641 -

651 5658 675 5690 11

673 5679 697 5689 ,ο

1909 5635 1917 5641 ’
2033 5635 2066 5646 ’“
2125 5635 2133 5641 ’
2344 5638 2421 5707 (7)
2452 5638 2553 5690 Kal
2581 5635 2854 5707 μετρητάς
2877 5636 3026 5691 (locst
3050 5636 3103 5688 in
3137 5635 3255 5688 cod.

667 5706 740 5784 (ξι)
890 5709 1065 5761 λαλεῖν
1102 5751 1111 5761 .
1156 5753 1165 5762 .
1207 5755 1218 5765 .
1255 5712 1447 5784 ἐχοροδ
1483 5729 1603 5782 μου.
2341 5711 2416 5778 (⁸)
2461 5706 2681 5773 K06165-

666 5779 738 5846 (4)
775 5780 1110 5850 ΙΙροαγαγεὶν

595 5647 645 5692 ει
