4060 6454
220 416 330 471 801
1032 414 1122 469 DE
1156 414 1431 472 TITULIS
1469 413 1920 473 PSALMORUM.
1957 444 2024 455 -—
2059 416 2254 472 PSAL.
2288 417 2571 473 XXXVIII.
3363 425 3468 480 802

300 531 387 586 16.
428 530 774 601 Θησαυρίζει,
801 531 894 585 καὶ
914 531 975 584 ού
997 530 1250 599 γινώσκει
1277 531 1383 586 τίνι
1407 529 1621 597 συνάξει
1639 531 1794 587 αὑτά.
1826 539 1876 597 Α

1826 539 1876 597 Α
1973 530 2058 587 I6.
2092 531 2468 600 Thesaurizat,
2497 542 2552 589 et
2581 534 2795 606 ignorat
2828 538 2915 592 cui
2949 540 3298 609 congregabit
3329 557 3413 596 ea.

298 626 387 680 I7.
429 625 536 678 Kal
557 623 651 680 νῦν
678 624 760 688 τίς
789 627 821 695 ή
850 625 1091 696 ὑπομονῆ
1125 641 1264 690 uou;
1293 624 1415 697 οὐχὶ
1438 627 1468 680 ὁ
1496 626 1729 697 Κύριοςς

1975 626 2060 680 I7.
2091 625 2158 682 Et
2201 644 2350 685 nunc
2395 644 2516 700 qua:
2559 632 2894 701 exspectatio
2942 633 3096 688 mea?
3141 650 3322 692 nonne
3361 634 3469 692 Do-

1902 716 2121 771 minus?
2629 735 2636 742 '

297 794 385 847 I8.
426 795 588 866 Καὶή
617 811 911 858 υποστασις
939 813 1040 865 μου
1066 796 1217 868 παρὰ
1243 793 1336 849 σοῦ
1367 797 1536 851 ἐστιν.

1308 793 1336 849 ὖ
1367 797 1536 851 ἐστιν.
1970 806 2056 861 18.
2090 805 2157 859 Ει
2187 807 2489 864 substantia
2523 825 2641 865 mea
2671 826 2701 866 a
2729 819 2779 867 te
2809 819 2911 868 est.

295 887 384 940 I9.
413 885 544 937 ’Λτεδ
580 885 768 939 πισῶν
791 885 898 940 τῶν
919 887 1156 957 ἀνομιῶν
1187 905 1285 957 μου
1318 886 1480 959 ῥῦσαί
1510 907 1606 958 με⁹

1973 898 2059 951 19.
2091 898 2172 953 Ab
2202 901 2453 954 omnibus
2482 901 2860 971 iniquitatibus
2887 905 3022 959 meis
3052 921 3183 964 erue
3214 924 3299 964 me
3326 923 3342 963 :

291 978 384 1030 20.
410 978 647 1040 Ὀνειδος
672 978 869 1055 άφρονι
902 978 1109 1042 ἔδωκάς
1143 997 1232 1050 με.

1968 986 2058 1041 20.
2093 987 2455 1058 Opprobrium
2493 993 2768 1061 insipienti
2795 995 2991 1050 dedisti
3016 1013 3119 1053 me.

291 1069 355 1122 2|
369 1111 382 1122 .
411 1052 760 1140 'EchptbO-qv,
778 1071 872 1122 καὶ
886 1071 985 1123 οὐκ
1002 1071 1186 1141 ἧνοιξα
1200 1073 1261 1125 τὸ
1279 1074 1451 1144 στόμα
1464 1091 1593 1144 μου,
1613 1073 1698 1128 ὅτι
1723 1073 1795 1146 (τι)

1966 1077 2055 1132 21.
2092 1052 2372 1148 Obmutui,
2401 1091 2456 1136 et
2485 1052 2817 1154 non-aperui
2851 1101 2944 1142 eos
2977 1087 3177 1156 meum,
3204 1093 3460 1161 quoniam

215 1159 288 1210 σὺ
319 1159 602 1231 ἐποίησας.

572 1177 602 1223 ῖ.
1895 1177 1951 1224 tu
1980 1169 2175 1226 fecisti.

290 1250 382 1303 22.
417 1252 744 1322 Ἀπόστησον
773 1252 868 1306 ἀπ’
901 1253 1034 1323 ἐμοῦ
1059 1254 1158 1318 τὰς
1196 1256 1465 1327 μάστιγάς
1493 1278 1615 1313 σου·

1260 1256 1465 1327 ἱστιγάς
1493 1278 1615 1313 σου·
1963 1260 2052 1316 22.
2084 1263 2288 1319 Amove
2312 1280 2340 1319 a
2371 1281 2457 1321 me
2486 1267 2670 1337 plagas
2700 1279 2821 1327 tuas
2850 1285 2863 1323 :

289 1345 381 1400 25.
412 1345 544 1398 Ἀπὸ
573 1346 680 1418 γὰρ
720 1347 820 1418 τῆς
864 1347 1044 1417 ἰσχύος
1083 1349 1182 1438 τῆς
1227 1351 1407 1423 χειρός
1446 1371 1537 1407 σου
1570 1353 1678 1422 ἐγὼ
1709 1355 1794 1421 ἐξ.

1769 1386 1794 1397 -
1959 1352 2050 1407 25.
2080 1354 2126 1407 Α
2160 1354 2478 1414 fortitudine
2510 1361 2654 1414 enim
2690 1377 2884 1418 manus
2916 1372 3020 1419 tute
3050 1380 3150 1438 ego
3178 1368 3372 1426 defeci.

209 1438 426 1491 ἑλιπον.
1169 1438 1177 1440 -
1560 1449 1565 1452 ⁷

287 1529 378 1584 24.
416 1531 502 1583 Ἐν
531 1531 780 1601 ὲλεγμοίς
810 1532 949 1603 ὑπὲρ
975 1532 1200 1604 ἀνομίας
1231 1535 1553 1601 ἐπαίδευσας
1581 1539 1792 1611 ἄνθρω-

1960 1533 2049 1587 24.
2084 1535 2140 1588 ln
2173 1535 2637 1607 increpationibus
2664 1553 2887 1614 propter
2914 1545 3250 1618 iniquitatem
3283 1553 3457 1606 corri-

213 1632 322 1673 πον
345 1638 358 1651 ⁸

1890 1624 2053 1692 puisti
2090 1624 2366 1682 hominem
2395 1649 2405 1684 :

286 1713 379 1768 25.
416 1716 525 1767 Kal
550 1713 807 1786 ὲξὲτηξας
830 1717 906 1782 ὡς
938 1719 1178 1793 ἀράχνην
1203 1720 1302 1791 τὴν
1326 1721 1503 1793 ψυχήν
1533 1741 1638 1794 μου
1672 1724 1791 1796 [αύ-

1958 1715 2050 1770 25.
2085 1716 2153 1771 Et
2198 1720 2474 1777 tabescere
2524 1721 2701 1780 fecisti
2745 1726 2886 1783 sicut
2918 1744 3173 1788 araneam
3218 1737 3454 1793 animam

209 1806 309 1858 τοῦ
339 1808 455 1861 cod.
478 1807 690 1881 Barb.].
1889 1804 2030 1874 ejus.

283 1896 373 1951 26.
411 1898 557 1968 Πλὴν
588 1902 764 1974 μάτην
795 1904 901 1966 πᾶς
921 1903 1124 1976 [μάτην
1150 1906 1481 1977 ταράσσεται
1505 1910 1630 1971 πᾶς,
1654 1907 1786 1981 οἱα]
1821 1891 1864 1950 Β

1854 1897 1864 1948 ι
1961 1897 2052 1952 26.
2084 1897 2470 1958 Verumtamen
2519 1921 2659 1962 vane
2701 1910 2880 1966 omnis
2906 1911 3066 1982 [vane
3109 1922 3457 1987 perturbatur

210 1984 526 2055 ἄνθοωπος.

1889 1989 2087 2053 omnis,
2119 1988 2251 2061 etc.)
2287 1991 2469 2046 homo.

777 2089 1096 2160 Διάψαλμα
1128 2091 1225 2163 (b).

2458 2089 2487 2117 δ
2506 2083 2839 2154 Diapsalma.

280 2179 372 2232 27.
405 2180 734 2261 ῌίσάκουσον
759 2183 856 2254 τῆς
886 2183 1193 2254 προσευχῆς
1220 2200 1342 2254 μου,
1368 2187 1560 2256 Κύριε,
1578 2188 1670 2240 καὶ
1689 2192 1789 2261 τῆς

1955 2165 2046 2221 27.
2085 2168 2293 2226 Exaudi
2339 2174 2640 2232 orationem
2679 2195 2876 2246 meam,
2920 2180 3168 2252 Domine,
3195 2187 3454 2259 depreca-

205 2255 449 2342 δεήσεώς
477 2290 582 2344 μου
615 2272 743 2344 [μου
775 2274 1074 2347 ὲνὼτισαι].
1461 2255 1469 2256 7
1504 2349 1508 2350 ν
1743 2255 1754 2261 1

1743 2255 1754 2261 ’
1883 2259 2090 2315 tionem
2117 2279 2292 2319 meam
2327 2263 2525 2337 [meam
2561 2271 2785 2328 auribus
2821 2276 3059 2350 percipe]
3098 2295 3109 2331 :

280 2363 369 2418 28.
403 2364 474 2436 (c)
508 2366 788 2421 Ἐνώτισαι
820 2367 929 2420 τῶν
958 2367 1207 2439 δακρύων
1243 2389 1367 2440 μου.
1503 2349 1509 2355 ⁸

1503 2349 1509 2355 ’
1953 2352 2042 2408 28.
2080 2354 2318 2412 Auribus
2343 2361 2560 2431 percipe
2587 2363 2856 2435 Iacrymas
2887 2349 3057 2424 meas.

277 2454 366 2511 29.
398 2456 493 2529 Μὴ
522 2461 973 2532 παρασιωπήσῃς,
1003 2461 1084 2514 ὅτι
1111 2463 1371 2534 πάροικος
1397 2465 1508 2535 ἐγώ
1535 2467 1651 2538 είμι
1680 2485 1783 2522 πα-

1955 2443 2044 2498 29.
2071 2444 2149 2502 Ne
2182 2448 2368 2514 sileas,
2401 2453 2660 2521 quoniam
2686 2456 2894 2512 advena
2920 2474 3020 2531 ego
3045 2477 3166 2516 sum
3200 2465 3342 2534 apud
3369 2474 3450 2534 te;

207 2547 280 2618 ρὰ
316 2549 430 2602 σοί·

277 2638 365 2694 50.
384 2640 495 2694 Καὶ
513 2643 910 2716 παρεπίδημος,
923 2643 1105 2710 καθὼς
1117 2647 1317 2713 πάντες
1330 2650 1378 2702 ot
1402 2650 1636 2721 πάτέρες
1655 2667 1777 2721 μου.

1667 2667 1777 2717 ιον,
1958 2645 2049 2702 30.
2077 2645 2145 2703 Et
2175 2650 2515 2721 peregrinus,
2543 2654 2684 2710 sicut
2716 2670 2905 2714 omnes
2931 2647 3114 2729 patres
3144 2663 3270 2720 mei.

301 2783 355 2850 a)
373 2785 518 2850 Ὅτι,
549 2795 680 2851 etc.,
707 2788 923 2845 desunt.

273 2783 354 2926 ἕο)
396 2854 517 2912 Vat.
549 2860 672 2915 cod.
711 2857 829 2916 Pal.

1949 2794 2024 2920 (δὲ
2056 2794 2122 2848 ν.
2154 2796 2245 2860 28,
2292 2797 2412 2849 Τῶν
2453 2798 2704 2868 δακρύων
2738 2817 2838 2870 μου
2873 2801 2947 2873 μὴ
2985 2805 3443 2892 παρασιωπῄσῃς.

1890 2863 1956 2921 γ.
2027 2867 2208 2926 9.Ὂτι
2236 2866 2368 2926 πάρ.
2399 2869 2508 2926 ἐγώ
2539 2872 2652 2926 εἰμι
2676 2873 2734 2924 ὲν
2755 2874 2821 2926 τῆ
2851 2874 2943 2926 γῆ.
2982 2871 3045 2926 ν.
3069 2873 3156 2926 οὒ-
3188 2876 3317 2926 Και.
3341 2887 3443 2926 etc.

303 2859 354 2926 θ)
396 2854 517 2912 Vat.
549 2860 672 2915 cod.
711 2857 829 2916 Pal.
1890 2863 1906 2899 π

1890 2854 1966 2921 Ὑί
1989 2854 2208 2931 29,Ὂτι
2234 2854 2368 2938 πάρ.
2399 2869 2508 2936 ἐγώ
2539 2854 2652 2938 έίμι
2676 2859 2821 2941 ἐν’τῇ
2851 2854 2947 2942 γῆξ

1330 3018 1711 3078 ATHANASII
1745 3023 2338 3082 INTERPRETATIO.

275 3150 361 3205 I6.
402 3147 731 3221 Θησαυρίζει
778 3151 904 3226 γάρ,
943 3153 1034 3207 καὶ
1084 3154 1144 3207 ού
1189 3152 1444 3224 γινώσκει
1483 3161 1566 3226 τίς
1593 3163 1774 3218 αὐτῶν
1801 3169 1845 3227 C

1841 3171 1845 3225 ι
1950 3163 2036 3218 16.
2081 3163 2436 3219 Thesaurizat
2489 3167 2656 3232 enim,
2703 3176 2756 3222 et
2795 3169 3028 3238 ignorat,
3075 3172 3201 3242 quis
3257 3190 3444 3234 eorum

200 3242 448 3314 κυριεύει
478 3243 576 3313 (1).

1882 3256 2137 3310 dominus
2173 3256 2295 3311 erit.

312 3336 363 3391 7.
393 3336 503 3388 Kal
530 3335 626 3390 νῦν
676 3337 737 3389 τὸ
766 3337 1056 3410 ὑπομένειν
1105 3359 1171 3414 με
1201 3342 1261 3395 τὸ
1291 3343 1494 3412 ἀγαθὸν
1522 3345 1597 3403 (ει
1630 3349 1779 3421 παρὰ

1955 3345 2043 3401 I7.
2069 3345 2134 3401 Et
2175 3362 2320 3403 nunc
2350 3357 2598 3418 superest
2623 3351 2778 3417 mihi,
2816 3361 2874 3407 ut
2913 3351 3116 3410 bonum
3145 3371 3176 3411 a
3213 3356 3445 3418 Dommo

200 3428 297 3482 τοῦ
322 3430 530 3500 Κυρίου
560 3429 690 3500 ἔχω.

603 3447 690 3500 (ω.
1880 3449 2206 3508 exspectem.

274 3523 363 3578 I8.
401 3525 514 3577 Kal
542 3525 574 3595 ἡ
608 3525 914 3579 συνιστῶσά
950 3544 1020 3597 με
1052 3527 1210 3599 χάρις
1240 3527 1390 3600 παρὰ
1419 3527 1512 3582 σοῦ
1548 3531 1714 3586 ἐστιν.

1627 3549 1714 3586 τιν.
1953 3529 2038 3583 18.
2074 3528 2140 3582 Ει
2168 3530 2361 3600 gratia,
2397 3547 2519 3601 quae
2547 3548 2633 3588 me
2659 3543 2948 3606 sustentat,
2982 3554 3012 3593 a
3041 3547 3094 3595 te
3131 3551 3230 3597 est.

273 3614 360 3669 I9.
400 3611 710 3686 Καθάρισόν
747 3632 836 3685 με,
865 3615 1032 3685 λέγει,
1059 3619 1166 3671 τῶν
1201 3619 1437 3690 ἀνομιῶν
1467 3639 1590 3692 μου.

1951 3619 2038 3674 I9.
2075 3617 2272 3672 Munda
2299 3636 2403 3685 me,
2434 3622 2628 3691 inquit,
2664 3624 2732 3677 ab
2759 3625 3138 3694 iniquitatibus
3167 3634 3322 3690 meis.

269 3705 358 3760 20.
401 3707 802 3776 Καταγελῶντά
847 3708 923 3781 (5)
962 3728 1032 3782 με
1074 3711 1186 3782 ἔχει
1218 3715 1247 3766 ὁ
1291 3713 1534 3780 διάϐολος
1565 3717 1652 3771 διὰ
1678 3718 1778 3784 τὰς

1950 3710 2040 3764 20.
2072 3708 2284 3765 Derisui
2329 3727 2414 3766 me
2460 3712 2622 3768 habet
2663 3715 2912 3773 diabolus
2959 3731 3179 3792 propter
3219 3736 3442 3795 peccata

200 3799 475 3870 ἁμαρτίας
504 3817 624 3870 μου.
1878 3816 2019 3856 mea.

270 3890 357 3946 2i.
388 3892 501 3945 Ούκ
523 3891 602 3945 ἔτι
631 3893 891 3947 ὑπακούω
912 3897 976 3965 τῇ
1002 3897 1269 3970 ἁμαρτίᾳ.
1302 3900 1384 3953 ὅτι
1417 3903 1776 3974 σὺ·ὲποίησας

1947 3892 2036 3946 2I.
2064 3891 2184 3948 Non
2229 3896 2463 3966 amplius
2504 3899 2755 3955 ausculto
2799 3913 3054 3973 peccato,
3084 3909 3340 3977 quoniam
3381 3921 3438 3967 tu

197 3983 356 4038 τοῦτό
382 4003 451 4055 με
483 3985 729 4055 ποιῆσαι.

1875 3980 2050 4037 fecisti
2080 3989 2140 4037 ut
2171 3998 2270 4054 ego
2297 3985 2350 4038 id
2376 3984 2627 4042 facerem.

266 4077 358 4130 22.
384 4075 654 4148 ἰλάσθητί
682 4094 792 4147 μοι,
819 4077 988 4148 λέγει.

1946 4074 2034 4128 22.
2069 4075 2324 4134 Miserere
2355 4080 2478 4145 mei,
2507 4081 2653 4136 dicit.

264 4168 356 4222 23.
378 4167 512 4222 Ἀπὸ
558 4168 665 4239 γὰρ
713 4167 813 4239 τῆς
861 4171 1183 4242 προσδοκίας
1215 4176 1306 4228 τοῦ
1343 4175 1650 4245 λογίζεσθαί
1682 4199 1768 4252 με,

1945 4166 2035 4220 23:
2061 4165 2142 4223 Ob
2160 4170 2609 4237 exspectationem
2632 4175 2799 4239 enim,
2826 4176 2954 4231 dum
2980 4194 3192 4235 mecum
3223 4197 3433 4256 reputo,

199 4259 276 4313 δτι
305 4259 485 4330 μέλλει
515 4259 591 4330 (4)
621 4276 686 4332 με
721 4261 923 4333 κρίνειν
957 4261 1070 4316 ἶσον
1099 4262 1328 4320 θανάτου
1353 4269 1641 4341 ἐγενόμην.

1873 4261 2022 4328 quod
2060 4268 2116 4314 tu
2149 4275 2235 4314 me
2258 4260 2600 4331 judicaturus
2632 4279 2690 4321 es
2720 4268 2943 4336 perinde
2973 4286 3038 4327 ac
3068 4286 3314 4333 mortuus
3353 4278 3435 4334 fa-

1873 4359 1993 4403 ειυδ
2021 4364 2164 4404 sum.

264 4427 757 4499 24.Ἐλεγχὸμενος
798 4428 950 4502 παρὰ
995 4431 1088 4484 σοῦ
1132 4433 1218 4488 διὰ
1258 4435 1354 4500 τάς
1401 4436 1629 4509 ἀνομίας
1665 4457 1768 4511 μου
1799 4512 1837 4522 “

1828 4515 1837 4522 _
1940 4439 2029 4494 24.
2066 4439 2360 4512 Correptus
2387 4460 2416 4498 a
2446 4454 2496 4500 te
2529 4459 2749 4518 prapter
2775 4451 3086 4522 iniquitates
3123 4474 3274 4516 meas
3298 4464 3431 4520 edo-

198 4518 476 4588 ὲδιδάχθην
506 4517 580 4589 μὴ
604 4518 956 4591 ἁμαρτάνειν.
1792 4513 1801 4567 έ

943 4561 956 4575 .
1792 4512 1843 4567 D
1870 4539 1990 4586 ctus
2019 4547 2140 4586 sum
2167 4550 2273 4590 non
2306 4551 2545 4605 peccare.

263 4608 354 4662 23.
391 4608 502 4662 Kal
550 4608 657 4662 άπὸ
690 4608 791 4679 τῆς
836 4609 1067 4681 θλίψεως
1088 4612 1190 4684 τῆς
1220 4613 1393 4687 ψυχῆς
1427 4635 1527 4688 μου
1563 4618 1763 4692 ὲτάκην

1941 4623 2032 4679 25.
2063 4623 2130 4680 Ει
2169 4642 2281 4697 prae
2323 4627 2612 4686 aﬂlictione
2645 4632 2842 4690 anima:
2886 4651 3020 4694 mete
3055 4643 3269 4711 penitus
3295 4661 3429 4704 con-

198 4699 347 4763 ὅλως.

1869 4717 2036 4773 tabui.

260 4789 351 4843 26.
384 4789 531 4861 Πλὴν
562 4789 714 4845 οὐδέν
742 4792 887 4846 ἐστιν
916 4791 1144 4861 ἕκαστος
1179 4797 1288 4852 τῶν
1313 4799 1635 4870 ἀνθρώπων.

1542 4819 1635 4856 ων.
1944 4810 2032 4869 26.
2066 4810 2448 4871 Verumtamen
2483 4817 2618 4873 nihil
2643 4829 2728 4876 est
2753 4825 2931 4880 omnis
2962 4825 3145 4883 homo.

261 4884 350 4939 27.
378 4885 468 4956 Μὴ
493 4884 687 4959 άπώσῃ
717 4886 814 4957 τὴν
851 4894 1159 4964 προσευχήν
1188 4911 1309 4964 μου,
1337 4896 1471 4951 ἀλλὰ
1495 4898 1763 4970 μακροθύ-

1938 4902 2027 4956 27.
2062 4901 2140 4959 Ne
2181 4907 2410 4975 repellas
2441 4909 2742 4967 orationem
2781 4929 2958 4972 meam
2980 4957 2996 4982 ,
3030 4922 3124 4977 sed
3163 4923 3429 4993 patienter

197 4994 308 5046 μως
337 4977 539 5046 ταύτην
567 4975 640 5049 (5)
675 4979 928 5036 ἄκουσον.

587 4977 640 5049 5)
675 4979 928 5036 ἄκουσον.
1865 4993 2006 5048 hanc
2040 4997 2189 5052 audi.

256 5066 348 5120 28.
387 5067 478 5138 Μὴ
504 5068 733 5140 παρίδῃς
761 5071 828 5124 τὰ
855 5071 1065 5142 δάκρυά
1091 5092 1212 5144 μου.

1944 5086 2035 5141 28.
2063 5088 2140 5144 Ne
2169 5091 2436 5162 despicias
2460 5095 2725 5169 lacrymas
2759 5115 2927 5158 meas.

255 5159 345 5212 29.
365 5162 484 5213 Ὅτι
511 5161 883 5233 ὲναπόγραφός
905 5166 997 5217 σού
1025 5169 1137 5238 εἰμι
1167 5168 1296 5238 ἐγώ.

1941 5179 2031 5236 29.
2070 5159 2338 5247 Quoniam
2367 5159 2700 5258 ascriptitius
2725 5200 2852 5248 tuus
2880 5209 3002 5251 sum
3027 5211 3145 5270 ego.

257 5251 346 5309 '50.
385 5255 493 5307 Kal
525 5254 618 5307 ἐπὶ
640 5255 738 5326 τῆς
761 5257 864 5327 γῆς
897 5261 1272 5332 παρεπίδημός
1303 5267 1446 5336 εἰμι·
1467 5267 1499 5337 ἡ
1520 5267 1627 5341 γάρ
1647 5268 1758 5324 ἄνω

1934 5269 2022 5324 50.
2057 5271 2122 5327 Et
2157 5275 2210 5328 in
2259 5285 2401 5332 terra
2436 5251 2752 5353 peregrinus
2785 5301 2904 5341 sum
2951 5306 2967 5343 :
3013 5251 3246 5361 suoperna
3283 5297 3424 5351 enim

198 5344 553 5418 Ἰερουσαλὴμ
576 5348 728 5412 πόλις
758 5367 858 5419 μου
887 5351 1026 5406 ἐστί.

1865 5362 2164 5422 Jerusalem
2192 5368 2384 5425 civitas
2412 5389 2527 5428 mea
2551 5386 2653 5435 est.

1133 5513 1439 5578 Addenda
1470 5525 1531 5580 et
1562 5520 1940 5602 corrigenda
1973 5543 2053 5587 ex
2091 5531 2233 5593 cod.
2275 5533 2476 5597 Vatic.

255 5662 332 5761 £12
369 5666 746 5761 ξειέρέξιὲἵεξτ.-.
790 5742 922 5761 μ,
1026 5746 1051 5758 -
1088 5749 1129 5761 .,
1220 5747 1229 5756 .
1325 5748 1347 5761 .
1930 5692 2006 5761 (ι)
2046 5695 2293 5761 Μέλλεις.

785 5742 935 5814 παρὰ
959 5746 1055 5800 τοῦ
1087 5747 1292 5819 Κυρίου
1322 5748 1461 5822 Exta;

422 5826 559 5873 αταγ
670 5828 754 5865 τα.

1953 5693 2006 5761 4)
2046 5695 2293 5761 Μέλλεις.

1927 5693 2007 5836 έὸ)
2046 5765 2258 5840 Ταύτης
2286 5768 2536 5839 ἄκουσον,
2568 5774 2661 5828 καὶ
2688 5775 2920 5849 δεήσεως
2947 5798 3068 5850 μου.
