4060 6432
585 382 692 442 803

660 501 750 556 51.
785 498 1018 554 Remitte
1048 497 1181 552 mihi
1209 505 1267 551 ut
1293 494 1615 569 refrigerer;

657 591 746 645 52.
774 590 1093 658 Priusquam
1123 589 1334 654 abeam,
1366 598 1417 642 et
1447 589 1682 657 amplius
1714 605 1821 644 non
1861 606 1979 645 ero.

723 701 788 757 In
822 703 998 772 linem,
1025 701 1259 769 psalmus
1292 700 1475 753 David.
1514 698 1718 754 PSAL.
1754 700 2025 756 XXXIX.

659 813 1049 883 i.Exspectans
1061 815 1363 880 exspectavi
1381 812 1755 878 Dominum,et
1768 815 1991 869 intendit
2004 815 2156 871 mibi:

653 905 708 960 2.
746 903 810 956 Et
834 903 1108 958 exaudivit
1136 919 1322 973 preces
1356 919 1520 958 meas.

655 996 708 1051 5.
744 995 811 1049 Et
842 995 1029 1049 eduxit
1054 1010 1139 1048 me
1161 996 1228 1047 dc
1262 995 1381 1048 lacu
1408 995 1665 1059 miser-ire,

656 1099 712 1140 δ.
741 1084 810 1138 Ει
842 1084 909 1138 de
944 1084 1055 1136 luto
1087 1081 1233 1138 faecis
1267 1098 1279 1133 :

659 1179 711 1232 5.
744 1177 807 1232 Et
829 1176 1017 1232 statuit
1044 1191 1205 1245 super
1235 1184 1440 1246 petram
1476 1176 1640 1246 pedes
1673 1193 1826 1232 meos
1860 1195 1872 1230 :

659 1271 711 1322 ti.
746 1267 809 1322 Et
839 1267 1038 1322 direxit
1071 1282 1291 1334 gressus
1320 1282 1490 1321 meos.

660 1357 710 1410 7.
745 1357 809 1410 Et
838 1355 1064 1409 inunisit
1097 1355 1151 1408 in
1185 1371 1245 1410 os
1283 1371 1484 1420 meum,
1516 1358 1786 1412 canticum
1822 1373 2022 1412 novum
2056 1375 2069 1409 :

656 1451 710 1505 8.
743 1449 976 1505 Carmen
1008 1448 1118 1502 Deo
1146 1458 1356 1504 nostro.

659 1542 712 1596 9.
755 1540 1030 1596 Videbunt
1080 1538 1233 1592 multi
1267 1548 1319 1594 et
1353 1540 1636 1605 timebunt,
1685 1550 1738 1595 et
1770 1542 2066 1612 sperabunt
2104 1544 2158 1598 in

588 1629 840 1685 Domino.

661 1722 748 1776 i0.
785 1719 985 1775 Beatus
1039 1718 1140 1785 vir,
1187 1718 1343 1789 cujus
1391 1729 1476 1774 est
1523 1735 1720 1775 nomen
1767 1720 1984 1776 Domini
2036 1739 2160 1793 spes

587 1812 742 1882 ejus;

1429 374 1484 430 S.
1527 373 1899 431 ATHANASII
1939 374 2089 431 OPP.
2134 376 2313 434 PARS
2350 377 2436 432 ill.
2477 406 2549 419 —
2585 378 3000 437 EXEGETICA.

3729 385 3838 446 804

2188 510 2238 565 Α
2336 499 2591 561 51.”Ανες
2629 517 2737 569 μοι,
2768 502 2852 553 ἵνα
2878 499 3164 568 ἀναψύξω·

2327 592 2412 644 52.
2453 592 2563 661 Πρὸ
2580 592 2670 643 τοῦ
2695 609 2760 663 με
2779 593 3054 657 ἀπελθεῖν,
3074 592 3167 645 καὶ
3187 589 3387 645 οὐκέτι
3408 593 3467 646 οὐ
3494 593 3568 665 μὴ
3585 594 3836 667 ὑπάρξω.

2348 706 2450 769 Εἰς
2478 705 2541 756 τὸ
2570 703 2764 768 τέλος,
2798 703 3036 772 ψαλμὸς
3063 702 3141 768 τῷ
3173 703 3367 758 Δαϐίδ.
3404 707 3575 759 ΨΑΛ.
3609 707 3742 760 ΛΘ’.

2332 819 2382 871 1.
2400 819 2711 889 ’Υπομένων
2726 819 2988 888 ὑπέμεινα
3000 820 3087 872 τὸν
3103 821 3423 893 Κύριον,καὶ
3441 824 3707 897 προσέσχε
3724 843 3836 898 μοι’

2372 949 2383 960 .
2425 910 2532 962 Καὶ
2561 911 2848 980 εἰσήκουσε
2875 910 2975 979 τῆς
3000 909 3233 980 δεήσεως
3268 929 3391 982 μου.

2370 1038 2384 1051 .
2426 999 2536 1051 Καὶ
2565 1000 2808 1069 ἀνήγαγέ
2841 1016 2906 1069 με
2936 1003 2998 1053 ὲκ
3032 999 3237 1054 λάκκου
3265 1001 3658 1075 ταλαιπωρίας.

2370 1129 2383 1141 .
2425 1089 2533 1141 Καὶ
2562 1088 2668 1142 ἀπὸ
2698 1088 2866 1159 πηλοῦ
2902 1088 3070 1152 ἰλύος·

2375 1222 2387 1235 .
2429 1183 2541 1236 Καὶ
2572 1181 2796 1252 ἔστησεν
2824 1183 2916 1235 ἐπὶ
2945 1183 3152 1254 πέτραν
3175 1184 3300 1248 τοὺς
3331 1185 3498 1249 πόδας
3531 1202 3659 1256 μου’

2371 1320 2383 1331 .
2426 1279 2532 1331 Καὶ
2559 1277 2852 1332 κατεύθυνε
2883 1279 2949 1332 τὰ
2976 1278 3287 1350 διαδήματα
3322 1298 3445 1350 μου.

2368 1403 2385 1420 .
2425 1368 2533 1420 Καὶ
2561 1366 2812 1420 ἐνέϐαλεν
2836 1369 2916 1433 εἱς
2943 1369 3002 1420 τὸ
3029 1371 3203 1441 στόμα
3241 1388 3343 1442 μου
3369 1367 3517 1442 ᾆσμα
3546 1373 3762 1428 καινόν·

2371 1500 2384 1512 .
2403 1459 2607 1530 Ὕμνον
2641 1459 2720 1530 τῷ
2748 1459 2866 1529 Θεῴ
2897 1462 2928 1529 ἡ
2939 1461 3053 1530 μῶν

2329 1552 2382 1606 9.
2404 1551 2659 1620 Ὄψονται
2694 1551 2876 1604 πολλοὶ
2901 1553 2995 1605 καὶ
3022 1554 3441 1625 φοϐηθήσονται,
3488 1555 3581 1609 καὶ
3618 1556 3840 1611 ἐλπιοῦ-

2262 1659 2345 1694 σιν
2378 1643 2470 1693 ἐπὶ
2500 1640 2720 1710 Κύριον.

2332 1733 2419 1785 10.
2451 1731 2731 1802 Μακάριος
2765 1733 2925 1803 ἀνὴρ,
2951 1727 3010 1788 οὗ
3041 1735 3156 1786 ἐστι
3178 1734 3236 1787 τὸ
3254 1734 3422 1806 ὄνομα
3449 1735 3658 1807 Κυρίου
3683 1736 3844 1802 ἐλπὶς

2260 1841 2427 1878 αυτου
2451 1841 2464 1854 ⁶

2332 909 2364 962 2

2331 1001 2363 1053 5

2330 1089 2363 1141 4

2334 1183 2366 1236 5

2331 1275 2362 1330 6

2333 1367 2362 1419 7

2330 1458 2364 1512 8

662 1901 748 1956 ii.
787 1899 850 1955 Et
880 1916 988 1957 non
1021 1903 1261 1972 respexit
1292 1904 1346 1957 in
1384 1904 1648 1960 vanitates
1681 1916 1735 1962 et
1766 1905 2007 1963 insanias
2052 1905 2158 1961 ial—
2190 1936 2232 1990 Β

2333 1917 2418 1971 ii.
2459 1917 2568 1970 Καὶ
2596 1918 2694 1971 οὐκ
2723 1917 3014 1987 ἐπέϐλεψεν
3036 1919 3116 1982 εἰς
3146 1919 3510 1989 ματαιότητας
3534 1921 3625 1973 καὶ
3643 1922 3844 1991 μανίας

589 2008 701 2048 8113.

659 2085 743 2140 12.
781 2085 943 2142 Multa
986 2086 1161 2144 fecisti
1211 2097 1287 2154 tu,
1328 2087 1555 2144 Domine
1589 2089 1733 2146 Deus
1777 2105 1954 2157 meus,
1989 2091 2160 2146 mira-

587 2176 717 2232 bilia
749 2187 835 2231 tua
873 2194 886 2231 :

659 2269 746 2323 i5.
775 2269 842 2323 Et
874 2270 1295 2341 cogitationibus
1341 2272 1450 2326 tuis
1481 2286 1588 2326 non
1619 2279 1704 2326 est
1731 2271 1828 2342 qui
1858 2272 2052 2328 similis
2093 2273 2165 2327 sit

587 2360 688 2415 tibi
721 2379 734 2414 :

621 2467 629 2476 ·
662 2453 746 2507 14.
783 2453 1111 2508 Annuntiavi
1137 2465 1193 2510 et
1229 2456 1444 2510 locutus
1473 2469 1592 2509 sum
1615 2497 1629 2520 ,
1659 2454 1998 2526 multiplicati
2027 2463 2156 2512 sunt

587 2558 748 2615 SlipCl‘
777 2561 1086 2602 numerum.

2258 2009 2491 2079 ψευδεῖς.

2331 2099 2417 2153 12.
2456 2100 2629 2154 Πολλά
2659 2095 2924 2171 ἐποίησας
2956 2099 3043 2165 σὺ,
3062 2099 3233 2173 Κύριε
3270 2104 3297 2154 ὁ
3323 2102 3454 2164 Θεός
3477 2103 3685 2173 μου,τά
3708 2103 3846 2156 θαυ-

2261 2190 2434 2260 μάσιά
2468 2209 2560 2244 σου
2585 2208 2600 2222 ο

2330 2281 2418 2334 15.
2448 2282 2556 2333 Καὶ
2583 2284 2694 2343 τοῖς
2725 2281 3091 2352 διαλογισμοῖς
3117 2298 3208 2334 σου
3249 2284 3348 2336 οὐκ
3377 2285 3490 2338 ἐστι
3523 2287 3607 2350 τίς
3639 2288 3844 2356 ὁμοιω-

2261 2371 2488 2443 θήσεταί
2521 2390 2625 2426 σοι.

2327 2465 2416 2521 ii.
2445 2466 2778 2537 ’Λπήγγειλα
2826 2467 2918 2520 καὶ
2965 2466 3220 2538 ἐλάλησα,
3250 2465 3663 2538 ἐπληθύνθησαν
3693 2469 3841 2540 ὑπὲρ

2261 2556 2514 2627 ἀριθμόν.

1705 2684 2084 2741 ATHANASII
2124 2683 2714 2745 INTERPRETATIO.

657 2820 745 2884 3i,
781 2821 869 2875 52.
899 2820 1066 2875 Parce
1095 2820 1227 2875 mihi
1263 2821 1582 2892 priusquam
1625 2837 1821 2876 rursus
1867 2821 2059 2875 abeam
2098 2820 2154 2874 in

583 2919 804 2977 terram,
834 2929 897 2966 ex
932 2928 1035 2981 qua
1067 2923 1316 2981 sumptus
1346 2930 1488 2968 sum.

2332 2823 2420 2888 51,
2451 2824 2540 2878 52.
2593 2825 2954 2899 Συγχὼρησόν
3004 2847 3096 2901 μοι
3144 2831 3251 2903 πρὸ
3273 2830 3365 2884 τοῦ
3389 2831 3641 2887 ἀπελθεῖν
3674 2835 3845 2890 πάλιν

2263 2917 2342 2979 εἰς
2373 2916 2470 2988 τὴν
2498 2919 2621 2988 γῆν,
2652 2922 2710 2986 εξ
2744 2917 2808 2990 ἧς
2838 2923 3097 2994 ἐλήφθην.

662 3027 727 3080 ‘ll
758 3027 1088 3098 προκειμένη
1115 3029 1392 3098 ἐπιγραφὴ
1423 3028 1662 3100 περιέχει
1691 3028 1767 3100 (1)
1788 3044 1802 3058 ο
1841 3030 1948 3096 Εἰς
1979 3030 2045 3084 τὸ
2077 3028 2253 3095 τέλος
2285 3019 2366 3096 τῷ
2397 3029 2573 3084 Δαϐίδ
2594 3032 2693 3102 (2).
2727 3033 2896 3087 Τοῦτο
2927 3031 3019 3089 οὖν
3039 3035 3186 3104 λέγει
3217 3037 3342 3101 τοὺς
3371 3038 3475 3102 ἕως
3502 3037 3689 3103 τέλους
3711 3041 3840 3094 κολ-

581 3123 774 3179 λᾶσθαι
806 3124 880 3194 τῷ
908 3123 1112 3195 Κυρίῳ,
1149 3125 1241 3177 καὶ
1277 3124 1351 3196 μὴ
1382 3126 1709 3195 ἀρίστασθαι
1739 3127 1929 3200 αὑτήν.

654 3218 866 3272 Titulus
915 3219 1237 3287 praepositus
1286 3221 1523 3274 continet
1555 3238 1568 3274 :
1605 3219 1670 3272 In
1705 3221 1864 3288 ﬁnem
1895 3219 2132 3290 psalmus
2177 3219 2374 3275 David.
2409 3219 2522 3277 Hoc
2546 3222 2709 3294 igitur
2740 3223 3010 3294 signiﬁcat
3036 3227 3177 3293 illos,
3212 3232 3303 3301 qui
3335 3249 3507 3303 usque
3560 3235 3616 3290 in
3667 3236 3837 3293 ﬁnem

582 3313 815 3369 Domino
842 3312 1142 3373 adhaerent,
1174 3320 1228 3365 et
1259 3311 1327 3365 ab
1360 3311 1478 3381 ipso
1509 3326 1615 3364 non
1650 3310 1927 3366 deﬁciunt.

650 3409 701 3464 i.
731 3407 1100 3462 lndesincnter
1131 3421 1456 3476 permanens
1483 3407 1536 3460 in
1566 3406 1811 3461 oratione
1842 3421 1983 3462 mea.

648 3500 700 3554 2.
737 3499 1070 3568 Exspectans
1097 3499 1243 3554 enim
1273 3499 1700 3554 misericordiam
1731 3499 1850 3570 ejus
1886 3501 2002 3572 ipsa
2040 3513 2150 3555 non

581 3591 942 3647 iraudabitur.

650 3685 702 3747 5,
737 3683 789 3736 4.
816 3682 1166 3738 Peccatorum
1204 3697 1470 3737 meorum.

648 3778 701 3831 5.
734 3776 790 3830 In
832 3775 1111 3846 praeceptis
1144 3774 1258 3829 suis
1284 3774 1593 3829 obﬁrmavit
1628 3783 1863 3830 mentem
1897 3791 2094 3830 meam.

649 3953 701 4007 6.
736 3950 790 4005 In
819 3967 981 4006 omne
1010 3966 1146 4022 opus
1177 3951 1378 4005 bonum
1404 3951 1600 4006 direxit
1634 3967 1728 4007 cor
1767 3967 1969 4007 meum.

649 4045 702 4109 7,
735 4044 787 4098 8.
819 4042 886 4096 Et
915 4043 1176 4098 claritate
1224 4059 1322 4098 sua
1366 4043 1577 4111 effecit,
1618 4052 1678 4098 ut
1710 4059 1833 4098 eum
1878 4044 2148 4116 gloriﬁca-

578 4149 692 4189 I'Clll
703 4174 716 4187 .

647 4226 700 4281 9.
734 4225 986 4280 Videntcs
1034 4239 1224 4280 omnes
1269 4224 1513 4289 veniam,
1543 4239 1707 4295 quam
1741 4224 1977 4295 peccatis
2010 4222 2145 4280 meis

576 4314 833 4383 elargitus
862 4322 965 4379 est,
1001 4311 1358 4383 obstupefacti
1405 4315 1630 4369 credent
1676 4315 1732 4369 in
1776 4316 1895 4384 ejus
1924 4316 2144 4371 miseri-

577 4405 841 4458 cordiam.

646 4497 734 4549 i0.
766 4494 897 4549 Nam
947 4510 1172 4566 sperans
1207 4495 1261 4549 in
1291 4512 1439 4562 eum,
1476 4497 1658 4552 omnia
1692 4497 1857 4562 bona,
1891 4514 2012 4568 quae
2042 4515 2141 4570 po-

575 4587 761 4650 stulat,
799 4587 866 4640 ab
893 4602 959 4641 eo
988 4596 1246 4657 reportat,
1295 4603 1468 4658 neque
1502 4589 1763 4657 petitione
1795 4606 1892 4644 sua
1919 4593 2140 4647 excidit.

646 4678 726 4730 ii.
780 4676 834 4729 In
885 4679 1178 4744 malelicia,
1230 4680 1446 4749 inquit,
1482 4691 1577 4734 aut
1624 4681 2007 4750 divinationes,
2048 4695 2142 4739 aut

572 4766 959 4834 astrouomias,
1009 4779 1102 4822 aut
1147 4771 1425 4834 veneﬁcia,
1479 4784 1572 4826 aut
1619 4772 1988 4838 idololatrias,
2047 4786 2142 4830 aut

575 4861 986 4925 incantationes,
1014 4870 1107 4915 aut
1134 4861 1412 4931 ligaturas,
1443 4873 1535 4918 aut
1566 4864 1770 4934 aliquid
1801 4865 2138 4936 hujusmodi.

649 4950 731 5000 i2.
768 4950 1150 5003 luenarrabilia
1185 4961 1312 5006 sunt
1344 4955 1602 5008 benelicia
1634 4966 1747 5010 tua.

643 5038 729 5100 15,
760 5040 841 5091 ii.
887 5038 953 5094 Et
982 5042 1073 5110 qui
1103 5053 1249 5096 tanta
1299 5045 1439 5099 bona
1499 5048 1657 5102 nobis
1693 5051 1990 5119 provideat,
2031 5070 2140 5109 non

574 5136 654 5181 est
692 5129 848 5193 alius,
875 5139 930 5186 et
961 5131 1074 5187 haec
1106 5134 1220 5203 ipsa
1252 5137 1520 5203 enarravi,
1553 5146 1604 5192 et
1637 5138 1772 5206 dixi,
1803 5144 1946 5212 quod
1981 5145 2140 5201 innu-

574 5233 721 5273 mera
754 5230 899 5276 sunt.

2180 3412 2221 3469 C
2326 3411 2378 3466 i.
2401 3411 2786 3479 Ἀδιαλείπτως
2815 3415 3101 3488 ὑπομένων
3132 3418 3209 3487 (5)
3239 3421 3304 3489 τῇ
3338 3421 3612 3492 προσευχῇ
3647 3439 3769 3491 μου.

2323 3501 2376 3556 2.
2417 3503 2492 3556 Οὐ
2539 3504 2614 3575 (1)
2657 3506 2766 3580 γὰρ
2812 3510 3122 3580 περιμένων
3157 3510 3320 3565 αὐτοῦ
3365 3513 3426 3565 τὸ
3463 3513 3633 3584 ἔλεος,
3662 3517 3724 3569 οὐ
3754 3517 3836 3591 μὴ

2254 3598 2483 3669 στερηθῇ
2511 3599 2717 3654 τούτου.

2321 3691 2374 3753 5,
2409 3691 2462 3745 4.
2501 3692 2619 3744 Τῶν
2655 3693 2938 3764 ἁμαρτιῶν
2973 3713 3095 3766 μου.

2321 3780 2372 3834 5.
2409 3781 2500 3844 Εἰς
2538 3781 2636 3845 τὰς
2664 3783 2882 3848 ἐντολὰς
2919 3786 3083 3838 αὑτοῦ
3130 3788 3458 3860 ὲπεστήρισε
3486 3789 3560 3859 (5)
3592 3790 3691 3861 τὴν
3717 3791 3836 3848 διά-

2249 3873 2400 3925 νοιάν
2431 3891 2554 3944 μου.

2318 3961 2349 4013 6
2361 4004 2372 4014 .
2401 3963 2495 4026 Εἰς
2518 3964 2627 4016 πᾶν
2642 3964 2803 4035 ἔργον
2819 3968 3023 4035 ἀγαθὸν
3040 3969 3332 4024 κατεύθυνε
3349 3971 3447 4044 τὴν
3460 3973 3686 4047 καρδίαν
3704 3994 3831 4048 μου.

2318 4053 2370 4118 7,
2405 4055 2456 4109 8.
2489 4057 2597 4109 Καὶ
2622 4057 2710 4110 διὰ
2737 4059 2836 4130 τῆς
2862 4061 3084 4132 χάριτος
3108 4065 3272 4119 αὑτοῦ
3302 4067 3529 4140 ἐποίησέ
3566 4087 3634 4142 με
3669 4072 3836 4137 δοξά-

2247 4143 2359 4209 ζειν
2388 4146 2571 4202 αὐτόν.

2401 4239 2735 4332 Ἐέυρακότες
2762 4246 2963 4312 πάντες
3005 4248 3102 4320 τὴν
3140 4250 3486 4324 συγχώρησιν
3515 4254 3624 4309 τῶν
3653 4258 3834 4332 ἀμαρ-

2245 4331 2393 4395 τιῶν,
2439 4326 2512 4386 ὧν
2557 4336 2865 4407 ὲχαρήσατό
2899 4355 3009 4410 μοι,
3039 4335 3474 4415 ὲκπλησσόμενοι
3511 4350 3832 4405 πιστεύσου-

2247 4441 2329 4476 σιν
2359 4424 2431 4496 (6)
2467 4427 2559 4479 ἐπὶ
2587 4429 2647 4481 τὸ
2673 4429 2820 4494 ἕλεος
2854 4432 3040 4489 αὐτοῦ.

2317 4513 2400 4567 10.
2437 4516 2493 4569 Ὀ
2517 4516 2622 4590 γὰρ
2646 4518 2879 4584 ἐλπίζων
2896 4523 2982 4576 ἐπ’
3004 4525 3163 4578 αὐτὸν
3179 4528 3357 4582 πᾶσαν
3375 4527 3591 4602 αἴτησιν
3607 4533 3833 4602 ἀγαθῶν

2245 4606 2525 4677 κομίζεται
2551 4609 2624 4681 (7)
2650 4614 2780 4684 παρ’
2811 4614 2998 4683 αὐτοῦ,
3017 4618 3116 4669 οὐκ
3141 4619 3206 4672 ἂν
3220 4619 3390 4689 αὐτῆς
3411 4623 3566 4687 ἐκτὸς
3581 4626 3829 4695 γένηται.

2317 4700 2400 4796 ii.
2433 4701 2526 4796 Εἰς
2562 4703 2834 4775 μάστιγας
2864 4707 2938 4780 (8)
2979 4710 3152 4779 λέγει,
3179 4715 3210 4784 ἦ
3262 4718 3544 4784 μαντείας,
3572 4719 3605 4790 ἢ
3635 4721 3834 4796 ἀστρο-

2245 4790 2520 4884 νομίας,ἥ
2567 4799 2937 4868 φαρμακείας,
2973 4802 3003 4873 ἢ
3053 4803 3517 4880 εἰδωλολατρείας,
3559 4811 3593 4884 ἢ
3644 4790 3834 4870 ἐπαοι-

2244 4883 2383 4948 δίας,
2416 4885 2448 4956 ἢ
2479 4888 2606 4958 περὶ
2637 4889 2903 4961 ἆμμασιν,
2934 4896 2966 4965 ἦ
2995 4897 3178 4950 τιτῶν
3205 4901 3480 4956 τοιούτων.

2321 4976 2404 5030 i2.
2426 4977 2830 5052 Ἀνεκδιήγητοί
2857 4987 2992 5038 εἰσιν
3022 4989 3076 5040 αἱ
3107 4989 3415 5062 εὐεργεσίαι
3445 5012 3558 5052 σου.

2318 5067 2769 5163 1-5,11.(Ξ1)Καὶ
2812 5076 2982 5141 οὕτως
3028 5079 3205 5149 ἀγαθά
3261 5082 3650 5157 βουλευόμενος
3698 5094 3830 5163 περὶ

2248 5157 2401 5226 ἡμῶν
2445 5160 2544 5212 οὐκ
2583 5160 2730 5216 ἔστιν
2763 5165 2939 5233 ἄλλος,
2971 5169 3062 5222 καὶ
3091 5171 3231 5223 αὐτὰ
3264 5171 3435 5228 ταῦτα
3459 5157 3829 5251 διηγησάμην,

2247 5247 2342 5298 καὶ
2369 5248 2627 5321 ἐλάλησα.
2660 5253 2743 5306 ὅτι
2774 5255 2914 5328 ὑπὲρ
2937 5259 3170 5332 ἀριθμόν
3194 5264 3318 5316 είσι.

1519 5369 1817 5434 Addenda
1847 5384 1907 5436 et
1937 5379 2310 5460 corrigenda
2377 5404 2452 5447 ex
2488 5389 2627 5452 cod.
2660 5391 2866 5456 Vatic.

645 5455 720 5537 (1)
742 5456 913 5537 κδιᾷ
944 5465 1040 5537 si);
1075 5465 1438 5537 κινναϐάρεως
1474 5486 1596 5537 περ.

642 5527 718 5611 (β)
759 5530 848 5600 Τῷ
874 5527 1034 5612 Δαῢςιδ
1063 5527 1328 5604 ψαλμὸςί.
1358 5580 1370 5592 .
1411 5527 1557 5606 λέγει
1589 5541 1690 5603 ἕως
1720 5542 1811 5594 τοῦ
1844 5546 2048 5612 τέλους.
2079 5593 2090 5604 .
2119 5593 2133 5606 .

573 5594 902 5664 ἀφίστασθαι
933 5594 1117 5660 αὑτοῦ.

748 5670 1038 5792 ςῧῗῖὲμενον
1073 5681 1134 5748 τῇ
1175 5684 1463 5752 προσευχῇ.
1506 5680 1662 5737 Deest
1695 5699 1814 5752 μου.

643 5807 719 5877 (5)
747 5810 1086 5887 Ἐπέστησεν.

2318 5487 2392 5554 (6)
2433 5489 2805 5550 Πιστεύουσιν.

2320 5559 2394 5631 (7)
2437 5560 2838 5630 Κομίζεςθαι...
2866 5567 3097 5631 γίνεται.

2319 5629 2393 5716 (ἐξ)
2412 5629 2626 5716 λξῇιγέξς
2649 5629 2971 5716 ἒχέῑῖειχῇ-εξς
2996 5641 3320 5716 μαντεξας...
3346 5645 3377 5716 ἢ
3403 5647 3699 5713 ἓπαοιδίας,
3719 5664 3825 5707 etc.

2283 5759 2306 5782 η
2324 5701 2393 5767 (9)
2434 5701 2501 5753 Ν.
2534 5703 2614 5782 is.
2649 5706 2758 5782 ιςᾳι
2788 5701 2977 5782 gygen;
2997 5701 3138 5778 'etc.,
3171 5701 3345 5779 ἄλλος.
3368 5701 3440 5771 iv.
3479 5701 3705 5777 nimii.
3724 5701 3830 5779 .5;

2249 5776 2336 5834 τά,
2364 5781 2490 5838 etc.,
2523 5776 2644 5828 εἱσι.
2681 5776 2746 5830 Ν.
2787 5778 2866 5829 i5.
2898 5776 3257 5851 οντα-,κείω
