4060 6450
147 385 266 442 805

233 512 329 565 13.
369 511 569 565 Θυσίαν
596 513 688 565 καὶ
723 514 1034 587 προσφορὰν
1063 515 1161 565 οὐκ
1191 514 1488 584 ἠθέλησαςο

236 607 328 660 16.
371 607 536 676 Σῶμα
557 606 610 658 δὲ
645 609 957 676 κατηρτίσω
989 626 1111 677 μοι·

238 701 330 754 17.
357 699 809 768 Ὀλοκαντὼματα
845 702 934 752 καὶ
961 702 1086 772 περὶ
1114 703 1387 776 ἁμαρτίας
1417 705 1513 758 οὐκ
1543 706 1739 777 ἐζήτη-

153 811 287 857 σας.

237 885 328 939 18.
373 887 506 938 Τότε
536 880 708 947 εἷπον,
749 883 854 933 ἰδοὺ
886 883 1025 952 ἥκω.

237 982 325 1033 19.
355 981 439 1031 Ἑν
464 977 706 1044 κεσαλίδι
732 975 932 1044 βιϐλίου
958 975 1265 1047 γέγραπται
1291 980 1415 1050 περὶ
1442 980 1595 1050 ἐμοῦ,

231 1071 326 1124 20.
370 1069 474 1121 Τοῦ
508 1069 724 1136 ποιῆσαι
747 1065 807 1117 τὸ
834 1066 1045 1136 θέλημὰ
1072 1084 1185 1132 σου,
1209 1072 1236 1122 ὁ
1264 1069 1394 1132 Θεός
1427 1088 1548 1140 μου,
1571 1070 1734 1138 ἡδον-

149 1165 334 1234 λήθην
373 1163 737 1235 [ἐϐουλήθην],

227 1259 322 1310 21.
369 1258 476 1309 Καὶ
512 1257 600 1308 τὸν
630 1257 789 1326 νόμον
815 1274 907 1308 σου
945 1258 999 1309 ἐν
1038 1255 1185 1326 μέσῳ
1217 1256 1317 1326 τῆς
1341 1257 1542 1320 κοιλίας
1575 1275 1694 1327 μον.

227 1349 324 1401 22.
368 1347 820 1418 Εὑηγγελισάμην
848 1349 1192 1420 δικαιοσύνην
1234 1349 1291 1401 ὲν
1331 1349 1593 1419 ἐκκλησία
1640 1367 1735 1418 με-

149 1443 307 1513 γάλῃ
325 1459 338 1471 ·

229 1537 324 1589 25.
364 1535 436 1604 (α)
459 1537 590 1588 Ἰδοὺ
625 1535 691 1588 τὰ
723 1534 873 1605 χείλη
913 1552 1011 1604 μου
1060 1534 1119 1586 οὐ
1159 1533 1231 1606 μὴ
1257 1533 1512 1588 κωλύσω·
1542 1534 1731 1604 Κύριε,

153 1630 224 1682 σὺ
262 1628 456 1696 ἔγνως.

227 1719 320 1772 24.
356 1721 466 1790 Τὴν
495 1720 837 1791 δικαιοσύνην
869 1737 960 1772 σου
986 1719 1086 1772 οὐκ
1119 1719 1329 1789 ἔκρυψα
1362 1721 1417 1771 ὲν
1446 1721 1508 1788 τῇ
1537 1719 1733 1789 καρδία

155 1831 290 1882 μου.

1048 391 1133 443 DE
1168 391 1444 446 TITULIS
1519 393 1961 455 PSALMORUM.
2015 433 2071 442 —
2109 402 2302 458 PSAL.
2345 403 2580 459 XXXIX.

1768 533 1813 590 Α
1910 525 1996 578 13.
2036 523 2370 579 Sacrilicium
2405 536 2458 579 et
2488 523 2815 580 oblationem
2845 525 3068 584 noluisti
3099 545 3112 582 :

1910 617 1996 670 16.
2037 617 2244 686 Corpus
2272 628 2448 671 autem
2473 615 2747 686 perfecisti
2780 618 2935 672 mihi.

1909 709 1997 764 17.
2027 707 2350 763 llolocausta
2375 719 2427 764 et
2456 725 2555 780 pro
2577 721 2799 780 peccato
2831 727 2937 766 non
2979 712 3270 782 postulasti
3302 756 3320 772 .

1906 882 1990 936 18.
2027 881 2178 939 Tunc
2210 883 2343 945 dixi.
2371 901 2496 939 ecce
2524 886 2702 941 venio.

1910 977 1997 1032 19.
2032 977 2086 1030 ln
2121 979 2295 1046 capite
2329 979 2450 1032 libri
2484 980 2744 1048 scriptum
2774 988 2857 1034 cst
2875 980 2941 1034 de
2963 996 3082 1046 me,

1906 1071 1995 1125 20.
2029 1070 2097 1124 Ut
2137 1071 2369 1126 facerem
2423 1074 2756 1128 voluntatem
2805 1086 2984 1138 tuam,
3027 1073 3170 1130 Deus
3213 1091 3386 1144 meus,

1835 1166 2006 1228 volui,

1904 1255 1991 1308 2i.
2029 1254 2089 1307 Et
2112 1255 2277 1323 legem
2311 1265 2454 1308 tuam
2492 1256 2545 1310 in
2583 1258 2759 1312 medio
2782 1259 2985 1315 ventris
3018 1259 3144 1315 mei.

1908 1347 1998 1403 22.
2029 1349 2357 1403 Annuntiavi
2383 1349 2652 1420 justitiam
2683 1353 2734 1405 in
2758 1353 2985 1409 ecclesia
3015 1369 3210 1425 magna
3236 1373 3252 1409 :

1905 1530 1992 1584 25.
2031 1530 2167 1586 Ecce
2195 1532 2336 1586 labia
2363 1547 2482 1587 mea
2516 1548 2623 1586 non
2659 1531 2955 1602 prohibebo
2993 1551 3009 1588 :
3051 1531 3299 1596 Domine.
3332 1544 3389 1588 tu

1835 1633 2009 1675 SClSll.

1901 1714 1990 1767 2t.
2027 1712 2299 1768 Justitiam
2335 1723 2482 1768 tuam
2509 1729 2620 1769 non
2656 1715 2916 1771 abscondi
2948 1717 3003 1772 in
3035 1718 3196 1772 corde
3229 1732 3388 1774 meo:

228 1905 322 1958 23.
363 1907 472 1977 Τὴν
496 1907 749 1978 ἀλήθειάν
779 1924 870 1960 σου
903 1907 997 1959 καὶ
1025 1907 1085 1958 τὸ
1117 1904 1379 1974 σωτήριόν
1409 1920 1503 1956 σου
1535 1897 1663 1957 εἶπα
1683 1920 1696 1932 ·
1768 1895 1809 1950 Β

1904 1906 1994 1961 25.
2033 1906 2326 1962 Veritatem
2359 1914 2503 1962 tuam
2538 1916 2590 1961 et
2619 1908 2856 1964 salutare
2888 1919 3037 1964 tuum
3067 1910 3214 1965 dixi:

228 1998 321 2053 26,
356 2002 468 2052 Οὐκ
507 2001 713 2070 ἔκρυψα
742 2001 800 2053 τὸ
828 2000 970 2062 ἔλεός
1011 2016 1120 2060 σου,

227 2091 319 2144 27.
352 2093 461 2144 Καὶ
494 2093 588 2163 τὴν
623 2091 879 2160 ἀλήθειαν
911 2107 1002 2142 σον
1035 2091 1137 2142 ὑπὸ
1164 2090 1482 2159 συναγωγῆς
1515 2086 1728 2156 πολλῆς.

1902 1994 1990 2048 26.
2023 1994 2138 2050 Non
2173 1996 2432 2049 abscondi
2472 1997 2896 2052 miscricordiam
2929 2008 3074 2052 tuam
3095 2038 3114 2065 ,

1907 2088 1998 2142 27.
2029 2087 2095 2142 Et
2119 2090 2396 2145 veritatem
2427 2099 2574 2146 tuam
2609 2106 2640 2146 a
2667 2092 2899 2147 concilio
2924 2093 3113 2147 multo.

227 2268 320 2336 (α)ι
344 2268 406 2322 ν.
428 2269 689 2340 755.1605,
720 2277 825 2322 etc.
865 2267 961 2339 τὴν
990 2265 1347 2336 δικαιοσύνην.
1381 2263 1444 2319 ν.
1476 2263 1565 2329 24,
1594 2263 1726 2327 Οὐκ,
1766 2275 1892 2320 etc..
1917 2263 2015 2336 τὴν
2044 2263 2298 2336 ἀληθειαν
2328 2282 2442 2318 σου.
2465 2263 2529 2321 γ.
2556 2266 2646 2334 25,
2674 2266 2782 2340 Τὴν
2812 2267 3066 2340 ἀληθειαν
3095 2285 3208 2333 σου,
3231 2267 3323 2324 καὶ

157 2340 243 2405 τό,
283 2348 394 2397 etc.
427 2339 488 2394 V.
518 2340 609 2392 2U.
643 2342 776 2402 Οὐκ,
805 2349 909 2393 etc.

1286 2483 1657 2554 ATIIKSASII
1696 2491 2276 2550 lNTERPRETATIO.

234 2654 322 2708 15.
373 2652 569 2705 Θυσίαν
621 2654 727 2723 γὰρ
773 2653 869 2707 καὶ
923 2655 1233 2725 προσφορὰν
1274 2657 1306 2727 ἢ
1353 2652 1736 2723 ὁλοκαυτώμα-

160 2765 234 2801 τα
274 2747 350 2816 (Ι)
379 2747 507 2817 περὶ
535 2745 640 2797 τῶν
671 2746 952 2816 ἁμαρτιῶν
988 2746 1111 2799 οὒτε
1147 2747 1438 2817 ἠθέλησας,
1468 2745 1588 2799 οὕτε
1618 2744 1737 2816 ἐζή-

159 2853 340 2907 τησας

237 2929 323 2983 16.
378 2928 522 2998 Σὰρξ
564 2928 618 2979 δὲ
663 2928 946 2999 γενόμενος
979 2929 1166 2981 ἑαυτὸν
1216 2929 1356 3000 ὑπὲρ
1407 2929 1562 2999 ἡμῶν
1609 2928 1737 2982 ἔδω-

164 3040 263 3075 κεν
293 3022 389 3092 (2).

237 3114 323 3165 17.
357 3111 517 3164 Ἀλλὰ
563 3111 738 3180 ψυχὰς
779 3110 1077 3184 ἀνθρώπων
1123 3113 1389 3176 ἐζήτησας
1433 3109 1600 3178 ἁγνάς
1651 3126 1729 3162 σοι

162 3203 565 3276 προσέρχεσθαι
589 3203 680 3253 καὶ
706 3203 870 3254 αἰνεῖν
901 3219 978 3255 σε.

237 3293 325 3346 18.
367 3292 618 3361 Εἰρηκὼς
647 3290 803 3342 τοῦτο
839 3291 996 3354 αὐτὸς
1023 3292 1050 3343 ὁ
1086 3291 1280 3357 λαλῶν,
1324 3292 1576 3363 πάρειμι.

238 3385 322 3439 19.
351 3385 406 3436 ’0
439 3383 570 3446 Θεὸς
603 3383 770 3451 Λόγος
797 3383 975 3451 λέγει’
1006 3385 1091 3437 Ἐν
1123 3386 1261 3456 ἀρχῇ
1294 3383 1491 3446 παντὸς
1514 3385 1739 3451 εὐαγγε-

161 3478 277 3530 λίου
314 3477 441 3547 περὶ
467 3477 601 3548 ἐμοῦ
631 3477 956 3544 γέγραπται,
982 3479 1108 3548 περὶ
1140 3470 1200 3529 οὗ
1232 3479 1322 3530 καὶ
1355 3479 1383 3531 ὁ
1427 3477 1738 3545 Ἐὑαγγελι-

163 3568 293 3638 στὴς
311 3567 561 3633 Ἰωάννης
589 3565 795 3633 ἕλεγεψ
816 3566 910 3618 Ἐν
933 3565 1086 3634 ἀρχῇ
1116 3563 1192 3633 ἦν
1217 3569 1247 3618 ὀ
1270 3569 1477 3634 Λόγος,
1511 3567 1601 3618 καὶ
1624 3567 1736 3635 μετ’

163 3661 319 3726 ὀλίγα
349 3641 647 3727 ἐπήγαγεν,
675 3659 770 3710 καὶ
799 3661 831 3711 ό
861 3660 1048 3727 Λόγος
1077 3659 1232 3728 σὰρξ
1256 3658 1509 3729 ἐγένετο.

236 3748 320 3800 20.
359 3749 417 3800 Ὀ
450 3748 611 3811 αὐτὸς
642 3749 767 3811 Υἱὸς
795 3751 929 3819 πρὸς
958 3751 1046 3803 τὸν
1077 3752 1294 3822 Πατέρα
1336 3751 1518 3820 λέγει,
1566 3751 1648 3804 ὅτι
1678 3749 1738 3802 τὸ

167 3841 291 3910 θέλη
303 3839 376 3909 μά.
404 3856 496 3892 σου
527 3839 824 3912 ἐϐουλήθην
851 3843 1091 3911 ποιῆσαι,
1123 3844 1391 3910 ὑπήκοος
1419 3845 1738 3912 γενόμενος

160 3933 334 4003 μέχρι
361 3933 641 4000 θανάτου,
671 3933 926 3987 θανάτου
969 3934 1035 3987 δὲ
1072 3937 1353 4004 σταυροῦ.

235 4025 324 4078 21.
358 4025 512 4076 Κατὰ
542 4027 617 4097 (5)
662 4027 987 4097 πρόσταγμὰ
1032 4045 1123 4080 σου
1171 4029 1354 4082 ἔτεκον
1389 4029 1480 4081 ἐπὶ
1509 4029 1604 4097 τῆς
1633 4028 1738 4098 γῆς

169 4115 286 4185 μετ’
299 4114 510 4184 ὀδύνης,
529 4111 595 4185 ἧς
626 4111 767 4183 εἶχον
793 4117 930 4187 ὑπὲρ
957 4117 1050 4169 τοῦ
1076 4119 1264 4184 γένους
1286 4119 1392 4172 τῶν
1415 4119 1733 4188 ἀνθρώπιον.

235 4207 324 4259 22.
366 4206 462 4258 Διά
493 4208 598 4260 τῶν
631 4209 959 4275 ἀποστόλων,
991 4210 1156 4280 λέγει,
1194 4212 1630 4284 εὐηγγελισάμην
1659 4213 1737 4284 τῷ

168 4299 373 4369 κόσμῳ.

236 4391 326 4447 25.
364 4390 500 4454 Τοὺς
526 4391 850 4455 ἀποστόλους
886 4393 1032 4461 λέγει
1061 4394 1210 4466 χείλη
1238 4393 1380 4468 [σου]
1406 4398 1531 4459 τοὺς
1566 4396 1737 4468 κηρύ-

171 4484 363 4548 ama;
390 4488 452 4538 ἐκ
488 4485 780 4556 προσώπου
806 4487 984 4540 αὐτῶν
1017 4490 1112 4558 (4).

236 4577 322 4630 2-4.
360 4579 497 4640 Τοὺς
533 4581 726 4642 αὐτοὺς
753 4577 827 4649 (5)
861 4581 1019 4632 πάλιν
1077 4581 1224 4650 λέγει
1257 4584 1483 4655 καρδίαν
1511 4583 1723 4638 ἑαυτοῦ.

235 4667 323 4720 23.
363 4668 485 4730 Τοῖς
523 4671 703 4732 αὐτοῖς
736 4671 1071 4733 ἀποστόλοις.

233 4758 318 4810 26.
344 4761 458 4812 Οὐκ
494 4761 889 4832 ἐπεστειλάμην
917 4763 987 4833 (6)
1013 4764 1325 4832 ἀναγγεῖλαι
1361 4764 1440 4835 τῷ
1480 4765 1593 4836 λαῷ
1620 4784 1735 4837 σου,

167 4851 243 4902 ὅτι
267 4851 612 4923 ἐπιστρέφειν
634 4852 805 4918 θέλεις
828 4854 917 4906 τὸν
939 4857 1276 4925 ἁμαρτωλὸν,
1305 4859 1397 4911 καὶ
1422 4858 1600 4928 ζητεῖν
1645 4863 1740 4914 αὑ-

167 4943 274 4996 τόν.

233 5036 318 5088 27.
358 5038 463 5089 Καὶ
489 5038 585 5109 τὴν
614 5038 792 5091 πίστιν
814 5041 870 5092 δὲ
899 5040 996 5111 τὴν
1017 5045 1095 5104 είς
1117 5042 1173 5094 σὲ
1204 5045 1570 5115 ἐφανερωσαν.

238 5226 279 5257 ³³
317 5226 472 5280 Juan.
509 5245 545 5290 ι,
570 5229 620 5289 1,
653 5228 713 5280 Η
783 5229 826 5258 ⁵⁸
864 5227 1094 5300 Philipp.
1129 5234 1199 5298 η’,
1231 5231 1283 5286 8.

1910 2652 1997 2706 15.
2029 2650 2363 2707 Sacriﬁcium
2388 2651 2552 2714 enim,
2579 2658 2632 2704 et
2653 2649 3000 2713 oblationem,
3025 2658 3119 2704 aut
3145 2649 3396 2705 holocau-

1841 2753 1924 2799 sta
1958 2759 2056 2812 pro
2086 2744 2319 2813 peccatis
2342 2758 2516 2813 neque
2546 2743 2782 2808 voluisti,
2810 2759 2909 2799 nec
2937 2744 3250 2814 quaesivisti.

1910 2924 1996 2981 16.
2033 2923 2174 2981 Caro
2200 2934 2377 2980 autem
2412 2924 2588 2980 factus
2621 2924 2856 2995 seipsum
2889 2941 2990 2994 pro
3028 2924 3183 2980 nobis
3225 2923 3391 2979 dedit.

1915 3110 2002 3164 17.
2029 3110 2133 3165 Sed
2166 3110 2378 3165 animas
2401 3110 2680 3166 hominum
2707 3124 2871 3180 puras
2899 3109 2964 3164 ad
2996 3117 3046 3164 te
3067 3108 3319 3164 accedere
3341 3117 3393 3163 et

1838 3209 1891 3256 te
1919 3201 2139 3255 laudare
2166 3201 2484 3269 quzesivisti.

1912 3291 1998 3345 18.
2031 3290 2146 3345 lloc
2180 3292 2290 3360 ipse
2321 3290 2535 3345 locutus
2562 3289 2765 3353 dicens,
2803 3289 3013 3346 adsum.

1910 3381 1998 3436 19.
2054 3379 2194 3434 Deus
2260 3378 2489 3434 Verbum
2550 3380 2709 3447 dicit,
2777 3381 2828 3434 in
2895 3380 3160 3451 principio
3226 3381 3393 3436 totius

1836 3471 2109 3544 Evangelii
2133 3471 2200 3525 de
2229 3487 2314 3526 me
2337 3474 2594 3541 scriptum
2620 3483 2720 3538 est,
2751 3475 2816 3527 de
2841 3489 2948 3543 quo
2986 3483 3039 3528 et
3065 3474 3391 3543 evangelista

1836 3563 2073 3618 Joannes
2105 3565 2240 3618 dixit
2273 3584 2286 3617 :
2319 3562 2383 3616 1η
2428 3566 2683 3633 principio
2724 3578 2835 3619 erat
2879 3565 3133 3630 Verbum,
3175 3579 3228 3622 et
3271 3575 3396 3638 post

1837 3667 2010 3721 pauca
2045 3652 2296 3721 subjecit,
2328 3663 2374 3706 et
2415 3652 2631 3708 Verbum
2664 3670 2785 3706 caro
2812 3655 3010 3722 factum
3031 3666 3108 3708 est
3136 3657 3204 3709 ".

1906 3742 1993 3796 20.
2031 3742 2143 3812 Ipse
2177 3742 2347 3798 Filius
2378 3744 2444 3798 ad
2473 3741 2683 3799 Patrem
2721 3745 2849 3800 dicit
2876 3763 2890 3800 :
2917 3747 3174 3816 quoniam
3204 3745 3396 3801 volun-

1838 3843 2000 3890 tatem
2028 3847 2173 3889 tuam
2219 3836 2359 3889 volui
2396 3835 2605 3900 facere,
2644 3838 2815 3907 factus
2845 3839 3085 3894 obedienc
3125 3855 3286 3908 usque
3327 3837 3396 3893 ad

1840 3940 2082 3993 mortem,
2123 3938 2338 3980 mortem
2369 3940 2542 3980 autem
2569 3930 2741 3982 crucis
2772 3929 2840 3982 “.

1908 4018 1996 4071 2i.
2024 4013 2182 4070 Juxta
2210 4028 2531 4088 prmceptum
2563 4028 2713 4073 tuum
2742 4019 2922 4090 peperi
2974 4019 3028 4074 in
3076 4029 3219 4075 terra
3265 4034 3391 4077 cum

1837 4109 2041 4173 dolore,
2065 4126 2225 4180 quem
2271 4127 2368 4180 pro
2401 4127 2593 4182 genere
2625 4111 2862 4167 humano
2891 4113 3150 4168 sustinui.

1906 4194 1994 4249 22.
2029 4194 2128 4249 Per
2157 4196 2428 4265 apostolos
2450 4236 2464 4260 ,
2491 4195 2694 4266 inquit,
2722 4198 2922 4253 mundo
2949 4199 3286 4254 annuntiavi.

1904 4375 1992 4429 25.
2025 4374 2314 4446 Apustolos
2335 4419 2349 4446 ,
2382 4394 2446 4435 ex
2471 4394 2700 4449 persona
2734 4396 2831 4436 sua
2867 4380 3222 4452 praedicantes
3248 4379 3391 4437 labia

1837 4481 1933 4520 Sua
1963 4479 2139 4523 vocat.

1906 4559 1994 4612 21.
2032 4561 2179 4628 Ipsos
2205 4579 2392 4618 rursus
2422 4578 2514 4618 cor
2545 4579 2701 4618 suum
2732 4574 2904 4621 vocat.

1760 4625 1810 4684 D
1905 4649 1995 4704 25.
2035 4625 2168 4718 Ipsis
2204 4656 2479 4722 apostolis.

1913 4739 1999 4794 26.
2034 4742 2147 4797 Non
2198 4745 2366 4815 refugi
2414 4749 2736 4803 annuntiare
2780 4751 2979 4819 populo
3021 4758 3144 4816 tuo.
3180 4748 3310 4806 velle
3340 4756 3395 4804 to

1843 4844 2180 4904 peccatorem
2203 4848 2518 4893 convertere
2543 4852 2596 4894 et
2617 4840 2790 4910 ipsum
2821 4857 3084 4911 quaerere.

1913 5044 2001 5100 27.
2037 5042 2100 5098 Ει
2127 5043 2285 5098 ﬁdem
2308 5053 2453 5099 tuam
2484 5043 2845 5102 manifestavi.

1109 5446 1413 5508 Addenda
1464 5453 1522 5509 et
1561 5446 1932 5525 corrigenda
1965 5462 2045 5504 ex
2074 5443 2210 5505 cod.
2247 5440 2447 5502 Vatia.

331 5632 789 5709 ξρλοκαύτωμα...
820 5635 925 5688 τῶν
961 5637 1241 5709 ἁμαρτιῶν
1269 5635 1441 5707 ἡμῶν.

261 5704 312 5769 2)
330 5705 594 5767 Ἔδωχας.

242 5775 310 5843 (ὅ)
351 5775 458 5828 Καὶ
489 5777 556 5830 τὰ
585 5775 978 5847 προστάγματα
1005 5794 1117 5833 σου.

1932 5631 1958 5682 4
2021 5631 2213 5684 Αὐτοῦ.

1905 5631 1982 5772 {5})
2022 5702 2158 5763 Τοὺς
2192 5697 2516 5772 ἀποστόλους
2541 5697 2686 5766 λέγει
2715 5696 2895 5772 Ϊπᾲλνίνν
2923 5705 3027 5772 (ἴω-⁸

1907 5767 1983 5841 (θ)
2010 5771 2344 5840 ’Υπεστὰλην
2382 5770 2455 5836 μὴ
2484 5770 2615 5824 ἂν...
2647 5767 2740 5822 καὶ
2767 5769 2865 5840 ζῇν
2890 5769 3074 5823 αὐτόν.
