4060 6428
629 362 734 420 807
1469 359 1523 412 S.
1565 356 1939 413 ATHANASII
1979 356 2126 412 OPP.
2171 356 2352 412 PARS
2393 356 2479 410 lll.
2523 387 2589 397 —
2631 354 3049 410 EXEGETICA.
3775 357 3880 412 808

699 474 787 529 9.8.
825 474 904 528 Tu
937 483 1112 528 autem
1134 513 1148 537 ,
1182 474 1438 539 Domine,
1472 490 1538 530 ne
1571 475 1730 546 longe
1763 475 1934 530 facias
1966 475 2197 530 miser'a-
2228 480 2267 537 Α

2350 473 2458 538 38.
2494 473 2564 524 Σὺ
2607 471 2663 524 δὲ
2693 471 2885 542 Κύριε,
2924 469 3000 542 μὴ
3057 469 3338 543 μακρύνῃς
3389 471 3514 534 τοὺς
3562 469 3880 541 οἰκτιρμούς

635 563 811 617 tiones
841 572 958 615 tuas
995 577 1022 615 a
1057 579 1141 615 me
1170 581 1182 616 :

1116 579 1141 615 e
1170 581 1182 616 :
2311 583 2402 617 σου
2435 567 2526 618 ἀπ’
2551 564 2683 635 ἐμοῦ
2709 581 2719 594 ·

704 653 793 707 29.
829 653 1194 709 Misericordia
1228 664 1319 708 tua
1348 664 1398 708 et
1421 655 1623 710 veritas
1650 670 1739 710 tua
1770 671 1986 727 semper
2015 673 2207 713 susce-

2377 655 2462 706 ‘29.
2487 655 2557 706 Τὸ
2589 655 2734 716 ἔλεός
2768 672 2866 707 σου
2886 655 2980 708 καὶ
3008 656 3041 725 ἡ
3075 652 3299 721 ἀλήθειά
3329 671 3421 707 σου
3437 652 3727 716 διαπαντὸς
3752 652 3881 706 ἀντ-

634 756 829 816 perunt
853 761 936 798 me
972 744 1259 815 [suscipiat
1282 745 1416 812 me].

2314 745 2568 797 ελάϐοντὸ
2598 763 2699 815 μου
2742 745 3086 816 [ἀντελάϐετό
3116 745 3259 817 pou].

707 832 791 885 50.
831 832 1099 898 Quoniam
1132 835 1607 888 circumdederunt
1647 850 1733 890 me
1767 837 1942 903 mala,
1973 852 2208 906 quorum

2378 836 2464 892 50.
2487 838 2605 888 Ὅτι
2639 837 2919 907 περιέσχον
2950 855 3015 907 με
3039 837 3203 899 κακὰ,
3221 831 3294 893 ὧν
3319 839 3418 892 οὐκ
3443 839 3588 892 ἔστιν
3612 839 3845 910 ἀριθμός
3866 855 3880 870 ·

636 939 742 977 non
767 933 850 978 CSI.
885 940 1146 980 numerus
1175 944 1188 991 ;

704 1014 794 1067 51.
828 1014 1371 1084 Comprehenderunt
1396 1030 1482 1071 me
1515 1015 1832 1086 iniquitates
1850 1035 2001 1084 meae,
2025 1030 2078 1075 et
2100 1037 2207 1078 non

2380 1033 2468 1087 51.
2509 1032 2819 1086 Κατέλαϐόν
2855 1049 2921 1102 με
2946 1031 3002 1084 αἱ
3029 1032 3246 1102 ἀνομίαι
3281 1049 3401 1101 μου,
3436 1033 3529 1085 καὶ
3558 1033 3657 1084 οὐκ
3687 1032 3884 1102 ἡδυνη-

641 1106 792 1175 potni
825 1118 884 1160 ut
914 1108 1151 1161 viderent
1186 1125 1201 1162 :

1198 1127 1201 1160 ε
2311 1124 2409 1194 Θην
2436 1123 2529 1175 τοῦ
2558 1123 2772 1192 βλέπειν
2790 1142 2801 1152 ·

709 1196 797 1249 52.
832 1196 1199 1267 Multiplicataz
1240 1207 1366 1253 sunt
1397 1214 1562 1270 super
1593 1199 1818 1270 capillos
1849 1200 2040 1270 capitis
2081 1201 2206 1267 mei,

2380 1215 2466 1267 5:2.
2489 1212 2936 1283 Ἐπληούνθησαν
2971 1213 3111 1284 ὑπὲρ
3160 1214 3259 1277 τὰς
3300 1216 3492 1286 τρίχας
3514 1215 3612 1276 τὶς
3647 1214 3887 1285 κεφαλῆς

2315 1325 2437 1374 μου.

704 1377 792 1430 55.
825 1375 892 1429 Et
918 1392 1011 1432 cor
1043 1394 1220 1432 meum
1248 1379 1535 1449 dereliquit
1559 1396 1663 1435 me.

2380 1400 2464 1452 55.
2499 1399 2606 1450 Καὶ
2632 1401 2662 1469 ἡ
2695 1399 2887 1468 καρδία
2925 1416 3025 1468 μου
3053 1398 3377 1467 ἐγκατέλιπε-Ξ
3405 1416 3490 1469 με.

705 1470 796 1523 54.
835 1470 1204 1539 Complaecat,
1241 1470 1490 1535 Domine,
1527 1485 1762 1528 uteruas
1785 1490 1911 1529 me:

2382 1490 2469 1544 34.
2503 1491 2824 1559 Εὐδόκησον,
2854 1492 3044 1562 Κύριε,
3079 1491 3170 1544 τοῦ
3206 1490 3470 1561 ῥύσασθαί
3503 1508 3599 1561 με·

701 1559 791 1612 35.
835 1560 1089 1627 Domine,
1128 1565 1192 1616 ad
1228 1563 1594 1631 adiuvandum
1626 1581 1712 1618 me
1745 1567 1966 1634 respice.

2380 1582 2466 1635 55.
2501 1581 2692 1651 Κύριε,
2728 1584 2806 1644 είς
2828 1583 2889 1634 τὸ
2923 1559 3185 1652 βοηθῆσαί
3208 1559 3307 1652 -μοι
3340 1559 3591 1652 πρόσίες.

709 1651 800 1705 50.
842 1653 1254 1709 tinnfumlantur
1280 1665 1332 1708 et
1367 1667 1718 1711 revereantur
1749 1659 1910 1712 simul
1941 1659 2034 1728 qui
2061 1674 2210 1728 qua}-

2381 1673 2469 1727 56.
2503 1651 3041 1742 Καταισχυνθείησαν
3067 1651 3509 1745 [αἰσχυνθείήσαν
3532 1675 3550 1746 ]
3574 1677 3666 1728 καὶ
3697 1678 3890 1748 ἐντρα-

640 1753 765 1796 rnnt
789 1746 1025 1797 animam
1058 1761 1235 1798 meam
1258 1785 1273 1809 ,
1303 1756 1361 1800 ut
1383 1746 1631 1801 auferant
1655 1764 1794 1803 eam.
2240 1817 2243 1825 ε

2314 1763 2545 1834 πείησαν
2590 1764 2704 1834 ἅμα
2748 1764 2797 1814 οἱ
2840 1761 3129 1833 ζητοῦντες
3178 1765 3276 1834 τὴν
3317 1764 3492 1836 ψυχήν
3520 1784 3644 1836 μου,
3672 1767 3768 1820 τοῦ
3799 1770 3891 1834 ἐξ·

2311 1857 2437 1926 ἆραι
2467 1855 2654 1925 αὐτήν.

713 1926 802 1980 57.
842 1927 1171 1983 Arertnntur
1194 1939 1490 1985 retrorsum
1517 1940 1570 1986 et
1596 1940 1964 1998 revcrcantur,
1993 1932 2083 2002 qui
2115 1949 2208 1986 vo-

641 2020 755 2072 lunt
788 2020 918 2073 mihi
955 2022 1115 2075 mala.

707 2111 796 2163 58.
828 2111 1023 2164 Ferant
1046 2111 1332 2166 confestim
1367 2111 1746 2168 confusionem
1775 2129 1929 2168 suam
1952 2153 1965 2179 ,
1995 2116 2089 2186 qui
2119 2115 2205 2170 di-

639 2214 774 2256 cunt
810 2204 974 2256 mihi:
1006 2219 1163 2274 euge,
1195 2219 1350 2274 euge.

2377 1949 2463 2000 57.
2483 1949 2989 2021 Ἀποστραφείησαν
3013 1952 3092 2014 είς
3116 1949 3184 2003 τὰ
3212 1950 3404 2014 ὀπίσω,
3436 1953 3531 2005 καὶ
3562 1971 3894 2026 καταισχυν-

2307 2037 2527 2108 θείησαν
2559 2041 2607 2091 οἱ
2645 2040 2886 2102 Θέλοντές
2915 2060 3002 2110 μοι
3033 2041 3198 2094 κακά.

2375 2130 2464 2184 58.
2499 2131 2936 2202 Κομισὰσθωσαν
2968 2134 3304 2204 παραχρῆμα
3338 2133 3598 2204 αἰσχύνην
3624 2131 3895 2196 αὐτῶν,οι

2306 2223 2555 2292 λέγοντές
2589 2242 2696 2294 μοι·
2732 2222 2894 2290 Εὖγε,
2922 2220 3068 2292 εὖγε.

709 2294 796 2347 59.
833 2293 1117 2349 Exsultent
1167 2306 1220 2350 et
1247 2298 1496 2353 laetentur
1535 2314 1698 2369 super
1733 2308 1784 2353 te
1822 2313 2015 2355 onmes
2063 2315 2210 2370 quae»

2381 2314 2468 2368 59.
2489 2293 2962 2384 Ἀγαλλιάσοωσαν
2991 2318 3085 2370 καὶ
3104 2316 3562 2388 εὑφρανθήτωσαν
3583 2315 3678 2368 ἰπὶ
3705 2315 3790 2369 σοὶ
3814 2315 3894 2386 (a)

641 2395 820 2438 rentes
853 2395 923 2450 te,
969 2387 1197 2442 Domine
1219 2430 1234 2455 ,

1809 2479 1820 2481 ξ
2310 2408 2510 2472 πάντες
2536 2411 2583 2462 oi
2619 2407 2905 2478 ζητοῦντές
2937 2427 3016 2473 σε,
3052 2411 3244 2481 Κύριε,

705 2475 792 2527 40.
830 2475 895 2530 Et
922 2478 1104 2534 dicant
1129 2495 1365 2549 semper,
1392 2479 1767 2550 magniﬁcctur
1803 2479 2100 2547 Dominus,

2379 2500 2467 2552 Ml.
2505 2500 2613 2552 Καὶ
2640 2475 2948 2554 είπάτωσαν
2971 2475 3280 2566 διαπαντὸς,
3316 2501 3706 2574 μεγαλυνθήτω
3725 2502 3754 2554 ὁ
3773 2497 3892 2552 Κύ-

2316 2608 2452 2663 Plaga

707 2673 795 2727 41.
829 2673 929 2740 Qui
958 2677 1187 2746 diligunt
1212 2678 1454 2733 salutare
1494 2689 1645 2734 tuum
1673 2679 1850 2752 [tuum
1879 2683 2138 2756 semper].

2381 2683 2470 2737 41.
2491 2685 2564 2765 ⁸Οἱ
2581 2685 2900 2754 ἀγαπῶντες
2918 2687 2978 2740 τὸ
3006 2688 3270 2759 σωτήριόν
3301 2705 3390 2740 σου
3416 2686 3536 2758 [σου
3553 2685 3889 2758 διαπαντός].

705 2765 792 2818 4'3.
832 2766 944 2836 Ego
982 2781 1160 2822 antem
1192 2770 1473 2826 mendicus
1509 2786 1631 2826 sum
1675 2783 1729 2826 ct
1764 2788 1988 2843 pauper,
2027 2773 2210 2830 Domi-

2384 2775 2475 2830 42.
2495 2775 2638 2845 Ἐγὼ
2667 2778 2722 2830 δὲ
2753 2779 2964 2849 πτωχός
3009 2781 3123 2849 εἰμι
3169 2779 3258 2832 καὶ⁵
3289 2779 3475 2848 πένης,
3503 2776 3706 2848 Κύριος
3732 2790 3897 2846 φρῦν-

639 2871 742 2911 nus
769 2858 1034 2914 sollicitus
1060 2861 1163 2914 erit
1189 2862 1316 2915 mei.

938 2869 1034 2914 .tus
1060 2861 1163 2914 erit
1189 2862 1316 2915 mei.
2316 2869 2421 2918 τιεί
2453 2884 2541 2937 με.

707 3013 927 3084 (α)Ἑπ“ι
967 3018 1049 3071 σοί
1082 3018 1232 3073 deest
1274 3019 1325 3071 in
1360 3019 1483 3074 cod.

1749 3179 2134 3240 ATHANASII
2172 3181 2760 3241 INTERPBETATIO.

707 3337 797 3394 28.
830 3338 1031 3395 Deinde
1059 3356 1154 3410 qui
1191 3340 1532 3395 crediderunt
1563 3341 1751 3396 dicunt
1787 3340 2017 3395 Domino
2050 3361 2063 3395 :
2233 3351 2277 3409 c

2385 3343 2474 3398 28.
2512 3344 2708 3396 Λοιπὸν
2739 3343 2787 3394 οἱ
2821 3343 3243 3407 πεπιστευκότες
3264 3343 3479 3412 λέγουσι
3506 3344 3641 3418 πρὸς
3661 3345 3755 3401 τὸν
3778 3346 3897 3403 K6-

2315 3455 2428 3507 ριον
2463 3437 2558 3506 (il-

706 3534 796 3588 29.
825 3533 995 3589 Filius
1021 3543 1146 3588 tuus
1168 3543 1222 3589 et
1246 3543 1468 3590 sanctus
1512 3546 1638 3591 tuus
1684 3535 1921 3607 Spiritus
1954 3555 2206 3612 suscepe-

2381 3530 2468 3582 29.
2505 3529 2560 3580 ’0
2591 3529 2710 3591 Υἱός
2741 3545 2856 3590 σου,
2885 3528 2977 3582 καὶ
3008 3527 3069 3582 τὸ
3105 3527 3332 3599 Πνεῦμα
3375 3545 3468 3582 σου
3503 3529 3566 3583 τὸ
3595 3530 3750 3599 ἅγιον
3775 3533 3903 3586 ἀντ-

639 3640 767 3685 τ1111ι
805 3647 885 3684 lllC
917 3645 1151 3700 semper.

2313 3620 2564 3672 ελάδοντό
2597 3620 2670 3686 (2)
2706 3636 2806 3690 μου
2846 3620 3095 3672 πάντοτε.

711 3723 800 3778 50.
835 3721 1082 3784 Peccata,
1116 3721 1313 3788 inquit.

2380 3711 2469 3764 50.
2508 3713 2569 3762 Αἱ
2597 3712 2858 3781 ἁμαρτίαι
2886 3713 2981 3781 (5),
3013 3711 3180 3778 λέγει.

705 3817 794 3870 51.
839 3814 1140 3866 Doniinatac
1168 3824 1291 3864 sunt
1319 3812 1449 3866 mihi
1475 3811 1790 3883 iniquitates
1815 3829 1949 3869 mea:
1974 3824 2026 3870 et
2048 3815 2213 3872 liche-

2382 3803 2468 3855 51.
2506 3804 2945 3874 Κατεκυρίευσάν
2981 3821 3044 3874 με
3072 3805 3124 3856 al
3154 3804 3374 3874 ἀνομίαι
3401 3821 3524 3875 μου,
3558 3804 3663 3858 καὶ
3681 3805 3901 3877 {"1610-

642 3918 823 3962 tarunt
855 3909 1042 3962 oculos
1081 3891 1262 3961 cordis
1290 3907 1415 3961 mei.

2312 3908 2408 3946 ναν
2437 3894 2556 3955 τοὺς
2584 3893 2893 3964 ὀφθαλμοὺς
2926 3894 3026 3964 τῆς
3062 3896 3288 3965 καρδίας
3320 3913 3443 3966 μου.

707 4001 796 4054 52.
831 3998 936 4052 Pro
979 3999 1518 4061 immensuraliiliter,
1550 4009 1604 4053 et
1635 4000 2104 4070 investigabiliter.

2383 3985 2468 4038 '52.
2493 3985 2638 4038 ’Λντὶ
2676 3987 2748 4056 (4)
2787 3985 2882 4038 τοῦ
2903 4002 2915 4016 ·
2945 3988 3287 4057 ἀμετρήτως,
3315 3988 3410 4040 καὶ
3445 3988 3895 4059 ἀνεξιχνιάστως.

705 4091 794 4145 55.
829 4089 895 4144 Et
921 4090 1136 4143 demum
1165 4088 1342 4144 factus
1367 4105 1487 4144 sum
1530 4099 1788 4159 tanquam
1824 4092 2108 4162 insipiens.

1836 4093 2108 4162 .nsipiens.
2383 4075 2470 4129 55.
2512 4077 2620 4128 Καὶ
2647 4077 2720 4139 ὡς
2754 4077 2913 4140 ἄνους
2942 4077 3210 4148 ἐγενόμην
3237 4077 3439 4134 λοιπόν.

708 4182 797 4236 54.
832 4181 1022 4236 Libera
1058 4197 1142 4236 mc
1174 4183 1347 4252 gratia
1379 4192 1494 4248 tua,
1525 4183 1772 4239 Domine.

2383 4167 2469 4222 54.
2493 4168 2878 4240 Ἐλευθέρωσόν
2909 4188 2974 4240 με
3003 4171 3091 4224 διὰ
3122 4172 3222 4242 τῆς
3252 4173 3350 4242 σῆς
3377 4173 3624 4243 χάριτος,
3657 4174 3853 4246 Κύριε.

713 4275 800 4328 55.
836 4273 915 4328 Ad
957 4289 1042 4327 me
1077 4273 1392 4342 erigendum
1425 4273 1647 4330 festina.

2384 4260 2474 4316 55.
2516 4261 2608 4326 El;
2634 4262 2692 4315 τὸ
2716 4263 3015 4333 ἀναστῆσαί
3049 4264 3124 4333 (5)
3155 4281 3219 4333 με
3243 4263 3494 4319 σπεῦσον.

713 4365 805 4418 56.
847 4364 1150 4418 Contraria:
1179 4373 1495 4434 potestates.

2386 4354 2474 4408 50.
2517 4355 2583 4406 Δί
2619 4355 2856 4408 ἐναντίαι
2893 4356 3166 4425 δυνάμεις.

713 4459 804 4513 57.
840 4457 1100 4512 Similiter
1138 4458 1425 4512 contraria:
1467 4467 1796 4528 potestates,
1842 4469 1891 4514 te
1915 4474 2006 4515 eas
2034 4475 2215 4530 perse-

2385 4445 2474 4502 57.
2502 4447 2730 4517 Ὁμοίως
2768 4449 2821 4500 al
2864 4448 3100 4500 ἐναντίαι
3128 4448 3381 4518 δυνάμεις
3412 4448 3739 4520 διωκόμεναι
3787 4453 3901 4508 ὑπὸ

643 4560 863 4621 quente,
908 4558 1241 4602 avertantur.

2319 4540 2411 4594 σοῦ
2442 4541 2612 4593 ἀποστ
2622 4539 2936 4610 ραφείησαν.

712 4641 802 4695 58.
841 4638 905 4692 Et
926 4639 1018 4708 qui
1049 4639 1238 4690 volunt
1265 4638 1476 4691 ruinam
1505 4653 1704 4703 meam,
1731 4638 1974 4694 videntes
1995 4656 2080 4695 me
2108 4657 2138 4697 a
2164 4652 2216 4697 te
2245 4699 2283 4711 _

2386 4632 2472 4687 58.
2504 4633 2612 4685 Καὶ
2640 4634 2688 4684 οί
2719 4633 2959 4696 Θέλοντες
2991 4635 3086 4704 τὴν
3135 4635 3340 4688 πτῶσιν
3381 4653 3500 4706 μου,
3548 4638 3780 4708 ὁρῶντές
3825 4657 3902 4711 με

644 4733 911 4801 adjuvari,
942 4731 1121 4784 statim
1147 4730 1420 4799 accipiant
1453 4729 1860 4786 confusionem.
2245 4747 2247 4753 ί

2245 4699 2288 4754 D
2318 4724 2677 4796 βοηθούμενον
2703 4725 2806 4778 ὑπὸ
2838 4724 2953 4792 σοῦ,
2987 4699 3186 4790 εὑδέως
3220 4699 3454 4780 λάὁωσιν
3481 4699 3761 4799 αἰσᾷίύνην.

713 4824 798 4877 59.
835 4822 899 4877 Et
933 4823 1103 4877 sancti
1131 4825 1208 4876 tui
1241 4822 1621 4892 gloriﬁcabunt
1666 4833 1717 4876 te
1756 4823 2020 4890 videntes,
2064 4826 2209 4895 quod

2387 4820 2474 4874 59.
2503 4821 2613 4873 Καὶ
2655 4820 2705 4870 οἱ
2752 4817 2895 4888 ἆγιοί
2941 4835 3031 4870 σου
3075 4818 3355 4884 δοξάσουσί
3405 4836 3464 4872 σε
3503 4819 3762 4891 ὁρῶντες,
3808 4823 3897 4877 ὃτι

643 4917 954 4972 convertiin
982 4931 1084 4970 me.

2319 4909 2658 4981 ὲπέστρεψάς
2701 4925 2787 4979 με.

709 5007 796 5060 40.
831 5005 895 5059 Ει
923 5005 1290 5059 indesinenter
1317 5005 1634 5060 exaltabunt
1662 5014 1730 5061 te.

2387 5005 2475 5058 40.
2513 5005 2619 5057 Καὶ
2652 5001 3008 5064 ἀδιαλείπτως
3039 5001 3320 5065 δοξάσουσί
3343 5020 3421 5057 σε.

715 5097 804 5150 Η.
840 5097 1132 5166 Diligentcs
1161 5111 1375 5150 crucem
1408 5107 1581 5150 tuam.

2389 5097 2478 5150 41,
2514 5097 2574 5144 (ὶὶ
2603 5095 2919 5162 ἀγαπῶντες
2950 5094 3040 5145 τὸν
3072 5096 3300 5164 σταυρόν
3331 5111 3441 5148 σου.

713 5189 801 5242 49..
836 5190 944 5258 Ego
973 5199 1151 5242 autem
1178 5188 1418 5256 humilis,
1447 5199 1498 5243 et
1529 5189 1695 5244 miser
1719 5205 1863 5257 sum,
1895 5189 1987 5246 sed
2019 5188 2209 5244 Domi-

2385 5189 2472 5242 42.
2495 5188 2633 5256 Ἐγὼ
2662 5189 2717 5241 δὲ
2749 5187 3000 5249 ταπεινός
3027 5188 3160 5257 είμι,
3190 5187 3305 5240 ἀλλ’
3337 5189 3366 5240 ὁ
3401 5186 3600 5259 Κύριος
3635 5189 3897 5261 πρόνοιάν

647 5297 749 5335 nus
780 5295 960 5334 curam
985 5281 1085 5333 mei
1123 5289 1289 5349 geret.

1123 5289 1289 5349 geret.
2321 5299 2421 5352 μου
2448 5283 2695 5334 ποιεῖται.

1586 5439 1888 5502 Addenda
1924 5448 1982 5502 et
2014 5442 2386 5524 corrigenda
2447 5460 2517 5502 ex
2555 5440 2690 5500 cod.
2732 5441 2932 5500 \‘atic.

717 5615 792 5688 (l)
823 5614 981 5688 θεὸν.
1018 5684 1066 5688 __
1148 5685 1156 5688 Δ
1327 5687 1334 5688 7
1567 5687 1573 5688 γ
2394 5616 2464 5682 (4)
2489 5613 2924 5688 ίΕκληθιὲνοησαν
2956 5614 3061 5685 γὰρ
3091 5618 3281 5688 ἀμετρ.

717 5687 793 5750 (2)
821 5684 1158 5736 ’Λντελάὁιτὸ
1186 5703 1284 5754 μου
1319 5687 1622 5752 διαπαντός.
2392 5689 2466 5753 (5)
2493 5683 2810 5752 Ἀναστῆσαί
2839 5703 2954 5736 μου.

717 5758 791 5819 (5)
815 5755 950 5819 Ἀμα
961 5757 1108 5820 ρτίας
1140 5774 1260 5824 μου.
