4060 6454
233 383 342 441 809
1169 392 1257 446 DE
1291 392 1568 451 TITULIS
1602 394 2058 454 PSALMORUM.
2096 430 2153 441 —-
2198 399 2395 455 PSAL.
2442 402 2554 458 XL.
3387 402 3500 462 810

309 503 397 555 15.
439 505 636 577 Βοηθός
661 528 760 580 μου
793 513 884 565 καὶ
920 513 1301 585 ὗπεράπιστής
1343 535 1444 586 μου
1475 513 1525 570 εἷ
1553 519 1617 571 σὺ
1644 517 1745 589 (a),
1791 521 1818 571 6
1847 523 1894 578 Α

1891 570 1894 577 .
1989 523 2077 575 45.
2107 522 2336 592 Adjutor
2377 541 2530 581 meus
2561 536 2612 582 et
2655 536 2928 597 protector
2962 542 3114 582 meus
3146 542 3204 582 es
3235 535 3316 581 tu.
3352 524 3494 579 Deus

231 591 371 657 Θεὸς
405 597 477 667 (b)
509 617 628 669 μου,
673 604 746 674 μὴ
775 606 1048 676 χρονίσῃς.

935 622 1048 676 σῃς.
1925 630 2098 679 meus,
2127 631 2192 670 ne
2215 619 2534 674 tardaveris.

339 733 444 798 Εἰς
469 735 530 786 τὸ
562 737 756 804 τέλος,
783 733 1127 809 ψαλμὸᾷτῷ
1154 744 1349 798 Δαϐίδ.
1399 749 1571 801 ΨΑΛ.
1605 747 1703 802 Μ’.

2121 751 2187 806 In
2227 756 2383 823 ﬁnem
2427 758 2660 826 psalmus
2709 757 2895 812 David.
2971 758 3175 813 PSAL.
3204 757 3321 813 XL.

317 842 360 894 1.
407 847 687 918 Μακάριος
713 853 740 903 6
779 851 971 903 συνιὼν
991 855 1088 907 ἐπὶ
1113 857 1327 926 πτωχὸν
1359 859 1450 910 καὶ
1478 860 1705 930 πένητα·

1995 873 2044 924 1.
2079 869 2277 926 Beatus
2291 873 2382 942 qui
2405 873 2650 945 intelligit
2667 890 2831 942 super
2846 889 3075 944 egenum
3095 882 3146 926 et
3163 886 3489 942 pauperem:

309 936 364 991 2.
385 939 475 990 Ἐν
499 941 680 1012 ἡμέρα.
703 942 922 1014 ῥύσεται
952 948 1112 1000 αὐτὸν
1140 951 1167 1002 6
1197 951 1421 1022 Κύριος.

1992 965 2044 1017 2.
2085 963 2139 1016 In
2175 965 2263 1017 die
2294 966 2434 1019 mala
2461 966 2714 1020 liberabit
2739 982 2862 1020 eum
2895 965 3177 1019 Dominus.

307 1027 358 1079 5.
405 1029 606 1099 Κύριος
637 1033 958 1102 διαφυλάξαι
988 1039 1171 1104 αὑτὸν,
1203 1042 1296 1094 καὶ
1330 1042 1492 1114 ζήσαι
1519 1048 1700 1110 αὐτὸν,
1721 1051 1815 1102 καὶ

1991 1056 2043 1109 5.
2080 1057 2343 1112 Dominus
2386 1069 2668 1112 conservet
2701 1073 2824 1113 eum
2850 1097 2864 1121 ,
2911 1067 2963 1112 et
3004 1057 3236 1112 viviticet
3262 1072 3408 1120 eum,
3439 1065 3493 1110 et

234 1120 542 1191 μακαρίσαι
572 1124 732 1179 αὐτὸν
757 1128 814 1178 ὲν
837 1131 902 1198 τῇ
932 1132 1026 1199 γῆν

1923 1148 2138 1201 beatum
2173 1147 2338 1202 faciat
2369 1165 2492 1202 eum
2520 1150 2571 1202 in
2604 1160 2744 1203 terra
2775 1168 2789 1203 :

305 1209 358 1311 ἑ.
403 1213 510 1264 Καὶ
535 1215 607 1284 μὴ
632 1217 867 1288 ,παραδῷ
893 1220 1054 1273 αὑτὸν
1079 1224 1156 1285 είς
1182 1227 1366 1296 χεῖρας
1394 1228 1599 1299 ἐχθρῶν
1623 1232 1810 1285 αὑτοῦ.

1994 1239 2046 1291 4.
2081 1239 2142 1293 Ει
2172 1257 2278 1293 non
2310 1243 2487 1296 tradat
2512 1258 2634 1295 eum
2665 1243 2717 1295 in
2750 1258 2942 1298 manus
2967 1242 3316 1304 inimicorum
3345 1243 3485 1311 ejus.

304 1300 358 1354 5.
403 1303 605 1374 Κύριος
629 1305 890 1377 βοηθῆσαι
912 1311 1058 1382 αὐτῷ
1079 1314 1169 1365 ἐπὶ
1197 1316 1383 1387 κλίνης
1416 1317 1606 1390 ὀδύνης
1623 1321 1809 1375 αὑτοῦ.

1992 1328 2043 1382 5.
2083 1330 2342 1386 Dominus
2379 1347 2536 1401 opem
2576 1331 2711 1386 ferat
2744 1333 2816 1387 illi
2850 1347 3014 1403 super
3045 1300 3244 1388 lectum
3285 1300 3489 1386 doloris

1920 1437 2038 1490 CJIIS
2069 1441 2080 1476 :

304 1472 356 1566 θ.
375 1472 543 1545 Ὅλην
577 1475 672 1547 τὴν
702 1479 887 1551 κοίτην
931 1485 1097 1538 αὐτοῦ
1127 1486 1395 1558 ἕστρεψας
1439 1493 1496 1544 ὲν
1529 1497 1595 1564 τῇ
1641 1496 1815 1566 άρρω-

228 1564 358 1634 στίᾳ
385 1566 568 1620 αὐτοῦ.

304 1656 357 1709 7.
405 1658 544 1725 Ἐγὼ
578 1658 726 1715 εἶπα·
755 1663 950 1736 Κύριε,
985 1667 1203 1738 ἐλέησόν
1229 1688 1315 1740 με·

301 1747 357 1801 8.
400 1748 574 1804 Ἰασαι
601 1753 696 1825 τὴν
727 1755 905 1827 ψυχήν
935 1775 1054 1827 μου,
1085 1762 1165 1812 ὄτι
1192 1762 1436 1834 ἦμαρτόν
1471 1783 1572 1819 σοι.

304 1839 355 1892 9.
383 1842 443 1893 Οί
468 1843 648 1914 ἐχθροί
677 1863 776 1915 μου
796 1843 949 1900 εἷπον
979 1852 1124 1903 κακά
1170 1869 1278 1921 μοι’

302 1930 391 1986 10.
438 1933 576 1986 Πότε
624 1936 994 2028 ἀποθανεῖται,
1057 1943 1152 1995 καὶ
1203 1944 1481 1999 ἀπολεῖται
1535 1949 1595 2001 τὸ
1634 1949 1806 2022 ὖνομα

1986 1517 2037 1569 6.
2074 1515 2400 1572 Universum
2429 1525 2657 1573 stratum
2683 1533 2802 1587 ejus
2834 1518 3061 1573 versasti
3089 1517 3141 1572 in
3172 1516 3490 1572 inﬁrmitate

1919 1609 2058 1676 ejus.

1994 1703 2042 1754 7.
2081 1701 2192 1770 Ego
2214 1702 2320 1754 dixi
2357 1721 2370 1756 :
2411 1701 2659 1764 Domine,
2698 1700 2954 1755 miserere
2986 1701 3088 1755 mei
3122 1719 3135 1754 :

1991 1793 2043 1846 8.
2084 1792 2224 1845 Sana
2255 1794 2488 1846 animam
2523 1809 2721 1856 meam,
2753 1793 2880 1862 quia
2916 1794 3129 1861 peccavi
3165 1793 3280 1845 tibi.

1839 1887 1880 1942 Β
1983 1882 2034 1935 9.
2081 1882 2287 1934 Inimici
2317 1883 2422 1934 mei
2457 1881 2712 1935 dixerunt
2743 1883 2884 1936 mala
2913 1881 3052 1935 mihi
3080 1899 3093 1935 :

1985 1971 2069 2024 10.
2107 1972 2338 2038 Quando
2366 1972 2650 2035 morietur,
2676 1981 2727 2026 et
2757 1973 2952 2042 peribit
2985 1987 3182 2027 nomen
3221 1971 3381 2042 ejus?

226 2039 397 2076 αυτου
422 2041 437 2090 ;

305 2115 390 2167 11.
422 2119 531 2171 Καὶ
562 2122 940 2193 εἰσεπορεύετο
967 2125 1059 2178 τοῦ
1089 2127 1238 2191 ίδεῖν,
1270 2130 1445 2202 μάτην
1472 2133 1648 2186 ἐλάλει
1672 2135 1741 2205 (ι’)
1775 2139 1806 2206 ἡ

1988 2132 2074 2184 11.
2107 2130 2168 2184 Et
2208 2130 2610 2202 ingrediebatur
2639 2140 2699 2186 ut
2727 2130 2967 2194 videret,
2998 2145 3132 2184 vana
3162 2130 3484 2200 loquebatur

225 2207 428 2275 καρδία
453 2211 642 2275 αὑτοῦ,

591 2211 642 2275 ὖ,
1916 2243 2009 2279 cor
2040 2225 2156 2293 ejus
2177 2264 2192 2288 ,

301 2298 389 2352 12.
433 2301 746 2372 Συνήγαγεν
779 2306 1007 2378 ἀνομίαν
1030 2311 1208 2382 ἐαυτῷ
1229 2333 1242 2346 ο

1988 2316 2072 2369 12.
2110 2315 2474 2386 Congregavit
2503 2316 2841 2384 iniquitatem
2873 2316 2977 2370 sibi
3008 2357 3021 2369 .

300 2391 389 2445 13.
436 2393 813 2467 Ἐξεπορεύετο
839 2400 961 2464 ἔξω,
992 2403 1083 2455 καὶ
1118 2404 1291 2458 ἐλάλει
1317 2408 1407 2460 ἐπὶ
1435 2409 1494 2460 τὸ
1524 2411 1669 2462 αὐτό.

1991 2410 2073 2463 13.
2108 2407 2495 2479 Egrediebatur
2519 2407 2686 2473 foras,
2711 2418 2765 2462 et
2793 2407 3119 2476 loquebatur
3139 2406 3190 2459 in
3219 2405 3476 2474 idipsum.

304 2486 382 2548 (a)
423 2484 495 2540 EI
523 2491 604 2541 σύ
633 2490 785 2546 deest
813 2494 864 2547 in
895 2498 1012 2550 cod.

302 2555 377 2633 (ὸ)
400 2555 683 2633 “Υ.-ξ⁴,
711 2562 843 2625 Θεός
876 2583 999 2633 μου,
1029 2578 1134 2624 etc.

288 2629 370 2693 (ε)
400 2626 460 2679 V.
490 2627 578 2694 12,
622 2630 684 2681 Ἦ
715 2626 927 2703 καρδία,
955 2626 1083 2702 etc.,
1111 2640 1170 2692 τὸ
1216 2641 1410 2713 ἑαυτῷ.
1445 2642 1506 2696 ν.
1540 2644 1624 2708 15,
1666 2645 1785 2697 Ἐπὶ
1824 2646 1889 2698 αύ

974 2626 1083 2702 ne,
1111 2640 1170 2692 τὺ
1216 2641 1410 2713 ἑαυτῷ.
1445 2642 1506 2696 ν.
1540 2644 1624 2708 15,
1666 2645 1785 2697 Ἐπὶ
1824 2646 1975 2711 αύτὸ,
2008 2655 2134 2709 etc.,
2166 2647 2214 2698 oi
2237 2644 2420 2715 ἐχθροί
2457 2661 2577 2715 μου.

1350 2755 1724 2811 ATHANASII
1765 2755 2358 2813 INTERPRETATIO.

298 2855 384 2946 15.
429 2857 690 2930 Πολεμεῖς
718 2866 829 2927 τοῖς
855 2867 1146 2938 πολεμοῦσί
1188 2889 1277 2942 με,
1327 2874 1421 2926 καὶ
1464 2875 1686 2939 σκέπεις
1732 2875 1807 2946 (1)

1981 2877 2068 2930 45.
2109 2877 2399 2945 lmpugnas
2451 2874 2829 2943 impugnantes
2878 2889 2985 2937 me,
3034 2884 3087 2929 et
3133 2877 3372 2946 protegis
3411 2877 3477 2932 ab

218 2942 335 2996 ἀπὸ
383 2946 490 2999 τῶν
530 2950 917 3023 ἀντικειμένων
955 2975 1064 3026 μοι,
1093 2962 1121 3012 6
1151 2959 1284 3024 Θεός
1321 2962 1398 3032 (‘2)
1436 2981 1560 3033 μου,
1597 2966 1675 3035 μὴ
1713 2942 1806 3018 ea;

1914 2967 2328 3022 adversantibus
2348 2965 2478 3019 mihi
2505 2985 2517 3020 :
2539 2965 2680 3020 Deus
2709 2981 2882 3028 meus,
2916 2982 2982 3020 ne
3003 2967 3347 3038 derelinquas
3371 2985 3473 3022 me.

226 3051 326 3105 σος
361 3055 450 3107 με⁸

307 3133 368 3183 Ἦ
401 3151 734 3205 προκειμενη
770 3140 1046 3210 ἐπιγραφὴ
1078 3143 1320 3212 περιέχει
1353 3144 1427 3213 (5)
1454 3161 1466 3173 ·
1497 3146 1596 3209 Εἰς
1642 3144 1708 3196 τὸ
1742 3145 1936 3206 τέλος,
1969 3143 2208 3210 ψαλμὸς
2237 3141 2317 3206 τῷ
2371 3141 2561 3196 Δαϐίδ.
2593 3141 2762 3196 Τοῦτο
2792 3138 2883 3197 οὖν
2921 3143 3090 3214 λέγει,
3113 3146 3194 3197 ὅτι
3224 3146 3351 3216 περὶ
3383 3146 3479 3215 τῆς

224 3220 524 3291 μελλούσης
552 3226 803 3295 κρίσεως,
837 3229 929 3281 καὶ
951 3224 1026 3284 ὧν
1057 3233 1238 3301 μέλλει
1268 3236 1494 3306 πάσχειν
1523 3238 1609 3290 ἐπ’
1635 3237 1876 3307 ἐσχάτων
1893 3238 1968 3308 (4)
1986 3237 2090 3290 τῶν
2118 3236 2340 3308 ἡμερῶν
2366 3239 2394 3288 6
2431 3237 2734 3306 Ἀγαπητὸς
2760 3237 2852 3289 τοῦ
2884 3239 3117 3310 Πατρδς,
3147 3241 3421 3294 τουτέστιν
3449 3243 3479 3294 6

221 3310 448 3381 Κύριος.
481 3315 651 3368 Τοῦτο
684 3318 790 3389 γάρ
818 3319 1176 3392 ἑρμηνεύεται
1204 3326 1388 3389 Δαϐὶδ,
1423 3323 1603 3393 οὗτος
1641 3329 1965 3397 ἀγαπητός-

293 3401 510 3458 Titulus
555 3409 873 3476 prmpositus
916 3412 1203 3468 continet:
1241 3413 1307 3468 In
1350 3417 1506 3485 ﬁnem
1549 3418 1785 3485 psalmus
1830 3418 2020 3472 David.
2090 3418 2201 3474 Hoc
2255 3418 2417 3490 igitur
2463 3421 2751 3491 signiﬁcat,
2800 3424 2943 3493 quod
2997 3424 3237 3493 psalmus
3296 3426 3476 3482 dictus

220 3509 302 3553 est
338 3500 403 3554 de
439 3500 620 3557 futuro
654 3503 883 3572 judicio,
917 3517 970 3561 et
1015 3509 1083 3564 de
1126 3510 1194 3565 iis
1244 3528 1366 3580 quae
1410 3528 1677 3583 passurus
1709 3524 1793 3569 est
1828 3516 2035 3570 ultimis
2081 3517 2276 3570 diebus
2309 3515 2552 3573 Dilectus
2580 3517 2774 3582 Patris,
2814 3519 2916 3573 hoc
2950 3529 3034 3572 est
3067 3517 3363 3585 Dominus;
3401 3521 3475 3574 ita

219 3593 363 3647 enim
395 3595 783 3664 interpretatur
807 3597 996 3662 David,
1028 3595 1112 3653 hic
1137 3602 1382 3656 dilectus.

290 3690 342 3742 1.
402 3690 692 3758 Μακάριοι
743 3695 795 3745 οἱ
832 3693 1175 3762 ἐλεήμονες,
1214 3695 1306 3748 ὅτι
1351 3699 1518 3752 αὐτοὶ
1551 3698 1802 3766 ἐλεηθή-
1829 3713 1872 3770 α

1866 3714 1872 3768 ;
1978 3701 2028 3754 1.
2065 3699 2219 3753 Beati
2270 3702 2671 3764 misericordes,
2718 3703 2966 3772 quoniam
3023 3705 3122 3773 ipsi
3172 3706 3469 3761 misericor-

215 3797 450 3836 σωται.

1899 3790 2044 3843 dium
2072 3802 2450 3861 consequentur
2468 3792 2536 3846 ⁸¹.

289 3872 344 3925 2.
402 3873 493 3925 Ἐν
541 3875 606 3943 τῇ
652 3873 833 3946 ἡμέρᾳ
887 3874 984 3946 τῆς
1037 3877 1302 3948 κρίσεως,
1350 3879 1518 3947 λέγει,
1576 3879 1795 3950 ῥύσεται

1966 3883 2021 3936 2.
2051 3882 2106 3936 ln
2133 3884 2220 3938 die
2241 3884 2453 3953 judicii,
2489 3885 2689 3954 inquit,
2716 3886 2968 3941 liberabit
2995 3903 3120 3942 eum
3153 3887 3422 3945 Dominus
3451 3915 3462 3945 ;

218 3963 380 4015 αὑτὸν
407 3964 435 4015 6
463 3963 686 4033 Κύριος.
706 3965 1162 4035 Κατακαυχᾶται
1191 3967 1299 4041 γὰρ
1322 3969 1494 4036 ἕλεος
1519 3971 1792 4038 κρίσεως,

1900 3972 2171 4028 Gloriatur
2224 3977 2372 4032 enim
2446 3979 2812 4034 misericordia
2884 3981 3132 4037 adversus
3179 3983 3463 4053 judicium,

219 4055 406 4119 καθὼς
441 4056 516 4126 (5)
545 4057 877 4128 γέγραπται.

1895 4069 2354 4134 quemadmodum
2380 4069 2642 4138 scriptum
2668 4080 2752 4124 est
2779 4073 2844 4126 ".

285 4147 338 4200 5.
371 4147 460 4200 Ἐν
492 4146 569 4215 τῷ
601 4147 844 4215 μέλλοντι
888 4147 1042 4202 αίῶνι
1074 4151 1382 4221 ῥυσάμενος
1408 4152 1570 4206 αὑτὸν
1600 4156 1665 4205 ὲκ
1692 4154 1793 4224 τῆς

1969 4157 2020 4210 5.
2056 4157 2113 4211 In
2141 4158 2326 4213 futuro
2348 4160 2550 4214 saeculo
2575 4158 2816 4215 liberans
2845 4176 2971 4216 eum
3005 4163 3075 4217 ab
3107 4171 3313 4219 aeterno
3338 4180 3465 4234 sup-

215 4236 434 4290 αἰωνίου
463 4235 754 4299 κολάσεως.

472 4235 754 4299 κολάσεως.
1895 4248 2075 4317 plicio.

267 4329 493 4391 4,5.Kai
507 4329 593 4399 μὴ
611 4328 855 4400 παραδῷ
869 4331 1055 4386 αὐτὸν
1063 4334 1182 4395 ταῖς
1198 4333 1492 4405 ἁμαρτίαις
1510 4333 1673 4386 αὐτοῦ
1694 4333 1789 4404 (6).

1548 4333 1673 4386 ὐτοῦ
1694 4333 1789 4404 (6).
1964 4341 2030 4406 4,
2067 4341 2118 4396 5.
2151 4340 2222 4394 Et
2256 4359 2358 4396 non
2392 4342 2572 4397 tradat
2606 4361 2721 4397 eum
2747 4346 2984 4415 peccatis
3013 4347 3147 4402 suis.

279 4423 332 4475 6.
367 4423 559 4484 Πάσας
584 4422 682 4485 τὰς
711 4423 987 4492 ἁμαρτίας
1013 4424 1177 4477 αὐτοῦ
1203 4425 1530 4497 ἀπέρριψας.

1388 4425 1530 4494 ιψας.
1967 4432 2018 4486 6.
2058 4431 2252 4487 Omnia
2290 4444 2510 4503 peccata
2539 4435 2657 4504 ejus
2691 4437 2986 4506 projecisti.

279 4515 335 4578 7,
367 4513 421 4567 8.
450 4514 633 4567 Ταῦτα
659 4513 738 4583 τῷ
759 4515 946 4586 Κυρίῳ
972 4515 1117 4582 λέγει
1141 4518 1169 4568 ὁ
1196 4516 1550 4589 ἡμαρτηκὼς.

1397 4516 1550 4589 quin.
1965 4523 1997 4576 7
2018 4565 2032 4590 ,
2069 4523 2120 4577 8.
2159 4523 2283 4580 Haec
2308 4525 2539 4580 Domino
2564 4526 2696 4581 dicit
2727 4537 3000 4596 peccator.

278 4607 331 4660 9.
368 4605 501 4659 Εἶτα
536 4608 856 4678 μετέρχεται
878 4611 956 4671 είς
975 4608 1102 4673 τοὺς
1143 4609 1449 4673 Ἰουδαίους.

1335 4627 1449 4673 ους.
1960 4613 2014 4668 9.
2046 4614 2251 4670 Deinde
2280 4617 2572 4685 pertransit
2598 4619 2664 4672 ad
2698 4619 2935 4674 Judaeos.

276 4699 363 4752 10.
401 4696 585 4749 Ταῦτα
618 4696 801 4764 ἔλεγον
825 4699 904 4760 είς
935 4700 1157 4762 ἑαυτοὺς
1187 4700 1235 4751 οί
1280 4699 1519 4751 Ἰουδαῖοι
1546 4697 1622 4769 (⁸7)
1654 4717 1789 4769 συμ-

1964 4707 2050 4762 10.
2087 4706 2211 4764 Haec
2239 4709 2492 4763 dicebant
2515 4710 2657 4765 intra
2684 4727 2741 4766 se
2768 4713 2870 4780 ipsi
2898 4710 3068 4767 Judaei
3095 4712 3455 4768 deliberantes

205 4791 583 4860 ϐουλευόμενοι
611 4791 816 4844 ἀνελεῖν
836 4790 1016 4846 αὐτόν.

762 4793 816 4843 ητν
836 4790 1016 4846 αὐτόν.
1890 4813 2014 4851 eum
2044 4800 2365 4855 interﬁcere.

276 4883 364 4935 11.
401 4883 536 4954 Περὶ
586 4883 681 4937 τοῦ
728 4882 894 4937 Ἰούδα
950 4883 1117 4953 λέγει,
1145 4885 1226 4937 ὅτι
1257 4883 1444 4948 δολίως
1505 4883 1682 4939 ἐλάλει
1711 4885 1787 4956 τῷ

1962 4890 2048 4947 11.
2081 4890 2157 4946 De
2207 4889 2346 4947 Juda
2399 4893 2660 4963 loquitur,
2711 4896 2857 4965 quod
2900 4895 3088 4952 dolose
3134 4896 3454 4967 loquebatur

206 4975 416 5043 Κυρίῳ.

1888 4982 2118 5038 Domino
2145 5003 2157 5038 :

271 5061 359 5114 12.
393 5062 696 5132 Προσέθετο
717 5065 1048 5135 παραδοῦναι
1075 5065 1165 5119 τὸν
1188 5066 1393 5136 Κύριον
1815 5074 1858 5129 D

1815 5074 1858 5129 D
1959 5076 2044 5130 12.
2079 5076 2274 5132 Secum
2304 5079 2491 5134 statuit
2514 5081 2728 5137 tradere
2765 5080 3073 5138 Dominum.

271 5155 359 5208 13.
411 5155 668 5219 Ἐξελθὼν
700 5157 809 5227 γάρ
849 5158 1152 5211 συνετίθετο
1178 5162 1289 5221 τοῖς
1331 5159 1631 5226 Ἰουδαίοις,
1663 5160 1780 5223 πῶς

1961 5167 2046 5221 15.
2085 5167 2381 5238 Egrediens
2422 5174 2566 5226 enim
2612 5173 2862 5228 convenit
2899 5189 3023 5229 cum
3051 5171 3286 5240 ludatis,
3317 5189 3454 5244 quo-

201 5245 359 5298 αύτδν
389 5247 615 5318 παραδῴ
637 5250 834 5311 αὐτοῖς.

1887 5258 2050 5312 modo
2083 5275 2207 5314 eum
2237 5260 2371 5330 ipsis
2400 5261 2654 5316 traderet.

265 5361 312 5391 ⁶¹
351 5358 541 5414 Matth.
570 5378 623 5428 v,
651 5363 702 5427 6,
732 5362 781 5417 7.
845 5364 888 5394 ⁶²
914 5362 1030 5421 Jac.
1065 5379 1124 5431 ll,
1153 5365 1238 5418 15.

1150 5476 1459 5538 Addenda
1489 5483 1550 5537 et
1582 5475 1955 5556 corrigenda
1988 5496 2066 5539 ex
2097 5480 2238 5543 cod.
2277 5484 2478 5548 Vatic.

262 5569 343 5641 (1)
386 5574 510 5637 Μοι,
539 5576 632 5626 καὶ
667 5575 885 5639 σκέπεις
922 5595 1013 5646 με.
1945 5580 2022 5718 (5)
2061 5581 2237 5635 Καθά.

263 5643 657 5718 graia“,
689 5645 838 5709 Θεός,
873 5658 981 5700 etc.
1944 5654 1999 5717 (6
2059 5652 2125 5705 Ν.
2163 5653 2237 5714 5,‘

367 5643 580 5739 ἕλκεά,
689 5645 838 5709 Θεός,
862 5643 981 5739 £etc.

2163 5653 2214 5736 5,
2236 5655 2320 5708 Ἐν
2350 5659 2414 5728 τῇ
2447 5659 2694 5730 ἀσθενείᾳ
2724 5661 2817 5724 τῆς
2845 5660 3023 5739 ὡυχῆς
3053 5660 3238 5715 αὐτοῦ.

284 5713 340 5791 ξ)
460 5715 545 5791 διά
577 5716 673 5785 τῆς
707 5717 1071 5788 κινναεάρεως
1097 5735 1218 5788 περ.
2050 5722 2225 5776 Αύτοί.

297 5785 342 5853 1)
373 5785 426 5835 Ἐ
435 5786 648 5855 σκάτου.

435 5876 706 5937 Parnm.
774 5878 892 5937 Gn.
952 5878 1213 5939 XXV”.
3129 5885 3203 5946 26
