4060 6432
582 360 673 416 8H
1442 357 1499 411 S.
1544 352 1919 410 ATIIANASII
1960 350 2110 407 OPP.
2153 347 2335 403 PARS
2377 346 2466 399 Ill.
2507 372 2577 383 -
2610 343 3028 399 EXEGETICA.
3744 350 3848 409 διε

652 483 738 535 14.
775 482 1074 537 Adversum
1095 497 1181 535 me
1202 481 1563 534 susurrabant
1586 494 1779 533 omnes
1797 475 2003 531 inimici
2024 474 2149 540 mei,
2181 479 2229 533 Α

2181 479 2229 533 Α
2333 469 2415 522 11.
2442 471 2572 521 Κατ’
2601 465 2731 537 ἐμοῦ
2759 464 3071 536 ὲψιθύριζον
3114 462 3312 524 πάντες
3347 462 3396 513 οἱ
3429 459 3612 531 ἐλθροί
3646 475 3769 530 μου,

647 576 731 631 15.
769 576 1068 630 Adversum
1096 590 1180 629 me
1207 574 1518 645 cogitabant
1542 573 1683 625 mala
1713 568 1871 625 mihi.

2330 562 2414 616 15.
2454 563 2591 613 Κατ’
2626 559 2757 630 ἐμοῦ
2794 558 3096 625 ἐλογίζοντο
3127 554 3271 608 κακά
3307 571 3416 624 μοι.

651 671 736 724 16.
778 667 1012 723 Verbum
1038 643 2008 738 iniquumrconstitueruntadversum
2032 677 2117 715 me
2138 680 2150 715 :

2138 680 2150 715 ε
2330 651 2414 704 16.
2457 651 2627 717 Λόγον
2661 649 2976 719 παράνομον
3005 645 3294 699 κατέθεντο
3326 643 3445 697 κατ’
3474 643 3629 713 ἐμοῦ·

652 762 738 814 17.
770 758 1022 829 Nunquid
1049 734 1147 829 qui
1165 758 1368 812 dormit
1392 772 1500 811 non
1529 754 1748 825 adjiciet
1769 764 1829 808 ut
1863 752 2157 821 resurgat?

2329 744 2416 796 17.
2452 742 2544 811 Μὴ
2561 743 2587 793 6
2612 738 2949 811 κοιμώμενος
2964 737 3082 807 οὐχὶ
3098 736 3393 807 προσθήσει
3411 734 3503 786 τοῦ
3523 734 3838 801 ἀναστῆναις

648 853 733 906 18.
772 824 981 905 Etenim
1009 824 1175 903 homo
1203 847 1353 918 pacis
1379 862 1530 910 mete,
1575 824 1628 899 in
1664 860 1773 915 quo
1807 844 2046 914 speravi,

2336 837 2416 888 18.
2437 834 2544 886 Καὶ
2576 832 2683 904 γὰρ
2715 833 2741 883 6
2770 830 3056 901 ἄνθρωπος
3092 830 3193 899 τῆς
3226 829 3448 899 εἰρήνης
3498 843 3621 896 μου,
3677 825 3761 891 ἐφ’
3786 824 3841 877 ὃν

2258 928 2479 999 ἤλπισα,

653 1035 738 1088 19.
774 1032 875 1099 Qui
911 1031 1107 1087 edebat
1151 1044 1318 1098 panes
1361 1043 1534 1094 meos,
1582 1026 1948 1097 magniticavit
1991 1039 2155 1093 super

2330 1020 2413 1073 19.
2461 1020 2517 1069 Ὀ
2559 1016 2751 1070 ἐσθίων
2804 1014 3002 1085 ἄρτους
3057 1032 3180 1084 μου,
3242 1012 3575 1083 ἐμεγάλυνεν
3624 1011 3711 1062 ἐπ’
3744 1008 3840 1079 ἐμὲ

582 1143 666 1181 me
698 1122 1208 1195 supplantationem.

1000 1122 1184 1176 .ionem
1195 1161 1208 1174 .
2257 1108 2603 1180 πτερνισμόν.

648 1216 739 1271 20.
775 1214 854 1268 Tu
887 1222 1068 1268 autem
1090 1254 1103 1277 ,
1136 1210 1398 1274 Domine,
1442 1209 1702 1263 miserere
1736 1206 1881 1273 mei,
1912 1214 1965 1261 et
1995 1221 2149 1260 resu-

2325 1204 2413 1256 20.
2448 1203 2520 1254 Σὺ
2550 1201 2626 1262 δὲ,
2661 1198 2855 1270 Κύριε,
2888 1196 3107 1267 ἐλέησόν
3158 1214 3246 1267 με,
3272 1196 3365 1249 καὶ
3396 1196 3701 1267 ἀνάστησόν
3753 1211 3840 1264 με,

580 1312 715 1365 scita
738 1324 844 1375 me,
871 1318 925 1361 et
954 1306 1250 1361 retribuam
1276 1305 1375 1359 eis.

2256 1294 2348 1348 καὶ
2381 1291 2749 1347 ἀνταποδώσω
2786 1291 2988 1352 αὐτοῖς.

647 1402 738 1455 2t.
768 1398 825 1453 In
861 1400 965 1453 hoc
994 1396 1248 1466 cognovi,
1279 1394 1539 1464 quoniam
1568 1390 1789 1446 voluisti
1823 1405 1937 1453 me;

1923 1406 1937 1453 ;
2322 1385 2413 1441 21.
2459 1386 2544 1436 ’Ev
2571 1383 2742 1454 τούτῳ
2770 1383 2961 1451 ἔγνων,
2991 1382 3072 1433 ὅτι
3102 1381 3401 1450 τεθέ).ηκάς
3429 1398 3517 1450 με·

632 1492 1001 1559 22.ρυοηίιιω
1021 1505 1125 1543 non
1142 1487 1395 1560 gaudebit
1411 1484 1668 1539 inimicus
1687 1498 1842 1537 meus
1859 1494 2025 1549 super
2041 1494 2149 1534 me.

2135 1520 2149 1534 .
2323 1477 2412 1531 22.
2445 1478 2566 1529 Ὅτι
2593 1477 2651 1528 οὐ
2703 1476 2778 1545 μὴ
2807 1476 3039 1544 ὲπιχαρῇ
3069 1473 3097 1524 6
3127 1472 3320 1543 ἐχθρός
3354 1489 3454 1541 μου
3492 1471 3579 1523 ἐπ’
3614 1470 3735 1523 ἐμέ.

645 1588 733 1641 23.
768 1583 851 1638 Mc
878 1592 1058 1637 autem
1086 1590 1304 1651 propter
1333 1578 1702 1633 innocentiam
1736 1575 2058 1644 suscepisti;

1989 1576 2058 1639 ti;
2321 1569 2411 1622 25.
2460 1568 2623 1639 Ἐμοῦ
2654 1567 2710 1620 δὲ
2743 1567 2829 1619 διὰ
2863 1568 2961 1636 τὴν
2996 1566 3230 1620 ἀκακὶαν
3269 1563 3586 1617 ἀντελάόου·

644 1678 733 1732 ‘31.
754 1676 819 1730 Et
834 1675 1172 1731 conﬁrmasti
1190 1688 1276 1727 me
1291 1673 1345 1726 in
1365 1682 1657 1739 conspectu
1678 1680 1771 1725 tuo
1790 1672 1844 1725 in
1857 1680 2147 1725 aeternum.

2322 1660 2411 1715 21-.
2449 1660 2559 1713 Καὶ
2588 1658 2923 1721 ὲ6ε6αίωσάς
2958 1675 3024 1728 με
3046 1656 3274 1710 ἐνώπιόν
3312 1673 3402 1708 σου
3427 1658 3504 1718 εἰς
3534 1655 3626 1709 τὸν
3650 1655 3842 1709 αἰῶνα.

646 1770 734 1824 25.
771 1767 1093 1823 Benedictus
1126 1763 1392 1817 Dominus
1433 1760 1575 1818 Deus
1606 1760 1808 1828 Israel,

2321 1752 2412 1805 25.
2443 1750 2747 1821 Εὐλογητὸς
2770 1750 2973 1821 Κύριος
3008 1752 3035 1801 6
3066 1749 3197 1811 Θεὸς
3246 1748 3484 1819 Ἰσραήλ.

641 1862 731 1916 26.
770 1862 812 1914 Α
839 1858 1041 1915 saeculo
1059 1864 1113 1911 et
1139 1857 1190 1909 in
1220 1853 1501 1921 saeculum,
1533 1853 1645 1921 tiat,
1679 1854 1791 1908 ﬂat.
2181 1852 2223 1907 B

2320 1840 2411 1893 9-6.
2447 1839 2580 1892 Ἀπὸ
2619 1838 2715 1891 τοῦ
2758 1836 2951 1901 αἰῶνος
2986 1838 3079 1891 καὶ
3110 1839 3188 1900 είς
3238 1837 3328 1890 τὸν
3387 1836 3577 1901 αἰῶνα,
3608 1836 3842 1905 γένοιτο,

2254 1932 2481 2001 γένοιτο.
3262 1998 3267 2001 δ

815 2016 880 2072 1η
910 2016 1065 2087 ﬁnem
1091 2055 1105 2079 ,
1140 2016 1191 2068 in
1220 2013 1543 2067 intellectum
1575 2012 1703 2079 filiis
1730 2010 1884 2066 Core.
2318 2025 2418 2090 Εις

2318 2025 2420 2090 Εἰς
2458 2024 2522 2077 τὸ
2579 2025 2788 2090 τέλος,
2833 2025 2920 2088 εἱς
2957 2024 3213 2077 σύνεσιν
3256 2021 3377 2088 τοῖς
3415 2022 3569 2087 υἱοῖς
3597 2022 3766 2090 Κορὲ.

1177 2105 1377 2160 PSAL.
1414 2102 1566 2158 XLI.

2854 2118 3028 2171 ΨΑΛ.
3068 2119 3206 2171 MA'.

647 2208 695 2263 1.
751 2202 1219 2273 Quemadmodum
1270 2199 1539 2253 desiderat
1592 2212 1785 2253 cervus
1843 2197 1909 2251 ad
1971 2195 2147 2250 fontes

2334 2208 2384 2262 1.
2425 2209 2521 2260 Ὃν
2547 2208 2746 2278 τρόπον
2775 2208 3085 2279 ὲπιποθεῖή
3135 2208 3329 2277 ἔλαφος
3390 2208 3482 2261 ἐπὶ
3514 2207 3613 2270 τὰς
3663 2208 3843 2278 πηγὰς

576 2314 838 2374 aquarum
858 2320 873 2367 ;

2261 2296 2370 2348 τῶν
2405 2296 2629 2349 ὑδάτων·

1699 2421 2078 2478 ATHANASII
2122 2426 2710 2488 INTERPRETATIO.

648 2552 732 2607 11.
763 2548 827 2603 Ει
848 2548 951 2618 ipsi
973 2544 1146 2601 Judaei
1178 2540 1467 2597 consilium
1503 2540 1779 2595 iniverunt
1812 2554 1936 2595 cum
1964 2539 2101 2597 Juda
2128 2583 2145 2608 ,
2323 2549 2403 2602 14.
2438 2550 2546 2602 Καὶ
2576 2551 2731 2604 αὐτοὶ
2790 2550 2839 2603 οἱ
2888 2549 3133 2603 Ἰουδαῖοι
3192 2546 3643 2602 συνεϐουλεύοντο
3698 2548 3840 2621 μετὰ

2248 2640 2338 2694 τοῦ
2385 2642 2576 2709 Ἰούδα,

646 2726 732 2781 15.
771 2721 841 2779 Ut
863 2737 989 2776 eum
1016 2716 1561 2788 comprehenderent,

1532 2726 1561 2781 ί»
2316 2734 2404 2787 15.
2430 2735 2548 2787 Ἵνα
2578 2735 2925 2803 κρατήσωσιν
2953 2733 3135 2796 αὐτὸν,

647 2817 733 2871 16.
772 2813 841 2869 Ut
873 2815 1053 2884 ipsum
1090 2809 1474 2865 Ῐηιεΐίίοθΐθηῑ·
2319 2822 2407 2875 16.
2440 2823 2557 2875 Ἵνα
2586 2822 2983 2875 ἀποκτείνωσιν
3010 2822 3192 2874 αὐτόν.

647 2909 732 2964 17.
764 2908 988 2962 Mortem
1031 2903 1243 2959 Domini
1290 2902 1592 2972 signiﬁcat,
1633 2912 1687 2955 et
1723 2900 1872 2970 quod
1900 2900 2140 2970 seipsum

2323 2912 2410 2964 17.
2443 2911 2546 2965 Τὸν
2577 2910 2808 2965 θάνατον
2830 2910 2925 2963 τοῦ
2954 2911 3161 2982 Κυρίου
3200 2910 3370 2979 λέγει,
3423 2911 3516 2963 καὶ
3547 2912 3630 2964 ὅτι
3649 2913 3840 2968 ἑαυτὸν

575 2999 937 3056 resuscitavit.

2177 3060 2215 3074 Α
2248 3003 2565 3074 ἀνέστησεν.

646 3090 733 3145 18.
768 3087 865 3142 Hic
882 3087 1027 3142 enim
1051 3091 1136 3139 est
1162 3098 1264 3154 pax
1292 3091 1478 3137 nostra
1505 3082 1726 3137 dicens:
1754 3080 1951 3137 Pacem
1975 3097 2143 3135 meam
2173 3060 2216 3118 θ

2320 3092 2404 3147 18.
2437 3060 2603 3156 δῦτος
2649 3092 2723 3163 (1)
2771 3093 2879 3163 γάρ
2912 3094 3060 3147 ἐστιν
3103 3094 3137 3163 ή
3164 3094 3352 3165 εἰρήνη
3386 3092 3562 3165 ήμῶν,
3593 3095 3621 3146 6
3648 3094 3838 3146 εἰπών·

574 3186 641 3238 do
668 3183 808 3237 vobis
839 3180 885 3211 ⁸⁸
2244 3184 2506 3253 Εὶρήνην
2537 3183 2654 3253 τὴν
2680 3184 2838 3252 ἐμὴν
2867 3184 3075 3253 δίδωμι
3108 3185 3270 3253 ὑμῖν.

645 3274 732 3330 19·
765 3272 839 3328 De
860 3271 996 3326 Iuda
1023 3268 1284 3339 Ῑοίίυίίιπν
1312 3276 1365 3321 εί
1390 3266 1510 3336 eius
1533 3265 1862 3335 Ρτοάίῑίοηθ·
2322 3275 2410 3328 19.
2434 3276 2570 3345 Περὶ
2595 3274 2690 3327 τοῦ
2708 3275 2877 3327 Ἰούδα
2892 3275 3060 3343 λέγει,
3090 3276 3185 3328 καὶ
3216 3276 3314 3345 τῆς
3334 3275 3625 3345 προδοσίας
3650 3279 3841 3332 αὐτοῦ.

642 3366 733 3421 20.
764 3366 992 3420 Demum
1020 3360 1255 3432 pepulus
1294 3374 1324 3413 a
1358 3358 1590 3412 Domino
1633 3358 1897 3411 liberatus
1925 3356 2055 3411 dicit
2078 3357 2146 3411 ad

2315 3368 2405 3422 20.
2434 3367 2637 3421 Λοιπὸν
2661 3370 2690 3421 6
2724 3369 2940 3438 ρυσθεὶς
2977 3368 3068 3421 διὰ
3124 3370 3219 3421 τοῦ
3274 3370 3480 3440 Κυρίου
3516 3371 3644 3433 λαὸς
3694 3373 3839 3443 λέγει

573 3474 696 3514 eum
739 3475 753 3511 :
792 3456 897 3518 Tu,
930 3453 1175 3515 Domine,
1205 3453 1294 3521 qui
1331 3453 1443 3504 haec
1495 3448 1826 3516 sustinuisti,
1877 3449 2145 3504 resuscita

2249 3458 2383 3529 πρὸς
2412 3457 2591 3511 αὐτόν·
2612 3459 2713 3522 Σὺ,
2731 3458 2924 3529 Κύριε,
2952 3461 2981 3512 6
3000 3459 3172 3514 ταῦτα
3202 3463 3838 3534 ὐπομείνας,ἀνάστησον

574 3563 675 3603 “05
705 3562 799 3617 Per
831 3553 1060 3598 ωοτῑθω
1090 3549 1237 3595 mam
1259 3580 1275 3605 ν
1319 3549 1377 3595 εί
1415 3538 1823 3593 δοωῖηίῖδίωυτ
1855 3540 2145 3608 Ροιθδιδῑί-
2246 3551 2394 3620 ἡμᾶς
2418 3549 2505 3603 διὰ
2533 3549 2623 3603 τοῦ
2653 3550 2883 3606 θανάτου
2918 3569 3034 3619 σου,
3064 3555 3159 3607 καὶ
3194 3556 3555 3627 κυριεύσομεν
3603 3556 3713 3609 τῶν
3745 3558 3839 3611 δυ-

574 3644 676 3696 bus
704 3637 926 3693 inimici.

2246 3642 2462 3711 νάμεων
2491 3642 2585 3694 τοῦ
2620 3642 2713 3713 ὲχθ
2723 3643 2835 3716 ροῦ.

642 3733 741 3797 21,
775 3732 865 3786 29..
896 3730 1031 3785 Hinc
1053 3727 1434 3798 cOgnovimus,
1473 3726 1735 3795 quoniam
1775 3724 1998 3780 voluisti
2034 3723 2145 3779 sal-

2312 3735 2512 3800 21,22.
2557 3738 2838 3791 Ἐντεῦθεν
2871 3737 3191 3811 ἐγνώκαμεν
3218 3743 3299 3795 ὅτι
3336 3743 3613 3812 ⁴ήθέλησας
3664 3744 3839 3798 σῶσαι

573 3841 699 3881 vare
722 3841 842 3890 nos,
872 3838 939 3879 eo
964 3822 1109 3892 quod
1134 3836 1235 3876 nos
1256 3820 1500 3874 liberain
1530 3834 1560 3874 a
1591 3818 1833 3874 diabolo.

2246 3828 2412 3899 ἡμᾶς,
2438 3829 2530 3896 ἀφ’
2558 3823 2631 3881 ὧν
2652 3830 2868 3901 ὲῤῥύσω
2898 3833 3047 3901 ἡμᾶς
3079 3836 3143 3885 ἐκ
3174 3833 3268 3885 τοῦ
3295 3833 3563 3888 διαϐόλου.

639 3919 730 3972 23.
760 3916 1054 3986 Propterea
1098 3912 1386 3984 suscepisti
1416 3926 1523 3977 me,
1560 3912 1689 3981 quia
1718 3911 1935 3966 sincero
1974 3908 2143 3966 corde

2316 3918 2408 3973 25.
2443 3919 2542 3971 Διά
2565 3920 2721 3974 τοῦτο
2739 3922 3036 3977 ἁντελάϐου
3065 3941 3189 3995 μου,
3246 3925 3329 3978 ὅτι
3354 3926 3415 3977 ὲν
3444 3925 3663 3997 καθαρᾷ
3704 3944 3836 3999 καρ-

571 4010 778 4068 credidi
795 4051 810 4074 ,

2244 4010 2333 4082 δίᾳ
2352 4012 2663 4067 ἐπίστευσα.

640 4097 730 4152 24.
770 4095 835 4149 Ει
860 4095 1157 4165 promisisti
1185 4094 1316 4150 mihi
1349 4108 1576 4165 regnum
1608 4093 1900 4149 cmlorum.

2313 4102 2404 4155 24.
2424 4104 2534 4156 Καὶ
2554 4104 2868 4176 ὲπηγγείλω
2903 4125 2992 4178 μοι
3020 4109 3119 4180 τὴν
3143 4109 3420 4180 βασιλείαν
3445 4112 3553 4165 τῶν
3572 4114 3836 4185 οὐρανῶν.

639 4192 744 4257 25,
774 4189 865 4247 26.
911 4190 1236 4245 Benedictus
1277 4186 1541 4242 Dominus
1590 4184 1735 4239 Deus
1780 4185 2029 4239 cordium
2064 4185 2145 4238 vi-

2315 4194 2407 4258 ‘25,
2461 4195 2549 4250 26.
2612 4198 2916 4270 Εὐλογητὸς
2975 4202 3183 4271 Κύριος
3233 4205 3421 4267 ὀΘεὸς
3461 4205 3570 4257 τῶν
3601 4184 3840 4276 καρδιῶν

570 4284 813 4339 dentium
858 4298 980 4338 eum
1022 4298 1053 4337 a
1094 4280 1349 4350 praesenti
1374 4277 1606 4341 saeculo,
1634 4286 1686 4331 ct
1720 4292 1893 4346 usque
1920 4276 1972 4331 in
1998 4292 2144 4332 sem—

2245 4289 2354 4343 τῶν
2385 4291 2636 4363 ὁρώντων
2670 4296 2834 4348 αὐτὸν
2862 4295 2970 4348 ἀπὸ
2993 4295 3087 4348 τοῦ
3118 4294 3213 4349 νῦν
3255 4295 3450 4359 αἰῶνος
3481 4297 3574 4350 καὶ
3613 4298 3717 4360 ἕως
3745 4297 3837 4350 τοῦ

572 4378 865 4446 piternum.
908 4376 1077 4430 Amen
1111 4376 1305 4429 Amen.
1357 4371 1519 4427 Israel
1556 4370 1702 4425 enim
1756 4370 2144 4439 interpretatur

2250 4383 2631 4455 ἀτελευτήτου.
2669 4386 2861 4457 Ἀμὴν,
2896 4388 3066 4459 ἀμήν.
3106 4386 3324 4460 Ἰσραήλ
3376 4388 3474 4459 μὲν
3521 4387 3628 4460 γὰρ
3663 4390 3834 4460 ἑρμη-

570 4484 714 4521 mens
763 4466 937 4521 videns
988 4464 1175 4519 Deum.
1237 4463 1374 4518 illud
1423 4470 1604 4517 autem
1655 4461 1752 4529 ﬁat
1810 4461 1931 4518 loco
1981 4464 2146 4517 Amen

2252 4475 2467 4528 νεύεται
2494 4477 2641 4543 νοῦς
2673 4477 2829 4545 ὀρῶν
2878 4481 3049 4532 Θεόνο
3089 4480 3149 4532 τὸ
3194 4481 3250 4534 δὲ
3301 4480 3535 4549 γένοιτο
3579 4482 3699 4533 ἀντὶ
3745 4479 3835 4533 τοῦ

570 4560 814 4628 ponitur.

2244 4566 2407 4633 ἀμὴν
2439 4569 2742 4637 πρόκειται.

651 4678 714 4730 Ἥ
743 4672 1073 4747 προκειμένη
1102 4669 1379 4741 ὲπιγραφὴ
1414 4667 1771 4739 περιέχειβγ
1792 4671 1895 4735 Εἰς
1920 4669 1987 4724 τὸ
2032 4672 2226 4741 τέλος,
2254 4682 2341 4745 εἰς
2370 4682 2630 4735 σύνεσιν
2654 4682 2779 4748 τοῖς
2813 4684 2965 4750 υἱοῖς
2998 4684 3166 4753 Κορὲ·
3196 4688 3492 4749 τουτέστιν,
3536 4690 3581 4741 οἱ
3634 4686 3835 4741 ἀντιλέ-

568 4787 753 4841 γοντες
786 4766 873 4821 διὰ
900 4764 999 4829 τὰς
1025 4764 1293 4836 ἁμαρτίας
1324 4763 1399 4833 (⁵)
1427 4760 1505 4831 τῷ
1538 4761 1750 4832 Κυρίφν
1793 4763 1899 4815 υἱοὶ
1951 4766 2096 4837 Κορέ
2149 4770 2307 4823 εἰσιν·
2362 4774 2549 4843 ἐπειδὴ
2600 4777 2849 4840 κάκεῖνος
2888 4777 3228 4847 ἀντιλογικὸς
3255 4780 3548 4849 γεγένηται
3582 4779 3720 4849 πρὸς
3748 4779 3835 4833 τὸν

569 4864 720 5005 ἶεόψ
782 4862 892 5005 ’Ξῖς
1070 4855 1242 5005 ἒῦτως
1294 4854 1653 4922 ἀντιλογικοίς
1718 4849 1837 4908 οὖσι
1902 4855 1963 4908 τὸ
2002 4858 2284 4931 πρότερον,
2335 4865 2427 4917 ἐπὶ
2466 4865 2618 4929 τέλος
2667 4868 2743 4937 (4)
2780 4867 2836 4919 δὲ
2891 4870 2983 4922 ἐπὶ
3041 4869 3253 4923 σύνεσιν
3313 4870 3522 4939 ἀγαθὴν
3569 4870 3837 4959 ἐλθοῦσιν,

571 4974 595 5005 ε
625 4970 757 5005 οηκε
850 4970 878 5005 ν
1033 4971 1070 5005 υ.
1102 4968 1149 5003 ν.

571 4957 757 5027 εἴρηκε
788 4954 878 5007 τὸν
916 4951 1149 5023 ψαλμόν.

640 5070 858 5125 Titulus
885 5066 1211 5137 praepositus
1240 5065 1484 5119 continet
1516 5084 1527 5118 :
1563 5062 1626 5117 In
1651 5063 1840 5131 ﬁnem,
1876 5066 1930 5117 in
1968 5067 2295 5123 intellectum
2330 5072 2461 5141 ﬁliis
2494 5072 2627 5128 Core
2657 5092 2673 5127 :
2714 5090 2819 5131 noc
2862 5088 2947 5131 est
2974 5117 2991 5143 ,
3033 5077 3126 5146 qui
3168 5077 3558 5132 contradicunt
3600 5076 3834 5131 Domino

571 5176 791 5238 propter
816 5173 1042 5235 peccata
1063 5202 1077 5224 ,
1106 5162 1201 5215 ﬁlii
1235 5160 1377 5217 Core
1404 5169 1563 5225 sunt,
1603 5160 1863 5229 quoniam
1894 5170 1957 5215 et-
1984 5163 2072 5218 ille
2105 5169 2479 5223 contradictor
2529 5169 2640 5224 Deo
2671 5173 2883 5225 exstitit
2915 5192 2927 5227 :
2962 5174 3050 5227 his
3079 5172 3245 5245 igitur
3272 5173 3346 5226 ita
3372 5172 3527 5243 prius
3554 5171 3833 5225 contradi-

570 5261 845 5323 centibus,
873 5260 928 5313 in
962 5257 1124 5313 tinem
1156 5267 1338 5311 autem
1363 5257 1417 5310 in
1445 5258 1651 5311 bonum
1677 5256 2017 5313 intellectum
2043 5262 2392 5319 venientibus
2433 5268 2710 5335 psalmum
2747 5269 2908 5325 dixit.

636 5380 688 5432 1.
718 5375 1188 5444 Quemadmodum
1215 5391 1431 5441 cervus,
1465 5385 1822 5447 posteaquam
1869 5378 1980 5433 edit
2020 5395 2140 5435 ser-

2321 5384 2371 5438 1.
2393 5386 2603 5457 Ὧσπερ
2626 5389 2658 5457 ή
2678 5387 2872 5456 ἔλαφος
2904 5389 3041 5459 μετά
3072 5389 3132 5441 τὸ
3163 5387 3363 5443 ἐσθίειν
3390 5388 3481 5442 τὸν
3505 5387 3629 5456 ὅφιν
3652 5386 3833 5457 τρέχει

640 5476 685 5506 ⁸³
712 5473 869 5527 Joan.
899 5488 1009 5535 1w,
1035 5471 1125 5526 27.

1522 5545 1831 5609 Addenda
1863 5556 1921 5611 et
1960 5550 2335 5629 corrigenda
2367 5569 2444 5611 ex
2483 5550 2624 5611 cod.
2659 5552 2859 5612 Vatic.

640 5650 717 5725 (ἢ)
740 5649 930 5725 Αὲτῷςξ
999 5721 1024 5725 -
1261 5720 1311 5725 __
2324 5652 2400 5723 (5)
2430 5654 2538 5722 Τῆς
2569 5655 2856 5725 ἁμαρτίας-

534 5782 539 5787 ,
639 5720 716 5789 (st)
764 5723 824 5774 Ἡ
851 5721 937 5774 διὰ
966 5721 1063 5790 τῆς
1093 5720 1459 5793 κινναόάρεως
1494 5736 1617 5791 περ.
2329 5720 2401 5793 (4)
2431 5720 2603 5776 Τέλει,
