4060 6464
204 418 319 484 813
1134 421 1222 475 DE
1260 421 1535 481 TlTULlS
1574 425 1799 480 PSALM

1859 426 2032 482 RUM.
2073 459 2143 469 —
2176 426 2375 483 ΡΒΑΙ..
2418 429 2558 484 XLI.

278 535 334 589 9..
370 536 557 601 Οὕτως
588 538 890 610 ἐπιποθεῖή
920 539 1065 611 ψυχή
1101 560 1202 612 μου
1226 544 1364 614 πρὸς
1395 546 1476 608 σὲ,
1505 546 1534 597 6
1561 545 1713 608 Θεός.
1814 551 1861 607 Α

278 628 334 681 5.
380 629 659 699 Ἐδίψησεν
689 630 889 702 ἡψυχή
934 649 1036 702 μου
1068 633 1205 705 πρὸς
1250 634 1341 689 τὸν
1365 636 1496 689 Θεὸν
1523 637 1613 691 τὸν
1645 638 1792 708 ἰσχυ-

208 720 304 790 ρὸν
337 720 428 773 τὸν
452 721 650 785 ζῶντα.

196 816 201 825 “
280 810 335 865 4.
368 813 504 864 Πότε
553 814 686 882 ἥξω,
750 813 845 867 καὶ
885 814 1191 887 ὀφθήσομαι
1248 817 1325 889 τῷ
1372 821 1649 893 προσώπῳ
1695 823 1789 876 τοῦ

3355 434 3476 497 814

1958 549 2014 600 ‘3.
2054 548 2130 602 Ita
2160 548 2433 604 desiderat
2455 550 2637 605 anima
2660 567 2778 606 mea
2808 552 2885 606 ad
2907 561 2978 615 te,
3017 552 3181 608 Deus.

1964 639 2017 693 5.
2053 638 2235 693 Sitivit
2254 641 2437 695 anima
2464 656 2585 696 mea
2621 644 2689 697 ad
2722 642 2888 698 Deum
2914 643 3109 699 fortem
3134 646 3318 699 vivum
3342 663 3358 701 :

1962 817 2013 870 4.
2050 816 2278 884 Quando
2300 819 2536 885 veniam,
2562 829 2615 874 et
2641 819 2912 889 apparebo
2946 832 3071 873 ante
3106 820 3297 875 faciem
3340 819 3466 876 Dei!

203 904 339 955 Θεοῦ
358 922 371 931 “

272 993 326 1045 5.
358 946 622 1066 ἶΕγτενὴθη
642 997 710 1049 τὰ
740 996 950 1067 δάκρυά
984 1016 1085 1069 μου
1118 1001 1242 1070 ἐμοὶ
1268 1000 1431 1072 ἄρτος
1463 1004 1673 1076 ἡμέρας
1698 1007 1790 1059 καὶ

2052 994 2295 1051 Fuerunt
2314 994 2565 1069 lacrymae
2588 1013 2720 1053 mea:
2746 999 2877 1052 mihi
2901 1014 3069 1070 panes
3089 998 3175 1054 die
3196 1015 3259 1053 ac
3284 1008 3464 1066 nocm,

203 1088 422 1151 νυκτὸς,

276 1178 330 1231 6.
376 1180 464 1232 Ἐν
488 1180 564 1251 τῷ
582 1181 832 1251 λέγεσθαί
862 1200 954 1253 μοι
988 1184 1110 1238 καθ’
1137 1185 1375 1257 ἑκάστην
1400 1189 1637 1261 ἡμέραν·
1677 1192 1788 1245 Ποῦ

1962 1172 2015 1227 6.
2056 1173 2190 1228 Dum
2221 1175 2420 1229 dicitur
2444 1175 2574 1229 Inibi
2599 1176 2872 1245 quotidie:
2894 1174 2994 1229 Ubi
3020 1186 3105 1231 est
3133 1175 3277 1232 Deus
3303 1175 3463 1234 tuusl

199 1272 352 1324 ἐστιν
380 1275 409 1325 6
429 1272 561 1337 Θεὸς
600 1292 727 1340 σονς

271 1364 324 1417 7.
354 1366 537 1418 Ταῦτα
590 1367 889 1440 ἐμνήσθην,
924 1371 1017 1423 καὶ
1068 1370 1256 1441 ἐξέχεα
1290 1372 1377 1425 ἐπ’
1430 1374 1530 1446 ἐμὲ
1563 1376 1663 1447 τὴν
1689 1376 1790 1446 ψυ-

194 1459 302 1528 χήν
333 1475 455 1527 μου.

268 1548 321 1602 8.
349 1550 469 1603 ’Ότι
490 1550 832 1623 διελεῦσομαι
854 1555 911 1606 ἐν
936 1554 1084 1627 τόπῳ
1109 1557 1313 1628 σκηνῆς
1339 1558 1659 1632 θαυμαστῆς
1685 1564 1788 1627 ἕως

190 1640 289 1693 τοῦ
323 1640 473 1694 οἴκου
495 1642 587 1695 τοῦ
620 1643 778 1706 Θεοῦ,

261 1731 317 1784 9.
364 1732 453 1785 Ἐν
483 1737 630 1804 φωνῇ
657 1736 1029 1803 ἀγαλλιάσεως
1059 1741 1153 1793 καὶ
1192 1742 1628 1815 ἐξομολογήσεως
1653 1747 1784 1817 ἤχου

189 1821 569 1892 ἐορτάζοντος.

1960 1375 2013 1427 7.
2058 1373 2185 1429 Haec
2214 1374 2531 1429 recordatus
2566 1389 2711 1442 sum,
2753 1381 2810 1429 et
2839 1370 3002 1428 effudi
3037 1372 3090 1426 in
3122 1388 3204 1428 me
3220 1374 3459 1430 animam

1891 1483 2097 1529 meam;

1956 1560 2007 1612 8.
2044 1557 2313 1625 Quoniam
2341 1558 2585 1612 transibo
2621 1558 2674 1612 in
2718 1557 2900 1611 locum
2927 1556 3261 1613 tabernaculi
3286 1558 3452 1614 admi-

1888 1652 2075 1706 rabilis
2105 1667 2279 1721 usque
2300 1651 2366 1705 ad
2395 1652 2615 1705 domum
2648 1650 2740 1706 Dei
2763 1690 2778 1713 ,

1959 1746 2012 1798 9.
2049 1744 2103 1798 In
2130 1760 2261 1800 voce
2286 1744 2671 1801 exsultationis
2700 1754 2751 1801 et
2780 1746 3142 1804 eonfessiOnis
3177 1747 3296 1802 soni
3323 1746 3455 1802 fesu

1883 1839 2234 1894 celebrantis.

269 1913 357 1967 10.
390 1916 507 1967 Ἵνα
536 1917 587 1968 τί
609 1919 908 1990 περίλυπος
942 1916 1012 1987 εἷ,
1058 1925 1090 1993 ἡ
1128 1924 1270 1997 ψυχή
1319 1944 1458 1997 μου;
1494 1929 1589 1981 καὶ
1616 1930 1702 1982 ἵνα
1730 1931 1784 1984 τί

1854 1908 1858 1945 ί
1961 1932 2045 1986 10.
2078 1933 2257 1999 Quare
2286 1935 2461 1992 tristis
2496 1952 2590 2003 es,
2619 1938 2800 1994 anima
2841 1954 2983 2004 mea,
3028 1946 3082 1994 et
3122 1955 3293 2011 quare
3322 1955 3445 1995 con-

189 2007 591 2077 συνταράσσεις
628 2029 695 2081 με
711 2029 726 2077 ;

1888 2025 2078 2079 Iurbas
2099 2042 2185 2079 me
2208 2030 2230 2078 τ

265 2095 355 2149 11.
404 2098 664 2152 Ἔλπισον
713 2102 805 2153 ἐπὶ
863 2102 954 2155 τὸν
982 2104 1135 2169 Θεὸν,
1172 2106 1254 2158 ὅτι
1316 2109 1780 2182 ἐξομολογησομαί.

1953 2118 2038 2171 Η.
2075 2122 2240 2188 Spera
2272 2120 2324 2174 in
2350 2120 2482 2187 Deo,
2514 2122 2772 2190 quoniam
2802 2123 3105 2179 conﬁtebor
3127 2123 3203 2178 illi
3231 2142 3250 2178 ι

186 2204 341 2240 anno
362 2206 376 2219 ⁸

1959 2293 2044 2347 l2.
2089 2294 2336 2351 Salutare
2361 2298 2543 2353 vultus
2569 2300 2675 2352 mei
2705 2308 2760 2353 et
2790 2299 2932 2356 Deus
2962 2317 3141 2357 meus.

1965 2390 2046 2442 15.
2079 2389 2159 2443 Ad
2189 2391 2456 2459 meipsum
2482 2392 2662 2446 anima
2701 2409 2817 2446 mea
2849 2396 3169 2448 conturbata
3192 2403 3313 2450 est:

1958 2482 2045 2535 14.
2079 2481 2371 2552 Propterea
2399 2500 2609 2540 memor
2634 2501 2727 2541 ero
2774 2486 2852 2540 tui
2902 2486 2969 2541 de
2997 2497 3140 2541 terra
3166 2484 3449 2553 Iordanis,

262 2280 351 2333 1‘2.
385 2283 659 2355 Σωτήριον
686 2286 779 2339 τοῦ
812 2288 1104 2358 προσώπου
1137 2308 1239 2361 μου
1274 2293 1367 2345 καὶ¹
1400 2295 1428 2345 6
1455 2294 1587 2358 Θεὸς
1618 2314 1739 2365 μου.

265 2374 355 2428 15.
385 2377 527 2448 Πρὸς
556 2379 843 2452 ἐμαυτὸνή
880 2383 1023 2453 ψυχή
1056 2402 1157 2454 μου
1188 2388 1483 2458 ἐταράχθηο

239 2466 353 2520 -11,
389 2467 488 2522 Διὰ
509 2470 665 2524 τοῦτο
696 2474 1076 2546 μνησθήσομαι
1102 2494 1194 2529 σου
1229 2481 1291 2530 ἐκ
1325 2481 1428 2548 γῆς
1470 2480 1753 2551 Ἰοβάνου,

1330 2677 1710 2734 ATHANASII
1752 2680 2336 2740 lN'lElll‘liETATlO.

181 2820 284 2875 ἐπὶ
308 2820 406 2893 τὴν
426 2823 530 2893 γῆν
556 2823 631 2894 (1)
664 2824 757 2878 τοῦ
787 2825 978 2891 ὓδατος
1009 2829 1145 2901 πρὸς
1172 2830 1232 2883 τὸ
1252 2834 1418 2895 πιεῖν,
1454 2833 1537 2886 ἵνα
1564 2834 1643 2905 μὴ
1671 2834 1774 2887 ὑπὸ

1880 2844 2095 2906 pentem
2118 2877 2135 2902 ,
2178 2840 2350 2893 currit
2377 2840 2445 2894 ad
2489 2850 2690 2897 lerram
2718 2844 2979 2915 irriguam
3001 2886 3016 2911 ,
3044 2857 3107 2902 ut
3132 2848 3308 2919 bibat,
3332 2871 3401 2911 ne
3421 2871 3452 2914 a

176 2913 281 2967 τοῦ
313 2914 392 2966 ἰοῦ
422 2915 516 2968 τοῦ
546 2916 721 2985 ὄφεως
758 2918 989 2990 ἀδικηθῇ
1013 2938 1026 2949 ’

1877 2929 2144 2998 serpentis
2171 2947 2376 2985 veneno
2398 2934 2644 3000 laedatur;

254 3008 310 3071 Ξ,
346 3009 399 3061 5.
429 3008 615 3072 Οὕτως
645 3010 799 3077 κάγὼ
828 3011 975 3082 ζητῶ
996 3011 1172 3065 ἐλθεῖν
1208 3013 1346 3082 πρὸς
1392 3014 1471 3079 σὲ,
1505 3016 1600 3067 καὶ
1626 3018 1767 3071 πιεῖν
1796 3044 1799 3065 ‹

1944 3022 1978 3075 2
1999 3063 2015 3083 ,
2046 3023 2097 3077 5.
2128 3022 2202 3078 lta
2227 3025 2392 3079 etiam
2424 3042 2524 3095 ego
2553 3044 2739 3097 quer
2765 3033 2947 3086 venire
2978 3032 3044 3087 ad
3085 3042 3156 3100 te,
3188 3048 3241 3091 et
3268 3037 3451 3095 bibere

177 3098 278 3152 τοῦ
313 3099 630 3170 Πνεύματός
656 3117 750 3152 σου
777 3100 870 3153 τοῦ
907 3101 1083 3170 ἁγίου,
1108 3104 1197 3157 ἵνα
1230 3104 1305 3177 μὴ
1341 3104 1636 3160 θανατωθῶ
1666 3110 1773 3164 ὑπὸ

1879 3112 2145 3183 Spiritum
2168 3125 2421 3171 sanctum
2452 3127 2631 3184 tuum,
2665 3137 2733 3175 ne
2756 3122 3052 3178 interﬁciar
3076 3144 3103 3179 a
3133 3098 3377 3197 peccato.

177 3190 283 3261 τῆς
310 3191 603 3261 ἁμαρτίας.

247 3280 302 3332 4.
334 3280 472 3333 Πότε
506 3279 822 3345 καταξιωθῶ
852 3282 1093 3347 τοιοῦτος
1123 3285 1398 3352 γενέσθαι,
1437 3286 1523 3340 ἴνα
1550 3287 1623 3359 μὴ
1646 3288 1774 3340 ἀποο

178 3371 483 3441 στρέφηταῖ
517 3389 583 3441 με
617 3374 644 3425 6
664 3372 797 3437 Θεὸς
829 3375 1257 3445 προσεγγίζοντα
1287 3378 1363 3444 (2)
1400 3378 1570 3448 αὐτῷ.

252 3459 303 3513 5.
329 3461 745 3532 Κεκορεσμένος
770 3463 885 3528 εἰμὶ
909 3463 1017 3515 ἀπὸ
1042 3465 1142 3534 τῆς
1184 3464 1382 3538 πολλῆς
1411 3468 1643 3539 θλίψεως
1672 3469 1772 3540 τῆς

171 3548 343 3621 οὗσης
370 3552 562 3615 νυκτὸς
589 3553 679 3606 καὶ
707 3553 921 3623 ἡμέρας
942 3557 998 3606 ἐν
1022 3558 1087 3625 τῇ
1121 3556 1314 3626 καρδία
1366 3575 1486 3625 μου.

250 3641 303 3695 6.
354 3644 488 3695 Ἀπὸ
540 3644 635 3695 τοῦ
692 3644 1047 3708 ὀνειδίζεσθαι
1095 3662 1161 3715 με
1214 3646 1318 3699 ὑπὸ
1350 3647 1457 3700 τῶν
1510 3650 1769 3703 ἐναντίων

174 3732 504 3802 πνευμάτων
538 3733 635 3803 (5).

248 3823 302 3876 7.
339 3822 526 3877 Ταῦτα
551 3826 923 3896 ἐμνημόνευον
970 3826 1063 3879 καὶ
1085 3825 1330 3898 διελῦθην
1362 3826 1442 3898 (4)
1490 3828 1629 3891 ὅλως
1659 3828 1767 3881 ἀπὸ

169 3914 273 3985 τῆς
303 3914 564 3985 θλίψεως.

247 4010 301 4063 8.
336 4009 447 4061 Καὶ
479 4009 657 4062 ἔτεινα
688 4008 763 4081 (5)
785 4010 884 4082 τὴν
908 4011 1149 4067 διάνοιάν
1186 4031 1285 4084 μου
1320 4015 1399 4077 είς
1424 4013 1516 4067 τὸν
1537 4014 1765 4085 οὐρανὸν

169 4102 253 4163 είς
274 4099 374 4170 τὴν
413 4101 618 4169 σκηνὴν
638 4100 732 4153 τοῦ
755 4100 911 4155 Θεοῦ.

1868 4112 2121 4164 naculum
2149 4112 2263 4167 Dei.

237 4192 293 4246 9.
326 4192 503 4244 Ὅπου
552 4194 584 4263 ἠ
638 4194 789 4265 φωνὴ
814 4196 913 4267 τῆς
957 4196 1349 4266 ἀγαλλιάσεως,
1393 4200 1488 4252 καὶ
1521 4202 1618 4272 τῆς
1652 4201 1767 4267 ἐξο-

1935 4202 1989 4255 9.
2024 4201 2127 4256 Ubi
2158 4221 2261 4257 vox
2290 4208 2703 4277 exsuliationis,
2731 4223 2783 4267 et
2811 4215 3175 4277 confessionis
3216 4227 3441 4295 angelo—

174 4282 525 4353 μολογήσεως
553 4284 629 4355 (6)
659 4285 767 4338 τῶν
792 4287 1037 4355 ἀγγέλων
1087 4290 1180 4343 καὶ
1219 4289 1326 4344 τῶν
1355 4291 1523 4359 ἁγίων
1546 4292 1656 4345 τῶν
1677 4294 1763 4347 ἀεὶ

1868 4309 2011 4355 rum,
2041 4303 2094 4348 et
2120 4304 2432 4351 sanctorum
2462 4298 2595 4354 festa
2621 4318 2836 4375 semper
2852 4309 3268 4369 celebrantium.

170 4372 567 4445 ἑορταζόντων.
1795 4388 1836 4441 D

245 4464 335 4529 10,
368 4465 455 4519 1|.
490 4466 601 4518 Καὶ
637 4467 823 4536 ἔλεγον
856 4472 922 4541 τῇ
972 4469 1117 4541 ψυχῇ
1150 4489 1271 4541 μου’
1306 4474 1422 4525 Ἵνα
1456 4473 1506 4525 τί
1539 4472 1763 4544 περίλυ-

1936 4473 2038 4536 10,
2082 4473 2162 4527 ll.
2199 4474 2260 4530 Et
2288 4478 2532 4535 dicebam
2580 4485 2777 4538 animae
2825 4503 2958 4542 mea:
2991 4508 3005 4543 :
3038 4489 3219 4556 Quare
3263 4493 3436 4552 tristis

170 4572 273 4619 πος
302 4550 383 4621 εἷ;
418 4556 638 4610 ἔλπισον
671 4560 764 4613 ἐπὶ
793 4560 884 4613 τὸν
913 4561 1068 4625 Θεὸν,
1101 4564 1185 4616 ὅτι
1209 4563 1459 4635 ἐλεήμων
1498 4566 1634 4629 ἐστὶ,
1665 4566 1759 4618 καὶ

1864 4564 1964 4617 es?
1993 4581 2148 4632 spera
2173 4570 2224 4618 in
2248 4567 2439 4636 Deum,
2470 4575 2727 4639 quoniam
2756 4577 3069 4636 misericors
3101 4593 3206 4648 est,
3228 4594 3281 4639 et
3302 4601 3436 4641 con-

172 4647 471 4718 ὲξομολόγη
479 4664 569 4702 σαι
591 4650 666 4720 (7)
706 4652 877 4722 αὐτῷ.

1864 4654 2016 4710 ntere
2048 4658 2170 4725 ipsi.

244 4738 331 4792 12.
360 4740 613 4812 Σωτηρία
642 4741 752 4814 γὰρ
785 4743 883 4812 τῆς
907 4744 1083 4815 ψυχῆς
1113 4764 1216 4816 μου
1247 4747 1275 4798 6
1296 4745 1429 4810 Θεὸς
1459 4748 1565 4818 μού
1592 4751 1757 4804 ἐστιν.

237 4831 327 4888 13.
356 4834 558 4886 Λοιπὸν
613 4836 646 4906 ἡ
694 4836 840 4908 ψυχή
874 4853 977 4907 μου
1024 4838 1081 4890 ἐν
1132 4838 1260 4909 ἐμοὶ
1319 4838 1458 4909 μετὰ
1502 4830 1753 4910 δακρύων

169 4921 376 4989 ἔλεγεν.

237 5012 327 5066 14.
358 5012 456 5065 Διά
481 5014 543 5066 τὸ
574 5004 711 5069 εἶναι
759 5033 818 5069 σε
867 5017 1132 5091 ἐλεήμονα
1187 5022 1510 5091 μνημονεύω
1542 5020 1616 5092 (8)
1658 5039 1751 5075 σου

168 5103 230 5155 ἐκ
259 5102 369 5157 τῶν
408 5105 737 5160 κατωτάτων
787 5106 888 5178 τῆς
923 5109 1044 5180 γῆς.
1115 5109 1386 5181 Ἰορδάνης
1434 5111 1542 5182 γὰρ
1577 5112 1751 5183 ἑρμη-

166 5193 377 5250 νεύεται
407 5195 484 5266 γῆ
509 5198 834 5267 κατωτάτη.

1944 3292 1997 3345 4.
2041 3291 2273 3358 Quando
2295 3296 2493 3367 dignus
2531 3299 2733 3355 efficiar
2763 3305 2892 3358 talis
2920 3307 3057 3374 fieri,
3092 3320 3151 3365 ut
3175 3329 3261 3368 me
3301 3314 3447 3371 Deus

1873 3382 1938 3436 ad
1967 3383 2143 3452 ipsum
2170 3387 2517 3445 accedentem
2552 3407 2659 3446 non
2691 3406 2992 3450 aversetur.

1948 3474 1997 3528 5.
2046 3477 2337 3533 Saturatus
2372 3497 2491 3533 sum
2546 3484 2896 3543 tribulatione
2940 3490 3145 3556 multa,
3193 3510 3317 3563 quae
3361 3504 3449 3555 est

1872 3563 1959 3616 die
1987 3580 2052 3619 ac
2079 3578 2236 3621 nocte
2276 3570 2328 3622 in
2357 3573 2519 3625 corde
2545 3589 2710 3629 meo.‘

1941 3653 1993 3708 6.
2028 3654 2165 3709 Dum
2222 3663 2569 3718 contumeliis
2625 3665 2836 3720 afﬁcior
2876 3683 2907 3722 a
2948 3673 3237 3727 contrariis
3282 3676 3447 3745 spiri-

1872 3745 2036 3798 libus.

1940 3837 1991 3889 7.
2031 3836 2155 3894 llaec
2182 3844 2530 3910 recordabar,
2567 3858 2626 3900 et
2666 3850 2881 3917 penitus
2926 3865 3287 3925 consumptus
3317 3876 3441 3918 sum

1870 3930 2235 3987 tribulatione.

1938 4019 1991 4072 8.
2034 4019 2097 4073 Et
2132 4022 2338 4076 intendi
2378 4034 2610 4079 mentem
2646 4044 2821 4083 meam
2855 4032 2905 4085 in
2933 4035 3134 4090 cmlum
3172 4038 3225 4092 in
3260 4042 3443 4098 taber—

1926 5020 2012 5076 M.
2045 5021 2314 5088 Quoniam
2340 5037 2396 5082 tu
2423 5030 2736 5089 misericors
2765 5051 2845 5100 es,
2871 5052 3080 5097 memor
3109 5059 3232 5098 sum
3258 5045 3334 5100 tui
3356 5061 3427 5101 ex

1854 5110 2206 5169 inferioribus
2277 5127 2453 5177 terrae.
2519 5124 2772 5184 Iordanis
2836 5133 2978 5187 enim
3042 5135 3427 5206 interpretatur

1851 5217 1993 5257 terra
2030 5206 2222 5275 infera.

1119 5362 1425 5423 Addenda
1458 5370 1519 5423 et
1550 5362 1926 5440 corrigenda
1961 5382 2041 5424 ex
2076 5369 2216 5429 cod.
2259 5370 2459 5432 Vatic.

341 5539 781 5709 $i§+§pfgnrat
811 5616 841 5667 6
866 5615 1016 5683 Θεὸς,
1039 5620 1155 5674 ἀλλ’
1180 5624 1350 5694 ἐφορᾷ
1384 5642 1451 5694 με
1476 5641 1735 5698 προσεγγ.
2022 5557 2780 5709 ζὲεέῧῖἒξομολογήσεως
2804 5646 2954 5703 deest
2986 5649 3039 5704 in
3063 5651 3184 5708 cod.

339 5678 405 5774 ii.
437 5680 471 5732 6
502 5678 687 5764 deest.
745 5753 767 5769 ἢ
820 5755 838 5774 ἢ
867 5755 915 5774 ’Δ
978 5678 1013 5683 τ’
1222 5678 1232 5690 ’
1282 5678 1292 5693 ’
1328 5680 1337 5694 ⁸
1384 5678 1396 5694 ’
1521 5678 1532 5698 ⁸
1564 5678 1571 5679 7
1659 5678 1706 5694 Η
2036 5678 2545 5774 ἱῐξξομὸλογῆσὲξιαι,

230 5748 308 5813 (4)
339 5749 713 5820 Μνημονεύων
740 5753 1004 5828 ὃιελύθην.
2034 5748 2427 5839 Μνημονεῦέω.
