4060 6454
643 363 744 422 Siti
1503 368 1560 422 S.
1603 368 1981 424 ATHANASII
2024 371 2175 426 OPP.
2219 372 2246 426 Ι

2296 374 2403 430 ι118
2437 375 2524 430 lli.
2566 407 2634 417 -—
2669 376 3084 434 EXEGETICA.
3798 384 3899 440 816

708 484 793 539 15.
829 483 892 539 Et
921 484 1256 541 llermoniim
1297 502 1326 540 a
1360 499 1545 544 monte
1571 491 1805 546 modico.
2239 500 2286 558 Α

2239 500 2286 558 Α
2391 497 2473 552 15.
2512 499 2622 552 Kal
2665 500 3000 572 Ἐρμωνιεὶμ
3029 500 3139 554 ἀπὸ
3171 499 3328 572 ὄρους
3361 498 3576 576 μικροῦ.

706 601 790 655 16.
825 601 1068 673 Abyssus
1101 605 1357 676 abyssum
1391 606 1610 662 invocat
1644 606 1698 660 in
1729 623 1862 664 voce
1907 617 2209 667 cataracta-

2384 612 2469 666 16.
2504 613 2774 677 Ἀϐυσσος
2803 615 3035 670 ἄϐυσσον
3068 616 3407 669 ἐπικαλεῖται
3447 619 3526 681 εἰς
3555 619 3741 692 φωνὴν
3793 621 3896 675 τῶν

638 707 753 745 rum
780 704 996 747 tuarum
1031 714 1042 749 ε

2315 706 2676 776 καταρακτῶν
2708 723 2820 759 σου’

703 805 790 858 17.
822 804 1017 860 Omnia
1049 807 1262 863 excelsa
1306 816 1395 862 tua
1421 848 1436 873 ,
1487 817 1542 864 et
1583 809 1781 866 ﬂuctus
1811 812 1888 866 tui
1926 810 2092 884 super
2123 831 2210 870 me

2388 825 2471 879 17.
2507 826 2715 888 Πάντες
2743 827 2794 878 οἱ
2830 829 3196 899 μετεωρισμοί
3227 847 3317 882 σου
3340 829 3523 884 καὶτὰ
3557 829 3778 900 κύματά
3806 846 3896 883 σου

634 897 991 951 transierunt.

2313 917 2399 969 ἐπ’
2427 917 2525 987 ἐμὲ
2545 916 2780 987 διῆλθον.

702 1010 790 1064 18.
836 1009 892 1063 1η
951 1011 1037 1067 die
1095 1012 1377 1069 mandabit
1445 1014 1709 1072 Dominus
1777 1018 2209 1074 misericordiam

2181 1035 2209 1073 η
2387 1030 2470 1083 18.
2519 1030 2760 1101 Ἡμέρας
2788 1031 3075 1085 ἐντελεῖται
3107 1032 3310 1106 Κύριος
3341 1034 3401 1087 τὸ
3425 1034 3574 1099 ἔλεος
3594 1034 3784 1098 αὑτοῦ,

633 1117 785 1155 suam
808 1141 823 1165 ,

702 1207 790 1262 19.
825 1208 891 1263 Ει
921 1219 1078 1265 nocte
1106 1212 1378 1268 canticum
1406 1215 1525 1284 ejus
1553 1217 1694 1286 apud
1722 1233 1829 1272 me.

2386 1183 2469 1238 19.
2503 1184 2610 1236 Kal
2645 1185 2837 1248 νυκτὸς
2866 1184 2976 1256 ᾠδὴ
3005 1186 3151 1257 αύτῷ
3178 1189 3306 1258 παρ’
3330 1187 3472 1258 ἐμοί.

697 1322 789 1376 20.
821 1322 1012 1378 Oratio
1045 1323 1156 1380 Deo
1180 1327 1304 1380 vitae
1338 1341 1494 1382 meae.

2385 1297 2472 1352 20.
2506 1300 2786 1370 Προσευχὴ
2809 1300 2886 1370 τῷ
2905 1299 3024 1370 Θεῷ
3050 1300 3146 1371 τῆς
3175 1299 3318 1372 ζωῆς
3349 1319 3471 1371 μου.

694 1438 785 1494 21.
820 1437 1005 1492 Dicam
1035 1437 1179 1494 Deo:
1216 1437 1514 1511 Susceptor
1542 1456 1696 1496 meus
1733 1455 1827 1506 es,
1868 1457 2036 1512 quare
2071 1443 2214 1498 obli-

2380 1414 2469 1468 21.
2516 1414 2656 1485 Ἐρῶ
2687 1413 2765 1486 τῷ
2792 1413 2931 1485 Θεῷ·
2963 1414 3338 1487 Ἀντιλήπτωρ
3366 1433 3464 1486 μου
3501 1409 3569 1467 εἷ⁹
3598 1413 3687 1468 διὰ
3709 1414 3764 1468 τι
3799 1433 3901 1485 μου

628 1537 716 1584 tus
744 1544 804 1584 es
833 1529 937 1583 mei
959 1528 984 1581 ἲ

1390 1506 1407 1511 ⁷
1885 1506 1902 1512 ’
2314 1506 2578 1560 ἐπελάθου
2601 1523 2613 1572 ;

693 1641 783 1695 22.
818 1640 883 1694 Et
905 1656 1076 1711 quare
1108 1643 1470 1698 contristatus
1501 1643 1701 1698 incedo
1738 1643 1879 1699 dum
1896 1645 2090 1717 afﬂigit
2125 1662 2213 1701 me

2384 1624 2475 1679 22.
2521 1623 2596 1693 (a)
2657 1624 2766 1676 Kal
2799 1625 2886 1676 ἵνα
2935 1622 2987 1675 τί
3034 1621 3446 1695 σκυθρωπάζων
3503 1622 3813 1694 πορεύομαι
3846 1625 3903 1678 ἐν

627 1734 928 1790 inimicus?

2017 1713 2039 1717 ⁷
2313 1716 2389 1785 τῷ
2412 1715 2679 1768 ἐκθλίϐειν
2711 1714 2802 1766 τὸν
2831 1713 3059 1784 ἐχθρὸν;

695 1848 787 1902 25.
824 1848 963 1902 Dum
1004 1847 1427 1920 confringuntur
1469 1864 1597 1906 ossa
1641 1865 1796 1914 mea,
1830 1850 2206 1921 exprobrave-
2241 1846 2283 1900 Β

2383 1831 2473 1885 25.
2524 1831 2612 1882 Ἔν
2645 1829 2722 1900 τῷ
2754 1827 3125 1883 καταθλᾶσθαι
3187 1828 3256 1880 τὰ
3287 1829 3422 1880 ὀστᾶ
3469 1844 3590 1898 μου,
3628 1825 3905 1890 ὠνείδιζόν

624 1949 753 1995 runt
783 1940 917 1994 mihi
947 1939 1154 1996 inimici
1185 1941 1312 1997 mei.

1219 1941 1312 1997 lei.
2315 1941 2381 1993 με
2413 1925 2463 1976 οἱ
2492 1923 2673 1994 ἐχθροί
2701 1940 2822 1993 μου.

691 2055 783 2108 24.
816 2055 952 2110 Dum
980 2055 1172 2110 dicunt
1203 2054 1306 2125 ipsi
1348 2054 1480 2110 mibi
1519 2071 1614 2125 per
1640 2057 1884 2127 singulos
1913 2056 2068 2113 dies:
2102 2057 2202 2114 Ubi

2381 2039 2470 2092 24.
2503 2039 2591 2091 Ἐν
2617 2037 2696 2108 τῷ
2718 2038 2894 2106 λέγειν
2923 2036 3116 2101 αὐτούς
3141 2054 3231 2107 μοι
3263 2036 3385 2090 καθ’
3403 2036 3642 2107 ἑκάστην
3664 2036 3901 2107 ἡμέραν·

623 2155 708 2200 est
733 2144 876 2200 Deus
907 2147 1076 2201 tuus?

2310 2131 2420 2183 Ποῦ
2444 2133 2589 2184 ἐστιν
2616 2134 2644 2184 ὁ
2672 2132 2805 2194 Θεός
2840 2148 2962 2197 σου;

693 2259 784 2314 25.
812 2258 992 2326 Quare
1036 2260 1210 2315 tristis
1255 2275 1336 2325 es,
1381 2261 1564 2316 anima
1591 2263 1752 2317 mea?
1791 2273 1844 2317 ει
1867 2278 2038 2333 quare
2070 2278 2205 2318 con-

2377 2245 2470 2300 25.
2505 2247 2624 2299 Ἵνα
2669 2247 2722 2299 τί
2746 2246 3044 2317 περίλυπος
3067 2243 3137 2312 εἴ,
3173 2248 3205 2318 ἠ
3237 2246 3383 2317 ψυχή
3416 2262 3553 2317 μου;
3603 2245 3703 2298 καὶ
3734 2245 3824 2298 ἵνα
3850 2244 3902 2295 τί

625 2353 813 2408 turbas
847 2352 975 2406 me?

2314 2339 2705 2410 συνταράσσεις
2746 2356 2812 2410 με
2834 2357 2847 2404 ;

693 2464 785 2520 26.
822 2467 990 2536 Spera
1025 2467 1077 2519 in
1115 2465 1244 2531 Deo,
1275 2467 1537 2534 quoniam
1569 2466 1868 2522 conﬁtebor
1896 2467 1972 2520 illi
2007 2486 2020 2521 :

2376 2449 2465 2504 26.
2503 2451 2760 2506 Ἐλπισον
2809 2455 2899 2506 ἐπὶ
2949 2452 3042 2505 τὸν
3093 2451 3246 2516 Θεὸν,
3297 2453 3378 2504 ("ﬁt
3429 2451 3902 2524 ἐξομολογήσομαι

2307 2544 2457 2597 αύτῶ
2477 2560 2490 2575 ·

695 2641 786 2695 27.
822 2641 1071 2696 Salutare
1103 2639 1288 2695 vultus
1312 2639 1418 2694 mei
1449 2649 1502 2694 et
1530 2639 1679 2694 Deus
1707 2652 1885 2692 meus.

2377 2597 2469 2689 2:7.
2503 2637 2776 2708 Σωτήριον
2809 2637 2902 2690 τοῦ
2931 2637 3224 2708 προσώπου
3264 2655 3366 2708 μου
3418 2637 3512 2692 καὶ
3546 2637 3575 2690 ὁ
3607 2635 3742 2701 Θεός
3774 2652 3899 2707 μου.

695 2799 775 2872 (α)
814 2800 874 2853 ν.
909 2801 1012 2866 22,
1053 2798 1156 2853 Διὰ
1204 2797 1255 2850 τί
1288 2798 1616 2868 ἀπώσομαις
1655 2798 1750 2851 καὶ
1775 2797 1881 2862 ἵνα,
1917 2804 2048 2862 etc.,
2083 2793 2312 2865 ἐχθρόν;

1749 3034 2129 3092 ATHANASII
2173 3032 2767 3090 INTERPRETATIO.

693 3225 780 3282 15.
818 3223 882 3278 Et
914 3240 944 3279 a
973 3231 1198 3294 peccato
1243 3238 1401 3290 meo,
1462 3225 1613 3281 dicit.
1663 3222 1799 3278 Nam
1858 3217 2196 3275 Hermoniim
2227 3221 2268 3276 C

2375 3214 2460 3268 15.
2489 3216 2600 3268 Kal
2628 3215 2735 3269 ἀπὺ
2761 3217 2859 3288 τῆς
2888 3216 3161 3287 ἁμαρτίας
3195 3233 3316 3285 μου,
3357 3216 3524 3285 λέγει.
3576 3216 3898 3288 Ἐρμονιεὶμ

623 3321 1009 3390 interpretatur
1059 3317 1213 3372 dolor
1251 3318 1632 3384 anathematis,
1678 3314 1823 3387 quod
1866 3321 1949 3368 est
2000 3325 2196 3381 pecca-

2301 3305 2408 3378 γὰρ
2435 3307 2792 3378 ἑρμηνεύεται
2843 3307 3214 3378 ἀναθέματος
3275 3307 3463 3374 λύπη,
3503 3308 3639 3378 ὅπερ
3679 3310 3832 3362 ἐστὶν
3865 3311 3898 3381 ἡ

621 3422 756 3466 tum.

2300 3400 2561 3470 ἁμαρτία.

690 3503 776 3554 16.
808 3500 916 3556 Cor
949 3515 1133 3555 meum
1173 3500 1394 3555 invocat
1452 3494 1884 3552 misericordiam
1941 3501 2090 3547 tuam
2140 3490 2196 3545 in

2368 3491 2453 3544 16.
2499 3491 2564 3544 Ἦ
2599 3491 2792 3561 καρδία
2827 3508 2926 3561 μου
2963 3490 3025 3543 τὸ
3067 3490 3214 3556 ἔλεός
3239 3509 3332 3545 σου
3373 3492 3716 3547 ἐπικαλεῖται
3744 3495 3805 3548 ἐν
3826 3497 3893 3565 τῇ

618 3606 751 3646 voce
773 3592 956 3648 cultus
981 3590 1112 3646 mei.

2301 3585 2449 3652 φωνῇ
2483 3586 2582 3654 τῆς
2612 3582 2865 3652 λατρείας
2899 3599 3001 3651 μου
3036 3582 3133 3650 (1).

692 3686 777 3736 17.
818 3682 1022 3739 Omnes
1072 3695 1350 3736 sermones
1403 3679 1479 3734 tui
1535 3677 1910 3733 illuminantes
1952 3685 2228 3758 mentem_

2366 3678 2675 3739 17.Πόιντες
2701 3679 2749 3728 οἱ
2773 3677 2920 3744 λόγοι
2953 3695 3045 3730 σου
3074 3680 3122 3730 οἱ
3156 3679 3483 3747 φωτίζοντες
3513 3681 3613 3752 τὴν
3647 3681 3893 3737 διάνοιάν

619 3792 794 3832 meam
855 3776 925 3830 ad
994 3773 1464 3845 supcrcmlestium
1509 3771 1860 3835 altitudines,
1915 3779 1969 3825 et
2016 3770 2198 3840 fulgor

2301 3786 2400 3838 μου
2426 3769 2518 3820 ἐπὶ
2540 3767 2608 3820 τὰ
2638 3766 2747 3836 ὕψη
2779 3765 2887 3819 τῶν
2918 3768 3276 3838 ἐπουρανίων,
3329 3769 3424 3822 καὶ
3464 3774 3495 3841 ὴ
3544 3772 3743 3844 ἀπειλή
3793 3792 3891 3828 σου

617 3877 765 3933 tuus,
795 3869 888 3939 qui
921 3868 977 3922 in
1004 3867 1136 3937 ipsis
1157 3875 1260 3931 est,
1292 3866 1358 3920 ad
1387 3880 1482 3920 cor
1512 3880 1692 3919 meum
1730 3874 2120 3934 pervenerunt.

2299 3859 2574 3931 [ἀστραπή
2611 3859 2750 3932 σου],
2782 3861 2828 3912 οἱ
2859 3858 2943 3931 [ἡ]
2974 3860 3032 3910 ἐν
3066 3860 3246 3922 αὐτοῖς
3271 3859 3371 3930 (2),
3418 3861 3496 3925 εἰς
3531 3862 3629 3932 τὴν
3654 3866 3893 3936 καρδίαν

2340 3970 2401 4005 ου
2428 3949 2610 4005 ἦλθον.

686 4045 775 4101 18.
811 4043 1226 4115 Expergiscenti
1255 4042 1388 4098 mihi
1415 4056 1446 4096 a
1482 4049 1708 4112 peccato
1745 4039 1964 4096 exhibet
2011 4039 2199 4096 Domi-

2300 3971 2401 4024 μου
2428 3971 2610 4023 ηΑυον.

2370 4043 2456 4096 18.
2500 4042 2587 4094 Ἐν
2611 4040 2688 4112 τῷ
2725 4041 2996 4112 ἀνανῆψαι
3033 4059 3100 4112 με
3146 4043 3255 4096 ἀπὸ
3281 4043 3381 4115 τῆς
3425 4045 3703 4117 ἁμαρτίας
3736 4066 3887 4121 παρ-

615 4153 718 4193 nus
749 4135 1184 4192 misericordiam
1215 4149 1397 4189 suam.

2296 4135 2408 4204 έχει
2443 4133 2644 4204 Κύριος
2677 4133 2738 4186 τὸ
2767 4133 2912 4198 ἕλεος
2947 4134 3135 4188 αὐτοῦ.

684 4229 772 4284 19.
810 4227 877 4282 Ει
903 4228 1124 4284 demum
1163 4227 1378 4296 requies
1415 4241 1536 4281 mea
1573 4224 1850 4281 canticum
1898 4223 2020 4294 cjus
2049 4225 2194 4295 apud

2367 4228 2454 4282 19.
2491 4227 2600 4278 Kal
2631 4225 2815 4279 λοιπὸν
2860 4229 2894 4296 ἠ
2944 4227 3252 4292 ἀνάπαυσίς
3289 4245 3391 4299 μου
3438 4228 3554 4302 ᾠδὴ
3595 4231 3764 4286 αὐτοῦ
3808 4235 3891 4304 (3)

614 4338 702 4377 me
731 4333 836 4377 εει.

2299 4319 2410 4371 ἐστι
2447 4319 2576 4388 παρ’
2612 4318 2756 4388 ἐμοί.

683 4415 775 4470 20.
818 4414 928 4471 Oro
961 4415 1026 4470 ad
1053 4414 1342 4468 Dominum
1372 4413 1493 4468 vitae
1519 4427 1673 4478 meae,

2365 4411 2456 4466 20.
2485 4411 2865 4483 Προσεύχομαι
2896 4411 2974 4483 τῷ
2998 4411 3117 4482 Θεῷ
3143 4413 3244 4482 τῆς
3269 4412 3416 4483 ζωῆς
3452 4432 3578 4484 μου,

682 4507 773 4561 21.
807 4506 873 4560 Ει
900 4507 1022 4562 dico
1057 4507 1200 4577 ipsi:
1230 4505 1524 4576 Susceptor
1564 4521 1720 4561 meus
1750 4522 1830 4560 es.
2223 4559 2265 4577 λ

2223 4559 2265 4577 λ
2363 4503 2454 4556 21.
2491 4505 2600 4556 Kal
2631 4504 2775 4572 λέγω
2807 4505 2984 4574 αὐτῷ’
3030 4505 3398 4576 Ἀντιλήπτωρ
3443 4524 3544 4576 μου
3568 4505 3636 4561 εἶ.

680 4559 771 4652 éé.
803 4559 869 4653 ἐξ
892 4559 1481 4669 .{.‘..‘..:.......1;...:..
1509 4559 1723 4661 incedo,
1755 4559 1884 4653 .1...
1924 4597 2060 4652 mihi
2084 4598 2188 4652 do-
2222 4559 2268 4616 θ

2368 4596 2456 4649 22.
2478 4596 2588 4650 Kal
2611 4597 2694 4649 ἵνα
2727 4598 2778 4649 τί
2800 4599 3184 4669 ἐσκοτισμὲνος
3215 4599 3519 4672 πορεύομαι
3547 4603 3604 4656 ἐν
3624 4601 3703 4673 τῷ
3723 4620 3890 4658 κατα·

611 4693 854 4747 minatur
893 4693 1167 4747 diabolus.

2295 4691 2639 4745 δυναστεύειν
2665 4708 2765 4761 μου
2794 4691 2882 4744 τὸν
2907 4691 3180 4758 διάϐολον;

679 4783 751 4838 23
769 4825 784 4848 ,
819 4782 908 4836 24.
945 4783 1081 4836 Dum
1105 4782 1287 4836 anima
1315 4796 1431 4835 mea
1457 4789 1681 4850 peccato
1705 4781 2029 4849 conteritur,
2057 4798 2190 4837 cou-

2362 4783 2452 4848 25,
2492 4783 2582 4836 24.
2625 4784 2712 4836 Ἑν
2739 4783 2817 4853 τῷ
2851 4783 3231 4854 συντρίϐεσθαι
3278 4785 3380 4856 τὴν
3409 4785 3588 4856 ψυχήν
3624 4803 3726 4856 μου
3781 4788 3890 4842 ὑπὸ

611 4875 883 4932 viciantur
914 4875 1047 4929 mihi
1075 4875 1367 4931 daemones.

2247 4873 2253 4880 ’
2296 4876 2393 4946 τῆς
2417 4876 2712 4948 ἁμαρτίας,
2739 4877 3056 4940 ὀνειδίζουσί
3090 4895 3156 4948 με
3185 4879 3233 4931 οἱ
3253 4877 3525 4948 δαίμονες.

678 4969 768 5024 25.
801 4967 916 5038 Ego
938 4957 1262 5024 autem'dico
1285 4969 1482 5024 animas
1504 4983 1636 5024 mea:
1661 4988 1672 5022 :
1693 4967 1873 5034 Quare
1899 4969 2068 5024 tristis
2091 4971 2185 5025 es?

2366 4967 2455 5020 25.
2507 4965 2646 5034 Ἐγὼ
2689 4967 2915 5036 δὲλέγω
2965 4970 3030 5038 τῇ
3081 4967 3226 5039 ψυχῇ
3279 4985 3401 5038 μουο
3436 4969 3553 5020 Ἰνα
3581 4968 3633 5021 τί
3664 4970 3886 5042 περίλυ-

2297 5079 2397 5125 πος
2427 5058 2507 5126 εἷς

677 5149 767 5205 26.
802 5149 970 5220 Spera
1002 5151 1054 5205 iu
1079 5149 1330 5213 Domino,
1361 5149 1621 5220 quoniam
1663 5150 1980 5207 misericors
2000 5160 2104 5206 est.
2131 5162 2184 5206 et

2368 5153 2455 5208 26.
2504 5155 2762 5209 Ἔλπισον
2797 5155 2890 5209 ἐπὶ
2935 5155 3026 5208 τὸν
3090 5156 3325 5226 Κύριον,
3352 5157 3434 5210 ὅτι
3469 5158 3714 5229 ἐλεήμων
3741 5161 3886 5228 ἐστὶ,

610 5243 868 5298 conﬁtere
905 5244 1030 5312 ipsi.

2302 5247 2396 5299 καὶ
2431 5246 2823 5318 ἐξομολόγησαι
2859 5247 2933 5319 (4)
2971 5248 3139 5318 αύτῷ.

679 5335 767 5390 27.
800 5334 960 5392 Salus
983 5337 1126 5392 enim
1162 5338 1358 5392 anima:
1382 5352 1514 5394 mea:
1547 5337 1691 5393 Deus
1724 5353 1880 5393 meus
1904 5348 2005 5394 est.

2371 5339 2461 5392 27.
2495 5340 2743 5410 Σωτηρία
2778 5341 2885 5411 γὰρ
2914 5344 3013 5411 τῆς
3034 5341 3212 5411 ψυχῆς
3243 5358 3343 5413 μου
3375 5343 3402 5394 ὁ
3425 5339 3556 5405 Θεός
3589 5348 3694 5412 μοῦ
3713 5343 3882 5397 ἐστιν.

1563 5541 1871 5605 Addenda
1903 5549 1963 5605 et
1995 5541 2372 5620 corrigenda
2424 5561 2502 5604 ex
2535 5543 2676 5604 cod.
2717 5543 2917 5605 \‘atic.

675 5704 756 5847 (2i
786 5705 985 5831 ﬁfai
1015 5776 1230 5831 ἀπειλαί
1259 5794 1369 5848 σου,
1400 5779 1454 5830 αἱ
1481 5779 1538 5833 ἐν
1561 5782 1758 5842 αυτοῖς.
2362 5709 2441 5832 1
2461 5711 2659 5834 .
2687 5780 3166 5865 ἐξομολογήσομαι.
