4060 6460
181 414 283 468 817
1080 411 1167 465 DE
1202 408 1483 465 TITULIS
1522 406 1976 463 PSALMORUM.
2018 436 2088 447 ——
2124 404 2319 463 PSAL.
2363 403 2521 461 XLII.
3346 401 3450 460 818

509 533 758 604 Ψαλμός
783 532 863 599 τῷ
894 533 1089 587 Δαϐίδ.
1121 537 1293 588 ΨΑΛ.
1333 528 1470 586 MB'.
1802 532 1846 586 Α

1802 532 1846 586 Α
2212 548 2459 603 pimus
2492 547 2685 602 David.
2726 546 2921 603 PSAL.
2954 544 3139 601 XLII.

260 625 311 680 1.
342 627 541 697 Κρῖνόν
572 644 684 697 μοι,
710 629 738 680 6
774 626 926 691 Θεὸς,
967 626 1063 680 καὶ
1104 625 1321 679 δίκασον
1341 624 1439 694 τὴν
1462 621 1615 693 δίκην
1670 638 1772 690 μου

1953 642 2004 695 1.
2046 640 2239 696 Judica
2268 656 2374 706 me,
2414 640 2577 706 Deus,
2625 651 2679 695 et
2716 641 2965 697 discerne
3006 652 3230 695 causam
3272 648 3450 691 meam

186 717 248 780 ἐξ
274 718 459 781 ἔθνους
485 719 582 789 οὐχ
603 719 771 772 ὁσίου·

1875 730 1941 785 ile
1966 740 2124 799 gente
2146 746 2252 785 non
2281 739 2469 785 sancta
2494 747 2507 784 :

257 802 315 858 9..
353 802 484 854 Ἀπὸ
514 804 800 875 ἀνθρώπου
827 804 1013 857 ἀδίκου
1043 804 1137 857 καὶ
1178 802 1353 857 δολίου
1388 801 1545 873 ῥῦσαί
1571 811 1661 872 με·

1583 811 1661 870 με·
1947 820 2002 873 2.
2036 821 2118 875 Ab
2148 821 2370 876 homine
2391 821 2579 892 iniquo
2600 830 2652 875 et
2680 821 2873 876 doloso
2893 836 3022 876 erue
3055 835 3141 876 me
3174 842 3186 879 :

261 892 316 946 3.
352 894 474 947 Ὅτι
507 895 570 947 σὺ
606 890 659 948 εἴ
684 897 713 948 6
744 895 876 960 Θεὸς
908 896 1233 967 κραταίωμά
1261 914 1386 967 μου.

1950 914 2007 968 5.
2056 914 2194 979 Quia
2230 924 2288 967 tu
2314 929 2373 969 es
2399 890 2544 968 Deus
2566 912 2830 967 fortitudo
2860 928 2999 967 mea.

257 984 313 1036 4.
353 986 470 1039 Ἵνα
509 987 561 1038 τί
599 987 806 1041 ἀπώσω
839 1004 941 1056 με;

1948 1006 2002 1061 Δ.
2036 1005 2217 1072 Quare
2246 1022 2333 1061 me
2355 1006 2638 1075 repulisti?

261 1077 314 1130 5.
370 1078 481 1130 Kal.
528 1079 613 1132 ἵνα
665 1080 717 1133 τί
784 1079 1194 1152 σκυθρωπάζων
1253 1081 1551 1153 πορεύομαι
1598 1080 1655 1136 ὲν
1695 1079 1772 1153 τῷ

1955 1102 2008 1157 5.
2048 1101 2114 1158 Ει
2148 1117 2319 1172 quare
2353 1103 2527 1157 tristis
2554 1102 2747 1157 incedo
2774 1100 2903 1155 dum
2930 1097 3118 1169 afﬂigit
3155 1112 3243 1152 me
3271 1090 3454 1150 inimi-

186 1168 459 1222 ἐκθλίϐειν
490 1170 580 1223 τὸν
608 1171 797 1242 ἐχθρόν
821 1190 835 1236 ;
1877 1195 2019 1250 cus?

261 1259 315 1314 6.
350 1259 761 1324 Ἐξαπόστειλον
780 1263 839 1316 τὸ
860 1263 975 1331 φῶς
1010 1281 1101 1317 σου
1132 1264 1225 1317 καὶ
1254 1263 1350 1334 τὴν
1378 1263 1633 1335 ἀλήθειάν
1655 1281 1767 1317 cou-

1620 1281 1767 1318 ’σοῖν
1945 1287 1998 1340 6.
2035 1285 2233 1340 Emitte
2258 1286 2436 1339 lucem
2458 1291 2608 1338 tuam
2637 1294 2691 1337 et
2714 1283 2995 1338 veritatem
3033 1289 3180 1335 tuam
3210 1298 3223 1332 :

259 1351 316 1407 7.
360 1352 510 1406 Δύτά
566 1370 634 1424 με
685 1353 996 1426 ὡδήγησαν,
1028 1357 1121 1409 καὶ
1171 1357 1374 1427 ἧγαγόν
1427 1376 1494 1428 με
1532 1360 1611 1421 είς
1649 1358 1773 1430 ὅρος

1953 1377 2004 1431 7.
2041 1376 2157 1447 Ipsa
2194 1392 2280 1430 me
2315 1376 2661 1429 deduxerunt
2684 1413 2699 1438 ,
2744 1384 2798 1429 et
2834 1372 3179 1427 adduxerunt
3204 1368 3261 1422 in
3289 1380 3449 1423 mon-

186 1444 347 1511 ἆγιόν
384 1461 501 1508 σου,

1878 1478 1986 1523 tem
2013 1478 2261 1525 sanctum
2294 1479 2444 1522 tuum
2465 1506 2480 1531 ,

261 1536 315 1589 8.
350 1536 460 1588 Καὶ
484 1538 565 1600 είς
583 1537 651 1590 τὰ
684 1537 1019 1610 σκηνώματα
1043 1558 1156 1595 σου.

1092 1558 1156 1595 δυ·
1950 1562 2002 1617 8.
2038 1560 2103 1614 Ει
2128 1562 2182 1615 in
2207 1558 2557 1614 tabernacula
2583 1566 2695 1611 tua.

258 1626 311 1681 9.
333 1628 443 1681 Καὶ
467 1629 844 1701 εἰσελεύσομαι
873 1632 1007 1703 πρὸς
1021 1633 1081 1685 τὸ
1104 1634 1482 1706 θυσιαστήριον
1506 1635 1597 1688 τοῦ
1613 1634 1767 1699 Θεοῦ,

1231 1636 1482 1706 αστήριον
1506 1635 1597 1688 τοῦ
1613 1634 1767 1699 θεοῦι
1948 1653 2001 1708 9.
2043 1651 2108 1707 Et
2140 1652 2376 1706 introibo
2409 1650 2476 1704 ad
2500 1649 2672 1703 altare
2708 1646 2834 1714 Dei;

258 1719 345 1773 10.
388 1720 532 1790 Πρὸς
552 1722 643 1774 τὸν
664 1722 798 1775 Θεὸν
825 1724 1182 1795 εὐφραίνοντα
1224 1728 1325 1797 τὴν
1354 1729 1577 1798 νεότητά
1612 1746 1731 1799 μου’

1946 1746 2031 1798 10.
2062 1724 2144 1799 Ad
2190 1743 2398 1809 Deum,
2444 1742 2539 1813 qui
2584 1741 2822 1796 laetiﬁcat
2852 1739 3189 1809 juventutem
3231 1751 3450 1793 meam:

258 1811 345 1864 11.
414 1812 907 1886 Ἐξομολογήσομαί
963 1834 1043 1870 σοι
1102 1819 1161 1871 ὲν
1221 1821 1441 1892 κιθάρᾳ,
1475 1823 1503 1874 6
1562 1822 1771 1889 Θεὸς,ό

1947 1838 2034 1891 11.
2066 1836 2379 1892 Confitebor
2406 1811 2505 1890 tibi
2528 1834 2583 1888 in
2612 1835 2843 1900 cithara,
2868 1831 3033 1899 Deus,
3049 1830 3191 1888 Deus
3212 1846 3380 1885 meus.

184 1901 320 1964 Θεὸς
356 1920 477 1973 μου.

262 1993 350 2048 12.
379 1997 493 2049 Ἵνα
527 1998 579 2050 τί
626 2000 923 2071 περίλυπος
951 1998 1020 2067 εἴ,
1056 2004 1089 2072 ἡ
1121 2003 1263 2074 ψυχή
1298 2022 1435 2073 μου;
1472 2006 1563 2058 καὶ
1588 2006 1673 2058 ἵνα
1718 2006 1771 2059 τί

1949 2016 2033 2069 12.
2069 2015 2250 2082 Quare
2283 2015 2457 2071 tristis
2495 2029 2585 2081 es,
2626 2013 2809 2069 anima
2845 2012 3005 2067 mea?
3039 2020 3093 2067 et
3125 2021 3295 2079 quare
3322 2019 3450 2060 con-

186 2088 584 2157 συνταράσσεις
612 2109 679 2160 με
697 2109 710 2156 ;

618 2109 710 2160 με;
1876 2109 2063 2164 turbas
2096 2110 2221 2163 me?

254 2180 342 2232 15.
363 2181 619 2236 Ἔλπισον
639 2183 733 2236 ἐπὶ
752 2184 841 2239 τὸν
852 2184 1002 2250 Θεὸν,
1018 2187 1099 2239 ὅτι
1113 2186 1575 2262 ἐξομολογήσομαι
1588 2193 1734 2265 αὐτῷ
1752 2213 1763 2224 ·

1641 2193 1763 2265 ὅτῷ·
1948 2200 2035 2253 15.
2072 2198 2240 2268 Spera
2268 2199 2324 2253 in
2350 2198 2483 2263 Deo,
2522 2198 2782 2267 quoniam
2806 2196 3105 2252 conﬁtebor
3131 2194 3244 2249 illi:

259 2270 344 2323 14.
386 2272 661 2345 Σωτήρων
710 2275 805 2329 τοῦ
858 2276 1149 2349 προσώπου
1178 2298 1278 2351 μου
1303 2282 1396 2335 καὶ
1432 2285 1459 2336 6
1488 2283 1619 2348 Θεός
1644 2304 1764 2357 μου.
1800 2309 1842 2363 Β

1519 2285 1619 2348 led;
1644 2304 1764 2357 μου.
1800 2309 1842 2363 Β
1944 2292 2032 2347 14.
2075 2291 2324 2347 Salutare
2345 2292 2528 2347 vultus
2555 2290 2659 2344 mei
2698 2299 2752 2343 et
2776 2288 2919 2343 Deus
2946 2303 3122 2342 meus.

1309 2460 1682 2521 ATHANASII
1722 2466 2309 2522 INTERPRETATIO.

368 2582 707 2654 προκειμένη
754 2586 1033 2659 ἐπιγραφὴ
1085 2590 1327 2661 περιέχει
1358 2594 1457 2663 (1)’
1513 2598 1759 2666 Ψαλμὸς
1815 2598 1895 2664 τῷ
1949 2602 2146 2655 Δαϐίδ·
2204 2603 2502 2668 τουτέστιν,
2552 2605 2580 2655 ὁ
2642 2600 2854 2672 ψαλμδς
2904 2595 3056 2664 οὗτος
3111 2600 3325 2673 εἴρηται
3373 2597 3451 2671 τῷ

180 2669 496 2766 πταίσαντι,
524 2674 617 2725 καὶ
647 2676 706 2728 ὲν
739 2679 997 2750 μετανοίᾳ
1026 2680 1251 2737 ἐλθόντι.
1286 2685 1451 2739 Δαϐὶδ
1482 2687 1589 2761 γὰρ
1616 2690 1976 2761 ἑρμηνεύεται
2009 2696 2481 2766 ἐξουθενημένος
2511 2697 2606 2749 καὶ
2632 2669 2983 2762 ἧλεέυιένος,
3002 2691 3145 2763 ὅ’περ

180 2757 440 2829 εὑρήσεις
464 2764 546 2826 είς
574 2764 666 2819 τὸν
699 2768 1077 2841 ἡμαρτηκότα,
1131 2777 1233 2828 καὶ
1258 2779 1339 2842 είς
1367 2757 1660 2849 μετάνοιαν
1683 2757 1924 2840 έλθόντα.

261 2851 477 2911 Titulus
504 2858 799 2930 inscriptus
837 2868 1080 2921 continet
1114 2888 1125 2923 :
1159 2869 1409 2926 Psalmus
1442 2875 1637 2930 David.
1674 2878 1790 2936 Hoc
1821 2892 1926 2947 est,
1962 2882 2052 2939 hic
2081 2898 2327 2953 psaimus
2357 2884 2535 2938 dictus
2561 2890 2643 2936 est
2667 2880 2736 2934 ab
2793 2892 2881 2942 eo,
2915 2894 3008 2948 qui
3039 2864 3256 2942 cecidit,
3299 2888 3355 2935 et
3392 2880 3450 2935 in

182 2948 563 3013 paenitentiam
605 2958 772 3008 venit.
806 2954 974 3011 David
1020 2961 1165 3014 enim
1199 2963 1589 3035 interpretatur
1631 2972 1896 3041 neglectus
1936 2987 1992 3032 et
2021 2948 2448 3031 misericordiam
2479 2982 2826 3040 consecutus,
2850 2980 3148 3042 utrumque
3179 2974 3434 3029 convenit

183 3038 239 3092 in
266 3056 414 3105 eum,
444 3043 537 3112 qui
568 3056 777 3113 peccat,
805 3056 858 3101 et
880 3049 946 3102 ad
980 3052 1357 3118 pmnitentiam
1385 3038 1749 3116 convertitur.

255 3133 305 3229 1.
355 3134 810 3229 Σπλαγχνίσθητι,
846 3142 873 3193 ὁ
907 3141 1108 3215 Κύριος
1132 3147 1228 3217 (2),
1258 3151 1350 3203 καὶ
1379 3152 1518 3223 ὁρῶν
1549 3170 1616 3223 με
1651 3155 1766 3207 ἀδι-

1945 3150 1996 3203 1.
2036 3148 2312 3215 Miserere,
2364 3152 2613 3217 Domine,
2648 3165 2701 3209 et
2752 3156 2942 3211 videns
2988 3172 3074 3211 me
3116 3157 3300 3228 inique
3329 3173 3447 3229 per-

180 3224 448 3294 κούμενον
480 3227 584 3280 ὑπὸ
604 3229 712 3282 τῶν
743 3233 999 3289 ἐναντίων
1027 3238 1332 3309 δυνάμεων,
1371 3243 1644 3315 λύτρωσαί
1675 3263 1763 3317 με.

1675 3263 1763 3317 με,
1873 3249 2164 3295 tractatum
2194 3258 2221 3296 a
2251 3244 2542 3298 contrariis
2584 3248 2944 3315 potestatibus
2967 3248 3137 3303 libera
3160 3224 3266 3305 me.

250 3316 305 3369 2.
349 3317 480 3370 Ἀπὸ
510 3320 604 3374 τοῦ
634 3324 897 3393 διαϐόλου,
929 3329 1073 3397 λέγει
1107 3331 1202 3403 (5).
1682 3316 1685 3317 ν

960 3330 1073 3397 έγει
1107 3331 1202 3403 (δ).
1682 3316 1685 3317 ⁷
1942 3331 1996 3385 2.
2027 3334 2069 3386 Α
2099 3332 2341 3400 diabolo,
2367 3334 2560 3404 inquit.

247 3408 301 3461 5.
338 3409 461 3462 Ὅτι
487 3412 550 3465 σύ
576 3408 629 3467 εἴ
663 3416 696 3486 ἡ
735 3416 954 3488 βοήθειά
983 3439 1103 3491 μου.

1945 3426 1999 3480 5.
2030 3425 2303 3491 Quoniam
2330 3438 2384 3482 tu
2411 3444 2468 3484 es
2496 3430 2761 3485 auxilium
2794 3447 2996 3487 meum.

244 3500 299 3554 4.
336 3502 454 3555 Ἵνα
480 3504 534 3557 τί
557 3507 868 3579 ἀπέρῤιψάς
898 3529 1001 3581 με;

1941 3517 1992 3570 4.
2028 3517 2209 3582 Quare
2246 3534 2332 3573 me
2364 3518 2682 3589 proiecisti?

248 3594 302 3646 5.
328 3595 440 3648 Καὶ
468 3595 553 3663 ἵνα
573 3598 625 3650 τί
655 3600 1036 3672 ὲσκοτισμένος
1065 3605 1367 3679 πορεύομαι
1397 3609 1455 3663 ὲν
1479 3611 1557 3683 τῷ
1598 3627 1761 3668 κατα-

1939 3605 1992 3659 5.
2026 3605 2093 3661 Et
2126 3623 2299 3677 quare
2328 3609 2723 3668 obtenebratus
2755 3615 2970 3677 incedo.
3014 3616 3144 3671 dum
3186 3618 3318 3673 mihi
3353 3620 3442 3674 ἀο-

178 3683 525 3737 δυναστεύειν
563 3704 664 3757 μου
695 3688 785 3742 τὸν
818 3690 1089 3761 διὰ6ολον;

831 3690 1089 3761 5ιὰ6ολον;
1794 3693 1836 3751 C
1870 3700 2111 3753 minatur
2144 3700 2434 3757 diabolus?

252 3775 306 3827 6.
345 3774 756 3838 Ἐξαπόστειλον
787 3781 879 3837 τὸν
906 3782 1033 3836 Υίόν
1077 3802 1192 3853 σου,
1212 3790 1307 3840 καὶ
1336 3789 1397 3841 τὸ
1428 3789 1652 3863 Πνεῦμα
1674 3809 1765 3846 σου

1940 3792 1993 3847 6.
2035 3791 2186 3848 Mitte
2246 3793 2448 3851 Filium
2519 3807 2717 3865 tuum,
2770 3810 2824 3855 et
2878 3801 3138 3872 Spiritum
3196 3812 3443 3859 sanctum

177 3880 239 3919 το
268 3866 441 3934 ἅγιον.

1869 3891 2045 3939 tuum.

251 3959 305 4021 7,
335 3959 387 4013 8.
420 3961 570 4014 Αὐτά
597 3980 665 4032 με
684 3963 778 4017 νῦν
800 3964 1089 4037 ὡδήγησαν
1105 3967 1223 4039 [καὶ
1254 3970 1505 4043 ἤγαγον),
1524 3976 1767 4047 ὑπομνη-

1942 3976 2004 4041 '7,
2044 3976 2099 4032 8.
2134 3976 2254 4047 Ipsa
2294 3994 2381 4033 me
2418 3996 2565 4034 nunc
2602 3981 2952 4038 deduxerunt
2991 3994 3046 4039 et
3083 3984 3441 4047 adduxerunt.

181 4051 377 4119 σθῆναι
404 4054 503 4123 τῆς
530 4054 781 4125 οὐρανίου
808 4057 1078 4123 πολιτείας
1120 4063 1214 4115 καὶ
1263 4064 1370 4119 τῶν
1408 4068 1637 4121 αἰωνίων
1673 4088 1763 4124 σου

1869 4078 1926 4121 ιιι
1960 4071 2282 4125 recordarer
2321 4072 2560 4127 caelestis
2610 4077 3064 4144 conversationis,
3121 4087 3177 4133 et
3218 4088 3441 4133 aeterna-

178 4143 396 4197 ἁναπαύ
404 4162 538 4199 σεων
566 4146 663 4219 (4).

1866 4176 1988 4214 rum
2020 4168 2238 4215 tuarum
2265 4163 2594 4232 requietum.

248 4238 304 4291 9.
332 4238 442 4290 Καὶ
461 4242 527 4308 τῇ
557 4239 764 4311 διανοίᾳ
787 4242 1019 4296 εἰσέλθω
1043 4246 1120 4309 είς
1144 4245 1201 4299 τὸ
1224 4248 1541 4317 ἐπουράνιον
1572 4250 1760 4306 θυσια-

1934 4253 1987 4308 9.
2020 4253 2085 4307 Ει
2113 4264 2292 4310 mente
2323 4256 2601 4327 ingredior
2624 4258 2689 4314 ad
2715 4260 3103 4330 supercmleste
3131 4261 3303 4317 altare
3324 4260 3439 4317 Dei.

179 4331 403 4400 στήριον
435 4331 528 4384 τοῦ
568 4332 721 4387 Θεοῦ.

248 4423 335 4477 10.
370 4424 476 4476 Τὸν
505 4424 883 4498 εὐφραίνοντα,
911 4428 1078 4497 λέγει,
1115 4430 1292 4502 ψυχήν
1319 4451 1438 4503 μου.

1934 4432 2020 4487 10.
2055 4432 2464 4501 Laetificantem,
2498 4438 2701 4506 inquit,
2728 4439 2967 4493 animam
3005 4456 3202 4495 meam.

244 4517 333 4571 11.
362 4517 601 4584 Δοξάσω,
633 4518 800 4588 λέγει,
832 4523 889 4574 ὲν
926 4527 991 4594 τῇ
1013 4523 1156 4595 ψυχῇ
1190 4543 1310 4595 μου,
1334 4528 1427 4579 καὶ
1460 4530 1516 4581 ὲν
1546 4528 1622 4599 τῷ
1656 4527 1757 4581 σώ-

1936 4526 2019 4582 11.
2058 4526 2411 4589 Gloriﬁcabo,
2441 4528 2641 4597 inquit,
2674 4532 2729 4586 in
2764 4530 2947 4584 anima
2978 4547 3097 4585 mea
3118 4572 3132 4595 ,
3166 4542 3220 4587 et
3245 4533 3297 4586 in
3321 4550 3437 4588 eor-

177 4628 330 4677 ματι,
357 4610 634 4681 νεκρὼσας
658 4615 721 4684 τῇ
756 4615 1001 4687 ἁμαρτία
1028 4616 1147 4669 ὅλον
1177 4619 1385 4673 ἑαυτόν
1416 4621 1614 4692 κιθάρα
1648 4622 1756 4693 γὰρ

1859 4634 1990 4689 pore
2027 4619 2364 4675 mortiﬁcans
2410 4628 2582 4675 totum
2626 4624 2892 4692 meipsum
2942 4626 3435 4694 peccatozcithara

174 4700 332 4767 ξύλον
364 4702 481 4754 ἐστὶ
512 4703 672 4773 ξηρὸν
699 4704 819 4774 ἔχον
844 4705 1031 4776 νεῦρα,
1067 4708 1295 4779 ἀόρατον
1350 4710 1533 4781 φωνὴν
1562 4712 1756 4763 ἀποτε-

1857 4714 1999 4767 cnim
2049 4722 2134 4767 est
2187 4714 2395 4783 lignum
2440 4716 2651 4771 aridum
2684 4718 2889 4773 habens
2926 4735 3145 4784 nervos,
3192 4719 3435 4774 invisibi-

174 4792 345 4845 κοῦσα
379 4794 455 4864 (5)
497 4796 615 4848 κατ’
641 4796 916 4867 ἐνέργειαν
937 4798 1031 4851 τοῦ
1063 4799 1334 4863 κινοῦντος
1368 4802 1553 4873 αὐτήν.

1857 4810 1961 4861 lem
2012 4820 2198 4860 vocem
2245 4809 2502 4864 emittens
2546 4810 2845 4864 secundum
2894 4813 3265 4881 operationem
3316 4828 3432 4867 eam

1855 4897 2145 4952 moventis.

244 4971 331 5024 12.
359 4968 477 5024 Ἵνα
509 4971 562 5023 τί
594 4972 763 5036 οὕτως
787 4975 1037 5043 ἀπέγνως
1068 4978 1290 5047 ὲαυτῆς;
1780 5042 1820 5059 ἢ

1780 5042 1820 5059 ἢ
1926 4987 2011 5040 12.
2047 4986 2228 5051 Quare
2258 4987 2333 5040 ita
2357 4986 2423 5041 de
2450 4996 2501 5041 te
2537 4988 2650 5057 ipsa
2677 4988 3020 5059 desperasti?

238 5065 327 5117 15.
364 5063 623 5117 Ἔλπισον
650 5067 741 5119 ἐπὶ
776 5067 866 5121 τὸν
892 5042 1022 5121 Θεὸν
1045 5070 1134 5123 τὸν
1158 5042 1397 5133 σιύζοντα
1420 5073 1544 5135 τοὺς
1579 5089 1746 5143 προσ-
1780 5042 1823 5098 D

1932 5075 2015 5129 15.
2053 5075 2221 5145 Spera
2256 5077 2310 5129 in
2339 5074 2532 5141 Deum,
2576 5079 2667 5148 qui
2713 5081 2889 5133 salvat
2916 5081 2984 5136 ad
3016 5097 3074 5137 se
3116 5084 3434 5157 confugien-

170 5155 473 5223 φεύγοντας
498 5156 669 5227 αὐτῷ,
700 5160 782 5212 ὅτι
840 5160 994 5229 κάγὼ
1032 5162 1208 5231 μέλλω
1239 5162 1388 5234 αὐτῷ
1426 5164 1748 5235 ἐξομολογή-

1539 5164 1748 5235 ιολογή-
1854 5177 1959 5233 tes,
1986 5169 2249 5237 quoniam
2274 5175 2327 5222 et
2357 5184 2459 5238 ego
2492 5170 2595 5241 ipsi
2617 5170 2970 5229 confessurus
3002 5189 3142 5228 sum.

172 5247 367 5300 σασθαι
400 5246 494 5315 (6).

239 5338 327 5392 14.
360 5341 531 5405 Αὐτός
561 5342 706 5395 ἐστιν
732 5344 758 5396 ὁ
780 5343 911 5407 Θεός
945 5363 1046 5416 μου
1078 5346 1173 5418 (7).

1041 5366 1046 5396 ι
1078 5346 1173 5418 (7).
1922 5351 2010 5409 M.
2040 5348 2161 5420 Ipse
2182 5360 2265 5406 est
2297 5350 2444 5407 Deus
2471 5370 2644 5408 meus.

1120 5526 1427 5588 Addenda
1462 5534 1518 5587 et
1571 5526 1949 5605 corrigenda
1983 5546 2059 5589 ex
2094 5529 2233 5589 eod.
2270 5530 2474 5591 Vatic.

233 5643 308 5720 (l)
362 5644 666 5720 '_lj6_t&_tﬁ;
713 5648 1080 5720 κινναϐάρεως
1113 5666 1231 5720 περ,
1909 5648 1985 5715 (5)
2031 5648 2409 5720 ’ᾼποτελοῦσα.

236 5714 311 5788 (:3)
460 5715 608 5788 986g.
947 5714 955 5720 ⁷
1188 5714 1198 5720 ’
1917 5714 1991 5783 (6)
2038 5719 2516 5788 Ἐξομυλογεῖσθαι.

341 5785 525 5862 Αέγεμι,
547 5787 703 5862 ῥῦσαί
736 5808 821 5857 με.

1924 5791 1997 5857 (7)
2032 5783 2169 5855 Mdu,
2200 5783 2493 5862 γαὶσωτήρ
2526 5808 2648 5860 μου.

229 5855 302 5917 (4)
340 5856 735 5911 ’Ano).3tu'3:mv.
