4060 6470
622 361 724 418 819
1461 365 1519 420 S.
1563 363 1932 420 ATIIANASII
1970 364 2118 420 OPP.
2160 363 2340 418 PARS
2364 366 2456 422 lll.
2484 393 2553 405 -—
2591 359 3002 417 EXEGETICA.
3751 360 3860 418 8‘20

846 476 912 532 In
938 478 1094 548 ﬁnem
1125 491 1143 530 :
1170 477 1299 546 [iliis
1333 474 1466 533 Core
1493 478 1560 530 ad
1592 477 1931 532 intellectum.
2209 481 2253 537 Α
2285 477 2386 542 Εἰς
2439 493 2449 527 1

2285 477 2386 542 Εἰς
2439 475 2505 528 τὸ
2575 475 2777 540 τέλος,
2833 474 2957 540 τοῖς
3008 474 3158 540 υἱοῖς
3228 475 3377 544 Κορὲ
3443 477 3530 542 εὶς
3580 478 3856 537 σύνεσιν.

849 637 862 650 ο
1147 569 1350 625 PSAL.
1393 570 1614 624 XLIII.

2904 568 3066 620 ‘FAA.
3107 569 3249 620 ΜΓ.

682 667 733 720 1.
767 664 932 728 Deus,
960 663 1014 719 in
1040 664 1264 718 auribus
1293 666 1497 719 nostris
1524 665 1868 727 audivimus,

2353 657 2402 710 1.
2454 657 2510 708 '0
2540 656 2691 719 Θεὸς,
2728 657 2784 707 ἐν
2809 659 2918 720 τοῖς
2948 657 3078 710 ὠσὶν
3107 657 3259 727 ἡμῶν
3280 658 3609 730 ἠκούσαμεν,

679 757 736 811 3.
772 757 960 813 Patres
982 759 1153 812 nostri
1177 758 1638 813 aununtiaverunt
1670 759 1826 812 nobis

2356 750 2408 802 Ξ.
2440 750 2502 802 Ol
2533 748 2765 819 πατέρες
2793 747 2948 819 ἡμῶν
2982 749 3309 820 ἀνήγγειλαν
3341 752 3470 821 ἡμῖν

681 849 735 902 5.
771 847 955 918 Opus,
1006 848 1153 916 quod
1193 858 1451 918 operatus
1472 864 1534 904 es
1556 849 1610 903 in
1640 849 1832 903 diebus
1871 862 2095 907 eorum,
2126 845 2178 897 in

2356 842 2408 895 5.
2445 842 2665 911 Ἔργον,
2693 840 2980 911 ὃείργάσω
3012 842 3069 893 ἐν
3113 845 3231 905 ταῖς
3276 843 3510 913 ἡμέραις
3547 844 3759 907 αὐτῶν,
3806 848 3861 899 ἐν

611 939 803 994 diebus
829 939 1085 1008 antiquis.

2289 932 2522 1003 ἡμέραις
2553 932 2826 1003 ἀρχαίαις.

683 1030 734 1082 4.
774 1028 965 1083 Manus
1000 1037 1091 1083 tua
1119 1037 1308 1100 gentes
1331 1029 1748 1100 disperdidit,et
1771 1030 2024 1100 plantasti
2048 1044 2177 1082 eos:

2358 1025 2411 1076 4.
2445 1026 2508 1076 Ἦ
2534 1025 2654 1095 χείρ
2677 1041 2769 1077 σου
2791 1023 2918 1094 ἔθνη
2947 1023 3328 1095 ἐξωλὸθρευσε,
3348 1025 3441 1078 καὶ
3461 1026 3863 1094 κατεφύτευσας

2288 1112 2501 1175 αὐτούς·

683 1207 737 1260 5.
770 1205 1025 1260 Afﬁixisti
1051 1206 1302 1276 populos,
1334 1215 1390 1261 et
1424 1206 1680 1276 expulisti
1707 1221 1824 1261 eos.

2358 1205 2409 1258 5.
2457 1205 2774 1268 Ἐκάκωσας
2796 1205 2976 1269 λαοὺς,
3012 1207 3104 1258 καὶ
3125 1206 3373 1273 ἐξέϐαλες
3400 1208 3613 1272 αὐτούς.

686 1301 737 1353 6.
770 1298 880 1354 Nec
914 1301 1056 1355 enim
1090 1301 1142 1353 in
1174 1299 1353 1370 gladio
1396 1315 1498 1354 suo
1537 1302 1900 1369 possederunt
1931 1307 2127 1354 terram
2166 1319 2179 1354 ε

2363 1297 2414 1351 6.
2438 1298 2512 1349 Οὐ
2530 1297 2638 1368 γὰρ
2655 1301 2711 1350 ἐν
2727 1301 2791 1368 τῇ
2814 1299 3054 1369 ῥομφαίᾳ
3079 1299 3255 1354 αὐτῶν
3282 1302 3412 1370 ἐκλη
3423 1302 3723 1372 ρονόμησαν
3742 1301 3866 1372 γῆνο

686 1388 739 1443 7.
776 1389 839 1442 Et
861 1391 1143 1444 brachium
1165 1405 1352 1444 eorum
1390 1406 1497 1443 non
1528 1390 1758 1445 salvavit
1785 1404 1879 1443 eos
1915 1406 1928 1442 :

2369 1389 2418 1441 7.
2445 1390 2553 1441 Kal.
2581 1390 2610 1440 6
2639 1390 2879 1460 βραχίων
2905 1391 3082 1445 αὐτῶν
3115 1394 3214 1444 οὐκ
3243 1393 3443 1445 ἔσωσεν
3475 1395 3672 1456 αὐτούς
3691 1411 3703 1425 ·

685 1479 738 1534 8.
775 1479 877 1534 Sed
904 1481 1124 1535 dextera
1149 1489 1238 1534 tua
1271 1491 1322 1537 et
1350 1481 1634 1537 brachium
1682 1490 1866 1544 tuum,
1899 1490 1953 1535 et
1987 1479 2188 1534 illumi-

2367 1481 2418 1534 8.
2467 1481 2607 1533 Ἀλλ’
2636 1485 2667 1552 ἡ
2696 1482 2846 1548 δεξιά
2874 1500 2990 1550 σου,
3017 1484 3109 1537 καὶ
3137 1487 3164 1537 ὁ
3193 1485 3430 1556 βραχίων
3461 1502 3576 1547 σου,
3600 1487 3693 1540 καὶ
3715 1489 3744 1540 6
3769 1503 3879 1555 φω-

617 1572 766 1623 natio
790 1572 973 1626 vultus
1001 1572 1099 1635 tui,

2292 1570 2484 1639 τισμὸς
2514 1569 2605 1621 τοῦ
2635 1573 2929 1639 προσώπου
2959 1589 3072 1634 σου,

686 1659 737 1714 9.
765 1661 1033 1727 Quoniam
1064 1662 1436 1732 complacuisti
1473 1663 1524 1716 in
1555 1662 1656 1717 eis.

1627 1679 1656 1716 ι.
2365 1662 2416 1714 9.
2456 1662 2578 1714 ’Ὁτι
2606 1661 2904 1731 εὐδόκησας
2944 1666 3000 1717 ἐν
3030 1664 3230 1726 αὐτοῖς.

691 1750 777 1804 10.
811 1750 890 1805 Tu
919 1767 979 1806 es
1006 1753 1123 1821 ipse
1150 1767 1243 1806 rex
1276 1767 1430 1805 meus
1456 1760 1509 1805 et
1539 1751 1680 1805 Deus
1703 1766 1877 1818 meus,

2373 1753 2458 1806 10.
2491 1754 2561 1804 Σὺ
2598 1748 2648 1804 εἴ
2676 1753 2839 1817 αὐτὸς
2869 1756 2896 1806 6
2923 1754 3174 1823 βασιλεύς
3202 1773 3304 1827 μου
3331 1756 3425 1808 καὶ
3454 1758 3481 1809 6
3506 1756 3644 1826 ,θεός
3679 1772 3802 1826 μου,

690 1842 777 1894 11.
805 1839 907 1905 Qui
933 1841 1160 1895 mandas
1190 1840 1393 1896 salutes
1419 1840 1609 1896 Jacob.
2220 1839 2262 1896 Β

2220 1839 2262 1896 Β
2376 1846 2461 1898 11.
2504 1846 2560 1897 '0
2588 1845 2965 1915 ἐντελλόμενος
2994 1846 3093 1909 τὰς
3129 1847 3400 1918 σωτηρίας
3439 1847 3648 1899 Ἰακώϐ.

692 1932 780 1986 12.
815 1931 870 1985 In
897 1942 947 1985 te
978 1932 1232 1987 inimicos
1263 1943 1482 1986 nostros
1506 1932 1894 1986 ventilabimus
1924 1947 2116 1996 cornu,

2103 1971 2116 1996 ,
2370 1937 2456 1989 12.
2501 1936 2590 1989 Ἐν
2622 1939 2704 1989 σοὶ
2730 1939 2852 2000 τοὺς
2885 1937 3112 2008 ἐχθροὺς
3141 1939 3296 2008 ήμῶν
3325 1939 3706 2008 κερατιοῦμεν,

691 2023 777 2076 15.
835 2022 899 2076 Et
950 2022 1004 2075 in
1037 2012 1268 2077 nomine
1325 2031 1418 2077 tuo
1469 2038 1791 2093 speruemus
1849 2022 2194 2094 insurgentes

2374 2029 2458 2081 13.
2499 2028 2606 2080 Καὶ
2648 2031 2704 2081 ἐν
2757 2027 2834 2098 τῷ
2886 2029 3108 2099 ὀνόματί
3146 2046 3236 2081 σου
3284 2028 3708 2100 ὲξουδενώσομεν
3752 2029 3884 2092 τοὺς

619 2115 800 2168 nobis.

2300 2121 2762 2190 ἐπανισταμένους
2794 2123 2939 2190 ἡμῖν.

689 2203 777 2263 14.
804 2203 920 2258 Non
946 2205 1090 2259 enim
1120 2205 1172 2259 in
1200 2220 1327 2260 arcu
1357 2221 1476 2259 meo
1507 2205 1769 2274 sperabo:

2374 2211 2460 2264 14.
2493 2211 2567 2261 Οὐ
2595 2210 2703 2280 γὰρ
2742 2211 2834 2262 ἐπὶ
2863 2211 2941 2283 τῷ
2969 2212 3108 2284 τόξῳ
3138 2231 3236 2283 μου
3279 2212 3448 2265 ἐλπιῶ
3469 2229 3481 2243 ·

691 2296 777 2348 15.
804 2293 869 2349 Ει
901 2296 1109 2367 gladius
1140 2311 1294 2352 meus
1325 2312 1432 2350 non
1468 2297 1700 2351 salvabit
1731 2313 1837 2350 me.

2367 2301 2454 2356 15.
2488 2304 2596 2356 Καὶ
2624 2306 2656 2372 ἡ
2691 2303 2940 2373 ῥομφαία
2976 2321 3076 2373 μου
3105 2305 3165 2356 οὐ
3198 2303 3363 2356 σώσει
3399 2322 3487 2374 με.

1738 2433 2110 2489 ΑΤΠΑΝᾹΞΙΙ
2147 2433 2268 2490 ΙΝΤ
2283 2436 2754 2492 ERPRETATIO.

717 2547 766 2599 Η
798 2548 1136 2617 προκειμένη
1179 2547 1459 2617 ἐπιγραφὴ
1485 2547 1724 2618 περιέχει
1747 2548 1844 2619 (1)·
1870 2551 1973 2614 Εἱς
2002 2550 2068 2602 τὸ
2102 2550 2298 2615 τέλος,
2330 2549 2459 2613 τοῖς
2483 2549 2638 2614 υίοῖς
2667 2547 2819 2615 Κορὲ
2843 2549 2930 2613 είς
2959 2549 3215 2602 σύνεσιν
3242 2547 3339 2618 (α)·
3375 2547 3468 2600 καὶ
3494 2546 3695 2617 ἑτέρως
3717 2546 3782 2617 δὴ
3808 2547 3886 2614 (Ξ)

617 2639 720 2710 τὴν
742 2640 909 2710 αὐτὴν
955 2642 1249 2712 ἑρμηνείαν
1276 2642 1520 2712 εἴπομεν·
1547 2642 1691 2710 λέγει
1714 2642 1842 2712 γάρ’
1881 2643 1984 2707 Είς
2013 2643 2078 2695 τὸ
2111 2642 2308 2709 τέλος,
2349 2643 2474 2707 τοῖς
2499 2640 2654 2706 υἱοῖς
2678 2642 2830 2708 Κορὲ
2867 2645 2951 2706 εἰς
2978 2638 3251 2696 σύνεσιν.
3289 2642 3363 2694 Τὸ
3421 2642 3478 2693 δὲ
3527 2641 3670 2712 Κορέ
3710 2643 3887 2710 ἑρμη-

619 2733 833 2790 νεύεται
870 2737 1175 2804 φαλακρός
1202 2738 1298 2806 (5).
1329 2738 1452 2798 Τοῖς
1497 2731 1588 2789 οὖν
1618 2735 1822 2806 γυμνὸν
1846 2736 2027 2806 ἔχουσι
2054 2736 2113 2789 τὸ
2141 2737 2464 2808 ἡγεμονικὸν
2497 2739 2596 2808 τῆς
2649 2735 2875 2807 καρδίας
2907 2736 3016 2789 ἀπὸ
3064 2736 3238 2805 ἔργων
3271 2734 3371 2802 (4),
3404 2733 3496 2785 ἐπὶ
3536 2733 3678 2785 τέλει
3715 2735 3772 2787 δὲ
3799 2737 3884 2799 είς

624 2824 839 2880 σύνεσιν
867 2828 1177 2899 ἐρχομένων
1207 2831 1234 2882 ὁ
1256 2828 1467 2900 ψαλμὸς
1487 2821 1642 2891 οὗτος
1669 2828 1903 2899 εἴρηται.

691 2935 907 2992 Titulus
939 2939 1235 3010 inscriptus
1266 2941 1508 2994 continet
1535 2958 1547 2993 :
1578 2939 1645 2992 In
1670 2939 1994 3009 ﬁuem,ﬁliis
2011 2938 2144 2993 Core
2170 2940 2238 2992 ad
2259 2940 2697 3004 intellectum....;
2738 2947 2794 2994 et
2815 2940 2916 2992 alia
2944 2937 3391 3006 interpretatione
3411 2938 3483 2991 ita
3515 2938 3628 2990 haec
3644 2937 3889 3005 explica—

623 3046 746 3085 mus
773 3050 785 3085 :
809 3031 940 3086 dicit
969 3033 1114 3086 enim
1147 3054 1159 3087 :
1193 3032 1258 3087 In
1288 3035 1466 3104 ﬁnem,
1499 3036 1627 3105 ﬁliis
1651 3036 1783 3090 Core
1815 3037 1883 3089 ad
1910 3035 2258 3089 intellectum.
2288 3036 2428 3090 Core
2463 3045 2643 3089 autem
2673 3036 3096 3103 interpretatur:
3122 3033 3335 3088 Calvus.
3374 3031 3558 3101 Itaque
3586 3033 3655 3086 ah
3683 3033 3892 3086 haben-

625 3127 771 3182 tibus
799 3137 1032 3183 mentem
1065 3131 1244 3186 cordis
1261 3131 1515 3186 nudatam
1549 3133 1618 3188 ab
1639 3133 1916 3203 operibus,
1941 3134 1993 3186 in
2035 3134 2140 3187 ﬁne
2161 3142 2339 3187 autem
2375 3133 2428 3186 in
2472 3131 2806 3186 intellectum
2838 3129 3179 3184 venientibus
3196 3127 3558 3196 psalmusiste
3573 3127 3752 3181 dictus
3784 3142 3888 3184 est.

694 3240 746 3293 1.
778 3240 820 3292 Α
869 3241 1118 3299 ﬁdelibus
1187 3245 1319 3302 viris
1382 3248 1713 3318 accepimus,
1764 3263 1886 3317 quae
1927 3246 2199 3301 narraturi
2229 3250 2271 3307 C

2373 3244 2424 3297 1.
2445 3242 2602 3315 Παρὰ
2632 3243 2839 3296 πιστῶν
2872 3239 3078 3311 ἀνδρῶν
3108 3237 3544 3308 παρειλήφαμεν,
3565 3235 3600 3288 ἃ
3625 3237 3891 3308 μέλλομεν

622 3343 834 3386 8111111Ιᾶ

2312 3337 2612 3404 διηγεῖσθαι
2634 3336 2729 3404 (5).

699 3424 752 3475 2.
789 3422 1000 3492 Moyses
1022 3427 1077 3474 et
1109 3421 1387 3490 propheta:
1426 3422 1480 3476 in
1509 3423 1811 3495 Scripturis
1844 3439 2206 3484 narraverunt

2383 3425 2436 3477 2.
2475 3426 2682 3494 Μωσῆς
2715 3425 2806 3476 καὶ
2850 3424 2898 3475 οἱ
2936 3422 3208 3491 προφῆται
3248 3423 3335 3474 διὰ
3387 3423 3494 3474 τῶν
3537 3421 3771 3491 Γραφῶν
3817 3421 3893 3474 δι-

627 3519 694 3570 de
718 3514 995 3583 gentibus,
1023 3528 1161 3583 quas
1184 3513 1344 3583 ejecit
1374 3513 1538 3569 Deus.

2304 3517 2578 3586 ηγήσαντο
2609 3515 2863 3584 περὶτῶν
2885 3513 3072 3577 ἐθνῶν,
3101 3507 3174 3567 ὧν
3202 3513 3452 3577 ἐξέϐαλεν
3472 3516 3499 3565 6
3527 3513 3674 3575 Θεὸς.

697 3608 749 3662 ‘5.
785 3606 1071 3674 Quomodo
1114 3608 1169 3661 in
1213 3608 1466 3662 omnibus
1510 3609 1667 3665 bellis
1710 3612 1989 3667 debellasti
2039 3613 2205 3667 variis

2375 3611 2426 3663 5.
2465 3610 2538 3661 T6
2560 3609 2675 3672 πῶς
2704 3610 2760 3660 ἐν
2791 3608 3003 3676 ἑκάστῳ
3030 3607 3249 3676 πολέμῳ
3283 3604 3439 3667 αὐτὸς
3467 3604 3738 3674 διαφόροις
3767 3606 3893 3655 ἐπο-

630 3701 809 3755 modis
843 3700 1102 3754 inimicos
1125 3715 1337 3754 eorum.

2305 3702 2547 3770 λέμησας
2574 3703 2696 3763 τοὺς
2726 3699 2950 3768 ἐχθροὺς
2989 3697 3188 3748 αὐτῶν.

702 3794 755 3846 4.
789 3791 964 3846 Filius
1002 3799 1131 3845 tuus
1166 3791 1493 3859 disperdidit
1516 3808 1611 3849 eos
1634 3834 1648 3857 ,
1675 3804 1729 3848 et
1753 3796 1808 3849 in
1836 3796 2204 3850 luereditatem

2377 3793 2428 3845 4.
2467 3794 2524 3845 '0
2553 3791 2680 3853 Υίός
2734 3807 2824 3842 σου
2881 3788 3274 3858 ἐξωλόθρευσεν
3333 3789 3562 3851 αὐτοὺς,
3623 3789 3722 3840 καὶ
3761 3805 3901 3840 κατ-

632 3883 780 3938 dedit
805 3880 930 3934 ﬁliis
957 3879 1143 3934 Israel.

2306 3882 2693 3954 εκληροδότησε
2739 3881 2813 3951 (6)
2850 3881 2978 3944 τοὺς
3020 3883 3170 3943 υἱοὺς
3215 3880 3447 3951 Ἰσραήλ.

707 3971 760 4026 5.
802 3968 1132 4024 Vulneratos
1163 3981 1259 4022 eos
1284 3966 1339 4020 in
1373 3964 1553 4035 fugam
1587 3964 1888 4034 conjecisti.
2139 4012 2141 4014 .

2377 3973 2428 4026 5.
2456 3970 2935 4043 Τιτρωσκομένους
2964 3970 3162 4032 αὐτοὺς
3193 3970 3432 4038 φυγάδας
3466 3968 3747 4037 ἐποίησας.

704 4067 758 4119 6.
791 4064 908 4120 Non
957 4065 1104 4121 enim
1149 4077 1340 4118 eorum
1388 4060 1558 4114 armis
1605 4060 1967 4129 possederunt
2005 4070 2206 4115 terram

2378 4067 2430 4118 6.
2457 4066 2530 4117 Οὐ
2571 4063 2678 4135 γὰρ
2731 4063 2790 4115 ἐν
2828 4063 2938 4124 τοῖς
2994 4060 3176 4123 ὅπλοις
3218 4061 3394 4114 αὐτῶν
3444 4059 3900 4130 ἐκληρονόμησαν

633 4157 1034 4232 promissionis,

2308 4157 2403 4226 τὴν
2425 4157 2526 4226 γῆν
2546 4157 2646 4225 τῆς
2672 4154 3020 4222 ἐπαγγελίας,

708 4251 761 4305 7.
791 4249 858 4303 Et
885 4248 1127 4318 potentia
1146 4259 1335 4300 eorum
1367 4260 1475 4299 non
1502 4244 1734 4299 salvavit
1768 4259 1891 4309 eos;

2385 4245 2435 4297 7.
2470 4246 2580 4298 Kal.
2612 4247 2646 4314 ἡ
2679 4243 2964 4295 δυναστεία
2994 4241 3171 4294 αὐτῶν
3191 4239 3290 4291 οὐκ
3325 4237 3527 4289 ἔσωσεν
3564 4235 3782 4299 αὐτούς·

708 4340 762 4394 8.
793 4337 898 4393 Sed
953 4337 1268 4406 unigenitus
1310 4333 1480 4389 Filius
1513 4345 1640 4388 tuus
1661 4376 1675 4400 ,
1708 4334 1802 4403 qui
1842 4341 1926 4388 est
1959 4335 2211 4403 splendor

2382 4336 2434 4389 8.
2473 4336 2610 4387 Ἀλλ’
2640 4338 2667 4387 6
2696 4335 2988 4405 μονογενής
3026 4350 3118 4385 σου
3158 4331 3321 4394 Υἱὸς,
3371 4332 3399 4381 6
3428 4328 3501 4381 ὢν
3545 4328 3896 4398 ἀπαύγασμα

639 4432 824 4502 gloria:
847 4441 972 4484 tute.

2311 4429 2411 4497 τῆς
2447 4427 2604 4496 δόξης
2627 4443 2741 4478 σου.

708 4523 763 4587 9,
797 4521 884 4574 1-0.
920 4519 998 4575 Tu
1034 4536 1085 4573 es
1128 4520 1257 4587 ipse,
1289 4518 1382 4586 qui
1414 4526 1468 4570 et
1496 4526 1648 4583 tunc,
1695 4525 1749 4571 et
1795 4516 1851 4570 in
1900 4516 2210 4572 novissimis.

2384 4518 2437 4579 9,
2466 4517 2550 4569 10.
2572 4516 2645 4586 (7)
2663 4515 2746 4569 Σὺ
2780 4515 2837 4568 εἷ
2869 4519 2900 4567 ὁ
2919 4514 3102 4578 αὐτὸς
3126 4515 3153 4565 6
3174 4514 3315 4573 τότε,
3334 4512 3426 4564 καὶ
3441 4511 3527 4563 ἐπ’
3550 4509 3795 4579 ἐσχάτων
3818 4512 3899 4582 (8)

640 4613 1001 4682 temporibus.

2319 4609 2420 4662 τῶν
2447 4608 2669 4678 χρόνων.

713 4707 800 4760 11.
827 4703 929 4771 Qui
960 4718 1057 4774 per
1089 4711 1142 4756 te
1166 4701 1341 4770 ipsum
1376 4716 1603 4755 enarras
1635 4703 1889 4756 mandata
1923 4713 2033 4757 tua.
2249 4772 2263 4774 _

2389 4699 2475 4750 11.
2524 4699 2581 4750 Ὀ
2600 4698 2663 4749 δι’
2684 4697 2874 4749 ἐαυτοῦ
2898 4695 3252 4766 διηγούμενος
3267 4693 3336 4745 τὰ
3358 4690 3757 4762 προστάγματά
3780 4708 3897 4746 σου.

716 4797 802 4851 12.
827 4795 884 4851 In
909 4772 982 4859 te,
1004 4794 1199 4860 dicit,e
1223 4793 1402 4847 medio
1423 4792 1671 4846 tollemus
1697 4791 1947 4847 inimicos
1971 4803 2210 4856 nostros,
2243 4772 2287 4826 Ῐ)

2387 4790 2474 4842 1‘2.
2508 4790 2596 4840 Ἐν
2627 4789 2733 4852 σοὶ,
2760 4789 2935 4856 λέγει,
2961 4786 3289 4856 ἁναιροῦμεν
3315 4786 3439 4847 τοὺς
3463 4783 3692 4854 ἐχθροὺς
3715 4783 3896 4854 ἡμῶν,

646 4887 750 4942 hoc
783 4899 866 4943 est
896 4885 1254 4956 cogitationes
1283 4882 1466 4936 cordis
1493 4881 1689 4936 nostri.

2316 4884 2461 4950 λέγω
2486 4884 2549 4954 δὴ
2573 4886 2697 4947 τοὺς
2721 4884 2779 4934 ἐν
2809 4886 2875 4952 τῇ
2913 4880 3108 4952 καρδίᾳ
3133 4878 3290 4949 ἡμῶν
3318 4875 3625 4947 λογισμούς.

720 4982 804 5034 15.
836 4978 1088 5032 Diabolos
1115 4976 1407 5046 signiﬁcat.

2391 4977 2475 5031 15.
2510 4976 2645 5038 Τοὺς
2671 4974 2946 5036 διαϐόλους
2979 4974 3053 5043 (9)
3088 4971 3249 5040 λέγει·

716 5073 803 5125 14.
832 5069 949 5124 Νυη
975 5070 1121 5123 enim
1157 5070 1210 5124 in
1241 5070 1480 5139 potentia
1507 5082 1623 5120 mea
1652 5065 1903 5134 sperabo.

2394 5068 2480 5122 14.
2508 5067 2579 5118 Οὐ
2614 5065 2721 5136 γὰρ
2749 5065 2807 5117 ἐν
2837 5067 2902 5135 τῇ
2933 5061 3214 5131 δυναστείᾳ
3246 5077 3344 5130 μου
3380 5059 3566 5112 ἐλπιῶ.

719 5169 806 5222 15.
837 5167 903 5221 Et
927 5182 1079 5221 arma
1115 5180 1235 5219 mea
1259 5179 1369 5218 non
1405 5161 1696 5218 salvabunt
1719 5177 1807 5216 me

2391 5159 2480 5213 15.
2509 5158 2621 5229 (10)
2647 5157 2757 5210 Καὶ
2791 5157 2859 5209 τὰ
2881 5155 3018 5207 ὅπλα
3047 5172 3148 5225 μου
3189 5154 3249 5205 οὐ
3280 5151 3444 5204 σώσει
3481 5168 3544 5220 με

1598 5296 1905 5359 Addenda
1934 5302 1996 5358 et
2033 5296 2408 5375 corrigenda
2441 5313 2520 5356 ex
2551 5291 2694 5353 cod.
2741 5291 2940 5351 Vatic.

750 5427 794 5494 Ι)
835 5425 1006 5478 Ὶῐδιὰ
1034 5425 1130 5492 τῆς
1160 5422 1525 5493 κινναϐάρεως
1556 5439 1680 5492 περ.
2507 5413 3047 5494 ξςαῖεκὶ-ῃρονρμῃτεο
3173 5480 3184 5493 .
3273 5478 3283 5491 ,
3366 5477 3407 5494 η
3588 5475 3645 5494 ω
3695 5471 3742 5494 μ,

742 5476 939 5561 23.3
1088 5476 1127 5492 ”’
1391 5476 1403 5493 ⁵
1507 5476 1523 5484 ’
1627 5476 1639 5492 ⁸

2399 5476 2476 5556 (7)
2508 5487 2572 5538 Ν.
2607 5476 2816 5561 9,.Ὂτι
2842 5476 3108 5551 ἠθέλησας
3131 5478 3339 5542 αὐτούς.
3366 5477 3428 5530 Ν.
3467 5477 3547 5541 10,
3588 5476 3660 5527 Σὺ
3691 5476 3761 5537 εἴ,
3789 5487 3891 5530 etc.

742 5555 795 5632 3)
829 5566 1214 5635 (Mlidxpwgta.
1245 5634 1262 5635 η
2526 5555 2802 5635 Ἒῖχάτουο

744 5628 797 5698 4)
839 5628 1053 5708 Ἔργων
1089 5628 1325 5708 ἀγαθῶν.
2495 5704 2501 5708 _
2514 5628 2801 5708 Διαίῳ-νας.

834 5694 1222 5776 Διήγησασθαι.

2402 5694 2510 5769 (10)
2545 5697 2607 5749 Ν.
2639 5694 2705 5747 15
2736 5696 2901 5748 deest.

729 5819 806 5880 (α)
836 5815 1049 5883 Aliquid
1089 5815 1278 5872 deesse
1306 5816 1531 5869 videtur.
