4060 6476
257 432 363 489 821
1175 438 1260 492 DE
1303 438 1577 494 TITULIS
1619 436 2068 493 PSALMORUM.
2108 469 2177 477 —
2209 435 2403 491 PSAL.
2447 436 2623 491 XLIII.
3407 430 3520 490 822

325 559 412 615 16.
467 561 714 624 Ἔσωσας
764 560 871 632 γὰρ
905 562 1050 630 ἡμᾶς
1083 562 1146 615 ἐκ
1178 563 1286 614 τῶν
1319 562 1608 616 Θλιϐόντων
1652 563 1799 633 ἡμᾶς
1821 594 1833 607 ο
1867 587 1911 642 Α

1714 563 1799 624 ii;
1821 594 1833 607 -
1867 587 1911 642 Α
2013 560 2098 613 16.
2131 559 2367 614 Salvasti
2394 559 2539 612 enim
2565 573 2666 612 nos
2698 557 2764 611 de
2793 554 3151 627 alliigeutib'us
3178 570 3317 612 nos:

329 655 413 706 I7.
441 656 550 706 Kal
583 655 709 717 τοὺς
742 655 1032 725 μισοῦντας
1061 658 1208 725 ἡμᾶς
1237 658 1598 727 κατῄσχυνας.

1340 658 1598 727 ᾔσχυνας.
2015 655 2102 710 I7.
2135 654 2200 709 Et
2228 655 2474 710 odientes
2497 669 2597 709 nos
2624 652 2943 708 confudisti.

325 748 411 802 I8.
449 749 537 800 Ἐν
565 747 643 818 γτῷ
667 747 786 816 Θεῷ
809 749 1280 819 ἐπαινεθησόμεθα
1308 751 1436 819 ὅλην
1466 750 1564 820 τὴν
1587 750 1831 820 ὴμέρανο

1387 767 1436 819 ’λν
1466 750 1564 820 τὴν
1587 750 1831 820 ὴμέρανο
2010 747 2098 802 18.
2129 746 2187 800 In
2221 747 2332 802 Deo
2357 746 2702 801 laudabimur
2728 755 2838 799 tota
2866 746 2954 800 die
2979 764 2990 798 :

326 840 410 893 I9.
448 841 559 892 Kal
591 843 648 893 ἐν
684 841 761 910 τῷ
814 840 1036 911 ὀνόματί
1075 858 1166 894 σου
1204 841 1709 913 ἐξομολογησόμεοα
1753 845 1832 907 είς

2010 841 2098 896 19.
2129 838 2193 895 Ει
2230 841 2283 895 in
2316 840 2539 895 nomine
2572 848 2666 894 tuo
2692 838 3074 894 conﬁtebimur
3105 836 3159 892 in
3191 835 3473 892 saeculum.

250 931 342 983 τὸν
375 931 568 984 αῗῶνα.

321 1021 414 1075 20.
452 1022 588 1074 Νυνὶ
620 1021 676 1074 δὲ
705 1021 912 1075 ἀπώσω
947 1023 1041 1076 καὶ
1073 1022 1414 1092 κατῄσχυνας
1442 1024 1588 1094 ἡμᾶς
1607 1042 1618 1054 ·

2012 1013 2104 1070 20.
2128 1013 2282 1070 Nunc
2315 1022 2495 1070 autem
2528 1015 2775 1085 repulisti
2797 1023 2850 1070 et
2871 1013 3165 1069 confudisti
3195 1028 3331 1069 nos:

322 1110 386 1162 21
402 1151 412 1160 .
428 1108 535 1159 Kal
547 1106 931 1179 οὐκέξελεύσῃ,
945 1107 1133 1171 ὁΘεὸς,
1151 1109 1208 1159 ἐν
1218 1111 1336 1171 ταῖς
1347 1108 1682 1180 δυνάμεσινή
1693 1107 1828 1179 μῶν.

2005 1107 2096 1161 2I.
2150 1106 2216 1162 Ει
2232 1123 2337 1162 non
2359 1108 2677 1179 egredieris,
2703 1107 2867 1173 Deus,
2885 1109 2939 1163 in
2957 1108 3250 1163 virtutibus
3281 1108 3503 1164 nostris.

324 1199 415 1252 22.
455 1197 830 1268 ’Λπέστρεψας
875 1199 1021 1268 ἡμᾶς
1071 1200 1150 1262 είς
1191 1198 1258 1251 τὰ
1293 1200 1468 1252 ὀπίσω
1517 1201 1669 1272 παρὰ
1707 1200 1834 1264 τοὺς

2005 1201 2096 1258 22.
2127 1201 2386 1258 Avertisti
2425 1217 2524 1258 nos
2573 1212 2874 1257 retrorsum
2931 1210 3052 1273 post
3101 1201 3353 1256 inimicos
3409 1215 3509 1256 no-

254 1291 484 1361 ἐχθροὺς
511 1290 690 1360 ἡμῶν.

511 1290 690 1360 ἡμῶν.
1933 1303 2095 1348 stros.

323 1382 416 1435 25.
452 1383 559 1434 Kal
587 1383 636 1434 οἱ
665 1380 947 1452 μισοῦντες
974 1381 1118 1452 ἡμᾶς
1147 1381 1445 1451 διήρπαζον
1472 1383 1703 1446 ἑαυτοῖς.

1595 1384 1703 1446 ποῖς.
1999 1381 2089 1436 25.
2121 1381 2185 1438 Ει
2209 1383 2303 1452 qui
2328 1382 2564 1438 oderunt
2594 1398 2692 1437 nos
2719 1381 3048 1452 diripiebant
3075 1382 3198 1438 sibi.

318 1473 412 1526 2-1.
453 1474 698 1537 Ἔδωκας
721 1474 968 1544 quieti);
997 1474 1243 1543 πρόϐατα
1278 1473 1562 1544 βρώσεως·

2002 1473 2093 1526 24.
2121 1473 2325 1527 Dedisti
2350 1489 2447 1528 nos
2479 1484 2735 1542 tanquam
2759 1489 2889 1527 oves
2908 1488 3187 1538 escarum;

317 1567 410 1620 25.
443 1567 552 1619 Kal
579 1567 636 1618 ἐν
664 1569 776 1629 τοῖς
800 1565 976 1619 ἔθνεσι
1005 1565 1321 1636 διέσπειρας
1347 1567 1492 1636 ἡμᾶς

1429 1567 1492 1627 ἅς
2002 1564 2093 1617 25.
2129 1563 2195 1618 Et
2218 1565 2270 1618 in
2305 1565 2554 1634 gentibus
2584 1564 2887 1633 dispersisti
2912 1579 3031 1618 nos.

320 1657 412 1711 26.
439 1657 666 1710 Ἀπέδου
690 1657 780 1709 τὸν
819 1656 947 1709 λαόν
979 1673 1073 1709 σου
1103 1656 1232 1708 ἄνευ
1261 1655 1428 1724 τιμῆς
1447 1671 1460 1686 ³

2001 1656 2092 1709 26.
2130 1655 2424 1711 Vendidisti
2453 1656 2710 1726 populum
2735 1664 2888 1710 tuum
2915 1655 3035 1710 sine
3063 1653 3273 1723 pretio:

319 1746 408 1800 27.
438 1746 547 1800 Kal
572 1747 672 1800 οὐκ
702 1743 770 1818 ἦν
799 1746 1001 1816 πλῆθος
1022 1749 1080 1800 ἐν
1109 1748 1224 1809 τοῖς
1245 1744 1622 1816 ἀλαλάγμασιν
1653 1744 1828 1816 ἡμῶν.

2003 1747 2092 1802 27.
2126 1746 2193 1801 Et
2222 1762 2331 1803 non
2387 1749 2492 1802 fuit
2541 1748 2838 1802 multitudo
2893 1748 2947 1801 in
2987 1745 3509 1803 commutationibus

1934 1839 2156 1892 nostris.

317 1926 409 1980 28.
451 1925 612 1979 Ἐθου
653 1928 801 1996 ἡμᾶς
829 1925 1030 1988 ὄνειδος
1057 1927 1170 1988 τοῖς
1201 1925 1436 1993 γείτοσιν
1464 1923 1621 1995 ἡμῶν
1641 1941 1655 1953 ·
1864 1956 1906 2010 Β

1864 1956 1906 2010 Β
2004 1931 2097 1988 28.
2129 1931 2367 1987 Posuisti
2396 1948 2499 1987 nos
2525 1946 2881 2002 oppronrtum
2909 1933 3108 1988 vicinis
3139 1935 3343 1991 nostris
3368 1953 3382 1990 :

307 2019 398 2072 29.
428 2017 822 2088 Μυκτηρισμὸν
850 2019 942 2069 καὶ
965 2016 1269 2087 χλευασμὸν
1305 2018 1414 2077 τοῖς
1444 2014 1627 2085 κύκλῳ
1648 2012 1826 2084 ἡμῶν.

2004 2023 2094 2079 29.
2128 2024 2624 2080 Subsannationem
2671 2037 2725 2080 et
2766 2026 3009 2081 derisum
3056 2028 3142 2084 bis
3182 2028 3275 2098 qui
3310 2029 3363 2082 in
3398 2029 3508 2083 cir-

951 2129 954 2134 '
1935 2115 2082 2170 cuitu
2119 2127 2326 2170 nostro.

317 2195 406 2251 30.
446 2195 608 2248 Ἔθου
639 2197 785 2267 ἡμᾶς
815 2197 895 2259 είς
929 2194 1244 2266 παραϐολὴν
1283 2195 1339 2247 ἐν
1369 2197 1481 2257 τοῖς
1514 2193 1724 2256 ἔθνεσι,

2004 2203 2094 2258 50.
2124 2203 2363 2260 Posuisti
2396 2219 2498 2260 nos
2525 2205 2578 2259 in
2612 2205 3025 2263 similitudinem
3057 2209 3110 2262 in
3141 2211 3414 2280 gentibus,

312 2289 401 2344 51.
448 2290 676 2358 Κίνησιν
710 2290 950 2360 κεφαλῆς
975 2291 1031 2342 ὲν
1057 2293 1169 2352 τοῖς
1192 2289 1360 2351 λαοῖς.

2009 2297 2100 2350 51.
2131 2295 2562 2352 Commotionem
2599 2299 2791 2368 capitis
2815 2300 2868 2353 in
2900 2301 3135 2371 p0pulis.

321 2380 403 2434 52.
445 2379 610 2450 Ὅλην
634 2380 734 2451 τὴν
762 2379 973 2450 ἡμέραν
1000 2381 1032 2450 ή
1077 2382 1309 2451 ἐντροπή
1349 2396 1450 2450 μου
1481 2380 1830 2434 κατεναντίον

1762 2380 1830 2434 εον
2005 2389 2096 2442 '52.
2132 2386 2268 2443 Tota
2297 2388 2385 2444 die
2413 2391 2739 2445 verecundia
2769 2407 2886 2446 mea
2920 2401 3111 2448 contra
3146 2409 3232 2449 me
3260 2402 3365 2462 est,

294 2471 352 2524 ού
386 2473 522 2534 ἐστι,

294 2490 352 2524 ου
386 2489 522 2534 εστι,

248 2489 290 2542 μ
315 2562 403 2615 55.
438 2562 549 2615 Kal
585 2563 618 2632 ἡ
651 2561 880 2634 αἰσχύνη
913 2563 1004 2616 τοῦ
1032 2562 1322 2633 προσώπου
1344 2580 1444 2634 μου
1465 2562 1702 2633 ἐκάλυψε
1736 2581 1822 2634 με.

1637 2562 1702 2633 es
1736 2581 1822 2634 με.
2002 2565 2091 2620 33.
2127 2564 2192 2620 Et
2223 2567 2475 2622 confusio
2507 2567 2663 2624 faciei
2689 2571 2793 2624 mei
2818 2571 3102 2638 c00peruit
3134 2585 3240 2624 me.

313 2651 404 2706 54.
433 2652 566 2705 Ἀπὸ
584 2655 765 2724 φωνῆς
780 2654 1145 2719 ὀνειδίζοντος,
1169 2655 1263 2707 καὶ
1285 2653 1711 2718 καταλαλοῦντος
1727 2654 1824 2725 (α)·

1620 2672 1711 2718 τος
1727 2654 1824 2725 (α)·
2004 2657 2093 2712 54.
2127 2659 2172 2711 Δ
2199 2674 2333 2714 voce
2359 2660 2740 2730 exprobrantis
2766 2671 2820 2716 et
2842 2663 3223 2731 obloquentis:

315 2743 394 2814 (α)
422 2745 894 2816 Παρακαλοῦντος,
935 2747 990 2800 ἰη
1025 2747 1269 2818 margine
1305 2748 1426 2802 cod.
1461 2757 1521 2802 ut
1552 2749 1606 2802 in
1637 2755 1808 2802 textu.

1371 2863 1748 2920 ATHANASII
1790 2858 2376 2919 INTERPRETATIO.

316 2959 407 3012 I6.
452 2958 544 3010 Ἐκ
569 2957 678 3029 τῶν
706 2959 959 3010 ἐναντίων
986 2958 1286 3028 δυνάμεων.
1859 2962 1900 3016 C

1859 2962 1900 3016 c
2007 2954 2093 3008 I6.
2128 2953 2172 3006 Α
2199 2951 2492 3007 contrariis
2523 2952 2901 3022 potestatibus.

324 3053 408 3104 I7.
453 3050 563 3112 Τὰς
588 3049 757 3112 αὑτὰς
779 3050 854 3121 (1)
885 3049 1162 3117 δυνάμεις.

1096 3067 1162 3113 ις.
2004 3047 2091 3101 I7.
2122 3044 2351 3100 Easdem
2380 3052 2696 3113 potestates.

323 3144 411 3197 I8.
438 3142 527 3194 ‘Ev
547 3140 624 3210 τῷ
647 3141 764 3210 Θεῷ
799 3141 1184 3213 καυχησόμεθα
1204 3143 1290 3195 ἀεὶ
1308 3143 1460 3205 ὄντες
1485 3143 1542 3197 ἐν
1563 3141 1641 3214 τῷ
1667 3141 1824 3213 φωτί.

2001 3138 2087 3192 18.
2119 3139 2176 3190 In
2195 3136 2307 3191 Deo
2325 3137 2680 3207 gloriabimur
2702 3152 2916 3208 semper
2937 3140 3261 3198 exsistentes
3285 3141 3340 3197 in
3362 3143 3501 3200 luce.

326 3233 409 3286 l9.
433 3233 540 3286 Kal
569 3233 626 3284 ἐν
649 3231 726 3302 τῷ
754 3233 977 3304 ὀνόματί
1004 3250 1096 3286 σου
1118 3233 1188 3288 τὰ
1213 3233 1420 3305 ἀρεστὰ
1461 3232 1692 3287 ἐνώπιόν
1734 3251 1828 3286 σου

2001 3230 2089 3284 19.
2117 3228 2182 3281 Ει
2207 3229 2261 3282 in
2290 3229 2513 3283 nomine
2538 3237 2632 3284 tuo
2656 3245 2778 3299 quae
2808 3231 3002 3299 placita
3034 3233 3131 3287 tibi
3169 3243 3298 3290 sunt
3322 3251 3503 3291 coram

247 3325 572 3394 ποιήσομεν.

1931 3331 1984 3378 te
2014 3321 2303 3378 faciemus.

316 3416 409 3470 20.
436 3416 539 3469 Τὸν
562 3415 691 3469 λαὸν
714 3413 862 3483 λέγει
897 3415 1004 3469 τῶν
1036 3414 1330 3470 Ἰουδαίων.

2000 3414 2091 3469 20.
2129 3413 2395 3484 Populum
2429 3414 2780 3471 Hebraeorum
2811 3417 3099 3488 signiﬁcat.

317 3509 383 3562 2|
398 3552 410 3563 .
427 3509 536 3561 Kal
560 3509 617 3560 ἐν
632 3509 745 3569 τοῖς
760 3507 986 3593 ἄρχουσι
1006 3507 1114 3560 τῶν
1132 3506 1394 3560 Ἰουδαίων
1412 3505 1512 3561 οὐκ
1528 3507 1824 3579 εὐδοκήσει.

2001 3507 2091 3559 21.
2127 3505 2192 3560 Ει
2214 3506 2269 3560 in
2296 3508 2634 3576 principibus
2652 3507 2965 3563 Judaeorum
2989 3526 3097 3566 non
3124 3513 3504 3583 complacebit.

319 3600 409 3652 22.
455 3597 801 3666 Παρέδωκας,
836 3597 1005 3665 λέγει,
1039 3597 1466 3662 τοὺςἸουδαίους
1491 3600 1613 3662 ταῖς
1643 3597 1826 3652 ἐπιθυ-

1999 3595 2090 3650 22.
2119 3593 2435 3662 Tradidisti,
2456 3596 2654 3667 inquit,
2670 3595 2885 3652 Judaeos
2908 3600 3361 3670 concupiscentiis
3383 3617 3506 3657 cor-

251 3678 412 3760 μίαιξ
433 3685 543 3740 τῶν
575 3685 813 3756 καρδιῶν
844 3685 1042 3742 αὐτῶν.

720 3685 813 3738 ιῶν
844 3685 1042 3742 αὐτῶν.
1930 3685 2079 3740 dium
2111 3699 2323 3738 eorum.

320 3781 406 3835 25.
441 3778 550 3843 Τὰς
582 3777 760 3850 ψυχὰς
793 3779 946 3850 ἡμῶν
976 3781 1023 3832 οί
1055 3779 1306 3852 δαίμονες
1335 3780 1651 3852 διήρπαζον.

1999 3777 2090 3831 25.
2118 3777 2347 3833 Animas
2378 3785 2594 3834 nostras
2619 3778 2893 3836 daemones
2917 3779 3280 3852 diripuerunt.

320 3870 415 3925 24.
444 3871 555 3925 Kal
591 3872 739 3942 ἡμᾶς
779 3870 854 3942 (2)
878 3871 983 3925 ὑπὸ
1005 3871 1414 3944 τῶνὰμαρτιῶν
1438 3873 1513 3938 ὼς
1535 3874 1640 3928 ὑπὸ
1655 3874 1829 3927 λύκων

1632 3874 1829 3927 ιλύκων
1999 3872 2090 3926 24.
2130 3870 2197 3927 Et
2225 3887 2326 3928 nos
2356 3888 2388 3938 θ
2419 3873 2652 3942 peccatis
2681 3873 2848 3928 veluti
2872 3888 2900 3928 a
2928 3873 3070 3945 lupis
3098 3876 3235 3946 rapi.

250 3962 621 4033 ἁρπάζεσθαι.

322 4052 416 4108 25.
450 4053 558 4104 Kal
585 4051 661 4114 ὡς
684 4051 741 4103 ἐν
769 4050 1114 4124 αἰχμαλωσίᾳ
1146 4053 1484 4124 πεπραμένοι
1515 4053 1680 4123 ἐσμὲν
1714 4056 1833 4115 ταῖς

2003 4051 2093 4106 25.
2126 4049 2194 4106 Et
2221 4051 2386 4107 veluti
2427 4053 2484 4107 in
2535 4054 2900 4124 captivitatem
2933 4059 3135 4112 venditi
3166 4074 3357 4114 sumus
3384 4073 3505 4129 pec-

249 4144 555 4216 ἁμαρτίαις
589 4143 766 4215 ἡμῶν.

715 4161 766 4198 ν.
1934 4147 2070 4201 catis
2094 4146 2318 4203 nostris.

322 4235 414 4290 26.
450 4235 677 4300 Δούλους
703 4236 891 4300 εἴασας
933 4237 1082 4307 ἡμᾶς
1117 4233 1252 4288 εἶναι
1286 4237 1383 4307 τῆς
1412 4237 1686 4308 ἁμαρτίας
1728 4238 1826 4308 (3).
1862 4301 1895 4308 _

1460 4237 1686 4308 μαρτίας
1728 4238 1826 4308 (3).
1862 4301 1895 4308 _
2003 4237 2096 4291 26.
2125 4235 2326 4292 Servos
2353 4236 2528 4292 sivisti
2561 4253 2660 4292 nos
2688 4253 2808 4293 esse
2837 4240 3063 4307 peccati.

321 4329 414 4381 27.
447 4328 554 4380 Kal
582 4327 681 4381 οὐκ
714 4327 858 4381 ἐστιν
889 4329 916 4380 ὁ
954 4301 1094 4397 θοῶν
1134 4328 1270 4399 πρὸς
1309 4301 1366 4382 σέ
1406 4301 1544 4400 μετά
1585 4301 1830 4400 κραυγῆς
1861 4301 1908 4356 D

1902 4317 1908 4347 ’
2003 4329 2090 4384 27.
2131 4329 2197 4384 Et
2226 4345 2334 4385 non
2358 4339 2441 4385 est
2461 4331 2704 4386 clamans
2734 4333 2801 4386 ad
2837 4342 2890 4387 te
2912 4349 3035 4387 cum
3063 4333 3302 4389 clamore
3330 4335 3505 4389 valido

255 4421 487 4491 ἰσχυρᾶς
512 4420 608 4472 καὶ
631 4418 902 4490 δακρύων.

766 4418 902 4473 νύων.
1930 4428 1985 4474 ct
2013 4421 2268 4491 lacrymis
2305 4421 2369 4477 “.

321 4513 412 4568 28.
445 4512 713 4584 Αίσχύνην
737 4511 1025 4575 κατέλιπες
1053 4513 1198 4583 ἡμᾶς
1227 4515 1338 4577 τοῖς
1371 4515 1428 4566 ἐν
1454 4514 1530 4584 τῷ
1557 4514 1766 4569 κόσαω.

1999 4511 2089 4565 28.
2113 4512 2192 4567 Ad
2213 4513 2568 4584 ignominiam
2599 4513 2868 4584 reliquisti
2893 4531 2992 4570 nos
3020 4516 3088 4571 iis
3107 4517 3202 4586 qui
3225 4533 3278 4571 in
3305 4518 3506 4573 mundo

1930 4612 2075 4659 sunt.

326 4693 417 4748 29.
450 4690 839 4759 Καταγέλωτα,
869 4690 1036 4759 λέγει,
1060 4694 1170 4755 τοῖς
1193 4690 1461 4762 δαίμοσιν.

2003 4695 2092 4752 29.
2123 4695 2466 4763 Ludibrium,
2498 4697 2695 4769 inquit,
2728 4699 3085 4756 daemonibus.

323 4780 610 4837 50.Aa)t&w
620 4781 728 4852 γὰρ
743 4782 799 4834 ἐν
811 4780 1161 4849 Εὐαγγελίοις
1173 4783 1229 4835 ἐν
1243 4785 1356 4844 τοῖς
1368 4780 1694 4846 ἐθνεσι,τοὺς
1711 4783 1833 4835 Ἰου-

2004 4789 2094 4844 50.
2127 4789 2382 4860 Loquens
2427 4793 2573 4846 enim
2609 4792 2663 4845 in
2701 4790 3005 4862 Evangeliis
3036 4795 3090 4847 in
3143 4795 3421 4864 gentibus,
3453 4795 3505 4847 in

251 4873 433 4936 δαίους
452 4871 526 4942 (4)
542 4870 856 4942 παραϐολὴν
872 4872 1186 4943 ἧγαγενούχ
1203 4871 1367 4939 ἅπαξ,
1392 4872 1526 4926 ἀλλὰ
1551 4872 1826 4938 πολλάκις.

1934 4885 2250 4956 parabolam
2274 4883 2493 4941 Iudaeos
2529 4884 2755 4940 adduxit
2796 4901 2905 4939 non
2934 4885 3124 4951 semel,
3155 4886 3249 4942 sed
3284 4885 3504 4955 saepius.

323 4963 414 5018 51.
449 4962 558 5016 Kal
584 4962 684 5033 τὴν
703 4962 875 5033 ἀρχὴν
906 4963 1005 5033 τῆς
1030 4963 1275 5029 ἐξουσίας
1300 5002 1314 5027 ,
1348 4965 1414 5034 ἢν
1446 4961 1589 5034 εἶχον
1621 4967 1669 5017 οἱ
1697 4966 1829 5019 ἰου-

2006 4977 2094 5030 51.
2124 4976 2189 5030 Et
2235 4977 2598 5046 principatum
2649 4977 2966 5046 potestatis,
3013 4992 3178 5048 quam
3230 4977 3501 5033 habebant

252 5056 413 5120 δαῖοι,
443 5056 752 5126 μετήγαγεν
774 5058 852 5118 είς
876 5055 943 5109 τὰ
977 5055 1123 5127 ἔθνη.

1934 5067 2126 5136 Judaei,
2160 5070 2435 5124 transtulit
2469 5070 2525 5123 in
2549 5079 2752 5141 gentes.

325 5148 414 5201 52.
457 5146 773 5211 Ἀπαύστως
811 5148 844 5218 ἡ
877 5147 1122 5220 ἁμαρτία
1154 5166 1254 5220 μου
1286 5152 1401 5219 μετ’
1427 5151 1558 5221 ἐμοῦ
1590 5153 1757 5206 ἐστιν.

2007 5161 2098 5215 32.
2134 5160 2514 5218 lndesinenter‘
2535 5170 2816 5232 peccatum
2845 5177 3027 5217 meum
3057 5176 3269 5217 mecum
3294 5172 3396 5219 est.

326 5237 413 5290 55.
439 5235 549 5289 Kal
565 5237 597 5308 ἡ
615 5236 752 5307 αὐτὴ
770 5236 1014 5308 ἁμαρτία
1033 5239 1131 5309 τῆς
1155 5238 1332 5310 ψυχῆς
1350 5256 1450 5310 μου
1481 5242 1713 5306 σκοτίζει
1737 5262 1826 5315 με.

2007 5254 2093 5308 3‘5.
2118 5252 2183 5310 Et
2207 5255 2382 5324 ipsum
2405 5262 2687 5324 peccatum
2709 5253 2902 5308 animae
2918 5267 3051 5309 mea
3067 5253 3380 5310 obtcnebrat
3397 5269 3499 5312 me.

328 5329 417 5384 34'.
456 5330 590 5382 Ἀπὸ
617 5328 718 5399 τῆς
747 5329 1094 5396 διδασκαλίας
1124 5332 1217 5384 τοῦ
1247 5332 1512 5388 διαϐόλου.

1088 5349 1094 5392 .'
1124 5332 1217 5384 τοῦ
1247 5332 1512 5388 διαϐόλου.
2006 5346 2096 5403 54.
2124 5347 2169 5400 Α
2196 5348 2444 5403 doctrina
2473 5346 2691 5404 diaboli.

329 5427 374 5457 εδ
404 5423 568 5480 Hebr.
603 5442 656 5492 γ,
688 5424 740 5478 7.

357 5689 374 5741 l
435 5687 612 5749 Αὑτὰς
637 5689 904 5750 ἐναντίας,
935 5695 1039 5743 etc.

328 5689 407 5828 ίξ)
447 5758 689 5821 Ἐδωκας
725 5761 886 5828 ἡμᾶς.

2013 5689 2088 5762 (5)
2127 5688 2319 5752 Ἑάσας
2353 5727 2368 5742 .
2399 5727 2410 5740 .
2448 5728 2463 5741 .
2496 5726 2512 5742 .
2544 5688 2643 5758 τῆς
2681 5686 2921 5758 ἀνομίας.

2011 5760 2087 5828 (4)
2120 5761 2242 5825 Τοῖς
2290 5759 2579 5822 Ἰουδαίοις.

364 5758 407 5828 ξ)
447 5758 689 5821 Ἐδωκας
725 5761 886 5829 ἡμᾶς.
2011 5758 2087 5830 (4)
2120 5761 2242 5825 Τοῖς
2290 5759 2579 5822 Ἰουδαίοις.

1210 5545 1518 5610 Addenda
1559 5555 1618 5611 et
1649 5549 2031 5630 corrigenda
2062 5565 2146 5610 ex
2183 5548 2324 5612 cod.
2357 5549 2557 5609 Vatic.
