4060 6506
228 437 327 501 895
1132 447 1214 504 DE
1254 451 1526 509 TITULIS
1563 451 2017 510 PSALMORUM.
2075 483 2111 491 —
2170 452 2363 506 PSAL.
2390 452 2570 508 XLIV.
3346 454 3451 511 826

287 565 370 618 55.
397 567 505 616 Kal
537 564 806 636 λύτρωσαι
839 568 985 638 ἡμᾶς
1008 567 1194 621 ’ἐνεκεν
1235 571 1327 624 τοῦ
1369 572 1630 638 ὀνόματός
1665 591 1776 626 σου.
1813 595 1858 651 Α

1597 591 1630 636 ,ς
1665 591 1776 626 σου.
1813 595 1858 651 Α
1958 572 2045 626 55.
2083 571 2150 623 Et
2181 570 2383 624 redime
2419 586 2519 625 nos
2549 578 2768 639 propter
2797 586 2992 625 nomen
3028 579 3200 626 tuum.

241 656 337 720 Ε’ίς
363 654 428 706 τὸ
451 655 641 720 τέλος,
677 657 827 724 ὑπὲρ
855 657 970 708 τῶν
998 657 1592 730 ἀλλοιωθησομένων,
1628 663 1746 729 τοῖς

1890 663 1954 716 In
2007 663 2208 731 ﬁnem:
2243 677 2336 730 pro
2382 663 2472 728 iis,
2507 661 2598 731 qui
2643 663 3105 716 commutabunmr
3149 665 3277 731 ﬁliis
3321 664 3450 719 Core

219 746 361 812 υἱοῖς
387 747 538 813 Κορὲ
562 751 645 813 εὶς
663 748 938 810 σύνεσιν,
963 747 1085 815 ᾠδὴ
1115 749 1265 818 ὑπὲρ
1285 753 1388 806 τοῦ
1422 754 1778 824 Ἀγαπητοῦ.

1624 754 1778 823 πτοῦ.
2113 753 2180 805 ad
2210 753 2552 819 intellectum,
2582 755 2843 806 canticum
2872 771 2965 822 pro
3001 755 3227 810 Dilecto.

851 843 1020 894 ΨΑΛ.
1057 839 1188 894 ΜΔ’.
2411 843 2454 897 Ρ

2411 843 2674 900 PSALM.
2702 845 2907 901 XLIV.

289 931 336 982 1.
381 929 740 1001 Ἐξηρεύξατο
775 932 807 1000 ἡ
833 931 1030 1001 καρδία
1066 949 1166 1001 μου
1197 932 1350 1000 λόγον
1378 934 1580 1004 ἀγαθόν
1606 952 1618 965 °

1548 953 1580 989 ,ν
1606 952 1618 965 ο
1956 935 2006 986 1.
2046 931 2320 987 Eructavit
2346 949 2440 988 cor
2471 951 2652 990 meum
2685 937 2913 991 verbum
2949 937 3151 992 bonum

288 1021 340 1073 2.
373 1021 530 1088 Λέγω
552 1019 663 1088 ἐγὼ
691 1021 758 1074 τὰ
788 1022 925 1093 ἔργα
957 1041 1056 1092 μου
1091 1022 1170 1092 τῷ
1202 1023 1428 1092 βασιλεῖ.

1202 1023 1428 1092 βασιλεῖ.
1955 1024 2009 1080 2.
2047 1024 2178 1078 Dico
2198 1039 2298 1094 ego
2327 1041 2490 1094 opera
2519 1043 2639 1082 mea
2671 1029 2803 1098 regi.

288 1114 338 1166 3.
383 1113 447 1166 Ἦ
473 1112 693 1181 γλῶσσά
725 1129 826 1183 μου
861 1114 1102 1184 κάλαμος
1140 1118 1514 1187 γραμματέως
1557 1117 1773 1188 ὀξυγρά·

1957 1117 2015 1168 3.
2048 1113 2258 1184 Lingua
2318 1131 2439 1171 mea
2487 1118 2731 1174 calamus
2778 1119 2972 1174 scriba:
3022 1119 3279 1174 velociter
3324 1120 3453 1175 scri-

222 1221 341 1267 φου.

1885 1206 2086 1261 bentis.

287 1298 337 1350 4.
388 1296 599 1366 Ὠραῖος
619 1294 802 1349 κάλλει
821 1294 971 1366 παρὰ
995 1298 1120 1359 τοὺς
1150 1297 1299 1361 υἱοὺς
1323 1298 1430 1351 τῶν
1458 1297 1782 1371 ἀνθρώπων

1593 1297 1782 1352 ιὼπωνο
1955 1299 2008 1351 4.
2047 1296 2340 1365 Speciosus
2369 1294 2545 1350 forma
2573 1311 2684 1364 prae
2715 1295 2840 1350 ﬁliis
2871 1296 3152 1351 hominum
3185 1340 3196 1352 .

286 1388 336 1442 5.
385 1387 644 1460 Ἐξεχύθη
681 1389 839 1459 χάρις
870 1390 927 1440 ὲν
950 1388 1152 1458 χείλεσί
1188 1407 1281 1442 σου
1310 1406 1322 1419 ⁸

1956 1389 2008 1442 5.
2042 1387 2246 1442 Diﬂusa
2275 1396 2358 1441 est
2384 1387 2556 1455 gratia
2583 1387 2637 1441 in
2665 1387 2823 1442 labiis
2851 1387 2958 1442 tuis
2989 1405 3001 1441 :

287 1479 338 1531 6.
369 1481 466 1531 Διὰ
494 1477 651 1532 τοῦτο
673 1479 936 1548 εὑλόγησέ
969 1496 1026 1531 σε
1048 1480 1076 1530 ὁ
1105 1480 1236 1541 Θεὸς
1267 1481 1346 1543 είς
1369 1479 1459 1532 τὸν
1483 1479 1672 1536 αἰῶνα.

1955 1477 2009 1531 6.
2045 1476 2339 1547 Propterea
2361 1477 2638 1532 benedixit
2668 1487 2719 1532 te
2744 1478 2888 1532 Deus
2917 1478 2970 1530 in
2995 1487 3280 1531 mternum.

291 1571 339 1623 7.
375 1569 682 1640 Περίζωσαι
723 1569 820 1640 τὴν
862 1570 1136 1640 ῥομφαίαν
1190 1587 1282 1622 σου
1331 1569 1422 1622 ἐπὶ
1475 1570 1564 1624 τὸν
1614 1570 1786 1640 μηρόν

1959 1567 2010 1621 7.
2043 1569 2344 1638 Accingere
2374 1566 2553 1638 gladio
2592 1577 2684 1624 tuo
2718 1583 2883 1638 super
2921 1567 3101 1624 femur
3139 1577 3312 1632 tuum,
3359 1583 3456 1638 po-

222 1680 332 1725 σου,
371 1662 564 1714 δυνατέ
583 1679 596 1691 ·

1887 1659 2212 1723 lentissime,

288 1753 340 1807 8.
375 1755 453 1824 Τῇ
487 1754 782 1824 ὼραιότητί
818 1770 932 1818 σου,
960 1753 1054 1806 καὶ
1085 1752 1161 1823 τῷ
1191 1753 1372 1807 κάλλει
1403 1769 1518 1816 σου,

1438 1771 1518 1816 ου,
1961 1751 2014 1805 8.
2045 1748 2235 1818 Specie
2256 1760 2372 1816 tua,
2408 1758 2463 1805 et
2486 1751 2893 1821 pulchritudine
2926 1760 3041 1817 tua,

289 1846 338 1898 9.
373 1844 480 1898 Kal
509 1845 727 1912 ἕντεινε,
761 1846 857 1898 καὶ
902 1844 1212 1910 κατευοδοῦ,
1251 1844 1341 1897 καὶ
1379 1844 1647 1913 βασίλευε,

1959 1841 2013 1895 9.
2049 1839 2116 1893 Ει
2142 1840 2382 1904 intende,
2409 1851 2463 1896 et
2489 1858 2750 1912 prospere
2780 1845 3034 1912 procede,
3059 1855 3112 1899 et
3139 1860 3319 1914 regna,

292 1939 374 1990 10.
411 1938 632 1990 Ἕνεκεν
661 1936 943 2009 ἀληθείας,
973 1937 1067 1990 καὶ
1108 1936 1435 2008 πραότητος,
1467 1937 1561 1989 καὶ
1588 1936 1786 1989 δικαιο-
1818 1960 1859 2014 Β

1858 1995 1859 2000 η
1961 1928 2048 1983 10.
2081 1927 2306 1999 Propter
2333 1929 2638 1995 veritatem,
2671 1941 2724 1986 et
2769 1935 3265 1996 mansuetudinem,
3293 1944 3346 1989 et
3371 1932 3461 2004 ju-

221 2030 386 2099 σὺνης
415 2046 428 2060 ·

1891 2019 2094 2074 stitiam
2125 2039 2137 2074 :

289 2120 371 2172 11.
406 2120 515 2172 Kal
543 2120 794 2190 ὁδηγήσει
827 2136 884 2171 σε
921 2117 1250 2188 θαυμαστῶς
1285 2120 1317 2187 ή
1352 2117 1502 2183 δεξιά
1524 2135 1637 2170 σου.

1628 2159 1637 2170 ,
1965 2113 2050 2164 11.
2081 2110 2148 2165 Ει
2178 2112 2410 2169 deducet
2443 2123 2494 2168 te
2523 2115 2846 2170 mirabiliter
2870 2115 3091 2170 dextera
3119 2125 3231 2172 tua.

294 2207 379 2260 12.
414 2208 494 2260 Τὰ
529 2206 655 2276 βέλη
690 2223 783 2259 σου
813 2208 1148 2277 ἠκονημένα,
1174 2207 1364 2260 δυνατέ

1964 2201 2050 2254 12.
2083 2201 2302 2271 Sagittae
2328 2212 2435 2258 tua
2464 2214 2664 2270 acutze,
2691 2207 3074 2274 potentissime
3101 2225 3113 2259 :

291 2299 374 2352 13.
407 2299 539 2352 Aaol
564 2299 822 2352 ὑποκάτω
855 2317 949 2351 σου
982 2298 1294 2362 πεσοῦνται,

1136 2299 1294 2362 ἱνται,
1967 2290 2052 2343 13.
2091 2291 2280 2361 Populi
2311 2292 2411 2346 sub
2437 2302 2489 2346 te
2522 2295 2739 2358 cadent,

291 2387 375 2442 14.
425 2390 513 2442 Ἐν
547 2389 740 2461 καρδίᾳ.
763 2389 870 2442 τῶν
899 2389 1105 2460 ἐχθρῶν
1133 2389 1226 2442 τοῦ
1263 2389 1546 2460 βασιλέως.

1297 2389 1546 2454 σισιλέως,
1965 2382 2048 2435 14.
2086 2381 2142 2436 In
2172 2384 2337 2438 corde
2362 2384 2710 2439 inimicorum
2737 2387 2897 2456 regis.

295 2481 379 2535 15.
407 2483 466 2534 Ὀ
487 2482 672 2548 θρόνος
694 2499 809 2547 σου,
829 2484 856 2534 ὁ
875 2482 1026 2547 Θεὸς,
1045 2484 1124 2546 είς
1152 2482 1242 2535 τὸν
1263 2483 1432 2536 αἰῶνα
1458 2483 1551 2535 τοῦ
1570 2484 1782 2548 αἰῶνος.

1622 2484 1782 2548 ὅμως,
1969 2472 2058 2526 15.
2100 2472 2268 2528 Sedes
2299 2483 2412 2542 tua,
2451 2474 2615 2540 Deus,
2642 2476 2698 2530 in
2730 2477 2989 2531 sazeulum
3021 2477 3225 2531 saeculi.

1337 2597 1712 2654 ATHANASII
1755 2600 2341 2663 INTERPRETATIO.

294 2689 379 2744 55.
414 2689 524 2743 Kal
551 2690 824 2762 λύτρὼσαι
852 2691 998 2760 ἡμᾶς
1018 2691 1104 2745 διὰ
1135 2693 1196 2745 τὸ
1229 2694 1399 2764 δνομά
1434 2713 1546 2748 σου.

1977 2701 2066 2756 55.
2099 2702 2164 2756 Et
2196 2705 2399 2759 redime
2428 2719 2527 2759 nos
2554 2716 2774 2775 propter
2800 2719 2997 2760 nomen
3031 2713 3200 2759 tuum.

304 2781 369 2832 Ἦ
400 2781 735 2851 προκειμένη
768 2783 1050 2852 ἐπιγραφὴ
1084 2785 1327 2855 περιέχει
1362 2786 1456 2854 (1)’
1485 2787 1588 2852 Εἰς
1614 2788 1678 2840 τὸ
1711 2789 1900 2855 τέλος,
1931 2793 2082 2863 ὑπὲρ
2116 2793 2233 2848 τῶν
2260 2797 2857 2866 ἀλλοιωθησομένων,
2888 2798 3011 2866 τοῖς
3035 2799 3186 2864 υἱοῖς
3207 2798 3352 2866 Κορὲ
3387 2799 3468 2868 είς

221 2875 498 2936 σύνεσιν,
529 2874 650 2941 ᾠδὴ
676 2875 827 2943 ὑπὲρ
859 2875 966 2928 τοῦ
1013 2875 1336 2945 Ἀγαπητοῦ
1367 2877 1468 2947 (2).

297 2968 510 3022 Titulus
563 2969 771 3036 psalmo
821 2967 1113 3036 inscriptus
1176 2971 1418 3025 continet
1471 2970 1582 3025 ειη
1626 2973 1803 3039 ﬁnem,
1856 2991 1948 3043 pro
1991 2979 2076 3044 iis,
2121 2981 2208 3050 qui
2257 2982 2733 3049 commutabantur,
2798 2983 2926 3050 ﬁliis
2979 2984 3110 3038 Care
3156 2986 3224 3037 ad
3264 2985 3468 3038 intelle-

223 3073 388 3120 ctum,
409 3063 674 3111 canticum
697 3074 789 3125 pro
816 3057 1036 3111 Dilecto.

297 3158 347 3208 1.
381 3157 439 3207 '0
462 3153 648 3224 Πατὴρ
680 3154 825 3220 λέγει
854 3154 980 3223 περὶ
1005 3153 1080 3222 (3)
1104 3149 1198 3204 τοῦ
1223 3149 1536 3222 φανερῶσαι
1563 3152 1652 3205 τὸν
1672 3153 1798 3207 ὲαυ-
1827 3167 1868 3223 c

1866 3171 1868 3220 ;
1976 3161 2026 3214 1.
2060 3162 2224 3218 Pater
2255 3165 2500 3234 loquitur
2529 3169 2596 3224 de
2636 3171 3073 3227 manifestatione
3102 3171 3226 3226 Filii
3268 3173 3350 3227 sui
3379 3171 3469 3226 Dei

221 3248 316 3299 τοῦ
343 3245 471 3297 Υἱὸν
500 3245 590 3297 τὸν
616 3243 748 3298 Θεὸν
773 3243 960 3312 Λόγον.
1908 3250 2092 3306 Verbi.

296 3338 350 3390 2.
395 3337 454 3389 '0
485 3335 687 3409 Κύριος
714 3336 1003 3404 ἀναγγελεῖ
1025 3336 1102 3406 τῷ
1131 3333 1307 3404 πιστῷ
1337 3335 1450 3406 λαῷ
1485 3337 1553 3390 τὰ
1600 3337 1798 3389 ἑαυτοῦ
1972 3389 2006 3409 Δ
2069 3389 2251 3409 ηψπ
2287 3408 2320 3409 η
2384 3408 2392 3409 7
2563 3393 2596 3409 Δ,
2638 3395 2650 3409 1
2676 3394 2708 3409 __
2904 3396 2918 3409 _
2984 3395 3009 3409 η
3034 3396 3047 3409 _
3087 3396 3118 3409 μ

225 3430 386 3498 ἔργα·
524 3389 533 3390 ί
577 3389 589 3409 ³
668 3389 684 3400 ’
832 3389 878 3404 ’⁸
1075 3389 1085 3406 ⁸
1280 3389 1291 3404 ⁸
1423 3391 1435 3406 ⁸
1972 3389 2026 3444 2.
2068 3389 2330 3446 Dominus
2375 3393 2713 3448 annuntiabit
2759 3396 2956 3465 populo
2981 3395 3122 3450 fideli
3151 3412 3314 3466 opera
3351 3413 3470 3451 sua.

297 3522 350 3576 3.
393 3521 452 3572 '0
488 3520 675 3590 Πατὴρ
709 3520 893 3586 λέγει’
928 3520 1000 3571 Τὸ
1041 3517 1264 3586 Πνεῦμα
1293 3534 1392 3587 μου
1423 3517 1481 3568 τὸ
1517 3517 1672 3584 ἅγιον
1701 3518 1801 3570 κά-

224 3613 403 3682 λαμός
437 3613 553 3663 ἐστι
577 3610 670 3663 τοῦ
701 3609 832 3662 Flor?
872 3627 973 3678 μου
997 3625 1013 3639 ο
1050 3610 1108 3660 ὲν
1144 3607 1293 3678 αὐτῷ
1335 3607 1444 3677 γὰρ
1479 3607 1678 3676 γράφει
1707 3609 1802 3669 τὰς

1975 3591 2028 3643 3.
2063 3590 2223 3644 Pater
2266 3593 2398 3647 dicit
2436 3613 2448 3647 :
2487 3596 2721 3664 Spiritus
2762 3613 2916 3652 meus
2966 3608 3189 3654 sanctus
3227 3600 3472 3654 calamus

227 3703 461 3774 καρδίας
488 3700 598 3754 τῶν
627 3701 986 3754 πιστευόντων
1019 3699 1096 3761 εἰς
1124 3697 1306 3754 αὐτόν.

1902 3690 1985 3734 est
2018 3680 2144 3735 Filii
2181 3684 2285 3736 mei
2316 3701 2329 3736 :
2358 3685 2410 3737 in
2460 3686 2578 3754 ipso
2620 3687 2764 3740 enim
2811 3689 3000 3742 scribit
3040 3690 3202 3743 corda
3249 3691 3469 3744 creden-

298 3773 352 3851 «1.
401 3797 461 3850 '0
480 3795 607 3859 Υἱός
633 3812 733 3865 μου
761 3793 985 3856 ἀσπιλός
1004 3793 1116 3845 ἐστι
1146 3791 1240 3846 καὶ
1261 3789 1490 3861 ἄμωμος
1517 3789 1655 3860 ὑπὲρ
1679 3790 1801 3849 τοὺς
1904 3773 2035 3865 “ul”
2065 3773 2301 3865 inpie!!!"-

225 3889 382 3950 υἱοὺς
416 3886 525 3939 τῶν
553 3883 880 3956 ἀνθρώπων.

1975 3863 2027 3917 4‘.
2065 3862 2236 3919 Filius
2262 3880 2416 3918 meus
2451 3864 2914 3920 incontaminatus
2936 3873 3038 3932 est,
3070 3877 3125 3921 et
3153 3867 3470 3922 immacula-

301 3980 355 4034 5.
394 3980 520 4042 Τοῖς
559 3979 618 4031 τὸ
661 3978 924 4048 κήρυγμα
951 3973 1113 4028 αὑτοῦ
1147 3991 1258 4038 τοις
1298 3973 1502 4026 ἔθνεσιν
1539 3971 1794 4042 ἅναγγεί-
1908 3964 1995 4010 ωε
2016 3971 2179 4024 super
2215 3956 2355 4010 “"03
2386 3957 2689 4048 “illiilli”!!!-

225 4073 326 4135 λας
386 4045 836 4142 [ἀναγγείλασιΙ.
898 4067 1006 4120 Kal
1059 4065 1174 4138 [οἳ]
1227 4065 1606 4134 ἀναγγελοῦσι,
1653 4067 1803 4137 χείλη

1976 4048 2025 4102 5.
2055 4047 2519 4101 Annuntiantibus
2565 4047 2684 4129 ejus
2715 4045 3156 4114 praedicationem
3195 4047 3473 4118 gentibus,

227 4136 399 4216 aia-:03
427 4161 500 4231 (4)
536 4136 776 4232 εἴρηκεν.
1059 4136 1077 4138 _
1795 4136 1798 4137 ν

1795 4136 1798 4137 ⁷
1906 4147 1960 4192 ct
1985 4138 2077 4206 qui
2120 4137 2544 4202 annuntiabunt,
2579 4137 2714 4190 labia
2749 4136 2867 4206 ejus
2893 4144 3069 4189 vocat.

303 4257 360 4310 6.
392 4256 497 4308 Τὸν
524 4254 711 4307 πιστὸν
736 4252 864 4305 λαὸν
890 4254 918 4305 ὀ
948 4251 1150 4322 Κύριος
1181 4250 1490 4320 εὐλόγησεν.

305 4350 365 4407 7.,
403 4349 492 4400 Ἐν
541 4346 618 4416 τῷ
650 4343 927 4416 Πνεύματί
985 4361 1076 4397 σου
1126 4342 1202 4414 τῷ
1248 4343 1388 4412 ἁγίῳ
1445 4339 1807 4410 ἁναγέννησον

227 4443 359 4502 τοὺς
389 4438 742 4501 πιστεύοντας
766 4439 846 4500 είς
880 4438 958 4490 σέ.

302 4534 359 4588 8.
398 4531 488 4601 Τῷ
511 4530 653 4601 λόγῳ
684 4547 775 4582 σου
805 4531 897 4582 καὶ
928 4531 992 4598 τῇ
1025 4528 1205 4598 χάριτί
1234 4543 1348 4578 σου.
1837 4528 1887 4586 D

308 4624 360 4678 9.
399 4624 506 4675 Kal
535 4621 811 4692 ἐνίσχυσον
831 4621 955 4683 τοὺς
987 4620 1168 4688 ἁγίους
1193 4619 1290 4689 (5),
1327 4617 1416 4670 καὶ
1451 4615 1512 4667 τὸ
1552 4615 1809 4685 κήρυγμα

227 4715 418 4770 αὐτῶν
447 4713 832 4780 κατευόδωσον,
859 4713 952 4764 καὶ
975 4710 1312 4780 βασίλευσον.

308 4809 398 4861 10.
427 4806 523 4859 Διὰ
546 4806 672 4867 τοὺς
702 4805 888 4872 ἁγίους
917 4821 1030 4858 σου.

1981 4317 2034 4373 6.
2069 4318 2334 4387 Populum
2369 4315 2578 4370 ﬁdelem
2615 4315 2877 4369 Dominus
2903 4314 3194 4369 benedixit.

1983 4411 2035 4465 7.
2065 4411 2120 4464 In
2156 4409 2361 4480 Spiritu
2393 4422 2580 4465 sancto
2609 4419 2700 4462 tuo
2730 4423 2986 4478 regenera
3014 4409 3296 4463 credentes
3327 4408 3378 4461 in
3402 4417 3471 4462 te.

1983 4589 2036 4644 8.
2072 4588 2251 4644 Verbo
2279 4598 2393 4654 tuo,
2418 4596 2471 4642 et
2504 4585 2673 4657 gratia
2703 4593 2813 4639 tua.

1981 4682 2033 4736 9.
2061 4680 2126 4734 Et
2154 4680 2442 4735 corrobora
2467 4686 2708 4743 sanctos,
2733 4685 2785 4732 et
2818 4675 3256 4746 praedicationem
3289 4690 3472 4729 eorum

1913 4789 2171 4844 prospere
2203 4772 2395 4843 dirige,
2431 4781 2484 4826 et
2509 4787 2694 4841 regna.

310 4895 399 4948 11.
429 4894 539 4946 Kal
566 4864 776 4963 ἔχοντές
805 4864 934 4944 σενοί
971 4893 1112 4960 ἆγιοι
1139 4891 1193 4942 ὲν
1218 4889 1455 4950 ἑαυτοῖς,
1472 4883 1720 4952 ἀγάγωσί
1744 4901 1802 4936 σε

1141 4891 1193 4942 ἐν
1218 4883 1720 4952 ἑαυτοῖς,ἀγάγωσί
1744 4901 1802 4936 σε
1986 4865 2070 4918 10.
2102 4864 2328 4934 Propter
2360 4875 2578 4920 sanctos
2602 4876 2744 4921 tuos.

227 4991 346 5050 τοῖς
374 4985 551 5039 ἔθνεσι
588 4984 676 5038 διὰ
711 4983 803 5036 τοῦ
836 4980 1207 5054 κηρύγματος.

1988 4962 2074 5014 ll.
2115 4959 2181 5015 Et
2210 4960 2387 5014 sancti
2427 4959 2688 5015 habentes
2723 4969 2776 5015 te
2808 4960 2860 5014 in
2886 4976 2944 5015 se
2974 4961 3106 5032 ipsis
3133 4959 3403 5016 adducent
3431 4970 3470 5014 ιε

309 5076 401 5130 12.
433 5076 496 5129 Ol.
535 5073 820 5128 ἀπόστολοί
848 5051 942 5126 σου
973 5051 1298 5142 ἠκονημένοι
1329 5069 1418 5124 διὰ
1456 5070 1554 5140 τῆς
1590 5067 1810 5140 χάριτός
1914 5053 2167 5123 gentibus
2197 5067 2293 5122 per
2318 5051 2776 5120 ριέεᾱὶεειὶοηειιι.

230 5185 356 5220 σου,
1988 5145 2074 5198 12.
2103 5144 2346 5212 Apostoli
2378 5144 2476 5209 tui,
2505 5158 2643 5214 quos
2670 5144 2888 5198 exacuit
2915 5144 3086 5212 gratia
3124 5154 3234 5198 tua.

308 5261 394 5314 13.
411 5255 877 5328 Ὑποταγήσονταί
897 5272 978 5309 σοι
994 5253 1120 5324 ἔθνη
1141 5254 1228 5308 διὰ
1252 5253 1352 5322 τῆς
1370 5225 1697 5315 πίστεώιςσου
1713 5250 1810 5321 (6).

1713 5250 1810 5321 (6),
1989 5240 2075 5293 13.
2110 5239 2480 5308 Subjicientur
2505 5237 2598 5291 tibi
2626 5247 2814 5306 gentes
2845 5252 2940 5307 per
2964 5238 3118 5292 tidem
3147 5247 3315 5293 tuam.

311 5353 401 5407 14.
437 5349 850 5420 Ἐτι.(¹ῖ).δντες
877 5351 935 5401 ὲν
963 5350 1080 5409 ταῖς
1108 5348 1423 5416 ἁμαρτίαις.

1987 5334 2074 5387 14.
2111 5333 2305 5386 Adhuc
2326 5339 2701 5400 permanentes
2725 5329 2776 5382 in
2809 5330 3063 5398 peccatis.

309 5445 398 5499 15.
444 5444 510 5496 Ἦ
542 5440 788 5512 βασιλεία
811 5457 903 5493 σου
932 5437 1306 5508 ἀτελεύτητος.

1993 5426 2081 5480 15.
2119 5427 2365 5494 Regnum
2394 5432 2548 5477 tuum
2575 5421 2982 5491 sempiternum.

1192 5553 1503 5614 Addenda
1531 5558 1592 5613 et
1638 5545 2016 5626 corrigenda
2041 5559 2119 5603 ex
2151 5539 2291 5603 cod.
2330 5536 2533 5599 Vatic.

309 5662 388 5729 (1)
429 5663 492 5714 Ἡ
523 5661 610 5715 διὰ
641 5662 738 5725 τῆς
774 5659 1142 5730 κινναϐάρεως
1182 5675 1305 5728 περ.
1530 5725 1563 5730 __
1911 5660 2011 5730 etc.

428 5719 733 5801 Explicatio
757 5733 898 5785 tituli
927 5719 1078 5785 deest
1105 5719 1160 5782 in
1190 5719 1419 5795 utroque
1446 5725 1654 5780 codice.

861 5733 898 5784 li
927 5719 1078 5785 deest
1105 5719 1160 5782 in
1190 5719 1419 5795 utroque
1446 5725 1654 5780 codice.
2100 5720 2318 5801 _'_Ay£o_u;
2351 5733 2464 5801 σου.

428 5790 566 5869 Περί
593 5803 758 5855 deest.
1336 5790 1348 5795 -
1493 5867 1512 5869 ,Α
1645 5867 1654 5869 _
1746 5866 1756 5869 _

1336 5790 1348 5795 -
1493 5867 1512 5869 η
1645 5867 1654 5869 _
1746 5866 1756 5869 _
1983 5790 2056 5869 (fi)
2091 5795 2205 5869 ζου
2230 5792 2398 5844 deest.

309 5875 386 5943 (4)
415 5864 809 5941 Διᾰγγείλασιν,
853 5874 942 5925 καὶ
981 5869 1385 5938 ἁναγγελοῦτιν,
1418 5867 1567 5938 χείλη
1599 5866 1814 5930 αὐτούς,
1991 5864 2065 5930 (7)
2100 5864 2182 5913 ΟΞ.
