4060 6428
607 340 715 396 827
1451 346 1509 396 δ.
1553 344 1926 396 A'l'llANASlI
1968 343 2122 398 ΟΡΡ.
2166 343 2205 398 Ρ

2259 343 2345 398 RS
2381 342 2468 396 ill.
2505 372 2574 386 --
2612 341 3021 395 EXEGETICA.
3750 345 3854 398 828

684 458 769 508 16.
805 452 962 524 Virga
990 452 1303 507 directionis
1331 453 1482 523 virga
1509 454 1658 524 regni
1687 454 1786 509 tui.
2207 461 2254 517 Α

2245 503 2254 514 ,
2352 454 2435 507 16.
2488 453 2710 516 Ῥάόδος
2734 453 3028 524 εὐθύτητος
3050 456 3081 525 ἡ
3101 455 3294 526 ράὁδος
3319 455 3417 524 τῆς
3447 455 3720 524 βασιλείας
3739 478 3848 516 σου.

682 548 768 599 17.
801 544 1042 600 Dilexisti
1071 545 1338 614 justitiam
1362 553 1417 597 et
1447 543 1612 598 odisti
1640 544 1979 613 iniquitatem
2007 560 2022 598 :

2361 546 2446 600 17.
2492 545 2816 618 Ἠγάπησας
2865 545 3237 617 δικαιοσύνην,
3285 548 3378 600 καὶ
3429 547 3694 620 ἐμίσησας
3736 553 3855 605 ἀνο-

2338 636 2421 688 ίαν
2445 652 2460 666 °

680 725 765 778 18.
797 725 1086 795 Propterea
1112 725 1268 778 unxit
1302 734 1351 779 te
1381 723 1546 786 Deus.
1579 723 1722 780 Deus
1746 737 1893 791 tuus,

2338 654 2421 688 ιαν
2445 654 2460 666 υ

2292 654 2330 706 μ
2357 729 2443 783 18.
2475 727 2575 782 Διὰ
2602 728 2759 780 τοῦτο
2791 727 2974 798 ἔχρισέ
3002 745 3060 782 σε
3085 731 3113 781 6
3139 729 3290 792 Θεὸς,
3313 731 3342 781 6
3371 729 3502 794 Θεός
3537 747 3650 799 σου,

681 820 767 873 19.
793 817 925 872 Oleo
957 819 1155 872 laetitiae
1178 833 1287 888 prae
1310 818 1664 872 consortibus
1694 819 1824 873 tuis.

2367 820 2453 873 19.
2492 819 2711 872 Ἔλαιον
2738 818 3108 885 ἀγαλλιάσεως
3139 819 3288 889 παρὰ
3305 820 3431 882 τοὺς
3461 821 3718 890 μετόχους
3739 839 3851 879 σου.

679 910 769 964 20.
805 910 1045 981 Myrrha,
1074 919 1129 964 et
1153 919 1326 979 gutta,
1363 919 1417 964 et
1443 910 1592 966 casia
1622 927 1650 964 a
1679 910 2020 966 vestimentis
2047 909 2177 975 tuis.

2355 913 2448 967 20.
2481 911 2727 984 Σμύρνα,
2763 912 2858 965 καὶ
2897 911 3122 981 στακτὴ,
3154 913 3247 964 καὶ
3272 914 3435 965 κασία
3463 913 3570 967 ἀπὸ
3599 914 3707 970 τῶν
3737 917 3857 986 ίμα-

2285 1021 2415 1057 τιων
2449 1021 2563 1066 σου,

666 1093 758 1148 21.
791 1091 834 1145 Α
873 1092 1125 1147 domibus
1174 1092 1454 1158 eburneis,
1506 1109 1570 1148 ex
1625 1093 1826 1163 quibus
1873 1093 2179 1148 delectave-

2359 1097 2448 1150 21.
2494 1095 2634 1148 Ἀπὸ
2664 1093 2874 1165 βάρεων
2897 1092 3278 1164 ἐλεφαντίνων,
3310 1094 3368 1161 ἐξ
3388 1114 3462 1150 ων
3483 1096 3757 1167 εὓςρρανάν
3797 1113 3857 1150 σε

635 1193 729 1236 unt
758 1192 777 1236 t

605 1199 729 1237 runt
758 1199 811 1237 te

672 1274 761 1326 22.
797 1272 945 1326 Filiae
972 1287 1158 1340 regum
1193 1271 1246 1324 in
1275 1270 1482 1324 honore
1511 1279 1602 1323 tuo
1632 1288 1646 1323 :

2361 1269 2454 1322 22.
2481 1275 2790 1340 Θυγατέρες
2822 1266 3083 1337 βασιλέων
3105 1269 3162 1320 ἐν
3187 1269 3252 1337 τῇ
3278 1269 3408 1336 τιμῇ
3447 1281 3538 1318 σου
3556 1283 3571 1298 ο

669 1365 759 1420 25.
790 1365 974 1419 Astitit
1009 1363 1190 1434 regina
1220 1379 1250 1416 a
1283 1363 1490 1416 dextris
1516 1362 1649 1427 tuis,

2354 1362 2446 1416 25.
2485 1361 2738 1433 Παρέστη
2775 1364 2806 1431 ἠ
2838 1361 3120 1430 βασίλισσα
3156 1362 3219 1412 ἐκ
3241 1359 3428 1425 δεξιῶν
3464 1376 3579 1424 σου,

667 1456 759 1514 24.
790 1454 846 1509 In
879 1456 1074 1510 vestitu
1108 1454 1374 1509 deaurato
1400 1453 1739 1507 circumdata
1769 1453 2054 1507 varietate.

2356 1451 2447 1506 24.
2499 1452 2584 1504 ’Ev
2634 1451 2913 1524 ἱματισμῷ
2947 1451 3221 1523 διαχρύσῳ
3269 1451 3726 1523 περιὸεὕλημένη,
3765 1470 3858 1506 πε-

2285 1541 2628 1612 ποικιλμένη.

665 1631 757 1686 25.
784 1629 947 1694 Audi,
985 1629 1115 1696 lilia,
1145 1637 1200 1683 et
1242 1629 1386 1694 vide,
1419 1635 1475 1683 et
1513 1627 1712 1682 inclina
1748 1643 1934 1683 aurem
1979 1638 2124 1682 tuam
2161 1648 2174 1683 :

2353 1634 2444 1688 25.
2483 1635 2651 1686 ⁸’Δκου
2664 1649 2776 1698 σον,
2811 1632 3072 1702 θύγατερ,
3097 1635 3192 1686 καὶ
3218 1633 3317 1697 ῐδε,
3352 1633 3446 1686 καὶ
3470 1631 3647 1686 κλῖνον
3674 1632 3737 1686 τὸ
3764 1629 3861 1698 οὖς

2284 1742 2402 1780 σου.

667 1808 757 1861 26.
793 1805 859 1861 Ει
887 1807 1208 1863 obliviscere
1237 1806 1496 1878 populum
1537 1815 1690 1860 tuum
1727 1815 1782 1861 et
1805 1806 2027 1861 domum
2080 1822 2177 1876 pa-
2207 1825 2249 1878 Β

2346 1816 2437 1870 26.
2471 1817 2582 1870 Καὶ
2614 1815 2875 1870 ἐπιλάθου
2905 1815 3000 1869 τοῦ
3025 1815 3156 1869 λαου
3188 1832 3282 1868 σου
3315 1816 3410 1870 καὶ
3439 1815 3534 1870 τοῦ
3559 1816 3710 1870 οἴκου
3757 1812 3857 1871 τοῦ

603 1900 700 1955 tris
728 1899 827 1953 tui.

2285 1908 2490 1979 πατρός
2525 1925 2639 1963 σου.

666 1995 757 2048 27.
793 1993 858 2048 Ει
887 1993 1237 2063 concupiscet
1265 2008 1359 2045 rex
1391 1993 1644 2046 decorem
1680 2001 1830 2043 tuum
1865 2010 1879 2043 :

2352 2001 2442 2054 27.
2478 2001 2588 2054 Καὶ
2615 1998 2948 2069 ἐπιθυμήσει
2972 2000 3000 2049 ὁ
3034 1998 3286 2069 βασιλεὺς
3307 1999 3402 2052 τοῦ
3425 1999 3658 2060 κάλλους
3691 2016 3786 2052 σου
3812 2015 3822 2027 ·

666 2091 757 2145 28.
789 2091 1058 2156 Quoniam
1081 2091 1197 2158 ipse
1227 2097 1310 2142 est
1339 2087 1602 2141 Dominus
1640 2095 1789 2147 tuus,
1821 2094 1875 2140 et
1920 2084 2176 2140 adorabis

2355 2090 2446 2145 28.
2481 2092 2603 2144 Ὅτι
2629 2091 2791 2153 αὑτός
2821 2092 2939 2144 ἐστι
2981 2090 3187 2161 Κύριός
3240 2107 3371 2155 σου,
3417 2092 3512 2144 καὶ
3553 2086 3866 2162 προσκυνή-

603 2200 747 2241 eum.

2287 2197 2400 2242 σεις
2429 2180 2596 2249 αὐτῷ.

666 2278 735 2332 29
791 2275 854 2329 Et
889 2274 993 2328 tilia
1021 2271 1148 2344 Tyri
1195 2272 1248 2326 in
1277 2271 1617 2326 muneribus.

2356 2270 2445 2326 29.
2480 2270 2554 2340 (a)
2589 2270 2698 2324 Καὶ
2723 2268 2968 2340 Θυγάτηρ
2994 2269 3169 2341 Τύρου
3204 2274 3260 2323 ἐν
3287 2272 3500 2342 δώροις.

668 2397 745 2467 (α)
783 2393 842 2450 V.
875 2394 965 2459 29,
1015 2393 1128 2447 Καὶ
1161 2393 1630 2465 προσκυνήσουσιν
1666 2387 1815 2455 αὐτῷ
1844 2388 2141 2459 Θυγατέρες
2181 2387 2355 2461 Τύρου
2391 2390 2447 2442 ἐν
2478 2388 2672 2460 δώροις
2706 2386 2772 2444 ν.
2805 2389 2893 2456 50,
2927 2387 3019 2456 Τό,
3047 2397 3153 2444 etc.

1720 2526 2100 2581 ATHANASII
2135 2525 2729 2582 INTERPRETATIO.

667 2646 756 2700 16.
785 2644 1034 2699 Potestas
1061 2653 1261 2699 aeterna
1285 2659 1512 2713 regnum
1543 2652 1720 2699 tuum.

2357 2641 2444 2695 16.
2492 2641 2741 2706 Ἐξουσία
2768 2641 2982 2704 αἰώνιος
3008 2642 3040 2711 ἡ
3076 2640 3322 2710 βασιλεία
3350 2658 3460 2692 σου.

670 2737 756 2790 17.
797 2721 1040 2789 Dilexisti
1083 2745 1302 2790 sanctos
1355 2743 1500 2798 tuos,
1550 2747 1603 2789 et
1646 2735 1810 2789 odisti
1867 2733 2178 2788 inventores

2347 2734 2434 2786 17.
2482 2734 2806 2803 Ἡγάπησας
2825 2735 2951 2796 τοὺς
2976 2733 3163 2801 ἁγίους
3194 2749 3306 2796 σου,
3327 2734 3418 2784 καὶ
3450 2732 3723 2804 ἐμίσησας
3737 2745 3869 2800 τους

603 2827 924 2898 tniquitatis,
961 2827 1240 2881 diabolum
1277 2842 1489 2897 nempe,
1514 2836 1567 2881 et
1591 2828 1811 2896 angelos
1841 2827 1980 2895 ejus.

2285 2826 2511 2899 εὑρετὰς
2539 2827 2636 2896 τῆς
2661 2825 2910 2895 ἀνομίας,
2944 2825 3086 2894 φημὶ
3120 2823 3184 2893 δὴ
3216 2823 3303 2875 τὸν
3338 2822 3582 2876 διάϐολον
3619 2826 3871 2892 καὶτοὺς

2207 2967 2252 3028 C
2286 2918 2551 2986 ἀγγέλους
2578 2917 2766 2973 αὑτοῦ.

669 3001 759 3067 18,
793 3000 880 3056 19.
917 3000 1210 3069 Pr0pterea
1235 3000 1573 3054 renuntiavit
1600 3009 1651 3053 te
1680 2998 1840 3053 Pater
1876 3015 1971 3068 per
2003 2999 2175 3070 Spiri-
2207 2998 2252 3028 υ

2355 3008 2554 3074 18,19.
2603 3009 2702 3062 Διὰ
2754 3009 2915 3063 τοῦτο
2957 3009 3194 3077 ἁνέδειξέ
3244 3026 3304 3061 σε
3349 3010 3377 3062 6
3425 3008 3614 3080 Πατὴρ
3647 3007 3738 3061 διὰ
3770 3007 3867 3061 τοῦ

603 3103 712 3146 tum
735 3100 986 3148 sanctum
1015 3107 1195 3162 regem
1220 3092 1334 3161 jam
1369 3094 1726 3148 exsistentem
1763 3109 1776 3145 :
1809 3093 2166 3162 quandoqui-

2279 3103 2598 3173 Πνεύματος
2638 3103 2795 3171 ἁγίου
2834 3103 3059 3173 βασιλέα
3088 3103 3217 3156 ὄντα
3241 3120 3253 3134 ο
3289 3102 3585 3173 ἐπειδήπερ
3622 3103 3869 3172 ὑπῆρχες

603 3191 720 3240 item
750 3201 964 3255 semper
985 3185 1240 3240 exstitisti
1271 3201 1368 3240 rex
1399 3200 1564 3254 supra
1595 3200 1713 3248 eos,
1746 3184 1841 3254 qui
1880 3187 2175 3256 participes

2279 3193 2365 3245 ἁεὶ
2390 3192 2641 3260 βασιλεὺς
2672 3192 2813 3261 ὑπὲρ
2842 3193 2969 3254 τοὺς
3000 3193 3325 3262 γενομένους
3345 3192 3606 3262 μετόχους
3634 3193 3736 3263 τῆς
3765 3192 3868 3261 χά-

603 3277 822 3332 fuerunt
875 3278 1064 3347 gratia:
1119 3286 1267 3343 tuae;
1324 3277 1763 3343 Melchisedech,
1823 3278 2070 3347 inquam,
2124 3285 2179 3331 et

2285 3285 2429 3354 ριτὸς
2459 3301 2552 3336 σου
2574 3301 2586 3314 ⁸
2625 3284 2770 3351 λέγω
2799 3284 2863 3352 δὴ
2891 3282 3245 3353 Μελχισεδέχ,
3266 3284 3359 3336 καὶ
3381 3282 3565 3346 Δαὸὶδ,
3596 3284 3688 3336 καὶ
3721 3281 3873 3348 Ἐζιο

603 3367 792 3428 David,
825 3379 878 3422 et
901 3366 1154 3430 Ezechia,
1179 3377 1232 3420 et
1255 3365 1425 3430 Josia,
1456 3375 1511 3420 et
1543 3375 1813 3435 quotquot
1841 3367 1927 3422 his
1969 3367 2179 3423 similes

1800 3375 1813 3420 ι
1841 3367 1927 3422 his
1969 3367 2179 3423 similes
2281 3375 2393 3445 χία,
2421 3375 2516 3428 καὶ
2556 3375 2759 3437 Ἰωσία,
2791 3374 2884 3426 καὶ
2906 3374 3019 3426 ὅσοι
3047 3374 3168 3426 κατ’
3191 3373 3403 3438 αὐτούς.

603 3461 846 3512 l‘ucrunt.

671 3549 760 3603 20.
793 3547 1016 3618 Myrr/ta
1042 3548 1427 3617 interpretatur
1455 3546 1681 3601 melodia
1718 3549 1973 3618 ipsorum.
2013 3549 2182 3604 Melo—

2350 3549 2440 3605 20.
2478 3551 2721 3619 Σμύρνιι
2775 3548 3134 3621 ἑρμηνεύεται
3181 3549 3444 3619 μελῳδία
3484 3547 3704 3603 αὐτῶν.
3742 3549 3859 3620 Τὴν

603 3643 748 3695 diam
771 3641 934 3711 igitur
957 3655 1170 3705 eorum,
1206 3651 1258 3694 et
1289 3641 1533 3710 gentium
1578 3639 1935 3711 fragrantiam
1980 3643 2182 3714 signiti-

2282 3637 2373 3696 οὖν
2407 3641 2674 3713 μελῳδίαν
2703 3639 2883 3694 αὐτῶν
2918 3641 3015 3711 (1),
3045 3642 3138 3693 καὶ
3178 3641 3273 3711 τὴν
3297 3641 3522 3694 εὐωδίαν
3554 3641 3664 3694 τῶν
3697 3641 3873 3695 ἐθνῶν

601 3744 706 3794 cat,
733 3749 894 3803 quam
924 3749 954 3786 a
984 3731 1236 3785 doctrina
1271 3732 1506 3800 collegit.

2281 3733 2451 3802 λέγει,
2485 3733 2551 3802 ἣν
2581 3733 2983 3801 ἐπισυνήγαγεν
3014 3731 3123 3783 ἀπὸ
3147 3733 3246 3801 τῆς
3274 3731 3627 3795 διδασκαλίας
3657 3733 3760 3802 (2).

672 3825 761 3877 21.
794 3823 875 3875 Ab
912 3820 1144 3874 urbibus
1170 3821 1344 3875 ﬁrmis
1379 3831 1434 3875 et
1458 3820 1696 3885 decoris,
1740 3821 1845 3875 hoc
1873 3829 1957 3875 est
1990 3836 2020 3875 a
2049 3837 2181 3876 san-

2353 3825 2443 3878 21.
2489 3824 2622 3876 ’Δπὸ
2663 3822 2772 3876 τῶν
2812 3821 3022 3875 πόλεων
3064 3822 3173 3875 τῶν
3209 3824 3464 3894 ίσχυρῶν,
3515 3823 3626 3878 τῶν
3669 3825 3877 3899 εὐπρο-

608 3915 736 3976 ctis,
762 3913 907 3967 unde
930 3910 1236 3966 laetiﬁcatus
1261 3927 1338 3966 es.

2285 3917 2424 3978 πῶν,
2454 3915 2704 3968 τουτέστι
2737 3915 2845 3967 τῶν
2875 3915 3066 3983 ἁγίων,
3095 3913 3153 3978 ἐξ
3172 3907 3245 3968 ὧν
3274 3913 3608 3986 εύφρὰνθης.

675 4005 767 4088 22.
801 4003 1010 4058 Anima
1043 4012 1358 4058 sanctorum
1382 4002 1764 4073 gloriﬁcabunt
1791 4009 1863 4058 te.

2353 4008 2446 4066 22.
2479 4009 2546 4062 Δί
2573 4007 2744 4078 ψυχαὶ
2774 4006 2883 4061 τῶν
2919 4007 3091 4074 ἁγίων
3122 4005 3403 4072 δοξὰσουσί
3431 4024 3511 4062 σε.

673 4100 764 4153 23.
799 4097 1067 4152 Ecclesia.

2356 4101 2445 4154 23.
2490 4102 2552 4153 'H
2593 4101 2907 4172 Ἐκκλησία.

677 4189 768 4242 24.
802 4187 862 4242 In
896 4186 1194 4242 multifaria
1227 4186 1494 4257 sapientia
1527 4195 1746 4241 ornata.

2357 4193 2446 4247 24.
2491 4194 2578 4246 Ἐν
2610 4197 2675 4264 τῇ
2713 4194 2874 4263 σοφίᾳ
2897 4196 2962 4264 τῇ
2999 4192 3370 4261 πολυποικίλῳ
3401 4194 3815 4264 κεκοσμημένη.

673 4279 766 4332 25.
792 4277 958 4342 Audi,
1003 4277 1136 4330 dicit
1169 4276 1422 4331 Ecclesia-
1457 4292 1523 4330 ex
1557 4278 1811 4346 gentibus
1843 4277 2185 4346 prmdicatio-
2212 4305 2264 4360 Β

2362 4286 2453 4340 25.
2489 4287 2756 4337 Ἄκουσον
2782 4325 2795 4348 ,
2832 4284 2978 4352 λέγει
3015 4287 3080 4354 τῇ
3129 4283 3422 4354 Ἐκκλησία
3463 4287 3528 4355 τῇ
3573 4283 3632 4348 ἐξ
3662 4285 3874 4353 ἐθνῶν,

605 4377 730 4426 nem
779 4369 1023 4437 Domini,
1076 4379 1131 4424 et
1184 4371 1403 4425 attende
1448 4371 1621 4426 oculis
1664 4370 1849 4425 cordis
1899 4372 2188 4441 praeceptis

2296 4376 2390 4429 τοῦ
2419 4375 2775 4446 κηρύγματος
2797 4374 2890 4428 τοῦ
2913 4376 3140 4447 Κυρίου,
3169 4375 3264 4428 καὶ
3282 4375 3516 4445 πρόσχες
3531 4377 3645 4438 τοῖς
3667 4375 3844 4444 ὀφθαλ
3859 4407 3876 4418 -

606 4463 848 4528 Domini,
872 4471 928 4518 et
957 4463 1203 4518 ausculta
1230 4479 1376 4518 eum.

2301 4469 2420 4536 μοῖς
2446 4465 2545 4535 τῆς
2567 4464 2794 4536 καρδίας
2819 4468 2940 4527 ταῖς
2963 4463 3206 4528 ἐντολαῖς
3256 4463 3350 4516 τοῦ
3386 4464 3613 4534 Κυρίου,
3655 4466 3748 4517 καὶ
3780 4467 3875 4518 ὑπ-

2297 4560 2525 4612 άκουσον
2557 4557 2744 4612 αὑτοῦ.

674 4643 768 4698 26.
798 4641 865 4697 Ει
891 4642 1213 4697 obliviscere
1233 4642 1576 4714 gentilitatis,
1601 4651 1652 4696 et
1671 4642 2008 4699 idololatriae.

2365 4651 2456 4706 26.
2493 4652 2604 4705 Καὶ
2626 4650 2884 4704 ἐπιλάθου
2918 4649 3010 4704 τοῦ
3062 4647 3415 4719 Ἑλληνισμοῦ
3454 4650 3546 4701 καὶ
3586 4651 3686 4721 τῆς
3716 4652 3878 4706 εἰδω-

2292 4741 2627 4810 λολατρείας.

677 4820 768 4876 27.
799 4820 1064 4875 Dominus
1091 4822 1248 4875 (idem
1276 4831 1446 4875 tuam.

2369 4833 2461 4887 27.
2509 4836 2566 4888 '0
2594 4835 2799 4907 Κύριος
2831 4837 2928 4906 τῆς
2965 4835 3200 4898 πίστεώς
3235 4851 3349 4889 σου.

677 4913 767 4967 28.
796 4912 1068 4978 Quoniam
1096 4913 1212 4983 ipse
1250 4922 1334 4968 est
1360 4913 1622 4969 Dominus
1659 4923 1807 4981 tuus,
1855 4921 1904 4968 et
1948 4915 2050 4984 ipsi
2095 4912 2190 4967 lle-

2367 4925 2457 4978 28.
2497 4927 2619 4979 ⁸Οτι
2649 4927 2812 4989 αὑτός
2851 4928 2967 4979 ἐστι
2994 4927 3269 4997 Δεσπότης
3303 4942 3418 4988 σου,
3454 4926 3548 4978 καὶ
3569 4922 3720 4993 αὑτῷ
3763 4924 3875 4976 κλί-

610 5006 775 5060 ctitur
802 5019 966 5060 omne
988 5021 1128 5074 genu
1158 5007 1210 5060 in
1240 5006 1378 5061 caelo
1401 5015 1455 5060 et
1480 5007 1534 5060 in
1563 5016 1705 5061 terra
1737 5008 1802 5062 ⁸⁵.

2298 5034 2379 5068 νει
2407 5018 2482 5087 (5)
2519 5017 2704 5089 [πᾶν]
2738 5019 2868 5087 γόνυ
2898 5019 2955 5070 ἐν
2984 5018 3198 5090 οὐρανῷ
3227 5019 3321 5071 καὶ
3347 5017 3438 5071 ἐπὶ
3465 5017 3589 5086 γῆς.

681 5096 771 5151 29.
804 5095 868 5150 Et
923 5095 1034 5150 ﬁlia
1085 5096 1449 5162 confusionis,
1501 5112 1696 5166 nempe
1727 5096 2068 5163 idololatriae,
2103 5095 2194 5149 ad-

2373 5108 2464 5162 29.
2496 5112 2609 5162 Καὶ
2635 5111 2731 5180 τῆς
2764 5110 3078 5180 συγχύσεως
3106 5109 3371 5182 θυγάτηρ,
3407 5109 3549 5179 λέγω
3581 5107 3644 5177 δὴ
3667 5107 3769 5176 τῆς
3802 5110 3874 5160 εἰ.

611 5189 775 5245 ducta
849 5195 933 5241 est
996 5187 1064 5242 ad
1131 5186 1312 5242 ﬁdem.
1375 5188 1545 5258 Tyrus
1596 5189 1742 5244 enim
1807 5189 2194 5258 interpretatur

2300 5200 2719 5272 δωλολατρείας,
2775 5204 3117 5276 προσηνέχθη
3175 5206 3232 5259 ἐν
3287 5203 3490 5256 πίστει.
3552 5202 3730 5270 Τύρος
3767 5199 3875 5273 γὰρ

612 5281 881 5348 confusio.

2300 5293 2606 5361 σύγχυσις
2643 5294 3019 5366 ἑρμηνεύεται.

685 5393 730 5425 ⁸⁸
763 5392 868 5449 lsa.
903 5411 1024 5462 xcv,
1056 5397 1162 5464 2i;
1198 5396 1360 5452 Rom.
1390 5414 1500 5466 xnv,
1527 5399 1585 5453 ll
1613 5415 1626 5464 ;
1659 5398 1856 5468 Philip.
1893 5415 1953 5465 ιι,
1990 5399 2072 5451 10.

1598 5513 1908 5575 Addenda
1941 5523 2001 5574 et
2033 5511 2412 5592 corrigenda
2445 5529 2521 5572 ex
2558 5513 2696 5574 cod.
2727 5513 2902 5574 Velie

800 5631 1006 5705 ᾼρτῶν
1034 5632 1205 5705 deest.

1120 5641 1205 5687 :sl.
2388 5635 2463 5705 (3)
2492 5635 2723 5700 Κλινεῖς.

691 5699 766 5770 (2)
809 5701 1163 5768 Διδασκαλίας
1199 5721 1311 5758 σου.
