4060 6432
607 364 714 418 851
1458 361 1515 415 S.
1577 357 1950 411 ATHANASH
1990 355 2141 409 01³1).
2185 355 2210 408 1

2243 351 2363 406 \iiS
2400 350 2483 405 lll.
2525 381 2592 391 --
2630 349 3040 405 ΕΧΕΟΕΤΙΟΑ.
3743 343 3846 399 83?.

676 485 729 539 3.
764 481 1053 551 Propterea
1100 494 1208 534 non
1265 476 1616 543 timebimus,
1679 477 1808 530 dum
1869 474 2174 528 turbabitur
2204 478 2249 531 Α

2242 517 2249 531 _
2347 470 2398 522 5.
2430 469 2528 521 Διὰ
2557 467 2714 545 τοῦτο
2741 470 2802 520 οὺ
2832 464 3252 537 φοϐηθησόμεθα
3282 465 3338 517 ἐν
3373 463 3448 534 τῷ
3480 464 3845 537 ταράσσεσθαι

607 586 772 629 terra.

2277 577 2373 630 την
2401 577 2502 628 γην
2530 601 2543 624 ,

668 668 730 721 4.
761 666 824 720 Et
857 664 1252 719 transferentur
1281 672 1493 718 montes
1519 664 1572 716 in
1606 678 1698 717 eor
1730 663 1916 717 maris.

2348 651 2400 704 4.
2432 651 2541 703 Καὶ
2573 647 2952 719 μετατίθεσθαι
2980 648 3079 718 ὅρη
3107 649 3164 698 ἐν
3206 647 3450 717 καρδίαις
3479 646 3779 700 θαλασσῶν.

675 758 728 811 5.
765 757 1077 811 Sonuerunt
1102 763 1156 808 et
1189 754 1414 807 turbatae
1436 763 1563 808 sunt
1587 767 1740 819 aquae
1771 763 1996 804 eorum:

2349 745 2402 799 5.
2437 745 2687 813 Ἦχησαν
2727 743 2818 795 καὶ
2843 741 3214 812 ἐταράχθησαν
3237 741 3304 792 τὰ
3340 739 3506 811 ῦδαιτα
3536 740 3714 793 αὐτῶν
3738 755 3750 768 ·

674 850 727 900 6.
760 847 1082 901 Conturbati
1109 853 1235 898 sunt
1257 851 1470 897 montes
1503 842 1555 895 in
1583 841 1900 895 fortitudine
1925 839 2066 906 ejus.

2345 837 2398 890 6.
2448 833 2858 906 Ἐταράχθησαν
2887 833 2955 885 τὰ
2973 834 3072 903 ὅρη
3109 833 3167 884 ἐν
3190 835 3254 903 τῇ
3287 832 3634 902 κραταιότητι
3659 831 3843 891 αὑτοῦ.

681 940 732 997 7.
763 938 1028 994 Fluminis
1062 940 1296 1008 impetus
1327 935 1565 990 laetiﬁcat
1593 934 1865 989 civitatem
1898 931 2016 985 Dei.

2352 926 2401 978 7.
2438 923 2543 976 Τοῦ
2578 923 2821 994 ποταμοῦ
2850 923 2918 976 τὰ
2942 924 3236 994 ὁρμήματα
3259 923 3601 993 εὐφραίνουσι
3625 924 3724 994 τὴν
3748 922 3844 976 πό-

2274 1018 2355 1071 λιν
2384 1016 2474 1069 τοῦ
2508 1016 2662 1069 Θεοῦ.

1222 1110 1554 1176 Diapsalma.

2832 1108 3146 1178 Διάψαλμα
3179 1109 3275 1178 (η).

676 1196 726 1250 8.
764 1196 1129 1251 Sanctiﬁcavit
1150 1195 1556 1250 tabernaculum
1589 1209 1746 1248 suum
1778 1191 2114 1245 Altissimus.

1998 1205 2114 1242 ιὶιιεο
2346 1201 2398 1254 8.
2445 1201 2670 1267 Ἡγίασε
2696 1200 2758 1252 τὸ
2789 1202 3050 1271 σκήνωμα
3079 1201 3238 1254 αὑτοῦ
3268 1202 3296 1252 ὁ
3323 1200 3601 1269 ”Υψιστος.

677 1292 730 1344 9.
766 1288 908 1344 Deus
934 1289 988 1342 in
1015 1288 1192 1343 medio
1217 1289 1357 1357 ejus,
1390 1297 1444 1341 et
1471 1301 1579 1339 non
1615 1285 2078 1338 commovebitur:

2341 1293 2393 1346 9.
2428 1293 2501 1358 (ὁ)
2529 1293 2586 1345 '0
2603 1291 2733 1354 Θεὸς
2748 1294 2805 1344 ἐν
2833 1292 2981 1363 μέσῳ
3002 1293 3189 1360 αὐτῆς,
3221 1294 3313 1346 καὶ
3341 1295 3400 1345 οὺ
3431 1293 3838 1364 σαλευθήσεται·

678 1381 766 1436 10.
798 1381 1087 1450 Adjuvabit
1115 1395 1234 1434 eam
1268 1379 1409 1434 Dens
1443 1393 1600 1432 mane
1626 1366 1891 1432 'dilnculn.
2123 1408 2128 1414 -

2347 1383 2432 1437 10.
2470 1383 2734 1454 Βοηθήσει
2769 1385 2906 1454 αὑτῇ
2943 1385 2969 1435 6
2998 1384 3127 1446 Θεὸς
3153 1386 3213 1437 τὸ
3237 1385 3369 1456 πρὸς
3400 1385 3543 1456 πρωὶ
3571 1385 3734 1455 πρωί.

679 1473 766 1527 11.
798 1471 1146 1527 Conturbata:
1197 1480 1324 1526 sunt
1373 1481 1581 1541 gentes,
1636 1481 1689 1525 et
1736 1471 1992 1523 inclinata
2048 1475 2174 1521 sunt

2048 1475 2174 1521 sunt
2344 1473 2433 1527 11.
2479 1472 2887 1544 Ἐταράχθησαν
2919 1473 3067 1545 ἕθνη,
3091 1474 3303 1528 έκλιναν
3330 1475 3596 1545 βασιλεῖαι
3615 1491 3626 1503 ·

604 1581 766 1619 regna
797 1583 809 1618 ζ

669 1607 766 1634 0....
797 1607 809 1618 .

678 1656 764 1709 12.
793 1653 946 1710 Dedit
971 1669 1155 1708 vocem
1182 1668 1335 1709 suam
1365 1652 1698 1716 Altissimus,
1727 1661 1874 1706 mota
1895 1661 1978 1706 est
2005 1660 2167 1704 terra.

2342 1660 2430 1714 12.
2454 1659 2660 1712 Ἔδωκε
2680 1658 2861 1729 φωνὴν
2890 1657 3052 1711 αὐτοῦ
3068 1656 3388 1726 ὀ’Ύψιστος,
3412 1656 3722 1730 ἐσαλεύθηή

676 1748 760 1800 15.
793 1745 1055 1800 Dominus
1077 1747 1332 1800 virtutum
1362 1746 1675 1800 nobiscum:

2199 1825 2242 1838 η
2346 1769 2430 1822 15.
2461 1768 2666 1838 Κύριος
2691 1767 2798 1821 τῶν
2829 1767 3112 1837 δυνάμεων
3146 1767 3263 1837 μεθ’
3294 1768 3479 1838 ἡμῶν·

676 1840 761 1890 11.
799 1837 1092 1908 Susceptor
1117 1847 1302 1892 noster
1331 1836 1473 1891 Dens
1497 1835 1681 1889 Jacob.
2196 1825 2244 1883 B

2196 1825 2244 1883 Β
2344 1857 2430 1910 14.
2477 1825 2850 1928 Ἀντιλήπτωρ
2890 1825 3045 1927 ἡμων
3073 1825 3252 1919 ὁΘεὸς
3294 1825 3507 1912 ’1ακώ6.

677 1929 763 1983 15.
801 1929 988 1982 Venite
1014 1939 1066 1982 et
1091 1929 1264 1983 videte
1294 1944 1456 1997 opera
1491 1928 1604 1991 Dei,

2344 1950 2432 2004 15.
2465 1949 2651 2012 Δεῦτε,
2677 1950 2768 2002 καὶ
2793 1949 2929 2002 ἴδετε
2962 1949 3030 2001 τὰ
3065 1949 3197 2020 ἔργα
3217 1950 3309 2002 τοῦ
3339 1950 3495 2016 Θεοῦ,

677 2021 762 2073 16.
793 2020 924 2086 Quae
947 2022 1128 2090 posuit
1155 2021 1398 2090 prodigia
1426 2035 1588 2088 super
1623 2029 1841 2072 terram.

1739 2033 1841 2070 nm-
2344 2039 2430 2090 16.
2467 2041 2532 2090 Ἀ
2564 2039 2714 2091 ἔθετο
2742 2039 2944 2110 τέρατα
2974 2041 3065 2092 ἐπὶ
3097 2041 3194 2110 τῆς
3221 2044 3342 2111 γῆς.

677 2112 763 2164 17.
797 2112 1063 2168 Auferens
1086 2111 1223 2167 bella
1249 2127 1421 2181 usque
1447 2111 1510 2165 ad
1544 2109 1677 2164 lines
1713 2119 1896 2163 terrae:

2345 2128 2431 2180 17.
2483 2109 2842 2200 Ἀνταναιρῶν
2873 2130 3139 2200 πολέμους
3156 2109 3330 2204 μέχρι
3355 2133 3461 2186 τῶν
3484 2133 3730 2204 περάτων
3747 2135 3844 2205 τῆς

2274 2234 2394 2288 γης

679 2297 758 2348 18.
797 2294 992 2348 Arcum
1025 2303 1264 2349 conteret
1293 2303 1346 2348 et
1374 2291 1682 2362 confringet
1714 2307 1888 2360 arma,

2341 2309 2428 2362 18.
2463 2309 2625 2374 Τόξον
2659 2311 2958 2383 συντρίψει,
3001 2315 3093 2366 καὶ
3119 2315 3400 2369 συνθλάσει
3430 2317 3623 2388 ὅπλοις,

675 2387 759 2443 19.
793 2385 861 2440 Ει
885 2394 1035 2440 scuta
1061 2386 1342 2439 comburet
1377 2385 1430 2436 in
1466 2385 1606 2446 igne.

2349 2399 2435 2454 l9.
2472 2402 2581 2454 Καὶ
2616 2402 2840 2474 θυρεοὺς
2863 2404 3195 2461 κατακαύσει
3223 2410 3279 2463 ἐν
3302 2411 3452 2482 πυρί.

964 2501 1123 2626 ὃέἓεῑ
1153 2571 1205 2625 in
1239 2570 1384 2638 cod.,
1425 2571 1518 2625 sed
1545 2578 1721 2624 exstat
1772 2570 1827 2624 in
1866 2587 2038 2643 marg.
2071 2585 2273 2634 recent.
2315 2581 2651 2638 charactere.

1711 2734 2084 2792 ATHANASII
2136 2738 2724 2802 INTERI’RETATIO.

669 2861 722 2915 3.
750 2857 1038 2926 Propterea
1065 2869 1170 2908 non
1198 2853 1431 2922 amplius
1460 2852 1736 2916 timemus,
1759 2853 2168 2924 insurgentibus

2340 2859 2391 2912 3.
2424 2860 2523 2912 Διὰ
2552 2861 2707 2914 τοῦτο
2741 2862 2841 2915 οὐκ
2889 2862 2969 2916 ἔτι
3015 2863 3348 2936 φοϐούμεθα,
3406 2866 3846 2939 ἐπεγειρομένων

601 2953 654 3006 in
687 2966 786 3005 nos
818 2949 1049 3004 terrenis
1080 2947 1378 3015 spiritibus.

2271 2953 2401 3022 ἡμῖν
2431 2954 2632 3023 γηίνων
2668 2955 3016 3024 πνευμάτων.

667 3041 721 3093 4.
757 3037 1256 3107 Etjustilicationes
1301 3034 1398 3089 Dei
1436 3042 1595 3089 erunt
1641 3032 1695 3086 in
1741 3033 1999 3090 cordibus
2034 3052 2164 3106 gen-

2344 3045 2394 3097 4.
2433 3047 2540 3097 Καὶ
2572 3046 2636 3097 τὰ
2661 3045 3002 3118 δικαιώματα
3030 3048 3123 3101 τοῦ
3155 3048 3289 3101 Θεοῦ
3322 3044 3458 3104 εἶναι
3488 3051 3545 3103 ἐν
3571 3055 3694 3115 ταῖς
3713 3071 3847 3125 κερ-

600 3133 758 3188 tium.
2194 3171 2203 3215 ε

2194 3165 2234 3221 C
2271 3135 2408 3198 δίαις
2435 3136 2540 3187 τῶν
2570 3137 2756 3190 ἐθνῶν.

673 3221 724 3275 5.
757 3220 980 3275 Territa:
1013 3226 1140 3274 sunt
1165 3227 1217 3272 et
1246 3218 1458 3271 ululant
1492 3216 1817 3272 adversaria:
1849 3226 2163 3287 potestates.
2204 3216 2234 3221 ⁷

2338 3228 2389 3284 5.
2438 3229 2811 3300 Ἐφοὸήθησαν
2838 3231 2931 3282 καὶ
2961 3230 3318 3295 ἀλαλάζουσιν
3341 3235 3398 3287 αί
3419 3234 3659 3288 ἐναντίαι
3683 3234 3842 3289 δυνά-

2273 3335 2411 3388 μεις.

671 3401 726 3455 6.
756 3396 972 3452 Domini
1003 3396 1200 3450 virtute
1230 3395 1507 3450 dissolutae
1537 3405 1667 3450 sunt
1698 3397 1897 3451 eaedem
1942 3406 2166 3453 contra-

2336 3411 2387 3464 6.
2416 3410 2744 3482 Διελύθησαν
2779 3412 2856 3484 (1)
2883 3415 2938 3467 αἱ
2960 3413 3120 3467 αὑταὶ
3142 3412 3380 3468 ἐναντίαι
3407 3413 3668 3484 δυνάμεις
3691 3418 3749 3469 ἐν
3775 3419 3840 3487 τῇ

602 3493 696 3545 riae
724 3499 1032 3559 potestates.

2271 3506 2415 3574 ίσχύῖ
2447 3505 2539 3557 τοῦ
2564 3507 2792 3577 Κυρίου.

674 3581 726 3636 7.
758 3581 905 3634 Dona
927 3581 1072 3634 enim
1101 3581 1274 3636 sancti
1317 3580 1551 3651 Spiritus
1593 3581 2034 3638 illuminaverunt
2061 3581 2164 3639 Ec-

2337 3597 2389 3648 7.
2423 3598 2502 3650 Τὰ
2531 3598 2637 3667 γὰρ
2664 3599 2975 3670 χαρίσματα
3002 3598 3096 3651 τοῦ
3131 3598 3283 3667 ἁγίου
3331 3599 3646 3671 Πνεύματος
3699 3600 3844 3672 ἐφώ-

601 3674 818 3728 clesiam
853 3673 968 3727 Dei.

2267 3704 2422 3740 τισαν
2451 3690 2547 3760 τὴν
2594 3690 2918 3761 Ἐκκλησίαν
2936 3690 3030 3743 τοῦ
3063 3690 3220 3745 Θεοῦ.

671 3767 723 3820 8.
757 3763 1126 3818 Sanctiﬁcavit
1156 3763 1382 3817 chorum
1413 3772 1728 3818 sanctorum
1756 3764 2039 3820 Dominus.

2337 3779 2387 3832 8.
2435 3781 2658 3849 Ἡγίασε
2688 3783 2779 3835 τὸν
2824 3783 2981 3852 χορὸν
3002 3782 3110 3835 τῶν
3152 3783 3358 3853 κυρίων
3385 3781 3630 3856 [ἁγίων]
3659 3787 3687 3839 6
3717 3787 3841 3840 Ku-

673 3938 726 3992 9.
754 3935 895 3990 Deus
929 3937 982 3990 in
1012 3934 1268 3992 cordibus
1300 3937 1503 4008 populi,
1534 3947 1587 3992 et
1619 3938 1924 3997 immobiles
1954 3956 2169 4011 perma-
2271 3870 2500 4011 “Zieg-

604 4040 732 4084 nent
764 4030 816 4083 in
848 4029 970 4084 ﬁde.

675 4121 763 4174 10.
796 4118 1087 4188 Adjuvabit
1117 4117 1260 4173 Deus
1290 4117 1590 4175 Ecclesiam
1621 4121 1676 4175 in
1714 4123 2000 4192 splendore
2032 4125 2170 4180 lucis

605 4229 735 4268 Sllie.

674 4302 757 4354 11.
791 4299 1040 4368 Dissipati
1065 4307 1190 4354 sunt
1209 4298 1503 4365 daemones,
1527 4307 1580 4355 et
1602 4310 1864 4370 superatae
1883 4311 2009 4356 sunt
2033 4302 2173 4358 vires

604 4410 832 4447 llllllllCl.

2338 3962 2392 4014 9.
2429 3962 2486 4014 Ὀ
2517 3962 2648 4025 Θεὸς
2671 3963 2728 4014 ἐν
2755 3965 2874 4027 ταῖς
2904 3963 3152 4036 καρδίαις
3176 3962 3270 4016 τοῦ
3293 3962 3444 4026 λαοῦ,
3472 3963 3567 4017 καὶ
3595 3964 3849 4038 άκίνητυι

2268 4049 2609 4119 διαμένουσιν
2635 4054 2742 4107 ἀπὸ
2763 4055 2862 4126 τῆς
2892 4055 3147 4117 πίστεως.

2341 4142 2425 4196 10.
2451 4144 2714 4215 Βοηθήσει
2746 4147 2775 4198 6
2800 4145 2932 4208 Θεὸς
2959 4149 3025 4216 τῇ
3072 4146 3371 4217 Ἐκκλησία
3390 4148 3447 4199 ἐν
3479 4146 3557 4217 τῷ
3580 4149 3730 4218 ερωτὶ
3749 4149 3846 4202 τοῦ

2255 4215 2447 4302 ’φωτὸς
2481 4235 2665 4288 αὑτοῦ.

2340 4325 2424 4377 11.
2464 4324 2794 4395 Διελύθησαν
2821 4326 2868 4378 οἱ
2899 4325 3172 4396 δαίμονες,
3204 4325 3298 4378 καὶ
3330 4325 3404 4396 (5)
3440 4327 3755 4399 ἡττήθησαν
3786 4330 3844 4382 αἱ

2269 4416 2358 4468 τοῦ
2393 4416 2583 4486 ἐχθροῦ
2606 4417 2878 4487 δυνάμεις.

677 4489 758 4539 12.
788 4485 1102 4540 Praedieavit
1130 4484 1272 4541 Deus
1289 4487 1511 4541 verbum
1543 4501 1724 4551 suum,
1749 4494 1802 4540 et
1824 4485 2164 4540 auscultave-
2197 4518 2240 4571 Β

2341 4484 2764 4577 12ίἜκήρυξεν
2810 4509 2838 4559 6
2886 4506 3018 4568 Θεὸς
3055 4507 3130 4577 (4)
3166 4508 3275 4573 ,τὸν
3317 4510 3474 4580 λόγον
3513 4510 3716 4578 αὐτοῦ,
3749 4515 3844 4566 καὶ

603 4589 730 4632 runt
755 4588 961 4647 gentes.

1548 4668 1558 4670 _
1656 4669 1662 4670 γ
1786 4669 1812 4670 η
2057 4667 2066 4670 _
2093 4668 2102 4670 _
2273 4599 2585 4668 ὑπήκουσαν
2617 4596 2782 4650 αὑτοῦ
2822 4598 2891 4650 τὰ
2917 4598 3064 4670 ἔθνη.

676 4671 756 4724 15.
798 4671 1060 4726 Dominus
1085 4671 1264 4726 omnis
1295 4668 1698 4740 supercmlestis
1727 4669 1931 4723 militia:
1981 4667 2168 4723 nobis-

2345 4667 2430 4744 15.
2474 4692 2532 4742 '0
2565 4691 2840 4760 Δεσπότης
2870 4667 3048 4762 πάσης
3082 4692 3405 4764 ἐπουρανίου
3434 4699 3692 4766 στρατιᾶς
3723 4699 3841 4768 μεθ’

603 4778 723 4814 cum
757 4769 861 4813 est.

1391 4850 1400 4851 ί
1566 4849 1583 4851 _
1791 4849 1804 4851 ᾉ
2273 4781 2427 4851 ἡμῶν
2461 4782 2593 4833 ἐστι.

682 4852 759 4904 11.
801 4852 1095 4921 Susceptor
1138 4862 1325 4907 noster
1377 4850 1518 4906 Deus
1559 4849 1750 4916 Jacob,
1778 4849 2055 4917 Christus,
2091 4851 2172 4904 in-

2297 4849 2323 4851 “
2351 4871 2436 4924 M.
2480 4871 2850 4943 Ἀντιλήπτωρ
2878 4873 3034 4942 ἡμῶν
3054 4876 3081 4926 6
3103 4873 3234 4936 Θεὸς
3257 4875 3349 4927 τοῦ
3383 4875 3596 4940 Ἱακὼὸ,
3619 4877 3762 4947 λέγω
3791 4881 3845 4933 δὲ

603 4961 787 5014 quam,
821 4947 912 5013 qui
943 4945 1190 5012 providet
1224 4945 1402 5000 nobis;

2276 4961 2529 5030 Χριστὸς,
2563 4963 2590 5013 6
2615 4961 2853 5031 προνοῶν
2885 4962 3058 5031 ἡμῶν.

685 5035 764 5088 l8.
798 5036 1078 5088 Advocant
1109 5045 1293 5104 gentes
1321 5036 1572 5104 apostoli.

2354 5053 2438 5106 15.
2471 5053 2909 5122 Προσκαλοῦνται
2933 5053 3001 5106 τὰ
3034 5052 3158 5124 ἔθνη
3186 5056 3234 5108 οἱ
3270 5055 3573 5110 ἀπόστολοι.

676 5130 759 5180 16.
793 5128 924 5193 Quae
955 5129 1080 5182 fecit
1104 5131 1360 5199 mysteria
1385 5131 1438 5183 in
1471 5140 1634 5184 terra.

2347 5146 2431 5197 16.
2468 5149 2532 5197 "A
2563 5147 2782 5215 ἐποίησε
2829 5147 3102 5216 μυστήρια
3137 5149 3230 5199 ἐπὶ
3269 5149 3367 5218 τῆς
3401 5149 3519 5219 γῆς.

676 5220 760 5273 17.
795 5219 1051 5273 Dissolvit
1081 5221 1220 5274 bella
1248 5223 1414 5276 totius
1444 5222 1654 5276 mundi.

2345 5237 2428 5290 17.
2470 5238 2609 5299 Τοὺς
2647 5239 2912 5308 πολέμους
2938 5239 3058 5292 ὅλου
3083 5239 3160 5306 (5)
3186 5239 3278 5291 τοῦ
3313 5241 3518 5310 κόσμου
3545 5241 3805 5294 διέλυσεν.

681 5312 761 5374 18,
804 5311 890 5362 19.
929 5311 1230 5368 Potestates
1259 5313 1486 5369 inimici.

2352 5325 2436 5392 18,
2473 5326 2558 5378 19.
2599 5327 2710 5390 Τὰς
2741 5327 2834 5380 τοῦ
2856 5327 3048 5398 ἐχθροῦ
3084 5328 3340 5400 δυνάμεις
3372 5331 3465 5400 (6).

1555 5451 1855 5513 Addenda
1889 5458 1945 5512 et
2005 5455 2376 5522 corrigenda
2407 5480 2484 5523 ex
2520 5465 2659 5527 cod.
2696 5464 2891 5529 Vatic.

782 5563 888 5650 βα).
921 5563 1259 5650 διελύθησαν.
1369 5639 1376 5647 _
1534 5639 1546 5650 ‘
2352 5582 2427 5650 (ὅ)
2461 5583 2673 5646 ”ολους.

786 5633 1094 5726 )"i:r'si‘(:tilus
1126 5633 1159 5691 8
1184 5640 1335 5697 deest
1367 5639 1416 5694 in
1451 5639 1568 5695 cod.

2795 5657 3081 5726 ἁμαρτίαν,
3117 5657 3204 5709 καὶ
3233 5655 3316 5709 ⁴.ὸν
3367 5657 3609 5710 θάνατον.
3645 5653 3707 5708 Ν.
3745 5658 3823 5712 10-

679 5703 753 5762 43)
789 5705 893 5752 KH/
917 5704 1085 5758 deest.

677 5774 749 5838 (4)
793 5773 849 5819 Ἠ
877 5774 1095 5844 Κύριος.

2283 5722 2388 5784 Τὰς
2423 5725 2508 5776 τοῦ
2544 5722 2756 5793 ἐχθροῦ,
2781 5722 2879 5780 etc,
