4060 6484
247 470 355 526 833
1153 466 1240 521 DE
1268 463 1542 521 TITULIS
1575 459 2023 517 PSALMORUM.
2054 457 2344 513 —'PSAL.
2382 456 2561 512 XLVI.
3397 458 3506 515 854

315 586 407 640 20.
442 586 746 655 Σχολάσατε
775 587 869 640 καὶ
906 585 1101 654 γνῶτε,
1136 582 1351 650 ὅτιέγὼ
1379 584 1494 651 είμι
1533 581 1560 632 6
1583 579 1733 642 Θεός.
1852 587 1892 641 Α

1891 632 1892 638 η
1993 578 2083 632 20.
2114 577 2312 632 Vacate
2333 586 2386 632 et
2415 576 2729 647 cOgnoscite
2749 577 3007 646 quoniam
3042 592 3144 648 ego
3179 591 3299 631 sum
3327 575 3494 632 Deus.

316 678 408 731 2|.
451 678 834 752 ’Υψωϐήσομαι
868 680 926 731 ἐν
951 681 1062 740 τοῖς
1095 676 1326 740 ἔθνεσιν,
1367 673 1729 744 ὑψωθήσομαι
1764 673 1823 723 ὲν

1764 673 1823 723 ὲν
1996 672 2085 725 21.
2111 670 2403 724 Exaltabor
2425 671 2477 723 in
2511 671 2784 740 gentibus,
2813 671 3091 724 exaltabor
3113 669 3166 724 in
3190 680 3356 725 terra.

246 787 313 822 τη
349 787 442 822 γη.

281 773 527 912 ῃῇξῨΚύ
539 874 648 928 ριος
679 855 786 908 τῶν
812 853 1095 924 δυνάμεων
1133 854 1248 924 μεθ’
1277 851 1432 924 ἡμῶν
1451 871 1466 884 '

1399 873 1432 906 ιν
1451 871 1466 884 ο
1992 851 2078 903 22.
2116 849 2377 903 Dominus
2401 849 2656 903 virtutum
2678 848 2963 903 nobiscum
2990 867 3002 903 :

313 951 406 1005 25.
448 950 818 1020 Ἀντιλήπτωρ
849 946 1008 1017 ἡμῶν
1039 948 1068 998 6
1090 947 1221 1010 Θεὸς
1270 945 1484 999 Ἰακώϐ.

1409 945 1484 998 ἱ›6.
1994 939 2082 992 25.
2121 937 2414 1007 Susceptor
2439 948 2622 993 noster
2653 937 2794 992 Deus
2821 937 3012 993 Jacob.

246 1066 354 1130 Είς
385 1064 448 1116 τὸ
486 1063 678 1127 τέλος,
721 1059 872 1128 ὑπὲρ
913 1058 1031 1113 τῶν
1078 1058 1224 1112 υἱῶν
1263 1059 1432 1127 Κορέ.
1471 1061 1641 1113 ΨΑΛ.
1672 1058 1822 1126 MS".

1718 1058 1822 1126 Γᾷ,
2101 1050 2167 1103 1η
2192 1052 2370 1120 ﬁnem,
2429 1067 2522 1120 pro
2547 1051 2674 1119 ﬁliis
2699 1048 2848 1105 Core.
2871 1049 3081 1104 'PSAL.
3116 1048 3211 1103 XL
3229 1048 3321 1104 VI.

316 1176 368 1227 1.
400 1174 584 1227 Πάντα
608 1172 676 1225 τὰ
705 1171 855 1243 ἔθνη,
887 1171 1190 1240 κροτήσατε
1213 1173 1400 1241 χεῖρας
1422 1187 1436 1201 θ

1998 1157 2047 1210 1.
2080 1155 2280 1213 Omnes
2311 1167 2520 1229 gentes,
2554 1159 2795 1229 plaudite
2825 1161 3111 1227 manibus;

315 1269 372 1322 2.
420 1266 743 1329 Ἀλαλάξατε
764 1264 842 1335 τῷ
871 1263 991 1335 Θεῷ
1022 1266 1076 1316 ἐν
1101 1266 1250 1333 φωνῇ
1282 1262 1677 1332 ἀγαλλιάσεωςο

1531 1279 1677 1326 rem.
1993 1249 2046 1301 2.
2086 1248 2320 1305 Jubilate
2356 1252 2463 1306 Deo
2489 1253 2539 1305 in
2575 1267 2705 1306 voce
2735 1254 3134 1320 exsultationis,

317 1360 374 1413 5.
406 1358 528 1410 Ὅτι
551 1358 757 1428 Κύριος
785 1357 1028 1426 ὕψιστος,
1057 1356 1306 1427 φοϐερὸς,

1995 1343 2045 1395 5.
2077 1341 2345 1407 Quoniam
2379 1343 2644 1398 Dominus
2674 1347 2942 1412 excelsus,
2975 1347 3252 1411 terribilis,

317 1450 373 1503 4.
401 1449 664 1512 Βασιλεὺς
694 1448 866 1518 μέγας
892 1448 982 1499 ἐπὶ
1008 1449 1190 1500 πᾶσαν
1220 1446 1317 1516 τὴν
1339 1444 1465 1515 γῆν.

1994 1437 2046 1490 4.
2081 1434 2194 1488 Rex
2227 1451 2456 1506 magnus
2482 1451 2646 1506 super
2674 1453 2889 1491 omnem
2924 1448 3143 1493 terram.

318 1539 372 1592 5.
417 1538 681 1604 ’Υπέταξε
702 1538 863 1601 λαοὺς
897 1539 1053 1609 ἡμῖν,
1082 1536 1177 1590 καὶ
1211 1535 1336 1607 ἔθνη
1369 1535 1474 1588 ὑπὸ
1506 1535 1630 1599 τοὺς
1656 1535 1821 1599 πόδας

1995 1530 2046 1582 5.
2078 1527 2318 1598 Subjecit
2349 1529 2578 1598 populos
2623 1531 2807 1595 nobis,
2834 1541 2887 1585 et
2916 1540 3103 1601 gentes
3135 1530 3238 1585 sub
3267 1528 3500 1601 pedibus

243 1633 278 1700 ἡ
289 1630 431 1701 μῶν.

1925 1623 2148 1677 nostris.

317 1721 372 1773 6.
423 1718 733 1786 Ἐξελέξατο
767 1720 897 1790 ἡμῖν
923 1717 1022 1783 τὴν
1054 1717 1417 1789 κληρονομίαν
1448 1714 1645 1786 ἐαυτῷ,

1391 1735 1417 1770 ν
1448 1714 1645 1786 ἐαυτῷ,
1995 1713 2047 1765 6.
2079 1711 2250 1782 Elegit
2281 1712 2441 1769 nobis
2474 1714 2842 1769 hereditatem
2869 1716 2994 1781 sibi,

317 1812 373 1864 7.
402 1812 511 1882 Τὴν
542 1809 800 1881 καλλονὴν
839 1808 1052 1873 Ἰακὼϐ,
1089 1811 1156 1879 ἢν
1184 1809 1491 1880 ἠγάπησεν.

1380 1825 1491 1864 σεν.
1995 1805 2047 1858 7.
2080 1805 2325 1875 Speciem
2354 1804 2545 1873 Jacob,
2575 1823 2738 1876 quam
2771 1808 2980 1863 dilexit.

809 1920 1122 1988 Διὰψαλμα
1148 1922 1248 1990 (a).
1849 1924 1895 1982 B

1849 1924 1895 1982 Β
2543 1920 2881 1990 Diapsalma.

316 2011 371 2066 8.
419 2012 613 2083 Ἀνέϐη
647 2014 674 2065 6
696 2012 828 2075 Θεὸς
855 2014 911 2065 ἐν
945 2011 1244 2082 ἀλαλαγμῷ
1271 2029 1284 2044 ο

1237 2032 1244 2061 .
1271 2029 1284 2044 -
1997 2008 2049 2060 8.
2085 2008 2343 2064 Ascendit
2373 2009 2516 2065 Deus
2548 2011 2601 2064 in
2628 2012 2840 2080 jubilo:

316 2104 371 2158 9.
404 2105 607 2175 Κύριος
635 2105 692 2156 ἐν
733 2105 882 2174 φωνῇ
914 2102 1237 2171 σάλπιγγος.

1180 2121 1237 2166 ις,
1995 2101 2047 2155 9.
2087 2102 2343 2158 Dominus
2377 2104 2428 2157 in
2458 2119 2591 2158 voce
2623 2106 2783 2159 tubze.

319 2194 406 2246 10.
442 2195 662 2246 Ψάλατε
691 2193 769 2263 τῷ
807 2193 922 2264 Θεῷ
955 2196 986 2266 ή
998 2193 1132 2264 μῶν,
1154 2193 1358 2262 ψάλατε
1377 2195 1405 2223 θ’

1382 2195 1405 2223 ι’
2001 2190 2082 2243 10.
2117 2191 2330 2246 Psallite
2360 2192 2470 2247 Deo
2498 2206 2707 2260 nostro,
2737 2194 2946 2264 psallite
2973 2212 2985 2247 :

319 2286 407 2340 11.
433 2285 653 2339 Ψάλατε
688 2284 765 2356 τῷ
795 2285 1001 2355 βασιλεῖ
1030 2287 1204 2357 ήμῶν,
1227 2285 1460 2354 ψάλατε·

1403 2300 1460 2335 ηε·
1998 2287 2085 2336 11.
2123 2282 2346 2339 Psallite
2382 2286 2496 2354 regi
2537 2297 2744 2350 nostro,
2776 2287 3006 2356 psallite.

322 2377 408 2430 12.
445 2379 565 2430 Ὀτι
588 2377 836 2447 βασιλεὺς
865 2377 1045 2447 πάσης
1082 2378 1182 2448 τῆς
1220 2377 1324 2446 γῆς
1356 2378 1384 2429 6
1418 2375 1572 2438 Θεός⁶

1493 2376 1572 2438 ός⁶
1999 2372 2084 2426 12.
2114 2373 2379 2440 Quoniam
2417 2392 2506 2429 rex
2539 2378 2718 2432 omnis
2750 2387 2906 2432 terra:
2939 2377 3096 2444 Deus,

319 2470 406 2522 15.
434 2469 655 2523 Ψάλατε
685 2467 943 2530 συνετῶς.

1999 2467 2084 2520 15.
2114 2465 2333 2523 Psallite
2362 2468 2655 2538 sapienter.

318 2609 412 2674 (ιν,
427 2608 498 2668 [ta
537 2608 658 2661 eod.
695 2604 866 2660 Vatic.

1374 2689 1750 2748 ATHANASII
1786 2688 2379 2746 INTERPRETATIO.

317 2790 388 2845 20
441 2791 731 2846 ίιαυσασοε
765 2791 873 2844 ἀπὸ
904 2791 1004 2861 τῆς
1038 2791 1334 2863 ἁμαρτίας.

1080 2791 1334 2863 μαρτίας.
1998 2786 2086 2840 20.
2116 2787 2338 2841 Cessate
2363 2803 2392 2842 a
2425 2789 2682 2856 peccatis.

317 2884 408 2936 2|.
439 2883 845 2955 Δοξασθήσομαι
875 2885 931 2936 ἐν
969 2887 1082 2947 τοῖς
1109 2883 1307 2947 ἔθνεσι,
1342 2884 1435 2937 καὶ
1483 2883 1541 2935 ἐν
1589 2880 1667 2950 τῷ
1707 2879 1822 2950 λαῷ

1995 2879 2083 2932 21.
2121 2877 2477 2932 Glorilicabor
2509 2881 2558 2931 in
2588 2879 2858 2949 gentibus,
2891 2891 2945 2936 et
2975 2881 3028 2935 in
3063 2885 3262 2952 populo
3285 2881 3495 2939 Judaao-

247 2976 357 3027 τῶν
399 2975 670 3029 Ἰουδαίων
693 2975 803 3029 τῶν
834 2976 1198 3028 πιστευόντων
1232 2976 1312 3038 είς
1343 2975 1462 3043 ἐμέ.

1028 2976 1198 3028 όντων
1232 2976 1312 3038 είς
1343 2975 1462 3043 ἐμέ.
1929 2985 2049 3023 rum
2082 2971 2134 3024 in
2165 2987 2248 3025 me
2275 2972 2631 3025 credentium.

318 3068 408 3120 9.2.
452 3067 509 3119 Ὀ
534 3066 884 3137 ἐξουσιαστὴς
917 3065 1108 3120 πασῶν
1139 3066 1246 3120 τῶν
1287 3062 1622 3135 ἐπουρανίων
1658 3062 1814 3116 δυνάο

2001 3063 2093 3116 22.
2129 3062 2444 3118 Dominator
2476 3065 2720 3120 omnium
2755 3065 3224 3134 supercmlestium
3258 3079 3496 3137 potesta-

251 3176 398 3229 μεων
428 3157 551 3228 μεθ’
578 3157 733 3228 ήμῶν
762 3158 856 3209 ἐπὶ
884 3157 981 3225 τῆς
1011 3157 1112 3227 γῆς
1141 3154 1574 3228 ἀναστρέφεσθαι
1612 3154 1817 3224 μέλλει.
1852 3223 1854 3229 ι

1370 3154 1574 3223 amem
1612 3154 1817 3224 μέλλει.
1852 3209 1891 3229 Α
1926 3146 2037 3208 tum
2070 3156 2354 3210 nobiscum
2392 3157 2444 3210 in
2473 3165 2618 3211 terra
2644 3157 2973 3212 versabitur.

428 3209 817 3318 .’szi‘ﬁmwp
841 3209 998 3319 ἡ
1019 3209 1278 3319 ύπάρχων
1295 3209 1329 3301 ὁ⁵
1346 3209 1496 3310 Θεὸς,
1525 3247 1552 3299 6
1572 3209 1641 3299 τά
1664 3245 1821 3316 ἐσχα-
1850 3209 1892 3266 C

1996 3244 2085 3296 25.
2112 3242 2404 3313 Susceptor
2426 3254 2609 3300 noster
2631 3247 2903 3301 exsistens
2925 3247 3090 3314 Deus,
3113 3249 3207 3320 qui
3229 3258 3498 3319 postrema

247 3354 313 3391 τα
337 3336 432 3390 τοῦ
470 3337 674 3406 κόσμου
727 3335 1048 3406 συναγαγὼν
1100 3339 1237 3408 πρὸς
1273 3336 1461 3390 ἐαυτὸν
1516 3336 1816 3398 παντελῶς.

1926 3331 2113 3383 mundi
2145 3331 2210 3384 ad
2256 3347 2314 3385 se
2356 3333 2530 3401 ipsum
2576 3345 2886 3405 congregat.
2920 3335 3089 3391 Iacob
3134 3340 3280 3392 enim
3328 3341 3496 3396 inter-

258 3427 468 3483 Ἰακὼό
493 3428 599 3500 γὰρ
624 3428 984 3500 ἑρμηνεύεται
1013 3428 1245 3498 κρατῶν
1270 3429 1520 3498 ἔσχατα.

1079 3428 1245 3483 ιατῶν
1270 3429 1520 3498 ἔσχατα.
1926 3431 2166 3491 pretatur
2197 3434 2458 3492 postrema
2488 3434 2682 3478 tenens.

331 3542 398 3594 'H
428 3541 763 3612 προκειμένη
792 3542 1070 3612 ἐπιγραφὴ
1103 3543 1344 3613 περιέχει
1374 3542 1482 3610 (1)·
1515 3541 1616 3605 Είς
1651 3537 1716 3591 τὸ
1749 3536 1942 3602 τέλος,
1972 3521 2125 3606 ὑπὲρ
2163 3536 2280 3591 τῶν
2306 3537 2453 3592 υἱῶν
2496 3538 2650 3608 Κορὲ
2680 3543 2955 3611 ψαλμός’
2986 3545 3286 3609 τουτέστιν,
3323 3546 3403 3609 είς
3440 3545 3498 3599 τὸ

247 3631 400 3693 τέλος
424 3630 533 3685 τῶν
567 3631 774 3702 καιρῶν
804 3631 943 3701 ὑπὲρ
967 3631 1076 3683 τῶν
1105 3630 1237 3683 υἱῶν
1267 3632 1364 3701 τῆς
1398 3627 1706 3696 ἀντιλογίας
1731 3627 1838 3680 τῶν
1863 3628 2300 3698 ἐπιστρεφόντων
2339 3628 2413 3699 (2)
2437 3631 2466 3681 6
2486 3631 2698 3702 ψαλμὺς
2721 3633 2953 3704 εἴρηται.

319 3746 538 3800 Titulus
566 3745 862 3814 inscriptus
890 3745 1163 3800 continet:
1190 3743 1257 3798 In
1287 3746 1463 3815 ﬁnem,
1490 3761 1582 3814 pro
1608 3744 1736 3815 ﬁliis
1780 3741 1912 3797 Core
1944 3742 2201 3810 psalmus.
2235 3741 2348 3798 Hoc
2377 3753 2462 3798 est
2493 3745 2547 3797 in
2582 3745 2686 3800 ﬁne
2715 3755 3019 3817 temporum
3073 3767 3172 3820 pro
3200 3751 3325 3809 ﬁliis
3374 3769 3495 3809 con-

247 3838 592 3894 tradictionis
621 3853 680 3893 se
711 3839 1155 3893 convertentibus
1184 3839 1427 3909 psalmus
1459 3838 1641 3894 dictus
1669 3844 1773 3892 est.

321 3933 372 3988 1.
424 3930 774 4000 Ἀγαλλιᾶσθε
798 3935 920 3996 ταῖς
942 3932 1208 4004 καρδίαις.

1050 3932 1208 3996 δίαις.
1996 3930 2044 3982 1.
2072 3929 2338 3984 Cordibus
2367 3930 2653 3985 exsultate.

317 4024 374 4078 Ξ.
413 4023 683 4089 Δοξάσατε
722 4023 904 4076 αὐτόν.

1988 4019 2044 4075 2.
2071 4019 2378 4075 Gloriﬁcate
2399 4037 2542 4075 eum.

319 4114 373 4165 5.
409 4113 522 4166 Ούκ
589 4112 666 4165 ἐτι
735 4115 788 4165 αἱ
836 4112 1076 4181 ἐπίγειαι
1138 4113 1396 4185 δυνάμεις
1450 4112 1823 4185 βασιλεύουσιν

1992 4111 2041 4164 5.
2073 4109 2464 4181 Non'amplius
2516 4121 2743 4166 terrena:
2788 4122 3084 4182 potestates
3128 4116 3287 4172 nobis
3320 4117 3489 4174 domi-

249 4205 434 4276 ἡμῶν·

1922 4213 2137 4256 nantur.

313 4296 368 4350 4.
413 4293 574 4348 Ἀλλὰ
604 4293 876 4366 βασιλεύει
917 4296 1098 4366 πάσης
1141 4297 1238 4366 τῆς
1287 4295 1386 4366 γῆς
1424 4297 1452 4348 ὁ
1490 4295 1752 4366 "mmo;
1793 4298 1822 4348 ό

1996 4293 2050 4346 4.
2078 4291 2180 4346 Sed
2224 4292 2470 4347 excelsus
2511 4305 2559 4347 et
2601 4295 2854 4351 terribilis
2909 4307 3099 4368 regnat
3139 4299 3192 4354 in
3240 4301 3487 4356 universa

248 4386 503 4459 φοόερός.

488 4427 503 4441 .
1927 4391 2070 4437 terra
2079 4423 2091 4436 .

319 4477 374 4530 5.
403 4477 644 4532 Ἔδωκεν
667 4479 800 4550 ἡμῖν
823 4478 1072 4544 ἐξουσίαν
1097 4480 1287 4533 πατεῖν
1314 4479 1496 4532 ἐπάνω
1523 4478 1697 4547 ὄφεων
1725 4478 1820 4532 καὶ

1997 4476 2049 4529 5.
2087 4474 2412 4530 Potestatem
2465 4478 2619 4533 nobis
2648 4479 2794 4534 dedit
2828 4483 3138 4539 ambulandi
3174 4500 3337 4554 super
3378 4504 3484 4542 ser-

251 4568 551 4641 σκορπίων,
583 4570 676 4624 καὶ
705 4570 799 4624 ἐπὶ
844 4573 1024 4625 πᾶσαν
1047 4572 1146 4642 τὴν
1183 4570 1410 4641 δύναμιν
1441 4569 1533 4622 τοῦ
1572 4566 1783 4646 ἐχθροῦ.

1881 4629 1896 4646 ι
1927 4575 2113 4635 pentes
2145 4575 2200 4620 et
2242 4569 2579 4637 scorpiones,
2622 4580 2674 4624 et
2704 4587 2865 4641 super
2915 4589 3129 4629 omnem
3173 4587 3484 4646 potestatem

1925 4658 2130 4711 inimici
2162 4660 2226 4714 "‘.

1853 4626 1898 4680 D

323 4749 378 4806 6.
403 4751 545 4814 Τοὺς
578 4751 766 4821 ἁγίους
789 4751 1118 4814 ἀποστόλους
1147 4749 1445 4816 ἐξελέξατο.

1214 4750 1445 4816 ελέξατο.
1996 4751 2047 4805 6.
2081 4749 2251 4820 Elegit
2279 4764 2495 4808 sanctos
2521 4755 2817 4823 apostolos,

319 4841 374 4896 7.
418 4843 531 4896 Kal.
556 4840 649 4906 οὒς
682 4843 967 4912 ἠγάπησεν
999 4845 1063 4896 ἐκ
1088 4840 1183 4894 τοῦ
1210 4841 1339 4895 λαοῦ
1385 4839 1649 4894 Ἰουδαίων
1685 4840 1780 4910 (5).

1604 4857 1649 4893 ›ν
1685 4840 1780 4910 (5).
1995 4843 2044 4895 7.
2078 4843 2143 4898 Et
2164 4861 2303 4914 quos
2334 4846 2520 4899 dilexit
2551 4847 2616 4901 de
2645 4851 2843 4916 populo
2876 4848 3207 4906 Judazorum.

321 4934 378 4988 8.
412 4934 522 5006 Τὴν
548 4934 811 5006 ἀνάληψιν
839 4934 986 5004 λέγει
1015 4932 1109 4988 τοῦ
1144 4933 1277 4987 Θεοῦ
1309 4934 1506 5002 Λόγου.

1996 4936 2049 4988 8.
2085 4937 2524 5007 Assumptionem
2558 4941 2828 5010 signiﬁcat
2862 4942 2950 4996 Dei
2977 4943 3157 4998 Verbi.

318 5027 374 5081 9.
407 5027 771 5098 Δοξαζόμενος
799 5027 902 5079 ὑπὸ
932 5027 1039 5080 τῶν
1060 5027 1229 5095 ἁγίων
1257 5027 1563 5096 δυνάμεων.

1456 5044 1563 5081 ιων.
1995 5027 2046 5080 9.
2082 5026 2425 5084 Glorilicatus
2455 5046 2481 5082 a
2511 5033 2712 5086 sanctis
2745 5034 3059 5093 virtutibus.

324 5115 412 5168 10.
450 5115 559 5166 Καὶ
585 5117 746 5184 ἡμεῖς
771 5115 864 5169 ἐπὶ
895 5116 998 5185 γῆς
1022 5115 1316 5186 δοξάσομεν
1347 5116 1535 5171 αὐτόν.

2003 5120 2086 5175 10.
2112 5119 2178 5174 Et
2203 5137 2302 5176 nos
2328 5124 2752 5193 gloriticabimus
2780 5143 2902 5182 eum
2933 5130 2984 5182 in
3017 5139 3175 5184 terra.

324 5207 408 5260 11.
447 5204 536 5276 Τῷ
570 5205 675 5276 πρὸ
705 5207 936 5260 αἰώνων.

1998 5213 2082 5264 it.
2117 5213 2246 5284 Regi
2271 5225 2397 5270 ante
2427 5219 2644 5273 saecula.

322 5293 410 5351 12.
449 5297 507 5349 'O
548 5294 795 5366 βασιλεύς
826 5296 972 5350 ἐστιν
996 5296 1074 5365 (4)
1106 5297 1188 5364 ἐφ’
1222 5298 1390 5368 ἡμᾶς.

1106 5297 1188 5364 ἐφ’
1222 5298 1390 5368 ἡμᾶς.
2005 5303 2090 5356 12.
2126 5303 2240 5358 Rex
2268 5317 2351 5361 est
2379 5324 2542 5378 super
2566 5327 2685 5366 nos.

323 5385 411 5439 13.
446 5382 714 5449 Δοξάσατε
734 5385 895 5440 αὐτὸν
921 5388 977 5439 ἐν
1000 5385 1249 5456 ἀληθείᾳ.

2003 5396 2087 5448 15.
2122 5398 2430 5455 Glorilicatc
2460 5417 2583 5456 eum
2620 5406 2672 5456 in
2700 5406 2943 5462 veritate.

320 5497 367 5529 “
397 5495 532 5550 Luc.
560 5513 615 5562 ι,
657 5497 740 5552 19.

1200 5615 1506 5677 Addenda
1529 5623 1589 5679 et
1621 5617 1995 5699 corrigenda
2028 5641 2105 5685 ex
2156 5629 2295 5690 cod.
2336 5630 2539 5692 Vatic.

321 5710 1293 5801 £12351%???xevwérssnime-
1349 5788 1400 5801 ..
1449 5789 1472 5800 -
1576 5790 1600 5801 -
1712 5793 1766 5801 ._

1576 5790 1600 5801 _
1712 5793 1766 5801 __
2000 5730 2073 5798 (5)
2099 5729 2163 5784 N.
2205 5733 2255 5785 7.
2307 5735 2399 5786 Ἐκ
2435 5733 2529 5787 τοῦ
2561 5735 2690 5787 λαοῦ
2721 5735 2830 5789 τῶν
2875 5737 3162 5792 Ἰουδαίων.

1056 5780 1193 5860 ὑπὲρ
1213 5780 1316 5844 τῶν
1346 5788 1514 5845 ἐθνῶν
1535 5790 1640 5846 τῶν
1676 5793 1808 5846 υἱῶν
2099 5780 2224 5856 λύτζ

252 5852 346 5919 τῆς
380 5852 672 5920 ἁμαρτίας,
706 5855 812 5909 τῶν
837 5852 1047 5923 ὲπιστρ.
1163 5852 1173 5860 ’
2001 5852 2015 5870 ‘
2053 5852 2066 5870 ’
2137 5852 2154 5855 ⁷
2180 5852 2217 5856 ”
2521 5852 2531 5877 ί
