4060 6440
571 368 679 425 855
1375 371 1430 423 S.
1474 367 1845 424 ATllANA'Sll
1885 367 2036 423 OPP.
2070 364 2248 420 PARS
2290 364 2381 420 Ill.
2419 395 2487 404 —
2527 364 2938 420 EXEGETZCA.
3723 373 3824 426 856

649 488 729 540 14.
761 487 1025 557 Regnavit
1059 487 1199 542 Deus
1223 503 1386 556 super
1413 497 1634 557 gentes;
2177 492 2220 545 Α

2177 492 2220 545 Α
2326 483 2408 534 14.
2457 481 2832 533 Ἰίταςὲλευσεν
2867 485 2894 534 ὁ
2928 481 3058 544 Θεὸς
3091 483 3270 536 ἐπὶτᾶ
3304 484 3454 554 ἔθνη·

647 579 728 631 15.
769 579 910 633 Deus
943 580 1094 633 sedet
1125 595 1290 647 super
1323 581 1501 634 sedem
1533 589 1773 632 sanctam
1802 593 1980 631 suam.

2325 573 2404 623 L'i.
2444 573 2497 621 '(l
2531 572 2660 632 Θεὸς
2689 572 2918 640 κάθηται
2945 574 3034 624 ἐπὶ
3060 573 3247 642 θρόνου
3272 576 3427 642 ἁγίου
3458 577 3644 628 αὐτοῦ.

642 671 705 721 16
755 669 1029 739 Principes
1054 674 1374 742 populorum
1402 673 1711 742 congregati
1741 681 1866 724 sunt
1896 686 2017 721 cum
2037 668 2145 719 Deo

2321 663 2402 714 16.
2440 665 2730 731 ’Ἄρχοντες
2781 662 2924 714 λαῶν
2974 664 3316 733 συνήχθησαν
3372 667 3507 735 μετὰ
3564 668 3657 719 τοῦ
3689 667 3821 719 Θεοῦ

574 763 850 813 Abraham
881 781 892 815 :

2262 753 2507 823 Ἁϐραάμ
2530 771 2540 782 ·

644 855 728 906 17.
761 855 1023 919 Quoniam
1058 858 1147 911 Dei
1189 858 1356 912 fortes
1384 866 1540 910 terra:
1573 855 1915 908 vehementer
1954 851 2140 905 elcvati

2320 846 2404 897 l7.
2434 847 2553 898 ’Ὁτι
2575 845 2665 896 τοῦ
2683 844 2816 896 Θεοῦ
2841 847 2889 897 οἱ
2915 847 3167 916 κραταιοὶ
3189 847 3285 917 τῆς
3308 848 3410 917 γῆς
3433 849 3636 918 σφόδρα
3654 851 3821 920 ἐπήρ-

571 957 717 1001 sunt.

2249 937 2441 1006 θησαν.

709 1056 953 1112 Psalmus
977 1058 1166 1108 cantici
1190 1055 1315 1122 ﬁliis
1335 1053 1484 1115 Core,
1515 1053 1742 1105 secunda
1775 1052 2017 1109 Sabbati.
2253 1053 2312 1102 Ψι

2253 1049 2491 1117 Ψαλμὸς
2520 1050 2678 1118 ᾠδῆς
2705 1052 2826 1115 τοῖς
2853 1051 3000 1118 υΙοῖς
3029 1053 3202 1120 Κορὲ,
3223 1054 3470 1123 δευτέρᾳ
3496 1056 3816 1110 Σαϐϐάτου.

1134 1143 1332 1198 PSAL.
1370 1141 1614 1195 XLVII.

1602 1183 1614 1194 .
2854 1146 3026 1199 ΨΑΛ.
3067 1149 3201 1198 MZ’.

645 1244 687 1293 1.
718 1240 939 1308 Magnus
966 1238 1242 1302 Dominus,
1268 1247 1319 1290 et
1351 1235 1635 1288 laudabilis
1659 1233 1843 1299 nimis,

2321 1230 2363 1280 l.
2408 1231 2593 1296 Μέγας
2626 1230 2848 1300 Κύριος.
2875 1233 2966 1284 καὶ
2996 1234 3203 1296 αἱνετδς
3240 1236 3463 1306 σψὸδρα,

639 1334 690 1386 2.
729 1336 784 1386 lu
822 1332 1037 1384 civitate
1067 1330 1158 1383 Dei
1197 1332 1390 1388 nostri,
1423 1329 1476 1381 in
1511 1336 1695 1380 monte
1723 1335 1914 1380 sancto
1940 1328 2076 1396 ejus.

639 1427 670 1478 5
723 1425 862 1477 Bene
892 1423 1112 1477 fundata
1141 1421 1501 1476 exsultatione
1529 1420 1798 1473 universm
1833 1430 1988 1473 terra!
2021 1439 2035 1485 ;

640 1519 692 1570 -1.
725 1516 932 1569 Montes
967 1516 1096 1567 Sion
1130 1517 1296 1566 latera
1334 1510 1626 1582 aquilonis,

637 1607 690 1660 5.
722 1604 928 1657 Civitas
962 1604 1101 1672 regis
1126 1603 1327 1672 magni.

2354 1364 2364 1375 .
2394 1324 2479 1373 Ἐν
2509 1323 2658 1374 πόλει
2688 1324 2781 1374 τοῦ
2814 1323 2947 1375 Θεοῦ
2980 1326 3156 1393 ἡμῶν,
3189 1329 3243 1377 ἐν
3277 1329 3391 1397 ὄρει
3426 1329 3566 1396 ἁγίῳ
3591 1327 3778 1381 αὑτοῦ.

2351 1451 2362 1462 .
2409 1411 2621 1481 Εῦρίζῳ
2651 1413 3015 1482 ὰγαλλιάματι
3045 1415 3226 1485 πάσης
3255 1418 3352 1486 τῆς
3381 1419 3512 1488 γῆς·

2352 1542 2363 1551 .
2384 1503 2519 1570 Ὄρη
2555 1500 2691 1553 Σιὼν
2722 1503 2788 1554 τά
2813 1505 3020 1574 πλευρά
3053 1506 3145 1557 τοῦ
3176 1507 3366 1577 βορρᾶ,

2350 1634 2361 1645 .
2390 1594 2450 1645 ἸΙ
2482 1595 2630 1657 πόλις
2665 1596 2758 1647 τοῦ
2794 1597 3057 1664 βασιλέως
3089 1599 3181 1650 τοῦ
3217 1602 3473 1669 μεγάλου.

640 1691 692 1744 6.
727 1690 867 1744 Deus
898 1692 948 1742 in
984 1689 1234 1744 domibus
1257 1689 1374 1758 ejus
1396 1689 1768 1758 cognoscitur,

2310 1685 2361 1734 6.
2388 1685 2444 1736 Ὀ
2478 1685 2610 1738 Θεὸς
2639 1688 2695 1738 ἐν
2729 1690 2846 1748 ταῖς
2875 1687 3097 1758 βάρεσιν
3129 1689 3301 1758 αὐτῆς
3325 1691 3673 1760 γινώσκεται.

644 1781 695 1832 7.
731 1781 867 1834 Cum
902 1781 1154 1848 suscipiet
1191 1779 1465 1850 [suscipit]
1502 1795 1648 1834 eam.
2172 1857 2204 1862 _

2311 1778 2360 1826 7.
2379 1778 2545 1829 Ὅταν
2575 1779 3043 1850 ἁντιλαμϐάνηται
3068 1781 3567 1859 [ἀντιλαμϐάνεται]
3592 1791 3781 1862 αὐτῆς.

639 1867 690 1924 8.
723 1871 986 1937 Quoniam
1010 1888 1134 1925 ecce
1167 1887 1318 1940 reges
1351 1881 1507 1925 terra:
1537 1871 1849 1941 congregati
1883 1881 2030 1932 sunt,
2172 1857 2211 1910 Β

1974 1881 2030 1932 η,
2172 1857 2211 1910 Β
2311 1868 2505 1919 8.“Οτι
2542 1869 2649 1920 ἰδοῦ
2685 1871 2923 1938 βασιλεῖς
2953 1873 3050 1941 τῆς
3081 1874 3180 1942 γῆς
3218 1877 3577 1948 συνήχθησαν,

2321 1230 2335 1280 l

2311 1323 2344 1373 εὶ

2311 1412 2342 1463 3

2313 1503 2344 1553 Il

2310 1594 2341 1645 5

2310 1685 2342 1734 6

2321 1791 2335 1826 Ι

639 1967 691 2017 9.
731 1964 1108 2018 Convenerunt
1142 1964 1191 2016 in
1228 1979 1417 2016 unum.

2318 1958 2367 2010 9.
2410 1958 2705 2028 Διήλθοσαν
2730 1961 2820 2012 ἐπὶ
2850 1962 2909 2013 τὸ
2934 1963 3081 2018 αὑτό.

644 2056 728 2110 10.
760 2055 861 2121 Ipsi
889 2057 1134 2108 videntes
1159 2055 1237 2107 sic
1268 2052 1520 2106 admirati
1558 2062 1706 2106 sunt.

2319 2051 2403 2102 10.
2446 2052 2603 2102 Αῦτοὶ
2646 2052 2842 2115 ἰδόντες
2868 2054 3038 2118 οῦτως
3077 2056 3413 2127 ἐθαύμασαν,

647 2147 731 2200 ll.
769 2145 1087 2198 Conturbati
1129 2156 1273 2208 sunt,
1305 2144 1557 2199 commoti
1604 2152 1764 2206 sunt,
1796 2152 1998 2197 tremor
2044 2157 2140 2212 ap—

2320 2143 2404 2194 11.
2431 2143 2862 2213 Ἐταράχθησαν,
2888 2147 3282 2218 ἐσαλεύθησαν,
3311 2154 3508 2223 τρόμος
3531 2154 3825 2210 ἐπελάϐετο

573 2238 856 2308 prehendit
888 2253 1004 2292 eos.

844 2249 856 2289 ι
888 2253 1004 2292 eos.
2250 2232 2447 2286 αὐτῶν.

643 2330 725 2382 l‘2.
763 2328 833 2381 lbi
868 2329 1081 2383 dolores
1108 2340 1164 2381 ut
1195 2327 1579 2397 parturientis:

2320 2324 2403 2375 12.
2434 2323 2580 2374 Ἐκεῖ
2610 2325 2796 2387 ὠδῖνες
2821 2326 2896 2389 ὡς
2929 2329 3220 2399 τικτούσης
3240 2349 3251 2361 ·

639 2425 722 2475 13.
762 2421 815 2475 In
843 2423 1036 2490 spiritu
1064 2422 1367 2476 vehementi
1409 2429 1660 2474 conteres
1697 2431 1860 2471 naves
1892 2415 2134 2472 Tharsis.

2316 2415 2401 2468 15.
2430 2417 2516 2466 Ἑν
2542 2415 2809 2485 πνεύματι
2837 2418 2994 2488 βιαίῳ
3024 2424 3335 2492 συν-,τρίψεις
3357 2425 3514 2480 πλοῖα
3534 2428 3786 2500 Θαρσεῖς.

634 2517 722 2568 14.
762 2515 915 2567 Sicut
948 2514 1278 2575 audivimus,
1306 2513 1383 2567 sic
1411 2521 1463 2566 et
1495 2511 1766 2564 vidimus:

2318 2508 2402 2559 14.
2445 2507 2709 2578 Καθάπερ
2735 2509 3070 2580 ἠκούσαμεν,
3102 2513 3242 2566 οῦτω
3267 2519 3358 2568 καὶ
3386 2518 3600 2589 εἴδομεν
3625 2537 3637 2550 ·

1691 2599 2068 2656 ATHANASH
2105 2598 2698 2653 INTEBPRETATIO.

641 2694 722 2746 14.
761 2693 1094 2750 Convertens
1119 2709 1308 2748 eorum
1339 2695 1725 2765 captivitatem.

2321 2693 2408 2746 H.
2447 2693 2808 2761 Ἐπιστρέψας
2842 2694 2915 2764 (1)
2941 2697 3118 2749 αὐτῶν
3140 2699 3238 2770 τὴν
3259 2703 3651 2772 αἰχμαλωσίαν.

639 2786 723 2838 15.
759 2786 804 2837 Α
833 2786 1040 2841 dextris
1068 2788 1243 2841 Patris

2325 2784 2409 2837 15.
2459 2785 2552 2836 Ἐκ
2572 2783 2760 2847 δεξιῶν
2792 2787 2886 2838 τοῦ
2923 2789 3153 2857 Πατρός.

641 2877 725 2929 16.
761 2877 1004 2946 Apostoli
1039 2893 1160 2931 cum
1191 2876 1440 2931 Domino.

2326 2875 2406 2928 l6.
2437 2877 2499 2927 Οί
2535 2877 2825 2928 ἀπόστολοι
2854 2879 2992 2947 μετὰ
3012 2880 3104 2931 τοῦ
3139 2882 3343 2951 Κυρίου
3377 2883 3472 2952 (2).

645 2969 728 3022 17.
759 2970 1028 3036 Quoniam
1055 2971 1210 3024 electi
1241 2969 1332 3022 Dei
1365 2970 1594 3022 multum
1621 2970 1913 3023 confortati
1940 2980 2082 3025 sunt.

2322 2967 2408 3018 l7.
2439 2968 2560 3018 Ὅτι
2583 2969 2630 3020 οἱ
2664 2969 2910 3021 ἐκλεκτοὶ
2933 2969 3027 3022 τοῦ
3054 2971 3188 3024 Θεοῦ
3217 2976 3355 3027 πάνυ
3385 2975 3691 3045 ἐνίσχυσαν.

651 3081 714 3133 Ἰί
753 3083 1085 3152 προκειμένη
1117 3085 1398 3154 ἐπιγραφὴ
1426 3085 1671 3155 περιέχει
1703 3086 1781 3154 (ὅ)
1809 3103 1824 3115 ·
1871 3086 2114 3154 Ψαλμὸς
2141 3083 2299 3150 ᾠδῆς
2335 3081 2456 3146 τοῖς
2491 3083 2641 3146 υἱοῖς
2674 3083 2775 3151 (4),
2804 3083 3051 3150 δευτέρᾳ
3082 3086 3401 3142 Σαϐϐάτου.
3428 3088 3598 3141 Τοῦτο
3630 3085 3724 3141 οῦν
3751 3089 3828 3141 λέ-

573 3188 656 3242 γει
686 3173 714 3224 ὁ
741 3172 950 3242 ψαλμδς
976 3174 1074 3243 τῆς
1102 3173 1242 3244 ᾠδῆς
1267 3174 1470 3245 ταύτης
1508 3177 1634 3246 περὶ
1662 3175 1780 3228 τῶν
1809 3174 1955 3228 υἱῶν
1988 3177 2084 3244 τῆς
2115 3171 2473 3234 ἀναπαύσεως
2503 3171 2600 3238 (5t.
2630 3172 2786 3238 Λέγω
2809 3171 2870 3242 δὴ
2906 3172 3043 3240 μετὰ
3071 3173 3129 3224 τὸ
3155 3175 3252 3244 τὴν
3278 3176 3456 3246 κρίσιν
3478 3178 3730 3246 γενέσθαι
3750 3181 3828 3240 εἰς

575 3267 667 3338 τὴν
691 3267 944 3338 δευτέραν
971 3267 1064 3320 τοῦ
1096 3269 1303 3339 Κυρίου
1333 3270 1409 3339 (6)
1439 3271 1809 3324 κατάπαυσιν.
1846 3269 2148 3322 Σάϐϐιιτον
2171 3266 2280 3337 γὰρ
2308 3265 2685 3330 κατάπαυσις
2713 3265 2788 3335 (7)
2819 3263 3197 3334 ἑρμηνεύεται.

641 3361 855 3417 Titulus
892 3363 1187 3431 inscriptus
1220 3365 1464 3418 continet
1495 3382 1507 3417 :
1545 3363 1792 3417 Psalmus
1826 3364 2017 3416 cantin'
2050 3362 2199 3429 ﬁliis,
2229 3361 2457 3413 secunda
2490 3357 2730 3412 Sabbati.
2760 3357 2872 3412 Hoc
2907 3360 3068 3428 igitur
3093 3358 3382 3426 signiﬁcat,
3405 3361 3549 3428 quod
3583 3363 3828 3436 psalmus

571 3457 769 3510 cantici
805 3455 967 3523 hujus
1003 3455 1218 3508 canitur
1248 3457 1314 3510 de
1347 3456 1476 3524 ﬁliis
1512 3457 1788 3523 requietis.
1828 3458 1959 3511 Dico
1999 3464 2180 3508 autem
2235 3463 2586 3522 posteaquam
2632 3452 2898 3521 judicium
2936 3453 3141 3508 factum
3187 3451 3368 3518 fuerit,
3399 3469 3524 3509 cum
3559 3453 3828 3510 Dominus

572 3545 811 3597 secundo
842 3544 1166 3614 requieverit
1197 3564 1209 3600 :
1244 3545 1534 3602 Sabbatum
1562 3549 1705 3603 enim
1739 3551 1937 3619 requies
1974 3550 2380 3618 interpretatur.

646 3679 694 3732 1.
725 3677 985 3734 Mirabilis
1008 3689 1091 3736 est
1116 3692 1167 3736 et
1193 3684 1555 3752 gloriﬁcatus,
2168 3701 2212 3760 C

2168 3701 2212 3760 ρ
2320 3684 2367 3733 1.
2409 3681 2732 3749 Θαυμαστός
2761 3682 2877 3733 ἐστι
2907 3682 3002 3734 καὶ
3035 3683 3444 3753 δεδοξασμένος,

640 3769 694 3824 2.
722 3769 776 3822 ln
805 3787 1037 3839 superna
1062 3771 1388 3828 Jerusalem.

2320 3772 2372 3822 2.
2418 3771 2510 3832 Εἰς
2538 3771 2639 3840 τὴν
2666 3770 2776 3822 ἅνω
2817 3770 3189 3842 Ἰερουσαλήμ.

637 3861 692 3913 5.
725 3859 979 3914 Gaudens
1011 3862 1113 3914 lide
1142 3865 1410 3930 gentium.

2319 3864 2371 3916 5.
2414 3863 2631 3932 Χαίρων
2664 3864 2755 3915 ἐπὶ
2787 3866 2850 3933 τῇ
2888 3864 3066 3916 πίστει
3099 3866 3206 3917 τῶν
3236 3863 3424 3919 ἐθνῶν.

643 3954 697 4006 4.
729 3953 939 4020 Quibus
989 3966 1144 4010 antea
1190 3957 1436 4014 diabolus
1493 3961 1781 4026 illudebat,
1813 3963 1967 4019 electi
2023 3974 2150 4018 sunt

2319 3961 2370 4012 4.
2415 3961 2506 4021 Εἰς
2532 3959 2624 4022 οὒς
2653 3959 2716 4012 ἂν
2738 3961 2998 4014 ἐπαίσατο
3024 3963 3085 4014 τὸ
3112 3964 3184 4031 (8)
3217 3963 3480 4034 πρότερον
3504 3966 3533 4017 ὁ
3558 3964 3825 4030 διάϐολος,

571 4060 826 4113 supernae
850 4043 1171 4102 Jerusalem.

2248 4047 2491 4098 ἐκλεκτοί
2521 4049 2623 4098 εἱσι
2647 4047 2746 4115 τῆς
2775 4049 2885 4100 ἄνω
2925 4050 3295 4121 Ἰερουσαλήμ.

642 4137 675 4190 5
727 4135 968 4191 Ecclesia
1003 4138 1092 4191 Dei
1131 4139 1303 4192 nostri
1336 4138 1464 4192 Jesu
1497 4142 1721 4195 Christi.

2321 4139 2371 4190 5.
2399 4139 2463 4189 ’Π
2496 4138 2785 4208 Ἐκκλησία
2819 4140 2909 4192 τοῦ
2938 4142 3071 4194 Θεοῦ
3101 4142 3252 4212 ἡμῶν
3287 4143 3458 4212 Ἰησοῦ
3492 4145 3747 4215 Χριστοῦ.

639 4228 693 4287 6.
725 4230 776 4283 7.
806 4228 947 4284 Deus
975 4231 1027 4282 in
1057 4231 1262 4285 sanctis
1289 4235 1406 4300 ejus
1435 4234 1846 4289 manifestatur.

2319 4230 2369 4290 6,
2411 4229 2455 4281 7.
2493 4230 2550 4281 '0
2576 4230 2706 4292 Θεὸς
2737 4233 2793 4283 ὲν
2819 4235 2928 4295 τοῖς
2959 4234 3132 4300 ἁγίοις
3161 4234 3329 4304 αὐτῆς
3363 4234 3438 4305 (9)
3469 4237 3823 4307 φανεροῦται.

648 4319 700 4374 8.
729 4320 995 4388 Apostoli.
2321 4321 2371 4370 8.
2416 4323 2476 4372 Οἱ
2506 4320 2815 4374 ἀπόστολοι.

646 4410 696 4461 9.
728 4411 805 4462 Ad
837 4412 1262 4477 praedicandum.

2321 4410 2371 4462 9.
2415 4396 2506 4470 Ei;
2535 4409 2595 4460 τὸ
2627 4411 2884 4480 κήρυγμα
2910 4409 3039 4479 (10).

649 4502 733 4554 10.
774 4502 1042 4567 Quoniam
1071 4506 1122 4559 in
1160 4507 1316 4562 terris
1350 4510 1626 4578 apparuit.

1530 4510 1626 4564 uit.
2322 4501 2406 4554 10.
2428 4501 2547 4551 "Ott
2575 4501 2665 4551 ἐπὶ
2704 4502 2799 4569 τῆς
2830 4502 2935 4570 γῆς
2960 4501 3133 4573 ὤφθη.

647 4595 734 4646 ll.
763 4594 998 4663 Populus
1024 4597 1355 4654 Jud:eorum.

2322 4593 2407 4644 M.
2441 4593 2496 4643 Ὀ
2527 4593 2652 4654 λαὸς
2684 4592 2790 4645 τῶν
2834 4593 3119 4645 Ἰουδαίων.

647 4685 732 4737 12.
767 4686 820 4738 lu
854 4703 1123 4758 synagoga
1158 4689 1505 4764 Judzeorutn.,

2321 4681 2406 4734 12.
2434 4682 2520 4732 Ἐν
2546 4684 2609 4752 τῇ
2641 4685 2925 4753 συναγωγῇ
2957 4684 3064 4736 τῶν
3096 4685 3379 4740 Ἰουδαίων.

646 4777 730 4832 15.
765 4781 822 4831 In
867 4795 1061 4850 magna
1109 4781 1188 4836 ira
1235 4794 1480 4839 conteres
1503 4783 1812 4840 Iudaeorum
1849 4789 2145 4860 principes,

2320 4774 2406 4826 15.
2436 4774 2521 4825 Ἐν
2546 4773 2681 4844 ὀργῇ
2711 4775 2915 4844 μεγάλῃ
2949 4775 3257 4846 συντρίψεις
3278 4779 3403 4840 τοὺς
3426 4778 3688 4850 ἄρχοντας
3718 4785 3828 4837 τῶν

571 4873 663 4941 qui
712 4873 907 4928 habent
955 4875 1007 4928 in
1054 4878 1246 4946 seipsis
1297 4879 1699 4950 Scripturarum
1751 4885 2142 4952 cognitionem.

2261 4862 2546 4927 Ἰουδαίων,
2581 4865 2708 4927 τοὺς
2742 4864 2960 4934 ἔχοντας
2993 4868 3050 4917 ὲν
3097 4868 3305 4930 ἑαυτοῖς
3329 4869 3428 4940 τὴν
3455 4871 3562 4924 τῶν
3595 4872 3829 4943 Γραφῶν

577 4967 792 5020 That-sis
846 4967 989 5021 enim
1023 4970 1404 5038 interpretatur
1436 4971 1686 5039 inspectio
1710 4977 1934 5029 lwtitiw.

2250 4954 2469 5021 γνῶσιν.
2505 4955 2754 5022 Θαρσεῖς
2787 4957 2894 5026 γάρ
2928 4958 3286 5028 ἑρμηνεύεται
3329 4964 3681 5032 κατασκρπὴ
3730 4971 3827 5020 εὐ-

2177 5055 2221 5112 1)
2250 5047 2580 5113 φροσύνης.

646 5143 739 5217 H.
767 5142 1233 5208 Quemadmodum
1282 5145 1588 5200 audivimus
1629 5146 1696 5202 de
1757 5149 1989 5204 adventu
2047 5150 2138 5205 Dei

2321 5137 2405 5191 H.
2437 5137 2701 5209 Καθάπερ
2729 5139 3037 5211 ἠκούσαμεν
3071 5141 3202 5213 περὶ
3245 5145 3343 5214 τῆς
3390 5145 3690 5217 παρουσίας
3733 5146 3824 5200 τοῦ

573 5215 767 5266 nostri.

2249 5229 2382 5282 Θεοῦ
2405 5232 2437 5300 ἡ
2447 5231 2577 5299 μῶν.

1524 5332 1832 5394 Addenda
1863 5343 1922 5395 et
1950 5339 2324 5418 corrigenda
2374 5363 2450 5404 ex
2485 5345 2626 5404 cod.
2669 5347 2867 5408 Vatic.

647 5427 722 5511 με)
758 5427 1144 5511 Ἐ’πξστρεψας.
2317 5444 2392 5511 (6)
2432 5443 2585 5496 Θεοῦ,

649 5499 727 5560 (τι)
765 5497 917 5582 rio-3.
998 5566 1021 5575 _

1249 5569 1275 5582 ρ
1296 5569 1306 5582 ι
2318 5497 2393 5580 ξῑ)
2421 5517 2764 5578 Ἀνάπαυσις.

645 5569 722 5650 (ῖξ)
847 5566 1454 5650 δέά-τῆςικινναξὶάρεως
1490 5586 1613 5641 περ.
2425 5566 2763 5638 ’Λνεπαῦετνλ

648 5637 1130 5720 ςέἒὶζὲεῖςκρρέι
1213 5640 1261 5718 .’
1385 5710 1394 5720 .
1563 5637 1573 5641 ⁷

1024 5637 1130 5714 ρέ.-
1213 5640 1261 5718 ς’
1385 5710 1394 5720 ι
1563 5637 1573 5641 ⁷
2435 5654 2625 5706 Λῦτοῦ.

646 5706 724 5773 (ὅ)
766 5705 906 5756 Υἱῶν
941 5705 1044 5758 τῶν
1074 5706 1170 5775 τῆς
1202 5708 1562 5772 ἀναστάσεως.
2322 5705 2432 5790 (ID)
2476 5725 2552 5777 Τὰ
2581 5705 2928 5793 κηρύγματα.
