4060 6492
217 459 328 516 837
1105 455 1194 510 DE
1232 453 1510 512 TITULIS
1541 454 1995 512 PSALMORUM.
2039 456 2323 512 —PSAL.
2362 455 2600 510 XLVIII.
3377 453 3493 517 3'58

293 573 376 626 15.
405 572 492 624 Ἐν
519 571 669 624 πόλει
693 570 899 642 Κυρίου
934 569 1040 624 τῶν
1066 572 1371 642 δυνάμεων,
1840 579 1888 633 Α

1364 611 1371 635 ,
1840 579 1888 633 Α
1985 571 2073 625 15.
2106 569 2162 624 In
2193 572 2412 625 civitate
2439 570 2653 625 Domini
2686 570 2967 635 virtutum,

292 665 374 716 1’3.
405 664 490 715 Ἐν
524 663 676 714 πόλει
703 662 796 715 τοῦ
826 660 962 716 Θεοῦ
992 663 1169 734 ἡμῶν.

1143 680 1169 715 ι.
1975 661 2060 716 16.
2092 662 2147 715 In
2175 663 2392 717 civitate
2421 662 2514 717 Dei
2549 663 2746 717 nostri.

290 755 376 809 17.
404 753 462 806 Ὀ
495 754 627 816 Θεὸς
660 753 1019 824 ὲθεμελίωσεν
1053 755 1226 828 αὐτὴν
1255 757 1335 818 είς
1365 755 1459 808 τὸν
1486 753 1679 808 αἰῶνα.

1447 771 1459 807 ρ
1486 753 1679 808 αἰῶνα.
1973 754 2059 808 Π.
2092 753 2236 807 Deus
2257 753 2506 807 fundavit
2535 768 2655 806 eam
2685 754 2740 806 in
2764 761 3050 807 aeternum.

293 847 374 898 13.
404 845 795 918 ’Υπελάϐομεν,
827 848 854 898 6
886 847 1038 910 Θεὸς,
1060 847 1122 900 τὸ
1149 848 1298 911 ἔλεός
1337 865 1429 901 σου
1453 849 1510 900 ὲν
1539 848 1685 918 μέσῳ
1705 845 1801 899 τοῦ

1976 846 2060 899 18.
2096 845 2484 915 Suscepimus,
2528 844 2704 908 Deus,
2749 842 3178 898 misericordiam
3229 851 3379 897 tuam
3423 841 3481 898 in

217 938 348 992 λαοῦ
386 955 502 992 σου.

1903 938 2082 992 medio
2113 937 2298 1007 populi
2329 937 2425 992 tui.

290 1029 378 1083 19.
420 1028 578 1082 Κατὰ
609 1028 670 1081 τὸ
696 1028 862 1098 ὄνομά
890 1046 1005 1096 σου,
1037 1029 1231 1095 ὁΘεὸς,
1253 1031 1391 1084 οὕτω
1417 1033 1511 1085 καὶ
1537 1032 1570 1102 ἡ
1601 1032 1804 1095 αίνεσίς

1976 1030 2061 1084 19.
2091 1028 2400 1085 Secundum
2433 1045 2627 1084 nomen
2661 1037 2834 1094 tuum,
2866 1026 3029 1094 Deus,
3055 1028 3135 1082 sic
3164 1035 3218 1081 et
3246 1026 3362 1080 laus
3384 1033 3475 1081 tua

223 1138 312 1173 sou
340 1121 431 1173 ἐπὶ
467 1122 534 1173 τὰ
574 1121 784 1192 πέρατα
814 1123 915 1193 τῆς
942 1123 1067 1193 γῆς.

710 1139 784 1174 ;τα
814 1123 915 1193 τῆς
942 1123 1067 1193 γῆς.
1905 1124 1956 1177 in
1982 1124 2114 1177 ﬁnes
2136 1131 2313 1178 terrae.

289 1214 380 1266 20.
425 1213 780 1284 Δικαιοσύνης
820 1213 1035 1285 πλήρης
1067 1216 1099 1286 ή
1132 1215 1280 1280 δεξιά
1307 1232 1419 1268 σου.

1307 1232 1419 1268 σου.
1970 1214 2057 1267 20.
2089 1211 2308 1268 Justitia
2336 1214 2493 1283 plena
2521 1213 2743 1267 dextera
2779 1221 2890 1267 tua.

287 1306 380 1358 21.
421 1305 794 1378 Εὖφρανϐήτω
827 1307 951 1378 ὅρος
984 1307 1142 1371 Σιὼν,

1115 1326 1142 1371 ν,
1973 1305 2062 1358 21.
2101 1303 2338 1357 Lmtetur
2369 1318 2530 1358 mons
2561 1305 2718 1370 Sion,

286 1397 378 1450 22.
421 1397 530 1448 Καὶ
543 1395 988 1464 ἀγαλλιὰσθωσαν
1007 1401 1062 1451 αἰ
1083 1399 1380 1472 Θυγατέρες
1395 1400 1495 1472 τῆς
1521 1401 1800 1467 Ἰουδαίας,

1191 1399 1380 1472 ατέρες
1395 1400 1495 1472 τῆς
1521 1401 1800 1467 Ἰουδαίας,
1976 1396 2067 1451 22.
2102 1395 2166 1450 Et
2186 1396 2456 1451 exsultent
2475 1395 2599 1451 ﬁliae
2621 1395 2794 1461 Judae,

287 1488 378 1540 25.
400 1487 624 1538 Ἕνεκεν
651 1488 759 1540 τῶν
793 1490 1079 1560 χριμάτων
1111 1508 1224 1557 σου,
1252 1492 1448 1565 Κύριε.

1384 1511 1448 1548 ιε.
1973 1490 2064 1543 25.
2095 1488 2321 1559 Propter
2345 1488 2552 1559 judicia
2585 1498 2698 1552 tua,
2735 1487 2987 1542 Domine.

287 1575 378 1627 21.
425 1573 753 1628 Κυκλώσατε
779 1575 936 1640 Σιὼν,
969 1577 1060 1629 καὶ
1087 1578 1406 1649 περιλὰϐετε
1436 1580 1604 1652 αὑτήν
1625 1597 1639 1611 ·

1975 1582 2065 1636 24.
2103 1581 2447 1636 Circumdate
2481 1578 2636 1645 Sion,
2659 1589 2712 1633 et
2737 1576 3166 1649 complectimini
3194 1591 3335 1640 eam,

287 1667 377 1720 25.
422 1667 763 1738 Διηγήσασθε
795 1670 854 1719 ὲν
891 1670 1004 1732 τοῖς
1037 1670 1264 1740 πύργοις
1293 1671 1482 1741 αὐτῆς.

1241 1689 1264 1733 ς
1293 1671 1482 1741 αὐτῆς.
1976 1672 2068 1726 25.
2101 1670 2328 1725 Narrate
2350 1669 2403 1724 in
2431 1670 2673 1724 turribus
2705 1670 2844 1739 ejus.

289 1756 379 1811 26.
422 1757 592 1810 Θέσθε
611 1758 707 1820 τὰς
728 1759 954 1828 καρδίας
974 1760 1126 1831 ὑμῶν
1143 1764 1222 1824 εἰς
1235 1763 1332 1833 τὴν
1350 1763 1578 1834 δύναμιν
1599 1765 1768 1838 αὐτῆς
1787 1784 1800 1795 ·

1599 1765 1768 1838 αὐτῆς
1787 1784 1800 1795 ·
1976 1761 2066 1815 26.
2108 1760 2299 1816 Ponite
2321 1762 2486 1817 corda
2510 1771 2687 1816 vestra
2716 1761 2771 1814 in
2802 1760 2998 1816 virtute
3033 1759 3186 1831 ejus;

289 1848 379 1905 27.
426 1849 534 1901 Καὶ
561 1850 939 1904 καταδιέλεσθε
975 1853 1072 1916 τὰς
1110 1853 1296 1925 βάρεις
1327 1855 1518 1926 αὐτῆς,

1278 1873 1296 1917 ;
1327 1855 1518 1926 αὐτῆς,
1973 1853 2065 1907 27.
2097 1851 2164 1907 Et
2187 1853 2497 1909 distribuite
2518 1853 2714 1909 domos
2741 1854 2881 1922 ejus,

288 1941 379 1994 28.
399 1943 583 2005 Ὅπως
614 1941 678 1994 ἂν
711 1942 1044 2015 διηγήσησθε
1077 1948 1154 2010 εἰς
1184 1948 1376 2015 γενεὰν
1411 1949 1626 2020 ἑτέραν·
1836 1943 1876 1996 Β

1418 1949 1626 2020 ἑτέραν·
1836 1943 1876 1996 Β
1973 1944 2063 1998 28.
2094 1943 2164 1999 Ut
2189 1945 2454 1999 enarretis
2483 1945 2539 1999 in
2571 1946 2827 2015 progenie
2851 1945 3021 1999 altera

289 2033 380 2086 29.
404 2033 526 2085 Ὀτι
551 2028 704 2096 οὗτος
732 2036 877 2086 ἐστιν
907 2037 934 2088 6
962 2036 1094 2100 Θεὸς
1128 2038 1308 2108 ἡμῶν,

1971 2036 2060 2090 29.
2094 2035 2361 2102 Quoniam
2393 2036 2481 2091 hic
2509 2045 2592 2091 est
2620 2036 2762 2092 Deus
2799 2048 3004 2102 noster,

291 2125 382 2178 50.
427 2125 520 2187 Εἰς
549 2126 640 2178 τὸν
667 2127 836 2180 αἰῶνα
871 2129 963 2181 καὶ
990 2131 1069 2192 εἰς
1101 2129 1189 2182 τὸν
1216 2129 1386 2184 αἰῶνα
1408 2129 1502 2183 τοῦ
1536 2129 1728 2194 αἰῶνος
1749 2147 1763 2160 '

1559 2129 1728 2194 ιίῶνος
1749 2147 1763 2160 ·
1971 2127 2062 2183 50.
2100 2128 2156 2182 In
2182 2136 2469 2194 aeternum,
2498 2138 2550 2184 et
2573 2129 2624 2182 in
2654 2129 2912 2184 saeculum
2947 2127 3162 2183 saeculi:

290 2217 380 2274 51.
422 2218 597 2281 Αὐτὸς
636 2222 890 2289 ποιμανεῖ
914 2222 1062 2290 ἡμᾶς
1092 2221 1172 2283 εἰς
1205 2222 1330 2285 τοὺς
1363 2221 1588 2286 αἰῶνας.

1282 2228 1330 2285 >ς
1363 2221 1588 2286 αἰῶνας.
1971 2224 2060 2278 3|.
2097 2224 2215 2293 Ipse
2242 2233 2428 2293 pascet
2458 2238 2557 2279 nos
2587 2223 2640 2277 in
2667 2224 2885 2278 saecula.

309 2311 412 2373 Εἰς
445 2309 512 2361 τὸ
552 2309 746 2376 τέλος,
796 2310 919 2377 τοῖς
951 2311 1101 2378 υἱοῖς
1129 2312 1300 2380 Κορέ.
1341 2317 1518 2370 ΨΑΛ.
1567 2318 1712 2370 MII'.

1661 2319 1712 2370 Γ.
2113 2314 2181 2370 1η
2209 2317 2387 2385 ﬁnem,
2419 2317 2547 2385 ﬁliis
2570 2316 2721 2370 Core.
2752 2313 2953 2369 PSAL.
2983 2310 3264 2367 XLVIII.

292 2398 342 2451 1.
375 2396 672 2451 Ἀκούσατε
705 2398 897 2464 ταῦτα,
935 2402 1110 2455 πάντα
1131 2402 1200 2455 τὰ
1232 2402 1384 2472 ἔθνη,

1276 2402 1384 2472 ὶνη,
1980 2407 2030 2460 1.
2063 2407 2259 2461 Audite
2291 2407 2426 2470 hac,
2463 2422 2650 2460 omnes
2674 2415 2879 2475 gentes,

285 2490 342 2543 2.
370 2491 746 2560 Ἐνωτίσασθε,
777 2494 973 2559 πάντες
1004 2496 1052 2549 οί
1087 2496 1466 2559 κατοικοῦντες
1498 2494 1595 2566 τὴν
1619 2499 1798 2549 οἰκου-

1976 2501 2031 2556 2.
2060 2499 2298 2554 Auribus
2321 2497 2601 2569 percipite,
2629 2512 2823 2551 omnes
2855 2495 2951 2566 qui
2984 2493 3241 2549 habitatis
3268 2491 3473 2546 orbem.

214 2582 407 2652 μένην.

1357 2676 1736 2734 ATHANASll
1775 2676 2361 2735 INTERPRETATIO.

290 2787 379 2850 15,
408 2786 496 2841 16.
535 2789 621 2840 Ἑν
649 2792 713 2860 τῇ
741 2790 854 2844 ἄνω
891 2791 1259 2864 Ἰερουσαλήμ.

1985 2794 2072 2858 15,
2109 2793 2199 2847 16.
2232 2792 2290 2846 ln
2316 2804 2547 2860 superna
2575 2788 2901 2845 Jerusalem.

292 2879 380 2932 17.
410 2879 729 2942 Ἀσάλευτός
758 2882 905 2934 ἐστιν
922 2884 999 2946 εἰς
1021 2885 1144 2947 τοὺς
1162 2885 1553 2958 ἀτελευτήτους
1571 2887 1797 2948 αἰῶνας.

1616 2887 1797 2948 ἰῶνας.
1981 2890 2071 2943 17.
2106 2887 2410 2941 lmmobilis
2432 2894 2516 2941 est
2548 2886 2601 2938 in
2637 2885 2967 2954 sempiterna
2999 2881 3219 2937 saecula.

409 2973 814 3071 ἒιηγηαάμεθα
846 2974 924 3044 (1)
953 2974 1019 3028 τὰ
1051 2976 1352 3046 παθήματά
1385 2996 1498 3032 σου.
1829 3012 1873 3071 C

1332 2979 1352 3030 ῖι
1385 2996 1498 3032 σου.
1829 3012 1873 3071 C
1981 2979 2066 3034 18.
2096 2977 2451 3034 Narravimus
2479 2977 2762 3046 passiones
2795 2984 2935 3028 tuas.

288 3060 377 3114 19.
409 3060 494 3124 Ὠς
525 3063 882 3134 ἀτελεύτητον
913 3066 1028 3116 ἐστι
1071 3065 1133 3116 τὸ
1163 3067 1333 3136 ὄνομά
1365 3084 1480 3134 σου,
1511 3067 1683 3132 οὕτως
1709 3070 1803 3123 καὶ
1834 3059 1872 3071 '-

1977 3070 2062 3124 19.
2101 3068 2255 3124 Sicut
2285 3069 2677 3139 sempiternum
2724 3075 2807 3122 est
2849 3079 3049 3120 nomen
3091 3071 3268 3122 tuum,
3307 3059 3381 3115 ita
3427 3066 3477 3118 ct

215 3153 264 3221 ἡ·
287 3151 495 3217 αῖνεσίς
529 3172 647 3209 σου.

563 3172 647 3209 ου.
1904 3157 2024 3212 laus
2055 3167 2166 3212 tua.

285 3244 377 3299 20.
409 3246 466 3298 '0
498 3246 626 3308 λαὸς
663 3248 691 3298 ὁ
717 3246 890 3310 ἑστὼς
918 3249 980 3300 ὲκ
1005 3247 1193 3314 δεξιῶν
1231 3268 1333 3321 μου
1364 3251 1464 3307 ί2).

1370 3251 1464 3307 (2).
1974 3251 2064 3304 20.
2099 3249 2336 3318 Populus
2368 3257 2519 3304 stans
2547 3264 2577 3302 a
2605 3249 2812 3303 dextris
2845 3248 2973 3302 tuis.

288 3337 379 3390 21.
406 3338 470 3390 Ἡ
496 3338 608 3392 ἄνω
642 3340 1020 3412 Ἰερουσαλήμ.

1971 3335 2060 3389 2|.
2097 3333 2344 3404 Superna
2377 3331 2701 3387 Jerusalem.

286 3429 377 3482 22.
420 3431 485 3481 Αἰ
517 3431 685 3502 ψυχαὶ
713 3432 820 3485 τῶν
846 3435 1038 3500 ἁγίων.

1971 3427 2061 3480 22.
2098 3427 2310 3480 Animae
2337 3433 2670 3480 sanctorum.

284 3519 620 3576 25.”Ενεκεν
651 3523 751 3593 τῆς
781 3523 1189 3587 ἀνταποδόσεόκ
1219 3542 1334 3589 σου,
1365 3524 1559 3596 Κύριε.

1977 3515 2071 3568 23.
2105 3514 2332 3584 Propter
2365 3514 2778 3568 retributionem
2804 3521 2975 3576 tuam,
3003 3510 3251 3565 Domine.

283 3612 375 3666 21.
417 3614 690 3683 Οίκήσατε
724 3614 821 3683 τὴν
854 3614 966 3668 ἄνω
1002 3616 1377 3686 Ἰερουσαλὴμ,
1405 3619 1497 3670 καὶ
1521 3619 1601 3681 εἰς
1634 3617 1802 3670 κατά-

1970 3607 2060 3661 24.
2094 3607 2344 3662 Habitate
2395 3620 2690 3675 supernam
2738 3604 3039 3662 Jerusalem
3063 3644 3080 3670 ,
3120 3615 3175 3659 et
3208 3601 3480 3674 possidete

213 3722 402 3775 σχεσιν
431 3705 602 3774 αὐτὴν
635 3704 820 3774 ἔσχετε
850 3706 949 3776 (a).

438 3705 602 3774 αὐτὴν
635 3704 820 3774 ἔσχετε
850 3706 949 3776 (a).
1901 3710 2041 3751 eam.

288 3795 380 3849 25.
411 3796 500 3848 Ἐν
527 3798 638 3858 τοῖς
663 3797 840 3864 ἁγίοις
860 3798 1029 3870 αὐτῆς
1059 3798 1392 3871 διηγήσασθε
1414 3801 1481 3855 τὰ
1502 3800 1802 3870 δικαιώμα-

1971 3787 2056 3842 25.
2092 3787 2318 3843 Narrate
2347 3788 2401 3841 in
2431 3788 2639 3843 sanctis
2671 3785 2844 3857 ipsius
2871 3783 3291 3857 iustiﬁcationes
3334 3783 3457 3853 ejus

208 3906 281 3942 τα
313 3888 501 3942 αὐτοῦ.

283 3980 375 4034 26.
417 3980 587 4034 Θέσθε
607 3982 706 4054 τὴν
724 3983 960 4036 διάνοιαν
983 3983 1137 4054 ὑμῶν
1156 3986 1235 4047 εἰς
1254 3985 1353 4048 τὰς
1371 3985 1590 4048 ἐντολὰς
1611 3983 1797 4039 αὐτοῦ.

1972 3983 2061 4036 26.
2093 3983 2285 4039 Ponite
2311 3993 2549 4039 mentem
2581 3993 2818 4038 vestram
2845 3982 2898 4035 in
2925 3981 3212 4051 praeceptis
3239 3979 3402 4034 illius.

283 4072 378 4125 27.
419 4074 528 4127 Καὶ
557 4074 843 4144 μερίσεσθε
877 4074 951 4145 (ὁ)
988 4075 1086 4138 τὰς
1118 4076 1284 4145 μονὰς
1310 4078 1500 4148 αὐτῆς.

1328 4078 1500 4148 ιὺτῆς.
1973 4077 2062 4129 27.
2099 4075 2167 4130 Et
2189 4075 2414 4130 dividite
2449 4075 2765 4129 mansiones
2789 4073 2931 4143 ejus.

282 4163 376 4217 28.
396 4165 583 4228 Ὅπως
607 4165 673 4218 ἂν
691 4167 1019 4238 διηγήσασθε
1036 4171 1094 4221 ὲν
1115 4169 1184 4239 (ε)
1203 4168 1279 4240 τῷ
1290 4170 1467 4242 χρόνῳ
1483 4171 1589 4225 τῶν
1607 4170 1798 4240 ἁγίων.

1588 4170 1798 4240 κὰγίων.
1974 4165 2063 4220 28.
2092 4164 2162 4220 Ut
2190 4167 2456 4221 enarratis
2487 4167 2542 4220 in
2573 4174 2817 4236 tempore
2855 4173 3191 4220 sanctorum.

280 4255 374 4309 29.
403 4257 532 4310 ὀτι
567 4253 743 4325 οὗτός
782 4260 954 4314 ἐστιν
982 4264 1015 4314 ό
1045 4261 1190 4328 Θεὸς
1211 4261 1401 4332 ἡμῶν.

1326 4261 1401 4315 ὃν.
1968 4259 2058 4313 29.
2095 4258 2355 4324 Quoniam
2379 4259 2463 4312 hic
2485 4270 2563 4314 est
2592 4258 2733 4313 Deus
2755 4269 2929 4312 noster

280 4347 375 4413 30,
402 4347 492 4403 51.
522 4349 579 4402 ὐ
610 4350 810 4423 ποιμὴν
837 4353 866 4405 6
900 4353 1062 4418 καλὸς
1091 4355 1346 4426 ποιμανεῖ
1371 4355 1517 4425 ἡμᾶς
1552 4352 1656 4424 (7.).
1823 4365 1868 4420 Ι)

1552 4352 1656 4424 (7.).
1823 4365 1868 4420 ι)
1963 4352 2054 4418 50,
2089 4352 2178 4406 51.
2209 4351 2406 4407 Pastor
2434 4351 2630 4418 bonus,
2666 4353 2760 4423 qui
2794 4360 2977 4421 pascet
3001 4367 3121 4407 nos.

293 4461 362 4512 Ἠ
396 4463 726 4536 προκειμένη
752 4466 1031 4538 ἐπιγραφὴ
1061 4467 1300 4539 περιέχει
1328 4467 1403 4537 (4)
1426 4484 1438 4496 ·
1469 4469 1572 4532 Είς
1596 4465 1660 4518 τὸ
1694 4464 1889 4531 τέλος,
1916 4465 2041 4532 τοῖς
2069 4465 2221 4532 -υίοῖς
2249 4465 2400 4534 Κορὲ
2430 4466 2669 4534 ψωμός
2686 4483 2701 4496 ·
2727 4465 2854 4535 περὶ
2879 4463 2974 4517 τοῦ
3002 4462 3186 4524 τέλους
3212 4459 3320 4514 τῶν
3345 4457 3472 4512 υἱῶν

207 4549 310 4631 τῆς
339 4553 624 4618 ἀπειθείας
650 4555 679 4607 6
709 4553 923 4627 ψαλμὺς
949 4556 1116 4627 λέγει.
1149 4559 1300 4627 Κορὲ
1326 4559 1473 4627 λέγει
1509 4557 1762 4626 ἀπειθὴς
1796 4557 1873 4628 (5)
1905 4556 1986 4624 τῷ
2029 4557 2152 4624 Θεῷ
2181 4557 2520 4628 γεγένηται·
2551 4557 2684 4610 διότι
2721 4557 2814 4610 καὶ
2846 4557 2972 4619 τοὺς
3022 4553 3297 4616 τοιούτους
3327 4551 3471 4614 υἱοὺς

209 4642 375 4695 αὑτοῦ
403 4646 560 4698 καλεῖ
591 4648 623 4717 ἡ
654 4648 868 4719 Γραφή.

279 4734 494 4790 Titulus
530 4737 826 4808 inscriptus
857 4739 1099 4795 continet
1135 4756 1150 4794 :
1188 4737 1255 4792 In
1283 4739 1461 4808 ﬁnem,
1495 4738 1626 4808 ﬁliis
1653 4738 1786 4794 Core
1831 4740 2089 4808 psalmus.
2121 4739 2197 4793 De
2254 4739 2358 4794 ﬁne
2410 4738 2649 4794 ﬁliorum
2704 4738 3080 4796 inobedientia:
3113 4738 3355 4806 psalmus
3389 4735 3471 4789 lo-

208 4832 416 4902 quitur.
453 4830 586 4886 Core
617 4834 904 4904 signiﬁcat,
940 4836 1240 4892 inobediem
1277 4835 1383 4888 Deo
1410 4834 1584 4903 factus
1622 4843 1722 4902 est,
1756 4844 2044 4907 propterea
2079 4837 2214 4892 tales
2243 4835 2362 4906 ejus
2388 4836 2532 4891 ﬁlios
2561 4844 2719 4890 vocat
2752 4833 2946 4904 psalmi
2987 4832 3291 4901 inscriptio.

280 4926 332 4979 1.
375 4925 705 4998 Παιδεύθητε
736 4928 930 4995 ταῦτα,
963 4929 1000 4984 ἃ
1039 4927 1220 5001 μέλλω
1264 4927 1468 4996 λέγειν,
1499 4927 1679 4982 πάντα
1724 4927 1792 4980 τὰ

1969 4931 2020 4984 1.
2055 4928 2254 4984 Discite
2286 4929 2420 4995 haec,
2451 4944 2572 4998 qua:
2601 4929 2847 4983 dicturus
2871 4940 3014 4989 sum,
3041 4939 3234 4979 omnes
3261 4932 3469 4994 gentes.

209 5014 360 5068 ἔθνη.

274 5031 336 5160 ἓ
357 5105 674 5171 Ἔκδέξασθε
710 5108 780 5162 τὰ
811 5103 925 5163 ῶτα
957 5110 1111 5180 ὑμῶν
1134 5109 1169 5164 ἆ
1197 5109 1308 5180 ἐρῶ
1339 5109 1468 5180 ὑμῖν
1510 5107 1610 5178 (6).

1973 5105 2028 5162 2.
2057 5105 2304 5176 Excipite
2326 5107 2552 5162 auribus
2585 5104 2802 5172 vestris,
2829 5119 2951 5174 quae
2977 5101 3153 5158 dicam
3186 5099 3363 5154 vobis.

1158 5229 1464 5292 Addenda
1497 5235 1558 5290 et
1612 5226 1993 5306 corrigenda
2026 5244 2105 5289 ex
2138 5225 2279 5288 cod.
2316 5227 2519 5288 Vatic.

277 5347 352 5418 (υ
393 5347 794 5418 ειηγησόμεθα-
1971 5347 2045 5414 14)
2070 5349 2131 5400 Ἥ
2156 5347 2241 5402 διὰ
2273 5349 2372 5418 τῆς
2394 5345 2765 5415 κινναϐάρεως
2794 5359 2920 5413 περ.

276 5417 562 5488 (ὴὲουῃ
630 5417 690 5488 ;_
749 5481 807 5488 _-
866 5482 879 5488 _
1272 5481 1287 5488 -
1424 5483 1435 5488 _

1272 5481 1287 5488 _
1424 5483 1435 5488 _
1969 5419 2046 5488 (5)
2083 5419 2225 5488 Κορὲ
2255 5417 2363 5488 γὰρ
2395 5418 2491 5470 ἀπ.

277 5477 351 5549 (3)
383 5486 453 5557 Ν.
498 5483 588 5546 29,
614 5484 719 5557 -50,
749 5481 838 5546 3|,
866 5482 1121 5557 leguntur
1146 5481 1520 5557 coniunctim,
1570 5491 1788 5557 ac_post

2081 5477 2401 5553 Εἰάδέξασίθε
2429 5490 2510 5551 εἰς
2537 5487 2670 5541 τὰ...
2699 5485 2824 5555 ὑμῖν
2854 5481 3052 5544 πάντες
3078 5480 3127 5534 οἱ
3157 5477 3466 5536 κατοικοῦν-

209 5557 350 5634 ᾑμᾷς
380 5554 822 5634 ηεοιεᾱᾱιιηίιις,
843 5555 952 5634 ἐἰς’
976 5554 1522 5634 τοὺςάῖελευτήτους
1560 5554 1786 5617 αἰῶνας,

863 5555 952 5634 εἰς.
976 5554 1522 5634 τρὺςάσεελευτήτους
1560 5554 1786 5617 αἰῶνας,
1889 5554 1983 5626 τες
2011 5561 2108 5633 τὴν
2133 5559 2465 5630 οἰκουμένην.

209 5623 354 5694 δίτὴν
386 5624 564 5695 ψυχὴν
596 5623 757 5676 αὑτοῦ
783 5623 895 5687 θεὶς
930 5623 1070 5694 ὑπὲρ
1095 5623 1270 5694 ἡμῶν.

271 5738 349 5812 (ᾳ)
382 5738 661 5812 ξεσχετε.
699 5734 861 5812 Forte
888 5735 1180 5812 Exsre,_vel
1207 5736 1406 5808 ἴσχετε.
1441 5736 1598 5812 Eutr.
1681 5807 1717 5812 _

1681 5807 1717 5812 _
1960 5741 2030 5812 (ε)
2061 5741 2454 5811 Διηγήσασθε.
2486 5738 2646 5795 Forte
2682 5732 3030 5806 διηγήσησθε.
3069 5732 3222 5787 Em.

270 5808 345 5876 (ὁ)
373 5806 723 5875 Μερίσεσθε.
759 5806 887 5878 Leg.
917 5806 1028 5863 rid.
1076 5806 1294 5877 interp.,
1334 5807 1649 5878 μερίσασθε.
1677 5807 1774 5863 En.
