4060 6436
628 373 730 430 839
1475 363 1532 419 S.
1576 361 1954 419 ATHANASII
1992 361 2145 419 OPP.
2187 357 2365 415 PARS
2407 359 2496 414 Ill.
2534 391 2603 400 ——
2639 360 3053 418 EXEGETICA.
3789 367 3896 424 840

695 496 746 548 5.
785 492 995 562 Quique
1019 489 1302 560 terrigena:
1326 498 1377 542 et
1401 487 1496 542 ﬁlii
1529 488 1836 554 hominum,
2221 492 2269 549 Α

2221 492 2269 549 Α
2366 485 2417 538 5.
2461 484 2533 536 Οἵ
2561 501 2621 536 τε
2647 485 2900 554 γηγενεῖς
2925 483 3018 535 καὶ
3049 481 3153 535 υἱοὶ
3185 480 3292 533 τῶν
3314 481 3638 554 ἀνθρώπων,

697 586 750 638 4.
784 584 956 641 Simul
981 584 1035 637 in
1078 597 1245 636 unum
1271 580 1423 634 dives
1450 589 1505 635 et
1533 594 1758 648 pauper.

2374 577 2426 628 4.
2453 577 2578 627 Ἐπὶ
2603 577 2662 628 τὸ
2697 577 2828 629 αὐτὸ
2864 574 3117 637 πλούσιος
3155 575 3247 626 καὶ
3276 575 3460 645 πένης.

783 673 855 728 Os
891 689 1070 728 meum
1105 673 1358 742 loquetur
1389 671 1737 740 sapientiam,

2376 667 2426 719 5.
2471 667 2544 719 Τδ
2574 666 2748 736 στόμα
2785 683 2884 734 μου
2918 665 3140 735 λαλήσει
3173 665 3382 732 σοφίαν,

698 768 749 820 6.
782 764 1153 820 Etmeditatio
1174 764 1356 819 cordis
1381 765 1487 817 mei
1518 762 1882 832 prudentiam.

2375 757 2428 812 6.
2471 757 2581 810 Kal
2601 759 2634 827 ὴ
2672 756 2867 827 μελέτη
2899 756 3000 826 τῆς
3029 756 3258 824 καρδίας
3287 774 3388 826 μου
3423 755 3657 810 σύνεσιν.

698 860 749 911 7.
784 859 1062 913 lnclinabo
1098 858 1151 911 in
1187 857 1498 927 parabolam
1530 871 1718 910 aurem
1750 870 1950 918 meam,

1895 870 1950 918 η,
2374 849 2426 900 7.
2470 847 2650 900 Κλινῶ
2683 850 2762 911 είς
2786 847 3101 919 παραϐολὴν
3135 847 3197 899 τὸ
3234 843 3326 918 οὖς
3360 863 3461 916 μου
3484 862 3498 878 ·

698 955 749 1007 8.
777 953 1030 1023 Aperiam
1063 953 1116 1007 in
1139 951 1395 1022 psalterio
1424 950 1850 1020 propositionem
1877 963 2077 1001 meam.

2030 964 2077 1000 λ.
2375 940 2426 994 8.
2456 940 2674 1023 Ἀνοίςω
2702 941 2759 992 ἐν
2789 939 3072 1010 ψαλτηρίῳ
3103 940 3164 993 τὸ
3198 937 3489 1022 πρόϐλημά
3514 956 3633 1008 μου.

697 1047 750 1098 9.
780 1019 890 1097 cur
919 1045 1080 1098 timeo
1111 1019 1165 1096 in
1201 1041 1288 1094 die
1325 1041 1502 1094 mala?
1526 1019 1539 1020 ί

2375 1030 2428 1085 9.
2448 1032 2565 1083 Ἴνα
2593 1019 2644 1083 τ’ί
2676 1029 2948 1100 φοϐοῦμαι
2983 1032 3039 1082 ὲν
3073 1031 3258 1101 ήμέρᾳ
3284 1019 3530 1099 hev-119.5;

699 1135 785 1189 10.
818 1135 1079 1205 lniquitas
1108 1136 1349 1190 calcanei
1385 1135 1491 1189 mei
1528 1130 1890 1187 circumdabit
1920 1146 2024 1184 tne.

2377 1122 2463 1174 1υ.
2489 1121 2553 1172 ’11
2581 1121 2781 1191 ἀνομία
2805 1121 2904 1190 τῆς
2941 1121 3179 1190 πτέρνης
3213 1137 3312 1189 μου
3353 1119 3620 1172 κυκλώσει
3655 1136 3741 1188 με.

704 1227 784 1282 11.
815 1226 918 1294 Qui
944 1229 1223 1282 conﬁdunt
1248 1228 1300 1280 in
1331 1227 1535 1281 virtute
1562 1239 1683 1288 sua,

2343 1246 2345 1248 -
2379 1216 2464 1268 11.
2507 1216 2569 1266 Οἱ
2597 1212 2914 1277 πεποιθότες
2948 1214 3040 1264 ἐπὶ
3062 1215 3127 1282 τῇ
3153 1212 3377 1282 δυνάμει
3410 1211 3609 1274 αὐτῶν,

699 1318 786 1371 12.
819 1318 884 1372 Et
945 1320 999 1373 in
1033 1319 1376 1374 multitudine
1431 1317 1742 1371 divitiarum
1801 1329 2024 1371 suarum
2084 1312 2202 1382 glo-

2383 1307 2463 1361 12.
2509 1308 2616 1360 Kal
2657 1307 2750 1359 ἐπὶ
2797 1305 2875 1376 τῷ
2922 1305 3114 1378 πλήθει
3151 1303 3244 1357 τοῦ
3274 1305 3502 1358 πλούτου
3543 1304 3720 1356 αὐτῶν
3750 1323 3884 1358 καυ-

629 1412 856 1465 riautur.

2307 1397 2385 1468 χώ
2391 1416 2557 1469 μενοι.

700 1503 781 1555 13.
822 1503 1012 1557 Frater
1047 1520 1156 1559 non
1193 1503 1432 1570 redimit,
1465 1502 1697 1557 redimet
1723 1501 1909 1564 homo,

2381 1492 2464 1544 15.
2507 1489 2756 1560 Ἀδελφδς
2789 1491 2846 1543 οὐ
2879 1489 3186 1560 λυτροῦται,
3212 1489 3544 1560 λυτρὼσεται
3569 1491 3883 1556 ἄνθρωπος·

699 1595 788 1648 11.
817 1592 935 1647 Νοη
963 1593 1113 1649 dabit
1141 1595 1250 1650 Deo
1274 1595 1636 1665 placationem
1671 1607 1853 1656 suam,

2380 1581 2466 1634 14.
2501 1580 2574 1632 Οὐ
2605 1579 2767 1632 δώσει
2797 1578 2873 1649 τῷ
2901 1579 3019 1649 Θεῴ
3048 1580 3313 1650 ὲξίλασμα
3343 1579 3556 1644 ἑαυτοῦ,

701 1686 787 1740 15.
821 1685 886 1740 Et
918 1688 1152 1756 pretium
1184 1687 1575 1758 redemptionis
1605 1686 1802 1740 anima:
1829 1698 1960 1739 suae.

2382 1675 2468 1727 15.
2496 1675 2605 1726 Kal
2626 1672 2721 1743 τὴν
2740 1674 2903 1743 τιμὴν
2925 1673 3021 1742 τῆς
3040 1672 3359 1743 λυτρώσεως
3379 1673 3479 1744 τῆς
3500 1673 3677 1744 ψυχῆς
3701 1673 3887 1727 αὐτοῦ.

704 1777 789 1832 16.
824 1778 885 1832 Ει
951 1780 1234 1834 laborabat
1286 1780 1342 1834 in
1387 1788 1674 1844 attentum,
1735 1787 1790 1833 et
1844 1776 1987 1831 vivet
2033 1773 2090 1827 in
2143 1773 2206 1826 ﬁ-
2241 1842 2269 1844 λ

2385 1765 2469 1818 16.
2498 1767 2606 1819 Kal
2639 1765 2928 1818 ἐκοπίασεν
2970 1765 3049 1827 εἰς
3077 1763 3166 1816 τὸν
3194 1763 3364 1817 αίῶνα
3385 1806 3399 1829 ,
3435 1765 3527 1818 καὶ
3563 1765 3786 1836 ζήσεται
3814 1767 3890 1828 είς

631 1888 776 1926 "CIII.

1660 1842 1668 1844 ν
2239 1842 2282 1896 Β
2311 1858 2485 1920 τέλος.

703 1963 784 2017 17.
817 1963 934 2017 Non
964 1962 1167 2018 videbit
1195 1962 1501 2030 interitum,

2388 1949 2474 2002 17.
2512 1949 2624 2000 Οὐκ
2656 1947 2843 2017 ὄψεται
2876 1947 3244 2019 καταφθορὰν,

703 2057 789 2110 18.
822 2056 958 2110 Cum
982 2056 1179 2112 viderit
1209 2058 1481 2126 sapientes
1518 2051 1858 2107 morientes?

2389 2041 2473 2095 18.
2508 2043 2672 2094 Ὅταν
2709 2041 2793 2114 ἴδῃ
2825 2042 3020 2110 σοφοὺς
3045 2039 3517 2110 ἀποθνήσκονταςς

704 2148 790 2202 19.
819 2148 992 2202 Simul
1024 2150 1287 2219 insipiens
1315 2155 1370 2202 et
1397 2147 1598 2202 stultus
1630 2146 1886 2214 peribunt
1910 2161 1924 2198 :

2392 2137 2477 2190 19.
2523 2135 2644 2186 Ἐπὶ
2675 2134 2737 2186 τὸ
2770 2133 2899 2186 αὐτὸ
2932 2133 3120 2204 ἄφρων
3151 2133 3243 2185 καὶ
3270 2132 3428 2195 ἄνους
3456 2131 3785 2187 ἀπολοῦνται
3806 2151 3821 2166 ·

703 2240 791 2295 20.
827 2239 892 2296 Et
918 2241 1225 2311 relinquent
1251 2240 1440 2296 alienis
1469 2238 1688 2296 divitias
1723 2253 1876 2292 suas.

2384 2224 2473 2278 20.
2515 2225 2624 2277 Kal
2677 2224 3092 2294 καταλείψουσιν
3141 2223 3441 2294 ἀλλοτρίοις
3503 2223 3594 2277 τὸν
3664 2224 3895 2279 πλοῦτον

2315 2314 2516 2367 αὐτῶν.

1761 2453 2136 2511 ATIIANASII
2179 2450 2768 2508 lNTERPllETATlO.

706 2620 760 2677 3.
795 2617 1018 2673 Terreni
1047 2616 1141 2670 lilii
1171 2615 1478 2671 hominum.

2383 2613 2436 2666 5.
2480 2613 2541 2664 Οἱ
2569 2617 2744 2681 γήινοι
2785 2609 2887 2661 υἱοὶ
2913 2606 3020 2660 τῶν
3049 2605 3369 2678 ἀνθρώπων.

702 2711 756 2764 4.
795 2709 1049 2763 Eamdem
1079 2708 1381 2763 doctrinam
1408 2703 1566 2761 vobis
1596 2704 1854 2761 omnibus
1885 2703 2200 2776 propositu-

2382 2704 2435 2756 4.
2478 2702 2587 2773 Τὴν
2620 2702 2788 2773 αὐτὴν
2824 2701 3171 2755 διδασκαλίαν
3196 2702 3362 2754 πᾶσιν
3399 2699 3527 2770 ὑμῖν
3553 2698 3733 2769 μέλλω
3765 2716 3900 2770 προ-

634 2817 731 2856 τας
757 2816 902 2854 sum.

2312 2796 2518 2850 τιθέναι
2541 2794 2642 2864 (1).

705 2894 758 2946 5.
788 2892 1030 2962 Apostoli
1065 2907 1158 2962 per
1190 2889 1633 2961 praadicationem
1671 2889 1965 2958 loquentur
1993 2886 2210 2955 sapien-

2385 2889 2438 2943 5.
2479 2889 2541 2941 Οί
2587 2886 2872 2940 ἀπόστολοι
2921 2885 3010 2938 διὰ
3051 2883 3145 2937 τοῦ
3191 2884 3548 2954 κηρύγματος
3600 2883 3899 2955 λαλήσουσι

635 2983 764 3036 tiam
797 2982 936 3051 ejus,
963 2998 1070 3036 non
1106 2982 1269 3049 hujus
1299 2980 1508 3034 saeculi.

2316 2979 2506 3049 σοφίαν
2533 2977 2718 3042 αὐτοῦ,
2748 2975 2896 3048 [οὐκ]
2927 2975 3118 3037 αἰῶνος
3153 2973 3229 3043 (2)
3261 2974 3467 3026 τούτου.

704 3073 757 3127 6.
787 3071 856 3128 Ει
899 3072 1180 3126 meditatio
1230 3071 1568 3127 credentium
1618 3071 1673 3125 in
1725 3086 1808 3125 me
1857 3067 2210 3139 intelligentia

2384 3071 2435 3124 6.
2477 3072 2586 3123 Kal
2613 3072 2646 3140 ὴ
2687 3069 2882 3140 μελέτη
2915 3067 3021 3121 τῶν
3048 3067 3413 3120 πιστευόντων
3453 3069 3531 3130 εἰς
3558 3068 3658 3136 ἐμὲ
3689 3068 3901 3131 σύνεσίς

634 3173 739 3219 est.

2314 3175 2482 3213 εστιν.

706 3254 758 3309 7.
794 3253 1072 3309 Adducam
1106 3254 1159 3308 in
1187 3253 1502 3325 parabolam
1529 3251 1852 3323 mysterium
1882 3265 2086 3305 meum.
2239 3240 2282 3298 C

2239 3240 2282 3298 C
2385 3251 2439 3305 7.
2473 3250 2687 3319 Ἀγάγω
2712 3250 2791 3312 είς
2819 3248 3130 3320 παραϐολὴν
3162 3249 3221 3301 τὸ
3246 3249 3540 3319 μυστήριόν
3578 3266 3703 3319 μου.

702 3345 757 3399 8.
791 3345 1103 3400 Describam
1130 3346 1183 3400 in
1211 3346 1469 3414 psalterio
1494 3343 1930 3413 propositionem
1954 3355 2157 3395 meam.

2013 3355 2157 3395 eam.
2390 3344 2443 3397 8.
2474 3342 2796 3413 Ἀναγράψω
2825 3344 2881 3393 ἐν
2909 3341 3192 3412 ψαλτηρίῳ
3219 3341 3279 3394 τὸ
3305 3341 3612 3412 πρόϐλημα.

703 3437 759 3492 9.
792 3437 1058 3506 Tempore
1085 3436 1358 3506 passionis
1391 3451 1545 3489 meae.

2390 3435 2446 3489 9.
2476 3437 2563 3488 ‘Ev
2588 3436 2665 3504 τῷ
2699 3434 2876 3505 καιρῷ
2904 3433 2998 3487 τοῦ
3034 3432 3240 3496 πάθους
3276 3451 3399 3504 μου.

707 3528 796 3583 10.
830 3527 1000 3584 ludas
1041 3528 1267 3583 ultimus
1301 3527 1694 3598 discipulorum
1732 3539 1978 3581 meorum
2025 3524 2213 3578 insur-

2393 3526 2478 3580 10.
2510 3527 2706 3590 Ἰούδας
2730 3529 2757 3580 ὁ
2783 3526 3017 3601 ἔσχατος
3030 3527 3139 3578 τῶν
3184 3525 3439 3595 μαθητῶν
3478 3543 3580 3596 μου
3624 3527 3903 3580 ἐπισυστεὶ

636 3632 723 3694 get
750 3622 803 3674 in
834 3636 942 3676 me.

2323 3619 2399 3684 (ὅ)
2432 3618 2828 3690 [ὲπισυστήσει]
2861 3636 2970 3688 μοι.

708 3714 794 3768 11,
829 3712 1112 3783 Principes
1135 3712 1471 3768 Judzeorum.

2394 3710 2478 3764 11.
2519 3711 2580 3763 Ol
2608 3711 2862 3780 ἄρχοντες
2886 3711 2994 3763 τῶν
3031 3709 3323 3763 Ἰουδαίων.

706 3803 795 3858 12.
852 3802 1055 3858 Scriba:
1102 3813 1157 3858 et
1207 3803 1468 3857 Pharisaei
1528 3800 1934 3871 Scripturarum
1990 3800 2213 3856 scientia

2397 3804 2483 3856 12.
2525 3806 2587 3854 υἱ
2619 3805 2964 3873 γραμματεῖς
2999 3805 3091 3856 καὶ
3128 3804 3176 3855 οἱ
3218 3804 3501 3874 Φαρισαῖοι
3535 3804 3628 3856 ἐπὶ
3665 3808 3731 3875 τῇ
3766 3807 3905 3874 γνὼ-

638 3894 790 3947 clati.
2325 3910 2404 3945 σει
2439 3893 2515 3962 (4)
2541 3891 2650 3945 τῶν
2675 3893 2904 3965 Γραφῶν
2931 3880 3301 3964 ἐπαιρόμενοι.

710 3985 797 4038 15.
829 3981 946 4037 Non
1001 3982 1171 4037 frater
1215 3991 1403 4038 noster
1438 3993 1540 4050 est,
1574 3984 1668 4054 qui
1696 3984 1915 4038 redimit
1953 3998 2076 4047 nos,
2111 3983 2216 4036 hoc

2397 3985 2483 4036 15.
2519 3985 2631 4036 Οὐκ
2666 3983 2891 4054 ἀδελφὸς
2922 3986 3079 4056 ἡμῶν
3106 3990 3253 4039 ἐστιν
3285 3989 3314 4041 ὁ
3341 3985 3709 4057 λυτρούμενος
3736 3989 3913 4058 ἡμᾶς.

638 4084 722 4129 est
746 4085 948 4130 nostrae
981 4085 1187 4130 natura:
1218 4085 1271 4131 et
1289 4075 1640 4144 conditionis,
1666 4075 1761 4132 sed
1785 4075 1930 4131 Deus
1961 4091 2056 4145 per
2087 4091 2214 4145 gra-

2323 4075 2598 4128 τουτέστιν
2641 4078 2669 4127 ὁ
2710 4075 2808 4145 τῆς
2843 4076 2920 4147 (5)
2963 4079 3235 4149 ἡμετέρας
3277 4078 3514 4147 φύσεως,
3550 4078 3664 4130 ἀλλ’
3707 4079 3735 4130 ό
3777 4081 3913 4144 Θεὸς

640 4167 773 4221 tiam
799 4164 977 4222 factus
1011 4169 1170 4221 homo
1196 4167 1449 4221 liberabit
1475 4183 1597 4223 nos.

2325 4166 2464 4220 κατὰ
2489 4166 2646 4237 χάριν
2679 4168 2973 4239 γενόμενος
3003 4170 3288 4240 ἄνθρωπος
3311 4169 3647 4241 λυτρώσεται
3681 4173 3855 4240 ἡμᾶς.

710 4257 796 4311 14.
833 4257 899 4311 Ει
921 4273 1028 4312 non
1057 4247 1206 4312 dabit
1236 4259 1476 4329 seipsum
1511 4260 1874 4329 placationem
1904 4275 2004 4330 pro
2034 4259 2216 4314 anima

2401 4260 2487 4313 14.
2529 4260 2635 4312 Kal
2669 4261 3022 4324 οὐδεμὲαυτδν
3059 4262 3218 4315 δώσει
3264 4261 3532 4332 ὲξίλασμα
3563 4263 3662 4332 τὴν
3698 4262 3777 4332 (6)
3809 4264 3915 4334 ψυ-

641 4365 764 4415 sua,
797 4349 890 4404 sed
915 4364 1015 4418 pro
1043 4349 1322 4405 omnibus.

2325 4355 2423 4426 χὴν
2454 4353 2639 4416 αὐτοῦ,
2680 4354 2813 4407 ἀλλὰ
2841 4355 2927 4409 διὰ
2953 4356 3180 4417 πάντας.

713 4442 800 4496 15.
825 4440 1012 4512 Neque
1047 4443 1280 4512 pretium
1317 4444 1540 4516 aliquod
1572 4443 1748 4508 dabit,
1775 4452 1836 4498 ut
1876 4443 2069 4500 liberet
2099 4444 2220 4499 ani-

2401 4447 2487 4500 15.
2528 4447 2661 4499 Οὐδὲ
2709 4448 2872 4518 τιμήν
2918 4465 3035 4500 τινα
3079 4446 3258 4513 δώσει,
3306 4447 3391 4500 ἴνα
3435 4445 3782 4518 λυτρώσηται
3816 4449 3917 4520 τὴν

646 4551 788 4590 mam
814 4552 993 4590 suam.

2258 4602 2287 4607 _
2327 4538 2502 4607 ψυχὴν
2525 4537 2709 4590 αὑτοῦ.

717 4628 800 4682 16.
827 4627 890 4683 Et
915 4641 1112 4698 passus
1128 4635 1212 4681 est
1241 4625 1293 4680 in
1325 4627 1549 4691 mundo,
1573 4626 1668 4682 sed
1695 4626 1826 4681 vivit
1859 4625 1912 4680 in
1938 4635 2222 4681 aeternum.
2257 4602 2304 4661 θ

2344 4602 2353 4606 -
2529 4629 2638 4682 Kal
2671 4629 2907 4682 πέπονθε
2939 4629 3016 4700 τῷ
3055 4629 3133 4700 (7)
3167 4631 3377 4702 κόσμῳ,
3408 4631 3544 4685 ἀλλά
3577 4630 3642 4703 ζῇ
3679 4632 3915 4686 ἀτελευ-

2330 4722 2528 4793 τήτως.

719 4803 801 4857 17.
838 4800 937 4857 llic
967 4802 1186 4872 quidem
1227 4817 1336 4857 non
1370 4803 1522 4857 novit
1565 4808 2015 4875 corruptionem;
2049 4820 2226 4877 neque

2405 4814 2491 4870 17.
2529 4807 2696 4877 Οὗτος
2729 4813 2828 4884 μὲν
2863 4813 2962 4866 οὐκ
2995 4808 3102 4867 εῐδε
3138 4814 3458 4886 διαφθοράν·
3489 4816 3548 4868 οὐ
3587 4815 3694 4887 γὰρ
3723 4811 3797 4888 ἦν
3830 4819 3916 4871 δυ-

645 4896 795 4948 enim
825 4894 1088 4963 possibile
1116 4903 1255 4960 erat,
1287 4904 1349 4948 ut
1392 4895 1507 4964 ipse
1538 4898 1886 4965 corruptione
1929 4907 2224 4952 teneretur.

1948 4907 2224 4952 eneretur.
2331 4905 2487 4958 νατὸν
2514 4906 2833 4977 κρατεῖσθαι
2863 4906 3024 4958 αὑτὸν
3059 4905 3164 4958 ὑπὸ
3192 4905 3290 4975 τῆς
3326 4906 3551 4976 φθορᾶς.

718 4987 802 5038 18.
829 4983 1031 5040 Omnes
1059 4997 1238 5041 autem
1263 4987 1537 5057 sapientes
1570 4987 1734 5057 hujus
1760 4990 1942 5044 sazculi
1972 4991 2088 5061 ipse
2111 5007 2226 5046 mo-

2406 4996 2490 5050 18.
2519 4998 2739 5059 -Πάντας
2764 4997 2820 5049 δὲ
2858 4998 2984 5060 τοὺς
3013 4998 3208 5065 σοφοὺς
3239 4997 3333 5050 τοῦ
3363 4996 3558 5061 αἰῶνος
3587 4996 3781 5049 τούτου
3825 4999 3919 5051 αὖα

648 5078 849 5133 rientes
875 5078 1100 5132 videbit.

2331 5089 2422 5152 τὸς
2456 5089 2644 5157 ὄψεται
2675 5089 3132 5160 ἀποθνήσκοντας.

719 5169 806 5222 19.
842 5167 1016 5222 Simul
1037 5183 1227 5225 omnes
1252 5171 1510 5240 peribunt
1542 5186 1652 5227 non
1687 5175 2010 5230 conﬁtentes
2046 5176 2224 5247 ipsum

2405 5182 2490 5235 19.
2533 5181 2902 5251 Ὀμοθυμαδὸν
2927 5181 3126 5245 πάντες
3147 5182 3470 5236 ἀπολοῦνται
3496 5183 3545 5234 οἱ
3571 5181 3644 5251 μὴ
3666 5179 3919 5248 λέγοντες

648 5271 770 5310 esse
801 5255 994 5310 Deum.

2337 5274 2497 5326 αὐτὸν
2528 5269 2666 5327 εἶναι
2696 5275 2848 5326 Θεόν.

719 5348 809 5401 20.
840 5348 1187 5406 Daemonibus
1217 5352 1429 5408 animas
1453 5367 1583 5408 suas
1613 5353 1851 5409 tradent.

2408 5366 2497 5419 20.
2532 5367 2656 5430 Τοῖς
2686 5367 2903 5437 δαίμοσι
2926 5366 3024 5430 τὰς
3052 5366 3228 5436 ψυχὰς
3259 5365 3438 5420 αὐτῶν
3464 5362 3919 5435 ὲμπιστεύσουσι.

1605 5469 1906 5530 Addenda
1940 5478 2001 5530 et
2033 5470 2416 5551 corrigenda
2449 5496 2528 5539 ex
2561 5479 2704 5542 eod.
2747 5481 2951 5543 Vatic.

838 5560 1000 5648 {levet
1031 5564 1263 5648 πὲισιντ.
1300 5566 1672 5648 προτίθεσθαι.
2414 5576 2487 5643 (5)
2519 5578 2593 5629 Οὐ
2622 5579 2741 5648 τῆς.

824 5632 1040 5721 EQ???
1056 5638 1117 5721 ορ
1149 5635 1240 5687 τοῦ
1275 5632 1487 5700 αἰῶνος·
2518 5651 2625 5721 Kal
2661 5632 2720 5721 όό
2749 5651 2822 5702 δι’
2848 5651 3035 5706 ἑαυτὸν
3059 5650 3216 5707 δώσει
3241 5650 3505 5720 ὲξίλασμα
3529 5651 3650 5721 τήν.
3681 5659 3789 5707 etc.

724 5773 802 5841 (-1)
828 5772 1192 5842 Τραμματεῖς
1224 5779 1422 5844 αὐτῶν,
1461 5780 1574 5846 καί,
1606 5788 1731 5846 etc.,
1759 5778 1850 5833 ἐπὶ
1879 5779 1975 5848 τὴν
2007 5780 2230 5848 γνῶσιν.
