4060 6474
227 391 336 448 8“
1151 401 1239 454 DE
1277 402 1552 460 TITULIS
1591 407 2335 476 PSALMOIIUll.—PS.-\L.
2368 422 2598 480 XLVIII.
3383 432 3489 488 διε

303 509 394 564 21.
425 513 531 564 Καὶ
550 515 596 564 οἱ
619 513 775 582 τάφοι
805 516 982 568 αὐτῶν
1002 520 1168 572 οἰκίαι
1195 520 1372 573 αὐτῶν
1399 525 1478 586 εἰς
1496 525 1585 577 τὸν
1609 527 1797 581 αἰῶνα’
1834 539 1884 593 Α

1883 585 1884 591 η
1979 533 2065 587 2i.
2099 534 2161 588 Et
2195 539 2439 608 sepulcra
2479 556 2668 595 eorum
2719 551 2916 598 domus
2969 544 3185 598 illorum
3233 545 3288 598 in
3326 552 3486 598 aeter-

297 685 389 740 22.
425 688 766 760 Σκηνώματα
796 693 974 745 αὐτῶν
1005 695 1084 758 εἰς
1118 698 1309 765 γενεὰν
1336 701 1433 752 καὶ
1466 703 1659 769 γενεάν
1682 721 1694 734 ·

1978 720 2069 772 22.
2099 719 2473 775 Tabernacula
2516 738 2703 776 eorum
2751 725 2806 778 in
2839 726 3153 795 progeniem
3193 738 3246 781 et
3289 739 3476 797 proge-

1909 810 2053 864 niem
2090 831 2101 865 :

301 871 393 927 25.
448 873 876 927 Ἐπεκαλέσαντο
920 873 989 927 τὰ
1036 875 1277 946 ὀνόματα
1323 880 1504 934 αὐτῶν
1553 882 1645 934 ἐπὶ
1698 888 1806 938 τῶν

1698 888 1806 938 τῶν
1979 900 2072 957 25.
2113 902 2453 960 Vocaverunt
2477 906 2698 960 nomina
2725 922 2820 961 sua
2851 907 2904 960 in
2936 908 3099 962 terris
3129 907 3265 962 suis.

225 963 402 1030 γαιῶν
428 963 625 1018 αὐτῶν.

305 1053 390 1108 21.
424 1058 534 1110 Καὶ
559 1058 861 1125 ἄνθρωπος,
896 1062 952 1113 ὲν
982 1064 1114 1130 τιμῇ
1145 1060 1239 1124 ὢν,
1269 1063 1330 1115 οὐ
1361 1065 1586 1119 συνῖκκεο

1975 1072 2066 1126 24.
2101 1071 2166 1126 Ει
2215 1077 2378 1131 homo
2419 1094 2543 1134 cum
2587 1081 2642 1134 in
2683 1081 2888 1137 honore
2920 1091 3085 1149 esset,
3121 1097 3229 1138 non
3269 1080 3478 1138 intelle-

1906 1175 1981 1216 XII.
2006 1208 2017 1218 .

299 1226 388 1281 25.
421 1229 882 1304 Παρασυνεϐλήοη
927 1237 1038 1297 τοῖς
1085 1236 1306 1305 κτήνεσι
1352 1239 1466 1300 τοῖς
1518 1241 1799 1314 ἀνοήτοις,

1972 1257 2062 1309 25.
2095 1256 2454 1327 Compar-atus
2487 1261 2854 1332 estjumentis
2889 1265 3290 1335 insipientibus,
3321 1276 3376 1324 et
3395 1269 3476 1325 'si-

221 1315 318 1369 καὶ
346 1317 602 1390 ὡμοιώοη
632 1323 836 1387 αὐτοῖς.

1905 1347 2047 1403 milis
2077 1348 2253 1404 factus
2280 1361 2363 1405 est
2393 1352 2520 1407 illis.

294 1408 386 1461 26.
422 1411 568 1482 Λῦτη
600 1414 633 1484 ἡ
664 1414 780 1476 ὁδὸς
808 1416 982 1469 αὐτῶν
1013 1418 1307 1474 σκάνδαλον
1333 1424 1516 1488 αὐτοῖς
1536 1442 1548 1455 ·

1538 1442 1548 1455 ’
1970 1440 2056 1492 26.
2094 1440 2217 1496 llaec
2245 1445 2330 1497 via
2357 1443 2574 1499 illorum
2609 1447 2929 1501 scandalum
2963 1448 3095 1517 ipsis
3130 1468 3141 1503 :

295 1500 386 1553 27.
418 1503 526 1556 Καὶ
559 1506 695 1574 μετὰ
716 1506 886 1561 ταῦτα
915 1510 972 1562 ἐν
994 1509 1070 1580 τῷ
1103 1513 1331 1583 στόματι
1366 1517 1543 1570 αὐτῶν
1576 1520 1798 1591 εὐδοκή-

1576 1520 1798 1591 εὐδοκή-
1968 1529 2058 1584 27.
2089 1529 2154 1585 Et
2180 1543 2368 1601 postea
2394 1533 2448 1588 in
2470 1549 2565 1589 ore
2587 1551 2688 1590 suo
2718 1539 3151 1607 complacebunt.

219 1607 426 1645 σουσιν.
774 1613 776 1616 ’

787 1690 1102 1762 Διάιᾶίαλμα
1136 1693 1232 1766 (a).

2520 1719 2849 1789 Diapsalma.

287 1777 380 1830 28.
427 1779 515 1840 Ὠς
547 1780 793 1850 πρόϐατα
820 1785 877 1837 ἐν
904 1784 1004 1855 ᾇδη
1035 1786 1218 1841 ἔθεντο
1236 1805 1250 1819 ο

1828 1878 1862 1884 _
1963 1805 2051 1859 28.
2087 1806 2238 1863 Sicut
2267 1825 2396 1866 oves
2427 1811 2482 1866 in
2515 1812 2726 1868 inferno
2752 1816 2912 1884 positi
2944 1827 3110 1874 sunt:

285 1869 379 1924 29.
408 1870 644 1936 Θάνατος
680 1880 938 1946 ποιμανεῖ
965 1878 1180 1942 αὐτούς.
1828 1878 1867 1931 Β

1049 1878 1180 1942 τούς.
1828 1878 1867 1931 Β
1963 1893 2055 1948 29.
2081 1896 2228 1953 Mors
2253 1899 2508 1969 depascet
2537 1917 2652 1957 eos.

286 1961 377 2014 50.
407 1963 513 2015 Καὶ
537 1969 1057 2038 κατακυριεύσουσιν
1078 1973 1258 2026 αὐτῶν
1279 1977 1326 2027 οἱ
1349 1975 1524 2041 εὺοεῖς
1544 1980 1603 2031 τὸ
1629 1982 1786 2050 πρωῒ.

1964 1987 2053 2041 50.
2093 1988 2159 2044 Et
2188 1961 2635 2060 {dominabuntur
2665 2011 2854 2052 eorum
2886 1999 3019 2069 justi
3059 2003 3111 2056 in
3155 2007 3439 2064 matutino.

284 2053 374 2107 51.
407 2056 565 2129 Καὶή
587 2059 807 2131 βοήθεια
837 2062 1015 2114 αὐτῶν
1038 2063 1479 2138 παλαιωθήσεται
1501 2072 1557 2122 ὲν
1576 2071 1651 2142 τῷ
1668 2073 1786 2146 ᾅδῃ,

1722 2077 1786 2146 ἔῃ,
1959 2080 2046 2133 51.
2084 2080 2148 2134 Et
2177 2083 2443 2138 auxilium
2467 2101 2657 2140 eorum
2689 2053 2988 2147 veteraseet
3009 2093 3064 2146 in
3092 2094 3325 2162 inferno,

285 2146 375 2199 52.
420 2149 512 2202 Ἐκ
548 2152 646 2221 τῆς
673 2152 829 2225 δόξης
855 2154 1036 2209 αὐτῶν
1062 2157 1395 2230 ἐξώσθησαν.

1368 2176 1395 2214 ν.
1959 2172 2049 2226 52.
2079 2173 2120 2225 Α
2159 2174 2328 2244 gloria
2360 2191 2551 2231 eorum
2582 2180 2791 2249 expulsi
2827 2194 2971 2236 sunt.

284 2237 374 2291 55.
407 2241 552 2312 Πλὴν
593 2245 620 2295 ὁ
653 2243 784 2309 Θεὸς
829 2245 1163 2317 λυτρώσεται
1197 2250 1294 2320 τὴν
1341 2250 1522 2323 ψυχήν
1570 2272 1673 2325 μου
1725 2259 1786 2310 ἐκ

1910 2333 1926 2342 ⁸
1957 2260 2044 2317 55.
2081 2263 2468 2323 Verumtamen
2503 2269 2645 2325 Deus
2668 2273 2897 2330 redimet
2927 2277 3163 2332 animam
3194 2294 3368 2336 meam
3401 2282 3467 2337 de

205 2347 292 2399 χει
299 2332 392 2401 ρός
421 2333 567 2403 ᾅδου,

1894 2333 2058 2406 manu
2086 2353 2265 2422 inferi,

282 2425 372 2477 3i.
413 2427 578 2480 Ὅταν
614 2429 861 2504 λαμϐάνῃ
899 2450 985 2502 με.
1259 2517 1263 2519 Δ

1259 2517 1263 2519 Δ
1967 2443 2056 2498 54.
2087 2443 2223 2500 Cum
2259 2450 2528 2519 acceperit
2558 2467 2662 2506 me.

281 2518 370 2571 55.
405 2521 494 2590 Μὴ
526 2521 710 2588 φοϐοῦ,
739 2523 863 2576 ὅταν
891 2525 1169 2599 πλουτήσῃ
1195 2517 1500 2600 ἄνθρωπος,

1962 2534 2049 2589 55.
2079 2535 2156 2592 Ne
2190 2517 2440 2598 timueris
2491 2561 2618 2599 eum
2655 2546 2808 2602 dives
2851 2546 3030 2604 factus
3073 2549 3236 2606 fuerit
3268 2550 3461 2616 homo,

276 2611 364 2663 56.
399 2613 464 2663 Ἦ
496 2613 620 2666 ὅταν
651 2614 925 2688 πληθυνοῇ
957 2620 989 2688 ἡ
1019 2618 1141 2686 δόξα
1172 2622 1264 2675 τοῦ
1301 2625 1450 2676 οἴκου
1487 2626 1672 2680 αὑτοῦ.

1961 2623 2049 2678 56.
2080 2626 2189 2681 Aut
2238 2645 2363 2689 cum
2414 2634 2770 2704 multiplicata
2805 2634 2989 2692 luerit
3037 2638 3208 2708 gloria
3265 2611 3462 2694 domus

1887 2727 2029 2782 ejus.

278 2812 355 2883 (a)
389 2811 467 2868 Ita
495 2815 615 2869 cod.
651 2814 817 2872 Vatic.

1326 2974 1692 3032 A'I‘IIANASII
1733 2973 2323 3035 INTERI’RETATIO.

274 3129 362 3182 21.
395 3129 504 3181 Καὶ
535 3131 591 3180 ἐν
613 3132 730 3191 ταῖς
757 3129 1052 3198 ἁμαρτίαις
1080 3133 1258 3186 αὐτῶν
1287 3132 1699 3189 ἀποΟανοῦνται.
1805 3139 1848 3195 C.

1392 3132 1699 3189 ιΟανοῦνται.
1805 3139 1848 3195 G
1951 3135 2039 3190 2L
2079 3136 2141 3191 Et
2176 3138 2229 3191 in
2268 3141 2504 3222 peccatis
2533 3141 2649 3196 suis
2677 3143 2995 3198 morientur.

269 3219 360 3271 22.
405 3219 468 3269 'll
502 3217 766 3287 νέκρωσις
805 3218 981 3271 αὐτῶν
1010 3223 1087 3282 εἰς
1122 3221 1210 3273 τὸν
1238 3221 1408 3275 αἰῶνα
1432 3221 1526 3274 τοῦ
1557 3223 1770 3287 αἰῶνος.

1568 3223 1770 3287 ιὶὦνος.
1954 3225 2044 3279 22.
2079 3226 2335 3282 Interitus
2359 3217 2548 3285 eorum
2587 3233 2640 3286 in
2674 3237 2934 3290 smculum
2967 3236 3171 3292 saeculi.

268 3311 360 3365 25.
395 3312 854 3382 Περιεττοιήσαντο
881 3316 976 3377 τὰς
1005 3318 1197 3386 γηῖνας
1226 3318 1417 3386 ἡδονὰς
1446 3320 1612 3388 αὐτῆς
1639 3320 1734 3388 (I).

1708 3336 1734 3373 μ,
1951 3314 2038 3370 25.
2076 3318 2544 3388 Comparaverunt
2577 3324 2680 3377 sibi
2711 3334 2956 3380 terrenas
2984 3327 3311 3396 voluptates.

268 3404 358 3457 2i.
391 3405 503 3456 Καὶ
534 3407 633 3458 οὐκ
669 3407 1004 3474 ἐπέγνωσαν,
1030 3411 1110 3462 ὅτι
1148 3412 1268 3464 κατ’
1297 3411 1481 3465 εἰκόνα
1516 3411 1650 3464 Θεοῦ
1686 3429 1773 3478 γε-

1951 3406 2043 3463 24.
2089 3409 2152 3463 Et
2205 3427 2315 3466 non
2365 3427 2772 3484 cognoverunt,
2825 3419 2970 3489 quod
3012 3422 3310 3476 secundum
3357 3420 3451 3478 Del

196 3498 477 3568 γένηνται.

1879 3500 2169 3571 imaginem
2196 3503 2326 3558 facti
2357 3515 2502 3559 sunt.

402 3590 537 3644 Ἀλλ’
571 3592 646 3654 ὼς
674 3593 826 3643 ἵπποι
853 3591 1176 3663 Οηλυμανεῖς
1201 3595 1503 3665 εὑρέθησαν
1532 3596 1628 3653 (2ὶ.

1944 3591 2033 3644 25.
2070 3591 2174 3645 Sed
2205 3594 2370 3646 veluti
2415 3596 2540 3664 equi
2593 3596 2648 3649 in
2699 3597 2929 3653 feminas
2980 3602 3315 3659 insanientes
3363 3605 3447 3658 in-

1876 3682 2020 3734 venti
2046 3691 2174 3736 sunt

266 3763 356 3818 26.
401 3765 464 3817 Ἢ
512 3767 689 3838 τρυφὴ
734 3769 826 3821 καὶ
863 3770 1045 3840 ἀπάτη
1078 3771 1168 3824 τοῦ
1212 3772 1328 3843 βίου
1360 3775 1554 3828 τούτου
1602 3782 1766 3844 παγὶς

1944 3774 2032 3828 26.
2070 3775 2285 3832 Delicim
2312 3787 2365 3832 et
2396 3779 2664 3836 illecebrae
2696 3782 2859 3852 hujus
2881 3785 3002 3839 vita:
3033 3787 3266 3857 laqueus
3289 3789 3443 3860 ipsis.

192 3858 395 3921 αὐτοῖς.

263 3950 352 4004 27.
385 3952 494 4003 Καὶ
521 3952 659 4020 μετὰ
684 3952 854 4006 ταῦτα
876 3955 974 4024 τὴν
1003 3957 1285 4027 σπατάλην
1307 3959 1398 4011 τοῦ
1432 3960 1545 4013 ϐίου
1576 3963 1762 4015 τούτου

1735 3982 1762 4014 υ
1940 3948 2029 4002 27.
2056 3949 2120 4004 Et
2152 3961 2271 4020 post
2301 3954 2414 4008 hzec
2435 3955 2624 4008 luxum
2653 3956 2816 4026 hujus
2842 3959 3024 4013 saeculi
3054 3961 3334 4016 amabunt.

191 4040 481 4109 ὲράσουσιν
517 4042 614 4110 (5).

261 4130 353 4183 28.
397 4131 485 4192 Ὠς
528 4131 698 4199 ἄλογα
748 4132 861 4196 ζῶα
911 4135 976 4204 τῇ
1033 4134 1189 4205 ήδονῆ
1238 4136 1332 4189 τοῦ
1379 4137 1493 4207 βίου
1541 4141 1764 4203 ἑαυτοὺς

1939 4123 2029 4177 28.
2059 4122 2127 4177 Ut
2155 4125 2311 4180 bruta
2346 4129 2600 4185 animalia
2633 4134 3003 4204 voluptatibus
3040 4138 3162 4193 vitae
3191 4154 3250 4195 se
3293 4139 3440 4210 ipsos

189 4222 535 4292 παρέδωκαν.

1866 4215 2235 4273 tradiderunt.

261 4313 352 4366 29.
378 4313 617 4376 Θάνατος
646 4314 822 4367 αὐτῶν
856 4315 1152 4387 κυριεύσει.

1130 4355 1152 4370 ν,
1938 4308 2029 4361 29.
2063 4309 2207 4365 Mors
2233 4311 2312 4366 eis
2342 4311 2733 4369 dominabitur.

259 4404 349 4458 50.
379 4407 442 4457 υἱ
471 4406 611 4473 ᾶγιοι
643 4407 736 4458 τοῦ
761 4407 895 4460 Θεοῦ
923 4408 1196 4478 κρινοῦσιν
1229 4409 1423 4471 αὐτοὺς
1455 4412 1512 4466 ὲν
1541 4413 1606 4478 τῇ
1633 4412 1760 4463 ἀνα-
1854 4438 1859 4444 -

1854 4438 1859 4444 .
1936 4397 2026 4453 :50.
2061 4398 2242 4455 Sancti
2288 4401 2381 4456 Dei
2432 4403 2754 4473 iudicabunt
2789 4421 2884 4462 eos
2921 4407 2974 4460 in
3015 4413 3434 4471 resurrectione.

191 4496 398 4548 στάσει.
1787 4496 1836 4554 D

257 4587 348 4640 5|.
380 4587 489 4641 Καὶ
517 4590 550 4658 ἡ
587 4588 748 4658 σοφία
781 4589 872 4643 καὶ
906 4592 935 4642 ὁ
978 4589 1205 4654 πλοῦτος
1236 4593 1412 4644 αὐτῶν
1445 4595 1540 4646 σὺν
1575 4596 1760 4661 αὐτοῖς

1927 4599 2017 4655 51.
2049 4599 2114 4654 Ει
2138 4602 2426 4671 sapientia,
2452 4615 2505 4660 et
2530 4605 2735 4663 divitiae
2760 4623 2947 4664 eorum
2975 4625 3100 4665 cum
3121 4612 3254 4681 ipsis
3277 4629 3435 4671 erunt

187 4684 268 4740 εἴη
299 4684 377 4746 εἰς
405 4682 702 4736 ἀπώλειαν.

1860 4692 1917 4746 in
1945 4693 2326 4762 perditionem.

255 4775 344 4829 52.
371 4775 484 4830 Καὶ
511 4775 607 4845 τῆς
639 4774 925 4840 υἱοθεσίας,
983 4768 1052 4849 ἧς
1091 4778 1235 4846 εἰχον
1265 4777 1325 4829 τὸ
1357 4778 1634 4850 πρότερον,
1669 4781 1757 4845 ἐξ-

1929 4780 2016 4834 52.
2053 4781 2118 4836 Ει
2159 4784 2228 4838 ab
2266 4785 2576 4856 adoptione,
2607 4802 2771 4858 quam
2812 4798 2970 4844 antea
3015 4792 3305 4865 habebant,
3332 4815 3428 4854 ex—

184 4865 408 4920 ἔπεσαν.

1859 4872 2126 4927 ciderunt.

256 4961 343 5016 55.
372 4960 564 5030 Ὅμως
601 4960 628 5016 ὁ
661 4959 792 5022 Θεὸς
825 4956 1163 5031 λυτρὼσεται
1193 4958 1291 5033 τὴν
1333 4959 1508 5032 ψυχήν
1552 4977 1651 5032 μοι)
1686 4964 1749 5016 ἐκ

1927 4963 2014 5015 55.
2048 4962 2431 5021 Verumtamen
2463 4966 2606 5024 Deus
2639 4969 2888 5026 liberabit
2916 4973 3151 5030 animam
3185 4992 3363 5035 meam
3398 4997 3428 5035 c

183 5055 277 5124 τῆς
308 5052 581 5124 ἁμαρτίας
606 5050 700 5105 τοῦ
727 5051 978 5106 θανάτου.

727 5051 978 5106 θανάτου.
1857 5064 2081 5122 peccato
2105 5058 2315 5112 mortis.

254 5146 342 5199 54.
381 5146 550 5197 Ὅταν
576 5141 938 5216 περιποιεῖται
977 5163 1065 5214 με.

1054 5186 1065 5198 ,
1927 5148 2015 5202 54.
2046 5147 2183 5203 Cum
2215 5153 2521 5219 possederit
2544 5172 2648 5211 me.

253 5237 341 5289 55.
378 5235 468 5306 Μὴ
497 5233 683 5302 φοϐοῦ,
713 5236 838 5287 ὅταν
868 5233 1086 5304 εὐθηνεί
1116 5236 1419 5306 ἄνθρωπος.

1929 5237 2016 5291 55.
2053 5237 2130 5293 Ne
2171 5241 2382 5307 timeas,
2412 5259 2537 5298 cum
2568 5256 2919 5315 prosperatur
2951 5245 3133 5300 homo.

249 5325 336 5378 56.
371 5327 442 5377 "H
469 5327 595 5378 ὅταν
623 5324 894 5394 ἀξιώμασι
927 5325 1020 5378 καὶ
1049 5329 1233 5396 τιμαῖς
1278 5327 1558 5396 μεγίσταις
1599 5344 1746 5398 περι-

1923 5329 2009 5384 56.
2049 5330 2114 5384 Ει
2143 5348 2268 5386 cum
2301 5334 2496 5391 domus
2529 5337 2648 5406 ejus
2675 5338 3028 5410 dignitatibus
3069 5347 3124 5393 et
3169 5339 3422 5396 maximis

180 5417 434 5486 ϐέϐληται
467 5419 496 5469 ὁ
521 5412 667 5478 οἶκος
692 5416 880 5471 αὑτοῦ.

1851 5417 2155 5475 honoribus
2181 5423 2517 5480 circumdata
2541 5437 2641 5481 est.

1128 5590 1433 5654 Addenda
1483 5599 1542 5653 et
1574 5591 1950 5672 corrigenda
1982 5611 2057 5656 ex
2090 5596 2230 5658 cod.
2266 5598 2464 5664 Vatic.

263 5756 326 5832 (ll
363 5759 633 5832 ῙΕαιξῖοῖςο
1925 5761 2000 5830 (δ)
2039 5758 2321 5832 Ἐρωνται.

261 5827 328 5904 (2)
360 5827 702 5897 Ηύρέοησαν.

416 5925 686 5988 Pnnot.
729 5922 848 5984 tia.
895 5920 1159 5985 XXVII.

3044 5926 3119 5986 27
