4060 6436
623 330 729 390 863
1433 337 1488 392 8.
1530 336 1903 393 ATHANASII
1952 336 2103 392 OPP.
2151 337 2226 392 PA

2271 336 2331 391 lS
2376 334 2467 389 Ill.
2500 366 2565 376 —
2602 333 3019 391 EXEGETICA.
3774 332 3874 386 844

701 451 787 507 57.
821 450 1087 518 Quoniam
1145 467 1268 507 cum
1317 451 1586 508 interierit
1640 453 1775 523 ipse,
1840 470 1948 508 non
2010 456 2270 513 sumetA

2269 506 2270 511 η
2364 450 2452 503 57.
2488 450 2609 502 Ὅτι
2638 450 2735 502 οὐκ
2767 451 2824 501 ὲν
2848 448 2925 518 τῷ
2959 448 3325 520 ἀποθνήσκειν
3358 446 3520 503 αὑτὸν
3549 446 3779 518 λήψεται
3805 453 3872 504 τὰ

633 545 837 607 omnia,

2307 542 2502 604 πάντα,

699 632 788 687 58.
817 631 1001 704 Neque
1033 634 1320 690 dcscendct
1368 651 1491 692 cum
1534 652 1600 691 eo
1632 638 1803 708 gloria
1842 637 1962 707 ejus
1992 637 2194 709 [gloria

2374 633 2463 687 58.
2508 633 2642 686 Οὐδὲ
2703 633 3179 703 συγκαταϐήσεται
3237 630 3388 702 αὐτῷ
3442 632 3476 702 ή
3528 631 3659 698 δόξα
3709 632 3872 687 αὑτοῦ

632 725 826 780 domus
848 724 1010 798 ejus].

2304 723 2452 797 [δόξα
2479 724 2571 778 τοῦ
2602 725 2749 779 οἴκου
2780 724 2990 796 αύτοῦ].

700 815 791 871 59.
821 814 959 881 Quia
989 818 1171 872 anima
1212 818 1329 887 ejus
1359 818 1412 872 in
1456 819 1562 873 vita
1612 819 1785 874 iusius
1817 818 2191 885 benedicetur,

2370 816 2587 871 59.“Οτι
2622 820 2656 888 ή
2703 818 2847 890 ψυχὴ
2890 816 3053 871 αὑτοῦ
3092 818 3150 870 ἐν
3188 816 3255 886 τῇ
3297 813 3410 886 ζωῇ
3428 815 3593 869 αὑτοῦ
3637 816 3871 887 εὐλογη-

1700 978 1713 985 μ
2301 909 2545 979 θήσεται,

701 998 787 1055 40.
819 997 1170 1053 Conﬁtebitur
1194 998 1290 1052 tibi
1321 1014 1443 1052 cum
1482 997 1814 1054 benel‘eceris
1836 998 1907 1054 ei.

2372 1000 2459 1053 40.
2505 999 2981 1072 Ἐξομολογήσεταί
3010 1018 3111 1067 σοι,
3144 1002 3273 1055 ὅταν
3304 1001 3583 1072 ἀγαθύνῃς
3607 998 3786 1054 αὐτόν.

700 1085 785 1139 41.
818 1082 1066 1139 lntroibit
1088 1086 1337 1154 usquciin
1360 1087 1667 1155 progeniem
1697 1096 1913 1157 patrum
1933 1100 2189 1153 suorum,

2121 1102 2189 1153 ω,
2372 1094 2459 1147 41.
2491 1094 2867 1147 Εἰσελεύσεται
2894 1093 3000 1157 ἓως
3028 1096 3220 1162 γενεᾶς
3252 1096 3509 1165 πατέρων
3540 1091 3724 1159 αὑτοῦ,

698 1175 784 1229 42.
820 1174 999 1245 Usque
1024 1176 1075 1229 in
1104 1186 1364 1230 aeternum
1397 1191 1504 1229 non
1546 1177 1743 1231 videbit
1771 1177 1973 1231 lumen.

1771 1177 1973 1231 lumen.
2369 1186 2458 1239 42.
2490 1188 2632 1251 Ἕως
2664 1186 2859 1249 αἰῶνος
2886 1187 2986 1239 οὐκ
3009 1186 3198 1255 ὄψεται
3229 1186 3363 1255 φῶς.

695 1267 780 1320 45.
818 1265 884 1322 Ει
926 1267 1091 1321 homo
1123 1268 1316 1320 cumin
1360 1268 1563 1320 honore
1602 1277 1766 1325 esset.
1814 1282 1923 1321 non
1976 1265 2191 1323 intelle-

2042 1265 2191 1323 ῐθηε-
2367 1278 2457 1332 45.
2487 1279 2594 1331 Καὶ
2626 1279 2930 1350 ἄνθρωπος,
2957 1280 3013 1332 ὲν
3039 1282 3172 1349 τιμῇ
3207 1278 3303 1343 ῶν,
3330 1280 3388 1331 ού
3420 1280 3614 1350 συνῆκε
3632 1296 3645 1309 ·

622 1370 720 1412 χιι.

696 1450 780 1504 44.
812 1449 1171 1520 Comparatus
1199 1460 1283 1505 est
1303 1450 1567 1520 jumentis
1598 1448 2006 1518 insipientibus,
2032 1456 2086 1503 et
2110 1446 2186 1503 si-

2367 1451 2455 1504 44.
2500 1450 2959 1522 Παρασυνεϐλήοη
3008 1455 3118 1515 τοῖς
3162 1454 3383 1523 κτήνεσι
3426 1457 3537 1516 τοῖς
3586 1453 3834 1524 ἀνοήτοις

622 1540 768 1595 milis
801 1540 977 1597 factus
1005 1551 1087 1597 est
1111 1544 1236 1597 illis.

2295 1541 2388 1595 καὶ
2422 1542 2676 1614 ὡμοιώθη
2712 1544 2916 1606 αὐτοῖς.

943 1632 1192 1688 Psalmus
1217 1638 1411 1706 Asaph.
1440 1636 1638 1691 PSAL.
1672 1634 1875 1689 XLIX.

2590 1636 2833 1704 Ψαλμὸς
2867 1634 2945 1701 τῷ
2987 1636 3193 1705 Ἀσάφ.
3238 1640 3411 1691 ΨΑΛ.
3439 1639 3552 1690 MO’

692 1724 744 1777 1.
780 1722 923 1778 Deus
966 1725 1188 1780 deorum
1220 1727 1482 1783 Dominus
1506 1729 1722 1783 loeutus
1757 1737 1859 1795 est,
1890 1736 1945 1782 et
1972 1727 2187 1783 vocavit

2377 1729 2423 1782 1.
2454 1728 2585 1792 Θεὸς
2627 1729 2764 1782 θεῶν
2813 1732 3014 1795 Κύοιος
3056 1732 3306 1801 ἐλάλησε,
3357 1733 3449 1786 καὶ
3497 1733 3720 1786 ἐκάλετε
3765 1734 3867 1801 τὴν

621 1821 852 1869 terram.
2225 1825 2267 1880 Β
2296 1823 2422 1893 γῆν,

689 1900 742 1953 2.
777 1902 860 1957 ΑΙ)
889 1912 1009 1958 ortu
1044 1904 1173 1961 solis
1199 1920 1370 1974 usque
1398 1905 1464 1959 ad
1496 1920 1773 1960 occasum.

2361 1915 2416 1969 2.
2462 1916 2591 1969 Ἀπὸ
2616 1915 2885 1970 ἀνατολῶν
2917 1917 3066 1989 ήλίου
3103 1919 3264 1990 μέχρι
3293 1918 3529 1989 δυσμῶν.

688 1992 742 2046 5-
774 1991 852 2047 Ex
882 1994 1013 2050 Siun
1040 1997 1246 2065 SPCCieS
1272 1997 1483 2052 decoris
1509 1997 1630 2066 eius
1662 2015 1675 2050 ἒ
2358 2007 2410 2061 5.
2460 2010 2553 2061 Ἐκ
2580 2008 2719 2061 Σιὼν
2750 2013 2783 2081 ή
2819 2011 3120 2082 εὐπρέπεια
3144 2012 3245 2081 τῆς
3277 2012 3604 2082 ὠραιότητος
3638 2008 3804 2061 αὑτοῦ

687 2083 742 2138 4.
773 2082 915 2139 Deus
943 2086 1227 2139 manilcste
1253 2088 1449 2154 veniet,
1488 2085 1629 2143 Deus
1663 2094 1871 2155 noster,

2360 2096 2413 2150 4.
2460 2097 2517 2151 '0
2545 2098 2677 2162 Θεὸς
2707 2100 2964 2170 ἐμφανῶς
2997 2100 3135 2170 ἥξει,
3163 2104 3191 2155 ὁ
3220 2103 3349 2167 Θεὸς
3384 2101 3458 2173 (u)
3486 2101 3660 2170 ἡμῶν,

690 2173 725 2227 5
779 2172 843 2228 Et
868 2190 973 2229 non
1009 2177 1209 2232 silebit.

2367 2188 2417 2241 5.
2452 2189 2563 2241 Kal.
2589 2190 2651 2242 οὐ
2682 2195 3188 2263 παρασιωπήσεται.

693 2264 738 2317 6.
768 2264 912 2335 Ignis
936 2267 989 2321 in
1019 2278 1310 2339 conspectu
1336 2270 1453 2339 ejus
1476 2269 1795 2326 cxardescct
1820 2289 1834 2324 :

1820 2289 1834 2324 ε
2365 2278 2419 2334 6.
2456 2280 2573 2351 Πῦρ
2607 2280 2833 2335 ἐνώπιον
2863 2284 3027 2337 αὑτοῦ
3054 2284 3381 2354 καυθήσεται

726 2393 742 2410 .
771 2354 835 2410 Et
862 2357 915 2410 in
942 2358 1169 2413 circuitu
1200 2360 1315 2428 ejus
1352 2371 1645 2429 tempestas
1667 2361 1867 2415 valida.

2362 2368 2417 2423 7.
2450 2371 2560 2424 Καὶ
2585 2371 2768 2444 κύκλῳ
2795 2374 2960 2428 αὐτοῦ
2985 2376 3237 2445 καταιγὶς
3272 2375 3495 2445 σφοδρά.

693 2529 763 2600 (a)
792 2531 947 2586 Vers.
980 2534 1034 2596 5,
1077 2533 1134 2584 '0
1162 2534 1312 2597 Θεός,
1348 2544 1476 2601 etc.,
1510 2541 2017 2613 παρασιωπήσεται.

1726 2696 2102 2753 ATHANASII
2130 2697 2727 2756 INTERPRETATIO.

685 2864 772 2927 57,
808 2866 895 2920 58.
929 2865 1080 2919 Nihil
1114 2870 1251 2921 enim
1276 2869 1554 2924 intulimus
1596 2872 1651 2923 in
1695 2874 1995 2939 mundum;
2036 2875 2177 2929 haud

2351 2878 2442 2945 57,
2469 2877 2559 2934 58.
2579 2876 2771 2932 Οὐδὲν
2816 2876 2927 2947 γὰρ
2959 2877 3395 2948 εισηνέγκαμεν
3421 2881 3498 2947 (1)
3518 2882 3605 2944 εὶς
3630 2880 3739 2935 τὸν
3764 2884 3840 2936 κί

614 2958 849 3018 dubium,
882 2960 1017 3028 quod
1050 2976 1138 3011 nec
1162 2962 1369 3029 auferre
1400 2963 1527 3030 quid
1552 2964 1839 3031 poterimus
1866 2966 1932 3019 ⁸⁷.

2281 2983 2459 3039 σμον·
2493 2970 2705 3041 δῆλον,
2725 2972 2813 3025 ὅτι
2837 2971 2977 3026 οὐδὲ
2997 2972 3334 3042 ἐξενεγκεῖν
3364 2990 3417 3026 τι
3450 2973 3838 3043 δυνησόμεθα

684 3049 773 3104 59.
803 3049 1070 3115 Quoniam
1118 3053 1299 3105 anima
1342 3053 1462 3123 ejus
1513 3054 1569 3108 in
1618 3056 1722 3111 hoc
1767 3058 1966 3115 saeculo
2018 3059 2177 3116 beata

2352 3058 2441 3113 59.
2474 3059 2598 3113 ’ὐτι
2629 3063 2662 3131 ή
2691 3060 2838 3131 ψυχὴ
2884 3062 3047 3115 αὐτοῦ
3091 3065 3148 3117 ἐν
3190 3063 3267 3133 τῷ
3298 3062 3392 3116 νῦν
3433 3062 3588 3116 αἰῶνι
3622 3081 3864 3134 μακαοι·

612 3141 1017 3211 ριἐεάίοηὺίιυν.

961 3159 1017 3195 ll‘.
2281 3150 2564 3223 σθήσεται.

680 3233 769 3288 40.
797 3233 1156 3289 Conﬁtebitur
1192 3236 1289 3289 tibi
1325 3237 1378 3289 in
1415 3238 1637 3302 'udicio,
1685 3254 1809 3293 cum
1858 3240 2177 3299 humiliabis

2353 3243 2442 3297 40.
2488 3243 2969 3315 Ἐξομολογήσεται
2999 3262 3079 3298 σοι
3104 3246 3162 3299 ὲν
3189 3249 3254 3318 τῇ
3285 3247 3483 3319 κρίσει,
3512 3247 3639 3301 ὅταν
3667 3264 3864 3302 ταπειν-

612 3338 759 3378 eum.

2281 3332 2475 3398 νώσεις
2504 3335 2688 3390 αὐτόν.

681 3414 770 3469 41.
809 3410 1075 3468 Tradetur
1109 3412 1254 3465 enim
1289 3413 1342 3466 in
1388 3414 1567 3469 locum
1605 3415 1809 3472 diaboli
1857 3427 1913 3475 et
1954 3421 2176 3493 angelo-

2354 3424 2444 3478 41.
2478 3425 2920 3498 Παραδοθήσεται
2951 3425 3058 3499 γὰρ
3081 3429 3158 3490 εις
3187 3428 3278 3481 τὸν
3304 3429 3464 3482 τόπον
3496 3428 3589 3482 τοῦ
3613 3430 3862 3485 διαϐόλςυ

613 3521 733 3560 rum
768 3505 908 3575 ejus.

2286 3512 2378 3566 καὶ
2406 3512 2515 3567 τῶν
2550 3515 2797 3585 ἀγγέλων
2828 3516 3012 3570 αὐτοῦ.

678 3598 767 3652 42.
808 3596 898 3652 Est
923 3598 1067 3652 enim
1099 3597 1152 3652 in
1190 3598 1428 3653 tenebris
1460 3601 1826 3658 exterioribus
1861 3602 1927 3657 "‘.

2356 3607 2448 3661 42.
2485 3609 2578 3673 Εἰς
2604 3611 2666 3663 τὸ
2701 3612 2889 3674 σκότος
2918 3610 3024 3681 γάρ
3053 3612 3168 3663 ἐστι
3201 3609 3278 3681 (2)
3308 3612 3369 3663 τὸ
3395 3610 3678 3682 ἐξώτερον.

678 3686 766 3741 43.
799 3684 934 3740 Nam
956 3702 1081 3741 cum
1102 3697 1249 3743 esset
1270 3688 1567 3743 secundum
1590 3690 1681 3745 Dei
1716 3692 2031 3761 imaginem,
2072 3708 2181 3750 non

2351 3699 2440 3754 45.
2473 3701 2609 3754 Κατ’
2642 3703 2827 3755 εἰκόνα
2871 3702 2981 3773 γὰρ
3030 3702 3165 3754 Θεοῦ
3215 3702 3325 3768 ῶν,
3371 3702 3469 3755 οὑκ
3517 3702 3737 3771 ἐπέγνω
3768 3704 3864 3758 τὸν

612 3778 866 3847 cognovit
890 3776 1153 3832 factorem
1184 3793 1366 3832 suum.

1199 3794 1366 3832 suum.
2281 3791 2587 3862 ποιήσαντα
2624 3793 2802 3846 αὐτόν.

680 3863 769 3917 44.
804 3863 1009 3919 Similis
1058 3866 1309 3919 inventus
1348 3875 1432 3922 est
1465 3867 1729 3937 jumentis
1775 3872 2177 3929 recalcitranti-

2348 3881 2439 3936 44.
2470 3884 2613 3948 Ἰσος
2641 3884 2834 3956 εὑρέθη
2859 3884 2965 3937 τῶν
2992 3883 3445 3956 ἁποσκιρτώντων
3471 3886 3565 3939 κα)⁸
3585 3888 3862 3944 ἀποστάν-

610 3957 735 4025 bus,
760 3966 812 4011 et
836 3957 1228 4011 resilientibus.

1062 3957 1228 4011 tibus.
2280 3991 2389 4027 των
2422 3976 2657 4048 κτηνῶν.

691 4073 763 4169 Ἡ,
800 4073 1127 4169 προκειμέγη
1172 4074 1450 4143 ἐπιγραφὴ
1496 4077 1734 4146 περιέχει
1781 4081 1893 4151 (5)ο
1934 4087 2175 4156 Ψαλμὸς
2203 4091 2283 4157 τῷ
2324 4094 2526 4164 Ἀσὰφ,
2565 4097 2808 4149 τουτέστι
2835 4095 3047 4167 ψαλμδς
3084 4094 3158 4167 (4)
3195 4094 3272 4166 τῷ
3310 4098 3492 4169 κριτῇ.
3536 4097 3718 4169 Ἀσὰςο
3746 4100 3857 4169 γὰο

609 4162 816 4230 κριτὴς
841 4161 1220 4233 ἑρμηνεύεται.

682 4253 894 4308 Titulus
924 4253 1212 4322 inscriptus
1242 4252 1481 4353 continet
1516 4271 1528 4306 :
1566 4253 1811 4308 Psalmus
1839 4261 2038 4327 Asaph,
2083 4262 2186 4318 hoc
2213 4277 2296 4322 est
2340 4270 2583 4339 psalmus
2610 4271 2806 4327 Judici.
2848 4276 3023 4345 Asaph
3071 4279 3216 4332 enim
3251 4280 3413 4347 iudex
3443 4280 3857 4353 interpretatur.

682 4349 734 4414 1,
768 4349 822 4401 2.
855 4346 997 4402 Deus
1044 4347 1324 4402 hominum
1372 4347 1638 4403 Dominus
1680 4364 1777 4419 per
1823 4354 2193 4420 prmdicatio-'

2356 4364 2407 4430 1,
2439 4366 2493 4420 2.
2524 4367 2655 4431 Θεὸς
2698 4371 2726 4422 ό
2755 4369 2862 4423 τῶν
2908 4371 3206 4442 ἀνθρώπων
3256 4376 3459 4446 Κύριος
3492 4346 3722 4450 ὲλάλήσε
3764 4382 3859 4437 διὰ

610 4458 732 4497 nem
763 4442 978 4496 locutus
1015 4448 1116 4501 est,
1150 4450 1204 4495 et
1230 4442 1442 4495 vocavit
1484 4457 1674 4497 omnes
1721 4444 1789 4497 ad
1820 4446 1979 4502 iidem
2009 4464 2167 4506 suam

2280 4455 2374 4509 τοῦ
2408 4460 2773 4531 κηρύγματος,
2813 4463 2906 4516 καὶ
2940 4464 3161 4518 ἐκάλεσε
3194 4466 3399 4532 πάντας
3432 4472 3511 4533 εἰς
3534 4472 3632 4543 τὴν
3656 4474 3856 4530 ἑαυτοῦ

608 4533 672 4588 at
708 4541 830 4588 ortu
859 4532 992 4587 solis
1022 4546 1194 4601 usque
1219 4531 1285 4586 ad
1310 4547 1592 4587 occasum.
2208 4574 2211 4581 .

2208 4573 2251 4627 D
2280 4547 2461 4602 πίστιν
2493 4550 2599 4603 ἀπὸ
2626 4552 2895 4607 ἀνατολῶν
2924 4556 3075 4625 ήλξου
3109 4557 3212 4620 ἓως
3238 4558 3479 4630 δυσμῶν.

681 4626 733 4681 5.
760 4625 802 4678 E
824 4626 975 4681 cmlis
1005 4626 1266 4683 adventus
1285 4626 1475 4697 gratiae
1503 4626 1643 4696 cjus.
2209 4625 2232 4627 “

2225 4625 2232 4627 ’
2352 4639 2405 4692 5.
2447 4640 2539 4693 Ἐκ
2556 4641 2663 4694 τῶν
2684 4643 2925 4713 οὐρανῶν
2949 4648 2981 4717 ή
3008 4649 3277 4718 παρουσία
3300 4625 3399 4720 τής
3420 4650 3643 4721 χάριτος
3659 4652 3828 4709 αὐτοῦ

680 4716 733 4770 4.
768 4717 828 4770 ln
861 4718 1325 4773 consummatione
1350 4719 1533 4773 saeculi
1559 4734 1749 4774 rursus
1776 4722 1975 4776 veniet.

2351 4729 2403 4783 4.
2446 4732 2535 4783 Ἐν
2560 4735 2625 4802 τῇ
2659 4734 2935 4807 συντελείᾳ
2961 4716 3121 4792 πάλιν
3146 4740 3239 4793 τοῦ
3271 4716 3465 4806 αἰῶνός
3495 4716 3625 4815 ἔλθη
3657 4744 3758 4816 (5).

678 4804 731 4859 5.
760 4803 1063 4875 Redarguet
1083 4807 1226 4861 enim
1254 4823 1444 4863 omnes
1474 4818 1805 4878 peccatores.

2352 4820 2403 4874 5.
2448 4821 2679 4891 Ἐλέγξει
2711 4825 2818 4898 γὰρ
2844 4803 3050 4893 πάντας
3070 4831 3197 4894 τοὺς
3229 4803 3630 4903 ἡμαρτηκόταςῖ

678 4894 733 4949 6.
761 4892 988 4951 Flumen
1014 4907 1068 4951 et
1095 4897 1244 4951 lacus
1271 4899 1431 4968 ignis.

2351 4911 2403 4963 6.
2446 4912 2503 4966 Ὀ
2530 4892 2769 4986 ποταμός
2787 4892 2894 4971 Ἷκαὶ
2927 4921 2959 4989 ή
2988 4920 3150 4993 λίμνη

682 4987 731 5041 7.
762 4986 967 5043 Ventus
997 4989 1286 5046 vehemens
1320 4993 1492 5063 magis
1532 4994 1815 5063 magisque
1861 4995 2165 5052 accendens

2350 5003 2401 5056 7.
2435 5006 2665 5077 ’Ἄνεμος
2693 5010 2919 5081 σφοδρὸς
2949 4986 3207 5076 -ὲξὸιπτῶν
3236 4986 3499 5085 μειζόνως
3541 5018 3639 5089 τὴν
3673 5018 3854 5090 φλόγα

606 5080 882 5134 ﬂammam
909 5080 1048 5151 ignis
1072 5082 1238 5137 illius.

1224 5122 1238 5137 ,
2276 5092 2368 5144 τοῦ
2404 5096 2572 5166 πυρὸς
2597 5098 2824 5152 ἐκείνου.

679 5250 721 5281 ⁸⁷
759 5250 780 5303 Ι
814 5250 951 5305 Tim.
994 5269 1066 5316 vn,
1120 5254 1171 5308 7.
1247 5255 1534 5327 "LMalth.
1589 5274 1706 5321 \‘Ill,
1738 5260 1841 5329 l2;
1897 5276 2036 5328 xx",
2090 5264 2188 5332 l5;
2240 5284 2366 5335 xxv,
2399 5271 2486 5325 50.

1552 5417 1857 5480 Addenda
1888 5430 1949 5481 et
1979 5422 2353 5502 corrigenda
2406 5443 2483 5485 ex
2513 5428 2650 5489 cod.
2692 5429 2895 5491 Vatic.

682 5575 757 5671 gl)
788 5575 1183 5650 Εἱσενὲγκαμεν
1218 5581 1273 5632 ἐν
1315 5580 1390 5649 τῷ
1418 5582 1605 5651 κόσμῳ
1632 5623 1642 5635 .
1667 5624 1678 5637 .
1702 5622 1714 5636 .
1740 5624 1752 5635 .
1812 5585 1862 5636 τί
1889 5603 1969 5648 τις
2002 5586 2161 5648 δυνή-
2550 5589 2636 5671 όιὰ
2658 5591 2766 5671 ¹τῆς
2796 5594 3165 5668 κινναϐάρεως
3189 5614 3317 5671 περ.

610 5660 853 5729 σεται.-“

2347 5659 2420 5729 (4)
2458 5661 2703 5729 Ψαλμός
2726 5659 2901 5716 deest.

682 5716 757 5785 (2)
791 5716 995 5768 Ἔσται.

2346 5716 2419 5798 (3)
2454 5716 2631 5797 Ἕλθή
2664 5716 2813 5787 deest
2843 5733 2894 5786 in
2926 5735 3045 5790 cod.
