4060 6498
208 448 312 502 815
1092 442 1179 495 DE
1211 440 1488 496 TITULlS
1529 439 1978 498 PSAI.‘.\l0llUM.
2018 473 2086 484 —-
2115 440 2312 499 PSAL.
2357 444 2543 501 XLlX.
3343 442 3446 498 846

274 561 331 613 8.
363 558 794 630 Προσκαλέσεται
825 558 913 609 τὸν
953 556 1177 625 οὐρανὸν
1222 556 1333 609 ἄνω
1368 558 1460 609 καὶ
1496 556 1594 626 τὴν
1640 556 1765 624 γῆν,
1799 563 1845 619 Α

1536 556 1594 626 ὴν
1640 556 1765 624 γῆν,
1799 563 1845 619 Α
1942 558 1993 611 8.
2029 558 2323 614 Advocabit
2356 562 2552 615 coelum
2590 577 2806 616 sursum
2837 575 2886 617 et
2916 573 3139 631 terram,

274 650 332 704 9.
366 649 473 702 Τοῦ
500 649 766 720 διακρῖναι
796 648 886 700 τὸν
913 646 1040 701 λαὸν
1067 647 1250 700 αὐτοῦ.
1834 696 1837 697 ,

1834 696 1837 697 ,
1946 649 1997 703 9.
2036 647 2103 704 Ut
2134 650 2407 706 discernat.
2433 653 2687 721 populum
2720 671 2901 708 suum.

274 741 368 795 10.
405 741 742 808 Συναγάγετε
768 736 914 808 αὐτῷ
946 740 1071 799 τοὺς
1096 738 1274 801 ὁσίους
1307 736 1491 800 αὐτοῦ,

1328 736 1491 800 ιύτοῦ,
1946 741 2031 795 10.
2065 742 2408 814 Congregate
2432 744 2509 797 illi
2538 754 2761 799 sanctos
2791 747 2931 815 ejus,

276 833 367 885 11.
404 834 543 895 Τοὺς
582 830 983 900 διατιθεμένους
1023 829 1120 899 τὴν
1161 829 1424 900 διαθήκην
1474 828 1637 883 αὐτοῦ
1682 828 1775 884 ἐπὶ

1947 831 2031 887 11.
2068 831 2168 897 Qui
2196 834 2449 889 ordinant
2484 844 2862 891 testamentum
2900 838 3019 908 ejus
3061 857 3223 911 super
3268 844 3439 898 sacri-

202 926 442 989 θυσίαις.
1874 923 2019 978 ﬁcia.

278 1017 367 1070 12.
400 1016 510 1069 Ka‘t
554 1013 943 1084 ἀναγγελοῦσιν
979 1016 1027 1067 οἱ
1059 1014 1275 1084 οὐρανοὶ
1302 1014 1399 1085 τὴν
1430 1011 1773 1084 δικαιοσύνην

1595 1011 1773 1084 ισύνην
1948 1014 2032 1067 12.
2065 1011 2127 1067 Et
2159 1014 2554 1070 annuntiabunt
2583 1018 2701 1073 coeli
2730 1018 2999 1087 justitiam
3034 1020 3155 1090 ejus
3184 1039 3198 1076 :

203 1124 371 1158 αυτου
391 1123 405 1136 ⁸

276 1199 365 1252 15.
397 1198 518 1250 Ὀτι
545 1197 574 1248 6
606 1196 738 1258 Θεὸς
771 1197 965 1266 κριτής
989 1196 1158 1247 ἐστιν.

1948 1188 2031 1241 15.
2063 1188 2329 1253 Quoniam
2362 1189 2505 1245 Deus
2531 1193 2698 1260 judex
2728 1203 2834 1248 est.

280 1290 371 1344 14.
402 1291 685 1353 Ἄκουσον,
719 1287 845 1350 λαός
876 1304 998 1357 μου,
1029 1289 1122 1340 καὶ
1146 1286 1360 1357 λαλήσω
1392 1302 1493 1349 σοι,
1537 1282 1772 1357 Ἰσραὴλ,

1950 1279 2033 1335 14.
2065 1279 2226 1345 Audi,
2260 1282 2492 1351 populus
2520 1298 2693 1345 meus,
2728 1294 2781 1339 et
2815 1286 3009 1355 loquar
3038 1289 3153 1354 tibi,
3186 1289 3376 1354 Israel,

285 1382 375 1436 15.
406 1382 515 1434 Καὶ
534 1380 970 1451 διαμαρτύρομαι
1004 1395 1114 1431 σοι·

1055 1395 1114 1430 ιι·
1950 1372 2034 1426 15.
2063 1370 2131 1425 Ει
2159 1374 2486 1427 testiﬁcabor
2520 1375 2614 1428 tibi
2647 1393 2658 1427 :

284 1473 374 1525 10.
411 1474 467 1525 Ὀ
495 1472 626 1535 Θεὸς
649 1475 677 1525 6
700 1472 831 1533 Θεός
865 1470 959 1523 σου
985 1473 1101 1540 εἰμι
1126 1468 1254 1538 ἐγώ.

1247 1511 1254 1522 ,
1949 1464 2035 1519 16.
2068 1463 2210 1519 Deus
2244 1464 2385 1520 Deus
2417 1476 2542 1521 tuus
2574 1483 2674 1536 ego
2710 1485 2850 1526 smn.

280 1562 370 1615 17.
408 1563 521 1614 Οὐκ
548 1563 639 1614 ἐπὶ
663 1562 782 1622 ταῖς
807 1559 1017 1622 θυσίαις
1044 1576 1136 1611 σου
1164 1557 1365 1625 ἐλέγξω
1394 1574 1454 1610 σε
1474 1572 1489 1585 '

1948 1555 2034 1609 17.
2068 1554 2186 1610 Non
2216 1554 2271 1611 in
2303 1556 2585 1613 sacriﬁciis
2614 1560 2721 1615 tuis
2752 1578 2975 1628 arguam
3007 1573 3062 1619 te
3097 1581 3107 1617 :

281 1654 370 1708 18.
405 1654 486 1707 Τὰ
530 1654 587 1706 δὲ
636 1652 1061 1723 ὁλοκαυτώματὰ
1103 1669 1194 1706 σου
1238 1650 1468 1704 ἐνώπιόν
1510 1648 1611 1721 μού
1663 1649 1777 1702 ἐστι

1950 1648 2035 1702 18.
2069 1645 2395 1704 Holocausta
2421 1660 2597 1705 autem
2625 1662 2715 1706 tua
2740 1653 2791 1706 in
2822 1668 3112 1724 conspectu
3156 1674 3277 1715 meo
3314 1671 3440 1717 sunt

208 1744 520 1807 διαπαντός.

508 1783 520 1796 .
1878 1750 2111 1805 semper.

280 1840 367 1893 19.
398 1838 470 1889 Οὐ
497 1836 717 1906 δέξομαι
742 1837 804 1887 ὲκ
834 1833 926 1887 τοῦ
956 1835 1104 1887 οἴκου
1133 1850 1225 1885 σου
1253 1833 1510 1903 μόσχους,

1952 1829 2037 1882 19.
2070 1828 2188 1882 Νοη
2212 1830 2478 1900 accipiam
2511 1832 2577 1885 de
2605 1832 2768 1888 domo
2799 1846 2888 1889 tua
2923 1840 3134 1898 \llUlOs,

285 1930 372 1983 20.
410 1928 541 1981 Οὐδὲ
572 1930 636 1981 ὲκ
665 1928 771 1980 τῶν
801 1926 1061 1997 ποιμνίων
1093 1943 1182 1978 σου
1210 1926 1496 1996 χιμάρους.
1807 1916 1853 1975 Β

1380 1942 1496 1987 ους.
1807 1916 1853 1975 Β
1950 1921 2039 1977 20.
2072 1921 2253 1993 Neque
2277 1924 2344 1978 de
2372 1924 2623 1994 gregibus
2651 1928 2759 1980 tuis
2784 1929 2983 1986 hircus.

282 2026 371 2079 21.
400 2026 521 2077 Ὅτι
551 2024 661 2094 ἐμά
692 2024 808 2077 ἐστι
837 2023 1016 2075 πάντα
1048 2020 1116 2071 τὰ
1142 2019 1309 2089 θηρία
1330 2016 1423 2070 τοῦ
1452 2014 1645 2087 ἀγροῦ,

1956 2012 2043 2068 21.
2080 2013 2346 2081 Quoniam
2376 2031 2508 2072 meae
2538 2028 2666 2071 sunt
2698 2034 2886 2076 omnes
2918 2022 3044 2078 ferae
3073 2025 3351 2091 silvarum,

279 2118 373 2173 22.
408 2117 593 2187 Κτήνη
618 2119 677 2172 ὲν
698 2118 810 2179 τοῖς
833 2114 981 2185 δρεσι
1013 2111 1109 2165 καὶ
1137 2110 1286 2181 βόες.

1956 2102 2046 2155 22.
2077 2103 2326 2159 Jumenta
2364 2106 2416 2159 in
2451 2108 2749 2170 montibus,
2778 2122 2827 2164 et
2855 2111 3035 2168 boves.

284 2211 375 2264 25.
409 2210 661 2278 Ἔγνωκα
682 2208 859 2261 πάντα
879 2204 948 2257 τὰ
975 2201 1194 2255 πετεινὰ
1216 2200 1308 2253 τοῦ
1332 2198 1564 2271 οὐρανοῦ
1587 2213 1603 2232 ·

1404 2198 1564 2271 ρανοῦ
1587 2213 1603 2232 ·
1956 2193 2045 2248 25.
2072 2194 2311 2265 Cognovi
2344 2199 2527 2252 omnia
2564 2201 2800 2256 volatilia
2839 2205 2959 2258 (εωιί
2998 2225 3007 2258 :

287 2302 378 2356 21.
408 2302 518 2354 Καὶ
548 2299 817 2372 ὡραιότης
846 2294 1017 2366 ἀγροῦ
1045 2295 1160 2364 μετ’
1189 2291 1319 2362 ἐμοῦ
1344 2293 1513 2344 ἐστιν.

1446 2310 1513 2344 ιν,
1958 2285 2048 2339 24.
2086 2285 2148 2341 Et
2183 2288 2530 2357 pulchritudo
2564 2293 2677 2361 agri
2714 2310 2925 2350 merum
2949 2308 3049 2352 est.

280 2390 372 2444 25.
410 2390 535 2443 Ἐὰν
565 2388 825 2450 πεινάσω,
853 2386 912 2438 οὐ
949 2387 1022 2456 μή
1050 2402 1131 2437 σοι
1160 2385 1324 2437 εἴπω·

1957 2378 2049 2433 25.
2082 2378 2137 2433 Si
2170 2382 2435 2446 esuriem,
2461 2399 2568 2437 non
2597 2384 2772 2439 dicam
2805 2388 2901 2442 tibi
2932 2406 2942 2439 :

284 2483 373 2536 26.
414 2481 550 2553 Ἐμὴ
583 2481 691 2551 γάρ
726 2481 871 2532 ἐστιν
903 2480 935 2548 ἡ
977 2478 1270 2547 οἰκουμένη
1301 2477 1394 2529 καὶ
1419 2475 1480 2528 τὸ
1512 2475 1784 2546 πλήρωμα

1962 2468 2050 2524 26.
2084 2470 2231 2525 Meus
2256 2482 2336 2526 est
2368 2475 2511 2528 enim
2542 2475 2691 2531 orbis
2718 2488 2891 2545 terra,
2915 2488 2968 2535 et
2998 2482 3279 2550 plenitudo
3304 2486 3441 2556 ejus.

219 2593 410 2646 αυτης.

1337 2738 1709 2794 ATHANASII
1753 2736 2332 2795 INTERPRETATIO.

288 2906 353 2970 8,
388 2904 441 2960 9.
477 2905 666 2976 Στήσει
706 2905 830 2967 τοὺς
862 2903 929 2955 τὰ
971 2902 1193 2972 οὐράνια
1234 2900 1610 2970 φρονήσαντας
1633 2936 1648 2960 ,
1684 2896 1782 2950 καὶ

1966 2896 2020 2959 8,
2058 2896 2108 2949 9.
2150 2894 2314 2951 Sistet
2346 2896 2446 2950 sibi
2482 2913 2608 2961 eos,
2648 2901 2738 2969 qui
2766 2903 3001 2957 coelestia
3031 2906 3363 2975 cogitarunt.
3397 2924 3447 2961 cz

228 3001 352 3063 τοὺς
364 2998 434 3053 ιὰ
449 2999 628 3069 γήινα,
644 2996 737 3049 καὶ
758 2996 984 3047 ἕκαστον
999 2994 1171 3064 κρινεῖ
1187 2989 1328 3042 κατὰ
1339 2989 1401 3042 τὸ
1422 2988 1578 3060 ἔργον
1598 2987 1783 3041 αὐτοῦ.

1895 2986 1989 3055 qui
2029 2995 2238 3041 terrena
2258 3028 2273 3052 ,
2316 2999 2371 3043 et
2400 3004 2837 3059 unumquemque
2857 2992 3121 3061 judicabit
3151 2998 3447 3051 secundum

1893 3094 2053 3147 opera
2088 3094 2207 3133 sua.

295 3177 381 3231 10.
411 3175 606 3244 Στήσει
630 3172 825 3233 αὐτοὺς
855 3172 919 3222 ἐκ
946 3168 1132 3235 δεξιῶν
1160 3164 1326 3221 αὑτοῦ

1965 3169 2051 3221 10.
2081 3169 2386 3225 Constituet
2416 3186 2508 3226 eos
2537 3188 2566 3226 a
2599 3171 2801 3228 dextris
2829 3177 2961 3231 suis.

297 3268 386 3322 H,
423 3265 544 3317 Ἐπὶ
573 3261 912 3333 ὲλεημοσύνῃ
938 3261 1031 3313 καὶ
1057 3260 1236 3312 πίστει
1269 3258 1423 3329 ὀρθῇ.
1723 3346 1743 3357 ,
1818 3309 1863 3371 c

1332 3258 1423 3328 θῇ.
1818 3309 1863 3371 C
1964 3261 2048 3314 11.
2082 3260 2137 3313 In
2171 3263 2543 3318 misericordia
2570 3275 2621 3319 et
2645 3266 2755 3320 ﬁde
2773 3278 2935 3322 recta.

1345 3369 1351 3371 _
1392 3349 1542 3371 $18..-.
1593 3346 1748 3371 _.'--.‘.
1976 3350 2037 3371 In
2090 3353 2147 3371 llr
2202 3353 2217 3371 I
2250 3353 2398 3371 -.-ιιι
2500 3362 2511 3371 ι
2695 3356 2727 3371 ,ι
2797 3357 2807 3371 ι
2882 3359 2892 3368 -

294 3358 379 3421 12,
414 3358 496 3411 15.
539 3356 961 3425 Ἀνυμνήσουσιν
1000 3353 1049 3405 οἱ
1079 3352 1224 3419 ἅγιοι
1254 3351 1352 3422 τὴν
1387 3349 1543 3413 δόξαν
1587 3346 1751 3403 αὑτοῦ
1772 3387 1787 3411 ,
1819 3346 1863 3371 ν

1851 3348 1863 3371 ⁸
1971 3350 2059 3416 12,
2086 3353 2169 3405 15.
2201 3353 2518 3408 Laudabunt
2559 3356 2729 3409 sancti
2761 3357 2987 3427 gloriam
3024 3360 3163 3430 eius,
3197 3368 3454 3421 conliten-

221 3450 627 3523 ὁμολογοῦντες,
654 3450 735 3501 ὅτι
762 3449 790 3499 6
815 3447 947 3510 Θεὸς
978 3446 1172 3517 κριτής
1198 3446 1366 3498 ἐστιν.

1038 3446 1172 3515 ιιτής
1198 3446 1366 3498 ἐστιν.
1895 3451 1975 3498 tes
2005 3444 2148 3513 quod
2178 3442 2320 3499 Deus
2341 3445 2502 3514 judex
2540 3455 2641 3500 est.

292 3544 378 3597 14.
416 3541 517 3594 Διὰ
548 3540 609 3593 τὸ
641 3540 732 3592 τὸν
765 3538 895 3589 Θεὸν
928 3534 1140 3605 μέλλειν
1186 3535 1392 3601 κρίνειν
1420 3532 1517 3602 τὴν
1542 3529 1793 3600 οἰκουμέ-

1967 3535 2053 3588 11.
2103 3532 2372 3599 Quoniam
2424 3536 2565 3591 Dens
2613 3537 2955 3606 judicaturus
3022 3550 3105 3596 est
3156 3546 3454 3612 mundum,

224 3655 349 3707 νην,
382 3633 631 3705 παραινῶ
660 3648 741 3683 σοι
762 3669 777 3691 ,
828 3630 907 3691 είς
942 3627 1188 3696 ὑπακοὴν
1232 3623 1552 3696 εὐτρέπισόν
1604 3639 1694 3693 μοι
1727 3622 1793 3675 τὰ

1895 3626 2085 3681 hortor
2113 3638 2182 3692 te,
2210 3637 2270 3681 ut
2301 3628 2431 3681 mihi
2460 3645 2727 3698 prmpares
2760 3647 2920 3688 aures
2960 3642 3082 3689 tuas
3127 3638 3192 3689 ad
3233 3642 3457 3696 audien-

227 3723 342 3781 ὦτά
368 3743 485 3790 σου,
516 3724 611 3777 καὶ
638 3720 834 3787 διδάξω
864 3736 945 3773 σε.

864 3736 945 3773 σε.
1896 3717 2044 3784 dum,
2078 3729 2131 3773 et
2157 3720 2363 3774 docebo
2395 3728 2462 3772 te.

292 3818 382 3873 15.
414 3817 525 3871 Καὶ
552 3810 989 3886 διαμαρτύρομαί
1028 3828 1139 3872 σοι,
1169 3809 1204 3863 ἃ
1242 3808 1454 3880 μέλλεις
1483 3822 1794 3876 φυλαττειν,

1971 3811 2059 3865 15.
2108 3812 2170 3866 Et
2218 3811 2544 3867 testiﬁcabor
2588 3816 2723 3879 tibi,
2769 3834 2889 3887 qua:
2928 3834 2959 3874 a
3011 3828 3062 3875 te
3104 3825 3457 3882 custodienda
3535 3829 3540 3835 ’

229 3913 258 3966 6
287 3911 414 3974 λαὸς
444 3912 473 3964 6
499 3909 592 3963 τοῦ
622 3906 779 3962 Θεοῦ.
816 3903 1056 3974 Ἰσραὴλ
1099 3903 1205 3975 γὰρ
1244 3900 1606 3974 ἑρμηνεύεται
1650 3898 1799 3963 λαὸς

1901 3910 2045 3966 sunt,
2074 3909 2269 3972 populo
2320 3906 2432 3959 Dei.
2461 3904 2632 3962 Israel
2656 3911 2799 3963 enim
2826 3910 3205 3983 interpretatur
3237 3920 3457 3987 populus

232 4006 450 4075 ισχυρό
452 4024 504 4069 ς.

471 4024 504 4067 τ.
1902 3996 2074 4066 fortis.

309 4096 393 4151 16.
432 4093 572 4161 Ἐγὼ
604 4092 680 4159 (Ι)
710 4094 738 4144 6
765 4090 918 4153 Θεὸς,
951 4090 1124 4159 φημὶ,
1152 4088 1183 4141 6
1206 4087 1339 4151 Θεός
1368 4102 1481 4139 σου.

1368 4102 1481 4139 σου.
1974 4088 2057 4144 16.
2090 4090 2200 4161 Ego
2233 4089 2396 4155 Deus,
2432 4092 2627 4162 inquit,
2656 4092 2797 4147 Deus
2826 4105 2968 4149 tum.

308 4182 393 4237 17.
419 4175 541 4235 ’Ὅτι
581 4181 679 4234 οὐκ
724 4181 809 4232 ἐπ’
854 4178 926 4248 (2)
962 4178 1085 4248 ἐμοὶ
1120 4177 1453 4246 προσφέρεις
1495 4173 1685 4237 θυσίας
1723 4172 1801 4243 τῷ

1974 4179 2058 4233 17.
2089 4178 2355 4246 Quoniam
2390 4199 2495 4237 non
2536 4183 2768 4251 amplius
2810 4187 2939 4239 mihi
2989 4188 3150 4243 θῆλυ-δ
3192 4195 3458 4248 sacriﬁcia

234 4272 353 4346 Θεῷ
382 4290 496 4334 σου,
523 4269 656 4323 ἀλλὰ
679 4270 914 4338 δαίμοσι,
942 4266 1038 4319 καὶ
1068 4264 1322 4331 εἰδώλοις,
1357 4264 1451 4317 καὶ
1475 4262 1735 4334 δένδρεσι.

1906 4268 2015 4323 Deo
2050 4279 2164 4337 tuo,
2195 4271 2289 4328 sed
2318 4272 2675 4334 daemonibus,
2707 4283 2761 4327 et
2789 4275 2967 4341 idolis,
2999 4290 3051 4333 et
3081 4282 3385 4342 arboribus.

310 4366 396 4421 18.
425 4365 506 4418 Τὰ
527 4364 582 4416 δὲ
611 4364 813 4434 κρύφια
834 4360 934 4431 τῆς
968 4359 1192 4431 καρδίας
1224 4375 1317 4411 σου
1352 4355 1463 4427 ὁρῶ
1492 4355 1799 4419 διαπαντός.

1676 4357 1799 4419 ρτός.
1976 4361 2061 4415 18.
2091 4360 2313 4418 Occulta
2338 4373 2519 4418 autem
2544 4366 2724 4420 cordis
2755 4368 2829 4422 tui
2860 4370 3015 4426 video
3048 4387 3279 4444 semper.

308 4458 397 4514 19.
427 4458 566 4520 Τοὺς
601 4454 981 4524 κερατίζοντας
1024 4454 1118 4506 καὶ
1158 4451 1493 4522 σκιρτῶντας
1535 4448 1689 4518 ὑμῶν
1729 4448 1805 4511 ὡς

1978 4453 2064 4509 19.
2098 4454 2367 4518 Petulcos,
2418 4466 2470 4511 et
2508 4457 2848 4516 lascivientes
2876 4473 3132 4533 tanquam
3162 4468 3358 4525 vitulus
3395 4487 3458 4527 ex

242 4550 513 4623 μοσχάρια
543 4550 604 4601 οὐ
629 4548 872 4616 δέχομαι.

843 4565 872 4600 ι.
1906 4546 2059 4601 vobis
2083 4561 2189 4600 non
2220 4546 2446 4617 accipio.

304 4641 397 4696 20.
422 4641 559 4704 Τοὺς
586 4638 887 4711 τριχώδεις,
917 4639 1161 4691 τουτέστι
1187 4635 1312 4699 τοὺς
1341 4636 1571 4707 πόρνους
1605 4636 1698 4690 καὶ
1716 4631 1803 4703 βε-
1836 4658 1881 4713 D

1860 4659 1881 4711 )
1977 4637 2067 4693 20.
2093 4636 2323 4702 Pilosos,
2364 4640 2469 4696 hoc
2508 4650 2588 4695 est
2626 4640 3007 4712 fornicatores,
3053 4656 3108 4703 et
3153 4649 3463 4710 immundos

242 4717 457 4806 δήλους,
486 4733 547 4785 οὑ
579 4731 800 4802 δέχομαι
828 4730 926 4801 (5).

677 4748 800 4802 ομαι
828 4730 926 4801 (5).
1905 4746 2014 4786 non
2054 4730 2280 4799 accipio.

309 4828 399 4882 ει.
426 4826 511 4880 Τὰ
534 4823 663 4895 ιθνη
691 4823 859 4892 λέγει.

1974 4823 2063 4878 21.
2092 4821 2291 4879 Gentes
2319 4823 2604 4894 signiﬁcat.

310 4919 402 4976 22.
428 4918 568 4980 Τοὺς
608 4915 795 4984 ἁγίους
836 4918 894 4969 ὲν
930 4915 1051 4977 ταῖς
1093 4911 1337 4985 Γραφαϊς
1382 4912 1473 4965 καὶ
1510 4912 1636 4976 τοὺς
1682 4911 1810 4966 ἁπο-

1559 4912 1636 4976 ιὺς
1682 4911 1810 4966 ἁπο-
1972 4914 2061 4969 22.
2096 4914 2327 4971 Sanctos
2352 4916 2406 4970 in
2434 4916 2750 4989 Scripturis,
2784 4931 2838 4976 et
2866 4924 3162 4989 apostolos.

250 5012 548 5166 ngu$éc
576 5100 752 5171 ψυχὰς
782 5098 929 5168 λέγει
958 5100 1055 5164 τὰς
1088 5097 1180 5151 ἐπὶ
1220 5096 1287 5150 τὰ
1322 5095 1548 5166 οὐράνια
1578 5096 1809 5150 ἀνιπτα-

1977 5093 2066 5147 25,
2102 5092 2671 5165 Animassigniﬁcat,
2714 5112 2931 5153 sursum
2963 5099 3030 5155 ad
3058 5102 3300 5159 cmlestia
3346 5118 3476 5161 evo-

424 5236 438 5249 .
1913 5187 2108 5244 lantes.

257 5196 499 5342 μέέῗῗόι
528 5284 946 5347 πεπιστευκότες
973 5283 1030 5336 ὲν
1052 5281 1127 5352 τῷ
1157 5253 1363 5351 κόσμῳ.

1914 5196 2108 5244 tantes.

1312 5298 1363 5349 up.
1976 5278 2068 5332 24.
2103 5278 2208 5343 Qui
2237 5280 2582 5336 crediderunt
2610 5282 2662 5335 in
2692 5284 2915 5338 mundo.

319 5378 408 5432 25.
446 5378 534 5431 Ἐν
564 5375 641 5447 τῷ
672 5374 847 5446 καιρῷ
878 5375 975 5445 τῆς
1004 5372 1297 5445 παρουσίας
1329 5388 1447 5442 μου.

1210 5372 1297 5435 νίας
1329 5388 1447 5442 μου,
1986 5368 2075 5421 25.
2107 5369 2371 5440 Tempore
2403 5374 2507 5427 mei
2535 5374 2813 5431 adventus.

314 5470 404 5524 26.
437 5469 646 5532 Πάντες
674 5468 725 5520 οἱ
757 5466 877 5519 λαοὶ
906 5465 1013 5519 τῶν
1044 5464 1234 5518 ἐθνῶν.

1203 5482 1234 5518 ,,
1988 5458 2079 5512 26.
2110 5459 2310 5517 Omnes
2334 5466 2571 5532 gentium
2602 5467 2806 5534 populi.

1201 5596 1505 5661 Addenda
1534 5604 1595 5662 et
1624 5597 1998 5679 corrigenda
2038 5616 2116 5659 ex
2156 5601 2296 5661 cod.
2334 5603 2535 5666 Vatic.

613 5771 727 5843 εἰμι
751 5772 780 5825 6
804 5769 957 5837 Θεὸς,
983 5768 1011 5822 ὁ
1040 5768 1188 5831 θεός.
2000 5774 2069 5847 (5)
2109 5775 2195 5838 Ὠς
2230 5776 2419 5840 Ἠσαῦ,
2454 5777 2762 5833 τουτέστι...
2798 5775 3037 5848 δέξομαι.
