4060 6460
613 343 720 398 847
1429 340 1510 411 ls.
1545 337 1907 394 ATIIANASII
1941 337 2092 395 OPP.
2133 337 2216 391 PA

2256 335 2312 389 lS
2352 333 2436 388 111.
2478 364 2544 376 -
2587 329 3000 388 ΕΧΕΟΕΤΙΟΑ.
3744 319 3859 377 848

689 457 776 510 27.
811 457 1067 525 Nunquid
1099 451 1438 508 manducabo
1471 465 1664 508 carnes
1699 451 2022 505 taurorum?
2215 461 2256 508 Λ

1701 451 2022 505 taurorum?
2215 461 2256 508 A
2356 448 2443 501 27.
2477 448 2566 517 Μὴ
2599 447 2858 516 φάγωμαι
2887 443 3024 516 κρέα
3057 447 3304 516 ταύρων;

693 549 780 603 28.
813 548 919 602 Aut
940 546 1258 616 sanguinem
1292 546 1566 601 hircorum
1599 545 1838 614 potabo‘.’

1641 545 1838 598 Dtabo‘.’
2354 539 2444 590 9.8.
2474 539 2540 589 Ἥ
2578 534 2720 606 αἷμα
2747 536 2962 606 τράγων
2994 535 3204 605 πίωμαι
3233 553 3244 597 ;

693 641 781 696 29.
810 640 1034 694 lmmola
1063 638 1168 693 Deo
1195 637 1520 692 sacriﬁcium
1556 636 1731 690 laudis
1752 675 1766 700 ,

2353 628 2442 681 29.
2475 628 2646 680 Θῦσον
2670 626 2748 696 τῷ
2771 625 2892 696 Θεῷ
2917 625 3107 678 ουσίαν
3136 627 3423 688 αἰνέσεως·

693 732 785 787 50.
821 731 884 786 Et
913 731 1072 786 redde
1098 730 1378 786 Altissimo
1410 738 1531 783 vota
1566 737 1676 782 tua.

2355 721 2443 773 50.
2478 721 2584 772 Kal
2609 719 2805 782 ἀπόδος
2831 718 2909 788 τῷ
2947 717 3184 788 ’Υψίστῳ
3206 717 3305 780 τὰς
3325 718 3487 787 εὐχάς
3516 734 3631 772 σου.

693 824 782 878 51.
809 821 877 877 Ει
901 822 1090 876 invoca
1118 837 1204 876 me
1235 822 1288 875 in
1322 821 1409 875 die
1439 818 1806 874 tribulationis
1835 827 1940 873 tum
1970 833 1984 871 :

2355 813 2443 865 51.
2476 814 2582 864 Kal
2614 810 2930 864 ἐπικὰλεσαί
2967 826 3032 879 με
3061 810 3118 862 ἐν
3145 810 3327 880 ήμέρᾳ.
3355 808 3586 877 Ολίψεώς
3619 824 3739 862 σου·

692 915 782 970 52.
812 913 1011 967 Eruam
1043 922 1118 976 te,
1147 919 1201 967 et
1230 911 1558 982 glorilicabis
1590 925 1697 964 me.

2358 903 2444 955 52.
2478 903 2586 955 Kal
2615 900 2898 971 ἐξελοῦμαί
2934 917 3014 962 σε,
3056 901 3150 953 καὶ
3183 900 3424 966 δοξάσεις
3450 917 3537 970 με.

691 1007 780 1062 55.
812 1004 1090 1060 Peccatori
1120 1013 1300 1059 autem
1329 1003 1464 1058 dixit
1497 1003 1637 1056 Deus
1668 1020 1679 1054 :

2354 994 2443 1047 55.
2477 993 2565 1063 Τῷ
2593 993 2649 1045 δὲ
2677 991 2983 1063 ἁμαρτωλῷ
3009 986 3161 1044 εἶπεν
3190 993 3217 1043 ὁ
3247 992 3377 1054 Θεός
3395 1007 3408 1022 ·

692 1099 782 1154 54.
810 1098 989 1164 Quare
1019 1106 1076 1152 tu
1101 1111 1324 1152 enarras
1347 1094 1589 1165 justitias
1615 1093 1802 1148 meas?

2355 1085 2442 1138 51.
2475 1083 2588 1137 Ἵνα
2617 1085 2667 1137 τί
2697 1084 2760 1136 σὺ
2790 1084 3011 1155 ἐκδιηγῇ
3042 1083 3110 1136 τὰ
3138 1083 3479 1153 δικαιώματά
3510 1100 3642 1153 μους

691 1171 778 1247 55.
795 1187 871 1247 Et
896 1190 1133 1246 assumis
1152 1184 1557 1244 Testamentum
1578 1201 1757 1240 meum
1789 1200 1884 1255 per
1907 1199 1967 1239 os
1997 1183 2187 1238 tuum?

2359 1176 2449 1231 55.
2482 1175 2590 1228 Kal
2621 1174 3021 1247 ἁναλαμὸάνεις
3051 1176 3150 1246 τὴν
3178 1175 3439 1246 διαθήκην
3473 1192 3574 1245 μου
3607 1173 3695 1227 διὰ
3730 1171 3868 1227 61:6-

2294 1267 2459 1336 ματός
2493 1283 2584 1318 σου
2605 1284 2618 1331 ;

692 1368 780 1423 56.
815 1366 895 1420 Tu
926 1379 1054 1419 vero
1081 1362 1242 1418 odisti
1268 1360 1611 1430 disciplinam
1643 1375 1656 1388 ·

1643 1375 1656 1388 ·
2359 1356 2446 1409 56.
2482 1356 2551 1408 ΣΞ)
2579 1356 2634 1408 δὲ
2669 1357 2936 1427 ἐμίσησας
2965 1357 3208 1411 παιδείαν
3229 1373 3241 1385 ·

691 1458 778 1513 57.
809 1457 874 1511 Ει
902 1455 1175 1526 projecisti
1203 1467 1483 1508 sermones
1509 1465 1660 1505 meos
1691 1458 2009 1503 retrorsum.

2361 1448 2447 1501 57.
2484 1449 2591 1500 Kal
2622 1449 2874 1512 ἐξέϐαλες
2903 1452 3028 1514 τοὺς
3064 1450 3253 1518 λόγους
3291 1467 3393 1520 μου
3427 1451 3505 1512 είς
3551 1449 3618 1502 τὰ
3661 1449 3868 1507 ὀπίσω.

691 1548 779 1602 58.
812 1547 866 1600 Si
901 1547 1119 1600 videbas
1145 1544 1340 1608 furem,
1369 1543 1630 1596 currebas
1666 1556 1789 1595 cum
1813 1554 1879 1593 eo
1908 1557 1920 1592 :

2358 1541 2444 1594 58.
2478 1542 2539 1593 Εἰ
2569 1541 2821 1610 ἐθεώρεις
2847 1542 3108 1613 κλέπτην,
3137 1543 3454 1614 συνέτρεχες
3486 1541 3634 1610 αὐτῷ
3653 1558 3666 1572 ·

693 1640 782 1694 59.
815 1639 877 1692 Et
915 1653 1039 1692 eum
1077 1637 1324 1691 adultero
1357 1631 1665 1705 [adulteris]
1698 1632 2002 1703 portionem
2039 1638 2187 1685 tuam

2101 1645 2187 1684 am
2361 1631 2447 1685 59.
2486 1633 2592 1685 Kal
2623 1632 2757 1702 μετὰ
2794 1633 2980 1703 μοιχοῦ
3002 1636 3105 1704 ,τὴν
3138 1634 3330 1703 μερίδα
3363 1651 3456 1686 σου
3489 1633 3703 1696 ἐτίθεις.

622 1729 882 1800 ponebas.

692 1819 782 1874 40.
819 1816 893 1872 Os
926 1827 1076 1871 tuum
1104 1815 1398 1870 abundavit
1426 1813 1629 1866 malitia
1659 1828 1673 1864 :
2222 1797 2264 1853 Β

2222 1797 2264 1853 Β
2365 1814 2450 1867 40.
2486 1813 2557 1867 Τὸ
2588 1830 2758 1884 στομα
2792 1832 2883 1868 σου
2915 1815 3205 1870 ἐπλεόνασε
3240 1817 3438 1871 κακίαν
3459 1834 3472 1848 ·

691 1905 779 1964 4Ι’.
805 1906 876 1961 Et
910 1907 1089 1976 lingua
1119 1917 1206 1959 tua
1239 1905 1598 1959 concinnabat
1625 1903 1802 1956 dolos.

2355 1905 2442 1958 41.
2477 1907 2585 1958 Καὶ
2617 1908 2648 1975 ή
2681 1906 2902 1974 γλῶσσά
2932 1925 3026 1960 σου
3061 1909 3388 1978 περιέπλεκε
3417 1910 3751 1980 δολιότητας.

691 1999 780 2053 42.
812 1997 1016 2053 Sedens
1041 1998 1299 2051 adversus
1335 1995 1556 2048 fratrem
1587 2004 1736 2048 tuum
1766 1991 2076 2060 loquebaris
2101 2010 2114 2044 :

2357 1997 2444 2050 42.
2478 1997 2800 2067 Καῧήμενος
2824 2000 2962 2052 κατὰ
2996 1999 3090 2052 τοῦ
3115 1999 3340 2068 ἀδελφοῦ
3383 2019 3474 2053 σου
3505 2002 3828 2066 κατελὰλεις
3854 2019 3868 2033 ’

693 2092 782 2144 45.
814 2089 878 2144 Et
902 2089 1159 2144 adversus
1187 2086 1358 2140 ﬁlium
1390 2087 1581 2141 matris
1611 2093 1718 2139 tua:
1767 2083 2006 2154 ponebas
2033 2098 2190 2138 scan-

2356 2086 2440 2139 45.
2492 2088 2600 2140 Kal
2639 2089 2778 2141 κατὰ
2822 2089 2914 2142 τοῦ
2959 2091 3074 2144 uio-3
3125 2092 3224 2161 τῆς
3275 2093 3481 2164 μητρός
3525 2109 3616 2145 σου
3667 2095 3875 2147 ἐτίθει-

623 2181 825 2236 dalum.

2291 2175 2602 2228 σκάνδαλον.

694 2272 780 2326 44.
815 2269 938 2326 llaec
970 2269 1167 2335 fecisti,
1199 2280 1250 2326 et
1281 2271 1424 2327 tacui
1459 2290 1470 2322 :

2362 2265 2449 2318 44.
2482 2267 2661 2320 Ταῦτα
2694 2269 2986 2338 ἐποίησας,
3016 2272 3115 2324 καὶ
3144 2273 3375 2344 ὲσίγησα
3394 2289 3407 2304 ·

695 2365 783 2418 45.
811 2362 1144 2418 Existimasti
1174 2363 1531 2432 iniquitatem,
1551 2359 1694 2429 quod
1730 2373 1823 2412 ero
1858 2357 1933 2410 tui
1969 2357 2185 2412 similis.

2144 2373 2185 2412 Β.
2362 2354 2449 2408 45.
2485 2356 2784 2420 ’Υπὲλαϐες
2817 2360 3063 2429 ἀνομίαν,
3095 2362 3177 2413 ὃτι
3207 2361 3398 2432 ἔσομαί
3427 2380 3508 2416 σοι
3539 2366 3747 2435 ὅμοιος..

693 2455 784 2510 46.
815 2458 1051 2521 Arguam
1099 2466 1170 2521 te,
1214 2465 1268 2509 et
1311 2463 1545 2508 statuam
1576 2463 1766 2508 contra
1811 2449 2002 2505 faciem
2037 2458 2186 2504 tuam

2363 2447 2451 2500 ιη.
2494 2448 2726 2516 Ἔλέγξω
2762 2467 2854 2516 σε,
2893 2453 2986 2506 καὶ
3019 2455 3353 2526 παραστήσω
3395 2457 3534 2508 κατά
3576 2457 3873 2522 πρόσωπόν

626 2557 847 2621 peccata
878 2556 989 2602 tua.

2295 2557 2385 2592 σου
2414 2540 2511 2602 τὰς
2541 2541 2806 2612 ἁμαρτίας
2835 2559 2949 2598 σου.

697 2638 788 2693 47.
822 2638 1105 2709 lntelligite
1132 2637 1264 2703 bzec,
1294 2635 1386 2706 qui
1416 2632 1797 2689 obliviscimini
1827 2630 1996 2687 Deum
2029 2653 2042 2688 :

2359 2633 2448 2686 47.
2480 2633 2671 2684 Σύνετε
2702 2633 2766 2704 δὴ
2795 2635 2987 2700 ταῦτα,
3015 2639 3062 2691 οί
3087 2638 3562 2710 ἐπιλανθανόμενοι
3582 2640 3678 2693 τοῦ
3705 2640 3869 2694 Θεοῦ·

1739 2785 2108 2842 ATIIANASII
2144 2787 2455 2841 INTERPR
2467 2786 2740 2842 ETATIO.

697 2950 787 3017 27,
808 2949 897 3002 28.
920 2947 1037 3002 Non
1067 2945 1326 3015 accipiam
1351 2950 1655 2996 vestrorum
1687 2941 2021 3008 petulcorum
2053 2941 2194 3010 prin-
2221 2947 2262 3004 C

2363 2942 2454 3002 27,
2486 2942 2576 2995 28.
2617 2942 2700 3014 Μὴ
2732 2942 3094 3013 καταδὲξομαι
3136 2943 3237 3007 τὰς
3262 2944 3369 2997 τῶν
3410 2944 3686 3016 ἀρχόντων
3716 2949 3875 3018 ὑμῶν

629 3046 808 3114 cipum
833 3041 1100 3102 carnales,
1128 3046 1182 3092 et
1209 3034 1651 3104 sanguinolentas
1684 3033 2026 3101 cupiditates.

2296 3032 2402 3086 τῶν
2420 3033 2808 3101 κερατιζόντων
2824 3035 3089 3105 σαρκικὰς
3103 3039 3195 3089 καὶ
3209 3035 3534 3107 αἱματώδεις
3546 3039 3708 3092 ἐπιθυ
3717 3041 3869 3110 μίας.

696 3131 781 3186 29.
819 3129 1033 3184 llonora
1067 3143 1188 3182 cum
1222 3127 1380 3180 bonis
1405 3125 1679 3194 operibus.

2365 3124 2454 3178 29.
2494 3124 2724 3188 Δόξασον
2755 3127 2916 3179 αὐτὸν
2945 3126 3011 3178 δι’
3043 3127 3217 3196 ἔργων
3246 3128 3485 3196 ἀγαθῶν.

697 3225 783 3279 50.
819 3221 883 3276 Ει
905 3237 1025 3292 quae
1052 3219 1281 3273 Domino
1317 3217 1638 3285 promisisti,
1665 3212 1916 3280 adimple.

2363 3213 2453 3269 50.
2491 3217 2600 3269 Kal
2630 3216 2915 3286 πλήρωσον
2949 3217 3026 3286 τῷ
3054 3217 3242 3286 Κυρίῳ
3269 3217 3304 3271 ἃ
3337 3220 3671 3290 ἐπήγγειλας
3697 3224 3799 3294 (1).

697 3316 784 3372 51.
815 3314 879 3367 Et
912 3329 1036 3368 cum
1061 3312 1314 3366 inimicus
1349 3307 1687 3376 impugnabit
1731 3306 1970 3358 animum
2017 3311 2189 3370 tuam,

2362 3307 2448 3359 51.
2485 3308 2594 3360 Kal
2613 3309 2774 3378 ήνίκα
2798 3311 2825 3360 ὁ
2848 3307 3039 3379 ἐχθρὸς
3069 3309 3295 3378 πολεμεῖ
3317 3311 3416 3379 τὴν
3439 3312 3619 3382 ψυχήν
3643 3331 3746 3385 μου
3768 3314 3872 3386 (Ξ),

631 3409 822 3460 invoca
853 3419 960 3456 me.

2299 3397 2612 3450 ἐπικάλεσαί
2640 3417 2728 3468 με.

699 3497 786 3550 52.
824 3493 883 3548 Et
917 3492 1158 3546 liberabo
1196 3500 1266 3556 te,
1295 3499 1346 3544 et
1371 3488 1569 3558 gratias
1602 3486 1733 3539 mihi
1763 3500 1908 3555 ages.

2362 3491 2449 3546 52.
2481 3493 2587 3544 Kal
2617 3492 2849 3563 ρύσομαί
2883 3510 2963 3555 σε,
3003 3496 3094 3548 καὶ
3125 3497 3539 3568 εὐχαριστήσεις
3569 3514 3681 3566 μοι.

699 3589 787 3642 55.
820 3584 1190 3640 Perseveranti
1222 3584 1274 3637 in
1301 3589 1542 3651 peccato,
1578 3579 1692 3634 sive
1713 3577 1948 3632 diabolo.

2369 3583 2456 3640 55.
2494 3583 2582 3655 Τῷ
2612 3585 2918 3654 ἐπιμένοντι
2947 3587 3011 3655 τῇ
3042 3587 3305 3658 ἁμαρτίᾳ,
3332 3587 3363 3657 ἢ
3390 3587 3466 3656 τῷ
3496 3587 3749 3660 διαϐόλῳ.

697 3681 787 3734 54.
820 3679 997 3744 Quare
1031 3685 1086 3730 tu
1118 3690 1224 3728 non
1247 3671 1560 3728 custodiens
1586 3687 1668 3735 ea,
1689 3670 1801 3724 lucc
1831 3672 2090 3723 enarras?

2363 3677 2454 3731 54.
2486 3677 2601 3729 Ἵνα
2633 3675 2684 3728 τί
2712 3677 2796 3740 σὺ,
2818 3676 2891 3746 μὴ
2916 3675 3197 3744 φυλάττων
3230 3677 3388 3740 αὐτὰ,
3410 3679 3636 3749 ἐκδιηγῇ
3661 3680 3875 3748 ταῦτας

695 3773 784 3827 55.
821 3768 886 3823 Ει
929 3769 1009 3821 vis
1040 3781 1159 3821 esse
1203 3765 1334 3834 legis
1380 3761 1638 3830 magister
1672 3776 1947 3830 exponens
2001 3756 2194 3815 Testa-

2361 3769 2451 3822 55.
2486 3769 2594 3821 Kal
2633 3767 2806 3830 θέλεις
2847 3763 2985 3820 εἶναι
3027 3767 3477 3837 νομοδιδάσκαλος
3515 3769 3877 3841 διηγούμενος

633 3870 873 3916 mentum
902 3871 1102 3911 meum.

2297 3859 2394 3931 τὴν
2413 3858 2678 3930 διαθήκην
2705 3876 2827 3928 μου.

699 3952 790 4016 56,
815 3952 904 4005 57.
937 3949 1038 4015 Qui
1067 3946 1229 4017 igitur
1261 3943 1430 3997 alium
1457 3942 1642 4008 doces,
1665 3956 1762 3994 cur
1787 3949 1838 3994 te
1873 3941 2050 4010 ipsum
2084 3956 2192 3996 non

2365 3951 2454 4016 56,
2481 3953 2570 4006 5'7.
2609 3953 2664 4005 '0
2693 3949 2785 4006 οὖν
2811 3952 3075 4006 διδάσκων
3106 3953 3320 4023 ἕτερον,
3361 3951 3447 4006 διὰ
3478 3951 3529 4006 τί
3555 3955 3784 4010 σεαυτὸν
3807 3955 3870 4011 οὗ

633 4040 893 4098 instruis?

2300 4042 2601 4105 παιδεύειςς

697 4134 784 4187 58.
820 4132 1011 4185 [licens
1045 4144 1152 4182 non
1189 4124 1501 4189 furandum,
1535 4120 1767 4186 iuraris;

2365 4134 2453 4187 58.
2490 4135 2546 4187 '0
2569 4134 2740 4202 λέγων
2773 4133 2846 4204 μὴ
2873 4132 3124 4186 κλέπτειν
3149 4133 3423 4196 κλέπτεις.

697 4221 785 4276 59.
823 4219 1014 4272 Dieens
1059 4232 1168 4271 non
1202 4213 1604 4280 maechandum,
1636 4210 1927 4270 moecharis
1948 4211 2014 4263 ".
2221 4286 2268 4297 _

1867 4210 1927 4265 τῖε
1948 4211 2014 4263 ⁸³·
2221 4286 2268 4297 _
2367 4225 2455 4281 59.
2491 4226 2548 4280 Ὀ
2574 4226 2746 4295 λέγων
2774 4227 2848 4296 μὴ
2875 4223 3145 4295 μοιχεύειν
3179 4224 3470 4297 μοιχεύεις.

713 4310 802 4363 40.
830 4306 1130 4361 Mendacio.
2219 4286 2272 4348 Ι)

1116 4343 1130 4358 ο
2219 4286 2272 4348 Ῑ)
2369 4321 2459 4375 40.
2488 4286 2715 4384 Ψεῦδος.

703 4399 790 4453 41.
824 4396 966 4452 Nihil
995 4406 1221 4452 rectum.

2370 4409 2457 4463 41.
2494 4410 2657 4462 Οὐδὲν
2686 4409 2863 4477 ὀρθόν.

697 4490 781 4543 42.
817 4489 1144 4544 Conviciaba
1154 4487 1244 4542 ris.

1226 4524 1244 4540 η·
2367 4499 2458 4553 42.
2494 4499 2829 4571 Ἐλοιδόρεις.

700 4582 788 4635 45.
823 4581 1276 4634 Calumniabaris.

2369 4591 2456 4647 45.
2492 4591 2941 4664 Ψευδοκατηγόρε
2949 4609 2996 4657 ις
3018 4591 3115 4664 (⁵5).

700 4674 790 4727 44.
819 4671 1090 4727 Hactenus
1113 4671 1278 4734 enim,
1314 4679 1365 4726 te
1394 4678 1672 4740 peccante,
1708 4667 1976 4738 patienter
2004 4665 2121 4720 tuli.

2375 4681 2462 4739 44.
2503 4685 2625 4737 Ἐπὶ
2655 4684 2906 4737 τοσοῦτον
2935 4685 3044 4754 γὰρ
3077 4684 3480 4755 ἁμαρτανοντός
3509 4699 3601 4737 σου
3632 4685 3879 4762 ἐμακρο-

2303 4776 2544 4846 θύμησα.

703 4850 793 4904 45.
826 4848 1156 4904 Existimasti
1187 4863 1273 4904 me
1299 4846 1795 4918 hypocritamZesse,
1828 4843 1905 4898 uti
1935 4852 1986 4897 et
2012 4852 2069 4897 tu
2104 4856 2184 4896 es.

2370 4843 2458 4923 45.
2496 4869 2802 4939 Ἐνόμισας,
2838 4871 2920 4922 ὅτι
2944 4869 3246 4940 ὑποκριτής
3270 4871 3407 4939 είμι.
3438 4868 3513 4932 ὡς
3545 4871 3640 4924 καὶ
3661 4870 3760 4936 σύς
3796 4873 3872 4944 (4)

2306 4960 2392 5033 [σὺ
2420 4958 2546 5032 ek].

704 5050 792 5104 46.
824 5049 883 5103 In
911 5048 997 5103 die
1021 5047 1232 5117 judieii.
2054 5128 2062 5129 ί

2366 5053 2455 5107 46.
2501 5055 2586 5106 Ἐν
2614 5057 2678 5124 τῇ
2707 5055 2888 5126 ήμέρᾳ
2915 5057 3012 5126 τῆς
3042 5055 3298 5127 κρίσεως.
3659 5124 3663 5129 η

703 5138 793 5193 47.
821 5137 1064 5208 Cogitate
1088 5137 1218 5200 haec,
1234 5136 1327 5205 qui
1357 5151 1464 5192 non
1489 5131 1771 5190 custoditis
1789 5131 1882 5186 Dei
1907 5128 2184 5185 mandata.

2364 5146 2454 5200 47.
2490 5147 2736 5217 Νοήσατε
2761 5147 2933 5203 ταῦτα
2953 5187 2966 5212 ,
3008 5150 3058 5201 οἱ
3092 5149 3168 5219 μὴ
3201 5146 3567 5216 φυλάσσοντες
3595 5128 3693 5210 ταῖς
3721 5145 3875 5200 ἐντο-

2302 5237 2398 5302 λὰς
2428 5237 2520 5292 τοῦ
2550 5238 2706 5293 Θεοῦ.

739 5341 784 5373 ⁶⁹
815 5338 972 5394 Rom.
1005 5355 1064 5403 ιι,
1097 5336 1292 5392 20-22.

1578 5492 1882 5563 Addenda
1937 5496 2002 5554 et
2034 5489 2404 5567 corrigenda
2471 5505 2551 5556 ex,
2594 5488 2735 5548 cod.
2771 5487 2968 5548 Vatic.

704 5665 781 5798 μ)
817 5664 1149 5745 ’βπηγγείλω
1177 5661 1364 5731 af.qu
2376 5652 2450 5718 (5)
2479 5643 2684 5735 ὶξἐυδος
2718 5647 3068 5721 κατηγορίας.

729 5736 780 5795 2)
819 5736 936 5786 ὶου.
2377 5723 2448 5790 (1)
2483 5723 2572 5773 Συ.

729 5723 780 5795 ai
819 5723 1011 5786 mf"
1296 5723 1306 5731 ‘
2377 5723 2448 5790 (ει)
2483 5723 2572 5773 Σύ.
