4060 6438
678 325 777 383 851

742 450 794 502 ὃ.
836 451 904 508 Ut
925 454 1235 525 justificeris
1269 462 1321 517 in
1350 468 1696 525 sermonibus
1727 473 1854 539 tuis,

748 543 803 598 9.
833 542 899 600 Et
925 548 1108 605 vincas
1143 568 1264 607 cum
1295 554 1579 624 judicaris.

745 633 999 704 10.1Ecce
1017 642 1161 696 enim
1195 645 1248 698 in
1273 646 1648 717 iniquitatibus
1679 666 1974 725 conceptus
2008 675 2160 716 sum:

739 724 822 777 11.
853 724 918 780 Et
942 728 997 782 in
1025 735 1263 800 peccatis
1287 740 1530 808 concepit
1562 758 1649 797 me
1678 724 1863 800 mater
1884 762 2024 803 mea.

742 815 827 870 12.
862 817 1001 876 Ecce
1028 824 1170 878 enim
1194 829 1472 884 veritatem
1502 834 1773 892 dilexisti:

741 908 826 962 15.
860 908 1066 967 Incerta
1098 925 1150 970 et
1177 920 1387 975 occulta
1416 926 1695 994 sapientia:
1737 940 1842 988 tuae
1874 928 2234 997 manifestasti

669 999 822 1054 mihi.

735 1091 820 1143 14.
852 1095 1115 1169 Asperges
1146 1116 1231 1157 me
1267 1104 1501 1175 hyssopo
1526 1118 1580 1164 ct
1612 1115 1945 1172 mundabor:

734 1182 818 1235 15.
855 1184 1083 1244 Lavabis
1111 1207 1217 1258 me,
1251 1205 1305 1249 et
1333 1213 1496 1267 super
1525 1202 1701 1258 nivem
1732 1206 2045 1266 dealbabor.

732 1273 815 1326 16.
846 1277 1065 1335 Auditui
1102 1298 1225 1338 meo
1254 1288 1407 1345 dabis
1433 1294 1690 1360 gaudium
1721 1306 1776 1353 et
1802 1300 2041 1357 laetitiam

735 1363 818 1420 17.
848 1365 1209 1429 Exsultabunt
1249 1393 1371 1435 ossa
1405 1383 1707 1443 humiliata.

733 1457 813 1514 18.
849 1460 1043 1517 Averte
1069 1464 1258 1523 faciem
1294 1482 1440 1528 tuam
1475 1493 1503 1531 a
1540 1482 1780 1546 peccatis
1812 1486 1980 1541 meis:

729 1549 815 1603 19.
852 1550 917 1606 Et
942 1569 1132 1613 omnes
1165 1563 1479 1632 iniquitates
1515 1586 1665 1627 meas
1693 1574 1829 1629 dele.

725 1724 811 1782 20.
842 1728 947 1785 Cor
971 1737 1230 1792 mundum
1257 1755 1378 1797 crea
1408 1744 1459 1799 in
1488 1763 1592 1813 me,
1624 1749 1799 1808 Deus;

730 1815 817 1871 21.
857 1817 923 1875 Et

656 1909 812 1963 meis.

721 2022 809 2077 22.
842 2022 918 2078 Ne
952 2029 1207 2096 projicias
1242 2048 1329 2088 me
1364 2051 1392 2089 a
1424 2034 1561 2093 facie
1586 2048 1675 2094 tua
1703 2061 1715 2095 :

719 2111 810 2167 25.
838 2112 903 2169 Et
938 2117 1199 2186 Spiritum
1224 2134 1479 2181 sanctum
1514 2138 1666 2185 tuum
1696 2148 1763 2187 ne
1795 2138 2013 2195 auferas
2051 2156 2083 2197 a
2116 2157 2220 2197 me.

716 2300 806 2354 24.
838 2300 1020 2358 Redde
1041 2304 1174 2359 milii
1202 2307 1436 2365 laetitiam
1467 2316 1721 2375 salutaris
1751 2324 1861 2377 tui:

717 2396 807 2452 25.
842 2395 906 2451 Et
938 2397 1141 2467 Spiritu
1168 2403 1454 2473 principali
1486 2409 1746 2468 conﬁrma
1774 2430 1876 2470 me.

1526 348 1582 405 S.
1614 350 1987 411 ATHANASII
2020 358 2165 413 OPP.
2208 361 2387 420 PARS
2424 361 2510 422 ιίἶ.
2562 402 2621 412 σ-
2657 370 3067 432 EXEGETICA.

3807 388 3907 447 852

2260 486 2307 541 Α
2407 486 2459 541 8.
2492 488 2678 551 Ὅπως
2709 490 2774 543 ἂν
2800 491 3093 565 δικαιωθῇς
3121 497 3178 550 ἐν
3203 499 3314 561 τοῖς
3343 497 3519 567 λόγοις
3550 516 3666 553 σου’

2408 577 2459 632 9.
2493 580 2601 631 Kal
2634 584 2861 654 νικήσῃς
2888 586 2945 638 ὲν
2977 586 3054 657 τῷ
3084 588 3363 658 κρίνεσθαί
3393 608 3474 642 σε.

2407 670 2492 723 10.
2544 673 2671 725 Ἰδοὺ
2701 674 2807 746 γὰρ
2829 678 2885 731 ἐν
2917 679 3168 749 ἀνομίαις
3196 682 3555 755 συνελήφθην·

2409 763 2491 816 11.
2517 765 2625 817 Καὶ
2648 768 2703 819 ἐν
2724 769 3020 841 ἁμαρτίαις
3052 773 3306 844 ἐκίσσησέ
3350 792 3416 845 με
3442 777 3474 847 ἡ
3504 777 3685 848 μήτηρ
3714 797 3837 850 μου.

2409 854 2495 907 12.
2538 856 2665 910 Ἰδοὺ
2698 859 2805 931 γὰρ
2834 861 3091 932 ἀλήθειαν
3115 866 3426 937 ἠγάπησαςο

2407 948 2495 1002 15.
2527 949 2607 1002 Τὰ
2631 951 2800 1022 ἄδηλα
2822 955 3001 1008 καὶτὰ
3025 955 3231 1025 κρύφια
3254 958 3353 1028 τῆς
3376 957 3567 1027 σοφίας
3591 977 3684 1013 σου
3706 961 3902 1033 ἐδήλω-

2334 1040 2432 1103 σὰς
2467 1057 2575 1111 μοι.

2403 1133 2488 1186 11.
2536 1134 2799 1198 Ῥαντιεῖς
2830 1154 2896 1207 με
2921 1138 3175 1210 ὑσσώπῳ,
3218 1141 3311 1193 καὶ
3340 1141 3835 1216 καθαρισθήσομαυ

2403 1223 2490 1276 15.
2524 1225 2747 1291 Πλυνεῖς
2779 1246 2867 1298 με,
2907 1230 3001 1282 καὶ
3036 1230 3176 1302 ὑπὲρ
3204 1232 3356 1301 χιόνα
3376 1231 3836 1303 λευκανθήσομαι.

2400 1316 2489 1370 16.
2534 1318 2825 1383 Ἀκουτιεῖς
2857 1339 2947 1391 μοι
2981 1321 3299 1389 ἀγαλλίασιν
3332 1324 3426 1377 καὶ
3450 1324 3808 1397 εὐφροσύνην·

2397 1408 2483 1471 17,
2533 1410 2967 1478 Ἀγαλλιάσονται
2996 1413 3155 1466 ὀστέα
3178 1414 3636 1485 τεταπεινωμένα.

2400 1501 2482 1557 18.
2520 1503 2883 1574 Ἀπόστρεψον
2908 1505 2971 1557 τὸ
3002 1506 3291 1577 πρόσωπόν
3320 1523 3412 1559 σου
3441 1506 3550 1560 ἀπὸ
3585 1507 3695 1558 τῶν
3728 1508 3905 1578 ἁμαρ-

2322 1596 2454 1648 τιῶν
2479 1610 2600 1666 μου·

2396 1688 2480 1741 19.
2508 1688 2620 1741 Kal
2655 1689 2830 1751 πάσας
2859 1688 2957 1750 τὰς
2978 1689 3204 1759 ἀνομίας
3231 1706 3332 1760 μου
3365 1684 3663 1760 ἐξάλὲιψον.

2391 1780 2483 1834 20.
2510 1781 2752 1851 Καρδίαν
2783 1779 3029 1851 καθαρὰν
3058 1782 3241 1834 κτίσον
3264 1784 3322 1836 ὲν
3347 1782 3489 1852 ἐμοὶ,
3518 1784 3546 1835 ὁ
3573 1782 3706 1845 Θεός

984 1825 1235 1892 spiritum
1298 1842 1501 1890 rectum
1556 1840 1752 1896 innova
1809 1844 1862 1897 in
1925 1840 2295 1905 visceribusB
2390 1871 2481 1924 ει,
2514 1825 2629 1924 καῖ

2395 1825 2483 1834 ’ν’
2511 1825 2746 1851 '-"|"""'
2785 1825 3024 1851 """‘|""
3061 1825 3237 1834 """"
3264 1825 3318 1836 *⁷
3348 1825 3489 1852 Τν’ν
3520 1825 3545 1835 "
3578 1825 3703 1845 ν’*ῖ

2390 1871 2481 1924 21.
2514 1872 2623 1924 Kal
2684 1870 2899 1941 πνεῦμα
2947 1872 3100 1935 εὐθὲς
3142 1873 3446 1940 ὲγκαίνισον
3487 1875 3544 1927 ὲν
3591 1875 3705 1938 τοῖς
3736 1875 3901 1942 ἐγκά-

2324 1978 2434 2024 τοις
2464 1980 2586 2024 μου.

2537 1981 2586 2018 υ.

2385 1981 2501 2107 2211.
2504 1981 2601 2124 1111]
2625 2054 2936 2126 ἁπορῤίψῃς
2970 2071 3037 2126 με
3064 2054 3171 2108 ἀπὺ
3198 2055 3290 2108 τοῦ
3332 2055 3621 2127 προσώπου
3646 2072 3763 2107 σου·

2392 2144 2482 2198 25.
2514 2147 2626 2200 Kal
2650 2146 2711 2199 τὸ
2747 2146 2973 2217 Πνεῦμά
3013 2163 3104 2201 σου
3157 2147 3217 2200 τὸ
3273 2148 3428 2215 ἅγιον
3468 2148 3543 2219 μὴ
3602 2147 3899 2217 ἀντανέλῃς

2323 2237 2418 2289 ἀπ’
2441 2236 2595 2305 ἐμοῦ.

2394 2326 2485 2381 24.
2525 2328 2746 2392 Ἀπόδος
2781 2345 2870 2398 μοι
2903 2329 3001 2397 τὴν
3024 2328 3341 2397 ἀγαλλίασιν
3366 2329 3461 2382 τοῦ
3490 2329 3756 2400 σωτηρίου
3782 2343 3896 2382 σου⁶

2394 2419 2484 2474 25.
2516 2420 2629 2474 Kal
2661 2419 2936 2489 Πνεύματι
2959 2419 3267 2491 ἡγεμονικῷ
3300 2420 3547 2492 στήριξόν
3576 2437 3663 2491 με.

1765 2592 2141 2651 ATHANASII
2175 2595 2762 2654 INTERPRETATIO.

716 2734 767 2797 8,
799 2735 848 2788 9.
888 2734 1155 2803 Quoniam
1202 2743 1499 2811 praedixisti
1542 2746 1719 2810 nobis,
1743 2749 1890 2817 quod
1934 2759 2215 2819 peccatum

646 2842 793 2882 mors
821 2838 921 2893 est,
959 2838 1012 2884 et
1060 2832 1447 2889 inexcusabilis
1493 2845 1579 2891 est
1604 2838 1785 2895 omnis
1828 2841 1989 2895 homo
2030 2857 2215 2896 coram

646 2929 714 2973 te.

720 3010 804 3064 10.
834 3010 972 3067 Ecce
1001 3014 1146 3067 enim
1174 3015 1228 3067 in
1254 3016 1653 3087 iniquitatibus,
1683 3038 1817 3094 quas
1846 3022 1968 3091 feci,
1993 3024 2213 3080 conclu-

645 3120 738 3155 SIIS
770 3118 913 3156 SIBI].

712 3194 795 3245 11.
829 3192 1043 3248 Etcum
1073 3211 1247 3252 essem
1290 3199 1343 3253 in
1388 3205 1625 3270 peccatis
1657 3206 1893 3273 suscepit
1934 3220 2020 3260 me
2064 3206 2210 3261 lava-

645 3300 817 3337 (ῚΊΙΙΠ.

719 3377 800 3430 12.
831 3377 967 3431 Ecce
999 3366 1143 3432 enim
1175 3396 1261 3434 me
1291 3382 1505 3436 Satana:
1528 3386 1924 3441 renuntiantem
1956 3390 2173 3446 amasti.

719 3559 802 3612 15.
833 3558 895 3613 Et
924 3559 1230 3628 symbolum
1263 3561 1386 3616 [dei
1415 3572 1634 3618 tuae-me
1662 3565 1916 3621 docuisti.

718 3737 801 3789 1.1.
836 3739 1101 3807 Asperges
1130 3753 1217 3793 me
1238 3753 1335 3809 per
1360 3738 1626 3810 Spiritum
1670 3748 1916 3797 sanctum
1950 3743 2213 3811 sanguine

646 3829 763 3881 1πίΗί
794 3829 892 3890 tui,
918 3841 968 3883 et
995 3830 1354 3887 emundabor.

722 3924 803 3975 15.
846 3921 909 3975 Et
938 3938 1077 3991 aqua
1111 3924 1294 3979 lateris
1325 3926 1402 3979 tui
1434 3927 1697 3982 mundum
1729 3940 1818 3982 me
1842 3934 1899 3980 et
1946 3926 2213 3983 immacu-

644 4013 811 4065 latum
843 4012 1051 4065 reddes.

717 4104 799 4156 16.
838 4103 899 4157 Et
925 4108 1140 4157 demum
1171 4102 1391 4158 docebis
1417 4118 1501 4159 me
1524 4116 1787 4175 praecepta
1813 4112 1930 4164 tua.

720 4197 805 4248 17.
840 4196 1140 4250 Exsultabit
1163 4194 1423 4250 fortitudo
1444 4197 1638 4252 anima:
1659 4212 1812 4263 meae,
1839 4200 1908 4254 ob
1931 4213 2211 4270 peccatum

645 4299 799 4342 antea
834 4289 1063 4341 inﬁrma.

623 4433 635 4447 η
719 4380 803 4431 18.
839 4378 1102 4447 Deprecor
1135 4394 1204 4449 te,
1234 4399 1301 4438 ne
1331 4385 1561 4454 amplius
1588 4400 1773 4442 eorum
1799 4390 2103 4447 recorderis

717 4474 800 4523 19.
837 4471 940 4527 Eas
968 4490 1158 4530 omnes
1184 4477 1323 4531 dele.

711 4562 797 4614 20.
824 4563 931 4617 Cor
961 4581 1137 4619 meum
1167 4568 1220 4622 in
1251 4569 1570 4639 baptismate
1597 4590 1789 4644 purum
1822 4578 1989 4633 ellice.

713 4743 799 4796 21.
828 4742 891 4797 Ει
912 4744 993 4800 fac
1012 4756 1068 4800 ut
1085 4746 1319 4817 Spiritus
1342 4764 1562 4811 sanctus
1581 4766 1704 4812 tuus
1729 4760 1926 4815 habitet
1950 4763 2001 4817 in
2027 4765 2205 4819 anima

645 4856 760 4891 mea
792 4850 843 4892 Cl.
870 4857 919 4892 111
952 4852 1128 4895 mente
1160 4858 1297 4897 mea.

714 4929 798 4983 22.
834 4930 910 4984 Ne
942 4933 1220 5001 indignum
1258 4950 1343 4990 me
1376 4947 1589 5007 reputes
1618 4946 1789 5011 gratia
1812 4952 1925 4997 tua.

713 5021 797 5071 25.
837 5021 1069 5074 Arrliam
1100 5024 1426 5093 ad0ptionis.

713 5111 801 5163 21.
833 5112 1106 5183 Consigna
1138 5129 1222 5168 me
1257 5116 1411 5185 signo
1442 5115 1675 5187 Spiritus
1711 5124 1809 5173 tui.

712 5200 799 5253 25.
831 5200 893 5251 lit
922 5212 1112 5257 sancto
1145 5205 1349 5274 Spiritu
1380 5209 1449 5263 ob
1480 5211 1816 5266 divinitatem
1850 5217 2207 5286 omnipotenti

640 5289 885 5345 contorta
913 5309 1013 5346 me.

2388 2752 2441 2814 8,
2470 2751 2523 2804 9.
2557 2751 2633 2821 (1)
2664 2751 2787 2803 ’Ότι
2817 2752 3075 2821 προεῖπες
3107 2751 3258 2821 ἡμῖν,
3300 2751 3382 2804 ὅτι
3433 2751 3467 2821 ὴ
3523 2751 3771 2822 ἁμαρτία
3804 2753 3896 2809 θά.

2316 2842 2473 2904 νατός
2505 2844 2642 2906 ἐστι,
2686 2841 2780 2894 καὶ
2844 2840 3245 2912 ἀναπολόγητός
3293 2843 3409 2895 ἐστι
3452 2842 3561 2904 πᾶς
3612 2842 3897 2913 ἄνθρωπος

2316 2932 2545 2986 ἐνώπιόν
2583 2951 2696 2989 σου.

2387 3025 2474 3081 10.
2505 3026 2634 3079 Ἰδοὺ
2660 3027 2766 3098 γὰρ
2793 3028 2851 3081 ὲν
2866 3025 3139 3095 ἀνομίαις,
3158 3024 3225 3089 ἃς
3241 3023 3448 3095 ἔπραξα
3471 3024 3895 3095 συγκεκλεισμέ⁴

2312 3136 2403 3182 νος
2436 3119 2572 3188 εἰμί.

2385 3210 2474 3265 11.
2509 3211 2619 3264 Kal
2660 3212 2717 3263 ὲν
2742 3211 3179 3283 ταῖςξὰμαρτίαις
3220 3212 3350 3266 ὄντα
3409 3228 3478 3281 με
3527 3209 3788 3264 ωνέλαὸἐ
3825 3226 3893 3281 με

2310 3303 2345 3375 ἠ
2366 3302 2741 3374 κολυμϐήθρα.

2382 3391 2470 3446 12.
2515 3391 2643 3445 Ἰδοὺ
2678 3391 2787 3465 γὰρ
2818 3390 3229 3463 ἁποταξάμενόν
3282 3409 3351 3463 με
3386 3391 3465 3463 τῷ
3514 3392 3728 3463 Σατανᾷ
3755 3394 3895 3463 ἠγά-

2311 3500 2515 3554 πησας.

2381 3574 2466 3628 15.
2501 3575 2612 3628 Kal
2636 3573 2698 3627 τὺ
2732 3574 2995 3645 σύμϐολον
3024 3575 3099 3646 (2)
3154 3575 3254 3646 τῆς
3284 3573 3519 3639 πίστεώς
3570 3591 3665 3628 σου
3715 3574 3894 3629 ἐδίδα-

2312 3665 2405 3731 ξάς
2431 3684 2521 3734 με.

2381 3758 2467 3812 14.
2513 3760 2778 3822 Ῥαντιεῐς
2802 3775 2868 3829 με
2892 3757 2968 3828 τῷ
2990 3758 3127 3829 ἁγίῳ
3143 3760 3419 3830 Πνεύματι
3444 3760 3505 3813 τὸ
3530 3754 3669 3831 αἷμα
3703 3762 3781 3831 ('5)
3799 3762 3893 3814 τοῦ

2310 3848 2439 3902 Υἱοῦ
2476 3867 2590 3917 σου,
2627 3851 2720 3905 καὶ
2754 3849 3249 3923 καθαρισθήσομαι.

2380 3940 2465 3995 15.
2492 3943 2602 3996 Kal
2621 3943 2698 4014 τῷ
2722 3943 2875 3997 ὕδατι
2898 3942 2973 4013 τῷ
3010 3945 3074 3996 ἐκ
3100 3944 3199 4014 τῆς
3226 3943 3465 4014 πλευρᾶς
3514 3958 3607 3995 σου
3661 3944 3895 3998 ἄσπιλον

2311 4031 2405 4084 καὶ
2437 4033 2662 4103 ἄμωμον
2696 4033 2990 4099 ἀναδείξεις
3022 4053 3107 4106 με.

2384 4121 2471 4175 16.
2506 4123 2615 4175 Kal
2638 4123 2820 4177 λοιπὸν
2848 4123 3078 4187 διδάξεις
3105 4141 3169 4195 με
3200 4123 3296 4187 τὰς
3315 4123 3533 4189 ἐντολάς
3558 4141 3675 4178 σου.

2382 4213 2469 4266 17.
2518 4211 2925 4280 Ἀγαλλιάσεται
2985 4217 3018 4284 ἡ
3085 4216 3236 4283 ἰσχὺς
3279 4216 3378 4284 τῆς
3408 4215 3589 4288 ψυχῆς
3616 4234 3742 4287 μου,
3768 4220 3804 4289 ὴ
3834 4218 3896 4273 τὸ

2314 4307 2573 4378 πρότερον
2592 4307 2695 4360 ὑπὸ
2715 4307 2814 4377 τῆς
2841 4308 3108 4378 ἁμαρτίας
3137 4308 3454 4363 ἀσθενοῦσα.

2384 4398 2468 4452 18.
2501 4397 2698 4467 Δέομαί
2722 4415 2833 4452 σου·
2874 4398 2947 4468 μὴ
2981 4398 3221 4469 μνησθῇς
3243 4401 3422 4453 αὐτῶν
3459 4403 3559 4458 ἔτι.

2242 4501 2287 4557 D
2385 4490 2472 4543 19.
2502 4487 2667 4550 Ὅλας
2698 4488 2864 4552 αὑτὰς
2885 4489 3144 4557 ἀφάνισον
3175 4490 3272 4560 (4).

2378 4579 2466 4634 20.
2516 4578 2711 4651 Ἀγνὴν
2765 4580 2989 4652 ποίησον
3035 4581 3093 4634 ἐν
3149 4582 3226 4652 (5)
3252 4582 3330 4653 τῷ
3397 4582 3733 4654 βαπτίσματι
3792 4587 3896 4660 τὴν

2311 4670 2531 4740 καρδίαν
2571 4688 2691 4740 μου.

2383 4762 2473 4815 21.
2502 4762 2609 4814 Kal
2639 4762 2700 4813 τὸ
2730 4762 2954 4832 Πνεῦμα
2981 4780 3073 4816 σου
3102 4763 3163 4816 τὸ
3204 4763 3357 4831 ἅγιον
3410 4766 3635 4819 ἐνοικεῖν
3665 4768 3895 4842 ποίησον

2318 4853 2373 4905 ὲν
2402 4855 2463 4922 τῇ
2494 4853 2637 4923 ψυχῇ
2662 4869 2761 4921 μου
2790 4853 2884 4904 καὶ
2904 4854 2961 4904 ἐν
2986 4856 3051 4923 τῇ
3083 4853 3287 4925 διανοίᾳ
3315 4872 3435 4923 μου.

2388 4944 2474 4997 22.
2505 4945 2592 5014 Μὴ
2630 4944 2843 5006 ἀνάξιόν
2872 4962 2935 5015 με
2960 4947 3138 5018 ἡγήσῃ
3162 4946 3260 5017 τῆς
3290 4948 3506 5019 χάριτός
3531 4965 3643 5004 σου.

2389 5037 2475 5089 25.
2506 5036 2606 5088 Τὸν
2636 5037 2931 5106 ἀρραϐῶνα
2960 5038 3057 5105 τῆς
3086 5039 3375 5103 υἱοθεσίας.

2385 5125 2471 5176 21.
2502 5125 2802 5194 Σφράγισόν
2839 5143 2906 5195 με
2936 5129 3002 5197 τῇ
3026 5129 3275 5197 σφραγῖδι
3305 5130 3397 5181 τοῦ
3427 5131 3740 5199 Πνεῦματός
3771 5150 3890 5188 σου.

2384 5217 2471 5271 25.
2497 5218 2695 5287 Καὶτῷ
2718 5219 2855 5289 ἁγίῳ
2896 5218 3169 5289 Πνεύματι
3201 5220 3280 5273 τῶ
3332 5224 3397 5280 τῆ
3460 5223 3676 5293 θεότητι
3730 5226 3893 5279 αὐτοι

2316 5310 2619 5382 κρατορικῴ
2648 5314 2721 5379 (li)
2751 5312 3064 5366 δυνάιιωσόν
3099 5331 3184 5383 με.

1586 5460 1895 5525 Addenda
1937 5472 1996 5525 et
2027 5466 2405 5544 corrigenda
2450 5484 2527 5528 ex
2582 5467 2722 5527 cod.
2784 5469 2980 5529 Vatic.

713 5611 787 5677 (1)
827 5632 877 5666 η.
909 5615 960 5668 8.
1004 5619 1143 5677 Ὅτι,
1181 5628 1304 5682 etc,
1335 5639 1383 5675 η.
1416 5623 1463 5676 9.
1495 5623 1600 5676 Καὶ
1631 5625 2047 5697 summ-«3;,
2080 5641 2180 5685 etc.

714 5684 789 5743 ('2)
815 5684 1133 5743 Σύμδουλον.

714 5692 789 5741 (2!)
816 5692 1133 5741 Συξλῧουλον.

718 5735 789 5823 (ὅ)
823 5756 862 5805 Τ
868 5735 908 5828 ᾧ
932 5735 1132 5827 utilia
1150 5760 1262 5825 τοῦ,
1294 5772 1391 5815 etc.

2384 5630 2455 5702 (1)
2496 5632 2741 5697 Ἀφανεῖς
2768 5633 3007 5702 ποίησον.

2379 5703 2454 5769 (5)
2495 5704 2592 5752 Ἰτῖι·
2627 5703 2794 5755 deest.

2383 5772 2455 5846 (6)
2502 5772 2659 5843 Ἀγίῳ
2692 5791 2844 5828 σου...
2883 5777 3367 5852 αὐτοκρατορικῶς.
