4060 6470
250 438 357 492 855
1249 431 1334 485 DE
1376 427 1652 483 TITUIJS
1689 428 2139 486 PSALMORUM.
2173 462 2243 473 —
2280 432 2474 487 PSAL
2511 434 2569 486 L.
3404 430 3510 485 854

324 548 412 605 25.
442 548 645 611 Διδὰξω
675 548 909 617 ἀνόμους
936 548 1033 610 τὰς
1054 547 1204 610 ὁδούς
1241 561 1353 597 σου·
1865 552 1911 606 Α

1330 561 1353 589 ι·
1865 552 1911 606 Α
2008 546 2098 599 26.
2135 546 2351 601 Docebo
2384 548 2601 616 iniquos
2628 547 2745 601 vias
2776 556 2895 600 tuas
2922 566 2933 601 :

324 642 412 697 27.
447 644 556 694 Καὶ
582 640 796 702 ἀσεϐεῖς
823 641 913 692 ἐπὶ
935 640 992 691 σὲ
1027 642 1432 712 ἐπιστρέφουσι.

1362 661 1432 696 σι.
2004 636 2095 689 27.
2129 635 2193 689 Et
2218 637 2370 706 impii
2394 636 2463 691 ad
2488 647 2538 691 te
2560 647 2965 691 convertentur.

323 734 413 786 28.
456 732 644 785 Ῥῦσαί
678 749 743 799 με
771 731 828 797 ἐξ
850 732 1115 802 αἱμάτων,
1146 735 1173 785 ὀ
1202 733 1355 799 Θεὸς,
1385 737 1413 786 ό
1440 735 1569 798 Θεὸς
1598 734 1695 804 τῆς
1727 749 1829 785 σω-

2004 726 2094 780 28.
2127 725 2320 782 Libera
2352 743 2439 783 me
2468 728 2533 783 de
2563 728 2945 799 sanguinibus,
2968 727 3129 796 Deus,
3144 726 3287 783 Deus
3317 727 3510 783 salutis

247 826 446 897 τηρίας
476 842 575 893 μου
593 841 607 856 ·

502 842 575 876 ιου
593 841 607 856 ⁸
1932 837 2068 877 meae
2095 843 2105 878 ε

320 920 410 973 29.
474 915 880 984 ’Λγαλλιὰσεται
944 918 979 988 ὴ
1018 916 1238 985 γλῶσσά
1297 935 1396 970 αου
1441 916 1539 987 τὴν
1563 915 1831 970 δικαιοσύ-

1692 915 1831 970 ιοσύ-
2001 913 2091 967 29.
2128 912 2436 969 Exsultabit
2469 912 2654 982 lingua
2681 926 2801 967 mea
2828 912 3094 982 justitiam
3124 921 3290 969 tuam.

245 1032 345 1083 νην
375 1029 488 1064 σου.

320 1108 407 1159 59.
440 1105 633 1176 Κύριε,
665 1106 733 1158 τὰ
765 1104 917 1174 χείλη
956 1122 1057 1174 μου
1112 1103 1366 1171 ἀνοίξεις,
1433 1104 1526 1156 καὶ
1556 1103 1618 1156 τὸ
1659 1103 1830 1171 στόμα

2003 1086 2093 1141 50.
2132 1085 2381 1147 Domine,
2413 1087 2555 1141 labia
2607 1101 2725 1140 mea
2766 1086 2995 1155 aperies,
3022 1094 3073 1140 ct
3104 1100 3166 1141 os
3196 1102 3375 1141 meum
3406 1102 3504 1141 an-

247 1217 351 1266 μου
376 1199 664 1265 ἀναγγελεῖ
690 1198 789 1267 τὴν
821 1196 1023 1249 αἴνεσίν
1059 1213 1151 1249 σου

1059 1213 1151 1249 σου
1933 1177 2206 1231 nuntiabit
2233 1176 2446 1230 laudem
2479 1186 2625 1231 tuam
2647 1194 2656 1227 :

318 1290 406 1343 51.
432 1291 550 1342 ’Ότι
579 1292 626 1342 εἰ
652 1290 916 1352 Ῠθέλτπσας
951 1288 1161 1352 θυσίαν,
1194 1288 1366 1341 ἔδωκα
1404 1287 1489 1341 ἄν*

2000 1270 2094 1322 51.
2129 1269 2400 1335 Quoniam
2442 1268 2487 1323 si
2535 1269 2803 1324 voluisses
2832 1268 3180 1337 sacriﬁcium,
3233 1269 3500 1326 dedissem

1930 1362 2114 1431 utique
2136 1379 2147 1415 :

317 1466 408 1520 52.
448 1466 903 1536 Ὀλοκαυτώματα
932 1468 1032 1519 οὐκ
1063 1465 1393 1535 εὐδοκήσεις.

1997 1453 2087 1508 52.
2128 1452 2474 1508 llolocaustis
2508 1469 2617 1507 non
2649 1454 3023 1512 delectaberis.

315 1556 408 1610 55.
441 1558 609 1609 Θυσία
640 1556 717 1627 τῷ
742 1555 859 1626 Θεῷ
889 1555 1106 1625 πνεῦμα
1138 1554 1613 1625 συντετριμμένονο

1923 1544 1981 1615 [ι
1997 1544 2086 1598 55.
2118 1545 2458 1601 Sacriﬁcium
2489 1545 2598 1601 Deo
2619 1548 2840 1615 spiritus
2866 1549 3263 1606 contribulatus

313 1650 403 1704 5i.
430 1649 670 1719 Καρδίαν
701 1647 1168 1718 συντετριμμένην
1204 1646 1299 1699 καὶ
1350 1646 1825 1717 τεταπεινωμένην

1998 1636 2088 1692 54.
2122 1637 2230 1693 Cor
2258 1639 2553 1695 contritum
2590 1651 2641 1694 et
2672 1641 3035 1708 humiliatum,
3064 1641 3229 1711 Deus,
3260 1658 3365 1699 non
3407 1643 3500 1697 de-

238 1746 268 1797 ὀ
296 1743 429 1806 Θεὸς
447 1744 544 1794 οὐκ
566 1740 929 1806 ἐξουδενώσει.

536 1760 544 1794 :
566 1740 929 1806 ὲξουδενώσει.
1923 1729 2139 1799 spicies.

313 1834 402 1886 55.
467 1831 777 1900 Ἀγάθυνον,
840 1831 1035 1902 Κύριε,
1085 1832 1142 1886 ὲν
1193 1833 1260 1902 τῇ
1307 1830 1525 1902 εὐδοκία
1576 1847 1669 1883 σου
1722 1828 1821 1898 τὴν

1995 1821 2084 1875 55.
2114 1819 2349 1889 Benigne
2394 1818 2498 1883 fac,
2534 1817 2780 1886 Domine,
2820 1819 2872 1872 in
2922 1819 3063 1875 bona
3103 1822 3377 1879 voluntate
3408 1835 3497 1882 tua

239 1924 382 1977 Σιών
405 1941 415 1952 ·

1928 1911 2057 1968 Sion
2085 1933 2096 1967 :

313 2016 399 2070 56.
437 2015 548 2068 Καὶ
575 2015 983 2088 οίκοδομηθήτω
1002 2016 1072 2069 τά
1102 2016 1255 2087 τείχη
1295 2014 1671 2085 Ἰερουσαλήμ.

1473 2014 1671 2084 σαλήμ.
1990 2007 2082 2061 56.
2114 2004 2182 2061 Ut
2210 2005 2546 2059 aediﬁcentur
2578 2002 2721 2056 muri
2745 2002 3067 2059 Jerusalem.

311 2107 401 2160 57.
435 2108 567 2159 Τότε
608 2107 918 2179 εὑδοκήσεις
951 2105 1141 2160 θυσίαν
1161 2091 1537 2176 δικαιοσύνης,

1991 2099 2081 2154 57.
2115 2097 2157 2151 Τ
2164 2114 2269 2153 unc
2298 2096 2608 2166 acceptabis
2641 2096 2972 2152 sacriﬁcium
3002 2098 3245 2167 justitie,

308 2196 397 2249 58.
452 2196 755 2267 Ἀναιρορὰν
783 2198 878 2249 καὶ
905 2193 1330 2266 ὁλοκαυτώματα
1350 2212 1363 2227 ·

1281 2212 1330 2248 τα
1350 2212 1363 2227 ·
1988 2192 2079 2250 58.
2110 2189 2425 2245 Oblationes
2448 2199 2503 2244 et
2526 2190 2845 2246 holocausta
2871 2210 2884 2245 :

309 2289 397 2345 59.
430 2288 561 2342 Τότε
597 2288 900 2342 ἀνοίσουσιν
950 2288 1045 2342 ἐπὶ
1072 2286 1134 2343 τὸ
1163 2287 1544 2360 θυσιαστήριον
1576 2304 1671 2340 σου
1715 2287 1812 2357 μό-

1785 2316 1812 2327 -
1988 2285 2075 2340 59.
2111 2282 2264 2338 Tunc
2294 2283 2575 2353 imponent
2597 2297 2760 2351 super
2788 2284 2957 2339 altare
2984 2294 3133 2339 tuum
3163 2283 3386 2341 vitulos.

238 2397 418 2451 σχους.

1357 2551 1735 2608 ATHANASII
1780 2549 2369 2606 INTERPRETATIC.

305 2714 395 2771 26.
429 2717 539 2770 Καὶ
566 2716 894 2786 διηγήσομαι
952 2717 1063 2786 τοῖς
1094 2713 1168 2784 μὴ
1197 2713 1359 2766 εἰδόσι
1390 2728 1447 2763 σε
1487 2710 1584 2781 τὴν
1635 2711 1714 2772 είς
1750 2707 1808 2760 σὲ

1984 2705 2075 2764 26.
2110 2705 2176 2761 Et
2205 2708 2439 2761 narrabo
2469 2707 2838 2762 nescientibus
2872 2715 2921 2761 te
2954 2706 3113 2760 ﬁdem
3140 2716 3285 2760 tuam
3312 2715 3365 2761 et
3389 2708 3489 2762 mi-

232 2808 416 2860 πίστιν
441 2808 533 2861 καὶ
564 2807 624 2859 τὸ
649 2806 738 2858 σὸν
761 2804 933 2869 ἔλεος.

860 2822 933 2869 ος.
1914 2800 2265 2856 sericordiam
2296 2810 2463 2855 trram.

302 2898 391 2950 27.
433 2897 538 2950 Καὶ
574 2896 860 2957 ἀκούοντες
889 2894 1132 2958 ἀσεϐεῖς,
1181 2895 1261 2947 ὅτι
1293 2893 1465 2957 οὕτως
1509 2895 1808 2965 συγχωρεῖς

1982 2893 2073 2947 27.
2108 2893 2172 2948 Et
2213 2893 2365 2962 impii
2404 2895 2708 2957 audientes,
2742 2894 2887 2963 quod
2930 2894 3000 2948 ita
3027 2894 3238 2949 veniam
3281 2894 3488 2965 pra-bes

228 2992 342 3052 τοῖς
370 2988 715 3042 πιστεύουσιν
755 2990 835 3052 εἰς
860 2988 940 3053 σὲ,
972 2988 1386 3058 ἐπιστρέφουσιν
1414 2987 1512 3055 (1).

1263 3005 1386 3039 ηυσιν
1414 2987 1512 3055 (1).
1838 3026 1880 3084 C
1912 2986 2259 3042 credentibus
2289 2988 2341 3040 in
2367 2995 2437 3052 te,
2469 2996 2866 3041 convertentur.

300 3079 387 3132 23.
432 3078 620 3133 Ῥὖσαί
650 3096 715 3149 με
739 3081 803 3132 ὲκ
827 3077 935 3132 τῶν
963 3076 1055 3129 τοῦ
1085 3076 1277 3146 ἐχθροῦ
1311 3076 1611 3147 δυνάμεων,
1847 3076 1880 3084 ⁷

1527 3093 1611 3140 ων,
1847 3076 1880 3084 ⁷
1984 3077 2075 3130 28.
2112 3076 2305 3130 Libera
2340 3092 2426 3132 me
2460 3093 2489 3131 a
2521 3078 2880 3146 potestatibus
2905 3076 3130 3131 inimici.

298 3174 388 3229 29.
427 3174 727 3243 Μελετησει
756 3168 1033 3242 ήγλῶσσά
1061 3186 1159 3239 μου
1190 3169 1258 3222 τὰ
1278 3169 1432 3238 λόγια
1461 3186 1574 3223 σου.

1525 3189 1574 3223 υ.
1979 3166 2070 3222 29.
2102 3166 2373 3237 Cogitabit
2404 3170 2590 3237 lingua
2617 3186 2739 3224 mea
2765 3171 2981 3240 eloquia
3019 3182 3128 3223 tua.

297 3268 387 3323 5t).
423 3266 717 3337 Πλήρωσον
749 3263 817 3317 τὰ
845 3264 996 3333 χείλη
1020 3263 1118 3334 τῆς
1142 3263 1368 3334 καρδίας
1400 3281 1500 3334 μου
1535 3263 1631 3332 τῆς
1657 3263 1810 3332 χάρι-

1980 3260 2070 3313 50.
2105 3258 2270 3328 imple
2288 3259 2429 3313 labia
2450 3261 2631 3315 cordis
2657 3263 2759 3315 mei
2786 3264 2956 3332 gratia
2984 3272 3097 3318 tua.
3128 3270 3184 3315 ut
3213 3278 3273 3315 us
3303 3276 3480 3316 meum

222 3362 317 3423 τός
343 3377 460 3423 σου,
481 3360 569 3412 ἵνα
598 3358 662 3411 τὺ
691 3358 862 3428 στόμα
889 3374 988 3427 μου
1016 3355 1305 3425 ἀναγγελεῖ
1330 3357 1429 3423 τὴν
1456 3355 1661 3409 αἴνεσίν
1694 3373 1804 3410 σου.

1033 3355 1305 3425 ἱναγγελεῖ
1330 3357 1429 3423 τὴν
1456 3355 1661 3409 αἴνεσίν
1694 3373 1804 3410 σου.
1910 3352 2194 3407 annuntiet
2222 3352 2434 3407 laudem
2471 3362 2636 3405 tuam.

292 3453 384 3506 51.
419 3451 586 3504 Οὐδὲν
611 3449 880 3520 ἠθέλησας
906 3446 1091 3502 λαϐεῖν
1129 3450 1258 3518 παρ’
1290 3446 1444 3517 ἐμοῦ,
1484 3449 1604 3501 ἐπεὶ
1633 3448 1807 3502 ἔδωκα

1978 3445 2068 3499 51.
2096 3443 2242 3498 Nihil
2270 3444 2490 3501 voluisti
2519 3462 2548 3499 a
2583 3460 2669 3500 me
2700 3445 2966 3513 accipere,
3001 3446 3256 3514 quoniam
3302 3446 3482 3501 dedis-

220 3542 289 3597 ἂν
325 3543 466 3613 ὑπὲρ
488 3541 595 3594 τῶν
624 3538 906 3611 ἁμαρτιῶν
931 3555 1054 3608 μου.

1908 3551 2020 3591 sem
2049 3537 2240 3605 utique
2267 3553 2366 3607 pro
2391 3539 2628 3607 peccatis
2656 3539 2811 3592 meis.

293 3635 383 3689 52.
417 3631 651 3686 Σεαυτὸν
670 3632 778 3703 γὰρ
804 3630 1013 3701 μέλλεις
1048 3632 1260 3702 σφαγὴν
1299 3632 1375 3700 (2)
1435 3632 1633 3686 διδόναι
1666 3634 1805 3705 ὑπὲρ

1977 3628 2066 3682 52.
2100 3625 2176 3679 Te
2230 3627 2411 3697 ipsum
2453 3630 2599 3681 enim
2636 3630 2938 3684 traditurus
2979 3643 3037 3683 es
3072 3628 3343 3682 victimam
3382 3645 3480 3699 pro

222 3729 255 3797 ἡ
264 3725 403 3797 μῶν.

1905 3720 2083 3776 nobis.

292 3816 382 3872 55.
410 3815 827 3869 Ταπεινωθέντα
857 3832 925 3887 με
955 3812 1448 3887 ἐξομολογήσασθαί
1467 3816 1541 3885 (5)
1571 3834 1671 3870 σοι.

1365 3815 1448 3868 θαί
1467 3816 1541 3885 (5)
1571 3834 1671 3870 σοι.
1971 3816 2059 3873 55.
2090 3813 2444 3871 Humiliatum
2479 3836 2562 3873 ine
2585 3819 2826 3873 conﬁteri
2855 3820 2968 3875 tibi.

293 3907 642 3979 54.Καρδίαν
671 3906 1169 3978 ὲξομολογουμένην
1196 3926 1276 3962 σοι
1294 3908 1392 3962 οὐκ
1420 3909 1798 3981 ἀπορρίπτεις.

1384 3926 1392 3962 :
1420 3909 1798 3981 ἀπορρίπτεις.
1971 3907 2059 3961 54.
2090 3908 2197 3964 Cor
2234 3911 2329 3964 tibi
2356 3912 2620 3967 conﬁtens
2655 3926 2758 3964 non
2785 3911 2987 3979 rejicis.

292 3999 379 4055 55.
423 4000 695 4071 ’Υπακοὴν
726 4002 968 4071 ποίησον,
1028 4003 1217 4073 Κύριε,
1280 4003 1359 4073 τῷ
1406 4004 1668 4076 θελήματί
1707 4024 1799 4060 σου

1972 4000 2059 4054 35.
2091 3999 2220 4062 Fac,
2257 4001 2506 4065 Domine,
2540 4006 2919 4072 obtemperare
2954 4006 3217 4061 voluntati
3254 4016 3358 4060 tum
3381 4022 3475 4063 cor

220 4091 321 4160 τὴν
359 4090 585 4159 καρδίαν
617 4108 737 4161 μου.
774 4092 927 4144 Σιὼν
982 4092 1091 4163 γὰρ
1135 4095 1579 4163 σκοπευτήριον
1631 4099 1799 4170 ἑρμη-

1902 4106 2101 4144 meum.
2137 4089 2263 4143 Sion
2310 4093 2455 4145 cnim
2498 4092 2880 4160 interpretatur
2916 4097 3159 4162 specula,
3197 4098 3356 4166 quale
3390 4108 3472 4151 est

219 4182 456 4248 νεύεται,
487 4184 626 4255 ὅπερ
653 4184 802 4237 ἐστὶν
828 4185 865 4252 ἡ
911 4184 1142 4252 καρδία.
1901 4201 2008 4236 cor.

290 4274 379 4330 56.
414 4277 523 4328 Καὶ
551 4277 606 4327 αἱ
635 4276 843 4330 εντολαί
867 4294 961 4330 σου
997 4276 1355 4348 πληρωθῶσιν
1397 4280 1454 4331 ἐν
1488 4282 1551 4350 τῇ
1592 4280 1797 4352 διανοίᾳ

1967 4274 2054 4329 56.
2092 4272 2155 4326 Ει
2191 4284 2455 4343 prtecepta
2492 4284 2578 4328 tua
2627 4275 2958 4344 impleantur
3002 4281 3055 4335 in
3104 4292 3283 4337 mente
3329 4301 3466 4342 mea.

222 4387 347 4439 μου.
378 4367 779 4437 Ἰερουσαλὴμ
814 4370 921 4441 γὰρ
944 4369 1303 4445 ἑρμηνεύεται
1329 4371 1475 4425 αὐτὸ
1511 4372 1585 4442 (1)
1617 4375 1795 4428 πνεῦ-
1823 4416 1825 4422 .

1823 4366 1871 4425 D
1899 4368 2194 4423 Jerusalem
2224 4370 2369 4422 enim
2403 4368 2790 4439 interpretatur
2818 4372 2925 4436 ipse
2947 4374 3166 4441 spiritus
3200 4377 3402 4443 gratim.

211 4480 301 4530 μα
334 4478 595 4529 χάριτος.

286 4554 376 4607 57.
404 4554 557 4620 Τότε,
594 4555 670 4607 ὅτ’
699 4555 765 4609 ἄν
788 4572 872 4619 τις
898 4557 1001 4627 πλη
1011 4555 1157 4630 ρώσῃ
1194 4560 1287 4624 τὰς
1311 4562 1529 4625 ἐντολάς
1552 4579 1665 4628 σου,
1702 4565 1789 4615 εὑ-

1959 4549 2048 4602 57.
2084 4547 2236 4602 Tunc
2270 4563 2391 4601 eum
2441 4550 2564 4616 quis
2608 4550 2912 4620 impleverit
2938 4563 3204 4624 praecepta
3228 4566 3341 4613 tua.
3376 4572 3463 4613 ac-

218 4645 545 4714 πρόσδεκτός
584 4648 731 4700 ὲστιν
762 4648 794 4718 ἡ
823 4647 955 4719 εὐχὴ
987 4649 1062 4719 (5)
1090 4650 1255 4704 αὐτοῦ
1290 4655 1439 4723 παρά
1474 4654 1572 4706 σοί.

1312 4655 1439 4723 παρὰ
1474 4654 1572 4706 σοί,
1892 4638 2175 4707 ceptabilis
2205 4647 2288 4691 est
2322 4638 2497 4691 oratio
2525 4640 2643 4708 ejus
2675 4645 2816 4711 apud
2847 4653 2915 4695 te.

287 4738 373 4792 58.
401 4739 510 4791 Καὶ
545 4741 576 4809 ἡ
611 4743 883 4813 προσευχὴ
918 4732 1182 4812 μου,’καὶ
1232 4746 1351 4809 ὅλος
1400 4747 1787 4817 εὐπρόσδεκτός

1962 4728 2048 4780 58.
2081 4725 2143 4779 Et
2165 4728 2342 4780 oratio
2366 4744 2506 4794 mea,
2533 4740 2584 4784 et
2614 4746 2712 4801 ego
2743 4742 2888 4787 totus
2924 4735 3015 4788 tibi
3055 4746 3259 4805 gratus,
3289 4747 3340 4791 ct
3380 4754 3462 4791 ae-

217 4830 298 4881 σοί
333 4833 467 4901 εἰμι.

1892 4818 2173 4887 ccptabilis
2198 4835 2341 4873 sum.

280 4922 366 4975 59.
399 4924 531 4976 Τότε
557 4926 917 4996 περιεστῶτες
945 4930 1003 4981 ἐν
1036 4929 1114 4999 τῷ
1145 4930 1451 5001 ἐπουρανίῳ
1496 4931 1783 5004 θυσιαστη-

1957 4913 2045 4965 59.
2104 4911 2255 4967 Tunc
2302 4914 2716 4968 circumstantes
2778 4915 2827 4966 in
2885 4917 3254 4984 supercwlcsti
3305 4921 3456 4975 altari

216 5013 317 5082 ρίῳ
337 5016 383 5067 οἱ
411 5015 554 5083 ἆγιοι
582 5017 800 5085 ἄγγελοί
822 5036 915 5072 σου
930 5020 1209 5085 δοξάσουσί
1228 5040 1307 5088 σε,
1336 5024 1416 5075 ὅτι
1433 5023 1668 5093 ὴλέησάς

1889 5002 2059 5056 sancti
2094 5004 2268 5073 angeli
2304 5004 2379 5057 tui
2408 5004 2787 5072 gloriﬁcabunt
2820 5012 2888 5070 te,
2922 5009 3176 5076 quoniam
3205 5010 3458 5065 misrrtus

1886 5110 1944 5148 ('S
1974 5111 2096 5148 lllt‘l.

1157 5284 1460 5346 Addenda
1494 5293 1553 5347 et
1580 5290 1953 5368 corrigenda
1979 5311 2056 5354 ex
2091 5296 2229 5356 cod.
2270 5298 2461 5357 Vatia.

282 5442 355 5525 (1)
481 5441 760 5525 ἀσεϐεἴςτ..
788 5447 1222 5525 ἐπιστρέφουσιν.
1305 5521 1314 5525 Δ
1959 5457 2033 5525 ti)
2067 5458 2260 5511 Αὑτοῦ.

384 5512 1004 5638 ⁴ξναέῗὲνιγγάξθμέλλεις
1026 5512 1111 5582 είς
1144 5521 1375 5590 σφαγήν,
1405 5533 1505 5578 ctt'.
2064 5528 2456 5598 Ευπρόσδεκτοί
2492 5533 2625 5583 εἰσίν
2649 5536 2700 5585 αἱ
2732 5536 2904 5603 εὐχαί.

334 5644 341 5649 1
443 5621 471 5650 η,
508 5636 519 5650 ι
596 5620 605 5634 .
649 5602 717 5650 ςει
832 5604 842 5636 ι

334 5602 351 5649 ,Ι
399 5602 717 5655 ιςομοωξέι
726 5602 842 5638 συαι
