4060 6502
223 447 330 503 857
1207 455 1292 508 DE
1328 455 1598 514 TITULIS
1639 460 2084 522 PSALMORUM.
2124 497 2192 508 ——
2231 467 2420 524 PSAL.
2452 470 2561 524 LII.
3364 474 3465 529 858

299 562 386 619 12.
421 564 528 616 Καὶ
560 561 648 616 ἐπ’
673 565 833 620 αὑτὸν
866 567 1201 635 γελάσονται,
1226 572 1317 624 καὶ
1338 572 1550 643 ἐροῦσιν
1572 591 1585 606 ο
1824 592 1873 646 Α

1524 593 1550 626 ν
1572 591 1585 606 ο
1824 592 1873 646 Α
1971 583 2058 636 12.
2093 582 2153 636 Et
2183 600 2348 654 super
2380 601 2501 640 eum
2529 586 2801 651 ridebunt,
2827 598 2878 642 et
2910 588 3087 641 dicent
3115 605 3127 638 :

301 655 385 708 15.
433 656 562 709 Ἰδοὺ
595 656 896 729 ἄνθρωπος,
936 660 995 724 ὃς
1013 661 1114 713 οὐκ
1142 661 1292 715 ἔθετο
1323 662 1411 716 τὸν
1442 665 1573 718 Θεὸν
1605 666 1794 737 βοηθὸν

1961 674 2046 728 15.
2083 675 2219 731 Ecce
2246 677 2430 744 homo,
2463 678 2554 748 qui
2591 694 2695 732 non
2729 679 2910 747 posuit
2940 678 3109 733 Deum
3133 679 3458 749 atljlthIilim

227 763 396 799 αυτου
415 763 426 777 ⁸

1895 779 2084 819 suum:

303 837 390 891 H.
437 836 572 892 Ἀλλ’
603 838 902 895 ὲπύλπισεν
940 841 1033 896 ἐπὶ
1058 842 1136 896 τῶ
1182 845 1372 914 πλήθει
1424 846 1516 900 τοῦ
1565 848 1793 904 πλούτου

1965 857 2052 910 14.
2089 857 2192 911 Sed
2233 858 2467 927 speravit
2509 859 2562 912 in
2599 859 2944 914 multitudine
2985 861 3291 916 divitiarum
3335 878 3458 918 sua-

227 945 397 981 αυτου
414 945 430 958 ’
1893 963 2014 1002 rum
2040 966 2054 1002 ε

307 1019 390 1072 15.
425 1019 533 1073 Καὶ
564 1018 936 1093 ἐνεδυναμώθη
969 1023 1058 1075 ἐπὶ
1074 1027 1137 1094 τῇ
1173 1027 1492 1098 ματαιότητι
1518 1031 1702 1084 αὐτοῦ.

1367 1031 1492 1098 ἐτητι
1518 1031 1702 1084 αὐτοῦ.
1970 1039 2054 1092 15.
2088 1039 2151 1092 Et
2179 1041 2458 1108 praevaluit
2494 1042 2546 1095 in
2581 1042 2816 1096 vanitate
2853 1059 2970 1098 sua.

303 1109 387 1164 16.
430 1109 570 1178 Ἐγὼ
600 1110 655 1162 δὲ
684 1109 814 1164 ὡσεὶ
848 1111 1001 1165 ἐλαία
1037 1117 1388 1186 κατάκαρπος
1439 1122 1496 1173 ὲν
1540 1121 1615 1191 τῷ
1662 1122 1795 1191 οἴκῳ

1976 1131 2063 1183 16.
2107 1130 2218 1200 Ego
2269 1109 2451 1186 autem
2501 1132 2641 1186 sicut
2682 1133 2820 1186 oliva
2874 1133 3147 1189 fructifera
3199 1137 3251 1188 itt
3299 1135 3458 1190 domo

230 1203 325 1256 τοῦ
349 1201 481 1255 Θεοῦ
503 1217 516 1229 ’
1896 1221 1986 1276 Dei
2017 1241 2029 1274 :

312 1295 393 1347 17.
425 1294 661 1347 "mmo:
692 1296 779 1348 ἐπὶ
809 1297 868 1349 τὸ
893 1297 1038 1362 ἔλεος
1069 1298 1160 1352 τοῦ
1191 1299 1326 1353 Θεοῦ
1369 1303 1448 1364 εἰς
1482 1302 1572 1354 τὸν
1601 1301 1790 1368 αἰῶνα,

1969 1314 2054 1367 17.
2091 1313 2312 1381 Speravi
2362 1313 2413 1366 itt
2459 1313 2829 1368 misericordia
2878 1315 2966 1368 Dei
3015 1316 3374 1381 ittmternttm,
3407 1327 3461 1373 et

228 1386 321 1437 καὶ
343 1387 421 1447 εἰς
441 1385 530 1436 τδν
555 1385 728 1438 αἰῶνα
749 1386 840 1438 τοῦ
869 1387 1080 1452 αἰῶνος.

869 1387 1080 1452 αἰῶνος·
1898 1405 1950 1458 in
1984 1406 2240 1458 szrculttm
2271 1405 2471 1458 saeculi.

303 1475 386 1527 18.
435 1476 924 1548 Ἐξομολογήσομαί
952 1495 1032 1531 σοι
1053 1480 1132 1542 εἰς
1161 1483 1251 1533 τὸν
1280 1481 1448 1536 αἰῶνα
1503 1483 1582 1534 ὃτι
1610 1483 1794 1552 ἐποίη-

1714 1483 1794 1552 ίη·
1965 1499 2052 1552 18.
2085 1497 2395 1550 Contitebor
2427 1497 2522 1551 tibi
2559 1496 2610 1550 in
2648 1497 2926 1561 smculum,
2949 1499 3073 1567 quia
3105 1499 3315 1556 fecisti:

229 1581 327 1628 σας
345 1580 358 1593 ·

305 1655 386 1710 i9.
421 1656 526 1707 Καὶ
557 1655 810 1726 ὑπομενῶ
840 1657 900 1710 τὸ
921 1657 1092 1728 ὄνομά
1118 1678 1231 1724 σου,
1257 1661 1338 1714 ὅτι
1410 1663 1602 1715 οτιστὸν
1632 1664 1790 1716 ἐναν-

1961 1665 2046 1720 19.
2081 1665 2145 1720 Ει
2175 1678 2505 1737 exspectano
2539 1685 2730 1723 nomen
2764 1681 2936 1736 tuum,
2970 1669 3222 1738 quoniam
3258 1668 3457 1722 bonum

224 1745 339 1796 τῖον
375 1745 482 1797 τῶν
511 1745 673 1798 ὁσίων
717 1762 830 1799 σου.

1896 1757 1948 1810 in
1972 1771 2264 1828 conspectu
2297 1772 2610 1814 sanctorum
2647 1771 2881 1815 tuorum.

227 1840 332 1902 Εις
357 1837 421 1890 τὸ
455 1837 628 1904 τέλος
651 1839 803 1906 ὑπὲρ
842 1840 1093 1901 Μαελὲθ.
1127 1844 1433 1910 συνέσεως
1483 1846 1562 1910 τῷ
1593 1849 1788 1902 Δαϐίδ.

1689 1849 1788 1902 ῗίδ.
2059 1846 2125 1900 In
2151 1849 2329 1914 ﬁnem,
2360 1865 2454 1916 pro
2494 1849 2738 1912 Mneletlt,
2779 1849 3069 1903 intellectus
3111 1848 3292 1904 David.

850 1935 1018 1986 ΨΑΛ.
1048 1935 1177 1987 NB'.
1822 1944 1864 1997 Β

1822 1944 1864 1997 Β
2485 1940 2687 1996 PSAL.
2739 1942 2863 1996 LII.

296 2020 321 2073 1
381 2017 446 2074 Ετ
579 2022 613 2075 ἆ
789 2025 802 2038 ’
1020 2026 1031 2042 ’
1134 2028 1152 2058 ·’
1229 2027 1291 2058 ⁷·
1379 2030 1391 2042 ’
1472 2029 1493 2060 ²

338 2063 349 2075 .
429 2039 546 2074 ,πεν
618 2041 843 2094 φρωνεν
874 2026 1070 2096 καρδιᾳ
1095 2044 1258 2079 αυτοδ
1327 2030 1439 2080 Ουκ
1471 2032 1758 2095 εστιθεός.

1970 2031 2020 2083 1.
2057 2031 2198 2085 Dixit
2233 2033 2491 2101 insipiens
2529 2035 2579 2087 itt
2617 2037 2779 2088 corde
2803 2052 2938 2088 suo:
2973 2034 3086 2086 Non
3121 2045 3201 2085 est
3233 2033 3385 2087 Dens.

297 2109 349 2164 Ξ.
382 2112 778 2182 Διεφοάρησαν,
805 2115 894 2167 καὶ
911 2115 1302 2186 ὲϐδελύχθησαν
1338 2119 1394 2172 ὲν
1417 2120 1665 2189 ἀνομίαις
1686 2139 1700 2152 ·

1967 2121 2020 2173 ‘2.
2056 2122 2310 2191 Corrupti
2363 2134 2509 2190 sunt,
2539 2135 2590 2179 et
2643 2126 3029 2180 abominabiles
3071 2125 3196 2179 facti
3236 2133 3360 2177 sunt
3404 2125 3456 2177 in

1899 2214 2276 2281 iniquitatibus
2300 2236 2312 2270 :

300 2292 351 2347 5.
389 2293 503 2345 Ούκ
529 2292 640 2346 ἔστι
673 2294 837 2347 ποιῶν
867 2294 1086 2362 ἀγαθόν.

1968 2307 2020 2359 5.
2058 2305 2172 2358 Non
2205 2307 2400 2376 estqui
2437 2306 2590 2359 faciat
2626 2307 2846 2360 bonum.

297 2386 350 2438 -1.
401 2386 457 2438 Ὀ
489 2385 620 2448 Θεὸς
645 2389 706 2440 ἐκ
731 2387 823 2440 τοῦ
847 2389 1074 2460 ούρανοῦ
1102 2389 1352 2460 διέκυψεν
1375 2393 1467 2445 ἐπὶ
1492 2393 1618 2456 τοὺς
1639 2395 1790 2459 υἱοὺς

1968 2398 2018 2450 4.
2053 2397 2196 2453 Deus
2234 2399 2299 2452 de
2332 2399 2472 2452 cazlo
2498 2398 2774 2467 prospexit
2801 2414 2962 2467 super
2985 2399 3123 2455 filios
3158 2400 3459 2468 hominum,

223 2479 331 2531 τῶν
361 2478 456 2530 ἀνΟ
463 2478 680 2548 ρώπων,

1337 2618 1713 2677 ATIIANASII
1757 2623 2341 2681 INTERPRETA'I’IO.

295 2793 380 2846 12.
418 2795 709 2867 Χαίροντες
739 2796 961 2851 εἴπωσιν
984 2815 997 2830 ·
1817 2811 1859 2866 C

994 2816 997 2828 ’
1817 2811 1859 2866 C
1965 2807 2050 2860 19..
2081 2807 2389 2863 Cattdentcs
2419 2808 2597 2863 dicent

297 2887 379 2940 15.
418 2883 583 2953 Οὗτος
619 2885 688 2960 ἦν
715 2893 743 2943 ὸ
774 2892 1163 2962 ἀνθιστάμενος
1187 2893 1266 2964 τῷ
1299 2895 1438 2967 Θεῷ.

1432 2937 1438 2948 .
1968 2901 2056 2953 15.
2088 2899 2185 2954 llic
2213 2911 2347 2964 erat,
2373 2901 2464 2969 qui
2499 2900 2606 2953 Deo
2633 2900 3035 2955 adversabatur.

295 2977 380 3032 14.
427 2981 564 3032 Ἀλλ’
608 2981 790 3051 ἐϐάρει
832 2983 908 3050 (1)
943 2984 1321 3058 [ἐθάρρησεν]
1363 2989 1455 3039 ἐπὶ
1486 2989 1550 3058 τῇ
1602 2986 1794 3052 ἀλαζο-

1486 2989 1550 3058 τῇ
1602 2986 1794 3052 ἀλαζο-
1970 2992 2054 3045 11.
2090 2993 2192 3046 Sed
2223 2993 2462 3046 conlisus
2489 3000 2572 3046 est
2596 2993 2646 3045 itt
2676 2991 2935 3060 jactatttia
2958 3006 3070 3044 sua.

219 3071 342 3125 νεία
372 3071 587 3124 ἑαυτοῦ.

298 3163 382 3217 15.
422 3165 530 3216 Καὶ
560 3164 776 3234 ἴσχυσεν
798 3166 854 3218 ἐν
880 3169 946 3237 τῇ
977 3168 1195 3238 ἀνομίᾳ,
1225 3169 1290 3238 ἣν
1322 3168 1558 3240 ὲφηῦρεν
1585 3170 1681 3241 (2).

1970 3165 2055 3219 15.
2097 3164 2158 3218 Et
2189 3165 2466 3234 prmvaluit
2505 3166 2557 3218 in
2588 3165 2871 3234 iniquitate
2901 3182 3064 3234 quam
3095 3165 3317 3220 invenit.

295 3253 379 3306 16.
418 3254 476 3306 '0
505 3255 560 3306 δὲ
599 3255 757 3326 χορὸς
788 3257 895 3309 τῶν
952 3259 1122 3326 ἁγίων
1166 3258 1377 3330 πλήρης
1432 3263 1578 3316 ἐστὶν
1613 3263 1797 3326 ἐλέους

1963 3257 2050 3312 16.
2082 3256 2293 3310 Chorus
2316 3267 2495 3311 autem
2542 3267 2856 3311 sanctorum
2898 3258 3087 3326 plenus
3126 3265 3209 3310 cst
3247 3257 3464 3312 miseri-

223 3346 315 3398 καὶ
351 3346 578 3415 καρπῶν
607 3350 916 3418 εἰρηνικῶν.

1894 3349 2100 3412 cordia,
2137 3359 2187 3403 et
2224 3349 2493 3404 fructibus
2520 3351 2782 3417 pacificis.

295 3439 383 3490 17.
423 3439 806 3503 Ἀδιαλείπτως
835 3441 1068 3494 πέποιοα
1100 3445 1190 3495 ἐπὶ
1225 3445 1286 3496 τὸ
1318 3445 1627 3515 ἀμέτρητον
1649 3445 1797 3510 ἕλεος

1967 3443 2051 3496 17.
2084 3441 2456 3496 lndclicienter
2511 3443 2750 3498 confisus
2799 3460 2918 3498 sum
2972 3445 3025 3497 in
3073 3443 3337 3497 immensa
3371 3438 3462 3493 Dei

222 3530 314 3583 τοῦ
351 3529 508 3584 Θεοῦ.

1896 3532 2279 3586 misericordia.

299 3620 382 3672 18.
424 3617 642 3683 Δοξάσω
675 3635 732 3670 σε
774 3619 852 3681 εἰς
904 3617 994 3670 τὸν
1020 3619 1211 3688 αἰῶνα,
1240 3624 1320 3676 ὅτι
1373 3623 1451 3694 (5)
1517 3625 1579 3677 σύ
1611 3642 1677 3694 με
1713 3627 1792 3690 εἰς

1963 3621 2051 3676 18.
2081 3621 2409 3676 Gloriﬁcabo
2455 3631 2505 3674 te
2551 3621 2604 3676 itt
2657 3633 2940 3684 aeternum,
2973 3620 3228 3690 quoniam
3275 3627 3332 3671 ιιι
3379 3633 3463 3671 me

221 3709 380 3762 τοῦτο
401 3711 625 3777 1ἤγαγες.

1895 3712 2002 3766 ltuc
2031 3728 2206 3782 usque
2241 3712 2538 3766 adduxisti.

293 3801 378 3856 19.
408 3803 518 3856 Καὶ
546 3803 781 3874 διαμενῶ
808 3805 884 3874 (4)
909 3807 994 3858 ἀεὶ
1040 3806 1096 3858 ἐν
1139 3806 1217 3876 τῷ
1273 3807 1496 3878 ὀνόματί
1541 3826 1669 3872 σου,
1710 3808 1794 3863 ὅτι.

1967 3805 2053 3859 19.
2084 3804 2149 3858 Ει
2176 3805 2505 3873 permanebo
2550 3819 2764 3873 semper
2805 3806 2859 3856 in
2905 3803 3124 3856 nomine
3166 3811 3278 3864 tuo,
3323 3815 3461 3869 quo-

221 3892 381 3948 τοῦτο
406 3892 611 3962 ἀγαθόν
639 3897 755 3948 ἐστι
786 3897 919 3949 πᾶσι
948 3899 1060 3960 τοῖς
1091 3897 1264 3966 ἁγίοις
1290 3915 1404 3951 σου.

1899 3898 2043 3952 niam
2070 3899 2169 3951 hoc
2191 3897 2394 3951 bonum
2421 3905 2503 3949 est
2536 3896 2799 3949 omnibus
2824 3895 3026 3948 sanctis
3056 3895 3181 3946 tuis.

305 4007 371 4060 Ἦ
397 4006 730 4077 προκειμένη
769 4007 1045 4076 ἐπιγραφὴ
1079 4009 1320 4078 περιέχει
1349 4010 1425 4078 (5)
1452 4027 1466 4041 ο
1495 4011 1598 4075 Εἰς
1646 4009 1710 4063 τὸ
1747 4009 1922 4072 τέλος
1971 4004 2122 4073 ὑπὲρ
2167 4003 2423 4067 Μαελέθ,
2482 4002 2790 4069 συνέσεως
2821 4001 2900 4067 τῷ
2950 4001 3144 4056 Δαϐίδ.
3181 4000 3350 4054 Τοῦτο
3373 3997 3466 4055 οὖν

223 4104 372 4154 ἐστιν
401 4101 465 4173 [ὃ
499 4101 683 4173 λέγει]
713 4103 805 4154 ἐπὶ
827 4103 968 4155 τέλει
997 4104 1103 4156 τῶν
1137 4104 1345 4158 αἰώνων
1378 4107 1516 4176 ὑπὲρ
1542 4106 1633 4158 τοῦ
1662 4107 1866 4175 Κυρίου
1893 4103 2042 4166 λέγει
2071 4104 2100 4155 ὀ
2129 4101 2367 4170 ψαλμὸς,
2390 4101 2505 4178 πῶς
2537 4099 2615 4168 (6)
2640 4098 2955 4169 ἐπιστρέφει
2977 4097 3066 4150 τὸν
3091 4096 3215 4149 λαὸν
3238 4096 3463 4148 λυτοού-

225 4211 389 4261 μενος
414 4194 578 4246 αὑτὸν
610 4195 673 4246 ἐκ
702 4195 801 4264 τῆς
831 4195 923 4248 τοῦ
958 4195 1205 4249 διαϐόλου
1244 4197 1580 4260 δυναστείας.
1628 4196 1861 4253 Μυελὲο
1891 4197 2001 4266 γὰρ
2035 4195 2396 4267 ἑρμηνεύεται
2450 4191 2689 4259 ἀπαρχὴ
2711 4209 2725 4222 ο
2778 4190 3002 4261 ἀπαρχὴ
3030 4190 3085 4240 δὲ
3138 4193 3169 4241 ό
3214 4191 3467 4255 Χριστός

223 4285 389 4337 ἐστιν.
429 4287 532 4350 Εἰς
555 4287 812 4338 σύνεσιν
840 4284 1159 4358 [Συνέσεως]
1187 4287 1243 4339 δὲ
1274 4286 1352 4353 τῷ
1387 4287 1584 4354 Δαϐὶδ,
1615 4288 1896 4342 τουτέστιν
1923 4289 2052 4340 ὅταν
2091 4284 2217 4356 ἕλὰῃ
2249 4287 2328 4346 εἰς
2355 4281 2570 4335 σύνεσιν
2603 4283 2631 4334 ὁ
2650 4280 2774 4343 λαὸς
2801 4282 2830 4333 ὁ
2871 4279 3247 4349 πεποοημένος
3269 4296 3280 4306 ·
3309 4278 3466 4330 τοῦτο

224 4381 334 4449 γὰρ
363 4379 720 4449 ἑρμηνεύεται
751 4383 784 4432 ὀ
806 4379 1000 4434 Δαϐίδ.

293 4469 510 4524 Titulus
543 4470 861 4540 prtepositus
888 4472 1128 4526 continet
1158 4487 1170 4522 :
1206 4469 1271 4521 In
1316 4469 1472 4538 linem
1517 4484 1610 4537 pro
1645 4467 1888 4535 llaeleth,
1940 4467 2235 4522 intellectus
2263 4467 2449 4522 David.
2491 4467 2604 4522 Hoc
2630 4468 2795 4538 igitur
2821 4478 2904 4523 est
2929 4468 3094 4540 [quod
3137 4463 3461 4537 signiﬁcat]:

225 4559 476 4615 Psalmus
506 4561 745 4630 loquitur
775 4562 841 4616 de
865 4561 1093 4616 Domino
1130 4563 1182 4616 in
1218 4564 1324 4617 ﬁne
1358 4565 1703 4628 smculorttm,
1731 4563 2004 4634 quomodo
2036 4564 2301 4618 convertit
2344 4563 2624 4632 populum,
2662 4564 2898 4618 liberans
2931 4579 3054 4617 eum
3091 4579 3153 4616 ex
3204 4570 3466 4628 potestate

223 4653 449 4708 diaboli.
485 4653 712 4707 Maeleth
744 4655 888 4709 enim
914 4655 1303 4724 interpretatur
1330 4658 1579 4724 primitiaz
1604 4674 1622 4710 :
1659 4657 1911 4711 urimitiaa
1944 4665 2124 4709 autem
2160 4655 2403 4709 Christus
2440 4667 2559 4711 est:
2599 4655 2898 4708 Intellectus
2926 4665 3104 4709 autem
3140 4652 3329 4716 David,
3360 4651 3466 4706 hoc

223 4756 329 4809 est.
360 4761 485 4800 cum
521 4746 575 4799 in
605 4747 937 4804 intellectum
969 4751 1175 4804 venerit
1205 4750 1438 4818 populus
1467 4750 1842 4811 desideratus;
1872 4749 1943 4802 ita
1969 4751 2112 4802 enim
2150 4748 2507 4817 interpetatur
2541 4749 2724 4803 David.

295 4840 351 4892 1.
404 4839 464 4890 ’0
486 4837 730 4902 διάϐολος
763 4843 857 4894 κα).
890 4843 940 4894 οἱ
974 4842 1140 4896 αὐτοῦ
1169 4844 1368 4906 πάντες
1403 4844 1530 4913 περὶ
1572 4841 1666 4894 τοῦ
1705 4859 1794 4896 τε·
1826 4845 1872 4900 D

1864 4855 1872 4892 ›
1972 4841 2022 4894 1.
2058 4839 2316 4895 Diabolus
2361 4850 2414 4895 ct
2442 4858 2630 4897 omnes
2663 4844 2754 4914 qui
2794 4844 2913 4914 ejus
2943 4851 3070 4898 sunt
3103 4841 3356 4896 dixerunt
3401 4842 3467 4898 de

225 4934 446 5005 χθέντος
469 4933 533 4984 ὲκ
558 4933 656 5002 τῆς
685 4933 982 5004 Παρθένου.

785 4933 982 4988 σθένον.
1895 4941 2022 4987 nato
2058 4947 2122 4985 et
2153 4931 2388 5001 Virgine.

292 5025 347 5078 2.
379 5023 816 5095 Κατειροάρησαν
842 5027 935 5078 καὶ
960 5026 1309 5097 προσῶζεσαν
1337 5028 1394 5078 ἐν
1427 5026 1737 5095 ἁμαρτίαις.

1661 5043 1737 5086 atq.
1963 5027 2018 5079 2.
2055 5024 2306 5093 Corrttpti
2343 5034 2469 5077 sunt
2499 5033 2546 5078 ct
2577 5031 2894 5092 putruerttut
2923 5024 2976 5075 in
3010 5027 3264 5092 peccatis.

295 5115 353 5168 3.
379 5114 501 5168 Τῶν
529 5116 897 5170 ἀπειθούντων
929 5120 1008 5187 τῷ
1037 5118 1158 5189 Θεῷ
1189 5119 1267 5190 τῷ
1305 5119 1513 5186 ἀγαθῷ,
1553 5119 1643 5170 καί
1671 5119 1793 5169 κολ-

1965 5118 2018 5170 3.
2054 5118 2252 5171 Eorum
2288 5118 2380 5187 qui
2430 5117 2539 5171 Deo
2571 5118 2775 5186 optimo
2807 5115 3085 5182 resistunt,
3113 5129 3159 5172 ct
3192 5119 3464 5175 adltrerent

230 5205 489 5275 λωμένοις
523 5205 598 5274 (7)
633 5205 712 5282 τῷ
737 5207 978 5278 πονηρῷ.
1897 5212 2060 5263 malo.

297 5295 349 5350 1.
384 5299 682 5352 Κατανοεῖν
708 5300 773 5352 τὰ
806 5299 938 5370 ἔργα
971 5300 1077 5354 τῶ)
1105 5299 1422 5374 ἀνθρώπων.

1417 5342 1422 5354 .
1988 5301 2034 5352 ά.
2065 5297 2130 5351 Ut
2155 5310 2507 5360 cognosceret
2536 5313 2696 5366 opera
2724 5297 3020 5350 hominum.

1195 5462 1494 5526 Addenda
1525 5469 1584 5524 et
1636 5461 2005 5539 corrigenda
2038 5476 2115 5519 ex
2151 5461 2290 5521 cod.
2332 5461 2529 5520 Yatie.

409 5625 687 5701 ⁸ξξίθάρῥει.
818 5697 829 5701 _
919 5697 940 5701 _
1973 5630 2050 5701 (ii)
2088 5632 2148 5681 'H
2181 5627 2270 5681 διὰ
2301 5629 2397 5699 τῆς
2423 5631 2782 5700 κινναϐάρεως
2816 5647 2935 5701 περ.

295 5695 371 5768 (ἓ)
409 5695 623 5768 ιξ1σχυεν
653 5739 662 5748 .
695 5736 707 5747 .
738 5738 747 5748 .
814 5697 1056 5768 ἐφεῦρεν,

595 5715 623 5749 ν
653 5739 662 5748 .
695 5736 707 5747 .
738 5738 747 5748 .
814 5697 1056 5768 ἐφεῦρεν,
1973 5695 2045 5764 (ti)
2083 5703 2197 5763 Ὃς.

512 5767 822 5840 ἀπαύστως,
852 5765 962 5832 ὅτι,
990 5779 1094 5824 ctc.
1973 5772 2049 5838 (7)
2076 5772 2464 5840 Κολλωμενων.

302 5834 378 5901 (1)
411 5837 680 5905 Διαμείνω
