4060 6462
222 419 325 479 861
1177 432 1262 484 DE
1302 430 1574 487 TlTLTLIS
1606 433 2048 491 PSALMORUM.
2081 469 2146 482 ——
2186 439 2381 493 PSAL.
2416 439 2547 495 Llll.
3362 439 3465 494 862

295 541 352 594 Ξ.
390 542 496 594 Καὶ
523 544 581 594 ἐν
601 545 667 613 τῇ
692 542 917 615 δυνάμει
966 562 1056 597 σου
1098 551 1302 618 κρινεῖς
1334 567 1420 619 με.
1817 565 1867 617 Α

1365 567 1420 604 .s.
1817 565 1867 617 Α
1961 556 2014 609 2.
2043 555 2106 609 Et
2133 560 2185 609 in
2224 557 2421 611 virtute
2453 568 2543 612 tua
2567 558 2837 627 judicabis
2866 576 2968 614 mc.

297 633 353 685 5.
396 632 453 685 '0
479 633 629 699 Θεὸς,
659 637 977 689 εἰσάκουσον
1003 639 1103 709 τῆς
1138 642 1446 711 προσευχῆς
1478 660 1600 710 μου·

1431 661 1446 705 ;
1478 660 1600 710 μου·
1964 648 2016 702 5.
2053 649 2209 713 Deus,
2240 651 2438 705 exaudi
2474 655 2775 705 orationem
2805 669 2981 708 meam
3020 670 3034 707 :

292 720 351 773 4.
393 722 673 777 Ἐνώτισαι
697 726 767 779 τὰ
798 729 1017 798 ῥήματα
1046 730 1138 782 τοῦ
1172 732 1435 803 στόματός
1467 750 1587 802 μου.

1433 753 1435 760 ι
1467 750 1587 802 μου.
1967 740 2019 791 4.
2056 740 2297 795 Auribus
2330 743 2545 812 percipe
2574 744 2738 796 verba
2773 744 2885 798 oris
2911 743 3036 797 mei.

298 811 353 865 5.
384 814 507 866 Ὅτι
535 815 803 888 ἀλλότριοι
832 820 1206 891 ἐπανέστησαν
1237 825 1322 875 ἐπ’
1359 825 1491 894 ἐμὲ·

1958 832 2013 886 5.
2048 834 2317 899 Quoniam
2352 836 2512 891 alieni
2540 838 2957 892 insurrexerunt
2997 837 3282 891 adversum
3306 848 3429 890 me:

297 904 356 958 6.
385 906 496 959 Καὶ
520 910 768 979 κραταιοὶ
796 912 1064 982 ἐζήτησαν
1088 916 1186 985 τὴν
1210 918 1390 987 ψυχήν
1424 934 1525 987 μου
1545 934 1560 949 ⁶

1967 925 2019 977 6.
2047 926 2111 979 Et
2140 925 2307 983 fortes
2335 930 2667 997 quzesierunt
2691 930 2929 983 animam
2967 945 3142 983 meam
3173 947 3185 981 :

296 994 351 1048 7.
378 997 490 1051 Καὶ
517 999 579 1051 οὑ
605 999 894 1070 προέθεντο
919 1004 1011 1057 τὸν
1040 1005 1171 1060 Θεὸν
1208 1007 1436 1062 ἐνώπιον
1457 1008 1653 1063 αὐτῶν.

1965 1016 2018 1069 '2'.
2048 1015 2112 1071 Et
2143 1034 2250 1071 non
2276 1030 2679 1089 proposuerunt
2726 1020 2893 1075 Deum
2941 1029 3064 1074 ante
3103 1026 3451 1088 conspectum

1892 1122 2073 1162 suum.

295 1173 352 1229 8.
398 1176 530 1231 Ἰδοὺ
553 1177 662 1249 γὰρ
691 1178 721 1231 ὁ
752 1180 884 1245 Θεὸς
911 1182 1096 1256 βοηθεῖ
1126 1204 1216 1256 μοι
1234 1204 1249 1219 ⁸
1500 1182 1508 1189 ’

1500 1182 1508 1189 ’
1964 1198 2017 1251 8.
2053 1198 2192 1255 Ecce
2221 1202 2363 1255 enim
2390 1202 2531 1257 Deus
2566 1202 2786 1272 adjuvat
2812 1219 2897 1256 me

294 1265 347 1321 9.
383 1269 491 1321 Καὶ
520 1270 547 1322 ὁ
573 1272 773 1341 Κύριος
804 1277 1152 1350 ἀντιλήπτωρ
1192 1281 1293 1350 τῆς
1316 1280 1492 1352 ψυχῆς
1529 1301 1649 1354 μου.

1529 1301 1649 1354 μου.
1967 1290 2021 1345 9.
2057 1292 2123 1345 Et
2158 1292 2418 1348 Dominus
2450 1304 2736 1364 susceptor
2761 1295 2954 1347 anima:
2983 1308 3130 1347 meae.

294 1358 381 1413 10.
420 1361 759 1438 Ἀποστρέψῃ
803 1364 1229 1441 [Ἅποστρὲψει]
1270 1372 1338 1424 τὰ
1380 1374 1525 1426 κακὰ
1558 1377 1669 1439 τοῖς
1704 1377 1792 1443 ἐχ-

1635 1377 1669 1439 ῖς
1704 1377 1792 1443 ἐχ·
1965 1382 2051 1437 10.
2079 1383 2306 1439 Avertes
2332 1358 2770 1458 [avertet]‘mala
2804 1388 3039 1443 inimicis
3069 1386 3238 1442 mei5°

220 1447 249 1499 0
259 1451 372 1516 ροίς
409 1467 509 1518 μου
532 1467 547 1479 ·
2097 1466 2104 1473 ”

300 1539 386 1592 11.
426 1541 511 1594 Ἐν
543 1546 609 1614 τῇ
638 1544 863 1616 ἀληθείᾳ.
888 1563 982 1600 σου
1015 1550 1393 1623 ὲξολόθρευσον
1430 1554 1644 1619 αὐτούς.

1459 1554 1644 1619 ιύτούς.
1966 1557 2049 1612 ll.
2080 1557 2145 1613 Et
2178 1560 2230 1613 in
2264 1562 2496 1618 veritate
2520 1572 2609 1617 tua
2631 1564 2886 1635 disperde
2921 1566 3062 1619 illos.

294 1630 380 1683 12.
424 1634 716 1698 Ἑκουσίως
751 1636 900 1690 θύσω
934 1657 1041 1703 σοι,

1965 1649 2053 1703 l2.
2079 1650 2397 1709 Voluntarie
2430 1630 2751 1711 sacrificabo
2783 1658 2911 1711 tibi:

294 1720 379 1775 15.
426 1725 915 1800 Ἐξομολογήσομαι
961 1734 1037 1803 τῷ
1071 1734 1293 1805 ὀνόματι
1336 1754 1449 1799 σου,
1484 1736 1676 1808 Κύριε,
1707 1739 1788 1793 ὅτι

1964 1739 2051 1792 15.
2077 1740 2389 1798 Conﬁtebor
2441 1747 2649 1801 nomini
2713 1758 2826 1813 tuo,
2878 1747 3142 1811 Domine,
3197 1746 3451 1817 quoniam

219 1812 447 1879 ἀγαθόν.

1887 1828 2117 1887 bonum.

294 1905 381 1957 H.
414 1907 534 1959 Ὅτι
556 1910 619 1962 ἐκ
644 1912 825 1984 πάσης
854 1914 1088 1984 θλίψεως
1129 1918 1347 1988 ὲρρύσω
1379 1936 1445 1987 με
1815 1938 1857 1994 Β

1846 1942 1857 1992 ι
1962 1925 2052 1978 14.
2085 1925 2352 1991 Quoniam
2383 1947 2449 1985 ex
2476 1932 2625 1986 omni
2657 1932 3010 1986 tribulatione
3040 1930 3287 2001 eripuisti
3316 1946 3401 1984 me
3436 1948 3449 1984 :

293 1993 381 2047 15.
414 1996 523 2050 Καὶ
550 1999 609 2055 ὲν
647 2005 760 2067 τοῖς
800 2005 1012 2075 ἐχθροῖς
1055 2024 1155 2076 μου
1187 2007 1395 2058 ἐπεῖδεν
1436 2007 1464 2057 ὁ
1506 2005 1782 2079 ὀφθαλμός
1828 1993 1844 1994 7

1960 2014 2048 2068 15.
2098 2014 2166 2071 Ει
2215 2033 2381 2091 super
2454 2021 2707 2077 inimicos
2761 2036 2914 2076 meos
2965 1993 3210 2090 despexit
3264 2020 3456 2075 oculus

221 2098 348 2153 μου.

1888 2118 2059 2160 meus.

1333 2320 1705 2380 ATHANASII
1744 2325 2333 2415 lNTERPRETATlO.

217 2522 415 2611 mum:
434 2510 656 2611 ‘Ztcpaim
678 2510 733 2564 δὲ
755 2512 1140 2584 ἐρμηνεὺονται
1164 2518 1628 2587 ἀναϐάλλοντες,
1655 2525 1827 2577 Σαοὺλ
1847 2527 1903 2579 δὲ
1933 2528 2293 2599 ἑρμηνεύεται
2324 2537 2585 2603 αὶτητός.
2626 2536 2799 2591 Τοῦτο
2822 2534 2913 2591 οὖν
2948 2539 3094 2608 λέγει
3115 2556 3128 2568 ·
3160 2540 3210 2592 οἱ
3261 2539 3452 2611 δαιμο-

221 2616 312 2704 vi;
331 2600 409 2669 τῷ
430 2599 660 2704 διαϐόλῳ
685 2604 931 2673 λέγουσιν
956 2627 971 2639 ·
1012 2612 1141 2665 Ἰδοὺ
1178 2614 1652 2686 συγκεκλασμένοι
1682 2617 1756 2687 (1)
1782 2617 1974 2689 ἔχομεν
2006 2622 2096 2676 τὸν
2125 2599 2556 2695 ὲξουθενημένον-
2571 2631 2775 2685 ἐκεῖνον
2801 2647 2815 2660 ⁸
2855 2599 3038 2685 λοιπὸν
3076 2635 3103 2685 ὁ
3146 2632 3219 2703 (2)
3257 2599 3452 2704 συλλη-

214 2691 372 2761 φθεὶς
407 2693 498 2745 ὑπ’
528 2695 703 2749 αὐτῶν
729 2699 820 2751 ἐπὶ
850 2701 992 2754 τέλει
1015 2705 1095 2766 εἰς
1129 2705 1342 2763 σύνεσιν
1375 2708 1501 2780 ἔλθῃ
1535 2711 1639 2764 ὑπὸ
1668 2713 1760 2769 τοῦ
1783 2714 1938 2779 Θεοῦ,
1972 2717 2200 2788 ἀνυμνεῖ
2221 2717 2311 2771 τὸν
2339 2719 2491 2785 Θεὸν,
2524 2723 2617 2776 καὶ
2642 2724 2818 2778 δέεται
2846 2727 3010 2780 αὑτοῦ
3038 2727 3209 2796 λέγων
3227 2744 3240 2757 ·

213 2817 322 2864 tem
359 2811 782 2882 interpretantur
804 2822 1204 2889 repullulanles.
1236 2828 1366 2883 Saul
1397 2847 1523 2887 vero
1550 2832 1935 2903 interpretatur
1962 2840 2174 2906 petitus.
2226 2840 2339 2894 lloc
2381 2841 2547 2911 igitur
2588 2840 2876 2910 signiﬁcat,
2919 2842 3190 2894 daemones
3234 2839 3450 2894 diabolo

212 2901 432 2958 dicunt:
482 2902 620 2960 Ecce
651 2910 970 2965 conclusum
1003 2915 1267 2972 habemus
1315 2930 1682 2991 contemptum
1744 2925 1915 2980 illum.
1964 2930 2034 2984 At
2062 2931 2281 2985 demum
2313 2933 2738 3002 comprehensus
2770 2932 2838 2987 ab
2867 2932 3021 3001 ipsis,
3078 2936 3203 2987 cum
3235 2932 3451 2986 tandem

210 3000 394 3056 divina
420 3018 521 3073 ope
546 3006 691 3060 venit
724 3008 779 3061 in
811 3009 1171 3078 intellectum,
1208 3014 1393 3070 laudat
1422 3017 1615 3083 Deum,
1649 3030 1702 3074 et
1729 3036 1984 3091 precatur
2018 3026 2220 3095 ipsum,
2250 3000 2472 3085 dicens:

280 3176 336 3232 2.
363 3181 474 3233 Καὶ
503 3180 639 3234 κατὰ
660 3184 756 3253 τὴν
781 3184 1010 3259 δύναμίν
1040 3206 1134 3242 σου
1168 3189 1435 3265 βοήθησόν
1474 3214 1541 3266 με
1571 3197 1673 3267 (3).
1811 3204 1853 3262 (ζ

280 3269 314 3300 ’ζ
369 3270 464 3300 νι..
506 3270 577 3300 ι-Ᾱ.
642 3267 751 3300 Τ.-Δ
818 3292 903 3300 --..
966 3280 1141 3300 _r-_.___
1202 3282 1280 3300 ,no
1426 3288 1437 3300 .
1759 3291 1770 3300 .

1811 3204 1853 3262 C
1954 3203 2007 3257 2.
2035 3202 2101 3257 Ει
2139 3204 2439 3258 secundum
2469 3214 2616 3259 tuam
2648 3206 2942 3275 potentiam
2978 3207 3171 3277 adjuva
3204 3222 3304 3263 me.

280 3269 333 3322 3.
367 3270 464 3332 Είς
506 3270 577 3324 τὰ
640 3267 753 3328 ὦτά
813 3292 907 3330 σου
961 3280 1369 3354 εἰσακουσθητω
1415 3288 1447 3356 ή
1504 3291 1778 3360 προσευχὴ

1541 3291 1778 3360 ροσευχή
1956 3298 2008 3354 3.
2042 3296 2099 3350 ln
2134 3296 2361 3353 auribus
2384 3298 2493 3352 tuis
2522 3297 2775 3352 audiatur
2809 3299 2984 3353 oratio
3009 3316 3144 3353 mea.

278 3449 332 3503 4.
371 3451 596 3507 Πάντων
620 3455 755 3525 ὁμοῦ
792 3457 869 3525 (4)
912 3460 1019 3512 τῶν
1064 3464 1327 3532 ῥημάτων
1361 3467 1590 3522 ἀκοῦσαι
1638 3485 1785 3524 κατ-

1957 3466 2271 3548 4.Dignare
2319 3482 2508 3537 audire
2565 3484 2750 3538 omnia
2805 3483 2967 3537 verba
3040 3499 3193 3551 mea;
3242 3482 3447 3538 nullum

206 3540 437 3607 αξίωσον
456 3562 469 3575 ·
502 3545 669 3615 μηδὲν
698 3548 878 3601 αὐτῶν
907 3550 1211 3621 ἀπόϐλητον
1240 3555 1378 3607 ἔστω
1406 3558 1556 3611 παοὰ
1587 3562 1690 3612 σοί.

927 3551 1211 3621 ὶπόϐλητον
1240 3555 1378 3607 ἔστω
1406 3558 1556 3611 παοὰ
1587 3562 1690 3612 σοί.
1881 3586 2068 3625 eorum
2093 3585 2124 3624 a
2156 3580 2207 3625 te
2233 3572 2530 3641 rejiciatur.

280 3635 334 3688 5.
367 3637 433 3688 Οἱ
458 3637 731 3707 δαίμονες.

1954 3661 2007 3715 5.
2034 3660 2340 3719 Βωιηοηεε.

276 3725 329 3779 6.
371 3728 603 3798 Ὁμοίως
627 3732 682 3782 αἱ
708 3733 946 3786 ἐναντίαι
973 3735 1256 3808 δυνάμεις.

1953 3754 2005 3809 6.
2046 3754 2312 3811 Similiter
2338 3756 2664 3812 adversaria
2693 3766 3006 3827 potestates.

279 3818 329 3873 7.
366 3821 477 3873 Καὶ
508 3822 607 3875 οὐκ
634 3824 969 3893 ὲλογίσαντο,
1000 3829 1080 3882 ὄτι
1099 3832 1127 3883 ὁ
1154 3830 1286 3894 Θεὸς
1307 3832 1526 3899 δυνατός
1550 3837 1664 3888 ἐστι
1685 3836 1782 3890 τοῦ

1954 3848 2007 3903 7.
2050 3849 2118 3903 Et
2146 3865 2252 3903 non
2272 3851 2670 3921 cogitaverunt,
2695 3818 2847 3921 uuod
2880 3852 3021 3908 Deus
3045 3863 3238 3924 potens
3265 3864 3350 3912 est
3380 3858 3448 3913 ab

202 3910 473 3981 ῥύσασθαί
507 3931 575 3983 με
607 3916 700 3967 ἀπ’
731 3916 933 3971 αὐτῶν.

822 3916 933 4011 τῷν.
973 3998 978 4004 _
1880 3940 2018 4011 ipsis
2054 3958 2140 3997 me
2170 3942 2425 3998 liberare.

272 4001 327 4056 8.
370 4003 503 4057 Ἰδοὺ
531 4006 641 4076 γὰρ
664 4009 692 4057 ὁ
716 4007 848 4071 Θεὸς
872 4001 1160 4081 λυτροῦταί
1189 4032 1257 4085 με
1275 4016 1396 4069 καθ’
1419 4017 1653 4088 ἑκάστην
1679 4019 1775 4089 (5).

1558 4034 1653 4088 την
1679 4019 1775 4089 (5)ο
1902 4001 1916 4011 ι
1949 4033 2002 4087 8.
2037 4032 2176 4088 Ecce
2205 4034 2350 4088 enim
2388 4033 2531 4089 Deus
2562 4036 2759 4090 liberat
2789 4052 2875 4091 me
2900 4038 3161 4105 quotidie.

272 4095 324 4149 9.
360 4095 472 4148 Καὶ
494 4097 570 4160 ὼς
595 4100 871 4170 Δεσπότης
903 4120 1001 4173 μου
1031 4105 1388 4161 ἀντιποιεῖται
1415 4110 1506 4161 τοῦ
1529 4110 1776 4181 πλάσμα-

1951 4126 2003 4180 9.
2040 4124 2105 4179 Et
2136 4125 2305 4181 veluti
2340 4123 2608 4182 Dominus
2661 4143 2818 4182 meus
2861 4128 3095 4200 protegit
3126 4129 3443 4201 ﬁgmentum

198 4203 291 4250 τος
317 4188 504 4241 αὐτοῦ.

456 4188 504 4241 ὖ.
1876 4232 2059 4271 suum.

276 4280 365 4335 10.
408 4281 763 4356 Ἀποστρέψει
796 4286 872 4359 (6)
907 4287 1408 4363 [Ἀποστρέψεται]
1436 4294 1468 4363 ἠ
1493 4292 1649 4363 ὀδύνη
1675 4292 1774 4345 αὐ-

1530 4292 1649 4363 Βύνη
1675 4292 1774 4345 αὑ-
1950 4305 2034 4362 10.
2060 4305 2421 4362 Convertetur
2453 4307 2614 4363 dolor
2638 4322 2829 4363 eorum
2868 4308 2923 4364 in
2966 4309 3133 4379 ipsos.

198 4372 308 4425 τῶν
331 4375 419 4424 ἐπ’
451 4375 662 4440 αὐτούς.

274 4464 361 4516 11.
416 4463 503 4517 Ἐν
532 4469 597 4536 τῇ
628 4469 809 4537 χάριτι
840 4468 934 4521 τοῦ
963 4470 1118 4540 ἁγίου
1148 4472 1466 4544 Πνεύματος
1498 4473 1771 4527 ἀπέλασον

1945 4486 2032 4541 ll.
2066 4485 2254 4542 Gratia
2288 4486 2462 4541 sancti
2497 4485 2734 4557 Spiritus
2769 4488 2979 4557 expelle
3028 4502 3122 4543 eos
3155 4488 3224 4544 ab
3258 4488 3439 4543 anima

196 4553 395 4617 αὐτοὺς
428 4556 536 4609 ἀπὸ
566 4559 663 4628 τῆς
696 4559 870 4631 ψυχῆς
904 4579 1026 4632 μου.
1800 4570 1845 4625 D
1875 4592 2016 4631 mea.

261 4649 351 4702 12.
383 4649 502 4703 Ἵνα
550 4650 735 4706 λοιπὸν
801 4657 858 4708 ὲν
913 4657 1105 4727 μηδενὶ
1150 4658 1511 4727 κατεχόμενος
1558 4658 1765 4725 δοξάσω

1939 4667 2026 4719 12.
2060 4666 2131 4721 Ut
2159 4666 2378 4721 demum
2426 4669 2573 4723 nulla
2621 4684 2677 4722 ιη
2714 4686 2770 4725 re
2828 4669 3079 4725 detentus
3136 4677 3189 4724 te
3232 4668 3439 4740 gloriﬁ-

195 4752 274 4789 σε.
1866 4772 2005 4813 cem.

263 4826 351 4879 15.
392 4828 713 4901 Ἀνυμνήσω
758 4835 818 4886 τὸ
855 4834 1028 4907 ὄνομά
1078 4854 1196 4907 σου,
1254 4842 1334 4893 ὅτι
1368 4841 1569 4907 ἀγαθόν
1623 4843 1768 4895 ἐστιν

1942 4846 2029 4900 15.
2064 4844 2323 4901 Laudabo
2355 4863 2555 4901 nomen
2594 4855 2769 4912 tuum,
2796 4848 3055 4917 quoniam
3098 4849 3301 4905 bonum
3332 4858 3434 4915 cst,

193 4919 683 4992 ἐπαναπαυόμενον
712 4927 802 4980 ἐπί
832 4944 971 4985 τινα.

1869 4953 1993 4993 cum
2030 4955 2193 5010 super
2214 4940 2448 5009 aliquem
2475 4941 2780 5009 requiescit.

262 5011 348 5064 14.
383 5013 572 5083 nam:
608 5018 883 5089 ἁμαρτίας
918 5021 1014 5088 (7).

974 5022 1014 5088 ).
1941 5024 2027 5083 1L
2064 5032 2141 5083 Ex
2166 5033 2315 5085 omni
2341 5043 2577 5101 peccato.

258 5101 345 5155 15.
386 5105 497 5156 Καὶ
520 5110 585 5179 τῇ
612 5108 817 5183 διανοίᾳ
839 5113 1137 5184 προσέσχον
1163 5116 1278 5187 μετ’
1301 5116 1467 5187 ὀργῆς
1494 5117 1632 5169 κατὰ
1654 5117 1760 5169 τῶν

1941 5119 2029 5173 15.
2061 5118 2128 5173 Et
2168 5129 2349 5176 mente
2393 5121 2599 5176 attendi
2634 5137 2759 5177 cum
2810 5123 2891 5178 ira
2954 5131 3144 5179 contra
3184 5123 3436 5179 inimicos

177 5193 401 5266 ,ἐχθρῶν
435 5216 558 5268 μου.

435 5216 558 5268 μου.
1866 5226 2034 5265 meos.

1136 5406 1433 5469 Addenda
1470 5413 1527 5469 et
1567 5397 1940 5486 corrigenda
1974 5426 2051 5469 ex
2103 5410 2243 5469 coal.
2283 5411 2480 5469 \‘atic.

256 5587 332 5653 ll)
367 5586 903 5672 Συγκεκὶίέσμένον.
1936 5599 2007 5659 (ὅ)
2049 5598 2314 5664 Ἐκάστην
2338 5600 2430 5650 ἀπ’
2460 5597 2654 5653 αὐτῶν.

263 5657 334 5679 Ιμὶι
380 5659 526 5679 .-.μὶ
730 5662 739 5679 9
1945 5673 1987 5679 ι..
2057 5669 2108 5679 ιιι
2297 5668 2337 5679 σι

261 5657 336 5715 (2)
369 5656 565 5708 Λοιπὸν
600 5656 690 5711 οὖν
708 5656 765 5711 ίό.

1937 5656 2011 5734 (εἰ)
2057 5656 2421 5735 Ἰζπιστρέψει.

363 5728 653 5808 [ἲρηθήσεις
698 5749 805 5798 μοι.
1939 5728 2012 5807 (7)
2060 5728 2356 5808 ’Λμαρτίας
2386 5739 2550 5807 λέγει.

258 5799 331 5863 (ἁ)
361 5799 497 5850 Μου.
