4060 6492
203 448 306 504 855
1143 435 1230 492 DE
1261 430 1538 489 TITUIJS
1576 423 2021 483 PSALMORUM.
2057 455 2122 465 -—-
2163 423 2358 478 PSAL
2405 421 2537 475 LIV.
3312 408 3415 464 866

274 567 359 621 12.
391 561 800 635 Προσεδεχόμην
831 558 920 612 τὸν
955 556 1086 608 Θεὸν
1114 553 1206 609 τὸν
1245 552 1483 618 σώζοντα
1529 568 1594 621 με
1649 547 1758 602 ἀπὸ
1782 554 1835 607 Α

1809 554 1835 606 L
1930 545 2015 598 12.
2046 542 2432 612 Exspectabam
2478 540 2667 602 Dcmn,
2709 537 2802 606 qui
2845 534 3053 589 salvum
3107 545 3189 584 me
3230 528 3354 583 facit
3384 546 3412 582 a

202 632 567 727 ὀλιγοψυγίας,
603 632 696 706 καὶ
719 650 827 704 ἀπὸ
848 646 1177 714 καταιγίδος.

1859 635 2302 708 pusillanimitate
2333 632 2554 702 spiritus
2575 641 2628 684 et
2660 637 2993 695 tempestate.

278 717 374 804 1'5:
414 717 853 808 iatandvctaov,
905 738 1109 808 Κύριε,
1170 738 1266 791 καὶ
1314 734 1594 788 καταδίελε
1662 733 1760 799 τὰς

1932 727 2018 780 15.
2053 725 2354 794 Praecipita,
2389 722 2629 784 Domine,
2654 728 2708 773 et
2734 717 2911 772 divide
2933 717 3146 783 linguas
3175 726 3365 766 eorum
3399 750 3413 765 .

205 836 450 910 γλώσσας
491 834 703 889 αὐτῶν
1938 901 1991 910 ,,
2048 898 2082 910 ,κ
2202 897 2214 908 .

275 890 376 986 14..
402 890 524 981 "Dn
556 922 692 980 εἶδον
725 922 952 994 ἀνομίαν
972 959 987 984 ,
1017 920 1110 974 καὶ
1141 918 1442 985 ἀντιλογίαν
1480 919 1538 972 ἐν
1565 918 1632 988 τῇ
1663 915 1763 970 πό-
1864 992 1874 994 ξ

1932 901 2017 955 14.
2043 897 2306 964 Quoniam
2331 897 2440 951 vidi
2473 895 2833 964 iniquitatem,
2860 902 2912 946 et
2929 890 3414 945 contradictionem

208 1024 307 1076 λει.
828 991 838 994 ν

828 991 838 994 ⁷
1861 992 1919 1049 in
1943 991 2178 1044 civitate.

277 1073 364 1168 15.
408 1112 648 1182 Ἡμέρας
693 1108 788 1162 καὶ
828 1107 1021 1172 νυκτὸς
1049 1102 1314 1160 κυκλώσει
1358 1100 1528 1171 αὐτὴν
1560 1099 1652 1153 ἐπὶ
1694 1097 1766 1153 τὰ

1933 1081 2018 1134 15.
2058 1080 2151 1132 Die
2187 1091 2250 1130 ac
2286 1081 2445 1128 nocte
2481 1073 2842 1127 circumdabit
2891 1086 3011 1126 eam
3043 1087 3208 1140 super
3235 1085 3418 1125 muros

241 1205 355 1254 sim
391 1203 556 1254 αὐτῆς
583 1218 598 1231 ·
1864 1186 1983 1241 ejus
2018 1189 2031 1225 ³

205 1205 286 1256 τεί
391 1205 517 1256 αὐτ”
534 1219 556 1234 ρ
583 1218 598 1231 ·

400 1221 732 1362 Καζιάνομία
761 1291 855 1346 καὶ
879 1290 1045 1352 κόπος
1064 1290 1121 1341 ἐν
1144 1287 1292 1358 μέσῳ
1320 1285 1508 1356 αὐτῆς,
1542 1285 1636 1339 καὶ
1655 1283 1768 1338 ἀδι-

1893 1205 1912 1241 J
1940 1263 2026 1316 10.
2057 1261 2119 1317 Ει
2143 1262 2398 1332 iniquitas
2415 1273 2466 1316 et
2494 1262 2647 1317 labor
2674 1262 2728 1316 in
2751 1261 2927 1314 medio
2957 1261 3096 1329 ejus,
3115 1269 3166 1314 et
3196 1260 3419 1329 injusti-

207 1385 320 1438 κία.
634 1356 647 1362 ¹
1148 1356 1156 1358 ξ
1269 1356 1273 1357 7
1869 1356 1962 1410 “3'

279 1478 364 1530 17.
401 1476 510 1530 Καὶ
527 1475 625 1528 οὐκ
653 1473 896 1538 ἐξέλιπεν
917 1473 980 1526 ἐκ
1000 1471 1106 1525 τῶν
1135 1469 1402 1525 πλατειῶν
1424 1470 1593 1542 αὐτῆς
1612 1471 1768 1535 τόκος

1939 1448 2026 1502 17.
2062 1445 2125 1502 Et
2147 1462 2251 1500 non
2275 1444 2471 1501 defecit
2487 1445 2552 1500 de
2571 1446 2758 1515 plateis
2788 1446 2908 1515 ejus
2943 1463 3130 1513 usura,
3158 1456 3213 1502 et
3239 1447 3415 1502 dolus.

206 1571 301 1624 καὶ
331 1569 501 1632 δόλος.

282 1661 368 1715 18.
401 1661 543 1722 Ὅτι,
570 1660 618 1710 εί
639 1660 666 1710 ὁ
687 1656 877 1720 ἐνθοὸς
899 1656 1142 1710 ὠνείδισέ
1177 1672 1264 1724 με,
1299 1655 1578 1724 ὑπήνεγκα
1614 1654 1702 1710 ἄν.

1943 1652 2027 1702 18.
2063 1650 2325 1715 Quoniam
2355 1649 2397 1702 si
2427 1648 2846 1702 inimicusmeus
2870 1648 3239 1703 maledixisset
3266 1651 3420 1717 mihi,

1871 1742 2251 1795 sustinuissent
2286 1743 2488 1807 utique.

281 1838 368 1891 19.
395 1835 501 1890 Καὶ
524 1836 570 1886 εί
595 1836 622 1888 ὁ
654 1834 826 1905 μισῶν
848 1852 914 1904 με
945 1833 1030 1886 ἐπ’
1048 1833 1145 1904 ἐμὲ
1171 1832 1766 1903 ὲμεγαλορῤημονησεν,

1944 1835 2026 1887 19.
2071 1833 2132 1886 lit
2162 1835 2206 1887 si
2243 1834 2285 1886 is
2310 1834 2402 1900 qui
2426 1833 2613 1886 oderat
2637 1848 2720 1885 me
2744 1848 2905 1902 super
2940 1847 3023 1885 me
3052 1849 3243 1900 magna
3281 1833 3426 1888 locu-

209 1927 448 1998 ὲκρύὸην
470 1927 534 1980 ἂν
557 1928 651 1980 ἀπ’
682 1926 883 1994 αὐτοῦ.)
1799 1909 1812 1963 1

1799 1908 1841 1963 Β
1877 1936 1962 1980 tus
1995 1926 2205 1989 fuisset,
2234 1925 2636 1978 abscondissem
2669 1940 2752 1976 mc
2776 1922 3000 1978 forsitan
3036 1925 3103 1976 ab
3130 1941 3211 1978 eo.

278 2021 367 2073 20.
393 2017 466 2073 Σὺ
484 2020 558 2084 δὲ,
587 2019 839 2089 ἄνθρωπε
863 2017 1101 2090 ίσόψυχε,
1134 2021 1352 2088 ἡγεμων
1378 2035 1500 2088 μου,
1529 2033 1620 2069 και
1639 2033 1769 2084 γνω-

1947 2015 2036 2068 20.
2067 2013 2145 2069 Τυ
2180 2032 2302 2068 vero
2331 2016 2490 2069 homo
2519 2014 2810 2078 unanimis,
2841 2015 2951 2067 dux
2987 2031 3160 2080 tuens,
3184 2025 3236 2068 et
3269 2024 3427 2070 notus

211 2111 302 2163 στέ
336 2128 435 2181 μου
457 2128 469 2139 ·

1875 2123 2030 2162 meus
2066 2125 2079 2161 ἓ

280 2202 366 2254 21.
399 2203 492 2264 Ὃς
520 2201 641 2271 [Ὧς
691 2199 850 2274 mss.]
894 2202 987 2256 ἐπὶ
1033 2201 1093 2254 τὸ
1150 2200 1278 2254 αὐτὸ
1333 2197 1635 2266 ἐγλύκανάς
1675 2214 1766 2268 μοι

1944 2198 2036 2251 21.
2079 2197 2181 2262 Qui
2225 2197 2481 2268 [Quippe]
2513 2198 2672 2254 simul
2699 2214 2907 2253 meeum
2948 2199 3132 2254 dulces
3177 2201 3427 2269 cupiebas

211 2293 480 2362 ἐδέσματα
497 2307 514 2324 ·

468 2307 514 2344 ι·
1875 2289 2026 2345 cibos
2058 2306 2071 2342 :

279 2383 372 2436 22.
405 2382 489 2436 Ἐν
517 2382 592 2453 τῷ
613 2382 744 2454 οἴκῳ
775 2383 868 2437 τοῦ
896 2381 1024 2436 Θεοῦ
1049 2381 1420 2451 ἐπορεύθημεν
1451 2381 1506 2433 ἐν
1529 2380 1770 2452 ὁμονοίᾳ.

1645 2380 1770 2452 rota.
1938 2380 2026 2434 22.
2059 2382 2113 2433 In
2145 2381 2306 2434 domo
2337 2380 2427 2434 Dei
2463 2382 2858 2438 ambulavimus
2885 2383 2937 2436 in
2962 2398 3248 2438 const'nsu.

281 2475 372 2530 25.
421 2475 648 2528 Ἐλθέτω
681 2476 742 2545 δὴ
763 2475 986 2537 Θάνατος
1017 2476 1100 2526 ἐπ’
1135 2475 1361 2537 αὐτοὺς,

1176 2475 1329 2537 inab;
1347 2513 1361 2537 ,
1942 2472 2032 2526 25.
2067 2469 2252 2524 Veniat
2276 2489 2423 2526 mors
2452 2488 2615 2542 super
2640 2473 2779 2536 illos,

282 2566 373 2618 21.
409 2567 517 2618 Καὶ
546 2565 939 2636 καταδήτωσαν
969 2566 1047 2627 είς
1077 2564 1202 2635 ᾅδου
1235 2565 1434 2628 ζῶντες
1452 2581 1467 2595 ο

1942 2562 2030 2614 24.
2060 2561 2123 2614 Et
2147 2563 2472 2618 deSCendant
2500 2567 2550 2616 in
2576 2564 2844 2618 infernum
2882 2565 3151 2619 viventes:

282 2656 374 2713 25.
400 2656 519 2710 Ὀτι
541 2656 770 2728 πονηρία
796 2658 852 2712 ἐν
881 2658 1001 2720 ταῖς
1027 2656 1339 2726 παροικίαις
1371 2656 1567 2721 αὐτῶν,
1600 2657 1658 2709 ἐν
1687 2654 1772 2726 μὲ-

1948 2651 2040 2704 25.
2066 2651 2334 2716 Quoniam
2371 2655 2613 2724 nequitia
2665 2656 2717 2708 in
2764 2656 3088 2712 habitaculis
3123 2673 3335 2726 eorttm,
3377 2659 3430 2713 in

217 2765 294 2818 σῳ
327 2748 527 2803 αὐτῶν.

1879 2743 2057 2798 medio
2086 2759 2292 2798 eorum.

283 2841 372 2895 26.
416 2840 556 2910 Ἐγὼ
584 2841 718 2912 πρὸς
752 2841 843 2896 τὸν
875 2841 1004 2894 Θεὸν
1043 2838 1341 2907 ἐκέκραξα.
1378 2835 1469 2889 καὶ
1500 2835 1529 2887 ὀ
1572 2833 1774 2905 Κύριος

1949 2834 2039 2889 26.
2079 2834 2190 2906 Ego
2220 2837 2286 2892 ad
2319 2836 2486 2893 Deum
2523 2839 2774 2908 clamavi,
2809 2852 2862 2896 et
2901 2843 3164 2898 Dominus
3211 2845 3435 2900 exaudi-

214 2934 499 3006 είσὴκουσὲ
533 2949 653 3004 μου.

533 2949 653 3004 μου.
1881 2927 1958 2982 vit
1985 2943 2068 2983 me
2107 2946 2121 2983 :

1334 3104 1704 3161 ATIlANASll
1742 3104 2325 3167 INTERI’RETATIO.

286 3264 377 3320 1-2.
408 3261 604 3317 Λοιπὸν
630 3261 1025 3332 προσεδεχομην
1048 3261 1134 3313 τὸν
1151 3259 1280 3312 θεὸν
1303 3260 1393 3313 τὸν
1413 3259 1773 3333 λυτρούμενόν
1799 3269 1843 3328 c

1838 3271 1843 3326 ι
1944 3263 2030 3318 12.
2073 3263 2309 3334 Denique
2334 3270 2709 3335 exspectabam
2755 3271 2943 3334 Deum,
2987 3273 3078 3342 qui
3125 3289 3206 3328 me
3247 3275 3441 3330 liberat

219 3375 286 3432 με
317 3357 429 3413 ἀπὸ
454 3355 562 3409 τῶν
592 3354 845 3407 εἰσϐολῶν
876 3354 968 3406 τοῦ
1012 3353 1226 3424 ἐχθροῦ.

950 3354 968 3406 5
1012 3353 1226 3424 ἐχθροῦ.
1884 3357 1951 3410 ab
1984 3359 2294 3412 incursibus
2331 3360 2553 3414 inimici.

294 3451 379 3504 15.
430 3449 767 3511 Θανάτωσον,
823 3447 1031 3516 Κύριε,
1084 3447 1176 3500 καὶ
1229 3443 1515 3516 σύντριψον
1586 3444 1784 3502 κακίαν

1957 3450 2041 3503 15.
2078 3451 2355 3518 Mor-tilica,
2400 3453 2644 3520 Dontittt‘,
2682 3466 2736 3511 ct
2787 3465 3004 3511 contere
3051 3455 3306 3510 malitiam
3351 3472 3443 3511 eo-

215 3557 419 3593 αυτων.
1883 3557 2025 3595 I‘UIII.

290 3634 378 3689 M.
410 3633 531 3685 Ὅτι
556 3629 811 3699 αἵσοομαι
841 3629 899 3680 ἐν
928 3629 993 3698 τῇ
1034 3627 1227 3699 καρδίᾳ
1255 3645 1377 3696 μου.

1345 3653 1377 3680 ι.
1955 3632 2040 3684 14.
2073 3632 2338 3696 Quoniam
2372 3633 2514 3685 sensi
2545 3634 2596 3685 in
2623 3635 2783 3687 corde
2810 3649 2948 3689 meo.

288 3722 376 3777 ‘5'
424 3721 740 3782 Ἀπαύδτως
771 3718 980 3789 ἡμέρας
1015 3718 1108 3772 καὶ
1141 3718 1332 3780 νυκτὸς
1365 3717 1782 3790 περικαθὲζεταί

1959 3726 2044 3778 15.
2073 3725 2412 3780 lncessanter
2449 3727 2535 3780 die
2573 3743 2636 3781 ac
2688 3737 2844 3783 nocte
2871 3729 3280 3788 circumassidet
3313 3734 3445 3790 mihi

221 3830 311 3883 μοι
338 3813 372 3882 ἡ
407 3809 666 3883 ἁμαρτία.

581 3809 666 3864 :ia.
1884 3827 2184 3884 peccatum.

294 3903 384 3956 16.
421 3901 781 3971 Πεπλήρωται
809 3901 841 3969 ἡ
869 3897 1076 3952 διάνοιά
1111 3915 1210 3968 μου
1233 3896 1547 3967 λογισμῶνὲ

1958 3909 2040 3961 1ίῑ.
2081 3907 2294 3978 ltepleta
2319 3920 2574 3963 estmons
2599 3926 2713 3964 mea
2739 3913 3176 3982 cogitationibus.
3272 3950 3278 3957 -

295 3994 382 4047 17.
419 3992 529 4046 Καὶ
562 3992 660 4044 οὑκ
702 3990 993 4058 ἀφίσταται
1042 3989 1152 4043 απὸ
1199 3989 1300 4060 τῆς
1346 3990 1570 4059 καρδίας
1607 4006 1704 4060 μου
1753 3989 1786 4058 ἡ

1955 4000 2040 4054 17.
2076 4000 2139 4054 Et
2165 4018 2268 4053 non
2288 4002 2539 4056 disceSsit
2563 4019 2590 4054 a
2609 4003 2768 4056 corde
2787 4018 2927 4066 meo,
2954 4004 3096 4071 quod
3123 4015 3282 4059 antea
3303 4021 3448 4063 exsn-

220 4082 652 4154 προῦπάρχουσα
680 4081 938 4151 ἁμαρτία.

784 4081 938 4151 ιρτία.
1888 4089 2061 4143 stebat
2091 4103 2266 4158 peccat
2279 4108 2387 4143 um.

294 4176 383 4230 18.
421 4175 531 4230 Καὶ
562 4175 648 4226 ὅτε
675 4176 702 4226 ὁ
728 4172 918 4242 ἐχθρὸς
951 4171 1190 4236 ὠνείδιζέ
1227 4189 1293 4241 με
1314 4212 1328 4236 ,
1363 4172 1648 4243 ἰπέφερον.

1961 4183 2043 4235 18.
2073 4182 2136 4235 Et
2167 4199 2290 4236 cum
2322 4183 2574 4236 inimicus
2614 4183 2891 4236 maledixit
2922 4183 3074 4250 mihi,
3099 4186 3340 4242 toleravi.

294 4269 383 4324 19.
411 4268 519 4321 Καὶ
539 4267 698 4320 πάλιν
723 4266 809 4317 ὅτε
833 4264 929 4336 τὴν
950 4265 1163 4336 ἀπάτην
1181 4264 1272 4317 τοῦ
1299 4264 1413 4334 βίου
1434 4264 1650 4317 ἐνέϐαλὲ
1674 4282 1787 4335 μοι,

1964 4273 2050 4327 19.
2082 4274 2144 4327 Et
2182 4292 2368 4329 rursus
2405 4290 2526 4328 cum
2575 4274 2947 4344 deceptionem
2980 4277 3104 4332 vita:
3147 4280 3279 4334 mihi
3312 4281 3447 4352 inje-

222 4360 324 4413 οὐκ
345 4359 616 4428 ὴνεχόμην
650 4355 1000 4427 [ἠνεσχόμην]
1035 4355 1223 4411 αὐτοῦ.

1035 4355 1223 4411 αὐτοῦ.
1890 4367 1984 4431 cit,
2017 4365 2192 4434 ipsum
2227 4383 2331 4419 non
2364 4365 2616 4420 sustinui.

299 4451 388 4505 20.
407 4449 497 4502 Σοὶ
520 4449 576 4500 δὲ
592 4447 734 4514 λέγω
754 4449 819 4517 τῇ
836 4446 1043 4518 διανοίᾳ
1064 4463 1166 4518 μου
1186 4463 1201 4479 ·
1225 4446 1298 4500 Τὸ
1314 4446 1633 4517 ἡγεμονικόν
1654 4462 1753 4516 μου
1768 4461 1788 4479 θ

1960 4451 2048 4506 20.
2088 4451 2207 4506 Tibi
2237 4465 2415 4506 autem
2443 4452 2566 4507 dico
2600 4468 2753 4508 mens
2795 4468 2914 4507 mea
2937 4492 2950 4518 ,
2980 4452 3351 4525 Principatum
3393 4457 3449 4511 in

1891 4555 1978 4595 me
2007 4557 2155 4595 tenes
2185 4560 2197 4594 ι

298 4634 391 4689 2|.
418 4631 493 4685 Τὸ
527 4633 641 4704 μετ’
672 4630 804 4703 ἐμοῦ
836 4629 904 4683 τὰ
943 4629 1103 4698 λόγια
1127 4647 1221 4682 του
1255 4630 1389 4683 Θεοῦ
1425 4630 1594 4701 ἡδέως
1634 4629 1783 4700 ἔχων
1821 4608 1868 4666 D

1576 4647 1594 4692 ;
1634 4629 1783 4700 ἕχον
1821 4608 1868 4666 θ
1961 4631 2049 4684 2|.
2084 4630 2288 4685 Mecum
2312 4633 2527 4703 eloquia
2552 4634 2642 4687 Dei
2666 4633 2904 4688 suaviter
2927 4634 3134 4690 habens
3164 4654 3179 4692 :

298 4724 391 4781 22.
422 4722 781 4796 Πορευθῶμεν
814 4723 928 4794 ἅμα
960 4723 1039 4784 είς
1074 4722 1399 4793 προσευχήν.

1316 4722 1399 4792 ἡν.
1963 4723 2050 4774 22.
2084 4723 2281 4777 lvimus
2311 4726 2472 4777 simul
2512 4726 2572 4776 ad
2598 4726 2919 4780 orationem.

295 4817 388 4870 25.
419 4817 530 4870 Καὶ
561 4815 775 4887 ἔρχεται
797 4814 936 4886 ὀργὴ
952 4812 1047 4867 τοῦ
1069 4812 1203 4867 Θεοῦ
1233 4815 1323 4867 ἐπὶ
1350 4815 1471 4878 τοὺς
1500 4813 1788 4884 λογισμοὺς

1764 4831 1788 4877 ς
1966 4811 2054 4865 25.
2087 4811 2151 4866 Et
2181 4815 2327 4868 venit
2356 4817 2434 4869 ira
2460 4814 2552 4869 Dei
2584 4832 2746 4886 super
2783 4816 3143 4886 cogitationes
3173 4817 3367 4875 malas.

229 4909 354 4971 τοὺς
381 4906 605 4970 κακούς.

299 4999 390 5055 24.
427 4998 536 5050 Καὶ
572 4996 796 5067 ἀφανεῖς
825 4993 1064 5063 γίνονται
1100 4995 1228 5065 περ)⁵
1274 4997 1550 5066 χρήματος
1584 4995 1655 5066 (1)
1692 4996 1790 5065 (a).

1523 5013 1550 5058 ς
1584 4995 1655 5066 (1)
1692 4996 1790 5065 (α),
1968 4989 2056 5043 2i.
2093 4989 2159 5044 Et
2197 4999 2525 5045 evanescunt
2558 4991 2610 5044 in
2641 4992 2755 5061 ipso
2781 5007 2962 5045 rerum
2995 5007 3123 5048 usu.

300 5090 522 5144 25.Ὅτι
539 5087 708 5140 κακία
728 5084 897 5156 πολλὴ
917 5086 973 5139 ἐν
988 5089 1052 5157 τῇ
1076 5085 1288 5158 καρδίᾳ,
1309 5086 1434 5139 ὅταν
1459 5085 1694 5137 οἰκοῦσιν
1714 5083 1791 5157 (2)

1965 5083 2058 5137 25.
2100 5082 2370 5149 Quoniam
2422 5084 2626 5138 malitia
2678 5084 2846 5138 multa
2885 5085 2940 5140 in
2979 5085 3145 5141 corde
3185 5097 3288 5153 est,
3331 5102 3455 5143 cum

227 5183 290 5234 ὲ)
328 5180 484 5250 αὐτῇ.

1899 5173 2003 5244 ipsi
2034 5173 2087 5227 in
2119 5189 2185 5227 eo
2219 5174 2482 5227 habitant.

304 5269 393 5323 26.
419 5265 560 5335 Ἐγὼ
580 5262 928 5336 ἀδικούμενος
950 5263 1040 5316 ὑπ’
1057 5264 1233 5318 αὐτῶν
1257 5266 1525 5337 ἀνεδόησα
1553 5265 1685 5337 πρὸς
1704 5265 1798 5320 τὸν

1968 5263 2057 5318 26.
2092 5264 2203 5333 Ego
2231 5266 2392 5319 lmsus
2415 5265 2484 5318 ab
2527 5266 2659 5335 ipsis
2682 5264 2909 5320 clamavi
2940 5266 3004 5320 ad
3046 5266 3236 5330 Deum,
3271 5275 3324 5319 et
3355 5268 3459 5321 Do-

232 5362 386 5427 Θεὸν,
423 5360 516 5414 καὶ
539 5362 568 5413 ὁ
594 5358 795 5430 Κύριος
823 5356 1086 5429 ἐϐοήθησέ
1122 5375 1210 5429 μοι
1240 5358 1338 5428 (5).

839 5356 1086 5429 ὲδοήθησέ
1122 5375 1210 5429 μοι
1240 5358 1338 5428 (5).
1901 5357 2084 5410 minus
2106 5357 2310 5426 adjuvit
2340 5373 2442 5412 me.

1176 5470 1481 5533 Addenda
1511 5479 1569 5531 et
1601 5470 1973 5550 corrigenda
2007 5489 2090 5534 ex
2121 5473 2260 5534 cod.
2313 5475 2514 5537 Vatic.

332 5625 385 5694 1)
411 5625 654 5678 Γίνονται
687 5620 1042 5692 παραχρῆμα.
1970 5617 2048 5692 (5)
2078 5620 2377 5694 Είσήκουσέ
2409 5640 2529 5693 μου.

332 5627 357 5680 1
411 5625 654 5678 Γίνονται
687 5637 762 5674 πα

306 5625 386 5770 i2;
417 5696 762 5766 Οίκήσουσιν.

312 5836 388 5909 (α)
415 5837 716 5907 Χρήσεως.
777 5831 835 5889 in
868 5832 982 5890 cod.
1023 5828 1182 5886 Dari).
1217 5831 1317 5888 hoc
1359 5832 1578 5888 verbum
1622 5841 1794 5889 exstat
1835 5833 1889 5890 in
1917 5843 2064 5892 textu
2098 5833 2249 5904 nigra
2277 5832 2471 5890 lineola
2509 5832 2959 5887 subternotatum.
