4060 6476
608 355 711 413 867
1463 353 1518 409 S.
1556 352 1927 407 ATIIANASII
1965 347 2115 406 OPP.
2155 346 2337 403 PARS
2376 347 2461 400 Ill.
2511 378 2566 387 --
2611 347 3019 401 EXEGETICA.
3740 342 3847 398 868

683 480 771 534 ΕΠ.
809 479 1057 549 Vespere,
1082 488 1133 533 et
1159 492 1335 542 mane,
1364 484 1417 530 et
1440 474 1665 529 meridie
1698 474 1956 539 narrabo,
2199 478 2246 531 Α

2240 522 2246 531 ,
2341 470 2427 523 27.
2462 472 2535 535 (a)
2577 469 2864 540 Ἐσπέρας,
2900 469 2990 520 καὶ
3028 467 3191 537 πρωῒ,
3237 468 3330 520 καὶ
3372 466 3717 537 μεσημὸρίας
3761 466 3843 518 δι-

2282 562 2553 632 ηγήσομαι
2575 597 2590 623 ,
3226 620 3229 621 ν

679 656 768 710 28.
795 655 860 708 Et
893 653 1244 718 annuntiabo,
1267 662 1319 707 et
1348 651 1599 707 exaudiet
1624 666 1813 705 vocem
1847 664 2047 704 meam.

2346 652 2434 706 28.
2452 654 2561 706 Καὶ
2580 652 2892 720 ἀπαγγελῶ,
2908 636 3000 705 καὶ
3015 651 3388 705 εἰσακούσεται
3402 652 3498 722 τῆς
3515 652 3697 720 φωνῆς
3718 668 3844 720 μου.

681 746 771 799 29.
801 744 1045 799 Redimet
1081 745 1133 796 in
1183 756 1311 813 pace
1350 744 1586 796 animam
1626 755 1800 795 meam
1839 740 1907 793 ab
1945 739 2049 803 his,
2083 737 2177 807 qui

2347 745 2435 801 29.
2466 744 2811 816 Λυτρώσεται
2844 748 2900 798 ἐν
2930 747 3117 817 εἰρήνῃ
3140 747 3239 815 τὴν
3268 745 3444 815 ψυχήν
3474 762 3573 814 μου
3597 743 3709 798 ἀπὸ
3734 743 3849 797 τῶν

610 837 1047 907 appropinquant
1070 836 1199 888 mihi
1231 854 1244 888 :

1155 836 1199 887 hi
1231 854 1244 888 :
2280 839 2605 909 ἐγγιζόντων
2637 855 2758 910 μοι’

682 927 771 983 50.
804 926 1072 992 Quoniam
1105 928 1241 980 inter
1274 926 1470 978 multos
1493 931 1648 977 erant
1681 938 1914 977 mecum.

1790 938 1914 977 sunt.
2349 932 2439 985 30.
2476 930 2602 982 Ὂτε
2631 932 2689 983 ἐν
2722 929 2931 992 πολλοῖς
2957 923 3095 999 ἦσαν
3121 928 3216 981 σὺν
3250 927 3393 998 ἐμοὶ.

679 1016 767 1071 51.
803 1009 1061 1070 Exaudiet
1094 1015 1259 1079 Deus,
1311 1023 1365 1069 et
1408 1012 1720 1067 humiliabit
1759 1012 1904 1078 illos,
1949 1010 2043 1081 qui
2094 1019 2179 1066 est

2350 1022 2438 1076 51.
2475 1021 2862 1075 Εἰσακούσεται
2888 1024 2917 1074 ὁ
2963 1020 3122 1085 Θεὸς,
3156 1020 3248 1072 καὶ
3275 1019 3596 1072 ταπεινώσει
3624 1016 3848 1080 αὐτοὺς,

615 1101 744 1161 aute
771 1108 970 1162 saecula

2279 1116 2308 1167 ὁ
2339 1113 2597 1187 ὑπάρχων
2626 1113 2732 1184 πρὸ
2761 1112 2870 1167 τῶν
2894 1112 3125 1166 αἰώνων.

1237 1197 1567 1268 Diapsalma.
1638 1248 1641 1251 .

1638 1248 1641 1251 .
2878 1202 2980 1257 Διά
2991 1207 3213 1273 culpa.

680 1289 769 1345 32.
793 1286 913 1345 Non
949 1290 1091 1344 enim
1123 1302 1204 1345 est
1227 1292 1333 1346 illis
1364 1288 1743 1352 commutatio,
1769 1283 2029 1357 quoniam
2070 1298 2175 1338 non

2348 1296 2435 1350 52.
2462 1296 2537 1348 Οὐ
2569 1295 2676 1366 γάρ
2706 1296 2851 1347 ἐστιν
2876 1296 3057 1358 αὐτοῖς
3092 1294 3463 1364 ἀντάλλαγμα,
3491 1295 3571 1347 ὅτι
3596 1296 3696 1348 οὐκ
3720 1296 3850 1364 etpo-

614 1382 912 1437 timuerunt
933 1381 1126 1438 Deum.

2276 1385 2521 1456 ὂὴθησαν
2554 1385 2644 1439 τὸν
2672 1385 2823 1438 Θεόν.

678 1473 766 1528 55.
807 1474 1060 1529 Extendit
1093 1490 1313 1528 manum
1342 1489 1496 1528 suam
1526 1474 1578 1526 in
1611 1470 1961 1525 rctribuendo
1988 1486 1999 1522 :

2345 1480 2435 1534 33.
2488 1478 2749 1542 Ἐξέτεινε
2784 1476 2882 1548 τὴν
2907 1478 3063 1547 χεῖρα
3098 1476 3260 1529 αὑτοῦ
3302 1478 3358 1528 ἐν
3400 1476 3475 1545 τῷ
3516 1475 3846 1530 ἀποδιδόναι.

678 1563 768 1617 54.
801 1563 1326 1617 Contaminavcrunt
1355 1572 1739 1618 testamentum
1763 1561 1881 1631 ejus
1912 1578 1924 1614 :

1912 1578 1924 1614 ε
2348 1571 2434 1625 54.
2481 1570 2853 1641 Ἐὸεὸήλωσαν
2885 1571 2983 1638 τὴν
3029 1568 3291 1639 διαθήκην
3323 1566 3514 1620 αὐτοῦ·

679 1655 769 1711 55.
798 1656 969 1712 Divisi
1002 1666 1127 1713 sunt
1152 1659 1219 1711 ab
1258 1658 1338 1711 ira
1365 1657 1548 1710 vultus
1569 1656 1711 1724 ejus.

2349 1663 2435 1718 35.
2460 1664 2546 1715 Διε
2557 1662 2886 1733 μερίσθησαν
2909 1660 3016 1713 ἀπὸ
3036 1661 3203 1731 ὀργῆς
3223 1659 3316 1711 τοῦ
3341 1657 3630 1730 προσώπου
3656 1657 3848 1721 αὑτοῦ,

681 1747 771 1803 56.
808 1747 874 1801 Et
903 1749 1472 1820 appropinquawcrunt
1513 1746 1678 1802 corda
1724 1761 1936 1800 eorum.

1807 1761 1936 1799 'llm-
2350 1754 2437 1809 36.
2478 1755 2585 1809 Καὶ
2617 1756 2849 1825 ἤγγισαν
2882 1756 2937 1808 αἱ
2968 1753 3185 1825 καρδίαι
3215 1752 3410 1807 αὐτῶν.

676 1861 764 1915 57.
794 1861 983 1917 Molliti
1014 1869 1141 1916 sunt
1171 1876 1451 1916 sermones
1480 1875 1670 1916 eorum
1704 1873 1869 1929 super
1891 1856 2094 1921 oleum,
2206 1832 2253 1891 Β

2206 1832 2253 1891 Β
2351 1846 2439 1900 37.
2484 1846 2895 1916 Ὴπαλύνθησαν
2923 1846 2971 1899 οἱ
2998 1846 3143 1914 λόγοι
3173 1844 3353 1898 αὐτῶν
3379 1845 3516 1912 ὑπὲρ
3540 1844 3735 1909 ἔλαιον,

686 1952 772 2008 58.
801 1952 867 2007 Ει
896 1954 997 2024 ipsi
1028 1962 1155 2010 sunt
1182 1953 1389 2023 jacula.

2352 1938 2442 1992 38.
2475 1939 2584 1991 Kal
2615 1938 2767 1992 αὐτοί
2800 1939 2907 1990 εισι
2939 1936 3156 2006 βολίδες.

683 2044 773 2099 59.
806 2042 959 2099 Jacta
995 2061 1159 2117 super
1188 2045 1479 2100 Dominum
1515 2059 1703 2099 curam
1751 2050 1924 2107 tuam,
1965 2049 2020 2095 et
2061 2039 2177 2110 ipse

2353 2032 2440 2086 59.
2490 2031 2802 2103 Ἐπίρῤιψον
2828 2031 2921 2083 ἐπὶ
2950 2029 3152 2101 Κύριον
3180 2029 3278 2100 τὴν
3307 2028 3573 2100 μέριμνάν
3606 2043 3723 2090 σου,
3752 2027 3851 2079 καὶ

614 2146 666 2192 te
694 2137 931 2192 enutriet
956 2157 969 2192 :

2282 2124 2442 2187 αὐτός
2465 2140 2524 2175 τε
2548 2121 2850 2193 διαθρέψει·

686 2226 772 2280 40.
808 2223 927 2280 Non
964 2228 1114 2284 dabit
1149 2230 1203 2284 in
1232 2239 1493 2285 aeternum
1525 2226 1928 2283 ﬂuctuationem
1955 2224 2126 2294 justo.

2061 2230 2126 2277 lo.
2354 2214 2440 2271 40.
2468 2218 2541 2269 Οὐ
2566 2216 2725 2269 δώσει
2752 2217 2830 2278 εἰς
2856 2215 2945 2268 τὸν
2974 2212 3144 2268 αἰῶνα
3173 2212 3329 2266 σάλον
3353 2211 3431 2282 τῷ
3458 2210 3664 2281 δικαίῳ.

682 2319 766 2373 41.
803 2318 883 2375 Tu
908 2337 1057 2388 vero,
1088 2322 1251 2388 Deus,
1278 2324 1513 2379 deduces
1540 2338 1636 2377 eos
1672 2323 1725 2374 in
1775 2328 1997 2389 puteum
2041 2314 2180 2367 inte-

2353 2310 2440 2363 41.
2473 2310 2543 2362 Σὺ
2569 2309 2646 2373 δὲ,
2672 2312 2699 2361 ὁ
2730 2308 2883 2374 Θεὸς,
2918 2306 3167 2371 κατάξεις
3200 2305 3392 2368 αὐτοὺς
3421 2306 3498 2367 εἰς
3532 2304 3709 2375 φρέαρ
3735 2303 3853 2356 δια-

617 2411 775 2465 ritus.
1420 2412 1426 2417 ’

1420 2412 1426 2417 ’
2285 2401 2509 2473 φθορᾶς.

683 2504 773 2558 42.
806 2502 921 2556 Viri
956 2502 1311 2570 sanguinum,
1339 2508 1394 2553 et
1425 2498 1627 2563 dolosi,

2351 2494 2439 2547 42.
2476 2493 2699 2564 ’Ἄνδρες
2730 2490 2977 2562 αἱμάτων
3016 2491 3107 2544 καὶ
3138 2489 3463 2561 δολιότητος,

683 2595 775 2650 45.
805 2594 923 2648 Νοη
954 2592 1315 2648 dimidiabuut
1346 2591 1464 2648 dies
1497 2606 1650 2647 suos.

2355 2586 2441 2640 45.
2479 2588 2552 2639 Οὐ
2583 2586 2657 2657 μὴ
2688 2584 3021 2658 ἡμισεύσωσι
3048 2583 3145 2647 τὰς
3170 2583 3380 2654 ἡμέρας
3411 2582 3606 2635 αὐτῶν.

689 2708 767 2782 (a)
790 2707 941 2765 Vers.
974 2708 1065 2773 27,
1072 2706 1392 2780 ιἘσπέρας,
1422 2718 1523 2766 etc.
1558 2707 1868 2777 ἀπαγγελῶ.
1914 2704 2049 2762 Vers
2077 2705 2168 2771 28,
2211 2707 2292 2759 Ka

1051 2706 1392 2780 ,ιἘσπέρας,
1422 2718 1523 2766 etc.
1558 2707 1868 2777 ἀπαγγελῶ.
1914 2704 2049 2762 Vers
2077 2705 2168 2771 28,
2211 2704 2321 2759 Καὶ
2354 2704 2516 2771 εἱσα.,
2545 2716 2650 2759 etc.

1751 2905 2118 2963 ATIIANASII
2164 2902 2737 2958 INTERPRETATIO.

647 3057 651 3060 ’
687 3066 777 3121 27.
812 3065 945 3120 Sine
979 3063 1385 3119 intermissione
1411 3078 1575 3117 orans
1602 3061 1900 3117 confitebor
1925 3061 2040 3115 tibi.
2210 3067 2250 3123 c

2248 3068 2251 3120 ς
2352 3061 2440 3113 27.
2480 3060 2799 3123 Ἀπαύστως
2847 3044 3100 3131 δεόμενος
3132 3060 3208 3131 (1)
3239 3059 3700 3133 ἐξομολογήσομαί
3746 3079 3851 3116 σοι.

688 3158 779 3212 28.
808 3156 876 3211 Et
909 3157 1123 3227 quoties
1152 3157 1398 3211 clamabo
1428 3157 1493 3211 ad
1533 3172 1679 3222 eum,
1706 3165 1764 3209 ut
1801 3155 2022 3225 impleat
2052 3154 2186 3224 peti-

2358 3153 2447 3207 28.
2478 3153 2584 3206 Καὶ
2615 3154 2805 3215 ὁσάκις
2838 3138 2924 3206 δᾶν
2951 3154 3027 3224 (2)
3059 3154 3343 3224 ἀναϐοήσω
3370 3153 3505 3226 πρὸς
3526 3155 3686 3208 αὑτὸν
3716 3156 3858 3227 πλη-

622 3248 823 3303 tionem
852 3264 1052 3310 meam,
1084 3257 1137 3302 et
1172 3263 1357 3302 curam
1390 3247 1495 3301 mei
1524 3256 1719 3302 sumet.

2290 3244 2457 3314 ρῶσαι
2491 3245 2550 3297 τὸ
2579 3244 2786 3314 αἴτημά
2823 3263 2921 3315 μου
2943 3286 2957 3307 ,
2991 3246 3084 3297 καὶ
3126 3246 3379 3316 πρόνοιάν
3412 3265 3509 3318 μου
3545 3251 3854 3319 ποιήσεται.

688 3340 778 3396 29.
810 3339 1082 3396 Liberabit
1131 3341 1300 3408 gratia
1351 3355 1447 3394 sua
1486 3341 1725 3393 animam
1759 3352 1933 3392 meam
1974 3336 2042 3389 ab
2082 3336 2188 3389 im-

2356 3333 2445 3387 29.
2482 3334 2826 3404 Λυτρώσεται
2849 3336 2935 3388 διὰ
2965 3337 3063 3406 τῆς
3092 3336 3310 3406 χάριτος
3339 3339 3501 3391 αὑτοῦ
3534 3340 3631 3410 τὴν
3677 3341 3858 3411 ψυχήν

623 3433 807 3502 probis
838 3433 1011 3499 cogita
1021 3431 1284 3484 tionibus.

2290 3442 2392 3494 μου
2423 3426 2528 3478 ἀπὸ
2557 3426 2662 3478 τῶν
2693 3427 2942 3498 πονηρῶν
2968 3427 3258 3497 λογισμῶν.

694 3521 783 3576 50.
811 3520 1078 3587 Quoniam
1114 3519 1298 3573 multa:
1326 3526 1481 3572 erant
1513 3517 1567 3570 in
1594 3520 1757 3570 corde
1797 3529 1950 3570 meo.

2363 3517 2452 3572 30.
2492 3518 2611 3570 ’Ὁτι
2640 3518 2822 3571 πολλοὶ
2854 3515 2993 3590 ἦσαν
3025 3520 3082 3572 ἐν
3116 3522 3181 3590 τῇ
3218 3520 3413 3592 καρδίᾳ
3459 3538 3580 3591 μου.

693 3612 781 3667 51.
812 3611 1255 3681 Deprecationem
1299 3625 1475 3665 meam
1524 3608 1579 3662 in
1632 3610 1792 3661 linem
1834 3608 2088 3671 adducet,
2134 3616 2190 3661 et

2361 3610 2448 3665 3i.
2480 3610 2570 3673 Εἰς
2599 3610 2767 3681 πέρας
2790 3612 2987 3679 άγαγεῖ
3008 3612 3107 3682 τὴν
3132 3612 3313 3682 δέησίν
3339 3630 3439 3682 μου
3464 3612 3557 3667 καὶ
3582 3613 3862 3684 ὑποστρώ-

625 3704 937 3761 substernet
959 3720 1053 3759 eos
1080 3704 1304 3774 pedibus
1343 3704 1478 3758 meis
1511 3701 1671 3767 Deus,
1696 3701 1789 3771 qui
1826 3711 1949 3755 ante
1972 3702 2187 3755 saecula.

1996 3702 2187 3755 tacula.
2292 3719 2372 3754 σει
2403 3702 2595 3763 αὐτοὺς
2622 3704 2735 3764 τοῖς
2761 3702 2886 3753 ποσί
2912 3719 3011 3771 μου
3045 3704 3073 3754 ὁ
3105 3701 3424 3773 προαιώνιος
3450 3703 3599 3766 Θεός.

699 3800 788 3854 52.
822 3796 938 3852 Non
972 3797 1117 3852 enim
1148 3796 1283 3865 ipsis
1319 3804 1522 3864 parcet.
2290 3831 2302 3864 ί

2290 3831 2342 3864 ι,
2361 3792 2447 3846 32.
2474 3793 2547 3845 Οὐ
2581 3792 2691 3863 γὰρ
2721 3795 3131 3864 συγχωρήσεται
3162 3797 3237 3865 (5)
3270 3795 3471 3857 αὐτοῖς.

694 3890 786 3946 55.
820 3888 1069 3944 Detinere
1106 3902 1192 3942 me
1230 3886 1403 3941 voluit
1445 3886 1719 3949 inimicus,
1757 3899 1881 3940 cum
1931 3899 2018 3939 me
2048 3880 2191 3937 Deus

2362 3884 2451 3938 55.
2476 3886 2782 3955 Κατασχεῖν
2809 3902 2875 3955 με
2898 3884 3158 3954 ἠθέλησεν
3179 3887 3208 3937 ὁ
3231 3886 3421 3957 ἐχθρὸς
3442 3889 3500 3939 ἐν
3518 3886 3596 3957 τῷ
3617 3888 3709 3942 τὸν
3724 3888 3860 3944 Θεὸν

630 3979 883 4035 liberaret
911 3995 941 4033 a
965 3986 1210 4049 peccato.

2292 3975 2614 4046 λυτροῦσθαι
2649 3976 2845 4044 με’ἀπὸ
2875 3976 2974 4044 τῆς
3000 3977 3289 4047 ἁμαρτίας.

701 4077 788 4131 54.
815 4075 1332 4131 Contaminaverunt
1363 4072 1609 4128 homines
1650 4072 1955 4141 iniquitate.

2363 4068 2450 4122 54.
2488 4068 2781 4138 Ἐμόλυναν
2829 4069 2951 4132 τοὺς
2984 4069 3297 4141 ἀνθρώπους
3343 4071 3430 4125 διὰ
3473 4072 3574 4142 τῆς
3602 4075 3857 4145 ἀνομίας.

701 4258 790 4315 55.
824 4258 1037 4328 Decepti
1067 4266 1196 4314 sunt
1221 4254 1467 4312 homines
1498 4271 1527 4310 a
1557 4253 1862 4308 daemonum
1894 4252 2121 4307 malitia.

2362 4244 2451 4299 35.
2480 4243 2865 4315 Ἠπατήθησαν
2894 4247 2941 4297 οἱ
2967 4245 3238 4317 ἄνθρωποι
3270 4247 3377 4301 ἀπὸ
3406 4248 3501 4317 τῆς
3524 4251 3721 4315 κακίας
3748 4250 3860 4304 τῶν

2295 4337 2582 4406 δαιμόνων.

707 4431 793 4489 36.
820 4431 885 4485 Et
908 4430 1068 4485 corda
1090 4445 1277 4485 eorum
1307 4431 1560 4486 conclusa
1584 4438 1727 4485 sunt.
2220 4431 2270 4490 D

2220 4431 2270 4490 D
2365 4428 2451 4481 56.
2490 4427 2597 4479 Καὶ
2635 4427 3083 4499 συνεκλείσθησαν
3109 4431 3164 4482 αἱ
3198 4431 3415 4501 καρδίαι
3438 4433 3626 4487 αὐτῶν.

710 4526 793 4578 57.
822 4522 1141 4593 Deceptione
1166 4523 1395 4592 peccati.

2359 4520 2446 4572 57.
2475 4520 2552 4589 Τῇ
2580 4519 2762 4591 ἀπάτῃ
2787 4522 2883 4590 τῆς
2918 4521 3204 4592 ἁμαρτίας.

707 4618 794 4670 58.
817 4615 1095 4682 Tanquam
1136 4630 1295 4690 ιιι-«δυο
1325 4614 1521 4668 sublati
1548 4622 1675 4668 sunt
1701 4614 1770 4666 ab
1794 4614 1930 4680 ipso.

2360 4610 2447 4664 38.
2492 4610 2576 4673 Ὡς
2606 4610 2754 4675 τόξον
2785 4612 3098 4683 ἐπάρθησαν
3132 4614 3224 4666 ἀπ’
3254 4612 3419 4667 αὐτοῦ
3452 4614 3539 4684 (4).

708 4705 796 4758 59.
828 4704 1122 4773 Deprecare
1149 4702 1457 4769 Dominum,
1478 4710 1532 4755 et
1560 4701 1672 4771 ipse
1700 4711 1750 4753 te
1779 4699 2096 4753 vivilicablt.

2361 4703 2449 4758 59.
2470 4704 2697 4777 Δεήθητκι
2725 4705 2816 4758 τοῦ
2846 4706 3082 4777 Κυρίου,
3114 4706 3207 4759 καὶ
3235 4706 3396 4771 αὐτός
3421 4725 3479 4761 σε
3508 4708 3857 4783 ζωοποιήσει.

716 4794 796 4851 ιο.
821 4792 940 4847 Non
966 4794 1196 4864 patietur
1220 4810 1459 4863 unquam
1491 4794 1686 4847 tentari
1707 4793 1915 4861 justum
1951 4791 1998 4822 “

2367 4793 2454 4846 40.
2483 4794 2594 4845 Οὐκ
2623 4793 2770 4847 ἐάσει
2801 4797 2929 4849 ποτὲ
2967 4797 3322 4867 πειρασθῆναι
3344 4799 3434 4853 τὸν
3455 4800 3678 4859 δίκαιον.

713 4887 796 4942 41.
825 4885 882 4939 In
911 4884 1094 4941 futuro
1120 4888 1320 4941 saeculo
1347 4887 1642 4941 daemones.

2375 4882 2464 4936 41.
2492 4884 2580 4936 Ἐν
2612 4882 2689 4953 τῷ
2722 4884 2963 4955 μέλλοντι
2991 4886 3146 4941 αἰῶνι
3170 4888 3296 4950 τοὺς
3326 4889 3601 4961 δαίμονας.

708 4978 798 5032 42.
831 4977 1037 5032 Inimici
1063 4986 1373 5046 potestates.

2373 4974 2461 5028 42.
2503 4976 2568 5027 At
2602 4975 2694 5027 τοῦ
2729 4977 2921 5048 ἐχθροῦ
2954 4979 3228 5048 δυνάμεις.

704 5068 794 5122 45.
822 5066 991 5121 Erant
1028 5069 1562 5135 enimimmortales;
1599 5070 1877 5124 tradentur
1911 5081 2090 5126 autem
2140 5074 2193 5127 in

2372 5066 2459 5119 45.
2490 5062 2668 5119 Ἦσαν
2698 5068 2804 5139 γὰρ
2850 5069 3105 5124 ἀθάνατοι
3130 5087 3144 5101 ο
3190 5072 3653 5145 παραδοθήσονται
3695 5076 3754 5131 δὲ
3785 5080 3864 5143 εἰς

645 5158 822 5229 ignem
851 5168 1112 5213 aeternum
1135 5160 1266 5230 ipsis
1287 5170 1666 5231 praeparatum.

2304 5162 2361 5217 τὸ
2388 5164 2498 5238 πῦρ
2524 5166 2584 5219 τὸ
2610 5164 2843 5232 αἰώνιον,
2878 5168 2938 5221 τὸ
2965 5169 3361 5240 ἡτοιμασμένον
3402 5172 3604 5234 αὐτοῖς.

715 5314 758 5347 τ’
796 5313 816 5369 1
847 5313 973 5369 Cor.
1004 5330 1059 5382 κ,
1091 5314 1176 5369 15.

1583 5434 1886 5496 Addenda
1925 5442 1985 5496 et
2041 5433 2414 5512 corrigenda
2444 5450 2521 5493 ex
2548 5433 2688 5494 cod.
2723 5434 2921 5496 Valle.

720 5594 796 5669 (1)
830 5596 894 5649 Ae
932 5598 1200 5667 ἐσόμενος.
2164 5668 2172 5669 7
2380 5599 2453 5666 (5)
2482 5598 2989 5669 Συγχωρηθήσεται.

719 5666 795 5735 (2)
833 5669 941 5740 ’ᾼν
967 5666 1120 5740 deest
1153 5668 1349 5736 :paulo
1380 5680 1519 5739 post,
1562 5670 1766 5740 αἴτημά
1798 5688 1909 5736 σου,
1944 5670 2037 5723 καὶ
2068 5668 2200 5738 πρό-

1189 5668 1349 5736 paulo
1380 5680 1519 5739 post,
1562 5670 1766 5740 αἴτημά
1798 5688 1909 5736 σου,
1944 5670 2037 5723 καὶ
2068 5668 2200 5738 πρό·
2379 5670 2454 5739 (4)
2481 5670 2568 5722 Ἐν
2592 5666 2788 5733 αὐτοῖς.

649 5751 797 5789 νοιαν
832 5738 990 5789 αὑτοῦ
1022 5742 1327 5810 ποιήσηται.
