4036 6500
200 451 304 507 873
1079 446 1166 500 DE
1207 444 1482 504 TITULIS
1524 445 1964 505 PSALMORUM.
2008 481 2077 490 —-
2119 450 2317 507 PSAL.
2361 453 2494 508 Ll’l.
3331 460 3435 516 871

263 569 317 623 3.
358 567 466 621 Kal
493 570 550 620 ὲν
579 566 647 639 τῇ
685 567 814 638 σκιᾷ
844 565 952 620 τῶν
983 565 1273 638 πτερύγων
1305 583 1398 620 σου
1432 566 1622 631 ὲλπιῶ,
1795 577 1844 633 Α

1613 606 1622 631 ,
1795 577 1844 633 Α
1954 570 2008 625 5.
2060 568 2126 623 Ει
2151 570 2205 623 in
2239 571 2431 625 umbra
2470 572 2681 625 alarum
2714 579 2930 628 tuarum
2957 574 3207 645 sperabo,

259 657 314 713 4.
332 658 476 721 Ἕως
501 651 562 712 οὗ
597 657 838 730 παρέλθῃ
867 659 900 728 ἠ
928 657 1152 728 ἀνομία.

1941 662 1992 716 4.
2049 661 2232 718 Donec
2273 669 2513 719 transeat
2552 663 2836 732 iniquitas.

263 748 314 802 5.
356 749 708 820 Κεκράξομαι
739 750 872 820 πρὸς
903 750 996 804 τὸν
1027 749 1160 803 Θεὸν
1185 748 1276 802 τὸν
1304 748 1548 819 ὕψιστον,

1421 766 1548 813 nov,
1941 752 1993 806 5.
2038 752 2299 807 Clamabo
2329 754 2395 808 ad
2425 753 2592 808 Deum
2638 754 2964 810 altissimum
2999 775 3015 813 :

262 838 314 893 6.
357 841 458 893 Τὸν
484 840 616 894 Θεὸν
642 840 733 894 τὸν
759 841 1198 913 εύεργετήσαντά
1232 859 1320 912 με.

1232 859 1320 912 με.
1941 841 1994 896 6.
2049 841 2217 898 Deum
2243 843 2336 910 qui
2362 843 2632 899 benefecit
2664 845 2820 900 mibi.

266 929 315 982 7.
343 929 746 995 Ἑξαπέστειλεν
778 932 837 996 ἐξ
867 932 1115 1003 ούρανοῦ,
1145 934 1240 986 καὶ
1272 931 1442 986 ἔσωσέ
1471 948 1567 1004 με·

1438 933 1442 983 ἱ
1471 948 1567 1004 με·
1944 934 1994 988 7.
2048 933 2193 989 Misit
2222 934 2289 990 de
2321 935 2481 1000 coelo,
2515 943 2569 990 et
2605 937 2858 994 liberavit
2896 953 2983 994 me
3018 956 3032 995 :

262 1021 314 1075 8.
333 1023 570 1078 Ἔδωκεν
597 1025 676 1088 εἰς
707 1022 905 1088 ὄνειδος
931 1026 1058 1088 τοὺς
1090 1025 1540 1088 καταπατοῦντάς
1576 1042 1662 1095 με.

1630 1042 1662 1080 ε.
1933 1022 1987 1079 8.
2045 1023 2198 1079 Dedit
2223 1025 2276 1078 in
2315 1026 2668 1097 opprobrium
2702 1029 3087 1086 conculcantes
3121 1045 3224 1086 me.

263 1115 316 1171 9.
344 1114 750 1181 Ἐξαπέστειλεν
793 1117 822 1168 ὁ
864 1115 995 1180 Θεὸς
1036 1116 1096 1170 τὸ
1143 1117 1293 1181 ἔλεος
1336 1117 1522 1181 αὑτοῦ,
1548 1117 1640 1170 καὶ
1673 1117 1771 1188 τὴν

1943 1117 1997 1172 9.
2052 1115 2196 1172 Misit
2243 1116 2386 1174 Deus
2431 1119 2867 1177 misericordiam
2917 1137 3096 1188 suam,
3139 1133 3194 1178 et
3237 1123 3436 1179 verita-

192 1208 447 1278 ἁλήθειαν
475 1206 640 1262 αὑτοῦ
664 1225 676 1238 ·

623 1206 640 1260 5
664 1225 676 1238 ·
1873 1218 1979 1265 tom
2015 1224 2170 1264 suam
2205 1227 2217 1262 :

263 1300 348 1355 10.
391 1301 500 1354 Kal
543 1300 812 1373 ἐρρύσατο
851 1301 952 1372 τὴν
994 1301 1171 1374 ψυχήν
1205 1321 1304 1375 μου
1339 1305 1402 1358 ὲκ
1448 1307 1612 1377 μέσου
1640 1306 1770 1360 σκύ-

1947 1301 2033 1355 10.
2086 1300 2150 1354 Et
2183 1301 2384 1371 eripuit
2425 1303 2664 1357 animam
2702 1317 2876 1358 meam
2916 1303 2983 1358 de
3023 1302 3200 1358 medio
3234 1303 3440 1359 catulo-

196 1412 343 1464 μνων
362 1411 375 1424 ο

1875 1407 1995 1446 rum
2034 1392 2256 1446 leonum
2293 1409 2305 1446 :

266 1487 354 1541 11.
395 1486 722 1558 Ἐκοιμήθην
752 1489 1175 1571 τετιαραγμένος.

1127 1506 1175 1553 ς.
1946 1485 2034 1538 11.
2072 1482 2310 1538 Dormivi
2343 1481 2719 1538 conturbatus.

267 1578 355 1632 19..
389 1579 508 1631 Υἱοὶ
523 1578 845 1651 ἀνθρώπων.
861 1581 908 1632 οἱ
929 1579 1140 1645 ὀδόντες
1161 1582 1337 1636 αὐτῶν
1352 1583 1490 1636 ὅπλα
1507 1583 1600 1636 καὶ
1620 1581 1764 1654 βέλη·

1947 1576 2031 1630 12.
2064 1575 2184 1630 Filii
2204 1576 2508 1640 hominum,
2532 1575 2718 1631 dentes
2743 1590 2931 1630 eorum
2959 1592 3110 1632 arma
3134 1588 3186 1635 οι
3202 1579 3438 1645 sagittae.

270 1669 355 1722 15.
386 1670 495 1722 Kal
524 1671 557 1740 ἡ
583 1668 802 1738 γλῶσσα
829 1669 1010 1724 αὐτῶν
1043 1672 1285 1744 μάχαιρα
1313 1672 1480 1738 ὀξεῖα.

1424 1677 1480 1726 ἀ.
1947 1673 2034 1728 15.
2066 1671 2133 1727 Ει
2157 1672 2338 1742 lingua
2371 1687 2562 1726 eorum
2590 1671 2802 1741 gladius
2828 1683 3018 1730 acutus

264 1760 350 1814 14.
395 1760 667 1833 ’Υψώθητι
704 1764 794 1816 ἐπὶ
820 1765 945 1828 τοὺς
975 1765 1258 1835 οὐρανοὺς,
1283 1765 1312 1816 ὁ
1337 1765 1487 1830 Θεός·

1345 1765 1487 1830 Bai;-
1947 1763 2035 1817 14.
2065 1762 2312 1818 Exaltare
2340 1777 2500 1832 super
2530 1763 2719 1829 caelos,
2749 1760 2891 1820 Deus
2927 1781 2939 1816 :

271 1852 359 1906 15.
388 1853 497 1906 Καὶ
520 1852 612 1905 ἐπὶ
639 1854 824 1908 πᾶσαν
843 1855 942 1926 τὴν
959 1856 1073 1927 ,γῆν
1106 1858 1139 1928 ή
1168 1856 1293 1923 δόξα
1323 1873 1435 1910 σου.

1323 1873 1435 1910 σου.
1949 1855 2036 1910 15.
2070 1853 2136 1908 Ει
2169 1855 2222 1909 in
2253 1854 2402 1910 omni
2433 1862 2574 1909 terra
2599 1853 2769 1925 gloria
2799 1861 2913 1918 tua,

266 1946 354 2000 16.
385 1946 599 2015 Παγ.δα
620 1947 925 2019 ἡτοίμασαν
951 1950 1067 2014 τοῖς
1099 1950 1226 2004 ποσί
1258 1967 1380 2021 μου·
1800 1949 1848 2009 Β

1800 1949 1848 2009 Β
1946 1947 2034 2002 16.
2065 1946 2344 2018 Laqueum
2373 1954 2701 2017 paraverunt
2727 1945 2954 2017 pedibus
2982 1950 3119 2006 meis
3153 1968 3165 2005 :

267 2038 354 2091 17.
384 2037 494 2092 Kal
527 2038 884 2110 κατέκαμψαν
909 2038 1007 2111 τὴν
1028 2039 1211 2113 ψυχήν
1243 2060 1367 2114 μου.

1955 2039 2040 2093 17.
2074 2038 2140 2093 Et
2165 2039 2589 2094 incurvaverunt
2616 2038 2854 2095 animam
2885 2055 3083 2098 meam.

266 2130 354 2183 18.
391 2129 626 2201 Ὠρυξαν
651 2131 756 2200 πρὸ
788 2131 1078 2203 προσώπου
1116 2151 1216 2204 μου
1246 2133 1456 2205 βόθρον·

1949 2128 2038 2184 18.
2069 2129 2342 2185 Foderunt
2367 2139 2491 2185 ante
2521 2128 2716 2185 faciem
2738 2145 2914 2186 meam
2948 2131 3158 2190 foveam
3187 2153 3203 2190 .'

267 2222 355 2278 19.
384 2223 491 2275 Kal
517 2221 772 2277 ἐνέπεσον
803 2225 884 2288 είς
908 2225 1092 2279 αὐτόν.

1948 2223 2034 2278 19.
2065 2222 2131 2277 Ει
2162 2223 2470 2280 inciderunt
2500 2224 2555 2279 in
2585 2239 2725 2279 eam.

765 2316 1080 2387 Διάψαλμα
1108 2318 1207 2388 (a).

2499 2317 2829 2387 Diapsalma.

261 2405 352 2459 20.
394 2406 617 2480 Ἑτοίμη
639 2409 674 2480 ἡ
702 2407 900 2480 καρδία
930 2426 1054 2479 μου,
1088 2411 1116 2462 ὁ
1147 2408 1308 2472 Θεός·
1754 2447 1756 2449 >

1305 2426 1308 2438 ι
1754 2447 1756 2449 .
1947 2406 2037 2462 20.
2065 2405 2320 2463 Paratum
2357 2423 2453 2463 cor
2482 2424 2686 2474 meum,
2718 2409 2899 2466 Deus:

263 2496 350 2550 21.
393 2498 611 2570 Ἑτοίμη
641 2499 675 2571 ἡ
710 2499 904 2570 καρδία
956 2517 1080 2571 μου,
1116 2499 1338 2572 ᾄσομαι,
1386 2503 1478 2574 καλ³
1521 2500 1677 2573 ψαλῶ
1710 2500 1767 2554 ὲν

1943 2499 2033 2555 21.
2065 2498 2320 2555 Paratum
2351 2515 2446 2555 cor
2475 2515 2674 2566 meum,
2705 2503 2956 2568 cantabo,
2988 2513 3041 2558 et
3069 2505 3337 2574 psalmum
3369 2506 3448 2561 di-

190 2588 258 2657 τῇ
283 2586 408 2659 δόξῃ
444 2605 568 2658 μου.

1874 2606 1993 2646 cam
2028 2592 2082 2646 in
2117 2592 2286 2663 gloria
2317 2607 2455 2648 mea.

263 2705 341 2776 (α)
366 2704 500 2761 Cod.
529 2703 697 2760 Palat.

1313 2795 1692 2853 ATHANASII
1730 2792 2322 2850 INTERPRETATIO.

190 2949 273 3017 τῷ
312 2950 499 3006 αὑτὸν
525 2949 992 3020 ἀποδιδράσκειν
1025 2953 1142 3009 ἀπὸ
1179 2953 1502 3023 προσώπου
1535 2951 1734 3007 Σαοὺλ
1763 2953 1849 3017 είς
1883 2950 1948 3004 τὸ
1983 2948 2311 3019 σπήλαιον.
2348 2947 2516 3002 Τοῦτο
2538 2942 2631 3002 οὖν
2667 2947 2836 3020 δηλοῖ,
2867 2949 2994 3003 ὅταν
3027 2963 3111 3013 τις
3139 2948 3315 3022 φεύγῃ
3344 2948 3451 3005 ἀπὸ

193 3045 486 3118 προσώπου
518 3046 689 3099 Σαοὺλ
716 3048 796 3108 είς
828 3047 917 3101 τὸν
954 3051 1164 3122 μονήρη
1200 3051 1334 3121 βίον,
1372 3049 1568 3123 μηκέτι
1592 3049 1896 3121 διαφθείρει
1935 3048 2012 3120 (1)
2042 3049 2122 3110 είς
2153 3045 2252 3118 τὴν
2289 3045 2381 3100 τοῦ
2412 3047 2619 3117 Κυρίου
2651 3047 2946 3114 πολιτείαν,
2981 3046 3117 3102 ἀλλὰ
3146 3047 3274 3119 βοᾷν
3305 3046 3451 3121 [βοᾷι

192 3144 331 3214 πρὸς
360 3141 521 3195 αὐτὸν
546 3141 636 3195 τὸν
671 3142 1025 3214 προκείμενον
1051 3146 1284 3216 ψαλμόν.
1317 3146 1489 3199 Σαοὺλ
1521 3146 1629 3215 γὰρ
1661 3147 1742 3209 εἰς
1766 3145 1859 3197 τὸν
1892 3143 2134 3198 διάὸολον
2164 3141 2557 3214 ἑρμηνεύεται,
2594 3140 2776 3206 καθὼς
2807 3141 3063 3207 πολλάκις
3094 3143 3416 3214 εἰρήκαμεν.

194 3239 333 3307 fcsie
359 3236 492 3293 Saul
523 3239 576 3292 in
610 3237 930 3309 speluncam.
967 3236 1080 3294 Hoc
1116 3239 1282 3310 igitur
1306 3239 1596 3310 signiﬁcat,
1627 3255 1752 3293 cum
1787 3238 1912 3309 quis
1939 3236 2076 3308 fugit
2105 3253 2135 3292 a
2171 3236 2309 3292 facie
2338 3237 2468 3292 Saul
2505 3238 2560 3292 in
2592 3239 2758 3292 vitam
2808 3238 3129 3302 solitariam,
3182 3253 3290 3295 non
3335 3253 3446 3291 am-

194 3330 337 3399 plius
365 3330 671 3399 corrumpit
691 3329 1163 3384 conversationem
1198 3329 1437 3399 Domini,
1471 3330 1567 3384 sed
1605 3329 1893 3385 clamando
1919 3330 1984 3383 ad
2009 3344 2134 3383 eum
2170 3328 2478 3398 appositum
2508 3330 2777 3399 psalmum
2813 3329 2965 3387 dicit.
3001 3329 3132 3384 Saul
3174 3330 3320 3385 enim
3354 3345 3452 3400 pro

192 3423 418 3481 diabolo
446 3425 732 3497 accipitur,
764 3426 1226 3496 quemadmodum
1265 3442 1410 3500 saepe
1451 3427 1714 3483 diximus.

263 3564 320 3618 5.
356 3561 468 3616 Kal
516 3563 574 3616 ὲν
610 3565 678 3634 τῇ
731 3562 1033 3616 ἀναπαύσει
1056 3561 1165 3616 τῶν
1193 3563 1334 3618 δύων
1373 3581 1465 3617 σου
1507 3560 1782 3633 διαθηκῶν
1809 3569 1850 3624 C

1957 3560 2012 3615 5.
2066 3555 2132 3612 Et
2157 3560 2213 3612 in
2249 3557 2528 3629 refrigerio
2560 3557 2796 3615 duorum
2828 3565 3278 3616 testamentorum
3323 3567 3452 3619 tuo-

193 3657 369 3711 ὲλπιῶ
386 3674 400 3687 ·
1754 3655 1764 3668 ”

1754 3655 1764 3668 '
1878 3663 2002 3704 rum
2039 3648 2270 3717 sperabo
2304 3665 2318 3701 :

259 3749 317 3803 4.
336 3749 479 3811 Ἕως
510 3739 571 3801 οὗ
602 3746 922 3819 συντελεσθῇ
954 3749 984 3802 ό
1013 3747 1235 3819 κόσμος.

1945 3739 2000 3795 4.
2054 3738 2238 3794 Donec
2281 3747 2696 3794 consummatur
2730 3739 2990 3795 mundus.

265 3840 320 3895 5.
361 3839 724 3912 Δεηθήσομαι,
754 3838 920 3909 λέγει,
948 3839 1042 3895 τοῦ
1080 3838 1216 3895 Θεοῦ
1250 3837 1343 3893 τοῦ
1373 3837 1596 3908 ὑψίστου
1618 3855 1631 3869 ·

1948 3834 2002 3889 5.
2047 3831 2410 3904 Deprecabor,
2437 3831 2632 3904 inquit,
2668 3830 2839 3887 Deum
2869 3831 3237 3891 altissimum:

265 3931 320 3986 6.
361 3933 464 3985 Τὸν
489 3932 871 4004 δωρησάμενον
901 3932 976 4002 (Ξ)
1001 3931 1070 3985 τὰ
1101 3930 1295 3985 ἑαυτοῦ
1324 3931 1524 3985 πάντα.

1187 3930 1295 3984 »τοῦ
1324 3931 1524 3985 πάντα.
1949 3926 2003 3982 6.
2063 3924 2165 3992 Qui
2194 3940 2293 3981 sua
2320 3925 2506 3980 omnia
2541 3924 2781 3982 donavit.

263 4025 320 4078 7.
361 4023 464 4077 Τὸν
491 4022 622 4076 Θεὸν
653 4023 825 4091 Λόγον
853 4021 1231 4088 ἐξαπέστειλεν
1259 4023 1287 4075 ὁ
1315 4022 1506 4092 Πατήρ

1315 4022 1506 4092 Πατήρ
1946 4019 1995 4072 7.
2049 4018 2217 4072 Deum
2245 4016 2484 4072 Verbum
2517 4016 2666 4070 misit
2701 4015 2889 4072 Pater.

265 4118 321 4170 8.
363 4115 502 4177 Τοὺς
527 4114 785 4184 δαίμονας
812 4115 984 4183 λέγει.

1945 4107 1999 4162 8.
2049 4107 2331 4163 Daemones
2364 4107 2655 4177 signiﬁcat.

265 4208 321 4262 9.
361 4205 466 4260 Τόν
494 4205 620 4258 Υἱὸν
647 4204 834 4271 αὑτοῦ,
861 4206 955 4258 καὶ
981 4205 1042 4258 τὸ
1067 4205 1292 4276 Πνεῦμα
1325 4203 1490 4258 αὐτοῦ
1515 4202 1577 4258 τὸ
1600 4203 1772 4272 ἅγιον.

1744 4221 1772 4259 ν.
1949 4201 2004 4256 9.
2061 4199 2257 4255 Filium
2287 4216 2447 4257 suum
2482 4209 2536 4255 et
2572 4206 2821 4255 sanctum
2852 4210 3012 4253 suum
3053 4194 3338 4268 Spiritum.

267 4301 356 4357 10.
373 4301 472 4354 Ἐκ
498 4299 662 4372 μέσου
688 4298 797 4354 τῶν
822 4299 1112 4370 δαιμόνων.

1949 4292 2037 4348 10.
2084 4292 2159 4347 De
2199 4293 2377 4348 medio
2414 4293 2740 4348 dazmonum.

273 4394 361 4448 11.
407 4394 822 4465 Ἀνεπαυσάμην
863 4392 1000 4466 μετὰ
1041 4391 1316 4462 φροντίδος
1351 4389 1460 4445 τῶν
1496 4388 1776 4462 ἁμαρτιῶν

1584 4388 1776 4462 ιρτιῶν
1953 4383 2039 4439 11.
2072 4383 2330 4453 Ilequievi
2358 4382 2623 4437 sollicitus
2659 4381 2727 4437 de
2760 4381 2998 4452 peccatis
3024 4382 3178 4439 meis.

199 4505 328 4557 μου.

269 4579 486 4634 12.Τῶν
507 4578 603 4632 ἀνθ
614 4577 807 4648 ρώπων
824 4581 876 4632 αἱ
892 4575 1602 4649 διδασκαλίαιθανατηφόροι
1619 4573 1772 4627 είσίν.
1949 4560 2035 4614 12-
2066 4558 2332 4615 υοοῑΐίηῖθ
2355 4557 2636 4613 hominum
2663 4555 2955 4649 τηονίίῖβηθ
2973 4566 3120 4649 ευηιο

267 4674 357 4728 15.
395 4673 505 4726 Kal
533 4674 566 4743 ὴ
596 4671 757 4726 λαλιὰ
787 4670 965 4724 αὐτῶν
999 4669 1308 4742 ἡκονημὲνη
1343 4648 1617 4732 είςνκακά.

1533 4667 1617 4720 κά,
1951 4652 2038 4705 13.
2069 4650 2136 4704 Et
2161 4650 2375 4720 loquela
2399 4665 2587 4704 eorum
2616 4660 2774 4703 acuta
2806 4648 2873 4702 ad
2901 4648 3127 4701 malum.

268 4765 356 4818 14.
387 4735 682 4836 Δοξάσθητι
713 4764 770 4816 ἐν
801 4765 912 4826 τοῖς
940 4735 1114 4830 ἁγίοις
1142 4735 1256 4826 σου,
1283 4735 1311 4814 ό
1339 4759 1490 4823 Θεός.

1463 4778 1490 4821 ξ,
1946 4741 2034 4795 14.
2070 4741 2386 4796 Gloriﬁcare
2418 4739 2472 4794 in
2505 4738 2710 4794 sanctis
2740 4738 2868 4801 tuis,
2894 4735 3057 4793 Deus.

268 4854 358 4908 15.
392 4854 501 4907 Kal
534 4854 593 4908 ὲν
618 4835 790 4908 παντὶ
816 4851 894 4922 τῷ
923 4852 1112 4923 κόσμῳ
1141 4854 1175 4923 ἡ
1211 4852 1391 4915 πίστις
1423 4867 1536 4903 σου.

1323 4868 1391 4915 τις
1423 4867 1536 4903 σου.
1945 4837 2032 4892 15.
2061 4835 2127 4890 Ει
2151 4837 2203 4890 in
2230 4837 2378 4891 omni
2402 4835 2609 4891 mundo
2635 4835 2768 4891 ﬁdes
2805 4845 2917 4891 tua.

269 4943 359 4998 16.
391 4943 454 4996 Οί
478 4941 732 5013 δαίμονες
754 4941 851 5013 τὴν
882 4939 1280 5012 (ὅγάμαρτίαν.
1805 4951 1849 5006 D

1083 4939 1280 5011 ιρτιαν.
1805 4951 1849 5006 D
1953 4927 2036 4983 16.
2073 4929 2351 4984 Daemones
2376 4939 2677 4997 peccatum.

270 5035 360 5090 17.
390 5035 502 5090 Kal
528 5035 782 5089 εἵλκυσαν
813 5033 912 5104 τὴν
940 5033 1118 5104 ψυχήν
1150 5049 1272 5102 μου.

1949 5020 2034 5076 17.
2066 5020 2132 5074 Ει
2165 5029 2444 5075 traxerunt
2477 5021 2712 5074 animam
2740 5034 2936 5074 meam.

271 5125 359 5180 18.
390 5127 736 5198 Ηύτρέπισὰν
773 5144 865 5198 μοι
893 5125 988 5180 τοῦ
1022 5126 1209 5178 πεσεῖν
1245 5126 1324 5187 εἰς
1354 5122 1450 5193 τὴν
1481 5121 1774 5191 άμαρτιαν,

1945 5115 2032 5170 18.
2066 5114 2404 5169 Paraverunt
2439 5115 2572 5168 mihi
2601 5123 2659 5168 ut
2691 5113 2939 5170 caderem
2976 5113 3028 5166 in
3062 5122 3367 5182 peccatum,
3393 5127 3446 5170 et

196 5220 291 5272 καὶ
327 5218 429 5290 ἐμὲ
461 5218 559 5290 μὲν
591 5219 840 5291 ὲρῤύσω·

1874 5223 1961 5262 me
1986 5208 2202 5277 quidem
2233 5207 2497 5262 liberasti.

270 5310 358 5365 19.
408 5311 637 5364 Ἐκεῖνοι
669 5311 725 5364 δὲ
757 5311 1041 5382 ἐνέμειναν
1071 5310 1129 5362 ὲν
1159 5310 1313 5380 αὐτῇ.

1945 5299 2031 5354 19.
2065 5299 2168 5370 lpsi
2194 5313 2372 5355 autem
2408 5302 2463 5353 in
2490 5315 2555 5354 eo
2587 5307 3022 5369 permanserunt.

268 5401 359 5455 20.
397 5403 490 5465 Είς
518 5402 577 5456 τὸ
601 5401 812 5472 θέλημά
845 5420 959 5456 σου.

1949 5390 2038 5442 20.
2071 5389 2129 5444 1η
2154 5391 2484 5444 voluntatem
2521 5400 2688 5444 tuam.

267 5495 358 5548 21.
400 5493 676 5565 Ἀνυμνῶν
707 5511 799 5547 σου
842 5495 936 5548 καὶ
973 5493 1149 5563 λέγων
1175 5494 1272 5557 τὰς
1303 5491 1510 5565 δωρεὰς
1546 5489 1611 5553 ἃς
1642 5490 1774 5558 ἐχα-

1947 5482 2036 5534 21.
2074 5481 2326 5535 Laudans
2351 5491 2401 5534 et
2428 5498 2689 5537 cnan'ons
2717 5483 2856 5538 dona
2892 5492 3003 5550 tua,
3035 5496 3156 5553 qua
3187 5480 3443 5550 elargitus

199 5585 338 5656 ρίσω
377 5604 488 5659 μοι.

1881 5589 1939 5628 es
1967 5572 2120 5625 mihi.

1145 5717 1453 5780 Addenda
1483 5724 1545 5779 et
1590 5708 1965 5791 corrigenda
1999 5725 2073 5768 ex
2108 5708 2247 5768 cod.
2301 5707 2495 5769 Vatic.

268 5889 347 5961 (1)
387 5886 739 5958 Διαφθείρῃς.
992 5887 1067 5948 (2)
1102 5889 1496 5961 Δωρησάμενόν
1534 5905 1644 5958 μοι.
1932 5882 2009 5952 ('5)
2045 5881 2136 5942 Et;
2159 5880 2278 5950 τήν.

480 5981 752 6040 Parnm.
793 5978 909 6039 Gn.
946 5978 1206 6038 XXVII.
3115 5968 3196 6031 28
