4036 6452
633 353 738 408 875
1473 352 1528 404 S.
1572 347 1944 404 ATHANASH
1983 346 2132 402 OPP.
2166 344 2345 401 PARS
2385 342 2477 399 lll.
2516 374 2582 387 -—
2615 340 3021 398 EXEGETICA.
3771 339 3879 395 876

703 469 791 520 22.
824 466 1086 537 Exsurge,
1125 464 1293 536 gloria
1327 479 1445 519 mea
1487 480 1498 513 :
2228 465 2273 521 Α

2228 465 2273 521 Α
2370 457 2459 511 22.
2486 456 2560 527 (α)
2599 456 2962 528 Ἐξεγέρθητι,
2994 458 3027 527 ἡ
3054 454 3178 523 δόξα
3209 473 3308 527 μου
3328 471 3343 486 ⁸

701 560 789 613 25.
826 558 1085 628 Exsurge,
1116 557 1432 628 psalterium
1458 566 1510 610 et
1542 556 1747 611 cithara
1782 571 1793 605 :

2373 548 2464 603 25.
2506 548 2869 621 Ἐξεγέρθητι,
2894 547 3191 618 ψαλτήριον
3220 546 3313 602 καὶ
3345 545 3565 618 κιθάρα.

703 649 793 703 24.
822 649 1117 718 Exsurgam
1145 649 1401 703 diluculo.

2374 640 2463 693 24.
2503 639 2959 711 Ἐξεγερθήσομαι
2985 638 3203 710 δρθρου.

702 741 791 793 25.
825 740 1133 794 Conﬁteber
1158 740 1254 793 tihi
1282 740 1334 792 in
1362 738 1593 808 papulis,
1622 736 1863 790 Domine.

2372 731 2461 783 25.
2503 728 2993 800 Ἐξομολογήσομαί
3028 747 3109 782 σοι
3134 730 3192 782 ὲν
3222 727 3390 792 λαοῖς,
3416 727 3589 801 Κύριε
3607 743 3624 759 °

701 834 789 885 26.
826 831 890 884 Et
922 832 1191 901 psalmum
1227 830 1397 883 dicam
1426 829 1523 883 tibi
1552 828 1607 881 in
1633 827 1901 897 gentibus.

1552 828 1607 881 in
1633 827 1901 897 gentibus.
2370 824 2459 877 26.
2488 821 2658 875 Ψαλῶ
2685 838 2767 875 σοι
2802 823 2859 875 ὲν
2891 819 3118 873 ἔθνεσιν.

702 924 791 976 27.
825 923 1093 989 Quoniam
1127 922 1463 992 magniﬁcata
1496 930 1579 975 est
1606 933 1777 988 usque
1804 917 1869 972 ad
1895 916 2062 973 cmlos
2098 916 2189 972 mi-

2370 916 2461 969 27.
2497 916 2618 969 Ὅτι
2656 912 2993 986 ὲμεγαλύνθη
3040 913 3145 978 ἕως
3185 913 3293 967 τῶν
3339 911 3581 983 οὐρανῶν
3616 910 3677 964 τδ
3721 910 3876 973 ἔλεός

632 1016 927 1070 sericordia
957 1024 1046 1069 tua
1073 1030 1085 1066 :
2304 1022 2418 1059 σουο

699 1107 788 1160 28.
823 1105 887 1159 Et
918 1121 1085 1175 usque
1111 1105 1175 1159 ad
1207 1104 1379 1159 nubes
1401 1103 1603 1158 veritas
1633 1110 1745 1157 tua.

2372 1097 2457 1151 28.
2486 1096 2596 1150 Kal
2622 1096 2725 1162 ἕως
2757 1096 2865 1150 τῶν
2895 1095 3133 1168 νεφελῶν
3168 1097 3201 1166 ἠ
3237 1094 3464 1166 ἀλήθειά
3495 1112 3607 1147 σου.

701 1198 789 1250 29.
823 1196 1070 1251 Exaltare
1098 1210 1263 1264 super
1292 1194 1478 1259 caelos,
1505 1193 1646 1248 Deus
1676 1209 1691 1245 :

2371 1190 2459 1245 29.
2507 1189 2779 1260 Ὑψὼθητι
2805 1189 2897 1244 ἐπὶ
2924 1190 3048 1252 τοὺς
3079 1190 3357 1259 οὐρανοὺς,
3388 1190 3415 1240 ὁ
3442 1188 3570 1250 Θεόῖ
3588 1204 3600 1216 ⁸

703 1290 790 1344 50.
829 1289 893 1343 Et
926 1305 1089 1358 super
1122 1304 1337 1344 omnem
1371 1297 1565 1341 terram
1594 1286 1765 1357 gloria
1800 1293 1914 1341 tua.

2370 1283 2457 1336 50.
2488 1283 2596 1335 Kal
2622 1284 2713 1335 ἐπὶ
2745 1283 2924 1337 πᾶσαν
2948 1280 3045 1352 τὴν
3080 1281 3181 1351 γῆν
3211 1282 3245 1350 ἡ
3272 1280 3397 1345 δόξα
3430 1295 3545 1334 σου.

632 1443 697 1500 In
732 1446 908 1514 ﬁnem,
938 1460 999 1497 ne
1029 1443 1318 1512 disperdas,
1345 1440 1513 1493 David
1536 1442 1588 1492 in
1616 1439 1759 1492 tituli
1785 1439 2193 1507 inscriptionem.

2299 1435 2403 1500 Είς
2439 1433 2513 1487 τὸ
2542 1433 2737 1500 τέλος,
2763 1432 2848 1503 μὴ
2883 1432 3246 1501 διαφθείρῃς,
3277 1431 3356 1495 τῷ
3395 1432 3572 1488 Δαόίδ
3606 1434 3694 1501 είς
3725 1449 3875 1503 στη-

1188 1533 1390 1589 PSAL.
1432 1531 1609 1585 LVII.
2716 1529 2782 1579 λε

2716 1526 3063 1596 λογραφιάν.
3103 1528 3276 1580 ΨΑΛ.
3302 1526 3431 1579 ΝΖ.

708 1673 758 1725 1.
795 1672 850 1724 Si
890 1686 1011 1724 vere
1041 1670 1223 1738 utique
1251 1668 1515 1738 justitiam
1548 1665 1832 1735 loquimini
1867 1681 1879 1716 :

2372 1663 2423 1716 1.
2454 1663 2517 1716 El
2545 1660 2757 1733 ἀληθῶς
2790 1660 2895 1730 ἄρα
2918 1658 3260 1730 δικαιοσύνην
3283 1659 3512 1725 λαλεῖτε,

707 1762 760 1814 2.
795 1760 953 1816 Recta
979 1762 1216 1830 judicate
1246 1760 1339 1812 ﬁlii
1374 1758 1674 1811 hominum.

2368 1753 2422 1805 2.
2452 1752 2677 1814 Εὐθείας
2710 1750 2953 1822 κρίνατε,
2983 1750 3085 1801 υίοὶ
3117 1748 3223 1801 τῶν
3250 1747 3569 1819 ἀνθρώπων.

704 1852 757 1906 5.
793 1850 1002 1905 Etenim
1030 1850 1081 1903 in
1106 1849 1267 1903 corde
1292 1847 1603 1917 iniquitates
1623 1845 1918 1916 operamini
1944 1844 1996 1897 in
2019 1852 2194 1898 terra:
2229 1848 2271 1904 Β

2372 1846 2425 1899 3.
2461 1845 2571 1899 Kal
2595 1844 2701 1914 γὰρ
2722 1846 2781 1898 ὲν
2801 1842 2997 1914 καρδίᾳ
3021 1839 3250 1911 ἀνομίαν
3274 1838 3570 1911 ἐργάζεσθε
3598 1841 3656 1893 ἐν
3680 1842 3747 1911 τῇ
3770 1843 3868 1911 γῇ·

698 1945 750 1998 ι.
785 1942 1101 2011 lnjustitiam
1132 1956 1325 1995 manus
1350 1950 1541 1994 vestra:
1566 1938 1913 1993 concinnant.

2372 1938 2427 1993 4.
2472 1937 2706 1992 Ἀδικίαν
2733 1938 2787 1991 al
2818 1938 2996 2007 χεῖρες
3023 1933 3175 2004 ὐμῶν
3206 1932 3625 2004 συμπλέκουσιν.

705 2034 756 2090 5.
791 2034 1023 2088 Alienati
1056 2041 1184 2088 sunt
1211 2040 1521 2103 peccatores
1556 2044 1585 2082 a
1618 2029 1773 2082 vulva
1803 2043 1814 2078 :

2371 2029 2424 2085 5.
2469 2026 3004 2101 Ἀπηλλοτριώθησαν
3035 2029 3082 2077 οί
3111 2025 3421 2097 ἁμαρτωλοὶ
3444 2024 3554 2081 άπὸ
3579 2026 3795 2098 μήτρας
3815 2040 3830 2054 ·

702 2214 780 2287 (α)
813 2211 966 2267 Vcrs.
998 2210 1087 2274 22,
1116 2210 1373 2281 ’ᾼσομαι,
1398 2208 1491 2261 καὶ
1528 2204 1681 2277 ψαλῶ
1712 2220 1812 2259 σοι·
1851 2203 2001 2258 deest
2045 2202 2102 2254 ὲν
2150 2204 2209 2271 τῇ
2243 2200 2296 2252 δά

1787 2220 1812 2256 ,·
1851 2203 2001 2258 deest
2045 2202 2102 2254 ἐν
2150 2204 2209 2271 τῇ
2243 2200 2367 2271 δόξῃ
2403 2217 2524 2270 μου.
2563 2200 2715 2255 Vers.
2746 2199 2835 2267 25,
2874 2197 3242 2268 Ἐξεγέρθητι,
3277 2206 3381 2254 etc.

1740 2379 2112 2437 ATHANASII
2153 2377 2742 2434 INTERPBETATIO.

700 2575 791 2632 22.
822 2574 1005 2630 Gratia
1035 2580 1148 2625 tua.

2366 2555 2455 2610 22.
2498 2555 2563 2607 Ἡ
2597 2554 2755 2625 χάρις
2779 2570 2894 2607 σου.

700 2668 791 2721 25.
829 2666 1063 2735 Spiritus
1100 2669 1322 2716 sanctus
1355 2670 1501 2713 tuus.

2360 2648 2451 2701 25.
2488 2647 2560 2698 Τὸ
2586 2646 2813 2717 Πνεῦμα
2839 2663 2932 2699 σου
2960 2645 3020 2700 τὺ
3042 2645 3219 2715 άγιον.

701 2760 792 2813 24.
824 2757 880 2811 ln
915 2758 1034 2810 luce
1067 2765 1178 2809 tua.

2360 2736 2452 2791 24.
2496 2736 2582 2789 Ἐν
2610 2735 2687 2807 τῷ
2715 2737 2853 2805 φωτί
2883 2754 2998 2793 σου.

700 2851 791 2906 25.
826 2848 1146 2904 Gloriﬁcabo
1179 2858 1251 2913 te,
1274 2845 1425 2900 dicit.

1421 2885 1425 2899 ,
2363 2826 2454 2880 25.
2483 2825 2698 2891 Δοξάσω
2737 2843 2818 2891 σε,
2848 2826 3015 2897 λέγει.

703 2942 789 2995 26.
822 2939 957 2995 Cum
989 2938 1283 2992 cruciﬁxus
1307 2950 1367 2990 es
1396 2946 1495 3003 pro
1522 2930 1778 2985 universo
1806 2925 2029 2982 mundo.

2359 2917 2449 2972 26.
2480 2917 2650 2970 Ὅταν
2680 2918 2756 2988 (l)
2789 2919 3115 2992 σταυρωθεὶς
3160 2917 3523 2995 [σταυρωθῇς]
3557 2923 3696 2995 ὑπὲρ
3726 2942 3868 2979 παν-

2290 3009 2382 3073 τὸς
2410 3009 2502 3063 τοῦ
2529 3009 2758 3080 κόσμου.

697 3122 789 3174 27.
820 3116 1088 3184 Quoniam
1119 3113 1413 3185 gloriﬁcata
1436 3119 1518 3166 est
1542 3124 1571 3163 a
1600 3120 1739 3163 terra
1774 3119 1948 3174 usque
1982 3107 2049 3159 ad
2080 3117 2189 3158 cm-

2359 3101 2449 3155 27.
2479 3102 2602 3155 Ὂτι
2654 3100 2910 3174 ἐδοξάσθη
2943 3103 3052 3157 ἀπὸ
3076 3104 3175 3176 τῆς
3210 3106 3308 3176 γῆς
3339 3105 3443 3170 ἕως
3480 3106 3589 3162 τῶν
3616 3108 3872 3181 οὐρανῶν

637 3212 719 3267 los
745 3210 927 3281 passio
953 3217 1065 3262 tua.
2223 3222 2231 3267 ε

2223 3212 2265 3272 c
2295 3192 2356 3246 τὸ
2384 3192 2552 3256 πάθος
2587 3209 2701 3248 σου.

700 3304 789 3358 28.
826 3301 891 3355 Ει
922 3300 1055 3354 ﬁdes
1083 3310 1172 3353 tua
1206 3298 1260 3351 in
1291 3304 1529 3353 sanctos.

2365 3284 2455 3339 28.
2486 3285 2594 3338 Kal
2622 3286 2654 3355 ἡ
2686 3285 2865 3349 πίστις
2893 3286 2967 3356 (2)
2992 3304 3083 3340 σου
3113 3290 3189 3351 είς
3219 3289 3577 3358 τοὺς.ἀγίους.

701 3396 791 3451 29.
830 3393 1073 3447 Aseende
1106 3391 1160 3442 in
1195 3388 1361 3442 caelos
1390 3403 1402 3437 :

2364 3376 2453 3432 29.
2496 3378 2854 3450 Ἀναλήφθητι
2882 3379 2961 3441 εἰς
2996 3381 3120 3442 τοὺς
3156 3380 3414 3450 οὐρανούς
3445 3383 3542 3453 ('5).

700 3487 789 3541 30.
822 3485 888 3539 Et
918 3486 972 3539 in
1010 3482 1156 3537 omni
1192 3490 1334 3534 terra
1364 3476 1542 3548 passio
1567 3484 1656 3530 tua
1684 3471 2098 3545 gloriﬁcabitur.

2366 3467 2453 3523 30.
2480 3469 2587 3523 Kal
2615 3470 2673 3524 ὲν
2702 3473 2765 3540 τῇ
2790 3472 2858 3541 γῇ
2889 3470 3036 3543 πάσῃ
3056 3471 3117 3524 τὸ
3140 3471 3308 3535 πάθος
3332 3490 3424 3525 σου
3452 3474 3846 3547 δοξασθήσεται

711 3663 775 3716 Ἥ
805 3660 1134 3732 προκειμένη
1185 3653 1459 3726 ἐπιγραφὴ
1504 3650 1742 3723 περιέχει
1774 3648 1849 3719 (4)
1873 3663 1886 3677 ·
1924 3648 2028 3711 Εις
2074 3643 2139 3697 τὸ
2182 3643 2374 3709 τέλος,
2416 3643 2502 3712 μὴ
2550 3643 2909 3712 διαφθείρῃς,
2942 3642 3021 3708 τῷ
3060 3644 3235 3698 Δαϐίδ
3263 3649 3351 3711 είς
3389 3650 3872 3719 στηλογραφιῃν,

640 3761 799 3814 Τοῦτο
824 3756 915 3812 οὖν
946 3758 1093 3823 λέγει
1166 3754 1269 3814 ἕως
1311 3751 1491 3811 τέλους
1533 3749 1607 3817 μὴ
1647 3743 1958 3815 διαφθείρῃς
1993 3740 2131 3792 κατὰ
2171 3738 2247 3809 (5)
2276 3738 2407 3790 Θεόν
2442 3755 2534 3790 σου
2566 3736 2869 3790 πολιτείαν·
2903 3737 2977 3800 ὼς
3008 3737 3116 3809 γὰρ
3165 3740 3422 3803 πολλάκις
3465 3744 3789 3814 είρηχαμεν,
3834 3752 3871 3820 ἡ

637 3850 1002 3923 στηλογραφία
1034 3849 1110 3909 εἰς
1137 3846 1234 3915 τὴν
1264 3839 1533 3895 πολιτείαν
1566 3838 1870 3907 θεωρεῖται.

702 3993 915 4047 Titulus
945 3987 1262 4061 praepositus
1297 3982 1537 4039 continet
1572 3994 1585 4029 :
1621 3976 1685 4030 In
1721 3977 1899 4046 ﬁnem,
1932 3989 1993 4026 ne
2036 3984 2363 4038 corrumpas,
2409 3966 2580 4021 David
2611 3968 2665 4021 in
2698 3966 2841 4021 tituli
2884 3967 3295 4037 inscriptionem.
3345 3968 3459 4027 lloc
3494 3971 3653 4042 igitur
3691 3973 3875 4043 signi-

634 4089 757 4142 [icat
795 4099 967 4155 usque
1008 4084 1062 4136 in
1092 4082 1273 4143 tinem,
1304 4093 1371 4131 ne
1404 4087 1719 4142 corrumpas
1751 4072 2045 4126 secundum
2078 4066 2246 4121 Deum
2278 4063 2742 4119 conversationem
2782 4071 2929 4118 tuam
2961 4082 2975 4118 :
3013 4072 3071 4119 ut
3098 4065 3243 4122 enim
3278 4082 3420 4138 saepe
3450 4068 3690 4125 diximus
3719 4072 3873 4127 tituli

636 4154 911 4247 inscriptio
939 4174 1221 4243 allegorice
1248 4168 1544 4239 explicatur
1570 4164 1636 4219 de
1668 4158 2076 4217 conversatione
2109 4173 2205 4213 seu
2227 4158 2350 4211 vita:
2375 4154 2738 4210 institutione.

704 4360 754 4411 i.
784 4355 839 4409 Si
871 4366 1056 4408 revera
1080 4348 1212 4404 estis
1236 4342 1527 4400 Christiani
1559 4357 1573 4393 :

2370 4330 2420 4385 1.
2449 4331 2513 4383 Et
2538 4330 2675 4385 κατὰ
2696 4329 2954 4402 ἀλήθειαν
2977 4334 3294 4404 Σίριστιανοί
3322 4336 3463 4405 ἐστε,

700 4450 753 4503 2.
784 4448 935 4502 .Iusta
961 4455 1013 4500 et
1038 4443 1200 4512 digna
1226 4440 1292 4494 de
1320 4452 1414 4491 vos
1448 4435 1579 4505 ipsis
1604 4431 1888 4489 consulite.

2297 4512 2344 4584 [ι
2363 4423 2417 4476 2.
2448 4424 2639 4588 rabiam.
2673 4424 2767 4476 καὶ
2823 4424 2948 4491 άξια
2986 4424 3300 4496 βουλεύεσθε
3365 4432 3492 4503 περὶ
3530 4432 3724 4490 ἑαυτοῦ
3790 4439 3871 4511 (6)

2321 4532 2523 4568 εαυτων
2554 4554 2569 4569 .

2321 4532 2523 4568 εαυτων
2538 4532 2569 4569 Ι.

702 4629 754 4681 '5.
786 4624 992 4679 Etenim
1042 4622 1095 4675 in
1128 4616 1439 4673 hominibus
1484 4612 1821 4668 extrinsecus
1862 4606 1993 4679 justi
2023 4620 2187 4674 appa-
2222 4655 2264 4710 D

2293 4696 2317 4710 Α
2365 4608 2417 4661 '5.
2436 4607 2568 4710 ’Καὶ
2592 4608 2706 4710 γὰρ*
2729 4610 2839 4710 τοῖς
2866 4609 3169 4710 ἀνθρώποις
3212 4616 3461 4685 φαίνεσθε
3501 4618 3698 4675 δίκαιοι
3722 4621 3864 4689 ἔξω-

637 4722 793 4783 (ειίο;
824 4720 969 4771 intus
998 4728 1124 4767 vero
1156 4725 1371 4765 omnem
1399 4721 1639 4762 errorem
1673 4702 1869 4758 colitis.
2222 4696 2231 4710 '

2222 4696 2261 4710 “’
2292 4696 2402 4751 θενο
2433 4697 2633 4751 ἔσωθεν
2663 4700 2718 4752 δὲ
2742 4700 2929 4770 νέμετε
2957 4700 3031 4773 (7)
3061 4705 3239 4776 πάσης
3271 4708 3493 4782 πλάνης.

702 4815 754 4867 4.
787 4810 852 4864 Ει
879 4807 1040 4863 corda
1078 4813 1253 4858 vestra
1294 4798 1699 4854 adinventiones
1744 4792 2005 4864 quasdam
2037 4806 2189 4845 com-

2361 4789 2414 4844 4.
2452 4790 2559 4843 Kal
2582 4792 2637 4844 αἱ
2671 4790 2886 4861 καρδίαι
2916 4793 3067 4863 ὐμῶν
3090 4796 3460 4871 ὲξερευνήσεις
3485 4802 3641 4869 τινὰς
3673 4820 3861 4860 συντι-

633 4917 857 4976 ponunt.

2292 4878 2460 4933 θεῖσιν
2486 4881 2579 4950 (8).

705 5000 756 5051 5.
792 4996 949 5052 Tales
977 4989 1262 5048 abalienati
1287 4996 1413 5043 sunt
1438 5001 1467 5039 a
1498 4999 1619 5038 meo
1650 4983 1884 5035 lavacro.

2363 4973 2414 5027 5.
2450 4975 2512 5026 Οί
2543 4974 2769 5029 τοιοῦτοι
2812 4978 3323 5055 ἀπηλλοτριώθησαν
3354 4987 3448 5043 ἀπ’
3486 4988 3621 5063 ἐμοῦ
3652 4990 3754 5065 τῆς
3784 4995 3863 5068 (9)

2295 5063 2689 5134 κολυμὸήορας.

2295 5079 2689 5135 κολυμοηυρας.

1573 5226 1879 5291 Addenda
1914 5235 1974 5288 et
2005 5227 2381 5306 corrigenda
2419 5246 2497 5291 ex
2528 5229 2671 5293 cod.
2705 5232 2905 5294 Vatic.

704 5414 1034 5485 (¹)’ογἀρ·
1346 5480 1378 5485 __
1485 5480 1498 5485 _
1592 5478 1601 5485 .
1831 5471 1912 5485 ..
2100 5470 2123 5479 -

1346 5480 1378 5485 --
1485 5480 1498 5485 -
1592 5478 1601 5485 .
1831 5471 1912 5485 ..
2100 5470 2123 5479 -
2372 5402 2907 5485 ίῖἓ)ῗ[ἓην1εατάοοιο-

704 5471 779 5555 (2)
810 5471 1139 5553 Τὴν’π’ίστιν,
1169 5491 1223 5555 at
1258 5480 1450 5555 melius
1476 5480 1510 5548 ἡ
1544 5478 1788 5538 πίστις...
1821 5471 2005 5538 ἁγίους
2035 5471 2149 5522 σοῦ.

1076 5502 1139 5545 ιν,
1169 5491 1223 5555 at
1258 5480 1450 5555 melius
1476 5480 1510 5548 ἡ
1544 5478 1788 5538 πίστις...
1821 5471 2005 5538 ἁγίους
2035 5471 2149 5522 σοῦ.
2368 5474 2441 5555 (ρ)
2476 5473 2663 5555 ἐξιέμοξ),

705 5544 779 5623 (5)
813 5544 1154 5625 Οὖρανοὺςμδ
1186 5553 1368 5625 Θεός.-
1499 5544 1510 5548 ’
1694 5616 1705 5625 _
1868 5618 1928 5625 __
2042 5614 2051 5625 .
2142 5611 2153 5625 '
2476 5544 2693 5625 [ἐμετε-

704 5611 779 5693 (4)
821 5611 995 5677 ἸΓδιὰ
1027 5611 1121 5693 τῆς
1155 5611 1517 5692 κινναϐάρεως
1554 5616 1824 5687 περιέχει·
1862 5618 1965 5672 Eic
2000 5614 2059 5666 τὸ
2095 5611 2185 5664 τέ·
2367 5620 2439 5693 (ᾗ)
2474 5614 2834 5693 ξυντίθουσιν.

638 5684 773 5764 λοξῷ
792 5695 867 5758 τῷ
892 5684 1091 5754 Δασίδζ
1108 5684 1215 5748 εις.
1384 5684 1394 5692 '
1630 5684 1639 5687 “

1384 5684 1394 5692 ’
1630 5684 1639 5687 ’
2365 5684 2438 5751 (Si)
2492 5684 2615 5735 Ἀπὸ
2641 5684 2755 5748 τῆς,
2783 5698 2886 5739 etc.
