4036 6498
231 444 335 497 877

297 559 351 615 6.
390 560 798 631 Ἑπλανήοησαν
828 561 932 614 ἀπὸ
965 563 1219 635 γαστρὸς,
1245 564 1512 634 ἐλάλησαν
1541 563 1730 633 ψευδῆ.

306 652 356 704 7.
382 652 560 722 θυμὸς
591 653 767 714 αὐτοῖς
795 651 931 704 κατά
956 651 1052 723 τὴν
1082 654 1337 723 ὁμοίωσιν
1369 653 1464 707 τοῦ
1493 654 1688 724 ὄφεως,

304 743 356 796 8.
398 744 538 795 Ὠσεὶ
557 744 775 806 ἀσπίδος
796 744 1001 813 κωφῆς,
1024 744 1118 797 καὶ
1140 744 1370 816 βυούσης
1392 746 1459 799 τὰ
1476 739 1589 799 ὦτα
1607 748 1794 818 αὐτῆς*

305 836 357 888 9.
397 837 550 898 ’ἸΙτις
578 837 677 888 οὐκ
709 835 1076 889 είσακούσεται
1106 837 1286 906 φωνῆς
1309 837 1633 909 ἐπᾳδόντων,
1659 856 1798 909 φαρ-

234 925 413 993 μακοῦ
438 943 515 987 τε,

306 1017 392 1068 10.
427 1015 500 1087 (α)
522 1014 981 1086 Φαρμακευομένη
1012 1015 1159 1086 παρά
1186 1014 1366 1085 σοφοῦ.

306 1107 393 1159 1|.
437 1109 492 1158 Ὀ
521 1106 649 1168 Θεὸς
678 1105 950 1174 συντρίψει
997 1107 1120 1170 τοὺς
1151 1106 1369 1170 ὀδόντας
1407 1108 1582 1162 αὐτῶν
1623 1110 1682 1162 ἐν
1722 1111 1800 1181 τῷ

235 1199 463 1268 στόματι
492 1197 668 1249 αὐτῶν
685 1213 698 1226 ⁸

307 1289 391 1342 1‘2.
418 1289 525 1350 Τὰς
550 1288 720 1359 μύλας
744 1288 851 1340 τῶν
879 1289 1107 1342 λεόντων
1136 1290 1455 1343 συνέολασεν
1480 1292 1508 1344 6
1530 1291 1751 1362 Κύριος.

308 1383 392 1435 15.
434 1381 971 1452 Ἐξουδενωοήσονται
999 1381 1128 1434 ὡσεὶ
1151 1381 1295 1453 ὕδωρ
1318 1383 1763 1453 διαπορευόμενον
1781 1400 1794 1412 ’

304 1474 390 1526 1-1.
439 1474 668 1524 Ἐντενεῖ
690 1473 750 1525 τὸ
782 1472 931 1538 τόξον
964 1473 1147 1538 αὑτοῦ,
1177 1474 1279 1536 ἕως
1306 1469 1365 1528 οὗ
1392 1474 1794 1544 ἀσΟενήσουσιν.

300 1564 387 1619 15.
430 1564 568 1616 Ὠσεὶ
592 1564 758 1636 κηρὸς
787 1565 989 1627 τακεὶς,
1020 1563 1586 1636 ἀνταναιρεοήσονταιο

301 1658 384 1710 16.
423 1658 620 1710 Ἔπεσε
645 1656 756 1729 πῦρ
781 1659 864 1708 ἐπ’
888 1658 1101 1721 αὐτοὺς,
1127 1659 1219 1712 καὶ
1239 1659 1336 1710 οὐκ
1363 1654 1498 1710 εἶδον
1519 1659 1608 1711 τὸν
1627 1659 1795 1728 ἥλιον.

303 1749 390 1801 17.
437 1750 548 1820 Πρὸ
599 1749 690 1801 τοῦ
747 1750 982 1802 συνιέναι
1049 1752 1148 1814 τὰς
1199 1750 1435 1812 ἀκάνθας
1494 1750 1646 1820 ὑμῶν
1701 1751 1797 1822 τὴν

231 1841 457 1910 ῥάμνον·

307 1931 389 1983 18.
437 1930 577 1982 Ὠσεὶ
621 1930 844 1994 ζῶντας,
888 1930 1020 1983 ὡσεὶ
1063 1933 1121 1984 ὲν
1156 1932 1292 2003 ὀργῇ
1335 1932 1656 1984 καταπίεται
1704 1932 1798 1984 αὑ·
1831 1913 1870 1966 Β

227 2022 354 2086 τούς
384 2023 480 2090 (b).

301 2115 385 2167 19.
425 2113 868 2184 Εὐφρανοὴσεται
894 2114 1120 2176 δίκαιος,
1154 2115 1281 2166 ὅταν
1310 2113 1392 2183 ἴδῃ
1416 2112 1721 2182 ἐκδίκησινο

296 2205 388 2259 20.
423 2205 530 2268 Τὰς
562 2209 748 2276 χεῖρας
789 2203 953 2258 αὑτοῦ
1006 2205 1215 2274 νίψεται
1273 2208 1329 2258 ἐν
1361 2205 1438 2274 τῷ
1472 2206 1662 2276 αἵματι
1700 2206 1792 2258 τοῦ

229 2299 347 2368 ἀμα
355 2297 556 2368 ρτωλοῦ
567 2341 578 2350 .

300 2388 391 2440 21.
423 2389 531 2440 Καὶ
558 2385 674 2458 ἐρεῖ
697 2383 1008 2458 ἄνθρωπος·
1043 2389 1106 2440 Εἰ
1133 2387 1240 2458 ἄρα
1290 2385 1406 2439 ἐστὶ
1463 2386 1672 2456 καρπὸς
1720 2386 1795 2456 τῷ

228 2479 424 2549 δικαίῳ
443 2497 455 2509 ⁶

298 2569 390 2624 22.
424 2571 563 2641 Ἀρα
594 2570 740 2624 ἐστὶν
771 2572 799 2624 6
836 2568 966 2632 Θεὸς
993 2570 1191 2639 κρίνων
1215 2570 1409 2631 αὐτοὺς
1442 2570 1498 2620 ἐν
1524 2571 1588 2638 τῇ
1617 2571 1705 2638 γῇ.

302 2783 378 2855 (ᾳ)
411 2781 562 2855 _Vers.
601 2782 682 2849 10,
706 2783 999 2855 Φαρμακοῦ
1021 2801 1102 2850 τε,
1129 2796 1258 2852 etc.,
1295 2784 1478 2855 σοφοῦ.

307 2852 379 2920 ψ)
412 2852 463 2905 In
497 2869 668 2925 marg.
698 2852 834 2909 cod.
857 2854 1021 2924 ὑμᾶς.

1101 445 1187 498 DE
1227 442 1498 498 TITULIS
1536 442 1984 499 PSALMORUM.
2028 476 2087 485 ——
2134 444 2326 500 PSAL.
2364 444 2520 500 LVII.

3359 449 3459 504 878

1821 574 1868 628 Α
1965 564 2016 617 6.
2051 565 2380 621 Erravcrunt
2410 567 2477 620 ab
2506 575 2680 632 utero,
2712 566 2875 621 locuti
2910 575 3036 622 sunt
3063 566 3219 621 falsa.

1974 657 2022 711 7.
2050 657 2225 713 Furor
2250 660 2354 713 illis
2383 661 2676 714 secundum
2707 660 3116 716 similitudinem
3151 661 3462 731 serpentis:

1972 748 2026 802 8.
2064 746 2216 803 Sicut
2248 751 2451 820 aspidis
2484 743 2676 816 surdae,
2704 759 2758 805 et
2788 752 3092 806 obturantis
3115 767 3275 807 aures
3300 767 3463 809 suas:

1970 840 2023 893 9.
2060 840 2194 906 Quae
2237 857 2346 896 non
2391 843 2644 898 exaudiet
2691 858 2877 898 vocem
2932 844 3363 911 incantantium,
3413 852 3464 900 et

1899 934 2143 998 veneﬁcL

1974 1025 2057 1077 10.
2084 1024 2214 1090 Quae
2244 1026 2549 1081 incantatur
2579 1043 2608 1081 a
2643 1028 2900 1098 sapiente.

1969 1116 2053 1168 ll.
2087 1115 2228 1170 Deus
2257 1125 2496 1171 conteret
2522 1117 2707 1172 dentes
2735 1133 2923 1172 eorum
2957 1117 3010 1171 in
3045 1133 3140 1172 ore
3168 1118 3407 1188 ipsorum
3444 1133 3458 1168 :

1972 1291 2057 1343 19..
2096 1289 2264 1345 lllolas
2291 1293 2507 1345 leonum
2540 1291 2804 1361 confregit
2842 1291 3124 1348 Dominus.

1976 1381 2060 1433 15.
2082 1382 2159 1435 Ad
2180 1383 2402 1435 nihilum
2422 1383 2704 1437 devenient
2722 1393 2976 1451 tanquam
2993 1398 3130 1452 aqua
3148 1382 3463 1439 decurrens.

1972 1471 2056 1525 11.
2086 1471 2325 1526 lntendct
2351 1487 2536 1527 arcum
2562 1489 2742 1535 suum,
2770 1473 2941 1526 donec
2966 1473 3322 1527 inlirmentur.

2089 1563 2240 1618 Sicut
2266 1580 2389 1618 cera
2413 1580 2533 1633 quae
2559 1563 2695 1627 ﬂuit,
2722 1564 3036 1617 auferentur
3073 1583 3085 1618 :

1972 1656 2055 1709 16.
2085 1656 2288 1711 Cecidit
2307 1656 2444 1725 ignis
2464 1673 2625 1726 super
2649 1673 2766 1724 eos,
2788 1667 2840 1710 et
2868 1674 2971 1711 non
2993 1656 3246 1710 viderunt
3269 1657 3461 1712 solem.

1973 1747 2058 1802 17.
2087 1747 2407 1816 Priusquam
2452 1749 2810 1819 intelligerent
2851 1750 3018 1818 spina:
3052 1759 3241 1804 vestra:
3280 1749 3463 1803 rham-

1903 1855 2029 1892 num
2064 1858 2075 1892 ἶ

1976 1927 2060 1980 18.
2097 1928 2248 1982 Sicut
2281 1929 2540 1993 viventes,
2573 1928 2712 1983 sicut
2740 1929 2790 1980 in
2824 1929 2901 1982 ira
2938 1929 3190 1983 absorbet
3222 1944 3336 1985 eos.

1969 2110 2051 2165 19.
2086 2109 2378 2165 Lmtabitur
2405 2110 2586 2181 justus
2624 2127 2746 2164 cum
2779 2110 2972 2163 viderit
2997 2109 3287 2163 vindictam
3316 2128 3328 2162 :

1969 2200 2058 2253 9.0.
2091 2200 2281 2254 Manus
2311 2219 2437 2256 suas
2469 2201 2668 2256 lavabit
2698 2201 2749 2255 in
2786 2201 3048 2270 sanguine
3072 2201 3388 2269 peccatoris.

1969 2383 2058 2435 ΞΗ.
2093 2380 2157 2434 Et
2182 2381 2324 2436 dicet
2351 2382 2513 2436 homo
2549 2401 2562 2437 :
2599 2381 2653 2435 Si
2684 2383 2868 2452 utique
2906 2392 2986 2436 est
3019 2381 3228 2435 fructus
3265 2366 3412 2451 justo
3447 2396 3460 2434 :

1975 2565 2062 2619 22.
2097 2563 2298 2634 Utique
2323 2574 2405 2619 est
2434 2564 2574 2619 Deus
2596 2564 2849 2635 judicans
2883 2577 2978 2619 cos
3010 2564 3062 2617 in
3088 2570 3248 2617 terra.

1349 3051 1722 3107 ATllANASll
1760 3052 2344 3110 INTERPRETATIO.

300 3256 353 3309 6.
386 3253 596 3326 Πλάνην
626 3255 732 3326 γὰρ
766 3255 840 3327 (1)
872 3255 1060 3309 ἔλαϐον
1090 3256 1196 3310 ἀπὺ
1226 3257 1317 3310 τοῦ
1346 3257 1734 3329 βαπτίσματος.

301 3348 351 3400 7.
371 3348 433 3399 Ἦ
450 3347 632 3419 διδαχὴ
651 3349 826 3402 αὐτῶν
844 3349 1308 3421 θανατηφόρος,ὠς
1326 3353 1352 3403 6
1368 3351 1479 3413 υἱὸς
1495 3350 1586 3403 τοῦ
1603 3351 1796 3421 ὄφεως.

301 3439 353 3490 8.
398 3439 529 3491 ’Δπὸ
553 3440 651 3509 τῆς
679 3440 930 3511 ἀληθείας
952 3442 1049 3514 τὴν
1080 3442 1244 3514 ἀκοὴν
1278 3443 1731 3514 ἀποστρέφουσιν.

301 3530 357 3582 9.
400 3527 586 3592 Οὕτως
635 3529 752 3582 οὐδὲ
797 3523 943 3583 οὗτοι
990 3531 1244 3584 ἀκούουσι
1292 3532 1400 3583 τῶν
1447 3532 1802 3584 διδασκόντων

229 3620 428 3685 αὐτοὺς
454 3622 551 3690 τὴν
578 3620 853 3691 ἀλήθειαν.

306 3712 394 3764 10.
434 3713 495 3764 Oi
544 3711 846 3764 διδάσκαλοι
892 3711 1068 3766 αὐτῶν
1121 3716 1187 3784 τῇ
1246 3712 1406 3783 σοφίᾳ.
1453 3712 1545 3765 τοῦ
1596 3713 1800 3784 κόσμου

229 3803 423 3856 τούτου
465 3804 746 3857 ἀπατῶσιν
775 3805 992 3869 αὐτούς.

311 3893 394 3945 1|.
429 3893 539 3957 Τάς
565 3894 912 3959 διδασκαλίας
949 3897 1147 3949 αὐτῶν.

303 3985 392 4038 12.
427 3986 563 4049 Τοὺς
594 3988 923 4058 ἡγουμένους
953 3987 1152 4041 αὐτῶν.

305 4079 393 4132 15.
442 4079 505 4132 Ἦ
538 4081 720 4151 ἡμέρα
748 4080 823 4150 (2)
853 4081 949 4150 τῆς
976 4081 1209 4152 κρίσεως
1239 4083 1532 4152 ἀπορρίᾳει
1559 4069 1776 4144 αὐτοῦς.

307 4168 394 4220 14.
439 4167 737 4237 Ἐνισχύσει
781 4168 872 4222 τὸν
911 4169 1066 4237 λόγον
1101 4169 1193 4222 τοῦ
1241 4170 1593 4240 κηρύγματος
1637 4173 1801 4224 αὐτοῦ

231 4259 336 4321 ἕως
366 4259 464 4328 τῆς
493 4257 819 4322 συντελείας.

306 4351 393 4404 15.
442 4350 528 4413 Ὠς
554 4352 582 4403 ὁ
625 4351 793 4422 κηρὸς
823 4351 899 4423 (5)
940 4355 997 4406 ὲν
1035 4351 1112 4424 τῷ
1147 4354 1276 4424 πυρὶ
1306 4353 1670 4410 ἀναλίσκεται.
1710 4355 1801 4406 οὓ-

233 4459 341 4503 τως
368 4442 518 4493 ἔσται
549 4444 582 4512 ἡ
613 4441 857 4496 ἀπώλεια
884 4443 1088 4497 αὐτῶν·

306 4532 392 4585 16.
449 4532 879 4602 Κατεκυρίευσεν
929 4536 1103 4588 αὐτῶν
1155 4539 1183 4589 6
1227 4538 1500 4604 Σατανᾶς,
1561 4539 1652 4590 καὶ
1708 4538 1806 4590 οὐκ

235 4625 475 4692 ἔγνωσαν
505 4624 593 4676 τὸν
619 4625 842 4696 Κύριον.

311 4715 393 4777 17,
430 4714 514 4768 18.
548 4715 659 4785 Πρὸ
689 4715 779 4767 τοῦ
803 4716 900 4778 τὰς
933 4717 1159 4787 ἀνομίας
1181 4717 1332 4788 ὑμῶν
1354 4717 1798 4789 κεκολλῆσθαιτῷ

236 4807 482 4876 αναδδλῳ,
513 4807 588 4870 ὡς
613 4806 689 4859 ἔτι
712 4808 835 4860 ἐστὲ
860 4807 1078 4873 ζῶντες,
1110 4812 1166 4864 ὲν
1191 4814 1254 4881 τῇ
1287 4811 1422 4880 ὀργῇ
1463 4811 1626 4863 αὑτοῦ
1669 4827 1800 4863 κατ-

238 4901 385 4955 έπιεν
419 4900 562 4968 ὑμᾶς
587 4897 675 4951 διὰ
706 4899 802 4967 τὴν
836 4898 1042 4970 πλάνην
1070 4902 1167 4971 τῆς
1199 4903 1460 4974 αἱρέσεως
1484 4903 1654 4971 ὑμῶν.

312 4989 391 5043 l9.
440 4989 526 5040 Ἑν
554 4989 632 5060 τῷ
663 4989 838 5061 καιρῷ
868 4991 965 5060 τῆς
992 4993 1420 5055 ἀνταποδόσεως.

302 5081 393 5135 20.
437 5080 635 5132 Ἀθῶον
660 5083 848 5136 ἑαυτὸν
871 5081 1032 5147 δείξει
1063 5083 1135 5154 (4)
1160 5084 1266 5137 ἀπὸ
1297 5084 1394 5152 τῆς
1422 5081 1711 5152 ἁμαρτίας.

303 5174 393 5228 21.
426 5174 535 5225 Καὶ
563 5175 676 5244 ἐρεῖ
702 5173 930 5239 ἕκαστος
950 5191 964 5206 ·
1004 5175 1207 5240 Ὄντως
1224 5175 1370 5228 ἐστὶν
1401 5173 1795 5246 μισθαποδοσία

243 5265 314 5335 τῷ
337 5263 552 5332 δικαίῳ.

302 5356 390 5410 2'2.
422 5358 630 5419 ὐντως
665 5357 807 5409 ἐστὶν
834 5359 862 5408 6
900 5359 1064 5412 ποιῶν
1096 5355 1274 5411 αὐτῶν
1297 5356 1394 5426 τὴν
1422 5355 1722 5426 ἐκδίκησιν.

1827 3275 1872 3335 C
1973 3258 2024 3313 6.
2059 3259 2103 3311 Α
2130 3258 2399 3327 baptismo
2428 3258 2574 3312 enim
2606 3271 2846 3311 errorem
2881 3255 3113 3325 amplexi
3144 3266 3291 3312 sunt.

1976 3350 2027 3403 7.
2061 3349 2317 3404 Doctrina
2341 3364 2527 3403 eorum
2573 3345 2874 3411 mortifera,
2912 3356 2972 3400 ut
3002 3347 3143 3401 ﬁlius
3172 3351 3463 3418 serpentis.

1974 3441 2028 3495 8.
2057 3443 2317 3495 Avertunt
2341 3440 2581 3494 auditum
2605 3456 2635 3494 a
2661 3440 2904 3494 veritate.

1975 3528 2028 3582 9.
2074 3527 2148 3582 Ita
2195 3540 2369 3597 neque
2416 3529 2506 3583 isti
2554 3529 2781 3583 audiunt
2831 3529 3086 3584 docentes
3131 3543 3227 3584 eos
3274 3531 3468 3584 verita-

1907 3631 2036 3673 tem.

1976 3709 2063 3763 10.
2095 3708 2330 3779 Magistri
2360 3724 2550 3762 eorum
2580 3708 2841 3779 sapientia
2892 3708 3053 3778 hujus
3086 3709 3274 3763 mundi
3319 3710 3464 3765 deci-

1904 3801 2059 3870 piunt
2088 3816 2201 3855 cos.

1981 3895 2062 3946 11.
2100 3892 2340 3962 Ipsorum
2369 3891 2662 3947 doctrinas.

1980 3984 2066 4040 19..
2098 3982 2270 4038 Duces
2302 3999 2512 4037 eorum.

1977 4076 2063 4129 15.
2097 4075 2220 4129 Dies
2244 4074 2434 4143 judicii
2469 4075 2716 4145 projiciet
2740 4088 2853 4128 eos.

1976 4169 2061 4222 14.
2109 4168 2494 4222 Corroborabit
2540 4182 2846 4220 sermonem
2900 4165 3298 4235 praedicationis
3354 4185 3464 4223 sum

1908 4277 2078 4331 usque
2105 4262 2171 4315 ad
2204 4260 2747 4315 consummationem.

1979 4354 2065 4406 15.
2116 4350 2181 4404 Ut
2215 4366 2336 4405 cera
2384 4351 2505 4420 igne
2550 4350 2910 4417 consumitur,
2957 4349 3037 4405 sic
3087 4350 3188 4404 erit
3235 4351 3461 4420 perditio

1907 4460 2115 4499 eorum.

1980 4536 2064 4590 lG.
2100 4534 2418 4590 Dominatus
2454 4544 2537 4589 est
2572 4537 2652 4588 eis
2700 4533 2950 4599 Satanas,
2984 4543 3037 4588 et
3063 4551 3167 4589 non
3198 4551 3463 4606 cognove-

1905 4639 2034 4683 runt
2068 4630 2376 4682 Dominum.

1975 4723 2064 4786 17,
2093 4721 2178 4775 18.
2213 4722 2532 4789 Priusquam
2581 4727 2772 4774 vestrm
2813 4718 3124 4788 iniquitates
3158 4720 3464 4775 adhmreant

1906 4814 2140 4877 diabolo,
2183 4822 2241 4867 ut
2287 4812 2461 4866 adhuc
2493 4811 2730 4865 viventes
2757 4811 2908 4875 estis,
2946 4811 3000 4865 in
3038 4811 3117 4865 ira
3161 4826 3258 4867 sua
3302 4818 3465 4867 devo-

1908 4906 2050 4960 rabit
2085 4920 2183 4959 vos
2208 4913 2421 4973 propter
2451 4917 2689 4957 errorem
2719 4901 2939 4956 lueresis
2977 4909 3186 4956 vestrae.

1982 4997 2068 5049 19.
2102 4994 2158 5047 In
2184 5003 2422 5062 tempore
2447 4991 2834 5047 retributionis.

1972 5086 2061 5139 9.0.
2098 5085 2299 5138 Purum
2333 5101 2390 5139 se
2425 5085 2600 5154 ipsum
2629 5085 2880 5137 ostendet
2914 5098 2942 5135 τι
2976 5092 3219 5152 peccato.

1972 5177 2061 5231 21.
2096 5176 2162 5230 Ει
2195 5176 2339 5230 dicet
2386 5174 2794 5244 unusquisque:
2834 5172 2966 5228 Vere
3005 5184 3089 5228 est
3115 5175 3263 5243 justo
3307 5176 3466 5230 retri-

1903 5267 2075 5322 butio.

1970 5359 2058 5412 29..
2092 5357 2344 5413 Profecto
2381 5367 2463 5410 est
2495 5356 2698 5410 faciens
2727 5370 2913 5411 eorum
2946 5355 3256 5411 vindictam.

1178 5562 1477 5626 Addenda
1514 5570 1572 5624 et
1599 5560 1970 5639 corrigenda
2017 5575 2094 5618 ex
2145 5558 2282 5617 cod.
2323 5557 2519 5618 Vatic.

311 5772 380 5840 [1)
412 5770 643 5840 Πλάνην.
678 5769 743 5839 ἣν
775 5769 1097 5840 παρέλαϐον.

311 5839 385 5911 (2)
415 5843 491 5910 Τῇ
525 5839 774 5912 ἡμέρᾳ...
805 5839 1146 5911 ἀπορρίψας.

2083 5765 2221 5856 ’ρσεὶ
2234 5765 2437 5856 ³κηρός,
2469 5774 2572 5820 etc.

1975 5835 2049 5906 (ι)
2097 5835 2412 5899 Ἀποδείξει.
