4036 6454
616 357 720 416 879
1438 354 1492 408 S.
1537 354 1914 410 ATIIANASII
1953 356 2101 410 Ol’l’.
2144 357 2326 414 PARS
2365 358 2450 412 ΙΙΙ.
2514 388 2553 400 -
2600 359 3012 417 EXECETICA.
3750 364 3856 419 880

619 473 683 528 In
718 476 871 539 ﬁnem
895 514 909 535 ,
947 489 1007 525 ne
1039 471 1310 539 disperdns
1333 515 1345 537 ,
1386 473 1554 525 David
1577 515 1591 540 ,
1631 475 1684 526 in
1716 475 1858 527 tituli
1883 475 2183 543 inscriptio—
2211 527 2213 534 ,

2287 480 2389 542 Εἰς
2416 479 2478 530 τὸ
2506 476 2696 542 τέλος,
2722 480 2806 547 μὴ
2840 479 3205 549 διαφθείρῃς,
3237 482 3315 547 τῷ
3345 483 3542 546 Δαϐὶδ,
3587 484 3674 548 εἰς
3707 500 3853 550 στη-

683 584 819 632 nem,
845 583 960 619 cum
989 566 1129 619 misit
1153 566 1304 628 Sanl,
1335 576 1382 618 et
1409 568 1686 620 custodiuit
1725 568 1938 621 domum
1964 569 2100 638 ejus,
2127 581 2182 626 ut

2354 573 2704 640 λογριιφίαγ,
2737 576 2914 626 ὁπότε
2953 575 3272 628 ἀπέστειλε
3298 575 3494 628 Σαοὺλ
3519 616 3534 630 .
3589 576 3682 629 καὶ
3713 577 3858 644 ego—

685 677 803 714 ειυη
836 660 1180 727 ίηιϐνβεετεῑ-
1211 658 1415 713 Ρδλὶιλ·
1451 658 1675 713 LVI“.
2356 665 2505 727 λιιξε
2552 665 2656 717 τὸν
2694 661 2863 718 οἷκον
2891 666 3098 730 αὐτοῦ,
3128 667 3234 720 τοῦ
3264 667 3598 721 θανατῶσαι
3642 669 3834 722 αὐτόν

2360 756 2509 807 ΨΑΛ
2521 793 2533 805 .
2568 756 2701 808 Nll'.

691 861 738 913 1.
772 858 932 928 Eripe
962 872 1047 912 me
1077 857 1144 911 de
1173 857 1410 911 inimicis
1441 858 1576 911 meis
1601 900 1614 921 ,
1643 856 1783 911 Deus
1818 877 1830 912 :

2358 847 2406 898 1.
2453 845 2663 911 Ἐξέλου
2703 863 2768 916 με
2808 847 2872 899 ἐκ
2897 845 3004 898 τῶν
3037 847 3245 918 ἐχθρῶν
3280 866 3400 917 μου,
3436 849 3463 902 6
3495 849 3653 913 Θεός·

686 952 739 1005 9..
766 951 832 1006 Et
856 951 923 1005 ab
954 950 1359 1020 insurgentibus
1390 951 1442 1004 in
1479 967 1564 1005 me
1597 951 1763 1005 libera
1797 968 1900 1006 me.

2353 939 2406 992 2.
2441 939 2548 992 Καὶ
2571 939 2634 992 ἐκ
2651 939 2755 992 τῶν
2776 940 3219 1010 ἐπανισταμένων
3245 943 3330 994 ἐπ’
3351 943 3450 1012 ἐμὲ
3468 943 3738 1014 λύτρωσαί
3763 961 3854 1014 με.

685 1044 738 1098 3.
774 1043 934 1112 Eripe
964 1058 1050 1097 me
1083 1043 1149 1097 de
1176 1043 1528 1112 operantibus
1557 1044 1892 1113 iniquitatem
1922 1062 1934 1098 :

2355 1033 2407 1084 3.
2448 1030 2634 1084 Ῥὖσαί
2663 1050 2728 1102 με
2759 1033 2821 1084 ἐκ
2867 1032 2974 1086 τῶν
3000 1033 3380 1105 ἐργαζομένων
3407 1035 3504 1106 τὴν
3554 1036 3782 1106 ἀνομίαν
3805 1060 3818 1069 ο

680 1139 734 1192 4.
765 1135 827 1188 Et
859 1137 923 1191 de
947 1137 1077 1190 viris
1108 1138 1432 1206 sanguinum
1469 1137 1615 1189 salva
1638 1151 1746 1190 me.

2355 1124 2407 1177 4.
2443 1125 2552 1177 Καὶ
2582 1123 2639 1188 ἐξ
2670 1125 2878 1194 ἀνδρῶν
2906 1126 3154 1196 αἱμάτων
3184 1126 3354 1178 σῶσόν
3384 1144 3471 1196 με.

683 1228 737 1281 5.
775 1227 910 1293 Quia
945 1241 1070 1282 ecce
1093 1237 1351 1297 ceperunt.
1384 1230 1622 1281 animam
1653 1243 1827 1282 meam

2349 1217 2402 1272 5.
2434 1219 2554 1270 ’Ότι
2583 1218 2689 1270 ἰδοὺ
2720 1219 3016 1289 ἐθήρευσαν
3042 1220 3137 1289 τὴν
3157 1219 3332 1290 ψυχήν
3367 1237 3466 1290 μου

685 1318 737 1372 6.
770 1318 1047 1375 lrruerunt
1074 1321 1127 1374 in
1160 1336 1245 1374 me
1275 1319 1462 1374 fortes.

2355 1309 2406 1364 6.
2443 1309 2726 1362 Ἐπέθεντο
2754 1312 2836 1362 ἐπ’
2858 1311 2956 1380 ἐμὲ
2983 1311 3249 1380 κραταιοί.

685 1410 736 1462 '7.
765 1408 950 1478 Neque
981 1411 1239 1480 iniquitas
1277 1425 1390 1463 mea
1411 1450 1425 1474 ,
1456 1423 1629 1478 neque
1661 1414 1940 1476 peceatum
1974 1421 2176 1474 meum,

2349 1403 2403 1456 7.
2436 1402 2571 1455 Οὔτε
2597 1403 2844 1474 ἡάνομία
2867 1422 2989 1472 μου,
3023 1403 3144 1456 οὗτε
3176 1407 3206 1474 ἡ
3240 1403 3484 1473 ἁμαρτία
3505 1420 3627 1475 μου,
3654 1402 3852 1473 Κύριε·

616 1501 843 1557 Domine
875 1522 888 1558 :

683 1595 735 1648 8.
775 1594 904 1650 Sine
937 1595 1219 1665 iniquitate
1247 1594 1486 1656 cucurri,
1518 1602 1569 1646 et
1593 1593 1786 1647 direxi.

2349 1583 2401 1637 8.
2436 1584 2595 1634 Ἀνευ
2625 1582 2853 1653 ἀνομίας
2884 1581 3134 1653 ἔδραμον,
3161 1582 3252 1634 καὶ
3285 1581 3601 1635 κατεύθυνα.

682 1690 733 1743 9.
768 1688 1012 1759 Exsurge
1040 1691 1093 1743 in
1121 1704 1408 1743 occursum
1446 1702 1650 1750 mcum,
1687 1696 1740 1740 et
1765 1685 1883 1739 vide
1914 1704 1928 1738 :

2348 1674 2399 1728 9.
2449 1673 2791 1744 Ἐξεγέρθητι
2822 1676 2897 1737 είς
2929 1674 3249 1742 συνάντησίν
3285 1691 3406 1742 μου,
3438 1676 3528 1725 καὶ
3564 1674 3638 1726 ἰδέ
3664 1691 3675 1702 ·

683 1781 770 1836 10.
809 1780 873 1834 Et
899 1790 989 1846 tu,
1033 1780 1258 1836 Domine
1289 1780 1430 1834 Deus
1461 1779 1757 1845 virtutum,
1804 1777 1946 1832 Deus
1973 1775 2136 1831 Israel
2160 1817 2175 1844 ,

2351 1766 2433 1820 10.
2464 1766 2574 1818 Καὶ
2609 1765 2692 1829 σὺ,
2724 1765 2891 1835 Κύριε
2930 1768 2957 1818 6
2990 1765 3121 1828 Θεὸς
3147 1763 3253 1818 τῶν
3298 1765 3602 1835 δυνάμεων,
3643 1767 3670 1817 6
3717 1766 3855 1829 Θεὸς

2279 1858 2371 1913 τοῦ
2413 1858 2646 1928 Ἰσραὴλ,

682 1957 768 2011 11.
806 1957 1025 2012 Intende
1057 1957 1120 2012 ad
1146 1957 1442 2011 visitandas
1466 1971 1655 2010 omnes
1687 1963 1870 2023 gentes
1901 1971 1913 2007 :
2212 1947 2245 1949 ἡ

2212 1947 2245 1949 ἡ
2352 1949 2434 2003 11,
2474 1950 2716 2020 Πρὸσχες
2745 1947 2837 2001 τοῦ
2872 1949 3270 2018 ἐπισκέψασθαι
3305 1950 3481 2003 πάντα
3515 1949 3582 2002 τὰ
3609 1949 3736 2022 ἔθνη
3759 1969 3771 1981 ·

683 2049 770 2104 12.
803 2047 924 2105 Non
971 2051 1282 2105 miserearis
1313 2049 1570 2103 omnibus
1624 2046 1716 2116 qui
1747 2053 2040 2115 operantur
2073 2043 2174 2097 ini-

2349 2044 2433 2098 19..
2463 2043 2553 2115 Μὴ
2580 2044 2922 2116 οἱκτειρήσῃς
2949 2044 3154 2107 πάντας
3187 2044 3312 2106 τοὺς
3339 2043 3736 2115 ἐργαζομένους
3751 2043 3855 2115 τὴν

611 2139 896 2208 quitatem.

2275 2135 2521 2206 ἀνομίαν.

1723 2288 2094 2344 ATIIANASII
2135 2286 2724 2342 INTERPRETATIO.

706 2456 753 2507 Η
779 2453 1109 2524 προκειμένη
1141 2450 1418 2520 ἐπιγραφὴ
1445 2448 1684 2520 περιέχει
1711 2449 1786 2517 (l)
1811 2464 1820 2475 ·
1844 2449 1946 2511 Εἰς
1970 2445 2034 2499 τὸ
2061 2445 2253 2510 τέλος,
2277 2444 2361 2513 μὴ
2393 2444 2758 2513 διαφθείρῃς,
2789 2441 2868 2508 τῷ
2890 2443 3066 2498 Δαϐὶδ
3081 2443 3167 2510 εἷς
3187 2447 3657 2516 στηλογραρίαν.
3679 2448 3857 2501 Τοῦτο

608 2546 700 2603 οὖν
721 2548 869 2616 λέγει
889 2563 903 2578 °
929 2548 1008 2609 είς
1035 2547 1236 2617 ἀρετήν
1256 2561 1374 2597 τινα
1401 2542 1492 2595 τοῦ
1526 2544 1750 2612 Κυρίου,
1781 2542 1900 2610 ἥτις
1935 2541 2051 2593 ἐστὶ
2081 2539 2478 2610 στηλογραφία,
2505 2539 2590 2606 μὴ
2613 2539 2958 2607 διαφθείρῃς
2994 2539 3097 2601 ἕως
3145 2540 3378 2604 τέλους.
3417 2537 3580 2594 Εἶτα·
3646 2542 3856 2594 Ὁπότε

604 2644 923 2697 ἀπέστειλε
945 2642 1162 2703 Σαοὺλ,
1194 2641 1290 2693 καὶ
1320 2639 1623 2708 ἐφύλαξεν
1654 2634 1821 2690 οἷκον
1851 2636 2058 2700 αὐτοῦ,
2094 2636 2195 2689 τοῦ
2223 2635 2561 2690 θανατῶσαι
2596 2636 2802 2696 αὑτὸν,
2828 2637 3133 2698 τουτέστιν,
3173 2636 3345 2697 οὕτως
3387 2639 3478 2691 καὶ
3530 2641 3558 2691 ὁ
3605 2639 3855 2702 διάϐολος

602 2734 921 2788 ἀποστέλλει
949 2732 1274 2802 ἐπιτηρῆσαι
1303 2731 1392 2782 τὸν
1427 2726 1570 2782 οἷκον
1599 2729 1784 2793 αὐτοῦ,
1810 2728 1900 2780 τοῦ
1931 2727 2255 2780 θανατῶσαι.
2288 2728 2378 2798 Μὴ
2415 2727 2736 2798 διαφθείρῃς
2769 2724 2861 2779 οὖν
2881 2728 2984 2790 ἕως
3018 2728 3204 2791 τέλους
3232 2727 3416 2801 [τινά]
3476 2732 3584 2784 τῶν
3619 2732 3854 2784 ἐντολῶν

603 2826 698 2878 τοῦ
724 2824 953 2894 Κυρίου,
980 2822 1116 2874 ἀλλὰ
1139 2821 1263 2890 λέγε
1285 2821 1374 2873 τὸν
1397 2819 1834 2890 ὑποτεταγμένον
1859 2818 2092 2889 ψαλμόν.
2141 2817 2407 2881 Πολλάκις
2434 2818 2541 2890 γὰρ
2576 2821 2809 2887 εἴπαμεν
2849 2818 2947 2888 τὴν
2996 2819 3291 2888 ἑρμηνείαν
3327 2819 3418 2872 τοῦ
3453 2821 3717 2890 ὀνόματος
3751 2825 3854 2874 καὶ

602 2920 709 2975 τοῦ
740 2919 958 2983 Σαοὺλ,
993 2917 1085 2970 καὶ
1118 2917 1223 2970 τοῦ
1250 2915 1445 2980 Δαϐὶδ,
1469 2916 1556 2967 ὁτὲ
1584 2915 1680 2984 μὲν
1713 2915 1792 2976 εἰς
1816 2912 1905 2965 τὸν
1926 2913 2126 2983 Κύριον
2153 2913 2248 2964 καὶ¹
2270 2914 2346 2974 εις
2367 2912 2494 2975 τοὺς
2520 2910 2684 2964 αὐτοῦ
2726 2910 3106 2982 ἑρμηνεύεται,
3149 2913 3236 2965 ὁτὲ
3269 2913 3326 2965 δὲ
3350 2916 3427 2978 εἰς
3460 2915 3550 2968 τὸν
3577 2915 3847 2969 διάϐολον.

673 3037 887 3092 Titulus
916 3035 1239 3106 prapositus
1272 3032 1554 3086 continet:
1588 3029 1652 3083 In
1687 3033 1866 3098 ﬁnem,
1911 3046 1972 3083 ne
2008 3030 2304 3097 disperdas,
2342 3028 2510 3083 David
2564 3031 2616 3083 in
2665 3030 2810 3082 tituli
2854 3029 3270 3098 inscriptionem.
3300 3029 3416 3086 lloc
3459 3031 3622 3102 igitur
3664 3033 3801 3086 dicit
3835 3055 3848 3086 :

602 3150 664 3187 ne
692 3131 747 3184 in
779 3130 1022 3200 aliquam
1073 3126 1285 3181 Domini
1339 3126 1617 3187 virtutem,
1646 3141 1764 3194 qua:
1799 3133 1881 3179 est
1907 3123 2047 3177 tituli
2083 3123 2392 3192 inscriptio,
2425 3123 2699 3192 disperdas
2731 3123 2857 3192 (hoc
2879 3132 2980 3188 est,
3030 3138 3096 3177 ne
3128 3123 3339 3188 pecces)
3379 3140 3550 3192 usque
3578 3127 3631 3178 in
3661 3127 3844 3194 ﬁnem.

601 3225 807 3281 Deinde
833 3243 845 3279 :
873 3224 1005 3280 Cum
1035 3223 1174 3276 misit
1204 3220 1337 3276 Saul
1358 3265 1371 3288 ,
1399 3233 1448 3275 et
1480 3221 1761 3274 custodiuit
1787 3220 2001 3272 domum
2033 3218 2179 3288 ejus,
2213 3231 2268 3272 ut
2302 3219 2616 3288 interficeret
2641 3236 2756 3273 eum
2781 3261 2794 3281 ,
2825 3219 2928 3273 hoc
2952 3225 3068 3280 est,
3100 3221 3172 3273 ita
3197 3219 3358 3274 etiam
3395 3219 3648 3273 diabolus
3681 3223 3854 3276 mittit

601 3321 874 3377 custodire
906 3321 1128 3375 domum
1156 3318 1275 3387 ejus
1300 3355 1314 3380 ,
1343 3325 1402 3369 ut
1439 3316 1746 3370 interﬁciat.
1778 3312 1856 3368 Ne
1885 3315 2167 3384 disperdas
2206 3315 2368 3384 igitur
2400 3329 2574 3384 usque
2618 3313 2673 3369 in
2724 3313 2885 3367 ﬁnem
2915 3313 3136 3382 aliquod
3173 3315 3556 3368 mandatorum
3602 3314 3847 3377 Domini,

602 3419 695 3473 sed
725 3418 812 3472 die
845 3415 1147 3484 subjectum
1179 3414 1266 3468 hic
1312 3414 1604 3484 psalmum.
1648 3409 1800 3482 Saepe
1825 3413 1970 3466 enim
2007 3412 2248 3466 diximus
2302 3411 2812 3482 interpretationem
2865 3408 3105 3465 nominis
3145 3419 3195 3464 et
3239 3409 3371 3465 Saul
3403 3420 3452 3463 et
3490 3409 3664 3464 David
3695 3426 3851 3466 nunc

601 3509 771 3580 accipi
795 3510 859 3564 de
890 3509 1138 3571 Domino,
1164 3518 1218 3563 et
1245 3507 1312 3564 de
1339 3509 1406 3565 iis
1433 3509 1526 3580 qui
1552 3506 1767 3563 Domini
1793 3517 1955 3573 sunt,
1983 3523 2128 3564 nunc
2150 3523 2280 3564 vero
2311 3509 2377 3564 de
2406 3507 2646 3563 diabolo.

667 3668 727 3732 1,
756 3667 810 3720 2.
846 3664 922 3719 De
946 3665 1368 3734 cogitationibus
1391 3665 1443 3718 in
1472 3663 1633 3720 corde
1669 3679 1810 3719 meo.
1843 3695 1850 3702 --
2193 3687 2235 3746 ρ

2193 3687 2235 3746 C
2340 3663 2391 3726 1,
2423 3663 2476 3715 2.
2516 3662 2634 3714 Τῶν
2665 3661 2721 3714 ἐν
2755 3661 2830 3733 (2)
2864 3660 3059 3732 καρδίᾳ
3093 3678 3193 3730 μου
3221 3659 3512 3730 λογισμῶν.

662 3759 716 3814 5.
753 3759 797 3810 A
825 3757 1190 3826 voluptatibus
1220 3757 1576 3810 militantibus
1607 3756 1658 3809 in
1688 3756 1947 3812 membris
1997 3756 2154 3810 meis.

2333 3752 2385 3804 5.
2414 3751 2532 3806 Τῶν
2562 3751 2762 3822 ἡδονῶν
2789 3750 2897 3803 τῶν
2933 3751 3376 3823 στρατευομένων
3410 3754 3467 3804 ἐν
3499 3754 3611 3817 τοῖς
3657 3751 3843 3822 βέλεσί

2270 3857 2370 3911 ⁸...ου
2403 3841 2500 3911 ('5).

666 3932 717 3983 Ir.
751 3929 827 3983 De
856 3928 1146 3983 contrariis
1178 3928 1557 3997 potestatibus.

2270 3857 2370 3911 μου
2403 3839 2500 3913 (5).

2334 3933 2386 3985 4.
2418 3932 2537 3984 Τῶν
2568 3932 2824 3986 ἐναντίων
2853 3931 3152 4000 δυνάμεων.

667 4025 721 4077 5.
755 4022 1025 4089 Quoniam
1057 4034 1183 4074 ecce
1209 4020 1590 4090 constringunt
1617 4020 1854 4073 animam
1889 4035 2084 4075 meam.

1889 4035 2084 4075 meam.
2338 4022 2389 4078 5.
2423 4023 2544 4076 ’Ότι
2582 4023 2686 4075 ἰδοὺ
2715 4023 2992 4092 συνέχουσι
3019 4023 3115 4093 τὴν
3141 4023 3318 4093 ψυχήν
3355 4041 3477 4094 μου.

667 4111 718 4163 6.
756 4113 1055 4164 Daemones.

2336 4110 2386 4164 6.
2419 4114 2481 4164 Οἱ
2511 4113 2780 4183 δαίμονες.

669 4203 720 4257 7.
758 4201 942 4272 Neque
983 4202 1243 4272 iniquitas
1286 4216 1406 4256 mea
1449 4201 1624 4256 dulcis
1658 4203 1789 4256 mihi
1831 4211 1953 4269 est,
1987 4217 2162 4272 neque

2332 4205 2381 4258 7.
2416 4203 2552 4259 Οὔτε
2577 4208 2608 4276 ἡ
2632 4206 2828 4277 ἀνομία
2861 4225 2960 4277 μου
2991 4207 3120 4278 ἡδέα
3157 4207 3348 4282 [ἡδεῖα]
3381 4213 3472 4280 μοί
3499 4212 3668 4276 ἐστιν,
3709 4210 3838 4266 οὔτε

595 4303 873 4362 peccatum
903 4308 1105 4355 meum,
1142 4291 1390 4346 Domine.

1340 4308 1390 4346 θ.
2261 4297 2293 4364 ἡ
2318 4295 2560 4368 ἁμαρτία
2589 4314 2712 4366 μου,
2738 4296 2929 4367 Κύριε.

662 4383 714 4437 8.
752 4383 889 4437 0dio
919 4385 1126 4438 habens
1164 4383 1505 4454 iniquitatem
1537 4386 1752 4441 cucurri
1797 4387 1851 4440 in
1891 4387 2160 4441 mandatis

2333 4386 2386 4439 8.
2426 4387 2676 4459 Μισήτας
2708 4387 2782 4458 (4)
2809 4388 2905 4458 τὴν
2932 4387 3180 4458 ἀνομίαν,
3202 4389 3433 4461 ἔδραμον
3457 4394 3515 4445 ἐν
3543 4396 3665 4458 ταῖς
3693 4397 3837 4449 ἐντο-

595 4477 722 4540 tuis,
751 4487 803 4531 et
828 4478 999 4531 direxi
1030 4479 1080 4531 in
1117 4477 1281 4532 corde
1316 4494 1456 4534 meo.

2258 4477 2375 4540 λαῖς
2404 4494 2519 4541 σου,
2555 4479 2646 4532 καὶ
2672 4477 2978 4532 κατεύθυνα
3005 4480 3060 4532 ἐν
3087 4484 3150 4551 τῇ
3185 4480 3381 4554 καρδίᾳ
3410 4500 3532 4554 μου.

665 4573 716 4627 9.
749 4572 881 4628 Veni
909 4575 962 4627 in
999 4574 1264 4628 auxilium
1292 4591 1494 4629 meum.

2328 4569 2380 4623 9.
2424 4569 2572 4621 Ἐλθέ
2603 4572 2681 4632 εἰς
2707 4569 2802 4641 τὴν
2840 4570 3120 4640 ἀντίληψίν
3145 4589 3266 4641 μου.

667 4664 761 4730 10,
800 4667 885 4720 11.
917 4665 996 4719 Tu
1028 4667 1161 4735 ipse,
1204 4668 1448 4733 Domine,
1490 4670 1633 4733 veni,
1663 4678 1713 4720 et
1737 4684 1832 4738 per
1865 4669 2152 4722 adventum

2338 4663 2534 4727 10,11.
2573 4665 2644 4717 Σὺ
2690 4665 2868 4729 αὐτὸς,
2908 4666 3100 4737 Κύριε,
3162 4668 3303 4736 ἐλθὲ,
3360 4671 3453 4724 καὶ
3483 4671 3570 4724 διὰ
3598 4673 3696 4744 τῆς
3730 4673 3835 4744 σῆς

595 4765 743 4809 tuum
776 4771 906 4811 sana
941 4771 1132 4812 omnes
1159 4765 1364 4828 gentes.

2262 4759 2561 4825 παρουσίας
2593 4759 2739 4812 ἴασαι
2768 4759 2943 4813 πάντα
2962 4761 3034 4812 τά
3063 4761 3211 4833 ἔθνη.

661 4846 745 4896 12.
777 4845 1078 4901 Contrariis
1108 4849 1492 4916 potestatibus.

2335 4851 2417 4904 12.
2453 4850 2529 4922 (ιι)
2564 4851 2673 4915 Τὰς
2696 4852 2941 4914 ἐναντίας
2970 4853 3244 4925 δυνάμεις.

1538 5003 1840 5063 Addenda
1871 5012 1930 5064 et
1979 5004 2352 5083 corrigenda
2382 5023 2461 5067 ex
2491 5007 2630 5068 cod.
2665 5009 2865 5070 Vatic.

661 5167 733 5236 (Ι)
754 5168 840 5248 :ﬂ‘
864 5169 1079 5248 δια-τῆς
1103 5167 1465 5248 κινναῇάρεως
1485 5167 1750 5248 ¹περιέχει
1769 5184 1782 5196 ·
1833 5168 1928 5248 ῌίς
1957 5168 2017 5248 τδ
2063 5167 2148 5248 τέο
2175 5172 2225 5230 D
2251 5168 2422 5248 οὕτως
2452 5172 2596 5248 καὶΔὸ
2622 5171 2865 5248 διάξολος
2895 5174 3211 5248 ἀποστέλλει
3239 5175 3567 5248 ἐπιτηρῆσαι
3606 5179 3697 5248 τὸν
3733 5195 3830 5233 πι-

590 5237 789 5324 λοςττῷ
816 5239 998 5324 μαξιδ,
1115 5237 1428 5324 διαφθρίρῃς
1448 5239 1528 5324 εἰς
1549 5237 2144 5324 στηλογραφίανὶὸπότε
2252 5239 2392 5324 στδν,
2423 5240 2532 5322 τοῦ.
2549 5241 2852 5324 Θανατῶςαι
2885 5245 3064 5302 αὐτόν.
3105 5245 3196 5314 Μὴ
3235 5237 3552 5321 διαφθ’ἐίρῃς
3585 5246 3678 5303 οὖν
3719 5251 3826 5313 ἓως

588 5293 873 5360 ἀπέστέιλε
915 5293 1117 5374 Baebi,
1155 5293 1244 5361 καί
1271 5293 1500 5377 ἐφ’ύλαξε
1526 5309 1614 5360 τὸν
1633 5293 1782 5360 οἷκον
1810 5293 1996 5371 αὑτοῦ,
2050 5309 2143 5360 τοῦ
2247 5293 2432 5373 τέλους
2465 5311 2572 5364 τῶν
2595 5312 2841 5377 ἐντολῶν,
2871 5325 2974 5368 etc.
3051 5293 3064 5302 '
3185 5293 3196 5314 ⁸
3332 5293 3357 5316 γ
3454 5297 3464 5320 ⁸
3495 5306 3505 5321 ’

589 5377 890 5451 θανατῶσαι
931 5380 1106 5451 αὐτόν.
1145 5379 1312 5451 Τοῦτο
1348 5375 1455 5451 οὖν,
1477 5378 1621 5451 λέγει
1660 5380 1738 5451 είς
1786 5380 1985 5451 ἀρετήν
2021 5396 2144 5451 τινα
2315 5380 2390 5448 (‘2)
2429 5382 2515 5432 Ἐν
2535 5386 2622 5451 τῇ.

587 5448 954 5521 ΚΑυρίου,γῆξις
978 5450 1093 5502 ἐστὶ
1129 5449 1513 5521 στηλογραφία,
1668 5448 2143 5521 διαφθείρῃς-ἓως
2321 5451 2394 5521 (ὅ)
2424 5448 2625 5504 Μέλεσί
2657 5470 2778 5521 μου.

587 5491 665 5500 ---
714 5491 811 5511 ---,
845 5491 852 5499 .
885 5491 952 5510 ..,
978 5491 1093 5502 --η
1130 5491 1286 5501 -.....
1363 5491 1394 5500 ..
1443 5491 1513 5505 ._.
1613 5491 1622 5499 .
1687 5491 1764 5501 -...
1814 5491 1887 5500 η.
1937 5491 1990 5517 ε,
2042 5491 2140 5510 -w,
2343 5491 2373 5502 ν
2424 5491 2624 5504 ..-....-...
2697 5491 2778 5506 ν..

586 5491 784 5604 τέλδυξ.
822 5491 971 5571 Ειίτα·
1017 5491 1224 5598 λοι-εὐτεΔ
1245 5491 1520 5604 ciui-3123).:
1557 5491 1746 5604 ἕαοὺλ,
1773 5491 1880 5570 Υκαὶ
1898 5491 2140 5604 ιέξορλαξε
2249 5591 2268 5604 Γ
2442 5491 2738 5592 Enim-3rd.
2771 5561 2817 5576 ..
2841 5562 2853 5576 .
2884 5527 3073 5590 εἰςτὰς
3100 5528 3316 5591 ἐντολάς
3343 5547 3455 5592 σου.
3489 5532 3580 5582 καὶ
3612 5531 3820 5604 κατηύ-

585 5586 674 5637 τὸν
703 5583 846 5640 οἷκον
886 5590 1071 5652 αὑτοῦ,
1116 5590 1207 5640 τοῦ
1259 5589 1565 5642 Θανατῶσαι
1611 5589 1788 5654 αὑτὸν,
1843 5583 2137 5654 τουτέστιν,
2248 5583 2402 5657 θηνα.

655 5745 728 5808 (ιι)
768 5742 835 5796 Ν.
883 5745 944 5797 12
983 5745 1136 5801 deest.
