4036 6464
215 409 317 466 881
1103 409 1191 463 ΒΕ
1235 410 1513 466 TITULIS
1553 412 1998 469 I’SALMOIIUM.
2039 445 2108 454 -——
2141 415 2334 470 PSAL.
2377 416 2558 472 LVIII.
3373 424 3476 478 882

776 523 1094 593 Διάψαλμα
1127 531 1223 594 (a).
1817 540 1865 591 Α

1817 540 1865 591 Α
2505 531 2834 603 Diapsalma.

287 614 376 668 15.
421 613 866 684 Ἐπιστρέψουσιν
894 616 972 677 είς
1020 617 1296 685 ἑσπέραν,
1352 614 1673 686 λιμὼξουσιν
1721 616 1796 680 ὡς

1978 625 2060 677 15.
2094 625 2496 680 Convertentur
2531 627 2596 681 ad
2621 643 2933 696 vesperam.
2969 629 3166 684 famem
3201 642 3472 694 patientur

213 702 366 755 κύων
387 745 401 770 ,
432 705 526 756 καὶ
557 704 892 758 κυκλώσουσι
929 706 1101 760 πόλιν.

1905 726 1956 768 ιιι
1983 717 2157 780 canis,
2184 727 2236 771 et
2266 719 2577 775 circuibunt
2610 721 2904 777 civitatem.

292 794 376 847 14.
412 795 540 849 Ἰδοὺ
562 797 716 848 αὐτοὶ
732 797 1161 866 άποςρθέγξονται
1176 800 1231 850 ἐν
1243 796 1319 868 τῷ
1337 797 1564 869 στόματι
1581 797 1760 852 αὐτῶν

1461 797 1760 852 tactatasz
1971 807 2056 860 11.
2090 807 2226 864 Ecce
2257 810 2357 878 ipsi
2393 812 2684 880 loquentur
2712 813 2881 866 inore
2916 829 3055 867 suo:

287 888 378 941 I5.
415 887 488 959 (b)
522 889 631 941 Kal.
664 888 907 959 ῥομφαία
940 889 996 941 ὲν
1018 891 1129 952 τοῖς
1161 890 1392 958 χείλεσιν
1416 891 1593 943 αὐτῶν
1617 907 1628 919 ’

1336 907 1392 942 ἰν
1416 891 1628 943 αὐτῶν
1966 904 2055 957 15.
2091 902 2156 957 Ει
2186 903 2399 973 gladius
2427 902 2480 956 in
2512 903 2674 959 labiis
2697 919 2882 957 eorum
2917 921 2930 958 :

287 979 372 1033 I6.
409 981 528 1033 Ὅτι
562 980 644 1042 τίς
667 981 896 1051 ἦκουσε;
934 981 1044 1032 Καὶ
1070 982 1163 1049 σὺ,
1221 981 1393 1054 Κύριε
1421 1022 1436 1048 ,
1478 983 1791 1052 ἐκγελάσεις

1965 995 2052 1049 16.
2089 995 2356 1060 Quoniam
2390 997 2515 1064 quis
2548 995 2794 1050 audivit?
2825 994 2890 1048 Et
2916 1004 3003 1058 tu,
3032 995 3288 1060 Domine,
3321 996 3466 1050 deri—

210 1072 414 1134 αῦτούς
438 1090 452 1103 ⁶

1890 1088 2042 1142 debis
2073 1103 2167 1142 eos
2202 1105 2214 1140 :

285 1164 370 1216 I7.
417 1163 820 1229 Ἐξουδενωσεις
849 1165 1027 1218 πάντα
1059 1165 1126 1218 τὰ
1157 1167 1302 1238 ἕΟνη.

1961 1179 2048 1233 17.
2085 1179 2164 1232 Ad
2191 1179 2422 1233 nihilum
2454 1179 2690 1234 deduccs
2717 1195 2909 1234 omnes
2932 1188 3135 1250 gentes.

280 1253 368 1306 18.
400 1255 471 1307 Τὸ
497 1256 696 1326 κράτος
737 1274 837 1325 μου
876 1257 1010 1328 πρὸς
1045 1259 1101 1309 σὲ
1125 1259 1362 1325 φυλάξω-

1965 1271 2050 1324 18.
2089 1270 2485 1324 Fortitudinem
2517 1287 2691 1324 meam
2726 1271 2792 1324 ad
2829 1280 2878 1324 te
2906 1271 3208 1326 custodiam
3238 1289 3249 1323 :

282 1343 369 1398 I9.
411 1345 529 1397 Ὅτι
557 1347 640 1412 σὺ,
679 1349 706 1398 ὁ
735 1346 886 1410 Θεὸς,
923 1348 1272 1420 ἀντιλήπτωρ
1300 1368 1403 1420 μου
1433 1346 1504 1405 εἷ.

1956 1365 2038 1418 19.
2075 1364 2211 1430 Quia
2239 1374 2316 1426 tu,
2343 1363 2504 1428 Dens,
2539 1373 2823 1432 susceptor
2850 1381 3002 1419 meus
3031 1379 3109 1418 es.

279 1435 369 1490 20.
415 1437 472 1488 '0
495 1436 625 1501 Θεός
655 1456 775 1508 μου,
805 1440 864 1490 τὸ
887 1439 1032 1502 ἕλεος
1055 1441 1216 1495 αὑτοῦ
1247 1443 1545 1513 προφθάσει
1574 1462 1640 1515 με
1664 1461 1676 1474 ·

1953 1454 2043 1507 20.
2077 1453 2223 1509 Deus
2254 1471 2430 1520 meus,
2473 1454 2848 1510 misericordia
2873 1465 2966 1509 tua
3011 1456 3303 1526 prmveniet
3332 1472 3415 1509 me
3447 1475 3457 1510 :

276 1527 366 1580 2I.
415 1526 471 1580 ὐ
502 1527 634 1591 Θεός
668 1546 769 1599 μου
800 1530 960 1596 δείξει
992 1549 1081 1602 μοι
1111 1535 1167 1587 ὲν
1207 1538 1316 1597 τοῖς
1339 1537 1548 1608 ἐχθροῖς
1583 1556 1706 1608 μου.

1948 1551 2038 1603 21.
2074 1549 2218 1604 Deus
2242 1566 2393 1604 meus
2411 1551 2805 1605 ostendetmihi
2839 1551 3268 1619 superinimicos
3289 1566 3455 1604 meos.

275 1616 367 1671 22.
399 1619 490 1690 Μὴ
530 1621 858 1694 ἀποκτείνῃς
890 1624 1116 1691 αὐτοὺς,
1167 1629 1373 1698 μήποτε
1417 1629 1778 1684 ἐπιλάθωνται

1946 1641 2035 1694 22.
2074 1640 2150 1696 Ne
2179 1644 2398 1697 occidas
2420 1658 2536 1704 eos,
2566 1658 2633 1696 ne
2658 1642 2877 1712 quando
2900 1642 3297 1699 obliviscantur
3327 1643 3458 1712 legis

199 1705 300 1760 τοῦ
321 1707 485 1778 νόμου
513 1726 626 1762 σου.
1880 1743 2004 1788 tum.

272 1799 361 1853 23.
396 1803 790 1874 Διασκόρπισον
818 1807 1013 1869 αὐτοὺς
1045 1807 1102 1860 ὲν
1137 1813 1201 1880 τῇ
1228 1811 1453 1883 δυνάμει
1490 1832 1582 1868 σου
1602 1831 1616 1846 ο

1376 1831 1453 1866 te:
1490 1831 1616 1868 σουο
1952 1819 2042 1870 25.
2076 1815 2333 1887 Disperge
2366 1816 2485 1870 illos
2518 1818 2570 1869 in
2601 1818 2798 1870 virtute
2833 1828 2922 1871 tua
2960 1837 2970 1870 :

272 1891 362 1944 24.
398 1893 506 1946 Kal
561 1898 839 1965 κατάγαγε
881 1899 1095 1966 αὐτοὺς,
1143 1904 1169 1955 ὁ
1225 1905 1633 1979 ὑπερασπιστὴς
1672 1926 1772 1978 μου
1805 1888 1850 1942 Β

1717 1926 1772 1961 ου
1805 1888 1850 1942 Β
1949 1909 2036 1963 24.
2077 1909 2142 1964 Ει
2177 1910 2386 1979 depone
2414 1925 2538 1971 eos,
2572 1918 2850 1978 protector
2875 1926 3030 1966 mens
3064 1909 3311 1966 Domine.

199 1983 400 2056 Κύριε.

270 2079 363 2134 25.
405 2081 673 2154 Ἀμαρτία
714 2085 977 2156 στόματος
1025 2088 1200 2141 αὐτῶν
1229 2089 1384 2159 λόγος
1418 2093 1637 2162 χειλέων
1676 2097 1773 2148 αὑ-

1946 2089 2036 2144 25.
2075 2089 2342 2146 Delictum
2374 2093 2488 2148 oris
2518 2107 2709 2147 eorum
2733 2131 2747 2155 ,
2783 2106 2966 2146 sermo
3007 2090 3270 2145 labiorum
3307 2091 3453 2162 ipsc-

198 2188 309 2225 των
328 2187 342 2200 ⁹

1873 2199 1992 2238 rum
2029 2202 2041 2238 2

263 2261 353 2316 26.
392 2265 500 2318 Καὶ
521 2266 978 2338 συλληφθήτωσαν
1010 2270 1066 2321 ὲν
1096 2273 1161 2342 τῇ
1187 2272 1534 2344 ὑπερηφανίᾳ
1562 2277 1758 2330 αὐτῶν.

1645 2277 1758 2330 τῶν.
1943 2276 2032 2330 26.
2067 2276 2132 2332 Ει
2159 2277 2693 2347 comprehendantur
2720 2276 2774 2329 in
2808 2276 3061 2344 superbia
3101 2291 3239 2329 sua:

267 2354 359 2408 27.
384 2357 493 2409 Kal
519 2357 576 2423 ἐξ
604 2359 742 2428 ἀρᾶς
788 2359 880 2412 καὶ
923 2360 1151 2430 ψεύδους
1203 2363 1648 2436 διαγγελήσονται
1711 2373 1767 2422 ἐν

1939 2369 2028 2422 27.
2065 2368 2132 2424 Ει
2170 2371 2236 2424 de
2273 2371 2683 2431 exsecratione.
2729 2380 2784 2424 et
2824 2368 3110 2424 mendacio
3154 2367 3447 2422 annuntia-

199 2444 504 2516 συντελείᾳ,

1868 2462 2073 2516 buntur
2105 2463 2158 2516 in
2187 2463 2666 2518 consummatione
2685 2504 2699 2528 ,

267 2533 356 2588 28.
399 2536 486 2589 Ἐν
510 2537 644 2609 ὀργῇ
696 2541 1021 2608 συντελείας,
1051 2545 1142 2597 καὶ
1170 2546 1231 2596 οὐ
1263 2546 1336 2617 μὴ
1358 2547 1658 2619 ὑπάρξωσι.

1614 2569 1658 2605 ἰ.
1938 2551 2027 2606 28.
2061 2551 2120 2605 In
2155 2552 2235 2607 ira
2271 2553 2782 2619 c0nsummationis,
2814 2560 2869 2606 et
2891 2568 2997 2608 non
3029 2561 3208 2607 erunt.

265 2624 353 2680 29.
391 2628 501 2680 Kal.
535 2628 851 2696 γνώσονται,
875 2632 954 2683 ὅτι
977 2634 1004 2683 ὁ
1047 2633 1178 2696 Θεὸς
1215 2634 1463 2702 δεσπόζει
1504 2639 1598 2692 τοῦ
1664 2642 1768 2695 Ἰα-

1940 2643 2034 2698 29.
2071 2643 2139 2698 Ει
2173 2646 2368 2712 scient,
2401 2647 2529 2715 quia
2560 2644 2700 2700 Deus
2729 2644 3042 2700 dominatur
3075 2643 3264 2708 Jacob,
3297 2653 3350 2698 et
3381 2643 3444 2697 Ii-

192 2715 331 2780 κὼὸ,
361 2718 454 2770 καὶ
491 2718 598 2771 τῶν
623 2721 872 2790 περάτων
905 2723 1002 2793 τῆς
1027 2725 1147 2796 γῆς.

637 2721 872 2790 περάτων
905 2723 1002 2793 τῆς
1027 2725 1147 2796 γῆς.
1869 2737 2022 2790 nium
2057 2747 2231 2791 terra.

269 2809 344 2877 (τι)
370 2809 501 2866 Cod.
545 2810 718 2866 Palat.

267 2879 341 2949 (ὁ)
374 2879 527 2938 Vers.
562 2882 648 2936 15.
677 2885 787 2936 Kal
807 2888 1068 2956 ῥομφαία,
1093 2899 1222 2955 etc.,
1248 2893 1469 2962 ἢκουσε.
1501 2894 1655 2951 Vers.
1678 2897 1763 2964 I6,
1799 2899 1861 2951 Kc

841 2888 1068 2956 ομφαία,
1093 2899 1222 2955 etc.,
1248 2893 1469 2962 ἤκουσε.
1501 2894 1655 2951 Vers.
1678 2897 1763 2964 I6,
1799 2897 1909 2951 Καὶ
1940 2898 2028 2960 σὺ,
2057 2909 2184 2962 etc.,
2217 2894 2435 2958 αὐτούς.

1332 3030 1704 3090 ATHANASII
1744 3034 2323 3091 INTERPIIETATIO.

263 3129 350 3223 15.
389 3132 677 3202 Ἔρχονται
708 3137 765 3187 ἐν
822 3137 1001 3190 σκότει
1054 3141 1378 3208 κυκλοῦντες
1419 3148 1516 3220 τὴν
1560 3150 1758 3223 ψυχὴν,
1788 3157 1831 3218 C

1941 3153 2027 3205 I3.
2057 3150 2298 3204 Veniunt
2345 3150 2398 3203 in
2445 3149 2684 3205 tenebris
2724 3149 3130 3204 circumdantes
3175 3148 3437 3213 animam,

190 3221 284 3275 καὶ
317 3225 621 3277 κατεσθίειν
652 3227 900 3297 ζητοῦσιν
924 3230 998 3292 ὡς
1027 3232 1204 3295 κύνες.
1640 3221 1667 3222 Π
1695 3221 1704 3223 7

1192 3275 1204 3289 -
1864 3253 1916 3297 ct
1940 3244 2202 3297 devorare
2232 3251 2484 3313 quaerunt
2515 3252 2574 3296 ut
2602 3257 2785 3296 canes.

259 3314 346 3368 14.
367 3315 494 3368 Ἰδοὺ
519 3318 671 3371 αὐτοὶ
696 3314 839 3374 οὗτοι
859 3325 1246 3400 πειοανότητάς
1262 3348 1412 3395 τινας
1429 3332 1647 3388 λαλοῦσι
1663 3337 1756 3406 (1).

1942 3337 2025 3391 14.
2068 3336 2204 3392 Ecce
2238 3337 2293 3390 III
2339 3338 2442 3407 ipsi
2488 3337 2795 3408 plausibilia
2834 3336 3080 3407 quaedam
3113 3336 3428 3406 loquuntur.

260 3405 347 3460 I5.
380 3408 485 3460 Καὶ
507 3409 820 3483 ἀναιροῦσιν
845 3416 901 3467 ὲν
924 3419 1036 3481 τοῖς
1051 3418 1228 3486 λόγοις
1251 3424 1428 3476 αὐτῶν
1447 3427 1571 3489 τοὺς
1598 3405 1760 3480 ἀκοῦ-

1935 3431 2020 3486 15.
2054 3431 2118 3486 Ει
2141 3427 2396 3487 oecidunt
2419 3431 2470 3484 in
2499 3431 2842 3486 sermonibus
2866 3431 2981 3486 suis
3004 3431 3288 3486 audientes
3311 3447 3429 3487 eos.

184 3513 346 3562 οντας
371 3501 565 3554 αὐτῶν.

261 3590 348 3648 16.
379 3592 488 3646 Καὶ
523 3595 610 3657 σὺ,
639 3594 1139 3666 Κύριε,ἀπελάσεις
1170 3604 1386 3670 αὐτούς.

1306 3605 1386 3670 ῦς.
1933 3606 2017 3660 16.
2050 3605 2115 3659 Ει
2141 3615 2218 3673 ιιι,
2249 3606 2499 3671 Domine,
2535 3607 2755 3677 dejicies
2788 3623 2900 3662 eos.

259 3682 467 3762 17..Τὰ
501 3684 627 3756 ἔθνη
663 3687 802 3741 αὐτὰ
835 3690 1029 3745 ταῦτα.

1931 3698 2014 3752 17.
2054 3698 2253 3753 Gentes
2290 3698 2627 3770 Iiujusmodi.

257 3773 345 3828 18.
382 3776 492 3847 Τὴν
517 3777 767 3849 βοήθειάν
811 3798 911 3850 μου
937 3784 1087 3852 παρὰ
1118 3783 1209 3837 σοῦ
1240 3789 1470 3859 αίτήσω.

1410 3806 1470 3844 ω.
1932 3788 2018 3842 18.
2055 3789 2334 3844 Auxilium
2360 3805 2539 3845 meum
2569 3801 2672 3846 ate
2700 3791 3004 3861 postulabo.

254 3867 342 3922 I9.
383 3870 503 3922 Ὅτι
543 3875 606 3925 σὺ
641 3875 905 3945 ὑπάρχεις
934 3876 1066 3939 Θεός
1089 3895 1210 3947 μου.

1929 3880 2016 3936 19.
2052 3879 2319 3946 Quoniam
2351 3891 2405 3936 tu
2437 3897 2494 3937 es
2518 3880 2658 3936 Deus
2689 3898 2861 3936 meus.

249 3960 340 4015 20.
392 3962 447 4013 Ὀ
468 3961 660 4032 ἔφορός
678 3982 778 4034 μου
810 3966 909 4034 (2),
929 3967 989 4019 τὸ
1007 3968 1152 4032 ἕλεος
1176 3971 1338 4025 αὑτοῦ
1372 3974 1634 4029 σκεπάσει
1664 3994 1750 4036 με.

1924 3970 2014 4025 20.
2036 3970 2357 4042 Prospector
2374 3987 2548 4034 meus,
2563 3971 2930 4026 misericordia
2949 3981 3038 4026 tua
3057 3981 3298 4042 proteget
3321 3989 3425 4029 me.

254 4053 346 4106 21.
383 4055 505 4117 Τοῖς
538 4056 754 4127 δαίμοσι
793 4058 892 4128 (5).

817 4058 892 4127 5).
1919 4062 2007 4116 21.
2046 4063 2411 4117 Dmmonibus.

249 4146 340 4199 22.
374 4147 462 4219 Μὴ
487 4151 765 4216 παντελῶς
785 4156 1018 4227 ποιήσῃς
1042 4157 1235 4220 αὐτοὺς
1262 4158 1335 4229 μὴ
1361 4153 1520 4224 εἶναι,
1547 4161 1752 4232 μήποτε

1923 4154 2011 4207 22.
2045 4152 2122 4209 Ne
2149 4154 2317 4209 facias
2344 4170 2438 4210 eos
2462 4170 2689 4225 prorsus
2706 4171 2813 4210 non
2831 4157 3116 4222 exsistere,
3141 4156 3427 4226 nequando

181 4238 260 4296 ὡς
288 4239 365 4310 μὴ
405 4240 740 4312 ὑπάρχοντες
770 4245 866 4297 οὐκ
899 4246 977 4298 ἔτι
1006 4247 1433 4318 μνημονεύσουσι
1465 4251 1571 4304 τῶν
1597 4253 1752 4306 κολά-

1857 4257 2043 4318 utpote
2099 4263 2206 4301 non
2241 4249 2567 4304 exsistentes
2623 4263 2731 4302 non
2785 4248 3141 4303 recordentur
3197 4248 3427 4320 amplius

181 4346 342 4393 σεων,
375 4324 450 4383 ὧν
474 4332 695 4399 ἐπάγεις
720 4335 921 4398 αὐτοῖς.

1854 4341 2248 4412 suppliciorum
2280 4358 2401 4412 quae
2427 4341 2560 4410 ipsis
2583 4339 2771 4397 infers.

249 4424 339 4478 23.
385 4424 543 4477 Ἀλλὰ
569 4424 954 4498 διασκόρπισον
984 4430 1274 4495 αὖτοὺςεξς
1301 4433 1359 4485 τὸ
1389 4433 1500 4505 πῦρ
1531 4435 1592 4488 τὸ
1622 4436 1749 4489 alti)—

1622 4436 1749 4489 αιώ-
1924 4435 2012 4488 25.
2045 4433 2151 4490 Sed
2183 4435 2434 4504 disperge
2473 4433 2596 4488 illos
2628 4434 2682 4488 in
2720 4435 2896 4505 ignem
2929 4443 3211 4490 aaternum.

177 4532 309 4570 νιον.
1777 4514 1824 4570 D

246 4607 336 4661 24.
373 4609 482 4661 Kal.
514 4611 592 4672 είς
616 4611 861 4682 τάρταρα
892 4613 993 4682 τῆς
1026 4614 1126 4684 γῆς
1163 4616 1440 4687 κατάγαγε
1470 4621 1684 4684 αὐτούς.

1378 4635 1440 4687 γε
1470 4621 1684 4684 αὐτούς,
1916 4613 2008 4666 21.
2044 4612 2110 4667 Ει
2137 4614 2189 4667 in
2226 4623 2426 4670 tartara
2470 4625 2628 4671 terrae
2655 4615 2830 4671 deduc
2858 4632 2971 4673 eos.

239 4701 331 4754 25.
365 4701 462 4754 Διὰ
499 4702 597 4765 τὰς
626 4704 899 4774 ἁμαρτίας
943 4704 1035 4758 τοῦ
1096 4709 1363 4777 στόματος
1412 4712 1587 4766 αὐτῶν
1609 4754 1626 4770 .
1657 4714 1750 4766 καὶ

1918 4707 2006 4760 25.
2038 4705 2270 4776 Propter
2309 4718 2529 4778 peccata
2569 4710 2682 4764 oris
2738 4711 3007 4780 ipsorum,
3047 4721 3102 4768 et
3141 4727 3421 4770 sermones

171 4793 299 4856 τοὺς
326 4793 516 4860 λόγους
553 4793 626 4864 (4)
656 4793 748 4858 οὓς
781 4796 1045 4867 ἐλάλησαν
1081 4801 1219 4852 κατὰ
1249 4802 1363 4854 σοῦ.

1144 4801 1219 4852 ιτὰ
1249 4802 1363 4854 σοῦ.
1848 4814 1985 4861 quos
2011 4798 2175 4853 locuti
2213 4809 2342 4854 sunt
2374 4803 2639 4857 adversus
2669 4811 2738 4856 te.

243 4884 333 4938 26.
376 4886 485 4937 Kal.
512 4886 974 4941 καταδικασθῶσιν
999 4892 1054 4943 ὲν
1074 4894 1138 4962 τῇ
1176 4893 1671 4965 ἀνταρσίεῢαὺτῶν.

1522 4897 1671 4949 bram.
1915 4891 2003 4945 26.
2041 4892 2104 4947 Et
2126 4894 2558 4948 condemnentur
2589 4895 2644 4948 in
2674 4896 2967 4952 rebellione
2995 4912 3116 4953 sua.

243 4975 334 5028 27.
364 4976 472 5028 Kal.
497 4976 599 5045 τῆς
624 4978 866 5048 ἐκκοπῆς
897 4980 994 5049 (5),
1018 4983 1112 5035 καὶ
1140 4983 1233 5036 τοῦ
1249 4983 1498 5053 ψεύδους,
1530 4982 1589 5041 οὗ
1623 4989 1745 5041 ἐλά-

1913 4984 2004 5038 27.
2036 4985 2103 5040 Et
2149 4985 2217 5039 de
2262 4985 2612 5042 effrenatione
2657 4989 2807 5052 oris,
2863 4999 2915 5042 et
2959 4989 3239 5045 mendacio
3276 4991 3420 5060 quod

173 5069 363 5141 λησαν,
399 5070 494 5122 καὶ
515 5069 757 5134 ἐδίδαξαν
791 5073 849 5124 ὲν
885 5073 961 5144 τῷ
981 5075 1184 5146 κόσμῳ.

1847 5078 2014 5134 locuti
2044 5089 2189 5144 sunt,
2218 5087 2273 5132 et
2300 5078 2608 5134 docuerunt
2634 5081 2686 5133 in
2714 5081 2932 5135 mundo.

237 5162 325 5216 28.
348 5163 458 5215 Kal
475 5165 532 5215 ὲν
548 5164 610 5233 τῇ
629 5165 762 5234 ὀργῇ
787 5164 882 5234 τῆς
902 5168 1210 5232 συντελείας
1225 5169 1286 5222 οὐ
1312 5171 1385 5242 μὴ
1410 5172 1741 5243 ὑπάρξωσιν.

1727 5215 1741 5229 ,
1916 5170 2006 5223 28.
2040 5169 2107 5224 Ει
2134 5171 2185 5223 in
2222 5171 2302 5225 ira
2333 5172 2826 5228 consummationis
2856 5189 2964 5227 non
3004 5173 3321 5229 subsistent.

238 5255 327 5310 29.
373 5255 480 5308 Καὶ
505 5255 626 5308 τότε
656 5255 975 5324 γνώσονται,
1016 5259 1096 5312 ὅτι
1131 5260 1209 5331 τῷ
1246 5262 1364 5333 Θεῷ
1407 5264 1743 5318 δουλεύσουσι

1915 5263 2004 5317 29.
2043 5263 2108 5316 Ει
2136 5271 2264 5318 tunc
2294 5275 2658 5336 cegnoscent,
2708 5265 2854 5336 quod
2893 5265 3002 5320 Deo
3037 5266 3275 5321 servient
3304 5282 3421 5321 om—

173 5349 345 5403 πέἰσαι
369 5347 532 5417 φυλαὶ
557 5347 799 5416 γλῶσσαι
835 5350 931 5420 (6).

868 5351 931 5418 3).
1846 5373 1943 5410 nes
1969 5357 2144 5412 tribus
2165 5368 2216 5412 et
2247 5360 2462 5428 linguae.

1128 5467 1429 5530 Addenda
1464 5478 1521 5531 et
1553 5471 1929 5554 corrigenda
1954 5490 2033 5534 ex
2089 5475 2226 5535 cod.
2262 5474 2463 5535 Vatic.

239 5582 314 5668 (ἐξ
347 5583 672 5668 ᾼειλήεουσε·
767 5656 797 5668 ..
1069 5657 1104 5668 -
1192 5661 1202 5668 .
1592 5667 1597 5668 ,

1069 5657 1104 5668 ,
1192 5661 1202 5668 ,
1592 5667 1597 5668 ί
1921 5597 1996 5668 (4)
2028 5599 2232 5665 Λόγους
2264 5599 2459 5659 αὐτῶν,
2490 5609 2592 5653 etc.

241 5652 316 5721 (2)
341 5652 536 5707 Αὐτοῦ.
562 5657 653 5708 sed
677 5656 861 5712 melius
894 5674 1015 5727 μου.
1059 5657 1233 5719 Paulo
1268 5677 1380 5733 post
1431 5667 1734 5739 προφθάσει

1101 5661 1233 5719 ἀιιίο
1268 5677 1380 5733 post
1431 5667 1734 5739 προφθάσει
2036 5652 2306 5738 Ἐιξκοπῆς
2329 5670 2421 5723 τοῦ
2451 5652 2695 5738 ψεύδους.

243 5761 310 5812 τῃ
356 5796 371 5812 Δ
429 5794 440 5812 Ι
528 5811 564 5812 ᾖ
1913 5739 1988 5810 (6)
2022 5740 2140 5794 ’Ότι
2185 5740 2356 5811 Ἰησοῦ
2410 5741 2484 5810 τῷ
2531 5742 2648 5812 Θεῷ
2673 5782 2686 5797 .
2717 5784 2727 5797 .
2761 5781 2809 5796 ..
2846 5745 2901 5795 αἱ
2935 5741 3094 5811 φυλαὶ
3120 5743 3210 5794 καὶ
3241 5740 3415 5811 γλῶσ-

241 5793 312 5864 (5)
343 5794 570 5866 Δαίμοσι
598 5794 760 5863 λέγει.
1851 5793 1954 5864 σαὶ,
