4036 6488
200 458 308 514 885
1100 455 1189 509 DE
1232 452 1506 509 TITULIS
1538 453 1983 511 PSALMORUM.
2020 484 2088 495 —-
2127 452 2320 507 PSAL.
2363 452 2497 507 LIX.
3340 449 3440 501 886

267 573 322 626 2.
361 569 669 641 Ὠργίσοης,
702 570 792 621 καὶ
826 567 1165 639 ᾠκτείρησας
1195 568 1360 636 ἡμᾶς.
1809 581 1855 627 Α

1809 581 1855 627 Α
1952 568 2004 622 2.
2034 566 2206 621 lratus
2232 582 2312 632 es,
2342 578 2395 621 et
2430 567 2685 621 misertus
2710 581 2769 620 es
2804 565 2981 619 nobis.

263 664 319 715 5.
351 660 672 723 Συνέσεισας
699 659 797 728 τὴν
838 658 959 728 γῆν,
990 658 1082 709 καὶ
1112 656 1473 727 συνετάραξας
1515 658 1706 727 αὑτήνο

1952 662 2006 713 5.
2043 657 2400 715 Commovisti
2431 669 2651 723 terram,
2688 668 2741 711 et
2770 655 3109 711 conturbasti
3140 669 3258 707 eam
3288 692 3301 706 .

268 753 324 806 4.
358 752 539 804 Ἰασαι
563 750 629 804 τὰ
655 748 1034 819 συντρίμματα
1070 748 1260 817 αὐτῆς,
1286 749 1368 801 ὅτι
1399 748 1681 818 ἐσαλεύθη.

1951 751 2004 804 4.
2038 751 2179 805 Sana
2208 752 2560 806 contritiones
2598 751 2739 820 ejus,
2771 749 2897 820 quia
2932 756 3202 803 commota
3236 753 3336 799 est.

269 846 325 899 5.
359 844 604 909 Ἐδειξας
619 841 696 912 τῷ
727 841 839 910 λαῷ
876 858 968 893 σου
992 839 1222 911 σκληρά.

1951 845 2004 897 5.
2040 843 2336 899 Ostendisti
2368 843 2566 913 p0pulo
2596 852 2691 897 tuo
2724 844 2895 899 dura:

268 936 323 990 6.
364 936 650 997 Ἐπότισας
676 934 821 1003 ἡμᾶς
854 927 996 985 οἶνον
1016 930 1382 994 κατανύξεως.

1957 933 2009 990 6.
2038 934 2244 991 Potasti
2278 950 2380 990 nos
2411 936 2541 989 vino
2567 937 3022 1005 compunctionis.

276 1028 328 1083 7.
363 1026 609 1089 Ἔδωκας
633 1027 745 1087 τοῖς
780 1024 1131 1093 φοϐουμένοις
1161 1039 1218 1075 σε
1252 1022 1570 1093 σημείωσιν,
1590 1024 1664 1096 (α)
1682 1026 1775 1077 τοῦ

1953 1027 2006 1083 7.
2038 1026 2239 1083 Dedisti
2274 1028 2641 1082 metuentibus
2675 1037 2725 1081 te
2758 1028 3206 1096 signiﬁcationem
3229 1071 3243 1096 ,
3272 1041 3327 1085 ut
3361 1030 3444 1085 fu-

198 1123 394 1190 φυγεῖν
431 1120 537 1173 άπὸ
565 1116 856 1189 προσώπου
881 1115 1054 1181 τόξου.

881 1115 1054 1181 τόξου.
1881 1118 2029 1189 giant
2061 1134 2091 1172 a
2122 1117 2255 1173 facie
2277 1133 2454 1174 arcus.

271 1213 327 1267 8.
362 1213 549 1275 Ὅπως
568 1209 632 1263 ἂν
661 1208 927 1280 ρυσθῶσιν
956 1208 1003 1260 οἱ
1031 1208 1300 1278 ἀγαπητοί
1322 1224 1436 1262 σου.

1198 1208 1300 1278 γτοί
1322 1224 1436 1262 σου.
1951 1208 2004 1263 8.
2046 1207 2113 1264 Ut
2134 1210 2431 1265 liberentur
2456 1210 2639 1267 dilecti
2675 1214 2749 1265 tui
2780 1231 2792 1267 :

270 1304 326 1358 9.
351 1304 531 1356 Σῶσον
559 1305 623 1373 τῇ
655 1301 804 1371 δεξιᾴ
833 1316 950 1361 σου,
991 1301 1085 1352 καὶ
1110 1299 1412 1353 ἐπάκουσόν
1443 1318 1565 1371 μου.

1952 1302 2006 1356 9.
2040 1301 2259 1356 Salvum
2289 1302 2375 1358 fac
2404 1304 2623 1359 dextera
2660 1316 2770 1373 tua,
2802 1316 2856 1363 et
2882 1310 3076 1364 exaudi
3109 1325 3216 1365 me.

272 1395 360 1449 10.
406 1396 461 1448 ’0
487 1393 616 1457 Θεὸς
642 1392 897 1463 ἐλάλησεν
919 1394 975 1445 ἐν
1005 1390 1083 1461 τῷ
1115 1391 1253 1461 ἁγίῳ
1282 1392 1468 1444 αὐτοῦ’

1436 1393 1468 1443 5ο
1956 1394 2041 1448 10.
2068 1393 2209 1449 Deus
2233 1396 2447 1451 locutus
2471 1406 2555 1451 est
2589 1398 2641 1450 in
2671 1409 2859 1453 sancto
2889 1415 2991 1453 suo
3016 1418 3030 1453 :

275 1486 363 1540 11.
401 1485 838 1555 Ἀγαλλιάσομαι,
869 1486 962 1538 καὶ
993 1484 1257 1555 διαμεριῶ
1281 1485 1498 1555 Σίκιμα·

1462 1501 1498 1535 ι·
1952 1485 2036 1537 11.
2069 1483 2339 1553 Lmtabor,
2362 1494 2415 1541 et
2445 1488 2688 1557 partibor
2717 1488 3014 1545 Sicliimam
3044 1511 3056 1545 :

275 1581 364 1634 12.
403 1580 512 1632 Καὶ
538 1577 636 1649 τὴν
668 1577 888 1630 κοιλάδα
920 1577 1027 1630 τῶν
1058 1575 1275 1647 σκηνῶν
1306 1576 1671 1645 διαμετρήσω.

1956 1577 2042 1632 12.
2077 1576 2143 1631 Et
2175 1579 2475 1635 convallem
2507 1582 2982 1637 tabernaculorum
3014 1585 3266 1638 metibor.

277 1673 365 1727 15.
400 1670 559 1741 Ἐμός
587 1671 701 1723 ἐστι
731 1668 962 1731 Γαλαὰδ,
998 1669 1093 1722 καὶ
1122 1670 1251 1740 ἐμός
1277 1670 1391 1721 ἐστι
1428 1666 1743 1736 Μανασσῆς*

1706 1680 1743 1730 ;°
1961 1669 2047 1723 15.
2076 1668 2228 1726 Meus
2252 1680 2331 1727 est
2364 1670 2587 1739 Galaad,
2616 1683 2667 1727 et
2700 1689 2855 1730 meus
2886 1684 2966 1729 est
2994 1673 3300 1730 Manasses:

277 1850 358 1922 (a)
386 1848 548 1905 Vers.
575 1848 631 1913 8,
664 1846 839 1901 Τοῦ...
868 1849 932 1900 Υ.
968 1845 1021 1911 9,
1055 1845 1263 1907 Ὅπως.

1326 2020 1705 2077 ATHANASII
1756 2020 2334 2077 INTERPRETATIO.

207 2245 317 2297 γει,
344 2228 426 2282 ὅτι
455 2229 547 2282 ἐπὶ
576 2228 719 2283 τέλει
759 2228 808 2280 οἱ
852 2225 1243 2297 ἀλλοιούμενοι,
1276 2225 1559 2279 τουτέστιν
1598 2224 1646 2277 οἱ
1686 2224 2142 2295 μεταϐαλλόμενοι
2168 2223 2278 2279 ἀπὸ
2311 2222 2403 2275 τοῦ
2443 2221 2613 2276 κακοῦ
2671 2224 2750 2286 εἰς
2779 2221 2839 2275 τὸ
2872 2222 3094 2290 ἀγαθὸν,
3144 2224 3221 2287 εἰς
3261 2222 3448 2298 στηλο-

206 2321 447 2391 γραφίαν
472 2320 740 2392 ἔρχονται,
763 2320 906 2388 λέγω
932 2320 996 2390 δὴ
1018 2321 1097 2382 εἰς
1124 2318 1220 2388 τὴν
1245 2320 1496 2387 ἐνάρετον
1516 2316 1811 2370 πολιτείαν
1843 2313 1978 2369 εἶτα·
2018 2315 2102 2382 Τῷ
2155 2315 2334 2372 Δαόὶδ
2358 2318 2447 2381 εἷς
2491 2314 2768 2383 διδαχὴν,
2821 2315 2964 2384 φημὶ
2998 2315 3088 2368 καὶ
3124 2317 3202 2378 εἰς
3230 2314 3449 2382 διδαχὴν

207 2413 314 2466 τοῦ
338 2412 546 2465 ἱκανοῦ
574 2410 647 2481 τῇ
678 2411 845 2480 χειρὶ,
863 2412 1000 2483 ὅπερ
1031 2414 1109 2475 εις
1124 2412 1213 2465 τὸν
1233 2411 1436 2482 Κύριον
1468 2410 1797 2481 ἀναφέρεται
1833 2426 1847 2443 ο
1874 2410 1969 2461 καὶ
1997 2409 2180 2463 λοιπὸν
2227 2410 2544 2477 ἐνεπύρισε
2571 2408 2668 2480 τὴν
2697 2407 2925 2479 ἔπαρσιν
2952 2406 3043 2460 τοῦ
3075 2408 3448 2479 μετεωρισμοῦ

208 2501 411 2555 ὡσανεὶ
436 2501 535 2573 τὴν
569 2502 863 2574 ἁμαρτίαν,
889 2503 1098 2556 καὶτὸν
1147 2503 1522 2575 μετεωρισμὺν
1554 2502 1653 2573 τῆς
1682 2501 1957 2573 ἁμαρτίας
2009 2501 2105 2555 καὶ
2150 2500 2529 2567 παλαιώσεως,
2562 2500 2807 2555 τουτέστι
2840 2502 2930 2556 τὸν
2952 2501 3199 2555 Θάνατον·
3225 2500 3451 2554 δώδεκα

208 2594 319 2665 γὰρ
347 2594 611 2663 χιλιάδες
641 2594 926 2669 [χιλιάδας]
947 2592 1067 2649 εἶπε
1096 2595 1185 2649 διὰ
1217 2595 1279 2648 τὸ
1309 2598 1416 2651 πᾶν
1444 2596 1545 2667 τῆς
1572 2596 1845 2669 ἁμαρτίας
1878 2595 1971 2650 τοῦ
2005 2594 2257 2650 θανάτου.

210 2729 463 2786 feruntur
492 2746 522 2785 a
553 2730 700 2784 malo
732 2730 785 2785 in
821 2730 1047 2796 bonum,
1078 2729 1304 2783 veniunt
1336 2728 1392 2783 in
1426 2728 1565 2783 tituli
1604 2727 2035 2798 inscriptionem,
2065 2730 2190 2784 dico
2218 2735 2397 2784 autem
2430 2727 2498 2785 ad
2523 2728 2720 2782 bonam
2745 2726 2870 2782 vita:
2899 2727 3318 2783 institutionem.
3344 2727 3448 2783 De-

211 2828 336 2881 inde
361 2845 375 2881 :
416 2825 582 2881 David
609 2828 664 2879 in
692 2825 1010 2887 doctrinam,
1036 2833 1089 2879 et
1116 2824 1170 2878 in
1198 2823 1523 2889 doctrinam,
1558 2823 1802 2893 inquam,
1831 2839 1991 2876 manu
2014 2822 2207 2892 furtis;
2232 2821 2379 2892 quod
2411 2821 2477 2877 ad
2504 2820 2796 2876 Dominum
2826 2820 3076 2878 refertur.
3105 2821 3173 2878 Et
3192 2824 3408 2879 demum
3435 2846 3447 2879 :

212 2916 492 2975 Succendit
518 2916 873 2972 elevationem
896 2916 1279 2984 sublimitatis;
1309 2932 1501 2987 nempe
1523 2928 1826 2988 peccatum,
1858 2925 1913 2974 et
1945 2918 2334 2973 sublimitatem
2369 2916 2580 2988 peccati
2607 2925 2661 2970 et
2692 2916 2978 2972 vetustatis
3011 2936 3025 2972 :
3052 2916 3156 2973 hoc
3190 2930 3274 2975 est
3302 2938 3448 2977 mor-

212 3022 319 3069 tem
354 3032 368 3067 :
398 3010 693 3065 Duodecim
720 3012 857 3066 enim
882 3013 1055 3065 millia
1083 3012 1240 3077 dixit,
1272 3020 1493 3082 propter
1519 3027 1680 3069 omne
1705 3029 1878 3084 genus
1908 3016 2116 3085 peccati
2143 3013 2414 3071 mortalis.

280 3213 335 3269 2.
358 3214 472 3267 Οὐκ
494 3215 573 3277 εἰς
597 3212 751 3276 τέλος
772 3212 1147 3286 ἀπεστράφης,
1170 3211 1291 3265 οὐδὲ
1318 3211 1583 3267 ἐπελάθου
1604 3214 1636 3284 ἡ
1646 3213 1782 3285 μῶν.
1814 3222 1857 3277 Β

1852 3232 1857 3273 ι
1953 3216 2008 3269 2.
2042 3214 2158 3272 Νοη
2199 3216 2250 3270 in
2288 3216 2447 3272 ﬁnem
2496 3226 2775 3273 aversatus
2804 3232 2884 3284 es,
2910 3233 3089 3287 neque
3132 3218 3336 3273 oblitus
3387 3235 3446 3273 es

1882 3310 2076 3363 nostri.

280 3392 334 3446 5.
364 3393 427 3445 Οἱ
456 3391 517 3457 ἐξ
537 3391 706 3445 ἐθνῶν
730 3392 806 3462 (1)
830 3389 1159 3454 ἀκούσαντες
1178 3390 1263 3444 διὰ
1285 3392 1379 3446 τού
1407 3391 1779 3465 κηρύγματος,

1952 3403 2003 3458 3.
2038 3402 2142 3469 Qui
2179 3418 2246 3458 ex
2284 3403 2535 3473 gentibus
2573 3412 2702 3460 sunt
2742 3402 3025 3457 audientes
3057 3417 3152 3471 per
3190 3401 3448 3471 praedica-

207 3484 291 3538 ὃτι
324 3485 556 3554 ἐστησας
584 3484 816 3553 ἡμέραν,
834 3478 947 3555 ἐνῇ
980 3482 1191 3552 μέλλεις
1211 3485 1389 3553 κρῖναι
1415 3484 1511 3554 τὴν
1532 3486 1783 3555 οἰκουμέ-

1885 3498 2105 3562 tionem,
2133 3497 2277 3567 quod
2323 3497 2560 3553 statuisti
2597 3496 2764 3563 diem,
2794 3495 2848 3548 in
2878 3508 2988 3565 quo
3015 3494 3359 3564 judicaturus
3389 3509 3448 3548 es

207 3592 308 3647 νην
338 3575 396 3627 ἐν
417 3572 753 3646 δικαιοσύνῃ.

1882 3591 2068 3645 orbem
2099 3592 2152 3644 in
2179 3594 2412 3661 justitia.

275 3668 331 3722 4.
367 3668 544 3721 Ἰασαι
571 3669 639 3721 τά
666 3666 1046 3739 συντρίμματα
1068 3666 1254 3738 αὐτῆς,
1272 3668 1353 3720 ὅτι
1379 3668 1655 3740 ὑπήκουσέ
1676 3685 1781 3725 σοι.

1947 3682 2001 3736 1.
2042 3680 2182 3736 Sana
2213 3684 2563 3738 contritiones
2590 3683 2729 3753 ejus,
2757 3683 3016 3753 quoniam
3044 3681 3287 3738 obedivit
3326 3681 3443 3735 tibi.

278 3760 331 3814 5.
367 3762 547 3815 Πάντα
571 3760 642 3813 τά
669 3762 1063 3833 προστάγματά
1088 3778 1201 3817 σου.

1088 3778 1201 3817 σου.
1954 3775 2007 3828 5.
2041 3772 2236 3829 Omnia
2262 3777 2516 3829 mandata
2552 3784 2660 3829 tua.

278 3850 332 3906 6.
363 3852 474 3923 Τὴν
498 3852 656 3923 χάριν
678 3867 770 3902 σου
794 3853 871 3915 εἰς
901 3850 1231 3920 ἐπιστροφήν

279 3940 331 3995 7.
367 3942 492 4004 Τοῖς
522 3943 598 4012 (2)
631 3943 841 4004 πιστοῖς
887 3939 1105 4009 γνῶσιν,
1154 3938 1247 3992 τοῦ
1300 3942 1491 4009 φυγεῖν
1538 3941 1645 3995 ἀπὸ
1685 3945 1783 4013 τῆς

1953 3867 2005 3921 6.
2038 3866 2222 3922 Gratia
2250 3877 2341 3921 tua
2372 3869 2438 3921 ad
2474 3872 2907 3926 conversionem.

1958 3958 2008 4014 7.
2036 3957 2311 4013 Fidelibus
2345 3960 2749 4027 cognitionem,
2788 3970 2843 4013 ut
2887 3961 3098 4029 fugiant
3135 3977 3165 4016 a
3208 3972 3447 4031 peceato.

207 4032 503 4103 ἁμαρτίας.

276 4124 331 4179 8.
376 4125 498 4177 Ἀπ’
524 4123 694 4195 αὐτῆς
716 4123 793 4195 (5)
823 4124 921 4193 τῆς
956 4124 1249 4195 ἁμαρτίας.

956 4124 1249 4195 ἁμαρτίας.
1954 4133 2005 4186 8.
2045 4133 2127 4188 Ab
2155 4133 2273 4204 ipso
2301 4144 2538 4203 peccato.

276 4217 327 4272 9.
380 4216 712 4270 Ἐπάκουσόν
750 4235 872 4287 μου,
905 4218 999 4270 καὶ
1034 4216 1204 4269 σῶσον
1231 4219 1287 4269 ἐν
1318 4216 1395 4287 τῷ
1427 4216 1541 4288 ru;
1570 4234 1683 4271 σου.

1427 4216 1541 4288 Υἱῷ
1570 4234 1683 4271 σου.
1950 4224 2003 4279 9.
2041 4224 2249 4277 Exaudi
2277 4239 2382 4291 me,
2411 4234 2465 4279 et
2488 4225 2635 4279 salva
2663 4228 2716 4280 in
2750 4227 2886 4283 Filio
2915 4237 3005 4283 tuo

273 4308 364 4363 10.
406 4307 463 4361 '0
494 4308 682 4379 Πατὴρ
714 4307 868 4377 ἐντῷ
912 4306 1045 4379 Υἱῷ.

912 4306 1045 4379 Υἱῴ.
1958 4316 2045 4370 10.
2078 4315 2237 4370 Pater
2262 4316 2316 4369 in
2344 4315 2503 4371 Filio.

279 4400 371 4454 11.
414 4399 626 4469 Σίκιμα
654 4398 1014 4471 ἑρμηνεύεται
1068 4400 1499 4454 ἀναϐαίνουσα.
1546 4399 1655 4471 Τὴν
1692 4396 1785 4454 οὖν

1955 4409 2041 4460 11.
2071 4404 2302 4460 Sicln'ma
2329 4408 2708 4477 interpretatur
2732 4408 3033 4461 ascendens.
3060 4408 3449 4465 Ascendentem

204 4490 596 4545 άναόαίνουσαν
628 4491 805 4563 ψυχὴν
847 4491 981 4561 πρὸς
1005 4491 1091 4561 μὲ,
1141 4491 1174 4562 ἢ
1209 4489 1376 4560 αὐτὴν
1418 4488 1494 4559 (4)
1522 4488 1620 4560 τὴν
1666 4490 1785 4543 Ἐκ-

1887 4498 2050 4569 igitur
2100 4499 2337 4552 animam
2374 4498 2441 4551 ad
2467 4514 2581 4562 me,
2615 4514 2711 4553 seu
2756 4500 2929 4567 ipsam
2970 4499 3264 4555 Ecclesium
3299 4519 3453 4572 sepa-

205 4585 437 4655 κλησίαν
465 4584 791 4654 ἀποχωρίσω
821 4583 928 4635 ἀπὸ
955 4583 1046 4636 τοῦ
1070 4585 1273 4653 κόσμου
1304 4581 1543 4652 ἐμαυτῷ.

890 4583 928 4635 τὸ
955 4583 1046 4636 τοῦ
1070 4585 1273 4653 κόσμου
1304 4581 1543 4652 ἐμαυτῷ.
1810 4563 1851 4622 c
1888 4563 2019 4645 rabo
2046 4591 2177 4644 mihi
2204 4606 2233 4643 a
2260 4590 2484 4646 mundo.

277 4677 365 4732 12.
399 4678 508 4730 Καὶ
532 4678 589 4729 ἐν
619 4678 686 4746 τῇ
723 4674 865 4746 ψυχῇ
894 4675 1002 4728 τῶν
1034 4675 1108 4747 (5)
1147 4673 1416 4729 ταπεινῶν
1470 4676 1779 4745 ἐμπεριπα-

1556 4689 1779 4745 περιπα-
1960 4684 2047 4740 12.
2083 4682 2149 4736 Et
2173 4683 2226 4736 in
2257 4683 2439 4737 anima
2472 4681 2757 4737 humilium
2783 4680 3150 4739 inambulabo.

203 4771 376 4842 τήσω.

276 4863 369 4917 15.
411 4861 657 4916 Γαλαὰδ
716 4861 1076 4933 ἑρμηνεύεται
1132 4861 1403 4914 κατοικία
1446 4863 1777 4931 μαρτυρίου

1958 4860 2044 4913 15.
2095 4856 2303 4912 Galaad
2352 4858 2735 4927 interpretatur
2779 4857 3097 4911 inhabitalio
3144 4863 3446 4916 testimonii.

206 4955 305 5025 (6).
358 4954 701 5024 Μανασσῆς
780 4954 1141 5026 ἑρμηνεύεται
1210 4955 1774 5022 ἐπιλανθανόμενος.

1888 4953 2159 5007 Monaeses
2193 4954 2578 5021 interpretatur
2599 4952 2811 5005 oblitus.
2843 4950 2953 5007 lloc
2977 4954 3139 5023 igitur
3163 4956 3450 5024 signiﬁcat,

204 5044 376 5098 Τοῦτο
432 5040 526 5098 οὖν
569 5044 737 5114 λέγει·
786 5046 957 5114 Ἐμός
988 5044 1120 5097 ἐστι
1168 5043 1433 5108 Γαλαὰδ,
1460 5043 1488 5094 ό
1521 5043 1629 5096 άπὸ
1680 5044 1779 5112 τῆς

1888 5046 2035 5101 Metus
2060 5056 2136 5100 est
2166 5045 2375 5099 Culaad
2400 5061 2418 5099 :
2442 5045 2535 5115 qui
2568 5061 2597 5098 a
2628 5054 2847 5113 peccato
2890 5047 3356 5115 transmigrarerit
3386 5052 3451 5103 ad

204 5137 479 5211 ἁμαρτίας
512 5139 759 5210 μέτοικος
787 5138 1069 5208 γινόμενος
1118 5136 1255 5207 πρὸς
1290 5135 1389 5206 ἐμὲ
1417 5135 1475 5186 ἐν
1507 5134 1779 5205 μαρτυρίᾳ

1886 5156 1971 5193 nte
1997 5139 2047 5192 in
2077 5138 2388 5192 testimonio
2416 5153 2428 5187 :
2454 5142 2535 5201 ct,‘
2559 5153 2699 5190 meus
2722 5145 2798 5189 est
2828 5136 3117 5201 Manaues,
3143 5138 3237 5207 qui
3255 5139 3450 5195 oblitus

203 5232 300 5304 (Ἰ)·
329 5234 427 5287 καὶ
454 5232 597 5302 ἐμός
641 5233 771 5286 ἐστι
820 5230 1179 5298 Μανασσῆς,
1223 5232 1251 5283 ό
1294 5226 1779 5297 ἐπιλανθανόμενος

1626 5244 1779 5297 μενος
1883 5240 1969 5286 est
2000 5232 2349 5301 pristinarum
2375 5245 2597 5283 suarum
2624 5228 2887 5283 malarum
2923 5230 3220 5285 actionum.

201 5325 309 5379 τῶν
340 5324 627 5397 προτέρων
655 5324 816 5378 αὑτοῦ
843 5322 1090 5394 πονηρῶν
1123 5321 1391 5393 πράξεων.

1152 5470 1459 5531 Addenda
1499 5476 1556 5527 et
1590 5466 1971 5543 corrigenda
2006 5482 2083 5524 ex
2116 5465 2255 5525 cod.
2299 5464 2499 5525 Vatic.

383 5652 535 5735 ot‘tg
558 5654 735 5735 ἐθνῶν
748 5655 952 5708 desunt.

1955 5651 2029 5735 (ι)
2061 5649 2201 5735 [ιρις
2240 5647 2453 5735 eam.
2484 5648 2673 5729 «iam

271 5718 347 5792 (9.)
386 5724 631 5788 Ἐδωκας
653 5730 782 5792 τοῖς,
811 5735 913 5780 ctu.

1959 5722 2032 5789 (5)
2068 5718 2174 5773 καὶ
2203 5718 2298 5788 τὴν
2524 5718 2655 5792 τῷν,
2684 5727 2786 5772 etc.

273 5794 350 5870 (ᾗ)
406 5794 513 5847 Τοῦ
560 5791 904 5864 φυγεῖννὰπὸ
954 5797 1051 5865 τῆς
1109 5796 1398 5870 ἁμαρτίας.
1435 5793 1497 5849 Ν.
1542 5798 1593 5848 9.
1648 5795 1770 5847 Ἀπὸ
1950 5792 2319 5870 Merenda
2344 5791 2666 5870 μαρτυρίας.

200 5865 383 5935 αὐτῆς.
575 5861 584 5864 ’
649 5861 656 5863 ⁷
1013 5861 1042 5865 ’⁷
1151 5861 1160 5865 ”
1231 5861 1240 5870 ’
1953 5863 2026 5934 (7)
2051 5863 2145 5926 Εἰς
2184 5861 2501 5937 μαρτυρίαν.
