4036 6436
608 355 710 416 887

683 475 765 530 14.
803 475 866 532 Et
891 476 1140 548 Epitraim
1174 476 1436 534 fortitudo
1463 474 1656 547 capitis
1689 474 1817 530 mei.

682 569 769 623 15.
806 569 941 624 Juda
967 586 1061 626 rex
1092 586 1282 627 meus:

677 660 763 715 16.
798 663 955 718 Moab
985 664 1091 718 olla
1116 664 1229 734 spei
1257 677 1411 718 mem.

678 752 762 806 17.
791 754 842 806 ln
869 754 1156 808 ldumaaam
1185 753 1468 808 extendam
1499 749 1930 805 calceamentum
1953 760 2164 800 meum:

678 844 762 898 18.
800 843 927 899 Mihi
960 845 1273 916 alienigena:
1298 844 1498 904 subditi
1528 850 1681 897 sunt.

675 936 759 990 19.
794 937 929 1002 Quis
955 938 1181 994 deducet
1212 953 1298 993 me
1321 938 1375 991 in
1399 936 1673 992 civitatem
1705 934 2014 990 munitam?

668 1029 758 1081 20.
794 1029 899 1083 Aut
922 1031 1043 1100 quis
1076 1031 1306 1087 deducet
1332 1045 1416 1085 me
1448 1044 1623 1099 usque
1649 1028 1702 1083 in
1733 1026 2064 1082 ldummam?

671 1120 760 1173 21.
790 1119 974 1177 Nonne
1009 1131 1087 1187 tu,
1121 1121 1286 1190 Deus,
1311 1122 1402 1193 qui
1431 1119 1679 1190 repulisti
1709 1119 1856 1174 nos?

670 1213 758 1266 22.
791 1213 855 1268 Et
903 1231 1010 1275 non
1056 1216 1372 1287 egredieris,
1413 1214 1575 1283 Deus,
1609 1215 1664 1268 in
1719 1211 2016 1268 virtutibus
2069 1224 2167 1263 no-

602 1305 768 1360 stris?

670 1396 757 1451 25.
796 1395 869 1451 Da
905 1397 1062 1454 nobis
1094 1398 1355 1454 auxilium
1382 1398 1448 1454 de
1477 1397 1833 1453 tribulatione
1860 1414 1873 1448 :

668 1491 759 1544 24.
790 1492 857 1546 Et
887 1508 1026 1547 vana
1055 1494 1203 1550 salus
1231 1494 1494 1550 hominis.

665 1582 756 1638 25.
795 1581 855 1636 In
879 1582 991 1639 Deo
1014 1583 1278 1642 iaciemus
1307 1586 1560 1642 virtutem
1591 1607 1603 1642 :

669 1673 761 1728 26.
791 1673 857 1728 Ει
888 1675 1000 1744 ipse
1030 1676 1098 1730 ad
1124 1677 1350 1733 nihilum
1378 1676 1608 1733 deducet
1634 1678 1957 1733 tribulantes
1984 1690 2104 1731 nos.

723 1786 790 1841 In
825 1789 1004 1857 ﬁnem,
1035 1791 1089 1844 in
1118 1790 1324 1862 hymnis
1355 1791 1542 1846 David.
1578 1790 1815 1847 PSALM
1829 1790 1915 1845 US
1942 1788 2058 1844 LX.

669 1902 719 1954 1.
750 1900 980 1965 Exaudi,
1013 1902 1177 1971 Deus,
1212 1905 1641 1975 deprecationem
1681 1919 1854 1959 meam
1881 1919 1896 1955 :

1449 356 1505 413 S.
1540 352 1909 410 ATHANASII
1942 353 2091 410 OPP.
2129 355 2306 413 PARS
2339 356 2426 410 lll.
2476 384 2531 395 --
2607 352 3022 410 EXEGETICA.

2197 481 2244 537 Α
2344 474 2428 528 14.
2461 475 2572 527 Καὶ
2621 472 2842 544 Εςρραῒμ
2872 470 3203 544 κραταίωσις
3233 468 3329 538 τῆς
3357 466 3599 537 κεφαλῆς
3631 482 3757 537 μου.

3741 344 3857 402 888

2346 568 2429 622 15.
2471 567 2668 631 Ἰούδας
2702 567 2950 637 βασιλεύς
2980 581 3105 637 μου⁸

2342 659 2426 714 16.
2453 660 2624 714 Μωὰϐ
2656 659 2818 730 λέϐης
2844 659 2946 729 τῆς
2978 657 3190 722 ἐλπίδος
3225 674 3347 728 μου.

2343 755 2426 809 17.
2463 753 2586 809 Ἐπὶ
2608 753 2708 826 τὴν
2753 751 3058 822 Ἰδουμαίαν
3088 747 3291 803 ἐκτενῶ
3315 747 3376 802 τὸ
3404 743 3661 817 ὑπόδημά
3686 758 3814 815 μου⁶

2341 847 2428 901 18.
2470 846 2625 915 Ἐμοὶ
2649 844 2933 914 ἀλλόφυλοι
2962 841 3329 912 ὑπετάγησαν.

2340 938 2427 994 19.
2454 938 2551 1000 Τίς
2577 935 2773 1001 ἀπάξει
2805 952 2871 1006 με
2891 936 2969 998 είς
2989 933 3142 986 πόλιν
3175 931 3469 1003 περιοχῆς;

2337 1031 2427 1087 20.
2466 1030 2538 1083 Ἦ
2562 1029 2645 1093 τίς
2672 1028 2928 1098 ὁδηγήσει
2959 1043 3025 1097 με
3046 1025 3149 1088 ἓως
3177 1021 3645 1095 τῆςξἸδουμαίαςς

2337 1120 2424 1174 21.
2460 1118 2594 1188 Οὐχὶ
2629 1118 2692 1171 σὺ
2723 1118 2751 1169 6
2774 1116 2904 1178 Θεὸς
2931 1115 2960 1168 6
2990 1112 3348 1183 ἀπωσάμενος
3379 1110 3558 1180 ﬁnde;

2335 1209 2426 1263 22.
2461 1209 2573 1261 Καὶ
2614 1208 2714 1260 οὐκ
2746 1203 3020 1274 ὲξελεύσῃ,
3070 1204 3098 1256 6
3139 1201 3293 1266 Θεὸς,
3328 1201 3386 1253 έν
3411 1200 3530 1263 ταῖς
3551 1198 3849 1268 δυνάμεσιν

2264 1301 2458 1374 ἡμῶνς

2334 1392 2426 1448 25.
2455 1392 2553 1454 Δὸς
2575 1392 2706 1462 ἡμῖν
2743 1388 2994 1460 βοήθειαν
3025 1388 3090 1440 ὲκ
3121 1384 3383 1454 θλίψεως·

2333 1483 2424 1537 24.
2458 1482 2570 1536 Καὶ
2601 1481 2805 1551 ματαία
2840 1478 3084 1549 σωτηρία
3116 1476 3426 1549 ἀνθρώπου.

2332 1575 2423 1633 25.
2474 1575 2563 1626 Ἐν
2593 1571 2814 1643 τῷθεῷ
2843 1571 3140 1640 ποιήσομεν
3172 1569 3398 1639 δύναμιν
3417 1584 3430 1598 ·

2333 1665 2422 1720 26.
2459 1664 2570 1719 Καὶ
2603 1662 2765 1726 αὐτὸς
2805 1660 3150 1728 ὲξουδενὼσει
3182 1661 3312 1723 τοὺς
3363 1656 3642 1718 θλίϐοντας
3670 1655 3822 1725 ἡμᾶς

2335 1782 2439 1846 Εἰς
2466 1778 2532 1833 τὸ
2570 1777 2775 1844 τέλος,
2805 1777 2876 1830 ἐν
2907 1776 3118 1845 ὕμνοις
3149 1775 3229 1841 τῷ
3247 1773 3441 1828 Δαϐίδ.
3476 1774 3648 1825 ΨΑΛ.
3677 1769 3722 1822 Ξ
3734 1775 3770 1821 ’.

2338 1896 2387 1949 1.
2423 1893 2778 1957 Είσάκουσον,
2811 1892 2840 1944 6
2876 1889 3030 1952 Θεὸς,
3055 1889 3153 1959 τῆς
3187 1886 3422 1958 δεήσεώς
3455 1902 3555 1955 μου
3575 1901 3588 1914 ·

1713 2052 2089 2111 ATHANASII
2129 2043 2713 2106 INTERPRETATIO.

665 2215 752 2268 11.
789 2212 1045 2284 Ephraim
1079 2214 1462 2285 interpretatur
1499 2213 1819 2276 consolator,
1853 2209 2161 2266 consolator

595 2320 776 2363 autem
813 2314 896 2362 est
927 2305 1162 2376 Spiritus
1189 2317 1430 2362 sanctus.
1459 2304 1740 2360 Fortitudo
1769 2303 1932 2373 igitur
1965 2299 2160 2356 mentis

594 2413 728 2452 inca:
773 2406 857 2452 est
903 2396 1137 2466 Spiritus
1167 2405 1388 2453 sanctus
1415 2415 1429 2452 :
1459 2405 1620 2466 caput
1646 2394 1788 2449 enim
1818 2407 1959 2462 saepe
1993 2390 2160 2461 signi-

592 2489 720 2542 ticat
751 2488 1070 2544 nobiliorem
1103 2489 1300 2544 mentis
1321 2498 1550 2559 partem.

667 2580 751 2634 13.
782 2580 953 2636 ludas
978 2599 997 2637 :
1024 2594 1213 2639 notum
1235 2592 1443 2649 autem,
1464 2581 1607 2652 quod
1633 2596 1698 2635 ex
1724 2579 1863 2634 Juda
1894 2575 2157 2631 Dominus

592 2681 745 2727 ortus
777 2679 881 2727 est.

664 2764 750 2819 16.
783 2763 867 2818 Ea:
911 2762 1052 2817 Ruth
1097 2759 1382 2816 Moabitide
1427 2777 1597 2835 genus
1641 2764 1788 2819 ducit
1821 2774 2008 2820 sancta
2043 2762 2154 2818 Ma-

590 2860 706 2927 ria;
737 2859 856 2915 ideo
886 2867 1102 2930 propter
1125 2857 1490 2928 virginitatem
1522 2857 1676 2911 Moab
1707 2858 1794 2911 hic
1817 2857 2149 2911 nominatur.

597 2951 754 3021 Virgo
789 2953 950 3024 igitur
979 2951 1084 3006 olla
1131 2949 1346 3004 Domini
1378 2947 1519 3003 facta
1548 2957 1649 3013 est,
1677 2949 1804 3018 quia
1831 2956 1884 3002 et
1913 2947 1966 3001 in
2000 2955 2155 3001 utero

591 3061 693 3101 cun
717 3045 968 3113 concepit
991 3042 1276 3098 Dominum
1307 3056 1470 3112 super
1514 3052 1788 3108 naturam,
1815 3055 1922 3094 non
1953 3053 2153 3093 secun-

590 3137 722 3191 dum
749 3145 1018 3190 naturam.

665 3227 753 3280 17.
792 3225 1033 3280 Idumam
1076 3227 1224 3298 regio
1252 3235 1369 3282 erat
1398 3225 1560 3281 Esau.
1597 3224 1742 3279 Esau
1769 3233 1952 3279 autem
1987 3223 2154 3277 inter-

589 3329 834 3390 pretatur
860 3320 1114 3386 hirsutus,
1140 3319 1328 3390 quales
1350 3327 1505 3374 erant
1529 3328 1716 3388 gentes
1753 3325 1971 3386 propter
1995 3329 2155 3384 aspe-

590 3413 805 3467 ritatem
829 3411 1009 3467 cordis
1034 3425 1258 3467 eorum:
1287 3410 1356 3466 ad
1384 3412 1481 3465 has
1515 3410 1700 3480 igitur,
1740 3408 1936 3478 inquit,
1977 3416 2158 3464 trans-

594 3506 728 3560 itum
753 3520 934 3560 meum
962 3503 1181 3560 faciam.

669 3598 755 3652 18.
784 3598 1244 3653 Auscultavernnt
1260 3606 1442 3654 autem
1460 3607 1513 3654 et
1530 3595 1877 3652 crediderunt
1897 3592 2158 3664 praedica-

592 3688 724 3743 tioni
753 3703 906 3742 meae.

667 3779 750 3830 tu.
779 3775 835 3830 In
883 3778 1156 3834 caelestem
1197 3777 1469 3833 civitatem
1498 3775 1622 3847 quis
1663 3789 1748 3830 me
1781 3773 2028 3838 deducet,
2053 3771 2157 3828 nisi

593 3877 648 3923 tu
677 3870 796 3939 ejus
822 3870 1108 3926 conditor?

665 3962 756 4015 90.
786 3963 893 4015 Aut
933 3965 1057 4031 quis
1096 3963 1325 4019 deducet
1355 3977 1443 4017 me
1471 3963 1528 4015 in
1568 3960 1977 4015 tabernaculum
2005 3968 2157 4013 tuum

590 4053 890 4112 t’clcrnum?

659 4144 750 4209 21,
777 4144 867 4198 22.
897 4142 1008 4198 Nisi
1043 4153 1123 4208 tu,
1160 4141 1324 4209 Deus,
1358 4141 1452 4212 qui
1480 4141 1756 4212 proiecisti
1789 4157 1910 4200 nos.

658 4235 749 4288 25.
783 4233 970 4288 Reduc
999 4247 1098 4286 nos
1130 4248 1159 4284 a
1194 4243 1414 4302 peccato
1446 4232 1499 4286 in
1534 4240 1682 4286 tuam
1713 4232 2099 4302 cognitionem.

658 4413 749 4466 24.
783 4411 974 4468 Omnis
1003 4413 1150 4470 salus
1181 4414 1417 4468 humana
1451 4412 1650 4469 inanis.

657 4505 747 4558 25.
777 4504 869 4559 Dci
900 4520 1061 4561 cruce
1091 4506 1446 4562 armabimur.

658 4599 747 4651 :26.
787 4597 851 4651 Et
883 4600 998 4669 ipsa
1032 4615 1165 4653 crux
1200 4601 1378 4670 abiget
1413 4601 1723 4656 immundos
1749 4600 2044 4657 daemones.

2339 2203 2424 2257 μ,
2467 2201 2708 2270 Ἐφραῒμ
2744 2196 3106 2270 ἑρμηνεύεται
3160 2194 3564 2264 παράκλητος·
3593 2197 3621 2248 ὁ
3649 2194 3705 2248 δὲ
3737 2213 3846 2250 πα-

2264 2295 2528 2368 ράκλητος
2556 2294 2618 2346 τὸ
2645 2290 2871 2362 Πνεῦμα
2893 2289 2952 2343 τὸ
2983 2288 3137 2356 ἀγιόν
3161 2289 3298 2342 ἐστι.
3369 2286 3723 2359 Κραταίωσις
3747 2283 3843 2340 οὖν

2258 2388 2317 2439 τὸ
2334 2385 2556 2454 Πνεῦμα
2573 2384 2634 2437 τὸ
2653 2384 2804 2451 ἀγιον
2829 2382 2904 2452 (1)
2921 2380 3022 2451 τῆς
3037 2379 3267 2442 διανοίας
3288 2396 3410 2450 μου·
3435 2382 3468 2450 ὴ
3499 2379 3710 2451 κεφαλὴ
3731 2380 3841 2452 γὰρ

2260 2477 2517 2539 πολλάκις
2562 2476 2641 2538 είς
2670 2474 2731 2528 τὸ
2770 2471 3096 2545 ἡγεμονικὸν
3131 2471 3230 2541 τῆς
3260 2470 3498 2534 διανοίας
3527 2471 3840 2542 θεωρεῖται.

2336 2569 2422 2623 15.
2464 2567 2687 2634 Ἰούδας
2879 2565 3038 2638 δῆλον
3062 2563 3193 2635 γὰρ,
3229 2561 3289 2627 ἐξ
3339 2561 3506 2616 Ἰούδα
3544 2563 3842 2617 ἀνατέταλ-

2262 2680 2358 2716 κεν
2389 2664 2417 2715 6
2442 2660 2668 2732 Κύριος.

2333 2749 2420 2803 16.
2469 2750 2569 2803 Ἐκ
2597 2747 2707 2816 τῆς
2741 2744 2917 2801 Ῥοὺθ
2949 2742 3060 2811 τῆς
3090 2742 3450 2809 Μωαϐίτιδος
3472 2744 3772 2813 κατάγεται
3807 2745 3841 2814 ὴ

2263 2842 2392 2910 ἁγία
2425 2839 2618 2910 Μαρία
2659 2839 2774 2909 (3)°
2831 2836 2908 2901 ὡς
2943 2831 3035 2891 οὖν
3069 2835 3159 2889 διὰ
3187 2833 3287 2906 τὴν
3343 2835 3610 2906 παρθένον
3661 2835 3848 2889 arma

2262 2937 2521 2990 καλεῖται.
2564 2934 2628 2987 ’Π
2655 2932 2928 3004 Παρθένος
2953 2926 3044 2987 οὖν
3071 2931 3232 3002 λέὸης
3262 2929 3356 2983 τοῦ
3381 2931 3586 3000 Κυρίου
3615 2930 3843 2997 γεγένη-

2259 3045 2368 3091 ται,
2400 3025 2486 3080 διὰ
2511 3025 2572 3078 τὸ
2601 3026 2658 3078 έν
2681 3026 2746 3096 τῇ
2777 3023 2956 3106 κοιλία
2977 3021 3147 3092 αὐτῆς
3199 3019 3598 3092 συλληφθείσης
3623 3020 3716 3073 καὶ
3748 3019 3844 3072 τὸν

2261 3120 2464 3190 Κύριον
2497 3117 2636 3186 ὑπὲρ
2665 3115 2900 3185 φύσεως,
2928 3114 3024 3167 καὶ
3052 3112 3193 3165 κατά
3221 3111 3402 3180 φύσιν.

2333 3213 2420 3266 17.
2451 3209 2617 3281 Χώρα
2652 3208 2728 3279 (4)
2765 3203 2833 3279 ἦν
2876 3205 2970 3260 τοῦ
3011 3204 3183 3259 Ἡσαῦ
3217 3207 3254 3272 ἠ
3281 3205 3594 3273 Ἰδουμαία.
3647 3204 3843 3258 Ἡσαῦ

2183 3274 2226 3330 c
2259 3303 2314 3356 δὲ
2347 3274 3054 3374 ἑρμηνεύεται-τριχῶδης,
3093 3297 3232 3366 ὅπερ
3282 3289 3423 3365 ἦσαν
3473 3294 3544 3346 τά
3595 3293 3720 3364 ἔθνη
3749 3294 3842 3348 διὰ

2258 3395 2355 3468 τὴν
2376 3394 2689 3467 τραχύτητα
2713 3392 2813 3462 τῆς
2845 3389 3071 3462 καρδίας
3096 3388 3298 3443 αὐτῶν.
3331 3387 3455 3441 Ἐπὶ
3473 3386 3695 3450 τούτους
3722 3382 3842 3450 οὖν,

2261 3489 2428 3557 λέγει,
2458 3487 2556 3558 τὴν
2591 3483 2819 3556 πορείαν
2853 3500 2954 3554 μου
2986 3482 3306 3552 ποιήσομαι.

2330 3582 2418 3636 18.
2461 3580 2805 3650 ’Υπήκουσαν
2837 3575 2895 3629 δὲ
2939 3575 3016 3645 (5)
3057 3573 3382 3627 ὲπίστευσαν
3411 3572 3489 3642 τῷ
3527 3569 3844 3643 κηρύγματι

2263 3689 2362 3742 μου
2372 3713 2384 3725 .

2331 3763 2417 3818 19.
2449 3762 2543 3824 Ei;
2562 3759 2662 3832 τὴν
2695 3757 3014 3830 ἐπουράνιον
3061 3755 3214 3809 πόλιν
3257 3753 3342 3817 τίς
3391 3751 3588 3817 ἀπάξει
3642 3767 3709 3821 με
3738 3749 3842 3821 (6),

2261 3856 2309 3908 εἰ
2343 3853 2417 3925 μὴ
2449 3853 2512 3906 σὺ
2534 3854 2562 3905 6
2582 3851 2913 3923 δημιουργὸς
2937 3850 3138 3921 αὐτῆς;

2335 3944 2424 3999 20.
2458 3946 2526 3996 Ἢ
2559 3943 2641 4005 τίς
2673 3943 2927 4013 ὁδηγήσει
2981 3957 3047 4012 με
3083 3942 3163 4003 είς
3202 3939 3300 4010 την
3350 3939 3553 4009 σκηνήν
3613 3953 3706 3990 σου
3738 3937 3847 4008 τὴν

2264 4035 2619 4105 ἀτελεύτητον
2644 4051 2658 4098 ;

2338 4126 2424 4189 21,
2473 4119 2564 4177 22.
2608 4121 2683 4192 (7)
2714 4122 2776 4174 Εί
2797 4120 2870 4192 μὴ
2898 4121 2985 4183 σὺ,
3016 4121 3044 4172 6
3075 4117 3226 4180 Θεὸς,
3255 4119 3283 4170 ὁ
3325 4115 3633 4188 ἀπορρίψας
3665 4116 3819 4185 ἡμεῖς

2336 4218 2424 4271 25.
2474 4215 2737 4284 Ἀνάγαγε
2783 4214 2929 4284 ἡμᾶς
2956 4213 3020 4265 ὲκ
3047 4211 3145 4281 τῆς
3173 4208 3451 4280 ἁμαρτίας.
3481 4211 3561 4272 είς
3589 4208 3688 4278 τὴν
3715 4209 3845 4262 επι-

2265 4307 2464 4376 γνωσίν
2500 4324 2615 4360 σου.

2333 4401 2421 4454 24.
2456 4401 2610 4453 Πᾶσα
2648 4397 2891 4468 σωτηρία
2922 4393 3238 4467 ἀνθρωπίνη
3271 4392 3492 4464 ματαία.

2330 4492 2420 4546 25.
2462 4492 2550 4543 Ἐν
2578 4489 2656 4560 τῷ
2687 4487 2904 4561 σταυρῷ
2929 4487 3023 4541 τοῦ
3051 4485 3185 4540 Θεοῦ
3207 4484 3564 4557 ὀπλισόμεθα.

2185 4615 2238 4674 D
2329 4582 2420 4638 26.
2451 4582 2558 4635 Καὶ
2585 4582 2743 4645 αὐτὸς
2761 4583 2789 4634 6
2811 4580 3040 4654 σταυρὸς
3063 4579 3326 4635 ἀπελάσει
3353 4579 3476 4641 τοὺς
3499 4576 3847 4648 ἀκαθάρτους

2268 4673 2545 4743 δαίμονας.

670 4783 733 4836 Ἦ
773 4783 1111 4854 προκειμένη
1145 4783 1424 4853 ἐπιγραφὴ
1448 4783 1693 4855 περιέχει
1728 4784 1835 4853 (8)·
1864 4786 1966 4850 Εις
1993 4785 2059 4838 τὸ
2085 4785 2281 4852 τέλος,
2311 4787 2379 4839 ἐν
2410 4787 2620 4854 ὕμνοις
2648 4785 2730 4851 τῷ
2762 4784 2958 4839 Δαόἰδ.
3015 4783 3185 4838 Τοῦτο
3226 4778 3320 4837 οὖν
3348 4785 3495 4836 ἐστιν
3518 4821 3532 4846 ,
3579 4782 3608 4834 ὃ
3659 4782 3842 4850 λέγει’

654 4875 870 4932 Titulus
895 4878 1218 4946 praepositus
1248 4878 1489 4931 continet
1515 4899 1529 4932 :
1562 4877 1626 4930 In
1657 4879 1835 4946 ﬁnem,
1864 4880 1915 4932 in
1949 4879 2156 4949 hymnis
2187 4880 2382 4934 David.
2416 4879 2528 4934 Hoc
2559 4881 2722 4946 igitur
2755 4889 2837 4934 est
2869 4880 3013 4950 quod
3046 4879 3316 4950 signiﬁcat
3344 4896 3358 4932 :
3385 4879 3440 4931 in
3474 4875 3577 4930 line
3602 4876 3655 4928 in
3687 4877 3846 4948 hym-

656 4975 709 5028 1.
739 4973 970 5043 Accepta
993 4972 1088 5031 liat
1115 4989 1298 5028 coram
1336 4982 1386 5029 te
1422 4975 1730 5044 deprecatio
1768 4992 1908 5030 mea.

2343 4977 2392 5032 1.
2434 4977 2608 5047 Δεκτὴ
2641 4977 2866 5045 γένηται
2894 4973 3120 5028 ἐνώπιόν
3148 4990 3242 5026 σου
3271 4974 3304 5044 ἡ
3336 4971 3516 5042 δέησίς
3549 4987 3672 5042 μου.

1533 5130 1842 5192 Addenda
1875 5140 1937 5193 et
1984 5131 2360 5210 corrigenda
2393 5149 2470 5193 ex
2504 5132 2643 5192 cod.
2688 5129 2890 5194 Vatic.

653 5323 726 5388 (I)
756 5321 829 5372 Τὸ
851 5319 1074 5392 Πνεῦμα
1097 5319 1156 5373 τὸ
1183 5321 1354 5392 ἀγιον,
1389 5321 1592 5374 desunt.

654 5393 731 5454 (2)
766 5392 964 5464 Ἰούδας
993 5390 1154 5464 deest,
1192 5390 1442 5464 δῆλον...
1485 5393 1688 5464 Κύριος
1728 5391 1884 5462 ἡμῶν
1927 5393 2154 5464 Ἰησοῦς,

581 5467 609 5518 ὁ
632 5463 734 5534 πρὸ
753 5461 961 5514 αἰώνων
991 5461 1260 5534 βασιλεύς.

657 5529 731 5601 (3)
772 5529 1000 5597 Μαρία.
1023 5534 1109 5596 Ὠς
1148 5529 1240 5585 οὖν
1274 5533 1359 5586 διὰ
1379 5534 1476 5603 τὴν
1514 5535 1666 5586 Ῥοὺο
1700 5534 1798 5603 τὴν
1826 5534 2159 5595 Μωαϐίτιδα,

583 5607 674 5659 καὶ
706 5606 821 5674 τὴν.
836 5604 1052 5674 Μαρκίαν
1095 5603 1192 5674 τὴν
1223 5604 1488 5674 παρθένον
1524 5604 1696 5657 Μωὰϐ
1724 5605 1895 5657 καλεῖ.
1941 5605 2003 5656 ’11
2034 5622 2167 5673 παρ-

584 5676 734 5747 θένος
761 5670 858 5726 οὖν
886 5670 1067 5744 λέϐης,
1093 5670 1221 5741 etc.,
1257 5670 1617 5747 συλληφθῆναι
1643 5676 1730 5728 τὸν
1780 5675 1979 5746 Κύριον
2029 5670 2167 5746 ὑπὲρ

585 5745 768 5821 φύσιν,
799 5754 901 5799 etc.

2429 5323 2592 5428 ξώξα
2608 5323 2705 5391 μὲν
2717 5318 2805 5392 ἦν,
2827 5331 2956 5383 οισι,
2975 5320 3253 5392 τριχῶδες,
3271 5328 3400 5383 etc.,
3420 5319 3509 5372 ἐπὶ
3526 5317 3721 5385 ταῦτα,
3737 5331 3844 5376 ctc.

2332 5398 2407 5464 (ἦ)
2443 5397 2568 5447 Καί.

2333 5470 2407 5532 (6)
2441 5463 2716 5517 Πολιτείαν
2738 5463 2820 5524 τίς
2851 5462 3057 5532 ἀπάξει
3073 5479 3170 5532 με.

2334 5530 2408 5604 (7)
2443 5534 2505 5586 Ν.
2546 5535 2635 5604 21.
2670 5535 2732 5586 Εἰ
2771 5535 2866 5602 μή,
2898 5543 3003 5604 etc.
3041 5531 3106 5584 N.
3135 5531 3225 5604 22.
3249 5531 3365 5604 Kal.
3388 5533 3485 5604 οὐκ
3511 5530 3784 5596 ὲξελεύσει
3817 5531 3848 5585 ὁ

2268 5601 2419 5669 Θεὸς,
2453 5607 2527 5667 ὡς
2563 5601 2641 5667 εἷς
2671 5605 2778 5657 τῶν
2806 5601 3098 5673 βασιλέων,
3137 5601 3169 5672 ἢ
3205 5602 3312 5654 τῶν
3346 5603 3621 5674 ἀρχόντων
3665 5603 3844 5674 ἡμῶν.

2343 5679 2419 5748 (8)
2461 5679 2523 5730 ’11
2551 5677 2635 5730 διὰ
2669 5676 2766 5748 τῆς
2799 5675 3167 5753 κινναϐάρεως
3199 5691 3323 5744 περ.
