4036 6514
218 448 325 507 889
1101 453 1189 507 DE
1230 453 1507 510 TlTULlS
1545 456 1990 514 PSALMORUM.
2031 491 2098 500 —
2134 459 2328 515 PSAL.
2368 460 2479 517 LX.
3355 458 3460 516 890

289 568 346 623 2.
382 569 623 642 ῙΙρόσχες
648 574 714 642 τῇ
752 575 1023 643 προσευχῇ
1056 590 1178 644 μου.
1815 583 1860 639 Α

1129 592 1178 625 υ.
1815 583 1860 639 Α
1957 579 2010 632 2.
2043 580 2262 634 Intende
2291 580 2526 634 orationi
2553 593 2720 634 meae:

284 662 338 717 5.
388 662 520 715 Ἀπὸ
552 661 659 716 τῶν
693 663 947 734 περάτων·
968 664 1068 734 τῆς
1097 665 1200 735 γῆς
1231 663 1366 736 πρὸς
1406 666 1466 719 σὲ
1493 667 1782 740 ἐκέκραξα,

1965 672 2016 725 5.
2052 673 2095 724 Α
2122 672 2322 728 ﬁnibus
2352 682 2510 727 terra:
2537 671 2603 726 ad
2633 681 2685 727 te
2713 670 2964 737 clamavi,
2992 669 3120 726 dum
3147 670 3459 724 anxiaretur

214 750 278 805 ἐν
315 751 392 822 τῷ
415 753 488 822 (a)
525 753 815 824 ἀκηδιάσαι
841 754 938 824 τὴν
966 754 1193 826 καρδίαν
1229 770 1358 824 μου·

647 753 815 807 Βιάσαι
841 754 938 824 τὴν
966 754 1193 826 καρδίαν
1229 770 1358 824 μου·
1894 780 1988 818 cor
2022 780 2199 819 meum
2228 783 2241 821 ε

291 844 344 897 4.
387 845 474 905 Ἐν
505 846 681 918 πέτρᾳ
713 845 935 915 ῦψωσὰς
968 864 1056 917 με.

1962 858 2014 912 4.
2046 856 2104 911 ln
2134 869 2280 928 petra
2315 860 2566 916 exaltasti
2600 875 2704 915 me.

291 935 342 988 5.
391 936 690 1009 Ὠδήγησάς
723 955 811 1008 με,
835 939 915 991 ὃτι
949 939 1212 1011 ὲγενήθης
1239 942 1394 1004 ἐλπίς
1431 958 1562 1012 μου,

1969 951 2018 1005 5.
2048 949 2328 1007 Deduxisti
2361 966 2467 1018 me,
2505 953 2630 1022 quia
2664 951 2841 1008 factus
2865 966 2924 1007 es
2950 965 3074 1020 spes
3106 965 3246 1013 mea,

291 1027 343 1082 6.
377 1030 592 1101 Πύργος
625 1030 807 1100 ἰσχύος
843 1030 952 1083 ἀπὸ
979 1031 1268 1102 προσώπου
1300 1033 1512 1106 ἐχθροῦ.

1507 1073 1512 1086 ι
1968 1042 2021 1095 (ὅ.
2057 1040 2246 1097 Turris
2273 1040 2606 1098 fortitudinis
2638 1059 2667 1096 a
2699 1042 2840 1097 facie
2871 1040 3101 1096 inimici.

785 1123 1100 1195 Διάψαλμα
1125 1127 1222 1197 (b).

2495 1132 2833 1201 Diapsahmr.

291 1212 345 1266 '7.
369 1213 692 1285 Παροικήσω
707 1214 764 1267 ὲν
780 1214 857 1284 τῷ
880 1216 1194 1287 σκηνώματί
1213 1234 1304 1270 σου
1326 1220 1405 1281 είς
1419 1220 1544 1281 τοὺς
1564 1215 1786 1280 αἰῶνας.

1713 1235 1786 1280 κς·
1972 1223 2022 1276 7.
2055 1223 2372 1278 lnbabitabo
2398 1223 2451 1278 in
2478 1223 2831 1278 tabernaculo
2869 1231 2964 1276 tuo
2991 1221 3048 1276 in
3077 1222 3307 1276 saecula-

291 1305 344 1360 8.
381 1306 838 1376 Σκεπασθήσομαι
867 1309 923 1359 ἐν
949 1312 1013 1380 τῇ
1042 1311 1215 1381 σκέπῃ
1237 1309 1343 1364 τῶν
1370 1311 1652 1382 πτερύγων
1675 1327 1786 1362 σου.

1627 1327 1652 1362 ν
1675 1327 1786 1362 σου.
1965 1316 2018 1372 8.
2051 1313 2307 1385 Protegar
2335 1315 2390 1369 in
2416 1316 2717 1370 velamento
2754 1315 2958 1370 alarum
2983 1324 3221 1370 tuarum.

291 1399 346 1454 9.
383 1399 505 1451 Ὅτι
541 1400 627 1461 σὺ,
656 1399 685 1452 ὁ
722 1397 877 1465 Θεὸς,
911 1403 1230 1470 εἰσήκουσας
1262 1401 1368 1453 τῶν
1400 1400 1573 1471 εὐχῶν
1604 1419 1702 1471 μου
1725 1417 1737 1430 ·

1972 1409 2024 1461 9.
2047 1408 2314 1473 Quoniam
2347 1415 2426 1472 tu,
2451 1406 2613 1473 Deus,
2631 1408 2899 1464 exaudisti
2925 1407 3226 1462 orationem
3251 1422 3425 1459 meam
3448 1424 3459 1459 ε

292 1490 380 1544 10.
416 1489 661 1553 Ἔδωκας
690 1490 1050 1562 κληρονομίαν
1078 1495 1188 1555 τοῖς
1221 1493 1569 1564 φοϐουμένοις
1599 1494 1659 1546 τὸ
1679 1494 1792 1546 ὅνο-

1966 1502 2053 1556 10.
2084 1500 2287 1554 Dedisti
2317 1498 2685 1554 lnereditatem
2710 1500 3028 1555 timentibus
3057 1513 3252 1554 nomen
3289 1509 3461 1552 tuum.

220 1582 304 1653 μά
340 1599 456 1638 σου.

293 1675 380 1728 11.
411 1675 655 1747 Ἡμέρας
689 1676 773 1746 ἐφ’
804 1676 1014 1747 ἡμέρας
1040 1677 1133 1731 τοῦ
1163 1676 1423 1747 βασιλέως
1448 1674 1794 1746 προσθήσεις,

1395 1694 1423 1740 ς
1448 1674 1794 1746 προσθήσεις.
1974 1682 2058 1736 11.
2096 1682 2216 1738 Dies
2241 1697 2401 1751 super
2428 1681 2545 1736 dies
2570 1682 2713 1752 regis
2743 1681 2989 1751 adjicies,

295 1767 383 1822 12.
425 1767 506 1821 Τὰ
545 1768 643 1839 ἐτη
676 1770 839 1823 αὑτοῦ
871 1771 974 1833 ἕως
1003 1770 1217 1842 ἡμέρας.
1245 1772 1437 1838 γενεᾶς
1459 1770 1553 1823 καὶ
1580 1770 1790 1837 γενεᾶς.

1970 1774 2057 1829 η.
2093 1775 2276 1828 Annos
2318 1774 2438 1845 ejus
2485 1789 2659 1845 usque
2707 1773 2764 1828 in
2806 1773 2947 1828 diem
2998 1771 3364 1843 generationis
3415 1779 3467 1825 et

1794 1911 1803 1920 .
1902 1867 2288 1938 generationis.

295 1945 382 1998 1'5.
411 1947 667 2016 Διαμενεῖ
697 1948 777 2009 εἰς
807 1946 897 1999 τὸν
932 1945 1102 2000 αἰῶνα
1131 1946 1356 2000 ἐνώπιον
1381 1945 1473 1998 τοῦ
1499 1945 1654 1999 Θεοῦ.
1830 1943 1873 2003 Β

1830 1943 1873 2003 Β
1977 1961 2061 2013 15.
2100 1958 2449 2014 Permanebit
2481 1959 2532 2012 in
2569 1967 2836 2012 :eternum
2871 1958 2925 2012 in
2959 1968 3257 2028 conspectu
3290 1957 3403 2011 Dei.

294 2035 384 2088 14.
416 2037 602 2100 Ἔλεος
637 2038 731 2091 καὶ
759 2037 1018 2108 ἀλήθειαν
1045 2037 1207 2090 αὐτοῦ
1242 2036 1328 2100 τίς
1362 2035 1688 2108 ἐκζητήσεις

1978 2053 2064 2106 11.
2084 2052 2505 2107 Misericordiam
2534 2051 2884 2106 etveritatem
2911 2049 3030 2120 ejus
3055 2051 3179 2120 quis
3196 2051 3470 2119 requiret?

296 2128 384 2183 15.
413 2127 570 2182 Οὕτω
595 2128 751 2199 ψαλῶ
787 2128 864 2200 τῷ
900 2128 1122 2200 ὀνόματί
1179 2145 1272 2181 σου
1314 2130 1394 2192 εἰς
1425 2129 1552 2192 τοὺς
1600 2127 1798 2190 αἰῶνας

1976 2144 2063 2199 15.
2102 2144 2191 2198 Sic
2233 2143 2503 2214 psalmum
2554 2143 2732 2199 dicam
2783 2143 2992 2200 nomini
3037 2151 3134 2198 tuo
3177 2143 3232 2198 in
3273 2144 3469 2199 saecula

221 2218 343 2292 [τὸν
367 2221 580 2293 αίῶνα].

1911 2236 2215 2309 [saeculum]
2239 2254 2249 2290 :

299 2314 388 2369 16.
433 2312 539 2368 Τοῦ
573 2312 866 2368 ἀποδοῦναί
904 2329 972 2383 με
1018 2311 1118 2377 τὰς
1150 2313 1313 2385 εὐχάς
1358 2329 1457 2384 μου
1489 2312 1704 2385 ἡμέραν
1742 2311 1802 2376 ἐξ

221 2406 458 2476 ἡμέρας.

1613 2330 1704 2385 Ραν
1742 2311 1802 2376 ἐξ
1977 2333 2065 2387 16.
2095 2331 2164 2387 Ut
2196 2333 2418 2390 reddam
2444 2340 2570 2388 vota
2602 2347 2723 2387 mea
2753 2330 2820 2386 de
2846 2330 2933 2387 die
2959 2332 3013 2387 in
3043 2329 3207 2386 diem.

265 2424 458 2477 μερας.

295 2518 372 2589 (a)
406 2517 640 2589 Vera},
687 2519 776 2571 Ἐν
809 2517 911 2587 τῷ,
939 2527 1070 2589 etc.,
1098 2515 1441 2589 ὕψωσάςιμε.

298 2588 375 2659 (b)
407 2589 539 2645 Cod.
571 2586 747 2644 Palat.
793 2586 1044 2645 ut'infra.

1346 2721 1721 2778 ATHANASII
1762 2721 2352 2779 INTERPRETATIO.

227 2867 392 2940 μέχρι
423 2867 608 2930 τέλους
635 2869 716 2930 εἰς
744 2866 914 2936 ὕμνον
937 2868 1147 2938 εἴρηται
1181 2864 1260 2930 τῷ
1285 2863 1467 2930 ἱκανῷ
1495 2863 1568 2934 τῇ
1589 2864 1761 2934 χειρὶ,
1787 2865 2036 2920 τουτέστι
2071 2865 2148 2939 τῷ
2174 2865 2290 2937 Υίῷ
2317 2865 2409 2920 τοῦ
2432 2863 2590 2918 Θεοῦ.
2621 2861 2798 2918 Δασίδ
2823 2858 2931 2936 γάρ
2969 2854 3323 2929 ἑρμηνεύεται
3353 2857 3480 2909 ἱκα-

222 2964 337 3030 νὸς
369 2963 536 3031 χειρὶ,
579 2963 656 3026 ὡς
687 2962 883 3034 εἴρηκα
911 2965 987 3034 (1)
1016 2961 1291 3025 πολλάκις.

227 3069 360 3106 num
388 3053 566 3107 dictus
582 3062 665 3107 est
687 3051 940 3108 Psalmus
963 3072 1121 3110 manu
1149 3057 1296 3122 forti,
1319 3057 1424 3111 hoc
1452 3056 1688 3112 estFilio
1721 3054 1835 3110 Dei.
1858 3054 2025 3109 David
2045 3055 2190 3109 enim
2210 3057 2604 3123 interpretatur
2637 3067 2794 3104 manu
2847 3049 3021 3118 fortis,
3051 3056 3110 3101 ut
3131 3046 3474 3116 saepiusdixi.

301 3149 356 3202 ‘2.
393 3148 485 3219 Μὴ
523 3149 880 3220 ἀποστραφῇς
911 3151 1009 3220 τὴν
1042 3153 1345 3223 προσευχήν
1380 3170 1497 3222 μου.
1831 3155 1875 3214 C

1413 3170 1497 3206 .ou.
1831 3155 1875 3214 (ζ
1978 3150 2033 3204 2.
2065 3147 2143 3204 Ne
2175 3148 2443 3204 averseris
2474 3147 2777 3203 orationem
2812 3159 3007 3200 meam.

303 3241 356 3293 3.
388 3238 562 3292 Ὄλων
585 3240 691 3290 τῶν
723 3240 928 3310 γηίνων
958 3240 1064 3293 τῶν
1097 3243 1154 3295 ὲν
1179 3240 1253 3311 τῷ
1285 3242 1476 3313 κόσμῳ
1505 3241 1805 3313 καθαρίσας

1977 3244 2030 3298 '5.
2062 3243 2196 3299 Cum
2221 3243 2289 3297 ab
2313 3241 2566 3297 omnibus
2593 3240 2754 3294 rebus
2777 3237 3030 3300 terrenis,
3055 3251 3176 3306 qua:
3200 3235 3251 3289 in
3275 3235 3478 3289 mundo

228 3332 330 3400 τὴν
363 3331 602 3384 διάνοιάν
637 3349 738 3402 μου
759 3371 772 3394 ,
803 3332 976 3397 οὕτως
1011 3333 1234 3406 ἐδεήθην
1267 3352 1381 3389 σου.

1911 3343 2058 3398 sunt,
2091 3335 2414 3390 mundasscs
2457 3341 2696 3386 mentem
2726 3344 2920 3394 meam,
2963 3330 3036 3381 ita
3083 3335 3134 3381 te
3160 3327 3479 3396 deprecatus

1911 3442 2055 3483 sum.

309 3505 361 3559 4.
407 3506 495 3561 Ἐν
520 3504 599 3576 τῷ
630 3507 888 3572 νυστάξαι
921 3508 1000 3569 εἰς
1032 3507 1132 3578 τὴν
1158 3508 1432 3578 ἁμαρτίαν
1463 3508 1562 3576 τὴν
1584 3507 1810 3577 καρδίαν

1981 3516 2035 3571 4.
2063 3515 2200 3570 Cum
2232 3513 2553 3569 dormitaret
2593 3511 2646 3566 in
2669 3517 2890 3580 peccato
2920 3524 3016 3564 cor
3038 3523 3218 3563 meum
3255 3507 3310 3562 in
3345 3521 3482 3577 prae-

240 3614 370 3669 μου,
402 3597 459 3649 ἐν
481 3599 602 3658 ταῖς
628 3595 867 3658 ἐντολαῖς
899 3613 992 3648 σου
1027 3595 1391 3666 ἐθεμελίωσας
1429 3613 1513 3666 με.

1029 3595 1391 3666 ἐθεμελίωσάς
1429 3613 1513 3666 με·
1912 3607 2082 3676 ceptis
2111 3605 2220 3658 tuis
2247 3604 2486 3658 fundasti
2519 3619 2623 3656 me.

310 3689 362 3744 5.
407 3689 494 3741 Ἐν
519 3686 596 3758 τῷ
631 3689 770 3757 φωτὶ
802 3688 898 3759 τῆς
925 3687 1143 3759 χάριτός
1175 3704 1266 3740 σου
1299 3685 1585 3757 ὡδήγησάς
1616 3703 1702 3755 με.

1473 3685 1585 3756 ἰσάς
1616 3703 1702 3755 με·
1982 3697 2036 3752 5.
2063 3696 2120 3750 1η
2147 3695 2270 3749 luce
2300 3693 2490 3764 gratiae
2523 3703 2628 3748 tua
2661 3693 2934 3748 deduxisti
2961 3709 3067 3746 me.

315 3781 367 3836 6.
403 3781 590 3852 Τεῖχος
634 3781 850 3853 ἰσχυρόν
886 3799 973 3852 μοι
1010 3781 1085 3852 (2)
1122 3781 1386 3851 ὑπάρχεις
1420 3779 1670 3849 φεύγοντι
1707 3778 1812 3832 ἀπὸ

1983 3787 2038 3841 6.
2065 3784 2251 3840 Murus
2281 3784 2616 3840 fortissimus
2645 3784 2782 3838 mihi
2806 3799 2867 3840 es
2890 3781 3116 3854 fugienti
3144 3798 3174 3836 a
3202 3791 3443 3853 peccato.

229 3876 336 3944 τῆς
373 3873 669 3946 ἁμαρτίας.

311 3967 367 4018 Ἰ.
405 3966 496 4018 Ἐν
525 3967 638 4027 τοῖς
668 3964 1000 4035 δικαιώμασί
1023 3982 1116 4018 σου
1144 3963 1386 4036 διαμένω
1410 3962 1486 4033 (5)
1527 3958 1815 4032 [διαμενῶ]

1805 3958 1815 4029 |
1990 3966 2041 4020 7.
2074 3966 2129 4020 In
2153 3965 2640 4035 justiﬁcationibus
2662 3963 2774 4019 tuis
2800 3961 3132 4033 permanebo
3163 3973 3399 4028 semper.

231 4057 548 4118 διαπαντός.

313 4148 363 4203 8.
392 4147 810 4217 Φυλαχθήσομαι
843 4143 946 4196 ὑπὸ
992 4141 1101 4196 τῶν
1133 4143 1227 4196 δύο
1258 4140 1543 4212 Διαθηκῶν
1578 4156 1672 4193 σου
1717 4140 1814 4210 (4).

1717 4140 1814 4210 (4).
1990 4143 2044 4196 8.
2077 4141 2367 4196 Custodiar
2400 4140 2501 4195 sub
2530 4139 2744 4195 duobus
2773 4135 3137 4195 Testamentis
3170 4133 3298 4188 tuis.

316 4241 368 4294 9.
396 4238 695 4311 Πλήρώσας
727 4255 794 4310 με
822 4236 913 4290 τοῦ
945 4236 1222 4308 φωτισμοῦ
1258 4254 1371 4292 σου.

1992 4235 2046 4289 9.
2078 4233 2311 4302 Replens
2338 4248 2424 4287 me
2459 4231 2857 4285 illuminatione
2885 4237 2998 4283 tua.

313 4333 401 4389 10.
422 4333 532 4402 Τὴν
560 4330 834 4401 βασιλείαν
860 4329 965 4382 τῶν
985 4329 1227 4400 οὐρανῶν
1249 4329 1454 4394 ἔδωκας
1468 4331 1578 4392 τοῖς
1609 4325 1820 4383 ποιοῦσι

1995 4328 2079 4381 10.
2116 4325 2362 4397 Regnum
2407 4325 2669 4380 caelorum
2704 4321 2900 4380 dedisti
2933 4316 3264 4375 facientibus
3300 4315 3490 4370 volun-

236 4426 303 4480 τὺ
339 4424 552 4494 Θέλημά
585 4439 699 4475 σου.

689 4462 699 4475 ι
1925 4428 2086 4474 tatem
2118 4428 2283 4472 tuam.

319 4517 405 4570 11.
436 4517 546 4569 Καὶ
593 4515 671 4586 τῷ
718 4513 998 4578 ἀξιωθέντι
1028 4511 1203 4584 πιστῷ
1235 4531 1328 4568 σου
1361 4513 1474 4584 λαῷ
1523 4515 1579 4565 ὲν
1609 4511 1688 4582 τῷ
1725 4509 1819 4564 νῦν
1851 4497 1896 4552 D

1998 4511 2084 4564 11.
2121 4509 2189 4562 Et
2217 4507 2411 4579 populo
2436 4515 2527 4560 tuo
2548 4503 2714 4568 ﬁdeli,
2741 4502 2835 4574 qui
2866 4502 2921 4558 in
2951 4501 3056 4556 hoc
3078 4499 3275 4555 sarculo
3296 4498 3493 4568 dignus

244 4610 406 4666 αἰῶνι
432 4608 526 4662 τοῦ
557 4607 732 4678 φωτὸς
770 4607 867 4677 τῆς
905 4606 1125 4678 χαριτός
1163 4623 1254 4659 σου
1304 4605 1630 4677 προσθήσεις
1676 4601 1826 4672 αύτῷ

1929 4605 2105 4660 factus
2129 4613 2212 4658 est
2243 4602 2363 4656 luce
2392 4598 2579 4669 gratim
2613 4607 2742 4663 tuae,
2774 4594 2996 4664 adjicies
3027 4593 3128 4662 ipsi
3159 4591 3322 4646 etiam
3361 4589 3495 4644 frui-

242 4704 342 4757 καὶ
364 4701 458 4755 τοῦ
481 4700 651 4754 ἀϊδίου
677 4699 854 4768 φωτὸς
881 4696 1184 4751 ἀπολαῦσαι
1206 4698 1263 4749 ἐν
1283 4696 1360 4767 τῷ
1387 4695 1627 4767 μέλλοντι
1648 4693 1823 4748 αἰῶνι.

1548 4711 1627 4748 ντι
1648 4693 1823 4748 αἰῶνι.
1931 4697 2134 4750 tionem
2163 4703 2378 4748 αξιοι-ηιξ
2409 4691 2546 4745 lucis
2578 4689 2632 4743 in
2665 4697 2896 4743 venturo
2921 4685 3142 4740 saeculo.

322 4795 410 4850 12.
445 4793 555 4847 Καὶ
585 4794 618 4864 ή
649 4791 760 4862 ζωὴ
783 4789 944 4843 αὑτοῦ
973 4789 1322 4863 ἀτελεύτητός
1349 4791 1492 4842 ἐστιν
1517 4788 1612 4858 (5).

1370 4806 1492 4841 νστιν
1517 4788 1612 4858 (5).
2006 4787 2091 4840 12.
2124 4785 2190 4838 Ει
2223 4785 2332 4837 vita
2363 4783 2480 4851 ejus
2511 4779 2840 4849 sempiterna
2864 4785 2964 4831 est.

324 4889 408 4943 15.
425 4886 534 4939 Καὶ
551 4863 853 4956 ἀχώριστός
883 4884 999 4944 ἐστι
1015 4881 1108 4934 τοῦ
1125 4882 1259 4954 ὁρᾷν
1276 4882 1370 4951 τὴν
1393 4879 1544 4944 δόξαν
1561 4878 1652 4933 τοῦ
1669 4876 1826 4933 Θεοῦ.

1761 4876 1826 4933 δῦ.
2007 4880 2089 4933 15.
2122 4876 2186 4931 Et
2219 4873 2594 4945 inseparabilis
2622 4879 2706 4927 est
2739 4885 2768 4923 a
2793 4868 3003 4924 visione
3033 4865 3217 4937 gloria:
3240 4863 3355 4917 Dei.

323 4981 410 5034 14.
441 4977 554 5048 Τὴν
587 4952 903 5044 ενύσττλαγχν
914 4973 996 5027 ίαν
1013 4952 1178 5026 αὐτοῦ
1203 4973 1297 5026 καὶ
1322 4971 1420 5043 τὴν
1437 4971 1828 5042 δικαιοκρισίαν

2005 4973 2092 5026 14.
2128 4969 2525 5024 Miserationem
2572 4963 2693 5035 ejus
2737 4969 2796 5019 et
2830 4960 3036 5032 justum
3081 4956 3345 5026 judicium
3377 4952 3501 5022 quis

247 5075 332 5138 τίς
361 5072 438 5141 (6)
469 5069 753 5141 καταλάϐῃ
772 5084 787 5133 ;

1934 5061 2393 5134 comprehendet?

325 5139 624 5224 115.06%);
651 5139 807 5230 ψαλῶ
841 5176 922 5212 σοι
954 5157 1028 5232 (7)
1055 5158 1368 5220 ἀπαύστως,
1398 5155 1471 5220 ὡς
1498 5155 1746 5224 ὀφείλων,
1773 5158 1828 5208 ἐν

2006 5159 2092 5211 15.
2128 5157 2218 5210 Sic
2244 5154 2512 5224 psalmum
2535 5151 2711 5205 dicam
2730 5147 2826 5204 tibi
2848 5146 3202 5208 incessanter,
3230 5148 3288 5194 ut
3312 5139 3501 5200 debeo,

251 5255 650 5327 εύχαριστίαις.

1938 5252 1991 5303 in
2024 5249 2316 5319 gratiarum
2342 5244 2667 5299 actionibus.

323 5350 410 5403 16.
457 5347 740 5418 ’Δνυμνεῖν
772 5361 834 5398 σε
863 5344 958 5398 καὶ
1004 5345 1060 5397 ὲν
1085 5343 1161 5414 τῷ
1211 5343 1305 5396 νῦν
1337 5341 1491 5396 αἰῶνι
1531 5341 1623 5394 καὶ
1664 5341 1721 5392 ὲν
1759 5337 1833 5408 τῷ

2012 5342 2097 5396 16.
2129 5340 2197 5396 Ut
2225 5340 2438 5394 laudem
2475 5348 2525 5392 te
2563 5349 2614 5392 et
2645 5335 2700 5390 in
2731 5330 2984 5406 praesenti
3019 5328 3218 5385 saeculo
3245 5337 3297 5382 et
3340 5341 3392 5380 in
3424 5323 3507 5379 fu-

259 5445 530 5517 μέλλοντι.

491 5462 530 5497 ι.
1941 5443 1995 5487 tu
2005 5449 2083 5486 ro.

1211 5551 1526 5616 Addenda
1554 5558 1614 5614 et
1640 5549 2018 5628 corrigenda
2064 5564 2142 5607 ex
2177 5544 2315 5605 cod.
2356 5544 2553 5604 Vatic.

437 5681 703 5746 Πολλάκις
740 5682 1060 5754 εἰρήκαμεν.
2107 5675 2316 5754 Ἑισται.

325 5747 399 5815 (2)
429 5754 567 5804 Μου.
793 5747 805 5752 ⁷
850 5747 860 5754 ’
942 5747 954 5754 ’
2000 5747 2076 5818 (6)
2116 5747 2287 5818 Αὑτοῦ
2316 5747 2412 5806 τίς.

325 5807 401 5889 (3)
422 5825 716 5893 Διαμείνω.

2007 5807 2084 5887 Π)
2108 5818 2196 5869 Σοι
2223 5815 2393 5879 deest,
2426 5811 2718 5874 ἀπαύστως
2745 5807 2932 5879 ὄφελον
2964 5807 3044 5871 ἐν,
3080 5810 3187 5860 etc.

330 5893 403 5964 μ)
440 5897 539 5949 Σου
575 5894 746 5948 deest.
