4036 6456
242 410 352 473 893
1122 419 1209 475 DE
1251 419 1526 478 TITULIS
1560 423 2009 482 PSALMORUM‘.
2050 458 2116 468 —
2145 427 2341 484 PSAL.
2379 430 2535 484 LXII.
3367 445 3474 502 894

316 523 403 579 15.
449 524 569 578 Ἐπὶ
590 526 668 597 τῷ
688 527 806 599 Θεῷ
834 529 895 582 τὸ
919 533 1184 603 σωτήριόν
1212 551 1312 605 μου
1345 536 1439 587 καὶ
1462 538 1495 606 ἡ
1526 536 1652 601 δόξα
1683 555 1805 608 μου.
1837 542 1885 594 Α

1631 555 1652 589 ι
1683 555 1805 608 μου.
1837 542 1885 594 Α
1983 541 2071 597 15.
2110 543 2165 596 In
2201 542 2309 597 Deo
2331 546 2569 600 salutare
2597 561 2773 601 meum
2804 557 2857 603 et
2890 548 3058 618 gloria
3086 568 3225 608 mea.

321 615 402 668 16.
434 615 492 668 Ὀ
513 617 645 681 Θεὸς
677 619 777 689 τῆς
810 621 1059 694 βοηθείας
1093 643 1214 696 μου,
1245 627 1339 680 καὶ
1364 629 1565 698 ὴὲλπίς
1592 648 1692 700 μου
1718 632 1807 684 ἐπὶ

284 705 319 759 ἶ)
353 706 491 759 Θεῶ.

1676 650 1692 683 δ
1718 632 1807 684 ἐπὶ
1984 636 2070 691 16.
2107 638 2249 695 Deus
2277 642 2465 695 auxilii
2497 642 2639 709 mei,
2672 653 2726 697 et
2754 660 2876 714 spes
2894 615 3026 700 imea
3056 648 3108 701 in
3144 649 3270 706 Deo.

236 721 319 775 τῳ
353 721 491 777 usq).

310 798 401 854 17.
450 801 734 855 Ἐλπίσατε
750 804 822 856 ἐπ
834 803 849 822 ’
862 805 1044 871 αὐτὸν,
1066 807 1215 860 πᾶσα
1233 807 1519 879 συναγωγὴ
1539 808 1682 862 λαῶν
1707 810 1800 882 (α).

1966 822 2054 874 17.
2094 822 2314 892 Sperate
2342 824 2393 878 in
2422 840 2507 892 eo,
2531 826 2709 881 omnis
2737 831 3083 901 congregatio
3118 836 3457 904 populorum.

315 890 404 945 18.
445 891 697 961 Ἐκχέατε
720 892 949 947 ἐνώπιον
989 895 1152 948 αὑτοῦ
1182 896 1280 959 τὰς
1316 897 1542 966 καρδίας
1572 900 1724 970 ὑμῶν
1758 918 1772 932 ·

1578 900 1724 970 ὑμῶν
1758 918 1772 932 ·
1976 912 2062 967 18.
2102 890 2373 970 Ellumlite
2400 890 2580 970 coram
2613 918 2703 972 illo
2732 890 2895 976 corda
2923 890 3172 979 vvestra-z'

318 984 405 1038 19.
441 984 561 1038 ’Ὁτι
585 987 613 1038 6
642 984 775 1049 Θεὸς
798 986 989 1056 βοηθὸς
1022 987 1197 1059 ἡμῶν.

1974 1002 2061 1057 19.
2094 1002 2233 1058 Duia
2262 1003 2402 1061 Deus
2426 1005 2642 1074 adjutor
2669 1017 2869 1064 noster.

834 1077 1168 1149 Διάψαλμα.

2514 1096 2845 1166 Diapsalma.

312 1164 405 1221 20.
436 1166 583 1236 Πλὴν
612 1167 828 1237 μάταιοι
858 1170 907 1220 οἱ
939 1169 1045 1220 υἱοὶ
1063 1168 1171 1220 τῶν
1201 1168 1499 1240 ἀνθρώπων
1527 1184 1542 1199 ⁸

1527 1184 1542 1199 ⁸
1970 1183 2061 1237 20.
2100 1183 2485 1241 Verumtamen
2515 1190 2638 1242 vani
2666 1188 2760 1243 lilii
2804 1191 3121 1247 hominum-

310 1258 402 1310 21.
427 1258 654 1322 Ψευδεῖς
678 1259 729 1311 οἱ
759 1260 864 1313 υἱοὶ
888 1260 997 1313 τῶν
1024 1259 1323 1331 ἀνθρώπων
1369 1263 1425 1313 ὲν
1470 1260 1675 1329 ζυγοῖς,
1708 1260 1800 1313 τοῦ

1968 1276 2059 1330 21.
2090 1275 2375 1334 Dlemlaces
2401 1279 2496 1333 lilii
2531 1282 2810 1337 hominum
2865 1284 2919 1339 in
2959 1286 3194 1352 stateris,
3229 1297 3287 1343 ut
3318 1288 3462 1343 deei-

236 1344 496 1416 ἁδικῆσαι
516 1364 531 1378 ·

475 1364 496 1398 ιι
516 1364 531 1378 ·
1900 1366 2069 1437 piant.

312 1436 402 1490 22.
433 1437 595 1490 Αὐτοὶ
622 1440 687 1492 ὲκ
714 1439 1075 1511 ματαιότητος
1102 1441 1193 1492 ἐπὶ
1214 1439 1275 1492 τὸ
1301 1440 1449 1493 αὑτό.
1902 1436 1906 1437 ν

1328 1440 1449 1493 ιῦτόο
1902 1436 1907 1437 ί
1971 1459 2061 1514 22.
2096 1459 2201 1528 lpsi
2229 1461 2296 1515 de
2318 1461 2556 1516 vanitate
2586 1464 2638 1516 in
2668 1464 2922 1534 idipsum.

308 1529 397 1582 25.
435 1530 524 1601 Μὴ
548 1530 796 1593 ἐλπίζετε
833 1533 918 1585 ἐπ’
952 1533 1162 1585 ἀδικίαν
1185 1550 1197 1561 ·

1968 1549 2058 1605 25.
2094 1548 2270 1605 Nolite
2296 1568 2515 1622 sperare
2540 1553 2594 1607 in
2620 1529 2904 1624 iniquitate
2932 1576 2944 1611 :

310 1620 405 1675 21.
434 1623 543 1674 Καὶ
566 1623 657 1675 ἐπὶ
690 1622 958 1694 ἅρπαγμα
985 1627 1058 1697 μὴ
1088 1624 1394 1678 ἐπιποθεῖτε
1416 1643 1430 1656 ο

1555 1713 1598 1717 η
1969 1644 2060 1697 21.
2097 1642 2163 1697 Et
2191 1620 2413 1712 rapinas
2448 1646 2616 1699 nolite
2638 1620 3040 1717 concupiscere.

296 1710 389 1764 25.
418 1710 653 1776 Πλοῦτος
681 1713 777 1766 ἐὰν
806 1715 925 1788 ῥέῃ,
957 1716 1029 1787 μὴ
1056 1715 1408 1786 προστίθεσθε
1442 1713 1685 1786 καρδίαν.

1967 1734 2058 1789 25.
2094 1710 2306 1788 Divitis:
2336 1735 2379 1789 si
2410 1734 2652 1801 aﬂluant,
2683 1710 2851 1789 nolite
2873 1752 2966 1789 cor
2995 1752 3284 1806 apponere.

312 1803 404 1855 26.
444 1804 625 1869 Ἀπαξ
651 1806 910 1876 ἐλάλησεν
940 1811 966 1861 6
995 1808 1146 1870 Θεὸς,
1166 1807 1259 1860 δύο
1278 1806 1451 1860 ταῦτα
1475 1806 1681 1876 ηκουσα
1827 1883 1867 1892 _

1827 1883 1867 1892 _
1966 1822 2059 1878 26.
2093 1823 2270 1879 Semel
2294 1824 2510 1879 locutus
2543 1836 2627 1879 est
2659 1824 2825 1892 Deus,
2849 1826 2957 1882 duo
2982 1803 3095 1883 haec
3118 1830 3299 1885 audivi
3334 1848 3349 1886 :

309 1894 402 1947 27.
436 1895 511 1966 (b)
546 1898 666 1951 Ὂτι
696 1898 757 1951 τὸ
786 1900 987 1970 κράτος
1017 1899 1111 1952 τοῦ
1142 1900 1299 1966 Θεοῦ,
1824 1883 1872 1942 Β

1061 1899 1111 1952 ῡῦ
1142 1900 1299 1966 θεοῦ,
1824 1883 1872 1942 Β
1968 1916 2058 1969 27.
2087 1915 2223 1984 Quia
2255 1925 2495 1986 potesms
2528 1917 2655 1983 Dei,

304 1983 397 2039 28.
424 1987 535 2039 Καὶ
565 1988 658 2040 σοῦ
691 1988 783 2057 (ε),
814 1990 1006 2059 Κύριε,
1028 1989 1089 2043 τὸ
1106 1989 1270 2053 ἕλεος.

1967 2006 2057 2061 28.
2104 2007 2169 2061 Ει
2201 1983 2314 2071 tua,
2341 2007 2589 2071 Domine.
2615 2008 3005 2063 misericordia.

304 2078 394 2133 29.
424 2080 545 2133 Ὀτι
575 2084 640 2135 σὺ
674 2082 977 2148 ἀποδώσεις
1011 2085 1226 2155 ἑκάστῳ
1267 2080 1405 2137 κατὰ
1435 2080 1505 2134 τὰ
1533 2079 1669 2151 ἔργα
1700 2094 1797 2132 αυ-

1756 2096 1797 2130 ³·
1965 2099 2056 2154 29.
2093 2098 2230 2165 Quia
2265 2108 2319 2153 tu
2348 2099 2541 2155 reddes
2570 2100 2860 2171 unicuique
2879 2100 3030 2171 juxta
3052 2117 3213 2160 onera
3235 2118 3350 2157 sua.

229 2183 351 2223 του.

305 2259 550 2329 Ψαλμὸς
584 2259 665 2326 τῷ
695 2259 873 2315 Δαόιδ
892 2279 905 2292 ⁸
935 2261 1005 2313 ἐν
1036 2260 1114 2325 τῷ
1145 2257 1296 2314 εἶναι
1331 2263 1516 2315 αὐτὸν
1543 2263 1611 2316 ἐν
1645 2260 1721 2330 τῇ
1897 2306 1899 2312 .

1897 2258 2144 2313 Psalmus
2174 2258 2343 2313 David
2365 2274 2382 2312 :
2407 2274 2525 2311 cum
2553 2270 2685 2312 esset
2716 2260 2829 2327 ipse
2859 2260 2915 2312 in
2956 2259 3159 2314 deserto
3184 2258 3452 2319 Idumam.

463 2350 661 2423 ἐρήμῳ
690 2351 801 2419 τῆς
845 2350 1197 2420 Ἰδουμαίας.
1239 2353 1397 2404 tum.
1422 2349 1551 2405 se.
2426 2348 2689 2405 PSALBI.
2736 2349 2919 2405 an.

307 2441 357 2496 1.
394 2443 454 2497 '0
481 2442 613 2506 Θεὸς
639 2446 667 2496 6
698 2442 828 2504 Θεός
854 2459 978 2512 μου,
1015 2443 1149 2513 πρὸς
1180 2444 1238 2496 σὲ
1263 2444 1515 2516 ὀρθρίζω.

1967 2444 2019 2498 1.
2057 2440 2201 2497 Deus
2225 2440 2366 2497 Deus
2396 2457 2571 2507 meus,
2595 2441 2662 2496 ad
2689 2451 2743 2497 te
2762 2443 2829 2498 de
2856 2443 2974 2499 luce
3001 2442 3176 2514 vigilo.

303 2554 381 2622 (α)
412 2553 467 2607 In
502 2570 671 2623 marg.
699 2555 819 2610 cod.
851 2555 1002 2609 λαοῦ.

304 2624 381 2696 (b)
417 2624 568 2678 Vers.
604 2625 694 2688 27,
724 2627 815 2690 28,
845 2627 946 2681 διώ
967 2628 1126 2682 unico
1161 2643 1308 2682 num.

302 2704 374 2766 te)
406 2696 495 2749 Σοι
518 2696 573 2749 iu
604 2712 776 2767 marg.
804 2699 925 2753 cod.

1334 2788 1705 2846 ATHANASII
1742 2780 2319 2843 lNTERPRETA'l‘lO.

299 2899 387 2955 15.
427 2899 551 2952 Ἐπὶ
578 2897 658 2969 τῷ
682 2898 800 2969 Θεῷ
829 2901 863 2969 ἡ
890 2900 1000 2970 ζωή
1036 2918 1135 2970 μου
1165 2903 1259 2956 καῖ⁵
1290 2902 1349 2956 τὸ
1380 2902 1645 2974 καύχημά
1663 2920 1785 2974 μου.

1520 2904 1645 2974 γημά
1663 2920 1785 2974 μου.
1963 2895 2050 2952 15.
2082 2893 2141 2948 ln
2163 2893 2274 2949 Deo
2298 2892 2405 2948 rita
2428 2906 2568 2959 mea,
2607 2902 2660 2948 et
2694 2894 2944 2967 gloriatio
2976 2912 3114 2952 mea.

300 2991 390 3047 16.
427 2992 485 3043 Ὀ
512 2990 644 3053 Θεός
677 3006 778 3060 μου
808 2988 1000 3061 βοηθός
1030 3008 1130 3062 μου
1156 2993 1362 3061 γίνεται
1395 2994 1503 3062 ἀεὶ,
1559 2994 1651 3047 καὶ
1700 2993 1790 3047 διὰ

1965 2986 2053 3042 16.
2082 2984 2224 3041 Deus
2266 3000 2423 3040 meus
2450 2983 2667 3053 adiutor
2695 3001 2848 3042 meus
2878 2996 2960 3043 est
2988 3003 3224 3059 semper,
3251 3000 3303 3045 et
3333 2991 3453 3046 ideo

224 3084 436 3153 τοῦτοὴ
461 3082 615 3145 ὲλπίς
646 3099 747 3153 μου
777 3082 861 3135 ἐπ’
891 3083 1037 3154 αὐτῷ
1066 3086 1200 3139 ἐστι.

922 3083 1037 3154 ,ὺτῷ
1066 3086 1200 3139 ἐστι.
1894 3091 2018 3147 spes
2049 3091 2170 3131 mea
2197 3075 2251 3130 in
2274 3075 2393 3146 ipso
2414 3083 2516 3131 est.

302 3172 387 3226 17.
419 3170 529 3224 Καὶ
561 3171 718 3241 ὑμεῖς
750 3166 862 3235 οὖν,
887 3172 972 3224 ἐπ’
1006 3172 1251 3243 miror/(1)
1288 3172 1539 3227 ἐλπίσατε
1568 3173 1786 3239 πάντες.
1817 3217 1862 3280 C

1598 3173 1786 3239 πάντες.
1817 3217 1862 3280 c
1966 3168 2054 3225 17.
2086 3166 2152 3280 Et
2173 3182 2272 3223 vos
2296 3167 2690 3280 igiturornues,
2723 3179 2940 3276 sperate
2948 3170 3018 3280 lin
3046 3186 3192 3277 eum.

298 3264 387 3319 18.
415 3261 506 3335 Τῷ
532 3262 763 3333 ἑτοίμως
798 3262 1078 3335 βοηθοῦντι
1107 3268 1217 3329 τοῖς
1248 3266 1555 3332 ἐλπίζουσιν
1583 3269 1667 3322 ἐπ’
1692 3268 1788 3322 c.6—
1819 3261 1862 3280 ”

1860 3262 1862 3276 ’
1968 3263 2058 3319 18.
2087 3262 2349 3332 Prompte
2383 3262 2667 3332 opitulanti
2702 3263 3049 3334 sperantibus
3090 3264 3145 3318 in
3178 3279 3244 3320 eo
3270 3264 3454 3319 all‘erte

221 3358 315 3413 τὸν
343 3357 746 3431 προσενέγκατε
777 3358 925 3429 αὐτῷ
952 3359 1049 3423 τὰς
1070 3360 1292 3429 καρδίας
1322 3360 1495 3416 ὑαῶν.

824 3358 925 3429 ὒτῴ
952 3359 1049 3423 τὰς
1070 3360 1292 3429 καρδίας
1322 3360 1495 3416 ὑαῶν.
1889 3358 1993 3429 ipsi
2022 3357 2186 3413 corda
2221 3364 2418 3409 vestra.

292 3452 382 3506 19.
428 3450 751 3503 ’Δντίκειται
776 3453 888 3512 τοῖς
913 3449 1126 3520 ἐχθροῖς
1155 3451 1331 3521 ἡμῶν.

1324 3490 1331 3505 .
1956 3448 2044 3503 19.
2073 3446 2405 3501 Adversatur
2434 3444 2669 3499 inimicis
2699 3443 2918 3501 nostris.

291 3542 384 3603 20.
419 3541 482 3594 0i
507 3540 575 3593 τὰ
607 3538 924 3610 ἀνθρώπινα
948 3540 1289 3612 φρονοῦντες.

1071 3540 1289 3605 ιοῢντες.
1962 3538 2053 3593 20.
2085 3535 2331 3591 Humana
2365 3536 2665 3606 cogitantes

296 3633 387 3686 21.
416 3630 589 3685 Δόλιοι
623 3631 1178 3699 καταδυναστεύοντες
1204 3634 1299 3690 καὶ
1341 3635 1675 3701 ἀδικοῦντες.

1962 3628 2056 3683 21.
2087 3627 2271 3683 Dolosi
2324 3628 2643 3697 impotenter
2701 3628 3085 3692 dominantes,
3146 3638 3200 3683 et
3255 3628 3453 3700 injuste

1891 3728 2112 3776 agentes

292 3787 385 3842 22.
422 3788 519 3841 Ἐκ
548 3786 859 3855 πλεονεξίας
891 3794 1215 3859 συναγαγεῖν
1243 3793 1455 3857 ἑαυτοῖς
1491 3795 1525 3866 ἡ
1569 3794 1789 3865 φροντὶς

1891 3736 1920 3775 a
1960 3736 2112 3776 entes

1926 3736 2047 3867 322.
2084 3806 2157 3865 Ut
2184 3809 2289 3866 sibi
2317 3824 2347 3866 ε
2380 3810 2521 3880 turpi
2552 3809 2705 3864 lucro
2730 3818 3076 3880 congregent,
3109 3824 3239 3865 cura
3262 3824 3451 3865 eorum

224 3878 406 3932 αὐτῶν
435 3881 601 3933 ἐστιν.
1887 3909 1990 3957 εει,

294 3969 487 4023 25-25.
521 3972 585 4024 Ol
610 3969 721 4039 γὰρ
752 3969 1039 4024 πλουτεῖν
1066 3970 1347 4039 θέλοντες
1388 3974 1789 4043 ἐμπίπτουσιν

1959 3990 2148 4046 25-25.
2184 3989 2326 4044 Nam
2358 3991 2449 4060 qui
2496 3989 2675 4044 volunt
2719 3991 2907 4044 divites
2937 3992 3081 4059 ﬁeri,
3130 3992 3367 4047 incidunt
3398 3994 3450 4047 in

224 4064 315 4127 είς
342 4060 675 4130 πειρασμὸν
695 4061 791 4115 καὶ
825 4061 1045 4131 παγίδα
1068 4063 1173 4117 τοῦ
1203 4064 1503 4120 διαϐόλου.

1364 4064 1503 4120 {-109-
1890 4082 2229 4152 teutatiqnem
2259 4091 2308 4135 et
2336 4084 2389 4136 in
2415 4084 2657 4152 laqueum
2684 4084 2958 4137 diaboli".

296 4153 387 4209 26.
422 4152 503 4206 Τὰ
530 4152 670 4206 αὐτὰ
700 4152 961 4223 ἐλάλησεν
984 4154 1012 4206 6
1043 4153 1175 4218 Θεὸς
1196 4157 1289 4209 καὶ
1309 4158 1366 4209 ὲν
1398 4156 1476 4229 τῷ
1508 4158 1676 4231 νόμῳ,
1695 4161 1787 4214 καὶ

1954 4170 2044 4226 26.
2076 4148 2278 4228 Eadem
2336 4148 2551 4229 locutus
2592 4182 2678 4228 est
2734 4173 2872 4228 Deus
2912 4184 2965 4228 et
3012 4174 3067 4229 in
3116 4175 3250 4247 lege,
3290 4186 3344 4231 et
3397 4176 3451 4232 in

220 4245 281 4296 ὲν
303 4246 414 4306 τοῖς
438 4245 743 4314 προφήταις
773 4243 843 4296 τὰ
872 4242 964 4296 δύο
986 4244 1157 4297 ταῦτα
1184 4262 1198 4275 ο

889 4242 964 4296 Ξύο
986 4244 1157 4297 ταῦτα
1184 4262 1198 4275 °
1886 4264 2167 4334 prophetis
2193 4265 2309 4320 hazc
2338 4266 2445 4320 duo
2470 4283 2483 4317 :

290 4335 381 4388 27.
421 4334 769 4405 Ἀγαπήσεις
801 4338 1023 4405 Κύριον
1056 4337 1163 4391 τὸν
1192 4340 1341 4391 Θεόν
1367 4354 1503 4393 σου.

1479 4358 1503 4393 ν.
1952 4350 2043 4410 27.
2076 4355 2273 4426 Diliges
2311 4355 2596 4410 Dominum
2634 4355 2799 4411 Deum
2832 4367 2979 4411 (unm
3007 4357 3073 4412 ⁷³.

289 4429 382 4484 28.
415 4429 526 4483 Καὶ
553 4432 798 4501 ποιήσεις
823 4429 970 4484 ἔλεον
1005 4429 1083 4502 τῷ
1106 4430 1331 4501 πλησίον
1366 4448 1458 4485 σου
1483 4432 1558 4497 ὡς
1585 4433 1781 4504 ἑαυτῷ.

1955 4446 2046 4501 28.
2081 4446 2147 4501 Ει
2189 4446 2358 4503 facies
2408 4448 2841 4505 misericordiam
2891 4450 3142 4518 proximo
3178 4458 3270 4503 tuo
3313 4448 3454 4504 sicut

1815 4555 1862 4611 ι)
1889 4538 1985 4593 tibi
2021 4539 2122 4609 ipsi
2146 4539 2210 4592 ⁷⁵.

291 4610 379 4665 ι9ο
399 4610 569 4673 Αὐτὸς
578 4609 686 4680 γὰρ
702 4609 1199 4706 ἀποδώσειὲκάστξρ
1214 4612 1432 4668 κατὰτὰ
1448 4615 1583 4687 ἔργα
1601 4620 1783 4681 αὑτοῦ.
1816 4609 1847 4611 _

1962 4629 2053 4685 29.
2085 4630 2206 4702 Ipse
2232 4632 2377 4686 enim
2396 4632 2689 4702 unicuique
2709 4632 2895 4687 reddet
2913 4632 3065 4701 juxta
3092 4649 3249 4703 opera
3277 4634 3445 4689 sua".

301 4701 366 4753 Ἦ
390 4700 723 4792 προκειμένη
756 4699 1036 4773 ἐπιγραφὴ
1058 4699 1302 4773 περιέχει
1328 4703 1404 4775 (2)
1431 4720 1445 4735 ⁸
1484 4709 1729 4779 Ψαλμος
1757 4712 1837 4786 τῷ
1864 4718 2042 4772 Δαόίδ
2063 4735 2079 4751 ο
2110 4699 2181 4772 ἓν
2204 4712 2287 4786 τῷ
2310 4716 2461 4774 εῖναι
2494 4699 2681 4773 αὐτον
2703 4721 2774 4773 ἐν
2797 4719 2872 4788 τῇ
2903 4699 3099 4792 ἐρήμῳ
3128 4699 3234 4789 τῆς
3273 4722 3454 4776 Ἰδου-

442 4794 613 4847 Τοῦτο
625 4790 717 4885 οὖν
739 4794 885 4885 ἐστιν
908 4794 937 4847 ὃ
958 4794 1125 4885 λέγει.
1144 4796 1324 4850 Δαὸὶδ
1355 4799 1713 4869 ἑρμηνεύεται
1734 4808 2126 4881 ἐξουθένημα,
2153 4812 2372 4883 ἕρημος
2399 4813 2493 4865 καὶ
2516 4814 2591 4884 (5)
2624 4815 2656 4866 ὁ
2677 4814 2903 4882 κόσμος
2926 4790 3231 4885 θεῴρεῖται.
3272 4813 3453 4868 Ἰδου-

209 4885 362 4976 pag;
382 4883 439 4937 δὲ
472 4883 831 4955 ἑρμηνεύεται
862 4884 1232 4938 ἐκλείπουσα
1252 4904 1266 4918 ο
1297 4890 1571 4942 τουτέστιν
1598 4894 1626 4945 6
1651 4895 1974 4969 ἁμαρτωλὸς
2002 4902 2031 4953 6
2056 4902 2475 4975 ἐξουθενημένος
2504 4883 2579 4957 ὧν
2609 4903 2687 4975 (4)
2720 4906 2837 4956 ὲστι
2860 4903 2938 4974 τῷ
2963 4883 3151 4975 κόσμῳ
3174 4904 3251 4976 τῷ
3284 4904 3453 4958 ἐκλεί-

291 4974 511 5030 Titulus
546 4976 879 5045 praepositus
902 4979 1144 5033 continet
1175 4997 1188 5033 :
1220 4978 1470 5036 Psalnms
1495 4984 1666 5043 David
1705 5008 1724 5046 :
1755 5010 1873 5047 cum
1906 5005 2040 5049 esset
2073 4997 2183 5065 ipse
2219 4998 2275 5049 in
2310 4974 2515 5050 deserto
2549 4995 2822 5051 lduma'ae.
2860 4994 2975 5051 lloc
3000 4974 3162 5066 igitur
3182 4974 3285 5062 est,
3308 4999 3449 5069 quod

215 5071 510 5141 signiﬁcat.
558 5071 729 5125 David
762 5073 1147 5141 interpretatur
1191 5076 1437 5145 abjectio,
1470 5089 1524 5135 et
1553 5084 1748 5142 deserti
1776 5091 1997 5146 nomine
2034 5093 2261 5146 mundus
2293 5092 2579 5163 allegorice
2607 5092 2924 5162 intelligitur
2957 5111 2971 5147 :
3003 5090 3243 5146 Idumam
3273 5104 3451 5147 autem

213 5163 613 5233 interpretatur
658 5164 904 5233 deﬁciens
940 5180 958 5217 :
990 5181 1183 5235 nempe
1210 5178 1483 5236 peccator,
1529 5178 1621 5243 qui
1668 5192 1851 5234 coram
1883 5179 1994 5237 Deo
2025 5191 2371 5253 contemptus
2402 5192 2457 5237 et
2496 5183 2739 5252 ahjectus
2762 5192 2866 5249 est,
2906 5197 3132 5237 manens
3159 5181 3213 5236 in
3249 5184 3453 5238 mundo

283 5278 335 5331 1.
376 5278 435 5330 '0
465 5278 596 5342 Θεὸς
622 5280 651 5331 6
678 5278 810 5344 Θεὸς
837 5298 960 5351 μου,
978 5281 1071 5334 ἐπὶ
1094 5282 1154 5335 τὸ
1177 5282 1292 5352 φῶς
1310 5302 1401 5338 σου
1425 5286 1562 5342 θέλω
1584 5290 1775 5347 ἐλθεῖν.

1964 5298 2010 5352 1.
2046 5297 2188 5355 Deus
2214 5296 2358 5353 Deus
2384 5313 2538 5352 meus
2558 5338 2574 5363 ,
2604 5298 2670 5351 ad
2702 5297 2879 5352 lucem
2916 5306 3065 5352 tuam
3088 5296 3212 5351 volo
3246 5299 3446 5355 venire.

282 5392 328 5423 ⁷²
360 5388 378 5443 Ι
408 5384 550 5449 Tim.
578 5409 652 5458 Vl,
683 5393 737 5448 9.
812 5394 859 5424 ⁷³
876 5393 1031 5450 Deut.
1053 5411 1128 5461 Vl,
1156 5398 1220 5463 5;
1256 5397 1448 5457 Matth.
1476 5404 1711 5468 xxn,57.
1788 5406 1833 5438 ⁷⁸
1866 5406 1876 5461 Ι

1788 5406 1833 5438 ⁷⁸
1866 5406 2039 5465 terit.
2078 5427 2190 5475 ιιι,
2219 5410 2323 5475 18;
2350 5408 2539 5463 Matth.
2568 5424 2706 5475 xm,
2738 5408 2830 5464 59.
2912 5408 2959 5441 "
2990 5407 3149 5464 Rom.
3174 5424 3235 5477 ιι,
3257 5409 3309 5464 6.

1164 5515 1470 5579 Addenda
1508 5526 1567 5579 et
1608 5521 1982 5603 corrigenda
2014 5543 2091 5588 ex
2123 5526 2261 5587 cod.
2301 5524 2498 5586 Vatic.

279 5643 295 5715 ς
305 5634 325 5687 1
340 5646 384 5715 j.
409 5633 524 5715 Eg?
542 5632 708 5715 εὖτ-Εἰ
727 5634 995 5715 ἐλπίσατε
1019 5638 1218 5701 πάντες
1249 5637 1326 5710 τῷ
1356 5640 1604 5713 ἑτοίμως,
1647 5655 1774 5711 etc.,
1958 5650 2035 5715 (5)
2060 5649 2143 5702 Δέ,

279 5653 325 5695 ιι
340 5653 356 5703 )
420 5653 521 5706 βπ
554 5653 702 5703 αυτῳ
727 5653 979 5688 ελπισατε
1019 5653 1218 5701 παντες
1249 5656 1326 5710 τῳ
1356 5653 1604 5713 ετοίμως,
1647 5655 1774 5711 etc.,
1983 5653 2035 5715 ὅ)
2060 5653 2143 5702 Δέ.

210 5704 515 5788 ὲιῑξέριὺτθξνζ
633 5705 730 5785 18.
762 5706 1191 5788 Προσεινέγκατε.
1954 5653 2031 5788 :4)
2072 5721 2130 5775 '0
2157 5720 2234 5774 ὢν
2260 5719 2345 5773 ἔτι
2362 5719 2420 5771 ὲν
2442 5714 2543 5779 τῶ,
2574 5724 2682 5772 etc.

282 5773 358 5845 (2)
410 5776 454 5827 ll
487 5774 574 5828 διὰ
599 5775 697 5846 τῆς
725 5773 1094 5847 κινναϐάρεως
1117 5794 1235 5849 περ.
