4036 6434
577 350 682 411 895
1417 358 1474 414 S.
1512 359 1888 419 ATHANASII
1919 365 2068 420 OPP.
2112 366 2290 421 PARS
2332 367 2416 424 Ill.
2457 400 2526 410 —
2567 370 2974 429 EXEGETICA.
3717 378 3825 434 896

648 471 703 526 2.
737 470 915 526 Sitivit
941 482 990 528 te
1019 476 1197 531 anima
1226 493 1343 533 mea
1375 497 1388 533 :
2166 493 2213 548 Α

2166 493 2213 548 Α
2311 489 2364 540 2.
2414 489 2660 560 Ἐδίψησέ
2697 507 2754 542 σε
2789 493 2821 562 ή
2853 492 2997 563 ψυχή
3031 508 3163 563 μου·

648 564 699 616 3.
737 562 909 630 Quam
943 567 1314 637 multipliciter
1342 572 1436 627 tibi
1464 589 1593 629 caro
1624 590 1763 631 mea.

1624 590 1763 631 mea.
2320 581 2371 634 '5.
2402 581 2702 646 Ποσαπλῶς
2740 601 2821 636 σοι
2851 586 2882 654 ἡ
2916 562 3050 655 σάρξ
3078 602 3197 656 μου.

645 655 698 710 4.
733 655 788 709 In
821 667 960 712 terra
988 659 1222 727 deserta,
1247 672 1299 716 et
1329 664 1493 731 invia,
1513 676 1566 722 ct
1588 668 1852 738 inaquosa
1882 690 1892 723 :

2320 675 2371 726 4.
2411 675 2497 726 Ἐν
2534 679 2602 744 γῇ
2632 677 2844 746 ἐρήμῳ,
2871 677 2966 729 καὶ
2990 655 3196 746 ἀϐάτῳ,
3230 677 3324 731 καὶ
3356 676 3567 748 ἀνύδρῳ

650 748 703 802 5.
737 748 900 805 Sicin
925 761 1114 808 sancto
1141 757 1366 824 apparui
1405 759 1498 812 tibi
1533 777 1546 813 :

2320 768 2371 822 5.
2406 768 2591 830 Οὕτως
2624 770 2680 819 ὲν
2713 769 2790 839 τῷ
2812 771 2953 839 ἁγίῳ
2993 769 3166 841 διρθην
3198 787 3279 822 σοι
3305 787 3319 801 ·

647 840 700 895 6.
747 840 813 896 Ut
856 843 1096 899 viderem
1133 846 1386 904 virtutem
1431 863 1598 916 tuam,
1635 863 1687 908 et
1713 854 1939 924 gloriam
1971 865 2140 911 tuam.

2321 862 2374 913 (i.
2408 861 2512 914 Τοῦ
2540 861 2664 914 ἰδεῖν
2693 862 2790 932 τὴν
2819 861 2878 913 δύ
2889 863 3060 932 μαμίν
3086 840 3177 914 σου
3210 861 3302 914 καὶ
3328 861 3428 932 τὴν
3454 859 3611 923 δόξαν
3641 875 3759 913 σου.

652 933 702 988 7.
742 933 1009 1002 Quoniam
1055 940 1246 995 melior
1295 952 1380 997 est
1428 946 1802 1004 misericordia
1850 959 1938 1004 tua
1984 967 2144 1021 super

1997 967 2144 1021 super
2323 953 2373 1008 7.
2413 953 2533 1006 Ὅτι
2567 957 2818 1023 κρεῖσσον
2847 953 2908 1006 τὸ
2939 953 3084 1017 ἔλεός
3116 971 3209 1006 σου
3243 953 3384 1023 ὑπὲρ
3418 951 3591 1015 ζωάς’

579 1024 718 1081 vitas
747 1039 763 1079 :

651 1114 704 1169 8.
741 1114 907 1171 Labia
932 1134 1050 1174 mea
1078 1120 1378 1176 laudabunt
1411 1133 1481 1192 te,

2317 1132 2372 1187 8.
2405 1133 2485 1186 Τὰ
2510 1132 2658 1203 χείλη
2695 1149 2793 1201 μου
2821 1131 3166 1185 ὲπαινέσουσί
3202 1147 3281 1183 σε.

649 1209 701 1264 9.
742 1208 829 1264 Sic
856 1211 1168 1268 benedicam
1205 1226 1255 1270 te
1281 1216 1333 1269 in
1360 1219 1467 1272 vita
1493 1235 1648 1276 mea:

2317 1228 2369 1282 9.
2405 1225 2591 1289 Οὕτως
2617 1226 2892 1296 εὐλογήσω
2918 1242 2974 1277 σε
3003 1228 3060 1277 ὲν
3095 1227 3158 1294 τῇ
3194 1223 3302 1292 ζωῇ
3343 1239 3443 1292 μου
3464 1238 3475 1250 ·

651 1300 738 1354 10.
775 1299 839 1355 Et
868 1302 919 1355 in
945 1305 1166 1359 nomine
1190 1315 1282 1361 tuo
1312 1307 1502 1363 levabo
1530 1327 1722 1369 manus
1752 1331 1919 1372 meas.

2319 1319 2405 1372 10.
2442 1318 2552 1370 Καὶ
2575 1318 2632 1368 ἐν
2655 1315 2731 1385 τῷ
2763 1316 2987 1385 ὀνόματί
3021 1332 3114 1366 σου
3145 1314 3263 1384 ἀρῶ
3297 1312 3395 1374 τὰς
3427 1311 3617 1382 χεῖράς
3653 1328 3782 1381 μου.

653 1389 740 1443 11.
776 1390 931 1446 Sicut
971 1394 1126 1463 adipe
1171 1405 1225 1451 et
1267 1398 1596 1467 pinguedine
1644 1403 1912 1472 repleatur
1962 1405 2136 1460 anima

2320 1411 2408 1465 11.
2447 1410 2533 1472 Ὠς
2582 1411 2644 1461 ὲκ
2693 1408 2912 1470 στέατος
2957 1409 3049 1460 καὶ
3099 1407 3355 1477 πιότητος
3405 1405 3819 1476 ἐμπλησθείηή

578 1497 696 1537 mea
725 1502 736 1536 ἒ

2244 1501 2386 1573 ψυχή
2422 1517 2542 1573 μου·

642 1575 727 1630 12.
757 1574 824 1630 Et
848 1577 1008 1634 labiis
1041 1582 1426 1641 exsultationis
1460 1587 1706 1644 laudabit
1734 1606 1798 1646 os
1828 1607 2033 1649 meum.

2317 1596 2402 1647 12.
2436 1594 2544 1645 Kal.
2579 1593 2731 1663 χείλη
2766 1591 3140 1659 ἀγαλλιάσεως
3164 1589 3368 1643 αἰνέσει
3397 1589 3456 1642 τὸ
3481 1589 3654 1660 στόμα
3688 1607 3818 1659 μου.

645 1669 731 1724 13.
766 1669 822 1724 Si
860 1687 1069 1728 memor
1114 1673 1191 1730 fui
1229 1678 1303 1731 tui
1347 1694 1512 1750 super
1559 1692 1789 1739 stratum
1824 1702 2001 1741 meum
2025 1728 2038 1753 ,
2085 1687 2138 1743 in

2314 1687 2396 1740 15.
2434 1687 2496 1738 EE
2530 1684 2933 1756 ὲμνημόνευσόν
2968 1701 3060 1736 σου
3102 1683 3194 1735 ἐπὶ
3235 1685 3334 1754 τῆς
3372 1685 3658 1755 στρωμνῆς
3691 1699 3819 1752 μου,

573 1762 854 1819 matutinis
883 1765 1186 1822 meditabar
1208 1771 1260 1823 in
1287 1780 1357 1825 te.

2246 1781 2302 1834 ὲν
2323 1782 2436 1842 τοῖς
2471 1779 2686 1851 ὄρθροις
2715 1778 2986 1848 ἐμελέτων
3013 1778 3092 1840 εἰς
3122 1777 3181 1828 σέ
3200 1792 3212 1806 ·

642 1853 727 1907 1-1.
761 1855 898 1922 Quia
929 1858 1078 1914 fuisti
1103 1862 1322 1931 adjutor
1349 1881 1501 1923 meus
1532 1891 1545 1924 :
2175 1854 2219 1910 Β

2175 1854 2219 1910 Β
2321 1872 2407 1924 14.
2449 1871 2570 1923 Ὅτι
2597 1869 2860 1940 ὲγενήθης
2897 1869 3089 1938 βοηθός
3126 1885 3255 1939 μου·

643 1944 730 1999 15.
764 1946 829 2001 Ει
856 1949 907 2002 in
935 1951 1240 2010 velamento
1267 1958 1479 2013 alarum
1510 1971 1728 2018 tuarum
1765 1967 2070 2024 exsultabo.

2317 1965 2404 2019 15.
2431 1964 2542 2017 Καὶ
2567 1965 2623 2016 ὲν
2665 1966 2731 2034 τῇ
2770 1963 2947 2033 σκέπῃ
2973 1962 3081 2014 τῶν
3119 1960 3407 2032 πτερύγων
3436 1978 3529 2013 σου
3559 1958 3828 2028 ἀγαλλιά-

2245 2076 2429 2130 σομαι.

644 2127 726 2182 16.
764 2130 1001 2190 Adhaesit
1033 2137 1216 2193 anima
1257 2156 1376 2197 mea
1424 2155 1544 2214 post
1575 2155 1625 2202 te
1655 2166 1669 2202 :

2313 2127 2404 2209 16.
2448 2149 2798 2221 Ἐκολλήθηὴ
2832 2149 2976 2218 ψυχή
3008 2165 3108 2218 μου
3128 2145 3300 2199 ὀπίσω
3335 2162 3428 2198 σου
3450 2162 3463 2176 ⁸

642 2220 732 2274 17.
766 2221 850 2278 Me
872 2235 1054 2281 autem
1085 2234 1326 2303 suscepit
1351 2235 1543 2292 dextra
1571 2248 1686 2293 tua.

2321 2245 2409 2299 17.
2457 2241 2620 2313 Ἐμοῦ
2654 2220 2709 2293 δὲ
2741 2239 3126 2307 ἀντελάϐετοὴ
3169 2237 3318 2301 δεξιά
3347 2253 3459 2289 σου.

645 2311 731 2367 18.
768 2313 876 2386 Ipsi
938 2334 1066 2376 vero
1129 2323 1186 2377 in
1241 2340 1444 2382 vanum
1511 2330 1845 2399 quaesierunt
1907 2333 2146 2392 animam

2316 2339 2400 2393 18.
2427 2311 2593 2391 Αὐτοὶ
2617 2336 2672 2389 δὲ
2700 2337 2781 2397 εἰς
2816 2335 2990 2404 μάτην
3013 2331 3286 2402 ἐζήτησαν
3316 2329 3414 2401 τὴν
3441 2328 3619 2399 ψυχήν
3651 2346 3753 2398 μου
3773 2344 3789 2360 -

571 2417 748 2457 meam
778 2422 790 2436 °

1684 2563 2058 2620 ATHANASII
2097 2561 2685 2621 INTERPBETATIO.

571 2712 744 2763 ποντι,
782 2697 950 2753 θέλων
980 2702 1304 2775 ἐπιστρέψαι
1331 2706 1426 2760 καὶ
1453 2707 1626 2762 ἐλθεῖν
1648 2713 1741 2764 ἐπὶ
1762 2713 1823 2766 τὸ
1853 2714 2134 2787 βάπτισμα
2160 2759 2174 2783 ,
2212 2715 2373 2771 πάλιν
2399 2716 2539 2787 μετὰ
2572 2715 2653 2786 (1)
2683 2715 2965 2788 βάπτισμα
2991 2706 3347 2784 ἡμαρτηκὼς,
3377 2709 3471 2763 καὶ
3499 2708 3667 2763 θέλων
3723 2726 3828 2780 με’·

571 2790 827 2861 τανοῆσαι
850 2791 995 2861 λέγει
1029 2796 1119 2849 τὸν
1141 2797 1355 2869 ψαλμὸν
1381 2801 1589 2856 τοῦτον.

572 2880 876 2953 deﬁciente,
910 2902 1032 2942 cum
1062 2889 1174 2944 vult
1202 2894 1467 2958 converti,
1498 2904 1552 2949 et
1576 2897 1760 2951 venire
1789 2898 1854 2952 ad
1880 2899 2172 2969 baptisma,
2201 2908 2255 2955 et
2284 2914 2476 2955 rursus
2513 2907 2634 2969 post
2664 2897 2932 2968 baptisma
2970 2913 3092 2952 cum
3129 2894 3453 2967 peccaverit,
3484 2902 3538 2949 et
3559 2894 3674 2947 vult
3703 2909 3826 2963 ῃωα

573 2977 852 3036 nitentiam
886 3000 1066 3054 agere,
1090 2986 1223 3040 dicit
1246 2988 1392 3043 hunc
1420 2990 1717 3059 psalmum.

637 3075 691 3128 2.
730 3076 1065 3134 Desideravit
1091 3089 1140 3136 te
1173 3082 1353 3138 anima
1381 3101 1519 3140 mea.
2161 3095 2207 3157 C

2161 3095 2207 3157 C
2306 3092 2360 3146 2.
2397 3089 2739 3160 Ἐπεθύμησέ
2771 3105 2829 3140 σε
2861 3089 2893 3157 ὴ
2922 3086 3065 3157 ψυχή
3101 3100 3223 3154 μου.

646 3165 700 3219 5.
742 3165 1105 3237 Multipliciter
1138 3172 1634 3234 innumerabiliter.

1502 3178 1634 3234 liter.
2308 3185 2361 3238 5.
2395 3183 2659 3253 Ποσαχῶς
2687 3179 2879 3251 ἀναριθ
2891 3180 3096 3249 μήτως.

641 3256 695 3311 4.
731 3258 998 3326 Quoniam
1033 3278 1289 3334 tanquam
1334 3270 1469 3324 nihil
1519 3287 1640 3327 sum
1687 3289 1871 3328 coram
1906 3285 1957 3330 te
2000 3293 2012 3328 :
2060 3275 2136 3330 si-

2312 3277 2364 3329 4.
2409 3277 2529 3328 Ὅτι
2572 3275 2647 3337 ὡς
2676 3271 2828 3326 οὐδέν
2884 3273 2995 3341 εἰμι
3031 3267 3257 3322 ἐνώπιόν
3293 3284 3420 3321 σουο
3469 3265 3655 3337 ἐπειδὴ
3696 3266 3823 3322 οὒτε

571 3349 791 3418 quidem
826 3368 1004 3422 neque
1036 3355 1212 3424 radix,
1242 3373 1420 3427 neque
1447 3359 1570 3428 llos,
1613 3377 1788 3432 neque
1820 3362 2027 3420 fructus
2059 3374 2141 3420 est

1993 3381 2027 3420 is
2059 3374 2141 3420 est
2247 3369 2393 3440 ῥίζα,
2421 3368 2543 3421 οὔτε
2579 3366 2759 3429 ἄνθος,
2792 3363 2914 3418 οὕτε
2941 3361 3150 3433 καρπός
3178 3363 3324 3413 ἐστιν
3357 3361 3413 3412 ὲν
3447 3357 3587 3430 ἐμοί.

573 3457 626 3494 ιη
663 3457 768 3496 me.

643 3534 696 3588 5.
734 3533 896 3591 Sicin
927 3537 1088 3594 domo
1113 3552 1299 3598 sancta
1325 3553 1417 3599 tua
1449 3548 1652 3603 accessi
1677 3549 1743 3604 ad
1783 3559 1856 3605 te.

2314 3544 2365 3598 5.
2403 3543 2588 3608 Οὕτως
2615 3547 2671 3597 ὲν
2699 3543 2777 3615 τῷ
2805 3543 2939 3613 οἴκῳ
2974 3541 3052 3613 (ἓ)
3087 3539 3164 3610 τῷ
3193 3537 3333 3608 ἁγίῳ
3368 3554 3461 3589 σου
3508 3536 3823 3608 προσῆλθόν

2245 3654 2325 3691 σοι

646 3709 697 3762 6.
738 3709 802 3764 Ut
833 3713 1100 3770 discerem
1133 3721 1588 3776 resurrectionem
1647 3737 1797 3777 tuam
1847 3734 1902 3780 et
1933 3726 2143 3795 passio-

2317 3727 2370 3783 6.
2408 3726 2513 3780 Τοῦ
2547 3724 2735 3797 μαθεῖν
2761 3725 2858 3798 τὴν
2905 3723 3198 3780 ἀνάστασιν
3229 3723 3305 3792 (5)
3350 3740 3443 3776 σου
3487 3724 3581 3776 καὶ
3621 3723 3681 3775 τὸ
3712 3723 3821 3775 πά-

576 3815 700 3856 nem
726 3813 895 3859 tuam.

890 3845 895 3859 .
2245 3821 2335 3883 θος
2370 3837 2484 3874 σου.

649 3894 700 3950 7.
734 3896 1004 3962 Quoniam
1045 3902 1216 3957 multo
1259 3905 1449 3958 melior
1505 3917 1587 3961 est
1623 3906 1992 3963 misericordia
2054 3919 2144 3964 tua

2319 3913 2368 3966 7.
2396 3914 2517 3965 ’Ότι
2550 3911 2682 3965 πολὺ
2713 3911 2917 3980 βέλτιον
2947 3911 3005 3963 τὸ
3038 3910 3184 3973 ἔλεός
3229 3925 3319 3962 σου
3366 3907 3507 3980 ὑπὲρ
3541 3907 3639 3979 τὴν
3685 3910 3826 3966 ἀπό-

575 4004 736 4057 quam
768 3991 1071 4059 voluptates
1096 4003 1145 4048 et
1171 3994 1375 4051 divitiae
1405 3999 1567 4068 hujus
1587 4001 1794 4056 sazculi.

2245 3999 2453 4061 λαυσιν,
2481 3998 2573 4051 καὶ
2602 3997 2691 4051 τὸν
2717 3996 2943 4048 πλοῦτον
2972 3997 3065 4050 τοῦ
3102 3995 3294 4058 αἰῶνος
3331 3995 3536 4049 τούτου.

646 4079 698 4133 8.
733 4079 898 4136 Labia
919 4083 1100 4140 cordis
1125 4087 1228 4142 mei
1261 4087 1562 4145 laudabunt
1594 4100 1664 4145 te.

2317 4093 2370 4146 8.
2407 4091 2486 4144 Τά
2512 4091 2662 4161 χείλη
2690 4091 2788 4160 τῆς
2811 4089 3037 4161 καρδίας
3067 4106 3167 4159 μου
3191 4090 3564 4160 ἀνυμνήσούσί
3595 4108 3672 4143 σε.

650 4168 704 4223 9.
737 4170 984 4242 Semper.

2315 4184 2369 4239 9.
2403 4182 2720 4245 Διαπαντός.

651 4262 737 4315 10.
775 4262 1002 4317 Intendo
1037 4266 1104 4319 ad
1137 4275 1186 4320 te
1222 4282 1315 4321 cor
1342 4284 1544 4324 meum.

2322 4274 2408 4328 10.
2451 4275 2741 4328 Ἀνατείνω
2772 4274 2907 4345 πρὸς
2936 4275 2995 4328 σὲ
3027 4274 3124 4343 τὴν
3155 4273 3378 4343 καρδίαν
3415 4290 3535 4343 μου.

648 4353 734 4408 11.
768 4353 952 4411 Gratia
990 4366 1101 4411 tua.

2322 4368 2407 4420 11.
2439 4368 2516 4437 Τῇ
2546 4367 2726 4437 χάριτί
2756 4384 2846 4420 σου
2872 4366 2970 4437 (4).

648 4447 732 4502 12.
768 4447 943 4504 Corde
965 4452 1271 4508 exsultante
1307 4453 1550 4510 laudabit
1589 4466 1639 4510 te
1665 4474 1725 4513 os
1754 4476 1958 4519 meum.
2176 4437 2219 4490 Β

2319 4460 2403 4513 1‘2.
2437 4460 2548 4527 Τῆς
2575 4458 2802 4528 καρδίας
2835 4457 3271 4528 ἀγαλλιωμένης,
3301 4456 3502 4509 αἰνέσει
3546 4457 3604 4509 τὸ
3643 4459 3825 4530 πόμα

2289 4570 2369 4604 Ου.

648 4622 734 4676 15.
768 4621 825 4678 Si
862 4626 1162 4681 meminero
1207 4630 1283 4682 tui
1328 4631 1380 4683 in
1421 4633 1602 4701 quiete
1645 4635 1842 4692 animae
1894 4655 2047 4708 mea},
2092 4642 2144 4696 in

2249 4570 2404 4698 “Or-3.
2443 4642 2566 4696 Ἐὰν
2615 4639 2971 4713 μνημονεύσω
3004 4656 3096 4691 σου
3142 4639 3198 4691 ἐν
3228 4641 3292 4709 τῇ
3335 4641 3536 4710 ἠσυχίᾳ.
3581 4640 3682 4709 τῆς
3717 4643 3823 4711 cp”-

578 4717 850 4771 mandatis
878 4719 987 4773 tuis
1017 4720 1340 4778 meditabor.

2247 4739 2349 4806 χῆς
2376 4753 2499 4806 μου,
2537 4735 2592 4788 ὲν
2620 4735 2731 4796 τοῖς
2762 4731 3146 4802 προστάγμασί
3183 4747 3274 4782 σου
3303 4731 3603 4802 μελετήσω.

651 4811 735 4864 11.
767 4812 903 4878 Quia
939 4831 1156 4885 semper
1211 4817 1264 4871 in
1323 4819 1593 4876 mandatis
1641 4823 1748 4877 tuis
1799 4827 2145 4883 correboravi

2322 4830 2410 4883 14.
2442 4831 2560 4882 ’Ότι
2592 4829 2678 4880 ἀεὶ
2711 4828 2767 4879 ὲν
2796 4829 2907 4889 τοῖς
2938 4824 3318 4895 προστάγμασι
3350 4843 3439 4877 σου
3477 4827 3821 4896 ἐνεδυνάμω-

576 4917 683 4957 ιηο.
2252 4921 2320 4975 σά
2344 4939 2410 4992 με
2437 4921 2536 4991 (5).

651 4996 737 5049 15.
769 4995 832 5050 Et
862 4998 913 5051 in
941 4999 1153 5054 duobus
1175 5002 1281 5058 tuis
1307 5002 1668 5063 Testamentis
1695 5010 2000 5065 cxsultabo.

2320 5015 2404 5068 ιδ.
2438 5014 2547 5066 Καὶ
2580 5013 2638 5063 έν
2659 5013 2779 5073 ταῖς
2807 5009 2924 5063 δυσί
2958 5025 3047 5060 σου
3073 5007 3369 5078 Διαθῆκαις
3395 5007 3821 5084 ἀγαλλιάσομαι.

648 5089 734 5143 16.
769 5090 1006 5162 Vcstigia
1032 5104 1122 5149 tua
1148 5105 1422 5166 sequetur.

2322 5108 2406 5161 16.
2439 5107 2563 5168 Τοῖς
2593 5104 2762 5175 ἴχνεσί
2794 5120 2885 5156 σου
2913 5100 3333 5172 ἐξακολουθήσει
3359 5100 3456 5171 (6).

651 5185 737 5239 17.
769 5184 848 5238 Tu
875 5199 1055 5242 autem
1085 5190 1198 5259 ipsc
1228 5191 1502 5249 deduxisti
1537 5210 1621 5250 me
1645 5195 1865 5253 dextera
1896 5207 2006 5252 tua.

1928 5214 2006 5252 ua.
2325 5197 2410 5249 17.
2443 5195 2614 5258 Αὐτὸς
2644 5194 2699 5247 δὲ
2728 5193 3015 5264 ὡδήγησάς
3042 5209 3107 5262 με
3140 5195 3206 5263 τῇ
3229 5191 3380 5263 δεξιᾷ
3407 5207 3522 5248 σου.

648 5277 735 5333 18.
764 5276 1067 5336 Βεεηιοηοε.

2325 5289 2408 5343 18.
2443 5289 2504 5341 Οἱ
2528 5287 2798 5356 δαίμονες.

1522 5494 1827 5560 Addenda
1858 5504 1917 5558 et
1949 5494 2325 5573 corrigenda
2371 5508 2447 5552 ex
2478 5491 2619 5551 cod.
2657 5488 2856 5549 Vatic.

647 5640 1162 5730 (εξέξεῖάξδνριο-
1239 5717 1317 5730 _.
1422 5728 1428 5730 Α

2325 5647 2399 5730 (ἑ)
2430 5646 2540 5730 Ἧῇς
2565 5644 2790 5730 χάριτάς
2816 5660 2929 5730 σεθυ-

653 5713 725 5798 (2)
757 5713 902 5796 Noui):
934 5715 1100 5798 Paulo
1134 5726 1248 5785 post
1287 5717 1435 5773 deest
1467 5736 1579 5772 σου.

1409 5728 1435 5772 .t
1467 5736 1579 5772 σου.
2325 5719 2398 5784 (5)
2443 5713 2879 5798 Ἢνεδύνάμωσάς
2917 5731 3003 5784 με.

655 5783 728 5851 (5)
777 5783 1254 5854 Ἀνόιπαυσένίεια

2325 5789 2401 5860 (6)
2443 5785 2901 5860 Ἑξακολουθήσω.
