4036 6476
183 425 293 481 897
1065 426 1152 481 DE
1192 427 1467 484 TITULIS
1500 430 1953 490 PSALMORUM.
1986 462 2054 473 —-
2089 431 2283 489 PSAL.
2325 432 2507 492 LXIII.
3325 440 3431 499 898

260 542 330 596 19
381 543 789 597 Εἰσελεύσονται
820 544 898 606 εἰς
922 542 993 597 τὰ
1014 544 1302 599 κατώτατα
1327 546 1428 617 τῆς
1464 549 1590 619 γῆς.
1779 556 1827 611 Α

1362 546 1428 617 ῆς
1464 549 1590 619 γῆς.
1779 556 1827 611 Α
1928 550 2012 605 19.
2048 550 2355 607 Introibunt
2382 553 2435 606 in
2468 551 2727 610 inferiora
2758 564 2956 612 terrae:

253 634 346 687 20.
379 635 847 706 Παραδοθήσονται
870 637 949 700 εἰς
978 640 1164 709 χεῖρας
1200 640 1473 711 ῥομφαίας
1494 657 1507 671 ·

1300 640 1473 709 ,φαίας
1494 657 1507 671 ·
1925 643 2017 697 20.
2053 641 2359 699 Tradentur
2383 645 2437 699 in
2470 662 2664 703 manus
2694 648 2894 718 gladii:

255 725 351 781 21.
382 727 611 798 Μερίδες
635 728 934 781 ἀλωπέκων
960 728 1193 783 ἔσονται.

1124 748 1193 783 αι.
1924 735 2009 789 21.
2048 734 2238 793 Partes
2265 737 2507 808 vulpium
2539 747 2718 794 erunt.

250 816 348 873 22.
393 821 449 872 '0
476 822 528 873 δὲ
558 820 810 891 βασιλεὺς
839 823 1271 894 εὐφρανθήσεται
1297 825 1390 878 ἐπὶ
1418 823 1496 895 τῷ
1524 825 1642 897 Θεῷ
1667 844 1680 857 ·

1258 842 1271 876 ι
1297 825 1390 878 ἐπὶ
1418 823 1496 895 τῷ
1524 825 1642 897 Θεῴ
1667 844 1680 857 ·
1923 827 2010 880 22.
2042 826 2152 882 Rex
2179 845 2311 882 vero
2338 829 2607 885 laetabitur
2629 832 2681 885 in
2708 830 2852 886 Deo:

250 910 348 964 23.
393 912 836 983 Ἐπαινεθήσεται
866 916 975 977 πᾶς
996 916 1023 966 ὁ
1045 915 1258 985 ὀμνύων
1282 919 1339 969 ἐν
1364 918 1511 989 αύτῷ
1528 934 1540 946 ⁸

1499 920 1540 969 δ’
1922 922 2010 976 25.
2045 922 2379 979 Laudabitur
2402 926 2581 980 omnis
2604 928 2694 997 qui
2732 928 2879 997 iurat
2905 928 2957 982 in
2985 944 3050 984 eo
3082 971 3093 983 .

251 1000 344 1054 21.
376 1003 496 1055 Ὅτι
522 1005 798 1076 ἐνεφράγη
837 1006 1010 1076 στόμα
1040 1006 1342 1063 λαλούντων
1374 1008 1552 1065 ἄδικα.

1918 1015 2007 1069 21.
2047 1016 2183 1084 Quia
2231 1018 2572 1073 obstructum
2612 1031 2693 1075 est
2735 1037 2796 1075 os
2832 1023 3164 1092 loquentium
3212 1021 3420 1095 iniqua.

248 1147 357 1210 Εἰς
391 1145 455 1197 τὸ
496 1144 695 1214 τέλος,
739 1148 979 1218 ψαλμύς
1016 1148 1096 1214 τῷ
1132 1148 1327 1202 Δαόίδ.
1367 1152 1537 1203 ΨΑΛ.
1565 1149 1695 1202 ΞΡ.

1971 1151 2037 1205 1η
2063 1154 2240 1222 fructu,
2274 1154 2509 1223 psalmus
2550 1155 2740 1211 David.
2776 1157 3038 1213 I’SALM.
3068 1158 3291 1215 LXIII.

252 1256 299 1308 1.
339 1256 693 1320 Εἰσάκουσον,
729 1260 758 1310 ό
799 1257 950 1323 Θεὸς,
983 1258 1080 1329 τῆς
1144 1259 1327 1328 φωνῆς
1386 1276 1509 1324 μου,
1562 1261 1620 1312 ἐν
1678 1257 1752 1328 τῷ

1922 1266 1972 1319 1.
2016 1266 2254 1333 Exaudi,
2289 1268 2429 1326 Deus
2452 1311 2469 1338 ,
2513 1288 2699 1328 vocem
2734 1290 2944 1341 meam,
2984 1290 3110 1330 cum
3153 1275 3418 1348 deprecor

172 1349 393 1403 δέεσοαί
431 1368 497 1420 με
530 1352 666 1421 πρὸς
708 1352 768 1404 σέ
790 1368 803 1380 ’

444 1368 497 1402 ιε
530 1352 666 1421 πρὸς
708 1352 768 1404 σέ
790 1368 803 1380 ’
1851 1361 1915 1413 all
1946 1370 1994 1414 te
2025 1380 2038 1417 :

249 1444 305 1494 2.
334 1444 466 1495 Ἀπὸ
499 1442 660 1512 φόϐου
690 1444 884 1515 ἐχθροῦ
919 1445 1101 1511 ἐξέλου
1132 1446 1228 1516 τὴν
1261 1444 1439 1516 ψυχήν
1476 1463 1596 1515 μου.

1582 1485 1596 1499 .
1919 1454 1972 1509 2.
2009 1455 2052 1507 Α
2083 1455 2274 1510 timore
2308 1455 2509 1511 inimici
2541 1458 2689 1527 eripe
2710 1460 2949 1513 animam
2973 1475 3170 1516 meam.

248 1537 299 1587 5.
344 1536 624 1589 Σκὲπασόν
653 1554 718 1607 με
752 1539 859 1590 ἀπὸ
893 1538 1195 1609 συστροφῆς
1224 1539 1697 1610 πονηρευομένων,

1608 1557 1697 1605 ων,
1923 1548 1975 1601 5.
2016 1547 2240 1619 Protegc
2269 1564 2354 1603 mc
2388 1565 2418 1603 a
2456 1558 2720 1604 conventu
2763 1551 3202 1623 malignantium.

173 1698 177 1702 θ
245 1629 299 1681 4.
317 1629 435 1681 Λπὸ
461 1630 697 1700 πλήθους
727 1630 1107 1702 ἐργαζομένων
1134 1630 1364 1685 ἀδικίαν.

1922 1640 1973 1693 4.
2018 1641 2059 1693 Λ
2095 1641 2443 1695 multitudine
2473 1643 2811 1711 nperantium
2847 1644 3209 1713 iniquitatem.

244 1722 298 1775 5.
342 1722 549 1785 υῖτινες
572 1721 844 1794 ἠκόνησαν
865 1723 938 1786 ὡς
962 1723 1234 1793 ῥομφαίαν
1258 1722 1355 1787 τὰς
1377 1723 1624 1791 γλώσσας
1649 1726 1746 1777 αὑ-

1679 1726 1746 1777 ηὑ-
1922 1735 1973 1786 5.
2010 1734 2113 1799 Qui
2145 1744 2480 1790 exacuet-unt
2506 1746 2563 1790 ut
2597 1736 2833 1807 gladium
2867 1736 3079 1808 linguas
3113 1754 3273 1805 suas,

168 1830 299 1878 των,

241 1906 294 1957 6.
327 1904 625 1959 Ἐνέτειναν
653 1906 803 1973 τόξον
836 1908 1032 1969 αὐτῶν,
1072 1910 1300 1980 πρᾶγμα
1330 1910 1541 1979 πικρὸν,
1779 1921 1821 1976 Β

1779 1921 1821 1976 Β
1922 1911 1974 1966 6.
2016 1909 2370 1966 Intenderunt
2400 1928 2559 1967 suum
2597 1928 2816 1980 arcum,
2867 1930 2980 1970 rem
3013 1931 3274 1981 amaram,

241 1997 295 2056 7,
338 1998 442 2050 Τοῦ
472 1999 865 2064 κατατοξεῦσαι
897 2001 954 2052 ἐν
991 2000 1332 2072 ἀποκρύφοις
1360 2002 1587 2073 ἄμωμον
1607 2020 1619 2031 ⁸

1608 2020 1619 2031 -
1925 2003 1973 2055 7.
2011 2001 2079 2057 Ut
2115 2003 2366 2072 sagittent
2412 2004 2465 2058 in
2495 2006 2724 2060 occultis
2753 2007 3158 2063 immaculatum
3190 2028 3202 2063 :

238 2091 293 2143 8.
322 2092 580 2155 Ἐξάπινα
613 2092 1093 2159 κατατοξεύσουσιν
1126 2094 1307 2158 αὐτὸν,
1344 2094 1435 2148 καὶ
1477 2095 1538 2147 οὐ
1580 2094 1745 2164 φοϐη-

1917 2096 1969 2149 8.
2007 2096 2200 2151 Subitu
2255 2096 2586 2167 sagittabunt
2614 2113 2769 2167 eum,
2802 2108 2855 2153 et
2885 2114 2990 2153 non
3024 2101 3285 2156 timebunt
3319 2101 3411 2171 [ιί⁴

165 2174 425 2255 Θήσονται
456 2183 891 2257 [φοϐηθήσετειι.]

461 2183 891 2257 [φοϐηθήσετειι.]
1847 2185 2055 2258 mehit].

235 2275 288 2327 9.
318 2276 722 2351 Ἑκρειταεωσαν
753 2280 964 2340 ἑαυτοῖς
988 2277 1142 2345 λόγον
1177 2278 1428 2348 πονηρόν*

1915 2278 1967 2333 9.
2002 2278 2387 2335 Firmaverunt
2414 2280 2517 2335 sibi
2548 2296 2852 2337 sermonem
2895 2298 3126 2355 nequam
3152 2300 3167 2339 :

242 2369 324 2426 ἱῧ.
370 2374 702 2445 Διηγήσαντο
727 2372 821 2427 τοῦ
856 2372 1057 2444 κρύψαι
1091 2372 1309 2441 παγίδα.

1918 2365 2005 2421 10.
2034 2364 2406 2421 Narraverunt
2444 2377 2503 2422 ut
2546 2370 2942 2427 absconderem
3000 2374 3252 2444 laqueum
3289 2392 3302 2428 :

243 2464 326 2517 H.
370 2460 533 2517 Εἶπον
556 2480 569 2493 ·
600 2464 695 2527 Τίς
724 2463 911 2532 ὄψεται
944 2463 1173 2527 αῦτούς;

1919 2457 2006 2511 11.
2052 2458 2347 2513 Dixerunt:
2380 2457 2515 2525 Quis
2545 2459 2750 2515 \‘Idebil
2774 2462 2907 2517 cos?

1288 2624 1664 2681 ATHANASH
1706 2624 2293 2682 lNTERPRETATlO.

239 2796 325 2851 19.
360 2796 452 2857 Ei;
483 2791 550 2845 τὰ
573 2792 817 2864 τάρταρα
849 2789 949 2859 τῆς
968 2788 1098 2858 γῆς·
1123 2787 1247 2842 ἐκεῖ
1269 2787 1441 2843 ἔσται
1468 2791 1500 2844 ὀ
1520 2789 1737 2842 κλαυο-

1912 2784 2089 2840 19.1η
2136 2794 2336 2839 tartara
2383 2794 2539 2839 terra:
2580 2803 2594 2839 ε
2634 2785 2707 2839 ibi
2753 2786 2851 2839 erit
2883 2788 3037 2855 [ictus
3111 2798 3161 2842 et
3213 2791 3406 2846 stridor

160 2892 272 2959 μὸς
286 2890 380 2943 καὶ
398 2885 668 2957 βρυγμὸς
684 2882 801 2939 τῶν⁸
818 2881 1101 2937 ὀδόντων.

498 2885 668 2955 νγμὸς
684 2882 801 2939 τῶν⁸
818 2881 1101 2937 ὀδόντων.
1837 2880 2092 2933 dentium.

231 2981 320 3037 20.
361 2983 455 3044 Εἰς
482 2978 701 3032 κόλασιν
739 2975 978 3031 αἰώνιον.

1906 2971 1997 3026 20.
2032 2970 2089 3026 In
2118 2968 2447 3040 supplicium
2475 2976 2763 3023 mternum.

228 3076 319 3129 2|.
357 3073 477 3127 Τῶν
501 3069 789 3142 αἱρετικῶν
820 3070 912 3122 καὶ
947 3066 1052 3121 τῶν
1080 3065 1390 3139 ὑποκριτῶν
1408 3068 1456 3119 οἱ
1482 3066 1735 3135 δαίμονες

1902 3067 1993 3120 21.
2027 3064 2418 3119 Hmreticorum
2449 3070 2504 3117 et
2546 3062 2956 3133 hypocritarum
2980 3064 3253 3123 daemones
3277 3082 3404 3137 par-

164 3169 383 3241 μερίδες
408 3164 567 3219 εἰσίν.

500 3164 567 3219 iv.
1836 3167 1917 3212 tes
1942 3167 2088 3212 sunt.

229 3260 319 3315 22.
361 3259 421 3309 '0
455 3255 647 3317 πιστὸς
674 3252 823 3316 λαός.

1902 3248 1992 3302 22.
2022 3246 2265 3317 Populus
2298 3245 2491 3305 ﬁdelis.

229 3353 319 3405 25.
354 3348 748 3420 Δοξασθήσεται
804 3345 833 3398 ὁ
875 3342 1142 3397 πιστεύων
1184 3340 1260 3413 τῷ
1309 3339 1528 3412 Κυρίῳ·
1571 3339 1733 3411 ὅρκος

1902 3340 1992 3393 25.
2022 3338 2428 3395 Gloril‘tcabitur
2474 3338 2699 3392 credens
2738 3341 3002 3407 Domino;
3034 3342 3403 3412 juramentum

158 3442 265 3513 γὰρ
296 3442 455 3510 λόγος
478 3437 836 3510 πιστούμενός
868 3438 1005 3491 ἐστι.

1833 3432 1979 3488 enim
2015 3442 2097 3487 est
2125 3447 2308 3487 sermo
2350 3432 2437 3485 cui
2478 3430 2608 3484 lides
2636 3431 2882 3486 habetur.

227 3535 317 3589 2i.
356 3534 476 3586 Τῶν
507 3532 776 3603 δαιμόνων
800 3530 893 3583 καὶ
926 3529 1035 3583 τῶν
1060 3526 1376 3598 αἱρετικῶν.

1246 3526 1376 3580 κῶν.
1904 3523 1995 3580 24.
2028 3522 2341 3578 Daemonum
2367 3531 2419 3578 et
2440 3523 2840 3580 haereticorum.

238 3693 306 3746 'H
337 3689 674 3763 προκειμένη
709 3685 987 3759 ἐπιγραφὴ
1020 3684 1264 3754 περιέχει
1287 3682 1362 3755 (1)
1389 3699 1403 3713 ·
1440 3685 1544 3748 Εἰς
1566 3680 1829 3745 τὸτέλος
1850 3720 1865 3744 ,
1899 3680 2142 3748 ψαλμὸς
2184 3678 2263 3745 τῷ
2303 3680 2481 3734 Δαϐίὸ
2502 3699 2518 3715 ο
2556 3682 2681 3752 περὶ
2720 3681 2828 3734 τῶν
2852 3684 2968 3737 ἐστὶ
3016 3684 3293 3757 συντελείᾳ
3327 3686 3405 3767 (2)

156 3785 265 3838 τῶν
292 3782 502 3837 αἰώνων
525 3780 795 3852 ἐσομένων
822 3780 851 3832 ὁ
878 3778 1091 3848 ψαλμὺς
1108 3777 1324 3845 λέγεται
1349 3775 1500 3849 παρὰ
1521 3775 1613 3831 τὸν
1636 3774 1841 3846 Κύριον
1874 3773 1965 3825 τὸν
2181 3771 2344 3825 Δαϐίδ
2381 3773 2483 3843 (5).

228 3870 445 3927 Titulus
493 3868 816 3941 praepositus
860 3865 1147 3922 continet:
1203 3864 1265 3919 In
1298 3865 1495 3935 ﬁnem,
1526 3864 1758 3934 psalmus
1793 3861 1988 3919 David.
2039 3862 2116 3917 De
2161 3864 2229 3919 iis
2273 3879 2393 3932 quae
2431 3862 2616 3919 futura
2674 3875 2803 3921 sunt
2833 3866 2889 3923 in
2932 3871 3404 3931 consummatione

155 3966 488 4023 saeculorum
520 3962 759 4033 psalmus
786 3960 990 4015 dicitur
1015 3959 1081 4014 ad
1114 3958 1407 4014 Dominum
1432 3974 1462 4013 a
1486 3957 1706 4012 Davide.

231 4059 281 4112 1.
306 4053 790 4128 Προσκαλούμενός
821 4052 897 4124 (4)
965 4069 1026 4106 σε
1065 4052 1145 4115 εἰς
1190 4050 1443 4123 βοήθειαν
1482 4050 1729 4105 είσάκου-
1755 4055 1801 4118 C

1904 4049 1955 4105 1.
1987 4046 2251 4105 invocans
2284 4056 2338 4105 te
2368 4051 2423 4105 in
2447 4050 2812 4123 adjutorium,
2855 4058 3051 4113 exaudi
3100 4064 3400 4121 orationem

153 4169 250 4206 σον
272 4151 370 4219 τῆς
391 4148 626 4217 δεήσεως
658 4141 726 4217 ἧς
748 4144 1009 4215 προσάγω
1036 4159 1143 4195 σοι.

750 4144 1009 4215 προσάγω
1036 4159 1143 4195 σοι.
1833 4158 1996 4214 quam
2026 4143 2122 4197 tibi
2157 4142 2344 4199 affero.

222 4240 278 4293 2.
320 4237 428 4291 Τοῦ
455 4236 721 4290 διαϐόλου.

623 4246 721 4289 too.
1901 4235 1956 4290 2.
1990 4235 2217 4290 Diaboli.

224 4328 280 4381 5.
320 4326 441 4378 Τῶν
467 4325 776 4397 αἱρετικῶν.

1901 4327 1954 4381 5.
2000 4324 2407 4383 Haereticorum.

224 4421 278 4474 4.
322 4419 441 4471 Τῶν
471 4417 758 4488 δαιμόνων.
1901 4422 1954 4475 4.
1993 4419 2335 4477 Βωωοηυιιι.

224 4513 280 4565 5.
322 4512 383 4564 Οἱ
412 4509 661 4579 δαίμονες
690 4508 1024 4579 κατήρτισαν
1048 4508 1172 4570 τοὺς
1201 4505 1528 4578 αἱρετικούς.

1417 4505 1528 4570 ούς.
1904 4510 1959 4567 5.
1998 4509 2283 4567 Daemones
2311 4522 2685 4582 praepararunt
2710 4514 3011 4571 hmrcticos.

224 4602 279 4654 6.
322 4601 433 4653 Καὶ
463 4599 562 4670 τὴν
594 4596 937 4650 διδασκαλίαν
961 4598 1057 4667 τῆς
1092 4593 1296 4665 πλάνης
1326 4593 1504 4648 αὐτῶν
1539 4593 1726 4646 ἐπλεόο

1549 4593 1726 4646 ἐπλεόο
1905 4600 1955 4654 6.
1993 4599 2058 4656 Ει
2078 4602 2377 4658 doctrinam
2405 4605 2609 4659 erroris
2636 4622 2824 4660 eorum
2855 4619 3143 4663 auxerunt.

151 4712 340 4751 νασαν.

226 4788 279 4841 7.
320 4785 426 4838 Τοῦ
447 4786 667 4855 ῥήματα
690 4783 985 4855 βλάσφημα
999 4781 1177 4850 λέγειν
1195 4780 1338 4835 κατὰ
1358 4781 1447 4834 τὸν
1472 4779 1601 4832 Θεόν
1625 4777 1721 4848 (5).

1909 4775 1961 4831 7,
1996 4777 2075 4832 Ad
2106 4776 2333 4833 dicenda
2364 4779 2529 4834 verba
2567 4779 2880 4850 blasphema
2913 4792 3101 4839 contra
3137 4784 3323 4840 Deum.

224 4880 277 4934 8.
295 4877 559 4947 Ἐτοίμως
604 4876 817 4949 ῥήματα
871 4873 1124 4937 ἀσεϐείας
1171 4873 1389 4943 λέγουσι
1444 4871 1582 4925 κατὰ
1630 4871 1724 4925 τοῦ

1906 4868 1958 4923 8.
1993 4868 2218 4925 Temere
2255 4872 2443 4928 dicunt
2464 4874 2626 4928 verba
2669 4873 2964 4944 impietatis
2991 4885 3178 4931 contra
3207 4878 3396 4947 Deum,

150 4970 311 5032 Θεοῦ,
346 4970 439 5023 καὶ
462 4970 521 5022 ού
553 4966 861 5039 φοϐοῦνται.
1426 5005 1431 5010 .

666 4966 861 5022 οῦνται.
1426 5005 1431 5010 .
1832 4970 1886 5017 et
1913 4978 2018 5017 non
2049 4964 2260 5018 timent.

224 5062 277 5116 9.
318 5060 428 5123 Τὰς
465 5059 752 5131 ἐξηγήσεις
782 5056 959 5110 αὐτῶν
989 5056 1086 5120 τὰς
1110 5054 1436 5117 διαϐολικὰς.

1342 5054 1436 5117 ίας.
1902 5055 1953 5110 9.
1995 5056 2299 5113 Diabolicas
2326 5072 2513 5113 eorum
2540 5060 2936 5117 enarrationes.

226 5152 314 5208 10.
355 5149 764 5220 Συνεγρὰψαντο
806 5147 1202 5215 πιθανολογίας,
1246 5146 1313 5200 δι’
1339 5139 1413 5199 ὧν
1468 5144 1723 5215 παγιδεύ-

1902 5150 1989 5204 10.
2026 5150 2485 5221 Conscripserunt
2524 5167 2805 5210 sermones
2836 5155 3242 5224 persuasibiles,
3275 5158 3393 5229 qui-

156 5260 307 5296 σουσι
328 5243 455 5304 τοὺς
481 5238 819 5312 ἀνθρώπους.

1832 5241 1933 5296 lius
1962 5241 2255 5313 illaqueant
2288 5244 2556 5300 homines.

227 5334 311 5387 11.
332 5333 664 5403 Λογίζονται,
681 5333 853 5396 οὐδεὶς
865 5331 1081 5385 δύναται
1097 5333 1280 5395 αὐτοῖς
1290 5329 1604 5399 ἀντιστῆναι
1622 5329 1719 5399 (Gl.
1756 5354 1803 5409 Ι)

1600 5329 1719 5399 ,(6).
1756 5354 1803 5409 D
1903 5332 1988 5390 ll.
2024 5333 2301 5406 Cogitant,
2326 5337 2599 5393 neminem
2629 5352 2791 5408 posse
2816 5338 2895 5395 eis
2915 5338 3194 5398 resistere.

1099 5518 1406 5581 Addenda
1436 5526 1497 5579 et
1531 5517 1905 5596 corrigenda
1945 5533 2023 5577 ex
2057 5519 2195 5579 cod.
2243 5520 2444 5580 Velie.

250 5680 302 5813 i)
436 5680 646 5804 διζτῖὶς
670 5684 1035 5755 κινναϐάρεως
1062 5704 1186 5758 περ.
1895 5689 2504 5762 (4)“Προσκαλουμένου.

250 5750 282 5804 2
329 5751 450 5802 Των
483 5768 576 5803 ουν
634 5754 695 5808 πὶ
727 5771 876 5808 συντ.
1894 5762 1971 5813 l5)
2012 5762 2115 5813 Τοῦ
2139 5762 2293 5813 Θεοῦ.

247 5746 695 5830 although).
727 5746 947 5830 om."
1014 5746 1079 5830 ξ.-
1124 5746 1147 5830 ξ
1253 5828 1260 5830 _
1894 5746 1971 5830 l5)
2012 5746 2115 5814 'r'o-s
2139 5762 2293 5814 Θεοῦ.

229 5822 304 5887 (5)
332 5820 491 5892 Παρὰ
517 5821 623 5874 τῶν
648 5825 786 5877 κατὰ
812 5826 900 5877 τὸν
918 5826 1086 5884 Δαϐὶδ
1114 5826 1351 5884 δικαίων.
1991 5832 2315 5908 ’Λντιθῆναι.
