4036 6438
578 350 680 412 899

654 467 735 524 12.
770 467 1007 524 Scrutati
1045 477 1170 523 sunt
1203 467 1538 535 iniquitatem
1567 485 1580 521 :

653 563 734 614 13.
776 561 1096 616 [lt-fecerunt
1132 569 1437 616 scrutantes
1467 560 1752 614 scrutinio.

650 653 735 707 14.
773 654 1004 708 Accedet
1031 654 1192 706 homo
1214 692 1227 712 ,
1257 663 1308 704 et
1339 667 1433 705 eor
1469 652 1793 719 profundum
1820 670 1834 706 :

650 745 736 797 15.
775 743 838 797 Et
870 744 1194 798 cxallabitur
1227 742 1384 796 Deus.

658 833 743 887 16.
780 833 1371 903 8ηςὶιιεε,ι)οι·νυιοι“υιιι
1405 832 1556 887 facta:
1581 841 1708 886 sunt
1731 833 1899 903 plaga:
1921 847 2108 888 eorum
2133 854 2143 887 :

651 921 737 976 17.
778 922 843 976 Et
870 923 1151 977 inlirmauc
1191 933 1317 978 sunt
1347 933 1536 977 contra
1577 939 1670 978 eos
1706 923 1903 993 linguae
1935 940 2147 979 eorum.

647 1013 731 1066 18.
765 1014 1083 1067 Conturhati
1138 1025 1265 1069 sunt
1311 1031 1538 1078 omnes,
1583 1016 1676 1085 qui
1715 1017 1970 1071 videbant
2003 1032 2096 1070 eos
2133 1035 2145 1070 :

652 1106 736 1158 19.
782 1104 844 1157 Et
875 1107 1051 1159 timuit
1084 1108 1263 1160 omnis
1299 1108 1484 1160 homo.

650 1194 740 1249 20.
777 1196 840 1249 Ει
865 1197 1326 1251 annuntiavcrunt
1348 1213 1512 1267 opera
1537 1199 1656 1264 Dei,

648 1289 737 1343 21.
776 1288 840 1341 Et
873 1289 1010 1343 facta
1039 1292 1156 1360 ejus
1189 1291 1587 1346 intellexerunt.

650 1382 740 1436 22.
776 1381 1266 1452 Laztabiturjustus
1285 1384 1337 1437 in
1363 1385 1612 1451 Durnium,
1637 1393 1691 1439 et
1719 1384 1958 1455 sperabit
1981 1384 2034 1440 in
2051 1399 2148 1439 eo:

648 1560 736 1614 25.
777 1561 842 1615 Et
872 1562 1233 1616 laudabuntur
1263 1578 1455 1617 omnes
1489 1565 1621 1618 recti
1661 1563 1846 1619 corde.

581 1713 645 1768 In
687 1716 864 1783 linem,
903 1717 1135 1785 psalmus
1170 1718 1364 1769 cantici
1396 1716 1562 1770 Dat-id
1601 1735 1617 1771 :
1664 1718 1949 1787 (canticum
1999 1716 2151 1770 Jere-

651 1805 770 1857 mia:
799 1814 846 1858 et
889 1804 1198 1867 Ezechielis,
1223 1806 1286 1856 de
1309 1805 1486 1872 populi
1511 1807 1968 1875 transmigratione
1986 1820 2155 1875 quan-

651 1893 717 1944 do
746 1895 1030 1962 profecturi
1058 1893 1254 1963 erant.)
1303 1890 1502 1944 I’SAL.
1543 1891 1750 1948 LXIV.

649 2005 699 2060 1.
739 2005 813 2062 Te
842 2007 995 2064 decet
1021 2010 1272 2080 hymnus.
1304 2006 1463 2069 Deus,
1503 2007 1556 2059 in
1597 2006 1726 2061 Sion
1755 2025 1767 2060 :

655 2189 728 2262 (α)
768 2188 921 2244 Vers.
955 2191 1040 2252 19,
1068 2190 1158 2258 20,
1187 2191 1289 2244 suh
1325 2193 1485 2245 unico
1514 2204 1663 2243 num.

1423 346 1480 403 S.
1523 347 1891 403 ATHANASII
1933 348 2080 402 OPP.
2127 347 2311 402 PARS
2350 348 2438 403 111.
2485 380 2548 388 -—
2591 348 3004 405 EXEGETICA.

2169 474 2214 530 Α
2315 467 2402 521 12.
2432 466 2827 537 Ἐξηρεύνησαν
2859 467 3086 538 ἀνομίαν
3117 483 3129 495 ’

3717 346 3829 400 900

2319 561 2404 614 15.
2432 559 2702 624 Ἐξέλιπον
2730 559 3117 631 ἐξερευνῶντες
3149 558 3538 630 ἐξερευνήσας.

2321 653 2406 708 14.
2449 654 2872 721 Προσελεύσεται
2907 653 3209 724 ἄνθρωπος,
3242 653 3336 704 καὶ
3363 651 3556 720 καρδία
3595 649 3823 720 βαθεῖα·

2320 750 2405 803 15.
2447 751 2556 802 Καὶ
2585 749 2928 819 ὑψωθήσεται
2957 750 2984 801 6
3016 748 3166 810 Θεὸς.

2323 840 2407 895 16.
2451 841 2610 904 Βὲλος
2637 840 2844 910 νηπίων
2880 840 3215 911 ἐγενήθησαν
3237 841 3292 894 αἱ
3325 839 3530 908 πληγαὶ
3556 838 3736 891 αὐτῶν

2321 937 2402 989 17.
2445 936 2551 988 Καὶ
2576 935 2936 1006 ὲξησθὲνησαν
2962 935 3047 987 ἐπ’
3067 935 3260 997 αὐτοὺς
3287 937 3340 986 αἱ
3361 933 3600 999 γλῶσσαι
3620 931 3827 987 αὐτῶν.

2320 1026 2406 1080 18.
2433 1027 2844 1097 Ἑταράχθησαν
2880 1027 3078 1088 πάντες
3103 1025 3153 1076 οἱ
3181 1023 3512 1094 Θεωροῦντες
3543 1022 3738 1087 αὐτούς
3762 1039 3778 1052 ο

2321 1119 2405 1173 19.
2449 1099 2524 1190 (α)
2560 1120 2669 1172 Kal.
2696 1118 2933 1189 ἐφοϐήθη
2967 1121 3073 1183 πᾶς
3100 1117 3406 1188 ἄνθρωπος.

2320 1213 2409 1268 20.
2451 1214 2560 1266 Καὶ
2593 1213 2917 1283 ἀνήγγειλαν
2951 1212 3018 1265 τὰ
3049 1211 3184 1280 ἔργα
3211 1211 3304 1265 τοῦ
3338 1210 3497 1273 Θεοῦ,

2320 1307 2411 1360 21.
2451 1308 2560 1360 Καὶ
2589 1306 2657 1359 τὰ
2683 1307 2962 1376 ποιήματα
2994 1304 3157 1357 αὐτοῦ
3190 1305 3452 1374 συνῆκαν.

2320 1397 2410 1451 22.
2451 1396 2897 1468 Εὑφρανθήσεται
2929 1395 3133 1457 δίκαιος
3165 1397 3220 1446 ὲν
3253 1395 3330 1464 τῷ
3363 1394 3572 1464 Κυρίῳ,
3603 1393 3698 1446 καὶ
3741 1392 3836 1445 ὲλ-

2254 1495 2366 1544 πιεί
2398 1493 2482 1544 ἐπ’
2510 1491 2669 1543 αὐτόν
2689 1507 2702 1520 ο

2321 1583 2409 1638 25.
2452 1585 2559 1638 Καὶ
2576 1581 3022 1651 ἐπαινεθήσονται
3045 1581 3244 1642 πάντες
3259 1581 3308 1631 οἱ
3326 1578 3501 1641 εὐθεῖς
3526 1581 3591 1648 τῇ
3609 1577 3836 1648 καρδίᾳ.

2255 1703 2358 1765 Εἰς
2378 1700 2443 1753 τὸ
2476 1699 2667 1764 τέλος,
2691 1695 2932 1766 ψαλμὸς
2957 1693 3112 1761 ᾠδῆς
3145 1692 3226 1757 τῷ
3255 1692 3429 1746 Δαΰίδ
3447 1709 3460 1722 ·
3499 1691 3640 1761 (ᾠδὴ
3669 1691 3838 1758 Ἱερε-

2318 1796 2459 1865 μίου
2506 1794 2601 1847 καὶ
2652 1789 2918 1856 Ἰεζεκιὴλ
2965 1787 3070 1842 τοῦ
3125 1786 3276 1840 λαοῦ
3327 1785 3437 1854 τῆς
3479 1783 3840 1854 παροικίας,

2184 1882 2226 1938 Β
2324 1891 2422 1944 ὅτε
2451 1889 2708 1958 ἔμελλον
2738 1880 3212 1951 ἐκπορεύεσθαι.)
3250 1881 3425 1934 ΨΛΛ.
3453 1878 3572 1934 ΞΝ.

2325 2005 2376 2058 1.
2417 2002 2506 2055 Σο).
2532 2001 2729 2073 πρέπει
2763 1998 2949 2069 ὕμνος,
2983 1998 3011 2051 6
3035 1995 3187 2062 Θεὸς,
3217 1996 3275 2050 ὲν
3303 1993 3458 2049 Σιὼνο

1699 2339 2073 2396 ATIIANASII
2113 2335 2699 2394 INTERPRETATIO.

653 2521 740 2575 12.
777 2521 831 2575 In
874 2519 1210 2590 philosophia
1260 2515 1509 2587 quredam
1551 2532 1804 2586 perversa
1847 2517 2147 2588 loquuntur

584 2617 770 2664 contra
803 2608 989 2662 Deum.

653 2700 740 2757 15.
776 2701 1060 2757 Perierunt
1090 2701 1291 2756 nullam
1321 2710 1624 2768 quaerentes
1648 2700 1953 2755 veritatem.

655 2795 741 2850 14.
770 2793 960 2850 Veniet
987 2796 1052 2849 ad
1088 2793 1334 2847 homines
1365 2792 1622 2848 habentes
1651 2792 1880 2862 gratiam
1914 2791 1968 2846 in
1995 2790 2147 2848 Scri—

593 2887 775 2952 pturis.

655 2978 740 3031 15.
773 2975 835 3030 Et
863 2975 1418 3045 glorilicabitur1)eus
1448 2975 1501 3029 iu
1537 2977 1691 3045 ipsis.

656 3067 740 3122 16.
778 3066 947 3122 Verba
976 3068 1120 3121 enim
1151 3083 1339 3120 eorum
1369 3067 1683 3120 existimata
1708 3075 1865 3120 acuta
1900 3081 2042 3132 esse,
2073 3066 2154 3120 in—

587 3161 740 3214 ﬁrma
771 3160 1122 3214 inveniuntur
1148 3167 1335 3212 contra
1369 3158 1643 3212 hominem
1680 3157 1794 3213 Dei.

659 3340 748 3394 17.
782 3338 846 3392 Et
877 3338 1085 3394 confusi
1112 3349 1239 3394 sunt
1272 3342 1323 3394 in
1356 3342 1602 3395 doctrina
1631 3356 1843 3395 eorum.

668 3431 747 3484 18.
768 3429 1177 3500 Obstupuerunt
1205 3446 1394 3486 omnes
1430 3432 1521 3500 qui
1561 3447 1656 3485 eos
1690 3431 1862 3484 vietos
1890 3429 2153 3484 viderunt.

665 3610 750 3673 19,
771 3609 861 3665 20.
898 3608 963 3663 Et
993 3609 1220 3662 miratus
1242 3618 1325 3662 est
1355 3624 1534 3662 omms
1564 3623 1745 3671 nomo,
1770 3619 1825 3663 et
1866 3609 1938 3663 ita
1983 3608 2154 3662 dixit:

592 3702 774 3759 Gratia
805 3702 897 3758 Dei
925 3712 1009 3758 est
1038 3704 1092 3756 in
1128 3703 1348 3757 homine
1389 3703 1482 3757 nui
1509 3703 1798 3758 confundit
1848 3703 2153 3758 haereticos.

662 3880 749 3934 21.
777 3880 842 3934 Et
872 3881 1149 3934 veritatem
1185 3880 1275 3934 Dei
1310 3891 1702 3950 cognoverunt.

659 3971 745 4025 22.
781 3971 1082 4027 Exsultabit
1108 3976 1268 4027 homo
1295 3974 1388 4043 qui
1423 3974 1702 4029 lueretieus
1732 3975 2028 4044 superavit.

668 4171 753 4222 ‘23.
789 4169 849 4222 Et
887 4171 1247 4225 laudalmntur
1278 4187 1468 4225 omnes
1514 4174 1606 4242 qui
1641 4185 1782 4229 recte
1819 4177 2062 4247 c0gitant
2096 4178 2161 4231 de

599 4261 846 4315 Domino.

2329 2515 2508 2569 12.Ἐν
2533 2513 2818 2585 φιλοσοφίᾳ
2841 2515 2947 2568 τινὶ
2968 2514 3373 2587 διεστραμμένα
3394 2513 3613 2569 λαλοῦσι
3643 2517 3718 2587 (1)
3747 2535 3846 2571 κα-

2255 2607 2325 2660 τὰ
2355 2607 2449 2659 τοῦ
2481 2607 2712 2678 Κυρίου.

2333 2701 2419 2755 15.
2440 2699 2746 2754 Ἀπώλοντο
2779 2699 3067 2770 ζητοῦντες
3097 2699 3250 2754 οὐδὲν
3279 2700 3496 2771 ἀληθές.

2329 2796 2414 2849 1ι1.
2435 2793 2750 2847 Ἐλεύσεται
2776 2793 2912 2862 πρὸς
2938 2793 3063 2854 τοὺς
3097 2791 3414 2862 ἀνθρώπους
3451 2795 3577 2858 τοὺς
3616 2794 3774 2864 ἔχοντ

2256 2890 2415 2960 χάριν
2444 2887 2520 2958 (2)
2546 2887 2605 2937 ὲν
2636 2888 2757 2946 ταῖς
2793 2885 3058 2955 Γραφαῖς.

2336 2980 2419 3034 15.
2459 2980 2570 3033 Καὶ
2602 2977 2994 3046 δοξασθήσεται
3027 2978 3054 3028 6
3083 2976 3214 3039 Θεὸς
3241 2978 3296 3029 ἐν
3327 2977 3510 3040 αὐτοῖς
3541 2976 3638 3047 (5).

2331 3071 2418 3126 16.
2461 3069 2542 3121 Τὰ
2578 3070 2796 3140 ῥήματα
2838 3068 2943 3136 γὰρ
2984 3066 3162 3120 αὐτῶν
3189 3066 3258 3120 τὰ
3285 3068 3608 3138 νομιζόμενα
3640 3069 3847 3138 ἠκονη-

2267 3141 2401 3233 μένά
2456 3157 2592 3213 εἶναι
2642 3159 2717 3228 (4)
2762 3158 3028 3227 ἀνίσχυρα
3075 3159 3418 3229 εὑρίσκονται
3445 3159 3580 3229 πρὸς
3623 3158 3712 3211 τὸν
3745 3157 3847 3212 τοῦ

2262 3254 2395 3308 Θεοῦ
2427 3252 2732 3323 ἄνθρωπον.

2336 3347 2422 3399 17.
2462 3346 2573 3398 Καὶ
2605 3341 3056 3412 κατῃσχύνθησαν
3083 3345 3139 3393 ὲν
3164 3345 3229 3412 τῇ
3255 3341 3570 3412 διδασκαλίᾳ
3602 3342 3807 3396 αὐτῶν.

2337 3439 2424 3491 18.
2444 3436 2826 3500 Ἐξενίσθησαν
2860 3434 3058 3498 πάντες
3101 3435 3150 3485 οἱ
3197 3434 3430 3504 ὁρῶντες
3457 3435 3652 3498 αὐτοὺς
3680 3438 3849 3506 ἡττη-

2265 3529 2474 3591 θέντας.

2337 3621 2424 3686 19,
2453 3620 2541 3674 20.
2584 3622 2691 3673 Καὶ
2734 3619 3013 3691 ἐθαύμασε
3056 3621 3165 3682 πᾶς
3207 3619 3513 3690 ἄνθρωπος,
3545 3620 3639 3673 καὶ
3690 3615 3850 3673 εἶπεν

2265 3717 2458 3780 οὕτως’
2489 3719 2661 3787 Χάρις
2681 3717 2772 3768 τοῦ
2800 3716 2937 3768 Θεοῦ
2963 3718 3110 3768 ἐστιν
3146 3717 3201 3768 ὲν
3217 3716 3292 3786 τῷ
3319 3714 3590 3787 ἀνθρώπῳ
3610 3716 3685 3780 τῷ
3710 3734 3850 3770 κατ-

2267 3808 2574 3877 αισχύνοντι
2605 3807 2728 3869 τοὺς
2761 3806 3090 3876 αἱρετικούς.

2336 3902 2425 3954 21.
2468 3903 2576 3954 Καὶ
2607 3902 2704 3972 τὴν
2735 3900 2990 3970 ἀλήθειαν
3019 3899 3111 3952 τοῦ
3142 3899 3276 3952 Θεοῦ
3310 3899 3644 3968 ἐπέγνωσαν.

2337 3996 2426 4049 22.
2448 3996 2865 4064 ’Λγαλλιάσεται
2905 3997 2934 4047 6
2975 3992 3258 4064 ἄνθρωπος
3291 3993 3391 4063 (ii),
3425 3997 3453 4046 6
3480 3996 3606 4056 τοὺς
3636 3995 3847 4064 αἱρετι-

2271 4088 2397 4149 κους
2429 4090 2549 4158 νική
2559 4105 2672 4150 σας.

2337 4180 2424 4231 25.
2467 4181 2573 4231 Καὶ
2596 4178 3041 4248 ἐπαινεθήσονται
3076 4179 3274 4242 πάντες
3301 4181 3348 4232 οἱ
3379 4179 3553 4248 ὀρθῶς
3582 4175 3850 4248 φρονοῦν-

2196 4287 2237 4338 υ
2269 4287 2356 4331 τες
2388 4271 2513 4321 περὶ
2547 4269 2637 4321 τοῦ
2670 4269 2895 4322 Κυρίου.

678 4418 739 4470 ’11
773 4422 1100 4491 προκειμένη
1129 4423 1407 4495 ἐπιφραφὴ
1436 4425 1675 4496 περιέχει
1705 4427 1800 4496 (6)·
1836 4431 1939 4493 Εἰς
1978 4429 2043 4481 τὸ
2078 4431 2268 4496 τέλος,
2293 4433 2532 4501 ῖίθίεῖμῶς
2568 4432 2726 4500 ᾠδῆς
2773 4433 2852 4498 τῷ
2901 4434 3094 4486 Δαϐίδ.
3131 4433 3300 4486 Τοῦτο
3344 4429 3437 4488 οὖν
3491 4435 3669 4503 λέγει’
3701 4435 3846 4506 ὑπὲρ

597 4509 703 4562 τῶν
737 4511 1030 4579 μελλόντων
1171 4516 1410 4582 ἐσχάτων
1436 4517 1541 4568 τῶν
1583 4518 1806 4588 ἡμερῶν
1829 4521 2037 4586 γίνεται
2067 4521 2144 4589 (7)
2175 4522 2278 4573 ὑπὸ
2314 4523 2405 4574 τοῦ
2446 4525 2648 4592 Κυρίου
2684 4527 2711 4578 ὁ
2747 4524 2956 4594 eam;
2992 4525 3090 4595 τῆς
3118 4525 3257 4595 ᾠδῆς
3290 4525 3492 4596 ταύτης
3521 4527 3732 4597 εἴρηται
3764 4527 3848 4592 τῷ

598 4601 792 4665 Δαϐἱδ,
820 4605 1091 4656 τουτέστιν
1122 4605 1199 4670 τῷ
1233 4607 1414 4671 ἰκανῴ
1445 4608 1515 4675 τῇ
1551 4610 1719 4677 χειρὶ,
1748 4612 1806 4672 ὃς
1832 4611 1947 4662 ἐστι
1979 4611 2180 4682 Κύριος
2208 4613 2235 4662 ὁ
2263 4612 2392 4675 Θεὸς
2416 4615 2592 4682 ἡμῶν.

677 4716 888 4770 Titulus
917 4719 1235 4785 prmposilus
1264 4721 1504 4773 continet
1531 4739 1544 4774 :
1579 4722 1644 4773 In
1673 4723 1849 4789 ﬁnem,
1876 4723 2109 4790 psalmus
2141 4725 2332 4776 cantici
2370 4724 2555 4778 David.
2587 4725 2699 4780 lloc
2730 4727 2890 4795 igitur
2920 4726 3183 4796 signiﬁcat
3219 4747 3230 4782 :
3260 4745 3356 4798 pro
3401 4731 3466 4785 iis
3508 4744 3628 4800 quae
3654 4729 3842 4786 futura

604 4824 725 4866 sunt
772 4815 822 4866 iu
871 4813 1179 4868 novissimis
1205 4817 1393 4871 dielms
1428 4827 1486 4871 ut
1510 4820 1638 4872 ﬁam
1669 4836 1697 4873 a
1735 4819 1983 4886 Domino,
2013 4823 2254 4890 psalmus
2301 4823 2495 4877 cantici
2533 4824 2697 4892 hujus
2744 4824 2940 4877 dicitur
2989 4823 3180 4886 David,
3216 4823 3316 4876 hoc
3352 4830 3434 4876 est
3481 4839 3636 4876 manu
3685 4825 3844 4892 forti,

603 4913 778 4978 qualis
809 4919 890 4963 est
916 4909 1180 4966 Dominus
1212 4910 1353 4966 Deus
1385 4925 1584 4969 nOstcr.

682 5065 724 5117 1.
758 5065 832 5119 Te
883 5067 1033 5122 decet
1087 5071 1339 5140 hymnus,
1383 5071 1553 5138 Deus,
1598 5074 1653 5126 in
1704 5075 1868 5131 corde
1914 5076 2156 5131 sitienti:

607 5153 729 5207 εὲωι
758 5159 901 5212 enim
936 5160 1315 5231 interpretatur
1346 5166 1550 5218 sitiens.

2344 5081 2395 5132 1.
2437 5081 2526 5131 Σο).
2554 5081 2750 5150 πρέπει
2783 5080 2968 5150 ὕμνος,
2994 5083 3021 5133 ὁ
3043 5082 3194 5145 Θεὸς,
3222 5087 3278 5136 ὲν
3307 5082 3724 5156 καρδίᾳδιψὼσῃ
3742 5085 3840 5153 (3)·

2271 5171 2425 5225 Σιὼν
2452 5173 2559 5243 γὰρ
2585 5172 2945 5244 ἑρμηνεύεται
2969 5173 3224 5242 διψῶσα.

1559 5352 1864 5418 Addenda
1895 5363 1955 5418 et
1987 5357 2364 5437 corrigenda
2397 5376 2472 5417 ex
2509 5360 2650 5419 cod.
2689 5357 2891 5419 \‘atie.

681 5509 757 5582 (1)
800 5513 1152 5582 Λαλήσουσιν.

968 5587 1160 5652 αὐτοὺς
1192 5593 1218 5644 6
1252 5591 1532 5664 ἄνθρωπος
1563 5593 1699 5664 ἔχων
1734 5599 1914 5670 χάριν,
1951 5610 2056 5654 etc.

789 5710 974 5786 Εἶναι,
1018 5728 1184 5784 deest.

2347 5530 2422 5596 (5)
2445 5531 2760 5600 Ἀνθρωπος
2789 5535 3010 5594 ἐκεῖνος.

2345 5601 2420 5674 (ti)
2541 5602 2627 5652 διὰ
2661 5605 2758 5671 τῆς
2785 5604 3152 5674 κινναῦάρεως
3182 5619 3303 5674 περ.

2347 5670 2423 5735 (7)
2466 5670 2731 5724 Γίνεσθαι.

2347 5739 2423 5810 (8)
2465 5742 2680 5811 moon
2709 5760 2784 5795 σε.
