4036 6464
206 399 304 454 901
1068 394 1159 449 DE
1200 392 1471 448 TITULIS
1506 390 1947 448 PSALMORRM.
1981 424 2048 431 —
2086 391 2249 446 PSAI
2307 391 2489 447 LXIV.
3322 394 3425 450 902

277 510 333 563 2.
372 507 481 560 Καὶ
509 506 590 560 σοὶ
614 506 1002 579 ἀποδοθήσεται
1035 507 1166 579 εὐχὴ
1201 509 1258 561 ὲν
1291 508 1657 579 Ἰερουσαλήμ.
1797 516 1841 571 Α

1588 524 1657 577 nt.
1797 516 1841 571 Α
1936 508 1989 561 2.
2025 507 2088 561 Et
2118 508 2212 561 tibi
2239 508 2487 563 reddetur
2513 514 2695 560 votum
2732 505 2787 561 in
2822 506 3182 564 llierusalem.

277 598 334 654 ὅ.
372 598 700 653 Είσάκουσον
727 598 1033 671 προσευχῆς
1061 615 1182 669 μου,
1211 600 1344 672 πρὸς
1374 600 1433 653 σὲ
1462 600 1611 654 πᾶσα
1634 598 1770 672 σὰρξ

1937 600 1991 655 3.
2030 599 2234 656 Exaudi
2284 601 2584 655 orationem
2636 615 2848 666 meam,
2894 601 2961 656 ad
3002 611 3054 656 te
3092 601 3269 656 omnis
3297 616 3419 657 caro

200 691 345 761 ἥξει.

1866 693 2061 749 veniet.

273 784 326 837 4.
367 783 527 852 Λόγοι
554 784 767 855 ἀνόμων
800 783 1287 855 ὑπερεδυνάμωσαν
1315 784 1480 855 ἡμᾶς.

1935 781 1989 835 4.
2028 780 2199 837 Verba
2232 782 2539 852 iniquorum
2573 768 2967 854 prmvaluerunt
2992 798 3154 851 super
3183 797 3282 839 nos
3309 801 3322 837 :

274 874 327 928 5.
368 875 477 927 Kal.
503 877 619 938 ταῖς
647 874 920 937 ἀσεϐείαις
948 875 1104 945 ἡμῶν
1140 876 1203 928 σὺ
1240 876 1417 947 ἱλάσῃ.

1936 872 1985 926 5.
2023 872 2087 926 Et
2117 874 2477 942 itnpietatibus
2505 876 2705 929 nostris
2731 886 2786 928 tu
2812 874 3210 944 propitiaberis.

273 965 326 1019 6.
369 967 672 1036 Μακάριος,
704 964 761 1019 ὃν
788 966 1032 1031 ἐξελέξω,
1064 967 1157 1020 καὶ
1189 967 1520 1038 προσέλαϐον
1540 982 1555 999 '
1825 964 1845 983 ⁴

1825 964 1845 983 ⁴
1935 963 1986 1018 6.
2024 964 2238 1031 Beatus,
2270 982 2432 1035 quem
2464 967 2672 1037 elegisli
2698 978 2747 1021 et
2771 966 3113 1037 assumpsisti
3140 984 3154 1021 :

274 1053 325 1106 7.
364 1055 789 1124 Κατασκηνώσει
819 1058 875 1108 ὲν
906 1060 1025 1119 ταῖς
1059 1056 1247 1119 αὐλαῖς
1281 1073 1394 1109 σου.

1172 1059 1247 1119 κῖς
1281 1073 1394 1109 σου.
1936 1058 1985 1111 7.
2018 1060 2342 1114 lnhabitabit
2372 1062 2425 1115 in
2458 1062 2609 1116 atriis
2638 1064 2766 1117 tuis.

272 1144 328 1199 8.
370 1145 800 1217 Πλησθησόμεθα
826 1147 882 1199 ὲν
907 1150 1017 1211 τοῖς
1045 1147 1265 1216 ἀγαθοῖς
1293 1148 1385 1201 τοῦ
1412 1150 1557 1202 οἴκου
1586 1167 1676 1202 σου
1698 1167 1711 1179 ο

1444 1150 1557 1202 ἵκου
1586 1167 1676 1202 σου
1698 1167 1711 1179 ο
1932 1149 1982 1203 8.
2020 1149 2371 1221 Replebimur
2401 1157 2454 1206 in
2485 1154 2643 1207 bonis
2672 1154 2867 1207 domus
2892 1161 2997 1207 tua:
3022 1172 3036 1207 :

270 1235 324 1290 9.
344 1237 530 1303 ’Ἄγιος
562 1240 591 1290 ό
616 1238 741 1300 ναός
763 1254 879 1303 σου,
911 1237 1217 1309 Θαυμαστὸς
1250 1243 1307 1293 ἐν
1330 1240 1657 1312 δικαιοσύνῃ.

1933 1242 1983 1296 9.
2028 1241 2286 1297 Sanctum
2323 1245 2579 1313 templum
2604 1254 2775 1309 tuum,
2804 1243 3050 1297 mirabile
3074 1242 3125 1295 in
3150 1241 3417 1311 aequitate.

271 1327 358 1382 10.
386 1330 718 1383 Ἐπάκουσον
739 1330 917 1401 ἡμῶν,
947 1332 975 1383 ό
1003 1331 1135 1395 Θεὸς
1160 1334 1187 1385 ό
1213 1333 1400 1404 Σωτὴρ
1426 1332 1604 1403 ἡμῶν,

1509 1332 1604 1397 ῶν,
1937 1334 2021 1390 10.
2061 1335 2262 1389 Exaudi
2290 1352 2422 1403 nos,
2464 1338 2600 1392 Deus
2631 1338 2875 1391 Salvator
2901 1346 3103 1402 noster,

271 1418 357 1472 11.
385 1420 447 1473 Ἢ
480 1420 632 1483 ἐλπὶς
661 1420 877 1475 πάντων
896 1421 1002 1475 τῶν
1024 1423 1275 1495 περάτων
1294 1424 1391 1495 τῆς
1410 1426 1511 1495 γῆς
1544 1424 1636 1477 καὶ
1658 1426 1763 1477 τῶν

1931 1426 2015 1479 11.
2051 1426 2185 1496 Spes
2210 1429 2451 1483 omnium
2482 1430 2669 1483 linium
2711 1439 2896 1492 terrm,
2933 1438 2985 1482 et
3021 1444 3211 1483 eorum
3244 1427 3335 1497 qui
3363 1425 3418 1479 in

194 1512 253 1563 ὲν
289 1511 525 1584 θαλάσσῃ
556 1515 791 1585 μακράν.

620 1515 791 1585 ικράν.
1862 1514 1998 1568 mari
2038 1515 2214 1581 longe.

269 1602 357 1657 12.
384 1602 713 1675 Ἐτοιμάζων
745 1604 844 1675 ὄρη
873 1606 930 1658 ὲν
961 1608 1028 1677 τῇ
1059 1606 1200 1676 ίσχύῖ
1227 1606 1411 1673 αὑτοῦ,

1931 1604 2017 1658 12.
2058 1604 2372 1676 Prmparans
2401 1618 2609 1664 montes
2642 1609 2694 1662 in
2728 1610 2923 1663 virtute
2951 1623 3049 1663 sua

266 1694 353 1747 15.
395 1694 837 1765 Περιεζωσμένος
870 1697 926 1748 ὲν
950 1696 1257 1769 δυναστείᾳ.

1056 1696 1257 1769 ιστεία.
1932 1695 2017 1751 13.
2051 1696 2341 1753 Accinctus
2372 1700 2605 1769 potentia
2638 1719 2650 1753 :

265 1782 353 1835 14.
381 1783 438 1835 '0
468 1783 852 1855 συνταράσσων
877 1786 937 1838 τὸ
968 1786 1127 1850 κύτος
1160 1789 1258 1858 τῆς
1292 1788 1585 1859 θαλάσσης,
1794 1854 1825 1859 _

1490 1806 1585 1859 της,
1794 1854 1825 1859 _
1928 1786 2012 1839 14.
2053 1785 2157 1853 Qui
2192 1789 2486 1844 conturbas
2516 1788 2842 1859 profundum
2884 1804 3049 1843 maris
3072 1828 3084 1852 ,

264 1876 353 1930 15.
370 1876 572 1944 Ἥχους
595 1854 852 1948 κυμάτων
880 1880 1051 1951 αὐτῆς
1076 1880 1156 1944 τίς
1197 1854 1590 1951 ύποστήσεταις
1792 1854 1832 1908 Β

1589 1928 1590 1939 χ
1792 1854 1832 1908 Β
1932 1878 2016 1932 15.
2052 1877 2251 1933 Sonum
2282 1854 2540 1934 ﬂuctuum
2570 1880 2687 1949 ejus
2717 1880 2839 1949 quis
2861 1860 3183 1933 sustinebit?

264 1963 350 2016 16.
388 1966 831 2037 Ταραχθήσονται
867 1970 935 2023 τά
970 1970 1117 2042 ἔθνη,
1169 1972 1261 2025 καὶ
1293 1972 1684 2043 φοϐηθήσονται
1713 1976 1760 2028 οί

1932 1970 2019 2025 16.
2052 1970 2438 2026 Turbabuntur
2471 1981 2688 2041 gentes,
2729 1982 2782 2028 et
2821 1972 3089 2027 timebunt
3127 1968 3221 2041 qui
3263 1969 3414 2025 habi-

189 2054 570 2120 κατοικοῦντες
597 2058 664 2112 τὰ
691 2059 899 2130 πέρατα
930 2060 1037 2113 ἀπὸ
1062 2060 1171 2113 τῶν
1198 2062 1439 2133 σημείων
1467 2080 1561 2117 σου
1580 2080 1593 2092 ”

1098 2060 1171 2113 ῶν
1198 2062 1439 2133 σημείων
1467 2080 1561 2117 σου
1580 2080 1593 2092 ο
1860 2072 1975 2117 tant
2004 2064 2263 2119 terminos
2287 2080 2316 2118 a
2342 2064 2511 2135 signis
2545 2064 2651 2118 tuis
2680 2081 2692 2117 :

262 2146 349 2200 17.
396 2148 638 2213 Ἐξόδους
671 2151 902 2221 πρωῖας,
933 2153 1028 2206 καὶ
1062 2153 1298 2224 ἑσπέρας
1326 2153 1560 2225 τέρψεις.

1934 2153 2016 2207 17.
2049 2152 2237 2209 Exitus
2264 2155 2531 2219 matutini,
2556 2165 2610 2209 et
2639 2169 2862 2224 vespere
2891 2152 3203 2209 delcctabis.

261 2238 349 2292 18.
382 2240 690 2313 Ἑπισκέψω
713 2242 810 2314 τὴν
839 2247 961 2312 γῆν,
998 2244 1091 2297 καὶ
1126 2244 1395 2315 ὲμέθυσας
1422 2246 1588 2318 αὑτήν
1610 2262 1621 2275 ·

1530 2247 1621 2318 ήν’
1937 2244 2021 2299 18.
2062 2244 2305 2300 Visitasti
2332 2255 2555 2312 terram,
2580 2256 2633 2301 et
2660 2246 2938 2300 inebriasti
2962 2260 3081 2301 eam
3110 2263 3124 2299 :

267 2328 352 2383 19.
383 2328 719 2403 Ἐπλήθυνας
751 2332 843 2386 τοῦ
872 2334 1152 2387 πλουτίσαι
1181 2336 1369 2408 αὑτήν.

1340 2354 1369 2389 ι.
1932 2336 2017 2392 19.
2052 2336 2415 2409 Multiplicasti
2446 2338 2768 2409 locupletare
2792 2353 2934 2393 eam.

1313 2512 1684 2567 ATHANASII
1726 2512 2300 2571 lNTERPRETATlO.

257 2670 313 2723 2.
354 2670 465 2724 Καὶ
504 2672 563 2722 ὲν
594 2672 659 2740 τῇ
693 2670 836 2741 ψυχῇ
858 2674 925 2742 τῇ
954 2671 1136 2746 ὁρώσῃ
1167 2689 1225 2725 σε
1252 2671 1640 2744 ἀποδοθήσεταί
1674 2690 1755 2727 σοι

1929 2674 1983 2727 2.
2019 2672 2085 2729 Et
2111 2673 2291 2728 anima
2329 2671 2544 2729 vidente
2587 2682 2638 2730 te
2679 2674 2929 2729 reddetur
2956 2672 3049 2727 tibi
3084 2674 3295 2729 oratio:
3323 2674 3411 2731 Je-

186 2762 338 2832 εὐχή·
368 2760 750 2832 Ἰερουσαλὴμ
766 2762 874 2833 γὰρ
892 2764 1249 2834 ἑρμηνεύεται
1269 2763 1474 2833 ὅρασις
1489 2764 1750 2831 εἰρήνης.

1430 2783 1474 2830 ις
1489 2764 1750 2831 εἰρήνης.
1860 2767 2087 2821 rusalem
2117 2767 2259 2821 enim
2296 2766 2680 2837 interpretatur
2704 2767 2833 2821 visio
2858 2768 3024 2835 pacis.

262 2855 314 2908 5.
357 2854 689 2910 Είσάκουσον
719 2858 816 2929 τῆς
851 2859 1155 2929 προσευχῆς
1186 2875 1309 2928 μου,
1343 2858 1423 2912 ὅτι
1462 2858 1753 2928 πάντεςτῷ

1931 2857 1984 2910 5.
2008 2856 2214 2911 Exaudi
2240 2858 2541 2912 orationem
2572 2873 2772 2923 meam,
2799 2860 3055 2929 quoniam
3075 2873 3265 2914 omnes
3289 2867 3414 2915 ante

189 2946 395 3017 βήματι
428 2964 520 3000 σου
547 2948 1007 3019 παραστησόμεθα
1045 2948 1142 3020 (1).

1054 2948 1142 3020 [1).
1858 2946 2123 3002 tribunale
2153 2957 2304 3001 tuum
2329 2954 2648 3003 statuemur.

259 3040 310 3093 4.
342 3038 407 3092 Ἦ
433 3039 621 3111 διδαχὴ
650 3040 743 3093 τοῦ
772 3040 1015 3094 διαϐόλου
1034 3042 1254 3094 καὶτῶν
1284 3042 1568 3113 ὑπουργῶν
1589 3041 1752 3095 αὐτοῦ

1924 3040 1978 3094 4.
2008 3039 2262 3095 Doctrina
2312 3039 2510 3095 diaboli
2546 3049 2601 3095 et
2638 3040 3009 3095 ministrorum
3057 3040 3175 3110 ejus
3207 3056 3410 3111 praeva-

185 3128 471 3197 κατίσχυεν
499 3128 576 3197 (2)
616 3130 647 3198 ἡ
655 3128 788 3197 μῶν.

726 3131 788 3181 iv.
1860 3134 1960 3188 luit
1987 3143 2172 3189 contra
2204 3149 2320 3187 nos.

260 3216 388 3271 5.'0
417 3216 615 3288 Ἀμνὸς
657 3216 751 3270 τοῦ
789 3217 923 3271 Θεοῦ
958 3219 986 3271 ό
1014 3216 1183 3287 αίρων
1214 3217 1313 3291 τὴν
1348 3216 1617 3290 ἁμαρτίαν
1662 3217 1755 3271 τοῦ

1579 3235 1617 3271 ιν
1662 3217 1755 3271 τοῦ
1933 3222 1985 3278 5.
2016 3223 2201 3293 Agnus
2232 3222 2323 3275 Dei
2350 3222 2443 3291 qui
2479 3222 2615 3277 tollit
2644 3230 2925 3292 peccatum
2962 3221 3173 3279 mundi.

182 3310 413 3381 κόσμου.
1777 3300 1824 3363 C

254 3401 306 3455 t5.
347 3400 630 3472 Μακάριος
674 3400 733 3454 ὃν
778 3401 992 3473 ἐρρύσω
1021 3403 1084 3457 ἐκ
1111 3401 1186 3474 (5)
1214 3402 1322 3456 τῶν
1350 3401 1633 3473 ἁμαρτιῶν
1662 3402 1757 3455 αὐ-

1928 3413 1977 3466 ὁ.
2010 3411 2205 3465 Beatus
2251 3425 2410 3481 quem
2446 3409 2685 3465 liberasti
2730 3426 2758 3465 a
2786 3410 3019 3481 peccatis
3051 3410 3185 3479 suis,
3224 3421 3276 3466 et
3307 3426 3408 3467 cu-

183 3491 301 3556 τοῦ,
332 3494 427 3545 καὶ
450 3493 719 3561 ὲφύλαξας
746 3495 928 3547 αὐτόν.

648 3497 719 3559 ξας
746 3495 928 3547 αὐτόν·
1858 3505 2067 3562 stodisti
2100 3520 2242 3559 eum.

258 3584 311 3638 7.
332 3582 422 3637 'Ev
450 3587 571 3646 ταῖς
596 3584 839 3647 αἱωνίαις
870 3584 1257 3640 ἀναπαύσεσιν.

1057 3584 1257 3640 ύσεσιν.
1930 3599 1979 3653 7.
2016 3596 2070 3649 1η
2091 3597 2307 3651 :eternis
2334 3594 2646 3666 refrigeriis.

257 3674 765 3745 8.Ἐμπλησθῶμεν
793 3676 903 3730 τῶν
934 3676 1317 3746 δικαιωμάτων
1350 3676 1443 3729 τοῦ
1481 3677 1607 3729 λαοῦ
1637 3694 1749 3732 σου.

1600 3678 1607 3726 i
1637 3694 1749 3732 σου.
1923 3686 1975 3739 8.
2006 3684 2840 3757 Replebimurjustilicationibus
2871 3684 3056 3753 populi
3098 3685 3194 3738 tui.

262 3766 314 3820 9.
334 3764 393 3819 '0
419 3765 547 3828 λαὸς
562 3766 587 3817 ὁ
621 3765 890 3819 πιστεύων
912 3767 990 3829 είς
1008 3766 1085 3829 σὲ,
1105 3768 1160 3818 ὲν
1178 3761 1256 3829 οἷς
1277 3766 1439 3828 αὐτὸς
1464 3769 1750 3830 κατοικεῖς.

1671 3769 1750 3830 εἷς·
1926 3776 1977 3830 9.
2010 3774 2247 3845 Populus
2271 3774 2497 3830 credens
2524 3774 2576 3827 in
2608 3784 2679 3839 te,
2708 3773 2760 3826 in
2799 3773 2915 3842 ipso
2945 3781 3000 3826 tu
3034 3772 3265 3827 habitas.

263 3856 346 3911 10.
391 3854 831 3929 Πρόσδεξαιτοὺς
862 3856 1259 3928 ὕμνονςήμῶν,
1294 3855 1388 3921 οὖς
1420 3874 1500 3911 σοι
1523 3858 1756 3929 προσφέ-

1926 3866 2011 3920 10.
2044 3864 2243 3936 Excipe
2267 3866 2495 3937 hymnos
2519 3874 2754 3930 nostros,
2782 3880 2922 3934 quos
2965 3864 3063 3919 tibi
3108 3863 3402 3921 offerimus.

325 3968 373 4005 ν.

325 3969 373 4005 ν.

185 3969 346 4097 βοῇ.
388 4044 509 4097 Τῶν
540 4042 810 4096 Ἰουδαίων
843 4041 1069 4095 καὶτῶν
1105 4041 1273 4094 ἐθνῶν
1307 4040 1542 4097 πάντων.

1404 4055 1542 4097 ιτων.
1926 4042 2009 4097 11.
2046 4040 2355 4096 Iudaeorum
2380 4050 2433 4095 et
2462 4041 2704 4095 omnium
2735 4041 2998 4110 gentium.

260 4133 347 4185 12.
389 4130 674 4185 Ταπεινῶν
700 4130 798 4193 τάς
830 4128 1078 4192 ἐναντίας
1111 4129 1385 4199 δυνάμεις.

1926 4134 2011 4189 12.
2043 4131 2346 4187 Humilians
2372 4132 2671 4187 contrarias
2700 4138 3018 4202 potestates.

259 4225 343 4279 15.
365 4223 693 4294 Ἐρχόμενος
721 4223 777 4275 ιν
806 4221 1112 4291 δυναστείᾳ.

1044 4221 1112 4291 ίᾳ.
1926 4223 2013 4276 13.
2041 4220 2276 4277 Veniens
2303 4222 2355 4275 in
2382 4222 2638 4290 potentia.

257 4319 343 4373 14.
371 4319 430 4371 Ὀ
448 4316 746 4389 συπρίὸων
768 4316 828 4370 τὸ
852 4315 1018 4388 κέρας
1046 4313 1138 4368 τοῦ
1165 4314 1422 4385 ἄρχοντος
1440 4311 1532 4366 τοῦ
1551 4312 1750 4382 κόσμου

1636 4329 1750 4382 τμου
1919 4312 2007 4369 14.
2034 4312 2329 4369 Conterens
2360 4326 2529 4367 cornu
2552 4311 2811 4383 principis
2834 4312 3020 4367 mundi
3046 4312 3230 4383 hujus.

177 4427 394 4465 τούτου.

258 4502 345 4556 15.
386 4501 496 4565 Τάς
514 4498 777 4561 ὑποϐολὰς
792 4496 898 4551 τῶν
914 4496 1170 4562 ἐξουσιῶν
1186 4496 1276 4549 τοῦ
1303 4494 1494 4567 ἐχθροῦ
1519 4494 1599 4558 τίς
1620 4496 1749 4548 ὐπο-

1741 4525 1749 4534 -
1923 4496 2009 4551 45.
2035 4493 2266 4552 insidias
2286 4503 2610 4566 potestatum
2633 4494 2838 4549 inimici
2865 4493 2989 4563 quis
3012 4494 3335 4549 sustinebit?

227 4595 377 4661 ἑρεις

182 4612 345 4740 “si;
363 4637 622 4755 ἱΕμφοδα
652 4682 887 4755 ἐντρομα
914 4680 989 4751 (4)
1038 4680 1355 4750 γενήσονται
1396 4678 1463 4731 τά
1497 4677 1623 4749 ἔθνη
1644 4678 1751 4731 ἀπὸ

1805 4646 1823 4695 )
1924 4674 2008 4729 16.
2039 4672 2262 4728 Timidaa
2302 4688 2365 4728 ac
2404 4673 2625 4743 trepidae
2651 4673 2777 4728 ﬁent
2807 4682 2994 4745 gentes
3032 4672 3103 4729 ob
3135 4673 3399 4729 mirabilia

179 4778 293 4832 τῶν
326 4778 618 4847 Θαυμάτων
654 4790 768 4839 σου,
796 4767 871 4828 ὧν
899 4772 1219 4843 ἀκηκόασιν.

860 4790 871 4826 ρ
899 4772 1219 4843 ἀκηκόασιν.
1852 4777 1943 4823 tua
1967 4783 2087 4838 quae
2114 4767 2454 4822 audiverunt.

260 4870 342 4925 17.
363 4868 454 4922 Ἐν
484 4867 561 4939 τῷ
592 4866 730 4937 φωτί
764 4883 854 4919 σου
883 4864 1168 4933 ὲξαγάγεις
1189 4862 1257 4914 τὰ
1284 4861 1433 4933 ἔθνη,
1477 4862 1571 4914 καὶ
1598 4861 1654 4914 ὲν
1687 4862 1752 4930 τῇ

1926 4860 2011 4915 17.
2040 4858 2095 4912 1η
2125 4859 2245 4913 luce
2286 4868 2376 4913 tua
2404 4856 2592 4912 eduCIs
2629 4866 2831 4926 gentes,
2862 4866 2917 4911 et
2964 4857 3018 4911 in
3057 4871 3398 4912 consumma-

185 4960 465 5031 συντελείᾳ.
495 4959 588 5013 τοῦ
619 4958 809 5021 αἰῶνος
848 4956 1153 5027 πληρώσεις
1186 4954 1325 5008 αὐτά
1352 4953 1752 5023 ἀγαλλιάσεται.

1421 4953 1752 5007 ἀλλιάσεται.
1858 4952 2003 5006 tione
2042 4950 2223 5005 smeuli
2256 4949 2500 5019 implebis
2528 4964 2620 5004 eas
2642 4950 3015 5004 exsultatione.

257 5053 492 5109 18.Ἐπὶ
544 5052 643 5121 τῆς
689 5050 795 5121 γῆς
828 5047 1033 5118 ὤφθης,
1066 5047 1159 5099 καὶ
1205 5044 1383 5115 πάσης
1423 5044 1756 5115 εὐφροσύνης

1928 5041 2096 5095 18.1η
2130 5050 2268 5095 terra
2311 5040 2461 5096 visus
2508 5056 2587 5107 es,
2624 5050 2678 5096 et
2704 5041 2851 5095 omni
2902 5040 3085 5097 Iretitia
3130 5038 3398 5111 replevisti

184 5146 511 5217 ἐπλήρωσας
532 5144 659 5205 τοὺς
681 5138 1018 5212 ἀνθρώπους.

532 5144 659 5205 τοὺς
681 5138 1018 5212 ἀνθρώπους.
1852 5133 2113 5190 homines.

261 5239 345 5293 19.
365 5234 703 5307 Ἐπλήθυνας
717 5232 785 5285 τά
800 5228 1113 5302 χαρίσματά
1139 5246 1232 5282 σου
1258 5230 1315 5281 ὲν
1339 5229 1405 5297 τῇ
1429 5224 1748 5295 Ἐκκλησία.

1486 5224 1748 5295 σικλησίᾳ.
1926 5225 2012 5279 19.
2049 5225 2413 5296 Multiplicasti
2449 5225 2590 5279 dona
2624 5232 2712 5279 tua
2740 5224 2791 5278 in
2824 5223 3080 5281 Ecclesia.

1138 5404 1445 5467 Addenda
1477 5410 1537 5462 et
1575 5402 1944 5480 corrigenda
1980 5420 2052 5460 ex
2088 5404 2225 5463 eod.
2264 5401 2457 5463 Vatic.

258 5539 305 5607 (1
320 5544 335 5605 )
355 5536 789 5607 Παριστάμεθα.
805 5533 1067 5607 ιημιῃπε.
1095 5531 1216 5586 cod.
1232 5530 1347 5584 haec
1376 5529 1635 5607 leguntur
1644 5540 1743 5607 eo-

805 5533 1067 5607 lnj‘marg.
1095 5531 1216 5586 cod.
1232 5530 1347 5584 haec
1376 5529 1743 5607 leguntureo-
1918 5529 1993 5607 (ἓ)
2014 5528 2384 5607 ᾕατίσχυσεν.

182 5594 329 5665 ἀρὴ(
354 5594 687 5670 charactere,
715 5605 805 5658 Ἐν
851 5594 1048 5673 ἄλλοιςξ
1087 5594 1581 5673 παραστησόμεθα..
1620 5594 1742 5649 Ηαξο

571 5594 687 5670 μιξῖθ,
715 5605 805 5658 Ἐν
851 5594 1048 5673 ἄλλοιςξ
1087 5594 1581 5673 παραστησόμεθα..
1620 5594 1742 5649 Ηαξο
1916 5594 1990 5673 (ᾗ)

184 5662 366 5738 autem
403 5662 685 5750 adnotatio'
725 5672 961 5729 ostendit
987 5662 1333 5750 vetustatem'
1358 5662 1519 5750 hujus
1572 5668 1740 5750 inter-

1917 5662 2137 5750 (4)‘Kla.‘t
2190 5668 2422 5750 ἐντρομα
2467 5669 2777 5749 γενήσονται
2818 5664 2885 5750 τά
2924 5662 3207 5750 ⁸ἕοννηκξιαςί.
3246 5662 3305 5714 ὲν
3335 5663 3400 5720 τῇ

185 5734 511 5821 ὖτριειιὶυηὶε
559 5763 673 5821 seu_
707 5742 1099 5821 commentarii,
1137 5742 1291 5813 cujus
1325 5734 1503 5808 plures
1528 5738 1739 5792 codices

1849 5734 2124 5808 συντελείᾳ
2154 5740 2244 5791 τοῦ
2273 5734 2465 5800 αἰῶνος
2498 5734 2786 5807 πληρώσῃς
2813 5736 2947 5789 αὐτὰ
2977 5734 3362 5801 ἀγαλλιάσεως.

189 5815 316 5876 i‘nss.
352 5818 552 5875 seculo
580 5834 629 5870 lx
656 5818 767 5885 jam
794 5815 1093 5871 exstabant.
