4036 6496
188 430 298 486 905
1075 422 1161 478 DE
1199 423 1472 479 TITULIS
1512 421 1964 477 PSALMORUM.
2000 452 2065 459 —
2107 420 2300 473 PSAL.
2344 419 2503 475 LXV.
3336 422 3440 477 906

272 544 321 597 5.
366 544 454 596 Ἐν
481 542 557 614 τῷ
583 541 775 614 πλήθει
804 542 902 612 τῆς
927 540 1208 611 δυνάμεώς
1239 557 1331 592 σου
1368 538 1656 607 ψεύσονται
1707 555 1765 590 σε
1798 545 1840 598 Α

1838 590 1840 596 ,
1941 538 1993 594 5.
2044 536 2098 590 In
2152 535 2498 590 multitudine
2543 534 2758 588 virtutis
2815 542 2920 588 tua:
2967 535 3294 589 mentiemur
3339 537 3432 589 tibi

189 637 239 687 οί
271 635 451 706 ἐχθροί
485 652 595 688 σου.

1875 627 2077 681 inimici
2110 627 2207 680 tui.

263 724 314 777 6.
346 726 554 796 Πᾶσαή
590 726 662 796 γῆ
696 724 1228 796 προσκυνησάτωσάν
1261 737 1364 783 σοι,
1397 721 1492 775 καὶ
1516 721 1770 790 ψαλάτω-

1565 721 1770 775 αλάτω-
1944 719 1996 772 6.
2033 718 2220 773 Omnis
2248 725 2389 771 terra
2418 719 2604 771 adoret
2653 725 2704 772 te
2728 725 2780 770 et
2807 717 2999 785 psallat
3028 718 3120 770 tibi
3149 736 3159 769 :

196 815 296 869 σάν
322 834 402 869 σοι
428 834 441 848 ·

269 906 320 959 7.
347 907 684 978 1Βαλάιτωσαν
717 909 782 978 δὴ
811 908 887 978 τῷ
911 908 1133 978 ὀνόματί
1163 923 1278 969 σου,
1309 906 1556 974 Ὕψιστε.

1947 901 1995 952 7'.
2033 900 2304 954 Psalmum
2339 900 2482 952 dicat
2512 898 2717 951 nomini
2750 909 2867 964 tuo,
2901 899 3195 952 Altissime.

267 995 321 1050 8.
353 976 538 1060 Δεῦτε,
570 998 665 1050 καὶ
707 997 841 1049 ἴδετε
879 997 948 1049 τά
983 995 1118 1065 ἔργα
1151 992 1244 1045 τοῦ
1271 991 1405 1044 Θεοῦ

1316 991 1405 1043 εοῦ
1945 994 1998 1047 8.
2033 993 2239 1056 Venite,
2276 992 2532 1057 ct‘ﬁ'idete
2561 1006 2721 1060 opera
2754 990 2846 1044 Dei
2894 1009 2906 1044 :

763 1089 1082 1157 Διάψίαλμα
1121 1085 1220 1154 (α).

2508 1087 2838 1158 Diapsalma.

267 1178 324 1233 9.
359 1176 447 1242 Ὠς
471 1178 700 1250 φοϐερὸς
717 1183 772 1233 ὲν
806 1180 1018 1250 βουλαῖς
1048 1177 1188 1247 ὑπὲρ
1220 1175 1344 1238 τοὺς
1375 1176 1523 1239 υἱοὺς
1552 1177 1660 1229 τῶν
1681 1178 1772 1230 ἁν-

1945 1182 1996 1236 9.
2043 1181 2217 1248 Quam
2270 1180 2524 1235 terribilis
2581 1181 2632 1233 in
2665 1180 2910 1235 consiliis
2960 1194 3123 1248 super
3156 1178 3293 1232 ﬁlios
3347 1190 3441 1232 no-

197 1265 227 1318 θ
237 1265 454 1337 ρώπων.

1876 1276 2108 1328 mitium.

273 1358 359 1411 10.
400 1358 456 1410 '0
493 1355 880 1428 μεταστρέφων
910 1355 1007 1425 τὴν
1041 1355 1312 1410 Θάλασσαν
1340 1359 1417 1420 εἰς
1440 1357 1629 1429 ξηράν·

1440 1357 1629 1429 ξηράν·
1948 1367 2033 1421 10.
2066 1366 2167 1432 Qui
2205 1365 2474 1420 convertit
2506 1381 2657 1419 mare
2689 1365 2742 1418 in
2776 1365 2980 1419 aridam
3012 1385 3023 1419 :

273 1450 358 1502 1Ι.
408 1450 495 1501 Ἐν
531 1446 759 1517 ποταμῷ
792 1445 1156 1502 διελεύσονται
1191 1448 1330 1500 ποδί.

1953 1457 2038 1509 11.
2069 1455 2122 1508 In
2161 1455 2383 1508 ﬂumine
2411 1455 2819 1523 pertransibunt
2845 1455 2998 1523 pede.

273 1543 360 1596 12.
405 1543 549 1594 Ἐκεῖ
578 1539 1066 1611 εὐφρανθησόμεθα.
1093 1542 1178 1593 ἐπ’
1219 1542 1388 1612 αὐτῷ,
1947 1549 2032 1603 12.
2060 1546 2518 1601 lbiltetabimurin
2542 1548 2682 1615 ipso,

276 1636 364 1688 15.
399 1634 487 1704 Τῷ
513 1632 826 1696 δεσπόζοντι
852 1635 908 1686 έν
927 1635 991 1703 τῇ
1023 1633 1312 1705 δυναστείᾳ
1336 1634 1498 1687 αὐτοῦ
1529 1633 1620 1687 τοῦ
1648 1634 1775 1687 αἰῶ-

1950 1640 2034 1693 15.
2067 1640 2169 1706 Qui
2197 1639 2507 1694 dominatur
2548 1637 2600 1690 in
2633 1637 2830 1691 virtute
2859 1653 2956 1690 sua
2996 1638 3048 1690 in
3085 1647 3387 1691 :eternum:

200 1744 293 1789 νος

281 1818 365 1874 14.
397 1819 457 1869 Ol
487 1815 758 1886 ὀφθαλμοὶ
791 1815 954 1869 αὑτοῦ
980 1817 1071 1869 ἐπὶ
1106 1817 1174 1870 τὰ
1198 1818 1326 1888 ἔθνη
1350 1817 1737 1872 ἐπιϐλέπουσιν
1758 1835 1770 1848 ο

1567 1836 1737 1871 ιουσιν
1758 1835 1770 1848 ο
1953 1817 2038 1869 14.
2066 1815 2216 1869 Oculi
2251 1817 2369 1883 eius
2406 1831 2572 1884 super
2602 1825 2787 1885 gentes
2825 1816 3121 1883 respiciunt
3150 1833 3161 1868 :

279 1912 363 1967 15.
385 1913 443 1962 Οἱ
463 1909 992 1980 παραπικραίνοντες
1009 1909 1082 1979 μὴ
1100 1910 1453 1978 ὑψούσθωσαν
1474 1914 1529 1963 ἐν
1543 1913 1772 1973 ἑαυτοῖς.
1809 1892 1850 1946 Β

1848 1925 1850 1935 λ
1953 1909 2036 1962 15.
2065 1906 2168 1972 Qni
2200 1919 2525 1976 exasperant
2557 1923 2661 1960 non
2697 1909 3003 1961 exaltentur
3034 1908 3085 1960 in
3119 1908 3442 1975 semetipsis.

278 2002 360 2055 16.
393 2001 696 2068 Εὑλογεῖτε,
729 1997 876 2068 ἔθνη,
902 1998 993 2051 τὸν
1026 1998 1157 2051 Θεὸν
1184 2000 1339 2070 ἡμῶν
1359 2017 1372 2030 ·

1951 1998 2036 2051 16.
2080 1997 2406 2062 Bcnedicite,
2434 2009 2639 2067 gentes,
2672 1997 2840 2052 Deum
2875 2007 3118 2052 nostrum
3151 2019 3159 2049 :

276 2095 363 2150 17.
395 2094 501 2147 Καὶ
527 2092 848 2147 ἀκουτίσατε
863 2092 961 2162 τὴν
985 2091 1166 2161 φωνὴν
1186 2093 1283 2160 τῆς
1299 2092 1560 2155 αἰνέσεως
1589 2090 1770 2144 αὑτοῦ.

1597 2090 1770 2144 αὑτοῦ.
1952 2090 2038 2143 17.
2073 2089 2136 2144 Et
2170 2091 2408 2145 auditam
2447 2089 2607 2144 facile
2630 2105 2817 2144 vocem
2851 2091 3024 2144 laudis
3054 2091 3191 2157 ejus.

272 2188 360 2241 18.
397 2185 502 2239 Τοῦ
539 2184 766 2255 θεμένου
790 2184 889 2253 τὴν
918 2182 1094 2251 ψυχήν
1124 2198 1222 2251 μου
1249 2183 1327 2244 είς
1361 2179 1528 2250 ζωήν.

1953 2181 2037 2234 18.
2068 2181 2169 2246 Qui
2201 2184 2381 2250 posuit
2408 2183 2646 2235 animam
2680 2197 2854 2235 meam
2886 2182 2952 2236 ad
2978 2182 3143 2235 vitam
3172 2201 3182 2234 :

275 2279 360 2333 19.
390 2279 499 2330 Καὶ
535 2276 606 2346 μὴ
637 2275 816 2336 δόντος
839 2275 915 2336 εἰς
943 2272 1100 2325 σάλον
1124 2274 1249 2336 τοὺς
1283 2271 1448 2334 πόδας
1483 2290 1602 2342 μου.

1955 2272 2039 2326 19.
2073 2271 2138 2324 Ει
2168 2288 2274 2325 non
2304 2275 2450 2327 dedit
2483 2275 2535 2327 in
2568 2274 2986 2328 commotionem
3021 2275 3183 2342 pedes
3209 2289 3376 2327 meos.

275 2369 364 2424 $0.
390 2370 512 2422 ’Ότι
539 2368 862 2436 ἐδοκίμασας
885 2366 1051 2435 ἡμᾶς,
1068 2367 1096 2417 ὸ
1119 2365 1269 2430 Θεὸς,
1296 2365 1583 2435 ὲπύρωσας
1606 2365 1775 2434 ἡμᾶς,

1956 2361 2044 2416 20.
2070 2361 2336 2428 Quoniam
2369 2363 2607 2433 probasti
2635 2378 2754 2425 nos,
2785 2362 2948 2427 Deus,
2978 2365 3099 2435 igne
3125 2365 3445 2418 examinasti

199 2459 279 2524 ὡς
311 2460 574 2530 πυροῦται
605 2459 665 2510 τὺ
701 2458 985 2529 ἀργύριον.

1885 2468 2007 2520 nos,
2043 2455 2185 2509 sicut
2211 2456 2552 2510 examinator
2579 2464 2880 2524 argentum.

279 2620 358 2690 (α)
393 2619 572 2674 Codex
605 2614 777 2672 Palat.

1347 2705 1718 2761 ATHANASII
1753 2705 2326 2763 INTERPRETATIO.

283 2866 335 2921 5.
367 2867 478 2920 Καὶ
500 2866 558 2919 ὲν
577 2865 654 2936 τῷ
680 2864 844 2919 πάθει
873 2865 967 2916 καὶ
1009 2861 1083 2932 (1)
1114 2864 1181 2931 τῇ
1207 2861 1496 2914 ἀναστάσει
1540 2879 1631 2914 σου
1676 2863 1776 2930 ἀρ-

1951 2861 2002 2913 5.
2033 2860 2096 2912 Et
2126 2862 2178 2914 in
2212 2865 2481 2932 passione,
2510 2875 2560 2919 et
2597 2865 2649 2918 in
2703 2867 3100 2922 resurrectione
3145 2879 3233 2921 tua
3284 2882 3443 2940 nega-

205 2958 464 3030 νήσονταί
496 2975 555 3010 σε
586 2959 715 3012 Θεὸν
736 2961 785 3010 οἱ
817 2957 1076 3010 Ἰουδαῖοι.

927 2957 1076 3008 δαῖοι.
1882 2953 2017 3007 bunt.
2051 2962 2099 3007 te
2137 2955 2302 3010 Deum
2331 2956 2521 3010 Judzei.

279 3050 331 3104 6.
366 3050 445 3103 Τά
475 3049 600 3120 ἔθνη
637 3051 813 3102 πάντα
846 3045 1218 3105 πιστεύσουσι,
1252 3041 1344 3093 καὶ
1389 3040 1669 3106 δοξάσουσί
1696 3058 1775 3107 σε.

1710 3058 1775 3107 ιε.
1953 3046 2005 3098 6.
2036 3045 2234 3103 Gentes
2259 3065 2448 3104 omnes
2475 3051 2717 3116 credent,
2754 3059 2807 3103 ct
2835 3051 3215 3120 glorilicabunt
3239 3065 3304 3106 te.

283 3143 334 3196 7.
383 3144 773 3212 ’Δνυμνήσουσι
807 3141 866 3193 τὸ
896 3136 1304 3211 μεγαλοπρεπὲς
1326 3135 1496 3204 ὄνομά
1523 3151 1614 3186 σου
1644 3134 1741 3203 (‘2).

1565 3151 1614 3186 au
1644 3134 1741 3203 (‘2).
1959 3138 2007 3192 7.
2041 3139 2364 3194 Laudabunt
2387 3143 2731 3211 magniﬁcum
2768 3157 2962 3195 nomen
2988 3152 3159 3195 tuum.

279 3235 333 3290 8.
361 3237 439 3305 Τῇ
462 3234 656 3304 καρδία
679 3232 834 3304 ἡμῶν
853 3230 1147 3302 προσέχετε
1171 3227 1247 3297 (3)
1283 3229 1392 3289 τοῖς
1421 3224 1780 3296 δικαιώμασιν
1808 3277 1848 3332 C

1955 3228 2005 3281 8.
2071 3228 2339 3284 Cordibus
2400 3232 2595 3284 vestris
2661 3233 2918 3286 attendite
2966 3231 3446 3300 justiﬁcationihus

205 3335 396 3381 αὑτοῦ.
1882 3335 2020 3388 ejus.

281 3420 335 3473 9.
370 3418 490 3470 ’Ὁτι
518 3417 552 3487 ἠ
573 3415 758 3485 διδαχὴ
781 3415 876 3485 τῆς
891 3413 1111 3484 χάριτος
1143 3411 1308 3465 αὑτοῦ
1337 3409 1780 3481 ὲνδοξοτέραὲστὶ

1952 3410 2003 3464 9.
2051 3409 2316 3476 Quoniam
2362 3411 2606 3466 doctrina
2647 3414 2833 3483 gratiae
2882 3415 2998 3484 ejus
3041 3415 3325 3485 gloriosior
3365 3429 3445 3472 est

203 3511 307 3582 τῆς
342 3509 535 3578 σοφίας
563 3509 670 3560 τῶν
697 3507 1019 3576 ἀνθρώπων.

843 3507 1019 3558 ῶπων.
1885 3503 2121 3557 humana
2153 3503 2437 3574 sapientia.

283 3600 369 3654 10.
408 3602 465 3652 '0
499 3601 596 3669 τὴν
625 3598 897 3667 ἁμαρτίαν
937 3595 1034 3649 τοῦ
1067 3596 1272 3664 κόσμου
1300 3592 1544 3646 θανατῶν

1449 3592 1544 3646 τῶν
1956 3596 2041 3649 10.
2069 3595 2170 3661 Qui
2203 3598 2495 3650 mortilicat
2524 3606 2802 3665 peccatum
2840 3596 3043 3649 mundi.

281 3691 367 3743 11.
412 3690 497 3742 Ἐν
528 3691 595 3758 τῇ
628 3687 811 3757 χάριτι
840 3686 932 3739 τοῦ
969 3685 1122 3753 ἁγίου
1171 3682 1483 3752 Πνεύματος
1528 3680 1782 3751 ζησουσιν

1652 3697 1782 3733 ιυσιν
1959 3686 2044 3738 11.
2075 3685 2129 3738 In
2157 3687 2327 3755 gratia
2361 3687 2534 3741 sancti
2565 3685 2795 3755 Spiritus
2829 3688 3246 3744 secure-vivent.

207 3781 427 3847 ἀφόϐως
437 3819 449 3832 .

283 3872 370 3926 19.
412 3872 500 3924 Ἑν
522 3873 586 3940 τῇ
605 3870 783 3941 χάριτι
805 3868 876 3939 (4)
895 3868 988 3921 τοῦ
1018 3866 1301 3938 μέλλοντος
1331 3866 1524 3930 αἰῶνος
1552 3865 1784 3936 εὐφραν-

1956 3865 2122 3920 12.ln
2171 3868 2341 3938 gratia
2385 3869 2596 3923 venturi
2642 3869 2823 3924 szeculi
2857 3868 3156 3923 laetabimur
3204 3870 3442 3925 videntes

206 3964 487 4036 θησόμεθα
508 3963 742 4034 ὁρῶντες
772 3961 867 4031 τὴν
898 3960 1052 4024 δόξαν
1077 3959 1171 4012 τοῦ
1199 3958 1353 4012 Θεοῦ.

655 3980 742 4023 τες
772 3961 867 4031 τὴν
898 3960 1052 4024 δόξαν
1077 3959 1171 4012 τοῦ
1199 3958 1353 4012 Θεοῦ.
1887 3961 2110 4032 gloriam
2143 3962 2249 4016 Dei.

282 4057 368 4111 15.
405 4054 596 4124 Πατὴρ
618 4054 724 4124 γάρ
746 4055 861 4105 ἐστι
893 4051 986 4104 τοῦ
1025 4051 1308 4122 μέλλοντος
1334 4051 1547 4113 αἰῶνος.

1402 4051 1547 4113 ῶνος.
1959 4056 2047 4110 15.
2084 4055 2241 4110 Pater
2267 4057 2409 4110 enim
2441 4067 2523 4110 est
2553 4058 2764 4111 venturi
2795 4057 2996 4111 saeculi.

279 4147 369 4200 14.
396 4148 458 4200 Oi
501 4147 787 4198 ἀπόστολοι
811 4145 902 4196 ἐπὶ
924 4143 985 4196 τὸ
1022 4145 1280 4214 κήρυγμα
1327 4142 1435 4194 τῶν
1500 4140 1668 4194 ἐθνῶν
1702 4157 1789 4194 πο·

1961 4147 2044 4200 14.
2092 4137 2335 4217 Apostoli
2385 4152 2450 4201 ad
2501 4149 2935 4216 praedicationem
2989 4148 3226 4222 gentium
3279 4150 3443 4218 profi-

211 4239 485 4313 ρεύονται.

1887 4237 2179 4292 ciscuntur.

285 4332 374 4386 15.
416 4331 473 4383 '0
501 4329 628 4392 λαὸς
655 4329 763 4381 τῶν
799 4327 1086 4392 Ἰουδαίων,
1119 4325 1194 4396 μὴ
1222 4325 1492 4396 καυχᾶσθε
1515 4324 1779 4393 λέγοντες·

1959 4329 2044 4382 15.
2095 4327 2285 4398 Populi
2331 4327 2642 4383 Judteorum
2695 4347 2761 4386 ne
2815 4333 3113 4401 gloriemini
3169 4334 3440 4388 dicentes'

207 4423 452 4493 Σπέρμα
495 4419 740 4491 Ἁϐραάμ
767 4421 971 4488 ἐσμεν.

1889 4421 2072 4476 Semen
2097 4422 2320 4476 Abrahae
2333 4439 2511 4476 sumus
2531 4423 2595 4478 ⁷⁸.

285 4515 372 4569 16.
399 4515 511 4566 Οὐκ
535 4512 613 4565 ἔτι
641 4513 748 4582 γάρ
779 4511 952 4581 μόνων
988 4509 1253 4562 Ἰουδαίων
1287 4510 1315 4561 ό
1342 4507 1492 4570 Θεὸς,
1521 4507 1657 4560 ἀλλὰ
1690 4506 1784 4558 καὶ

1960 4511 2046 4565 16.
2072 4511 2188 4566 Non
2223 4514 2453 4582 amplius
2473 4514 2616 4567 enim
2644 4515 2819 4568 solum
2845 4513 3153 4569 Iudaeorum
3183 4527 3264 4570 est
3281 4516 3439 4581 Deus,

208 4607 402 4662 ἐθνῶν.

1821 4617 1862 4670 ι)
1889 4605 1979 4659 sed
2009 4605 2172 4659 etiam
2207 4606 2441 4674 gentium
2469 4605 2531 4657 ⁷⁷.

287 4700 373 4752 17.
397 4697 505 4752 Καὶ
521 4693 862 4748 ὑπακούσατε
887 4693 964 4762 τῷ
980 4693 1295 4764 κηρύγματι
1312 4693 1408 4762 τῆς
1425 4691 1582 4760 δόξης
1599 4688 1785 4743 αὐτοῦ.

1671 4688 1785 4742 τοῦ.
1963 4697 2052 4752 17.
2089 4696 2154 4748 Ει
2179 4697 2478 4750 auscultate
2503 4695 2869 4767 prmdiczitioni
2899 4696 3084 4764 gloria:
3122 4699 3259 4767 ejus.

281 4791 370 4844 18.
393 4788 499 4842 Τοῦ
527 4787 923 4858 μεταγαγόντος
946 4788 1010 4838 ἐκ
1028 4785 1121 4839 τοῦ
1144 4784 1374 4837 Θανάτου
1402 4786 1481 4846 είς
1498 4784 1596 4854 τὴν
1619 4781 1784 4853 ζωήν.

1435 4786 1481 4846 ες
1498 4784 1596 4854 τὴν
1619 4781 1784 4853 ζωήν.
1963 4784 2048 4838 18.
2082 4783 2184 4849 Qui
2214 4785 2475 4839 transfert
2497 4801 2523 4837 a
2558 4795 2728 4838 morte
2758 4783 2809 4835 in
2843 4785 3028 4834 vitam.

281 4881 367 4935 19.
398 4882 508 4934 Καὶ
538 4879 610 4950 μὴ
640 4878 898 4942 ὲάσαντός
931 4895 997 4949 με
1033 4879 1140 4941 ἕως
1182 4877 1366 4938 τέλους
1431 4878 1495 4945 τῇ
1545 4874 1788 4946 ἁμαρτίᾳ

1962 4877 2047 4930 19.
2081 4876 2146 4931 Et
2181 4895 2286 4932 non
2317 4893 2512 4947 passus
2539 4887 2621 4930 est
2667 4891 2754 4929 me
2797 4890 2969 4943 usque
3017 4876 3067 4926 in
3118 4875 3277 4928 ﬁnem
3327 4893 3445 4929 cum

212 4970 628 5026 συναπολέσθαι.

1890 4977 2112 5038 peccato
2143 4971 2334 5038 perire.

279 5065 370 5120 20.
411 5064 531 5115 Ὅτι
556 5061 699 5132 είδης
726 5057 930 5131 [εἴδες],
960 5058 1040 5110 ὅτι
1086 5057 1430 5126 ὑπακούομεν
1469 5057 1546 5121 (5)
1573 5054 1651 5125 τῷ
1684 5071 1782 5124 κη-

1959 5059 2048 5113 ‘20.
2077 5059 2342 5126 Quoniam
2376 5062 2577 5127 vidisti,
2605 5060 2752 5130 quod
2788 5061 3225 5129 obtemperamus
3258 5060 3449 5128 prmdi-

212 5153 455 5228 ρύγματί
496 5169 621 5207 σου·
653 5152 728 5224 (6)
755 5151 934 5202 πᾶσαν
973 5147 1312 5221 ἀκαθαρσίαν
1339 5144 1504 5200 οὖσαν
1544 5149 1600 5198 ἐν
1651 5146 1782 5214 ἡμῖν

1892 5151 2089 5203 eationi
2147 5159 2290 5206 tum:
2340 5167 2554 5206 omnem
2602 5151 3019 5214 immunditiam,
3066 5167 3186 5218 quae
3230 5161 3344 5204 erat
3397 5152 3447 5204 iu

210 5252 474 5319 ἐποίησας
506 5246 650 5317 ἡμᾶς
675 5240 991 5296 ἀποθέσθαι.

1892 5241 2069 5297 nobis.
2101 5243 2271 5300 fecisti
2303 5254 2358 5298 ut
2387 5259 2488 5299 nos
2517 5243 2927 5312 deponeremus.

281 5361 329 5392 "
354 5359 514 5414 Joan.
548 5373 665 5420 vnt,
696 5357 782 5409 '55.
859 5355 904 5386 ‘"
941 5351 1098 5407 Rom.
1132 5368 1214 5419 ιιι,
1238 5353 1327 5406 29.

1167 5488 1467 5552 Addenda
1500 5495 1563 5553 et
1601 5484 1976 5562 corrigenda
2011 5500 2091 5543 ex
2126 5486 2268 5544 cod.
2301 5480 2504 5540 Vatic.

284 5626 361 5694 (1)
403 5624 492 5677 Ἑν
515 5621 592 5694 τῷ
613 5620 827 5694 πλήθει,
857 5619 988 5694 καί.-
1196 5685 1220 5694 _
2060 5611 2357 5694 ζρτιξδῃνςζ
2377 5610 2457 5660 ὅτι
2491 5606 2890 5694 ὑπακοὲσομξν.

476 5671 485 5673 ν
692 5671 798 5743 ἔδυ
812 5671 1140 5758 ’μεγαλοπρε
1147 5685 1276 5748 πῶς.

2157 5671 2487 5770 Ξέιίῖίᾱσανὰ
2669 5671 2874 5770 δὶῃεεὶ
2903 5676 3143 5770 Ἠγαῖες
3183 5676 3329 5744 ἡμᾶς
3374 5673 3452 5735 εἰς

281 5746 360 5892 ἐῶ
379 5746 690 5889 ὶῐὲἰρόσθέτε.
1083 5746 1096 5758 ’
1242 5746 1250 5748 “
1887 5746 1982 5823 τὴν
2015 5746 2266 5816 σύνταξίν
2295 5766 2406 5802 σου.
2447 5749 2509 5802 Ν.
2542 5748 2629 5801 25.
2676 5746 3091 5812 -mnea;,ctc.

301 5838 355 5893 ιι
432 5833 562 5905 αρᾷ.
3089 5903 3091 5905 ι

533 5925 805 5984 ΡΔτιιοι..
853 5915 972 5975 Gn.
1027 5913 1290 5973 XXVII.
3085 5897 3158 5959 .29
