4036 6438
621 337 723 393 907
1056 356 1127 419 ~_

686 451 776 507 21.
804 449 1063 507 lnduxisti
1095 466 1195 507 nos
1230 452 1284 505 in
1310 450 1565 521 laqueum
1592 470 1604 506 :

686 545 774 599 22.
806 544 1044 600 Ροειιίειί
1070 546 1449 601 tribulationes
1483 547 1537 600 in
1567 547 1729 601 dorso
1756 555 1983 601 nostro:

685 638 776 690 25.
807 636 1115 706 imposuisti
1150 639 1400 694 homines
1428 654 1589 709 super
1623 640 1799 708 capita
1835 648 2039 692 nostra.

690 728 779 781 21.
819 728 1194 785 Transivimus
1222 746 1316 799 per
1348 732 1552 800 ignem.
1582 739 1636 785 et
1664 746 1861 801 aquam
1888 749 1900 783 :

689 820 775 873 25.
815 820 877 873 Ει
900 822 1132 875 cduxisti
1156 838 1255 877 nos
1287 824 1339 877 in
1367 823 1727 895 refrigerium.

691 911 780 966 26.
806 911 1047 966 lntroibo
1074 915 1126 966 in
1160 914 1381 969 domum
1410 926 1560 970 tuam
1588 919 1641 971 iu
1669 917 2000 971 holocaustis
2028 932 2041 969 :

683 1084 773 1138 27.
808 1084 1048 1141 Reddam
1077 1087 1170 1142 tibi
1203 1099 1327 1144 vota
1358 1106 1498 1156 mea,
1530 1106 1651 1161 quae
1694 1091 2061 1147 distinxerunt
2109 1090 2186 1144 la-

615 1175 701 1237 bia
730 1192 874 1230 mea:

685 1268 774 1320 28.
829 1268 894 1321 Et
945 1269 1187 1323 locutum
1238 1279 1321 1323 est
1379 1284 1442 1324 os
1489 1284 1668 1323 meum
1718 1270 1769 1321 in
1830 1268 2183 1324 tribulatione

616 1376 757 1416 mea.

682 1452 770 1505 29.
817 1449 1144 1505 Holocausta
1180 1450 1471 1506 medullata
1522 1451 1743 1507 oderam
1798 1454 1891 1507 tibi
1928 1470 2051 1509 cum
2099 1455 2184 1508 in-

613 1559 780 1599 censo
811 1553 863 1597 et
894 1544 1155 1601 arietibus
1181 1561 1193 1595 :

682 1628 771 1681 50.
804 1626 1037 1682 Oﬂ‘eram
1073 1628 1167 1681 tibi
1204 1629 1367 1683 boves
1394 1643 1517 1683 cum
1558 1628 1746 1684 hircis.

688 1722 775 1775 54.
809 1720 1017 1784 Venite,
1054 1722 1259 1786 audite,
1287 1731 1341 1776 et
1371 1723 1605 1777 narrabo
1634 1724 1810 1789 vobis,
1846 1737 2041 1779 omnes
2085 1725 2179 1782 nui

615 1814 815 1869 timetis
845 1815 1032 1867 Deum.

1234 1929 1570 1998 Dzapsa.ma.

680 2039 768 2093 52.
803 2038 1015 2105 Quanta
1040 2037 1170 2094 fecit
1191 2040 1386 2093 animae
1409 2057 1561 2095 meae.

679 2123 769 2177 55.
798 2124 877 2177 Ad
910 2125 1086 2193 ipsum
1119 2138 1213 2178 ore
1248 2139 1370 2179 meo
1393 2127 1621 2182 clamav:
1649 2149 1665 2184 :

681 2214 771 2270 51.
800 2215 864 2270 Et
897 2216 1127 2271 exaltavi
1160 2217 1262 2271 sub
1296 2217 1478 2289 lingua
1514 2236 1635 2275 mea
1664 2240 1676 2274 :

685 2306 772 2361 55.
811 2307 1153 2377 lniquitatem
1186 2309 1235 2363 si
1268 2311 1454 2379 aspexi
1483 2312 1539 2364 in
1583 2313 1747 2367 corde
1774 2330 1915 2381 meo,
1948 2332 2054 2372 non
2087 2332 2181 2371 εχ-

613 2400 794 2455 audiat
829 2415 915 2455 me
946 2398 1229 2455 Dominus.

1437 284 1529 389 's.‘
1561 312 1935 407 ATHANASil
1971 324 2136 388 ore.
2159 286 2339 387 pias
2375 321 2463 382 lli.
2496 358 2565 371 ..-
2602 286 3051 391 Εχεεετιαριξ

2356 446 2442 500 21.
2482 446 2557 515 (a)
2587 447 2891 517 Εἰσήγαγες
2922 446 3071 516 ἡμᾶς
3102 445 3182 507 εἰς
3216 443 3313 515 τὴν
3349 441 3547 511 παγίδα

2358 537 2446 590 22.
2488 536 2650 589 ἘΟου
2679 537 2884 606 cuca;
2911 538 3001 589 ἐπὶ
3024 538 3113 590 τὸν
3136 536 3303 589 νῶτον
3332 534 3487 605 ἡμῶν
3508 552 3520 564 ·

2358 629 2447 682 25.
2486 628 2847 691 Ἐπεδίόασας
2872 628 3190 700 ἀνθρώπους
3204 629 3297 681 ἐπὶ
3316 627 3413 689 τὰς
3431 624 3667 694 κεφαλὰς
3685 624 3859 694 ἡμῶν.

2356 719 2444 772 24.
2481 722 2775 791 Διηλοομεν
2805 720 2892 773 διὰ
2926 722 3096 793 πυρὸς
3124 722 3218 775 καὶ
3248 720 3437 782 ὕδατος
3463 738 3475 749 ⁸

2356 812 2445 865 25.
2479 814 2584 865 Καὶ
2613 813 2880 885 ἐξήγαγες
2902 816 3049 886 ἡμᾶς
3071 816 3151 878 εἰς
3174 814 3477 883 ἀναψυχήν.

2354 902 2440 956 26.
2484 905 2874 977 Εἰσελεύσομαι
2902 908 2981 971 εἰς
3016 906 3107 960 τὸν
3141 902 3288 959 οἶκόν
3321 924 3411 959 σου
3454 907 3511 956 ἐν
3556 905 3859 959 ὁλοκαυτώ-

2290 1013 2454 1067 μασιν
2471 1012 2489 1031 ⁶

2356 1090 2445 1143 27.
2488 1089 2773 1144 Ἀποδὼσω
2808 1107 2889 1144 σοι
2912 1091 3009 1155 τὰς
3043 1092 3205 1161 εὖχάς
3236 1109 3359 1161 μου,
3384 1094 3448 1155 ἃς
3484 1092 3740 1145 διέστειλε
3796 1094 3861 1144 τὰ.

2288 1182 2437 1254 χείλη
2466 1200 2563 1252 μου
2586 1198 2599 1212 ⁶

2358 1273 2447 1327 28.
2480 1274 2589 1325 Καὶ
2622 1273 2847 1343 ἐλάλησε
2874 1271 2934 1323 τὸ
2964 1272 3137 1340 στόμα
3170 1290 3270 1340 μου
3306 1274 3362 1325 ὲν
3390 1277 3457 1344 τῆ
3490 1275 3667 1344 Ολίῴει
3700 1292 3822 1345 μου.

2352 1450 2439 1503 29.
2483 1449 2937 1522 Ὀλοκαυτώματα
2967 1454 3361 1525 μεμυελωμένα
3392 1458 3588 1510 ἀνοίσω
3613 1476 3693 1509 σοι
3722 1460 3862 1528 μετὰ

2288 1543 2361 1612 (b)
2389 1544 2729 1614 Θυμιάματος
2758 1548 2850 1598 καὶ
2886 1546 3088 1617 κριῶν’

2348 1634 2437 1687 50.
2473 1636 2693 1688 Ἀνοίσω
2724 1654 2804 1688 σοι
2835 1637 2961 1707 βόας
2999 1639 3135 1708 μετὰ
3168 1640 3435 1710 χιμάρων.

2352 1727 2438 1779 51.
2472 1729 2656 1793 Δεῦτε,
2685 1729 2976 1795 ἀκούσατε,
3006 1733 3096 1784 καὶ
3119 1732 3448 1805 διηγήσομαι
3477 1735 3628 1804 ὑμῖν,
3659 1753 3864 1799 παντες

2216 1814 2259 1872 Β
2288 1822 2337 1873 οἱ
2367 1822 2686 1891 φοϐούμενοι
2719 1825 2810 1879 τὸν
2843 1828 2994 1881 Θεόν.

2885 1945 3224 2016 Διάψαλμα.

2353 2052 2441 2105 52.
2475 2052 2612 2105 Ὅσα
2646 2056 2868 2127 ἐποίησε
2896 2062 2960 2130 τῇ
2990 2059 3131 2134 ψυχῇ
3171 2080 3292 2132 μου.

2350 2143 2436 2196 55.
2474 2144 2618 2215 Πρὸς
2641 2146 2802 2210 αὐτὸν
2829 2148 2906 2219 τῷ
2935 2152 3162 2222 στόματί
3199 2172 3299 2225 μου
3326 2153 3626 2227 ἐκέκραξαο

2351 2232 2440 2286 54.
2466 2236 2575 2287 Καὶ
2606 2235 2793 2305 ὖψωσα
2825 2239 2930 2292 ὑπὸ
2955 2241 3053 2313 τὴν
3079 2243 3328 2310 γλῶσσάν
3365 2264 3486 2316 μου.

2355 2324 2446 2379 55.
2481 2326 2717 2383 Ἀδικίαν
2768 2332 2817 2383 εἰ
2847 2330 3113 2389 ὲθεώοουν
3149 2335 3208 2390 ὲν
3246 2337 3445 2409 καρδίᾳ
3477 2356 3602 2408 μου,
3640 2338 3717 2411 μὴ
3750 2341 3865 2395 εισ-

2287 2420 2571 2471 ακουσάτω
2602 2437 2703 2491 μου
2727 2422 2947 2494 Κύριος.

701 2603 757 2683 ᾳ)
784 2602 937 2683 Yers.
1082 2604 1441 2683 _’_E:rupwaa;_,
1475 2615 1580 2683 etc.
1610 2609 1649 2683 ᾗ
1678 2606 1766 2683 22.
1806 2609 2126 2679 Εἰσήγαγες,
2168 2621 2273 2669 etc.
2298 2615 2329 2682 ἲ
2355 2615 2442 2670 25.
2476 2618 2606 2673 Ἔοο

2309 2615 2442 2670 125.
2476 2618 2661 2683 Ἔοου,
2700 2630 2802 2678 etc.

701 2672 754 2743 ὁ)
790 2672 938 2729 Vers.
965 2676 1053 2731 30.
1081 2672 1257 2740 Μετὰξ
1282 2685 1385 2732 etc.
1419 2678 1448 2737 i‘
1482 2677 1570 2729 51.
1609 2672 1850 2744 Ἀνοίσω,
1882 2672 1984 2734 etc.

1727 2867 2105 2925 ATHANASII
2148 2875 2714 2943 [NTERPRETATIO

680 3060 768 3115 21.
792 3058 1053 3119 Induxisti
1076 3079 1176 3121 nos
1210 3065 1263 3119 in
1294 3067 1656 3137 cognitionem
1692 3080 1861 3130 tuam.

678 3153 767 3207 22.
796 3153 1139 3227 Redarguisti
1167 3157 1479 3229 iniquitates
1504 3173 1744 3231 nostras,
1774 3175 1829 3221 et
1874 3167 2175 3224 humiliasti

608 3260 729 3301 nos.

674 3336 766 3391 23.
796 3336 1134 3391 Constituisti
1163 3338 1319 3393 nobis
1348 3340 1514 3396 duces
1542 3352 1760 3400 sanctos
1789 3354 1931 3403 tuos.

674 3427 767 3482 24.
798 3427 900 3482 Per
931 3427 1261 3495 baptismum
1296 3437 1471 3485 tuum.

676 3519 767 3571 25.
797 3518 862 3571 Et
890 3517 1090 3572 duxisti
1121 3534 1219 3575 nos
1241 3520 1498 3580 liberatos
1526 3539 1557 3579 a
1592 3527 1828 3583 neccatis
1870 3532 2073 3588 nostris
2119 3534 2175 3589 in

609 3609 973 3683 refrigerium.

677 3701 766 3755 26.
809 3702 1180 3774 lngrediemur
1205 3722 1258 3759 in
1286 3722 1575 3776 supernam
1608 3708 1910 3767 Jerusalem
1939 3714 2175 3784 perfecte

608 3793 906 3846 cmundati.

680 3884 766 3938 27.
791 3882 1027 3954 lmplebo
1054 3900 1174 3955 qua:
1196 3886 1421 3955 promisi
1456 3889 1549 3945 tibi
1584 3891 1637 3945 in
1666 3892 1955 3964 baptismo.

679 4066 767 4120 28.
800 4066 865 4121 Ει
888 4068 941 4122 in
970 4085 1089 4140 quae
1110 4073 1338 4127 conveni
1362 4073 1539 4129 adhuc
1567 4076 1835 4132 exsistens
1853 4078 1904 4131 in
1930 4086 2170 4147 peccato.

677 4158 768 4213 29.
812 4159 1005 4215 Totum
1056 4164 1319 4232 meipsum
1384 4166 1648 4221 adducam
1715 4170 1807 4222 tibi
1864 4184 1988 4223 cum
2047 4185 2171 4223 ora-

612 4249 775 4317 tione,
804 4260 856 4305 et
894 4252 1145 4320 operibus
1167 4254 1393 4323 justitize
1430 4258 1901 4327 progredientibus
1944 4270 2070 4315 ante
2098 4269 2169 4315 te.

680 4437 769 4491 50.
815 4437 1054 4495 Membra
1102 4457 1242 4509 mea,
1285 4453 1339 4498 et
1387 4446 1623 4500 animam
1678 4462 1852 4500 meam
1912 4446 2174 4501 dedicabo

611 4528 729 4582 tibi.

676 4619 767 4676 51.
793 4617 1005 4685 Venite,
1033 4620 1216 4677 audite
1252 4624 1524 4691 quomodo
1553 4626 1780 4680 salvavit
1806 4642 1910 4681 me.

677 4712 766 4767 52.
810 4711 928 4767 Νοη
982 4713 1157 4768 solum
1214 4717 1541 4773 condonavit
1593 4719 1727 4773 mihi
1778 4730 2021 4785 peccata,
2080 4723 2172 4779 sed

607 4804 770 4859 etiam
795 4804 964 4858 illium
993 4820 1151 4860 suum
1185 4823 1272 4863 me
1304 4807 1452 4863 fecit.

674 4896 759 4949 55.
792 4895 978 4949 Solum
1004 4897 1247 4954 invocavi
1279 4916 1425 4955 eum.

676 4988 764 5041 54.
798 4987 865 5042 Ει
894 4988 1179 5045 confessus
1208 5006 1326 5047 sum
1355 4994 1532 5063 ipsum
1561 4996 1743 5067 lingua
1771 5014 1911 5053 mea.

676 5081 764 5135 55.
802 5080 860 5134 Si
904 5081 1117 5136 sincero
1155 5085 1317 5141 corde
1347 5101 1457 5143 non
1499 5090 1701 5146 credidi
1739 5091 1872 5161 ipsi,
1924 5105 2030 5145 non
2080 5106 2167 5144 me

606 5170 863 5227 exaudiat
887 5171 1171 5230 Dominus.

2354 3063 2441 3119 21.
2478 3067 2786 3139 Είσήγαγες
2806 3072 2951 3143 ἡμᾶς
2980 3092 3059 3141 εις
3084 3091 3183 3151 την
3209 3099 3421 3140 συνεσιν
3451 3104 3557 3142 σου.

2354 3152 2440 3255 22.
2474 3157 2744 3228 Ἠλεγξας
2769 3165 2801 3234 ἡ
2812 3164 2927 3234 μῶν
2949 3168 3047 3232 τὰς
3068 3170 3320 3242 ἀνομίας,
3357 3180 3451 3231 καὶ
3480 3182 3859 3255 ὲταπείνωσας

2240 3314 2243 3317 ,
2281 3246 2451 3317 ἡμᾶςο

2350 3338 2440 3441 ᾖ.
2464 3342 2819 3441 ξατέσξησας
2839 3350 2963 3414 τοὺς
2989 3352 3177 3420 ἁγίους
3216 3374 3310 3411 σου
3349 3360 3602 3431 ἡγεῖσθαι
3635 3372 3821 3441 ἡμῶν.

2348 3429 2435 3485 24.
2468 3434 2568 3487 Διὰ
2585 3436 2678 3489 τοῦ
2704 3436 3076 3513 βαπτίσματός
3112 3464 3226 3505 σου.

2347 3522 2439 3578 25.
2470 3526 2581 3627 Καὶ
2737 3534 2818 3595 εἰς
2861 3535 3166 3593 ἀνάπαυσιν
3200 3543 3407 3615 ἤγαγες
3452 3550 3599 3620 ἡμᾶς
3644 3553 3860 3627 λυτρω-

2278 3611 2466 3679 οέντας
2495 3617 2601 3670 τῶν
2635 3621 2915 3692 ἁμαρτιῶν
2943 3628 3121 3697 ἡμῶν.

2339 3706 2428 3763 26.
2456 3709 2889 3804 Είσελευσόμεθα
2918 3719 2997 3782 είς
3026 3721 3124 3789 τὴν
3151 3723 3263 3778 ἄνω
3298 3727 3653 3804 Ἰερουσαλὴμ
3682 3754 3856 3793 κεκα-

2276 3799 2592 3872 θαρισμένοι
2620 3804 2880 3872 ὁλοτελῶς
2905 3810 3003 3879 (2).

2346 3892 2435 3947 27.
2467 3895 2750 3968 Πληρώσω
2773 3900 2811 3953 ἃ
2837 3903 3251 3979 ἐπηγγειλάμην
3287 3928 3367 3965 σοι
3395 3915 3482 3969 διὰ
3516 3920 3611 3971 τοῦ
3655 3921 3858 3991 βαπτί-

2277 3999 2500 4055 σματος.

2343 4078 2430 4171 28.
2469 4081 2577 4133 Καὶ
2610 4081 2646 4136 ἃ
2668 4085 2969 4159 συνεθέμην
2998 4090 3078 4143 ἔτι
3099 4091 3175 4145 ὢν
3205 4096 3263 4148 ὲν
3286 4098 3351 4167 τῇ
3385 4099 3649 4171 ἁμαρτίᾳ.

2343 4169 2432 4224 29.
2472 4173 2631 4227 Ὅλον
2662 4178 2897 4247 ἐμαυτὸν
2932 4186 3267 4253 προσαγάγω
3296 4206 3376 4241 σοι
3423 4169 3559 4259 μεέὰ
3589 4169 3663 4264 (5)
3692 4215 3857 4267 προσ-

2274 4264 2441 4334 ευχῆς
2455 4266 2549 4318 καὶ
2568 4268 2674 4321 τῶν
2700 4269 2876 4340 ἔργων
2905 4273 3001 4345 τῆς
3020 4275 3364 4351 δικαιοσύνης
3386 4282 3490 4335 τῶν
3513 4302 3753 4359 προπορε
3764 4310 3855 4344 uo-

2277 4357 2452 4426 μένων
2483 4359 2791 4431 ἔμπροσθέν
2820 4381 2933 4417 σου.

2343 4448 2431 4543 50.
2470 4451 2549 4503 Τὰ
2582 4452 2715 4525 μέλη
2750 4473 2870 4525 μου,
2892 4458 2984 4511 καὶ
3009 4461 3105 4526 τὴν
3127 4462 3301 4534 ψυχήν
3333 4483 3433 4536 μου
3450 4468 3740 4543 ἅνάθωμαί
3768 4492 3850 4531 σοι

2275 4539 2641 4614 [ἀναϐήσομαί
2668 4546 2794 4618 σοι].

2340 4636 2428 4690 51.
2452 4637 2638 4701 Δεῦτε,
2669 4640 2937 4695 ἀκούσατε
2965 4644 3081 4709 πῶς
3109 4646 3280 4703 ἔσωσέ
3316 4669 3403 4721 με.

2344 4729 2431 4783 52.
2468 4730 2541 4782 Οὐ
2571 4730 2729 4799 μόνον
2754 4735 3096 4808 συνεχώρησέ
3126 4758 3218 4809 μοι
3252 4745 3348 4807 τὰς
3374 4746 3641 4817 ἁμαρτίας
3662 4788 3676 4813 ,
3708 4751 3850 4804 ἀλλὰ

2276 4821 2370 4874 καὶ
2397 4821 2511 4874 υἱὸν
2538 4822 2730 4875 ἑαυτοῦ
2757 4824 2979 4897 ἐποίησέ
3016 4847 3103 4900 με.

2345 4909 2433 4963 55.
2461 4909 2635 4962 Μόνον
2666 4912 3081 4988 ἐπεκαλεσὰμην
3113 4922 3295 4979 αὐτόν.

2343 5000 2433 5055 54.
2461 5001 2569 5053 Καὶ
2599 5002 2924 5077 ὡμολόγησα
2953 5011 3113 5065 αὑτὸν
3139 5018 3205 5087 τῇ
3235 5018 3309 5089 (4)
3343 5019 3559 5095 γλώσσῃ
3588 5042 3713 5094 μου.

2340 5092 2427 5145 55.
2458 5094 2517 5145 Et
2549 5095 2629 5193 pi)
2662 5098 2718 5149 ἐν
2740 5097 2963 5171 ἀληθινῇ
2993 5106 3188 5177 καρδίᾳ
3222 5092 3727 5189 ἐπίστευσααήὺτῷ,
3766 5136 3842 5193 μη

2274 5183 2646 5238 εἱσακουσάτω
2676 5203 2777 5257 μου
2808 5192 2836 5243 ὁ
2861 5192 3081 5264 Κύριος.

1561 5389 1858 5450 Adoenoa
1883 5400 1941 5450 et
1977 5392 2351 5472 corrigenda
2388 5413 2465 5456 ex
2491 5400 2632 5459 cod.
2667 5402 2868 5463 Vatic.

678 5595 756 5663 (1)
781 5594 846 5647 Ν.
880 5596 967 5649 25.
1007 5597 1115 5649 Και
1145 5601 1313 5653 (ἰυειεῑ.

680 5664 753 5733 ('2)
802 5667 1112 5729 ’(1λοτελείς.

681 5735 758 5798 (3)
785 5738 937 5789 Meti
979 5742 1308 5808 προσευχῶν,
1366 5744 1477 5811 καί,
1520 5754 1644 5807 ctc.,
1691 5745 1993 5816 ἔμπροσθέν
2043 5762 2159 5816 μου.

2282 5608 2345 5697 9".
2372 5612 2469 5697 Sui.
2502 5614 2580 5697 Τξι
2617 5616 2775 5697 μέλη,
2800 5626 2924 5683 etc.,
2953 5619 3237 5694 ἀνάθωμαί
3274 5642 3375 5683 σοι.
3404 5628 3468 5684 Ν.
3498 5631 3589 5697 32,
3618 5633 3673 5688 in
3712 5639 3835 5697 cod.

2273 5680 2363 5741 53,
2401 5683 2510 5747 Τὰς
2538 5680 2806 5757 ἁμαρτίας
2825 5680 2959 5758 -μου,
2988 5701 3091 5746 etc.

2347 5752 2423 5821 (ει)
2466 5756 2552 5808 Ἐν
2581 5759 2664 5823 τῇ.
