4036 6444
614 343 712 397 911
1453 344 1509 398 S.
1550 342 1924 398 ATHANASII
1963 340 2111 396 OPP.
2153 339 2332 394 PARS
2372 342 2458 396 lll.
2501 373 2568 383 -—
2609 343 3024 400 EXEGETICA.
3756 351 3860 405 9H

645 456 709 510 In
737 459 892 525 ﬁnem
913 456 1102 509 cantici
1124 453 1381 526 [psalmus
1413 455 1652 526 cantici],
1690 455 1924 524 psalmus
1960 455 2150 508 David.
2208 468 2239 521 Α

2284 457 2387 520 Εις
2416 456 2480 508 τὸ
2509 457 2680 523 τέλος
2710 457 2871 524 ᾠδῆς
2955 459 3197 526 ψαλμὸς
3226 458 3386 527 ᾠδῆς
3413 462 3462 530 j,
3499 463 3737 532 ψαιμὸς
3780 464 3860 529 τῷ

1158 548 1360 603 ΡδΑι.
1393 548 1489 602 LX
1506 548 1632 602 VII.

2773 549 2970 603 Δαϐίὸ.
3007 552 3181 604 ΨΑΔ.
3211 551 3335 604 ΞΖ.

690 642 740 694 1.
783 640 1049 712 Exsurgat
1083 641 1245 705 Deus,
1280 651 1333 696 et
1361 640 1697 711 dissipentur
1735 640 1940 694 inimici
1981 639 2099 708 ejus
2133 657 2146 692 :

2361 637 2410 691 1.
2451 639 2756 710 Ἀναστήτω
2793 647 2820 695 ὸ
2850 642 3013 706 Θεος,
3057 643 3150 695 καὶ
3189 643 3765 717 διασκορπισθήτωσαν
3811 649 3857 701 οἱ

2286 729 2468 800 ἐχθροὶ
2498 731 2684 785 αὑτοῦ.

688 825 740 879 2.
778 823 841 877 Et
867 825 1074 893 fugiant
1111 824 1202 894 qui
1241 825 1473 880 oderunt
1500 839 1623 878 eum
1653 839 1682 877 a
1710 822 1849 878 facie
1875 822 2015 892 ejus.

2358 821 2410 874 2,
2436 824 2545 874 Καὶ
2575 824 2890 892 ιρυγὲτωσαν
2922 824 3028 878 ἀπὸ
3052 827 3341 896 προσώπου
3374 828 3534 880 αὐτοῦ
3564 831 3610 880 οἱ
3642 830 3858 899 μισοῦν-

2289 927 2376 974 τες
2405 913 2589 968 αὐτόν.

687 1006 739 1059 3.
771 1005 920 1060 Sicut
943 1005 1121 1059 deﬁcit
1152 1005 1357 1069 fumus,
1395 1004 1650 1059 deﬁciant
1677 1023 1689 1058 :

2357 1007 2409 1059 5.
2447 1008 2534 1070 Ὠς
2558 1006 2795 1060 ἐκλείπει
2824 1008 3030 1072 καπνὸς
3051 1050 3065 1074 ,
3102 1009 3467 1065 ὲκλιπέτωσαν
3491 1029 3504 1042 ο

689 1098 743 1152 4.
785 1097 933 1152 Sicut
970 1097 1088 1151 ﬁuit
1114 1112 1237 1151 cera
1266 1113 1295 1149 a
1330 1096 1465 1152 facie
1493 1098 1657 1168 ignis,

2355 1099 2407 1152 4.
2451 1097 2537 1162 Ὠς
2563 1101 2786 1169 τήκεται
2813 1101 2980 1172 κηρὸς
3009 1101 3115 1154 ἀπὸ
3140 1102 3428 1172 προσώπου
3457 1105 3643 1170 πυρὸς.

689 1192 739 1246 5.
773 1191 863 1248 Sic
894 1201 1116 1262 pereant
1144 1203 1456 1262 peccatores
1489 1209 1519 1248 a
1556 1193 1692 1248 facie
1715 1193 1828 1248 Dei.

2358 1191 2408 1244 5.
2440 1191 2621 1254 οὕτως
2654 1192 2974 1246 ἀπολοῦνται
3008 1193 3085 1266 (a)
3122 1195 3172 1246 οἱ
3218 1196 3524 1267 ἁμαρτωλοὶ
3557 1197 3663 1250 ἀπὸ
3692 1213 3856 1267 προσ-

2286 1279 2436 1334 ώπου
2465 1282 2558 1334 τοῦ
2589 1284 2743 1338 Θεοῦ.

692 1369 745 1425 6.
781 1369 847 1424 Et
878 1369 1009 1440 justi
1051 1369 1320 1435 laetentur,
1373 1381 1426 1426 et
1470 1372 1744 1427 exsultent
1787 1371 1842 1426 in
1890 1377 2183 1442 conspectu

2359 1373 2412 1430 6.
2446 1375 2517 1444 (b)
2550 1378 2659 1429 Καὶ
2688 1380 2733 1430 οἱ
2768 1378 2964 1433 δίκαιοι
2987 1379 3467 1452 εύφρανθὴτωσαν,
3493 1383 3857 1437 ἀναλλιὰσϐω-

619 1461 738 1529 Dei,
2287 1484 2385 1520 σαν
2412 1467 2640 1521 ἐνώπιον
2668 1470 2762 1522 τοῦ
2796 1471 2953 1536 Θεοῦ,

686 1555 740 1608 7.
779 1552 1119 1608 Delectentur
1153 1552 1208 1606 in
1239 1552 1444 1607 laetitia.

2358 1558 2410 1612 7.
2441 1559 2841 1632 Τερφθήτωσαν
2874 1565 2932 1617 ὲν
2962 1563 3286 1636 εὐφροσύνῃ.

695 1646 748 1700 8.
781 1645 1007 1701 Cantate
1036 1645 1168 1712 Deo,
1195 1644 1464 1713 psalmum
1501 1645 1664 1701 dicite
1695 1646 1902 1701 nomini
1929 1647 2050 1716 ejus
2077 1665 2090 1700 :

2355 1649 2408 1703 8.
2444 1651 2642 1721 Ι’ᾼσατε
2672 1653 2749 1724 τῷ
2783 1655 2920 1726 Θεῷ,
2953 1658 3158 1726 ψάλατε
3187 1657 3265 1728 τῷ
3292 1658 3511 1727 ὀνόματι
3539 1657 3733 1710 αὐτοῦ·

691 1741 743 1795 9.
781 1741 889 1793 lter
947 1738 1107 1792 facite
1165 1738 1213 1792 ei
1265 1737 1357 1807 qui
1408 1738 1652 1793 ascendit
1687 1755 1850 1810 super
1887 1753 2180 1795 occasum:

2357 1742 2408 1797 9.
2448 1742 2827 1816 Ὁδοποιήσατε
2862 1748 2938 1819 τῷ
2964 1749 3312 1821 ὲπιϐεϐηκὸτι
3340 1752 3431 1818 ἐπὶ
3459 1750 3677 1820 δυσμῶν
3700 1768 3711 1780 ·
3747 1748 3857 1803 Κύ-

616 1831 881 1885 Dominus
910 1844 1106 1884 nomen
1138 1829 1211 1882 illi
1242 1846 1256 1882 :

1209 1871 1211 1880 ι
1242 1846 1256 1882 :
2213 1818 2259 1878 Β
2289 1849 2400 1902 ριος
2429 1834 2598 1905 ὄνομα
2627 1836 2803 1908 αὐτῷ·

689 1921 774 1974 10.
806 1920 873 1973 Ει
911 1921 1177 1975 exsultate
1204 1920 1256 1974 in
1286 1928 1582 1989 conspectu
1623 1918 1761 1988 ejus.

2362 1927 2445 1978 10.
2478 1929 2587 1982 Καὶ
2611 1930 2938 1998 ἀγαλλιᾶσθε
2965 1930 3192 1985 ἐνώπιον
3217 1933 3400 1987 αὐτοῦ.

689 2013 772 2066 11.
801 2012 1108 2068 Turbentur
1135 2029 1163 2065 a
1191 2011 1328 2067 facie
1355 2012 1512 2080 ejus:

2363 2019 2448 2073 11.
2481 2021 2918 2095 Ταραχοήτωσαν
2951 2025 3059 2079 ἀπὸ
3080 2026 3372 2097 προσώπου
3401 2026 3564 2080 αὑτοῦ
3589 2041 3602 2056 ·

686 2106 774 2161 ιε.
807 2104 984 2160 Patris
1014 2106 1403 2176 orphanorum,
1439 2103 1713 2172 etjudieis
1747 2104 2057 2161 viduarum.

2363 2111 2445 2164 1‘2.
2466 2114 2568 2166 Τοῦ
2593 2118 2796 2188 πατρὸς
2812 2117 2919 2171 τῶν
2937 2118 3185 2189 ὀρφανῶν
3210 2119 3302 2170 καὶ
3321 2118 3503 2190 κριτοῦ
3528 2119 3634 2170 τῶν
3651 2137 3718 2188 χη
3729 2117 3853 2188 ρῶν.

683 2199 770 2251 15.
802 2197 946 2251 Deus
977 2199 1029 2251 in
1064 2199 1182 2253 loco
1213 2206 1400 2252 saneto
1436 2212 1537 2252 suo
1565 2213 1577 2249 :

2361 2203 2444 2256 13.
2488 2204 2543 2254 Ὀ
2574 2207 2703 2270 Θεὸς
2733 2209 2789 2260 ἐν
2819 2209 2966 2279 τόπῳ
2997 2210 3135 2280 ἁγίῳ
3166 2209 3349 2263 αὑτοῦ.

687 2291 770 2344 14.
806 2289 966 2356 Deus,
1010 2293 1100 2360 qui
1153 2291 1456 2344 inhabitare
1511 2288 1638 2344 facit
1690 2289 1852 2343 unius
1905 2290 2074 2348 moris
2122 2291 2178 2347 in

2122 2291 2178 2347 in
2355 2292 2440 2347 11.
2484 2293 2541 2348 Ὀ
2569 2296 2699 2362 Θεὸς
2721 2301 3016 2365 κατοικίζει
3049 2302 3413 2374 μονοτρόπους
3442 2303 3498 2355 ἐν
3523 2302 3660 2372 οἴκῳ
3685 2319 3698 2332 ·

614 2386 776 2437 domo
804 2401 816 2434 :

686 2479 759 2544 (α)
799 2477 854 2532 In
887 2494 1060 2547 marg.
1097 2477 1242 2539 cod.,
1272 2476 1570 2530 ἀπόλοιντο.

684 2551 754 2618 (b)
795 2547 945 2637 Fers.
981 2546 1033 2601 6.
1066 2547 1196 2609 Καὶ,
1230 2557 1358 2612 ctc.,
1393 2546 1864 2616 εύφρανθήτωσαν.
1922 2549 2224 2605 Διάὠαλιια.
2267 2551 2278 2573 ‘

2267 2551 2420 2610 Vers.
2467 2557 2521 2612 7.
2565 2557 3065 2631 Ἀγαλλιάσθωσαν,
3112 2571 3216 2618 etc.
3255 2560 3409 2620 Veis.
3445 2564 3498 2618 8.
3533 2565 3858 2637 Τερερθήτω-

613 2634 734 2681 σανν
763 2628 865 2672 οῖο-
1733 2685 2106 2742 ATHANASII
2147 2689 2725 2748 INTERPBETATIO.

696 2781 757 2831 ἸΙ
784 2795 1114 2850 προκειμενη
1147 2777 1424 2848 επιγραφὴ
1452 2779 1692 2849 περιέχει
1721 2779 1797 2848 (1)
1818 2795 1830 2808 ο
1856 2783 1962 2845 Εἰς
1996 2783 2061 2834 τὸ
2083 2780 2278 2850 τέλος,
2302 2785 2541 2853 ψαλμὸς
2564 2785 2723 2853 ᾠδῆς
2754 2784 2833 2851 τῷ
2873 2787 3077 2840 Δαϐίδο
3103 2788 3371 2854 τουτέστι,
3402 2791 3529 2861 περὶ
3553 2790 3663 2846 τῶν
3693 2794 3773 2854 είς
3801 2793 3858 2845 τὸ

610 2871 762 2935 τέλος
791 2871 897 2924 τῶν
928 2869 1163 2941 Χριστοῦ
1195 2867 1297 2940 [είς
1325 2869 1416 2922 τὸν
1451 2868 1707 2939 Χριστὸν]
1743 2868 2044 2937 μελλόντων
2077 2873 2354 2926 πιστεύειν
2386 2874 2414 2926 ὁ
2443 2873 2654 2945 eam;
2687 2861 2868 2946 ᾅδεται
2897 2874 2977 2940 τῷ
3009 2877 3193 2943 ἱκανῷ
3227 2884 3406 2948 χειρί·
3435 2884 3600 2938 Δαόὶδ
3637 2885 3747 2956 γὰρ
3770 2884 3858 2937 οῦ-

612 2978 718 3024 cm;
752 2961 1130 3033 ἑρμηνεύεται,
1167 2961 1225 3021 ὃς
1255 2959 1400 3012 ἐστιν
1428 2962 1455 3010 ὁ
1479 2960 1607 3022 Υἱὸς
1632 2958 1724 3012 τοῦ
1747 2959 1904 3012 Θεοῦ.

683 3059 894 3112 Titulus
931 3057 1253 3126 prmpositus
1279 3057 1521 3110 continet
1548 3071 1560 3106 :
1595 3053 1659 3108 In
1685 3056 1841 3122 ﬁnem
1861 3094 1875 3118 ,
1903 3055 2139 3125 psalmus
2182 3061 2377 3114 cantici
2406 3061 2573 3115 David
2597 3078 2614 3116 :
2645 3063 2748 3118 hoc
2775 3075 2860 3120 est
2885 3066 2952 3121 de
2979 3067 3065 3130 iis,
3097 3070 3187 3138 qui
3223 3069 3276 3124 in
3311 3071 3470 3126 ﬁnem
3500 3071 3552 3124 in
3579 3070 3854 3126 Christum

614 3150 869 3203 credituri
899 3159 1025 3202 sunt
1051 3147 1292 3217 psalmus
1324 3147 1536 3201 canitur
1568 3162 1727 3199 manu
1752 3147 1924 3215 forti:
1959 3145 2127 3202 David
2154 3151 2299 3205 enim
2335 3151 2407 3206 ita
2444 3153 2851 3223 interpretatur,
2880 3159 2972 3226 qui
2999 3169 3081 3213 est
3114 3159 3283 3214 Filius
3315 3160 3428 3216 Dei.

691 3242 740 3293 1.
777 3237 964 3294 Veniet
998 3238 1280 3304 Dominus,
1310 3247 1363 3291 et
1390 3245 1739 3292 conterentur
1768 3235 2064 3292 damones.
2199 3247 2246 3308 ε

2347 3242 2398 3295 1.
2438 3243 2745 3299 Ἐλεύσεται
2778 3248 2805 3300 ὁ
2835 3246 3038 3320 Κύριος
3063 3249 3160 3320 (‘2),
3198 3252 3289 3303 καὶ
3317 3253 3766 3323 συντριϐήσονται
3795 3255 3843 3306 ol

2281 3333 2552 3404 δαίμονες.

681 3421 734 3474 2.
776 3418 879 3490 Ipsi
907 3420 1180 3473 daemones
1209 3415 1450 3470 videntes
1480 3429 1605 3468 eum
1643 3412 1957 3468 clamabunt
1985 3429 1996 3464 :
2025 3410 2180 3486 [sine]

2353 3423 2407 3479 2.
2466 3428 2527 3478 Οί
2562 3427 2715 3481 αὐτοὶ
2742 3429 3012 3499 δαίμονες,
3047 3431 3278 3503 ὁρῶντες
3311 3433 3489 3497 αὐτὸν,
3539 3435 3852 3506 βοήσουσιν·

610 3515 737 3586 quid
772 3514 920 3566 nobis
951 3522 999 3566 et
1033 3510 1149 3576 tibi,
1203 3508 1330 3563 Jesu
1367 3507 1664 3571 Nazarene,
1705 3507 1888 3560 venisti
1911 3507 2010 3558 huc
2061 3515 2182 3562 ante

2283 3519 2395 3572 Αῐα
2439 3519 2556 3591 [ἔα]
2588 3521 2664 3592 (5)
2709 3523 2765 3574 τί
2798 3523 2942 3593 ἡμῖν
2971 3527 3068 3578 καὶ
3109 3527 3229 3590 σοὶ,
3273 3527 3476 3594 Ἰησοῦ
3518 3527 3853 3598 Ναζαρηνέ;

616 3622 816 3676 tempus
844 3605 1055 3676 perdere
1088 3620 1181 3658 nos
1202 3604 1246 3634 ⁸ο
1271 3603 1295 3657 ’ί

2284 3605 2461 3680 ἦλθες
2492 3605 2606 3665 ὦδε
2630 3613 2743 3680 πρὸ
2772 3616 2977 3683 καιροῦ
3003 3617 3297 3671 ἀπολέσαι
3325 3617 3502 3688 ἡμᾶς,

686 3700 738 3760 3,
767 3698 820 3751 4.
854 3695 1156 3750 Contraria:
1185 3701 1500 3762 potestates.

2354 3700 2407 3760 5,
2439 3701 2490 3752 4.
2523 3701 2587 3753 Αἱ
2621 3703 2861 3756 ἐναντίαι
2886 3703 3164 3773 δυνάμεις.

773 3789 826 3841 In
854 3787 1084 3842 adventu
1115 3784 1234 3854 ejus
1263 3784 1507 3838 videntes
1535 3797 1659 3837 eum
1691 3787 2106 3836 consumentur.

2352 3791 2403 3842 5'.
2442 3792 2529 3843 ‘Ev
2563 3795 2627 3862 τῇ
2657 3795 2925 3866 παρουσία
2964 3796 3128 3848 αὑτοῦ
3164 3796 3398 3868 ὁρῶντες
3449 3798 3608 3852 αὐτὸν
3658 3819 3857 3856 καταν-

2282 3883 2586 3936 αλίσκονται
2605 3883 2702 3954 (4).

683 3968 739 4023 6.
769 3967 1060 4023 Credentes
1113 3967 1168 4021 in
1208 3968 1408 4037 ipsum,
1457 3971 1512 4020 et
1553 3964 1815 4020 facientes
1846 3963 2165 4018 voluntate"

2355 3975 2406 4027 6.
2441 3978 2501 4028 Οἱ
2536 3978 2877 4043 πιστεύοντες
2917 3982 2996 4044 είς
3040 3982 3221 4045 αὑτὸν,
3271 3986 3365 4037 καὶ
3404 3984 3454 4038 oi
3490 3987 3768 4051 ποιοῦντες
3798 3987 3858 4040 τὺ

613 4062 756 4133 ejus,
791 4060 1030 4128 videntes
1070 4060 1247 4130 ipsum
1278 4058 1615 4128 gaudebunt.

2285 4064 2492 4136 θέλημα
2520 4069 2705 4133 αὑτοῦ,
2743 4071 3066 4144 θεασάμενοι
3097 4075 3175 4146 (5)
3205 4077 3383 4143 αὑτὸν,
3415 4079 3748 4150 χαρίσονται.

689 4155 740 4211 7.
773 4153 1008 4220 Spiritus
1041 4153 1238 4217 sancti,

2356 4159 2408 4214 7.
2447 4161 2583 4213 Πνεύ
2593 4180 2758 4230 ματος
2788 4163 2969 4232 ἁγίου,

684 4245 738 4300 8.
777 4244 1104 4314 Angelorum
1140 4259 1277 4314 opus
1313 4243 1550 4314 peragite
1577 4257 1742 4312 super
1770 4250 1999 4295 terram.

2081 4331 2085 4333 ἢ
2355 4253 2407 4305 8.
2451 4254 2717 4320 Ἀγγέλων
2745 4256 2902 4325 ἔργον
2936 4258 3280 4312 ἐπιτελέσατε
3303 4259 3394 4312 ἐπὶ
3421 4261 3520 4331 τῆς
3552 4261 3675 4333 γῆς.

685 4333 737 4388 9.
790 4334 1093 4405 Ρναιρειι-ιιιε
1139 4337 1299 4391 corda
1353 4346 1532 4390 vestra
1585 4337 1634 4390 ei
1684 4335 1778 4392 uui
1834 4329 2186 4387 descendite

2356 4348 2408 4403 9.
2451 4345 2801 4416 Ἑτοιμάσατε
2842 4349 2940 4413 τὰς
2985 4351 3211 4422 καρδίας
3248 4352 3400 4422 ὑμῶν
3444 4329 3521 4424 τῷ
3555 4329 3857 4427 καταϐεϐη-

615 4420 786 4483 etelis.

2078 4509 2088 4514 _
2286 4441 2403 4492 κότι
2432 4439 2538 4491 ἀπὸ
2559 4441 2664 4492 τῶν
2689 4442 2747 4492 ού
2758 4442 2952 4511 ρανῶν.
3508 4491 3514 4514 τ

687 4519 769 4572 10.
787 4516 1053 4582 Quoniam
1078 4515 1222 4587 digni
1247 4515 1370 4569 facti
1390 4525 1515 4570 sunt
1539 4515 1718 4569 videre
1733 4513 2024 4567 adventum
2042 4509 2182 4580 ejus.
2222 4593 2258 4607 κ

2173 4550 2182 4563 ι
2222 4593 2258 4607 λ
2361 4530 2444 4585 10.
2478 4532 2598 4583 Ὅτι
2628 4531 2938 4602 ἠξιώθησαν
2971 4532 3099 4586 ἰδεῖν
3131 4533 3226 4604 τὴν
3260 4538 3563 4607 παρουσίαν
3587 4539 3767 4593 αὐτοῦ.

687 4611 772 4664 ll.
809 4608 1014 4661 Inimici
1053 4616 1364 4676 potestates.
2222 4593 2261 4646 Ι)

1738 4695 1745 4696 7
2101 4695 2105 4696 ν
2222 4593 2261 4646 D
2355 4623 2438 4677 11.
2469 4625 2534 4676 Αἰ
2557 4593 2877 4696 τοῦεχϐροῦ
2913 4626 3185 4696 δυνάμεις.

686 4703 771 4756 12.
803 4702 1148 4765 Animarum,
1194 4716 1314 4771 qua:
1365 4709 1622 4769 tanquam
1667 4695 1932 4762 infantes,
1968 4705 2021 4751 et
2067 4695 2184 4751 sine

2362 4716 2446 4772 ιε.
2475 4716 2592 4769 Τῶν
2616 4695 3153 4788 νηπίωνψυχῶν,και
3183 4721 3289 4774 τῶν
3316 4722 3636 4794 ἀϐοηθήτων
3659 4725 3854 4781 οὐσῶν.

616 4794 882 4862 adjutorio
909 4802 1054 4847 sunt.

688 4885 771 4936 13.
806 4880 1173 4936 Deushabitat
1207 4897 1313 4936 non
1365 4882 1537 4937 solum
1588 4881 1640 4934 in
1684 4880 1845 4945 caalo,
1895 4879 1987 4935 sed
2021 4877 2182 4931 etiam

2362 4892 2446 4946 l3.
2484 4891 2541 4944 Ὀ
2581 4891 2712 4954 Θεὸς
2745 4893 2883 4945 οἰκεῖ
2924 4892 2986 4945 ού
3025 4893 3183 4963 μόνον
3225 4896 3283 4948 ὲν
3315 4897 3549 4968 οὐρανῷ,
3595 4902 3732 4955 ἀλλά
3768 4905 3860 4956 καὶ

617 4975 668 5028 in
701 4984 864 5027 terra.

2293 4983 2385 5035 ἐπὶ
2416 4983 2537 5052 γῆς.

693 5071 773 5122 14.
821 5067 923 5133 Qui
958 5067 1254 5121 secundum
1293 5065 1570 5122 Christum
1618 5068 1783 5120 vitam
1819 5065 2180 5120 monasticam

1941 5065 2180 5120 tasticam
2365 5073 2448 5125 14.
2479 5074 2616 5137 Τοὺς
2649 5074 2789 5128 κατὰ
2815 5075 3046 5146 Χριστὸν
3079 5076 3155 5147 (6)
3189 5080 3535 5149 μονάζοντας.

615 5170 802 5228 agunt.

684 5274 727 5305 '°
748 5272 933 5326 Matth.
971 5287 1088 5336 νιιι,
1117 5272 1219 5338 29;
1259 5271 1370 5327 Luc
1399 5286 1473 5339 tv,
1506 5273 1594 5327 55.

1562 5387 1870 5449 Addenda
1903 5397 1961 5448 et
1990 5388 2369 5468 corrigenda
2402 5405 2480 5450 ex
2523 5389 2664 5450 cod.
2700 5389 2902 5450 Vatic.

686 5491 761 5561 (1)
796 5487 985 5561 illati
1021 5489 1114 5557 τῆς
1149 5487 1516 5560 κινναϐάρεως
1539 5507 1682 5561 περ.
1730 5489 1850 5543 Μοχ
1896 5507 1992 5560 pro
2038 5492 2170 5561 Χρι-
2352 5490 2425 5561 (1)
2451 5488 2599 5561 ,4,
2762 5489 3243 5547 καταναλίσκοντο.

617 5559 740 5616 στοῦ
768 5559 955 5634 habet
977 5561 1206 5634 Δχρόνων
1226 5571 1384 5634 ,__etc.
1445 5559 1603 5634 Aa§16
1638 5559 1641 5560 ⁷
1665 5562 1791 5634 γὰρ
1817 5559 2174 5634 ἑρμηνεύεται

2283 5629 2326 5634 μ
2352 5559 2618 5634 ({3)_N.-7._
2647 5563 3004 5634 Bacuriusyot.
3037 5573 3139 5617 etc.
3177 5563 3241 5616 Ν.
3277 5564 3329 5618 8.
3379 5564 3720 5634 Πνεύματος,
3756 5579 3853 5622 etc.

615 5626 1009 5706 ixaféeze‘tpt.
1027 5626 1231 5684 Ἱκανὸν
1249 5631 1303 5684 δὲ
1330 5633 1470 5702 χειρὶ
1500 5626 1620 5684 εἷπε
1646 5626 1995 5686 avrai/ras
2013 5632 2170 5684 Θεοῦ.
2282 5629 2344 5684 Ν.
2443 5632 2732 5706 Ἀγγγέλών,
2752 5626 2854 5706 etc.
2974 5633 3053 5706 10.
3076 5634 3456 5706 Ἑτοιμάσατε,
3480 5626 3609 5703 ριὀη
3636 5626 3745 5692 τών
3775 5640 3859 5694 οὐ·

880 5699 1057 5782 Θῗόςῗ
1419 5699 1427 5702 Ἴ
2288 5700 2583 5782 Ρακξῖλνήὲτῖὶ
2607 5702 2706 5774 τὴν
2735 5703 2858 5774 γῆν.
2887 5701 2949 5756 Ν.
2982 5705 3069 5759 11.
3111 5699 3236 5760 Ὄτί
3264 5705 3558 5782 ἠξιώθητε,
3592 5699 3681 5766 etc

679 5772 754 5833 (3)
788 5769 889 5822 Δία
916 5768 1064 5824 deest

1009 5779 1064 5823 ‘st
2290 5768 2300 5771 ⁷
2351 5773 2423 5842 (ti)
2453 5771 2603 5827 Θεόν.
