4036 6486
240 448 352 505 913
1136 447 1224 504 DE
1263 448 1538 505 TlTULlS
1577 449 2033 511 PSALMORUM.
2073 481 2142 493 -
2179 447 2373 504 PSAL.
2399 446 2605 504 LXVII.
3385 450 3489 509 914

312 567 392 620 15.
460 566 685 632 Εξάγων
724 568 1122 638 πεπεδημένους
1145 571 1203 622 ἐν
1234 571 1478 642 ἀνδρεία,
1839 591 1886 648 Α

1839 591 1886 648 Α
1987 572 2077 626 15.
2118 571 2220 639 Qui
2256 571 2438 626 educit
2472 571 2684 626 vinctos
2707 568 2762 624 in
2787 568 3137 632 fortitudine,

310 657 392 710 l6.
436 658 829 728 Ὁμοίωςοτοὺς
870 664 1433 734 παραπικραίνοντας,
1474 663 1597 726 τοὺς
1634 681 1811 717 κατοι-

1990 664 2076 719 16.
2120 663 2380 720 Similiter
2413 679 2505 719 eos
2529 663 2623 732 qui
2655 670 2997 732 exasperant,
3034 659 3129 729 qui
3163 658 3406 713 habitam
3435 661 3485 713 in

233 749 468 812 κοῦντας
504 753 562 804 ὲν
598 751 811 819 τάφοις.

607 751 811 819 τάφοις.
1915 757 2201 827 sepulcris.

313 842 399 895 17.
447 843 504 894 '0
535 843 688 907 Θεὸς,
726 846 783 898 ἐν
819 843 894 914 τῷ
921 843 1316 917 ἐκπορεύεσθαί
1361 865 1417 900 σε
1454 848 1682 902 ἐνώπιον
1719 850 1811 903 τοῦ

1991 849 2075 901 17.
2119 847 2281 913 Deus,
2317 861 2439 900 cum
2470 843 2807 914 egredereris
2856 843 2911 896 in
2966 851 3257 911 conspectu
3303 839 3483 912 populi

234 933 372 990 λαοῦ
409 953 524 1000 σου,
1917 940 1992 995 ιιιί
2030 958 2042 994 :

312 1030 399 1083 18.
445 1029 532 1082 Ἐν
556 1029 636 1100 τῷ
657 1029 952 1082 διαϐαίνειν
979 1047 1037 1081 σε
1066 1031 1204 1101 ὲντῇ
1229 1031 1442 1102 ἐρήμῳ,
1473 1032 1541 1102 γῆ
1571 1031 1810 1102 ἐσείσθη·

1991 1033 2076 1086 18.
2114 1030 2250 1085 Cum
2283 1027 2643 1099 pcrtransires
2672 1027 2727 1082 in
2759 1028 2994 1094 deserto,
3013 1036 3161 1082 terra
3194 1038 3337 1082 mota
3371 1037 3481 1080 est:

312 1120 396 1173 19.
425 1121 501 1191 (α)
532 1123 640 1175 Καὶ
674 1121 782 1193 γὰρ
812 1124 860 1175 οἱ
887 1122 1102 1194 οὐρανοὶ
1131 1121 1360 1188 ἔσταξαν
1383 1124 1490 1178 ἀπὸ
1519 1124 1812 1195 προσώπου

1994 1121 2080 1177 19.
2119 1120 2334 1176 Etenim
2375 1119 2501 1177 caeli
2529 1117 2931 1175 distillaverunt
2961 1133 2990 1170 a
3023 1116 3162 1173 facie
3190 1113 3283 1168 Dei
3313 1112 3484 1176 Sinai,

235 1211 334 1265 τοῦ
356 1211 491 1267 Θεοῦ
527 1214 620 1266 τοῦ
649 1215 799 1280 Σινᾶ,

309 1304 399 1359 20.
447 1305 578 1359 Ἀπὸ
611 1305 903 1376 προσώπου
931 1306 1023 1360 τοῦ
1057 1306 1189 1360 Θεοῦ
1229 1308 1466 1380 Ἰσραήλ.

1087 1309 1189 1360 ιεοῦ
1229 1308 1466 1380 Ἰσραήλ.
1986 1308 2075 1362 20.
2111 1307 2157 1362 Α
2192 1307 2328 1363 facie
2361 1305 2455 1361 Dei
2497 1304 2681 1362 Israel.

310 1396 399 1451 21.
435 1398 642 1470 Βροχὴν
671 1399 916 1454 ἑκούσιον
939 1400 1206 1472 ἀφοριεῖς,
1236 1402 1264 1453 ὸ
1289 1401 1441 1465 Θεὸς,
1471 1402 1536 1472 τῇ
1561 1404 1816 1475 κληρονο-

1987 1401 2077 1455 21.
2112 1399 2355 1454 Plin-iam
2387 1399 2748 1456 voluntariam
2771 1397 3105 1469 segregabis,
3137 1394 3489 1464 Deus,ha2re-

241 1487 344 1560 μία
376 1506 468 1543 σου
492 1505 506 1518 ⁸

1916 1494 2072 1549 dilati
2107 1503 2210 1551 tua:
2236 1511 2249 1547 :

311 1580 401 1634 22.
435 1581 544 1634 Καὶ
583 1582 850 1653 ἠσθένησε
873 1601 884 1612 ·
921 1584 987 1638 σὺ
1015 1584 1072 1638 δὲ
1099 1585 1417 1658 κατηρτίσω
1451 1586 1637 1658 αὐτήν.

1987 1588 2078 1642 22.
2117 1587 2183 1640 Et
2218 1588 2494 1642 inﬁrmata
2541 1593 2658 1650 est;
2694 1594 2748 1639 tu
2785 1599 2915 1639 vero
2939 1582 3210 1654 perfecisti
3236 1597 3378 1638 eam.

313 1671 401 1725 2'5.
431 1673 509 1724 Τὰ
545 1673 659 1736 ζῶἀ
693 1692 784 1727 σου
812 1676 1158 1731 κατοικοῦσιν
1184 1680 1241 1730 ὲν
1271 1679 1408 1750 αὐτῇ
1432 1695 1446 1710 ·

1987 1681 2079 1736 23.
2117 1680 2386 1735 Animalia
2417 1688 2510 1735 tua
2537 1679 2862 1734 habitabunt
2892 1677 2945 1731 iu
2981 1692 3044 1731 ea
3071 1695 3083 1730 :

311 1763 398 1816 24.
438 1763 765 1836 Ἦτοίμασας
792 1769 850 1821 ὲν
871 1772 934 1839 τῇ
968 1770 1297 1841 χρηστότητι
1329 1788 1423 1824 σου
1475 1770 1554 1842 τῷ
1588 1770 1815 1843 πτωχῷ,

1749 1770 1815 1843 ᾦ,
1989 1773 2077 1828 21.
2114 1771 2323 1828 Parasti
2354 1772 2408 1827 in
2444 1771 2731 1828 dulcedine
2762 1780 2854 1826 tua
2885 1768 3106 1840 pauperi
3129 1809 3144 1836 ,
3177 1765 3341 1822 Deus.

238 1857 268 1907 ὸ
293 1855 444 1920 Θεός.

313 1948 402 2000 25.
440 1947 643 2020 Κύριος
673 1950 833 2005 δώσει
866 1951 1019 2023 ῥῆμα
1046 1955 1158 2016 τοῖς
1191 1953 1700 2025 εὖαγγελιζομένοις
1723 1953 1817 2006 δυ-
1850 1941 1892 1996 Β

1991 1957 2082 2014 25.
2121 1957 2383 2012 Dominus
2412 1955 2563 2011 dabit
2591 1955 2821 2011 verbum
2857 1951 3356 2024 evangelizantibus
3381 1950 3488 2004 vir-

239 2039 406 2110 νάμει
440 2042 630 2112 πολλῇ.

1916 2058 2032 2104 tute
2061 2047 2251 2102 multa.

314 2135 402 2190 26.
444 2138 502 2191 Ὀ
525 2137 775 2207 βασιλεὺς
799 2138 906 2193 τῶν
931 2139 1212 2210 δυνάμεων
1231 2139 1326 2194 τοῦ
1362 2139 1642 2210 ἀγαπητοῦ
1665 2156 1677 2169 ο

1169 2158 1212 2193 ›ν
1231 2139 1326 2194 τοῦ
1362 2139 1642 2210 ἀγαπητοῦ
1665 2156 1677 2169 ο
1984 2137 2074 2191 26.
2107 2135 2220 2191 Rex
2251 2135 2509 2191 virtutum
2535 2133 2716 2190 dilecti
2752 2151 2763 2187 :

313 2230 403 2282 27.
437 2231 514 2300 Τῇ
541 2231 832 2302 ὡραιότητι
853 2232 947 2284 τοῦ
973 2231 1122 2284 οἴκου
1155 2232 1423 2285 διελέσθαι
1459 2231 1649 2287 σκῦλα.

1459 2231 1649 2287 σκῦλα.
1987 2231 2076 2284 27.
2113 2227 2322 2298 Speciei
2354 2227 2552 2282 domus
2583 2227 2822 2281 dividere
2855 2223 3047 2294 spolia.

312 2319 401 2372 28.
451 2321 574 2373 Ἐὰν
598 2322 897 2394 κοιμηθῆτε
932 2323 1204 2394 ἁναμέσον
1229 2324 1337 2377 τῶν
1373 2325 1590 2396 κλήρων
1611 2341 1625 2355 ο

1562 2343 1590 2377 ν
1611 2341 1625 2355 ο
1989 2323 2080 2377 28.
2125 2320 2180 2374 Si
2221 2319 2504 2376 dormiatis
2532 2319 2672 2373 inter
2702 2315 2908 2372 medios
2933 2315 3109 2370 clerus
3141 2331 3154 2368 :

317 2411 402 2467 29.
434 2413 709 2485 Πτέρυγες
737 2416 1065 2486 περιστερᾶς
1097 2415 1636 2486 περιηργυρωμέναι,

1441 2415 1636 2485 ιμέναι,
1989 2415 2080 2469 29.
2115 2413 2314 2469 Pennze
2344 2412 2610 2468 columbae
2642 2411 3035 2480 dcargentatae,

318 2574 394 2644 (ιι)
421 2575 574 2633 Vers.
605 2577 689 2632 10.
716 2578 793 2646 Γῆ
817 2615 835 2644 ,
872 2587 976 2634 etc.
1017 2591 1203 2650 ⁵ιιεσιιιᾱ
1250 2577 1316 2631 ad
1347 2575 1600 2642 ἔσταξαν.
1652 2578 1683 2644 ᾖ
1715 2576 1804 2630 20.
1862 2578 1912 2630 Ἀ

1306 2577 1316 2630 |
1347 2575 1600 2642 ἔσταξαν.
1652 2578 1683 2644 ᾖ
1715 2576 1804 2630 20.
1862 2576 1993 2630 Ἀπὸ
2032 2575 2324 2629 ποοσὼπου
2352 2589 2527 2646 usque
2559 2583 2627 2629 ad
2666 2574 2900 2645 Ἰσραήλ.

1371 2735 1746 2792 ATHANASII
1786 2712 2372 2794 INTERPRETATIO.

317 2882 405 2936 15.
437 2883 575 2945 Τοὺς
597 2885 794 2950 αὐτοὺς
834 2887 1163 2957 μονάζοντας
1208 2890 1272 2943 ἐκ
1317 2890 1426 2943 τῶν
1469 2890 1685 2961 δεσμῶν
1714 2889 1822 2942 τῶν

1993 2890 2081 2945 15.
2115 2887 2342 2944 Eosdem
2373 2891 2724 2946 monachos'e
2758 2891 2991 2946 vinculis
3030 2900 3372 2960 peccatorum
3405 2909 3488 2947 re-

245 2974 529 3045 ἁμαρτιῶν
562 2975 920 3047 λυτρούμενος
942 2979 999 3030 ὲν
1035 2977 1178 3047 ίσχύῖ
1208 2979 1285 3049 (1)
1315 2979 1454 3032 κατὰ
1495 2981 1592 3048 τῆς
1639 2980 1822 3050 ἀμαρ-

1502 2981 1592 3048 τῆς
1639 2980 1822 3050 ἁμαρ·
1919 2981 2133 3036 dimens
2160 2983 2214 3034 in
2238 2978 2556 3034 fortitudine
2579 2988 2768 3036 contra
2794 2989 3096 3050 peccatum.

243 3082 388 3128 τιας.

319 3157 404 3212 16.
437 3159 573 3221 Τοὺς
595 3158 680 3212 διὰ
708 3159 814 3212 τῶν
847 3161 1129 3232 ἁμαρτιῶν
1166 3162 1241 3233 (2)
1273 3163 1823 3234 παραπικραίνοντας

1988 3165 2075 3218 16.
2111 3163 2214 3230 Qui
2276 3165 2426 3234 prius
2487 3164 2949 3219 exacerbaverant
3013 3178 3140 3218 eum
3218 3162 3489 3232 peccatis,

244 3249 406 3304 αὑτὸν
431 3249 708 3321 πρότερον,
739 3251 960 3323 ὕστερον
990 3254 1046 3306 δὲ
1077 3257 1534 3327 μετανοήσαντας,
1567 3256 1662 3309 καὶ
1687 3273 1820 3309 κατ-

1921 3258 2115 3313 deinde
2156 3259 2481 3326 pmnitentes
2503 3297 2517 3321 ,
2551 3265 2604 3310 et
2639 3256 2947 3311 habitantes
2979 3256 3032 3310 in
3063 3256 3360 3326 sepulcris,
3389 3255 3490 3308 hoc

245 3340 530 3402 οικοῦντας
561 3340 616 3391 tv
638 3341 846 3409 τάφοις,
872 3343 1147 3396 τουτέστιν
1175 3346 1230 3398 ἐν
1257 3347 1377 3409 ταῖς
1398 3348 1606 3417 μοναῖς,
1637 3345 1821 3414 ἐξάγει

1921 3363 2004 3406 est
2032 3353 2084 3404 in
2131 3350 2500 3413 monasteriis,
2528 3349 2712 3404 educit
2738 3347 2794 3403 in
2827 3349 3143 3402 fortitudine
3168 3356 3356 3403 contra
3377 3347 3491 3400 dia-

245 3431 305 3482 ἐν
331 3430 552 3500 ἀνδρεία
576 3433 714 3485 κατὰ
737 3433 828 3486 τοῦ
859 3435 1124 3488 διαϐόλου.
1923 3443 2126 3500 bolum.

322 3522 405 3574 17.
445 3523 501 3573 Ὀ
527 3522 677 3587 Θεὸς,
697 3527 752 3577 ὲν
779 3524 854 3595 τῷ
888 3525 1280 3597 ὲκπορεὺεσθαί
1310 3544 1367 3579 σε
1396 3529 1460 3580 ἐκ
1484 3527 1601 3579 τῶν
1627 3543 1822 3598 πατρι-

1996 3535 2083 3588 17.
2119 3533 2282 3597 Deus,
2317 3548 2442 3587 cum
2483 3540 2537 3585 tu
2567 3529 2886 3599 procederes
2931 3544 2996 3583 ex
3053 3527 3175 3584 sinu
3209 3524 3402 3591 Patris,
3435 3535 3493 3578 ut

248 3612 361 3666 κῶν
395 3613 626 3676 κόλπων,
656 3615 884 3685 ὀφθῆναι
919 3618 1009 3669 ἐπὶ
1040 3620 1138 3688 τῆς
1173 3619 1274 3688 γῆς
1305 3621 1414 3681 τοῖς
1442 3617 1766 3688 ἀνθρώποις.

1247 3636 1274 3680 ς
1305 3621 1414 3681 τοῖς
1442 3617 1766 3688 ἀνθρώποις.
1923 3638 2216 3693 apparercs
2245 3623 2295 3676 in
2326 3631 2468 3675 terra
2498 3619 2837 3675 hominibus.

323 3706 405 3758 18.
448 3706 534 3758 Ἑν
579 3706 658 3776 τῷ
684 3707 982 3779 ὁδοιπορεῖν
1012 3726 1070 3761 σε
1114 3711 1171 3760 ὲν
1215 3710 1291 3781 τῷ
1325 3711 1535 3780 κόσμῳ,
1587 3710 1654 3763 τὰ
1695 3710 1822 3779 ἔθνη

1996 3715 2082 3768 18.
2113 3714 2251 3768 Cum
2313 3722 2368 3766 tu
2424 3713 2526 3766 iter
2592 3711 2799 3764 faceres
2880 3709 2935 3763 in
3007 3709 3245 3775 mundo,
3305 3715 3493 3778 gentes

249 3797 326 3864 (5)
365 3795 725 3868 μετετέθησαν
755 3798 862 3852 ἀπὸ
888 3799 985 3869 τῆς
1005 3799 1444 3870 εἰδωλολατρείας
1475 3801 1554 3863 είς
1579 3800 1677 3870 τὴν
1700 3800 1820 3853 ἐπί-

1926 3806 2202 3859 translatae
2226 3813 2354 3859 sunt
2387 3803 2455 3858 ab
2485 3802 2796 3858 idololatria
2834 3801 2888 3855 in
2920 3801 3287 3872 cognitionem
3319 3806 3489 3852 tuam.

249 3904 452 3956 γνωσιν
484 3905 599 3941 σου.

323 3979 409 4033 10.
443 3980 550 4032 Καὶ
579 3978 685 4050 γὰρ
711 3979 758 4030 ol
783 3979 1070 4032 ἀπόστολοι
1101 3996 1192 4032 σου
1213 3980 1306 4033 τὸν
1333 3981 1489 4050 λόγον
1516 3999 1608 4035 σου
1632 3981 1826 4052 ἔταξαν

1996 3992 2082 4046 19.
2121 3988 2332 4047 Etenim
2355 3989 2588 4059 apostoli
2619 3991 2695 4044 tui
2735 4002 3039 4044 sermonem
3083 3994 3236 4040 tuum
3265 3982 3492 4040 distilla-

249 4075 329 4137 είς
359 4073 457 4136 τὰς
480 4074 704 4142 καρδίας
739 4074 939 4128 αὐτῶν.

1928 4091 2122 4138 verunt
2147 4083 2202 4136 in
2230 4097 2418 4137 eorum
2448 4082 2635 4138 corda.

324 4168 410 4221 20.
457 4166 586 4219 Ἀπὸ
616 4167 709 4220 τοῦ
743 4168 872 4220 Υίοῦ
908 4185 1021 4223 σου.

908 4185 1021 4223 σου.
1995 4176 2084 4230 20.
2117 4175 2159 4229 Α
2193 4175 2330 4229 Filio
2358 4183 2469 4228 tuo.

324 4257 414 4314 21.
444 4259 516 4311 Τὸ
542 4261 803 4331 κήρυγμα
836 4264 948 4324 τοῖς
969 4261 1198 4317 ἔθνεσιν.

1997 4267 2089 4323 21.
2121 4265 2570 4320 Prcedicationem
2605 4263 2878 4333 gentibus.

323 4347 412 4404 22.
450 4353 559 4406 Καὶ
587 4352 892 4423 ὴσθένησαν
919 4355 985 4407 τὰ
1012 4355 1162 4426 ἔθνη,
1188 4356 1281 4409 καὶ
1307 4356 1335 4408 ὁ
1366 4356 1566 4429 Κύριος
1599 4357 1823 4430 ἰασάμε-

1998 4357 2088 4411 22.
2123 4356 2188 4412 Ει
2216 4364 2403 4425 gentes
2437 4354 2724 4409 infirmata:
2756 4364 2918 4418 sunt,
2964 4363 3017 4408 et
3068 4352 3329 4410 Dominus
3370 4369 3493 4410 cum

252 4460 342 4507 νος
366 4446 694 4514 κατήρτισεν
728 4447 867 4499 αὐτὰ
897 4449 976 4509 είς
996 4447 1057 4499 τὸ
1081 4448 1293 4518 θέλημα
1325 4448 1508 4502 αὑτοῦ.

1928 4449 2252 4512 sanavisset,
2288 4447 2515 4518 perfecit
2535 4462 2627 4502 eas
2657 4447 2709 4501 in
2747 4447 3077 4500 voluntatem
3114 4461 3289 4499 suam.

323 4536 412 4590 25.
448 4537 511 4588 Oi
537 4537 715 4589 πιστοὶ
752 4539 809 4590 tv
834 4542 897 4610 τῇ
942 4540 1256 4611 Ἐκκλησία.

1110 4541 1256 4611 ησίᾳ.
1995 4539 2084 4594 25.
2121 4537 2333 4595 Fideles
2359 4539 2412 4594 in
2446 4536 2704 4592 Ecclesia.

325 4627 418 4681 24.
449 4627 536 4698 Τῷ
568 4628 678 4699 λαῷ
700 4630 776 4701 τῷ
801 4632 1041 4703 ταπεινῷ
1057 4635 1122 4704 τῇ
1146 4633 1342 4704 καρδίᾳ
1362 4633 1459 4703 τὴν
1475 4632 1589 4688 ἄνω
1628 4634 1822 4705 Ἰερου-
1859 4635 1900 4688 1)

1896 4652 1900 4676 ι
2000 4633 2091 4686 21.
2120 4631 2328 4702 Populo
2365 4632 2556 4685 humili
2605 4631 2766 4686 corde
2801 4644 3093 4700 supernam
3134 4627 3490 4684 Hierusalem.

257 4720 395 4791 σαλή
403 4739 461 4790 μ.

323 4813 416 4866 25.
448 4813 570 4875 Τοῖς
605 4814 940 4880 ἀποστόλοις.

809 4815 940 4880 λοις.
1996 4812 2086 4866 25.
2115 4812 2403 4882 Apostolis.

325 4904 416 4958 26.
453 4905 524 4956 Τὸ
556 4905 709 4974 ἅγιον
747 4908 969 4979 Πνεῦμα
997 4907 1091 4962 τοῦ
1120 4909 1270 4965 Υίοῦ.

1191 4909 1270 4965 οῦ.
1995 4902 2087 4956 26.
2122 4903 2354 4958 Sanctus
2378 4901 2614 4972 Spiritus
2643 4900 2785 4956 Filii.

327 4994 420 5048 27.
454 4997 578 5059 Τοῖς
624 4997 896 5062 ἐκλεκτοῖς
934 5000 1028 5054 τοῦ
1059 5001 1188 5055 λαοῦ
1209 5001 1388 5056 δίδωσι
1411 5001 1641 5073 διάφορα
1670 5019 1828 5077 χαρι-

1997 4994 2088 5048 27.
2119 4994 2318 5051 Electis
2361 4994 2549 5066 populi
2597 4993 2691 5049 dat
2737 4993 2973 5065 Spiritus
3015 5003 3237 5050 sanctus
3283 4994 3496 5049 diversa

260 5102 444 5155 σματα
471 5086 529 5138 τὸ
558 5089 778 5159 Πνεῦμα
807 5090 866 5142 τὸ
887 5090 1058 5158 ἅγιον.
1930 5086 2093 5142 dona.

329 5173 419 5227 28.
462 5177 586 5230 Ἐὰν
616 5178 1001 5251 ἀναπαύσησθε
1035 5184 1094 5236 ὲν
1120 5185 1242 5248 ταῖς
1268 5183 1506 5249 ἐντολαῖς
1549 5185 1643 5240 τοῦ
1669 5184 1829 5242 Θεοῦ.

1549 5185 1643 5240 τοῦ
1669 5184 1829 5242 Θεοῦ.
2002 5180 2093 5234 28.
2130 5180 2186 5234 Si
2219 5179 2597 5251 requieveritis
2627 5181 2679 5234 in
2725 5179 2993 5234 mandatis
3026 5178 3140 5235 Dei.

330 5265 421 5320 29.
458 5269 521 5320 Αἱ
551 5268 644 5321 δύο
681 5266 964 5342 διαθῆκαιξ
985 5275 1039 5326 αἱ
1074 5273 1154 5345 τῷ
1187 5275 1324 5347 ἁγίῳ
1359 5275 1639 5349 Πνεύματι
1669 5278 1834 5351 λαλη-

2003 5275 2094 5330 29.
2133 5274 2251 5330 1)υο
2282 5283 2625 5338 testamenta,
2655 5289 2775 5344 quae
2807 5288 2836 5327 a
2868 5271 3074 5341 Spiritu
3106 5281 3297 5328 sancto
3322 5287 3497 5328 enun-

261 5356 440 5411 θεῖσαι
497 5362 675 5414 πᾶσαν
705 5363 1049 5436 καθαρότητα
1084 5365 1325 5438 ἔχουσαι.

1940 5367 2069 5422 tiata
2108 5378 2259 5434 sunt,
2284 5381 2501 5422 omnem
2534 5368 2737 5421 habent
2767 5365 3078 5436 puritatem.

1213 5544 1520 5607 Addenda
1551 5555 1612 5607 et
1655 5546 2023 5626 corrigenda
2057 5563 2134 5606 ex
2167 5545 2307 5610 cod.
2346 5545 2546 5610 Vatic.

335 5706 412 5782 (1)
453 5705 624 5782 Γίσχύῖ
648 5703 939 5782 δὲμαΰτούς,
967 5715 1071 5759 etc.
1205 5778 1214 5782 Δ
1346 5779 1354 5782 _

619 5710 624 5756 ἷ
648 5703 939 5782 δὲῇαΰτούς,
967 5715 1071 5759 etc.
1205 5778 1214 5782 _
1346 5779 1354 5782 _
1933 5711 2101 5782 δρεία,
2131 5720 2213 5766 etc

339 5777 413 5852 t2)
452 5768 760 5845 Ἀμαρτιῶν
793 5777 991 5852 αὐτῶν,
1021 5778 1230 5852 εἰοητὸ
1254 5779 1534 5852 πρότερον,
1556 5790 1694 5852 etc”
1732 5797 1825 5849 με·
1905 5825 1915 5836 .

1905 5825 1915 5836 .
1967 5768 1976 5782 ’
2006 5768 2175 5846 (δ’)’Ν
2214 5782 2295 5836 19.
2335 5780 2523 5852 Ἐθνη,
2555 5791 2682 5846 ctc.,
2723 5782 2973 5848 ἔσταξαν,
2998 5791 3125 5850 etc.,
3162 5797 3259 5852 pro
3284 5778 3497 5845 ἔταξαν.

266 5849 668 5916 τανοήσαντας·
719 5847 1102 5912 κατοικοῦντας
1153 5847 1248 5913 δέ,
1298 5847 1433 5917 οἱα,
1482 5849 1692 5918 ἐξάγειν
1735 5847 1800 5903 ἂν
