4036 6452
599 355 700 411 919
1452 365 1507 418 S.
1555 364 1929 421 ATHANASII
1971 366 2120 422 OPP.
2161 369 2345 424 PARS
2384 368 2470 422 Ill.
2512 399 2582 407 —
2616 367 3028 422 EXEGETICA.
3761 365 3865 422 920

668 474 756 531 62.
793 476 1071 548 Principes
1103 479 1343 535 Zabulon
1363 525 1376 545 ,
2208 495 2254 551 Α

2208 495 2254 551 Α
2354 489 2443 543 62.
2471 491 2766 560 Ἄρχοντες
2796 483 3101 548 Ζαόουλὼν,

669 568 762 623 65.
803 569 1085 642 Principes
1119 572 1428 642 Nephtbali.

2353 581 2441 636 65.
2483 582 2774 652 ’Ἄρχοντες
2804 575 3144 646 Νεφθαλείμ.

671 662 758 716 64.
796 662 1012 731 Manda,
1043 665 1206 728 Deus,
1232 668 1417 721 virtuti
1452 678 1558 723 tua!
1585 687 1596 722 :

2350 671 2439 724 64.
2475 669 2770 730 Ἕντειλαε,
2799 669 2826 720 ό
2855 667 3007 730 Θεὸς,
3039 667 3106 736 τῇ
3134 664 3360 735 δυνάμει
3398 681 3488 716 σου

667 754 755 808 65.
789 755 1065 812 Contirma
1118 759 1220 812 hoc
1241 799 1255 822 ,
1310 758 1488 826 Deus,
1540 763 1687 831 quod
1739 773 1997 833 operatus
2027 779 2088 820 es
2121 765 2175 820 in

2351 762 2440 819 65.
2474 761 2822 830 Δυνάμωσον,
2857 760 2884 810 ό
2911 759 3063 822 Θεὸς,
3096 755 3288 820 τοῦτο,
3337 757 3365 809 ὃ
3422 758 3757 828 κατηργάσω
3802 757 3862 812 ἐν

601 847 780 901 nobis.

2280 858 2428 928 ἡμῖν.

668 937 755 994 66.
783 940 826 991 Α
857 942 1056 1010 templo
1080 951 1174 997 tuo
1205 944 1259 997 in
1297 943 1634 1000 Hierusalem
1657 985 1672 1009 ,

2349 948 2439 1002 66.
2490 947 2622 1000 Ἀπὸ
2653 947 2746 1000 τοῦ
2773 946 2902 998 ναοῦ
2934 959 3028 995 σου
3055 942 3148 994 ἐπὶ
3187 939 3559 1010 Ἰερουσαλὴμ,

669 1031 754 1086 67.
793 1034 913 1087 Tibi
947 1034 1176 1090 otIerent
1201 1051 1358 1106 reges
1389 1053 1639 1092 munera.

2355 1038 2445 1092 67.
2472 1040 2562 1091 Σοὶ
2591 1038 2798 1092 οἴσουσι
2830 1035 3065 1106 βασιλεῖς
3090 1032 3257 1104 δῶρα.

671 1127 758 1182 68.
796 1129 1016 1199 lncrepa
1052 1129 1198 1186 feras
1233 1131 1564 1187 arundinis:

2349 1134 2437 1189 68.
2474 1135 2825 1205 Ἐπιτίμησον
2850 1134 2958 1194 τοῖς
2999 1129 3206 1201 Θηρίοις
3235 1127 3330 1181 τοῦ
3361 1127 3608 1199 καλάμου
3627 1146 3644 1162 -

672 1221 760 1276 69.
792 1222 1158 1294 Congregatio
1187 1233 1473 1281 taurorum
1505 1229 1558 1280 in
1591 1226 1773 1284 vaccis
1803 1228 2131 1298 populorum
2161 1251 2171 1284 :

2355 1228 2447 1282 69.
2487 1226 2551 1278 Ἦ
2585 1223 2878 1296 συναγωγὴ
2917 1221 3028 1276 τῶν
3068 1219 3284 1291 ταύρων
3330 1222 3389 1273 ἐν
3434 1223 3551 1285 ταῖς
3591 1221 3859 1293 δαμαλισι

2281 1337 2390 1372 των
2417 1335 2560 1372 Ααων
2589 1335 2603 1348 ⁸

676 1404 763 1460 70.
801 1403 869 1460 Ut
895 1408 1254 1463 excludantur
1281 1409 1355 1474 ii,
1389 1410 1481 1480 qui
1515 1411 1727 1481 probati
1772 1421 1902 1468 sunt
1927 1423 2172 1483 argento.

2354 1410 2443 1464 70.
2481 1407 2588 1462 Τοῦ
2638 1407 3018 1479 ἐγκλεισθῆναι
3059 1405 3185 1469 τοὺς
3238 1404 3730 1476 δεδοκιμασμένους
3783 1406 3861 1476 τῷ

2279 1502 2547 1574 ἀργυρίῳ.

678 1589 762 1645 71.
797 1590 1008 1661 Dissipa
1039 1603 1226 1662 gentes
1255 1609 1377 1663 qua:
1408 1593 1547 1648 bella
1589 1596 1778 1650 volunt
1807 1615 1818 1649 :

2355 1595 2441 1648 7i.
2476 1593 2874 1665 Διασκὸρπισον
2908 1591 3035 1663 ἔθνη
3061 1591 3130 1644 τά
3157 1595 3282 1652 τοὺς
3311 1591 3580 1662 πολέμους
3612 1591 3854 1646 θέλοντα.

672 1682 760 1736 72.
800 1683 1029 1738 Venient
1058 1686 1219 1754 legati
1243 1702 1308 1740 ex
1337 1685 1575 1756 Egypto
1601 1705 1613 1741 :

2349 1687 2438 1742 7‘2.
2470 1685 2698 1752 ’Ήξουσι
2725 1684 2982 1756 πρέσϐεις
3012 1681 3071 1749 ἐξ
3099 1683 3376 1752 Αἰγύπτου
3398 1701 3410 1713 ·

673 1775 758 1827 ’5.
795 1775 1074 1846 Ᾱίιιιίορὶει
1109 1778 1403 1846 praeveniet
1424 1795 1621 1834 manus
1653 1780 1775 1848 ejus
1804 1778 1938 1834 Deo.
2212 1837 2250 1849 _

2212 1837 2250 1849 _
2354 1779 2444 1833 75.
2483 1778 2737 1832 Αἰθιοπία
2769 1777 3072 1849 προφθάσει
3104 1779 3264 1848 χεῖρα
3290 1776 3461 1845 αὐτῆς
3494 1775 3572 1846 τῷ
3597 1775 3737 1846 Θεῷ.

677 1865 760 1918 74.
797 1837 1167 1935 Regna-terrae
1193 1877 1407 1923 cantate
1441 1866 1570 1933 Deo,
1606 1837 1822 1939 psallite
1855 1867 2104 1924 Domino.
2212 1837 2253 1896 Β

2351 1872 2439 1926 τι.
2476 1872 2541 1924 At
2568 1837 2836 1940 βασιλεταὶ
2861 1837 2959 1939 τίὴς
2995 1837 3138 1939 γῆςῖ
3157 1837 3324 1940 ᾅσατε
3355 1837 3434 1939 τῷ
3472 1837 3614 1937 θεῷ,
3647 1837 3858 1936 plum

2279 1962 2358 2034 τῷ
2385 1960 2596 2032 Κυρίῳ,

676 2050 762 2102 75.
792 2048 896 2115 Qui
925 2051 1172 2106 ascendit
1196 2066 1361 2121 super
1391 2052 1592 2106 coitum
1629 2053 1752 2107 caeli
1790 2053 1858 2106 ad
1889 2053 2174 2109 orientem.

2350 2053 2440 2106 75.
2466 2051 2556 2123 Τῷ
2586 2051 2940 2123 ἐπισεὸηκότι
2980 2052 3075 2105 ἐπὶ
3106 2052 3197 2106 τὸν
3230 2053 3457 2122 οὐρανὸν
3489 2053 3583 2105 τοῦ
3627 2053 3860 2124 ούρανοῦ

2281 2145 2421 2199 κατά
2447 2147 2728 2209 ἀνατολάς.

675 2232 761 2286 76.
794 2231 931 2288 Ecce
963 2234 1115 2288 dabit
1145 2235 1262 2291 voci
1297 2251 1410 2291 suae
1445 2251 1629 2292 vocem
1657 2237 1894 2292 virtutis.

2352 2239 2438 2290 76.
2488 2238 2620 2290 Ἰδοὺ
2647 2236 2804 2290 δώσει
2832 2241 2897 2309 τῇ
2927 2241 3079 2310 φωνῇ
3108 2238 3274 2293 αὑτοῦ
3301 2239 3483 2310 φωνὴν
3509 2238 3811 2308 δυνάμεως.

671 2325 759 2378 77.
789 2326 921 2382 Date
949 2329 1174 2397 gloriam
1208 2328 1318 2384 Deo
1351 2346 1366 2384 :

2354 2327 2442 2381 77.
2461 2328 2602 2380 ’Δότε
2631 2327 2785 2392 δόξαν
2813 2327 2891 2396 τῷ
2912 2327 3048 2398 Θεῷ·

675 2418 759 2471 78.
801 2418 973 2488 Super
998 2419 1164 2475 Israel
1191 2423 1593 2492 magniﬁcentia
1624 2423 1742 2491 ejus
1775 2442 1786 2475 :

2358 2419 2442 2473 78.
2489 2421 2610 2473 Ἐπὶ
2637 2419 2730 2472 τὸν
2770 2418 2986 2490 Ἰσραὴλ
3006 2420 3039 2487 ἡ
3073 2420 3516 2492 μεγαλοπρέπεια
3549 2418 3714 2473 αὑτοῦ
3734 2435 3749 2450 ⁸

671 2509 756 2563 79.
791 2507 854 2562 Ει
881 2509 1051 2565 virtus
1071 2509 1196 2580 ejus
1223 2511 1275 2564 in
1309 2512 1568 2565 nubibus.

2357 2512 2441 2566 79.
2477 2513 2584 2564 Καὶ
2612 2516 2644 2583 ἡ
2670 2512 2896 2582 δύναμις
2929 2511 3094 2563 αὑτοῦ
3121 2512 3178 2562 ἐν
3203 2516 3322 2575 ταῖς
3352 2513 3622 2582 νεφέλαις.

673 2602 760 2655 80.
796 2601 1062 2659 Mirabilis
1098 2603 1240 2660 Deus
1274 2604 1329 2657 in
1359 2606 1563 2660 sanctis
1589 2605 1706 2660 suis
1736 2624 1748 2657 :

2354 2603 2440 2658 80.
2463 2602 2785 2673 Θαυμαστὸς
2811 2605 2839 2655 ὁ
2864 2601 2996 2666 Θεὸς
3029 2604 3086 2654 ἐν
3118 2604 3230 2665 τοῖς
3256 2604 3431 2671 ἁγίοις
3463 2602 3647 2657 αὑτοῦ.

1733 2717 2107 2774 ATHANASII
2146 2713 2726 2772 INTERPHETATIO.

672 2811 761 2879 62,
795 2814 883 2868 65.
907 2811 1011 2882 1ρεί
1035 2815 1290 2884 apostoli,
1317 2815 1578 2885 quoniam
1607 2826 1764 2872 erant
1792 2831 1861 2873 ex
1898 2818 2042 2873 tribu
2077 2819 2178 2871 Za-

2353 2811 2443 2874 62,
2479 2810 2566 2865 65.
2594 2812 2656 2864 Οἱ
2690 2811 2842 2862 αὐτοὶ
2868 2809 3174 2872 ἀπόστολοι,
3211 2807 3396 2879 ἐπειδὴ
3443 2809 3506 2860 ἐκ
3540 2807 3638 2876 τῆς
3686 2806 3861 2876 φυλῆς

604 2899 788 2964 bulen,
821 2911 872 2953 et
904 2896 1273 2968 Nepltthalim.

2284 2901 2570 2957 Ζαϐουλὼν
2598 2903 2691 2955 καὶ
2711 2900 3027 2971 Νεφθαλείμ
3059 2895 3216 2970 ἦσαν.

797 2991 996 3088 gratiae
1023 3001 1150 3048 tute.
2203 3031 2244 3088 ε

2203 3031 2244 3088 C
2351 2996 2438 3050 64.
2468 2995 2547 3066 Τῇ
2578 2995 2758 3065 χάριτί
2787 3012 2899 3047 σου.

675 3084 762 3138 65.
801 3083 986 3138 Fidem
1017 3095 1187 3140 tuam.
2212 3083 2240 3088 ⁷

2212 3083 2240 3088 ⁷
2348 3087 2437 3140 65.
2479 3085 2590 3157 Τὴν
2616 3086 2796 3160 πίστιν
2822 3103 2933 3138 σου.

676 3178 774 3240 66,
807 3177 894 3231 67.
924 3177 998 3232 Ex
1033 3180 1214 3234 anima
1244 3187 1299 3234 et
1331 3195 1560 3250 corpore
1610 3180 1836 3234 afferent
1873 3181 1967 3234 tibi
2009 3195 2174 3249 opera

2349 3182 2436 3247 66,
2475 3183 2561 3238 67.
2581 3184 2675 3236 Ἐκ
2701 3183 2802 3252 τῆς
2832 3183 3008 3254 ψυχῆς
3037 3183 3131 3236 καὶ
3156 3183 3248 3237 τοῦ
3289 3181 3539 3254 σώματος
3568 3182 3650 3234 σοὶ
3693 3197 3864 3251 προσ-

605 3271 787 3326 ﬁdeles
811 3273 944 3342 justi
978 3273 1032 3326 in
1065 3289 1304 3344 superna
1333 3273 1695 3328 Hierusalem.

2279 3276 2564 3343 αγάγωσιν
2598 3275 2734 3346 ἔργα
2768 3275 2966 3328 δίκαιοι
3026 3275 3206 3328 πιστοὶ
3239 3277 3296 3327 ἐν
3318 3277 3385 3345 τῇ
3424 3275 3537 3328 ἀνω
3584 3275 3860 3346 Ἰερουσα-

2280 3367 2412 3440 λήμ.

667 3459 756 3512 68.
787 3459 1090 3526 Daemones,
1115 3469 1169 3516 et
1201 3459 1437 3515 Judazos.

2350 3460 2439 3518 68.
2470 3462 2596 3525 Τοῖς
2622 3460 2838 3532 δαίμοσι
2867 3461 2961 3515 καὶ
2985 3463 3096 3525 τοῖς
3132 3461 3423 3525 Ἰουδαίοις.

678 3551 768 3605 69.
803 3549 1118 3621 Principes,
1158 3562 1212 3606 et
1239 3551 1432 3606 scriba:
1465 3549 1795 3604 Judaaorum.

2351 3553 2439 3605 69.
2468 3554 2531 3604 Οί
2559 3551 2819 3623 ἄρχοντες
2849 3552 2941 3605 καὶ
2963 3555 3011 3605 οἱ
3033 3555 3380 3624 γραμματεῖς
3410 3551 3518 3605 τῷν
3567 3551 3858 3606 Ἰουδαίων.

682 3642 764 3693 70.
798 3641 1031 3708 Quando
1061 3643 1415 3712 conjecerunt
1443 3643 1496 3696 in
1531 3657 1804 3696 carcerem
1843 3642 1944 3712 ipsi
1981 3641 2176 3708 Judaei,

2346 3646 2434 3701 70.
2474 3647 2601 3698 Ὅτε
2659 3647 2969 3700 ἐνέκλεισαν
3019 3649 3097 3710 είς
3154 3645 3400 3717 φυλακὴν
3456 3646 3505 3698 οἱ
3543 3638 3697 3698 αὐτοὶ
3728 3647 3861 3698 Ἰου-

606 3747 655 3787 et
716 3735 974 3790 Pharisaei
1030 3737 1353 3813 apostolos,
1411 3733 1873 3806 quemadmodum
1922 3733 1976 3786 in
2031 3733 2180 3787 Actis

2280 3739 2418 3790 δαῖοι
2453 3739 2546 3792 καὶ
2595 3741 2884 3810 Φαρισαῖοι
2930 3741 3056 3802 τοὺς
3100 3739 3430 3800 ἀποστόλους
3475 3737 3614 3808 [ὡς]
3653 3741 3712 3791 ἐν
3739 3741 3862 3801 ταῖς

608 3839 863 3904 narratur
891 3829 936 3861 "
964 3849 975 3882 :
1002 3831 1128 3899 quia
1159 3829 1524 3899 loquebantur
1553 3829 1780 3883 verbum
1818 3825 1934 3880 Dei.

2283 3829 2524 3900 Πρὰξεσι
2546 3847 2560 3861 ·
2591 3829 2680 3884 διὰ
2707 3831 2758 3882 τί
2796 3828 3008 3902 [διότι]
3042 3829 3265 3884 ἐλάλουν
3296 3829 3387 3882 τόν
3417 3830 3572 3898 λόγον
3621 3829 3701 3901 τῷ
3742 3831 3864 3900 Θεῷ

2285 3919 2416 3992 [τοῦ
2437 3920 2608 3994 Θεοῦ]
2649 3921 2748 3992 (ι).

686 4008 1032 4078 7l.Populos
1089 4007 1402 4062 Iudaeorum
1456 4007 1700 4062 volentes
1742 4004 2068 4073 voluptates,
2127 4012 2183 4059 et

2353 4011 2441 4064 7|.
2476 4012 2614 4074 Τοὺς
2658 4011 2862 4083 δήμους
2889 4029 2998 4065 των
3043 4013 3313 4066 Ἰουδαίων
3347 4015 3473 4076 τοὺς
3521 4014 3620 4076 τὰς
3668 4015 3861 4085 ἡδονὰς

609 4101 1077 4172 concupiscentias
1109 4102 1251 4156 vitae.

2285 4102 2494 4164 καὶτὰς
2524 4103 2820 4175 ἐπιθυμίας
2845 4105 2939 4157 τοῦ
2966 4105 3081 4175 βίου
3110 4104 3380 4168 θέλοντας.

687 4195 772 4248 72.
806 4193 1038 4249 Venicnt
1068 4196 1296 4250 aoostoli
1333 4211 1362 4249 e
1403 4209 1622 4248 carcere
1649 4194 1932 4262 loquentes
1957 4192 2183 4243 verbum

2355 4196 2445 4249 72.
2482 4197 2543 4250 Οί
2582 4197 2869 4250 ἀπόστολοι
2908 4198 3220 4251 ἐλεύσονται
3247 4201 3310 4251 ἐκ
3331 4199 3432 4268 τῆς
3464 4199 3734 4271 φυλακῆς,
3761 4200 3856 4253 λα-

610 4291 666 4344 in
700 4289 919 4358 templo.

2284 4288 2504 4352 λοῦντες
2538 4289 2628 4341 τὸν
2653 4288 2808 4356 λόγον
2835 4292 2892 4342 ἐν
2918 4289 2994 4359 τῷ
3017 4289 3165 4360 ἱερῷ.

713 4380 766 4434 3.
799 4377 968 4432 Judazi
993 4416 1008 4442 ,
1048 4378 1140 4447 qui
1174 4376 1520 4432 crediderunt
1552 4375 1606 4429 in
1646 4374 1737 4428 illa
1763 4373 1848 4428 die
1872 4374 2179 4428 animarum
2213 4370 2256 4425 D

2353 4381 2445 4435 75.
2472 4382 2534 4433 Οί
2570 4382 2992 4445 πεπιστευκότες
3029 4383 3266 4436 Ἰουδαῖοι
3293 4385 3350 4436 ἐν
3367 4387 3431 4454 τῇ
3467 4384 3650 4454 ἡμέρα
3675 4385 3862 4456 ἐκείνῃ

610 4474 764 4540 quasi
793 4473 1030 4541 quinque
1063 4470 1230 4523 millia
1266 4467 1332 4524 ⁸³.

2285 4472 2455 4543 ψυχαὶ
2483 4474 2614 4526 ὡσεὶ
2649 4475 3097 4544 πεντακισχίλιαι.

684 4566 770 4618 74.
803 4564 1047 4633 Apostoli
1080 4571 1286 4618 stantes
1316 4562 1373 4616 in
1415 4563 1619 4634 templo
1652 4560 1940 4632 loquimini
1980 4559 2185 4631 populo

2356 4564 2441 4619 74.
2469 4565 2533 4616 Οί
2557 4565 2844 4618 ἀπόστολοι
2882 4565 3168 4630 σταθέντες
3191 4567 3248 4621 ἐν
3275 4567 3352 4638 τῷ
3371 4566 3520 4638 ἱερῷ,
3548 4567 3757 4622 λαλεῖτε
3782 4569 3859 4639 τῷ

610 4659 771 4714 verba
800 4657 920 4712 vita:
948 4655 1132 4725 hujus.

2284 4657 2396 4728 λαῷ
2425 4658 2492 4711 τά
2517 4659 2739 4728 ῥήματα
2763 4659 2863 4728 τῆς
2897 4659 3043 4729 ζωῆς
3075 4659 3300 4730 ταύτης.

679 4753 762 4804 73.
801 4750 904 4816 Qui
933 4759 1250 4819 assumptus
1271 4759 1354 4804 est
1383 4763 1548 4819 super
1581 4747 1768 4802 caelos.

2356 4749 2444 4804 75.
2477 4750 2568 4820 Τῷ
2601 4751 2959 4823 ἀναληφθέντι
2994 4752 3246 4824 ὑπεράνω
3268 4752 3376 4806 τῶν
3395 4753 3657 4825 ούρανῶν.

684 4843 770 4896 76.
807 4843 1080 4910 Apostolis
1110 4842 1552 4910 praedicationem
1583 4841 1722 4898 eius.

2348 4841 2438 4895 76.
2476 4843 2601 4906 Τοῖς
2627 4845 2945 4907 ἀποστόλοις
2967 4843 3027 4898 τδ
3061 4843 3319 4917 κήρυγμα
3350 4847 3533 4901 αὐτοῦ.

681 4936 765 4988 77.
803 4933 1098 5004 Unigenito
1123 4935 1214 4989 Dei
1241 4933 1398 4988 Filio.

2360 4937 2442 4989 77.
2478 4937 2568 5007 Τῷ
2603 4941 2883 5007 μονογενεῖ
2912 4937 3024 5007 Υίῷ
3052 4938 3146 4992 τοῦ
3173 4938 3328 4994 Θεοῦ.

677 5024 769 5083 78.
801 5026 990 5082 Gratia
1022 5041 1120 5083 sua
1149 5041 1311 5096 super
1336 5040 1464 5088 eos,
1495 5026 1586 5094 qui
1623 5033 1802 5079 mente
1826 5040 1953 5078 eum
1979 5023 2184 5078 vident.

2354 5030 2443 5084 78.
2493 5031 2557 5082 Ἠ
2589 5030 2746 5101 χάρις
2793 5030 2956 5086 αὑτοῦ
3007 5033 3100 5085 ἐπὶ
3145 5033 3272 5094 τοὺς
3315 5032 3556 5101 ὁρῶντας
3601 5033 3766 5088 αὐτὸν
3795 5037 3856 5108 τῇ

2287 5119 2512 5175 διανοία.

679 5206 769 5262 79.
806 5206 873 5261 Et
898 5215 1119 5261 sanctus
1145 5206 1266 5275 ejus
1295 5204 1535 5276 Spiritus
1570 5207 1626 5260 in
1658 5205 1943 5276 apostolis.

2363 5211 2446 5264 79.
2479 5213 2587 5265 Καὶ
2633 5211 2694 5266 τὸ
2732 5212 2953 5281 Πνεῦμα
2998 5213 3060 5268 τὸ
3102 5213 3254 5281 ἆγιον
3286 5213 3450 5267 αὑτοῦ
3486 5217 3543 5267 ἐν
3575 5217 3681 5280 tot,
3729 5217 3853 5270 dm-

2291 5302 2515 5365 στόλοις.

681 5386 770 5442 80.
800 5386 1148 5441 Gloriticatur
1179 5386 1325 5440 Deus
1366 5389 1423 5437 in
1457 5386 1661 5439 sanctis
1692 5402 1826 5441 suis.

2368 5394 2456 5447 80.
2497 5394 2787 5457 Δοξάξεται
2809 5399 2836 5449 ό
2862 5395 3086 5468 Θεδςξέν
3113 5398 3227 5462 τοῖς
3249 5397 3426 5467 ἁγίοις
3447 5397 3631 5452 αὐτοῦ.

682 5505 722 5540 υ
749 5504 866 5557 Act.
903 5516 975 5566 iv,
1007 5501 1060 5556 5.
1137 5500 1182 5532 ⁸³
1211 5500 1332 5554 Act.
1370 5514 1428 5564 ιι,
1457 5499 1519 5553 41
1551 5518 1564 5562 ;
1596 5516 1666 5564 Iv,
1696 5501 1748 5553 4.

1561 5616 1867 5677 Addenda
1906 5623 1966 5677 et
1994 5617 2373 5696 corrigenda
2404 5639 2480 5682 ex
2526 5624 2667 5685 cod.
2705 5624 2906 5685 Vatic.

643 5739 855 5881 (31);?!
906 5743 1058 5796 αὐτοὶ
1105 5741 1386 5814 Φαρισαῖοι
1435 5743 1557 5804 τοὺς
1592 5741 1922 5804 ἀποστόλους
1965 5744 2019 5795 ἐν
2067 5745 2184 5804 ταῖς
2226 5744 2498 5815 Πράξεσιν
2530 5750 2614 5804 διὰ
2650 5750 2702 5803 τε
2749 5749 2971 5804 ἐλάλουν
3010 5749 3087 5825 τῷ
3128 5749 3268 5820 λόγῳ
3306 5751 3436 5823 (leg.
3474 5750 3564 5805 τὸν
3599 5750 3789 5824 λόγον)

678 5837 685 5854 ”
739 5852 745 5861 -
804 5834 848 5870 ’³ο

609 5828 685 5870 τῳ
721 5829 848 5870 λειω.
