4036 6488
243 441 343 495 921

1125 441 1214 494 DE
1252 440 1527 497 TITULIS
1566 444 2015 506 PSALMORUM.
2057 485 2124 496 --
2157 453 2354 509 PSAL.
2405 455 2636 512 LXVIII.

3398 463 3501 517 922

321 560 408 614 81.
445 561 504 611 'U
522 559 654 622 Θεὸς
689 558 902 632 Ἰσραήλ
923 573 936 587 '
954 557 1115 620 αὐτὸς
1139 555 1296 609 δώσει
1327 553 1554 628 δύναμιν
1582 563 1674 615 καὶ
1697 580 1824 636 κρα-
1855 576 1900 627 Α

1880 578 1900 626 t
1999 567 2087 622 81.
2126 567 2271 623 Deus
2305 569 2505 636 Israel;
2541 572 2658 641 ipse
2685 571 2836 627 dabit
2866 572 3143 643 virtutem,
3191 587 3244 631 et
3288 577 3474 636 fortitu

157 716 164 720 ,
246 651 474 704 ταίωσιν
499 650 578 720 τῷ
607 648 720 719 λαῷ
751 649 936 703 αὑτοῦ.

321 742 412 795 82.
451 739 757 810 Εὐλογητὸς
783 741 810 791 ὁ
841 739 992 802 Θεός.

249 838 357 903 Εἰς
388 838 451 890 τὸ
486 836 680 902 τέλος,
704 836 857 903 ὑπὲρ
887 834 1004 888 τῶν
1038 835 1639 904 ἀλλοιωθησομένων,
1675 838 1832 905 ψαλ-

622 929 738 998 μὸς
774 927 854 993 τῷ
893 928 1089 983 Δαόίό.
1130 931 1302 982 ΨΑΛ.
1339 928 1462 982 EH‘.

327 1021 380 1076 1.
411 1019 594 1075 Σῶσόν
625 1036 714 1090 με,
742 1020 770 1072 ὁ
790 1019 942 1085 Θεὸς,
965 1020 1046 1073 ὅτι
1075 1019 1391 1090 είσήλθοσαν
1418 1020 1583 1074 ὕδατα
1604 1018 1708 1082 τέως
1729 1020 1828 1088 ψυ-

247 1111 355 1183 χῆς
394 1128 515 1182 μου.

323 1204 380 1257 2.
429 1202 732 1274 Ἐνεπάγην
765 1203 846 1267 είς
878 1203 992 1256 ἰλὺν
1031 1201 1216 1272 βυθοῦ,
1249 1203 1346 1255 καὶ
1372 1203 1472 1254 οὐκ
1511 1201 1659 1254 ἔστιν
1705 1201 1834 1254 ὑπό-

254 1311 467 1358 στασις.

329 1390 382 1444 5.
420 1386 624 1443 τΗλθον
647 1391 727 1451 είς
758 1388 829 1443 τὰ
868 1389 1008 1461 βάθη
1036 1389 1136 1459 τῆς
1171 1388 1470 1460 θαλάσσης,
1508 1390 1601 1443 καὶ
1647 1405 1834 1442 καται-

251 1483 343 1551 γὶς
373 1481 728 1535 κατεπόντισέ
762 1500 850 1552 με.

323 1572 377 1626 4.
419 1574 715 1627 Ἐκοπίασα
748 1573 987 1644 κράζων,
1019 1572 1383 1645 ἐσραγχίασεν
1414 1577 1443 1628 ό
1472 1574 1678 1644 λαρυγξ
1707 1590 1832 1644 μου.

326 1753 380 1808 5.
425 1754 707 1820 Ἐξὲλιπον
734 1756 783 1806 οἱ
810 1752 1075 1824 ὀφθαλμοί
1114 1769 1216 1824 μου
1242 1753 1349 1806 ἀπὸ
1372 1751 1466 1805 τοῦ
1493 1752 1730 1817 ἐλπίζειν
1766 1770 1831 1823 με

253 1847 347 1899 ἰπὶ
367 1847 459 1898 τὸν
481 1846 614 1899 Θεόν
640 1865 761 1918 μου.

1930 657 2108 711 dinem
2139 659 2280 727 plebi
2309 675 2420 714 sua:
2443 679 2454 713 :

2003 749 2092 804 82.
2124 748 2452 806 Benedictus
2485 751 2644 809 Deus.

1985 837 2051 892 In
2084 841 2242 910 ﬁnem
2269 883 2284 907 ,
2325 860 2422 912 pro
2462 845 2529 897 iis
2564 845 2653 906 qui
2697 846 3183 914 commutabttntur,
3226 853 3458 920 psalmus

2350 933 2549 991 David.
2583 933 2784 993 PSAL.
2825 935 2923 991 LX
2940 935 3103 993 VU].

2007 1023 2059 1078 1.
2102 1021 2322 1078 Salvum
2361 1042 2446 1081 me
2495 1027 2614 1091 fac,
2662 1028 2834 1096 Deus,
2885 1034 3140 1101 quoniam
3174 1036 3505 1092 intraverunt

1933 1128 2088 1181 aqua:
2116 1131 2291 1186 usque
2321 1119 2388 1172 ad
2418 1119 2654 1174 animam
2691 1137 2888 1176 meam.

2001 1206 2055 1260 2.
2093 1207 2301 1264 Inlixus
2340 1226 2460 1264 sum
2493 1212 2546 1265 in
2589 1212 2721 1266 limo
2745 1214 3024 1284 profundi,
3053 1225 3104 1270 et
3128 1232 3236 1270 non
3266 1228 3348 1272 est
3380 1220 3507 1274 sub-

1933 1299 2154 1351 stantia.

2007 1391 2060 1444 5.
2101 1389 2235 1445 Veni
2271 1392 2325 1446 in
2364 1394 2707 1449 altitudinem
2765 1399 2954 1462 maris,
2994 1411 3045 1453 et
3094 1411 3387 1473 tempestas
3415 1403 3509 1458 de-

1937 1495 2125 1537 mersrt
2157 1500 2261 1539 me.

2007 1577 2061 1629 4.
2105 1575 2372 1632 Laboravi
2410 1580 2674 1648 clamans,
2731 1597 2910 1637 rauca:
2958 1583 3112 1639 facta
3155 1594 3283 1640 sunt
3326 1585 3510 1643 fauces

1935 1681 2086 1720 “16$.

2012 1759 2066 1812 5.
2100 1751 2425 1812 Defeccrunt
2479 1759 2621 1814 oculi
2681 1760 2809 1825 mei,
2863 1761 2991 1816 dum
3035 1779 3192 1831 spero
3238 1765 3292 1818 in
3338 1765 3508 1822 Deum

1935 1857 2141 1897 meum.

328 1940 381 1993 ti.
423 1911 868 2011 Ἐπληθύνθησαν
901 1939 1045 2010 ὑπὲρ
1076 1938 1174 2004 τὰς
1213 1939 1408 2010 τρίχας
1454 1939 1553 2010 τῆς
1593 1937 1833 2008 κεφαλῆς
1866 1911 1905 1966 Β

2013 1937 2069 1988 6.
2101 1934 2469 2004 Multiplieata:
2505 1946 2632 1991 sunt
2662 1951 2830 2007 super
2859 1941 3081 2008 capillos
3129 1942 3320 2011 capitis
3375 1957 3503 2007 met,

258 2046 364 2099 μου
395 2032 442 2083 οἱ
479 2031 763 2102 μισοῦντές
799 2048 865 2101 με
897 2031 1126 2102 δωρεάν.

330 2122 382 2176 7.
429 2121 906 2194 Ἐκραταιὼθησαν
941 2123 990 2175 οἱ
1033 2121 1217 2192 ἐχθροί
1243 2139 1368 2192 μου,
1400 2123 1449 2173 οἱ
1483 2118 1834 2184 ὲκδιώκοντές

259 2230 329 2284 με
351 2214 551 2277 ἀδίκως
575 2253 588 2268 .

328 2307 383 2362 8.
415 2308 481 2359 ’Δ
503 2308 600 2376 οὐχ
629 2308 893 2378 ἥρπαζον,
922 2304 1043 2357 τότε
1070 2304 1410 2358 ἀπετίννυον.

328 2398 382 2452 9.
420 2400 479 2451 Ὀ
504 2399 655 2461 Θεὸς,
682 2399 745 2450 σὺ
779 2397 950 2465 ἔγνως
978 2396 1074 2467 τὴν
1096 2396 1408 2467 ἀφροσύνην
1445 2411 1567 2466 μου,

331 2491 418 2544 10.
451 2491 562 2542 Καὶ
582 2492 635 2544 αἱ
669 2489 1040 2560 πλημμέλειαι
1073 2506 1173 2560 μου
1204 2489 1311 2541 ἀπὸ
1336 2487 1429 2540 σοῦ
1461 2489 1560 2540 οὐκ
1591 2487 1833 2558 ἀπεκρύ-

257 2581 455 2654 εησαν.

331 2677 418 2729 11.
451 2676 540 2745 Μὴ
572 2673 988 2744 αἰσχυνθείησαν
1014 2673 1102 2724 ἐπ’
1129 2670 1226 2741 ἐμὲ
1270 2673 1316 2722 οἱ
1347 2671 1709 2740 ὑπομένοντες
1749 2686 1829 2734 σε,

255 2767 450 2838 Κύριε,
487 2767 657 2838 Κύριε
678 2765 785 2818 τῶν
814 2765 1093 2834 δυνάμεων
1112 2781 1124 2792 ·

1940 2027 2032 2094 qui
2068 2027 2299 2080 oderunt
2334 2044 2419 2081 me
2451 2027 2636 2096 gratis.

2013 2117 2064 2171 7.
2103 2117 2407 2172 Confortati
2458 2129 2607 2185 sunt,
2666 2121 2759 2190 qui
2811 2123 3080 2191 persecuti
3109 2131 3236 2177 sunt
3267 2139 3374 2189 me,
3408 2123 3510 2177 ini-

1939 2209 2066 2262 mici
2099 2209 2205 2262 mei
2236 2210 2435 2278 injuste
2465 2228 2481 2266 :

2010 2302 2063 2354 8.
2099 2299 2228 2366 Qua:
2251 2317 2356 2354 non
2386 2304 2563 2371 rapui,
2600 2315 2731 2357 tunc
2758 2304 3109 2358 exsolvebam

2011 2394 2066 2446 9.
2108 2393 2266 2459 Deus,
2301 2405 2354 2448 tu
2385 2396 2492 2450 scis
2525 2397 2889 2465 insipientiam
2921 2413 3121 2462 meam,

2011 2485 2096 2538 10.
2132 2484 2194 2539 Et
2217 2487 2414 2541 delicta
2443 2504 2559 2542 mea
2587 2505 2616 2542 a
2645 2499 2695 2543 te
2728 2505 2836 2543 non
2868 2499 2995 2544 sunt
3027 2489 3366 2544 abscondita.

2013 2673 2097 2724 ll.
2132 2669 2249 2722 Non
2283 2668 2606 2722 erubescant
2636 2670 2688 2722 in
2721 2686 2806 2723 me
2844 2686 2936 2739 qui
2962 2678 3278 2739 exspectant
3305 2678 3378 2728 te.
3404 2667 3511 2724 Do-

1938 2759 2102 2818 mine.
2142 2758 2367 2813 Domine
2400 2759 2658 2814 virtutum
2690 2781 2700 2815 :

1377 2855 1749 2913 ATHANASII
1793 2851 2361 2908 INTERPRETATIO

327 2952 416 3014 81,
449 2950 537 3004 82.
582 2951 638 3004 '0
665 2950 796 3014 Θεὸς
834 2950 941 3003 τῶν
1012 2951 1266 3023 καθαρῶν
1299 2954 1362 3021 τῇ
1407 2951 1620 3022 καρδίᾳ,
1660 2950 1819 3011 αὐτὸς

2016 2946 2104 3011 81,
2141 2944 2229 3001 εν.
2268 2945 2410 2999 Deus
2447 2961 2634 3001 eorum
2665 2948 2756 3016 qui
2794 2949 2958 3002 corde
2990 2947 3175 3002 mundi
3209 2954 3357 3007 sunt,
3398 2943 3511 3013 ipse

253 3041 414 3096 δώσει
441 3045 502 3096 τὸ
537 3043 760 3114 Πνεῦμα
790 3045 850 3096 τὸ
884 3045 1037 3111 ἅγιον
1082 3047 1192 3106 τοῖς
1237 3043 1626 3114 πειθαρχοῦσιν
1660 3041 1828 3111 αύτῷ·

1939 3039 2089 3091 dabit
2125 3037 2388 3107 Spiritum
2415 3048 2666 3092 sanctum
2700 3040 2801 3102 eis,
2833 3039 2923 3108 qui
2951 3039 3050 3108 ipsi
3078 3039 3356 3100 obedinnt,
3380 3051 3501 3104 nam

252 3131 639 3205 δεδοξασμένος
665 3136 773 3203 γάρ
801 3135 947 3185 ἐστιν
980 3135 1036 3184 ἐν
1068 3133 1266 3194 αὐτοῖς.

1072 3133 1266 3194 αὐτοῖς.
1937 3131 2272 3208 gloriﬁcatus
2305 3141 2389 3186 est
2423 3133 2476 3186 in
2514 3134 2666 3202 ipsis.

337 3227 403 3280 'H
430 3227 760 3299 προκειμένη
796 3225 1076 3298 ἐπιγραφὴ
1104 3228 1348 3298 περιέχει
1380 3227 1490 3297 (1)·
1518 3231 1621 3291 Εἰς
1653 3226 1718 3279 τὸ
1745 3224 1941 3290 τέλος,
1960 3225 2114 3292 ὑπὲρ
2145 3217 2262 3278 τῶν
2297 3228 2895 3296 ἀλλοιωθησομένων,
2923 3226 3164 3295 ψαλμὸς
3199 3221 3276 3293 τῷ
3309 3223 3509 3278 Δαείδ.

258 3317 432 3372 Τοῦτο
456 3314 549 3372 οὖν
580 3317 751 3386 λέγει,
794 3318 886 3370 ἐπὶ
913 3317 1056 3370 τέλει
1091 3317 1200 3370 τῶν
1226 3316 1435 3369 αἰώνων
1472 3317 1611 3387 ὑπὲρ
1648 3316 1754 3369 τῶν
1785 3315 2232 3386 μεταδληθέντων
2277 3316 2444 3369 ἐθνῶν
2487 3319 2592 3370 ἀπὸ
2625 3318 2724 3387 τῆς
2761 3318 3033 3388 ἁμαρτίας
3059 3319 3136 3378 εἰς
3164 3316 3251 3367 τὸν
3280 3315 3502 3384 Κύριον,

254 3409 348 3460 καὶ
381 3407 489 3459 τῶν
528 3407 798 3460 Ἰουδαίων
820 3405 929 3458 τῶν
961 3405 1405 3476 μεταϐληθέντων
1430 3407 1537 3459 ἀπὸ
1557 3407 1664 3458 τῶν
1698 3404 1927 3458 ἐντολῶν
1959 3405 2050 3457 τοῦ
2075 3405 2209 3458 Θεοῦ
2241 3411 2320 3470 εἰς
2348 3407 2446 3478 τὴν
2480 3409 2782 3480 ἁμαρτίαν.
2818 3408 3062 3477 Ψα.1μὸς
3096 3404 3176 3470 τῷ
3199 3405 3273 3474 (ἓ)
3300 3404 3476 3460 Δαὸίδ
3497 3421 3512 3437 ⁶

251 3499 458 3552 ὡσανεὶ
485 3498 699 3569 ψαλμὸς
721 3497 801 3562 τῷ
832 3496 1018 3561 ἱκανῷ
1052 3495 1126 3564 τῇ
1158 3499 1328 3565 χειρὶ,
1354 3497 1601 3550 τουτέστι
1631 3497 1710 3567 τῷ
1737 3497 1849 3566 Υίῴ
1883 3497 1975 3548 τοῦ
2003 3497 2158 3549 Θεοῦ.

325 3593 543 3648 Titulus
578 3591 906 3660 praepositus
938 3590 1183 3644 continet
1213 3609 1223 3642 :
1262 3587 1327 3641 In
1355 3590 1511 3657 ﬁnem
1532 3630 1546 3654 ,
1575 3605 1670 3656 pro
1697 3591 1786 3650 iis,
1824 3589 1913 3657 qui
1945 3587 2437 3646 commutabunmr,
2480 3588 2715 3655 psalmus
2758 3587 2943 3639 David.
2975 3587 3087 3639 lloc
3113 3589 3275 3657 igitur
3304 3591 3512 3659 signiﬁ-

253 3700 367 3752 cat,
398 3689 451 3741 in
480 3687 587 3740 fine
618 3686 945 3740 saeculorum
981 3699 1080 3755 pro
1109 3685 1361 3755 gentibus
1387 3726 1401 3750 ,
1446 3700 1567 3754 quae
1609 3684 1885 3738 translatae
1918 3692 2044 3736 sunt
2078 3700 2105 3736 a
2141 3694 2360 3752 peccato
2408 3683 2460 3735 in
2503 3683 2829 3744 Dominum,
2859 3692 2911 3734 et
2953 3699 3049 3750 pro
3083 3681 3318 3749 lucta-is,
3355 3688 3447 3754 qui
3480 3703 3511 3743 ο

256 3780 536 3836 mandatis
567 3778 662 3834 Dei
699 3793 758 3834 se
799 3779 1198 3834 transtulerunt
1231 3781 1284 3833 in
1318 3789 1622 3849 peceatum.
1672 3777 1919 3832 Psalmus
1961 3777 2128 3830 David
2154 3793 2172 3829 :
2201 3777 2452 3831 videlicet
2497 3777 2740 3846 psalmus
2790 3794 2945 3828 manu
2977 3777 3103 3846 furti
3127 3820 3139 3842 ,
3178 3781 3277 3833 hoc
3305 3790 3385 3833 est
3418 3779 3511 3836 Dei

252 3872 398 3928 Filio

331 3964 386 4017 ι.
429 3944 599 4024 Ἑλθὲ,
627 3960 827 4026 ὁΘεὸς,
855 3962 934 4024 εις
966 3962 1211 4033 βοήθειαν
1249 3980 1370 4033 μου,
1424 3963 1502 4015 ὅτι
1543 3965 1597 4016 αξ
1640 3965 1824 4018 ἐπιΟυ-
1855 3971 1896 4025 c

2005 3965 2055 4018 1.
2091 3963 2246 4029 Veni,
2282 3964 2441 4027 Deus,
2500 3965 2552 4018 in
2610 3965 2941 4034 adjutoriutn
2993 3983 3196 4028 meum,
3244 3969 3504 4037 quoniam

261 4060 384 4128 μίαι
408 4055 502 4108 τοῦ
537 4055 742 4123 κόσμου
774 4055 1055 4123 κατέχουσί
1085 4073 1170 4124 με.

1934 4057 2262 4124 cupiditates
2294 4058 2479 4109 mundi
2514 4058 2754 4110 detinent
2788 4075 2890 4110 tne.
3321 4123 3323 4126 ρ

328 4152 384 4203 9..
427 4147 769 4218 Δεδούλωμαι
799 4149 863 4218 τῇ
898 4148 1163 4218 ἁμαρτία,
1204 4150 1297 4200 καὶ
1338 4149 1439 4200 οὐκ
1480 4147 1646 4218 ἰσχύω
1693 4149 1828 4202 (17:0-

2002 4151 2055 4201 2.
2093 4148 2148 4200 In
2186 4149 2498 4202 servitutem
2533 4152 2781 4204 redactus
2809 4167 2930 4204 sum
2969 4168 2996 4204 ιι
3040 4164 3260 4222 peccato
3283 4192 3297 4215 ,
3329 4162 3382 4207 et
3408 4170 3507 4208 ne-

259 4257 472 4312 στηναι.

326 4333 382 4385 5.
409 4328 610 4384 Ἦλθον
638 4335 717 4395 είς
747 4330 845 4394 τὰς
894 4330 1088 4403 ἡδονὰς
1138 4331 1231 4383 καὶ
1263 4329 1360 4394 τὰς
1408 4330 1698 4400 ἐπιθυμίας
1735 4330 1828 4384 τοῦ

256 4425 488 4494 κόσμου,
524 4424 617 4475 καὶ
655 4425 688 4492 ἡ
727 4422 968 4492 ἁμαρτία
999 4423 1385 4494 κατεκυρίευσέ
1421 4439 1486 4491 με
1521 4423 1616 4489 (3).

328 4517 382 4570 4.
413 4517 505 4577 Εἰς
537 4515 843 4581 ἀπόγνωσιν
863 4512 1044 4565 λοιπὸν
1082 4514 1158 4584 (AI)
1185 4512 1292 4565 ἀπὸ
1317 4512 1409 4564 τοῦ
1440 4513 1514 4583 μὴ
1547 4510 1826 4565 εἰσακούε-

259 4608 388 4661 σθαι
419 4606 516 4676 τὴν
542 4604 724 4676 δέησίν
762 4623 882 4676 μου.

331 4701 386 4755 5.
428 4699 558 4751 Ἀπὸ
585 4697 680 4750 τοῦ
730 4698 975 4751 δακεύειν
1016 4697 1091 4768 (5)
1127 4715 1214 4769 με,
1263 4698 1356 4752 καὶ
1406 4700 1716 4770 περιμένειν
1771 4696 1830 4750 τὸ

255 4790 405 4853 ἕλεος
433 4789 524 4843 τοῦ
558 4787 694 4841 Θεοῦ
723 4805 842 4858 μου.

328 4883 381 4938 6.
410 4881 600 4936 Πολλοί
627 4885 764 4936 εἰσιν
785 4883 831 4934 oi
863 4880 1116 4952 δαίμονες
1138 4883 1186 4933 οἱ
1217 4882 1577 4953 ἀντικείμενοί
1607 4901 1692 4952 μοι
1729 4886 1823 4955 (6).

330 4975 387 5029 7.
421 4976 555 5046 Περὶ
580 4974 687 5028 τῶν
711 4973 888 5027 αὐτῶν
918 4974 1176 5027 ἐναντίων
1201 4974 1481 5045 δυνάμεων
1517 4977 1682 5044 λέγει.

328 5065 385 5122 8.
425 5069 489 5119 Ἀ
525 5066 767 5137 ἐμίσουν,
796 5065 968 5118 ταῦτα
1008 5065 1295 5136 ἔπραττον.

327 5159 386 5216 9.
427 5160 488 5212 '0
515 5158 668 5221 Θεὸς,
704 5159 768 5211 σὺ
792 5153 939 5221 οἶδας
957 5157 1054 5228 τὴν
1078 5158 1350 5230 ἁμαρτίαν
1383 5177 1505 5230 μου,

329 5251 418 5305 10.
444 5253 553 5305 Καὶ
574 5254 628 5304 αἱ
662 5250 879 5320 ἀνομίαι
907 5266 1006 5320 μου
1030 5250 1258 5320 φανεραί
1280 5253 1415 5303 εἰσιν
1447 5252 1546 5321 (7).

1931 4255 2071 4309 queo
2094 4239 2375 4293 absistere.

2003 4333 2052 4386 5.
2096 4331 2227 4386 Veni
2269 4333 2320 4384 in
2354 4337 2696 4399 voluptates.
2743 4337 2795 4381 et
2840 4329 3316 4398 concupiscentias
3355 4353 3509 4392 mun-

1931 4426 2016 4490 di,
2053 4439 2106 4478 et
2131 4435 2412 4494 peceatum
2444 4423 2784 4476 dominatum
2818 4432 2900 4475 est
2931 4423 2983 4473 in
3015 4439 3119 4477 me.

2009 4517 2062 4572 4.
2102 4515 2328 4569 Demnm
2370 4516 2421 4567 in
2454 4512 2889 4582 desperationem
2928 4513 3084 4580 veni,
3118 4529 3182 4568 eo
3217 4518 3363 4586 quod
3387 4535 3508 4574 ora-

1932 4610 2006 4662 tio
2043 4624 2161 4661 mea
2190 4623 2296 4658 non
2324 4605 2694 4659 exaudiretur.

1998 4700 2050 4753 5.
2088 4695 2223 4750 Dum
2273 4699 2495 4764 ﬂerent,
2539 4707 2596 4752 et
2647 4707 3018 4765 exspectarem
3078 4699 3506 4757 misericordiam

1931 4790 2022 4844 Dei
2055 4790 2180 4843 mei.

1997 4883 2049 4936 6.
2087 4882 2237 4936 Multi
2279 4892 2404 4937 sunt
2433 4882 2732 4947 daemones,
2763 4883 2851 4952 qui
2888 4884 3020 4937 mihi
3059 4887 3434 4941 adversantur.

2001 4975 2051 5029 7.
2091 4975 2166 5028 De
2202 4976 2333 5043 ipsis
2364 4975 2695 5030 adversariis
2720 4978 3080 5045 potestatibus
3106 4979 3361 5036 loquitur.

1997 5068 2049 5121 8.
2083 5067 2213 5133 Quae
2241 5067 2487 5130 oderam,
2524 5067 2640 5121 haec
2669 5066 2957 5120 faciebam.

1999 5159 2052 5212 9.
2091 5158 2253 5222 Deus,
2279 5167 2334 5211 tu
2360 5158 2499 5212 nosti
2527 5166 2808 5227 peceatum
2836 5174 3038 5212 meum.

2002 5248 2089 5302 10.
2125 5246 2188 5300 Et
2219 5247 2536 5315 iniquitates
2573 5261 2704 5300 mete
2741 5245 3043 5300 manifestae
3071 5255 3218 5299 sunt.

329 5340 415 5394 11.
444 5342 556 5409 Μὴ,
577 5341 664 5394 διὰ
696 5341 756 5394 τὸ
783 5339 1113 5410 ἁμαρτάνειν
1165 5356 1250 5409 με,
1285 5340 1360 5410 (8)
1414 5341 1576 5411 ἔχωσι
1608 5346 1821 5414 παρῥη-
1854 5344 1897 5397 D

2000 5341 2083 5397 11.
2123 5337 2200 5392 Ne
2248 5339 2474 5393 timeant
2517 5339 2693 5394 sancti
2740 5340 2815 5394 tui
2863 5349 3080 5410 propter
3120 5347 3338 5409 peccata
3386 5355 3501 5396 mea

258 5431 379 5487 σίαν
408 5432 459 5484 of.
490 5432 633 5499 ἆγιοί
656 5447 749 5483 σου
777 5430 870 5483 τοῦ
901 5431 1221 5502 πρεσϐεύειν
1252 5433 1565 5504 ὑπὲρὲμοῦ.

1928 5447 2024 5500 pro
2048 5446 2133 5484 me
2157 5433 2508 5486 intercedere.

1217 5545 1525 5609 Addenda
1558 5554 1618 5609 et
1653 5545 2030 5626 corrigenda
2064 5562 2140 5604 ex
2168 5543 2309 5605 cod.
2345 5543 2545 5605 Vatic.

326 5647 403 5720 tl)
443 5649 510 5720 Ἢ
536 5645 626 5720 διὰ
659 5646 754 5720 τῇς
777 5647 1144 5720 κξνναεάρεως
1171 5666 1294 5720 περ·

328 5717 405 5788 (ε)
443 5717 667 5786 rapa;
691 5717 864 5788 δὲτῷ,
904 5727 1006 5775 etc.

329 5787 406 5856 (δ)
427 5788 570 5856 μου.

299 5907 302 5910 ,
429 5852 648 5913 Ἦλθον.

2006 5649 2082 5718 (5)
2111 5645 2398 5718 Δακρύειν.

2007 5722 2080 5784 (6)
2107 5721 2244 5772 Μου.

2003 5789 2079 5857 (7)
2115 5789 2203 5840 Σοί
2226 5790 2381 5847 εἰσιν.

2003 5862 2076 5928 (8)
2112 5860 2222 5936 Μή.
