4036 6434
628 359 733 413 927
1468 367 1524 422 S.
1568 366 1934 424 ATHANASII
1973 368 2125 427 OPP.
2167 368 2222 423 Ρι

2284 370 2345 424 lS
2387 370 2470 424 111.
2509 401 2578 412 --
2613 367 3026 428 EXEGETICA.
3770 369 3878 426 928

699 475 786 533 48.
818 477 883 531 Et
911 479 964 533 in
994 482 1427 551 retributionem,
1461 488 1590 541 etin
1626 491 1967 548 scandalum.
2223 497 2270 552 Δ

2223 497 2270 552 Α
2369 491 2436 544 48
2493 493 2598 545 Καὶ
2631 492 2710 555 εἰς
2749 491 3126 550 ἀνταπόδοσιν,
3159 487 3253 541 καὶ
3281 490 3360 552 εἰς
3389 487 3704 542 σκάνδαλον.

637 602 643 611 -
698 569 784 624 49.
820 570 1193 630 Obscurentur
1219 577 1363 632 oculi
1391 594 1603 649 eorum,
1629 598 1697 638 ne
1725 584 1983 641 videant:

2371 579 2457 634 49.
2482 581 2924 652 Σκοτισθήτωσαν
2955 581 3004 632 οἱ
3037 579 3304 649 ὀφθαλμοὶ
3335 579 3514 632 αὐτῶν
3537 578 3630 632 τοῦ
3658 579 3735 649 μὴ
3760 577 3879 648 βλέ-

2299 688 2420 723 πειν
2443 689 2456 701 ⁶

699 743 788 798 50.
827 743 892 799 Ει
921 746 1145 804 dorsum
1181 765 1370 808 eorum
1400 770 1615 826 semper
1645 760 1893 817 incurva.

2371 763 2457 817 50.
2488 763 2597 816 Καὶ
2646 763 2736 816 τὸν
2795 761 2964 816 νῶτον
3000 761 3178 815 αὐτῶν
3206 761 3492 826 διαπαντὸς
3529 759 3873 832 σύγκαμψον.

699 835 786 889 51.
818 836 1043 894 Είΐυιιὰε
1071 858 1234 912 super
1265 860 1359 901 eos
1387 848 1523 902 iram
1549 859 1696 904 tuam
1723 865 1740 906 :

2367 855 2454 911 51.
2490 856 2716 925 Ἔκχεον
2739 857 2823 908 ἐπ’
2853 855 3047 919 αὐτοὺς
3079 855 3177 927 τὴν
3211 857 3380 926 ὀργήν
3414 874 3505 909 σου
3525 873 3537 886 ·

699 927 787 980 52.
821 927 888 982 Et
921 930 1073 986 furor
1104 936 1196 989 ira:
1225 945 1328 992 ture
1353 943 1778 1010 comprehendat
1802 959 1917 1000 eos.

2381 946 2467 1001 52.
2505 949 2614 1000 Καὶ
2639 949 2667 1000 6
2692 947 2863 1017 Θυμδς
2888 945 2986 1016 τῆς
3010 946 3179 1016 ὀργῆς
3209 963 3301 998 σον
3337 945 3630 999 καταλάϐοι
3653 945 3873 1008 αὐτούς.

698 1016 784 1072 55.
813 1019 932 1074 l-‘iat
964 1023 1227 1080 habitatio
1254 1043 1443 1084 eorum
1469 1033 1680 1088 deserta
1707 1053 1721 1090 :

2369 1039 2456 1092 55.
2491 1016 2778 1109 Γενηθήτω
2811 1040 2845 1110 ἡ
2887 1038 3110 1102 ἔπαυλις
3143 1039 3319 1092 αὐτῶν
3355 1037 3693 1108 ἠρημωμένη

702 1111 791 1167 51.
822 1112 887 1168 Ει
929 1114 982 1168 in
1032 1119 1396 1178 tabernaculis
1430 1139 1620 1180 eorum
1650 1141 1757 1181 non
1787 1127 1879 1196 sit,
1912 1128 2005 1199 qui
2037 1128 2195 1184 inha-

2365 1131 2453 1185 54.
2488 1132 2598 1184 Καὶ
2635 1132 2692 1185 ὲν
2715 1133 2826 1194 τοῖς
2862 1130 3211 1202 σκηνώμασιν
3243 1131 3421 1185 αὐτῶν
3450 1130 3522 1201 μὴ
3559 1130 3701 1186 ἔστω
3722 1133 3752 1183 6
3779 1147 3874 1182 κα-

629 1202 784 1257 bitet.

2296 1223 2518 1276 τοικῶν.

696 1293 783 1348 55.
808 1294 1074 1362 Quoniam
1098 1315 1257 1370 quem
1284 1309 1339 1357 tu
1369 1305 1710 1374 percussisti,
1730 1310 2000 1378 persecuti
2026 1321 2153 1366 sunt
2177 1329 2192 1368 :

2106 1321 2192 1368 nt:
2370 1317 2460 1372 55.
2489 1318 2609 1370 ’Ότι
2641 1317 2700 1369 δν
2734 1316 2798 1369 σὺ
2831 1316 3125 1379 ὲπάταξας,
3161 1313 3312 1367 αὐτοὶ
3339 1314 3669 1380 κατεδίωξαν
3689 1355 3700 1367 .

699 1384 788 1439 56.
837 1387 900 1442 Et
944 1403 1105 1459 super
1132 1393 1375 1449 dolorem
1423 1395 1706 1452 vulnerum
1751 1414 1996 1455 meorum
2033 1402 2187 1458 addi.

2371 1407 2461 1463 56.
2497 1407 2608 1461 Καὶ
2646 1407 2737 1461 ἐπὶ
2770 1405 2832 1460 τὸ
2869 1405 3032 1475 ἄλγος
3060 1405 3169 1459 τῶν
3195 1404 3524 1476 τραυμάτων
3553 1422 3656 1475 μου
3705 1421 3875 1476 προσ-

629 1474 844 1531 derunt.

2295 1498 2512 1570 έθηκαν.

701 1569 784 1625 57.
808 1570 1032 1641 Appone
1056 1573 1393 1645 iniquitatem
1416 1593 1578 1648 super
1595 1580 1936 1651 iniquitatem
1961 1599 2152 1640 eorum
2177 1603 2190 1639 :

2111 1601 2190 1639 rn:
2369 1588 2458 1641 57.
2503 1587 2748 1658 Πρόσθες
2776 1586 3009 1657 ἀνομίαν
3042 1586 3134 1639 ἐπὶ
3162 1589 3224 1656 τῇ
3258 1584 3457 1656 ἀνομία
3495 1585 3705 1638 αὐτῶν·

702 1664 791 1718 58.
825 1663 888 1717 Et
923 1680 1027 1718 non
1059 1666 1259 1721 intrent
1288 1669 1340 1721 in
1363 1670 1630 1738 justitiam
1660 1682 1828 1728 tuam.

2363 1677 2452 1732 58.
2493 1679 2602 1731 Kal
2633 1679 2707 1750 μὴ
2739 1677 3129 1732 εἰσελθέτωσαν
3156 1681 3212 1730 ὲν
3246 1676 3560 1748 δικαιοσύνῃ
3593 1694 3707 1730 σου.

701 1754 788 1808 59.
822 1754 1109 1811 Deleantur
1138 1761 1205 1811 de
1228 1757 1367 1814 libro
1398 1761 1692 1817 viventium
1721 1781 1734 1818 :
2226 1835 2258 1841 _

2226 1835 2258 1841 _
2369 1772 2455 1826 59.
2480 1771 2989 1841 Ἐξαλειιρθήτωσαν
3019 1773 3082 1825 ἐκ
3110 1770 3290 1840 βίϐλου
3323 1770 3567 1834 ζώντων·

701 1843 788 1896 60.
823 1843 1029 1900 Etcum
1057 1847 1220 1917 justis
1247 1865 1354 1903 non
1384 1852 1712 1908 scribantur.
2225 1835 2266 1891 Β

2225 1835 2266 1891 Β
2369 1863 2457 1917 60.
2499 1835 2607 1916 καὶ
2638 1835 2774 1934 μετὰ
2795 1835 3021 1917 δικαίων
3050 1835 3124 1935 μή
3149 1865 3533 1934 γραφήτωσαν.

698 1932 784 1986 61.
817 1931 1028 2005 Pauper
1059 1946 1112 1990 et
1141 1937 1330 1993 doli-ns
1363 1955 1482 1995 sum
1514 1957 1652 2010 ego:

2365 1955 2452 2010 6|.
2495 1931 2715 2026 Πτωχὸς
2741 1957 2833 2009 καὶ
2864 1931 3201 2026 ἀλγῶν-εἷμι
3222 1931 3355 2023 ἐγώ·

699 2024 788 2081 62.
822 2027 981 2082 Salus
1014 2038 1128 2095 tua,
1161 2030 1324 2096 Deus,
1357 2036 1596 2104 suscepit
1630 2051 1735 2092 me.

2363 2046 2452 2100 62.
2479 2048 2542 2100 'II
2572 2024 2813 2118 σῴτηρία
2841 2065 2932 2100 σου
2964 2049 2992 2100 6
3021 2024 3152 2111 Θεὸς
3177 2048 3511 2101 ἀντιλάϐοιτό
3539 2046 3613 2114 (α)
3657 2065 3780 2116 μου.

693 2117 782 2173 65.
821 2117 1079 2175 Laudabo
1115 2139 1310 2178 nomen
1341 2125 1430 2180 Dei
1464 2126 1581 2199 [Dei
1613 2129 1741 2201 mei]
1790 2146 1913 2186 cum
1941 2133 2190 2188 cantico:

2368 2138 2455 2194 65.
2498 2117 2781 2192 Αξνέσωίτὸ
2797 2138 2968 2208 ὄνομα
2982 2137 3076 2190 τοῦ
3093 2137 3225 2190 Θεοῦ
3245 2136 3400 2208 [Θεοῦ
3423 2136 3546 2207 μου]
3568 2139 3685 2207 μετ’
3702 2137 3867 2207 ᾠδῆς·

696 2209 780 2264 61.
812 2211 1167 2283 Magnilicabo
1197 2232 1320 2271 eum
1345 2218 1399 2273 in
1431 2219 1607 2276 laude.

2374 2230 2460 2284 64.
2503 2229 2800 2297 Μεγαλυνῶ
2825 2231 2984 2282 αὑτὸν
3011 2233 3066 2282 ὲν
3099 2229 3322 2284 αενέσει.

699 2303 785 2355 65.
821 2302 883 2357 Ει
905 2306 1135 2374 placebit
1161 2310 1270 2365 Deo
1302 2327 1466 2381 super
1492 2313 1724 2368 vitulum
1749 2314 2042 2382 novellum,
2073 2330 2194 2372 cor—

2367 2323 2455 2376 65.
2496 2323 2604 2374 Καὶ
2629 2321 2818 2394 ἀρέσει
2849 2321 2924 2391 τῷ
2952 2321 3070 2392 Θεῷ
3096 2322 3236 2388 ὑπὲρ
3269 2321 3463 2391 μόσχον
3489 2321 3627 2383 νέον,
3662 2320 3869 2391 κέρατα

627 2410 733 2446 nua
765 2397 1152 2463 producentem
1188 2413 1240 2456 et
1269 2405 1519 2473 ungulas.

1346 2405 1519 2473 gulas.
2296 2416 2598 2487 ἐκφέροντα
2627 2416 2720 2468 καὶ
2745 2413 2935 2478 ὁπλάς.

691 2484 775 2538 66.
813 2483 1039 2542 Videant
1064 2507 1326 2561 pauperes
1351 2506 1403 2548 et
1433 2495 1698 2552 laetentur.

2365 2483 2454 2562 66.
2498 2506 2572 2577 (ὁ)
2601 2507 2880 2562 Ίδέτωσαν
2911 2505 3135 2577 πτωχοὶ,
3170 2507 3263 2559 καὶ
3299 2504 3777 2576 εὐφρανθήτωσαν.

709 2597 758 2658 ιι)
785 2599 1128 2654 Ἀντελάὸετο
1164 2619 1267 2658 ms.
1300 2614 1354 2659 et
1383 2606 1506 2662 cod.
1547 2606 1661 2662 Pal.

709 2597 758 2658 ιι)
785 2599 1128 2654 Ἀντελάὸετο
1164 2619 1267 2658 ms.
1300 2614 1354 2659 et
1383 2606 1506 2662 cod.
1547 2606 1661 2662 Pal.

685 2597 762 2737 ib)
807 2669 864 2720 γ.
901 2671 986 2724 66.
1017 2672 1261 2743 Κέρατα,
1293 2685 1395 2729 etc.
1429 2676 1492 2730 V.
1529 2677 1616 2730 67.
1643 2678 1941 2745 ἰδέτωσαν,
1975 2688 2080 2736 etc.
2110 2679 2177 2737 ν.
2218 2682 2279 2737 68

1651 2651 1941 2745 Γιδέτωσιιν,
1975 2688 2080 2736 etc.
2110 2679 2177 2737 ν.
2218 2682 2306 2739 68.
2332 2684 2721 2758 Ἐκζητήσατε,
2751 2695 2880 2751 etc.,
2911 2702 3032 2757 usq.
3072 2686 3245 2758 ὑμῶν.

1736 2834 2115 2892 ATHANASH
2157 2834 2743 2892 INTERPRETATIO.

688 2937 773 2990 48.
813 2941 872 2992 Ει
906 2941 958 2994 in
988 2945 1238 3012 praesenti
1276 2949 1475 3001 szeculo
1525 2951 2000 3020 (retributionem)
2035 2953 2179 3007 acci-
2208 2955 2249 3012 ο

2351 2950 2438 3004 48.
2471 2951 2582 3003 Καὶ
2628 2952 2687 3005 ὲν
2719 2950 2796 3021 τῷ
2849 2950 2945 3005 νῦν
2979 2951 3133 3004 αἰῶνι
3177 2952 3526 3017 ἀπολάϐωσι,
3565 2956 3659 3008 καὶ
3697 2959 3757 3011 ὲν
3787 2959 3864 3029 τῷ

617 3029 783 3096 piant,
806 3041 858 3084 et
873 3033 924 3084 in
948 3033 1128 3089 futuro
1145 3039 1598 3106 condemnentur,
1613 3043 1741 3112 quia
1762 3042 2022 3098 seandalo
2038 3054 2184 3100 sunt.

2038 3054 2184 3100 sunt.
2293 3043 2537 3114 μέλλοντι
2564 3042 2986 3114 κατακριθῶσιν,
3023 3044 3098 3107 ὼς
3129 3044 3419 3098 σκάνδαλον
3453 3045 3623 3109 ὄντες.

687 3119 773 3171 49.
805 3120 958 3174 Oculi
991 3125 1186 3178 mentis
1219 3141 1433 3181 eorum.

2360 3133 2448 3188 49.
2473 3136 2536 3186 Ol.
2563 3134 2827 3205 ὀφθαλμοὶ
2856 3136 2953 3206 τῆς
2987 3136 3220 3200 διανοίας
3255 3137 3452 3191 αὐτῶν.

685 3201 773 3256 50.
809 3204 870 3257 Ει
904 3222 1008 3259 non
1059 3209 1381 3279 resipiscam
1411 3231 1441 3268 a
1472 3217 1708 3285 peccatis
1742 3233 1957 3286 eorum,
1991 3219 2085 3276 sed
2131 3219 2188 3276 in

2361 3226 2447 3282 50.
2481 3229 2590 3281 Καὶ
2620 3229 2694 3300 μὴ
2730 3228 3095 3284 ἀνανεύσωσιν
3119 3230 3225 3282 ἀπὸ
3246 3231 3342 3300 τῆς
3367 3232 3639 3302 ἁμαρτίας
3662 3235 3861 3298 αὐτῶν,

616 3291 747 3360 ipsis
779 3298 1102 3353 moriantur.
2289 3318 2399 3372 ἀλλ’
2434 3321 2490 3372 ὲν
2519 3291 2656 3390 αὺτῇ
2682 3291 3099 3376 ἀποθανοῦνται.

679 3387 768 3443 51.
803 3388 930 3459 lgne
965 3394 1210 3448 comburi
1241 3395 1325 3452 fac
1356 3414 1452 3453 eos
1486 3416 1515 3453 c
1537 3401 1694 3455 cwlo.

2361 3410 2449 3464 51.
2469 3387 2871 3481 Πυρικαὺστους
2904 3413 3096 3476 αὐτοὺς
3121 3413 3196 3483 (1)
3221 3413 3443 3483 ποίησον
3478 3415 3542 3466 ἐκ
3574 3413 3668 3466 τοῦ
3699 3417 3860 3488 οὐρα-

2298 3522 2401 3558 θου.

686 3562 772 3615 52.
811 3561 872 3616 Et
907 3581 1070 3619 nemo
1100 3582 1286 3622 eorum
1314 3572 1572 3628 salvetur.

682 3654 771 3707 55.
810 3654 1040 3710 Mentem
1077 3675 1263 3714 eorum
1303 3664 1593 3734 signiﬁcat.

682 3745 770 3799 5-1.
804 3746 932 3802 Sine
968 3751 1173 3805 auxilio
1201 3755 1330 3808 sint.

2362 3596 2450 3650 52.
2488 3596 2595 3649 Καὶ
2636 3596 2822 3666 μηδεὶς
2853 3597 3031 3650 αὐτῶν
3059 3598 3308 3668 διασωθῇ.

2358 3687 2443 3742 55.
2476 3687 2585 3757 Τὴν
2609 3687 2844 3740 διάνοιαν
2869 3689 2944 3758 (9.)
2972 3689 3150 3742 αὐτῶν
3181 3689 3346 3757 λέγει.

2357 3779 2443 3832 51.
2477 3778 2792 3850 Ἀϐοήθητοι
2825 3773 2979 3833 ὦσιν.

685 3835 774 3890 55.
805 3837 1099 3904 Quoniam,
1128 3857 1288 3912 quem
1323 3854 1379 3899 tu
1431 3847 1627 3902 misisti
1662 3849 1716 3903 in
1762 3850 2046 3917 mundum,
2078 3853 2180 3926 ipsi

2359 3871 2444 3924 55.
2479 3872 2600 3925 Ὀτι
2625 3835 2706 3924 ’δέ
2735 3873 2798 3925 σὺ
2828 3873 3148 3936 ἀπέστειλας
3178 3874 3256 3937 εἰς
3305 3874 3394 3928 τὸν
3437 3875 3640 3929 κόσαον
3665 3915 3680 3930 .
3707 3876 3857 3930 αὐτοὶ

612 3927 945 3985 occiderunt.

679 4017 764 4070 56.
798 4017 1008 4075 Lancea
1042 4027 1446 4083 transﬁxcrunt.

683 4108 770 4160 57.
803 4108 1277 4174 Quemadmodum
1315 4121 1416 4188 ipsi
1446 4125 1682 4178 contenti
1717 4141 1825 4180 non
1852 4124 2071 4179 fuerunt
2095 4139 2179 4179 me

610 4200 968 4269 crucilixisse,
1016 4209 1110 4262 sed
1164 4210 1329 4265 aliam
1387 4215 1550 4270 etiam
1599 4217 1810 4287 plagam
1861 4219 1992 4272 milii
2037 4218 2181 4272 intu-

611 4289 809 4346 lerunt.

2288 3966 2600 4033 ἐφόνευσαν.

2356 4057 2441 4110 56.
2476 4059 2654 4128 Λόγχῃ
2689 4057 2763 4127 (5)
2799 4057 3172 4129 ἐξεκέντησαν.

2355 4148 2440 4203 57.
2471 4151 2679 4221 ’Ὠσπερ
2709 4150 2862 4203 αὐτοὶ
2903 4152 3001 4204 οὐκ
3049 4153 3393 4222 ἠρκέσθησαν
3443 4153 3858 4226 σταυρώσαντές

2213 4294 2255 4348 D
2288 4258 2376 4311 με,
2410 4242 2544 4295 ἀλλὰ
2578 4244 2671 4295 καὶ
2703 4243 2894 4315 ἑτέραν
2919 4244 3129 4316 πληγὴν
3159 4245 3434 4315 ὲπήγαγόν
3457 4265 3567 4315 μοι.

679 4384 768 4438 58.
801 4388 858 4439 in
887 4403 1110 4456 regnum
1145 4399 1317 4446 tuum.

2357 4418 2442 4473 58.
2467 4418 2558 4471 Ἐν
2581 4422 2644 4490 τῇ
2675 4419 2916 4492 βασιλεία
2945 4439 3057 4475 σου.

862 4481 1034 4533 θαῖιίε-
2356 4512 2443 4566 5‘).
2471 4511 2568 4565 Ἐκ
2728 4480 2990 4585 οὐρανιῦν.

683 4567 766 4621 60.
805 4570 859 4622 ln
895 4573 1068 4628 malis.

2795 4567 2805 4585 ,
2980 4567 2985 4568 ,

2357 4603 2443 4658 60.
2472 4603 2561 4655 Ἐν
2593 4608 2704 4667 τοῖς
2731 4607 2993 4677 οὐρανοῖς.

678 4660 764 4714 61.
820 4661 1146 4719 Mendicavit
1196 4666 1247 4720 in
1303 4669 1614 4724 servitutem
1667 4671 1943 4729 redactum
2006 4691 2174 4746 genus

2006 4691 2174 4746 genus
2352 4695 2439 4748 δι.
2466 4660 2810 4766 ἰεπτὼχὲυσέ
2837 4660 3096 4752 somnos»,
3129 4699 3190 4751 τδ
3221 4699 3375 4768 γένος
3400 4699 3575 4771 ἡμῶν.

609 4759 874 4807 nostrum.

677 4841 763 4894 62.
803 4843 868 4896 Ει
903 4847 1179 4916 sepultura
1224 4859 1276 4904 et
1323 4855 1651 4908 resurrectio
1690 4865 1804 4920 tua,
1845 4856 2008 4924 Deus,
2051 4878 2173 4918 sus-

2347 4869 2434 4923 69..
2477 4870 2585 4921 Καὶ
2619 4870 2817 4941 ἡταφὴ
2852 4869 2944 4924 καὶ
2973 4871 3005 4941 ἡ
3036 4871 3327 4937 ἀνάστασίς
3358 4889 3472 4936 σου,
3502 4874 3530 4926 6
3568 4875 3721 4939 Θεὸς,
3753 4878 3844 4931 ἁν-

605 4933 746 5001 cepit
778 4951 883 4989 me.

1288 5029 1293 5030 ν
2275 4960 2528 5014 «amem
2563 4933 2683 5030 μοι).

675 5022 762 5076 65.
802 5022 1028 5094 Hymnis
1065 5027 1351 5085 celebrabo
1385 5044 1508 5084 eum
1544 5032 1596 5086 in
1622 5036 2005 5094 exsultatione.

1823 5039 2005 5094 Ilioneo
2347 5052 2436 5106 65.
2465 5022 2785 5125 Ἀν5μνήσω
2815 5056 2974 5110 αὐτὸν
3004 5058 3060 5111 ἐν
3087 5058 3417 5126 ἀγαλλιάσει.

675 5115 762 5167 64.
797 5115 1126 5172 Gloriticabo
1151 5135 1273 5174 eum
1308 5123 1360 5176 in
1393 5123 1569 5180 laude.

2349 5144 2436 5198 64.
2481 5146 2695 5209 Δοξάσω
2725 5149 2885 5201 αὐτὸν
2914 5151 2969 5201 ἐν
3000 5151 3219 5205 αἰνέσει.

674 5206 762 5258 65.
803 5207 978 5277 Super
1011 5211 1269 5279 populum
1303 5212 1614 5272 Judaeorum
1669 5222 1964 5289 petulcum,
1995 5233 2050 5279 et
2093 5224 2171 5278 la-

2348 5236 2437 5290 65.
2476 5206 2642 5311 ’Υτιὲρ
2668 5239 2757 5292 τὸν
2786 5241 2912 5295 λαδν
2936 5243 3042 5295 τῶν
3075 5243 3340 5297 Ἰουδαίων
3363 5243 3490 5307 τοὺς
3520 5245 3594 5314 (4)
3629 5245 3838 5315 κερατί-

603 5303 920 5354 scivientcm
951 5303 1004 5355 in
1036 5307 1291 5372 peccatis.

2275 5327 2484 5394 ζοντας,
2524 5335 2615 5386 καὶ
2643 5337 2974 5406 σκιρτῶντας
3007 5339 3062 5390 ἐν
3092 5341 3210 5401 ταῖς
3232 5338 3542 5410 ἁμαρτίαις.

672 5394 756 5448 66.
797 5395 1068 5467 Pauperes
1099 5402 1282 5466 corde,

2343 5423 2430 5477 66.
2472 5426 2533 5477 Οἱ
2569 5431 2631 5498 τῇ
2665 5429 2856 5499 καρδίᾳ
2885 5434 3110 5501 πτωχοὶ.

1552 5521 1856 5584 Addenda
1884 5532 1942 5584 et
1968 5527 2343 5606 corrigenda
2377 5554 2450 5596 ex
2484 5541 2623 5599 cod.
2651 5542 2853 5602 Vatic.

677 5613 753 5674 (l)
790 5613 995 5675 Δῦτούς
1027 5615 1195 5670 deest.

677 5687 749 5717 ίυὶ
792 5686 850 5717 ἸΙ
892 5685 1094 5717 Ruina...

2357 5637 2428 5704 (.i)
2471 5639 2538 5717 N._
2575 5641 2674 5717 _6_6.
2729 5643 2864 5706 Τοὺς
2913 5661 3052 5715 κερ.,
3094 5645 3214 5701 etc.‘
3243 5647 3309 5701 N.
3341 5647 3428 5701 67.
3463 5649 3520 5698 Οἱ
3568 5649 3657 5717 τῇ.
3708 5659 3827 5711 rtc.,

675 5687 749 5750 (ιι-1)
792 5686 850 5735 ’11
892 5685 1117 5738 διάνοια.

677 5756 749 5781 [τι
779 5756 852 5781 1‘:
888 5755 1049 5781 ἴλη..-
1083 5759 1433 5781 ιε--.έ..-.,-.·...
1469 5777 1527 5781 η-

1123 5760 1135 5769 _
1221 5759 1230 5770 _
1386 5763 1394 5774 .
2277 5685 2445 5776 usque
2477 5711 2539 5763 ad
2571 5711 2717 5781 ἔθνη.

677 5756 751 5820 (5)
779 5756 854 5821 Τῇ
888 5755 1053 5825 λόγχῃ
1080 5759 1433 5827 ἐξεκένττδσὰν
1467 5777 1552 5831 με.
