4036 6486
224 427 328 484 999
1112 434 1198 489 DE
1238 431 1514 489 TITULIS
1547 431 1991 487 PSALMORUM.
2033 461 2102 471 -—-
2141 430 2338 486 PSAL.
2379 427 2563 484 LXIX.
3378 426 3480 481 930

295 551 384 605 67.
407 550 781 623 Ἐκζητήσατε
813 552 903 606 τὸν
930 553 1084 616 Θεὸν.
1833 563 1876 617 Α

959 555 1084 616 Ιεδν,
1833 563 1876 617 Α
1975 553 2061 609 67.
2089 555 2326 621 Quaerite
2361 552 2553 618 Deum,

295 643 384 698 68.
426 644 536 695 Kal
574 644 802 714 ζήσεται
829 647 861 715 ἡ
892 646 1038 718 ψυχὴ
1070 647 1240 718 ὑμῶν.

1187 666 1240 702 ιν.
1984 651 2072 705 68.
2108 652 2174 704 Et
2203 651 2343 703 vivet
2371 648 2552 702 anitna
2585 654 2781 700 vestra.

295 735 384 790 69.
405 737 526 789 Ὅτι
563 738 848 807 εἰσήκουσε
874 738 980 795 τῶν
1011 743 1255 811 πενήτων
1290 742 1317 793 6
1347 742 1576 813 Κύριος·

1985 744 2072 797 69.
2111 743 2376 809 Quoniam
2413 739 2691 796 exaudivit
2727 753 2991 809 pauperes
3024 735 3327 792 Dominus:

297 829 385 884 70.
428 831 535 884 Καὶ
555 831 680 894 τοὺς
707 832 913 900 πεπεδη
923 833 1116 902 μένους
1135 834 1298 887 αὐτοῦ
1316 836 1414 889 οὐκ
1433 836 1801 900 ὲξουδένωσεν.

1385 855 1414 889 κ
1433 836 1801 900 ὲξουδένωσεν.
1985 837 2074 890 70.
2109 836 2171 889 Et
2202 837 2408 889 vinctos
2437 850 2565 888 suos
2588 850 2691 887 non
2719 833 2979 902 despexit.

298 921 386 977 71.
426 923 804 977 Λίνεσάτωσαν
835 925 992 977 αὑτὸν
1023 928 1070 978 οἱ
1094 927 1311 997 οὐρανοὶ
1339 929 1429 980 καὶ
1464 931 1494 998 ἡ
1520 930 1609 998 γῆ,

1341 929 1429 980 καὶ
1464 931 1494 998 ὴ
1520 930 1609 998 γῆ,
1983 928 2069 981 7|.
2107 926 2349 981 Laudent
2380 928 2527 980 illum
2551 926 2672 980 coeli
2695 935 2745 978 et
2775 934 2935 989 terra,

296 1013 384 1066 τε.
426 1015 681 1069 Θάλασσα
704 1017 798 1069 καὶ
832 1018 1005 1070 πάντα
1032 1019 1100 1070 τὰ
1137 1020 1372 1090 ἓρποντα
1401 1023 1457 1072 ὲν
1490 1022 1625 1090 αὐτῇ
1650 1037 1664 1050 ⁸

1430 1038 1457 1072 ν
1490 1022 1625 1090 αὐτῇ
1650 1037 1664 1050 ο
1985 1019 2071 1072 72.
2103 1017 2247 1071 Mare
2282 1028 2334 1072 et
2366 1019 2547 1071 omnia
2579 1019 2790 1086 reptilia
2832 1020 2884 1071 in
2913 1032 2978 1071 eo
3011 1037 3020 1071 :

295 1104 383 1159 75.
404 1108 525 1159 Ὅτι
554 1109 582 1160 6
611 1108 742 1172 Θεὸς
771 1108 930 1162 σώσει
965 1109 1062 1180 τὴν
1091 1111 1229 1163 Σιών
1251 1129 1263 1141 ⁸

1989 1109 2076 1164 75.
2116 1108 2383 1174 Quoniam
2420 1105 2561 1162 Deus
2589 1109 2792 1163 salvam
2832 1108 2992 1162 faciet
3024 1106 3194 1171 Sion;

293 1199 383 1252 74.
426 1202 536 1254 Καὶ
573 1201 1091 1273 οίκοδομηθήσονται
1119 1206 1172 1256 at
1197 1205 1378 1266 πόλεις
1397 1207 1497 1274 τῆς
1518 1204 1798 1267 Ἰουδαίαςο

1518 1204 1798 1267 Ἰουδαίαςο
1979 1202 2071 1256 76.
2103 1202 2164 1256 Et
2199 1202 2609 1256 :cdilicabuntur
2639 1202 2885 1256 civitates
2924 1199 3058 1254 Juda
3088 1217 3100 1252 :

295 1291 380 1344 75.
425 1293 532 1345 Kal
571 1295 986 1364 κατοικήσουσιν
1027 1298 1161 1361 ἐκεῖ,
1177 1297 1269 1349 καὶ
1310 1297 1803 1368 κληρονομήσουσιν

1983 1293 2070 1349 75.
2104 1291 2169 1348 Et
2207 1295 2592 1350 inhabitabunt
2629 1296 2725 1364 ibi,
2753 1305 2805 1350 et
2851 1297 3164 1349 inmeditate
3198 1293 3474 1364 acquircnl

221 1382 415 1450 αὐτὴν.

1909 1401 2050 1442 eanL

298 1473 384 1526 7t}.
405 1475 580 1528 Καὶετὸ
600 1477 937 1548 σπέρματῶν
953 1479 1154 1532 δούλων
1171 1498 1260 1533 σου
1280 1481 1597 1544 καθέξουσιν
1614 1483 1798 1553 αὑτήν.

1981 1476 2067 1531 76.
2104 1475 2170 1530 Et
2203 1492 2386 1532 semen
2424 1492 2703 1531 servorum
2736 1485 2948 1531 tuorum
2993 1477 3287 1546 possidebit
3332 1492 3474 1532 eam.

296 1563 381 1614 77.
402 1567 508 1618 Kal
525 1568 572 1619 οἱ
591 1569 910 1636 ἀγαπῶντες
939 1570 1001 1623 τὸ
1027 1570 1197 1642 ὅνομά
1229 1589 1322 1624 σου
1351 1572 1803 1643 κατασκηνὼσου-

1985 1568 2074 1624 77.
2131 1569 2198 1622 Et
2251 1570 2346 1639 qui
2404 1569 2636 1640 diligunt
2695 1583 2891 1622 nomen
2948 1576 3096 1622 tuum
3160 1568 3475 1623 habitabant

223 1671 308 1707 σιν
342 1657 399 1709 ἐν
430 1659 588 1728 αὐτῇ.

478 1659 588 1728 his.
1908 1660 1963 1718 in
1991 1677 2072 1717 ea.

220 1773 328 1838 Εἰς
353 1773 414 1826 τὸ
446 1773 636 1840 τέλος,
660 1772 740 1839 τῷ
767 1776 964 1840 Δαϐίδ,
991 1779 1075 1843 εις
1106 1779 1468 1848 ἀνάμνησιν,
1496 1781 1581 1848 είς
1599 1781 1662 1834 τὸ
1686 1780 1803 1834 σῶ-

1951 1775 2017 1833 Ιη
2046 1779 2224 1848 ﬁnem,
2251 1777 2436 1840 Dauid,
2480 1780 2532 1831 in
2565 1780 3045 1832 rememoralionem
3101 1781 3238 1848 quod
3268 1780 3472 1833 salvum

578 1867 684 1918 σαί
706 1885 801 1936 με,
829 1869 1058 1936 Κύριος.
1095 1873 1267 1925 ΨΑΛ.
1299 1870 1424 1926 ΞΘ’.
1834 1929 1872 1941 _
2141 1891 2172 1926 η

1834 1929 1872 1941 _
2141 1891 2221 1926 me
2267 1875 2443 1941 fecerit
2477 1873 2750 1928 Dominus.
2791 1873 2989 1926 I’SAL.
3024 1872 3227 1929 LXIX.

298 1957 347 2010 1.
377 1956 440 2010 Ὀ.
464 1957 615 2022 Θεὸς,
653 1929 732 2023 εἰς
756 1929 851 2032 τίῆν
883 1929 1131 2032 βοήθειάν
1163 1980 1262 2034 μου
1303 1963 1558 2035 πρόσχες.
1834 1929 1878 1988 Β

1834 1929 1878 1988 Β
1976 1963 2025 2017 1.
2062 1963 2224 2026 Deus,
2261 1965 2312 2017 in
2345 1965 2674 2033 adjutorium
2717 1982 2895 2019 meum
2924 1967 3178 2019 intende:

294 2049 346 2101 Ξ.
390 2051 585 2122 Κύριε,
616 2055 695 2115 εἰς
717 2052 777 2105 τὸ
809 2053 1075 2124 βοηθῆσαί
1109 2074 1198 2124 μοι
1233 2056 1482 2109 σπεῦσον.

1976 2056 2029 2110 2.
2059 2058 2304 2121 Domine,
2334 2057 2399 2110 ad
2425 2056 2790 2127 adjuvandum
2830 2073 2913 2110 me
2943 2057 3158 2110 festina.

297 2140 351 2195 5.
392 2144 870 2215 Αἰσχυνθήτωσαν,
909 2148 1000 2200 καὶ
1047 2149 1473 2219 ἐντραπήτωσαν
1505 2149 1552 2201 οἱ
1582 2149 1801 2219 ζητοῦν-

1978 2149 2031 2203 5.
2080 2149 2515 2213 Confundantur,
2570 2159 2624 2203 et
2672 2158 3041 2213 rcvercantttr,
3079 2149 3170 2218 qui
3223 2158 3476 2217 qumrunt

220 2248 315 2295 τες
340 2235 438 2304 τὴν
467 2237 642 2307 ψυχήν
685 2255 804 2306 μου.

791 2277 804 2290 .
1907 2242 2143 2295 animam
2185 2257 2380 2296 meam.

295 2327 350 2380 4.
369 2328 900 2400 Ἀποστραφήτωσαν
928 2330 1004 2392 εἰς
1032 2329 1101 2382 τὰ
1123 2329 1319 2395 ὀπίσω,
1351 2333 1445 2386 καὶ
1471 2350 1800 2403 καταισχυν-

1978 2334 2030 2386 4.
2060 2334 2385 2388 Avertantur
2418 2345 2739 2403 retrorsum,
2776 2348 2829 2392 et
2871 2338 3216 2402 erubescant,
3249 2336 3341 2406 qui
3375 2349 3475 2388 vo-

219 2416 475 2489 θήτωσαν
499 2423 547 2473 οἱ
578 2419 889 2491 βουλόμενοί
925 2439 1013 2492 μοι
1045 2423 1208 2478 κακά.

795 2421 889 2475 ινοί
925 2439 1013 2492 μοι
1045 2423 1208 2478 κακά.
1907 2425 2025 2480 lunt
2055 2426 2188 2480 mihi
2229 2429 2389 2482 mala.

1345 2583 1721 2642 ATHANASII
1764 2584 2328 2641 INTERPRETATIO

290 2737 383 2793 67.
423 2739 680 2794 Τουτέστι
711 2739 780 2795 τὰ
805 2741 951 2812 ἔθνη.

943 2783 951 2797 .
1971 2745 2056 2799 67.
2087 2743 2200 2799 Hoc
2222 2754 2304 2799 est
2332 2755 2537 2816 gentes.

290 2830 382 2885 68.
424 2830 518 2895 EE;
549 2831 636 2885 τὸν
660 2833 830 2887 αἰῶνα
857 2833 948 2888 τοῦ
979 2835 1192 2901 αἰῶνος.

1092 2852 1192 2901 νος.
1971 2837 2056 2889 68.
2088 2840 2145 2890 ln
2188 2841 2444 2894 saeculum
2479 2843 2686 2898 seaculi.

291 2922 385 2978 69.
427 2925 547 2977 Τῶν
579 2927 747 2993 ἀγίων
781 2927 878 2996 (1).

781 2927 878 2996 (1).
1976 2932 2063 2986 69.
2102 2932 2352 2987 Sanctos.

290 3016 381 3068 70.
424 3017 560 3079 Τοὺς
584 3018 1024 3087 προσσεύγοντας
1045 3019 1192 3089 αὐτῷ
1216 3019 1325 3073 ἀπὸ
1349 3020 1448 3092 τῆς
1474 3019 1766 3091 ἁμαρτίας.

1474 3019 1766 3091 ἁμαρτίας.
1982 3027 2068 3081 '70.
2102 3027 2490 3095 Confugientes
2520 3026 2584 3080 ad
2610 3041 2732 3080 eum
2767 3041 2795 3080 a
2833 3028 3068 3096 peccatis

291 3110 384 3164 7|.
424 3111 485 3162 Οί
515 3112 824 3180 ἐπουράνιοι
851 3113 943 3164 καὶ
969 3114 1018 3164 οἱ
1047 3112 1294 3180 ἐπίγειοι.

1123 3112 1294 3180 εγειοι.
1981 3119 2067 3174 7i.
2103 3119 2386 3184 Caelestes,
2413 3129 2465 3172 et
2497 3119 2717 3172 terreni.

291 3202 380 3254 7'2.
407 3202 463 3254 '0
499 3203 700 3273 κόσμος
733 3204 824 3256 καὶ
853 3206 900 3256 οἱ
934 3206 1398 3276 ἀναστρεφόμενοι
1430 3207 1487 3259 ὲν
1514 3204 1683 3276 αὐτῷ.
1828 3206 1873 3266 C

1514 3204 1683 3276 αὐτῷ.
1828 3206 1873 3266 C
1975 3211 2064 3265 72.
2095 3210 2346 3273 Mundus,
2380 3221 2432 3263 et
2462 3213 2551 3278 qui
2591 3212 2641 3263 in
2678 3226 2743 3265 eo
2784 3225 3090 3267 versantur.

291 3296 378 3348 75.
423 3295 531 3366 Τὴν
558 3295 734 3366 ψυχὴν
782 3297 880 3366 τὴν
914 3297 1153 3368 διψῶσαν
1181 3299 1361 3352 αὐτόν.
1397 3299 1548 3352 Σιὼν
1577 3299 1684 3369 γὰρ
1711 3298 1798 3368 ἑρ-

1978 3299 2064 3355 75.
2103 3301 2353 3355 Animam
2385 3301 2654 3355 sitientem
2687 3317 2832 3354 eum.
2866 3303 2996 3356 Sion
3038 3307 3180 3358 enim
3217 3307 3475 3380 interpre-

213 3388 512 3460 μηνεύεται
537 3387 796 3457 διψῶσα.

690 3405 796 3443 ισα.
1907 3404 2051 3449 tatur
2081 3395 2284 3448 sitiens.

291 3480 379 3535 74.
423 3481 533 3534 Kal
572 3481 1083 3554 οἰκοδομηθήσονται
1132 3485 1185 3536 αἱ
1215 3483 1455 3554 καρδίαι,
1483 3483 1539 3536 αἱ
1570 3481 1646 3553 τῷ
1679 3481 1798 3553 Θεῷ

1978 3490 2064 3542 74.
2103 3487 2168 3542 Ει
2199 3488 2620 3542 ωιιίίὶροιηιιιῐιιι·
2668 3486 2828 3542 corda
2865 3489 3175 3544 confitenlia
3213 3491 3341 3547 Deo.
3378 3493 3474 3548 Ju-

213 3574 728 3645 ἒξομολογούμεναι.
750 3575 997 3627 Ἰουδαία
1025 3576 1132 3645 γὰρ
1163 3575 1521 3646 ἑρμηνεύεται
1557 3573 1676 3639 Θεῷ
1703 3575 1800 3638 ἐξα

1497 3593 1521 3627 ;ι
1557 3573 1676 3639 Θεῷ
1703 3575 1800 3638 ἐξα
1907 3576 2023 3628 dma
2058 3575 2201 3628 enim
2244 3575 2632 3631 interpretatur
2667 3578 2924 3644 conﬁtens
2967 3577 3091 3633 [)co.

214 3669 696 3738 ομολογοὺμενος

295 3761 386 3814 75.
429 3761 540 3830 Τὴν
571 3759 683 3814 ἄνω
717 3761 1096 3833 Ἰερουσαλήμ.

1983 3755 2070 3811 75.
2115 3754 2419 3825 Snpernam
2443 3754 2763 3810 Jerusalem.

290 3850 379 3904 76.
420 3851 529 3903 Καὶ
546 3851 614 3904 τὰ
629 3850 765 3922 ἔργα
792 3851 897 3904 τῶν
912 3853 1084 3920 ἁγίων
1105 3870 1198 3906 σου
1219 3854 1588 3925 κρατήσουσιν
1612 3853 1804 3925 αὐτὴν.

1983 3846 2068 3900 76.
2113 3846 2179 3902 Ει
2208 3863 2370 3917 opera
2397 3857 2710 3903 sanctorum
2740 3858 2954 3901 tuorum
2989 3850 3308 3907 obtinebunt
3336 3870 3476 3912 eam.

291 3944 381 3999 77.
421 3944 534 3998 Kal
563 3945 716 3998 αὐτοὶ
751 3946 894 4013 ἆγιοι
929 3946 1298 4015 σκηνώσουσιν
1328 3946 1406 4016 (5)
1433 3948 1490 4000 ὲν
1525 3948 1682 4017 αὐτῇ.

1433 3948 1490 4000 ὲν
1525 3948 1682 4017 αὐτῇ.
1980 3940 2070 3994 77.
2103 3939 2167 3994 Et
2189 3941 2288 4010 ipsi
2315 3941 2486 3995 sancti
2529 3940 2852 3995 habitabant
2885 3942 2935 3995 in
2962 3959 3023 3997 ea

300 4055 366 4109 Ἦ
401 4056 735 4128 προκειμένη
772 4059 1048 4130 ἐπιγραφὴ
1087 4059 1328 4130 περιέχει
1359 4061 1435 4131 (6)
1457 4079 1470 4092 '
1503 4064 1605 4129 Είς
1633 4063 1697 4114 τὸ
1720 4059 1913 4125 τέλος,
1936 4055 2014 4121 τῷ
2046 4055 2240 4118 Δίιὸίδ,
2265 4057 2352 4120 εὶς
2385 4055 2726 4125 ἀνάμνησιν
2768 4058 2854 4122 εἷς
2901 4059 2965 4110 τὸ
3008 4060 3206 4112 σῶσαί
3230 4080 3324 4130 με,
3368 4067 3476 4120 Κύ-

215 4170 342 4221 ριος
373 4154 472 4225 (5).
506 4153 677 4208 Τοῦτο
704 4150 796 4208 οὖν
824 4157 992 4219 ἐστιν,
1029 4156 1121 4208 ὲπ).
1153 4156 1306 4221 τέλος
1338 4157 1412 4228 (6)
1457 4160 1484 4211 6
1533 4156 1971 4227 ἐξουθενημένος,
2005 4154 2036 4223 ἢ
2071 4155 2197 4206 ὅταν
2230 4152 2359 4224 ἔλθῃ
2404 4156 2482 4216 εἰς
2531 4154 2834 4225 ἀνάμνησιν
2860 4158 2938 4218 εὶς
2963 4155 3023 4208 τὸ
3055 4160 3291 4230 σωθῆναι
3319 4165 3478 4218 αὐτὸν

216 4246 322 4300 ὕπὸ
351 4248 558 4318 Κυρίου
589 4247 731 4317 λέγει
753 4248 843 4302 τὸν
865 4247 1099 4318 ψαλμόν.
1123 4249 1300 4304 Δασὶό
1326 4249 1435 4322 γὰρ
1459 4249 1818 4321 ἑρμηνεύεται
1841 4244 2333 4313 ἐξουθενημένος,
2369 4244 2504 4315 ὅπερ
2586 4246 2613 4296 6
2636 4245 2861 4309 δίκαιος,
2882 4245 2984 4318 [ὃς]
3002 4250 3312 4318 εὑρίσκεται
3334 4257 3479 4325 παρά

216 4337 326 4390 τῶν
358 4339 416 4390 ἐν
447 4338 526 4410 τῷ
555 4339 744 4410 κόσμῳ
776 4337 1221 4411 ἐξουθενημένος,
1257 4341 1289 4412 ἢ
1321 4339 1349 4392 6
1381 4339 1701 4412 ἁμαρτωλὸς
1731 4338 2138 4406 ὀνειδιζόμενος.

287 4430 504 4485 Titulus
541 4432 860 4501 praepositus
889 4433 1134 4488 continet
1166 4451 1180 4487 :
1220 4432 1286 4487 In
1322 4435 1502 4503 ﬁnem,
1537 4433 1706 4487 David
1732 4435 1786 4486 in
1814 4432 2317 4497 rememorationem,
2353 4433 2491 4501 quod
2515 4433 2716 4486 salvum
2741 4450 2821 4487 me
2851 4436 3031 4503 fecerit
3069 4436 3340 4492 Dominus.
3367 4440 3477 4497 Hoc

216 4526 384 4595 igitur
415 4536 520 4590 est,
553 4528 606 4581 in
641 4530 745 4583 line
775 4537 1142 4599 contemptus,
1178 4540 1273 4585 aut
1309 4545 1433 4585 cum
1464 4529 1677 4585 venerit
1725 4529 1777 4583 in
1819 4526 2348 4589 rememorationem,
2393 4526 2538 4595 quod
2579 4527 2787 4581 salvum
2824 4541 2946 4580 eum
2991 4527 3181 4582 fecerit
3213 4529 3480 4590 Dominus

215 4619 349 4674 dicit
377 4621 667 4690 psalmum.
708 4619 875 4674 David
921 4621 1066 4676 enim
1113 4621 1500 4690 interpretatur
1534 4629 1876 4689 contemptus,
1911 4617 2088 4688 qualis
2115 4627 2196 4671 est
2226 4617 2431 4686 justus,
2472 4619 2564 4688 qui
2599 4617 2874 4672 invenitur
2911 4627 3254 4688 contemptus
3296 4623 3363 4677 ab
3414 4626 3479 4679 lit-

216 4715 310 4782 (ιυί
338 4713 390 4766 in
425 4711 631 4766 mundo
663 4721 810 4780 sunt,
843 4722 936 4767 aut
960 4713 1140 4783 qualis
1170 4720 1258 4767 est
1288 4724 1541 4782 peccator
1568 4710 1979 4780 opprobriosus.

291 4809 343 4863 1.
375 4808 432 4860 ’0
456 4807 606 4873 Θεὸς,
639 4807 924 4879 εὐδόκησω
949 4807 1028 4869 εἰς
1059 4806 1118 4860 τὸ
1146 4805 1528 4860 ἀντιλαϐέσθαι
1559 4823 1681 4878 μου.
1833 4808 1878 4862 D

1833 4808 1878 4862 ι)
1982 4802 2032 4854 1.
2062 4800 2408 4870 C‘omplaceat
2437 4799 2553 4863 tibi,
2591 4800 2748 4865 Deus,
2785 4802 2915 4855 mihi
2951 4817 3105 4871 opem
3137 4803 3275 4859 ferre

287 4902 344 4956 2.
385 4899 580 4971 Κύριε,
605 4901 683 4963 εἰς
704 4900 765 4953 τὸ
788 4899 1052 4972 βοηθῆσαι
1073 4901 1210 4973 ὑπὲρ
1229 4899 1362 4972 ἐμοῦ
1389 4899 1682 4970 παραγίνου
1703 4897 1798 4968 (7).

1979 4893 2034 4944 2.
2086 4890 2332 4955 Domine,
2379 4892 2444 4945 ad
2497 4889 2778 4945 ferendum
2813 4909 2913 4961 pro
2946 4909 3030 4946 me
3079 4895 3340 4950 auxilium
3386 4901 3470 4953 ad-

1912 4999 2058 5038 νοηι.

287 5079 343 5133 3.
386 5078 476 5148 Μὴ
494 5076 763 5148 ποιήσωσι
777 5075 852 5147 (8)
871 5075 931 5129 τὸ
948 5075 1162 5148 θέλημα
1183 5075 1362 5128 αὐτῶν
1384 5076 1440 5128 ἐν
1465 5073 1678 5146 μηδενί.

1972 5075 2026 5128 5.
2060 5072 2405 5127 Voluntatem
2444 5087 2597 5127 suam
2633 5073 2778 5126 nulla
2807 5073 2858 5127 in
2894 5091 2951 5129 re
2985 5091 3371 5148 exsequantur.

289 5173 341 5226 4.
382 5171 563 5243 Μηδὲν
583 5168 878 5233 ἀνύσαντες
902 5168 977 5240 (9)
1004 5168 1317 5223 παοαυτίκα
1349 5167 1726 5238 αἰσχυνόμενοι
1749 5166 1797 5218 οἱ

1977 5167 2031 5220 4.
2074 5165 2219 5219 Nihil
2272 5166 2617 5236 proﬁcientes
2671 5168 2852 5222 statim
2885 5170 3207 5226 erubescant
3238 5174 3475 5234 dicentes

218 5267 468 5338 λέγοντές
495 5283 620 5338 μοι’
654 5261 815 5334 Εὖγε,
847 5260 991 5334 εὖγε.

863 5260 991 5334 εὖγε.
1909 5258 2041 5313 mihi
2066 5277 2079 5312 :
2111 5257 2277 5329 Euge,
2305 5274 2457 5328 euge.

1174 5399 1479 5463 Addenda
1514 5407 1574 5463 et
1600 5396 1977 5476 corrigenda
2008 5413 2086 5457 ex
2118 5399 2260 5458 cod.
2284 5396 2484 5460 Vatic.

322 5574 371 5644 1)
400 5573 606 5644 ἈγίωνΔ
629 5571 827 5644 λέγειπ
2078 5565 2200 5644 Ἐπὶ
2227 5565 2391 5643 τέλει,
2423 5579 2524 5618 etc.
2566 5562 2817 5644 Eitafite
2850 5566 2996 5638 ἔλθῃ,
3029 5583 3131 5627 etc.

322 5574 371 5644 1)
400 5573 597 5640 Ἀγίων
629 5573 799 5639 λέγει.

296 5573 372 5716 (2)
395 5642 922 5716 Ἐξομολογουμὲνη.
969 5711 979 5716 _

1979 5573 2052 5634 (li)
2079 5573 2200 5617 Ἐπὶ
2227 5573 2391 5628 τέλει,
2423 5579 2524 5618 ett'.
2566 5573 2696 5617 Εἶτα
2731 5573 2817 5618 ὅτε

1979 5641 2049 5706 (7)
2091 5637 2470 5705 Πολεμῆσαι...
2511 5638 2833 5707 παραγένοτ.

409 5708 833 5780 Οἱαὺτοὶάγιοι
868 5708 1195 5780 οξκήσουσιν.
1977 5709 2049 5782 (8)
2092 5708 2329 5782 Romani.

291 5777 368 5855 (ι)
397 5788 458 5839 Ἠ
484 5787 571 5839 διὰ
593 5786 690 5856 τῆς
717 5777 1082 5853 κινναϐάρεως
1112 5796 1236 5851 περ·
1976 5777 2051 5848 (9)
2091 5777 2447 5856 Ν;-⁴·,Μηδέν
2477 5778 2769 5856 ἀ.νδ.σ²ντες
2799 5779 2854 5826 ἓν
2886 5781 3473 5856 ἔμ’ῗθν-οὖῗως,ᾁπελ⁶ύ⁶

403 5857 626 5932 Κύριον.
650 5848 662 5856 ’
947 5848 958 5853 '
1187 5848 1196 5851 “
1906 5867 2105 5905 σονται.
2141 5849 2208 5903 Ν.
2236 5850 2287 5903 5.
2311 5848 2733 5918 ’Λπαοέικλητοι.
2767 5865 2894 5904 εις..
2925 5848 3096 5904 com
3124 5853 3410 5908 ἀπώλειαν.
