4036 6468
234 390 345 445 933
1156 394 1245 449 DE
1288 394 1560 452 TlTULlS
1597 394 2041 453 PSALMORUM.
2083 426 2138 437 —-
2183 396 2379 453 PSAL.
2422 397 2586 453 LXX.
3375 409 3475 467 954

315 504 360 559 7.
400 504 459 560 ’0
486 507 611 571 Θεός
646 525 766 578 μου,
802 508 957 580 ῥῦσαί
990 528 1055 581 με
1079 512 1142 564 ὲκ
1171 512 1351 582 χειρὸς
1381 514 1724 583 ἁμαρτωλοῦ·
1824 522 1871 574 Α

1824 522 1871 574 Α
1970 513 2018 566 7.
2056 511 2197 567 Deus
2229 528 2403 579 meus,
2433 515 2577 582 eripe
2615 529 2698 568 me
2724 516 2791 570 de
2820 533 2979 571 manu
3012 524 3311 586 peccatoris
3339 544 3350 577 :

304 596 362 656 .8.
398 598 491 650 Ἐκ
517 600 696 669 χειρὸς
719 601 1153 671 παρανομοῦντος
1184 604 1278 657 καὶ
1306 604 1635 668 ἀδικοῦντος.

1979 605 2031 659 8.
2066 604 2139 658 De
2168 621 2328 659 manu
2357 615 2544 661 contra
2576 609 2745 677 legem
2779 612 2984 679 agentis
3010 624 3061 665 et
3093 615 3280 683 iniqui.

308 690 359 743 9.
384 690 505 742 Ὅτι
529 692 591 743 σὺ
622 690 670 743 εἷ
695 695 727 761 ὴ
766 694 1007 764 ὑπομονὴ
1046 712 1168 763 μου,
1204 696 1396 765 Κύριε·

1980 696 2031 751 9.
2064 695 2329 762 Quoniam
2360 707 2415 750 tu
2447 713 2505 752 es
2545 700 2801 766 patientia
2841 717 2979 765 mea,
3011 703 3265 759 Domine:

311 781 389 835 10.
424 783 615 852 Κύριε,
706 786 983 859 ἐλπίςομου
1018 789 1080 839 ἐκ
1113 788 1358 858 νεότητός
1384 806 1504 857 μου.

1982 788 2067 841 10.
2106 789 2353 856 Domine,
2381 805 2505 856 spes
2536 806 2651 843 mea
2681 807 2710 843 a
2730 792 3015 859 juventnle
3044 812 3181 850 mea.

306 873 392 926 11.
439 874 559 925 Ἐπὶ
596 875 655 927 σὲ
696 877 1092 947 ὲπεστηρέχθην
1121 879 1227 930 ἀπὸ
1253 884 1506 952 γαστρός

1498 900 1506 913 ι
1981 878 2067 931 11.
2105 874 2160 930 ιη
2190 888 2239 932 te
2265 880 2620 935 conﬁrmatus
2651 897 2771 935 sum
2805 897 2869 936 ex
2900 893 3052 937 utero
3080 904 3092 937 :

304 963 391 1016 12.
440 965 534 1017 Ἐκ
565 966 770 1030 κοιλίας
794 970 997 1040 μητρός
1026 988 1126 1040 μου
1159 971 1221 1023 σύ
1257 990 1358 1041 μου
1391 970 1440 1026 εἷ
1472 978 1805 1041 σκεπαστής·

1981 970 2069 1023 12.
2115 969 2186 1024 De
2234 980 2419 1025 ventre
2456 973 2645 1026 matris
2692 989 2826 1029 meae
2872 984 2929 1029 tu
2972 992 3126 1030 meus
3185 994 3242 1032 es
3294 990 3462 1047 prote-

1907 1072 2042 1116 ctor.

307 1142 389 1197 15.
431 1144 516 1196 Ἐν
549 1146 629 1198 σοὶ
661 1149 692 1218 ἡ
718 1147 951 1218 ὕμνησίς
984 1167 1083 1219 μου
1113 1152 1425 1218 διαπαντός.

1326 1156 1425 1218 τός.
1981 1158 2065 1209 15.
2103 1159 2161 1209 In
2185 1167 2238 1211 te
2267 1160 2506 1213 cantatio
2536 1175 2655 1214 mea
2686 1176 2920 1230 semper.

302 1235 390 1287 H.
434 1236 579 1289 Ὠσεὶ
608 1238 767 1307 τέρας
800 1242 1060 1312 ἐγενήθην
1089 1246 1200 1304 τοῖς
1235 1231 1467 1311 πολλοῖς’

1979 1248 2063 1302 14.
2101 1248 2379 1319 Tanquam
2402 1253 2719 1322 .prodigium
2753 1253 2927 1309 iactus
2953 1269 3071 1309 sum
3107 1258 3290 1311 multis
3320 1274 3329 1309 ;

302 1325 388 1377 15.
423 1326 532 1378 Καὶ
562 1329 626 1380 σὺ
660 1327 850 1398 βοηθός
882 1348 982 1400 μου
1014 1334 1287 1403 κραταιός.

1105 1334 1287 1397 ιταιός.
1976 1341 2061 1393 15.
2097 1340 2163 1393 Ει
2194 1352 2247 1395 ιιι
2279 1343 2495 1411 adjutor
2520 1345 2699 1399 fortis.

295 1415 383 1472 16,
412 1418 756 1490 Πληρωθήτω
790 1422 849 1497 τὸ
889 1424 1059 1493 στόμα
1094 1442 1193 1493 μου
1222 1426 1497 1492 αἰνέσεως,

1313 1426 1497 1492 ἐσεως,
1980 1432 2066 1485 16.
2106 1434 2395 1503 Repleatnr
2428 1452 2490 1491 os
2523 1454 2699 1492 meum
2730 1440 2907 1504 laude,

295 1509 382 1560 17.
423 1511 607 1573 Ὅπως
638 1513 860 1583 ὑμνήσω
894 1516 991 1585 τὴν
1022 1516 1176 1580 δόξαν
1199 1534 1313 1593 σου·

1308 1537 1313 1548 ν
1977 1525 2063 1577 17.
2100 1524 2169 1580 Ut
2200 1537 2413 1582 cantem
2452 1530 2677 1599 gloriam
2717 1541 2902 1586 tuam:

299 1599 385 1653 18.
418 1601 585 1671 ’Ὅλην
611 1603 705 1672 τὴν
733 1604 943 1675 ἡμέραν
978 1607 1073 1677 τὴν
1105 1611 1574 1681 μεγαλοπρέπειαν
1616 1630 1727 1668 σου.

1428 1626 1574 1665 πειαν
1616 1630 1727 1668 σου.
1977 1619 2063 1671 18.
2103 1618 2235 1674 Tota
2271 1621 2357 1676 die
2392 1623 2819 1693 magnitudinem
2854 1634 3022 1679 tuam.

300 1692 386 1747 19.
420 1692 509 1763 Μὴ
542 1694 849 1766 ἀποῤῥὶψῃς
881 1716 946 1768 με
972 1701 1049 1765 εἰς
1075 1701 1262 1772 καιρὸν
1282 1705 1485 1773 γήρως·

1975 1713 2063 1767 19.
2095 1714 2173 1767 Ne
2205 1716 2459 1785 projicias
2490 1733 2576 1772 me
2600 1720 2652 1770 in
2687 1728 2927 1787 tempore
2956 1722 3248 1773 senectutis
3276 1741 3286 1774 :

294 1782 383 1835 20.
432 1784 517 1836 ’Ev
542 1785 617 1854 τῷ
651 1787 920 1842 ἐκλείπειν
947 1792 1045 1861 τὴν
1083 1795 1236 1863 ἰσχύν
1274 1814 1397 1864 μου,
1456 1816 1531 1870 μη
1566 1816 1800 1868 εγκατα-
1832 1860 1874 1883 ᾖ

1866 1864 1874 1883 ι
1975 1805 2063 1857 20.
2096 1805 2230 1859 Cum
2285 1807 2543 1864 defecerit
2589 1812 2760 1866 virtus
2806 1828 2948 1875 mea,
3004 1830 3068 1867 ne
3119 1814 3460 1883 derelinquas

220 1876 386 1944 λίπης
428 1894 515 1945 με.
1004 1860 1011 1861 7
1138 1860 1169 1863 Π
1274 1860 1285 1864 ὴ
1456 1860 1467 1867 .
1519 1860 1531 1870 ’
1604 1860 1617 1868 ⁷
1832 1860 2010 1949 Bme.

288 1970 382 2023 21.
418 1971 539 2023 Ὅτι
572 1968 722 2025 εἷπον
743 1975 790 2026 οἱ
814 1974 995 2046 ἐχθροί
1042 1995 1140 2044 μου
1164 1980 1303 2049 ἐμοι·

1970 1985 2058 2038 21.
2097 1985 2230 2051 Quia
2268 1988 2523 2044 dixerunt
2551 1990 2754 2046 inimici
2780 1995 2883 2048 mei
2912 1996 3077 2048 mihi:

286 2059 376 2113 22.
410 2062 518 2114 Καὶ
542 2064 588 2115 οἱ
616 2063 976 2131 φυλάσσοντες
999 2067 1097 2137 τὴν
1128 2068 1303 2141 ψυχήν
1331 2088 1452 2141 μου,

1972 2077 2059 2132 22.
2094 2078 2161 2132 Et
2183 2080 2273 2149 qui
2306 2082 2686 2137 custodiebant
2718 2085 2953 2139 animam
2990 2104 3184 2153 meam,

285 2150 377 2205 23.
423 2151 844 2207 Ἐὁουλεύσαντο
874 2154 970 2208 ἐπὶ
999 2157 1059 2209 τὸ
1087 2159 1235 2222 αὐτὸ,

1969 2169 2059 2225 23.
2093 2171 2392 2227 Consilium
2424 2174 2670 2231 fecerunt
2697 2177 2750 2230 in
2787 2194 2980 2245 unum,

287 2243 381 2299 24.
413 2244 694 2312 Λέγοντες·
741 2246 799 2300 '0
814 2247 945 2311 Θεὸς
974 2249 1328 2317 ἐγκατέλιπεν
1355 2252 1537 2309 αὐτονο

1411 2253 1537 2309 ὶτονο
1962 2260 2053 2314 24.
2082 2261 2331 2318 Dicentes
2358 2282 2372 2317 :
2403 2265 2545 2320 Deus
2566 2267 2854 2337 dereliquit
2886 2243 3005 2324 eum

288 2334 382 2388 9.5.
408 2337 812 2404 Καταδιώξατε,
841 2340 934 2391 καὶ
968 2342 1300 2398 καταλάὸετε
1335 2348 1514 2401 αὐτόν·

1970 2352 2061 2408 25.
2094 2352 2510 2426 Persequimini,
2537 2370 2591 2413 et
2613 2334 3050 2431 comprehendite
3076 2379 3197 2419 eum

284 2425 376 2481 26.
407 2427 527 2481 Ὅτι
549 2430 649 2482 οὐκ
670 2430 813 2483 ἐστιν
832 2434 859 2485 ό
889 2433 1168 2503 ῥυόμενος.

1965 2443 2053 2497 2'6.
2088 2444 2223 2510 Quia
2256 2425 2362 2500 non
2389 2456 2471 2502 est
2506 2450 2597 2519 qui
2625 2425 2838 2521 eripiat.

284 2517 379 2573 27.
426 2520 483 2573 '0
514 2520 644 2584 Θεός
677 2539 798 2592 μου,
833 2523 905 2596 μὴ
932 2525 1216 2599 μακρύνῃς
1242 2530 1336 2581 ἀπ’
1361 2530 1515 2599 ἐμοῦ.

1446 2530 1515 2583 ιῦ.
1969 2535 2058 2587 27.
2096 2535 2237 2590 Deus
2266 2554 2440 2604 meus,
2474 2555 2541 2594 ne
2570 2540 2838 2610 elongeris
2863 2559 2893 2597 a
2922 2560 3040 2598 me:

288 2608 383 2666 28.
431 2611 489 2666 '0
510 2612 641 2676 Θεός
676 2632 799 2685 μου,
829 2618 908 2681 εἰς
933 2617 1030 2689 τὴν
1061 2618 1313 2690 βοήθειάν
1370 2639 1470 2691 μου
1504 2629 1758 2695 πρόσχες.

1683 2643 1758 2689 ες.
1968 2622 2058 2676 28.
2095 2622 2233 2679 Deus
2263 2642 2439 2696 meus,
2466 2628 2517 2682 in
2548 2630 2812 2685 auxilium
2846 2645 3021 2687 meum
3059 2637 3277 2704 respice.

1338 2821 1713 2880 ATHANASH
1752 2825 2335 2888 INTERPRETATIO.

286 2986 341 3038 7.
374 2984 479 3038 Τοῦ
514 2986 758 3039 διαϐόλου
786 2988 863 3059 (1)
892 2990 1060 3046 λέγει.

918 2994 1060 3046 ,ἐνει.
1972 3005 2022 3059 7.
2055 3005 2286 3071 Diaboli,
2320 3010 2512 3079 inquit.

282 3077 340 3132 8.
373 3077 478 3129 Τοῦ
505 3079 687 3135 αὑτοῦ.

1972 3099 2024 3153 8.
2060 3099 2334 3168 Ejusdem.

285 3166 340 3220 9.
370 3168 491 3222 Ὀτι
515 3171 578 3223 σὺ
610 3168 661 3225 εἴ
686 3176 717 3245 ἡ
742 3178 1084 3252 παράκλησίς
1109 3197 1231 3250 μου,
1254 3180 1450 3253 Κύριε.
1816 3170 1857 3224 C

1816 3170 1857 3224 (ἶ
1960 3188 2012 3241 9.
2042 3166 2309 3255 Quoniam
2345 3200 2401 3245 tu
2437 3208 2496 3249 es
2518 3195 2818 3251 consolatio
2845 3212 2986 3262 mea,
3022 3197 3266 3257 Domine.

282 3257 369 3311 10.
408 3259 479 3310 Σὺ
510 3256 560 3312 εἴ
582 3262 736 3327 ἐλπίς
769 3284 870 3334 μου
904 3269 997 3338 ἀφ’
1021 3262 1083 3323 οὗ
1106 3270 1427 3345 ὲνεποιήθην
1456 3271 1557 3348 (Ξ).

1958 3279 2044 3335 10.
2077 3280 2154 3335 Τιι
2186 3298 2245 3337 es
2279 3301 2405 3354 spes
2438 3302 2581 3353 mea,
2604 3305 2671 3345 ex
2697 3308 2807 3361 quo
2838 3293 3109 3366 ingenitus
3136 3314 3274 3354 sum.

276 3349 369 3402 11.
413 3350 545 3405 Ἀπὸ
574 3355 667 3409 τοῦ
692 3356 1091 3431 βαπτίσματος.

832 3361 1091 3431 {oua-cog.
1955 3370 2044 3425 11.
2070 3371 2115 3425 Α
2140 3349 2426 3443 baptismo.

273 3438 366 3493 12.
402 3440 495 3495 Ἐκ
527 3445 623 3515 τῆς
654 3446 1055 3520 κολυμϐήθρας.

835 3448 1055 3520 δήθρας.
1960 3463 2047 3519 12.
2087 3464 2161 3519 Ex
2194 3438 2429 3524 lavacro.

273 3530 365 3583 15.
406 3531 471 3584 Ἡ
501 3535 796 3603 προσδοκία
832 3555 956 3606 μου.

1959 3555 2046 3611 15.
2078 3558 2422 3627 Exspectatio
2451 3576 2566 3615 mea

272 3623 363 3677 14.
412 3624 555 3676 Ὠσεὶ
590 3627 837 3694 παίγνιον
863 3630 938 3697 (5)
972 3631 1084 3693 τοῖς
1112 3633 1350 3704 δαίμοσι.

1957 3647 2041 3701 11.
2080 3623 2359 3717 Tan-quam
2388 3651 2679 3705 ludibrium
2706 3652 3062 3711 daemonibus.

274 3715 364 3769 15.
403 3717 510 3770 Καὶ
546 3719 608 3770 σὺ
637 3718 826 3788 βοηθός
854 3738 953 3791 μου
981 3725 1227 3795 ἰσχυρός,

1956 3739 2043 3793 15.
2076 3738 2138 3794 Ει
2166 3715 2228 3795 ιιι-
2248 3742 2463 3811 adjutor
2486 3759 2640 3800 meus
2667 3746 2898 3801 validus.

274 3809 365 3862 16.
400 3810 510 3879 Τῆς
531 3812 751 3882 χάριτός
774 3831 888 3869 σου.

791 3831 888 3869 που.
1967 3828 2053 3882 16.
2086 3828 2267 3884 Gratia
2296 3809 2385 3887 tua

276 3902 367 3955 17.
402 3903 510 3974 Τὴν
538 3905 843 3978 ὡραιότητα
874 3910 949 3980 (4)
977 3915 1075 3983 τῆς
1098 3913 1378 3987 δυνάμεώς
1398 3933 1514 3975 σου.

1398 3933 1514 3975 σου,
1953 3921 2041 3977 17,
2072 3920 2538 3981 Pulchritudinem
2570 3931 2823 3996 potentiae
2852 3940 2976 3987 tuae.

272 3994 363 4047 18.
384 3995 796 4067 Κοιταζόμενος,
813 4004 904 4054 καὶ
920 4003 1348 4078 διανιστάμενος,
1371 4012 1465 4067 καὶ
1490 4014 1784 4086 πορευόμε-

1957 4013 2041 4066 18.
2074 4012 2359 4070 Dormiens
2402 4025 2455 4071 et
2495 3994 2750 4086 surgens,
2782 4030 2836 4073 et
2881 4022 3169 4078 ambulans
3219 4026 3450 4084 laudabo

195 4102 288 4149 νος
323 4086 547 4157 ὑμνήσω
570 4088 631 4141 τὸ
663 4090 891 4160 μέγεθος
922 4094 997 4162 ,τὸ
1030 4097 1409 4171 ἀκατάληπτον
1440 4102 1539 4172 τῆς
1584 4107 1781 4177 εὐπρε-

1727 4125 1781 4158 ε-
1885 4108 2311 4177 magnitudinem
2350 4110 2951 4181 incomprehensibilem
2980 4118 3193 4172 decoris
3226 4125 3320 4175 lui.

198 4194 362 4239 πειας
386 4196 477 4232 σου

270 4273 361 4326 19.
394 4275 846 4351 Μὴόπορῤίψῃς
896 4298 985 4351 με,
1040 4282 1168 4338 ὅταν
1228 4286 1391 4356 ἐγγὺς
1443 4288 1663 4360 γίνομαι
1702 4288 1777 4359 (5)

1956 4282 2043 4336 19.
2070 4281 2149 4338 Ne
2178 4284 2402 4354 abjicias
2441 4303 2527 4343 me
2552 4304 2676 4344 cum
2718 4306 2884 4361 pmpe
2916 4309 2995 4358 es,
3037 4305 3093 4348 ut
3122 4297 3441 4365 dispeream.

193 4364 531 4435 ἀφανισμοῦ.

268 4455 359 4510 20.
396 4459 484 4511 Ἐν
511 4460 588 4530 τῷ
612 4460 856 4516 ἀσθενεῖν
884 4464 981 4535 τὴν
1007 4464 1181 4537 ψυχήν
1209 4484 1308 4537 μου
1346 4468 1420 4541 μὴ
1449 4470 1613 4541 ἐάσῃς
1648 4486 1738 4537 με.

1806 4511 1853 4566 D
1954 4463 2044 4517 20.
2078 4462 2156 4519 Ne
2176 4464 2414 4519 dimittas
2440 4482 2526 4522 me
2549 4483 2673 4522 cum
2707 4469 2891 4524 anima
2918 4486 3037 4525 mea
3066 4474 3388 4529 inﬁrmatur.

268 4551 361 4605 21.
400 4553 519 4606 Ὅτι
551 4555 832 4609 ἀπειλοῦσί
866 4575 932 4627 με
969 4557 1042 4627 (6)
1076 4559 1124 4611 οἱ
1149 4559 1419 4629 δαίμονες.
1806 4551 1849 4566 ν

1806 4551 1849 4566 ν
1946 4558 2033 4614 2|.
2068 4554 2333 4622 Quoniam
2364 4560 2495 4614 mihi
2533 4563 2806 4618 minantur
2836 4564 3130 4620 dazmones.

266 4642 341 4695 22
400 4644 508 4697 Καὶ
533 4646 583 4698 οἱ
607 4646 952 4716 ἐκδεχόμενοι
986 4649 1312 4718 παγιδεῦσαί
1335 4667 1421 4721 με.

1946 4648 2033 4703 22.
2061 4648 2128 4703 Et
2160 4652 2252 4719 qui
2286 4663 2601 4722 exspectant
2633 4656 2844 4725 laqueis
2876 4673 2961 4712 me
2996 4658 3230 4713 irretire.

260 4733 357 4790 25.
383 4735 660 4804 Συνταγὰς
684 4737 865 4807 ἔχουσι
898 4740 1016 4792 κατ’
1046 4740 1205 4810 ἐμοῦ,

1945 4739 2036 4794 23.
2063 4739 2263 4799 Foedus
2294 4743 2565 4801 iniverunt
2593 4757 2783 4802 contra
2813 4763 2921 4813 me,

259 4826 355 4882 24.
386 4828 670 4897 Λέγοντες·
719 4830 778 4882 'O
799 4829 930 4894 Θεὸς
956 4830 1135 4883 εἴασεν
1167 4832 1350 4887 αὐτόν.

1946 4830 2035 4885 24.
2068 4831 2321 4890 Dicentes
2349 4854 2362 4891 :
2396 4836 2537 4893 Deus
2565 4838 2775 4895 dimisit
2810 4856 2954 4897 eum.

262 4920 358 4974 25.
384 4921 707 4991 Κρατήσατε
743 4922 924 4985 αὑτὸν,
958 4924 1050 4976 καὶ
1071 4925 1538 4997 κατακνριεύσατε
1575 4929 1766 4987 αὐτου.

1614 4929 1766 4987 ὐτου.
1948 4924 2039 4978 25.
2078 4924 2277 4982 Tenele
2300 4944 2446 4995 eum,
2474 4940 2528 4985 et
2556 4931 2910 4987 dominamini
2948 4934 3000 4987 in
3033 4933 3207 5002 ipsum

264 5012 357 5065 26.
388 5012 509 5064 Ὀτι
528 5013 704 5075 οὐδεὶς
725 5012 947 5067 δύναται
978 5017 1139 5069 αὑτὸν
1194 5016 1456 5087 ῥύσασθαι
1494 5020 1553 5085 ἐξ
1585 5020 1764 5091 ἡμῶν.

1950 5016 2039 5070 26.
2072 5017 2338 5083 Quoniam
2367 5037 2527 5076 nemo
2556 5032 2728 5093 potest
2759 5023 2908 5077 illum
2942 5039 2971 5078 a
3006 5025 3159 5081 nobis
3195 5025 3440 5082 liberare.

263 5100 358 5154 27.
402 5100 460 5153 '0
482 5100 613 5165 Θεός
638 5120 759 5172 μου,
793 5102 867 5173 μὴ
895 5104 1063 5177 ἐάσῃς
1096 5124 1189 5176 με.

1944 5108 2033 5161 27.
2066 5108 2207 5165 Deus
2234 5127 2407 5178 meus,
2438 5129 2506 5168 ne
2537 5114 2778 5169 dimittas
2813 5129 2918 5169 me.

259 5191 353 5247 28.
424 5192 482 5252 Ὀ
531 5193 724 5265 ἐφορός
772 5212 901 5265 μου,
966 5201 1271 5273 προνοητής
1325 5219 1424 5273 μου
1475 5202 1766 5273 εὐδόκιμον

1946 5199 2036 5253 28.
2069 5199 2344 5271 lnspector
2389 5220 2545 5261 meus
2583 5207 2916 5278 complaceat
2962 5205 3057 5261 tibi
3105 5216 3166 5260 ut
3198 5209 3444 5276 provisor

190 5281 353 5340 εἶναι.

1881 5304 2034 5343 meus
2058 5290 2151 5345 sis.

1150 5467 1455 5530 Addenda
1487 5476 1547 5532 et
1582 5469 1957 5548 corrigenda
1989 5487 2067 5531 ex
2112 5470 2252 5530 cod.
2296 5470 2491 5533 Vatic.

264 5659 345 5740 (
384 5659 480 5740 Ἐκ
506 5655 801 5740 χειρὸςλτοῦ
823 5658 1089 5716 διαϐόλου.
1120 5658 1281 5717 Deest
1309 5659 1470 5729 λέγει.
2037 5653 2277 5740 ἒεὸτητα

364 5724 830 5810 λΕνεωποιῄθην..Λ
1380 5724 1390 5729 ⁷
2045 5724 2303 5810 Lamp“...

265 5796 342 5872 (5)
364 5799 617 5868 Παίγνιω
642 5796 904 5872 ἐγενήθην
1944 5796 2016 5865 \6)
2048 5796 2154 5847 Μοι
