4036 6442
583 325 688 385 935
1434 329 1490 384 S.
1527 328 1901 385 ATHANASH
1941 329 2094 386 OPP.
2137 330 2319 387 PARS
2355 330 2444 386 ill.
2483 362 2555 373 —-
2591 331 3013 388 EXEGETICA.
3761 332 3866 388 936

645 437 738 493 29.
764 438 1182 496 Confundantur
1208 450 1261 498 et
1289 441 1549 498 deficiant
1580 441 1933 498 detrahentes
1956 444 2153 498 animae
2185 453 2230 508 Α

2327 444 2418 501 29.
2446 445 2906 516 Αἰσχυνθήτωσαν
2940 444 3032 497 καὶ
3057 439 3430 499 ἑὲλιπέτωέαν
3483 444 3532 498 οἱ
3579 443 3864 498 ἐνδιαϐαλ-

578 543 740 583 mea.
2268 539 2448 603 λοντες
2477 539 2575 610 τὴν
2604 538 2785 610 ψυχήν
2817 555 2942 608 μου.

649 621 736 676 50.
771 618 1098 691 Operiantur
1118 621 1442 680 confusione
1471 633 1526 680 et
1549 626 1758 696 pudore
1785 625 1880 698 qui
1907 637 2164 697 quaerunt

2337 633 2424 688 30.
2462 631 2980 704 Περιϐαλλέσθωσαν
3025 629 3287 701 αἰσχύνην
3326 629 3421 685 καὶ
3475 632 3750 702 ἐντροπὴν
3812 637 3855 687 οὲ

578 713 718 767 mala
750 713 908 765 mihi.

2268 723 2554 796 ζητοῦντες
2580 724 2650 778 τὰ
2677 724 2824 778 κακά
2847 741 2955 794 μοι.

644 808 732 859 51.
782 804 890 874 Ego
922 813 1104 859 autem
1140 821 1353 875 semper
1377 808 1608 877 sperabo
1632 809 1684 862 in
1717 818 1803 863 te:

2340 821 2424 874 5L
2475 819 2615 886 Ἐγὼ
2641 818 2696 871 δὲ
2727 816 3016 878 διαπαντὸς
3046 814 3218 868 ἐλπιῶ
3246 815 3340 869 ἐπὶ
3366 815 3447 870 σέ.

647 898 734 954 32.
764 897 830 950 Et
859 898 1112 966 adjiciam
1151 913 1314 967 super
1343 914 1563 954 omnem
1593 900 1810 955 laudem
1846 909 2020 956 tuam.

2340 912 2428 967 52.
2458 912 2566 966 Καὶ
2593 911 2884 982 προσθήσω
2906 911 2997 963 ἐπὶ
3024 911 3203 964 πᾶσαν
3226 909 3326 982 τὴν
3350 907 3559 963 αἷνεσίν
3595 925 3713 961 σου.

648 992 738 1046 55.
770 990 844 1044 Os
876 1005 1056 1044 meum
1088 991 1434 1045 annuntiabit
1461 991 1730 1062 justitiam
1767 1003 1938 1059 tuam,

2337 1008 2425 1060 55,
2478 1006 2551 1058 Τὸ
2575 1005 2750 1074 στόμα
2782 1021 2883 1074 μου
2913 1002 3205 1072 ἀναγγελεῖ
3224 1002 3320 1073 τὴν
3351 1000 3702 1054 δικαιοσύντην
3742 1018 3835 1054 σου

647 1083 736 1136 54.
770 1080 905 1136 Tota
937 1081 1022 1136 die
1055 1083 1294 1137 salutare
1329 1091 1506 1138 tuum.

2334 1101 2423 1157 54.
2450 1100 2617 1171 Ὅλην
2651 1099 2748 1170 τὴν
2775 1098 2988 1169 ἡμέραν
3008 1097 3108 1168 τὴν
3135 1095 3408 1168 σωτηρίαν
3433 1111 3547 1148 σου.

645 1173 736 1228 55.
772 1171 1043 1238 Quoniam
1077 1188 1185 1227 non
1214 1175 1445 1244 COgnovi
1469 1174 1804 1230 litteraturas

1729 1191 1804 1230 τεῦ
2335 1193 2422 1248 55.
2452 1194 2571 1246 ’Ὁτι
2599 1193 2698 1246 οὐκ
2729 1190 2899 1260 ἔγνων
2921 1189 3323 1260 γραμματείοις,

646 1267 732 1320 56.
768 1265 1008 1320 lntroibo
1040 1267 1093 1320 in
1121 1267 1358 1336 potentia
1421 1267 1636 1322 Domini

2331 1285 2418 1341 56.
2457 1285 2844 1354 Εἰσελεύσομαι
2876 1285 2932 1336 ἐν
2957 1282 3244 1351 δυναστείᾳ
3276 1279 3502 1352 Κυρίου·

650 1359 740 1413 57.
780 1358 1030 1422 Domine,
1067 1361 1414 1414 memorabor
1439 1361 1668 1430 justitiae
1699 1370 1804 1417 tuae
1839 1363 2033 1418 solius.

2334 1379 2421 1433 37.
2443 1377 2632 1449 Κύριε,
2656 1375 3040 1447 μνησθήσομαι
3063 1374 3162 1443 τῆς
3177 1371 3524 1444 δικαιοσύνης
3547 1389 3641 1426 σου
3665 1371 3854 1442 μόνου.

646 1450 734 1504 38.
772 1450 913 1504 Deus
953 1466 1108 1505 meus
1136 1491 1151 1516 ,
1211 1466 1333 1521 quae
1377 1451 1614 1508 docuisti
1667 1469 1755 1509 me
1803 1468 1834 1507 a
1881 1454 2164 1522 juventute

2334 1475 2424 1530 38.
2464 1474 2522 1527 '0
2543 1474 2673 1537 Θεός
2703 1491 2823 1544 μου,
2853 1472 2888 1526 ἃ
2911 1468 3153 1537 ὲδίδαξάς
3182 1487 3248 1542 με
3278 1472 3342 1522 ὲκ
3376 1466 3629 1540 νεότητός
3659 1485 3780 1540 μου·

578 1559 695 1598 mea
723 1561 737 1597 Ζ

651 1636 739 1689 59.
770 1634 837 1690 Et
872 1651 1045 1706 usque
1073 1654 1218 1694 nunc
1247 1639 1613 1708 pronuntiabo
1642 1639 1911 1694 mirabilia
1944 1648 2054 1691 tua.

2333 1653 2421 1707 59.
2442 1652 2549 1705 Καὶ
2579 1651 2738 1721 μέχρι
2770 1647 2863 1702 τοῦ
2894 1647 2990 1701 νῦν
3015 1643 3312 1713 ἀπαγγελῶ
3339 1642 3403 1695 τὰ
3427 1639 3706 1712 θαυμάσιὰ
3735 1656 3849 1691 σου.

640 1726 727 1780 40.
766 1727 831 1781 Ει
863 1745 1037 1799 usque
1066 1730 1120 1782 in
1151 1739 1426 1786 senectam
1458 1741 1512 1787 et
1545 1733 1757 1788 senium
1786 1751 1798 1786 :
1827 1731 1967 1785 Deus
1987 1745 2159 1796 meus,

2332 1747 2418 1801 40.
2453 1747 2562 1799 Καὶ
2593 1745 2695 1809 ἓως
2747 1744 2931 1814 γήρως
2988 1741 3082 1795 καὶ
3117 1736 3424 1810 πρεσϐείου·
3476 1736 3505 1789 ὀ
3539 1734 3673 1797 Θεὸς
3725 1751 3849 1803 μου,

579 1834 647 1873 ne
672 1820 1020 1891 derelinquas
1047 1839 1133 1877 me
1158 1841 1172 1877 :

2196 1819 2237 1873 Β
2270 1841 2343 1912 μὴ
2366 1839 2730 1910 ἐγκαταλίπῃς
2756 1853 2840 1908 με·

641 1913 728 1968 41.
762 1913 941 1971 Donec
969 1917 1289 1972 annuntiem
1316 1915 1604 1972 brachium
1632 1924 1781 1968 tuum
1815 1914 2153 1983 generatioui

2334 1931 2421 1984 41.
2462 1931 2603 1992 Ἕως
2628 1928 2691 1981 ἂν
2722 1926 3015 1995 ἀπαγγελῶ
3045 1926 3134 1978 τὸν
3178 1920 3438 1994 βραχίονά
3469 1935 3562 1972 σου
3597 1921 3665 1989 τῇ
3687 1915 3853 1986 γενεᾷ

571 2007 739 2072 omni,
770 2025 891 2078 qua:
923 2018 1152 2064 ventura
1181 2023 1286 2065 est.

1192 2023 1286 2065 est.
2262 2025 2410 2097 πάσῃ
2431 2026 2495 2094 τῇ
2521 2021 2786 2094 ἐρχομένῃ

639 2099 728 2152 42.
753 2100 1054 2158 Potentiam
1095 2114 1244 2158 tuam
1269 2113 1321 2157 et
1344 2103 1614 2172 justitiam
1649 2112 1818 2163 tuam,

2333 2117 2419 2170 4'2.
2454 2117 2527 2184 (a)
2589 2114 2697 2166 Tiw
2753 2108 3068 2164 δυναστείαν
3126 2123 3243 2168 σου,
3273 2105 3367 2158 καὶ
3414 2103 3513 2173 τὴν
3566 2099 3843 2154 δικαιοσύ-

2261 2223 2358 2275 νην
2390 2221 2481 2256 σου
2505 2245 2519 2266 ,

639 2283 726 2339 45.
761 2285 923 2351 Deus,
953 2306 1125 2360 usque
1145 2291 1197 2344 in
1220 2292 1506 2355 altissima,
1533 2309 1654 2361 quae
1683 2293 1858 2346 fecisti
1892 2293 2024 2346 milii
2045 2307 2152 2346 ma—

2329 2296 2418 2350 45.
2455 2295 2512 2347 Ὀ
2566 2293 2717 2356 Θεὸς,
2752 2292 2855 2353 ἕως
2882 2286 2991 2341 τῶν
3036 2287 3298 2357 ὑψίστων,
3355 2285 3390 2338 ἃ
3452 2281 3717 2352 ἐποίησάς
3760 2295 3852 2350 μοι

571 2376 769 2446 gnalia.

2260 2389 2538 2461 μεγαλεῖα.

638 2468 726 2523 44.
759 2468 922 2535 Deus,
953 2487 1078 2541 quis
1110 2472 1309 2526 sunilis
1337 2473 1434 2526 tibi
1461 2475 1482 2524 ?

2321 2482 2406 2533 44.
2453 2481 2512 2532 Ὀ
2542 2477 2695 2541 Θεὸς,
2718 2474 2801 2539 τίς
2832 2473 3014 2546 ὅμοιός
3045 2487 3158 2538 σοι;

639 2560 730 2615 45.
765 2561 1010 2627 Quantas
1046 2565 1333 2619 ostendisti
1367 2566 1498 2618 mihi
1535 2565 1918 2619 tribulationes
1945 2567 2147 2621 muitas

2326 2573 2414 2627 45.
2454 2572 2624 2632 Ὀσας
2657 2567 2861 2632 ἔδειξας
2889 2583 2976 2618 οιοι
3001 2563 3210 2626 θλίψεις
3239 2560 3438 2622 πολλὰς
3460 2559 3553 2612 καὶ
3573 2555 3772 2618 κακὰς.

570 2657 622 2706 et
645 2651 814 2705 malas
841 2653 854 2704 ί

642 2805 716 2871 (a)
749 2799 902 2856 Vers.
928 2802 1013 2855 42.
1046 2803 1155 2873 Τὴν
1187 2803 1525 2871 δυναστείαν,
1563 2817 1695 2873 elc.,
1731 2827 1888 2879 usque
1921 2811 1988 2862 ad
2029 2810 2235 2879 ὑψὲστω

2250 2829 2283 2863 θ.
2319 2808 2472 2865 Vers.
2505 2809 2593 2863 45.
2628 2811 2695 2861 Ἀ
2731 2809 3012 2880 ἐποίησας,
3047 2816 3178 2869 etc.,
3204 2823 3363 2875 usque
3401 2806 3468 2857 ad
3503 2798 3687 2873 ὅμοιός
3720 2816 3784 2851 σο
3825 2815 3844 2832 ο

1705 2970 2080 3025 ATIIANASII
2132 2972 2719 3029 INTERPRETATIO.

632 3118 720 3172 29.
751 3119 955 3174 Infirmi
984 3120 1110 3175 ﬂant
1146 3122 1238 3192 qui
1269 3093 1600 3183 insidiantur
1626 3131 1822 3185 anima:
1847 3149 1997 3187 meae.
2176 3145 2218 3203 ο

2321 3133 2410 3188 29.
2456 3131 2759 3201 Ἀνίσχυροι
2789 3131 3028 3195 γίνονται
3063 3124 3136 3195 (i)
3193 3124 3241 3175 oi
3300 3118 3744 3179 ἐπιϐουλεύοντες
3771 3117 3840 3184 τῇ

2251 3225 2395 3297 ψυχῇ
2434 3243 2532 3296 μου
2543 3267 2557 3282 .

637 3297 725 3354 50.
765 3296 963 3353 Infecta
987 3315 1176 3355 eorum
1209 3313 1508 3359 vo.uutate.

2320 3296 2407 3372 '50.
2444 3317 2535 3388 Μὴ
2564 3316 2852 3387 γενομένου
2888 3314 2965 3384 ('2)
2993 3312 3086 3366 τοῦ
3114 3312 3413 3381 θελήματος
3440 3308 3640 3360 αὐτῶν.

639 3389 699 3445 51
715 3428 729 3442 .
760 3391 1123 3446 incessanter.

2323 3408 2411 3461 51.
2455 3408 2793 3469 Ἀπαύστως.

636 3480 726 3535 32.
758 3481 952 3535 Totum
976 3498 1072 3537 cor
1099 3499 1279 3539 meum
1305 3488 1512 3542 tradam
1539 3490 1606 3543 ad
1632 3497 1682 3544 te
1706 3492 2147 3560 gmrilicandum.

2323 3501 2412 3555 52.
2447 3500 2558 3574 Τὴν
2597 3501 2825 3572 καρδίαν
2863 3517 2963 3571 μου
3017 3499 3145 3572 ὅλην
3195 3496 3271 3551 δῶ
3320 3494 3397 3566 (5)
3443 3495 3522 3557 εἰς
3575 3493 3635 3546 τὸ
3684 3489 3840 3558 δοξά-

2252 3597 2362 3658 ζειν
2394 3611 2474 3647 σε.

636 3660 725 3716 55.
762 3661 1105 3718 Meditabitur
1146 3666 1362 3736 eloquia
1396 3679 1508 3724 tua.

2321 3688 2411 3742 55.
2451 3686 2751 3756 Μελετήσει
2779 3685 2848 3739 τὰ
2875 3683 3030 3754 λόγιά
3066 3700 3180 3736 σου.

636 3755 725 3810 54.
764 3756 1132 3811 lndesineuter
1158 3770 1424 3830 praecepta
1463 3773 1576 3819 tua.

2319 3783 2406 3835 54.
2450 3779 2765 3842 Ἀπαύστως
2797 3777 2894 3842 τὰς
2923 3777 3141 3840 ἐντολάς
3169 3792 3282 3829 σου.

635 3847 724 3901 55.
757 3845 1121 3903 Distentiones
1145 3861 1240 3905 aut
1265 3854 1451 3908 mundi
1480 3855 1803 3927 sapientiam
1830 3860 1895 3913 ³⁸.

2319 3873 2408 3927 55.
2439 3873 2862 3943 Περισπασμοὺς
2893 3871 2925 3941 ἢ
2962 3869 3060 3941 τὴν
3079 3869 3268 3938 σοφίαν
3298 3868 3374 3940 (4)
3400 3865 3492 3920 τοῦ
3528 3862 3757 3935 κόσμον.

637 3935 725 3991 36.
762 3937 1049 3994 Gloriabor
1082 3941 1134 3995 in
1164 3948 1447 4017 praceptis
1473 3951 1602 4006 tuis.

2320 3963 2406 4017 36.
2445 3935 2807 4034 καυχήσομαι
2836 3966 2894 4015 ιν
2914 3935 3032 4026 τοῖς
3065 3935 3452 4033 προστάγμασί
3477 3975 3591 4011 σου.

638 4028 724 4083 57.
763 4028 1034 4101 Praecepta
1062 4044 1177 4090 tua.

2319 4057 2409 4110 57.
2439 4055 2519 4108 Τὰ
2553 4028 2954 4126 προστάγματα
2977 4072 3092 4108 σου.

635 4120 725 4175 58.
756 4121 950 4178 Sacras
974 4125 1203 4194 litteras,
1238 4143 1376 4198 quas
1414 4145 1501 4182 me
1526 4141 1764 4186 nocuisti
1799 4148 1826 4186 a
1855 4146 2146 4203 Juventute

2320 4146 2408 4199 58.
2445 4144 2524 4197 Τὰ
2547 4120 2665 4214 ἱερὰ
2692 4120 3016 4217 γράμματα,
3060 4142 3095 4196 ἃ
3123 4139 3364 4207 ἐδίδαξας
3394 4156 3460 4210 με
3514 4136 3622 4190 ἀπὸ
3649 4135 3835 4207 νεότη-

568 4227 707 4266 mea.

2246 4238 2337 4301 τός
2367 4238 2441 4309 (5)
2482 4255 2600 4307 μου.

637 4303 724 4358 59.
760 4303 826 4358 Ει
858 4321 1029 4376 usque
1061 4324 1206 4364 nunc
1228 4327 1323 4366 eas
1354 4313 1685 4385 meditabor.

2317 4303 2403 4382 59.
2425 4303 2538 4380 ’Καὶ
2575 4326 2734 4397 μέχρι
2762 4326 2856 4380 νῦν
2893 4325 2969 4395 (6)
3005 4324 3143 4380 αὐτὰ
3180 4324 3479 4395 μελετήσω.

637 4394 724 4448 40.
751 4394 816 4450 Ει
837 4413 1009 4467 usque
1027 4400 1093 4453 ad
1113 4411 1417 4459 extremum
1447 4422 1628 4461 meum
1656 4407 1911 4477 spiritum
1936 4408 1988 4461 in
2013 4410 2145 4481 ipsis

2318 4420 2406 4473 40.
2439 4419 2545 4471 Καὶ
2573 4394 2933 4488 ἓως-ἐσχάτης
2955 4394 3060 4489 μου
3096 4394 3376 4484 ἀναπνοῆς
3421 4418 3478 4467 ὲν
3510 4415 3696 4475 αὐτοῖς
3732 4411 3833 4480 φύ-

565 4487 778 4541 custodi
809 4503 914 4542 me.

2175 4522 2219 4577 D
2247 4509 2404 4577 λαξόν
2433 4528 2519 4581 με.

636 4578 723 4632 41.
761 4578 942 4636 Donec
973 4597 1188 4637 narrem
1236 4598 1290 4637 In
1326 4599 1561 4654 superna
1585 4591 1888 4646 .erusaiem
1937 4595 2143 4649 sanctis

2315 4604 2402 4656 41.
2435 4578 2582 4666 τ”Εως
2633 4595 2694 4655 οὗ
2750 4602 2889 4656 εἴπω
2927 4604 2984 4656 ἐν
3030 4604 3095 4674 τῇ
3154 4601 3267 4656 ἄνω
3311 4597 3667 4673 Ἰερουσαλὴμ
3723 4596 3834 4656 τοῖς

567 4672 675 4726 tuis
705 4673 968 4728 auxilium
1004 4684 1178 4740 tuum,
1211 4693 1321 4746 quo
1350 4679 1481 4734 mihi
1508 4681 1833 4740 subvenisti.

2243 4695 2416 4762 ἁγίοις
2445 4712 2536 4747 σου
2562 4696 2660 4766 τὴν
2691 4695 2940 4766 βοήθειάν
2964 4672 3093 4759 σου,
3111 4697 3169 4748 ὲν
3271 4672 3566 4747 ἀντελάὁου
3599 4707 3724 4761 μου.

637 4763 725 4819 42.
762 4763 826 4819 Et
848 4763 1216 4821 fortitudinem
1242 4780 1386 4825 tuam
1409 4789 1658 4844 magnam
1682 4785 1735 4830 et
1762 4791 1944 4833 veram
1971 4795 2143 4850 usque

2308 4788 2396 4842 4‘2.
2426 4790 2534 4842 Καὶ
2579 4763 2701 4860 τήν-
2735 4763 2887 4859 ἰσχύν
2950 4806 3044 4841 σου
3104 4763 3506 4860 τὴνῃμεγάλην,
3551 4785 3649 4837 καὶ
3701 4783 3832 4852 ἁλη-

570 4858 622 4911 in
651 4869 871 4913 sanctos
906 4870 1048 4915 tuos.

2238 4878 2388 4951 Θινὴν
2409 4881 2512 4944 ἓως
2537 4882 2612 4952 (7)
2636 4858 2752 4936 τῶν
2779 4858 2949 4951 ἇγίων
2984 4898 3097 4935 σου.

636 4951 725 5004 45.
761 4949 1188 5007 Misericordiam
1218 4971 1381 5024 quam
1415 4959 1723 5014 ostendisti.

1624 4965 1723 5014 isti.
2311 4949 2398 5028 t5.
2436 4975 2502 5026 Ἀ
2534 4949 2792 5040 ιτέεδειξω
2822 4949 3102 5045 σπλάγχνα
3126 4973 3218 5044 (8).

636 5039 726 5104 44,
751 5040 840 5094 45.
873 5041 1211 5096 Constituisti
1243 5055 1475 5100 mentem
1509 5064 1682 5103 meam
1703 5091 1717 5116 ,
1752 5060 1809 5104 ut
1837 5067 2136 5124 cognosce-

2311 5066 2400 5128 44,
2433 5066 2520 5120 45.
2562 5068 2895 5137 Ἑπέστησας
2916 5068 3006 5119 τὸν
3033 5066 3156 5120 νοῦν
3184 5083 3286 5136 μου
3310 5066 3608 5120 ἐπιγνῶναι
3636 5082 3705 5135 με
3731 5065 3826 5130 τὰς

568 5146 680 5186 rem
708 5144 946 5202 peccata,
975 5151 1096 5204 quae
1123 5135 1245 5192 feci.

2243 5157 2513 5227 ἁμαρτίας
2549 5177 2672 5228 μου,
2701 5135 3042 5230 ἃς-ὲποίησα.

639 5247 685 5279 ⁸⁸
709 5246 888 5302 Eecle.
917 5266 955 5313 ι,
990 5250 1076 5316 15,
1098 5252 1244 5320 juxt.
1275 5251 1443 5310 LXX.

1517 5394 1824 5459 Addenda
1862 5407 1921 5460 et
1954 5399 2331 5477 corrigenda
2367 5418 2446 5461 ex
2482 5399 2622 5462 cod.
2659 5402 2861 5466 Vatic.

639 5538 1010 5622 (1)1’évtavut
1040 5543 1087 5594 οἱ
1117 5542 1572 5622 διαϐουλεύοντες.
2312 5550 2389 5622 (5)
2418 5551 2786 5622 Νηπιοίτητος.

735 5611 1016 5690 Ιξεγόμενοι
1048 5654 1083 5666 ..
1121 5613 1303 5667 αὑτοῦ.
1538 5609 1543 5610 ν
2423 5609 2527 5672 Τοῖὂ
2559 5609 2677 5672 νῦνξ

642 5680 716 5761 (:5)
741 5680 879 5761 ᾼρς.
927 5753 939 5761 _
1040 5749 1080 5761 ,γ
1191 5755 1200 5761 _
1392 5757 1402 5761 _
2315 5680 2388 5761 (7)
2420 5692 2526 5743 Καὶ
2555 5693 2651 5760 τὴν
2682 5688 2957 5760 ἀλήθειαν,
2986 5688 3051 5760 ἢν
3081 5689 3207 5753 ἕως.

637 5749 711 5821 (4)
741 5753 859 5806 Ὅτι
889 5753 986 5805 οὐκ
1011 5749 1126 5806 οἶὸι
1153 5755 1248 5827 τὴν
1282 5757 1485 5827 σοφίαν.
2421 5763 2512 5824 Εἰς
2544 5749 2643 5832 ἐμὲ
2677 5749 2976 5832 σπκάγχνα.
