4036 6426
610 362 711 417 959
1479 360 1535 414 S.
1581 352 1947 411 ATHANASII
1984 351 2131 408 OPP.
2175 347 2204 402 F

2272 344 2358 402 BS
2394 346 2482 401 Ill.
2525 377 2594 387 —-
2632 344 3049 403 EXECETICA.
3758 344 3866 399 940

673 478 725 533 4.
756 477 822 532 Et
848 495 1109 550 pauperes
1140 491 1264 536 tuos
1288 477 1342 533 in
1362 473 1594 546 judicio.
1922 508 1925 509 ν
2203 464 2253 519 Δ

1922 508 1925 509 ,
2203 464 2253 519 Α
2348 459 2401 512 4.
2442 458 2549 512 Kal
2579 459 2705 521 τοὺς
2728 457 2975 528 πτωχούς
3018 474 3112 511 σου
3137 459 3194 510 ἐν
3236 456 3432 525 κρίσει.

667 568 720 623 5.
753 546 1061 640 Suscipiattt
1091 581 1305 626 montes
1340 580 1524 637 pacem
1548 560 1747 634 populo
1786 577 1797 612 ε

2349 548 2400 602 5.
2444 547 2782 602 Ἀναλαῦἐτω
2808 548 2876 601 τά
2912 548 3012 619 ὅρη
3049 548 3272 619 εἰρήνην
3314 547 3390 617 τῷ
3425 546 3577 617 λαῷ·

673 659 723 714 6.
767 659 830 716 Ει
859 665 1023 719 colles
1051 663 1343 734 justitiam.

2348 641 2403 696 6.
2431 643 2541 695 Kal
2567 643 2616 694 οί
2647 642 2824 711 βουνοί
2875 640 3240 710 δικαιοσύνην.

674 749 725 804 7.
752 750 1025 809 Judicabit
1052 730 1317 823 pauperes
1350 746 1536 821 populi
1566 764 1580 801 :

2351 733 2402 785 7.
2432 734 2625 804 Κρινεῖ
2652 734 2778 795 τοὺς
2816 732 3064 800 πτωχοὺς
3083 731 3177 784 τοῦ
3199 730 3329 785 λαοῦ
3351 745 3364 759 ·

673 840 724 896 8.
757 840 822 895 Et
851 847 1030 899 salvos
1056 843 1217 898 iacict
1252 841 1390 896 ﬁlios
1420 848 1723 910 pauperum
1757 852 1768 887 :

2350 826 2402 881 8.
2429 826 2540 880 Kal
2567 824 2730 878 σώσει
2750 825 2877 889 τοὺς
2911 826 3062 887 υἱοὺς
3092 825 3201 878 τῶν
3231 842 3479 897 πενητων
3500 843 3514 856 ·

670 932 721 986 9.
760 932 824 987 Et
851 934 1154 989 liumiliabit
1179 931 1652 989 calumniatorem.

2350 918 2401 973 9.
2430 918 2540 971 Kal
2561 916 2887 971 ταπεινώσει
2923 917 3284 989 συκοφάντην.

675 1021 763 1077 10.
792 1021 859 1078 Et
887 1024 1223 1094 permanebit
1248 1038 1374 1078 cum
1406 1021 1541 1083 sole.

2355 1008 2441 1062 10.
2475 1010 2585 1065 Kal
2615 1013 3035 1096 συμπαραμενεϊ
3064 1010 3142 1081 τῷ
3169 1009 3322 1081 ἡλίῳ,

678 1120 760 1170 ιι.
799 1117 862 1170 Et
895 1126 1018 1171 ante
1048 1118 1229 1172 lunam
1281 1117 1335 1169 iu
1380 1110 1728 1184 generatione
1771 1115 1825 1162 et
1867 1104 2175 1176 generatio—

2350 1099 2438 1153 11.
2466 1100 2575 1153 Kal
2596 1099 2701 1170 πρὸ
2729 1101 2825 1163 τῆς
2850 1100 3075 1164 σελήνης
3095 1102 3289 1169 γενεᾶς
3322 1101 3416 1155 καὶ
3436 1101 3513 1174 (a)
3544 1104 3775 1172 γενεῶν.

604 1224 721 1263 nos.

675 1300 762 1354 12.
801 1299 1098 1354 Descendet
1126 1298 1269 1353 sicut
1292 1297 1470 1368 pluvia
1505 1296 1557 1351 in
1586 1294 1760 1350 vellus
1788 1313 1800 1347 :

2353 1298 2437 1352 12.
2471 1298 2854 1371 Καταϐήσεται
2884 1299 2958 1362 ὥς
2986 1300 3139 1363 ὑετὸς
3171 1301 3264 1353 ἐπὶ
3299 1301 3464 1355 πόκον
3489 1320 3502 1334 ·

674 1389 759 1443 15.
795 1387 859 1443 Et
892 1390 1033 1444 sicut
1063 1398 1210 1459 gutta
1244 1387 1457 1443 stillans
1485 1401 1649 1457 super
1668 1395 1887 1441 terram.

2354 1387 2439 1442 15.
2472 1389 2580 1441 Kal
2599 1389 2731 1442 ὡσεὶ
2768 1389 2978 1458 σταγὼν
3008 1393 3039 1461 ἡ
3067 1391 3337 1455 στάζουσα
3377 1394 3469 1445 ἐπὶ
3501 1393 3601 1465 τὴν
3633 1396 3764 1465 γῆν.

671 1478 759 1534 l4.
786 1477 1007 1534 Orietur
1034 1480 1087 1533 iu
1121 1480 1313 1534 diebus
1338 1479 1458 1549 ejus
1477 1476 1715 1547 iustitia,

2355 1478 2441 1532 l4.
2488 1481 2758 1534 Ἀνατελεί
2796 1483 2853 1534 ὲν
2880 1484 2999 1545 ταῖς
3027 1483 3263 1555 ἡμέραις
3302 1484 3465 1539 αὑτοῦ
3490 1485 3842 1562 δικαιοσύνη,

673 1568 761 1626 15.
790 1568 857 1623 Ει
900 1569 1227 1624 abundantia
1274 1569 1444 1639 pacis,
1488 1569 1663 1621 donec
1701 1565 1980 1623 auferatur
2028 1567 2173 1621 luna.

2352 1574 2439 1629 15.
2468 1575 2576 1629 Καὶ
2604 1575 2808 1645 πλῆθος
2846 1578 3087 1649 εἰρήνης,
3119 1578 3223 1644 ἓως
3282 1573 3343 1632 οὗ
3402 1582 3775 1653 ἀνταναιρεθῇ
3834 1588 3868 1654 ἡ

2286 1666 2483 1739 σελήνη
2497 1706 2509 1719 .

675 1750 760 1804 16.
784 1750 850 1805 Ει
871 1751 1241 1807 dominabitur
1269 1767 1300 1806 a
1333 1752 1472 1807 mari
1495 1767 1667 1823 usque
1693 1752 1760 1808 ad
1794 1768 1965 1818 mare,
2212 1818 2255 1874 Β

2355 1756 2442 1811 16.
2476 1757 2586 1811 Kal
2615 1758 3039 1830 κατακυριεύσει
3067 1759 3175 1813 ἀπὸ
3214 1760 3489 1835 Θαλάσσης
3526 1765 3633 1828 ἕως
3664 1765 3874 1819 θαλάσ-

2292 1868 2411 1923 σης.

677 1932 762 1987 17.
790 1932 854 1987 Ει
876 1948 905 1987 a
941 1932 1256 1988 ﬂuminibus
1292 1948 1466 2005 usque
1499 1934 1565 1989 ad
1601 1934 1866 1990 terminos
1893 1933 2046 1988 orbis
2068 1940 2177 1987 ter-

2355 1941 2442 1996 17.
2474 1942 2584 1996 Kal
2620 1942 2726 1996 ἀπὸ
2753 1942 3012 2015 ποταμῶν
3041 1944 3147 2009 ἓως
3183 1946 3437 2018 περάτων
3472 1949 3575 2019 τῆς
3609 1950 3871 2021 οἰκουμέ-

604 2040 814 2080 rarum.
2282 2052 2401 2106 νης,

678 2115 763 2170 18.
797 2114 990 2171 Coram
1016 2116 1108 2171 illo
1134 2113 1728 2187 procidentEthiopes
1764 2134 1778 2170 :

2353 2123 2441 2179 18.
2482 2122 2742 2178 Ἐνώπιον
2773 2126 2937 2178 αὐτου
2971 2126 3370 2198 προπεσοῦνται
3407 2130 3689 2195 Αἰθίοπες·

678 2204 764 2259 19.
794 2204 861 2259 Et
894 2207 1099 2260 inimici
1128 2209 1248 2276 ejus
1284 2215 1486 2261 terram
1515 2207 1744 2277 lingent.

2354 2214 2442 2269 19.
2470 2216 2577 2269 Kal
2608 2218 2657 2269 οἱ
2685 2217 2871 2288 ἐχθροὶ
2899 2218 3067 2272 αὑτοῦ
3107 2219 3236 2289 χοῦν
3267 2220 3520 2286 λείξουσι.

672 2296 762 2353 20.
801 2297 972 2372 Reges
1007 2298 1253 2364 Tharsis,
1300 2306 1355 2354 et
1395 2299 1589 2355 insula:
1627 2314 1851 2355 munera
1901 2298 2131 2355 oﬂ‘erent
2166 2318 2179 2353 :

2352 2306 2439 2361 20.
2479 2309 2725 2373 Βασιλεῖς
2757 2310 2990 2381 Θαρσεῖς
3021 2313 3115 2365 καὶ
3138 2313 3291 2382 νῆσοι
3313 2314 3461 2386 δῶρα
3490 2318 3870 2389 προσοίσουσ;’

674 2388 764 2443 2i.
801 2389 971 2461 Reges
998 2390 1235 2445 Arabum
1263 2397 1317 2445 et
1341 2390 1483 2446 Saba
1510 2391 1653 2446 dona
1686 2391 1978 2445 adducent.

2356 2398 2445 2455 2|.
2475 2400 2721 2464 Βασιλεῖς
2761 2402 3006 2474 Ἀράϐων
3029 2406 3122 2457 καὶ
3156 2406 3303 2460 Σαϐἄ
3332 2407 3481 2480 δῶρα
3506 2388 3865 2482 προσάξουσι.

680 2523 754 2596 (α)
786 2525 894 2578 Καί
927 2527 1097 2581 deest.

1718 2620 2087 2677 ATHANASII
2128 2621 2724 2680 INTERPRETATIO.

676 2783 730 2837 4.
760 2780 825 2835 Et
846 2795 1109 2851 pauperes
1140 2779 1336 2849 spiritu
1366 2778 1421 2833 in
1443 2777 1690 2833 veritate.

2352 2780 2405 2834 4.
2439 2780 2549 2833 Kal
2577 2781 2705 2844 τοὺς
2745 2784 2992 2853 πτωχοὺς
3022 2783 3097 2854 τῷ
3126 2784 3396 2856 πνεύματι
3433 2788 3491 2841 ἐν
3510 2788 3759 2863 ἀληθείᾳ.

676 2874 730 2927 5.
768 2869 1047 2939 I’rophctae
1074 2868 1449 2939 praedicabunt
1478 2867 1689 2922 Domini
1715 2868 2031 2922 adventura.

2352 2873 2405 2928 5.
2432 2874 2493 2925 Οἱ
2518 2874 2791 2944 προφῆται
2821 2874 3117 2944 κηρύξουσι
3154 2877 3246 2930 τὸν
3274 2878 3475 2949 Κύριον
3500 2881 3817 2953 ἐρχόμενον.

675 2962 729 3018 6.
760 2961 829 3016 Et
857 2960 1085 3031 apostoli
1109 2961 1286 3031 ipsum
1318 2960 1607 3015 Dominqu
1632 2961 2057 3015 annuntiabunt.
2207 2996 2251 3053 ο

2024 2969 2057 3014 t.
2207 2996 2251 3053 ο
2352 2963 2405 3018 6.
2434 2964 2544 3017 Kal
2567 2966 2614 3017 οἱ
2638 2965 2925 3019 ἀπόστολοι
2957 2967 3050 3021 τὸν
3076 2969 3238 3023 αὐτὸν
3268 2972 3618 3047 κηρύξουσιν.

677 3055 729 3109 7.
765 3053 1010 3108 Adducet
1037 3068 1305 3123 pauperes
1330 3053 1543 3123 spiritu.

2356 3056 2410 3111 7.
2446 3055 2667 3127 Ἀγάγει
2695 3059 2821 3121 τοὺς
2843 3060 3096 3129 πτωχοὺς
3132 3061 3210 3131 τῷ
3238 3064 3530 3134 πνεύματι.

678 3143 731 3198 8.
762 3142 830 3197 Ει
852 3144 1033 3197 salvos
1060 3142 1219 3197 faciet
1254 3143 1627 3214 apostolorum
1656 3144 1980 3214 discipulos.

2353 3148 2407 3203 8.
2437 3149 2545 3201 Kal
2573 3148 2736 3202 σώσει
2770 3152 2895 3215 τοὺς
2922 3152 3171 3224 μαθητὰς
3195 3154 3301 3207 τῶν
3328 3157 3660 3216 ἀποστόλων.

675 3234 729 3289 9.
763 3231 1070 3286 Diabolum.

2354 3241 2407 3297 9.
2440 3241 2541 3295 Τὸν
2573 3241 2839 3297 διάϐολον.

681 3325 767 3381 10.
796 3324 863 3381 Et
892 3325 1229 3396 permanebit
1257 3340 1381 3379 cum
1418 3330 1646 3379 sanctis.

2358 3334 2440 3389 10,
2476 3332 2548 3403 (α)
2574 3334 2681 3386 Kal
2704 3339 3127 3405 συμπαραμενεῖ
3152 3340 3263 3400 τοῖς
3298 3338 3496 3406 ἁγίοις.

674 3422 760 3475 il.
793 3417 859 3472 Et
886 3428 1013 3472 ante
1048 3418 1309 3471 mundum
1347 3417 1511 3487 elegit
1538 3432 1657 3472 eos.
1886 3470 1895 3479 ,

2357 3426 2441 3478 11.
2477 3426 2587 3479 Kal
2628 3425 2731 3496 πρὸ
2764 3425 2856 3479 τοῦ
2886 3428 3090 3498 κόσμου
3125 3428 3408 3496 ἐξελέξατο
3436 3432 3654 3498 αὐτούς.

682 3513 763 3566 l2.
800 3511 1100 3566 Descendet
1132 3526 1161 3566 e
1198 3512 1352 3566 caelis
1394 3511 1700 3566 emundans
1734 3527 1951 3566 omnem
1982 3510 2183 3581 iniqui-

2356 3516 2442 3571 12.
2476 3518 2855 3589 Καταϐήσεται
2890 3519 2995 3572 ἀπὸ
3024 3520 3131 3574 τῶν
3158 3521 3405 3593 οὐρανῶν
3446 3524 3727 3597 καθαίρων
3760 3530 3873 3583 πᾶ-

605 3612 795 3658 tatem.

2287 3626 2385 3663 σαν
2412 3610 2659 3681 ἀνομίαν.

680 3697 763 3752 15.
795 3694 944 3751 Dona
984 3712 1082 3752 sua
1112 3698 1167 3751 in
1204 3697 1485 3767 apostolis.

2356 3702 2442 3755 15.
2480 3701 2561 3755 Τά
2587 3702 2899 3773 χαρίσματα
2920 3704 3086 3758 αὑτοῦ
3116 3707 3175 3759 ἐν
3215 3711 3326 3771 τοῖς
3352 3710 3690 3776 ἀποστόλοις.

679 3789 763 3843 l4.
797 3786 1006 3843 Sancti.

2358 3793 2442 3847 l4.
2483 3794 2545 3845 Οἱ
2579 3793 2743 3861 ἅγιοι.

678 3879 762 3939 15.
798 3878 909 3934 Pax
940 3878 1108 3933 multa
1134 3877 1236 3931 erit
1265 3877 1319 3929 in
1352 3875 1431 3931 eis
1453 3889 1625 3946 usque
1658 3874 1723 3930 ad
1752 3874 2156 3930 consummatio

2358 3884 2442 3938 15.
2482 3885 2545 3937 Ἡ
2574 3885 2646 3954 (1)
2672 3886 2860 3955 εἰρήνη
2892 3886 3060 3958 πολλὴ
3089 3887 3241 3944 ἔσται
3288 3892 3346 3943 ἐν
3380 3894 3563 3959 αὐτοῖς
3612 3896 3721 3960 ἕως
3770 3898 3874 3969 τῆς

605 3991 729 4033 nem
767 3974 971 4031 saeculi.

2289 3976 2595 4040 συντελείας
2628 3978 2722 4030 τοῦ
2757 3977 2968 4042 αἰῶνος.

680 4068 766 4123 16.
800 4069 845 4121 Λ
866 4063 1132 4138 principio
1166 4060 1352 4117 mundi
1390 4073 1561 4129 usque
1583 4058 1649 4113 ad
1679 4058 1862 4113 linem.

2356 4069 2442 4124 16.
2491 4069 2623 4122 Ἀπὸ
2647 4070 2819 4141 ἀρχῆς
2842 4072 2936 4124 τοῦ
2964 4072 3169 4143 κόσμου
3199 4075 3303 4138 ἕως
3342 4076 3632 4151 [ἐσχάτης]
3668 4081 3869 4151 ἀρχῆς,

680 4162 765 4217 17.
799 4159 865 4215 Ει
906 4174 939 4213 a
982 4156 1234 4228 gentibus
1260 4165 1436 4222 usque
1488 4150 1554 4205 ad
1594 4150 1835 4221 reliquos
1858 4164 2049 4205 omnes
2079 4164 2179 4220 po-

2355 4162 2440 4216 l7.
2472 4161 2581 4215 Kal
2605 4160 2681 4231 (ε)
2705 4161 2812 4214 ἀπὸ
2830 4160 2939 4214 τῶν
2959 4160 3126 4216 ἐθνῶν
3144 4164 3249 4228 ἓως
3269 4165 3377 4218 τῶν
3394 4167 3597 4222 λοιπῶν
3616 4150 3870 4225 πάντων.

645 4254 785 4309 ulos.

645 4268 785 4309 utos.

602 4268 642 4326 Ρ
681 4345 766 4401 18.
797 4342 1081 4400 Procident
1105 4354 1286 4395 coram
1312 4352 1379 4394 eo
1404 4336 1670 4407 denigrati
1697 4352 1725 4390 a
1766 4337 2021 4405 peccatis.

2359 4332 2445 4387 18.
2477 4333 2886 4405 Προσπὲσουσιν
2929 4334 3005 4408 (5)
3038 4338 3187 4408 αὐτῷ
3217 4340 3268 4393 οἱ
3312 4342 3719 4412 μελανωθέντες
3764 4346 3872 4400 ἀπὸ

2288 4423 2398 4478 τῶν
2420 4426 2720 4499 ἁμαρτιῶν.

680 4523 769 4578 19.
803 4522 1107 4577 Daemones.

2360 4518 2444 4574 19.
2476 4522 2538 4573 Οί
2566 4521 2835 4592 δαίμονες.

674 4610 768 4665 20.
804 4610 1066 4681 Apostoli,
1101 4619 1153 4663 et
1184 4606 1417 4677 populus
1457 4604 1700 4659 ﬁdelium
1752 4604 2023 4660 adducent
2063 4608 2185 4662 ani-

2300 4662 2311 4667 π
2358 4610 2447 4664 20.
2481 4613 2543 4664 Ol
2573 4613 2857 4669 ἀπόστολοι
2887 4618 2981 4672 καὶ
3008 4620 3037 4674 ὁ
3067 4617 3197 4682 λαὸς
3225 4617 3335 4671 τῶν
3363 4619 3575 4673 πιστῶν
3605 4622 3709 4685 τὰς
3745 4624 3872 4677 ἑαυ-

608 4718 728 4759 mas
779 4718 927 4758 suas.
965 4698 1222 4756 Dicemus
1266 4711 1447 4753 autem
1487 4706 1541 4751 et
1571 4696 1733 4750 aliam
1780 4699 2185 4766 interpretatio-

2284 4701 2393 4755 τῶν
2422 4702 2599 4773 ψυχὰς
2623 4709 3069 4777 προσαγάγωσιν.
3096 4711 3353 4780 Λέξωμεν
3378 4709 3434 4765 δὲ
3456 4711 3551 4766 καὶ
3571 4711 3751 4779 άλλως
3772 4718 3872 4787 τὴν

610 4811 756 4850 nem.
802 4793 1019 4849 Titanis
1062 4793 1447 4861 interpretatur
1482 4788 1736 4857 inspectio
1775 4788 1983 4857 gaudii,
2032 4791 2178 4861 quod

2287 4794 2581 4865 ἑρμηνείαν
2607 4810 2620 4823 °
2657 4799 2905 4867 Θαρσεῖς
2942 4800 3305 4873 ἑρμηνεύεται
3354 4804 3714 4871 κατασκοπὴ
3768 4823 3872 4876 χα-

609 4889 863 4943 convenit
887 4884 1166 4956 apostolis,
1187 4898 1251 4936 eo
1271 4882 1417 4953 quod
1444 4882 1732 4936 visitarent
1755 4880 1873 4950 ejus
1898 4882 2175 4951 populum.

2277 4880 2414 4950 ρᾶς,
2443 4884 2580 4957 ὅπερ
2599 4880 2741 4956 ἦσαν
2772 4890 2821 4941 oi
2849 4890 3156 4955 ἀπόστολοι,
3206 4890 3295 4945 διὰ
3328 4893 3390 4945 τὸ
3436 4894 3869 4951 ἑπισκὲπτεσθα;

614 4974 811 5031 Insula:
859 4990 987 5029 vero
1034 4972 1285 5026 Ecclesia:
1331 4972 1488 5027 dicta:
1529 4979 1678 5035 sunt,
1713 4971 1842 5041 quia
1890 4986 2082 5027 omnes
2124 4973 2180 5026 in

2286 4975 2452 5028 αὐτοῦ
2482 4974 2559 5044 (4)
2590 4977 2682 5030 τὸν
2708 4978 2857 5035 λαόν.
2896 4982 3091 5051 Νῆσοι
3117 4983 3174 5037 δὲ
3201 4985 3623 5052 αίἘκκλησίαι
3658 4990 3870 5061 είρήνε-

611 5068 742 5139 ipsis
767 5067 1068 5123 salvantur.

2284 5084 2395 5130 ται,
2426 5067 2512 5121 διὰ
2543 5068 2604 5120 τὸ
2632 5070 2836 5137 πάντας
2865 5076 2922 5127 ὲν
2956 5075 3148 5139 αὐταῖς
3177 5074 3461 5139 σώζεσθαι.

678 5161 767 5214 2|.
802 5158 929 5213 Item
978 5158 1229 5213 similiter
1276 5156 1533 5222 apostoli,
1596 5166 1651 5211 et
1704 5170 1763 5210 se
1804 5166 2185 5210 convertentes

2357 5158 2446 5211 Ἦ.
2496 5160 2726 5231 Ὁμοίως
2786 5164 2949 5217 πάλιν
2986 5167 3033 5219 οί
3081 5166 3366 5222 ἀπόστολοι
3398 5169 3491 5222 καὶ
3522 5170 3573 5221 οί
3613 5172 3867 5242 ἐπιστρέ-

607 5251 876 5306 adducent
919 5265 979 5305 se
1044 5248 1189 5318 ipsos
1251 5249 1304 5304 in
1360 5248 1566 5304 donum
1620 5246 1871 5301 Domino.
1923 5245 2182 5303 Dicamus

2288 5265 2477 5317 φοντες
2501 5254 2924 5323 προσαγάγωσιν
2954 5258 3179 5321 ἑαυτοὺς
3223 5258 3372 5331 δῶρα
3402 5259 3479 5329 τῷ
3521 5260 3734 5333 Κυρίῳ,
3778 5262 3866 5317 εξ.

1526 5406 1834 5471 Addenda
1878 5413 1940 5469 et
1988 5408 2366 5487 corrigenda
2399 5426 2476 5470 ex
2512 5427 2654 5475 coo.
2687 5415 2883 5476 Vattc.

700 5533 753 5619 1)
784 5531 895 5619 Kal
931 5534 1103 5619 prof).
2466 5530 3059 5619 ξῙροιιιίεσοῖινται,ρει).2
3089 5538 3189 5608 τῆς
3210 5536 3511 5619 Λάμαρτίας.

674 5533 753 5675 ill
777 5531 895 5658 re
916 5534 1103 5657 l’é‘é’sll'

2356 5529 2437 5670 £5)
2466 5530 2894 5619 Προπεσοῦνται,
2926 5541 3059 5613 etc.,
3089 5538 3189 5608 τῆς
3217 5536 3276 5607 at

2378 5599 2432 5673 4)
2456 5603 2685 5672 Δυτους,
2726 5614 2857 5671 etc.,
2880 5605 3146 5676 εἴρηνται,
3168 5617 3276 5662 etc.

672 5748 747 5819 (ιι)
782 5746 845 5800 Ν.
883 5746 964 5803 10.
1001 5745 1177 5803 Deest.
