4036 6472
218 405 317 462 9M
1135 403 1221 457 DE
1259 402 1529 458 TITULIS
1568 400 2011 458 PSALMORUM.
2055 404 2334 459 —PSAL.
2378 406 2560 460 LXXI.
3322 410 3425 465 942

289 526 383 578 22.
417 525 526 579 Καὶ
555 526 1014 597 προσκυνήσουσιν
1043 524 1186 595 αὐτῷ
1224 526 1420 588 πάντες
1446 526 1494 578 οἱ
1537 525 1774 594 βασιλεῖς
1808 531 1854 586 Α

1621 525 1774 587 τιλεῖς
1808 531 1854 586 Α
1948 527 2034 581 22.
2071 527 2133 581 Et
2166 527 2464 582 adorabunt
2487 544 2608 584 eum
2634 545 2820 584 omnes
2846 544 2998 596 reges
3019 539 3215 584 terrae:

219 633 319 684 της
345 632 447 683 γης
467 631 480 644 ⁸

290 708 379 760 25.
408 707 588 759 Πάντα
621 705 688 758 τὰ
716 704 839 776 ἔθνη
864 706 1234 758 δουλεύσουσιν
1261 696 1425 775 αὐτῷ.

1233 728 1234 736 ι
1261 696 1425 775 αὐτῷ.
1943 704 2034 757 25.
2065 702 2262 758 Omnes
2289 714 2474 772 gentes
2501 705 2737 758 servient
2760 707 2827 759 ei.

289 797 380 850 24'.
413 798 535 849 Ὅτι
568 797 832 868 ὲρῤύσατο
853 798 1063 866 πτωχὸν
1090 800 1152 850 ἐκ
1189 797 1469 860 δυνάστου,

1947 793 2036 847 24.
2066 793 2201 859 Quia
2223 778 2469 848 liberabit
2493 809 2779 862 pauperem
2809 810 2838 846 a
2872 801 3110 862 potente,

290 888 382 939 25.
413 888 520 939 Καὶ
547 888 770 959 πένητα,
798 882 842 955 ᾧ
870 891 966 958 οὐχ
990 891 1199 960 ὑπῆρχε
1227 890 1444 960 βοηθός.

1943 883 2033 938 25.
2064 883 2130 937 Ει
2156 898 2462 953 pauperem,
2489 884 2574 937 cui
2609 899 2714 938 non
2752 892 2868 938 erat
2888 883 3119 952 adjutor.

288 978 380 1031 26.
409 980 651 1031 Φείσεται
681 980 893 1049 πτωχοῦ
919 981 1012 1033 καὶ
1046 980 1306 1050 πένητοςο

1165 993 1306 1050 (τος.
1941 970 2030 1026 26.
2055 970 2242 1025 Parcet
2262 973 2480 1041 pauperi
2501 981 2552 1026 et
2574 971 2717 1042 inopi
2745 991 2759 1026 :

289 1069 382 1122 27.
414 1070 518 1122 Καὶ
548 1069 724 1140 ψυχὰς
749 1075 991 1142 πενήτων
1016 1071 1195 1127 σώσει.

1946 1062 2033 1116 27.
2064 1061 2129 1115 Ει
2155 1063 2363 1118 animas
2388 1079 2681 1134 pauperum
2710 1064 2882 1118 salvas
2906 1062 3080 1118 faciet.

287 1158 380 1212 28.
421 1161 512 1211 Ἐκ
533 1160 713 1227 τόκου,
732 1164 821 1214 καὶ
843 1162 900 1226 ἐξ
923 1162 1131 1224 ἀδικίας
1167 1162 1500 1234 λυτρώσεται
1546 1162 1645 1226 τὰς
1671 1162 1776 1232 ψυ-

1940 1152 2029 1207 28.
2058 1152 2135 1205 Ex
2181 1154 2379 1220 usuris,
2423 1164 2475 1207 et
2517 1155 2796 1224 iniquitate
2833 1154 3059 1208 redimet
3089 1151 3296 1206 animas
3323 1164 3417 1204 eo-

213 1251 319 1319 χὰς
349 1252 528 1304 αὐτῶν
553 1268 566 1282 ·
1878 1259 2016 1299 rum.

288 1342 378 1395 29.
413 1343 521 1394 Καὶ
550 1343 760 1413 ἔντιμον
786 1343 844 1396 τὸ
865 1345 1031 1414 ὄνομα
1058 1343 1219 1397 αὐτοῦ
1254 1343 1479 1402 ἐνώπιον
1503 1343 1702 1400 αὐτῶν.

1607 1343 1702 1400 ῶν,
1944 1335 2032 1390 29.
2062 1334 2126 1389 Ει
2152 1335 2466 1389 honorabile
2492 1350 2683 1388 nomen
2713 1334 2830 1402 ejus
2861 1348 3041 1387 coram
3073 1332 3196 1387 illis.

285 1432 375 1485 50.
411 1435 518 1485 Καὶ
547 1434 789 1504 ζήσεται,
817 1437 910 1488 καὶ
939 1436 1220 1505 δοθήσεται
1246 1435 1392 1505 αὐτῷ
1423 1436 1486 1488 ἐκ
1515 1434 1609 1488 τοῦ
1643 1452 1777 1507 χρυ-

1671 1452 1777 1507 ίρυ..
1945 1429 2031 1481 50.
2072 1427 2136 1482 Ει
2169 1429 2326 1495 vivet,
2355 1438 2408 1482 et
2439 1428 2654 1482 dabitur
2683 1429 2731 1480 ei
2761 1427 2826 1479 de
2859 1441 2992 1481 auro
3027 1425 3265 1479 Arabiie'

213 1519 332 1572 σίου
366 1522 464 1590 τῆς
500 1523 752 1592 Ἀραϐίας
787 1541 802 1556 ·

285 1611 375 1664 51.
407 1613 514 1664 Καὶ
547 1615 929 1683 προσεύξονται
961 1619 1086 1686 περὶ
1111 1616 1272 1669 αὑτοῦ
1298 1616 1588 1683 διαπαντός
1614 1635 1628 1648 ·

1394 1616 1588 1683 παντός
1614 1635 1628 1648 ·
1943 1607 2029 1661 51.
2060 1605 2122 1660 Et
2147 1605 2449 1660 adorabunt
2473 1604 2539 1659 de
2573 1605 2689 1672 ipso
2727 1618 2937 1672 semper
2968 1622 2980 1656 :

278 1705 370 1758 52.
398 1705 562 1774 Ὅλην
582 1705 676 1776 τὴν
703 1708 911 1778 ἡμέραν
947 1708 1331 1778 εὐλογήσουσιν
1365 1708 1542 1760 αὐτόν.

1166 1724 1331 1760 ςουσιν
1365 1708 1542 1760 αὐτόν.
1943 1699 2029 1753 52.
2059 1696 2191 1751 Tota
2224 1697 2310 1750 die
2346 1696 2657 1750 benedicent
2693 1694 2760 1749 ei.

283 1793 372 1846 55.
403 1795 590 1846 Ἔσται
629 1798 903 1866 στήριγμα
954 1800 1009 1849 ἐν
1067 1800 1130 1865 τῇ
1178 1799 1246 1866 γῇ
1309 1796 1394 1849 ἐπ’
1436 1797 1617 1866 ἄκρων
1666 1795 1771 1850 τῶν
1806 1857 1843 1866 __

1829 1858 1843 1866 _
1942 1791 2030 1844 55.
2069 1788 2134 1842 Et
2180 1787 2281 1841 erit
2341 1787 2734 1840 ﬁrmamentum
2784 1785 2836 1837 in
2889 1793 3028 1836 terra
3087 1781 3140 1835 in
3192 1781 3423 1835 summis

204 1882 418 1953 ὁρέων.
714 1857 744 1866 ..
801 1857 841 1865 ..
1105 1857 1130 1865 ..
1512 1857 1523 1866 .

1804 1857 1846 1911 Β
1877 1882 2138 1937 montium
2167 1898 2178 1933 :

279 1971 370 2023 54.
422 1972 885 2044 ’Υπεραρθήσεται
931 1976 1070 2046 ὑπὲρ
1102 1976 1192 2027 τὸν
1219 1976 1448 2031 Λίϐανον
1492 1978 1519 2028 ὁ
1558 1976 1766 2046 καρπὸς

1949 1976 2036 2030 54.
2072 1973 2529 2045 Superextolletur
2549 1985 2709 2040 super
2744 1969 3005 2023 Libanum
3030 1964 3238 2020 fructus
3261 1963 3379 2033 ejus
3410 1981 3419 2013 :

205 2076 375 2111 αυτου
386 2077 398 2090 ⁹

278 2151 368 2204 55.
399 2153 508 2204 Καὶ
531 2154 912 2227 ἐξανοήσουσιν
938 2159 1000 2209 ἐκ
1032 2157 1234 2220 πόλεως
1267 2159 1397 2211 ὡσεὶ
1439 2158 1627 2229 χόρτος
1670 2158 1770 2226 τῆς

1768 2176 1770 2183 ί
1941 2157 2027 2210 55.
2063 2154 2126 2208 Ει
2158 2154 2418 2209 ﬂorebunt
2446 2153 2511 2207 de
2533 2151 2749 2207 civitate
2783 2151 2923 2203 sicut
2953 2146 3134 2201 fenum
3165 2155 3319 2199 terra;
3349 2161 3362 2197 :

204 2241 331 2310 γῆς·

278 2334 368 2388 56.
404 2336 592 2388 Ἔσται
628 2337 686 2390 τὸ
719 2337 889 2409 ὄνομα
921 2340 1086 2394 αὐτοῦ
1134 2341 1490 2413 εύλογημένον
1536 2345 1613 2405 είς
1644 2343 1768 2405 τοὺς

1647 2343 1768 2405 τοὺς
1947 2334 2032 2387 56.
2067 2333 2180 2387 Erit
2202 2348 2392 2386 nomen
2423 2332 2541 2400 ejus
2565 2329 2902 2385 benedictum
2928 2328 2979 2381 in
3002 2326 3196 2382 saecula
3229 2343 3241 2378 :

203 2425 430 2489 αἰῶναςο

276 2516 367 2568 57.
405 2518 516 2587 Πρὸ
541 2518 633 2571 τοῦ
667 2519 816 2590 ἡλίου
844 2521 1086 2590 διαμένει
1110 2523 1169 2574 τὸ
1201 2523 1368 2590 ὄνομα
1399 2521 1583 2574 αὑτοῦ.

1489 2521 1583 2573 τοῦ.
1943 2515 2031 2567 57.
2065 2513 2202 2565 Ante
2225 2512 2389 2566 solem
2419 2517 2696 2579 permanet
2728 2522 2921 2562 nomen
2947 2507 3083 2576 ejus.

277 2607 366 2659 58.
401 2607 509 2660 Καὶ
531 2609 1038 2682 ὲνευλογηθήσονται
1062 2615 1119 2664 ὲν
1152 2612 1299 2682 αὐτῷ
1322 2614 1490 2665 πᾶσαι
1515 2613 1568 2664 αἱ
1603 2609 1764 2679 φυλαὶ

1942 2605 2028 2659 58.
2061 2603 2123 2657 Ει
2148 2601 2530 2656 benedicentur
2559 2601 2610 2651 in
2649 2599 2765 2666 ipso
2793 2613 2982 2651 omnes
3010 2596 3188 2650 tribus
3210 2608 3362 2649 terra:
3403 2611 3414 2647 :

200 2714 304 2767 της
323 2715 426 2769 γης
449 2711 464 2725 ⁸

1319 2834 1686 2890 ATIUNASII
1726 2824 2308 2885 INTERPRETATIO.

203 2959 400 3015 πωμεν
424 2945 480 2999 δὲ
505 2948 594 2998 καὶ
616 2947 788 3011 ἄλλως
815 2950 913 3018 τὴν
941 2951 1256 3021 ἑρμηνείαν.
1279 2951 1438 3005 Σαϐᾶ
1477 2949 1771 3021 ἑρμηνεύε-

1874 2951 2051 2995 autem
2079 2949 2131 2993 et
2163 2939 2321 2992 aliam
2367 2936 2884 3005 interpretationem.
2920 2934 3061 2989 Saba
3103 2937 3419 3005 interpreta-

203 3053 294 3088 ται
319 3037 667 3106 ἐπιστροφή·
689 3042 945 3108 Ἀράϐων
965 3042 1018 3093 δὲ
1035 3044 1390 3112 ἑρμηνεύεται
1414 3043 1476 3094 τὸ
1493 3041 1609 3094 τῶν
1635 3042 1772 3094 Ἰου-

1871 3043 1958 3088 tur
1985 3033 2244 3084 conversio
2276 3046 2292 3082 :
2327 3027 2521 3082 Arabes
2561 3037 2738 3081 autem
2776 3044 2895 3097 gens
2925 3025 3250 3088 Iudaeorum,
3283 3042 3418 3095 quo—

198 3127 384 3180 δαίων
413 3130 603 3195 ἔθνος,
635 3133 820 3202 ἐπειδὴ
847 3136 903 3185 ὲν
934 3133 1010 3202 τῷ
1045 3135 1173 3205 Σινᾷ
1199 3135 1312 3202 ὄρει
1336 3135 1428 3187 τὸν
1454 3135 1613 3202 νόμον
1651 3132 1765 3184 ἐδέ-

1869 3127 2014 3180 niam
2048 3125 2099 3177 in
2127 3133 2308 3176 monte
2339 3120 2466 3173 Sina
2490 3121 2656 3188 legem
2683 3129 3006 3187 acceperunt
3039 3116 3202 3183 ;Sina
3238 3127 3415 3170 autem

198 3219 380 3284 ξαντο.
414 3221 484 3272 Τὸ
515 3222 571 3273 δὲ
595 3223 721 3275 Σινᾶ
755 3223 876 3293 ὅρος
898 3227 952 3276 ἐν
969 3229 1033 3295 τῇ
1072 3227 1296 3296 Ἀραϐίᾳ
1321 3228 1455 3279 ἐστί.
1493 3227 1587 3278 Διὰ
1608 3225 1760 3278 τοῦτο
1789 3275 1792 3296 η

1823 3257 1829 3307 ι
1867 3232 2020 3270 mons
2047 3215 2097 3267 in
2123 3213 2318 3266 Arabia
2349 3220 2449 3265 est.
2488 3211 2608 3264 Ideo
2636 3210 2796 3278 igitur
2823 3207 3127 3263 Judazorum
3165 3209 3417 3278 populum

192 3306 289 3363 οὖν
341 3313 466 3374 τοὺς
525 3312 631 3365 ἀπὸ
683 3314 790 3366 τῶν
828 3315 1092 3368 Ἰουδαίων
1166 3315 1334 3384 στόμα
1384 3312 1575 3386 [Σαϐᾶ
1633 3311 1756 3382 καὶ]

962 3316 1092 3368 αίων
1166 3315 1334 3384 στόμα
1384 3312 1575 3386 [Σαϐᾶ
1633 3311 1756 3382 καὶ]
1796 3302 1828 3310 ”
1863 3307 2005 3361 Saba
2033 3304 2303 3360 etArabcs
2325 3302 2556 3357 vocavit.

198 3403 452 3470 Ἄραϐας
481 3405 554 3473 (1)
590 3406 746 3458 ὲκὰλε
756 3423 832 3459 σε.

264 3495 356 3548 22.
393 3495 458 3549 Oi
491 3497 855 3565 βασιλεύοντες
889 3499 1025 3552 κατὰ
1059 3501 1157 3570 τῆς
1187 3499 1478 3571 ἁμαρτίας.

1309 3499 1478 3571 ρτίας,
1939 3484 2028 3539 22.
2056 3483 2356 3552 Regnantes
2382 3491 2567 3536 contra
2603 3489 2903 3549 peccatum.

264 3583 356 3637 25.
407 3584 959 3656 Ἐξαγορασθήσονται
995 3588 1085 3638 ὑπ’
1109 3587 1184 3656 (2)
1211 3587 1394 3639 αὐτοῦ.

1084 3587 1184 3656 (2)
1211 3587 1394 3639 αὑτοῦ.
1933 3576 2024 3628 25.
2064 3573 2416 3626 Redimentur
2445 3572 2511 3625 ab
2547 3572 2678 3639 ipso.

260 3673 354 3727 24.
391 3673 526 3738 Τοὺς
558 3678 805 3747 πτωχοὺς
829 3678 902 3748 (5)
935 3679 998 3731 ὲκ
1030 3676 1124 3731 τοῦ
1153 3678 1419 3732 διαϐόλου,
1931 3665 2021 3719 24.
2051 3666 2320 3734 Pauperes
2349 3680 2376 3718 τι
2407 3664 2636 3718 diabolo.

257 3764 352 3820 25.
386 3767 488 3819 Τὸν
514 3769 831 3822 πιστεύοντα
863 3770 1086 3823 παλαιόν
1111 3771 1206 3842 (4).

985 3771 1086 3823 ιιόν
1111 3771 1206 3842 (4).
1934 3759 2026 3812 25.
2060 3757 2296 3811 Fidelem
2325 3765 2579 3812 veterem.

256 3857 350 3912 26.
382 3857 500 3909 Τῶν
531 3859 723 3926 ἁγίων.

701 3881 723 3914 π.
1933 3853 2022 3906 26.
2060 3851 2295 3906 Sanctis.

257 3947 349 4000 27.
377 3947 494 3999 Τῶν
525 3950 975 4018 προσφευγόντων
1003 3952 1094 4004 ἐπὶ
1121 3952 1179 4004 τὸ
1201 3951 1344 4015 ἔλεος
1372 3951 1556 4004 αὐτοῦ.

1928 3944 2015 3998 27.
2043 3943 2242 3998 Eorum
2268 3941 2360 4012 qui
2385 3940 2451 3994 ad
2475 3938 2593 4009 ejus
2622 3935 3042 3992 misericordiam
3073 3934 3391 4006 confugiunt

255 4035 350 4088 28.
389 4036 480 4088 Ἐκ
503 4038 601 4108 τῆς
635 4040 1086 4111 προϋπαρχούσης
1119 4041 1294 4094 αὐτῶν
1326 4041 1616 4110 ἁμαρτίας.

1470 4041 1616 4103 μτίας.
1923 4035 2011 4089 28.
2037 4034 2113 4088 Ex
2137 4033 2563 4105 praecedentibus
2592 4045 2778 4085 eorum
2814 4030 3064 4098 peccatis.

255 4125 348 4180 29.
384 4127 775 4199 Δεδοξασμὲνον
843 4131 902 4182 τὸ
980 4130 1150 4201 ὄνομα
1207 4131 1366 4183 αὑτοῦ
1445 4134 1502 4183 ὲν
1564 4131 1747 4194 αὐτοῖς

1583 4131 1747 4194 ιύτοῖς
1929 4125 2018 4179 29.
2051 4124 2418 4180 Glorilicatum
2451 4130 2536 4176 est
2563 4135 2756 4174 nomen
2783 4119 2900 4188 ejus
2937 4119 2989 4172 in
3026 4115 3177 4187 ipsis.

187 4220 340 4271 ἐστιν
367 4217 462 4285 (5).

257 4313 347 4366 50.
382 4314 442 4365 Ol
465 4311 746 4364 ἀπόστολοι
773 4310 994 4364 δοθῶσιν
1020 4310 1168 4380 αύτῷ
1204 4312 1266 4363 ἐκ
1295 4309 1388 4363 τοῦ
1422 4309 1606 4371 ἔθνους
1643 4309 1750 4362 τῶν

1930 4305 2017 4358 50.
2052 4305 2296 4374 Apostoli
2332 4303 2537 4357 dabunt
2587 4296 2907 4371 [dabuntur]
2947 4296 2996 4350 ei
3030 4311 3094 4350 ex
3135 4304 3290 4365 gente
3317 4293 3409 4348 Ju-

195 4403 485 4458 Ἰουδαίων.

1856 4398 2117 4452 deorum.

253 4494 343 4548 51.
373 4492 690 4556 ’Λπαύστως
723 4493 1014 4564 κηρύξουσι
1039 4495 1165 4564 περὶ
1188 4492 1350 4546 αὐτοῦ
1371 4529 1385 4545 .

1927 4489 2014 4542 51.
2052 4491 2393 4543 lncessanter
2422 4486 2488 4539 de
2509 4499 2573 4539 eo
2603 4482 2990 4553 prazdicabunt.

255 4583 347 4638 52.
382 4583 764 4646 Ἀδιαλείπτως
790 4583 1103 4647 δοξάσουσιν
1134 4582 1319 4637 αὐτόν.
1781 4585 1824 4639 D

1781 4585 1824 4639 ο
1926 4582 2012 4637 52.
2049 4580 2424 4635 lndesinenter
2445 4580 2616 4648 ipsum
2649 4575 3044 4647 glorificabunt.

249 4676 342 4729 55.
376 4675 566 4728 Ἔσται
607 4674 895 4744 βεϐαίωσις
922 4675 1026 4727 τῶν
1060 4674 1411 4746 προφητικῶν
1443 4674 1615 4742 λόγων
1663 4673 1741 4746 (6)

1925 4675 2012 4727 55.
2045 4671 2160 4724 Erit
2207 4669 2544 4724 conﬁrmatio
2594 4667 3029 4736 propheticornm
3092 4676 3401 4717 sermonum

177 4765 242 4818 τὺ
267 4765 530 4835 κήρυγμα
550 4763 657 4818 τῶν
679 4763 1012 4817 ἀποστόλων.

984 4783 1012 4816 ν.
1853 4763 2162 4835 prmdicatio
2190 4762 2578 4832 apostolorum.

243 4856 335 4911 54.
373 4857 432 4908 '0
459 4856 583 4919 λαὸς
603 4855 632 4907 ὁ
661 4855 849 4917 πιστὸς
881 4855 1017 4927 ὑπὲρ
1045 4855 1133 4908 τὸν
1158 4853 1285 4907 λαὸν
1305 4854 1411 4907 τῶν
1447 4851 1742 4906 Ἰουδαίων.

1715 4869 1742 4906 ν.
1922 4855 2009 4909 54.
2044 4853 2280 4923 Populus
2306 4853 2476 4906 lidelis
2509 4866 2671 4920 super
2703 4863 2959 4919 poputum
2980 4846 3309 4900 Judaeorum.

245 4947 338 5003 55.
371 4945 474 5000 Καὶ
505 4947 580 5017 (7)
613 4946 979 5016 ἐκλάμψουσιν
1027 4948 1083 5000 ἐν
1117 4949 1181 5017 τῇ
1211 4946 1322 5000 ἄνω
1361 4943 1740 5015 Ἰερουσαλήμ.

1571 4943 1740 5014 πιλήμ.
1920 4948 2009 5002 55.
2044 4945 2110 4999 Ει
2141 4945 2472 5014 aﬂ‘ulgebunt
2503 4945 2557 4996 in
2592 4956 2822 5010 superna
2847 4937 3165 4993 Jerusalem.

246 5038 338 5096 56.
361 5039 455 5102 Εἰς
474 5040 599 5102 τοὺς
626 5038 1012 5107 ἀτελευτήτους
1042 5039 1266 5101 αἰῶνας.

992 5057 1012 5102 ς
1042 5039 1266 5101 αἰῶνας.
1920 5035 2009 5090 56.
2045 5034 2099 5088 In
2132 5035 2338 5088 inﬁnita
2372 5034 2586 5089 saacula.

244 5129 335 5184 57.
362 5129 636 5199 Ἀνάρχως
659 5129 752 5181 καὶ
780 5129 1174 5199 ἀπερινοήτως-.

1915 5129 2002 5182 57.
2039 5127 2167 5182 Sine
2195 5127 2478 5197 principio,
2509 5137 2563 5181 et
2593 5124 3223 5195 incompreltensibiliter.

247 5219 339 5275 58.
370 5221 460 5272 Ἐν
496 5221 574 5290 τῷ
607 5219 828 5290 ὀνόματι
869 5220 1030 5274 αὑτοῦ
1065 5220 1500 5292 ἀγιασθήσονται
1561 5219 1610 5270 οἱ
1658 5235 1743 5269 πι-

1922 5217 2010 5272 58.
2044 5217 2098 5271 In
2134 5217 2352 5272 nomine
2371 5218 2489 5287 ejus
2508 5219 2785 5274 credentes
2814 5219 2867 5272 in
2895 5217 3070 5288 ipsum
3097 5215 3401 5271 sanctiﬁca-

176 5309 456 5372 στεύοντες
476 5310 550 5379 (8)
583 5309 753 5380 αὐτῷ.

476 5310 550 5379 (8)
583 5309 753 5380 αὐτῷ.
1846 5308 2061 5361 buntur.

1086 5461 1390 5522 Addenda
1435 5472 1496 5523 et
1537 5447 1914 5541 corrigenda
1969 5480 2045 5523 ex
2107 5463 2246 5523 eod.
2296 5462 2492 5522 Vatic.

244 5582 325 5654 (1)
354 5581 630 5654 ξιουδαὶωυ
666 5579 991 5644 ἀποστόλους
1021 5578 1281 5647 ’Λοπῇσς,
1325 5591 1430 5636 etc.

811 5579 991 5644 τόλους
1021 5578 1281 5647 Ἄροδος,
1325 5591 1430 5636 etc.
1908 5583 1983 5654 (5)
2021 5584 2216 5654 Ἐστιν
2238 5583 2405 5637 deest.

244 5652 323 5782 (2)
351 5652 389 5703 Γ
393 5652 462 5720 ἀρ
500 5652 611 5735 ὑπ’.
1906 5653 1978 5721 (6)
2007 5653 2126 5740 Τῶν
2159 5653 2331 5719 λόγων
2365 5653 2469 5705 τῶν
2501 5654 2809 5724 προφητῶν.

267 5724 320 5782 5)
359 5722 607 5782 Πιστους.
1910 5723 1984 5782 (7)
2008 5727 2113 5775 Και
2144 5724 2311 5777 deest.

267 5724 320 5791 5)
359 5721 607 5784 Πιστούς.

1910 5723 1984 5791 (7)
2008 5725 2117 5775 Καί
2144 5724 2310 5777 deest.

247 5793 324 5864 (Δ)
348 5791 506 5844 Λαόν.
1916 5791 1990 5862 (8)
2027 5793 2436 5856 Πιστεύσαντες.
