2018 3262
90 246 142 274 945
520 245 565 272 DE
587 244 731 273 'l'lTULlS
750 244 975 274 PSALMORUM.
997 260 1027 265 —-
1048 244 1145 272 PSAL.
1167 243 1272 272 LXXII.
1658 243 1711 273 946

125 304 152 331 6.
173 304 228 330 Kal
244 304 386 341 στερέωμα
397 304 426 331 ἐν
442 306 474 340 τῇ
489 305 602 340 μάστιγι
613 305 712 333 αὐτῶν.

125 348 152 376 7.
172 349 217 376 Ἑν
233 350 329 382 κόποις
340 348 493 384 ἀνθρώπων
504 350 556 376 οὐκ
563 350 616 376 εἰσί
627 358 633 365 ·

126 394 153 423 8.
172 395 228 422 Kal
242 395 312 430 μετὰ
326 394 478 431 ἀνθρώπων
494 396 525 422 οὗ
544 395 806 431 μαστιγωθήσονται.

127 440 156 469 9.
173 440 223 468 Διὰ
237 441 317 468 τοῦτο
333 442 484 478 ἐκράτησεν
494 442 592 474 αὐτοὺς
610 443 627 478 ὴ
646 442 818 478 ὑπερηφανία
830 443 877 469 αὺ-

90 483 145 510 τών
159 485 199 516 εἰς
212 484 287 517 τέλος
300 485 350 520 (ιι)-

127 528 173 556 10.
191 529 388 566 Περιεσάλοντῡ
399 530 507 557 ἀδικίαν
521 531 567 558 καὶ
581 531 709 559 ἀσέϐειαν
723 531 837 559 ἑαυτῶν.

128 574 174 602 11.
199 575 384 608 Ἐξελεύσεται
396 576 434 608 ὡς
445 577 477 603 ἐκ
493 576 602 608 στέατος
612 578 629 612 ή
649 577 740 604 ἀδικία
748 577 848 604 αὐτῶν·

131 619 177 647 12.
191 620 340 657 Διήλθοσαν
353 622 393 653 είς
408 621 527 649 διάθεσιν
542 623 665 659 καρὸίας.

129 664 174 693 15.
189 666 381 702 Διενοήθησαν,
398 668 445 694 καὶ
458 667 592 703 ἐλάλησαν
604 670 633 695 ἐν
645 669 772 706 πονηρίᾳ·

128 710 173 738 14.
192 710 310 739 ’Δδικίαν
328 713 368 745 εἰς
379 713 411 740 τὸ
423 713 490 748 ὕψος
503 713 647 750 ἐλάλησαν.

129 757 174 785 15.
192 758 304 785 Ἐθεντο
316 760 355 791 είς
368 759 483 795 οὐρανὸν
499 759 529 787 τὸ
542 760 628 795 στόμα
642 761 732 788 αὐτῶν
748 769 755 777 '

131 803 176 831 16.
189 805 244 831 Kal
257 806 274 841 ἡ
289 805 399 840 γλῶσσα
415 805 505 833 αὐτῶν
515 806 623 842 διῆλθεν
639 808 686 833 ἐπὶ
700 809 749 843 τῆς
763 808 825 843 γῆς.

130 849 174 877 17.
192 851 242 877 Διά
253 850 333 878 τοῦτο
347 851 506 887 ἐπιστρέψει
519 853 533 879 ὁ
548 852 611 885 λαός
626 861 677 889 μου
693 853 824 881 ἐνταῦθα·

130 896 176 924 18.
192 897 247 923 Καὶ
262 897 365 933 ἡμέραι
376 898 489 935 πλήρεις
503 899 696 935 εὑρεθήσονται
711 901 740 926 ἐν
751 900 852 933 αὐτοῖς.

130 942 175 970 19.
190 942 246 970 Καὶ
260 942 351 971 εἷπον·
371 944 434 977 Πῶς
448 945 519 980 ἔγνω
534 946 549 972 ὁ
564 945 647 979 Θεὸςς

128 988 176 1017 20.
192 990 247 1016 Kal
262 991 286 1017 εί
303 990 361 1018 ἐστι
378 991 479 1026 γνῶσις
493 992 522 1018 ἐν
537 991 576 1027 τῷ
595 991 725 1029 ’Υψίστῳς

128 1035 175 1063 21.
197 1037 264 1064 Ἰδοὺ
281 1034 354 1065 οὗτοι
366 1038 391 1064 οἱ
407 1037 564 1074 ἁμαρτωλοὶ
581 1038 629 1065 καὶ⁸
646 1039 823 1075 εὐθηνοῦντις

130 1082 177 1111 22.
191 1084 238 1116 El;
251 1084 297 1111 τὸν
306 1084 392 1112 αἰῶνα
404 1085 537 1120 κατέσχον
552 1085 679 1113 πλούτου.

128 1130 174 1158 25.
192 1131 247 1158 Kal
260 1128 326 1158 εἶπα
336 1140 343 1147 θ
358 1128 432 1167 Ἀρα
449 1132 572 1167 ματαίως
585 1132 733 1160 ἐδικαίωσα
753 1132 802 1170 τὴν
815 1142 879 1169 καρ-

90 1177 153 1205 δίαν
167 1185 234 1213 μους

129 1238 169 1275 (a)
185 1238 290 1266 Αὐτῶν
296 1240 339 1272 εις
346 1239 433 1272 τέλος
444 1240 550 1268 desunt.

894 306 917 334 Α
965 305 991 331 6.
1008 303 1041 331 Ει
1057 304 1257 332 ﬁrmamentum
1275 304 1301 330 in
1318 303 1393 338 plaga
1407 310 1512 330 eorum.

972 350 998 378 7.
1014 350 1043 377 ln
1055 350 1195 378 laboribus
1213 350 1358 378 hominum
1372 357 1427 377 non
1441 354 1505 377 sunt
1518 358 1525 378 :

967 398 993 424 8.
1008 396 1043 423 Et
1055 405 1117 424 cum
1131 397 1287 424 hominibus
1301 405 1354 424 non
1368 396 1584 432 ﬂagellabnmur.

969 442 995 470 9.
1011 441 1075 470 ideo
1090 441 1176 469 tenuit
1186 449 1235 470 eos
1250 441 1376 471 superbia
1390 449 1485 469 eorum
1500 441 1528 469 in
1543 441 1642 469 ﬁnem:

970 532 1013 559 10.
1026 531 1116 567 Operti
1133 537 1195 560 sunt
1216 532 1359 567 iniquitate
1373 536 1400 559 ct
1414 532 1550 567 impietate
1564 539 1626 559 sua.

969 579 1011 605 11.
1034 578 1155 606 l’rodibit
1166 578 1244 613 quasi
1254 585 1288 606 cx
1304 578 1382 613 adipe
1398 578 1528 613 iniquitas
1540 584 1636 605 eorum
1652 584 1662 606 :

969 625 1011 652 i2.
1028 624 1206 652 Transierunt
1222 625 1249 651 in
1261 624 1385 652 allectum
1402 623 1504 651 cordis.

969 671 1012 698 15.
1028 670 1230 706 Cogitaverunt,
1244 675 1272 698 et
1288 671 1370 698 locuti
1386 674 1450 697 sunt
1463 670 1489 697 in
1503 669 1622 705 nequitia
1638 676 1647 698 :

968 717 1010 745 14.
1025 717 1194 752 lniquitalem
1209 717 1237 743 in
1260 716 1368 744 excelso
1382 716 1465 744 locuti
1482 720 1557 743 sunt.

969 764 1013 791 15.
1032 763 1184 791 Posuerunl
1199 763 1227 790 in
1241 763 1339 791 malum
1352 769 1383 790 os
1395 769 1474 789 suum
1488 770 1496 789 :

967 809 1010 836 16.
1023 808 1056 836 Et
1068 809 1158 844 lingua
1170 815 1265 836 eorum
1276 808 1401 836 transivit
1416 808 1444 835 in
1457 811 1539 834 terra.

968 855 1013 885 17.
1027 856 1090 883 ideo
1103 859 1275 883 convertctur
1289 854 1404 889 populus
1419 861 1496 881 meus
1508 852 1552 881 hic
1567 862 1574 880 :

970 902 1013 929 18.
1028 900 1061 929 Ει
1076 901 1136 929 dies
1151 901 1223 936 pleni
1240 900 1411 928 invenientur
1427 900 1455 927 in
1473 899 1523 927 eis.

968 948 1012 977 19.
1028 947 1061 976 Et
1071 948 1215 976 dixerunt:
1232 947 1375 981 Quomodo
1390 946 1469 975 scivit
1481 945 1575 973 Deus!

968 995 1014 1023 20.
1032 995 1065 1023 Et
1078 996 1100 1023 si
1115 999 1156 1023 est
1170 996 1282 1023 scientia
1295 995 1322 1022 in
1333 994 1447 1022 Excelso
1460 993 1473 1020 2

970 1042 1017 1069 2L
1033 1041 1103 1070 Ecce
1117 1041 1169 1076 ipsi
1180 1046 1346 1077 peccatores,
1363 1045 1390 1067 et
1403 1038 1592 1067 abundantes:

971 1087 1018 1115 22.
1034 1086 1062 1115 In
1080 1088 1181 1116 saeculo
1193 1087 1371 1115 obtinuerunt
1381 1085 1500 1114 divitias.

970 1134 1016 1162 23.
1033 1133 1066 1162 Et
1088 1134 1145 1162 dixi
1173 1143 1180 1161 :
1207 1133 1278 1169 Ergo
1299 1134 1359 1162 sine
1382 1139 1465 1161 causa
1495 1129 1643 1167 justiﬂcsvi
1669 1135 1716 1156 cor

936 1180 1048 1209 meum!

661 1297 850 1326 ATHANASII
869 1297 1159 1326 lNTERPRETATlO.

131 1354 159 1383 6.
176 1355 231 1381 Kal
242 1355 401 1390 ἐπιμένωσι
412 1357 446 1391 τῇ
457 1356 578 1393 ἁμαρτίᾳ
591 1357 641 1393 (1).

133 1400 161 1428 7.
177 1400 215 1427 οὐ
234 1400 390 1435 λογίζονται
406 1402 519 1434 ἐαυτοὺς
532 1402 575 1429 ἵνα
588 1403 626 1434 ὡς
638 1402 753 1435 ἕκαστος
766 1403 820 1430 τῶν
833 1405 881 1431 ἀν-

92 1445 224 1483 ορὼπων.

131 1491 158 1519 8.
172 1492 238 1519 Οὐδὲ
263 1493 304 1520 ὅτι
327 1493 397 1528 μετὰ
417 1492 471 1519 τῶν
493 1493 644 1529 ἀνθρώπων
670 1494 795 1530 μέλλουσι
823 1495 883 1531 κρί-

93 1537 200 1566 νεσθαι.

131 1584 158 1612 9.
172 1584 221 1612 Διὰ
236 1583 314 1611 τοῦτο
324 1585 354 1611 οὐ
372 1593 435 1620 μετε
439 1586 597 1623 μελήθησαν
609 1587 656 1615 ἐπὶ
669 1588 703 1624 τῇ
717 1587 832 1624 σπάρσει
844 1587 882 1624 (2)

94 1629 147 1667 τῆς
158 1629 272 1666 καρδίας
281 1629 383 1657 αὐτῶν.

131 1676 178 1704 1ο.
195 1675 262 1707 Ταῖς
278 1673 385 1702 ἑαυτῶν
397 1675 546 1711 ἁμαρτίαις
561 1675 609 1703 καὶ
622 1675 739 1708 ἀδικίαις
754 1676 882 1711 σφίγγον-

92 1732 138 1751 ται

93 1816 188 1844 αὐτῶν
201 1816 345 1852 ἁναδειχθῇ
361 1816 411 1852 (5).

133 1862 180 1890 12.
193 1862 436 1899 Ἑξηκολούθησαν.

134 1907 180 1936 15.
197 1907 376 1943 Ἐσκέψαντο,
399 1907 447 1935 καὶ
471 1906 605 1942 ἐλάλησαν
625 1905 731 1942 πονηρὰ
747 1905 818 1934 κατὰ
836 1905 884 1932 τοῦ

93 1954 176 1982 Θεοῦ.

133 2000 181 2028 Η.
194 1999 325 2036 -Ῥήματα
340 1999 487 2035 βλάσφημα
501 1998 573 2025 κατὰ
597 1996 645 2025 τοῦ
659 1996 758 2033 Κυρίου
771 1996 809 2032 (4)
824 1996 885 2023 ἐλά-

93 2046 193 2084 λησαν.

132 2093 179 2121 15.
194 2092 407 2129 Δυσφημοῠντες
420 2090 492 2119 κατὰ
505 2098 553 2117 του
567 2090 646 2117 Θεοῦ.

134 2140 181 2168 16.
197 2140 252 2168 Kal
268 2142 285 2177 ἡ
297 2139 389 2176 διδαχὴ
406 2138 496 2167 αὐτῶν
512 2137 644 2173 κατέσχεν
660 2137 706 2163 ἐπὶ
718 2136 767 2172 τῆς
781 2136 842 2171 γῆς.

135 2187 183 2215 17.
197 2186 246 2214 Διὰ
262 2186 343 2213 τοῦτο
362 2185 408 2213 τὸν
426 2185 490 2212 λαόν
506 2192 557 2230 μου
574 2182 763 2230 ἐπισυναγάτῃ
776 2180 808 2217 [ὁ
820 2180 885 2213 λαός
900 2202 922 2230 D

97 2242 152 2270 μου
167 2231 421 2267 ἐπισυναγάγηται]
439 2232 468 2258 ἐν
485 2230 523 2266 (5)
545 2228 668 2265 βασιλείᾳ
686 2237 745 2264 μου.

134 2279 181 2307 18.
205 2278 258 2306 Kal
285 2278 361 2306 οὐδὲν
390 2277 526 2304 σκοτεινὸν
548 2276 629 2312 ἔργον
646 2275 675 2301 ἐν
699 2274 801 2306 αὐτοῖς,
819 2273 886 2301 ἀλλὰ

95 2326 146 2355 τοῦ
159 2326 249 2361 φωτὸς
260 2325 369 2353 πάντων
385 2322 511 2361 [πάντα]
538 2322 587 2358 (6).

134 2370 180 2398 19.
199 2371 255 2397 Kal
284 2367 364 2397 εἶπαν
384 2370 409 2397 οἱ
431 2368 555 2399 ἀσεϐεῖςν
580 2366 667 2394 Πόθεν
696 2363 767 2393 οἶδεν
790 2366 805 2393 ὁ
821 2365 887 2397 Θεός

94 2423 125 2444 τι
139 2415 206 2451 περὶ
222 2414 289 2450 ἐμοῦ
304 2414 363 2449 (7);

133 2460 180 2488 20.
195 2459 248 2488 Kal
259 2461 283 2487 εἰ
298 2460 366 2491 ὅλως
378 2458 436 2485 ἐστὶ
450 2457 559 2494 φροντὶς
574 2457 639 2493 περὶ
648 2456 749 2484 τούτων
762 2456 801 2491 τῷ
808 2455 883 2492 Qui);

134 2506 182 2536 21.
194 2507 240 2533 Ἐν
256 2505 295 2541 τῷ
310 2505 405 2541 κόσμῳ
416 2503 594 2540 εὐθηνοῦντες
603 2503 653 2538 (8).

135 2553 184 2581 22.
198 2553 245 2585 El;
257 2552 304 2579 τὸν
313 2551 398 2579 αἰῶνα
408 2551 453 2577 τὸν
468 2550 516 2577 νῦν
528 2549 578 2585 (9).

135 2597 182 2627 9-5.
200 2598 256 2624 Kal
269 2597 435 2633 ἐλογισάμην
444 2595 505 2623 καθ’
521 2594 616 2623 ἑαυτόν
625 2603 632 2610 ·
646 2593 719 2631 ’Λρα
731 2594 768 2631 μὴ
782 2596 823 2628 εις
835 2595 886 2630 μά-

98 2651 151 2680 την
163 2644 215 2670 οὐκ
232 2642 350 2676 ἐξέδωκα
370 2642 410 2675 εἰς
436 2642 482 2669 τον
505 2641 619 2669 πλοῦτον
643 2641 690 2668 τοῦ
705 2641 807 2677 κόσμον
823 2641 871 2677 τὴν

98 2690 216 2728 καρδίαν
233 2697 283 2725 μου
292 2696 301 2721 ;

132 1770 178 1797 Η.
191 1770 237 1797 Ἐν
252 1772 286 1806 τῇ
297 1770 391 1807 ἡμέρᾳ
407 1771 457 1805 τῆς
477 1770 593 1806 κρίσεως
609 1769 707 1806 ισχυρά
724 1770 741 1805 ἠ
762 1769 884 1805 ἁμαρτία

972 1359 999 1386 6.
1013 1358 1046 1385 Et
1060 1362 1172 1386 manent
1184 1358 1211 1385 iu
1226 1361 1350 1394 peccato.

971 1406 996 1433 7.
1014 1405 1073 1432 Non
1088 1405 1264 1433 considerant
1284 1405 1390 1441 seipsos
1398 1403 1482 1432 veluti
1495 1402 1614 1438 reliquos
1628 1398 1718 1429 homi-

936 1460 994 1479 πρε.

972 1496 998 1523 8.
1013 1495 1107 1531 Neque
1131 1495 1204 1531 quod
1229 1502 1290 1523 cum
1315 1494 1377 1521 aliis
1399 1492 1555 1521 hominibus
1577 1491 1715 1524 Iudicandi

936 1546 1009 1569 sunt.

972 1586 999 1613 9.
1015 1584 1160 1620 Propterea
1174 1591 1222 1612 eos
1233 1590 1287 1611 non
1305 1581 1431 1618 paenituit
1447 1585 1558 1618 propter
1571 1580 1717 1609 elationem

935 1631 1027 1659 cordis
1041 1638 1147 1659 eorum.

971 1677 1015 1705 10.
1030 1676 1260 1712 Constringuntur
1274 1674 1404 1710 peccatis,
1412 1678 1439 1702 et
1448 1673 1636 1709 iniquitatibus
1648 1672 1716 1701 suis.

973 1770 1016 1797 11.
1034 1768 1063 1796 in
1080 1767 1124 1795 die
1136 1765 1232 1802 iudicii
1247 1772 1329 1800 grave
1344 1763 1501 1793 ostendetur
1513 1771 1609 1792 earum
1623 1772 1718 1800 pecca-

935 1820 1003 1843 tum.

971 1860 1016 1888 12.
1030 1859 1122 1887 Secuti
1138 1864 1213 1888 sunt.

973 1908 1017 1935 15.
1029 1907 1290 1942 Consideraverunt,
1303 1912 1330 1935 et
1344 1907 1428 1936 locuti
1441 1912 1506 1935 sunt
1515 1906 1640 1942 improba
1653 1913 1719 1934 eon-

935 1958 976 1981 tra
991 1952 1085 1980 Deum.

974 1998 1018 2026 ﬂ.
1036 1997 1124 2025 Verbs
1142 1997 1301 2033 blaspheme
1322 1996 1407 2025 locuti
1429 2001 1492 2024 sunt
1504 2000 1601 2025 contra
1625 1994 1718 2024 Domi-

977 2089 1021 2117 15.
1037 2087 1240 2115 llurmurantes
1249 2090 1345 2114 contra
1356 2084 1451 2113 Deum.

971 2135 1015 2163 16.
1034 2133 1067 2161 Ει
1079 2133 1202 2161 doctrina
1215 2139 1309 2161 eorum
1324 2131 1442 2160 obtinuit
1452 2139 1534 2168 super
1545 2136 1656 2161 terram.

974 2181 1020 2208 17.
1042 2180 1188 2215 Propterea
1213 2179 1330 2215 populus
1353 2186 1432 2207 meus
1455 2180 1666 2216 congregabitur
1690 2181 1719 2209 in

936 2234 1017 2263 regno
1033 2234 1104 2254 meo.

972 2273 1017 2301 18.
1031 2272 1066 2301 Ει
1079 2272 1183 2301 nullum
1196 2280 1265 2309 opus
1276 2272 1450 2301 tenebrosum
1465 2272 1493 2300 in
1509 2272 1586 2309 ipsis,
1602 2273 1648 2301 sed
1660 2280 1720 2300 om-

936 2320 982 2348 nia
998 2320 1043 2348 lux
1059 2322 1151 2348 erunt.

973 2366 1016 2394 19.
1033 2365 1067 2393 Et
1079 2366 1208 2394 dixerunt
1222 2366 1298 2401 impii
1314 2374 1321 2392 :
1336 2363 1414 2392 Unde
1436 2363 1516 2392 scivit
1531 2363 1603 2392 Deus
1617 2363 1721 2400 aliquid

936 2413 970 2442 de
982 2414 1051 2441 me?

973 2459 1019 2487 20.
1035 2458 1069 2487 Et
1079 2459 1103 2486 si
1118 2457 1172 2486 ulla
1186 2461 1229 2486 cst
1243 2464 1310 2485 cura
1320 2456 1355 2484 de
1370 2457 1415 2484 his
1429 2455 1484 2485 Deo
1497 2456 1509 2483 ἓ

973 2506 1021 2533 21.
1034 2504 1064 2533 In
1081 2504 1184 2532 mundo
1196 2510 1324 2539 prospere
1336 2507 1455 2539 agentes.

972 2552 1018 2579 εξ.
1033 2552 1061 2579 ln
1079 2552 1132 2579 hoc
1147 2550 1255 2578 saeculo.

975 2598 1018 2625 23.
1028 2596 1062 2625 Et
1072 2597 1143 2633 apud
1157 2604 1201 2624 me
1214 2596 1304 2632 ipsum
1321 2594 1437 2631 cogitavi
1450 2605 1456 2623 :
1467 2593 1538 2631 Ergo
1551 2593 1650 2622 frustra
1663 2592 1722 2622 abs-

942 2643 1011 2672 tinui
1028 2651 1076 2672 cor
1089 2650 1180 2671 meum
1192 2650 1207 2670 a
1221 2642 1315 2670 mundi
1328 2640 1450 2670 divitiis!

578 2744 734 2776 Addenda
758 2747 790 2776 et
805 2737 993 2785 corrigenda
1009 2753 1048 2775 ex
1064 2743 1134 2775 cod.
1148 2742 1238 2774 Vatic

138 2809 177 2847 (1)
189 2809 334 2847 ,Ϊᾼμριρτίᾳ
347 2807 446 2836 αὐτῶν·

135 2845 177 2879 (2)
189 2845 331 2879 Ἐπάρσει.

188 2879 384 2921 ξᾼνῴειχθείη.

149 2915 179 2982 2‘5!)
193 2916 404 2985 ῗιῗΐᾶυναγάγω
417 2959 446 2978 ιν
460 2949 505 2985 τῇ.

978 2805 1018 2841 (ϐ)
1030 2805 1111 2832 Ἀλλὰ
1120 2806 1209 2841 πλήρη
1223 2804 1267 2831 τοῦ
1280 2804 1371 2841 φωτὸς
1383 2804 1485 2833 πάντα.

992 2840 1020 2875 7⁷)
1041 2841 1069 2868 '0
1084 2840 1159 2872 Θεὸς,
1174 2840 1355 2875 τίποιοῦμεν.

993 2876 1020 2912 8)
1036 2876 1211 2912 Εὒθηνοῦσιν.

992 2910 1020 2947 9)
1035 2912 1093 2939 Νῦν
1104 2910 1234 2947 κατέσχον
1247 2910 1372 2938 πλούτου.
