4036 6458
639 351 743 408 947
1479 361 1534 417 S.
1582 361 1948 421 ATHANASII
1989 367 2139 424 OPP.
2181 370 2362 427 PARS
2402 371 2487 428 Ill.
2522 406 2592 416 —
2637 373 3044 433 EXECETICA.
3783 385 3892 440 948

712 473 803 527 9.4.
836 472 900 530 Et
932 476 1035 530 lavi
1064 478 1205 533 inter
1231 478 1548 537 innocentes
1584 501 1778 542 manus
1809 503 1976 547 meas.
2235 499 2281 554 A

2378 495 2466 548 24.
2499 497 2606 549 Kal
2645 497 2916 569 ἐνιψάμην
2947 499 3005 550 ὲν
3031 496 3229 560 ἀθώοις
3255 499 3355 564 τὰς
3379 502 3562 572 χεῖράς
3586 518 3713 573 μου.

712 559 803 617 25.
830 563 896 619 Et
927 565 1001 622 fui
1027 568 1324 638 tlagellatus
1347 581 1458 628 tota
1487 573 1573 629 die
1601 593 1616 628 :

2386 587 2476 642 25.
2507 590 2617 642 Kal
2660 559 2929 662 ἐγενόμην
2976 608 3042 662 με
3053 559 3478 665 μαστιγωμένος
3503 559 3632 667 ὅλην
3674 597 3780 669 τήν
3823 595 3895 670 ἠ-

2322 679 2494 752 ιιὲραν
2517 700 2532 714 ο

713 741 800 796 26,
852 743 913 799 Et
936 748 1218 817 castigatio
1253 765 1371 806 mea
1404 753 1458 807 in
1487 758 1789 812 matutinis.

711 833 800 887 27.
854 833 909 888 Si
941 837 1207 904 dicebam,
1240 845 1470 900 narrabo
1505 847 1584 901 sic
1619 863 1632 898 :

704 925 794 979 28.
861 926 998 984 Ecce
1029 931 1304 988 nationem
1343 937 1578 992 ﬁliorum
1619 949 1834 996 tuorum
1866 943 2169 1013 reprobavi.

705 1015 794 1070 29.
847 1018 912 1074 Et
953 1022 1330 1080 existimabam
1378 1038 1435 1084 ut
1473 1045 1902 1101 cognoscerem:

712 1107 800 1164 50.
850 1111 960 1168 Hoc
989 1114 1141 1171 labor
1169 1126 1253 1173 est
1293 1130 1416 1176 ante
1446 1137 1554 1177 me.

2387 1137 2475 1190 50.
2510 1139 2679 1193 Τοῦτο
2708 1141 2874 1205 κόπος
2904 1145 3052 1197 ἐστὶν
3072 1107 3302 1200 ξνώπιόν
3337 1164 3438 1217 μου
3470 1148 3564 1218 (α).

711 1203 799 1261 51.
846 1206 1024 1264 Donec
1055 1211 1250 1266 intrem
1297 1215 1349 1268 in
1385 1219 1750 1274 sanctuarium
1791 1219 1882 1274 Dei
1915 1240 1927 1274 :

2385 1229 2474 1284 5i.
2507 1231 2655 1295 Ἕως
2683 1225 2743 1285 οὗ
2769 1203 2994 1289 εἰσέλθω
3026 1240 3107 1302 εἰς
3136 1239 3196 1293 τὸ
3224 1203 3574 1313 ἁγιαστήβιον
3596 1239 3690 1293 τοῦ
3715 1238 3888 1293 Θεοῦ·

711 1295 799 1350 52.
852 1297 918 1352 Ει
952 1300 1244 1373 intelligam
1301 1305 1354 1358 in
1400 1309 1710 1365 novissimis
1733 1327 1941 1367 eorum.

2385 1320 2472 1374 52.
2512 1323 2621 1376 Καὶ
2650 1325 2791 1378 συνῶ
2820 1329 2898 1390 εις
2933 1326 2999 1380 τὰ
3026 1295 3228 1399 ἕσᾷίατα
3254 1295 3452 1386 αὐτῶν.

710 1387 800 1443 55.
851 1387 1232 1451 Verumtamen
1275 1408 1493 1468 propter
1531 1402 1686 1457 dolos
1734 1418 1922 1458 eorum
1977 1405 2204 1473 posuisti

673 1480 716 1534 is
744 1482 881 1534 mala
909 1503 921 1534 :
2311 1519 2342 1534 -

2377 1413 2465 1465 55.
2517 1416 2662 1487 Πλὴν
2702 1418 2789 1470 διὰ
2823 1387 2923 1482 τας
2979 1387 3287 1494 ὼλιὲτητας
3318 1423 3494 1478 αὐτῶν
3541 1423 3663 1477 ἔθου
3699 1423 3890 1487 αὐτοῖς

2333 1505 2452 1534 ηιυᾶ
2474 1522 2486 1534 ο

637 1496 716 1534 (Bis
744 1496 881 1536 mata
909 1503 921 1537 ἒ

2384 772 2472 827 26.
2505 776 2614 829 Kal
2641 777 2670 828 ὁ
2706 775 2923 846 ἔλεγχός
2959 794 3058 847 μου
3090 780 3168 842 εἰς
3195 777 3293 841 τὰς
3319 780 3545 850 πρωίας.

2386 864 2474 918 27.
2512 867 2574 920 El
2601 866 2802 935 ἔλεγον,
2834 869 3162 941 διηγήσομαι
3185 869 3387 933 οὕτως’

2382 954 2472 1009 28.
2515 957 2642 1011 Ἰδοὺ
2668 960 2734 1029 τῇ
2764 961 2924 1030 γενεᾷ
2947 959 3054 1012 τῶν
3084 961 3216 1013 υἱῶν
3247 977 3337 1013 σου
3367 962 3730 1035 ἡσυνθέτηκα.

2379 1045 2468 1101 29.
2506 1049 2616 1101 Kal
2645 1049 2911 1103 ὑπέλαδον
2935 1051 3028 1104 τοῦ
3059 1051 3289 1119 γνῶναι·

2311 1505 2486 1557 κακά·

710 1571 798 1625 54.
859 1572 1107 1643 Dejecisti
1149 1593 1246 1635 eos
1277 1580 1406 1637 dum
1436 1584 1822 1641 allevarentur.

2371 1594 2464 1648 54.
2494 1597 2806 1662 Κατέὅαλες
2833 1600 3029 1666 αὐτοὺς
3059 1606 3116 1656 ὲν
3141 1603 3218 1674 τῷ
3243 1606 3562 1678 ἐπαρθῆναι.

709 1663 798 1716 55.
851 1664 1134 1730 Quomodo
1163 1670 1289 1727 facti
1328 1685 1455 1730 sunt
1489 1675 1541 1729 in
1568 1675 1998 1732 desolationem?

2371 1683 2461 1738 55.
2496 1685 2619 1749 Πῶς
2637 1687 2708 1758 (b)
2732 1687 2978 1757 ἐγένοντο
3007 1663 3087 1756 εἰς
3116 1663 3423 1765 ἐρημωσιιεη

711 1754 794 1806 56.
851 1753 1043 1814 Subito
1070 1761 1406 1832 defecerunt,
1437 1769 1717 1836 perierunt
1746 1778 1967 1840 ριὀΡῑθτ
2000 1767 2199 1838 ἱιιὶίιυί-
2240 1855 2271 1859 _

2379 1774 2467 1828 56.
2515 1753 2783 1842 Ἐξάπινα-
2805 1753 3079 1848 ἐξέλιπον,
3099 1753 3372 1841 ἁπῶλοντο
3410 1753 3500 1841 διὰ
3529 1787 3626 1859 τὴν
3655 1787 3890 1858 ἀνομίαν

639 1853 803 1900 tatem
836 1863 1011 1906 suam.
2238 1855 2278 1909 Β
2308 1882 2342 1918 α

2333 1866 2508 1922 ιὺτῶν.

708 1939 794 1991 57.
838 1941 994 1998 \‘elut
1022 1947 1292 2003 somnium
1329 1955 1618 2022 surgentis,

2378 1958 2467 2014 57.
2510 1962 2656 2015 Ὧσεὶ
2686 1965 2932 2019 ἐνύπνιον
2961 1966 3388 2040 ὲξεγειρομένου,

707 2028 795 2082 58.
847 2031 1092 2101 Domine,
1126 2038 1180 2092 in
1226 2041 1443 2099 civitate
1489 2055 1581 2101 tua
1633 2045 1920 2115 imaginem
1953 2043 2194 2113 ipsorum

2379 2050 2468 2104 58.
2520 2055 2726 2126 Κύριε,
2770 2059 2827 2110 ἐν
2871 2061 2936 2130 τῇ
2989 2028 3152 2115 πόλει.
3186 2028 3277 2115 σου
3329 2028 3428 2134 την
3474 2064 3659 2118 εἰκόνα
3703 2063 3890 2117 αὐτῶν

638 2123 702 2176 ad
736 2124 960 2181 nihilum
993 2131 1220 2201 rediges.
2299 2137 2347 2202 ἐξ

2333 2137 2690 2209 ξουδενώσεις.

715 2217 801 2271 59.
848 2219 985 2285 Quia
1031 2221 1424 2280 inﬂammatum
1453 2237 1535 2282 est
1576 2244 1670 2283 cor
1703 2243 1905 2291 meum,
1951 2236 2005 2280 et
2041 2239 2196 2280 renes

2340 2319 2346 2320 γ
2373 2230 2463 2320 59.
2497 2235 2618 2288 ’Ότι
2647 2238 2910 2312 ἐξεκαύθη
2948 2244 2978 2313 ἡ
3005 2243 3196 2316 καρδία
3225 2263 3344 2315 μου,
3372 2247 3463 2300 καὶ
3488 2248 3537 2300 οἱ
3563 2245 3754 2320 νεφροὶ
3781 2262 3890 2318 μου

641 2308 742 2360 mei
772 2313 1086 2366 commutati
1127 2322 1272 2369 sunt.
2301 2318 2347 2386 ἡ]

2333 2319 2562 2397 ,λλοιὼθη
2572 2343 2682 2381 σαν.

712 2417 788 2497 (ᾳ)
818 2419 1088 2497 ξῌνάντιᾴν
1119 2443 1240 2497 μοι).
1278 2428 1345 2480 At
1379 2429 1430 2481 in
1467 2445 1660 2497 marg,
1697 2429 1925 2483 ἐνώπιόν
1961 2447 2078 2497 μου.

712 2444 788 2490 ψ)
841 2444 1088 2476 ιτιναντιον
1162 2444 1240 2478 ου.
1278 2444 1345 2480 Al.
1379 2445 1430 2481 Ill
1467 2445 1660 2497 marg,
1697 2444 1925 2483 ενωπιον
2033 2449 2078 2483 υ.

710 2487 785 2558 (b)
818 2487 972 2546 Vers.
1000 2495 1087 2556 55,
1117 2444 1258 2561 Βῶς,
1291 2507 1418 2562 etc..,
1447 2496 1691 2561 ἐξάπινα.
1727 2497 1876 2554 Vers.
1907 2447 2330 2566 ὅέῒΟἘξέλιπον,
2360 2511 2464 2556 etc.

1759 2621 2128 2676 ATHANASII
2165 2620 2751 2684 INTERPRETATIO.

707 2721 796 2776 24.
832 2723 892 2779 Et
923 2729 1211 2784 emundavi
1245 2746 1478 2790 mentem
1512 2753 1683 2792 meam
1712 2739 1779 2792 ab
1803 2739 1954 2808 ipsis.

2389 2742 2478 2797 24.
2514 2743 2616 2797 Kal
2640 2747 2943 2818 ἑκαθάρισα
2969 2749 3064 2821 τὴν
3091 2747 3326 2803 διάνοιάν
3356 2764 3455 2817 μου
3489 2748 3584 2800 ἀπ’
3605 2746 3808 2800 αὐτῶν.

708 2815 799 2871 25.
825 2814 889 2871 Ει
917 2819 1070 2890 plaga
1117 2827 1299 2880 statim
1349 2831 1492 2884 venit
1533 2846 1695 2901 super
1737 2847 1842 2896 me,
1872 2832 2047 2886 solum
2077 2831 2203 2901 quia

642 2906 744 2962 hoc
768 2906 898 2962 dixi.
2312 2944 2347 2962 η,

2382 2836 2471 2889 25.
2505 2839 2613 2890 Καὶ
2647 2814 2832 2911 πληγη
2854 2814 3051 2906 εὐθέως
3078 2838 3238 2912 ἦλθεν
3272 2814 3506 2922 ἐπ’-ἐμὲ,
3555 2839 3714 2907 μόνον
3750 2839 3886 2892 εἶτ-..α

886 2948 898 2960 .
2312 2944 2485 2980 τουτο.

708 2996 796 3050 26.
839 2997 902 3052 Et
931 3001 1214 3071 evigilans,
1242 3022 1335 3059 cor
1364 3025 1450 3062 me
1476 3011 1772 3070 damnavit.

2381 3019 2467 3074 26.
2503 3022 2610 3074 Καὶ
2639 3024 3015 3096 ἀνανήφουσα,
3046 3025 3410 3091 κατεγίνωσκὲ
3450 3041 3551 3095 μου
3592 3025 3626 3093 ή
3663 3024 3883 3095 καρδία..

705 3089 802 3153 27,
838 3091 927 3146 28.
977 3091 1042 3146 Ει
1091 3095 1333 3150 dicebam
1386 3097 1528 3154 Deo:
1579 3100 1820 3158 Narrabo
1868 3104 2199 3174 generationi
2231 3159 2270 3187 ρ

2379 3113 2465 3176 27,
2501 3114 2588 3170 28.
2627 3117 2736 3169 Kal
2781 3089 2961 3185 ἔλεγον
3004 3118 3079 3187 (1)
3130 3089 3207 3186 τῶ
3254 3117 3371 3187 Θεῷ
3393 3089 3784 3186 θλιηγή-σομαι
3816 3117 3885 3186 τῇ

643 3186 875 3240 filiorum
908 3198 1147 3254 tuorum,
1192 3192 1278 3245 cui
1320 3204 1580 3260 praecepta
1613 3195 1827 3256 dedisti.
1861 3196 2001 3265 quod
2053 3196 2097 3251 si
2129 3197 2200 3250 ita
2231 3186 2272 3215 υ
2307 3222 2347 3272 γς

2333 3207 2467 3274 ἐνεᾷ
2499 3205 2604 3258 τῶν
2638 3207 2769 3260 υἱῶν
2798 3225 2910 3269 σου,
3002 3207 3268 3272 ὲνετείλω,
3291 3208 3392 3271 ὃτι,
3427 3207 3510 3259 ἵνα
3543 3206 3684 3277 [ἐὰν]
3711 3206 3889 3270 οὕτως

641 3279 894 3349 cogitavi,
943 3289 997 3334 et
1044 3283 1329 3337 mmulatus
1387 3300 1505 3338 sum
1564 3297 1908 3356 peccatorum
1959 3288 2196 3351 divitias,
2307 3296 2347 3348 λι

2333 3297 2634 3367 λογίσωμαι,
2671 3300 2760 3351 xal
2796 3279 3021 3368 ζηλώσω
3064 3298 3416 3370 [ἐλογισάμην
3440 3339 3454 3360 ,
3487 3298 3580 3350 καὶ
3613 3295 3885 3370 ἐζήλωσα]

641 3373 803 3427 etiam
838 3369 1136 3443 ﬂagellatus
1175 3391 1295 3430 sum
1323 3393 1351 3430 a
1381 3376 1509 3432 Deo.
2307 3385 2347 3438 τὲ

2333 3385 2396 3439 ὺν
2426 3388 2652 3441 πλοῦτον
2680 3389 2786 3441 τῶν
2815 3369 3169 3461 ἁμαρτωλῶν,
3197 3393 3290 3444 καὶ
3315 3391 3699 3462 ὲμαστιγὼοην
3732 3409 3808 3443 πα
3817 3393 3890 3462 ρὰ

2303 3479 2395 3532 τοῦ
2431 3480 2583 3533 Θεοῦ.

710 3547 801 3610 29,
845 3548 932 3602 50.
974 3548 1325 3605 Consideravi
1378 3563 1430 3606 et
1456 3555 1706 3622 cognovi,
1737 3556 1882 3625 quod
1929 3555 2204 3610 tribulatio

2374 3571 2462 3636 29,
2495 3572 2582 3627 50.
2623 3573 3008 3644 Ἐνεθυμήθην,
3051 3577 3142 3627 καὶ
3185 3573 3344 3643 ἔγνω,
3390 3577 3470 3628 ὅτι
3518 3575 3694 3643 Θλίψις
3729 3573 3888 3625 σύνε-

642 3639 887 3694 constitit
925 3641 977 3694 in
1009 3643 1211 3694 mundo
1243 3643 1501 3699 adversus
1537 3661 1638 3699 me.

2309 3682 2390 3718 σιν
2434 3663 2711 3737 [συνέστη]
2741 3668 2800 3718 ἐν
2830 3666 2907 3736 τῷ
2945 3666 3129 3736 κόσμῳ
3155 3666 3232 3736 τῷ
3258 3667 3540 3721 κατέναντι
3590 3667 3668 3738 (2)
3704 3665 3894 3738 [κατέ-

2312 3761 2459 3812 ναντί
2497 3777 2595 3829 μου

2378 3851 2464 3904 51.
2496 3852 2639 3914 Ἕως
2667 3848 2726 3906 οὗ
2751 3852 3000 3905 ἀναλύσω
3027 3852 3162 3921 πρὸς
3193 3853 3282 3904 τὸν
3316 3851 3448 3904 Θεόν
3480 3871 3601 3922 μου.

2380 3939 2468 3991 52.
2527 3941 2636 3992 Kal
2697 3942 2815 3993 τότε
2865 3940 2975 4011 ὁρῶ
3033 3941 3085 3992 τί
3127 3942 3278 3993 ἔσται
3324 3942 3500 3994 πάντα
3569 3943 3635 3995 τὰ
3683 3942 3890 4012 ἔσχατα

2309 4029 2415 4082 τῶν
2446 4031 2520 4099 (5)
2548 4032 2905 4103 ἁμαρτωλῶν.

2378 4122 2465 4175 55.
2515 4123 2698 4192 Ὅμως
2767 4125 2844 4190 (.4)
2881 4124 2967 4177 διὰ
3039 4123 3137 4187 τὰς
3184 4125 3458 4196 ἁμαρτίας
3509 4125 3688 4178 αὐτῶν
3760 4125 3888 4178 εὐτυ

2315 4214 2542 4285 ρέπισας
2560 4216 2738 4278 αὐτοῖς
2770 4217 3015 4279 κολάσεις
3047 4218 3268 4278 αἰωνίας

2389 4305 2475 4358 54.
2505 4306 2898 4377 Διεσκόρπισας
2941 4308 3136 4370 αὐτοὺς
3179 4307 3285 4360 ἀπὸ
3334 4306 3428 4360 σοῦ
3462 4307 3551 4360 διὰ
3587 4308 3685 4378 τὴν
3718 4308 3892 4380 ὑπερ-

2313 4394 2575 4464 ηφάνειαν
2608 4395 2705 4464 τῆς
2737 4396 2958 4465 καρδίας
2984 4396 3178 4449 αὐτῶν.

2243 4506 2286 4560 ι)
2386 4487 2455 4539 55
2505 4487 2625 4548 Πῶς
2654 4487 2896 4552 ἐγένοντο
2923 4488 3000 4547 εἰς
3028 4487 3327 4557 ἀφανισμόν
3352 4504 3365 4552 ;

2384 4580 2471 4634 56.
2512 4579 2835 4644 Ἀπέθανον,
2866 4580 2956 4632 καὶ
2979 4577 3253 4632 ἀπώλοντο
3285 4578 3372 4631 διὰ
3395 4578 3482 4631 τὸν
3509 4579 3692 4632 ἄδικον
3728 4579 3886 4632 πλοῦ-

2313 4690 2402 4725 τον
2427 4672 2622 4725 αὐτῶν.

2390 4765 2476 4818 57.
2510 4765 2718 4834 Ὥσπερ
2781 4766 2808 4816 ὁ
2852 4764 3302 4833 ὲνυπνιαζόμενος
3358 4765 3459 4844 ἐρᾷ
3505 4762 3580 4834 (5)
3626 4763 3889 4828 πολλάκις

2316 4855 2504 4907 ἑαυτὸν
2535 4856 2591 4905 ὲν
2635 4852 2846 4924 πλούτῳ
2871 4854 3017 4916 ὄντα,
3047 4855 3113 4906 δι⁸
3152 4853 3435 4925 ὑπρισθεὶς
3463 4855 3518 4906 δὲ
3559 4854 3714 4906 οὐδὲν
3754 4856 3884 4925 ἔχει,

2317 4946 2456 4998 οὕτω
2487 4947 2675 5014 γέγονε
2706 4947 2797 4997 καὶ
2828 4945 3034 5008 τούτοις
3067 4948 3094 4998 ὁ
3124 4945 3348 5008 πλοῦτος
3376 4945 3572 4998 αὐτῶν.

2389 5039 2476 5092 58.
2510 5037 2701 5108 Κύριε,
2735 5040 2791 5089 ἐν
2816 5041 2880 5108 τῇ
2913 5039 3023 5092 ἄνω
3058 5037 3404 5107 Ἰερουσαλὴμ
3438 5035 3763 5107 ἀπορρίψεις
3788 5038 3883 5089 αὺ-

2315 5133 2439 5194 τοὺς
2473 5131 2576 5183 ἀπὸ
2611 5131 2681 5200 (6)
2711 5129 3000 5201 προσώπου
3029 5145 3141 5182 σου.

2388 5225 2475 5277 59.
2495 5225 2618 5274 ’Ὁτι
2651 5222 2939 5292 lancem
2967 5223 3022 5274 ἐν
3044 5220 3120 5290 τῷ
3147 5220 3354 5288 κόσμῳ,
3382 5219 3473 5271 καὶ
3501 5219 3702 5288 ἐτάκην
3726 5220 3879 5283 ὅλως.

713 3815 801 3868 5i.
849 3815 1030 3869 Donec
1061 3829 1298 3873 revertar
1322 3822 1388 3875 ad
1417 3822 1583 3877 Deum
1618 3841 1817 3877 meum.

713 3904 802 3958 52.
854 3907 919 3960 Ει
955 3914 1083 3961 tunc
1114 3909 1329 3973 videbo,
1359 3929 1480 3982 qua:
1502 3924 1663 3967 erunt
1694 3915 1874 3967 omnia
1911 3912 2204 3967 novissima

642 4006 1015 4065 peccatorum.

713 4089 802 4142 55.
844 4087 1225 4143 Verumtamen
1263 4101 1482 4170 propter
1523 4099 1741 4158 peceata
1783 4105 1972 4145 eorum
2003 4109 2207 4164 praepa-

645 4180 774 4232 rasti
819 4182 899 4233 eis
925 4181 1188 4250 supplicia
1217 4193 1436 4236 aeterna.

715 4267 802 4322 54.
852 4268 1165 4338 Dispersisti
1195 4287 1291 4326 eos
1315 4288 1343 4325 a
1376 4282 1425 4326 te
1452 4282 1670 4342 propter
1695 4275 2002 4343 superbiam
2030 4277 2209 4331 cordis

643 4375 850 4414 eorum.

715 4453 802 4507 55.
835 4453 1121 4519 Quomodo
1151 4455 1490 4509 exterminati
1522 4460 1690 4512 sunt?

715 4546 805 4599 56.
851 4545 1045 4598 Μοι·ιιιί
1099 4557 1245 4609 sunt,
1296 4557 1349 4600 et
1393 4549 1672 4616 perierunt
1714 4561 1930 4620 propter
1983 4553 2212 4623 injustas

647 4648 834 4686 eorum
863 4635 1098 4691 divitias.

715 4727 805 4779 57.
848 4725 1316 4792 Quemadmodum
1365 4728 1642 4783 dormiens
1673 4741 1817 4785 amat
1857 4749 1997 4802 sape
2034 4750 2091 4789 se
2131 4736 2214 4806 ip-

645 4834 766 4874 suum
807 4821 858 4872 in
895 4820 1099 4875 divitiis
1130 4836 1272 4883 esse,
1308 4818 1722 4891 expergefactus
1749 4833 1928 4877 autem
1965 4826 2098 4879 nihil
2130 4828 2210 4881 in-

644 4911 814 4973 venit,
857 4913 926 4965 ita
962 4913 1190 4981 contigit
1222 4913 1385 4967 etiam
1417 4912 1500 4965 his
1524 4913 1668 4967 circa
1707 4914 1923 4969 divitias
1954 4932 2100 4971 suas.

731 5002 820 5057 58.
868 5002 1117 5068 Domine,
1168 5004 1221 5058 in
1249 5018 1484 5073 superna
1529 5001 1828 5059 Jerusalem
1860 5007 2083 5076 abjicies
2117 5025 2212 5064 eos

647 5109 674 5147 a
703 5093 836 5148 facie
869 5104 979 5148 tua.

721 5185 808 5239 59.
855 5185 1126 5252 Quoniam
1179 5186 1470 5240 tribulatus
1503 5202 1622 5241 sum
1656 5187 1707 5240 in
1751 5189 1973 5252 mundo,
2006 5201 2056 5243 et
2096 5210 2210 5246 (illl—

649 5276 779 5328 nino
814 5284 1189 5345 consumptus.

1593 5371 1897 5434 Addenda
1932 5385 1992 5435 et
2029 5382 2403 5460 corrigenda
2433 5401 2508 5443 ex
2557 5380 2696 5440 cod.
2733 5378 2929 5438 Vatic.

718 5475 792 5554 (μ)
825 5475 932 5526 Καὶ
975 5475 1033 5555 εἰ.
1068 5475 1271 5555 ξλεγον,
1301 5484 1428 5535 etc..
1461 5477 1540 5527 ὅτι
1576 5476 1746 5540 οὕτως
1772 5478 2074 5550 λογίσομαι,
2108 5495 2215 5539 etc.

2393 5488 2468 5555 (ί)
2505 5484 2754 5555 Ὁμοίως,
2808 5492 2935 5542 etc..
2972 5481 3290 5551 εὐτρέπισα,
3323 5490 3450 5544 elc.,
3481 5479 3571 5532 sed
3606 5479 3778 5533 altera
3806 5479 3881 5532 le-

651 5542 1259 5623 ιῖὶὶιξὶηιιηῐιρεαχῖ(Ιοθδι.Δ
1493 5618 1501 5623 _
1555 5617 1573 5623 __
1799 5621 1806 5623 _
1846 5542 1854 5546 ’
2064 5542 2072 5546 ⁷
2318 5542 2426 5610 οιὶὸ
2457 5542 2804 5623 praeferenda.

721 5613 794 5680 (2)
843 5615 947 5707 Kal
971 5616 1362 5707 ἐνεθυμήθη),
1425 5617 1751 5707 καὶῡὲἶνωιν,
1794 5621 1872 5672 ὅτι
1913 5622 2087 5693 Θλίψις
2120 5627 2212 5680 νῦν

2391 5613 2470 5694 (5)
2505 5625 2653 5707 Ὀεᾷᾌ
2696 5631 2821 5707 etc..
2855 5638 2979 5677 mox
3022 5619 3373 5685 διυπνισθείς,
3407 5629 3538 5684 etc.,
3574 5616 3750 5682 οὕτως
3793 5615 3882 5686 γέ-

648 5685 791 5736 ὲγτιν
844 5687 899 5736 ἐν
928 5685 1004 5753 τῷ
1032 5687 1219 5754 κόσμῳ
1250 5687 1324 5755 τῷ
1353 5687 1490 5765 κατὰ
1518 5687 1810 5765 ΘεὸνΕὸντι.
2012 5685 2022 5693 ’
2069 5685 2080 5688 -
2316 5685 2468 5765 γονεν
2495 5685 2641 5765 οὐδὲν
2670 5692 2778 5765 καί,
2809 5703 2910 5746 clc.

717 5753 792 5814 (5)
827 5755 1014 5806 Ἔσται
1045 5756 1111 5807 τὰ
1139 5753 1339 5816 Eme:
1375 5757 1586 5810 πάντων
1612 5758 1737 5822 τῶν,
1768 5769 1871 5814 etc.
2327 5753 2338 5765 ’
2390 5767 2464 5840 (6)
2509 5764 2638 5816 Ἀπὸ
2668 5761 2756 5813 τοῦ
2777 5795 2791 5806 -
