4036 6520
213 482 320 540 949
1067 477 1159 532 DE
1208 477 1484 535 'l'l'IULIS
1523 475 1972 532 PSALMORUM.
2029 509 2096 519 —
2135 476 2328 531 PSAL.
2371 473 2575 529 LXXII.
3354 468 3456 523 950

278 599 369 654 40.
402 599 570 668 Κάγὼ
597 598 1037 667 ὲξουδενωμὲνος,
1070 598 1164 650 καὶ
1191 598 1291 650 οὐκ
1315 597 1483 665 ἔγνων
1503 614 1515 627 ·
1811 611 1855 665 Α

1964 595 2052 650 40.
2112 593 2182 648 Ει
2214 610 2313 664 ego
2346 593 2409 647 ad
2438 592 2667 646 nihilum
2697 587 2946 644 redactus
2974 603 3116 654 sum,
3140 597 3193 640 et
3222 587 3454 642 nescivi:

285 688 374 742 41.
403 687 698 759 Κτηνὼδης
725 686 986 757 ἐγενήθην
1025 685 1175 756 παρὰ
1210 684 1309 739 σοί.

1971 689 2060 742 41.
2122 685 2433 741 Junientnm
2468 684 2641 739 factus
2671 698 2789 738 sum
2819 683 2956 750 apud
2986 690 3053 734 te.

280 776 374 832 42.
410 777 579 846 Κάγὼ
605 777 894 839 διαπαντὸς
926 776 1063 846 μετὰ
1093 775 1185 828 σοῦ
1207 791 1219 803 ·

1211 791 1219 803 ’
1968 779 2058 834 42.
2113 779 2177 833 Et
2214 794 2314 850 ego
2351 792 2564 846 semper
2588 785 2763 829 tecum
2794 792 2805 827 :

283 867 373 921 4'5.
422 869 758 938 Ἐκράτησας
787 868 884 937 τῆς
913 868 1091 938 χειρὸς
1113 868 1210 935 τῆς
1234 866 1410 930 δεξιᾶς
1444 885 1542 937 μου
1563 884 1576 898 ·

1563 884 1576 898 ⁶
1973 869 2063 923 45.
2119 867 2362 922 Tenuisti
2393 881 2612 918 manum
2643 865 2914 918 dexteram
2941 877 3114 916 meam
3142 879 3155 893 ·

284 958 376 1012 44.
403 960 513 1012 Καὶ
547 962 604 1012 ὲν
626 962 692 1029 τῇ
727 959 886 1029 βουλῇ
919 976 1011 1011 σου
1042 958 1326 1028 ὼδήγησάς
1357 975 1453 1029 με*

1966 962 2056 1015 44.
2113 959 2178 1014 Et
2209 959 2264 1012 in
2296 958 2524 1012 consilio
2555 965 2646 1010 tuo
2671 954 2938 1009 deduxisti
2981 968 3102 1008 me:

286 1048 379 1102 45.
408 1050 518 1102 Καὶ
549 1049 684 1117 μετὰ
709 1048 866 1118 δόξης
896 1046 1228 1114 προσελάϐου
1263 1064 1350 1116 με.

1969 1050 2056 1105 45.
2114 1049 2181 1104 Ει
2209 1064 2329 1104 cum
2361 1047 2530 1117 gloria
2561 1044 2846 1115 suscepisti
2882 1059 2984 1098 me.

287 1141 378 1193 46.
415 1141 478 1194 Τί
504 1140 612 1212 γάρ
647 1158 736 1211 μοι
760 1141 996 1210 ὑπάρχει
1029 1142 1091 1193 ἐν,
1115 1139 1190 1210 τῷ
1221 1138 1460 1210 οὐρανῷ;

1397 1138 1460 1210 ᾖς
1971 1142 2064 1196 46.
2122 1139 2262 1208 Quid
2288 1139 2430 1194 enim
2465 1138 2597 1192 mihi
2627 1146 2706 1192 est
2741 1137 2792 1191 in
2820 1136 2991 1192 coelo?

289 1232 382 1286 47.
417 1233 522 1285 Καὶ
548 1232 696 1303 παρὰ
725 1232 818 1284 σοῦ
847 1231 899 1283 τί
927 1231 1165 1300 ηθὲλησα
1196 1233 1287 1284 ἐπὶ
1317 1232 1413 1302 τῆς
1440 1232 1574 1302 γῆς;

1560 1248 1574 1295 ς
1982 1234 2071 1288 47.
2133 1233 2194 1287 Ει
2227 1248 2256 1286 a
2299 1241 2350 1287 te
2378 1233 2508 1300 quid
2538 1231 2683 1285 volui
2716 1244 2879 1298 super
2910 1228 3145 1282 terram?

288 1324 379 1378 48.
424 1324 696 1389 Ἐξέλιπεν
748 1327 779 1395 ἡ
814 1324 1009 1395 καρδία
1045 1340 1144 1393 μου
1179 1325 1272 1376 καὶ
1318 1325 1350 1393 ἡ
1398 1323 1532 1394 σάρξ
1575 1341 1713 1394 μου,
1760 1325 1790 1376 ὁ

1982 1325 2072 1380 48.
2125 1323 2330 1379 Defecit
2354 1338 2482 1378 caro
2528 1338 2647 1377 mea
2678 1332 2730 1375 et
2762 1335 2855 1375 cor
2886 1335 3087 1378 meum.
3115 1317 3255 1374 Deus
3286 1319 3461 1373 cordis

212 1414 352 1479 Θεὸς
383 1416 456 1485 (α)
486 1417 583 1486 τῆς
609 1414 834 1486 καρδίας
869 1432 970 1485 μου
993 1431 1007 1444 ⁸
1899 1420 2001 1474 mei
2037 1434 2052 1472 :

286 1506 379 1560 49.
406 1507 515 1559 Καὶ
539 1509 572 1577 ἡ
607 1507 764 1577 μερίς
793 1523 892 1577 μου
919 1507 948 1558 ὁ
972 1503 1103 1568 Θεὸς
1135 1508 1214 1569 είς
1240 1505 1330 1558 τὸν
1356 1509 1544 1560 αἰῶνα.

1484 1526 1544 1560 ια.
1979 1509 2069 1563 49.
2128 1506 2194 1562 Et
2223 1524 2348 1578 pars
2375 1523 2493 1562 mea
2529 1507 2671 1561 Deus
2715 1508 2766 1560 in
2799 1515 3078 1561 aeternum.

287 1597 378 1652 50.
425 1599 547 1650 Ὅτι
600 1598 707 1650 ἰδοὺ
764 1599 813 1649 οἱ
867 1597 1230 1668 μακρύνοντες
1272 1601 1499 1664 ἑαυτοὺς
1538 1600 1645 1654 ἀπὸ
1695 1600 1788 1654 σοῦ

1985 1599 2074 1654 50.
2132 1596 2267 1663 Quia
2315 1613 2437 1652 ecce
2469 1598 2560 1667 qui
2605 1596 2856 1668 clongant
2896 1610 2952 1649 se
2981 1611 3009 1648 a
3057 1603 3130 1654 te,
3170 1591 3457 1663 peribunt:

210 1685 543 1743 ἀπολοῦνται
559 1704 572 1718 ο

291 1777 382 1832 51.
426 1776 652 1844 Ἐξωλόθ
662 1779 1060 1848 ρευσας,πάντα
1078 1779 1169 1832 τὸν
1199 1779 1524 1851 πορνεύοντα
1547 1779 1653 1833 ἀπὸ
1675 1780 1789 1836 σοῦ.

1765 1808 1789 1836 ι.
1979 1778 2067 1832 51.
2119 1776 2405 1833 Perdidisti
2442 1792 2630 1832 omnes
2662 1776 2754 1844 qui
2791 1775 3123 1830 fornicamur
3167 1775 3262 1828 abs
3291 1783 3359 1828 te.

285 1869 378 1924 52.
411 1870 566 1938 Ἐμοὶ
591 1869 646 1922 δὲ
672 1869 733 1922 τὺ
757 1870 1190 1940 προσκολλᾶσθαι
1207 1871 1282 1940 τῷ
1299 1870 1416 1940 Θεῷ
1438 1871 1641 1939 ἀγαθόν
1657 1873 1788 1924 ἐστι·

1718 1889 1788 1924 τι·
1987 1869 2084 1925 52.
2132 1868 2259 1923 Mihi
2291 1879 2470 1924 autem
2504 1869 2779 1926 adhzerere
2804 1867 2934 1936 Deo,
2963 1868 3164 1923 bonum
3197 1875 3312 1922 est:

287 1959 378 2014 55.
405 1960 662 2014 Τίθεσθαι
687 1963 743 2014 ὲν
769 1961 847 2031 τῷ
874 1962 1060 2033 Κυρίῳ
1088 1963 1185 2034 τὴν
1219 1963 1405 2016 ἐλπίδα
1438 1981 1560 2034 μου.
1823 1982 1865 2036 Β

1823 1982 1865 2036 Β
1979 1961 2070 2016 5'5.
2118 1961 2337 2017 Ponere
2367 1963 2420 2015 in
2454 1960 2683 2016 Domino
2711 1961 2820 2017 Deo
2847 1977 2995 2033 spem
3031 1976 3229 2016 meam.

290 2049 382 2103 54.
409 2050 515 2102 Τοῦ
539 2050 846 2119 ὲξαγγεῖλαί
881 2069 948 2121 με
978 2052 1155 2116 πάσας
1185 2051 1280 2115 τὰς
1312 2054 1544 2117 αἰνέσεις
1571 2070 1684 2117 σου,

1571 2070 1684 2117 σου,
1976 2054 2066 2108 54.
2122 2053 2193 2110 Ut
2219 2057 2534 2111 annuntiem
2569 2071 2757 2111 omnes
2785 2056 2970 2110 laudes
3011 2063 3151 2118 tuas,

290 2139 384 2194 55.
425 2141 512 2194 Ἐν
533 2145 651 2203 ταῖς
676 2142 870 2206 πύλαις
895 2143 995 2214 τῆς
1028 2141 1294 2211 θυγατρὸς
1321 2141 1477 2196 Σιών.

1135 2142 1294 2211 ατρὸς
1321 2141 1477 2196 Σιών.
1979 2146 2066 2202 55.
2119 2147 2179 2202 In
2219 2149 2391 2218 portis
2422 2148 2545 2204 ﬁlia:
2579 2149 2729 2205 Sion.

294 2314 376 2388 (α)
407 2313 563 2371 Vers.
587 2315 674 2382 49,
716 2318 774 2370 '0
797 2317 949 2382 Θεὸς,
983 2329 1111 2382 etc.,
1141 2318 1231 2371 τὸν
1255 2318 1445 2375 αἰῶνα.

1351 2473 1730 2529 ATHANASII
1775 2474 2353 2532 INTERPRETATIO.

296 2622 387 2677 40.
422 2625 531 2678 Καὶ
553 2623 973 2696 ὲξουδενωμένος
1000 2626 1145 2696 ήμην
1180 2626 1306 2696 παρ’
1337 2627 1520 2692 αὐτοῖς
1539 2669 1552 2694 ,
1581 2628 1674 2682 καὶ
1705 2628 1802 2682 οὐκ

1705 2628 1802 2682 οὐκ
1990 2629 2081 2685 40.
2132 2629 2199 2685 Et
2226 2638 2573 2701 contemptus
2605 2630 2679 2685 lui
2714 2630 2781 2686 ab
2811 2629 2964 2703 ipsis,
2991 2638 3046 2688 et
3068 2631 3298 2703 neglexi.

220 2715 391 2787 ἔμελέ
421 2733 529 2787 μοι.

302 2809 393 2863 41.
422 2810 531 2862 Καὶ
555 2809 631 2872 ὡς
659 2808 854 2878 κτῆνος
879 2810 1026 2881 ήμην
1087 2807 1238 2880 παρὰ
1273 2809 1355 2861 σοὶ
1393 2809 1470 2880 τῷ
1503 2810 1799 2884 βουλήματι

1978 2804 2067 2857 41.
2126 2803 2194 2858 Et
2220 2806 2385 2860 veluti
2415 2807 2723 2876 jumentum
2752 2808 2827 2862 fui
2853 2809 2997 2878 apud
3028 2817 3099 2876 te,
3123 2807 3270 2864 omni
3285 2809 3472 2864 volun-

224 2899 549 2971 ἐπιθέμενος
575 2901 752 2973 πάντῃ
781 2900 879 2971 (1).

819 2901 879 2970 ι).
1910 2895 2008 2949 tati
2039 2904 2144 2951 tua:
2176 2897 2413 2953 deditus.

303 2990 394 3044 42.
423 2992 480 3044 '0
511 2991 714 3064 Κύριος
737 2991 882 3059 λέγει
903 2991 1039 3062 πρὸς
1063 2991 1226 3044 αὐτόν
1247 3009 1260 3021 ·
1282 2993 1391 3046 Kal.
1416 2992 1525 3062 ἐγὼ
1547 2994 1633 3047 διὰ
1653 2995 1812 3049 τοῦτο

1976 2985 2066 3043 42.
2114 2989 2182 3045 Et
2213 2990 2479 3048 Dominus
2509 2994 2642 3050 dicit
2677 2995 2744 3050 ad
2776 3011 2922 3060 eum,
2968 3004 3022 3050 et
3055 3010 3154 3066 ego
3189 3001 3473 3064 prapterea

229 3087 383 3159 ήμην
413 3083 700 3148 διαπαντὸς
735 3083 873 3155 μετὰ
898 3083 1012 3137 σοῦ.

871 3104 873 3134 ;
898 3083 1012 3137 σοῦ.
1909 3083 1986 3138 fui
2015 3098 2230 3153 semper
2265 3093 2465 3140 tecum.

303 3177 394 3240 45,
423 3177 510 3230 44.
538 3176 647 3230 Καὶ
678 3177 750 3239 ὡς
796 3177 1027 3248 κτῆνος,
1072 3176 1206 3229 ὅπου
1240 3176 1333 3229 ἐὰν
1360 3176 1608 3248 ὡδήγησέ
1638 3177 1713 3250 (2)
1744 3197 1809 3249 με

1977 3177 2070 3244 45,
2109 3177 2198 3231 44.
2243 3176 2312 3232 Et
2341 3177 2508 3233 veluti
2531 3174 2860 3248 iumentum,
2893 3193 3220 3249 quocunque
3252 3178 3475 3234 deduxit

236 3267 269 3337 ἡ
299 3267 421 3337 χείρ
453 3283 544 3319 σου
576 3267 752 3318 καὶτὸ
777 3265 988 3336 θέλημά
1021 3283 1134 3330 σου,
1165 3267 1524 3338 ἐπορευόμην.

1833 3254 1877 3312 C
1910 3281 1999 3321 me
2027 3283 2224 3324 manus
2254 3275 2368 3334 tua,
2404 3278 2457 3324 et
2480 3270 2734 3324 voluntas
2757 3278 2868 3335 tua,
2901 3270 3277 3340 procedebam.

303 3358 395 3412 45.
429 3359 537 3411 Kal.
567 3357 661 3411 νῦν
688 3360 745 3412 ἐν
783 3362 849 3430 τῇ
881 3358 1124 3431 βασιλείᾳ
1159 3377 1252 3412 σου
1295 3360 1432 3430 μετὰ
1458 3360 1614 3432 δόξης
1641 3378 1809 3434 προσ-

1977 3355 2068 3424 45.
2111 3355 2178 3412 Ει
2223 3373 2367 3413 nunc
2393 3359 2448 3413 in
2494 3374 2659 3430 regno
2693 3369 2784 3414 tuo
2827 3375 2949 3413 cum
2981 3358 3151 3430 gloria
3193 3354 3479 3426 suscepisti

226 3449 426 3502 1.14606
453 3467 540 3520 με.
1909 3464 2015 3502 me.

303 3538 396 3593 46.
433 3540 497 3591 Τί
518 3539 624 3611 γάρ
660 3540 748 3609 μοί
770 3542 918 3592 ἐστιν
950 3539 1076 3593 ἄλλο
1104 3541 1162 3592 ὲν
1185 3540 1262 3610 τῷ
1290 3541 1522 3611 οὐρανῷ,
1551 3544 1597 3594 εἰ
1630 3541 1707 3612 μὴ
1721 3539 1806 3593 διὰ

1979 3539 2067 3592 46.
2119 3538 2260 3605 Quid
2291 3538 2435 3592 enim
2470 3539 2600 3593 mihi
2643 3548 2726 3594 est
2763 3541 2910 3596 aliud
2955 3543 3006 3596 in
3055 3542 3214 3609 caelo,
3269 3543 3374 3599 nisi
3421 3553 3480 3600 ut

226 3631 332 3702 τῆς
357 3630 574 3702 χάριτός
596 3648 687 3683 σου
709 3630 1103 3702 δοξασθήσομαι
1134 3631 1211 3702 (5)
1239 3631 1344 3684 ὑπὸ
1377 3631 1468 3684 σοῦ
1490 3649 1504 3699 ;

1333 3650 1344 3683 ι
1377 3631 1504 3699 σοῦ;
1909 3648 2005 3701 per
2036 3632 2266 3702 gratiam
2300 3639 2448 3686 tuam
2484 3640 2590 3686 ate
2624 3633 2927 3703 gloriﬁcer?

303 3722 397 3777 47.
426 3724 536 3776 Kal.
561 3723 640 3777 ἔτι
669 3723 744 3777 ὢν
769 3727 825 3777 ὲν
854 3727 921 3795 τῇ
954 3727 1023 3793 γῇ
1054 3723 1211 3777 τοῦτο
1237 3724 1476 3796 ἠθέλησα
1506 3723 1658 3796 παρὰ
1688 3724 1804 3779 σοῦ.

1756 3724 1804 3779 ὖ.
1980 3721 2072 3777 47.
2121 3720 2187 3776 Et
2216 3721 2394 3777 adhuc
2423 3723 2609 3777 vivens
2643 3723 2697 3778 in
2733 3731 2873 3778 terra
2913 3724 3016 3779 hoc
3052 3724 3193 3782 volui
3231 3734 3350 3781 ate.

303 3812 394 3868 48.
430 3815 594 3869 Οὐδὲν
633 3814 845 3886 θέλημα
875 3817 973 3886 τῆς
999 3817 1223 3888 καρδίας
1255 3834 1377 3887 μου,
1415 3817 1447 3887 ἢ
1483 3817 1580 3888 τῆς
1610 3818 1809 3888 σαρκός

1983 3813 2074 3871 48.
2124 3812 2337 3869 Nullam
2391 3815 2724 3872 voluntatem
2781 3817 2963 3872 cordis
3018 3802 3136 3886 mei:
3201 3826 3251 3873 et
3302 3818 3479 3874 carnis

230 3920 341 3975 μου
369 3904 686 3977 ἐποιούμην.

655 3923 686 3959 ρ.
1910 3922 2045 3961 mea:
2076 3906 2249 3962 elfeci.

307 3997 398 4053 49.
451 3997 587 4051 Ἀλλ’
622 4000 680 4052 ὲν
711 3998 786 4070 (4)
823 3998 984 4052 παντὶ
1032 4000 1123 4052 καὶ
1164 4000 1223 4053 ἐν
1275 4000 1440 4052 πᾶσιν
1471 4000 1501 4052 ὁ
1541 3999 1671 4063 Θεὸς
1707 4017 1808 4071 μου

1991 3999 2083 4055 49.
2134 3999 2240 4054 Sed
2266 4000 2412 4055 omni
2458 4001 2512 4053 in
2547 4015 2626 4067 re,
2673 4009 2725 4054 et
2770 4000 2825 4054 in
2856 3998 3110 4054 omnibus
3158 3998 3299 4056 Deus
3329 4017 3481 4057 meus

227 4087 494 4159 ίπάρχει.
1910 4102 2013 4148 est.

306 4179 398 4244 50,
431 4178 519 4233 51.
555 4180 618 4233 Οἱ
664 4180 1130 4252 ὰποσχοινίζοντες
1176 4180 1400 4244 ἑαυτοὺς
1439 4179 1548 4233 ἀπὸ
1597 4180 1690 4233 σοῦ
1734 4180 1810 4252 (5)

1734 4180 1810 4252 (5)
2004 4189 2092 4257 50,
2146 4189 2232 4245 51.
2266 4189 2622 4262 Sejungentes
2647 4191 2855 4261 seipsos
2885 4201 2988 4247 ate
3016 4191 3286 4262 peribunt.

229 4270 584 4326 ἀπολοῦνται.

301 4363 392 4416 52.
429 4364 580 4435 Ἐμοὶ
608 4364 664 4418 δὲ
691 4365 752 4418 τὸ
779 4365 1078 4438 ἀχώριστον
1105 4361 1243 4418 εἷναι
1269 4362 1364 4418 τοῦ
1386 4365 1520 4418 Θεοῦ
1544 4364 1812 4437 ἐπιθυμη-

1995 4368 2083 4424 52.
2137 4367 2268 4423 Mihi
2301 4377 2480 4423 autem
2514 4383 2621 4423 non
2653 4368 2897 4438 separari
2930 4384 2960 4422 a
2987 4368 3096 4423 Deo
3128 4369 3182 4423 in
3217 4368 3357 4426 votis
3379 4375 3461 4424 est

231 4454 362 4508 τέον
396 4455 472 4525 (6)
503 4454 640 4508 ἐστί.

312 4545 405 4600 55.
452 4547 640 4602 Πᾶσαν
676 4547 774 4620 τὴν
826 4546 1096 4620 μέριμναν
1143 4563 1235 4599 σου
1279 4547 1356 4617 (7)
1396 4545 1680 4617 ὲπίρῤιψον
1723 4546 1809 4597 ἐπ’
1842 4595 1885 4620 n

1767 4546 1809 4597 rc’
1842 4595 1885 4620 η
2001 4549 2090 4604 55.
2134 4547 2360 4605 Omnem
2391 4563 2579 4604 curam
2619 4557 2766 4603 tuam
2794 4549 2940 4619 jacta
2966 4563 3127 4618 super
3162 4563 3284 4603 eum
3315 4548 3361 4580 ⁸⁸

315 4595 405 4600 ⁷”
452 4595 630 4602 -⁷”⁷“’
688 4595 766 4620 ’⁷4⁷
826 4595 1087 4620 r“r'r""'
1149 4595 1229 4599 "'
1282 4595 1354 4617 \‘I
1399 4595 1673 4617 “’”Ί“Ι”’1“⁷
1727 4595 1789 4597 ““’
1841 4595 1885 4650 D

237 4637 428 4690 αὐτόν.

314 4728 404 4783 54.
439 4730 543 4783 T06
573 4730 873 4802 διηγεῖσθαί
899 4729 974 4804 (8)
1009 4745 1075 4800 με
1098 4729 1198 4792 τὰς
1227 4728 1542 4800 εὐεργεσίας
1572 4744 1686 4780 σου.

1477 4745 1542 4791 ας
1572 4744 1686 4780 σου.
1995 4727 2084 4784 54.
2140 4726 2211 4783 Ut
2237 4743 2483 4784 enarrem
2508 4727 2909 4784 beneﬂcientias
2930 4733 3069 4782 tuas.

313 4821 407 4877 55.
450 4824 765 4889 Ἀπαύστως
795 4821 1134 4896 ἀνυμνοῦντά
1174 4838 1232 4874 σε
1264 4826 1320 4875 ὲν
1361 4824 1427 4893 τῇ
1462 4822 1573 4876 ἄνω
1619 4820 1813 4892 Ἰερου-

1997 4820 2085 4875 55.
2138 4818 2507 4876 lodesinenter
2557 4831 2608 4875 te
2653 4821 2881 4876 laudans
2912 4819 2966 4873 in
2999 4831 3234 4890 superna
3271 4814 3459 4873 Jerusa

239 4912 382 4986 σαλή
389 4932 447 4984 μ.
1925 4912 2052 4968 lem.

333 5097 382 5129 ⁸³
434 5095 640 5152 Psalm.
673 5112 783 5162 LIV,
807 5096 899 5152 25.

1201 5255 1510 5318 Addenda
1544 5263 1604 5318 et
1628 5251 2002 5332 corrigenda
2048 5268 2124 5312 ex
2167 5249 2307 5312 cod.
2344 5247 2542 5309 Vatic.

344 5422 397 5496 1)
427 5422 525 5496 Τιῖξ
550 5423 847 5496 βουλήματι
877 5441 970 5478 σου
1030 5421 1293 5494 ἐπιθόμην
1327 5417 1521 5472 πάντα.
1929 5417 2176 5496 ὲιπιοςεούίς-ζ
2211 5424 2314 5496 etc.
2343 5412 2409 5467 Ν.
2434 5411 2536 5496 51.
2575 5411 2708 5484 Περὶ
2737 5409 2967 5466 εἰδώλων
2999 5408 3167 5480 λέγει.

446 5483 762 5565 ’όδήγήσέῇί
1188 5483 1201 5494 ’
1249 5483 1262 5493 ’
2109 5483 2499 5565 ςῌπιθυμητόν.

345 5558 400 5636 5)
433 5558 765 5636 Δοξάὰδῆναι
785 5579 880 5636 ,μευ
932 5634 938 5636 _
1998 5558 2073 5636 (ἶ)
2109 5559 2249 5636 M0"-

346 5622 400 5706 ι)
434 5622 603 5706 jam
627 5622 697 5688 τᾶ
723 5622 1015 5706 πάνεαιν.
1033 5642 1138 5706 etc.
1344 5699 1390 5706 __
1585 5700 1597 5706 _
1653 5697 1667 5706 _

908 5634 1015 5706 ιν.
1033 5642 1138 5706 etc.
1344 5699 1390 5706 __
1585 5700 1597 5706 _
1653 5697 1667 5706 _
1998 5622 2074 5700 (8)
2105 5622 2495 5700 Διηγήσασθαί.

324 5697 404 5776 (5)
434 5702 499 5758 Ν.
533 5704 624 5762 50.
664 5705 784 5759 Ὀτι
827 5703 935 5757 ἰδοὺ
973 5705 1020 5756 οἱ
1073 5699 1540 5773 ἀποσχοινίζοντες
1575 5697 1680 5752 ἀπὺ
1725 5713 1815 5750 σου
