4036 6478
565 369 668 423 955
1379 361 1437 418 5.
1483 359 1854 416 ATHANASII
1899 359 2048 414 ()PP.
2091 359 2271 415 PARS
2309 361 2396 415 Ill.
2441 390 2506 399 ~—
2546 360 2956 417 EXEGETICA.
3718 362 3830 421 956

634 482 723 534 ‘54.
757 477 1025 534 Estatem
1059 487 1114 532 et
1143 492 1234 531 ver
1264 486 1318 530 tu
1356 477 1634 547 plnsmasti
1661 491 1747 534 ea.
2164 481 2210 536 Α

2164 481 2210 536 Α
2306 476 2397 530 54.
2433 476 2601 548 Θέρος
2635 479 2728 531 καὶ
2755 478 2856 549 ἔαρ
2890 479 2954 531 σὺ
2987 477 3228 542 ἔπλασας
3253 479 3423 543 αύτὰ,

632 573 721 626 55.
757 571 965 626 Memor
996 580 1113 626 esto
1145 570 1329 638 hujus.

2312 569 2403 622 55.
2439 569 2725 640 Μνήσθητι
2755 569 2977 640 ταύτης.

633 664 725 719 56.
761 665 1022 720 Inimicus
1061 661 1454 731 improperavit
1495 659 1766 713 Domino:

1718 679 1725 709 ι
1751 677 1766 713 :
2314 659 2404 714 56.
2446 660 2668 730 Ἐχθρὸς
2690 660 2932 714 ὠνείδισε
2957 660 3050 714 τδν
3077 661 3280 733 Κύριον
3297 678 3312 694 ο

635 757 724 811 57.
756 755 821 810 Et
853 756 1084 827 pepulus
1116 753 1379 822 insipiens
1426 751 1668 806 incitavit
1697 766 1892 804 nomen
1925 744 2110 806 tuum.

2085 744 2110 806 .’
2309 752 2398 805 57.
2433 753 2545 805 Καὶ
2578 752 2705 818 λαὸς
2735 754 2924 825 ἁφρων
2955 751 3241 825 παρώξυνε
3271 754 3331 806 τὺ
3355 753 3524 824 ὄνομά
3551 768 3670 809 σου.

634 847 722 902 58.
756 845 834 902 Ne
863 847 1047 902 tradas
1077 845 1262 900 bestiis
1288 845 1526 898 animam
1558 842 1905 898 conﬁtentem
1935 844 2030 898 tibi
2060 863 2071 897 :

2310 843 2399 898 58.
2426 845 2516 916 Μὴ
2540 845 2800 916 παραδῷς
2825 849 2938 911 τοῖς
2964 845 3174 918 Θηρίοις
3200 845 3377 916 ψυχὴν
3401 844 3832 917 ὲξομολσγουμε-

2240 953 2339 1007 νην
2380 953 2480 990 σοι.

637 1027 726 1083 59.
755 1027 975 1081 Animas
1015 1041 1311 1096 pauperum
1350 1035 1568 1081 tuorum
1604 1041 1672 1080 ne
1701 1026 2047 1082 obliviscaris
2084 1027 2137 1082 in

2313 1026 2402 1080 59.
2439 1025 2560 1081 Τῶν
2590 1027 2776 1098 ψυχῶν
2815 1027 2924 1082 τῶν
2959 1028 3207 1098 πενήτων
3241 1042 3336 1079 σου
3371 1025 3445 1098 μὴ
3477 1025 3714 1100 ὲπιλάθῃ
3752 1028 3833 1088 είς

569 1123 749 1176 linem.

2243 1123 2414 1186 τέλος.

637 1212 724 1268 40.
756 1213 984 1283 Respice
1019 1213 1070 1266 in
1106 1223 1488 1268 testamentum
1517 1222 1669 1267 tuum
1699 1233 1711 1268 :

2313 1213 2400 1268 40.
2445 1211 2762 1282 Ἐπίόλεψον
2791 1214 2871 1276 εἰς
2904 1213 3003 1284 τὴν
3032 1212 3297 1283 διαθήκην
3325 1228 3450 1265 σου·

636 1307 724 1363 4|.
767 1306 904 1374 Quia
954 1307 1139 1376 repleti
1188 1315 1316 1361 sunt
1357 1307 1450 1377 qui
1498 1307 1775 1362 obseurati
1825 1314 1953 1361 sunt
1981 1316 2140 1359 terrae

2312 1308 2399 1362 4L
2436 1309 2557 1361 Ὀτι
2607 1308 3003 1381 ἐπληρώθησαν
3056 1310 3104 1361 oi.
3147 1306 3522 1377 ἐσκοτωμένοι
3577 1304 3681 1375 τῆς
3724 1302 3837 1375 γῆς

565 1398 821 1456 domibus
869 1399 1244 1468 iniquitatum.

1105 1411 1244 1454 tum.
2241 1401 2405 1454 οἴκων
2439 1400 2695 1470 ἀνομιῶν.

639 1491 726 1546 42.
764 1489 841 1546 Ne
864 1499 1140 1544 avertatur
1175 1488 1399 1543 humilis
1429 1485 1629 1551 factus,
1664 1496 1717 1541 ct
1742 1486 2009 1543 confusus
2039 1505 2055 1542 :

2312 1492 2401 1545 42.
2430 1491 2520 1562 Μὴ
2553 1493 2957 1564 ἁποοτραφήτω
2983 1490 3469 1561 τεταπεινωμένος,
3487 1489 3583 1541 καὶ
3611 1489 3840 1558 (α)κατ-

2241 1584 2592 1656 ᾐσχυμμένος
2613 1602 2624 1612 ·

633 1671 725 1727 45.
755 1670 992 1741 Pauper,
1029 1681 1085 1727 et
1114 1671 1273 1740 inops
1295 1670 1597 1725 laudabunt
1631 1684 1827 1725 nomen
1855 1682 2031 1726 tuum.

2313 1679 2402 1733 45.
2446 1679 2669 1748 Πτωχὸς
2697 1678 2793 1731 καὶ
2831 1679 3002 1748 πένης
3028 1678 3300 1731 αίνέσουσι
3334 1678 3396 1730 τὸ
3420 1675 3593 1746 δνομά
3622 1691 3735 1726 σου.

637 1767 728 1821 44.
760 1767 1024 1836 Exsurge,
1052 1765 1216 1828 Deus.
1252 1765 1438 1835 judica
1464 1780 1688 1820 causam
1717 1773 1862 1820 tuam
1891 1765 2136 1837 [uncam]:
2175 1825 2213 1839 η

2317 1771 2406 1824 44.
2448 1771 2704 1833 Ἀνάστα,
2737 1773 2764 1824 ὁ
2785 1771 2938 1836 Θεὸς,
2971 1771 3190 1824 δίκασον
3219 1770 3318 1839 τὴν
3335 1768 3490 1838 δίκην
3523 1784 3619 1820 σου
3651 1762 3837 1836 [μουῖ·

637 1859 730 1912 45.
762 1825 969 1912 Memor
989 1868 1107 1912 esto
1139 1825 1596 1928 impi‘operiorum
1633 1866 1872 1924 tuorum,
1892 1825 2028 1928 qua:
2073 1825 2142 1913 a‘b
2175 1825 2215 1879 Β

2315 1863 2404 1916 45.
2440 1825 2726 1934 Μνήσθητι
2761 1863 2858 1916 τοῦ
2885 1825 3190 1934 ἁνειδισμοῦ
3222 1825 3312 1915 σου
3334 1904 3349 1927 ,
3385 1825 3479 1913 τού
3515 1861 3619 1912 ὑπὸ

567 1947 856 2018 insipiente
892 1958 1021 2003 sunt
1053 1959 1165 2002 tota
1197 1949 1305 2004 die.

1303 1992 1305 2000 ι
2244 1973 2333 2020 νος
2366 1955 2495 2026 ὅλην
2527 1954 2626 2026 τὴν
2659 1955 2897 2026 ἡμέραν.

635 2038 725 2094 46.
758 2038 836 2094 Ne
857 2039 1200 2094 obliviscaris
1226 2055 1412 2094 vocem
1443 2054 1728 2094 servorum
1759 2047 1977 2094 tuorum
2007 2059 2021 2096 :

2317 2046 2405 2100 46.
2435 2045 2524 2117 Μὴ
2561 2045 2793 2119 ὲπιλάθῃ
2825 2046 2922 2118 τῆς
2946 2045 3128 2115 φωνῆς
3155 2044 3264 2097 τῶν
3297 2042 3522 2097 οἰκετῶν
3547 2059 3641 2095 σου
3662 2057 3674 2070 ⁸

633 2131 723 2186 47.
780 2132 1042 2202 Superbia
1089 2147 1304 2195 eorum,
1357 2134 1452 2202 qui
1508 2134 1743 2188 oderunt
1797 2142 1869 2198 te,
1901 2135 2148 2190 ascendit

2314 2135 2408 2188 47.
2455 2136 2519 2189 'H
2552 2135 2901 2206 ὑπερηφανία
2935 2133 3044 2187 τῶν
3081 2133 3381 2204 μισούντων
3418 2147 3475 2184 σε
3514 2130 3683 2199 ἀνέϐη
3716 2128 3843 2181 δια-

564 2239 778 2294 semper
809 2223 1084 2295 [ascendit
1109 2224 1175 2277 ad
1209 2233 1260 2280 te
1282 2225 1540 2297 semper].

2249 2229 2449 2291 παντός
2475 2224 2667 2298 [ἀνέϐη
2699 2227 2836 2297 πρὸς
2861 2226 2921 2278 σὲ
2958 2224 3153 2296 διαπ.].

722 2313 792 2370 In
822 2316 978 2386 ﬁnem
997 2331 1016 2370 :
1052 2333 1114 2370 ne
1138 2332 1460 2380 corrumpas.
1498 2317 1750 2371 l’salmus
1781 2316 1976 2370 cantici
2248 2319 2316 2372 El

2251 2319 2353 2384 Εἰς
2381 2316 2446 2370 τὸ
2476 2316 2685 2384 τέλος·
2724 2316 2811 2386 μὴ
2838 2316 3204 2386 διαφθείρῃς.
3274 2314 3522 2385 Ψαλμὸς
3758 2305 3845 2376 τῷ

960 2407 1156 2476 Asaplt.
1194 2405 1450 2460 PSALM.
1485 2405 1671 2460 LXXI
1690 2405 1750 2461 V.

2718 2407 2930 2478 Ἀσάφ.
2980 2404 3213 2461 ΨΑΑΜ.
3241 2409 3367 2459 ω’.

638 2495 690 2549 1.
720 2494 1116 2551 Conﬁtebimur
1141 2497 1262 2561 tibi,
1292 2496 1432 2552 Deus
1459 2512 1471 2548 :

2321 2502 2374 2557 l.
2417 2501 2959 2574 Ἐξομολογησόμεθὰ
2991 2519 3092 2567 σοι,
3122 2503 3150 2555 ὁ
3174 2501 3303 2563 Θεός
3327 2517 3339 2530 ·

639 2614 712 2684 (a)
745 2615 854 2669 Καί
880 2616 1050 2671 deest.

1707 2775 2087 2832 ATHANASII
2129 2775 2716 2834 INTERPRETATIO.

639 2937 729 2995 34.
762 2935 992 2991 Sanctos
1031 2941 1155 2987 tuos
1189 2932 1243 2985 in
1296 2933 1496 3001 quibus
1542 2935 1740 2989 crescit
1787 2936 1880 2990 lux
1930 2945 2046 3003 tua,
2088 2945 2141 2991 et
2167 2941 2210 2998 C

2312 2937 2403 2992 54.
2441 2937 2568 3000 Τοῖς
2599 2935 2776 3005 ἁγίοις
2803 2933 2966 3006 [Τοὺς
2997 2929 3208 3003 ἁγίους]
3255 2948 3344 2984 σου
3365 2970 3379 2993 ,
3407 2932 3464 2986 ὲν
3492 2926 3574 2994 οἷς
3598 2929 3751 3000 αὔξει
3783 2931 3848 2984 τὸ

573 3030 879 3104 germinant
900 3025 1061 3080 liores
1091 3024 1363 3079 donorum
1397 3031 1641 3090 tuorum,
1675 3037 1729 3081 tu
1761 3026 1963 3083 fecisti.

2255 3028 2372 3098 φῶς
2407 3045 2500 3081 σου
2527 3067 2543 3092 ,
2580 3026 2675 3081 καὶ
2720 3023 3007 3096 βλαστάνει
3037 3021 3109 3075 τὰ
3146 3021 3282 3091 ἁνθη
3328 3021 3436 3074 τῶν
3484 3023 3848 3094 χαρισμάτων

2258 3137 2374 3184 σου,
2407 3120 2470 3173 σὺ
2505 3117 2786 3188 ἐποίησας.

643 3210 732 3264 '55.
766 3207 970 3262 Memor
996 3217 1116 3262 esto
1154 3205 1319 3277 igitur
1352 3208 1659 3262 testamenti
1696 3207 1879 3277 hujus.

2327 3209 2416 3263 55.
2461 3207 2743 3278 Μνήσθητι
2769 3202 2862 3260 οὖν
2891 3206 2990 3274 τῆς
3013 3205 3268 3274 τοιαύτης
3299 3204 3579 3276 διαθήκης.

641 3302 730 3358 56.
767 3300 1047 3354 Diabolus.

2328 3300 2419 3354 56.
2468 3301 2525 3353 '0
2556 3297 2819 3361 διάϐολος.

641 3393 728 3447 57.
767 3391 1078 3446 Judzeorum
1109 3382 1363 3456 populus.

2327 3391 2416 3446 57.
2461 3391 2519 3444 Ὀ
2548 3390 2676 3453 λαὸς
2707 3389 2814 3442 τῶν
2841 3388 3131 3442 Ἰουδαίων.

643 3485 731 3539 53.
764 3481 840 3537 Ne
875 3481 1057 3536 tradas
1087 3478 1425 3534 daemonibus
1467 3478 1738 3549 supplices
1790 3493 1850 3532 se
1884 3478 1977 3533 tibi
2022 3495 2120 3549 pro

2330 3483 2418 3538 58.
2453 3483 2548 3554 Μὴ
2578 3480 2834 3555 παραδῷς
2863 3483 2976 3544 τοῖς
2997 3480 3213 3551 δαίμοσι
3243 3479 3370 3544 τοῦς
3405 3480 3850 3552 προσπίπτοντας

573 3583 897 3630 sternentes.
2261 3596 2364 3632 σοι.

644 3663 730 3720 59.
768 3662 1092 3718 Sanctorum
1129 3669 1367 3714 tuorum.

1327 3673 1367 3709 ιο
2327 3669 2417 3724 59.
2452 3667 2573 3720 Τῶν
2607 3666 2778 3734 ἁγίων
2807 3683 2921 3718 σου.

645 3755 734 3810 40.
769 3754 825 3808 Ιη
865 3754 1084 3808 eosdem
1109 3762 1328 3806 sanctos
1364 3761 1506 3804 tuos.

2327 3759 2416 3814 40.
2447 3759 2543 3821 Ei;
2575 3758 2702 3821 τοὺς
2729 3757 2927 3819 αὐτοὺς
2958 3755 3143 3824 ἁγίους
3185 3772 3296 3808 σου.

645 3845 735 3899 4|.
771 3841 1055 3898 Dmmones
1090 3841 1195 3896 sibi
1229 3837 1654 3894 adhaerentibus.
2328 3849 2420 3908 ιι,
2447 3851 2510 3903 οι
2548 3849 2801 3920 δαίμονες
2825 3847 2932 3900 τῶν
2957 3846 3313 3918 κολλωμένων
3347 3845 3528 3900 αὐτῶν
3556 3846 3652 3917 (ι),

644 3933 734 3987 42.
763 3930 840 3987 Ne
869 3932 1094 4002 abjicias
1121 3929 1521 4000 confugientem
1546 3927 1612 3980 ad
1642 3939 1714 3982 te.

2329 3942 2420 3996 42.
2455 3942 2546 4014 Μὴ
2577 3940 2858 4013 ἀποϐάλλῃ
2886 3939 2978 3993 τὸν
3013 3938 3425 4010 προσφεύγοντά
3458 3955 3540 3991 σοι

645 4026 734 4080 45.
767 4023 1040 4096 Pauperes
1067 4024 1250 4079 corde.

2331 4035 2421 4089 45.
2447 4037 2508 4088 Oi
2544 4035 2753 4106 πτωχοὶ
2779 4038 2845 4105 τῇ
2873 4033 3086 4106 καρδίᾳ.

647 4117 738 4182 44,
784 4117 873 4171 45.
932 4115 1196 4185 Exsurge,
1232 4125 1286 4170 et
1339 4128 1548 4169 memor
1602 4119 1720 4166 csto
1772 4127 1984 4181 eorum,
2033 4128 2154 4182 qua:

2333 4125 2420 4189 44,
2459 4125 2545 4178 45.
2580 4125 2654 4195 (2)
2686 4125 2976 4195 Ἀνάστηθι
3001 4165 3015 4188 ,
3048 4125 3140 4175 καὶ
3167 4121 3434 4192 μνήσθητι
3461 4111 3537 4172 ὧν
3589 4115 3853 4188 ἐποίησεν

577 4209 703 4265 fecit
732 4209 963 4263 Satanas
991 4209 1044 4262 in
1082 4208 1187 4260 hoc
1221 4207 1440 4262 saeculo.

2260 4219 2291 4268 ὁ
2325 4218 2569 4279 Σατανᾶς
2595 4217 2651 4268 ἐν
2690 4216 2770 4286 τῷ
2805 4215 2959 4269 αἰῶνι
2985 4213 3176 4282 τούτῳ.

653 4298 740 4354 46.
780 4303 1105 4354 Sanctorum
1137 4310 1376 4352 tuorum.
2189 4303 2234 4358 ι)

1335 4313 1376 4352 1.
2189 4303 2234 4358 1)
2334 4307 2424 4362 46.
2459 4308 2580 4360 Τῶν
2615 4309 2783 4377 ἁγίων
2820 4325 2929 4361 σου.

654 4392 742 4447 47.
775 4392 1042 4463 Superbia
1075 4391 1410 4457 daemonum,
1440 4402 1494 4444 et
1526 4388 1907 4444 haereticorum
1937 4389 2155 4461 cOgnita

2337 4399 2428 4453 47.
2474 4400 2538 4452 Ἦ
2573 4399 2919 4471 ὑπερηφανία
2947 4400 3056 4452 τῶν
3088 4396 3354 4468 δαιμόνων
3385 4393 3612 4449 καὶτῶν
3645 4393 3852 4465 αἱρετι-

581 4485 679 4539 tibi
715 4494 818 4541 est.

2267 4487 2379 4542 κῶν
2407 4491 2724 4562 ὲγνωσμένη
2762 4492 2844 4543 σοί
2867 4492 3035 4544 ἐστιν.

661 4598 725 4650 Ἦ
763 4595 1096 4666 προκειμένη
1137 4591 1419 4665 ἐπιγραφὴ
1451 4591 1694 4664 περιέχει
1717 4589 1792 4660 (5)
1812 4606 1826 4620 ’
1859 4592 1964 4656 Εἰς
1987 4591 2053 4645 τὸ
2085 4593 2294 4663 τέλος,
2321 4598 2408 4669 μὴ
2447 4599 2828 4670 διαφθεφῃς·
2866 4599 3027 4667 ᾠδῆς
3047 4597 3127 4663 τῷ
3169 4597 3358 4666 Ἀσὰφ
3380 4597 3642 4666 ψαλμός.
3676 4595 3857 4651 Τοῦτο

583 4687 674 4745 οὖν
721 4691 974 4752 παραινεῖ
1011 4689 1039 4740 ὁ
1071 4685 1318 4757 ψαλμρός⁶
1344 4685 1550 4756 Μηδεὶς
1597 4681 1889 4754 διαφθείρῃ
1931 4682 2005 4753 (4)
2033 4684 2140 4751 ἕως
2175 4689 2362 4756 τέλους
2402 4692 2511 4746 τῶν
2555 4692 2784 4746 ἐντολῶν
2825 4693 2915 4747 τοῦ
2957 4693 3113 4748 Θεοῦ.
3156 4694 3386 4764 Ψαλμὸς
3421 4695 3478 4746 δὲ
3518 4690 3594 4757 τῷ
3641 4693 3853 4764 Ἀσὰφ,

585 4787 721 4856 ὅπερ
755 4782 1112 4854 ἑρμηνεύεται
1134 4779 1478 4848 συναγωγὴ,
1507 4779 1603 4832 καὶ
1627 4776 1964 4857 συλλέγων.
1983 4779 2171 4837 Ταῦτα
2205 4784 2263 4838 δὲ
2290 4789 2370 4852 είς
2392 4789 2484 4842 τὸν
2510 4789 2716 4860 Κύριον
2757 4790 3151 4862 ἐρμηνεύονται
3176 4790 3277 4862 (5),
3299 4791 3361 4844 τὸ
3387 4787 3727 4859 συλλέγων,
3759 4795 3858 4846 καὶ

581 4879 661 4940 είς
700 4881 790 4930 τὸν
831 4874 1067 4943 κόσμον,
1113 4871 1190 4942 τῷ
1208 4871 1549 4943 συναγωγή.

654 4966 870 5022 Titulus
900 4964 1224 5035 praepositus
1246 4964 1527 5018 continet:
1569 4961 1636 5016 In
1662 4963 1843 5031 ﬁnem,
1874 4977 1937 5016 ne
1971 4978 2301 5033 corrumpas,
2329 4964 2581 5021 Psalmus
2615 4971 2810 5024 cantici
2840 4971 3037 5038 Asaph.
3076 4971 3191 5028 Hoc
3227 4973 3390 5043 igitur
3437 4975 3682 5044 psalmus
3723 4995 3855 5036 sua-

583 5067 693 5128 det,
724 5074 784 5119 ut
813 5075 972 5117 nemo
1005 5068 1322 5130 corrumpat
1345 5074 1516 5130 usque
1545 5059 1599 5113 in
1629 5061 1789 5113 tinem
1823 5057 2045 5127 aliquod
2080 5059 2174 5114 Dei
2205 5075 2560 5132 praeceptum.
2598 5062 2848 5121 Psalmus
2893 5076 3076 5120 autem
3114 5068 3312 5136 Asaph,
3349 5069 3495 5137 quod
3532 5071 3855 5143 interpreta-

585 5155 674 5218 tur
702 5159 1062 5230 congregatio,
1093 5167 1149 5214 et
1183 5173 1523 5229 congregans.
1559 5153 1684 5210 Hac
1733 5165 1916 5210 autem
1960 5169 2282 5227 congregans
2317 5159 2709 5231 interpretatur
2755 5163 2822 5218 de
2875 5162 3117 5228 Domino,
3178 5165 3510 5234 congregatio
3557 5177 3739 5222 autem
3786 5166 3854 5221 de

642 5269 805 5309 ιιηαυ.

582 5253 1149 5413 ωιῗῗάἕοηθιὼίωιιτ,
1191 5341 1357 5411 Deus,
1381 5356 1482 5398 nos
1517 5339 1739 5396 servitio
1773 5346 1869 5392 tuo
1909 5336 2158 5393 addictos

2339 5341 2390 5395 1.
2409 5341 2848 5415 ὐμολογήσομεν
2873 5343 3099 5406 ἑαυτοὺς
3123 5342 3481 5400 δεδουλῶσθαί
3510 5361 3616 5412 σοι,
3647 5349 3677 5402 ὁ
3696 5347 3850 5415 Θεός.

1531 5528 1839 5592 Addenda
1887 5536 1951 5589 et
1981 5527 2359 5608 corrigenda
2408 5547 2488 5592 ex
2520 5531 2662 5591 cod.
2695 5530 2894 5590 Vatic.

680 5633 735 5706 ί)
767 5635 1011 5706 ὲῦτίοῑςη
1087 5704 1096 5706 _
1238 5704 1287 5706 ,_
1733 5701 1742 5706 _
1851 5703 1861 5706 _
2025 5700 2037 5706 _
2265 5632 2441 5706 Ἀσᾲφ
2480 5633 2642 5706 ᾠδῆς·

720 5687 736 5772 ᾗ
765 5702 828 5758 Ν.
861 5687 1137 5758 44Ῐ-Ἕλθὲ
1163 5746 1176 5765 ,
1211 5704 1419 5775 Κύριε·
1454 5706 1637 5774 κρῖνον
1696 5701 1794 5773 τὴν
1816 5700 2142 5772 οἰκουμένην
2337 5687 2532 5775 (4)’Μῆ
2559 5687 2896 5775 διαφθείρῃς.

595 5769 782 5831 Ν.’45.
815 5776 1096 5845 Μνησθητι
1135 5775 1242 5827 τῶν
1282 5769 1532 5843 ἐποίησέν
1560 5769 1761 5845 etc.__'
1858 5843 1865 5845 ξ
1919 5843 1926 5845 _
1975 5769 2006 5845 '_
2098 5769 2108 5772 ⁷
2337 5769 2414 5845 (5)
2456 5769 2869 5845 Ἑρμηνεύετᾱὲ.
2920 5771 3038 5825 Mox
3067 5770 3126 5824 τὸ
3158 5769 3471 5842 συναγωγή.

675 5847 748 5917 (5)
798 5847 861 5899 'H
893 5841 980 5901 διὰ
1002 5841 1098 5916 τῆς
1130 5841 1494 5916 κινναϐάρεως
1519 5861 1641 5916 περ.
1684 5843 1803 5900 Mox
1839 5841 2050 5915 ψαλμὸς
2092 5858 2169 5911 τῳ
