4036 6526
237 485 353 542 957
1115 478 1204 532 DE
1254 477 1527 532 TITULIS
1563 474 2006 532 PSALMORUM.
2042 505 2109 515 —
2134 474 2326 530 PSAL.
2361 475 2589 530 LXXIV.
3359 477 3463 530 958

318 597 372 651 Ε)...
411 591 940 665 Ἐξομολογησόμεθα
956 593 1169 657 σοι,καὶ
1194 591 1624 662 ἐπικαλεσάμεθα
1655 590 1728 661 (a)
1751 588 1811 641 τὸ
1839 592 1884 647 Α

1867 602 1884 647 ι
1979 587 2036 640 2.
2087 586 2484 642 Contitébimur
2546 588 2680 653 libi,
2729 597 2783 644 et
2844 577 3213 644 invocabimus
3268 602 3461 642 nomen

234 688 420 760 ὄνομά
454 705 565 740 σου.

489 705 565 740 ου.
1911 691 2083 738 tuum.

320 779 374 834 5.
415 777 750 847 Διηγήσομαι
775 776 842 829 τὰ
865 773 1142 845 θαυμάσια
1165 790 1254 826 σου
1278 789 1292 802 ·

1218 790 1254 825 »υ
1278 789 1292 802 ·
1977 773 2036 828 5.
2099 770 2341 826 Narrabo
2383 780 2652 826 mirabma
2679 780 2770 825 tua
2799 789 2812 827 :

323 869 561 925 4.”οταν
592 868 737 921 λάϐω
767 867 976 937 καιρὸν,
1003 864 1111 933 ἐγὼ
1138 863 1433 933 εὐθύτητας
1465 861 1653 932 κρινῶ.

1986 866 2040 920 4.
2090 864 2226 918 Cum
2254 879 2509 934 accepero
2537 873 2770 934 tempus,
2803 881 2905 937 ego
2927 866 3168 937 justitias
3188 867 3464 936 judicabo.

323 962 376 1016 5.
400 961 598 1031 Ἑτάκη
632 964 664 1032 ἡ
689 960 780 1029 γῆ,
818 966 909 1012 καὶ
939 959 1136 1020 πάντες
1169 958 1215 1008 οἱ
1249 955 1619 1017 κατοικοῦντες
1639 956 1694 1007 ἐν
1715 956 1813 1007 αὺ-

1985 955 2037 1009 5.
2088 953 2403 1025 Liquefacta
2440 966 2523 1010 est
2555 963 2718 1023 terra,
2772 965 2826 1010 et
2867 971 3056 1012 omnes
3092 960 3185 1028 qul
3227 958 3469 1012 babitant

242 1052 350 1121 τῇ·

1914 1047 1966 1102 ln
1993 1061 2098 1106 ea:

862 1137 1193 1207 Διάψαλμα.

2531 1139 2859 1210 Diapsalma.

324 1228 377 1285 6.
403 1229 545 1298 Ἐγὼ
573 1230 873 1302 ἐστερέωσα
902 1231 1025 1293 τοὺς
1059 1230 1277 1292 στύλους
1302 1228 1500 1298 αὐτῆς]

1431 1228 1500 1297 ις)
1983 1231 2036 1285 6.
2091 1230 2204 1302 Ego
2228 1232 2543 1287 confirmavi
2573 1234 2853 1288 columnas
2888 1233 3025 1302 ejus.

325 1325 378 1377 7.
424 1322 566 1376 Εἶπα
594 1326 702 1386 τοῖς
737 1323 1140 1395 παρανομοῦσι·
1168 1324 1258 1393 Μὴ
1294 1325 1653 1393 παρανομεῖτε
1672 1337 1685 1350 ·

1521 1325 1653 1374 ιεῖτε
1672 1337 1685 1350 ·
1983 1323 2035 1379 7.
2090 1323 2212 1377 Dixi
2241 1325 2476 1394 iniquis:
2503 1323 2678 1379 Nolite
2715 1324 2897 1394 inique
2922 1339 3078 1394 agere
3105 1343 3115 1377 :

324 1414 377 1468 8.
420 1415 529 1466 Kal
561 1418 671 1476 τοῖς
705 1415 1103 1486 ἁμαρτάνουσιο
1133 1415 1222 1484 Μὴ
1257 1413 1448 1482 ὑψοῦτε
1479 1413 1660 1483 κέρας.

1987 1416 2040 1469 8.
2096 1415 2162 1469 Et
2184 1417 2618 1485 delinquentibus
2647 1433 2660 1469 :
2707 1413 2881 1469 Nolite
2905 1415 3142 1470 exaltare
3174 1429 3362 1469 cornu.

327 1504 380 1558 9.
425 1503 513 1573 Μὴ
550 1503 803 1575 ἐπαίρετε
834 1507 910 1567 είς
937 1504 1065 1572 ὕψος
1089 1505 1148 1556 τὸ
1177 1504 1338 1573 κέρας
1371 1503 1552 1572 ὑμῶν·

1986 1504 2040 1559 9.
2090 1501 2263 1558 Nolite
2301 1505 2558 1558 extollere
2597 1505 2652 1558 in
2681 1506 2848 1558 altum
2887 1520 3056 1560 cornu
3090 1513 3325 1558 vestrum
3356 1521 3370 1567 ε

326 1596 413 1650 10.
455 1595 560 1647 Καὶ
593 1597 666 1665 μὴ
701 1596 906 1649 λαλεῖτε
934 1596 1072 1649 κατὰ
1097 1596 1188 1648 τοῦ
1215 1596 1345 1648 Θεοῦ
1375 1596 1602 1648 ἀδικίαν.

1993 1593 2082 1647 10.
2132 1593 2198 1647 Et
2222 1594 2384 1648 nolite
2431 1595 2579 1664 loqui
2609 1596 2868 1650 adversus
2904 1593 3066 1648 Deum
3110 1594 3464 1663 iniquitatem.

327 1687 553 1741 11.”Οτι
579 1685 699 1738 οὔτε
732 1686 788 1752 ἐξ
816 1686 1026 1753 ἐξόδων,
1053 1686 1174 1738 οὔτε
1205 1687 1308 1738 ἀπὸ
1335 1686 1570 1755 δυσμῶν,

1993 1685 2080 1738 11.
2130 1684 2267 1751 Quia
2291 1700 2465 1755 neque
2493 1686 2561 1740 ab
2597 1687 2831 1750 oriente,
2870 1701 3044 1755 neque
3072 1685 3139 1738 ab
3167 1685 3468 1748 occidente,

328 1777 415 1832 12.
456 1777 589 1830 Οὔτε
638 1778 744 1830 ἀπὸ
797 1779 1013 1849 ἐρήμων
1060 1779 1247 1849 ὀρέων,
1278 1779 1358 1830 ὅτι
1402 1777 1429 1829 ὁ
1468 1777 1596 1840 Θεὸς
1625 1779 1814 1848 κριτής

1988 1778 2075 1831 12.
2124 1776 2305 1848 Neque
2333 1793 2364 1832 a
2411 1779 2644 1834 desertis
2688 1778 2984 1840 montibus,
3027 1778 3282 1846 quoniam
3329 1776 3471 1830 Dcus

248 1873 395 1922 ἐστι.

1052 1961 1064 1974 .
1162 1958 1185 1968 -
1317 1958 1366 1974 ..
1410 1961 1430 1974 .
1845 1870 2207 1974 ei“???

328 1961 414 2014 15.
457 1961 653 2014 Τοῦτον
682 1963 942 2024 ταπεινοῖ,
981 1961 1074 2012 καὶ
1097 1958 1281 2011 τοῦτον
1309 1958 1448 2027 ὑψοῖ.
1846 1958 1888 1974 ⁵³

1846 1958 1888 1974 ⁹
1989 1961 2072 2015 15.
2136 1959 2292 2015 Hunc
2329 1960 2600 2024 humiliat,
2628 1971 2681 2015 et
2703 1961 2847 2015 hunc
2877 1960 3075 2014 exaltat
3107 1977 3121 2014 :

330 2052 554 2105 14.”Οτι
589 2053 842 2122 ποτήριον
869 2054 924 2104 ἐν
953 2052 1094 2121 χειρὶ
1123 2051 1348 2120 Κυρίου,
1375 2049 1518 2102 οἴνου
1549 2047 1621 2118 (ὺ)
1653 2047 1819 2117 ἀκρά-

1990 2052 2075 2104 14.
2123 2049 2261 2117 Quia
2328 2054 2468 2106 calix
2514 2053 2569 2106 in
2621 2067 2785 2106 manu
2862 2051 3102 2116 Domini,
3163 2051 3275 2105 vini
3333 2048 3468 2104 meri

250 2161 351 2196 του
397 2143 598 2216 πλῆρες
626 2146 984 2215 κεράσματος.
1146 2146 1149 2148 ’

745 2146 984 2215 ἱσματος.
1146 2146 1149 2148 ’
1917 2141 2110 2210 plenus
2157 2143 2339 2196 misto.

331 2234 416 2286 15.
465 2235 572 2286 Kal
620 2235 823 2286 ἔκλινεν
848 2236 910 2286 ἐκ
952 2233 1137 2286 τούτου
1162 2234 1242 2294 είς
1264 2231 1438 2295 τοῦτο,
1476 2230 1612 2301 πλὴν
1644 2234 1672 2284 ὁ
1698 2247 1820 2300 τρυ-

1990 2232 2076 2286 15.
2119 2231 2185 2286 Et
2231 2233 2514 2286 inclinavit
2555 2248 2620 2287 ex
2675 2232 2781 2287 hoc
2827 2233 2880 2286 in
2934 2230 3055 2297 hoc,
3108 2241 3472 2286 verumtamen

252 2326 392 2392 γξας
421 2325 583 2378 αὐτοῦ
615 2327 713 2376 οὐκ
738 2323 1035 2392 ἐξεκενώθη
1055 2339 1068 2353 ο
1095 2357 1102 2363 -

1920 2321 2022 2377 faex
2056 2324 2174 2393 ejus
2208 2339 2316 2376 non
2352 2330 2436 2377 est
2462 2323 2737 2378 exinanita
2765 2342 2777 2377 :

335 2418 417 2470 16.
458 2417 692 2469 Πίωνται
723 2416 917 2478 πάντες
940 2418 986 2467 οἱ
1014 2414 1444 2485 ἁμαρτωλοὶτῆς
1470 2415 1590 2485 γῆς.

1529 2417 1590 2485 ᾗς.
1993 2414 2078 2468 16.
2135 2414 2324 2468 Bibcnt
2356 2429 2547 2469 omnes
2594 2424 2902 2482 peccatores
2951 2423 3123 2469 terra.

333 2507 396 2563 17
441 2508 583 2576 Ἐγὼ
608 2509 663 2560 δὲ
699 2508 1090 2578 ἀγαλλιὰσομαι
1119 2510 1197 2571 είς
1224 2509 1312 2562 τὸν
1342 2508 1544 2561 αίῶνα·

1987 2509 2073 2562 17.
2127 2508 2240 2578 Ego
2275 2521 2452 2563 autem
2487 2509 2730 2579 gaudebo
2763 2508 2816 2562 in
2870 2508 3122 2563 saeculum
3156 2527 3169 2563 :

333 2599 418 2654 18.
459 2599 626 2653 Ψαλῶ
649 2598 726 2669 τῷ
750 2598 866 2669 Θεῷ
889 2597 1102 2651 Ἰακώϐ.

1992 2600 2079 2653 18.
2132 2600 2376 2654 Cantabo
2408 2599 2517 2654 Deo
2539 2599 2725 2653 Jacob.

325 2741 405 2814 (α)
432 2739 584 2796 Vers.
610 2741 664 2794 2.
692 2742 801 2794 Kal
828 2739 1116 2794 ὲπικαλεσό
1163 2739 1279 2805 εθα,
1311 2747 1412 2794 etc.
1459 2738 1610 2795 Vcrs.
1637 2741 1688 2795 5.
1718 2743 1852 2813 Διηγ
1894 2760 2055 2814 σομαι
2082 2743 2258 2796 πάντα
2300 2740 2388 2803 τά,
2434 2749 2539 2794 etc.

330 2813 406 2867 (bl
452 2813 599 2864 Vers.
632 2811 717 2867 15.
754 2811 925 2867 Οῖνου.
954 2823 1055 2866 etc.
1092 2758 1241 2864 νῗιθ
1299 2810 1408 2864 Καὶ
1443 2809 1668 2867 ἔκλινεν.
1698 2823 1803 2867 etc.
1961 2814 2046 2867 17.
2075 2812 2218 2867 Πλὴν
2246 2813 2293 2867 6.
2316 2821 2418 2866 etc.
2452 2809 2514 2864 γ.
2547 2809 2630 2867 18.
2660 2809 2725 2861 Πί

330 2809 406 2881 (b)
452 2813 599 2864 Vers.
632 2811 717 2873 15,
754 2811 925 2874 Οῖνου,
954 2823 1055 2866 etc.
1092 2809 1149 2863 V.
1178 2811 1241 2864 16
1299 2810 1408 2864 Καὶ
1443 2809 1668 2877 ἔκλινεν,
1698 2809 1920 2868 οιοᾟἾ.

1449 2809 1668 2877 ἔκλινεν,
1698 2809 1920 2868 οιοᾙἾ.
1960 2809 2046 2879 17,
2075 2812 2218 2883 Πλὴν
2246 2813 2293 2876 6,
2316 2821 2418 2866 etc.
2452 2809 2514 2864 γ.
2547 2809 2630 2874 18,
2660 2809 2913 2873 Πίωνται,
2943 2817 3043 2862 etc.

1386 2965 1754 3024 ATHANASII
1791 2963 2351 3024 INTERPRETATIO

329 3086 384 3140 2.
421 3084 704 3155 Δεηθῶμεν
732 3081 1116 3149 ἐπικεκλῆσθαι
1144 3081 1202 3133 τὸ
1224 3081 1392 3149 ὄνομά
1421 3099 1513 3136 σου
1537 3085 1618 3154 ἐφ’
1646 3086 1812 3156 ἡμᾶς.
1841 3087 1890 3150 C

1881 3087 1890 3149 ζ
1986 3083 2042 3137 ‘2.
2087 3081 2395 3144 Orabimus,
2434 3089 2493 3133 ut
2542 3078 2821 3132 invocetur
2870 3089 3066 3129 nomen
3118 3083 3267 3129 tuum
3317 3091 3475 3144 super

1923 3185 2043 3225 nos.

332 3263 388 3318 3.
430 3259 666 3331 Κηρύξω
696 3257 763 3310 τὰ
787 3255 1317 3326 θαυματουργήματά
1343 3271 1454 3306 σου.

1993 3261 2046 3315 5.
2097 3258 2412 3313 Praedicabo
2440 3257 2706 3311 mirabilia
2735 3271 2913 3324 _opera
2953 3265 3063 3310 tua.

335 3355 390 3407 4.
412 3352 502 3405 Ἐν
534 3355 598 3422 τῇ
632 3347 900 3419 παρουσίᾳ
938 3364 1035 3417 μου
1061 3347 1204 3413 λέγει
1233 3348 1260 3398 6
1291 3345 1510 3417 Κύριος.

1470 3362 1510 3408 ςο
1993 3351 2047 3404 4.
2091 3351 2148 3406 1η
2181 3352 2413 3406 adventu
2452 3366 2573 3404 meo
2606 3349 2739 3404 dicit
2783 3347 3064 3404 Dominus.

333 3447 386 3499 5.
415 3445 547 3498 Ὑπὸ
578 3444 655 3514 (1)
686 3443 785 3512 τῆς
810 3440 1095 3510 ἁμαρτίας.

817 3440 1095 3510 ἁμαρτίας.
1989 3442 2042 3496 5.
2093 3443 2138 3495 A
2174 3451 2411 3512 peccato.

336 3537 390 3593 6.
431 3538 567 3599 Τοὺς
595 3534 939 3594 ἀποστόλους.

811 3547 939 3594 κους.
1994 3533 2048 3588 6.
2099 3533 2405 3602 Apostolos.

331 3629 386 3682 7.
430 3627 519 3696 Τῷ
539 3624 651 3695 λαῷ
679 3623 786 3676 τῶν
807 3621 1094 3674 Ἰουδαίων.

1059 3638 1094 3672 θ·
1996 3625 2047 3679 7.
2089 3624 2294 3694 Populo
2323 3623 2653 3678 Judazorum.

333 3718 388 3772 8.
429 3717 554 3778 Τοῖς
580 3716 762 3776 αὐτοῖς
789 3712 933 3781 λέγει
967 3709 1256 3772 Ἰουδαίοις.
1742 3746 1744 3748 τ

1230 3726 1256 3769 to
1742 3746 1744 3748 τ
1997 3714 2050 3768 8.
2101 3713 2292 3769 Iisdem
2325 3713 2527 3768 Iudaeis
2566 3711 2824 3781 loquitur.

337 3810 391 3864 9.
434 3810 524 3879 Μὴ
549 3808 753 3875 λέγετε,
788 3807 867 3859 ὅτι
905 3804 1086 3857 Τέκνα
1117 3799 1360 3870 Ἀϐραάμ
1384 3800 1586 3869 ἐσμεν.

1994 3807 2047 3859 9.
2090 3803 2264 3859 Nolite
2297 3805 2494 3867 dicere,
2525 3803 2656 3855 Filii
2683 3801 2907 3855 Abralue
2927 3815 3106 3853 summ
3135 3799 3200 3852 ⁸⁸.

334 3902 423 3956 10.
464 3902 571 3953 Kal
608 3899 680 3968 μὴ
708 3897 892 3964 λέγετε
923 3894 998 3964 τῷ
1026 3893 1158 3963 Υἱῷ,
1186 3894 1267 3944 ὅτι
1305 3894 1629 3959 Ἀνθρωπος
1660 3887 1718 3943 εἷ
1747 3890 1822 3961 (2)

1992 3895 2075 3948 10.
2112 3894 2179 3949 Ει
2232 3896 2396 3950 nolite
2438 3896 2620 3950 dicere
2654 3893 2813 3960 Filio,
2849 3890 3017 3944 Homo
3066 3903 3122 3942 tu
3163 3906 3237 3954 es,
3285 3901 3335 3943 et
3381 3905 3479 3941 non

261 3994 368 4057 σὺ,
389 3992 488 4047 καὶ
516 3990 648 4057 οὐχὶ
687 3990 829 4052 Θεός
859 4003 870 4015 ·
1927 3984 2068 4040 Deus
2111 3988 2177 4040 ⁸⁷.

339 4085 429 4146 11,
459 4081 543 4134 12.
584 4079 718 4132 Οὖτε
751 4078 858 4129 τῶν
885 4075 989 4130 ἀπὸ
1017 4071 1284 4127 ἀνατολῶν
1315 4071 1612 4142 ἀνθρώπιον
1630 4071 1706 4142 (5)
1736 4069 1828 4123 καὶ

1999 4079 2086 4144 11,
2126 4079 2211 4133 12.
2255 4076 2437 4148 Neque
2470 4078 2747 4132 hominum
2786 4078 2855 4130 ab
2881 4083 3004 4130 ortu
3034 4091 3208 4145 usque
3231 4075 3294 4129 ad
3325 4091 3483 4130 occa-

267 4176 431 4248 μέχρι
469 4171 702 4242 δυσμῶν,
733 4170 765 4238 ἢ
803 4169 908 4222 τῶν
941 4165 1194 4220 ἐναντίων
1223 4162 1502 4232 δυνάμεων
1531 4179 1612 4225 τις
1639 4161 1830 4231 κριτής

1929 4185 2070 4236 sum,
2103 4181 2195 4224 aut
2223 4168 2660 4224 adversariarum
2708 4176 3034 4236 potestatum
3084 4166 3281 4235 aliquis
3317 4165 3481 4234 judex

263 4270 415 4322 ἐστιν
449 4266 481 4336 ἢ
519 4265 676 4334 μόνος
708 4264 736 4314 ὁ
763 4261 912 4322 Θεός.

1929 4267 2030 4325 est,
2061 4269 2419 4328 praeterquam
2449 4258 2598 4311 solus
2625 4256 2783 4312 Deus.

339 4357 427 4410 15.
462 4354 565 4408 Τὸν
601 4354 698 4422 μὲν
729 4351 802 4421 (4)
825 4352 902 4413 εἰς
933 4350 1106 4420 γῆρας
1139 4347 1282 4414 ἄγει,
1306 4347 1395 4400 τὸν
1423 4345 1478 4398 δὲ
1505 4347 1829 4418 προκόπτειν
1863 4403 1900 4422 η

1885 4404 1900 4422 ἱ
2004 4351 2094 4404 15.
2145 4349 2300 4403 Hunc
2345 4349 2560 4419 quidem
2594 4348 2659 4402 ad
2686 4357 3016 4402 senectutem
3058 4347 3298 4413 adducit,
3331 4346 3479 4400 illum

260 4453 332 4522 τῇ
367 4403 686 4519 ἡλικίᾳ
717 4403 874 4496 ποιεῖ.
946 4403 956 4417 Ι
993 4403 1021 4420 u
1548 4403 1560 4418 .

1548 4403 1560 4418 .
1859 4403 1902 4458 Β
1929 4450 2108 4497 autem
2138 4448 2294 4496 aetate
2320 4403 2565 4511 progredi
2609 4456 2715 4494 non
2747 4439 2891 4494 facit.

342 4541 572 4596 14.”οτι
622 4539 649 4590 ὁ
692 4537 916 4597 Θάνατος
951 4533 1164 4586 πάντων
1209 4531 1267 4583 ἐν
1304 4533 1368 4599 τῇ
1407 4529 1620 4600 ἐξουσίᾳ
1664 4527 1826 4580 αὐτοῦ

2002 4531 2089 4584 14.
2131 4528 2397 4595 Quoniam
2423 4545 2568 4584 mors
2600 4530 2841 4584 omnium
2867 4530 2919 4582 in
2948 4529 3066 4598 ejus
3092 4537 3353 4598 potestate
3379 4537 3482 4594 est,

271 4638 412 4698 ἐστι,
462 4631 554 4684 καὶ
596 4628 688 4682 τοῦ
723 4627 797 4698 (5)
845 4624 1094 4696 βρέφους,
1152 4622 1246 4676 καὶ
1278 4621 1372 4674 τοῦ
1419 4620 1560 4685 νέου,
1605 4619 1699 4672 καὶ
1732 4617 1825 4671 τοῦ

1538 4649 1560 4685 η,
1605 4619 1699 4672 καὶ
1732 4617 1825 4671 τοῦ
1928 4630 1984 4677 et
2016 4621 2258 4685 infantis,
2297 4630 2351 4676 et
2378 4621 2614 4690 juvenis,
2647 4628 2702 4675 et
2723 4621 2846 4688 viri,
2883 4630 2936 4675 et
2967 4621 3132 4676 senis.

266 4724 496 4784 τελείου,
523 4721 616 4773 καὶ
645 4719 736 4772 τοῦ
766 4719 843 4780 εἰς
868 4716 1043 4787 γῆρας
1074 4715 1239 4775 ὄντος.

340 4816 430 4869 15.
452 4813 562 4867 Kal
589 4812 791 4881 ἤγαγεν
820 4808 978 4861 αὑτὸν
1000 4807 1063 4858 ἐκ
1083 4804 1175 4857 τοῦ
1205 4803 1505 4874 πρεσϐύτου
1531 4803 1608 4864 είς
1628 4802 1688 4853 τὸ
1708 4800 1831 4871 βρέ-

2009 4813 2095 4866 15.
2139 4812 2203 4866 Et
2231 4813 2456 4867 adduxit
2478 4828 2601 4868 eum
2633 4829 2661 4868 a
2689 4830 2817 4870 sene
2857 4829 3030 4884 usque
3073 4815 3138 4870 ad
3178 4815 3434 4871 infantem
3468 4836 3482 4871 :
3547 4797 3549 4800 ί

265 4923 369 4980 (po;
387 4922 400 4935 ·
422 4905 569 4973 ὅμως
599 4900 759 4962 αὐτὸς
786 4901 814 4951 6
847 4898 1070 4959 θάνατος
1102 4896 1281 4966 ἀκμὴν
1315 4896 1482 4966 πέρας
1508 4893 1605 4945 οὐκ
1624 4892 1830 4946 ἔλαϐεν.

1933 4913 2310 4958 verumtamen
2345 4905 2460 4973 ipsa
2503 4919 2650 4959 mors
2682 4906 2858 4960 adhuc
2902 4905 3061 4959 ﬁnem
3106 4921 3212 4960 non
3258 4907 3482 4977 accepit.

341 4999 428 5054 16,
445 4996 587 5059 Ἐως
617 5010 708 5046 σου
739 4990 864 5062 ἔλθῃ
891 4993 969 5054 εἰς
990 4989 1193 5052 πάντας
1216 4989 1340 5050 τοὺς
1366 4985 1714 5057 ἁμαρτωλοὺς
1734 4987 1828 5054 τῆς

2010 4989 2094 5045 16.
2158 4988 2454 5061 Usquequo
2481 4993 2661 5046 veniat
2681 4993 2734 5045 in
2768 5007 2956 5048 omnes
2983 5003 3290 5062 peccatores
3312 5003 3484 5050 terrae.

471 5181 564 5244 Είς
596 5178 686 5232 τὸν
717 5177 972 5248 μέλλοντα
1001 5171 1169 5228 αἰῶνα
1191 5169 1357 5240 λέγει.

1327 5188 1357 5223 ι.
2007 5168 2094 5222 17.
2148 5168 2204 5223 1η
2237 5170 2480 5226 futurum
2511 5173 2766 5228 saeculum
2791 5173 2921 5228 dicit

342 5273 651 5342 18.”Υμνον
679 5265 980 5337 ἀναπέμψω
1010 5265 1084 5338 τῷ
1109 5262 1226 5332 Θεῷ
1254 5258 1470 5315 Ἰακώϐ.

1432 5259 1470 5314 5.
2019 5257 2105 5313 18.
2162 5257 2429 5330 Hymnum
2466 5263 2681 5316 reddam
2711 5261 2821 5317 Deo
2844 5261 3026 5318 Iacob.

337 5415 388 5446 "
437 5407 592 5466 Joan.
646 5422 764 5470 vnt,
816 5406 886 5459 33
919 5403 1008 5458 37.
1098 5402 1140 5433 ⁸⁷
1183 5399 1342 5454 Joan.
1375 5414 1428 5463 ι,
1462 5398 1550 5453 55.

1217 5513 1524 5576 Addenda
1557 5519 1618 5575 et
1650 5507 2024 5589 corrigenda
2051 5525 2128 5570 ex
2161 5509 2300 5572 cod.
2335 5511 2514 5573 Vatic

339 5654 419 5720 (l)
444 5649 748 5720 Ἐτάκησαν
780 5648 902 5710 ὑπο,
930 5656 1034 5701 etc.
2005 5636 2080 5772 μ)
2119 5638 2232 5691 Μέν
2255 5638 2380 5706 γάρ,
2411 5647 2538 5718 elc._,
2574 5638 2897 5709 προκόπτειν
2909 5638 3015 5718 τὴν
3042 5636 3273 5691 διάνοιαν
3294 5638 3453 5694 ποιεῖ.

340 5724 420 5772 (2)
461 5719 550 5772 Τῶ
580 5717 754 5772 Ἰησοῦ
775 5735 788 5747 ⁸
817 5717 1132 5772 Ἀνθρωπος
1162 5711 1228 5772 εἷ.
1270 5723 1373 5766 etc.
2029 5707 2082 5772 5)
2114 5708 2180 5760 Ν.
2203 5709 2287 5763 15.
2310 5707 2417 5762 Kal
2439 5725 2554 5770 του,
2578 5719 2707 5770 etc.,
2733 5710 2825 5761 καὶ
2846 5726 2936 5761 του
2963 5707 3311 5772 γηράσαντος.
3330 5705 3453 5763 NM

461 5719 550 5801 Τςό
580 5705 754 5788 ἰἡσοῦ
775 5735 788 5747 ⁸
817 5705 1132 5796 Ἀνθρωπος
1162 5711 1228 5776 εἷ,
1270 5723 1373 5766 etc.
1425 5780 1449 5793 η
1932 5776 1934 5784 Α

343 5794 421 5829 [πὶ
461 5791 581 5829 Tum
613 5787 908 5829 ἁνῆηῶπων
937 5803 1043 5829 των
1077 5782 1183 5829 ἀπὸ
1221 5781 1511 5829 ἀνατολῶν-
1551 5790 1652 5829 etc.
1707 5778 1823 5829 Μοι
1933 5823 1934 5827 η

2006 5705 2082 5776 (5)
2114 5708 2180 5760 Ν.
2203 5709 2287 5763 15.
2310 5705 2417 5762 Kal
2439 5707 2554 5770 τοῦ,
2578 5705 2707 5770 etc.,
2733 5710 2825 5761 καὶ
2846 5708 2936 5761 τοῦ
2963 5705 3311 5829 γηράσαντος.
3330 5705 3486 5764 Ν.16.

1932 5775 2043 5829 Kal
2068 5778 2329 5829 διήγααεν
2365 5777 2494 5829 αὐτὸ
2543 5779 2606 5829 ἐκ
2651 5777 2764 5829 τοῦ.
2795 5789 2898 5829 etc.
2932 5778 2997 5829 N.
3070 5776 3120 5828 7.
3144 5778 3350 5829 Ὅμως.
3381 5787 3484 5829 etc.

343 5775 422 5865 i3)
461 5775 581 5865 Τῶν
613 5775 908 5857 ἀνθρώπων
937 5775 1043 5839 τῶν
1077 5782 1183 5837 ἀπὸ
1221 5780 1512 5845 ἀνατολῶν,
1551 5790 1652 5836 etc.
1707 5778 1823 5833 Mox
1932 5775 2494 5865 Kalﬁtﬁ‘auevfaR-E‘b
2543 5779 2612 5865 ἐξ
2633 5777 2764 5865 Ϋτοῡ,
2795 5789 2898 5834 εις,
2932 5778 2997 5830 Ν,

3070 5776 3120 5828 7.
3144 5778 3350 5847 Ὅμως.
3381 5787 3484 5834 etc.

274 5866 322 5918 εἰ
465 5860 640 5930 μόνος,
667 5844 767 5912 etc.
1501 5844 1504 5845 ν

1501 5844 1504 5845 ⁷
1933 5846 1999 5900 N.
2041 5844 2278 5910 18.Ἔως
2304 5844 2363 5902 οὗ
2390 5847 2536 5918 ἔλθῃ,
2565 5857 2668 5902 etc.
