4036 6464
601 376 708 432 963
1453 368 1507 420 S.
1550 366 1916 421 ATHANASll
1955 366 2104 420 OPP.
2145 365 2195 419 Ρ.

2249 364 2322 420 38
2364 365 2450 418 ΙΙΙ.
2493 395 2560 405 -
2589 364 2991 421 EXEGETICA.
3729 367 3843 421 964

673 489 727 541 4.
759 483 1004 537 Manibus
1035 482 1164 536 meis
1193 491 1347 536 nocte
1373 497 1556 536 coram
1593 497 1680 547 eo,
1708 490 1760 534 et
1789 496 1891 534 non
1920 495 2039 534 sum
2082 478 2175 534 de—
2201 487 2249 543 Α

2343 480 2397 534 4.
2433 481 2561 543 Ταῖς
2582 480 2736 550 χερσί
2774 498 2874 550 μου
2899 481 3089 543 νυκτὸς
3129 481 3366 535 ἐναντίον
3393 484 3582 548 αὐτοῦ,
3613 485 3710 536 καὶ
3735 486 3847 539 οὐκ

601 587 820 647 ceptus.

2271 571 2573 642 ὴπατήθην.

674 670 728 724 ὕ.
757 668 952 722 Renuit
974 663 1243 720 consolari
1272 662 1451 715 anima
1485 676 1639 715 mea:

2337 664 2389 718 5.
2422 664 2756 736 Ἀπηνῄνατο
2786 663 3200 734 παρακληθῆναι
3227 667 3260 734 ή
3295 664 3437 735 ψυχή
3480 683 3582 736 μου
3607 681 3620 695 ⁸

673 760 726 814 6.
756 758 961 812 Memor
984 755 1059 810 fui
1087 754 1201 818 Dei,
1232 766 1285 806 et
1309 753 1608 806 delectatus
1636 767 1755 805 sum
1781 768 1793 804 :

2339 754 2392 809 6.
2423 755 2727 825 Ἐμνήσθην
2755 753 2845 806 τοῦ
2880 754 3035 818 Θεοῦ,
3068 756 3160 807 καὶ
3193 756 3498 827 ενῦφράνθην
3520 773 3536 788 ο

674 850 728 903 7.
759 848 1102 903 Exercitatus
1134 859 1277 908 sum,
1312 855 1365 897 et
1390 841 1587 896 defecit
1614 841 1836 909 spiritus
1865 856 2034 896 tuens.

2342 847 2393 902 7.
2425 847 2809 917 Ἦδολέσχησα,
2838 849 2931 900 καὶ
2961 849 3333 920 ὠλιγοψύχησε
3364 849 3424 902 τὸ
3449 850 3669 921 πνεῦμά
3705 866 3834 921 μου.

676 943 730 998 8.
759 942 1208 1009 Anticipaverunt
1231 937 1446 1007 vigilias
1474 935 1616 989 oeuli
1646 934 1750 987 mei
1784 953 1796 986 :

2337 937 2390 992 8.
2421 938 2890 1009 Προκατελὰὅοντο
2926 940 3168 1008 φυλακὰς
3193 945 3241 993 οἱ
3272 943 3534 1014 ὀφθαλμοί
3571 962 3677 1013 μου
3707 960 3721 974 ⁸

672 1036 725 1091 9.
758 1033 1026 1088 Turbatus
1056 1046 1200 1094 sum,
1232 1038 1285 1082 et
1314 1042 1422 1081 non
1455 1042 1574 1081 sum
1601 1026 1835 1080 locutus.

1713 1035 1835 1078 itus.
2334 1029 2390 1086 9.
2423 1029 2780 1100 Ἐταράχθην,
2805 1032 2896 1084 καὶ
2923 1033 3023 1084 οὐκ
3050 1032 3307 1102 ἐλάλησα.

673 1127 761 1184 10.
793 1126 1038 1197 Cogitavi
1065 1125 1180 1179 dies
1207 1123 1464 1191 antiquos
1493 1139 1505 1174 :

2333 1120 2420 1175 10.
2444 1122 2832 1192 Διελογισάμην
2860 1123 3073 1195 ἡμέρας
3104 1126 3334 1195 ἀρχαίας
3358 1141 3371 1158 ⁸

672 1220 759 1273 11.
787 1218 852 1272 Ει
880 1234 1054 1273 annos
1085 1228 1316 1272 aeternos
1345 1215 1398 1268 in
1437 1223 1614 1268 mente
1650 1213 1832 1276 habui,
1863 1217 1916 1264 et
1945 1208 2171 1263 medita-

2131 1226 2171 1263 ι·
2341 1210 2426 1264 11.
2458 1210 2562 1266 Καὶ
2586 1212 2680 1282 ἐτη
2715 1212 2905 1265 αίώνια
2939 1215 3233 1285 ἐμνήσθην,
3279 1217 3370 1268 καὶ
3396 1217 3725 1288 ἐμελέτησα.

606 1320 695 1365 tus
731 1325 850 1364 sum
877 1328 889 1362 :

675 1396 761 1452 12.
791 1395 961 1451 Nocte
991 1411 1113 1450 cum
1157 1393 1319 1449 corde
1365 1405 1485 1445 meo
1512 1389 1873 1454 exercitabar,
1905 1397 1959 1442 et
1982 1401 2170 1456 seope-

2342 1388 2424 1442 12.
2453 1390 2660 1452 Νυκτὸς
2697 1391 2832 1461 μετά
2862 1392 2962 1462 τῆς
2985 1393 3209 1465 καρδίας
3234 1411 3334 1464 μου
3368 1395 3716 1464 ήδολέσχουν,
3738 1398 3845 1449 καὶ

602 1488 695 1544 bat
721 1488 944 1558 spiritus
971 1502 1141 1540 meus.

2270 1479 2495 1532 ἐσκαλλε
2525 1482 2584 1533 τὸ
2612 1481 2825 1554 πνεῦμά
2851 1501 2971 1552 μου.

674 1579 760 1634 15.
797 1577 1050 1647 Nunquid
1076 1579 1129 1630 in
1159 1586 1420 1630 aeternum
1446 1571 1693 1642 projiciet
1726 1568 2028 1624 Dominus?

2018 1568 2028 1619 Ρ
2338 1571 2424 1624 13.
2461 1573 2550 1643 Μὴ
2584 1573 2662 1636 εἰς
2687 1574 2811 1637 τοὺς
2837 1574 3036 1638 αἰῶνας
3061 1575 3336 1629 ἀπώσεται
3371 1576 3575 1647 Κύριος
3599 1594 3612 1642 ;

677 1667 762 1720 14.
798 1667 861 1721 Et
893 1683 1001 1720 non
1033 1661 1268 1736 ap'ponet
1293 1674 1349 1718 ut
1376 1661 1752 1732 complacitior
1782 1661 1851 1714 sit
1876 1657 2090 1712 adhuc?

1960 1657 2090 1712 .iuc?
2337 1663 2421 1716 M.
2453 1663 2555 1717 Καὶ
2589 1667 2648 1718 οὐ
2684 1666 2980 1737 προσθήσει
3003 1668 3096 1721 τοῦ
3124 1669 3408 1739 εὑδοκῆσαι
3437 1669 3515 1722 ἔτι
3541 1686 3554 1733 ;

675 1760 762 1812 15.
795 1759 901 1812 Aut
930 1759 984 1812 in
1013 1758 1172 1811 linem
1215 1754 1644 1810 misericordiam
1677 1765 1832 1804 suam
1866 1748 2167 1813 abscindet,
2201 1822 2234 1827 _

2341 1753 2426 1807 15.
2465 1756 2540 1824 (ιι)
2579 1756 2647 1808 Ἢ
2679 1758 2758 1819 είς
2789 1756 2940 1820 τέλος
2967 1757 3025 1810 τὸ
3048 1758 3190 1820 ἔλεος
3203 1759 3365 1810 αὑτοῦ
3391 1759 3679 1827 ἀποκόψει,
3710 1775 3839 1810 συν-

603 1854 1008 1908 consummavit
1052 1851 1274 1906 verbum
1306 1866 1336 1904 a
1380 1847 1731 1918 generatione
1773 1847 1825 1898 in
1870 1844 2170 1915 generatio-

1773 1847 1825 1898 in
1870 1844 2170 1915 generatio-
2199 1822 2242 1877 Β
2274 1844 2484 1898 ετέλεσε
2510 1822 2659 1915 ῥῆμα
2680 1847 2787 1900 ἀπὸ
2807 1850 2996 1915 γενεᾶς
3026 1850 3103 1912 εἰς
3128 1848 3318 1917 γενεάν
3349 1865 3362 1911 ς

604 1959 726 1998 nem
745 1944 767 1997 ?

676 2033 761 2087 16.
792 2030 1044 2100 Nunquid
1067 2028 1414 2084 obliviscetur
1443 2026 1686 2082 misereri
1719 2026 1860 2081 Deus

2339 2022 2424 2078 16.
2456 2022 2546 2093 Μὴ
2578 2023 2889 2094 ἐπιλήσεται
2920 2025 3014 2078 τοῦ
3039 2026 3378 2096 οἰκτειρῆσαι
3412 2026 3440 2076 6
3460 2023 3594 2086 Θεός
3618 2066 3631 2089 ,

677 2125 764 2178 17.
794 2124 901 2178 Αυι
929 2120 1227 2177 continebit
1256 2120 1310 2173 in
1337 2121 1416 2174 ira
1439 2134 1537 2174 sua
1569 2118 1972 2174 misericordias
2002 2119 2168 2174 suas?

2333 2114 2419 2167 17.
2455 2115 2524 2167 Ἢ
2549 2116 2755 2182 συνέξει
2790 2118 2846 2168 ἐν
2879 2119 2942 2188 τῇ
2985 2117 3120 2188 ὀργῇ
3161 2115 3325 2169 αὐτοῦ
3362 2115 3489 2176 τοὺς
3519 2113 3843 2182 οἱκτιρμοῦς

2269 2218 2434 2255 αυτου
2455 2220 2469 2268 ;

677 2318 754 2390 (a)
780 2316 933 2373 Vers.
965 2319 1047 2372 15.
1075 2319 1144 2371 Ἦ
1172 2319 1250 2380 εἰς
1281 2315 1720 2390 τ-ἐλοςᾼάτεοκᾷψει
1751 2315 1812 2367 τὸ
1854 2314 2000 2378 ἕλεος
2029 2313 2218 2371 αὑτοῦ.
2257 2313 2271 2354 ‘

2139 2313 2218 2371 οῦ.
2257 2313 2318 2369 V.
2354 2318 2439 2372 16.
2467 2319 2742 2385 Συνέτελε,
2773 2328 2876 2375 etc.
2907 2319 2972 2372 ν.
3013 2320 3098 2372 17.
3129 2319 3220 2390 Μὴ
3251 2319 3586 2390 ἐπιλήσεται,
3626 2327 3733 2372 etc.

606 2381 785 2443 νβιε.
821 2391 889 2441 Ἢ
921 2390 1145 2456 συνέξει,
1167 2398 1272 2443 etc.
1303 2386 1366 2440 γ.
1404 2386 1488 2439 19.
1524 2381 1802 2448 Καὶέῐπα,
1827 2394 1930 2438 etc.

1722 2538 2091 2595 ATHANASH
2130 2537 2712 2592 INTEBPRETATIO.

676 2749 730 2802 4.
761 2747 934 2802 Corde
981 2762 1101 2802 meo
1145 2746 1198 2800 in
1247 2745 1464 2800 silentio
1512 2759 1636 2798 eum
1679 2743 2000 2812 deprecatus
2032 2756 2178 2803 sum,

2355 2740 2405 2794 4.
2441 2741 2518 2811 Τῇ
2567 2740 2760 2811 καρδίᾳ
2805 2755 2903 2810 μου
2938 2741 2995 2793 ἐν
3020 2741 3218 2810 ἠσυχίᾳ
3250 2741 3474 2810 ἐδεήθην
3511 2741 3698 2805 αὐτοῦ,
3750 2747 3844 2798 καὶ

607 2848 662 2894 et
692 2854 798 2893 non
844 2839 1104 2908 deceptus
1129 2837 1262 2907 [sum
1299 2851 1330 2890 a
1358 2834 1781 2905 cogitationibus
1812 2832 2176 2888 subeuntibus

2281 2833 2379 2887 οὐκ
2408 2833 2690 2904 ήπατήθην
2738 2833 2841 2886 ὑπὸ
2897 2832 3006 2886 τῶν
3052 2833 3324 2902 λογισμῶν
3368 2833 3475 2886 τῶν
3505 2835 3847 2907 ὑπερεχομέ-

611 2931 763 2986 mihi.

2281 2939 2384 2974 νων
2415 2922 2488 2992 (1)
2527 2940 2635 2992 μοι.

679 3025 731 3077 5.
769 3023 1083 3092 Desperavit
1098 3021 1164 3074 de
1193 3035 1250 3074 se
1282 3019 1464 3073 anima
1487 3031 1605 3070 mea
1634 3021 1854 3084 propter
1886 3012 2175 3082 subingre-

2352 3011 2402 3064 5.
2445 3011 2697 3064 Ἀπεῖπεν
2723 3012 2981 3083 ἐαυτῆςή
3022 3012 3166 3081 ψυχή
3212 3029 3312 3081 μου
3343 3013 3430 3065 διὰ
3465 3015 3534 3066 τὰ
3588 3015 3847 3086 ὐπεισερ-

607 3115 810 3170 dientia
839 3117 893 3168 in
923 3131 1064 3168 eam.

2202 3144 2248 3204 Ο
2280 3100 2483 3171 χόμενα
2505 3101 2662 3170 αὐτῇ.

677 3206 730 3259 6.
771 3205 1154 3258 Verumtamen
1187 3200 1401 3254 Domini
1431 3200 1745 3254 recordatus
1779 3199 1992 3252 laetatus
2029 3210 2170 3250 sum.
2205 3192 2248 3204 “’

2143 3214 2170 3249 ι.
2205 3192 2248 3204 “’
2349 3192 2401 3247 6.
2431 3192 2621 3262 Ὅμως
2647 3192 2958 3264 εὐφράνθην
2991 3193 3248 3263 μνησθεὶς
3274 3194 3366 3248 τοῦ
3398 3197 3604 3268 Κυρίου
3637 3198 3737 3268 (9.).

680 3289 732 3344 7.
765 3289 1005 3360 Cogitavi
1032 3303 1264 3355 mecum,
1290 3301 1409 3356 quae
1442 3285 1509 3340 ad
1540 3300 1623 3340 me
1661 3283 1997 3354 spectabant,
2022 3288 2073 3335 et
2101 3280 2168 3335 ad

2348 3282 2398 3335 7.
2432 3281 2800 3353 Ἐνεθυμήθην
2829 3284 2894 3336 τὰ
2941 3283 3059 3336 κατ’
3101 3285 3353 3353 ἐμαυτὸν,
3406 3288 3499 3338 καὶ
3541 3290 3620 3350 εἰς
3662 3288 3845 3356 ὀλίγον

609 3382 838 3437 nihilum
877 3383 1128 3436 redactus
1158 3396 1300 3434 sum.

877 3383 1128 3436 redactus
1158 3396 1300 3434 sum.
2275 3369 2453 3446 ἦλθον.

679 3474 731 3530 8.
763 3475 1086 3529 Pmmunivi
1114 3480 1295 3526 mente
1327 3484 1444 3523 mea
1474 3469 1604 3523 mihi
1637 3467 1759 3538 ipsi.

2347 3469 2399 3524 8.
2447 3469 2946 3543 Προησιραλισάμην
2994 3475 3059 3544 τῇ
3115 3471 3320 3546 διανοίᾳ
3380 3492 3479 3545 μου
3539 3474 3842 3551 [ἐμαυτῷ]

2278 3563 2452 3633 ἑαυτῴ
2487 3565 2584 3633 (3).

682 3650 733 3705 9.
764 3647 1035 3702 Turbatus
1067 3662 1186 3702 sum
1223 3663 1252 3700 a
1287 3644 1706 3716 cegitationibus
1741 3643 1900 3710 meis,
1947 3651 2000 3698 et
2030 3645 2174 3699 silui.

2278 3565 2452 3616 ἐαυτῶ
2509 3565 2541 3618 3
2571 3605 2584 3617 .

2349 3652 2400 3707 9.
2425 3565 2842 3724 ⁸Ἐςιέρασσὸμεην
2878 3655 2980 3707 ὑπὸ
3018 3655 3126 3707 τῶν
3169 3655 3520 3727 ἐνθυμήσεων
3572 3677 3699 3728 μου,
3751 3662 3845 3715 καὶ

2279 3743 2544 3815 ἡσύχασα.

679 3832 766 3887 10.
797 3830 862 3884 Et
903 3829 1134 3899 cogitavi
1183 3827 1301 3881 dies
1345 3839 1497 3880 meos
1527 3825 1853 3894 praeteritos,
1900 3825 1953 3878 in
1980 3825 2178 3895 quibus

2349 3833 2435 3886 10.
2468 3834 2576 3886 Καὶ
2605 3833 2976 3905 διελογιζόμην
3010 3850 3108 3898 τας
3161 3836 3429 3908 προτέρας
3470 3855 3570 3908 μου
3605 3841 3841 3910 ἡμέρας,

610 3922 851 3992 peccavi.

2279 3922 2335 3974 ἐν
2355 3919 2442 3987 αἷς
2473 3925 2737 3996 ἥμαρτον.

684 4011 770 4064 il.
799 4010 862 4064 Et
885 4010 938 4064 in
961 4019 1138 4065 mente
1159 4009 1325 4064 habui
1348 4009 1514 4062 vitam
1544 4017 1823 4075 aeternam,
1842 4015 1895 4062 et
1918 4014 2178 4062 aternnm

2350 4016 2435 4070 11.
2471 4018 2580 4070 Καὶ
2605 4017 2878 4090 ἐμνήσθην
2896 4021 2994 4089 τῆς
3027 4018 3243 4074 αἰωνίου
3271 4020 3416 4090 ζωῆς
3451 4022 3543 4073 καὶ
3579 4021 3678 4092 τῆς
3707 4024 3842 4074 αῑω-

612 4103 962 4174 supplicium.

2280 4108 2392 4160 νίου
2435 4108 2708 4174 κολάσεως
2745 4111 2841 4181 (4).

684 4195 767 4250 η.
801 4195 856 4250 In
907 4196 1124 4250 silentio
1159 4210 1384 4250 manens
1417 4194 1760 4250 conferebam
1795 4196 1908 4250 haec
1941 4196 1995 4250 in
2021 4195 2182 4250 corde

2353 4199 2436 4252 12.
2477 4200 2562 4252 Ἐν
2596 4201 2793 4272 ἡσυχία
2823 4201 2896 4255 ὢν
2923 4201 3240 4254 συνέϐαλλον
3261 4202 3432 4255 ταῦτα
3458 4204 3515 4254 ἐν
3542 4205 3608 4273 τῇ
3651 4203 3848 4274 καρὸιᾳ

612 4303 754 4353 meo,
781 4297 834 4343 et
864 4291 918 4342 in
949 4289 1312 4344 sollicitudine
1342 4289 1512 4343 multa
1546 4288 1622 4342 fui
1645 4289 1863 4343 dicens:

2284 4306 2407 4360 μου,
2436 4292 2530 4342 καὶ
2558 4293 2614 4343 ἐν
2641 4293 2810 4360 ἀγῶνι
2842 4292 3019 4363 πολλῷ
3042 4293 3305 4364 ἐγενόμην
3327 4292 3497 4362 λέγων
3520 4311 3531 4324 ·

685 4382 769 4435 15.
799 4380 1053 4451 Nunquid
1080 4389 1341 4451 perpetuo
1368 4382 1614 4452 projiciet
1642 4398 1728 4437 me
1763 4381 1946 4437 Deus?

2357 4382 2442 4436 15.
2469 4378 2613 4453 τΑρα
2649 4383 2721 4454 μὴ
2749 4384 2971 4448 τελείως
2998 4385 3290 4457 ἀπορρίψει
3315 4403 3380 4456 με
3416 4389 3444 4440 6
3475 4386 3606 4452 Θεός
3633 4389 3743 4458 (5);

683 4476 769 4530 14.
808 4475 873 4528 Et
904 4490 1009 4529 non
1041 4475 1376 4544 permanebit
1400 4475 1656 4531 voluntas
1691 4475 1810 4544 ejus
1839 4490 1964 4546 erga
1995 4475 2115 4529 me?
2216 4501 2259 4554 ο

1895 4490 1964 4546 ‘ga
1995 4475 2115 4529 me?
2216 4501 2259 4554 Β
2357 4473 2442 4528 14.
2470 4475 2577 4527 Καὶ
2609 4476 2708 4528 οὐκ
2737 4477 2983 4546 ἐπιμενεί
3005 4477 3099 4529 τοῦ
3137 4475 3358 4547 θελῆσαι
3395 4495 3489 4548 με;

684 4567 772 4622 15.
804 4567 908 4620 Aut
939 4566 1160 4620 omnino
1189 4565 1616 4620 misericordiam
1654 4581 1805 4620 suam
1836 4566 2117 4621 abscindet
2148 4581 2177 4620 a

2358 4564 2442 4618 15.
2479 4565 2548 4617 Ἦ
2575 4565 2648 4636 (6)
2683 4565 2902 4630 τελείως
2936 4567 2995 4618 τὸ
3053 4565 3199 4629 ἔλεος
3237 4567 3399 4621 αὑτοῦ
3443 4569 3714 4639 ἀποκόψει
3747 4570 3841 4623 ἀπ’

615 4659 738 4715 me?

2284 4655 2418 4725 ἐμοῦ
2441 4673 2453 4719 ;

685 4751 771 4806 16.
806 4749 1058 4820 Nunquid
1085 4766 1248 4820 super
1278 4767 1362 4806 me
1388 4751 1621 4806 cessabit
1649 4749 1789 4805 Deus
1818 4752 2108 4807 misereri?

2355 4751 2438 4804 16.
2483 4751 2573 4821 Μὴ
2620 4753 2712 4806 ἐπὶ
2755 4752 2886 4822 ἐμοῦ
2924 4748 3031 4823 ἆρα
3080 4754 3342 4808 παύσεται
3388 4757 3416 4807 6
3454 4755 3585 4816 Θεὸς
3623 4754 3718 4807 τοῦ
3770 4758 3843 4829 μὴ

2283 4842 2652 4913 οίκτειρῆσαι;

690 4925 773 4980 l7.
804 4928 914 4981 Aut
943 4935 1162 4996 propter
1188 4928 1320 4981 iram
1350 4943 1504 4981 suam
1539 4936 1729 4983 contra
1765 4944 1851 4983 me
1878 4944 1908 4983 a
1939 4929 2175 5002 largien-

2352 4933 2439 4987 17.
2473 4935 2542 4986 Ἢ
2565 4934 2653 4987 διά
2677 4935 2774 5006 τὴν
2798 4937 2965 5008 ὀργὴν
2991 4939 3156 4992 αὑτοῦ
3192 4939 3290 5009 τὴν
3338 4939 3471 5011 πρὸς
3496 4939 3596 5010 ἐμὲ
3637 4940 3846 5006 συνέξει

614 5017 699 5074 dis
729 5019 860 5073 milii
894 5019 1336 5073 miserationibus
1362 5021 1478 5074 suis
1508 5035 1566 5074 se
1592 5020 1934 5074 continebit?

1819 5020 1934 5074 bit?
2283 5025 2417 5096 πρὸς
2448 5027 2759 5098 οἰκτιρμοὺς
2785 5029 2945 5082 αὑτοῦ
2975 5030 3067 5084 τοῦ
3096 5031 3170 5103 μὴ
3201 5030 3413 5091 δοῦναι;

1559 5198 1864 5262 Addenda
1897 5208 1956 5260 et
2006 5205 2381 5284 corrigenda
2417 5222 2494 5267 ex
2517 5212 2654 5273 cod.
2706 5210 2902 5272 Vatic.

801 5377 1346 5476 ,ξξςιξειὶῒεὶρχομιὲἔωνζ
1384 5451 1406 5460 _
1438 5451 1479 5476 Δ
1546 5453 1566 5462 _
1703 5457 1717 5476 Χ
1801 5456 1813 5470 θ
1921 5456 1930 5470 ν
1973 5457 1999 5476 Δ
2272 5409 2354 5476 οτι
2379 5403 2635 5476 sinuata-‘2
2668 5395 2726 5447 τὸ
2767 5395 2934 5476 ῥῆμα,
2953 5397 3107 5448 τοῦτο
3133 5395 3223 5476 τοῦ
3261 5397 3430 5475 ἐλέην.
3453 5397 3843 5462 ἀδιαλείπτως.

794 5450 1292 5538 ζρμιιέςέἐμνήσθην
1319 5451 1409 5533 τοῦ
1434 5451 1592 5538 .6305,
1631 5457 1724 5507 καὶ
1757 5456 2092 5528 ηὐφράνθην.
2364 5463 2458 5538 17.
2477 5464 2704 5538 ⁸ξνίὴιέττὶ
2906 5462 3014 5534 ἆρα
3050 5465 3314 5520 παύσεται
3343 5450 3434 5518 τᾉῡ
3472 5450 3845 5538 οἱκτηρῆσαίο

689 5518 1638 5608 ςξξξςῂγξιένοιάνμάυεεςειυτάν.
2028 5518 2039 5528 ·
2274 5534 2439 5608 θειςς
2476 5531 2537 5584 N.
2576 5518 2660 5587 is.
2705 5518 3191 5608 «u'aa.i,4.,e.c..
3231 5518 3437 5608 apag.
3480 5518 3842 5608 τάυέίδεςέέιρῑ

690 5585 766 5671 ςιξ
795 5585 1122 5671 '53???“-
1195 5585 1206 5590 ’
2280 5620 2284 5669 ι

2280 5585 2438 5670 μούςξ
2464 5613 2591 5664 etc.,
2620 5585 2773 5671 πρός
2800 5585 2906 5658 non
2924 5585 3191 5658 eis'ta‘twin'

691 5656 1131 5743 (§)‘:O.K”$ptoc..
1209 5732 1220 5743 ι
1311 5731 1334 5740 _
1380 5732 1434 5743 Η
1601 5730 1642 5743 ﬂ
1710 5733 1766 5743 Ἀ
1839 5735 1894 5743 __
1949 5734 1960 5743 _
2064 5732 2111 5743 ,Α
2275 5656 2431 5726 ὅθετεῖ
2456 5656 2682 5740 Rupis...
2707 5656 2830 5727 ηιόί
2859 5656 3111 5743 ἵλεοςμοι
3134 5656 3316 5743 γενοῦ.

687 5725 761 5796 (6)
784 5724 850 5782 Ν.
884 5724 1131 5783 15.’“.-1π’
1206 5731 1337 5800 ἐμοῦ
1380 5732 1545 5800 λέγει.
1599 5730 1662 5786 Ν.
1704 5733 1788 5788 16.
1839 5734 1980 5797 Ἐγὼ
2036 5732 2171 5798 οἴδα,
