4036 6490
197 427 309 486 969
1097 418 1181 472 DE
1217 417 1489 473 TlTULlS
1528 414 1976 471 PSALMORUM.
2009 439 2064 453 —-
2101 413 2295 468 PSAL
2329 411 2581 472 LXXVII.
3363 410 3464 468 970

272 546 330 598 8.
371 542 827 611 Ἀπαγγὲλλοντες
857 542 954 602 τὰς
986 539 1218 602 αἱνὲσεις
1245 535 1340 590 τοῦ
1373 536 1600 607 Κυρίου,
1815 540 1857 596 Α

1245 535 1340 590 τοῦ
1373 536 1600 607 Κυρίου,
1815 540 1857 596 Α
1959 533 2010 586 8.
2046 531 2341 586 Narrantes
2368 533 2554 587 laudes
2590 531 2825 596 Domini,

269 639 329 693 9.
349 637 456 688 Καὶ
479 635 576 697 τὰς
598 633 908 694 δυναστείας
934 631 1119 693 αὑτοῦ,

937 631 1119 693 αὐτοῦ,
1961 626 2012 678 9.
2045 624 2110 677 Et
2141 625 2367 678 virtutes
2392 624 2531 693 ejus,

271 729 363 781 10.
395 728 504 778 Καὶ
535 725 602 778 τὰ
631 725 904 794 θαυμάσια
930 723 1113 784 αὐτοῦ,
1149 721 1183 775 ἃ
1213 720 1453 789 ἐποίησε.

1360 737 1453 789 ισε.
1962 720 2048 773 10.
2081 720 2146 775 Et
2171 720 2440 773 mirabilia
2472 720 2610 788 ejus,
2646 734 2766 788 quze
2810 717 2954 772 fecit.

274 820 365 872 11.
391 819 499 870 Καὶ
529 817 792 884 ἀνέστησε
822 815 1117 884 μαρτύριον
1150 816 1206 864 ἐν
1255 809 1466 864 Ἰακώϐ·

1962 814 2048 866 11.
2089 813 2151 866 Et
2185 813 2470 867 suscitavit
2491 812 2860 865 testimonium
2890 810 2942 862 in
2970 809 3155 863 Jacoh.

272 913 363 965 12.
390 913 498 964 Καὶ
519 911 680 979 νόμον
710 908 860 960 ἔθετο
888 909 944 958 ἐν
989 905 1221 977 Ἰσραήλ.

1959 905 2043 958 12.
2075 905 2137 958 Ει
2165 905 2331 973 legem
2359 905 2538 973 posuit
2562 905 2613 956 in
2643 903 2824 957 Israel.

273 1005 363 1057 15.
398 1005 533 1056 Ὅσα
554 1000 852 1053 ἐνετείλατο
886 1001 996 1060 τοῖς
1023 996 1290 1065 πατράσιν
1323 993 1501 1064 ἡμῶν,

1961 999 2046 1050 15.
2081 997 2292 1062 Quanta
2322 998 2604 1050 mandavit
2632 995 2876 1065 patribus
2907 994 3129 1058 nostris,

274 1094 366 1146 14.
392 1092 496 1144 Τοῦ
524 1091 787 1160 γνωρίσαι
818 1090 958 1142 αὐτὰ
992 1092 1101 1150 τοῖς
1133 1089 1269 1148 υἱοῖς
1302 1087 1500 1139 αὐτῶν.

1346 1087 1500 1138 ὺτῶν.
1959 1089 2044 1141 14.
2077 1088 2145 1143 Ut
2171 1099 2294 1142 nota
2327 1088 2529 1142 faceret
2562 1105 2623 1142 ea
2649 1089 2772 1142 liliis
2808 1088 2940 1141 suis.

273 1183 364 1237 15.
399 1185 582 1245 Ὅπως
612 1181 676 1234 ἂν
702 1181 814 1250 γνῷ
834 1181 994 1248 γενεὰ
1033 1180 1213 1249 ἑτέρα,
1243 1179 1347 1230 υἱοὶ
1370 1176 1758 1246 τεχθησόμενοι

1961 1180 2044 1232 15.
2084 1178 2152 1232 Ut
2205 1189 2500 1249 cognoscat
2547 1181 2823 1248 generatio
2873 1180 3059 1242 altera,
3091 1177 3183 1230 lilii
3225 1177 3317 1246 qui
3366 1190 3465 1230 na-

1888 1280 2104 1328 scentur
2131 1291 2144 1325 :

273 1359 364 1414 16.
399 1359 507 1411 Καὶ
531 1359 943 1428 ἀναστήσονται,
975 1357 1068 1409 καὶ
1113 1353 1514 1421 ἀπαγγελοῦσιν
1536 1352 1610 1421 (ιι)
1646 1352 1784 1404 αὐτὰ

1692 1352 1784 1404 ὖτά
1957 1365 2042 1419 16.
2072 1363 2138 1419 Ει
2161 1374 2455 1432 exsurgent
2487 1371 2540 1416 et
2566 1361 2870 1415 narrabunt
2900 1377 2960 1414 ea
2995 1362 3118 1415 liliis
3153 1361 3286 1415 suis.

196 1457 314 1515 τοῖς
342 1454 474 1514 υἱοῖς
504 1452 700 1504 αὐτῶν.

272 1542 362 1596 17.
393 1541 507 1593 ’Ὶνα
531 1539 730 1594 θῶνται
760 1541 851 1591 ἐπὶ
882 1539 971 1590 τὸν
993 1537 1122 1589 Θεὸν
1153 1536 1250 1606 τήν
1285 1534 1475 1587 ἐλπίδα
1510 1531 1707 1585 αὐτῶν·

1412 1535 1475 1586 δα
1510 1531 1707 1585 αὐτῶν
1960 1544 2044 1597 17.
2083 1543 2374 1614 Utponant
2400 1546 2453 1598 in
2489 1544 2597 1599 Deo
2624 1560 2774 1613 spem
2808 1561 2963 1599 suam
2993 1564 3005 1600 :

272 1633 361 1686 18.
397 1634 505 1685 Καὶ
532 1633 604 1702 μὴ
632 1629 988 1683 ἐπιλάθωνται
1012 1629 1118 1680 τῶν
1156 1627 1331 1697 ἔργων
1354 1627 1445 1678 τοῦ
1485 1623 1638 1677 Θεοῦ·

1523 1623 1638 1676 ἐοῖν
1958 1637 2044 1695 18.
2072 1638 2137 1691 Ει
2163 1653 2271 1690 non
2300 1638 2697 1692 obliviscantur
2724 1653 2950 1706 operum
2989 1636 3080 1689 Dei
3105 1657 3117 1691 τ

272 1725 362 1778 19.
393 1726 503 1777 Καὶ
527 1725 623 1785 τὰς
661 1721 877 1784 ἐντολὰς
905 1720 1069 1773 αὐτοῦ
1102 1719 1495 1789 ἐκζητήσωσιν.

1333 1734 1495 1770 τωσιν.
1957 1731 2043 1784 19.
2081 1730 2147 1783 Ει
2178 1730 2428 1783 maudala
2464 1730 2584 1797 ejus
2617 1730 2927 1799 exquirant.

271 1818 364 1871 20.
402 1818 519 1868 Ἵνα
553 1815 627 1885 μὴ
654 1815 912 1882 γένωνται
935 1814 1010 1875 ὡς
1037 1813 1086 1863 οἱ
1116 1811 1349 1882 πατέρες
1381 1810 1581 1872 αὐτῶν,

1381 1810 1581 1872 αὐτῶν,
1953 1820 2043 1873 20.
2076 1818 2152 1872 Ne
2184 1820 2313 1872 liant
2345 1821 2486 1873 sicut
2519 1829 2698 1887 patres
2732 1834 2944 1882 eorum,

267 1909 359 1962 21.
392 1906 557 1959 Γενεὰ
581 1906 767 1959 σκολιὰ
795 1905 887 1957 καὶ
919 1903 1456 1972 παραπικραίνουσα·
1813 1911 1854 1963 Β

1444 1914 1456 1929 '
1813 1911 1854 1963 B
1957 1910 2044 1963 2|.
2082 1909 2369 1964 Generatio
2403 1926 2564 1980 prava
2594 1920 2646 1964 et
2671 1926 3038 1979 exasperans:

271 2000 362 2053 22.
416 1998 602 2060 Γενεὰ,
647 2000 766 2069 ἥτις
811 1998 872 2050 οὐ
929 1994 1223 2050 κατεύθυνε
1283 1994 1355 2064 (ὁ)
1402 1993 1500 2063 τήν
1556 1990 1781 2061 καρδίαν

1621 1990 1781 2061 ιρδίαν
1960 2001 2047 2054 22.
2079 2003 2387 2066 Generatio,
2414 2018 2533 2072 qua:
2564 2018 2670 2057 non
2693 2003 2890 2056 direxit
2911 2017 3005 2056 cor
3034 2017 3215 2064 suum,

196 2095 425 2163 ἑαυτῆς,

264 2187 359 2241 2'5.
396 2188 503 2239 Καὶ
556 2186 654 2238 οὐκ
698 2183 974 2252 ὲπιστώθη
1014 2181 1149 2252 μετὰ
1184 2179 1275 2232 τοῦ
1301 2178 1435 2232 Θεοῦ
1467 2178 1527 2230 τὸ
1566 2176 1782 2247 πνεῦμα

1965 2181 2053 2236 25.
2087 2181 2149 2235 Et
2179 2198 2282 2236 non
2311 2193 2390 2237 est
2423 2185 2664 2239 creditus
2689 2201 2811 2237 cum
2849 2184 2955 2238 Deo
2983 2185 3207 2254 spiritus
3239 2185 3376 2254 ejus.

194 2279 395 2349 αὐτῆς.

271 2369 361 2421 24.
393 2369 507 2420 Υἱοὶ
546 2367 783 2435 Ἐφραῖμ
815 2363 1136 2426 ἐντείνοντες
1180 2363 1272 2414 καὶ
1320 2360 1603 2430 βάλλοντες
1631 2359 1782 2424 τόξον

1959 2361 2046 2414 21.
2086 2361 2202 2416 Filii
2232 2362 2481 2432 Ephraim
2515 2365 2854 2421 intendentcs
2882 2378 2933 2421 et
2963 2366 3236 2422 mittentes
3274 2383 3459 2423 arcum

196 2456 447 2528 ίτὸξοις1.
1884 2452 2196 2525 [arcubus],

267 2549 360 2602 25.
400 2549 776 2618 Ἐστράφησαν
806 2548 863 2600 ἐν
895 2547 1075 2619 ἡμέρᾳ
1098 2547 1352 2616 πολέμου.

1265 2563 1352 2597 ου.
1958 2546 2048 2598 25.
2078 2547 2338 2601 Conversi
2369 2561 2495 2603 sunt
2517 2550 2571 2604 in
2603 2551 2688 2606 die
2715 2551 2859 2607 belli.

271 2691 352 2758 (a)
397 2689 826 2758 ’Λναγγελοῦσιν.
868 2691 929 2741 At
964 2690 1015 2740 in
1050 2703 1220 2755 marg.
1253 2681 1681 2758 ἀπαγγελοῦσιν.

270 2755 716 2832 (1))Κατηῦθυνε.
750 2764 815 2813 At
850 2759 902 2811 in
939 2774 1108 2827 marg.
1148 2755 1460 2809 κατεύθυνε.

1322 2889 1696 2944 ATHANASII
1737 2890 2328 2946 INTERPRETATIO.

271 3039 326 3089 8.
369 3033 493 3085 Ἐπὶ
517 3032 624 3084 τῶν
659 3030 949 3083 Ἰουδαίων.

765 3030 949 3082 δαίων.
1962 3030 2014 3083 8.
2048 3029 2103 3084 1η
2132 3030 2355 3086 Judznis.

267 3131 324 3184 9.
359 3126 432 3198 (1)
469 3124 589 3177 Ἐπί
614 3141 671 3176 τε
705 3121 796 3176 τοῦ
827 3119 1043 3190 Φαραώ.

936 3119 1043 3173 ναῶ.
1957 3121 2008 3175 9.
2045 3121 2110 3176 Et
2140 3123 2191 3176 in
2227 3123 2530 3178 Pharaone.

273 3220 361 3273 10.
397 3217 505 3270 Καὶ
527 3216 633 3269 τῶν
664 3214 865 3268 λοιπῶν
895 3211 1102 3283 ἐχθρῶν
1129 3211 1220 3263 τοῦ
1265 3211 1496 3281 Ἰσραήλ.
1814 3247 1858 3304 C

1363 3211 1496 3280 >αήλ.
1814 3247 1858 3304 C
1964 3211 2051 3304 10.
2091 3212 2156 3304 lit
2184 3214 2236 3267 in
2262 3215 2488 3284 reliquis
2516 3215 2750 3274 inimicis
2778 3218 2957 3274 Israel.

272 3313 360 3366 11.
393 3311 498 3362 Τὸν
531 3307 760 3377 σταυρὸν
784 3305 971 3360 αὐτοῦ.
1825 3301 1857 3304 “

922 3305 971 3356 ὖ.
1825 3301 1857 3304 “
1965 3303 2050 3354 11.
2080 3301 2306 3358 Crucem
2341 3319 2516 3357 suam.

273 3405 360 3458 12.
390 3403 492 3454 Τὸν
529 3401 655 3453 Υίὸν
691 3403 716 3452 ὁ
743 3398 930 3468 Πατὴρ
967 3399 1022 3448 ἐν
1070 3399 1180 3460 τοῖς
1227 3393 1425 3465 ὁρῶσιν
1460 3393 1620 3447 αὐτον
1656 3391 1788 3446 Θεὸν

1966 3394 2052 3447 12.
2081 3393 2242 3450 Pater
2267 3396 2462 3451 Filium
2508 3398 2563 3452 in
2609 3400 2916 3456 videntibus
2957 3403 3131 3471 ipsum
3165 3406 3334 3461 Deum
3368 3425 3463 3479 per

192 3498 262 3564 τῇ
305 3492 506 3544 πίστει·
530 3489 684 3542 τοῦτο
726 3490 831 3561 γὰρ
853 3486 1210 3557 ἑρμηνεύεται
1253 3484 1507 3551 Ἰσραήλ.

1411 3484 1507 3549 ill.
1893 3486 2086 3552 ﬁdem;
2115 3489 2185 3541 ita
2217 3491 2359 3541 enim
2390 3492 2777 3559 interpretatur
2810 3494 3002 3551 Israel.

271 3584 360 3637 15.
392 3582 516 3643 Τοῖς
544 3580 848 3648 προφήταις
881 3577 956 3647 (2)
980 3571 1434 3644 προεμαρτύρησε
1462 3572 1528 3624 τὰ
1554 3572 1634 3633 είς
1655 3571 1786 3640 Χρι-

1963 3574 2048 3627 15.
2085 3574 2372 3645 Proplietis
2416 3584 2796 3647 praenuntiavit
2826 3584 3106 3650 passiones
3136 3587 3187 3639 in
3217 3588 3457 3643 Christo.

198 3677 329 3729 στὸν
354 3673 672 3743 παθήματα.

275 3765 364 3819 14.
381 3765 504 3827 Τοῖς
525 3762 775 3833 μέλλουσι
803 3759 1072 3827 καταντᾷν
1096 3757 1175 3820 είς
1196 3754 1264 3808 τὰ
1281 3754 1413 3825 τέλη
1429 3753 1536 3806 τῶν
1555 3751 1786 3817 αἰώνων,

1963 3755 2048 3808 Ui.
2087 3757 2188 3822 Qui
2241 3762 2522 3813 occursuri
2572 3770 2698 3816 sunt
2747 3763 2799 3815 in
2852 3765 3049 3820 liuibus
3099 3769 3459 3833 saeculorum,

195 3856 480 3910 τουτέστιν
515 3856 668 3923 ἡμῖν.

1892 3845 1994 3900 hoc
2023 3859 2104 3901 est
2134 3849 2309 3903 nobis.

273 3948 364 4010 15,
401 3945 483 4000 16.
517 3944 855 4016 Κηρύξουσιν
887 3939 1045 3994 αὐτὰ.

1965 3939 2052 4002 15,
2082 3939 2162 3993 16.
2193 3940 2297 3993 Eas
2320 3944 2707 4010 praedicabunt.

274 4041 366 4096 17.
381 4041 489 4111 Τὴν
521 4039 702 4092 πίστιν
733 4035 932 4088 αὐτῶν.

869 4052 932 4086 ›ν.
1963 4030 2049 4082 17.
2083 4028 2264 4084 Fidem
2290 4047 2463 4084 suam.

274 4133 363 4188 18.
401 4132 520 4184 Τῶν
547 4129 884 4201 παθημάτων
914 4123 1101 4178 αὐτοῦ.

972 4123 1101 4176 ιτοῦ.
1964 4123 2051 4176 18.
2089 4122 2404 4176 Passionum
2429 4124 2566 4191 ejus.

273 4226 363 4281 19.
396 4226 506 4288 Τὰς
534 4225 591 4277 ὲν
617 4221 986 4291 Εὑαγγελίοις.

1964 4215 2049 4268 19.
2079 4214 2209 4281 Quae
2239 4216 2290 4268 in
2327 4215 2630 4285 Evangeliis
2661 4227 2804 4270 sunt.

272 4317 364 4372 20.
397 4319 459 4371 Ol
493 4319 550 4370 ὲν
580 4319 644 4386 τῇ
681 4315 893 4386 ἐρήμῳ.

1960 4305 2050 4361 20.
2080 4305 2183 4371 Qui
2214 4305 2435 4362 fuerunt
2464 4309 2516 4363 in
2549 4310 2789 4364 deserto.

269 4410 362 4464 21.
408 4411 465 4460 '0
487 4408 648 4470 αὐτὸς
676 4406 804 4470 λαὸς
831 4406 939 4457 τῶν
979 4402 1275 4457 Ἰουδαίων.

1235 4418 1275 4455 ν,
1962 4399 2051 4452 21.
2090 4399 2205 4468 Ipse
2232 4403 2462 4470 populus
2496 4401 2829 4456 Iudaeorum.

269 4500 361 4554 22.
409 4501 496 4552 Ἐν
544 4501 610 4569 τῇ
653 4496 925 4568 παρουσία
961 4493 1123 4546 αὑτοῦ
1173 4492 1272 4544 οὐκ
1319 4487 1647 4542 ἐπίστευσαν
1693 4485 1788 4537 αὑ-

1642 4503 1647 4528 ι
1693 4485 1788 4537 αὺ-
1961 4491 2050 4544 22.
2087 4491 2141 4545 lu
2179 4494 2409 4546 adventu
2445 4495 2562 4562 ejus
2583 4510 2703 4548 eum
2732 4510 2838 4547 non
2871 4495 3236 4554 crediderunt.

197 4593 291 4645 τιν
333 4593 430 4661 (5).
1535 4640 1541 4647 κ
1820 4595 1864 4648 D

269 4683 362 4736 25.
400 4684 512 4735 Οὐκ
559 4679 943 4734 ὲνεπίστευσαν
984 4674 1062 4744 τῷ
1118 4673 1258 4744 Θεῷ,
1310 4673 1438 4743 περὶ
1478 4663 1551 4724 ὧν
1603 4671 1786 4732 αὐτοῖς

1962 4672 2050 4726 25.
2094 4670 2209 4726 Νοη
2239 4673 2584 4728 crediderunt
2627 4672 2736 4728 Deo
2772 4673 2837 4727 de
2870 4673 2959 4740 iis,
2990 4689 3110 4743 quae
3140 4676 3272 4745 ipsis
3308 4694 3463 4732 man—

196 4774 586 4845 ἐπηγγείλατο.

1894 4765 2134 4819 daverat.
3315 4758 3321 4764 ’

268 4869 360 4923 24.
426 4867 544 4919 Υἱοὶ
609 4863 900 4936 ηὐξημένοι
969 4860 1368 4931 ἀντεπολέμουν
1423 4858 1500 4930 τῷ
1575 4858 1781 4928 Κυρίῳ.

1964 4858 2053 4912 24.
2082 4855 2226 4917 Filii,
2257 4853 2348 4924 qui
2378 4854 2519 4907 aucti
2551 4853 2788 4918 fuerant,
2821 4859 3455 4927 repugnabantDomino.

207 4957 464 5027 'Egpaip
487 4955 562 5025 (4)
599 4956 706 5026 γὰρ
728 4950 1066 5021 ηὐξημένος
1117 4949 1500 5023 ἑρμηνεύεται,
1555 4951 1689 5020 ὅπερ
1716 4944 1785 5019 ἦν

1899 4949 2152 5018 Ephraim
2183 4948 2325 5002 enim
2364 4948 2750 5018 interpretatur
2781 4960 2986 5013 auctus,
3014 4952 3195 5006 oualis
3223 4961 3338 5006 erat
3367 4951 3459 5006 Ju-

197 5054 219 5105 ἐ
246 5051 375 5113 λαὸς
401 5049 510 5100 τῶν
546 5046 835 5100 Ἰουδαίων.

822 5086 835 5099 .
1894 5042 2134 5095 dzeorum
2164 5041 2414 5109 p0pulus.

267 5141 358 5194 25.
392 5142 467 5210 (5)
500 5139 607 5192 Καὶ
632 5140 688 5191 ἐν
714 5138 790 5209 τῷ
823 5135 997 5208 καιρῷ
1024 5136 1116 5189 τοῦ
1172 5135 1430 5204 πολέμου,
1459 5130 1520 5188 οὗ
1553 5136 1785 5187 ἐποιεῖτο

1960 5133 2049 5186 25.
2078 5132 2141 5184 Ει
2177 5140 2418 5201 tempore
2460 5131 2605 5194 belli,
2644 5133 2788 5200 quod
2839 5135 3007 5202 gessit
3035 5134 3298 5188 Dominus
3337 5151 3462 5204 pro—

195 5233 223 5284 ὁ
253 5233 458 5304 Κύριος
515 5232 582 5285 δι’
615 5231 831 5294 αὐτοὺς,
885 5231 978 5282 καὶ
1023 5231 1171 5298 ἡμᾶς
1210 5229 1344 5299 πρὸς
1391 5227 1481 5280 τὸν
1517 5227 1782 5291 διάϐολον,

1897 5225 2197 5294 pteripsos,
2217 5233 2269 5277 et
2298 5231 2515 5292 propter
2549 5240 2648 5278 nos
2677 5234 2861 5277 contra
2891 5224 3194 5289 diabolum,
3225 5230 3459 5281 aversati

199 5324 632 5396 ἀπεστράφησαν
655 5322 743 5376 τὸν
773 5320 977 5391 Κύριον
1005 5324 1070 5391 τῇ
1104 5321 1344 5392 ἀπιστίᾳ.

1287 5321 1344 5392 ἴα.
1897 5327 2025 5371 sunt
2058 5316 2347 5368 Dominum
2385 5320 2453 5369 ob
2490 5317 2881 5369 inﬁdelitatem.

1162 5415 1468 5476 Addenda
1505 5422 1564 5476 et
1597 5410 1973 5488 corrigenda
2007 5427 2084 5470 ex
2127 5409 2268 5468 cod.
2307 5408 2509 5467 Vatic.

269 5538 344 5604 (1)
382 5536 446 5591 Ν.
470 5539 524 5603 9,
557 5538 645 5594 10.
692 5538 815 5590 Ἐπὶ
842 5536 917 5606 τῷ
942 5535 1158 5605 Φαραὼ,
1185 5538 1276 5590 καὶ
1302 5537 1430 5599 τῶν,
1451 5548 1578 5597 etc.,
1609 5550 1780 5603 usque

692 5538 815 5590 Ἐπὶ
842 5536 917 5606 τῷ
942 5535 1158 5605 Φαραὼ,
1185 5538 1276 5590 καὶ
1302 5537 1430 5599 τῶν,
1451 5548 1578 5597 etc.,
1609 5550 1780 5603 usque
1955 5534 2028 5606 (5)
2073 5530 2250 5606 Αὐτῷ.

197 5601 284 5664 τὰ
307 5601 545 5678 Ἰσραήλ.
890 5601 900 5606 ’
1027 5601 1036 5605 ⁷
1185 5677 1191 5678 7
1666 5601 1705 5678 ς

1666 5601 1705 5678 ξ
1953 5601 2027 5678 (1)
2063 5602 2482 5678 ξβφραῖμὶειοη
2519 5604 2804 5678 [ηοκῄὄπερ
2831 5603 2996 5678 ἐστιν.

265 5659 340 5748 (2)
481 5659 591 5749 ’1-5.
627 5680 751 5749 Τοῖς
773 5680 1101 5749 προφήταις.
1151 5677 1212 5729 Ν.
1269 5679 1354 5730 14.
1387 5676 1781 5749 Προμαρτῦρα-
1955 5659 2032 5742 (5)
2388 5659 2496 5749 Kal
2523 5659 2901 5749 é~1‘.:_(?),e_le._l\'.
2929 5673 3016 5727 27.
3047 5675 3302 5749 Καί-τοῖς,
3328 5685 3457 5749 ριςτ,

197 5742 340 5807 σθαι.
370 5761 475 5801 etc.
499 5746 565 5799 Ν.
600 5749 685 5803 15.
712 5742 835 5812 Τοῖς
863 5742 1139 5820 μέλλουσι,
1162 5759 1264 5803 etc.
1292 5749 1354 5802 Ν.
1393 5742 1470 5801 16.
1502 5742 1779 5817 Κηρύξου-

1882 5747 2096 5820 usi|._ail
2130 5744 2222 5820 ξι-αδ.
2255 5745 2358 5820 τοῦΔ
2388 5745 2680 5820 νόμουρὺκ
2733 5742 3005 5813 ἠθέλησαν
3058 5744 3357 5798 πείθεσθαι.
3389 5743 3455 5799 Ν.

197 5839 277 5873 πί
301 5820 462 5874 αὑτά.
864 5813 874 5820 ’
1573 5813 1599 5817 ’⁷
1885 5816 1973 5878 28,
1996 5816 2084 5870 29.
2136 5814 2489 5866 Ἐπελάθοντο
2523 5813 2582 5865 τὸ
2613 5815 2748 5876 πῶς,
2783 5827 2890 5870 etc.

529 5911 801 5970 PATROL.
843 5912 959 5970 Cu.
999 5911 1257 5969 XXVII.
3027 5909 3090 5966 31
