4036 6456
578 311 674 365 971
1416 313 1471 368 S.
1514 310 1886 367 ATHANASII
1924 310 2075 368 OPP.
2117 311 2298 369 PARS
2354 311 2442 369 lll.
2480 343 2549 355 —
2587 312 2996 371 EXEGETICA.
3741 313 3853 368 972

654 437 743 491 26.
779 437 901 491 Non
926 435 1303 492 custodierunt
1333 445 1720 492 testamentum
1750 437 1862 491 Dei.
2189 446 2233 502 Α

2189 446 2233 502 Α
2330 438 2416 493 26.
2447 439 2560 492 Ούκ
2598 438 2874 508 ἐφύλαξαν
2902 440 3002 511 τὴν
3034 437 3300 510 διαθήκην
3329 435 3423 491 τοῦ
3445 433 3607 492 Θεοῦ.

651 528 742 582 27.
769 527 836 584 Et
860 529 916 583 in
947 529 1062 599 lege
1089 528 1208 599 ejus
1239 529 1533 584 noluerunt
1561 529 1863 584 ambulare.

2335 531 2423 585 27.
2453 532 2562 583 Kal
2617 533 2675 584 ὲν
2723 531 2803 602 τῷ
2857 519 3005 602 νόμῳ
3033 530 3199 585 αὐτοῦ
3226 531 3327 584 οὐκ
3358 529 3742 602 ἠϐουλήθησαν
3782 528 3860 599 (a)

2264 621 2613 692 πορεύεσθαι.

653 710 744 766 28.
779 709 847 765 Ει
870 711 1020 765 obliti
1048 721 1177 766 sunt
1202 710 1613 766 benefactorum
1644 710 1785 779 ejus,

2337 715 2425 770 28.
2455 716 2565 768 Καὶ
2587 703 2919 770 ἐπελάθοντο
2937 715 3043 768 τῶν
3067 716 3397 789 εὐεργεσιῶν
3416 715 3583 770 αὑτοῦ
3610 712 3711 786 (ὁ),

652 803 744 858 29.
777 801 843 856 Et
876 802 1207 857 mirabilium
1238 802 1377 872 ejus,
1413 817 1536 872 qua:
1562 801 1803 855 ostendit
1826 800 1926 855 eis.

2335 807 2423 861 29.
2491 807 2597 860 Kal
2651 809 2759 862 τῶν
2808 809 3124 880 θαυμασίων
3179 808 3366 872 αὑτοῦ,
3419 802 3494 863 ὧν
3532 807 3736 872 ἔδειξεν
3789 808 3864 878 (c)

2266 917 2470 963 αυτοις.

651 980 738 1035 50.
769 981 964 1035 Coram
991 977 1238 1052 patribus
1261 996 1472 1046 eorum,
1498 995 1618 1049 qua:
1647 978 1772 1032 fecit
1799 979 2091 1040 mirabilia,

2335 993 2423 1046 50.
2498 992 2769 1046 Ἐναντίον
2823 993 2932 1047 τῶν
2967 994 3219 1065 πατέρων
3271 995 3472 1062 αὐτῶν,
3533 995 3573 1050 ἃ.
3625 993 3862 1064 ἐποίησε

2267 1081 2566 1152 θαυμάσια,

653 1156 741 1210 51.
773 1154 831 1210 In
858 1167 1000 1212 terra
1033 1155 1272 1227 Egypti,
1303 1156 1355 1210 iu
1388 1171 1581 1225 campo
1603 1156 1820 1210 Taueos

2337 1173 2424 1227 5|.
2473 1175 2560 1226 ‘Ev
2584 1176 2653 1244 γῇ
2685 1175 2971 1248 Αἰγύπτῳ,
3005 1179 3062 1230 ὲν
3097 1177 3267 1249 πεδίῳ
3298 1177 3538 1240 Τάνεως.

650 1247 738 1302 52.
765 1248 1063 1317 Interrupit
1089 1264 1260 1310 mare,
1289 1259 1341 1302 et
1375 1248 1626 1318 perduxit
1653 1263 1747 1303 eos
1774 1265 1786 1301 :

2336 1265 2423 1318 52.
2458 1265 2721 1336 Διέρῤηξε
2756 1247 3056 1334 θάλασσαν,
3086 1269 3181 1323 καὶ
3214 1247 3474 1340 διήγαγεν
3510 1267 3714 1330 αὐτούς
3736 1279 3752 1295 ⁸

654 1343 743 1396 55.
770 1341 838 1395 Ει
860 1343 1054 1396 statuit
1075 1357 1245 1412 aquas
1274 1341 1432 1410 quasi
1458 1351 1656 1396 utrem.

2337 1358 2424 1411 55.
2459 1358 2809 1429 Παρέστησεν
2845 1360 3016 1414 ὕδατα
3049 1361 3181 1414 ὡσεὶ
3215 1362 3401 1416 ἀσκόν.

651 1436 740 1489 54.
775 1436 839 1489 Et
870 1436 1095 1490 deduxit
1123 1452 1218 1491 eos
1251 1436 1303 1490 in
1335 1438 1478 1490 nube
1507 1435 1651 1488 diei:

2338 1448 2423 1502 54.
2459 1450 2568 1501 Kal
2589 1449 2867 1520 ὡδήγησεν
2891 1453 3088 1516 αὐτοὺς
3112 1453 3170 1506 ὲν
3198 1452 3396 1524 νεφέλῃ
3429 1453 3647 1522 ἡμέρας
3667 1468 3680 1480 ·

653 1527 744 1580 55.
778 1525 844 1580 Et
867 1535 977 1580 tota
1012 1536 1172 1580 nocte
1201 1526 1255 1580 in
1287 1524 1686 1579 illuminatione
1714 1523 1877 1594 ignis.

2337 1540 2426 1593 55.
2452 1540 2561 1593 Kal
2583 1541 2710 1612 ὅλην
2733 1542 2830 1613 τὴν
2862 1544 3034 1598 νύκτα
3057 1546 3116 1598 ὲν
3150 1523 3416 1614 φωτισμῷ
3443 1543 3638 1614 πυρός.

649 1617 740 1673 56.
773 1618 1069 1688 Interrupit
1100 1626 1307 1686 petram
1333 1618 1387 1670 in
1410 1631 1594 1670 eremo
1621 1634 1635 1671 :

1900 1709 1908 1711 Δ
2338 1634 2428 1692 56.
2465 1634 2728 1707 Διέρρηξε
2759 1638 2965 1709 πέτραν
3002 1641 3061 1692 ἐν
3098 1641 3324 1711 ἐρήμῳ·

648 1709 739 1764 57.
770 1708 836 1762 Ει
863 1709 1159 1778 adaquavit
1184 1724 1281 1763 eos
1311 1709 1457 1763 velut
1484 1709 1538 1762 in
1566 1708 1769 1779 abysso
1802 1709 1971 1763 multa
2000 1726 2012 1761 :

2342 1727 2432 1780 57.
2470 1728 2582 1780 Καὶ
2609 1708 3080 1794 ὲπὸτισενίαύτοὺς
3102 1708 3515 1797 ἀσύσσῳ
3552 1723 3749 1795 πολλῇ.

650 1802 741 1858 58.
773 1802 840 1856 Et
865 1804 1055 1880 eduxit
1078 1818 1278 1873 aquam
1310 1802 1376 1856 de
1402 1811 1551 1872 petra
1578 1818 1594 1858 :
2201 1827 2240 1882 η

2201 1827 2240 1882 Β
2340 1817 2429 1871 58.
2463 1820 2575 1871 Kal
2602 1818 2873 1891 ἐξήγαγεν
2912 1818 3057 1892 ὓδωρ
3080 1822 3146 1874 ὲκ
3175 1821 3382 1892 πέτρας
3401 1835 3415 1850 ·

651 1897 743 1950 59.
783 1893 850 1950 Et
870 1894 1057 1950 eduxit
1093 1902 1352 1965 tanquam
1383 1893 1611 1948 ﬂumina
1641 1908 1836 1964 aquas.

2341 1908 2428 1962 59.
2459 1910 2570 1963 Kal
2598 1912 2914 1982 κατήγαγεν
2934 1910 3009 1974 ὼς
3036 1914 3312 1982 ποταμοὺς
3339 1910 3523 1966 ὕδατα.

648 1987 738 2040 40.
767 1986 828 2041 Et
856 1995 1228 2056 apposueruut
1256 1986 1435 2041 adhuc
1450 2000 1687 2075 peccare
1717 1986 1802 2075 ei:
1868 2073 1876 2075 ᾗ
2344 2000 2433 2056 ιο,
2471 2003 2582 2057 Καὶ
2622 2004 2950 2075 προσέθεντο
2976 2004 3056 2058 ἔτι
3089 2003 3184 2056 τοῦ
3225 2001 3564 2074 ἁμαρτάνειν
3597 1997 3750 2068 ας,τῷ

647 2077 737 2130 41.
773 2075 827 2128 In
864 2077 1000 2130 iram
1036 2075 1420 2131 excitaverunt
1448 2073 1742 2130 Excelsum
1770 2074 1826 2128 in
1865 2073 2159 2142 inaquoso.

2065 2086 2159 2125 ’8οο
2343 2091 2433 2147 ﬂ.
2471 2073 2900 2169 Παρεπίκραναν
2929 2098 3020 2151 τὸν
3044 2073 3308 2166 Ὕψιστον
3334 2073 3392 2148 tv
3420 2093 3659 2164 ἀνύδρῳ.

651 2167 743 2222 42.
775 2166 840 2222 Ει
865 2177 1210 2225 teutaverunt
1232 2168 1401 2222 Deum
1437 2167 1493 2221 in
1520 2167 1779 2223 cordibus
1811 2165 1952 2229 suis,

2347 2183 2438 2238 42.
2475 2187 2583 2241 Kal
2608 2165 2970 2260 ἐξεπείρασαν
2995 2190 3088 2244 τὸν
3110 2165 3243 2244 Θεὸν
3269 2193 3327 2244 ἐν
3350 2191 3471 2251 ταῖς
3491 2185 3750 2258 καρδίαις
3771 2183 3867 2237 αὖ·

2276 2289 2407 2339 των,

653 2363 733 2436 la)
762 2365 1017 2436 ’HOalov._
1035 2363 1105 2436 At
1133 2365 1188 2419 in
1218 2379 1393 2436 marg.
1417 2362 1820 2436 ἠϐουλήθησαν.

657 2433 730 2504 (b)
761 2437 867 2488 Τοῦ
894 2434 1052 2489 Θεοῦ.
1087 2434 1143 2488 In
1180 2433 1364 2505 marg.
1392 2433 1580 2505 αὑτοῦ.

654 2509 726 2578 (c)
766 2507 1027 2560 Ἔδωκεν.
1056 2505 1114 2561 lu
1151 2504 1326 2577 marg.
1359 2504 1581 2571 ἔδειξεν.

1715 2617 2094 2676 ATHANASII
2134 2614 2720 2673 INTERPRETATIO.

656 2784 745 2841 26.
769 2783 824 2839 In
850 2783 918 2839 iis
942 2799 1064 2854 quae
1083 2782 1149 2838 de
1169 2781 1403 2838 Domino
1421 2782 1565 2837 dicta
1592 2790 1722 2837 sunt
1741 2796 1836 2852 per
1852 2779 2166 2851 prophetas.

2346 2776 2437 2831 26.
2465 2774 2576 2829 Kal
2598 2775 2709 2838 τοῖς
2741 2773 3049 2846 εἰρημένοις
3081 2775 3209 2847 περὶ
3243 2774 3337 2829 τοῦ
3397 2776 3606 2849 Κυρίου
3633 2776 3724 2831 διὰ
3755 2779 3870 2833 τῶν

2279 2881 2592 2939 προφητων.

655 2955 746 3010 27.
785 2954 849 3009 Ει
875 2969 938 3009 ea
973 2969 1094 3025 quae
1120 2953 1253 3024 legis
1285 2962 1462 3020 erant,
1492 2956 1786 3010 noluerunt
1821 2952 2021 3009 facere.
2196 2948 2238 3004 C

2196 2948 2238 3004 C
2341 2957 2431 3010 27.
2465 2955 2576 3009 Kal
2603 2953 2672 3006 τὰ
2699 2952 2792 3006 τοῦ
2823 2955 2989 3025 νόμου
3018 2955 3119 3008 οὐκ
3143 2955 3414 3028 ἠθέλησαν
3439 2958 3685 3029 ποιῆσαι.

656 3046 752 3107 28,
782 3045 872 3100 29.
927 3043 1093 3099 Obliti
1138 3054 1266 3100 sunt
1319 3046 1597 3116 quomodo
1646 3045 1997 3117 pertransivit
2033 3043 2167 3114 ipsis

2339 3048 2432 3114 28,
2467 3049 2556 3103 29.
2604 3046 2960 3101 Ἐπελάθοντο
3000 3047 3118 3111 πῶς
3173 3049 3386 3121 διῆλθεν
3435 3052 3742 3124 εὐεργετῶν
3772 3054 3870 3107 αύ-

589 3136 845 3191 omuibus
881 3134 1252 3201 benefacieus,
1287 3146 1340 3191 et
1375 3154 1578 3194 sanans
1615 3154 1806 3193 omnes
1854 3136 1947 3204 qui
1986 3134 2168 3205 possi-

2275 3139 2397 3200 τοὺς
2419 3138 2647 3201 πάντας,
2683 3137 2775 3190 καὶ
2835 3135 3062 3206 ἰώμενος
3116 3139 3325 3203 πάντας
3372 3142 3498 3204 τοὺς
3559 3142 3869 3196 καταδυνα-

590 3229 858 3285 debantur
886 3245 915 3283 a
948 3230 1185 3284 diabolo.

2276 3227 2630 3298 στευομένους
2663 3227 2767 3278 ὑπὸ
2795 3226 2888 3279 τοῦ
2916 3227 3182 3280 διαϐόλου.

665 3321 754 3378 50.
785 3319 985 3377 Coram
1017 3320 1360 3391 principibus
1389 3316 1725 3382 Iudaeorum,
1755 3333 1877 3388 quae
1907 3317 2034 3372 fecit
2065 3318 2172 3371 mi-

2345 3319 2436 3373 50.
2467 3308 2816 3390 Ἐμπροσθεν
2863 3317 2973 3373 τῶν
3002 3321 3279 3391 ἀρχόντων
3309 3321 3419 3376 τῶν
3471 3323 3745 3379 Ἰουδαίων
3765 3367 3779 3389 ,
3837 3328 3871 3381 ἃ.

591 3415 808 3468 rabilia.

2276 3411 2500 3482 εποίησε
2532 3405 2828 3480 θαυμάσια.

663 3506 755 3560 5i.
787 3506 843 3557 ln
882 3512 1026 3558 terra
1064 3504 1417 3558 obtenebrata
1462 3521 1515 3557 in
1551 3513 1728 3575 gente,
1755 3519 1878 3575 qua:
1913 3503 2045 3557 nihil
2077 3519 2172 3556 su-

2343 3503 2442 3557 51.
2479 3502 2567 3555 Ἐν
2598 3505 2665 3574 τῇ
2689 3505 2758 3574 γῇ
2790 3503 2866 3574 (1)
2902 3505 3266 3578 ὲσκοτισμένῃ
3289 3508 3346 3561 ὲν
3369 3507 3448 3580 τῷ
3475 3509 3622 3564 ἔθνει
3650 3512 3733 3583 τῷ
3767 3531 3871 3584 μη-

596 3598 759 3651 bliine
783 3598 912 3668 agit.
954 3595 1144 3649 Tanais
1183 3597 1327 3650 enim
1371 3598 1759 3665 interpretatur
1794 3597 2023 3649 humilia
2055 3596 2172 3664 jus-

2276 3595 2363 3648 δὲν
2396 3594 2598 3647 τέλειον
2629 3595 2894 3650 ποιοῦντι.
2920 3595 3092 3663 Τάνις
3126 3600 3234 3668 γὰρ
3256 3601 3625 3671 ἑρμηνεύεται
3658 3605 3868 3660 ἐντελ-

595 3708 708 3754 sus,
739 3693 843 3745 hoc
867 3700 952 3744 est
973 3689 1168 3744 Judaei.
2023 3701 2027 3704 ‘

2023 3701 2027 3704 ‘
2277 3687 2534 3755 λόμενος
2572 3685 2844 3747 ταπεινὰ,
2880 3685 3157 3739 τουτέστιν
3189 3689 3238 3739 οἱ
3283 3690 3542 3744 Ἰουδαῖοι.

666 3783 757 3837 52.
792 3782 1018 3851 Aperuit
1047 3780 1210 3835 corda
1244 3794 1458 3845 eorum,
1487 3789 1548 3834 ut
1580 3789 1862 3834 cessarent
1891 3796 1918 3833 a
1950 3779 2176 3849 pristina

2355 3776 2445 3831 52.
2478 3775 2719 3846 Διήνοιξε
2770 3775 2870 3839 τὰς
2913 3775 3151 3848 καρδίας
3191 3778 3402 3844 αὐτῶν,
3434 3780 3527 3834 τοῦ
3553 3780 3870 3839 παύσασθαι

598 3889 787 3934 eorum
829 3874 1264 3928 conversatione.

2291 3864 2370 3934 (2)
2401 3865 2501 3936 τῆς
2548 3865 2820 3936 προτέρας
2849 3865 3030 3920 αὐτῶν
3058 3869 3425 3941 ἀναστροφῆς.

667 3967 754 4022 55.
787 3965 853 4019 Ει
881 3966 1167 4022 advocavit
1193 3973 1383 4038 gentes
1407 3974 1653 4020 mortuas
1681 3964 1751 4019 ob
1777 3973 2083 4036 peccatum.
2162 4018 2164 4020 ,

2353 3958 2441 4012 55.
2474 3959 2582 4011 Kal
2616 3958 3056 4029 προσεκαλέσατο
3096 3961 3168 4014 τὰ
3193 3961 3321 4035 ἔθνη
3358 3965 3746 4038 νενεκρωμένα
3794 3967 3871 4039 (5)

2286 4048 2391 4101 ὑπὸ
2418 4047 2516 4120 τῆς
2542 4050 2837 4120 ἁμαρτίας.

670 4149 761 4204 54.
787 4146 845 4201 In
878 4147 998 4202 luce
1027 4161 1148 4200 sua.

2355 4140 2445 4194 54.
2494 4141 2582 4194 Ἐν
2618 4140 2698 4211 τῷ
2724 4142 2864 4210 φωτὶ
2896 4141 3084 4198 αὑτοῦ.

665 4239 755 4293 55.
787 4237 853 4290 Et
877 4251 1095 4292 omnem
1134 4235 1480 4291 tenebrosam
1511 4234 1748 4305 priorem
1779 4236 2024 4305 ipsorum
2059 4251 2184 4290 con-
2217 4291 2257 4310 ἢ

2360 4230 2449 4284 55.
2485 4232 2596 4284 Kal
2658 4231 2788 4301 ὃλην
2839 4229 2937 4302 τὴν
2978 4229 3260 4302 σκοτεινὴν
3316 4230 3391 4302 (6)
3441 4231 3540 4304 τὴν
3599 4238 3874 4310 προτέραν

601 4330 965 4386 versationem
1013 4337 1399 4393 commutans,
1444 4328 1500 4382 in
1547 4327 1949 4383 illuminatione
1995 4329 2183 4399 gratia:

2287 4322 2467 4375 αὐτῶν
2496 4291 2842 4393 ἀναστροξρὴν
2877 4291 3233 4394 μεταϐαλὼν;
3270 4291 3334 4377 ὲν
3366 4291 3443 4395 τῷ
3473 4291 3745 4399 ιρωτισμῴ
3774 4291 3876 4400 τῆς

601 4439 715 4480 sua:
741 4422 964 4478 deduxit
992 4436 1109 4477 eos.

2287 4413 2508 4485 χάριτος
2535 4413 2700 4467 αὑτοῦ
2726 4414 3008 4485 ὡδήγησεν
3041 4413 3240 4478 αὐτούς

670 4514 760 4574 56.
792 4514 961 4570 Latus
992 4528 1153 4569 suum
1187 4512 1242 4567 iu
1272 4513 1478 4567 mundo
1513 4512 1748 4582 aperuit.

2360 4504 2446 4559 56.
2476 4505 2587 4577 Τὴν
2609 4506 2847 4577 πλευρὰν
2873 4505 3037 4560 αὐτοῦ
3061 4508 3118 4558 ἐν
3142 4506 3221 4577 τῷ
3253 4505 3442 4578 κόσμῳ
3473 4507 3731 4578 διήνοιεε.

672 4605 762 4661 57.
793 4602 1070 4676 Sanguine
1099 4618 1201 4660 suo
1242 4601 1540 4672 adaquavit
1568 4601 1994 4672 iustiﬁcationes
2031 4615 2181 4656 suas.

2360 4605 2446 4658 57.
2477 4602 2575 4657 Διά
2602 4601 2696 4656 τοῦ
2734 4603 2965 4674 αἵματος
3002 4603 3169 4657 αὑτοῦ
3195 4604 3414 4658 ὲπότισε
3445 4605 3522 4676 (5)
3551 4606 3623 4673 τὰ
3647 4606 3877 4663 δικαιὼ-

2295 4713 2439 4768 ματα
2465 4693 2652 4749 αὐτοῦ.

673 4781 762 4838 58.
794 4781 872 4836 Ex
903 4782 1074 4836 latere
1107 4795 1227 4836 suo.

2362 4787 2448 4841 58.
2498 4787 2592 4838 Ἐκ
2639 4787 2740 4858 τῆς
2769 4785 3012 4858 πλευρᾶς
3045 4785 3235 4841 αὑτοῦ.

671 4875 762 4932 59.
798 4875 863 4931 Et
890 4875 1008 4945 ipsa
1053 4889 1216 4944 aqua,
1248 4889 1370 4945 qua
1407 4873 1566 4929 ﬂuxit
1605 4887 1672 4928 ex
1707 4871 1876 4926 latere
1906 4884 2025 4940 ejus
2053 4868 2182 4924 illu-

2365 4879 2453 4934 59.
2482 4878 2590 4931 Kal
2616 4879 2673 4932 ὲν
2706 4879 2854 4950 αύτῷ
2881 4877 2959 4949 τῷ
2986 4877 3140 4933 ὕδατι
3173 4879 3250 4951 τῷ
3275 4881 3342 4934 ἐκ
3371 4881 3472 4952 τῆς
3503 4881 3747 4955 πλευρᾶς
3779 4886 3877 4939 αύ-

607 4969 830 5024 minavit
857 4978 1061 5039 gentes.

2293 4971 2387 5024 τοῦ
2422 4969 2652 5040 ἐφώτισε
2675 4973 2743 5026 τὰ
2765 4973 2913 5044 ἔθνη.

674 5063 764 5119 40.
797 5061 1064 5118 lncreduli
1093 5057 1287 5116 Judaei.

2367 5061 2454 5115 40.
2488 5059 2550 5114 Οἱ
2576 5061 2928 5126 ἀπειθοῦντες
2971 5062 3235 5117 Ἰουδαῖοι.

673 5157 762 5210 41.
791 5153 1268 5210 Contristaverunt
1312 5148 1578 5221 Spiritum
1608 5157 1858 5204 sanctum
1885 5149 1942 5205 in
1974 5147 2184 5204 sterili-

2365 5153 2453 5207 41.
2501 5154 2807 5224 Ἑλύτι-ησαν
2837 5155 2896 5208 σὺ
2925 5156 3150 5226 Πνεῦμα
3168 5156 3228 5209 τὸ
3257 5155 3412 5224 ἀγιον
3437 5173 3495 5208 εν
3527 5159 3595 5228 τῇ
3628 5158 3843 5231 ἀκαρπί

604 5258 712 5303 late
745 5247 942 5302 anima:
973 5260 1186 5300 eorum.

2297 5244 2395 5316 τῆς
2421 5247 2596 5318 ψυχῆς
2623 5246 2821 5300 αὐτῶν.

675 5338 762 5392 42.
801 5335 999 5390 Filium
1029 5335 1123 5392 Dei
1148 5337 1204 5390 in
1231 5334 1463 5389 adventu
1499 5347 1620 5388 suo.

2371 5339 2452 5393 42.
2484 5340 2591 5392 Τὸν
2618 5339 2744 5393 Υἱὸν
2771 5339 2866 5393 τοῦ
2896 5339 3030 5394 Θεοῦ
3065 5342 3123 5396 ἐν
3145 5345 3212 5414 τῇ
3244 5341 3517 5414 παρουσίᾳ
3547 5342 3739 5401 αυτοῦ.

1561 5467 1874 5530 Addenda
1907 5476 1967 5530 et
1996 5472 2369 5552 corrigenda
2406 5495 2481 5540 ex
2516 5479 2654 5539 cod.
2690 5477 2893 5540 Vatic.

782 5597 860 5676 Τῇ
887 5601 957 5671 γῇ
980 5600 1068 5671 τῇ,
1101 5604 1230 5676 etc._,
1265 5613 1385 5676 mox
1421 5596 1812 5676 ἐντελλόμενοι.
1960 5671 1973 5676 _
2146 5671 2156 5676 _

1215 5638 1230 5676 _,
1265 5613 1385 5676 mox
1421 5596 1812 5676 ἐντελλόμενοι.
1960 5671 1973 5676 _
2146 5671 2156 5676 _
2372 5605 2446 5676 (ὅ)
2483 5605 2800 5676 Νικῶμενα.

683 5667 761 5751 (2)
786 5665 1166 5740 liiie'rpreiatio
1215 5670 1375 5737 hujus
1414 5671 1552 5723 vers.
1583 5665 1771 5740 incipit
1804 5687 1831 5722 a
1864 5671 2029 5726 verbo
2051 5671 2186 5724 παύ-

1962 5671 2029 5726 1)ο
2051 5671 2186 5724 παύ-
2476 5665 2862 5751 Τῂνσκοτίαν.
2881 5678 2948 5751 ἥν
2973 5679 3072 5750 τὴν
3100 5679 3396 5751 προτέραν,
3428 5673 3556 5740 etc.|

611 5737 818 5793 σεσθαι.
938 5737 951 5740 ⁷
1698 5737 1708 5740 ⁷
2503 5737 2764 5802 Ε’πύτισεν
2792 5737 3139 5813 αύτόύς,ἐιι;.
