4036 6520
177 504 279 560 981
1056 503 1147 555 DE
1189 503 1462 558 TlTULIS
1496 503 1942 560 PSALMORUM.
1983 536 2052 546 —
2091 505 2283 558 PSAL.
2324 505 2574 562 LXXVII.
3334 512 3436 568 982

258 624 379 677 118.
426 623 702 694 Ἀπαρχὴν
736 624 933 686 παντὸς
958 624 1117 676 πόνου
1150 625 1346 689 αὐτῶν,
1390 628 1447 676 ὲν
1487 630 1598 690 τοῖς
1627 644 1760 698 σκτλ-⁵
1789 639 1834 690 Α

1935 629 2055 682 118.
2091 628 2367 684 Primitias
2410 630 2591 683 omnis
2624 629 2828 686 laboris
2858 643 3046 683 eorum
3091 631 3141 682 in
3189 632 3437 688 taberna-

180 716 399 785 γώμασι
433 717 582 786 Kay"

1865 721 2001 775 culis
2030 722 2222 774 (Iliam.

255 809 381 861 119.
418 809 527 861 Kal
563 807 774 878 ἀπῆρεν
794 807 866 871 ὡς
898 807 1145 882 πρόϐατα
1177 809 1266 861 τὸν
1295 810 1422 862 λαὸν
1447 811 1628 865 αὑτοῦ.

1937 812 2060 863 119.
2094 809 2158 864 Et
2187 810 2410 864 abstulit
2444 809 2589 862 sicut
2612 824 2742 861 oves
2778 809 3216 877 populum'sitnm
3247 829 3259 865 :

256 903 281 954 1
298 901 382 955 20.
410 902 519 954 Kal
542 902 818 973 ἀνήγαγεν
839 903 1034 965 αὐτοὺς
1056 903 1186 955 ὡσεὶ
1210 903 1456 973 ποίμνιον
1473 907 1528 956 ἐν
1551 906 1757 975 ἐρήμῳ.

1941 903 2062 957 120.
2098 902 2163 955 Et
2213 903 2466 972 perduxit
2517 917 2613 957 eos
2658 914 2915 971 tanquam
2970 919 3183 973 gregem
3237 903 3289 956 in
3346 903 3440 959 de-

1865 1007 2012 1050 serto
2044 1015 2054 1048 :

259 1079 383 1135 121.
411 1079 522 1133 Kal
554 1077 832 1152 ὡδήγησεν
895 1081 1090 1145 αὐτοὺς
1148 1081 1233 1134 ἐπ’
1274 1080 1471 1143 ἐλπίδι,
1513 1081 1604 1133 καὶ
1666 1084 1764 1135 οὐκ

1941 1088 2063 1140 121.
2103 1087 2168 1141 Et
2188 1085 2414 1141 deduxit
2445 1101 2542 1142 eos
2572 1088 2626 1140 in
2656 1102 2770 1156 spe,
2797 1096 2846 1140 et
2885 1101 2993 1139 non
3021 1092 3323 1142 timuerunt.
3353 1106 3366 1139 :

181 1171 508 1226 ὲδειλίασαν.

257 1266 382 1319 122.
423 1266 533 1318 Kal
557 1267 682 1329 τοὺς
712 1265 937 1337 ἐχθροὺς
970 1266 1147 1319 αὐτῶν
1179 1267 1412 1337 ἐκάλυψε
1445 1267 1707 1322 θάλασσα.

1513 1268 1707 1322 λασσα.
1946 1267 2067 1320 122.
2104 1267 2167 1320 Et
2196 1266 2444 1322 inimicos
2471 1282 2656 1321 eorum
2693 1266 2906 1334 operuit
2943 1281 3107 1320 mare.

260 1357 382 1413 125.
423 1357 531 1411 Kal
557 1359 844 1429 εἰσήγαγεν
895 1359 1090 1420 αὐτοὺς
1140 1360 1217 1422 εις
1263 1359 1386 1430 ὅρος
1433 1361 1764 1430 ἁγιάσματπ

1947 1361 2068 1415 125.
2111 1361 2173 1413 Et
2222 1361 2433 1414 induxit
2472 1377 2566 1414 eos
2609 1360 2660 1411 in
2710 1369 2947 1412 montem
2994 1358 3442 1412 sanctiﬁcationis

183 1448 376 1510 αὐτοῦ,

1868 1468 1979 1504 sua:
1995 1493 2007 1513 ,

258 1542 385 1595 124.
406 1543 570 1613 Ὀρος
598 1542 775 1607 τοῦτο,
806 1541 835 1593 ὃ
857 1521 1129 1613 ἐκτήσατο
1156 1544 1189 1614 ή
1215 1542 1364 1611 δεξιά
1389 1545 1574 1598 αὑτοῦ.

1951 1541 2345 1596 1:21.Montctn
2408 1542 2591 1606 hunc,
2652 1556 2810 1610 quem
2873 1540 3160 1610 acquisivit
3222 1539 3440 1593 dextera

1866 1639 2006 1707 eius.

259 1719 388 1773 125.
429 1721 541 1774 Kal
562 1719 814 1786 ἐξέϐαλεν
848 1720 957 1773 ἀπὸ
984 1720 1277 1791 προσώπου
1304 1725 1482 1776 αὐτῶν
1515 1723 1637 1794 ἔθνη
1660 1743 1673 1754 ο

1515 1723 1637 1794 ἔθνη
1660 1743 1673 1754 °
1944 1730 2063 1782 125.
2111 1729 2175 1781 Et
2208 1729 2367 1797 ejecit
2397 1743 2422 1779 a
2455 1727 2591 1780 facie
2635 1741 2823 1780 eorum
2857 1734 3041 1793 gentes
3079 1743 3089 1777 :

256 1809 384 1864 126.
427 1807 536 1862 Kal
573 1810 996 1881 ἐκληροδὸτησεν
1024 1811 1218 1875 αὐτοὺς
1245 1816 1302 1865 ἐν
1327 1814 1542 1884 σχοινίῳ
1571 1814 1768 1885 κληρο-

1945 1823 2067 1874 1211.
2107 1822 2170 1874 l-Lt
2204 1831 2350 1874 sorte
2371 1820 2557 1873 divisit
2576 1819 2726 1872 eisin
2752 1817 2994 1871 funiculo
3020 1814 3442 1871 distributionis.

182 1899 390 1964 δοσίας.

260 1993 385 2048 127.
427 1995 536 2046 Kal
570 1997 980 2065 κατεσκήνωσεν
1005 1997 1060 2048 ὲν
1082 1999 1190 2059 τοῖς
1214 1996 1566 2068 σκηνώμασιν
1592 1998 1766 2051 αὐτῶν
1802 1987 1841 2044 Β

1939 1999 2058 2050 127.
2097 1997 2157 2051 l-It
2192 1998 2435 2050 habitare
2468 1996 2594 2050 fecit
2627 1997 2679 2050 in
2728 1994 3089 2050 tabernaculis
3121 2009 3309 2048 eorum
3347 1994 3443 2046 tri-

184 2087 286 2149 τὰς
302 2117 304 2119 ›
318 2084 488 2154 φυλὰς
516 2086 610 2140 τοῦ
649 2087 882 2159 Ἰσραήλ.

582 2086 610 2140 ὖ
649 2087 882 2159 Ἰσραήλ.
1865 2090 1967 2143 bUs
1997 2089 2176 2142 Israel.

260 2177 386 2230 128.
428 2179 536 2230 Καὶ
579 2179 897 2250 ἐπείρασαν,
945 2182 1038 2234 καὶ
1067 2181 1478 2253 παρεπίκραναν
1509 2182 1599 2234 τὸν
1637 2182 1768 2235 Θεὸν

1944 2179 2060 2231 128.
2113 2176 2182 2231 Et
2215 2186 2590 2241 tentaverunt,
2648 2187 2701 2230 et
2754 2187 3220 2230 exaceroaverunt
3276 2170 3442 2226 Daum

185 2271 279 2322 τὸν
312 2270 532 2340 ὕψιστον
551 2288 565 2301 ·

1866 2273 2140 2326 excelsum
2180 2290 2191 2323 :

265 2363 388 2416 129.
432 2363 542 2414 Kal
574 2363 643 2416 τὰ
679 2364 952 2434 μαρτύρια
980 2364 1145 2416 αὑτοῦ
1171 2367 1269 2418 οὐκ
1299 2363 1646 2433 ἐφυλάξαντο.

1640 2403 1646 2414 .
1939 2363 2060 2417 129.
2099 2362 2159 2416 Et
2194 2363 2504 2416 testimonia
2536 2363 2655 2430 ejus
2699 2376 2806 2413 non
2838 2361 3234 2414 custodierunt.

264 2454 387 2507 150.
429 2455 536 2507 Kal
569 2455 936 2525 ἀπέστρεψαν,
971 2457 1064 2508 καὶ
1098 2456 1389 2527 ἠθέτησαν,
1443 2457 1623 2520 καθὼς
1676 2457 1767 2511 καὶ

1945 2457 2065 2508 130.
2102 2453 2167 2508 Et
2194 2461 2504 2508 averterunt
2524 2468 2601 2514 se,
2622 2461 2674 2506 et
2698 2469 2804 2505 non
2829 2458 3185 2506 servaverunt
3205 2458 3445 2519 pactum,

187 2543 238 2593 oi
267 2539 500 2611 πατέρες
532 2541 710 2593 αὐτῶν
731 2560 743 2571 ο

1876 2547 2334 2615 quemadmodum
2362 2556 2413 2599 et
2445 2555 2625 2613 patres
2659 2560 2847 2598 eorum
2877 2563 2888 2597 :

268 2633 391 2684 151.
433 2633 900 2707 Μετεστρὰςρησαν
929 2640 1007 2702 είς
1033 2638 1184 2704 τόξον
1217 2638 1487 2709 στρεϐλόν.

1946 2637 2070 2688 151.
2108 2637 2366 2690 Conversi
2397 2647 2524 2689 sunt
2555 2637 2607 2688 in
2647 2651 2832 2688 arcum
2867 2647 3115 2702 pravum.

263 2723 387 2778 152.
429 2726 538 2779 Καὶ
565 2727 922 2799 παρώργισαν
942 2730 1102 2783 αὑτὸν
1126 2733 1182 2782 ὲν
1204 2734 1313 2793 τοῖς
1343 2730 1547 2800 βουνοῖς
1569 2729 1764 2782 αὐτῶν

1950 2729 2070 2781 152.
2106 2725 2170 2780 Et
2204 2728 2256 2780 in
2305 2729 2439 2781 iram
2481 2731 2891 2782 concitaverunt
2939 2740 3061 2780 eum
3114 2726 3166 2778 in
3219 2723 3450 2778 collibus

1876 2837 1991 2875 SUIS
2027 2840 2038 2874 Σ

1321 2991 1700 3049 ATIIANASH
1737 2992 2325 3050 INTERPRETATIO.

263 3195 388 3249 118.
428 3196 560 3253 Ἀπὸ
606 3196 699 3249 τοῦ
733 3197 977 3267 ἀρχηγοῦ
1008 3198 1186 3251 αὐτῶν
1220 3198 1313 3250 τοῦ
1362 3198 1608 3251 διαϐόλου
1635 3240 1649 3264 ,
1683 3203 1776 3252 καὶ

1953 3201 2070 3253 118.
2106 3200 2153 3255 Δ
2182 3199 2423 3268 principe
2453 3214 2640 3252 eorum
2671 3195 2905 3261 diabolo,
2940 3204 2993 3249 et
3023 3196 3172 3249 omni
3205 3196 3324 3264 ejus
3348 3210 3449 3264 νος

190 3289 376 3359 πάσης
432 3288 599 3341 αὑτοῦ
636 3290 736 3359 τῆς
791 3289 1096 3360 δυνάμεως.
1145 3289 1271 3359 Χὰμ
1317 3293 1424 3361 γὰρ
1479 3292 1778 3360 τολμηρὸς

1515 3292 1778 3360 ολμηρὸς
1879 3300 2088 3345 testate.
2116 3290 2282 3344 Citam
2309 3291 2452 3343 enim
2485 3291 2870 3358 interpretatur
2906 3288 3107 3341 audax.

189 3376 575 3450 ἑρμηνεύεται.

265 3470 391 3524 119.
423 3473 532 3524 Kal
563 3472 830 3542 ἐρρύσατο
845 3470 918 3534 ὼς
949 3473 1043 3525 ἀπ’
1073 3472 1222 3526 ὲλέου
1259 3473 1334 3545 (1)
1356 3473 1480 3536 τοὺς
1503 3474 1780 3527 πιστεύον-

1948 3473 2069 3527 119.
2111 3470 2174 3526 Et
2197 3470 2360 3526 veluti
2391 3486 2501 3540 pne
2527 3466 3144 3522 miserationcliberavit
3165 3465 3451 3520 credentes

189 3579 290 3624 τας
322 3563 490 3632 αὑτῷ.

1800 3601 1847 3664 c
1879 3564 1933 3617 in
1960 3563 2157 3632 ipsum.

266 3654 390 3709 120.
422 3656 531 3708 Kal
577 3657 852 3726 ἀνήγαγεν
897 3658 1092 3719 αὐτοὺς
1137 3657 1244 3710 ἀπὺ
1293 3658 1391 3729 τῆς
1428 3658 1631 3729 φθορας
1675 3658 1774 3727 τῆς
1803 3647 1847 3664 ν

1951 3655 2074 3707 120.
2110 3654 2175 3708 Ει
2206 3653 2420 3708 reduxit
2476 3669 2569 3706 cos
2622 3668 2651 3723 a
2701 3651 3051 3720 corruptione
3101 3647 3308 3718 peccati
3360 3664 3453 3717 per

191 3746 472 3817 ἁμαρτίας
500 3745 592 3799 τοῦ
631 3749 705 3818 (2)
731 3747 1121 3817 βαπτίσματος.

633 3749 705 3818 (2)
731 3747 1121 3817 βαπτίσματος.
1877 3747 2227 3814 baptismum.

269 3839 392 3892 121.
424 3840 533 3891 Kal
554 3837 839 3909 ὼδήγησαν
873 3839 946 3904 (5)
969 3839 1162 3901 αὐτοὺς
1213 3842 1269 3892 ὲν
1313 3841 1515 3906 πίστει,
1557 3840 1649 3892 καὶ
1676 3839 1774 3893 οὐκ

1954 3839 2076 3892 121.
2115 3838 2180 3892 Ει
2206 3837 2430 3892 deduxit
2472 3853 2568 3892 eos
2611 3837 2663 3890 in
2711 3836 2850 3898 (ide,
2891 3847 2946 3890 et
2996 3850 3107 3889 non
3154 3836 3453 3889 timuerunt

194 3933 546 4004 ἐφοϐήθησαν
574 3934 670 4001 τὴν
700 3933 996 4002 ἁμαρτίαν.

584 3934 670 4001 τὴν
700 3933 996 4002 ἁμαρτίαν.
1879 3939 2178 3999 peccatum.

266 4025 392 4078 122.
411 4024 521 4087 Τὰς
537 4025 783 4087 ἐναντίας
800 4025 1054 4094 δυνάμεις
1072 4024 1378 4078 ἐθανάτωσε
1397 4025 1455 4077 τὺ
1475 4025 1768 4096 βάπτισμα.

1951 4021 2072 4073 122.
2108 4019 2464 4074 Adversarius
2522 4028 2816 4089 potestates
2868 4017 3218 4072 mortiﬁcavit
3275 4017 3454 4085 bapti-

1878 4127 2052 4165 smus.

266 4205 392 4258 125.
414 4205 508 4266 El;
531 4205 629 4268 τὴν
659 4204 984 4274 Ἐκκλησίαν
1015 4204 1112 4276 (4).

921 4223 984 4257 αν
1015 4204 1112 4276 (1).
1951 4202 2070 4254 125.
2107 4200 2162 4254 ln
2191 4199 2510 4255 Ecclesium.

270 4298 397 4353 124.
439 4299 501 4350 Ἦ
537 4297 833 4368 Ἐκκλησία
875 4302 940 4367 ὴν
983 4298 1058 4368 (5)
1116 4301 1509 4371 περιποιήσατο
1552 4300 1638 4354 διὰ
1683 4301 1775 4353 τοῦ

1950 4291 2072 4346 121.
2110 4291 2429 4355 Ecclesium,
2480 4307 2641 4360 quam
2689 4290 3025 4358 comparavit
3071 4289 3290 4360 proprio
3325 4303 3456 4343 san-

197 4390 331 4442 ῐδίου
358 4389 587 4459 αἵματος
615 4393 643 4442 ὁ
680 4391 971 4459 μονογενὴς
1003 4390 1127 4452 Υἱὸς
1154 4391 1245 4442 τοῦ
1274 4391 1425 4445 Θεοῦ.

1154 4391 1245 4442 τοῦ
1274 4391 1425 4445 Θεοῦ,
1880 4383 2040 4452 guine
2069 4383 2381 4451 unigenitns
2414 4381 2584 4436 Filius
2618 4383 2730 4435 Dei.

269 4482 394 4536 125.
439 4481 576 4544 Τοὺς
603 4482 861 4550 δαίμονας
886 4483 947 4532 ἐκ
979 4482 1087 4532 τῶν
1113 4483 1346 4551 καρδιῶν
1369 4483 1565 4536 αὐτῶν.

1407 4483 1565 4536 ὺτῶν,
1953 4475 2076 4527 125.
2115 4474 2396 4527 Daemones
2417 4490 2480 4526 cx
2515 4476 2767 4528 cordibus
2789 4492 3000 4528 eorum.

274 4572 706 4642 120.Ἐμέρισεν
741 4574 922 4633 αὐτοῖς
961 4572 1026 4623 τὰ
1063 4571 1374 4642 χαρίσματα
1427 4574 1522 4641 τῆς
1559 4573 1777 4644 χάριτος

1350 4591 1374 4624 1
1427 4574 1522 4641 τῆς
1559 4573 1777 4644 χάριτος
1955 4566 2079 4622 126.
2112 4565 2304 4620 Divisit
2335 4566 2414 4619 eis
2434 4566 2572 4619 dona
2596 4570 2780 4636 gratia:
2814 4585 2944 4619 suze.

196 4662 386 4718 αὑτοῦ.

277 4755 401 4809 127.
442 4755 552 4806 Kal
564 4754 814 4823 ἡγεῖσθαι
833 4755 1084 4825 ἐποίησεν
1101 4756 1277 4808 αὐτῶν
1295 4759 1417 4818 τοὺς
1429 4757 1775 4819 ἀποστόλους.

1621 4757 1775 4819 nm;
1953 4745 2075 4798 127.
2106 4744 2170 4796 Ει
2201 4744 2484 4797 οοιιδιὶιιιίι
2511 4745 2677 4798 duces
2701 4760 2888 4797 eorum
2918 4742 3215 4812 apostolos.

271 4848 398 4901 128.
443 4848 506 4899 Οἱ
539 4848 614 4917 μὴ
647 4848 1034 4910 πιστεύσαντες
1070 4849 1219 4919 αὑτῷ
1250 4849 1512 4901 Ἰουδαῖοι.

1504 4888 1512 4901 ,
1954 4834 2077 4886 128.
2115 4831 2310 4897 Judzei,
2334 4834 2427 4901 qui
2460 4833 2557 4908 ipsi
2592 4849 2699 4886 non
2732 4834 3098 4886 crediderunt.

265 4936 394 4990 129.
438 4937 547 5000 Τὰς
573 4939 877 5009 μαρτυρίας
903 4938 998 5001 τὰς
1029 4941 1324 5011 εἰρημένας
1353 4944 1479 5012 περὶ
1506 4941 1670 4994 αὑτοῦ
1693 4941 1779 4994 διὰ
1813 4942 1856 4995 D

1717 4941 1779 4994 ςιὰ
1813 4942 1856 4995 ι)
1953 4925 2078 4980 129.
2113 4924 2446 4980 'l‘cstimonia
2475 4925 2616 4978 dictu
2650 4925 2717 4978 de
2739 4925 2856 4993 ipso
2881 4940 2975 4978 uer
3002 4923 3311 4992 Drophclas.

194 5049 303 5084 των
343 5046 659 5100 προφητων.

271 5121 396 5176 150.
439 5123 547 5174 Kal
560 5124 864 5194 ἠρνήσαντο
877 5125 1057 5189 αὑτὸν,
1073 5125 1251 5190 καθὼς
1262 5128 1308 5179 οἱ
1324 5126 1554 5198 πατέρες
1574 5127 1639 5180 αὑ
1647 5126 1772 5179 τῶν.

1957 5102 2079 5155 150.
2115 5100 2179 5153 Ει
2207 5113 2540 5171 negaverunt
2572 5116 2692 5155 eum
2716 5139 2732 5164 ,
2773 5101 3228 5173 quemadmoaum
3274 5103 3456 5171 patres

1881 5211 2090 5249 eorum.

270 5280 397 5334 151.
441 5279 535 5341 Είς
562 5279 905 5333 διδασκαλίαν
931 5281 1029 5334 οὑκ
1062 5281 1248 5353 ὀρθήν.

1956 5285 2081 5339 151.
2115 5283 2170 5336 In
2201 5284 2501 5338 doctrinam
2535 5299 2865 5352 perversam.

271 5370 400 5434 152,
442 5371 563 5424 155.
584 5371 674 5424 Ἐν
701 5374 823 5436 ταῖς
847 5371 1096 5444 καρδίαις
1124 5374 1321 5428 αὐτῶν.

1243 5374 1321 5428 Iw.
1958 5377 2082 5441 152,
2121 5378 2242 5432 155.
2268 5376 2322 5429 ln
2345 5376 2601 5430 cordibus
2626 5391 2837 5432 eorum.

1165 5560 1473 5624 Addenda
1506 5570 1568 5626 et
1591 5562 1975 5642 corrigenda
2006 5581 2086 5625 ex
2119 5570 2259 5625 cod.
2302 5565 2504 5626 Vatic.

269 5766 346 5845 (Ι.)
392 5767 524 5845 ξΑςπδ
548 5766 756 5845 λέοντος
1966 5775 2040 5842 (4)
2087 5776 2194 5843 Τὴν
2234 5773 2558 5845 Ἐκκλησίαν
2590 5776 2752 5843 λέγει.

274 5839 348 5916 ῳ
379 5839 611 5916 ease-3-

2080 5839 2189 5916 Τῆν
2230 5839 2577 5916 Ἐκκλτλσίαν,
2604 5839 2689 5916 ἦν,
2720 5858 2828 5902 etc.

273 5907 350 5980 (5)
387 5908 695 5977 Ὠδήγηςεν.
