4036 6466
238 369 343 425 997
1129 374 1216 429 DE
1252 374 1528 431 TITULIS
1570 376 2025 437 PSALMORUM.
2066 409 2137 423 -—-
2175 380 2373 437 PSAL.
2418 382 2631 439 LXXX.
3391 396 3495 453 998

309 490 363 548 9.
399 493 716 567 Μαρτύριον
747 512 804 550 εν
832 497 910 569 τῷ
954 497 1149 569 Ἰωσὴφ
1176 498 1327 552 ἔθετο
1351 500 1511 553 αὐτόν
1529 518 1543 531 ο
1844 513 1889 567 Α

1844 513 1889 567 Α
1986 505 2040 559 9.
2078 504 2475 563 Testimonium
2509 508 2565 562 in
2593 507 2793 582 Ioseph
2820 512 3001 583 posuit
3033 514 3167 570 illud
3198 530 3214 569 :

310 583 395 637 10.
432 586 521 637 Ἐν
552 584 629 657 τῷ
656 586 891 654 ἐξελθεῖν
923 589 1082 641 αὑτὸν
1116 593 1180 643 ἐκ
1212 591 1313 660 γῆς
1340 593 1634 657 Αἰγύπτου.

1578 612 1634 648 πυ.
1986 593 2071 647 10.
2101 594 2236 650 Cum
2270 599 2445 653 exiret
2474 598 2591 669 ipse
2621 600 2688 654 de
2727 610 2871 657 terra
2904 603 3126 675 Egypti
3158 620 3172 657 :

309 675 398 729 11.
427 677 684 731 Γλῶσσαν
709 679 775 750 ἢν
804 681 902 732 οὐκ
928 681 1086 749 ἔγνω,
1124 683 1375 752 ήκουσεν.

1985 683 2071 737 11.
2104 682 2366 755 Linguam
2400 704 2561 757 quam
2596 704 2707 745 non
2742 702 2989 758 noverat,
3024 694 3253 751 audivit.

308 763 396 819 12.
426 767 763 837 Ἀπέστησεν
788 770 894 822 ἀπὸ
923 770 1135 840 ἄρσεων
1164 771 1254 824 τὸν
1284 773 1463 825 νῶτον.
1486 774 1651 827 αὐτοῦ
1672 792 1683 803 ·

1580 774 1683 826 τοῦ-
1987 776 2072 829 12.
2107 775 2335 832 Divertit
2367 781 2435 834 ab
2462 782 2721 837 oneribus
2754 784 2979 839 dorsum
3006 786 3126 856 ejus
3158 802 3174 840 :

308 855 396 910 15.
429 858 496 909 Αἱ
526 861 705 928 χεῖρες
735 858 897 913 αὑτοῦ
922 862 978 911 ἐν
1012 858 1087 929 τῷ
1120 860 1320 930 κοφὶνῳ
1356 861 1701 915 ἐδούλευσαν*

1582 880 1701 915 σαν*
1984 868 2072 923 15.
2104 867 2297 925 Manus
2330 872 2450 941 ejus
2486 874 2539 926 in
2575 875 2816 943 cophino
2848 878 3176 935 servierunt.

308 946 398 1002 14.
433 950 523 1002 Ἐν
551 949 725 1019 θλίψει
755 952 1067 1005 ὲπεκαλέσω
1104 970 1190 1023 με,
1224 954 1314 1007 καὶ
1346 955 1663 1025 ἐρρυσάμην
1690 972 1748 1008 σε
1771 972 1782 986 '

1984 960 2073 1013 14.
2106 958 2162 1013 ln
2202 962 2553 1018 tribulatione
2583 964 2849 1021 invocasti
2881 984 2989 1033 me,
3016 977 3070 1024 et
3101 970 3323 1026 liberavi
3356 982 3406 1027 te
3437 991 3451 1028 :

307 1036 393 1091 15.
427 1039 744 1109 Ἐπήκουσά
771 1057 862 1103 σου
895 1043 951 1093 ἐν
984 1043 1286 1113 ἀποκρύφῳ
1317 1044 1652 1108 καταιγίδοςο

1984 1052 2071 1105 15.
2106 1050 2369 1106 Exaudivi
2402 1061 2451 1107 te
2484 1056 2535 1107 in
2565 1056 2884 1112 abscondito
2919 1062 3262 1128 tempestatis
3297 1081 3310 1117 :

305 1126 391 1182 16.
425 1127 756 1201 Ἐδοκίμασά
786 1120 859 1186 σε’
878 1135 969 1187 ἐπὶ
1002 1135 1191 1199 ὕδατος
1218 1138 1541 1205 ἀντιλογίας.

1986 1144 2072 1198 16.
2106 1143 2340 1201 Probavi
2377 1156 2427 1201 te
2456 1148 2595 1217 apud
2634 1164 2830 1219 aquam
2863 1120 3334 1211 contradictionis.

913 1230 949 1280 Δ
958 1228 1227 1297 ιιὶψαλμα
1239 1267 1253 1281 .

2538 1238 2873 1309 Diapsalnta.

306 1314 393 1368 1'7.
424 1316 710 1384 Ἄκουσον,
737 1318 865 1381 λαός
909 1337 1041 1391 μου,
1091 1323 1184 1373 καὶ
1225 1320 1665 1391 διαμαρτύρομαί
1707 1340 1807 1385 σοι,

1988 1327 2069 1381 17.
2103 1327 2262 1393 Audi,
2298 1332 2529 1400 populus
2559 1350 2733 1401 meus,
2768 1348 2822 1389 et
2869 1345 3145 1393 contestor
3182 1348 3231 1393 te
3267 1339 3438 1396 Israel
3469 1358 3485 1396 :

241 1403 464 1477 Ἰσραήλ
488 1406 563 1474 (a)

304 1499 392 1553 18.
444 1500 569 1553 Ἐὰν
615 1500 853 1572 ἀκούσῃς
908 1519 1041 1572 μου,
1083 1504 1183 1556 οὐκ
1228 1502 1381 1555 ἔσται
1431 1505 1489 1556 ἐν
1541 1505 1623 1557 σοὶ
1680 1505 1810 1567 Θεὸς

1989 1505 2070 1557 18.
2116 1505 2169 1560 Si
2220 1508 2457 1563 audieris
2505 1525 2628 1576 me,
2679 1526 2788 1567 non
2844 1514 2949 1569 erit
3000 1516 3056 1571 in
3104 1526 3157 1573 te
3206 1517 3348 1576 Deus
3397 1535 3485 1576 τοι·

227 1588 547 1659 πρόσφατος
564 1606 578 1621 ’

497 1608 547 1653 ος
564 1606 578 1621 ·
1911 1615 2040 1653 ccns
2082 1618 2091 1651 :

302 1680 388 1734 19.
419 1682 491 1752 (b)
520 1683 656 1736 Οὐδὲ
685 1686 1082 1756 προσκυνήσεις
1111 1686 1217 1757 θεῷ
1246 1686 1529 1757 ἀλλοτρίῳ.

1480 1706 1529 1757 ρ.
1983 1694 2065 1746 19.
2102 1691 2288 1763 Neque
2320 1696 2576 1751 adorabis
2613 1699 2778 1752 deum
2814 1700 3074 1756 alienum.

298 1770 389 1825 20.
430 1772 569 1840 Ἐγὼ
601 1774 709 1846 γάρ
738 1779 852 1847 εἰμι
883 1778 1082 1849 Κύριος
1111 1782 1138 1832 ὁ
1159 1779 1289 1843 Θεός
1325 1798 1415 1833 σου
1436 1798 1448 1809 ·

1978 1784 2066 1839 20.
2099 1784 2211 1856 Ego
2242 1788 2384 1841 enim
2418 1805 2539 1843 sum
2576 1790 2841 1849 Dominus
2870 1794 3013 1851 Deus
3041 1804 3173 1854 tuus
3200 1815 3218 1854 :

303 1864 393 1917 21.
434 1866 493 1919 '0
527 1868 817 1937 ἀναγαγών
850 1887 909 1923 σε
935 1875 999 1925 ἐκ
1032 1873 1132 1941 γῆς
1155 1872 1428 1940 Αἰγύπτου
1450 1889 1463 1902 ·
1840 1887 1883 1941 Β

1840 1887 1883 1941 Β
1978 1875 2068 1929 21.
2104 1876 2208 1943 Qui
2240 1879 2401 1933 eduxi
2436 1889 2485 1933 te
2516 1882 2582 1936 de
2613 1892 2757 1937 terra
2792 1885 3011 1956 Egypti
3045 1904 3057 1937 :

296 1959 386 2012 22.
418 1960 691 2015 Πλάτυνον
718 1963 778 2015 τὸ
811 1964 983 2034 στόμα
1015 1981 1127 2029 σου,
1163 1966 1257 2017 καὶ
1292 1964 1564 2036 πληρώσω
1595 1966 1744 2019 αὑτό.

1496 1983 1564 2018 τω
1595 1966 1744 2019 αὑτό.
1970 1966 2061 2021 22.
2099 1968 2273 2024 Dilata
2300 1986 2362 2025 os
2387 1980 2561 2035 tuum,
2590 1986 2645 2028 ct
2679 1975 2913 2045 implebo
2938 1978 3090 2031 illud.

299 2050 389 2106 25.
418 2052 529 2105 Καὶ
562 2055 661 2107 οὐκ
690 2055 921 2126 ἤκουσεν
960 2060 988 2109 ὁ
1025 2056 1151 2120 λαός
1184 2074 1286 2127 μου
1322 2058 1419 2127 τῆς
1448 2059 1630 2129 φωνῆς
1666 2071 1799 2128 μου·

1970 2056 2062 2113 25.
2092 2059 2159 2115 Et
2184 2077 2290 2115 non
2327 2064 2537 2120 audivit
2568 2067 2803 2136 populus
2846 2084 2999 2125 meus
3029 2085 3220 2125 vocem
3255 2086 3429 2127 meam

292 2140 383 2194 24.
414 2143 524 2196 Καὶ
559 2144 773 2216 Ἰσραὴλ
802 2146 863 2198 οὐ
893 2147 1160 2217 προσέσχε
1196 2165 1308 2218 μοι.

1970 2151 2063 2205 24.
2097 2150 2163 2207 Et
2198 2152 2361 2209 Israel
2397 2171 2504 2210 non
2537 2157 2771 2213 intendit
2797 2160 2950 2215 milii.

296 2235 387 2289 25.
424 2237 535 2309 Ka‘.
561 2238 912 2304 ὲξαπέστειλα
928 2241 1087 2304 αὐτὸς
1108 2240 1350 2314 [αὐτούς]
1370 2244 1509 2297 κατά
1527 2242 1595 2296 τὰ
1617 2245 1804 2313 ἐπιτη-

1973 2244 2062 2298 25.
2124 2244 2191 2300 Et
2240 2247 2423 2302 dimisi
2466 2263 2562 2305 eos
2620 2253 2923 2307 secundum
2983 2254 3254 2311 desideria
3301 2258 3483 2312 cordis

215 2325 470 2398 δεύματα
500 2330 609 2381 τῶν
642 2329 878 2403 καρδιῶν
901 2332 1109 2386 αὐτῶνθ
1471 2325 1474 2327 Α
1902 2351 2094 2391 eorum
2127 2354 2140 2390 :

295 2444 371 2585 Ea;
416 2442 569 2499 Vers.
619 2446 706 2500 18.
765 2449 1011 2520 Ἰσραήλ·
1077 2451 1241 2513 Ἐάν,
1291 2462 1393 2507 etc.
1434 2452 1495 2507 V.
1542 2452 1628 2508 19.
1675 2454 1788 2505 Οὐκ
1830 2451 1889 2504 Es

319 2514 347 2566 ὁ
408 2513 558 2570 Vers.
603 2516 693 2571 20.
739 2518 910 2585 Οὐδὲ,
944 2530 1047 2575 etc.
1094 2522 1153 2575 γ.
1191 2522 1280 2575 21.
1322 2522 1460 2585 Ἐγὼ
1506 2524 1649 2585 γάρ,
1707 2532 1813 2576 etc.
1853 2521 1889 2576 ν

619 2446 706 2500 18.
765 2449 1011 2520 Ἰσραήλ·
1077 2451 1241 2513 Ἐάν,
1291 2462 1393 2507 etc.
1434 2452 1495 2507 V.
1542 2452 1628 2508 19.
1675 2454 1788 2505 Οὐκ
1830 2451 2016 2515 ἔσται,
2058 2464 2163 2509 etc.

603 2516 693 2571 20.
739 2518 910 2585 Οὐδὲ,
944 2530 1047 2575 etc.
1094 2522 1153 2575 γ.
1191 2522 1280 2575 21.
1322 2522 1460 2585 Ἐγὼ
1506 2524 1649 2585 γάρ,
1707 2532 1813 2576 etc.
1853 2521 1915 2576 Υ.
1956 2523 2047 2579 22.
2086 2526 2144 2579 '0

319 2513 371 2585 ὁ)
408 2513 558 2570 Vers.
603 2516 693 2571 20.
739 2513 1047 2587 Οὑδέ,ἐιε.
1094 2522 1153 2575 γ.
1191 2522 1280 2575 21.
1322 2522 1460 2592 Ἐγὼ
1506 2524 1649 2596 γάρ,
1707 2532 1813 2576 etc.
1853 2521 1913 2576 γ.

1121 2522 1153 2574 ί.
1191 2522 1280 2575 21.
1322 2522 1460 2592 Ἐγὼ
1506 2524 1649 2596 γάρ,
1707 2532 1813 2576 etc.
1853 2521 1915 2576 Υ.
1956 2513 2047 2579 22.
2086 2526 2144 2579 '0
2174 2526 2469 2597 ἀναγαγών
2497 2547 2578 2597 σε,
2609 2539 2715 2586 etc.

1354 2636 1729 2692 ATIIANASII
1768 2635 2350 2698 INTERPRETATIO.

295 2726 349 2782 9.
378 2726 453 2780 Τὸ
490 2728 661 2793 πάθος
702 2728 868 2782 αὐτοῦ
914 2732 1259 2802 μνημόσυνον
1296 2731 1449 2787 ἔθετο
1482 2736 1541 2787 ὲν
1582 2732 1660 2803 τῷ
1686 2731 1801 2802 λαῷ

1973 2735 2027 2789 9.
2058 2736 2383 2793 Passionem
2426 2756 2580 2795 suam
2623 2744 2949 2798 memoriam
2984 2756 3167 2814 posuit
3199 2751 3251 2800 in
3286 2737 3484 2817 popdro

213 2817 300 2890 τῷ
341 2818 756 2892 καθαριζομένῳ
806 2822 915 2875 ἀπὸ
955 2822 1064 2876 τῶν
1111 2825 1395 2896 ἁμαρτιῶν
1438 2825 1536 2895 (1),
1588 2823 1799 2892 Ἰωσὴφ

1898 2830 2193 2885 emuntlato
2247 2846 2278 2885 a
2330 2834 2588 2902 peccatis.
2637 2832 2833 2904 Ioseph
2884 2838 3029 2891 enim
3099 2840 3482 2909 interpretatur

216 2910 332 2983 γὰρ
364 2911 723 2982 ἑρμηνεύεται
758 2912 995 2965 ὀνείδου
1022 2914 1358 2982 ἀφαίρεσις,
1388 2914 1545 2985 οἵπερ
1578 2915 1717 2966 είσὶν
1749 2914 1797 2965 οἱ

1673 2921 1717 2965 ιν
1749 2914 1797 2965 οἱ
1898 2919 2096 2975 oblatio
2127 2923 2417 2993 opprobrii,
2452 2926 2597 2996 quod
2638 2928 2893 2983 convenit
2923 2930 3267 2985 illuminatis.

216 3002 601 3076 φυηιζόμενοι.

291 3094 379 3151 10.
408 3096 495 3148 Ἐν
522 3094 596 3168 (2)
620 3095 697 3167 τῷ
725 3096 817 3151 τὸν
850 3097 978 3151 λαὸν
1012 3097 1337 3170 λυτροῦσθαι
1370 3098 1476 3152 τῶν
1512 3098 1794 3171 ἁμαρτιῶν
1822 3132 1863 3188 C

1822 3132 1863 3188 Ο
1972 3098 2057 3152 10.
2091 3098 2225 3154 Cum
2262 3102 2518 3160 liberaret
2550 3106 2812 3175 populum
2848 3122 2877 3161 a
2910 3110 3152 3177 peccatis
3190 3125 3404 3165 eorum.

212 3185 421 3240 αὐτῶν.

290 3277 378 3334 11.
420 3277 493 3332 To
529 3280 790 3352 κήρυγμα
830 3278 923 3336 τοῦ
965 3281 1172 3355 Κυρίου
1195 3322 1209 3345 ,
1245 3283 1382 3355 ὅπερ
1413 3284 1511 3337 οὐκ
1556 3284 1796 3355 ᾔδεισαν,

1977 3279 2065 3334 11.
2099 3279 2436 3337 Dominicam
2486 3281 2929 3351 praedicationem
2968 3303 2981 3337 :
3024 3303 3189 3356 quam
3231 3307 3339 3345 non
3379 3308 3478 3348 no-

210 3366 460 3434 ήκουσαν
493 3367 562 3420 τὰ
583 3368 731 3441 ἔθνη.
1482 3404 1487 3407 ι

1482 3404 1487 3407 μ
1900 3380 2109 3433 verant,
2136 3372 2460 3426 audiverunt
2489 3383 2696 3443 gentes.

286 3455 375 3511 12.
418 3456 737 3530 Ἀπέστησε,
791 3462 886 3514 καὶ
941 3461 1267 3532 ἀπεστράφη
1330 3463 1468 3532 μετὰ
1523 3462 1696 3517 ταῦτα
1728 3464 1792 3516 τὸ

1970 3461 2057 3515 12.
2097 3460 2392 3527 Discessit,
2445 3472 2500 3519 et
2552 3475 2698 3522 retro
2748 3484 3015 3524 conversa
3065 3479 3149 3527 est
3193 3482 3313 3541 post
3364 3474 3477 3531 haec

208 3546 641 3622 σκληροτραχεῖν
674 3554 749 3623 (5)
775 3552 884 3606 τῶν
920 3553 1209 3608 Ἰουδαίων.

976 3554 1209 3608 ›υδαίων.
1898 3553 2201 3621 pervicacia
2236 3553 2570 3610 Iudaeorum.

284 3640 375 3696 13.
404 3642 466 3695 οι
496 3625 782 3697 ἀπόστολοι
810 3645 868 3697 ὲν
906 3642 985 3714 τῷ
1011 3644 1200 3715 κόσμῳ
1238 3643 1315 3715 τῷ
1344 3644 1715 3717 πεπληγμένῳ
1736 3644 1797 3698 τὸ

1970 3645 2057 3699 15.
2093 3645 2335 3715 Apostoli
2368 3646 2421 3700 in
2470 3648 2679 3701 mundo
2726 3658 2949 3720 stupore
2996 3655 3248 3721 perculso
3276 3658 3469 3725 praedi-

207 3732 478 3805 κήρυγμα
511 3735 811 3806 διηκόνουν.

1896 3735 2166 3790 eationem
2202 3737 2682 3793 administrabant.

286 3826 372 3883 14.
403 3827 547 3899 Πρὸς
596 3829 686 3882 τὸν
718 3828 845 3882 λαὸν
886 3828 1069 3898 λέγει·
1115 3830 1202 3883 Ἐν
1234 3830 1530 3902 ἁμαρτίαις
1562 3829 1637 3883 ὢν
1695 3830 1794 3885 ὲπ-

1975 3829 2057 3883 11.
2088 3829 2165 3883 Ad
2199 3831 2461 3900 populum
2501 3832 2795 3901 loquitur:
2825 3833 3111 3890 Exsislens
3139 3836 3191 3889 in
3238 3840 3473 3905 peccatis

204 3918 456 3973 ικαλέσω
488 3937 577 3989 με,
608 3921 702 3975 καὶ
736 3921 1054 3991 ἐρρυσάμην
1088 3936 1169 3977 σε.

1899 3920 2163 3975 invocasti
2201 3935 2308 3984 me,
2346 3930 2400 3975 et
2428 3921 2655 3977 liberavi
2694 3931 2763 3978 te.

280 4010 372 4065 15.
406 4012 720 4083 Ἐπήκουσά
745 4029 838 4065 σου
865 4014 922 4065 ὲν
948 4013 1025 4083 τῷ
1063 4012 1243 4065 σκότει
1266 4013 1363 4083 τῆς
1382 4014 1458 4084 (4)
1498 4016 1791 4087 ἁμαρτίας.

1440 4014 1458 4084 )
1498 4016 1791 4087 ἁμαρτίας.
1971 4012 2057 4066 15.
2087 4012 2349 4067 Exaudivi
2381 4022 2433 4069 te
2457 4014 2512 4067 in
2536 4015 2776 4071 tenebris
2799 4015 3030 4085 peccati.

277 4101 370 4155 16.
415 4102 537 4154 Ἐπὶ
563 4101 658 4156 τοῦ
695 4101 1084 4173 βαπτίσματος.

875 4118 1084 4173 ςματος.
1968 4105 2055 4159 16.
2086 4106 2140 4157 In
2177 4106 2469 4175 baptismo.

275 4192 302 4246 1
315 4194 368 4259 7,
402 4192 485 4249 18.
507 4194 582 4266 (5)
600 4195 722 4248 Ἐπὶ
735 4194 831 4249 τοῦ
846 4195 1219 4266 βαπτίσματος
1233 4194 1665 4267 διαμαρτύρεται
1687 4198 1789 4251 αὖ·

1970 4197 2058 4263 17,
2092 4196 2183 4252 18.
2227 4196 2285 4251 In
2327 4197 2600 4265 baptismo
2636 4205 2976 4254 contestatus
3003 4207 3090 4255 est
3130 4200 3221 4265 ei;
3269 4199 3352 4255 vir
3392 4202 3470 4254 vi-

199 4285 311 4355 τῷο
348 4286 487 4356 ἀνὴρ
511 4286 649 4339 δ’τὸν
677 4286 809 4340 Θεὸν
830 4286 993 4357 ὀρῶν,
1017 4286 1111 4341 ἐὰν
1134 4285 1374 4358 ἀκούσῃς
1405 4306 1526 4359 μου,
1556 4288 1791 4343 οὐκέστι

1893 4286 2029 4343 dens
2063 4289 2252 4353 Deum,
2287 4288 2331 4343 si
2363 4288 2603 4342 audieris
2634 4303 2741 4352 me,
2774 4304 2883 4345 non
2916 4289 3022 4345 erit
3067 4290 3121 4345 in
3166 4300 3238 4358 te,
3279 4307 3470 4363 quem-

200 4377 263 4431 ὲν
298 4376 406 4441 σοὶ,
440 4376 515 4439 ὼς
544 4375 650 4449 πρὸ
671 4375 861 4430 τούτου
899 4378 997 4448 μὲν
1026 4376 1100 4449 μὴ
1128 4375 1223 4441 ὢν,
1245 4376 1382 4449 μετά
1400 4378 1571 4431 ταῦτα
1592 4379 1781 4447 λέγων.

1562 4379 1781 4447 ιλέγων.
1894 4381 2188 4435 admodum
2226 4395 2327 4435 nec
2362 4390 2519 4435 antea
2546 4379 2668 4443 fuit,
2697 4390 2755 4435 ut
2782 4390 2972 4451 postea
3006 4380 3156 4436 dicit.

276 4468 364 4524 19.
414 4467 548 4521 Οὐδὲ
609 4466 813 4538 κτίσμα
858 4468 1176 4541 προσθήκην
1224 4467 1347 4522 τινὰ
1389 4472 1783 4541 προσκυνήσεις
1816 4486 1858 4541 D

1967 4471 2054 4526 19.
2095 4470 2281 4541 Neque
2321 4487 2433 4526 rem
2477 4480 2719 4525 creatam
2766 4471 3199 4526 additamentum
3247 4473 3466 4545 aliquod

199 4562 348 4634 πλὴν
380 4562 480 4631 τῆς
507 4560 759 4633 Τριάδος.

1946 4565 2161 4627 lorabis,
2198 4566 2290 4618 sed
2324 4564 2497 4617 solam
2539 4562 2884 4617 Trinitatem.

269 4652 363 4716 20,
394 4653 485 4707 21.
525 4652 665 4723 Ἐγὼ
704 4652 813 4725 γάρ
846 4654 961 4723 είμι
1000 4654 1028 4706 ὁ
1057 4653 1352 4725 Δεσπότης,
1390 4656 1484 4708 καὶ
1513 4656 1786 4727 Δημιουρ-

1960 4655 2052 4716 20,
2085 4655 2175 4708 21.
2203 4654 2315 4727 Ego
2348 4656 2495 4709 enim
2531 4669 2651 4709 sum
2678 4653 2963 4721 Dominus,
2992 4664 3047 4711 et
3066 4655 3292 4712 Creator
3316 4666 3462 4723 tuus,

197 4745 297 4815 γός
340 4762 465 4809 σου,
504 4746 532 4797 ὁ
571 4742 661 4797 διὰ
685 4744 781 4798 τοῦ
811 4743 1016 4810 πάθους
1050 4763 1151 4817 μου
1176 4745 1467 4815 ἀναγαγών
1499 4761 1557 4797 σε
1594 4748 1656 4799 ὲκ
1685 4749 1783 4818 τῆς

1886 4748 1979 4815 qui
2017 4763 2109 4817 per
2142 4748 2453 4818 passionem
2490 4762 2663 4803 meam
2690 4746 2852 4802 eduxi
2894 4756 2946 4803 te
2981 4763 3012 4803 e
3050 4748 3309 4803 servitute
3341 4764 3465 4818 pec-

192 4835 446 4900 δουλείας
470 4836 567 4906 τῆς
595 4836 889 4907 ἁμαρτίας.
1886 4840 2013 4894 cati.

268 4925 363 4982 22.
394 4925 636 4992 Ἀνοιξον
660 4926 722 4980 τὸ
754 4927 929 4997 στόμα
957 4944 1070 4990 σου,
1095 4927 1189 4981 καὶ
1211 4925 1341 4981 λαϐὲ
1368 4926 1591 4996 Πνεῦμα
1612 4927 1785 4994 ἆγιον.

1963 4933 2054 4987 22.
2088 4930 2250 5001 Aperi
2283 4945 2347 4985 os
2373 4939 2549 4994 tuum,
2580 4938 2634 4986 et
2662 4929 2846 4998 accipe
2873 4928 3132 5000 Spiritum
3158 4940 3426 4989 sanctum.

270 5018 367 5073 25.
408 5018 578 5072 Καὶοί
613 5016 1024 5089 ἀωθοῦντεςφ)
1063 5017 1303 5073 Ἰουδαῖοι
1337 5016 1438 5070 οὐκ
1464 5016 1793 5072 ἐπίστευσάν

1726 5018 1793 5072 ἀν
1958 5026 2049 5084 25.
2089 5025 2155 5081 Et
2184 5024 2445 5081 increduli
2471 5023 2641 5080 Judaei
2666 5024 2799 5079 mihi
2825 5039 2931 5080 non
2954 5025 3320 5083 crediderunt.

389 5202 454 5256 Οἱ
476 5200 629 5254 αὐτοὶ
668 5200 910 5255 Ἰουδαῖοι
936 5198 1243 5271 ήρνήσαντό
1276 5216 1377 5271 με.

1342 5216 1377 5255 ε.
1953 5203 2044 5260 21.
2080 5204 2247 5261 Iidem
2272 5202 2445 5259 Judaei
2474 5210 2805 5275 negaverunt
2831 5217 2936 5257 me.

266 5292 359 5351 25.
384 5292 495 5347 Καὶ
520 5292 678 5347 εἴασα
702 5292 898 5355 αὐτοὺς
919 5292 976 5347 ἐν
997 5292 1115 5355 ταῖς
1144 5289 1460 5361 ἐπιθυμίαις
1494 5291 1603 5345 τῶν
1638 5311 1771 5367 καρ-

1958 5295 2122 5351 25.Ει
2135 5297 2315 5352 dimisi
2328 5310 2425 5351 eos
2439 5297 2491 5350 in
2509 5295 2968 5367 concupiscentiis
2982 5293 3230 5349 cordium
3246 5307 3458 5349 eorum.

189 5383 327 5439 διῶν
359 5381 561 5437 αὐτῶν.

1146 5448 1453 5512 Addenda
1504 5456 1563 5511 et
1612 5458 1987 5539 corrigenda
2018 5476 2095 5519 ex
2130 5459 2271 5520 cod.
2304 5458 2501 5520 Vatic.

292 5554 347 5638 1)
372 5552 700 5638 Idem?!
718 5550 917 5638 αὑῖῶχυ
947 5558 1080 5638 τις-ξ
1112 5550 1284 5638 if???
1320 5564 1420 5619 ντο
1446 5548 1625 5622 οἵπερ·

1888 5559 2045 5638 Μ(ἷῇ
2079 5558 2142 5614 Ν.
2180 5560 2264 5638 17.
2323 5558 2468 5638 ἐπί,
2514 5556 2725 5638 βιαᾙ.
2902 5559 3085 5638 Ἀνήρ,
3122 5567 3235 5638 ιρις.
3267 5556 3332 5614 Ν.
3370 5558 3455 5638 19..

292 5556 317 5608 1
388 5554 695 5627 ’Λμαρτιῶν
718 5554 917 5615 αὐτῶν.
947 5558 1080 5613 τιοις
1112 5554 1284 5621 ὅσπερ
1320 5564 1420 5619 pro
1446 5554 1625 5622 οἵπερ.
1954 5559 2031 5629 (3)
2079 5558 2142 5614 N.
2180 5560 2264 5612 17.
2323 5558 2468 5621 Ἐπί,
2514 5569 2619 5613 etc.
2658 5556 2725 5612 N.
2768 5558 2855 5614 18.
2902 5559 3085 5631 Ἀνήρ,
3122 5567 3235 5638 .etc.
3267 5556 3332 5614 N.
3370 5558 3456 5615 19.

287 5554 347 5762 Ξξ
372 5625 437 5680 Ν.
470 5624 555 5679 10.
590 5624 712 5677 Ἐπὶ
736 5624 829 5678 τοῦ
862 5621 1254 5694 βαπτίσματος·
1886 5630 1993 5710 υύκ
2022 5630 2175 5687 ἔσται
2204 5632 2259 5683 ὲν
2290 5630 2393 5689 σοὶ,
2432 5633 2547 5713 πρὸ,
2565 5628 2753 5714 τούτου
2787 5628 2919 5691 θεὸς
2954 5630 3051 5699 μὲν
3076 5644 3150 5699 μη
3188 5627 3286 5692 ὢν,
3321 5629 3462 5701 μετὰ

287 5696 324 5749 5
363 5696 425 5749 N.
448 5695 534 5751 12.
553 5695 900 5762 ’Δπεστράφη
922 5710 978 5762 μ.
999 5708 1049 5744 τ.
1076 5706 1128 5744 τ.
1148 5688 1643 5762 αληροτράχηλον,
1664 5705 1768 5751 etc.
1877 5716 2046 5753 ταυτα
2067 5700 2121 5753 δὲ
2148 5700 2241 5751 ὧν.
2277 5698 2339 5753 Ν.
2364 5700 2451 5752 20.
2484 5700 2618 5751 Ουοὲ
2646 5699 2850 5762 κτίσμα
2868 5741 2882 5758 .
2918 5700 2949 5762 ἦ
2985 5699 3324 5762 προσθήκην,
3348 5710 3453 5754 etc.

448 5695 534 5777 12.
553 5688 900 5777 ‘A_1reorpd_<,an
922 5710 978 5763 μ.
999 5708 1049 5744 τ.
1072 5688 1128 5744 τ.
1148 5688 1282 5760 σκλη
1292 5690 1643 5763 ῳτράχηλον,
1664 5705 1768 5751 etc.
1877 5703 2046 5777 ταῦτα
2067 5700 2241 5777 δξ-ὥν.
2277 5698 2339 5777 Ν.
2364 5688 2451 5752 20.
2477 5688 2618 5777 Ὀὐςε
2646 5699 2850 5777 κτίσμα
2868 5688 2965 5777 1
2985 5688 3334 5777 πρόσθήκηνξ
3348 5710 3453 5754 etc.

262 5555 287 5837 Ξ

286 5765 344 5836 ι)
381 5766 567 5820 Σκότει
599 5765 895 5839 avrae—1'75.
1880 5769 1940 5825 N.
1975 5770 2064 5825 21.
2100 5770 2239 5823 Ἐἰὼ
2271 5771 2378 5822 "io
2430 5780 2532 5824 clc.
2562 5766 2625 5821 Ν.
2652 5766 2741 5822 22.
2777 5765 2838 5821 Ὅ
2865 5765 2951 5823 διᾶ
2979 5765 3070 5821 σοῦ
3101 5765 3303 5833 πάθους
3331 5784 3453 5838 μου.

260 5858 341 5913 (αὶ
384 5858 770 5931 Ἀπιθοᾷντες.
804 5856 963 5913 Forte
997 5853 1367 5917 ἀπιστοῦντες.
1398 5855 1555 5911 Eutr.
