  <div class='ocr_page' id='page_1' title='image "/cluster/home/n/w/nwhite01/storage/ocr_20150623/27/ien.35556001660521/511.png"; bbox 0 0 4036 6440; ppageno 0'>
   <div class='ocr_carea' id='block_1_1' title="bbox 585 284 2179 383">
    <p class='ocr_par' dir='ltr' id='par_1_1' title="bbox 585 312 2179 383">
     <span class='ocr_line' id='line_1_1' title="bbox 585 312 2179 383; baseline -0.01 -1"><span class='ocrx_word' id='word_1_1' title='bbox 585 328 687 383; x_wconf 78' lang='lat'><strong>999</strong></span> <span class='ocrx_word' id='word_1_2' title='bbox 1395 317 1451 371; x_wconf 91' lang='lat' dir='ltr'>S.</span> <span class='ocrx_word' id='word_1_3' title='bbox 1494 313 1865 370; x_wconf 67' lang='lat' dir='ltr'>ATllANASll</span> <span class='ocrx_word' id='word_1_4' title='bbox 1903 313 2054 370; x_wconf 82' lang='lat' dir='ltr'><strong>OPP.</strong></span> <span class='ocrx_word' id='word_1_5' title='bbox 2101 312 2179 367; x_wconf 76' lang='lat' dir='ltr'>PA</span> 
     </span>
    </p>
   </div>
   <div class='ocr_carea' id='block_1_2' title="bbox 2259 284 3853 383">
    <p class='ocr_par' dir='ltr' id='par_1_2' title="bbox 2259 284 3853 369">
     <span class='ocr_line' id='line_1_2' title="bbox 2259 284 3853 369; baseline -0.003 -1"><span class='ocrx_word' id='word_1_6' title='bbox 2259 312 2285 368; x_wconf 80' lang='lat'><strong>5</strong></span> <span class='ocrx_word' id='word_1_7' title='bbox 2328 312 2414 366; x_wconf 87' lang='grc' dir='ltr'>ιιι.</span> <span class='ocrx_word' id='word_1_8' title='bbox 2459 342 2528 352; x_wconf 91' lang='grc'><strong><em>-</em></strong></span> <span class='ocrx_word' id='word_1_9' title='bbox 2567 284 2984 369; x_wconf 66' lang='grc' dir='ltr'>Εκεοιετιω.</span> <span class='ocrx_word' id='word_1_10' title='bbox 3711 308 3853 365; x_wconf 81' lang='lat' dir='ltr'>tono</span> 
     </span>
    </p>
   </div>
   <div class='ocr_carea' id='block_1_3' title="bbox 652 420 2246 495">
    <p class='ocr_par' dir='ltr' id='par_1_3' title="bbox 652 430 2236 495">
     <span class='ocr_line' id='line_1_3' title="bbox 652 430 2236 495; baseline -0.013 0"><span class='ocrx_word' id='word_1_11' title='bbox 652 441 743 495; x_wconf 79' lang='grc'>26.</span> <span class='ocrx_word' id='word_1_12' title='bbox 782 440 937 493; x_wconf 81' lang='lat' dir='ltr'>Ibunt</span> <span class='ocrx_word' id='word_1_13' title='bbox 962 438 1013 491; x_wconf 90' lang='lat' dir='ltr'>in</span> <span class='ocrx_word' id='word_1_14' title='bbox 1042 431 1522 489; x_wconf 82' lang='lat' dir='ltr'>adinventiunibus</span> <span class='ocrx_word' id='word_1_15' title='bbox 1547 430 1684 484; x_wconf 83' lang='lat' dir='ltr'><strong>suis.</strong></span> <span class='ocrx_word' id='word_1_16' title='bbox 2196 436 2236 489; x_wconf 72' lang='grc' dir='ltr'>Α</span> 
     </span>
    </p>
   </div>
   <div class='ocr_carea' id='block_1_4' title="bbox 2148 420 3742 495">
    <p class='ocr_par' dir='ltr' id='par_1_4' title="bbox 2196 420 3742 495">
     <span class='ocr_line' id='line_1_4' title="bbox 2196 420 3742 495; baseline -0.004 -16"><span class='ocrx_word' id='word_1_17' title='bbox 2196 436 2236 489; x_wconf 75' lang='grc' dir='ltr'>Α</span> <span class='ocrx_word' id='word_1_18' title='bbox 2338 424 2427 478; x_wconf 77' lang='grc'>26.</span> <span class='ocrx_word' id='word_1_19' title='bbox 2461 425 2817 495; x_wconf 85' lang='grc' dir='ltr'>Πορεύσονται</span> <span class='ocrx_word' id='word_1_20' title='bbox 2849 425 2907 477; x_wconf 83' lang='grc' dir='ltr'>ὲν</span> <span class='ocrx_word' id='word_1_21' title='bbox 2938 425 3049 486; x_wconf 83' lang='grc' dir='ltr'>τοῖς</span> <span class='ocrx_word' id='word_1_22' title='bbox 3081 420 3503 492; x_wconf 79' lang='grc' dir='ltr'>ἐπιτηδεύμασιν</span> <span class='ocrx_word' id='word_1_23' title='bbox 3536 420 3742 475; x_wconf 70' lang='grc' dir='ltr'>αὐτῶν.</span> 
     </span>
    </p>
   </div>
   <div class='ocr_carea' id='block_1_5' title="bbox 654 514 2248 601">
    <p class='ocr_par' dir='ltr' id='par_1_5' title="bbox 654 524 1706 601">
     <span class='ocr_line' id='line_1_5' title="bbox 654 524 1706 601; baseline -0.01 -14"><span class='ocrx_word' id='word_1_24' title='bbox 654 534 743 587; x_wconf 83' lang='grc'>27.</span> <span class='ocrx_word' id='word_1_25' title='bbox 780 531 833 586; x_wconf 88' lang='lat' dir='ltr'>Si</span> <span class='ocrx_word' id='word_1_26' title='bbox 871 530 1101 601; x_wconf 89' lang='lat' dir='ltr'>populus</span> <span class='ocrx_word' id='word_1_27' title='bbox 1130 541 1282 580; x_wconf 87' lang='lat' dir='ltr'>meus</span> <span class='ocrx_word' id='word_1_28' title='bbox 1308 524 1548 578; x_wconf 86' lang='lat' dir='ltr'>audisset</span> <span class='ocrx_word' id='word_1_29' title='bbox 1580 539 1667 577; x_wconf 85' lang='lat' dir='ltr'>me</span> <span class='ocrx_word' id='word_1_30' title='bbox 1695 544 1706 576; x_wconf 85' lang='lat'><strong>;</strong></span> 
     </span>
    </p>
   </div>
   <div class='ocr_carea' id='block_1_6' title="bbox 1652 514 3246 601">
    <p class='ocr_par' dir='ltr' id='par_1_6' title="bbox 1652 514 3246 587">
     <span class='ocr_line' id='line_1_6' title="bbox 1652 514 3246 587; baseline -0.007 -10"><span class='ocrx_word' id='word_1_31' title='bbox 1652 539 1667 577; x_wconf 67' lang='grc' dir='ltr'>ξ</span> <span class='ocrx_word' id='word_1_32' title='bbox 1695 544 1706 576; x_wconf 87' lang='grc'>;</span> <span class='ocrx_word' id='word_1_33' title='bbox 2337 520 2426 571; x_wconf 86' lang='grc'>27.</span> <span class='ocrx_word' id='word_1_34' title='bbox 2456 518 2519 571; x_wconf 81' lang='lat' dir='ltr'>El</span> <span class='ocrx_word' id='word_1_35' title='bbox 2547 520 2576 570; x_wconf 86' lang='grc' dir='ltr'>ὁ</span> <span class='ocrx_word' id='word_1_36' title='bbox 2600 517 2727 580; x_wconf 85' lang='grc' dir='ltr'>λαός</span> <span class='ocrx_word' id='word_1_37' title='bbox 2763 534 2861 587; x_wconf 88' lang='grc' dir='ltr'>μου</span> <span class='ocrx_word' id='word_1_38' title='bbox 2889 514 3090 587; x_wconf 73' lang='grc' dir='ltr'>ἤκουσέ</span> <span class='ocrx_word' id='word_1_39' title='bbox 3125 533 3246 584; x_wconf 87' lang='grc' dir='ltr'>μου.</span> 
     </span>
    </p>
   </div>
   <div class='ocr_carea' id='block_1_7' title="bbox 652 606 2246 689">
    <p class='ocr_par' dir='ltr' id='par_1_7' title="bbox 652 617 1800 689">
     <span class='ocr_line' id='line_1_7' title="bbox 652 617 1800 689; baseline -0.01 -11"><span class='ocrx_word' id='word_1_40' title='bbox 652 626 743 678; x_wconf 74' lang='grc'>28.</span> <span class='ocrx_word' id='word_1_41' title='bbox 778 622 941 689; x_wconf 86' lang='lat' dir='ltr'>Israel</span> <span class='ocrx_word' id='word_1_42' title='bbox 976 622 1028 674; x_wconf 94' lang='lat' dir='ltr'>in</span> <span class='ocrx_word' id='word_1_43' title='bbox 1057 619 1158 673; x_wconf 76' lang='lat' dir='ltr'><strong>viis</strong></span> <span class='ocrx_word' id='word_1_44' title='bbox 1188 618 1322 671; x_wconf 85' lang='lat' dir='ltr'>meis</span> <span class='ocrx_word' id='word_1_45' title='bbox 1358 617 1403 670; x_wconf 88' lang='lat' dir='ltr'><strong>si</strong></span> <span class='ocrx_word' id='word_1_46' title='bbox 1442 618 1800 671; x_wconf 76' lang='lat' dir='ltr'>ambulasset.</span> 
     </span>
    </p>
   </div>
   <div class='ocr_carea' id='block_1_8' title="bbox 1913 606 3507 689">
    <p class='ocr_par' dir='ltr' id='par_1_8' title="bbox 2333 606 3507 680">
     <span class='ocr_line' id='line_1_8' title="bbox 2333 606 3507 680; baseline -0.003 -17"><span class='ocrx_word' id='word_1_47' title='bbox 2333 610 2421 664; x_wconf 83' lang='grc'>28.</span> <span class='ocrx_word' id='word_1_48' title='bbox 2464 609 2679 680; x_wconf 76' lang='grc' dir='ltr'>Ἰσραὴλ</span> <span class='ocrx_word' id='word_1_49' title='bbox 2705 612 2825 672; x_wconf 81' lang='grc' dir='ltr'>ταῖς</span> <span class='ocrx_word' id='word_1_50' title='bbox 2854 610 2991 671; x_wconf 82' lang='grc' dir='ltr'>ὁδοῖς</span> <span class='ocrx_word' id='word_1_51' title='bbox 3021 625 3122 678; x_wconf 86' lang='grc' dir='ltr'>μου</span> <span class='ocrx_word' id='word_1_52' title='bbox 3155 610 3204 659; x_wconf 83' lang='grc' dir='ltr'>εί</span> <span class='ocrx_word' id='word_1_53' title='bbox 3239 606 3507 679; x_wconf 78' lang='grc' dir='ltr'>ἐπορεύθη</span> 
     </span>
    </p>
   </div>
   <div class='ocr_carea' id='block_1_9' title="bbox 652 700 2246 773">
    <p class='ocr_par' dir='ltr' id='par_1_9' title="bbox 652 708 2162 771">
     <span class='ocr_line' id='line_1_9' title="bbox 652 708 2162 771; baseline -0.007 -1"><span class='ocrx_word' id='word_1_54' title='bbox 652 717 744 771; x_wconf 83' lang='grc'>29.</span> <span class='ocrx_word' id='word_1_55' title='bbox 778 715 881 767; x_wconf 89' lang='lat' dir='ltr'>Pro</span> <span class='ocrx_word' id='word_1_56' title='bbox 919 713 1091 768; x_wconf 87' lang='lat' dir='ltr'>nihilo</span> <span class='ocrx_word' id='word_1_57' title='bbox 1145 710 1373 763; x_wconf 79' lang='lat' dir='ltr'>forsitan</span> <span class='ocrx_word' id='word_1_58' title='bbox 1423 709 1679 762; x_wconf 83' lang='lat' dir='ltr'>inimicos</span> <span class='ocrx_word' id='word_1_59' title='bbox 1736 723 1927 761; x_wconf 87' lang='lat' dir='ltr'>eorum</span> <span class='ocrx_word' id='word_1_60' title='bbox 1982 708 2162 763; x_wconf 78' lang='lat' dir='ltr'>humi-</span> 
     </span>
    </p>
   </div>
   <div class='ocr_carea' id='block_1_10' title="bbox 2264 700 3858 773">
    <p class='ocr_par' dir='ltr' id='par_1_10' title="bbox 2332 700 3858 773">
     <span class='ocr_line' id='line_1_10' title="bbox 2332 700 3858 773; baseline -0.001 -18"><span class='ocrx_word' id='word_1_61' title='bbox 2332 702 2419 757; x_wconf 82' lang='grc'>29.</span> <span class='ocrx_word' id='word_1_62' title='bbox 2465 702 2552 755; x_wconf 85' lang='grc' dir='ltr'>Ἐν</span> <span class='ocrx_word' id='word_1_63' title='bbox 2584 703 2663 772; x_wconf 88' lang='grc' dir='ltr'>τῷ</span> <span class='ocrx_word' id='word_1_64' title='bbox 2700 700 2890 772; x_wconf 74' lang='grc' dir='ltr'>μηδενὶ</span> <span class='ocrx_word' id='word_1_65' title='bbox 2928 700 2993 753; x_wconf 87' lang='grc' dir='ltr'>ἂν</span> <span class='ocrx_word' id='word_1_66' title='bbox 3048 701 3175 763; x_wconf 79' lang='grc' dir='ltr'>τοὺς</span> <span class='ocrx_word' id='word_1_67' title='bbox 3224 700 3453 773; x_wconf 80' lang='grc' dir='ltr'>ἐχθροὺς</span> <span class='ocrx_word' id='word_1_68' title='bbox 3499 700 3685 753; x_wconf 81' lang='grc' dir='ltr'>αὐτῶν</span> <span class='ocrx_word' id='word_1_69' title='bbox 3736 703 3858 754; x_wconf 64' lang='grc' dir='ltr'>ἐτα-</span> 
     </span>
    </p>
   </div>
   <div class='ocr_carea' id='block_1_11' title="bbox 587 797 2181 862">
    <p class='ocr_par' dir='ltr' id='par_1_11' title="bbox 587 810 850 862">
     <span class='ocr_line' id='line_1_11' title="bbox 587 810 850 862; baseline -0.008 -1"><span class='ocrx_word' id='word_1_70' title='bbox 587 810 802 862; x_wconf 87' lang='lat' dir='ltr'>Iiassem</span> <span class='ocrx_word' id='word_1_71' title='bbox 838 826 850 860; x_wconf 94' lang='lat'>:</span> 
     </span>
    </p>
   </div>
   <div class='ocr_carea' id='block_1_12' title="bbox 943 797 2537 862">
    <p class='ocr_par' dir='ltr' id='par_1_12' title="bbox 2265 797 2537 848">
     <span class='ocr_line' id='line_1_12' title="bbox 2265 797 2537 848; baseline 0 -1"><span class='ocrx_word' id='word_1_72' title='bbox 2265 797 2503 848; x_wconf 81' lang='grc' dir='ltr'>πείνωσα</span> <span class='ocrx_word' id='word_1_73' title='bbox 2524 812 2537 825; x_wconf 90' lang='grc'><strong>·</strong></span> 
     </span>
    </p>
   </div>
   <div class='ocr_carea' id='block_1_13' title="bbox 654 883 2248 965">
    <p class='ocr_par' dir='ltr' id='par_1_13' title="bbox 654 892 2158 965">
     <span class='ocr_line' id='line_1_13' title="bbox 654 892 2158 965; baseline -0.008 -11"><span class='ocrx_word' id='word_1_74' title='bbox 654 900 742 953; x_wconf 83' lang='grc'>50.</span> <span class='ocrx_word' id='word_1_75' title='bbox 774 898 843 952; x_wconf 87' lang='grc' dir='ltr'>Ει</span> <span class='ocrx_word' id='word_1_76' title='bbox 872 911 1037 965; x_wconf 85' lang='lat' dir='ltr'>super</span> <span class='ocrx_word' id='word_1_77' title='bbox 1086 893 1407 948; x_wconf 88' lang='lat' dir='ltr'>tribulantes</span> <span class='ocrx_word' id='word_1_78' title='bbox 1446 907 1575 957; x_wconf 90' lang='lat' dir='ltr'>eos,</span> <span class='ocrx_word' id='word_1_79' title='bbox 1625 892 1894 946; x_wconf 76' lang='lat' dir='ltr'>misissem</span> <span class='ocrx_word' id='word_1_80' title='bbox 1937 907 2158 944; x_wconf 87' lang='lat' dir='ltr'>tnauum</span> 
     </span>
    </p>
   </div>
   <div class='ocr_carea' id='block_1_14' title="bbox 2261 883 3855 965">
    <p class='ocr_par' dir='ltr' id='par_1_14' title="bbox 2333 883 3855 949">
     <span class='ocr_line' id='line_1_14' title="bbox 2333 883 3855 949; baseline -0.003 -8"><span class='ocrx_word' id='word_1_81' title='bbox 2333 886 2420 941; x_wconf 69' lang='grc' dir='ltr'>ΞΟ.</span> <span class='ocrx_word' id='word_1_82' title='bbox 2461 886 2570 940; x_wconf 75' lang='grc' dir='ltr'>Καὶ</span> <span class='ocrx_word' id='word_1_83' title='bbox 2614 886 2707 939; x_wconf 71' lang='grc' dir='ltr'>ἐπὶ</span> <span class='ocrx_word' id='word_1_84' title='bbox 2750 888 2875 949; x_wconf 82' lang='grc' dir='ltr'>τοὺς</span> <span class='ocrx_word' id='word_1_85' title='bbox 2913 883 3193 947; x_wconf 73' lang='grc' dir='ltr'>θλίϐοντας</span> <span class='ocrx_word' id='word_1_86' title='bbox 3229 885 3426 946; x_wconf 75' lang='grc' dir='ltr'>αὐτοὺς</span> <span class='ocrx_word' id='word_1_87' title='bbox 3470 883 3745 938; x_wconf 75' lang='grc' dir='ltr'>ἐπέϐαλον</span> <span class='ocrx_word' id='word_1_88' title='bbox 3795 884 3855 937; x_wconf 65' lang='lat' dir='ltr'>iv</span> 
     </span>
    </p>
   </div>
   <div class='ocr_carea' id='block_1_15' title="bbox 588 980 2182 1052">
    <p class='ocr_par' dir='ltr' id='par_1_15' title="bbox 588 1008 787 1046">
     <span class='ocr_line' id='line_1_15' title="bbox 588 1008 787 1046; baseline -0.005 -3"><span class='ocrx_word' id='word_1_89' title='bbox 588 1008 763 1046; x_wconf 87' lang='lat' dir='ltr'>meatu</span> <span class='ocrx_word' id='word_1_90' title='bbox 775 1031 787 1043; x_wconf 90' lang='lat'>.</span> 
     </span>
    </p>
   </div>
   <div class='ocr_carea' id='block_1_16' title="bbox 1100 980 2694 1052">
    <p class='ocr_par' dir='ltr' id='par_1_16' title="bbox 2262 980 2694 1052">
     <span class='ocr_line' id='line_1_16' title="bbox 2262 980 2694 1052; baseline 0.002 -20"><span class='ocrx_word' id='word_1_91' title='bbox 2262 980 2360 1052; x_wconf 73' lang='grc' dir='ltr'>τὴν</span> <span class='ocrx_word' id='word_1_92' title='bbox 2387 981 2543 1049; x_wconf 84' lang='grc' dir='ltr'>χεῖρά</span> <span class='ocrx_word' id='word_1_93' title='bbox 2573 996 2694 1049; x_wconf 88' lang='grc' dir='ltr'>μου.</span> 
     </span>
    </p>
   </div>
   <div class='ocr_carea' id='block_1_17' title="bbox 654 1066 2248 1141">
    <p class='ocr_par' dir='ltr' id='par_1_17' title="bbox 654 1076 1767 1135">
     <span class='ocr_line' id='line_1_17' title="bbox 654 1076 1767 1135; baseline -0.006 -1"><span class='ocrx_word' id='word_1_94' title='bbox 654 1084 742 1135; x_wconf 80' lang='lat' dir='ltr'><strong>5t.</strong></span> <span class='ocrx_word' id='word_1_95' title='bbox 777 1080 985 1134; x_wconf 84' lang='lat' dir='ltr'>inimici</span> <span class='ocrx_word' id='word_1_96' title='bbox 1024 1079 1235 1133; x_wconf 83' lang='lat' dir='ltr'>Domini</span> <span class='ocrx_word' id='word_1_97' title='bbox 1269 1077 1479 1132; x_wconf 91' lang='lat' dir='ltr'>mentiti</span> <span class='ocrx_word' id='word_1_98' title='bbox 1511 1085 1639 1129; x_wconf 87' lang='lat' dir='ltr'>sunt</span> <span class='ocrx_word' id='word_1_99' title='bbox 1669 1076 1716 1129; x_wconf 86' lang='lat' dir='ltr'>ei</span> <span class='ocrx_word' id='word_1_100' title='bbox 1757 1094 1767 1128; x_wconf 94' lang='lat'><strong>:</strong></span> 
     </span>
    </p>
   </div>
   <div class='ocr_carea' id='block_1_18' title="bbox 1908 1066 3502 1141">
    <p class='ocr_par' dir='ltr' id='par_1_18' title="bbox 2333 1066 3502 1141">
     <span class='ocr_line' id='line_1_18' title="bbox 2333 1066 3502 1141; baseline -0.002 -20"><span class='ocrx_word' id='word_1_101' title='bbox 2333 1071 2421 1122; x_wconf 86' lang='lat'><strong>5|.</strong></span> <span class='ocrx_word' id='word_1_102' title='bbox 2458 1072 2519 1121; x_wconf 83' lang='lat' dir='ltr'>Oi</span> <span class='ocrx_word' id='word_1_103' title='bbox 2553 1070 2739 1141; x_wconf 66' lang='grc' dir='ltr'>ἐχθροὶ</span> <span class='ocrx_word' id='word_1_104' title='bbox 2763 1069 2970 1141; x_wconf 79' lang='grc' dir='ltr'>Κυρίου</span> <span class='ocrx_word' id='word_1_105' title='bbox 2996 1066 3297 1137; x_wconf 73' lang='grc' dir='ltr'>ἐψεύσαντο</span> <span class='ocrx_word' id='word_1_106' title='bbox 3326 1066 3502 1137; x_wconf 86' lang='grc' dir='ltr'>αύτῷ·</span> 
     </span>
    </p>
   </div>
   <div class='ocr_carea' id='block_1_19' title="bbox 656 1159 2250 1242">
    <p class='ocr_par' dir='ltr' id='par_1_19' title="bbox 656 1171 1763 1242">
     <span class='ocr_line' id='line_1_19' title="bbox 656 1171 1763 1242; baseline -0.006 -14"><span class='ocrx_word' id='word_1_107' title='bbox 656 1174 744 1228; x_wconf 84' lang='grc'>52.</span> <span class='ocrx_word' id='word_1_108' title='bbox 779 1172 842 1227; x_wconf 83' lang='grc' dir='ltr'>Ει</span> <span class='ocrx_word' id='word_1_109' title='bbox 871 1175 975 1227; x_wconf 89' lang='lat' dir='ltr'>erit</span> <span class='ocrx_word' id='word_1_110' title='bbox 1006 1182 1219 1242; x_wconf 88' lang='lat' dir='ltr'>tempus</span> <span class='ocrx_word' id='word_1_111' title='bbox 1244 1188 1433 1226; x_wconf 90' lang='lat' dir='ltr'>eorum</span> <span class='ocrx_word' id='word_1_112' title='bbox 1462 1172 1514 1223; x_wconf 92' lang='lat' dir='ltr'><strong>in</strong></span> <span class='ocrx_word' id='word_1_113' title='bbox 1545 1171 1763 1224; x_wconf 73' lang='lat' dir='ltr'>smcula.</span> 
     </span>
    </p>
   </div>
   <div class='ocr_carea' id='block_1_20' title="bbox 2102 1159 3696 1242">
    <p class='ocr_par' dir='ltr' id='par_1_20' title="bbox 2331 1159 3696 1231">
     <span class='ocr_line' id='line_1_20' title="bbox 2331 1159 3696 1231; baseline -0.001 -16"><span class='ocrx_word' id='word_1_114' title='bbox 2331 1164 2419 1215; x_wconf 88' lang='grc'>52.</span> <span class='ocrx_word' id='word_1_115' title='bbox 2456 1164 2565 1215; x_wconf 72' lang='grc' dir='ltr'>Καὶ</span> <span class='ocrx_word' id='word_1_116' title='bbox 2589 1163 2739 1215; x_wconf 79' lang='grc' dir='ltr'>ἔσται</span> <span class='ocrx_word' id='word_1_117' title='bbox 2771 1164 2799 1215; x_wconf 87' lang='grc' dir='ltr'>ὁ</span> <span class='ocrx_word' id='word_1_118' title='bbox 2833 1160 3023 1231; x_wconf 74' lang='grc' dir='ltr'>καιρὸς</span> <span class='ocrx_word' id='word_1_119' title='bbox 3056 1159 3237 1213; x_wconf 75' lang='grc' dir='ltr'>αὐτῶν</span> <span class='ocrx_word' id='word_1_120' title='bbox 3266 1161 3345 1221; x_wconf 82' lang='grc' dir='ltr'>εἰς</span> <span class='ocrx_word' id='word_1_121' title='bbox 3382 1160 3472 1212; x_wconf 78' lang='grc' dir='ltr'>τὸν</span> <span class='ocrx_word' id='word_1_122' title='bbox 3496 1159 3696 1214; x_wconf 79' lang='grc' dir='ltr'>αἰῶνα.</span> 
     </span>
    </p>
   </div>
   <div class='ocr_carea' id='block_1_21' title="bbox 650 1249 2244 1333">
    <p class='ocr_par' dir='ltr' id='par_1_21' title="bbox 650 1262 1826 1333">
     <span class='ocr_line' id='line_1_21' title="bbox 650 1262 1826 1333; baseline -0.005 -14"><span class='ocrx_word' id='word_1_123' title='bbox 650 1268 739 1321; x_wconf 77' lang='grc'>55.</span> <span class='ocrx_word' id='word_1_124' title='bbox 781 1268 845 1320; x_wconf 77' lang='lat' dir='ltr'>Et</span> <span class='ocrx_word' id='word_1_125' title='bbox 876 1266 1077 1319; x_wconf 83' lang='lat' dir='ltr'>eibavit</span> <span class='ocrx_word' id='word_1_126' title='bbox 1100 1281 1195 1319; x_wconf 90' lang='lat' dir='ltr'>eos</span> <span class='ocrx_word' id='word_1_127' title='bbox 1226 1280 1290 1319; x_wconf 77' lang='lat' dir='ltr'>ex</span> <span class='ocrx_word' id='word_1_128' title='bbox 1323 1264 1480 1333; x_wconf 82' lang='lat' dir='ltr'>adipe</span> <span class='ocrx_word' id='word_1_129' title='bbox 1516 1262 1776 1317; x_wconf 84' lang='lat' dir='ltr'>frumenti</span> <span class='ocrx_word' id='word_1_130' title='bbox 1813 1280 1826 1312; x_wconf 88' lang='lat'><strong>:</strong></span> 
     </span>
    </p>
   </div>
   <div class='ocr_carea' id='block_1_22' title="bbox 2097 1249 3691 1333">
    <p class='ocr_par' dir='ltr' id='par_1_22' title="bbox 2331 1249 3691 1323">
     <span class='ocr_line' id='line_1_22' title="bbox 2331 1249 3691 1323; baseline -0.003 -16"><span class='ocrx_word' id='word_1_131' title='bbox 2331 1255 2417 1307; x_wconf 82' lang='lat'>55.</span> <span class='ocrx_word' id='word_1_132' title='bbox 2453 1254 2560 1306; x_wconf 75' lang='grc' dir='ltr'>Καὶ</span> <span class='ocrx_word' id='word_1_133' title='bbox 2590 1253 2863 1323; x_wconf 60' lang='grc' dir='ltr'>ἐψώμισεν</span> <span class='ocrx_word' id='word_1_134' title='bbox 2898 1253 3092 1312; x_wconf 74' lang='grc' dir='ltr'>αὐτοὺς</span> <span class='ocrx_word' id='word_1_135' title='bbox 3125 1251 3189 1303; x_wconf 87' lang='grc' dir='ltr'>ὲκ</span> <span class='ocrx_word' id='word_1_136' title='bbox 3221 1253 3440 1313; x_wconf 78' lang='grc' dir='ltr'>στέατος</span> <span class='ocrx_word' id='word_1_137' title='bbox 3474 1249 3657 1321; x_wconf 81' lang='grc' dir='ltr'>πυροῦ</span> <span class='ocrx_word' id='word_1_138' title='bbox 3679 1266 3691 1278; x_wconf 92' lang='grc'><strong>·</strong></span> 
     </span>
    </p>
   </div>
   <div class='ocr_carea' id='block_1_23' title="bbox 648 1343 2242 1423">
    <p class='ocr_par' dir='ltr' id='par_1_23' title="bbox 648 1354 1736 1423">
     <span class='ocr_line' id='line_1_23' title="bbox 648 1354 1736 1423; baseline -0.006 -14"><span class='ocrx_word' id='word_1_139' title='bbox 648 1355 737 1411; x_wconf 74' lang='lat'>54.</span> <span class='ocrx_word' id='word_1_140' title='bbox 771 1355 837 1418; x_wconf 84' lang='lat' dir='ltr'>Et</span> <span class='ocrx_word' id='word_1_141' title='bbox 869 1356 935 1407; x_wconf 86' lang='lat' dir='ltr'>de</span> <span class='ocrx_word' id='word_1_142' title='bbox 969 1366 1118 1423; x_wconf 85' lang='lat' dir='ltr'>petra</span> <span class='ocrx_word' id='word_1_143' title='bbox 1152 1356 1308 1407; x_wconf 87' lang='lat' dir='ltr'>melle</span> <span class='ocrx_word' id='word_1_144' title='bbox 1337 1354 1599 1407; x_wconf 80' lang='lat' dir='ltr'>saturavit</span> <span class='ocrx_word' id='word_1_145' title='bbox 1622 1368 1736 1405; x_wconf 85' lang='lat' dir='ltr'>eos.</span> 
     </span>
    </p>
   </div>
   <div class='ocr_carea' id='block_1_24' title="bbox 2004 1343 3598 1423">
    <p class='ocr_par' dir='ltr' id='par_1_24' title="bbox 2332 1343 3598 1414">
     <span class='ocr_line' id='line_1_24' title="bbox 2332 1343 3598 1414; baseline -0.001 -17"><span class='ocrx_word' id='word_1_146' title='bbox 2332 1344 2421 1397; x_wconf 69' lang='grc' dir='ltr'>δι.</span> <span class='ocrx_word' id='word_1_147' title='bbox 2452 1346 2560 1397; x_wconf 79' lang='grc' dir='ltr'>Καὶ</span> <span class='ocrx_word' id='word_1_148' title='bbox 2583 1347 2644 1397; x_wconf 82' lang='grc' dir='ltr'>ὲκ</span> <span class='ocrx_word' id='word_1_149' title='bbox 2674 1345 2877 1414; x_wconf 78' lang='grc' dir='ltr'>πέτρας</span> <span class='ocrx_word' id='word_1_150' title='bbox 2907 1345 3027 1414; x_wconf 83' lang='grc' dir='ltr'>μέλι</span> <span class='ocrx_word' id='word_1_151' title='bbox 3057 1345 3350 1414; x_wconf 83' lang='grc' dir='ltr'>ἐχόρτασεν</span> <span class='ocrx_word' id='word_1_152' title='bbox 3381 1343 3598 1402; x_wconf 69' lang='grc' dir='ltr'>αὐτούς.</span> 
     </span>
    </p>
   </div>
   <div class='ocr_carea' id='block_1_25' title="bbox 860 1433 2454 1515">
    <p class='ocr_par' dir='ltr' id='par_1_25' title="bbox 860 1443 1863 1515">
     <span class='ocr_line' id='line_1_25' title="bbox 860 1443 1863 1515; baseline -0.003 -17"><span class='ocrx_word' id='word_1_153' title='bbox 860 1446 1105 1499; x_wconf 70' lang='lat' dir='ltr'>I’salntus</span> <span class='ocrx_word' id='word_1_154' title='bbox 1136 1446 1332 1515; x_wconf 74' lang='lat' dir='ltr'>Asaplt.</span> <span class='ocrx_word' id='word_1_155' title='bbox 1363 1444 1563 1501; x_wconf 77' lang='lat' dir='ltr'>PSAL.</span> <span class='ocrx_word' id='word_1_156' title='bbox 1599 1443 1863 1497; x_wconf 75' lang='lat' dir='ltr'>LXXXI.</span> 
     </span>
    </p>
   </div>
   <div class='ocr_carea' id='block_1_26' title="bbox 1954 1433 3548 1515">
    <p class='ocr_par' dir='ltr' id='par_1_26' title="bbox 2564 1433 3548 1504">
     <span class='ocr_line' id='line_1_26' title="bbox 2564 1433 3548 1504; baseline -0.002 -17"><span class='ocrx_word' id='word_1_157' title='bbox 2564 1436 2808 1502; x_wconf 66' lang='grc' dir='ltr'>Ψαλμὸς</span> <span class='ocrx_word' id='word_1_158' title='bbox 2835 1433 2915 1499; x_wconf 83' lang='grc' dir='ltr'>τῷ</span> <span class='ocrx_word' id='word_1_159' title='bbox 2953 1435 3156 1504; x_wconf 67' lang='grc' dir='ltr'>Ἀσάφ.</span> <span class='ocrx_word' id='word_1_160' title='bbox 3202 1437 3373 1488; x_wconf 80' lang='grc' dir='ltr'>ΨΑΛ.</span> <span class='ocrx_word' id='word_1_161' title='bbox 3410 1436 3548 1486; x_wconf 64' lang='grc' dir='ltr'>ΠΝ.</span> 
     </span>
    </p>
   </div>
   <div class='ocr_carea' id='block_1_27' title="bbox 652 1524 2246 1608">
    <p class='ocr_par' dir='ltr' id='par_1_27' title="bbox 652 1536 1746 1608">
     <span class='ocr_line' id='line_1_27' title="bbox 652 1536 1746 1608; baseline -0.005 -17"><span class='ocrx_word' id='word_1_162' title='bbox 652 1537 703 1591; x_wconf 80' lang='lat' dir='ltr'>l.</span> <span class='ocrx_word' id='word_1_163' title='bbox 732 1536 877 1591; x_wconf 89' lang='lat' dir='ltr'>Deus</span> <span class='ocrx_word' id='word_1_164' title='bbox 910 1538 1057 1591; x_wconf 82' lang='lat' dir='ltr'>stetit</span> <span class='ocrx_word' id='word_1_165' title='bbox 1088 1538 1140 1590; x_wconf 91' lang='lat' dir='ltr'>in</span> <span class='ocrx_word' id='word_1_166' title='bbox 1169 1552 1443 1608; x_wconf 78' lang='lat' dir='ltr'>synagoga</span> <span class='ocrx_word' id='word_1_167' title='bbox 1476 1538 1700 1589; x_wconf 87' lang='lat' dir='ltr'>deorqu</span> <span class='ocrx_word' id='word_1_168' title='bbox 1734 1553 1746 1587; x_wconf 91' lang='lat'><strong>:</strong></span> 
     </span>
    </p>
   </div>
   <div class='ocr_carea' id='block_1_28' title="bbox 1930 1524 3524 1608">
    <p class='ocr_par' dir='ltr' id='par_1_28' title="bbox 2335 1524 3524 1598">
     <span class='ocr_line' id='line_1_28' title="bbox 2335 1524 3524 1598; baseline -0.003 -19"><span class='ocrx_word' id='word_1_169' title='bbox 2335 1528 2383 1579; x_wconf 80' lang='grc' dir='ltr'>Ι.</span> <span class='ocrx_word' id='word_1_170' title='bbox 2430 1527 2490 1579; x_wconf 86' lang='grc' dir='ltr'>Ὀ</span> <span class='ocrx_word' id='word_1_171' title='bbox 2524 1527 2653 1590; x_wconf 79' lang='grc' dir='ltr'>Θεὸς</span> <span class='ocrx_word' id='word_1_172' title='bbox 2687 1527 2813 1598; x_wconf 79' lang='grc' dir='ltr'>ἔστη</span> <span class='ocrx_word' id='word_1_173' title='bbox 2848 1529 2905 1579; x_wconf 83' lang='grc' dir='ltr'>ὲν</span> <span class='ocrx_word' id='word_1_174' title='bbox 2935 1531 3223 1597; x_wconf 76' lang='grc' dir='ltr'>συναγωγῇ</span> <span class='ocrx_word' id='word_1_175' title='bbox 3258 1526 3395 1579; x_wconf 80' lang='grc' dir='ltr'>θεῶν</span> 
     </span>
    </p>
   </div>
   <div class='ocr_carea' id='block_1_29' title="bbox 652 1618 2246 1693">
    <p class='ocr_par' dir='ltr' id='par_1_29' title="bbox 652 1624 1693 1693">
     <span class='ocr_line' id='line_1_29' title="bbox 652 1624 1693 1693; baseline -0.001 -16"><span class='ocrx_word' id='word_1_176' title='bbox 652 1624 707 1677; x_wconf 86' lang='grc'>2.</span> <span class='ocrx_word' id='word_1_177' title='bbox 743 1625 802 1677; x_wconf 90' lang='grc' dir='ltr'>Ιιι</span> <span class='ocrx_word' id='word_1_178' title='bbox 834 1625 1009 1679; x_wconf 87' lang='lat' dir='ltr'>medio</span> <span class='ocrx_word' id='word_1_179' title='bbox 1040 1634 1221 1679; x_wconf 84' lang='lat' dir='ltr'>autem</span> <span class='ocrx_word' id='word_1_180' title='bbox 1250 1625 1382 1678; x_wconf 84' lang='lat' dir='ltr'>deos</span> <span class='ocrx_word' id='word_1_181' title='bbox 1410 1624 1693 1693; x_wconf 83' lang='lat' dir='ltr'>dijudicat.</span> 
     </span>
    </p>
   </div>
   <div class='ocr_carea' id='block_1_30' title="bbox 1902 1618 3496 1693">
    <p class='ocr_par' dir='ltr' id='par_1_30' title="bbox 2328 1618 3496 1691">
     <span class='ocr_line' id='line_1_30' title="bbox 2328 1618 3496 1691; baseline -0.001 -18"><span class='ocrx_word' id='word_1_182' title='bbox 2328 1620 2382 1673; x_wconf 86' lang='grc'>2.</span> <span class='ocrx_word' id='word_1_183' title='bbox 2429 1620 2516 1672; x_wconf 83' lang='grc' dir='ltr'>Ἐν</span> <span class='ocrx_word' id='word_1_184' title='bbox 2549 1619 2697 1689; x_wconf 88' lang='grc' dir='ltr'>μέσῳ</span> <span class='ocrx_word' id='word_1_185' title='bbox 2721 1620 2777 1671; x_wconf 80' lang='grc' dir='ltr'>δὲ</span> <span class='ocrx_word' id='word_1_186' title='bbox 2809 1619 2944 1671; x_wconf 77' lang='grc' dir='ltr'>Θεοῦ</span> <span class='ocrx_word' id='word_1_187' title='bbox 2973 1618 3177 1691; x_wconf 76' lang='grc' dir='ltr'>[θεοὺς]</span> <span class='ocrx_word' id='word_1_188' title='bbox 3210 1619 3496 1691; x_wconf 80' lang='grc' dir='ltr'>διακρινεῖ.</span> 
     </span>
    </p>
   </div>
   <div class='ocr_carea' id='block_1_31' title="bbox 651 1712 2245 1786">
    <p class='ocr_par' dir='ltr' id='par_1_31' title="bbox 651 1714 1732 1786">
     <span class='ocr_line' id='line_1_31' title="bbox 651 1714 1732 1786; baseline 0 -17"><span class='ocrx_word' id='word_1_189' title='bbox 651 1718 700 1771; x_wconf 84' lang='grc'>5.</span> <span class='ocrx_word' id='word_1_190' title='bbox 736 1714 1032 1786; x_wconf 87' lang='lat' dir='ltr'>Usquequo</span> <span class='ocrx_word' id='word_1_191' title='bbox 1054 1717 1313 1786; x_wconf 70' lang='lat' dir='ltr'>iudicatis</span> <span class='ocrx_word' id='word_1_192' title='bbox 1343 1716 1685 1786; x_wconf 75' lang='lat' dir='ltr'><strong>iniquitatem</strong></span> <span class='ocrx_word' id='word_1_193' title='bbox 1720 1735 1732 1769; x_wconf 89' lang='lat'>:</span> 
     </span>
    </p>
   </div>
   <div class='ocr_carea' id='block_1_32' title="bbox 1644 1712 3238 1786">
    <p class='ocr_par' dir='ltr' id='par_1_32' title="bbox 1644 1712 3238 1783">
     <span class='ocr_line' id='line_1_32' title="bbox 1644 1712 3238 1783; baseline -0.003 -15"><span class='ocrx_word' id='word_1_194' title='bbox 1644 1732 1685 1768; x_wconf 86' lang='grc' dir='ltr'>ιιι</span> <span class='ocrx_word' id='word_1_195' title='bbox 1720 1735 1732 1769; x_wconf 91' lang='lat'>:</span> <span class='ocrx_word' id='word_1_196' title='bbox 2330 1714 2383 1767; x_wconf 91' lang='lat'><strong>5.</strong></span> <span class='ocrx_word' id='word_1_197' title='bbox 2413 1714 2555 1775; x_wconf 82' lang='grc' dir='ltr'>Ἕως</span> <span class='ocrx_word' id='word_1_198' title='bbox 2586 1713 2715 1765; x_wconf 84' lang='grc' dir='ltr'>πότε</span> <span class='ocrx_word' id='word_1_199' title='bbox 2745 1714 2958 1783; x_wconf 77' lang='grc' dir='ltr'>κρίνετε</span> <span class='ocrx_word' id='word_1_200' title='bbox 2989 1712 3205 1765; x_wconf 79' lang='grc' dir='ltr'>ἀδικίαν</span> <span class='ocrx_word' id='word_1_201' title='bbox 3225 1727 3238 1741; x_wconf 93' lang='grc'><strong>·</strong></span> 
     </span>
    </p>
   </div>
   <div class='ocr_carea' id='block_1_33' title="bbox 650 1802 2244 1877">
    <p class='ocr_par' dir='ltr' id='par_1_33' title="bbox 650 1805 2230 1877">
     <span class='ocr_line' id='line_1_33' title="bbox 650 1805 2230 1877; baseline -0.001 -15"><span class='ocrx_word' id='word_1_202' title='bbox 650 1810 706 1862; x_wconf 84' lang='lat'><strong>4.</strong></span> <span class='ocrx_word' id='word_1_203' title='bbox 743 1809 809 1863; x_wconf 82' lang='lat' dir='ltr'>Et</span> <span class='ocrx_word' id='word_1_204' title='bbox 844 1808 1012 1863; x_wconf 81' lang='lat' dir='ltr'><strong>facies</strong></span> <span class='ocrx_word' id='word_1_205' title='bbox 1042 1818 1388 1877; x_wconf 82' lang='lat' dir='ltr'>peccatorum</span> <span class='ocrx_word' id='word_1_206' title='bbox 1420 1808 1677 1861; x_wconf 87' lang='lat' dir='ltr'><strong>sumitis?</strong></span> <span class='ocrx_word' id='word_1_207' title='bbox 2187 1805 2230 1860; x_wconf 85' lang='grc' dir='ltr'>Β</span> 
     </span>
    </p>
   </div>
   <div class='ocr_carea' id='block_1_34' title="bbox 1965 1802 3559 1877">
    <p class='ocr_par' dir='ltr' id='par_1_34' title="bbox 2187 1802 3559 1876">
     <span class='ocr_line' id='line_1_34' title="bbox 2187 1802 3559 1876; baseline -0.006 -16"><span class='ocrx_word' id='word_1_208' title='bbox 2187 1805 2230 1860; x_wconf 84' lang='grc' dir='ltr'>Β</span> <span class='ocrx_word' id='word_1_209' title='bbox 2328 1806 2381 1858; x_wconf 87' lang='lat'><strong>4.</strong></span> <span class='ocrx_word' id='word_1_210' title='bbox 2419 1806 2527 1858; x_wconf 75' lang='grc' dir='ltr'>Καὶ</span> <span class='ocrx_word' id='word_1_211' title='bbox 2554 1805 2818 1876; x_wconf 81' lang='grc' dir='ltr'>πρόσωπα</span> <span class='ocrx_word' id='word_1_212' title='bbox 2845 1803 3186 1875; x_wconf 78' lang='grc' dir='ltr'>ἁμαρτωλῶν</span> <span class='ocrx_word' id='word_1_213' title='bbox 3212 1802 3518 1873; x_wconf 68' lang='grc' dir='ltr'>λαμϐάνετε</span> <span class='ocrx_word' id='word_1_214' title='bbox 3544 1818 3559 1867; x_wconf 89' lang='grc'><strong>;</strong></span> 
     </span>
    </p>
   </div>
   <div class='ocr_carea' id='block_1_35' title="bbox 1201 1898 2795 1966">
    <p class='ocr_par' dir='ltr' id='par_1_35' title="bbox 1201 1898 1534 1966">
     <span class='ocr_line' id='line_1_35' title="bbox 1201 1898 1534 1966; baseline 0 -15"><span class='ocrx_word' id='word_1_215' title='bbox 1201 1898 1534 1966; x_wconf 85' lang='lat' dir='ltr'>Diapsalma.</span> 
     </span>
    </p>
   </div>
   <div class='ocr_carea' id='block_1_36' title="bbox 1639 1898 3233 1966">
    <p class='ocr_par' dir='ltr' id='par_1_36' title="bbox 2894 1898 3233 1966">
     <span class='ocr_line' id='line_1_36' title="bbox 2894 1898 3233 1966; baseline -0.006 -15"><span class='ocrx_word' id='word_1_216' title='bbox 2894 1898 3233 1966; x_wconf 65' lang='grc' dir='ltr'>Διάψαλμα.</span> 
     </span>
    </p>
   </div>
   <div class='ocr_carea' id='block_1_37' title="bbox 646 1989 2240 2064">
    <p class='ocr_par' dir='ltr' id='par_1_37' title="bbox 646 1990 1553 2063">
     <span class='ocr_line' id='line_1_37' title="bbox 646 1990 1553 2063; baseline -0.003 -18"><span class='ocrx_word' id='word_1_217' title='bbox 646 1991 700 2046; x_wconf 84' lang='grc'>5.</span> <span class='ocrx_word' id='word_1_218' title='bbox 733 1990 978 2046; x_wconf 81' lang='lat' dir='ltr'>Judicate</span> <span class='ocrx_word' id='word_1_219' title='bbox 1013 2007 1185 2063; x_wconf 80' lang='lat' dir='ltr'>egeno</span> <span class='ocrx_word' id='word_1_220' title='bbox 1216 2000 1268 2045; x_wconf 88' lang='lat' dir='ltr'>et</span> <span class='ocrx_word' id='word_1_221' title='bbox 1304 1993 1508 2061; x_wconf 88' lang='lat' dir='ltr'>pupillo</span> <span class='ocrx_word' id='word_1_222' title='bbox 1540 2007 1553 2042; x_wconf 88' lang='lat'><strong>:</strong></span> 
     </span>
    </p>
   </div>
   <div class='ocr_carea' id='block_1_38' title="bbox 1704 1989 3298 2064">
    <p class='ocr_par' dir='ltr' id='par_1_38' title="bbox 2338 1989 3298 2064">
     <span class='ocr_line' id='line_1_38' title="bbox 2338 1989 3298 2064; baseline -0.004 -19"><span class='ocrx_word' id='word_1_223' title='bbox 2338 1992 2387 2045; x_wconf 86' lang='grc'>5.</span> <span class='ocrx_word' id='word_1_224' title='bbox 2427 1992 2662 2064; x_wconf 80' lang='grc' dir='ltr'>Κρίνατε</span> <span class='ocrx_word' id='word_1_225' title='bbox 2689 1989 2909 2061; x_wconf 80' lang='grc' dir='ltr'>ὀρφανῷ</span> <span class='ocrx_word' id='word_1_226' title='bbox 2940 1990 3036 2043; x_wconf 65' lang='grc' dir='ltr'>κα)⁸</span> <span class='ocrx_word' id='word_1_227' title='bbox 3068 1989 3298 2059; x_wconf 80' lang='grc' dir='ltr'>πτωχῷ·</span> 
     </span>
    </p>
   </div>
   <div class='ocr_carea' id='block_1_39' title="bbox 642 2082 2236 2155">
    <p class='ocr_par' dir='ltr' id='par_1_39' title="bbox 642 2082 1752 2154">
     <span class='ocr_line' id='line_1_39' title="bbox 642 2082 1752 2154; baseline 0.003 -18"><span class='ocrx_word' id='word_1_228' title='bbox 642 2083 695 2136; x_wconf 88' lang='grc'>6.</span> <span class='ocrx_word' id='word_1_229' title='bbox 730 2083 998 2138; x_wconf 82' lang='lat' dir='ltr'>Humilem</span> <span class='ocrx_word' id='word_1_230' title='bbox 1031 2093 1085 2138; x_wconf 92' lang='lat' dir='ltr'>et</span> <span class='ocrx_word' id='word_1_231' title='bbox 1116 2099 1406 2153; x_wconf 88' lang='lat' dir='ltr'>pauperem</span> <span class='ocrx_word' id='word_1_232' title='bbox 1435 2082 1752 2154; x_wconf 81' lang='lat' dir='ltr'>justillcate.</span> 
     </span>
    </p>
   </div>
   <div class='ocr_carea' id='block_1_40' title="bbox 1820 2082 3414 2155">
    <p class='ocr_par' dir='ltr' id='par_1_40' title="bbox 2325 2082 3414 2155">
     <span class='ocr_line' id='line_1_40' title="bbox 2325 2082 3414 2155; baseline -0.002 -18"><span class='ocrx_word' id='word_1_233' title='bbox 2325 2088 2377 2137; x_wconf 85' lang='lat'>6.</span> <span class='ocrx_word' id='word_1_234' title='bbox 2412 2085 2678 2138; x_wconf 85' lang='grc' dir='ltr'>Ταπεινὸν</span> <span class='ocrx_word' id='word_1_235' title='bbox 2703 2085 2796 2136; x_wconf 71' lang='grc' dir='ltr'>καὶ</span> <span class='ocrx_word' id='word_1_236' title='bbox 2826 2084 3033 2155; x_wconf 84' lang='grc' dir='ltr'>πένητα</span> <span class='ocrx_word' id='word_1_237' title='bbox 3063 2082 3414 2136; x_wconf 81' lang='grc' dir='ltr'>δικαιώσατε.</span> 
     </span>
    </p>
   </div>
   <div class='ocr_carea' id='block_1_41' title="bbox 645 2175 2239 2247">
    <p class='ocr_par' dir='ltr' id='par_1_41' title="bbox 645 2176 1667 2247">
     <span class='ocr_line' id='line_1_41' title="bbox 645 2176 1667 2247; baseline 0.002 -18"><span class='ocrx_word' id='word_1_238' title='bbox 645 2177 698 2230; x_wconf 87' lang='grc'>7.</span> <span class='ocrx_word' id='word_1_239' title='bbox 740 2176 943 2245; x_wconf 87' lang='lat' dir='ltr'>Eripite</span> <span class='ocrx_word' id='word_1_240' title='bbox 965 2192 1277 2247; x_wconf 84' lang='lat' dir='ltr'>pauperem,</span> <span class='ocrx_word' id='word_1_241' title='bbox 1307 2187 1361 2231; x_wconf 91' lang='lat' dir='ltr'>et</span> <span class='ocrx_word' id='word_1_242' title='bbox 1389 2193 1621 2247; x_wconf 84' lang='lat' dir='ltr'>egenum</span> <span class='ocrx_word' id='word_1_243' title='bbox 1653 2196 1667 2231; x_wconf 90' lang='lat'><strong>:</strong></span> 
     </span>
    </p>
   </div>
   <div class='ocr_carea' id='block_1_42' title="bbox 1750 2175 3344 2247">
    <p class='ocr_par' dir='ltr' id='par_1_42' title="bbox 2334 2175 3344 2245">
     <span class='ocr_line' id='line_1_42' title="bbox 2334 2175 3344 2245; baseline -0.003 -15"><span class='ocrx_word' id='word_1_244' title='bbox 2334 2178 2385 2230; x_wconf 88' lang='lat'><strong>7.</strong></span> <span class='ocrx_word' id='word_1_245' title='bbox 2423 2176 2696 2240; x_wconf 81' lang='grc' dir='ltr'>Ἑξέλεσθε</span> <span class='ocrx_word' id='word_1_246' title='bbox 2723 2175 2931 2245; x_wconf 86' lang='grc' dir='ltr'>πένητα</span> <span class='ocrx_word' id='word_1_247' title='bbox 2967 2178 3060 2229; x_wconf 75' lang='grc' dir='ltr'>καὶ</span> <span class='ocrx_word' id='word_1_248' title='bbox 3096 2175 3311 2245; x_wconf 84' lang='grc' dir='ltr'>πτωχὸν</span> <span class='ocrx_word' id='word_1_249' title='bbox 3332 2192 3344 2205; x_wconf 93' lang='grc'><strong>·</strong></span> 
     </span>
    </p>
   </div>
   <div class='ocr_carea' id='block_1_43' title="bbox 646 2265 2240 2338">
    <p class='ocr_par' dir='ltr' id='par_1_43' title="bbox 646 2266 1797 2337">
     <span class='ocr_line' id='line_1_43' title="bbox 646 2266 1797 2337; baseline -0.001 -17"><span class='ocrx_word' id='word_1_250' title='bbox 646 2266 700 2321; x_wconf 90' lang='grc'>8.</span> <span class='ocrx_word' id='word_1_251' title='bbox 739 2267 817 2321; x_wconf 86' lang='lat' dir='ltr'>De</span> <span class='ocrx_word' id='word_1_252' title='bbox 849 2283 1010 2321; x_wconf 85' lang='lat' dir='ltr'>manu</span> <span class='ocrx_word' id='word_1_253' title='bbox 1048 2270 1352 2337; x_wconf 83' lang='lat' dir='ltr'>peccatoris</span> <span class='ocrx_word' id='word_1_254' title='bbox 1386 2268 1614 2321; x_wconf 87' lang='lat' dir='ltr'>liberate</span> <span class='ocrx_word' id='word_1_255' title='bbox 1649 2282 1797 2320; x_wconf 89' lang='lat' dir='ltr'>eum.</span> 
     </span>
    </p>
   </div>
   <div class='ocr_carea' id='block_1_44' title="bbox 1966 2265 3560 2338">
    <p class='ocr_par' dir='ltr' id='par_1_44' title="bbox 2328 2265 3560 2338">
     <span class='ocr_line' id='line_1_44' title="bbox 2328 2265 3560 2338; baseline 0.002 -19"><span class='ocrx_word' id='word_1_256' title='bbox 2328 2266 2381 2320; x_wconf 90' lang='lat'><strong>8.</strong></span> <span class='ocrx_word' id='word_1_257' title='bbox 2419 2268 2515 2319; x_wconf 82' lang='grc' dir='ltr'>Ἐκ</span> <span class='ocrx_word' id='word_1_258' title='bbox 2548 2267 2728 2338; x_wconf 82' lang='grc' dir='ltr'>χειρὸς</span> <span class='ocrx_word' id='word_1_259' title='bbox 2759 2266 3082 2337; x_wconf 83' lang='grc' dir='ltr'>ἀμαρτωλοῦ</span> <span class='ocrx_word' id='word_1_260' title='bbox 3115 2267 3351 2337; x_wconf 78' lang='grc' dir='ltr'>ῥύσασθε</span> <span class='ocrx_word' id='word_1_261' title='bbox 3376 2265 3560 2321; x_wconf 76' lang='grc' dir='ltr'>αὐτόν.</span> 
     </span>
    </p>
   </div>
   <div class='ocr_carea' id='block_1_45' title="bbox 646 2420 2240 2501">
    <p class='ocr_par' dir='ltr' id='par_1_45' title="bbox 646 2420 2240 2501">
     <span class='ocr_line' id='line_1_45' title="bbox 646 2420 2240 2501; baseline -0.003 -24"><span class='ocrx_word' id='word_1_262' title='bbox 646 2424 719 2501; x_wconf 61' lang='grc' dir='ltr'>(α)</span> <span class='ocrx_word' id='word_1_263' title='bbox 748 2423 896 2476; x_wconf 79' lang='grc' dir='ltr'>Θεῶν</span> <span class='ocrx_word' id='word_1_264' title='bbox 925 2425 1075 2478; x_wconf 84' lang='lat' dir='ltr'>deest</span> <span class='ocrx_word' id='word_1_265' title='bbox 1108 2424 1161 2477; x_wconf 91' lang='lat' dir='ltr'>in</span> <span class='ocrx_word' id='word_1_266' title='bbox 1199 2431 1373 2477; x_wconf 80' lang='lat' dir='ltr'>textu.</span> <span class='ocrx_word' id='word_1_267' title='bbox 1414 2420 1486 2474; x_wconf 78' lang='lat' dir='ltr'>At</span> <span class='ocrx_word' id='word_1_268' title='bbox 1533 2438 1706 2493; x_wconf 84' lang='lat' dir='ltr'>marg.</span> <span class='ocrx_word' id='word_1_269' title='bbox 1737 2425 1859 2478; x_wconf 85' lang='lat' dir='ltr'>cnd.</span> <span class='ocrx_word' id='word_1_270' title='bbox 1897 2423 2141 2477; x_wconf 80' lang='lat' dir='ltr'>eltaraet.</span> <span class='ocrx_word' id='word_1_271' title='bbox 2184 2422 2240 2475; x_wconf 77' lang='lat' dir='ltr'>ad</span> 
     </span>
    </p>
   </div>
   <div class='ocr_carea' id='block_1_46' title="bbox 1398 2420 2992 2501">
    <p class='ocr_par' dir='ltr' id='par_1_46' title="bbox 1414 2420 2992 2493">
     <span class='ocr_line' id='line_1_46' title="bbox 1414 2420 2992 2493; baseline -0.001 -19"><span class='ocrx_word' id='word_1_272' title='bbox 1414 2420 1486 2474; x_wconf 78' lang='lat' dir='ltr'>At</span> <span class='ocrx_word' id='word_1_273' title='bbox 1533 2438 1706 2493; x_wconf 84' lang='lat' dir='ltr'>marg.</span> <span class='ocrx_word' id='word_1_274' title='bbox 1737 2425 1859 2478; x_wconf 85' lang='lat' dir='ltr'>cnd.</span> <span class='ocrx_word' id='word_1_275' title='bbox 1897 2423 2141 2477; x_wconf 80' lang='lat' dir='ltr'>eltaraet.</span> <span class='ocrx_word' id='word_1_276' title='bbox 2184 2422 2501 2485; x_wconf 84' lang='lat' dir='ltr'>adnotatur,</span> <span class='ocrx_word' id='word_1_277' title='bbox 2533 2423 2591 2473; x_wconf 80' lang='grc' dir='ltr'>ἐν</span> <span class='ocrx_word' id='word_1_278' title='bbox 2620 2420 2805 2484; x_wconf 87' lang='grc' dir='ltr'>ἄλλοις</span> <span class='ocrx_word' id='word_1_279' title='bbox 2832 2421 2992 2474; x_wconf 81' lang='grc' dir='ltr'>Θεῶν.</span> 
     </span>
    </p>
   </div>
   <div class='ocr_carea' id='block_1_47' title="bbox 1725 2580 2716 2639">
    <p class='ocr_par' dir='ltr' id='par_1_47' title="bbox 1725 2580 2716 2639">
     <span class='ocr_line' id='line_1_47' title="bbox 1725 2580 2716 2639; baseline 0.002 -2"><span class='ocrx_word' id='word_1_280' title='bbox 1725 2580 2088 2637; x_wconf 75' lang='lat' dir='ltr'>ATHANASII</span> <span class='ocrx_word' id='word_1_281' title='bbox 2131 2580 2716 2639; x_wconf 68' lang='lat' dir='ltr'>INTERPRETATIO.</span> 
     </span>
    </p>
   </div>
   <div class='ocr_carea' id='block_1_48' title="bbox 645 2720 2239 2794">
    <p class='ocr_par' dir='ltr' id='par_1_48' title="bbox 645 2721 1412 2794">
     <span class='ocr_line' id='line_1_48' title="bbox 645 2721 1412 2794; baseline -0.004 -17"><span class='ocrx_word' id='word_1_282' title='bbox 645 2721 735 2777; x_wconf 84' lang='grc'>26.</span> <span class='ocrx_word' id='word_1_283' title='bbox 764 2721 823 2777; x_wconf 86' lang='lat' dir='ltr'>In</span> <span class='ocrx_word' id='word_1_284' title='bbox 860 2723 1239 2794; x_wconf 79' lang='lat' dir='ltr'><strong>iniquitatibus</strong></span> <span class='ocrx_word' id='word_1_285' title='bbox 1274 2723 1412 2777; x_wconf 88' lang='lat' dir='ltr'><strong>suis.</strong></span> 
     </span>
    </p>
   </div>
   <div class='ocr_carea' id='block_1_49' title="bbox 1607 2720 3201 2794">
    <p class='ocr_par' dir='ltr' id='par_1_49' title="bbox 2333 2720 3201 2791">
     <span class='ocr_line' id='line_1_49' title="bbox 2333 2720 3201 2791; baseline -0.001 -16"><span class='ocrx_word' id='word_1_286' title='bbox 2333 2720 2422 2775; x_wconf 85' lang='grc'>26.</span> <span class='ocrx_word' id='word_1_287' title='bbox 2460 2722 2547 2775; x_wconf 80' lang='grc' dir='ltr'>Ἐν</span> <span class='ocrx_word' id='word_1_288' title='bbox 2572 2725 2690 2785; x_wconf 88' lang='grc' dir='ltr'>ταῖς</span> <span class='ocrx_word' id='word_1_289' title='bbox 2723 2722 2971 2791; x_wconf 76' lang='grc' dir='ltr'>ἀνομίαις</span> <span class='ocrx_word' id='word_1_290' title='bbox 3004 2722 3201 2776; x_wconf 77' lang='grc' dir='ltr'>αὐτῶν.</span> 
     </span>
    </p>
   </div>
   <div class='ocr_carea' id='block_1_50' title="bbox 646 2814 2240 2886">
    <p class='ocr_par' dir='ltr' id='par_1_50' title="bbox 646 2814 1090 2886">
     <span class='ocr_line' id='line_1_50' title="bbox 646 2814 1090 2886; baseline 0 -17"><span class='ocrx_word' id='word_1_291' title='bbox 646 2814 737 2871; x_wconf 81' lang='grc'>27.</span> <span class='ocrx_word' id='word_1_292' title='bbox 767 2814 869 2886; x_wconf 87' lang='lat' dir='ltr'>Ipsi</span> <span class='ocrx_word' id='word_1_293' title='bbox 895 2815 1090 2872; x_wconf 61' lang='lat' dir='ltr'>Judaei.</span> 
     </span>
    </p>
   </div>
   <div class='ocr_carea' id='block_1_51' title="bbox 1413 2814 3007 2886">
    <p class='ocr_par' dir='ltr' id='par_1_51' title="bbox 2331 2816 3007 2870">
     <span class='ocr_line' id='line_1_51' title="bbox 2331 2816 3007 2870; baseline -0.001 0"><span class='ocrx_word' id='word_1_294' title='bbox 2331 2816 2419 2870; x_wconf 87' lang='grc'>27.</span> <span class='ocrx_word' id='word_1_295' title='bbox 2455 2818 2516 2868; x_wconf 88' lang='grc' dir='ltr'>Οἱ</span> <span class='ocrx_word' id='word_1_296' title='bbox 2551 2817 2705 2869; x_wconf 76' lang='grc' dir='ltr'>αὐτοὶ</span> <span class='ocrx_word' id='word_1_297' title='bbox 2746 2817 3007 2869; x_wconf 80' lang='grc' dir='ltr'>Ἰουδαῖοι.</span> 
     </span>
    </p>
   </div>
   <div class='ocr_carea' id='block_1_52' title="bbox 645 2905 2239 2979">
    <p class='ocr_par' dir='ltr' id='par_1_52' title="bbox 645 2905 1523 2979">
     <span class='ocr_line' id='line_1_52' title="bbox 645 2905 1523 2979; baseline -0.006 -16"><span class='ocrx_word' id='word_1_298' title='bbox 645 2905 737 2963; x_wconf 78' lang='grc'>28.</span> <span class='ocrx_word' id='word_1_299' title='bbox 762 2908 817 2962; x_wconf 94' lang='lat' dir='ltr'>In</span> <span class='ocrx_word' id='word_1_300' title='bbox 842 2909 1326 2979; x_wconf 80' lang='lat' dir='ltr'>justilicatiouibus</span> <span class='ocrx_word' id='word_1_301' title='bbox 1366 2910 1523 2961; x_wconf 90' lang='lat' dir='ltr'>meis.</span> 
     </span>
    </p>
   </div>
   <div class='ocr_carea' id='block_1_53' title="bbox 1730 2905 3324 2979">
    <p class='ocr_par' dir='ltr' id='par_1_53' title="bbox 2327 2908 3324 2979">
     <span class='ocr_line' id='line_1_53' title="bbox 2327 2908 3324 2979; baseline 0 -17"><span class='ocrx_word' id='word_1_302' title='bbox 2327 2908 2418 2963; x_wconf 88' lang='grc'>28.</span> <span class='ocrx_word' id='word_1_303' title='bbox 2464 2910 2552 2962; x_wconf 82' lang='grc' dir='ltr'>Ἐν</span> <span class='ocrx_word' id='word_1_304' title='bbox 2583 2912 2695 2972; x_wconf 85' lang='grc' dir='ltr'>τοῖς</span> <span class='ocrx_word' id='word_1_305' title='bbox 2722 2908 3055 2979; x_wconf 79' lang='grc' dir='ltr'>δικαιώμασί</span> <span class='ocrx_word' id='word_1_306' title='bbox 3088 2927 3182 2962; x_wconf 86' lang='grc' dir='ltr'>σου</span> 
     </span>
    </p>
   </div>
   <div class='ocr_carea' id='block_1_54' title="bbox 645 2998 2239 3073">
    <p class='ocr_par' dir='ltr' id='par_1_54' title="bbox 645 2998 1344 3070">
     <span class='ocr_line' id='line_1_54' title="bbox 645 2998 1344 3070; baseline -0.003 -15"><span class='ocrx_word' id='word_1_307' title='bbox 645 2998 735 3057; x_wconf 80' lang='grc'>29.</span> <span class='ocrx_word' id='word_1_308' title='bbox 771 3002 980 3056; x_wconf 88' lang='lat' dir='ltr'>Diaboli</span> <span class='ocrx_word' id='word_1_309' title='bbox 1022 3010 1344 3070; x_wconf 86' lang='lat' dir='ltr'>potestates.</span> 
     </span>
    </p>
   </div>
   <div class='ocr_carea' id='block_1_55' title="bbox 1671 2998 3265 3073">
    <p class='ocr_par' dir='ltr' id='par_1_55' title="bbox 2328 2999 3265 3073">
     <span class='ocr_line' id='line_1_55' title="bbox 2328 2999 3265 3073; baseline 0.003 -20"><span class='ocrx_word' id='word_1_310' title='bbox 2328 2999 2417 3053; x_wconf 80' lang='grc'>29.</span> <span class='ocrx_word' id='word_1_311' title='bbox 2454 3000 2564 3063; x_wconf 78' lang='grc' dir='ltr'>Τὰς</span> <span class='ocrx_word' id='word_1_312' title='bbox 2590 3001 2683 3054; x_wconf 79' lang='grc' dir='ltr'>τοῦ</span> <span class='ocrx_word' id='word_1_313' title='bbox 2718 3001 2961 3054; x_wconf 72' lang='grc' dir='ltr'>διαϐόλου</span> <span class='ocrx_word' id='word_1_314' title='bbox 2992 3002 3265 3073; x_wconf 80' lang='grc' dir='ltr'>δυνάμεις.</span> 
     </span>
    </p>
   </div>
   <div class='ocr_carea' id='block_1_56' title="bbox 645 3091 2239 3167">
    <p class='ocr_par' dir='ltr' id='par_1_56' title="bbox 645 3091 1559 3162">
     <span class='ocr_line' id='line_1_56' title="bbox 645 3091 1559 3162; baseline -0.005 -13"><span class='ocrx_word' id='word_1_315' title='bbox 645 3092 736 3149; x_wconf 87' lang='grc'>50.</span> <span class='ocrx_word' id='word_1_316' title='bbox 768 3092 943 3162; x_wconf 90' lang='lat' dir='ltr'>Super</span> <span class='ocrx_word' id='word_1_317' title='bbox 977 3093 1285 3147; x_wconf 89' lang='lat' dir='ltr'>immundos</span> <span class='ocrx_word' id='word_1_318' title='bbox 1313 3091 1559 3159; x_wconf 88' lang='lat' dir='ltr'>spiritus.</span> 
     </span>
    </p>
   </div>
   <div class='ocr_carea' id='block_1_57' title="bbox 1851 3091 3445 3167">
    <p class='ocr_par' dir='ltr' id='par_1_57' title="bbox 2330 3092 3445 3167">
     <span class='ocr_line' id='line_1_57' title="bbox 2330 3092 3445 3167; baseline 0.004 -23"><span class='ocrx_word' id='word_1_319' title='bbox 2330 3092 2420 3145; x_wconf 82' lang='lat' dir='ltr'>5U.</span> <span class='ocrx_word' id='word_1_320' title='bbox 2470 3093 2593 3143; x_wconf 71' lang='grc' dir='ltr'>Ἐπὶ</span> <span class='ocrx_word' id='word_1_321' title='bbox 2619 3093 2687 3144; x_wconf 74' lang='grc' dir='ltr'>τὰ</span> <span class='ocrx_word' id='word_1_322' title='bbox 2719 3092 3006 3161; x_wconf 82' lang='grc' dir='ltr'>πνεύματα</span> <span class='ocrx_word' id='word_1_323' title='bbox 3038 3095 3107 3147; x_wconf 84' lang='grc' dir='ltr'>τὰ</span> <span class='ocrx_word' id='word_1_324' title='bbox 3139 3095 3445 3167; x_wconf 81' lang='grc' dir='ltr'>ἀκάθαρτα,</span> 
     </span>
    </p>
   </div>
   <div class='ocr_carea' id='block_1_58' title="bbox 647 3182 2241 3263">
    <p class='ocr_par' dir='ltr' id='par_1_58' title="bbox 647 3183 2226 3263">
     <span class='ocr_line' id='line_1_58' title="bbox 647 3183 2226 3263; baseline -0.001 -24"><span class='ocrx_word' id='word_1_325' title='bbox 647 3185 735 3239; x_wconf 81' lang='grc'>51.</span> <span class='ocrx_word' id='word_1_326' title='bbox 766 3183 970 3249; x_wconf 64' lang='lat' dir='ltr'>Judaei,</span> <span class='ocrx_word' id='word_1_327' title='bbox 1024 3203 1145 3256; x_wconf 76' lang='lat' dir='ltr'><strong>qua:</strong></span> <span class='ocrx_word' id='word_1_328' title='bbox 1194 3186 1242 3239; x_wconf 90' lang='lat' dir='ltr'>ei</span> <span class='ocrx_word' id='word_1_329' title='bbox 1277 3185 1644 3255; x_wconf 88' lang='lat' dir='ltr'>promiserant</span> <span class='ocrx_word' id='word_1_330' title='bbox 1694 3183 1749 3238; x_wconf 87' lang='lat' dir='ltr'>in</span> <span class='ocrx_word' id='word_1_331' title='bbox 1799 3192 1985 3238; x_wconf 88' lang='lat' dir='ltr'>monte</span> <span class='ocrx_word' id='word_1_332' title='bbox 2018 3184 2148 3237; x_wconf 88' lang='lat' dir='ltr'>Sina</span> <span class='ocrx_word' id='word_1_333' title='bbox 2182 3238 2226 3263; x_wconf 51' lang='grc' dir='ltr'>η</span> 
     </span>
    </p>
   </div>
   <div class='ocr_carea' id='block_1_59' title="bbox 2264 3182 3858 3263">
    <p class='ocr_par' dir='ltr' id='par_1_59' title="bbox 2325 3182 3858 3263">
     <span class='ocr_line' id='line_1_59' title="bbox 2325 3182 3858 3263; baseline 0.006 -26"><span class='ocrx_word' id='word_1_334' title='bbox 2325 3182 2410 3237; x_wconf 75' lang='grc'>51.</span> <span class='ocrx_word' id='word_1_335' title='bbox 2464 3184 2526 3236; x_wconf 87' lang='lat' dir='ltr'>Ol</span> <span class='ocrx_word' id='word_1_336' title='bbox 2573 3182 2852 3246; x_wconf 81' lang='grc' dir='ltr'>Ἰουδαῖοι,</span> <span class='ocrx_word' id='word_1_337' title='bbox 2884 3182 2919 3237; x_wconf 74' lang='grc' dir='ltr'>ἃ</span> <span class='ocrx_word' id='word_1_338' title='bbox 2956 3184 3240 3240; x_wconf 82' lang='grc' dir='ltr'>συνέθεντο</span> <span class='ocrx_word' id='word_1_339' title='bbox 3280 3187 3431 3258; x_wconf 78' lang='grc' dir='ltr'>αὐτῷ</span> <span class='ocrx_word' id='word_1_340' title='bbox 3479 3188 3537 3241; x_wconf 79' lang='grc' dir='ltr'>ὲν</span> <span class='ocrx_word' id='word_1_341' title='bbox 3576 3188 3696 3263; x_wconf 74' lang='grc' dir='ltr'>δρει</span> <span class='ocrx_word' id='word_1_342' title='bbox 3720 3192 3858 3247; x_wconf 79' lang='grc' dir='ltr'>Σινᾶ</span> 
     </span>
    </p>
   </div>
   <div class='ocr_carea' id='block_1_60' title="bbox 573 3274 2167 3347">
    <p class='ocr_par' dir='ltr' id='par_1_60' title="bbox 573 3277 1331 3347">
     <span class='ocr_line' id='line_1_60' title="bbox 573 3277 1331 3347; baseline -0.001 -14"><span class='ocrx_word' id='word_1_343' title='bbox 573 3277 889 3347; x_wconf 69' lang='lat' dir='ltr'>adimplere,</span> <span class='ocrx_word' id='word_1_344' title='bbox 923 3296 1029 3332; x_wconf 90' lang='lat' dir='ltr'>non</span> <span class='ocrx_word' id='word_1_345' title='bbox 1064 3279 1331 3334; x_wconf 82' lang='lat' dir='ltr'>fecerunt.</span> 
     </span>
    </p>
   </div>
   <div class='ocr_carea' id='block_1_61' title="bbox 1360 3274 2954 3347">
    <p class='ocr_par' dir='ltr' id='par_1_61' title="bbox 2182 3274 2954 3347">
     <span class='ocr_line' id='line_1_61' title="bbox 2182 3274 2954 3347; baseline 0.004 -20"><span class='ocrx_word' id='word_1_346' title='bbox 2182 3274 2227 3299; x_wconf 71' lang='grc' dir='ltr'>υ</span> <span class='ocrx_word' id='word_1_347' title='bbox 2260 3274 2520 3347; x_wconf 78' lang='grc' dir='ltr'>πληροῦν,</span> <span class='ocrx_word' id='word_1_348' title='bbox 2546 3276 2648 3329; x_wconf 85' lang='grc' dir='ltr'>οὐκ</span> <span class='ocrx_word' id='word_1_349' title='bbox 2674 3277 2954 3347; x_wconf 79' lang='grc' dir='ltr'>ἐποίησαν.</span> 
     </span>
    </p>
   </div>
   <div class='ocr_carea' id='block_1_62' title="bbox 647 3369 2241 3447">
    <p class='ocr_par' dir='ltr' id='par_1_62' title="bbox 647 3369 1817 3435">
     <span class='ocr_line' id='line_1_62' title="bbox 647 3369 1817 3435; baseline -0.004 -12"><span class='ocrx_word' id='word_1_350' title='bbox 647 3369 734 3423; x_wconf 86' lang='grc'>52.</span> <span class='ocrx_word' id='word_1_351' title='bbox 773 3369 837 3424; x_wconf 88' lang='grc' dir='ltr'>Ει</span> <span class='ocrx_word' id='word_1_352' title='bbox 866 3372 1173 3425; x_wconf 86' lang='lat' dir='ltr'>maledictio</span> <span class='ocrx_word' id='word_1_353' title='bbox 1203 3384 1392 3423; x_wconf 87' lang='lat' dir='ltr'>eorum</span> <span class='ocrx_word' id='word_1_354' title='bbox 1426 3377 1685 3435; x_wconf 87' lang='lat' dir='ltr'>perpetua</span> <span class='ocrx_word' id='word_1_355' title='bbox 1715 3376 1817 3421; x_wconf 89' lang='lat' dir='ltr'>est.</span> 
     </span>
    </p>
   </div>
   <div class='ocr_carea' id='block_1_63' title="bbox 2118 3369 3712 3447">
    <p class='ocr_par' dir='ltr' id='par_1_63' title="bbox 2324 3369 3712 3447">
     <span class='ocr_line' id='line_1_63' title="bbox 2324 3369 3712 3447; baseline 0.007 -25"><span class='ocrx_word' id='word_1_356' title='bbox 2324 3369 2412 3422; x_wconf 87' lang='grc'>52.</span> <span class='ocrx_word' id='word_1_357' title='bbox 2440 3369 2549 3422; x_wconf 76' lang='grc' dir='ltr'>Καὶ</span> <span class='ocrx_word' id='word_1_358' title='bbox 2580 3370 2612 3442; x_wconf 82' lang='grc' dir='ltr'><strong>ἠ</strong></span> <span class='ocrx_word' id='word_1_359' title='bbox 2636 3370 2853 3443; x_wconf 81' lang='grc' dir='ltr'>κατάρα</span> <span class='ocrx_word' id='word_1_360' title='bbox 2876 3371 3055 3425; x_wconf 79' lang='grc' dir='ltr'>αὐτῶν</span> <span class='ocrx_word' id='word_1_361' title='bbox 3082 3372 3440 3443; x_wconf 84' lang='grc' dir='ltr'>ἀτελεύτητός</span> <span class='ocrx_word' id='word_1_362' title='bbox 3462 3376 3579 3429; x_wconf 77' lang='grc' dir='ltr'>ἐστι</span> <span class='ocrx_word' id='word_1_363' title='bbox 3606 3376 3712 3447; x_wconf 84' lang='grc'>(2).</span> 
     </span>
    </p>
   </div>
   <div class='ocr_carea' id='block_1_64' title="bbox 640 3456 2234 3539">
    <p class='ocr_par' dir='ltr' id='par_1_64' title="bbox 640 3460 1689 3527">
     <span class='ocr_line' id='line_1_64' title="bbox 640 3460 1689 3527; baseline -0.005 -10"><span class='ocrx_word' id='word_1_364' title='bbox 640 3464 731 3517; x_wconf 88' lang='grc'>55.</span> <span class='ocrx_word' id='word_1_365' title='bbox 765 3462 976 3517; x_wconf 81' lang='lat' dir='ltr'>Fideles</span> <span class='ocrx_word' id='word_1_366' title='bbox 1005 3478 1143 3526; x_wconf 83' lang='lat' dir='ltr'>pane</span> <span class='ocrx_word' id='word_1_367' title='bbox 1172 3460 1381 3514; x_wconf 72' lang='lat' dir='ltr'>cmlcsti</span> <span class='ocrx_word' id='word_1_368' title='bbox 1421 3460 1689 3527; x_wconf 82' lang='lat' dir='ltr'>(eihavit).</span> 
     </span>
    </p>
   </div>
   <div class='ocr_carea' id='block_1_65' title="bbox 1855 3456 3449 3539">
    <p class='ocr_par' dir='ltr' id='par_1_65' title="bbox 2322 3456 3449 3539">
     <span class='ocr_line' id='line_1_65' title="bbox 2322 3456 3449 3539; baseline 0.008 -27"><span class='ocrx_word' id='word_1_369' title='bbox 2322 3456 2411 3513; x_wconf 89' lang='lat'><strong>55.</strong></span> <span class='ocrx_word' id='word_1_370' title='bbox 2446 3461 2583 3523; x_wconf 72' lang='grc' dir='ltr'>Τοὺς</span> <span class='ocrx_word' id='word_1_371' title='bbox 2608 3466 2833 3527; x_wconf 80' lang='grc' dir='ltr'>πιστοὺς</span> <span class='ocrx_word' id='word_1_372' title='bbox 2862 3464 2952 3517; x_wconf 83' lang='grc' dir='ltr'>τὸν</span> <span class='ocrx_word' id='word_1_373' title='bbox 2981 3465 3233 3537; x_wconf 76' lang='grc' dir='ltr'>οὐράνιον</span> <span class='ocrx_word' id='word_1_374' title='bbox 3262 3468 3449 3539; x_wconf 85' lang='grc' dir='ltr'>ἄρτον.</span> 
     </span>
    </p>
   </div>
   <div class='ocr_carea' id='block_1_66' title="bbox 644 3552 2238 3630">
    <p class='ocr_par' dir='ltr' id='par_1_66' title="bbox 644 3552 2149 3625">
     <span class='ocr_line' id='line_1_66' title="bbox 644 3552 2149 3625; baseline -0.003 -16"><span class='ocrx_word' id='word_1_375' title='bbox 644 3554 732 3609; x_wconf 86' lang='lat'>54.</span> <span class='ocrx_word' id='word_1_376' title='bbox 781 3554 844 3608; x_wconf 78' lang='lat' dir='ltr'>Et</span> <span class='ocrx_word' id='word_1_377' title='bbox 893 3553 959 3609; x_wconf 90' lang='lat' dir='ltr'>de</span> <span class='ocrx_word' id='word_1_378' title='bbox 1022 3554 1194 3625; x_wconf 79' lang='lat' dir='ltr'>gratia</span> <span class='ocrx_word' id='word_1_379' title='bbox 1248 3569 1345 3607; x_wconf 84' lang='lat' dir='ltr'><strong>sua</strong></span> <span class='ocrx_word' id='word_1_380' title='bbox 1404 3553 1637 3622; x_wconf 81' lang='lat' dir='ltr'>eloquiis</span> <span class='ocrx_word' id='word_1_381' title='bbox 1698 3552 1813 3606; x_wconf 88' lang='lat' dir='ltr'><strong>suis</strong></span> <span class='ocrx_word' id='word_1_382' title='bbox 1876 3552 2149 3607; x_wconf 72' lang='lat' dir='ltr'>saturavit</span> 
     </span>
    </p>
   </div>
   <div class='ocr_carea' id='block_1_67' title="bbox 2257 3552 3851 3630">
    <p class='ocr_par' dir='ltr' id='par_1_67' title="bbox 2319 3552 3851 3630">
     <span class='ocr_line' id='line_1_67' title="bbox 2319 3552 3851 3630; baseline 0.007 -24"><span class='ocrx_word' id='word_1_383' title='bbox 2319 3552 2407 3606; x_wconf 87' lang='lat'>54.</span> <span class='ocrx_word' id='word_1_384' title='bbox 2456 3553 2564 3605; x_wconf 78' lang='grc' dir='ltr'>Καὶ</span> <span class='ocrx_word' id='word_1_385' title='bbox 2622 3554 2687 3606; x_wconf 80' lang='grc' dir='ltr'>ὲκ</span> <span class='ocrx_word' id='word_1_386' title='bbox 2736 3556 2834 3625; x_wconf 80' lang='grc' dir='ltr'>τῆς</span> <span class='ocrx_word' id='word_1_387' title='bbox 2878 3556 3098 3630; x_wconf 85' lang='grc' dir='ltr'>χάριτος</span> <span class='ocrx_word' id='word_1_388' title='bbox 3145 3559 3309 3612; x_wconf 79' lang='grc' dir='ltr'>αὐτοῦ</span> <span class='ocrx_word' id='word_1_389' title='bbox 3358 3560 3427 3614; x_wconf 70' lang='grc' dir='ltr'>τὰ</span> <span class='ocrx_word' id='word_1_390' title='bbox 3470 3559 3625 3628; x_wconf 80' lang='grc' dir='ltr'>λόγια</span> <span class='ocrx_word' id='word_1_391' title='bbox 3678 3561 3851 3617; x_wconf 78' lang='grc' dir='ltr'>αὐτοῦ</span> 
     </span>
    </p>
   </div>
   <div class='ocr_carea' id='block_1_68' title="bbox 569 3644 2797 3715">
    <p class='ocr_par' dir='ltr' id='par_1_68' title="bbox 569 3644 2797 3715">
     <span class='ocr_line' id='line_1_68' title="bbox 569 3644 2797 3715; baseline 0 -16"><span class='ocrx_word' id='word_1_392' title='bbox 569 3660 685 3701; x_wconf 89' lang='lat' dir='ltr'>eos.</span> <span class='ocrx_word' id='word_1_393' title='bbox 2249 3644 2545 3715; x_wconf 79' lang='grc' dir='ltr'>ὲχόρτασεν</span> <span class='ocrx_word' id='word_1_394' title='bbox 2581 3646 2797 3709; x_wconf 76' lang='grc' dir='ltr'>αὐτούς.</span> 
     </span>
    </p>
   </div>
   <div class='ocr_carea' id='block_1_69' title="bbox 652 3739 3853 3819">
    <p class='ocr_par' dir='ltr' id='par_1_69' title="bbox 652 3739 3853 3819">
     <span class='ocr_line' id='line_1_69' title="bbox 652 3739 3853 3819; baseline 0.002 -24"><span class='ocrx_word' id='word_1_395' title='bbox 652 3740 715 3795; x_wconf 85' lang='grc' dir='ltr'>Ἦ</span> <span class='ocrx_word' id='word_1_396' title='bbox 746 3741 1077 3812; x_wconf 81' lang='grc' dir='ltr'>προκειμένη</span> <span class='ocrx_word' id='word_1_397' title='bbox 1109 3740 1389 3810; x_wconf 77' lang='grc' dir='ltr'>ἐπιγραφὴ</span> <span class='ocrx_word' id='word_1_398' title='bbox 1419 3740 1660 3811; x_wconf 78' lang='grc' dir='ltr'>περιέχει</span> <span class='ocrx_word' id='word_1_399' title='bbox 1694 3741 1767 3809; x_wconf 83' lang='grc'>(5)</span> <span class='ocrx_word' id='word_1_400' title='bbox 1789 3758 1802 3769; x_wconf 81' lang='grc'><em>’</em></span> <span class='ocrx_word' id='word_1_401' title='bbox 1849 3740 2094 3809; x_wconf 72' lang='grc' dir='ltr'>Ψαλμός</span> <span class='ocrx_word' id='word_1_402' title='bbox 2130 3739 2209 3805; x_wconf 79' lang='grc' dir='ltr'>τῷ</span> <span class='ocrx_word' id='word_1_403' title='bbox 2250 3741 2455 3809; x_wconf 68' lang='grc' dir='ltr'>Ἁσὰερ,</span> <span class='ocrx_word' id='word_1_404' title='bbox 2485 3742 2620 3811; x_wconf 83' lang='grc' dir='ltr'>ὅπερ</span> <span class='ocrx_word' id='word_1_405' title='bbox 2668 3742 3029 3813; x_wconf 79' lang='grc' dir='ltr'>ἑρμηνεύεται</span> <span class='ocrx_word' id='word_1_406' title='bbox 3070 3745 3312 3815; x_wconf 69' lang='grc' dir='ltr'>ψαλμὸς</span> <span class='ocrx_word' id='word_1_407' title='bbox 3357 3748 3445 3813; x_wconf 80' lang='grc' dir='ltr'>εὶς</span> <span class='ocrx_word' id='word_1_408' title='bbox 3478 3746 3587 3800; x_wconf 80' lang='grc' dir='ltr'>τὸν</span> <span class='ocrx_word' id='word_1_409' title='bbox 3627 3748 3853 3819; x_wconf 73' lang='grc' dir='ltr'>λέγον-</span> 
     </span>
    </p>
   </div>
   <div class='ocr_carea' id='block_1_70' title="bbox 570 3830 3843 3907">
    <p class='ocr_par' dir='ltr' id='par_1_70' title="bbox 570 3830 3843 3907">
     <span class='ocr_line' id='line_1_70' title="bbox 570 3830 3843 3907; baseline 0.003 -22"><span class='ocrx_word' id='word_1_410' title='bbox 570 3849 641 3885; x_wconf 84' lang='grc' dir='ltr'>τα</span> <span class='ocrx_word' id='word_1_411' title='bbox 677 3832 753 3902; x_wconf 87' lang='lat'>(4)</span> <span class='ocrx_word' id='word_1_412' title='bbox 793 3833 889 3886; x_wconf 73' lang='grc' dir='ltr'>καὶ</span> <span class='ocrx_word' id='word_1_413' title='bbox 918 3836 1005 3898; x_wconf 86' lang='grc' dir='ltr'>είς</span> <span class='ocrx_word' id='word_1_414' title='bbox 1036 3833 1148 3901; x_wconf 81' lang='grc' dir='ltr'>τὴν</span> <span class='ocrx_word' id='word_1_415' title='bbox 1177 3832 1538 3901; x_wconf 66' lang='grc' dir='ltr'>συναγωγὴν</span> <span class='ocrx_word' id='word_1_416' title='bbox 1566 3830 1684 3885; x_wconf 77' lang='grc' dir='ltr'>τῶν</span> <span class='ocrx_word' id='word_1_417' title='bbox 1728 3832 2025 3885; x_wconf 77' lang='grc' dir='ltr'>Ἰουδαίων</span> <span class='ocrx_word' id='word_1_418' title='bbox 2055 3832 2161 3902; x_wconf 83' lang='grc'>(5)·</span> <span class='ocrx_word' id='word_1_419' title='bbox 2196 3831 2263 3885; x_wconf 77' lang='grc' dir='ltr'>τὰ</span> <span class='ocrx_word' id='word_1_420' title='bbox 2302 3832 2407 3901; x_wconf 82' lang='grc' dir='ltr'>γὰρ</span> <span class='ocrx_word' id='word_1_421' title='bbox 2436 3832 2721 3903; x_wconf 75' lang='grc' dir='ltr'>ἀμφότερα</span> <span class='ocrx_word' id='word_1_422' title='bbox 2745 3834 3108 3905; x_wconf 80' lang='grc' dir='ltr'>ἑρμηνεύεται</span> <span class='ocrx_word' id='word_1_423' title='bbox 3134 3834 3215 3901; x_wconf 82' lang='grc' dir='ltr'>τῷ</span> <span class='ocrx_word' id='word_1_424' title='bbox 3252 3836 3457 3907; x_wconf 69' lang='grc' dir='ltr'>Ἀσάφ,</span> <span class='ocrx_word' id='word_1_425' title='bbox 3490 3839 3584 3892; x_wconf 80' lang='grc' dir='ltr'>καὶ</span> <span class='ocrx_word' id='word_1_426' title='bbox 3613 3841 3843 3895; x_wconf 69' lang='grc' dir='ltr'>συλλέ-</span> 
     </span>
    </p>
   </div>
   <div class='ocr_carea' id='block_1_71' title="bbox 572 3922 3272 3999">
    <p class='ocr_par' dir='ltr' id='par_1_71' title="bbox 572 3922 3272 3999">
     <span class='ocr_line' id='line_1_71' title="bbox 572 3922 3272 3999; baseline 0.001 -20"><span class='ocrx_word' id='word_1_427' title='bbox 572 3945 711 3996; x_wconf 72' lang='grc' dir='ltr'>γων,</span> <span class='ocrx_word' id='word_1_428' title='bbox 742 3929 834 3980; x_wconf 77' lang='grc' dir='ltr'>καὶ</span> <span class='ocrx_word' id='word_1_429' title='bbox 864 3927 1217 3999; x_wconf 77' lang='grc' dir='ltr'>συναγωγή·</span> <span class='ocrx_word' id='word_1_430' title='bbox 1249 3927 1311 3980; x_wconf 82' lang='grc' dir='ltr'>τὸ</span> <span class='ocrx_word' id='word_1_431' title='bbox 1346 3922 1439 3981; x_wconf 85' lang='grc' dir='ltr'>οὖν</span> <span class='ocrx_word' id='word_1_432' title='bbox 1466 3927 1678 3999; x_wconf 80' lang='grc' dir='ltr'>πρῶτον</span> <span class='ocrx_word' id='word_1_433' title='bbox 1704 3930 1783 3992; x_wconf 84' lang='grc' dir='ltr'>είς</span> <span class='ocrx_word' id='word_1_434' title='bbox 1814 3930 1903 3982; x_wconf 77' lang='grc' dir='ltr'>τὸν</span> <span class='ocrx_word' id='word_1_435' title='bbox 1932 3929 2084 3991; x_wconf 79' lang='grc' dir='ltr'>Θεὸν,</span> <span class='ocrx_word' id='word_1_436' title='bbox 2114 3928 2173 3981; x_wconf 72' lang='grc' dir='ltr'>τὸ</span> <span class='ocrx_word' id='word_1_437' title='bbox 2206 3928 2261 3981; x_wconf 85' lang='grc' dir='ltr'>δὲ</span> <span class='ocrx_word' id='word_1_438' title='bbox 2298 3927 2371 3996; x_wconf 84' lang='grc'>(6)</span> <span class='ocrx_word' id='word_1_439' title='bbox 2404 3926 2653 3998; x_wconf 86' lang='grc' dir='ltr'>δεύτερον</span> <span class='ocrx_word' id='word_1_440' title='bbox 2680 3929 2761 3991; x_wconf 87' lang='grc' dir='ltr'>είς</span> <span class='ocrx_word' id='word_1_441' title='bbox 2793 3930 2919 3993; x_wconf 84' lang='grc' dir='ltr'>τοὺς</span> <span class='ocrx_word' id='word_1_442' title='bbox 2965 3928 3272 3994; x_wconf 85' lang='grc' dir='ltr'>Ἰουδαίους.</span> 
     </span>
    </p>
   </div>
   <div class='ocr_carea' id='block_1_72' title="bbox 645 4017 3853 4101">
    <p class='ocr_par' dir='ltr' id='par_1_72' title="bbox 645 4017 3853 4101">
     <span class='ocr_line' id='line_1_72' title="bbox 645 4017 3853 4101; baseline 0.004 -28"><span class='ocrx_word' id='word_1_443' title='bbox 645 4019 860 4075; x_wconf 82' lang='lat' dir='ltr'>Titulus</span> <span class='ocrx_word' id='word_1_444' title='bbox 890 4022 1210 4091; x_wconf 70' lang='lat' dir='ltr'>przepositus</span> <span class='ocrx_word' id='word_1_445' title='bbox 1241 4020 1483 4075; x_wconf 89' lang='lat' dir='ltr'>continet</span> <span class='ocrx_word' id='word_1_446' title='bbox 1513 4035 1524 4069; x_wconf 89' lang='lat'>:</span> <span class='ocrx_word' id='word_1_447' title='bbox 1557 4017 1805 4074; x_wconf 81' lang='lat' dir='ltr'>Psalmus</span> <span class='ocrx_word' id='word_1_448' title='bbox 1842 4022 2039 4087; x_wconf 80' lang='lat' dir='ltr'>Asaph,</span> <span class='ocrx_word' id='word_1_449' title='bbox 2072 4020 2217 4090; x_wconf 90' lang='lat' dir='ltr'>quod</span> <span class='ocrx_word' id='word_1_450' title='bbox 2252 4020 2641 4089; x_wconf 87' lang='lat' dir='ltr'>interpretatur</span> <span class='ocrx_word' id='word_1_451' title='bbox 2668 4021 2907 4089; x_wconf 78' lang='lat' dir='ltr'>psalmus</span> <span class='ocrx_word' id='word_1_452' title='bbox 2941 4022 2997 4075; x_wconf 74' lang='lat' dir='ltr'>iu</span> <span class='ocrx_word' id='word_1_453' title='bbox 3042 4026 3396 4097; x_wconf 78' lang='lat' dir='ltr'>colligentem,</span> <span class='ocrx_word' id='word_1_454' title='bbox 3428 4039 3478 4083; x_wconf 83' lang='lat' dir='ltr'>et</span> <span class='ocrx_word' id='word_1_455' title='bbox 3506 4030 3561 4083; x_wconf 79' lang='lat' dir='ltr'>in</span> <span class='ocrx_word' id='word_1_456' title='bbox 3596 4029 3853 4101; x_wconf 71' lang='lat' dir='ltr'>Synago-</span> 
     </span>
    </p>
   </div>
   <div class='ocr_carea' id='block_1_73' title="bbox 572 4118 3850 4201">
    <p class='ocr_par' dir='ltr' id='par_1_73' title="bbox 572 4118 3850 4201">
     <span class='ocr_line' id='line_1_73' title="bbox 572 4118 3850 4201; baseline 0.005 -35"><span class='ocrx_word' id='word_1_457' title='bbox 572 4130 692 4183; x_wconf 87' lang='lat' dir='ltr'>gam</span> <span class='ocrx_word' id='word_1_458' title='bbox 740 4132 835 4171; x_wconf 84' lang='lat' dir='ltr'>seu</span> <span class='ocrx_word' id='word_1_459' title='bbox 882 4119 1333 4188; x_wconf 77' lang='lat' dir='ltr'>congregationem</span> <span class='ocrx_word' id='word_1_460' title='bbox 1364 4118 1702 4186; x_wconf 79' lang='lat' dir='ltr'>Juda-orum,</span> <span class='ocrx_word' id='word_1_461' title='bbox 1734 4131 1967 4191; x_wconf 82' lang='lat' dir='ltr'>utroque</span> <span class='ocrx_word' id='word_1_462' title='bbox 2002 4122 2147 4175; x_wconf 89' lang='lat' dir='ltr'>enim</span> <span class='ocrx_word' id='word_1_463' title='bbox 2200 4121 2364 4174; x_wconf 83' lang='lat' dir='ltr'>modo</span> <span class='ocrx_word' id='word_1_464' title='bbox 2400 4121 2792 4192; x_wconf 88' lang='lat' dir='ltr'>interpretatur</span> <span class='ocrx_word' id='word_1_465' title='bbox 2820 4122 3023 4194; x_wconf 66' lang='lat' dir='ltr'>Asopia,</span> <span class='ocrx_word' id='word_1_466' title='bbox 3056 4134 3112 4180; x_wconf 88' lang='lat' dir='ltr'>et</span> <span class='ocrx_word' id='word_1_467' title='bbox 3156 4127 3428 4197; x_wconf 73' lang='lat' dir='ltr'>colligens,</span> <span class='ocrx_word' id='word_1_468' title='bbox 3463 4138 3519 4183; x_wconf 89' lang='lat' dir='ltr'>et</span> <span class='ocrx_word' id='word_1_469' title='bbox 3548 4145 3850 4201; x_wconf 74' lang='lat' dir='ltr'>synagoga,</span> 
     </span>
    </p>
   </div>
   <div class='ocr_carea' id='block_1_74' title="bbox 574 4214 2441 4286">
    <p class='ocr_par' dir='ltr' id='par_1_74' title="bbox 574 4214 2441 4286">
     <span class='ocr_line' id='line_1_74' title="bbox 574 4214 2441 4286; baseline 0.004 -22"><span class='ocrx_word' id='word_1_470' title='bbox 574 4225 671 4264; x_wconf 85' lang='lat' dir='ltr'>seu</span> <span class='ocrx_word' id='word_1_471' title='bbox 699 4214 1030 4281; x_wconf 77' lang='lat' dir='ltr'>congregatio</span> <span class='ocrx_word' id='word_1_472' title='bbox 1062 4230 1079 4266; x_wconf 90' lang='lat'><strong><em>:</em></strong></span> <span class='ocrx_word' id='word_1_473' title='bbox 1118 4216 1354 4283; x_wconf 89' lang='lat' dir='ltr'>primum</span> <span class='ocrx_word' id='word_1_474' title='bbox 1390 4216 1554 4286; x_wconf 82' lang='lat' dir='ltr'>igitur</span> <span class='ocrx_word' id='word_1_475' title='bbox 1584 4216 1637 4269; x_wconf 91' lang='lat' dir='ltr'>in</span> <span class='ocrx_word' id='word_1_476' title='bbox 1673 4215 1861 4283; x_wconf 87' lang='lat' dir='ltr'>Deum,</span> <span class='ocrx_word' id='word_1_477' title='bbox 1898 4218 2093 4272; x_wconf 88' lang='lat' dir='ltr'>deinde</span> <span class='ocrx_word' id='word_1_478' title='bbox 2121 4216 2174 4271; x_wconf 88' lang='lat' dir='ltr'>in</span> <span class='ocrx_word' id='word_1_479' title='bbox 2202 4215 2441 4272; x_wconf 72' lang='lat' dir='ltr'>Judaees.</span> 
     </span>
    </p>
   </div>
   <div class='ocr_carea' id='block_1_75' title="bbox 647 4371 2241 4454">
    <p class='ocr_par' dir='ltr' id='par_1_75' title="bbox 647 4371 2053 4434">
     <span class='ocr_line' id='line_1_75' title="bbox 647 4371 2053 4434; baseline 0.008 -11"><span class='ocrx_word' id='word_1_480' title='bbox 647 4372 697 4428; x_wconf 78' lang='lat' dir='ltr'>l.</span> <span class='ocrx_word' id='word_1_481' title='bbox 731 4371 872 4427; x_wconf 87' lang='lat' dir='ltr'>Deus</span> <span class='ocrx_word' id='word_1_482' title='bbox 907 4372 1143 4427; x_wconf 83' lang='lat' dir='ltr'>Verbum</span> <span class='ocrx_word' id='word_1_483' title='bbox 1170 4372 1388 4428; x_wconf 85' lang='lat' dir='ltr'>advenit</span> <span class='ocrx_word' id='word_1_484' title='bbox 1417 4376 1469 4428; x_wconf 93' lang='lat' dir='ltr'>in</span> <span class='ocrx_word' id='word_1_485' title='bbox 1506 4378 1684 4433; x_wconf 84' lang='lat' dir='ltr'>medio</span> <span class='ocrx_word' id='word_1_486' title='bbox 1716 4376 2053 4434; x_wconf 79' lang='lat' dir='ltr'>Judzeorum.</span> 
     </span>
    </p>
   </div>
   <div class='ocr_carea' id='block_1_76' title="bbox 2230 4371 3824 4454">
    <p class='ocr_par' dir='ltr' id='par_1_76' title="bbox 2320 4382 3824 4454">
     <span class='ocr_line' id='line_1_76' title="bbox 2320 4382 3824 4454; baseline 0.003 -19"><span class='ocrx_word' id='word_1_487' title='bbox 2320 4384 2371 4437; x_wconf 78' lang='lat' dir='ltr'>l.</span> <span class='ocrx_word' id='word_1_488' title='bbox 2387 4384 2445 4436; x_wconf 87' lang='lat'>&#39;0</span> <span class='ocrx_word' id='word_1_489' title='bbox 2466 4382 2597 4445; x_wconf 84' lang='grc' dir='ltr'>Θεὸς</span> <span class='ocrx_word' id='word_1_490' title='bbox 2620 4383 2791 4452; x_wconf 86' lang='grc' dir='ltr'>Λόγος</span> <span class='ocrx_word' id='word_1_491' title='bbox 2808 4382 3136 4451; x_wconf 81' lang='grc' dir='ltr'>παρεγένετο</span> <span class='ocrx_word' id='word_1_492' title='bbox 3155 4383 3214 4435; x_wconf 81' lang='grc' dir='ltr'>ὲν</span> <span class='ocrx_word' id='word_1_493' title='bbox 3240 4382 3390 4454; x_wconf 83' lang='grc' dir='ltr'>μέσῳ</span> <span class='ocrx_word' id='word_1_494' title='bbox 3410 4383 3518 4436; x_wconf 81' lang='grc' dir='ltr'>τῶν</span> <span class='ocrx_word' id='word_1_495' title='bbox 3543 4384 3824 4440; x_wconf 78' lang='grc' dir='ltr'>Ἰουδαίων</span> 
     </span>
    </p>
   </div>
   <div class='ocr_carea' id='block_1_77' title="bbox 644 4462 2238 4547">
    <p class='ocr_par' dir='ltr' id='par_1_77' title="bbox 644 4462 1771 4536">
     <span class='ocr_line' id='line_1_77' title="bbox 644 4462 1771 4536; baseline 0.01 -21"><span class='ocrx_word' id='word_1_496' title='bbox 644 4462 695 4515; x_wconf 83' lang='grc'>2.</span> <span class='ocrx_word' id='word_1_497' title='bbox 730 4462 784 4515; x_wconf 86' lang='lat' dir='ltr'>In</span> <span class='ocrx_word' id='word_1_498' title='bbox 817 4463 1106 4518; x_wconf 81' lang='lat' dir='ltr'>manifesto</span> <span class='ocrx_word' id='word_1_499' title='bbox 1136 4474 1317 4518; x_wconf 87' lang='lat' dir='ltr'>autem</span> <span class='ocrx_word' id='word_1_500' title='bbox 1354 4469 1626 4536; x_wconf 75' lang='lat' dir='ltr'>redarguit</span> <span class='ocrx_word' id='word_1_501' title='bbox 1654 4488 1771 4525; x_wconf 89' lang='lat' dir='ltr'>eos.</span> 
     </span>
    </p>
   </div>
   <div class='ocr_carea' id='block_1_78' title="bbox 1912 4462 3506 4547">
    <p class='ocr_par' dir='ltr' id='par_1_78' title="bbox 2316 4476 3506 4547">
     <span class='ocr_line' id='line_1_78' title="bbox 2316 4476 3506 4547; baseline 0.002 -16"><span class='ocrx_word' id='word_1_502' title='bbox 2316 4478 2369 4531; x_wconf 83' lang='grc'>2.</span> <span class='ocrx_word' id='word_1_503' title='bbox 2410 4477 2496 4528; x_wconf 88' lang='grc' dir='ltr'>Ἐν</span> <span class='ocrx_word' id='word_1_504' title='bbox 2521 4476 2576 4527; x_wconf 78' lang='grc' dir='ltr'>δὲ</span> <span class='ocrx_word' id='word_1_505' title='bbox 2600 4476 2677 4545; x_wconf 89' lang='grc' dir='ltr'>τῷ</span> <span class='ocrx_word' id='word_1_506' title='bbox 2706 4477 2781 4545; x_wconf 87' lang='grc'>(7)</span> <span class='ocrx_word' id='word_1_507' title='bbox 2807 4476 3028 4547; x_wconf 82' lang='grc' dir='ltr'>φανερῷ</span> <span class='ocrx_word' id='word_1_508' title='bbox 3053 4477 3265 4546; x_wconf 71' lang='grc' dir='ltr'>ἐλέγχει</span> <span class='ocrx_word' id='word_1_509' title='bbox 3288 4476 3506 4540; x_wconf 72' lang='grc' dir='ltr'>αὐτούς.</span> 
     </span>
    </p>
   </div>
   <div class='ocr_carea' id='block_1_79' title="bbox 642 4553 2236 4645">
    <p class='ocr_par' dir='ltr' id='par_1_79' title="bbox 642 4553 1659 4627">
     <span class='ocr_line' id='line_1_79' title="bbox 642 4553 1659 4627; baseline 0.009 -20"><span class='ocrx_word' id='word_1_510' title='bbox 642 4554 695 4607; x_wconf 84' lang='grc'>5.</span> <span class='ocrx_word' id='word_1_511' title='bbox 734 4553 1027 4622; x_wconf 84' lang='lat' dir='ltr'>Usquequo</span> <span class='ocrx_word' id='word_1_512' title='bbox 1058 4556 1189 4609; x_wconf 85' lang='lat' dir='ltr'><strong>nihil</strong></span> <span class='ocrx_word' id='word_1_513' title='bbox 1224 4570 1415 4611; x_wconf 86' lang='lat' dir='ltr'>verum</span> <span class='ocrx_word' id='word_1_514' title='bbox 1444 4557 1659 4627; x_wconf 76' lang='lat' dir='ltr'>facitis;</span> 
     </span>
    </p>
   </div>
   <div class='ocr_carea' id='block_1_80' title="bbox 1800 4553 3394 4645">
    <p class='ocr_par' dir='ltr' id='par_1_80' title="bbox 2318 4572 3394 4645">
     <span class='ocr_line' id='line_1_80' title="bbox 2318 4572 3394 4645; baseline 0.001 -20"><span class='ocrx_word' id='word_1_515' title='bbox 2318 4573 2371 4625; x_wconf 87' lang='grc'>5.</span> <span class='ocrx_word' id='word_1_516' title='bbox 2408 4573 2553 4635; x_wconf 82' lang='grc' dir='ltr'>Ἕως</span> <span class='ocrx_word' id='word_1_517' title='bbox 2580 4572 2710 4624; x_wconf 75' lang='grc' dir='ltr'>πότε</span> <span class='ocrx_word' id='word_1_518' title='bbox 2737 4572 2889 4625; x_wconf 75' lang='grc' dir='ltr'>οὐδὲν</span> <span class='ocrx_word' id='word_1_519' title='bbox 2925 4572 3126 4645; x_wconf 80' lang='grc' dir='ltr'>ἀληθὲς</span> <span class='ocrx_word' id='word_1_520' title='bbox 3156 4577 3358 4627; x_wconf 80' lang='grc' dir='ltr'>ποιεῖτε</span> <span class='ocrx_word' id='word_1_521' title='bbox 3380 4590 3394 4603; x_wconf 86' lang='grc'>·</span> 
     </span>
    </p>
   </div>
   <div class='ocr_carea' id='block_1_81' title="bbox 641 4645 2235 4735">
    <p class='ocr_par' dir='ltr' id='par_1_81' title="bbox 641 4645 1342 4714">
     <span class='ocr_line' id='line_1_81' title="bbox 641 4645 1342 4714; baseline 0.007 -15"><span class='ocrx_word' id='word_1_522' title='bbox 641 4647 693 4699; x_wconf 77' lang='lat'><strong>4.</strong></span> <span class='ocrx_word' id='word_1_523' title='bbox 730 4645 1051 4699; x_wconf 84' lang='lat' dir='ltr'>llominiims</span> <span class='ocrx_word' id='word_1_524' title='bbox 1082 4648 1342 4714; x_wconf 80' lang='lat' dir='ltr'>placetis?</span> 
     </span>
    </p>
   </div>
   <div class='ocr_carea' id='block_1_82' title="bbox 1382 4645 2976 4735">
    <p class='ocr_par' dir='ltr' id='par_1_82' title="bbox 2318 4664 2976 4735">
     <span class='ocr_line' id='line_1_82' title="bbox 2318 4664 2976 4735; baseline 0.006 -20"><span class='ocrx_word' id='word_1_525' title='bbox 2318 4664 2370 4716; x_wconf 73' lang='grc'><strong>4.</strong></span> <span class='ocrx_word' id='word_1_526' title='bbox 2414 4664 2976 4735; x_wconf 81' lang='grc' dir='ltr'>Ἀνθρωπαρεσκεῖτε;</span> 
     </span>
    </p>
   </div>
   <div class='ocr_carea' id='block_1_83' title="bbox 646 4736 2240 4833">
    <p class='ocr_par' dir='ltr' id='par_1_83' title="bbox 646 4736 2223 4833">
     <span class='ocr_line' id='line_1_83' title="bbox 646 4736 2223 4833; baseline 0.007 -42"><span class='ocrx_word' id='word_1_527' title='bbox 646 4736 947 4791; x_wconf 79' lang='lat' dir='ltr'>5.Justum</span> <span class='ocrx_word' id='word_1_528' title='bbox 1008 4738 1272 4807; x_wconf 76' lang='lat' dir='ltr'>judicium</span> <span class='ocrx_word' id='word_1_529' title='bbox 1340 4743 1613 4810; x_wconf 85' lang='lat' dir='ltr'>judieale,</span> <span class='ocrx_word' id='word_1_530' title='bbox 1671 4754 1719 4797; x_wconf 90' lang='lat' dir='ltr'>et</span> <span class='ocrx_word' id='word_1_531' title='bbox 1794 4746 2142 4814; x_wconf 87' lang='lat' dir='ltr'>opitulatnini</span> <span class='ocrx_word' id='word_1_532' title='bbox 2181 4812 2223 4833; x_wconf 50' lang='grc' dir='ltr'>ἡ</span> 
     </span>
    </p>
   </div>
   <div class='ocr_carea' id='block_1_84' title="bbox 2247 4736 3841 4833">
    <p class='ocr_par' dir='ltr' id='par_1_84' title="bbox 2319 4740 3841 4833">
     <span class='ocr_line' id='line_1_84' title="bbox 2319 4740 3841 4833; baseline 0.005 -23"><span class='ocrx_word' id='word_1_533' title='bbox 2319 4756 2371 4810; x_wconf 83' lang='grc'>5.</span> <span class='ocrx_word' id='word_1_534' title='bbox 2400 4740 2755 4828; x_wconf 64' lang='grc' dir='ltr'>Τηῦδικαίαν</span> <span class='ocrx_word' id='word_1_535' title='bbox 2784 4759 2965 4828; x_wconf 83' lang='grc' dir='ltr'>κρίσιν</span> <span class='ocrx_word' id='word_1_536' title='bbox 2995 4759 3240 4831; x_wconf 83' lang='grc' dir='ltr'>κρίνατε,</span> <span class='ocrx_word' id='word_1_537' title='bbox 3278 4760 3373 4814; x_wconf 76' lang='grc' dir='ltr'>καὶ</span> <span class='ocrx_word' id='word_1_538' title='bbox 3406 4759 3716 4831; x_wconf 83' lang='grc' dir='ltr'>βοηθήσατε</span> <span class='ocrx_word' id='word_1_539' title='bbox 3747 4763 3841 4833; x_wconf 78' lang='grc' dir='ltr'>ὀρ-</span> 
     </span>
    </p>
   </div>
   <div class='ocr_carea' id='block_1_85' title="bbox 573 4812 2786 4922">
    <p class='ocr_par' dir='ltr' id='par_1_85' title="bbox 573 4812 2786 4922">
     <span class='ocr_line' id='line_1_85' title="bbox 573 4812 2786 4922; baseline 0.011 -41"><span class='ocrx_word' id='word_1_540' title='bbox 573 4832 775 4898; x_wconf 88' lang='lat' dir='ltr'>pupillo</span> <span class='ocrx_word' id='word_1_541' title='bbox 801 4841 853 4886; x_wconf 85' lang='lat' dir='ltr'>et</span> <span class='ocrx_word' id='word_1_542' title='bbox 878 4833 1120 4900; x_wconf 87' lang='lat' dir='ltr'>pauperi.</span> <span class='ocrx_word' id='word_1_543' title='bbox 1831 4812 1843 4814; x_wconf 39' lang='lat'><strong><em>—</em></strong></span> <span class='ocrx_word' id='word_1_544' title='bbox 2179 4812 2224 4867; x_wconf 65' lang='grc' dir='ltr'><strong>Β</strong></span> <span class='ocrx_word' id='word_1_545' title='bbox 2253 4849 2404 4919; x_wconf 70' lang='grc' dir='ltr'>φανῷ</span> <span class='ocrx_word' id='word_1_546' title='bbox 2441 4812 2538 4903; x_wconf 38' lang='grc' dir='ltr'>καὶ.</span> <span class='ocrx_word' id='word_1_547' title='bbox 2568 4852 2786 4922; x_wconf 83' lang='grc' dir='ltr'>πτωχῷ.</span> 
     </span>
    </p>
   </div>
   <div class='ocr_carea' id='block_1_86' title="bbox 641 4923 2235 5019">
    <p class='ocr_par' dir='ltr' id='par_1_86' title="bbox 641 4923 1923 4996">
     <span class='ocr_line' id='line_1_86' title="bbox 641 4923 1923 4996; baseline 0.004 -18"><span class='ocrx_word' id='word_1_548' title='bbox 641 4923 694 4978; x_wconf 89' lang='grc'>6.</span> <span class='ocrx_word' id='word_1_549' title='bbox 732 4923 797 4976; x_wconf 83' lang='lat' dir='ltr'><strong>Et</strong></span> <span class='ocrx_word' id='word_1_550' title='bbox 830 4924 1124 4979; x_wconf 82' lang='lat' dir='ltr'>humilibus</span> <span class='ocrx_word' id='word_1_551' title='bbox 1160 4940 1221 4978; x_wconf 85' lang='lat' dir='ltr'>ac</span> <span class='ocrx_word' id='word_1_552' title='bbox 1258 4928 1589 4996; x_wconf 83' lang='lat' dir='ltr'>pauperibus</span> <span class='ocrx_word' id='word_1_553' title='bbox 1618 4932 1923 4986; x_wconf 72' lang='lat' dir='ltr'>subvenite.</span> 
     </span>
    </p>
   </div>
   <div class='ocr_carea' id='block_1_87' title="bbox 2223 4923 3817 5019">
    <p class='ocr_par' dir='ltr' id='par_1_87' title="bbox 2324 4940 3817 5019">
     <span class='ocr_line' id='line_1_87' title="bbox 2324 4940 3817 5019; baseline 0.006 -26"><span class='ocrx_word' id='word_1_554' title='bbox 2324 4940 2377 4997; x_wconf 90' lang='lat'>6.</span> <span class='ocrx_word' id='word_1_555' title='bbox 2411 4942 2519 4995; x_wconf 77' lang='grc' dir='ltr'>Καὶ</span> <span class='ocrx_word' id='word_1_556' title='bbox 2542 4946 2651 5005; x_wconf 78' lang='grc' dir='ltr'>τοῖς</span> <span class='ocrx_word' id='word_1_557' title='bbox 2682 4948 2959 5008; x_wconf 85' lang='grc' dir='ltr'>ταπεινοῖς</span> <span class='ocrx_word' id='word_1_558' title='bbox 2988 4946 3082 4999; x_wconf 77' lang='grc' dir='ltr'>καὶ</span> <span class='ocrx_word' id='word_1_559' title='bbox 3126 4946 3323 5017; x_wconf 81' lang='grc' dir='ltr'>πένησι</span> <span class='ocrx_word' id='word_1_560' title='bbox 3358 4946 3688 5019; x_wconf 83' lang='grc' dir='ltr'>συνέρχεσθε</span> <span class='ocrx_word' id='word_1_561' title='bbox 3717 4948 3817 5019; x_wconf 81' lang='grc'>(8).</span> 
     </span>
    </p>
   </div>
   <div class='ocr_carea' id='block_1_88' title="bbox 644 5011 1238 5079">
    <p class='ocr_par' dir='ltr' id='par_1_88' title="bbox 644 5011 1238 5079">
     <span class='ocr_line' id='line_1_88' title="bbox 644 5011 1238 5079; baseline 0.005 -16"><span class='ocrx_word' id='word_1_562' title='bbox 644 5011 695 5063; x_wconf 88' lang='lat'>7.</span> <span class='ocrx_word' id='word_1_563' title='bbox 736 5012 930 5079; x_wconf 85' lang='lat' dir='ltr'>Injuria</span> <span class='ocrx_word' id='word_1_564' title='bbox 963 5012 1238 5067; x_wconf 73' lang='lat' dir='ltr'>affectum.</span> 
     </span>
    </p>
   </div>
   <div class='ocr_carea' id='block_1_89' title="bbox 2327 5033 2821 5105">
    <p class='ocr_par' dir='ltr' id='par_1_89' title="bbox 2327 5033 2821 5105">
     <span class='ocr_line' id='line_1_89' title="bbox 2327 5033 2821 5105; baseline 0.014 -22"><span class='ocrx_word' id='word_1_565' title='bbox 2327 5033 2377 5084; x_wconf 89' lang='lat'>7.</span> <span class='ocrx_word' id='word_1_566' title='bbox 2422 5033 2821 5105; x_wconf 80' lang='grc' dir='ltr'>Ἀδικούμενον.</span> 
     </span>
    </p>
   </div>
   <div class='ocr_carea' id='block_1_90' title="bbox 643 5100 1385 5178">
    <p class='ocr_par' dir='ltr' id='par_1_90' title="bbox 643 5100 1385 5178">
     <span class='ocr_line' id='line_1_90' title="bbox 643 5100 1385 5178; baseline 0.009 -23"><span class='ocrx_word' id='word_1_567' title='bbox 643 5103 675 5155; x_wconf 91' lang='grc'>8</span> <span class='ocrx_word' id='word_1_568' title='bbox 728 5100 1009 5159; x_wconf 86' lang='lat' dir='ltr'>Vindicate</span> <span class='ocrx_word' id='word_1_569' title='bbox 1041 5121 1385 5178; x_wconf 89' lang='lat' dir='ltr'>oppressum.</span> 
     </span>
    </p>
   </div>
   <div class='ocr_carea' id='block_1_91' title="bbox 2323 5123 3591 5203">
    <p class='ocr_par' dir='ltr' id='par_1_91' title="bbox 2323 5123 3591 5203">
     <span class='ocr_line' id='line_1_91' title="bbox 2323 5123 3591 5203; baseline 0.008 -27"><span class='ocrx_word' id='word_1_570' title='bbox 2323 5123 2375 5177; x_wconf 92' lang='lat'>8.</span> <span class='ocrx_word' id='word_1_571' title='bbox 2405 5125 2672 5196; x_wconf 82' lang='grc' dir='ltr'>Ποιήσατε</span> <span class='ocrx_word' id='word_1_572' title='bbox 2698 5128 2978 5200; x_wconf 82' lang='grc' dir='ltr'>ἐκδίκησιν</span> <span class='ocrx_word' id='word_1_573' title='bbox 3003 5131 3081 5202; x_wconf 88' lang='grc' dir='ltr'>τῷ</span> <span class='ocrx_word' id='word_1_574' title='bbox 3107 5132 3591 5203; x_wconf 76' lang='grc' dir='ltr'>καταπονουμένῳ.</span> 
     </span>
    </p>
   </div>
   <div class='ocr_carea' id='block_1_92' title="bbox 1524 5277 2867 5357">
    <p class='ocr_par' dir='ltr' id='par_1_92' title="bbox 1524 5277 2867 5357">
     <span class='ocr_line' id='line_1_92' title="bbox 1524 5277 2867 5357; baseline 0.01 -23"><span class='ocrx_word' id='word_1_575' title='bbox 1524 5277 1827 5340; x_wconf 81' lang='lat' dir='ltr'>Addenda</span> <span class='ocrx_word' id='word_1_576' title='bbox 1870 5288 1927 5341; x_wconf 91' lang='lat' dir='ltr'>et</span> <span class='ocrx_word' id='word_1_577' title='bbox 1958 5280 2335 5357; x_wconf 72' lang='lat' dir='ltr'>corrigenda</span> <span class='ocrx_word' id='word_1_578' title='bbox 2370 5302 2445 5344; x_wconf 75' lang='lat' dir='ltr'>ex</span> <span class='ocrx_word' id='word_1_579' title='bbox 2481 5286 2620 5346; x_wconf 85' lang='lat' dir='ltr'>eod.</span> <span class='ocrx_word' id='word_1_580' title='bbox 2666 5287 2867 5349; x_wconf 74' lang='lat' dir='ltr'><strong>Vatic.</strong></span> 
     </span>
    </p>
   </div>
   <div class='ocr_carea' id='block_1_93' title="bbox 649 5431 3832 5533">
    <p class='ocr_par' dir='ltr' id='par_1_93' title="bbox 649 5431 3832 5533">
     <span class='ocr_line' id='line_1_93' title="bbox 649 5431 3832 5533; baseline 0.012 -51"><span class='ocrx_word' id='word_1_581' title='bbox 758 5435 946 5533; x_wconf 33' lang='grc' dir='ltr'>ξορα.-.</span> <span class='ocrx_word' id='word_1_582' title='bbox 2248 5522 2287 5533; x_wconf 56' lang='grc' dir='ltr'><strong><em>υ</em></strong></span> <span class='ocrx_word' id='word_1_583' title='bbox 2316 5450 2390 5533; x_wconf 71' lang='grc'>(6)</span> <span class='ocrx_word' id='word_1_584' title='bbox 2424 5448 2719 5533; x_wconf 31' lang='grc' dir='ltr'>Τοὖτοκοῦν</span> <span class='ocrx_word' id='word_1_585' title='bbox 2756 5457 3137 5527; x_wconf 80' lang='grc' dir='ltr'>ἑρμηνεύεται·</span> <span class='ocrx_word' id='word_1_586' title='bbox 3174 5457 3233 5512; x_wconf 81' lang='grc' dir='ltr'>τὸ</span> <span class='ocrx_word' id='word_1_587' title='bbox 3263 5460 3359 5529; x_wconf 83' lang='grc' dir='ltr'>μὲν</span> <span class='ocrx_word' id='word_1_588' title='bbox 3388 5448 3605 5530; x_wconf 79' lang='grc' dir='ltr'>πρῶτον</span> <span class='ocrx_word' id='word_1_589' title='bbox 3633 5466 3716 5529; x_wconf 79' lang='grc' dir='ltr'>είς</span> <span class='ocrx_word' id='word_1_590' title='bbox 3742 5466 3832 5521; x_wconf 72' lang='grc' dir='ltr'>τὸν</span> 
     </span>
    </p>
   </div>
   <div class='ocr_carea' id='block_1_94' title="bbox 648 5505 2808 5577">
    <p class='ocr_par' dir='ltr' id='par_1_94' title="bbox 648 5505 2808 5577">
     <span class='ocr_line' id='line_1_94' title="bbox 648 5505 2808 5577; baseline 0.011 -24"><span class='ocrx_word' id='word_1_591' title='bbox 648 5505 723 5577; x_wconf 62' lang='lat'>(:3)</span> <span class='ocrx_word' id='word_1_592' title='bbox 760 5505 968 5577; x_wconf 56' lang='grc' dir='ltr'>Ἔσται.</span> <span class='ocrx_word' id='word_1_593' title='bbox 2248 5505 2474 5577; x_wconf 62' lang='grc' dir='ltr'>Κύριον.</span> <span class='ocrx_word' id='word_1_594' title='bbox 2511 5523 2570 5573; x_wconf 77' lang='grc' dir='ltr'>τὸ</span> <span class='ocrx_word' id='word_1_595' title='bbox 2594 5522 2669 5577; x_wconf 80' lang='grc' dir='ltr'>δέ.</span> <span class='ocrx_word' id='word_1_596' title='bbox 2705 5505 2808 5577; x_wconf 32' lang='lat' dir='ltr'>eti}.</span> 
     </span>
    </p>
   </div>
   <div class='ocr_carea' id='block_1_95' title="bbox 648 5563 2242 5659">
    <p class='ocr_par' dir='ltr' id='par_1_95' title="bbox 648 5573 1640 5659">
     <span class='ocr_line' id='line_1_95' title="bbox 648 5573 1640 5659; baseline 0.014 -35"><span class='ocrx_word' id='word_1_597' title='bbox 648 5573 726 5659; x_wconf 57' lang='grc' dir='ltr'>(ξ)</span> <span class='ocrx_word' id='word_1_598' title='bbox 754 5575 941 5659; x_wconf 34' lang='grc' dir='ltr'>(ληδιᾶ</span> <span class='ocrx_word' id='word_1_599' title='bbox 976 5576 1069 5644; x_wconf 70' lang='grc' dir='ltr'>τῆς</span> <span class='ocrx_word' id='word_1_600' title='bbox 1098 5580 1459 5653; x_wconf 74' lang='grc' dir='ltr'>κινναϐάρεως</span> <span class='ocrx_word' id='word_1_601' title='bbox 1495 5600 1640 5651; x_wconf 67' lang='grc' dir='ltr'>περς.</span> 
     </span>
    </p>
   </div>
   <div class='ocr_carea' id='block_1_96' title="bbox 1284 5563 2878 5659">
    <p class='ocr_par' dir='ltr' id='par_1_96' title="bbox 1290 5563 2878 5659">
     <span class='ocr_line' id='line_1_96' title="bbox 2250 5563 2808 5590; baseline 0.009 -18"><span class='ocrx_word' id='word_1_602' title='bbox 2250 5563 2474 5590; x_wconf 64' lang='grc'>---,-.,.,</span> <span class='ocrx_word' id='word_1_603' title='bbox 2596 5563 2669 5577; x_wconf 63' lang='grc' dir='ltr'>υ...</span> 
     </span>
     <span class='ocr_line' id='line_1_97' title="bbox 1290 5582 2878 5659; baseline 0.011 -26"><span class='ocrx_word' id='word_1_604' title='bbox 1290 5582 1459 5653; x_wconf 78' lang='grc' dir='ltr'>ἁρεως</span> <span class='ocrx_word' id='word_1_605' title='bbox 1495 5600 1640 5651; x_wconf 67' lang='grc' dir='ltr'>περς.</span> <span class='ocrx_word' id='word_1_606' title='bbox 2319 5593 2394 5659; x_wconf 85' lang='grc'>(7)</span> <span class='ocrx_word' id='word_1_607' title='bbox 2424 5594 2529 5643; x_wconf 73' lang='grc' dir='ltr'>Καὶ</span> <span class='ocrx_word' id='word_1_608' title='bbox 2557 5594 2613 5643; x_wconf 78' lang='grc' dir='ltr'>ἐν</span> <span class='ocrx_word' id='word_1_609' title='bbox 2647 5594 2742 5659; x_wconf 86' lang='grc' dir='ltr'>τῷ,</span> <span class='ocrx_word' id='word_1_610' title='bbox 2778 5609 2878 5651; x_wconf 78' lang='lat' dir='ltr'>etc.</span> 
     </span>
    </p>
   </div>
   <div class='ocr_carea' id='block_1_97' title="bbox 646 5641 2855 5729">
    <p class='ocr_par' dir='ltr' id='par_1_97' title="bbox 646 5641 2855 5729">
     <span class='ocr_line' id='line_1_98' title="bbox 646 5641 2855 5729; baseline 0.008 -27"><span class='ocrx_word' id='word_1_611' title='bbox 646 5641 721 5729; x_wconf 30' lang='lat' dir='ltr'>(ﬂio)</span> <span class='ocrx_word' id='word_1_612' title='bbox 754 5644 1101 5729; x_wconf 35' lang='lat' dir='ltr'>geuge-131..</span> <span class='ocrx_word' id='word_1_613' title='bbox 1218 5720 1228 5729; x_wconf 77' lang='lat'>_</span> <span class='ocrx_word' id='word_1_614' title='bbox 1327 5641 1337 5653; x_wconf 80' lang='grc'><em>’</em></span> <span class='ocrx_word' id='word_1_615' title='bbox 1566 5641 1577 5651; x_wconf 64' lang='grc'><em>’</em></span> <span class='ocrx_word' id='word_1_616' title='bbox 2316 5641 2393 5718; x_wconf 58' lang='grc' dir='ltr'>Ῐδί</span> <span class='ocrx_word' id='word_1_617' title='bbox 2441 5641 2855 5719; x_wconf 47' lang='grc' dir='ltr'>’Υπεοὲνῖσθαιῖ</span> 
     </span>
    </p>
   </div>
   <div class='ocr_carea' id='block_1_98' title="bbox 649 5716 1368 5777">
    <p class='ocr_par' dir='ltr' id='par_1_98' title="bbox 649 5716 1368 5777">
     <span class='ocr_line' id='line_1_99' title="bbox 649 5716 1368 5777; baseline -0.001 -10"><span class='ocrx_word' id='word_1_618' title='bbox 649 5716 724 5777; x_wconf 69' lang='grc' dir='ltr'>(ὅ)</span> <span class='ocrx_word' id='word_1_619' title='bbox 756 5716 872 5766; x_wconf 69' lang='grc' dir='ltr'>Τῶν</span> <span class='ocrx_word' id='word_1_620' title='bbox 910 5716 1173 5771; x_wconf 80' lang='grc' dir='ltr'>Ἰουδαίων</span> <span class='ocrx_word' id='word_1_621' title='bbox 1200 5720 1368 5776; x_wconf 65' lang='lat' dir='ltr'>deest,</span> 
     </span>
    </p>
   </div>
  </div>
