4036 6506
174 463 316 521 1001
1031 452 1121 509 DE
1152 452 1425 510 TITULIS
1462 450 1909 509 PSALMORUM.
1953 477 2022 488 ——
2057 445 2255 503 PSAL.
2299 445 2565 499 LXXXII.
3296 447 3437 504 i002

253 580 308 633 9.
345 577 422 649 (α)
455 576 567 631 Οὐκ
593 577 859 645 ἔγνωσαν,
889 572 1009 629 οὐδὲ
1040 574 1279 645 συνῆκαν
1299 592 1313 605 -
1792 582 1838 634 Α

1792 582 1838 634 Α
1938 570 1989 622 9.
2027 566 2347 622 Nescierunt
2375 565 2477 636 (α),
2512 579 2687 635 neque
2719 564 3140 621 intellexerunt:

250 671 340 728 10.
381 670 468 723 Ἐν
499 669 680 723 σκότει
717 666 1127 739 διαπορεύονται
1152 685 1167 699 ·

1152 685 1167 699 ·
1938 660 2024 716 10.
2063 658 2120 714 1η
2152 660 2390 715 tenebris
2415 659 2736 712 ambulant:

256 763 345 818 11.
382 760 801 832 Σαλευθήτωσαν
827 761 1005 814 πάντα
1038 760 1108 813 τὰ
1134 758 1357 830 θεμέλια
1387 759 1483 829 τῆς
1518 759 1646 827 γῆς.

1640 798 1646 811 .
1936 756 2023 807 1Ι.
2062 752 2425 808 Movebuntur
2454 753 2637 806 omnia
2675 750 3026 808 fundamenta
3057 762 3234 809 teme.

252 854 342 907 12.
381 852 524 923 Ἐγὼ
555 848 686 906 εἶπα
707 870 719 882 ο
745 851 870 905 Θεοί
901 851 1045 917 ἐστε,
1082 852 1176 904 καὶ
1209 852 1315 903 υἱοὶ
1349 850 1604 920 Ὑψίστου
1638 850 1764 905 πάν-

1941 848 2027 903 12.
2068 847 2181 918 Ego
2209 848 2359 902 dixi:
2386 845 2471 900 Dii
2500 846 2665 912 estis,
2699 852 2756 899 et
2778 844 2875 898 lilii
2908 843 3116 901 Excelsi
3139 862 3368 901 omnes:

176 962 273 998 τε-
302 962 317 975 ·

244 982 347 1091 15.
394 1037 588 1107 Ὑμεῖς
614 1037 671 1089 δὲ
695 1037 771 1100 ὡς
803 1035 1079 1107 ἂνθρωποι
1110 1036 1483 1108 ἀποθνήσκετε

1940 1028 2028 1083 15.
2064 1026 2173 1081 Vos
2203 1034 2382 1081 autem
2407 1026 2551 1081 sicut
2568 1024 2815 1080 homines
2837 1025 3117 1080 morimini
3146 1045 3157 1079 :

256 1129 344 1182 M.
378 1129 485 1183 Kal.
506 1128 580 1193 ὡς
602 1125 681 1192 εἷς
710 1128 818 1181 τῶν
850 1129 1127 1200 ἀρχόντων
1161 1128 1412 1182 πίπτετε.

1942 1121 2027 1174 ll.
2063 1119 2130 1174 Et
2161 1120 2303 1174 sicut
2328 1134 2472 1173 unus
2503 1119 2571 1173 de
2601 1119 2939 1189 principibus
2981 1120 3196 1176 caditis.

257 1222 346 1276 15.
379 1219 634 1283 Ἀνάστα,
671 1222 701 1273 ὁ
726 1220 879 1285 Θεὸς,
914 1222 1098 1292 κρῖνον
1130 1220 1230 1291 τὴν
1257 1220 1383 1290 γῆν.

1368 1258 1383 1274 .
1941 1213 2029 1268 15.
2070 1211 2265 1282 Surge,
2299 1212 2465 1279 Deus,
2494 1212 2682 1282 judica
2719 1220 2959 1266 terram:

257 1315 346 1371 16.
388 1316 509 1369 Ὅτι
540 1316 605 1368 σὺ
636 1312 1209 1384 κατακληρονομήσεις
1237 1313 1295 1364 ὲν
1324 1310 1456 1366 πᾶσι
1486 1310 1599 1375 τοῖς
1625 1309 1771 1367 ἔθνε-

1945 1306 2031 1361 16.
2067 1306 2338 1374 Quoniam
2393 1316 2451 1361 tu
2505 1306 2851 1361 baereditabis
2905 1306 2959 1361 in
3008 1308 3264 1387 omnibus
3314 1325 3446 1380 gen-

181 1429 293 1464 σιν.

1872 1399 2037 1456 tibus.

372 1542 511 1613 ’ῼδὴ
542 1541 791 1612 ψαλμοῦ
824 1539 904 1606 τῷ
939 1541 1145 1611 Ἀσάφ.
1191 1544 1427 1597 ΨΑΛΜ.
1463 1544 1596 1595 ΠΒν.

1972 1534 2252 1589 Canticum
2291 1534 2488 1605 psalmi
2525 1537 2720 1605 Asaph.
2765 1534 3034 1594 PSALM.
3069 1539 3362 1595 LXXXI].

257 1655 315 1714 1.
358 1660 415 1713 Ὀ
441 1659 593 1724 Θεὸς,
614 1659 698 1722 τίς
728 1658 1129 1729 ὁμοιωθήσεται
1155 1676 1273 1723 σοι;

1950 1650 2001 1703 1.
2041 1648 2207 1716 Deus,
2230 1651 2351 1721 quis
2376 1652 2573 1707 similis
2596 1653 2699 1707 erit
2730 1653 2867 1708 tibi?

254 1751 313 1805 Ξ.
346 1751 439 1822 Μὴ
467 1753 720 1824 σιγήσῃς,
753 1752 888 1822 μηδὲ
912 1752 1326 1823 καταπραΰνῃς,
1363 1754 1391 1803 ὁ
1424 1751 1577 1816 Θεός.

1944 1743 2001 1798 2.
2038 1741 2115 1797 Ne
2142 1752 2345 1809 taceas,
2384 1759 2561 1815 neque
2589 1750 2977 1815 compesearis,
3011 1749 3175 1806 Deus.

256 1843 315 1896 5.
346 1842 467 1894 ’Ότι
497 1842 604 1895 ἰδοὺ
632 1844 680 1894 ol
707 1842 893 1915 ἐχθροί
927 1859 1018 1896 σου
1052 1844 1285 1913 ήχησανο

1951 1836 2006 1891 ὅ.
2041 1833 2310 1903 Quoniam
2334 1852 2463 1893 ecce
2492 1838 2705 1895 inimici
2739 1842 2815 1896 tui
2846 1853 3147 1898 sonuerunt
3173 1863 3184 1899 :

260 1934 317 1988 4.
344 1935 456 1989 Καὶ
483 1937 533 1989 οἱ
568 1936 851 2007 μισοῦντές
882 1954 942 1989 σε
976 1931 1119 2008 ἦραν
1157 1936 1418 2008 κεφαλήν.
1804 1944 1848 1999 Β

1804 1944 1848 1999 Β
1951 1928 2007 1984 4.
2040 1928 2105 1983 Et
2137 1930 2232 2000 qui
2263 1929 2495 1984 oderunt
2527 1938 2579 1985 te
2616 1935 2930 1990 extulerunt
2960 1947 3140 2006 caput.

261 2027 316 2080 5.
354 2027 476 2080 Ἐπὶ
498 2026 589 2079 τὸν
612 2026 737 2080 λαόν
762 2044 854 2080 σου
886 2028 1499 2100 κατεπανουργεύσαντο
1524 2046 1767 2101 γνιυμην·

1954 2022 2006 2075 5.
2047 2021 2222 2093 Super
2274 2022 2533 2093 populum
2582 2033 2736 2080 tuum
2790 2030 3236 2099 ‘malignaverunt
3272 2034 3459 2089 consi—

1880 2114 2016 2170 lium
2060 2136 2073 2172 :

263 2205 321 2260 6.
351 2207 462 2260 Kal
494 2205 884 2260 ὲόουλεύσαντο
917 2207 1058 2261 κατὰ
1090 2208 1199 2261 τῶν
1241 2208 1412 2278 αγίων
1447 2226 1561 2262 σου.

1950 2208 2103 2264 6.¹Ει
2136 2212 2512 2282 cogitaverunt
2540 2215 2803 2271 adversus
2830 2224 3049 2271 sanctos
3080 2226 3203 2272 tuos
3230 2235 3245 2272 :

266 2297 319 2353 7.
351 2295 518 2353 Εἶπον
549 2300 620 2371 (ιι)
646 2316 659 2328 ·
690 2298 853 2352 Δεῦτε
875 2340 890 2363 ,
935 2301 1030 2352 καὶ
1070 2299 1545 2373 ὲξολοθρεύσωμεν
1579 2304 1778 2367 αὐτοὺς

1952 2302 2005 2356 7.
2039 2302 2302 2360 Dixerunt
2354 2306 2636 2372 :Venite,
2703 2316 2758 2362 et
2809 2309 3188 2378 disperdamus
3243 2326 3338 2367 eos
3394 2312 3461 2367 de

186 2390 250 2457 ἐξ
283 2391 473 2456 ἔθνους

446 2411 473 2456 ς
1881 2406 2037 2467 gente

292 2573 346 2640 a)
379 2570 531 2644 V_ers.
567 2572 620 2638 9,
646 2572 733 2637 10,
763 2573 867 2628 sub
907 2573 1070 2644 unico
1095 2573 1252 2644 vers.)

292 2608 345 2640 u,
394 2608 531 2628 τωο.
569 2608 620 2638 .ι,
650 2608 733 2637 ιν,
763 2608 867 2628 ουυ
909 2608 1067 2627 ...ι-..υ

265 2608 340 2717 (ὁ)
371 2639 563 2698 Εἶπαν.
599 2644 656 2697 In
688 2660 858 2713 marg.
896 2639 1067 2694 εἷπον.

1329 2733 1705 2789 ATHANASII
1746 2732 2331 2791 INTEBPRETATIO.

269 2894 321 2947 9.
354 2893 488 2947 Οὐδὲ
530 2893 607 2959 (1)
640 2896 959 2961 ἐπέγνωσαν
1001 2894 1122 2947 οὐδὲ
1168 2895 1409 2966 συνῆκαν
1449 2896 1638 2968 ὥσπερ
1674 2897 1775 2950 αὑ-

1949 2894 2000 2949 9.
2040 2892 2225 2964 Neque
2259 2903 2667 2964 cognoverunt,
2698 2910 2873 2966 neque
2915 2896 3300 2951 intellexerunt
3327 2911 3464 2966 quo-

186 2987 309 3048 τοίς
338 2983 649 3056 προσέταξα
663 3002 678 3016 ·

1881 2986 2044 3041 modo
2073 2985 2206 3055 ipsis
2236 2985 2467 3055 praecepi
2492 3002 2506 3052 ;

263 3075 355 3130 10.
390 3076 554 3130 Ἀλλὰ
580 3078 639 3130 ὲν
669 3080 736 3147 τῇ
766 3078 1013 3149 ἁμαρτιᾳ
1038 3078 1385 3149 πορεύονται.

1261 3095 1385 3132 ρται.
1952 3077 2043 3132 1υ.
2081 3076 2186 3131 Sed
2218 3077 2270 3130 in
2297 3084 2522 3146 peccato
2553 3074 2855 3130 ambulant.

265 3169 357 3224 11.
390 3168 861 3239 Μετατεθήτωσαν
897 3171 1074 3223 πάντα
1101 3171 1171 3224 τὰ
1203 3170 1333 3242 ἔθνη
1378 3174 1459 3235 είς
1485 3171 1599 3235 στὰς
1634 3173 1783 3225 ἐντο-

1954 3168 2041 3223 11.
2082 3165 2512 3224 Transierantur
2549 3180 2741 3221 omnes
2774 3174 2963 3236 gentes
2994 3166 3045 3220 in
3079 3178 3342 3237 praecepta
3372 3165 3468 3220 Ju-

190 3261 297 3323 λὰς
330 3261 441 3313 τῶν
482 3260 775 3316 Ἰουδαίων.

553 3260 775 3316 υδαίων.
1810 3304 1849 3362 c
1886 3264 2147 3319 deorum.

268 3354 361 3408 12.
388 3352 530 3422 Ἐγὼ
554 3350 683 3408 εἶπα
705 3351 843 3409 εἶναι
868 3358 1012 3427 ὑμᾶς
1036 3357 1191 3421 θεοὺς
1205 3358 1303 3427 τῆς
1315 3358 1535 3428 χάριτός
1560 3376 1661 3426 μου
1682 3358 1783 3429 (2),
1814 3350 1849 3362 ν

1960 3358 2048 3411 12.
2082 3356 2195 3428 Ego
2223 3356 2333 3412 dixi
2356 3398 2371 3423 ,
2402 3372 2524 3412 esse
2551 3371 2650 3413 vos
2690 3355 2821 3412 deos
2854 3358 3025 3427 gratia
3064 3374 3180 3411 mea
3201 3401 3214 3424 ,
3243 3369 3295 3413 et
3326 3360 3468 3413 ﬁlios

194 3448 295 3500 κα).
326 3447 477 3509 υἱοὺς
501 3447 596 3500 τοῦ
630 3449 842 3521 Πατρός
874 3468 996 3521 μου.

633 3449 842 3521 Πατρός
874 3468 996 3521 μου.
1889 3451 2068 3506 Patris
2100 3451 2227 3505 mei.

266 3540 359 3596 15.
397 3538 584 3611 Ὑμεῖς
614 3542 672 3596 δὲ
693 3543 770 3605 ὡς
786 3543 857 3612 γῆ
880 3544 975 3596 καὶ
998 3541 1190 3608 σποδὸς
1211 3547 1270 3597 ὲν
1292 3548 1410 3608 ταῖς
1426 3544 1644 3615 γηίναις
1670 3544 1789 3596 ἑπι-

1961 3544 2046 3598 15.
2087 3542 2195 3598 Vos
2220 3552 2403 3600 autem
2456 3542 2622 3598 veluti
2668 3551 2819 3599 terra
2857 3548 2909 3598 et
2957 3558 3095 3598 emis
3140 3546 3469 3613 permanetis

194 3632 425 3702 θυμίαις
456 3635 847 3705 ὲναπομένετε.

1890 3637 1945 3690 in
1976 3636 2211 3689 terrenis
2243 3635 2727 3705 concupiscentiis.

267 3722 357 3778 14.
393 3723 502 3775 Καὶ
522 3724 598 3788 ὡς
632 3726 661 3777 ό
692 3724 938 3788 διάὅολος
972 3726 1202 3779 πίπτετε
1237 3728 1344 3780 ἀπὺ
1374 3727 1485 3781 τῶν
1520 3726 1789 3799 οὐρανίων

1964 3727 2051 3782 14.
2085 3727 2151 3782 Et
2185 3736 2448 3798 tanquam
2478 3727 2730 3782 diabolus
2758 3742 2787 3781 a
2824 3729 3142 3785 coelestibus
3186 3734 3470 3802 praeceptis

191 3814 432 3868 ἐντολῶν
465 3818 545 3880 είς
578 3816 772 3887 γηίναν
799 3818 898 3887 (ὅ).

844 3818 898 3887 i).
1892 3820 2085 3876 caditis
2119 3821 2174 3874 in
2206 3829 2438 3874 terrena.

269 3908 360 3962 15.
388 3910 466 3979 Τῇ
498 3909 575 3980 (4)
600 3910 761 3985 τρίτῃ
787 3911 994 3984 ἡμέρᾳ,
1026 3912 1122 3967 καὶ
1146 3912 1321 3967 σῶσον
1347 3913 1439 3967 τὸν
1468 3913 1693 3983 κόσμον.

1391 3916 1439 3967 ὃν
1468 3913 1693 3983 κόσμον.
1960 3914 2049 3969 15.
2089 3912 2271 3967 Tertia
2308 3913 2414 3977 die,
2448 3922 2502 3968 et
2525 3912 2673 3967 salva
2700 3912 2985 3968 mundum.

268 4001 361 4057 16.
406 4002 529 4056 Ὅτι
581 4004 646 4055 σὺ
699 4006 1079 4077 περιποιήσεις
1141 4006 1218 4077 (5)
1264 4009 1344 4071 εἰς
1388 4006 1662 4078 σωτηρίαν
1713 4006 1789 4077 τῷ

1962 4006 2047 4062 16.
2080 4005 2354 4074 Quoniam
2406 4015 2463 4060 tu
2525 4006 2751 4075 proprio
2807 4015 2899 4060 tuo
2952 4008 3216 4077 sanguine
3280 4024 3470 4074 omnes

198 4094 320 4165 ἰδίῳ
352 4112 445 4149 σου
469 4096 663 4167 αἵματι
698 4097 878 4151 πάντα
906 4097 974 4151 τὰ
1002 4098 1153 4170 ἔθνη.

1890 4107 2077 4169 gentes
2108 4099 2174 4152 ad
2209 4112 2301 4151 eas
2336 4097 2630 4152 salvandas
2662 4098 2931 4167 acquires.

283 4229 350 4281 Ἡ
384 4229 719 4301 προκειμένη
746 4231 1029 4317 ἐπιγραφὴ,
1054 4232 1296 4305 περιέχει
1320 4250 1334 4265 ⁸
1362 4233 1440 4305 (6)
1482 4232 1682 4305 ὁμοίως
1724 4231 1815 4287 τοῦ
1857 4231 2073 4304 πρώτου
2104 4230 2320 4302 ψαλμοῦ
2352 4230 2447 4302 τὴν
2468 4232 2763 4303 ἑρμηνείαν
2796 4231 3001 4301 ἕχειεὶς
3035 4233 3125 4285 τὸν
3149 4235 3350 4306 Κύριον
3382 4237 3474 4291 καὶ

195 4328 280 4390 εἰς
313 4328 440 4391 τοὺς
471 4327 775 4391 Ἰουδαίους.

269 4449 490 4505 Titulus
533 4448 861 4518 praepositus
910 4449 1156 4505 continet
1186 4466 1201 4503 :
1230 4449 1486 4504 similiter
1520 4462 1584 4504 ac
1622 4446 1948 4505 antecedens
1994 4446 2244 4518 psalmus
2299 4445 2805 4515 interpretationem
2845 4450 3007 4504 habet
3050 4452 3102 4504 in
3148 4451 3471 4521 Dominum,

196 4555 254 4600 et
283 4543 527 4600 Iudaeos.

273 4638 328 4690 1.
366 4634 481 4689 Οὐκ
512 4632 657 4686 ἔστιν
684 4633 857 4697 οὕτως
875 4633 1099 4696 δυνατὸς
1127 4633 1221 4687 καὶ
1240 4634 1472 4699 δίκαιος.
1818 4638 1863 4692 D

1818 4638 1863 4692 1)
1963 4634 2013 4687 1.
2046 4633 2165 4688 Νοη
2197 4641 2281 4688 est
2305 4633 2501 4704 aliquis
2530 4634 2600 4689 ita
2624 4644 2819 4705 potens
2845 4646 2897 4690 et
2928 4637 3130 4706 justus.

269 4728 326 4782 2.
355 4726 447 4798 Μὴ
478 4725 907 4797 μακροθυμήσῃς
930 4726 1023 4779 ἐπὶ
1040 4729 1154 4791 τοῖς
1177 4727 1484 4798 γινομένοις

1959 4727 2013 4780 2.
2051 4725 2127 4782 Ne
2151 4727 2355 4783 diutius
2387 4723 2530 4783 feras
2553 4744 2675 4799 quae
2704 4740 2914 4798 patrata
2941 4745 3088 4785 sunt.

272 4820 329 4875 3.
359 4819 424 4873 Οί
451 4817 704 4889 δαίμονες
725 4816 1022 4889 ὑψώθησαν
1054 4818 1154 4890 (7).

1960 4820 2012 4874 5.
2050 4818 2333 4876 Dmmunes
2359 4821 2576 4875 exaltati
2610 4831 2756 4877 sunt.

270 4912 327 4965 4.
362 4912 474 4965 Καὶ
494 4912 548 4965 οἰ
582 4910 821 4964 Ἰουδαῖοι
848 4910 1275 4982 κατεπήρθησάν
1303 4928 1417 4964 σου.

1962 4911 2014 4965 4.
2052 4910 2118 4964 Ει
2146 4910 2319 4967 Judzei
2352 4924 2540 4967 contra
2579 4922 2631 4968 te
2660 4914 2854 4968 clevati
2885 4924 3028 4969 sunt.

275 5002 331 5057 5.
366 5002 491 5053 Ἐπὶ
523 4998 615 5054 τὸν
633 4998 761 5053 λαόν
782 5016 874 5053 σου
899 4998 1294 5052 ὲδολιεύσαντο.

1965 5004 2013 5058 5.
2045 5005 2247 5063 Contra
2275 5006 2535 5075 populum
2565 5016 2717 5060 tuum
2760 5007 2948 5063 dolose
2975 5019 3200 5079 egerunt

272 5095 327 5149 6.
364 5093 525 5146 Κατὰ
545 5093 652 5147 τῶν
685 5092 1001 5162 προφητῶν.

1967 5095 2019 5148 6.
2055 5097 2255 5151 Contra
2285 5097 2602 5167 pr0phetas.
3490 5154 3492 5157 .

277 5187 329 5240 7.
366 5186 430 5239 Οί
456 5184 705 5253 δαίμονες
736 5182 875 5237 κατὰ
898 5183 1008 5235 τῶν
1033 5183 1203 5251 ἁγίων
1236 5180 1395 5236 εἶπαν
1414 5201 1425 5212 ·
1456 5180 1639 5245 Δεῦτε,
1687 5182 1784 5235 καὶ

1969 5186 2021 5239 7.
2058 5187 2340 5244 υξεηιοηοε
2366 5190 2625 5244 dixerunt
2666 5201 2855 5245 contra
2886 5199 3105 5245 sanctos
3142 5210 3153 5245 :
3184 5190 3393 5262 Venite,
3422 5201 3475 5249 et

202 5279 425 5350 ἄρωμεν
450 5274 630 5330 αὐτῶν
662 5277 760 5347 τὴν
792 5276 1010 5346 μνήμην
1034 5276 1142 5329 ἀπὸ
1175 5275 1275 5345 τῆς
1301 5276 1421 5346 γῆς.

1396 5294 1421 5333 ῖ.
1895 5280 2151 5337 tollamus
2182 5298 2373 5337 eorum
2401 5286 2723 5340 memoriam
2764 5303 2792 5341 e
2828 5296 2990 5340 terra.

1167 5445 1478 5508 Addenda
1509 5453 1570 5508 et
1608 5447 1985 5526 corrigenda
2018 5464 2097 5509 ex
2132 5449 2271 5511 cod.
2313 5451 2509 5513 Vatic.

267 5608 346 5747 (1)
378 5604 541 5669 Οὔτε,
566 5616 696 5671 etc.,
730 5606 850 5662 οὔτε
884 5608 1155 5663 συνιοῦσιν
1182 5606 1326 5683 ἅπερ
1363 5612 1571 5679 αὐτοῖς,
1605 5621 1713 5671 etc.
1979 5614 2056 5695 (6)
2078 5616 2155 5697 .‘H
2190 5615 2277 5669 διὰ
2309 5616 2410 5685 τῆς
2454 5617 2822 5697 κινναϐάρεως
2859 5619 3136 5691 περιέχει·
3189 5616 3311 5699 ’ρδὴ
3343 5617 3482 5688 ψαλ-

291 5680 349 5747 2)
374 5679 457 5747 Τῇ
486 5677 673 5747 χάριτί
703 5697 826 5747 μου.
1909 5702 2008 5747 μου
2036 5703 2114 5747 τῳ
2138 5686 2311 5747 ’Ᾱσάφ
2335 5703 2348 5715 ο
2391 5688 2591 5747 ὁμοίως
2624 5706 2715 5741 του
2767 5691 2874 5747 πρὸ
2909 5691 3100 5743 τούτου
3137 5706 3227 5742 του
3261 5689 3481 5747 ψαλμοῦ

486 5677 679 5760 χάριτί
703 5697 833 5760 μου..
936 5749 947 5760 _
1041 5751 1052 5760 ⁸
1293 5677 1305 5683 ’
1557 5677 1563 5679 ⁷
1909 5677 2008 5760 μοῧ
2036 5677 2114 5755 τῷ
2138 5686 2311 5755 ’Ᾱσάφ
2335 5677 2591 5757 θ’όμοίως
2624 5677 2715 5741 to;
2767 5677 2874 5760 πρὸ
2909 5677 3100 5743 τούτου
3137 5677 3230 5742 τοὸ
3261 5677 3481 5747 αμα.Χωῦ

367 5750 600 5826 nem,
632 5749 761 5826 erg,
780 5751 867 5826 si;
894 5749 961 5826 τᾲ
991 5751 1174 5826 γήινα.

564 5768 600 5811 ι,
632 5749 761 5826 atq,
780 5751 867 5826 si;
894 5749 961 5826 τᾲ
991 5751 1174 5826 γήινα.
1904 5749 2022 5826 τὴν,
2053 5749 2157 5811 etc.

367 5798 625 5902 ᾖόἆὰἒξ,
640 5798 865 5885 £628.}:
890 5798 960 5885 ἑῆ
978 5798 1287 5891 έόέὲῄῗειε.

762 5798 865 5885 εεέῑ
890 5798 960 5885 ea
978 5798 1287 5891 statere.
1915 5798 2356 5902 ’πξᾱῑεῑῑχησαι

268 5890 347 5959 (5)
379 5890 761 5962 Περιποίησαι.

654 6006 924 6068 Parnm.
961 6009 1078 6071 Gn.
1112 6008 1351 6070 XXVII

3127 6013 3204 6071 32
