4036 6496
230 454 379 512 1005
1088 449 1175 504 DE
1215 444 1492 504 TITULIS
1521 439 1980 501 PSALMORUM.
2022 471 2085 479 —
2126 435 2325 492 PSAL.
2354 433 2642 491 LXXXIII.
3371 426 3503 482 I006

305 569 396 624 25.
426 568 637 632 Οἶτινες
683 562 838 621 εἶπον
875 584 888 596 ⁸
942 566 1460 639 Κληρονομήσωμεν
1503 565 1718 627 ἑαυτοῖς
1761 561 1822 616 τὸ
1852 569 1897 622 Α

1996 557 2091 613 25.
2123 556 2228 620 Qui
2259 555 2516 611 dixerunt
2542 573 2556 610 :
2591 551 2913 608 Haareditate
2942 547 3321 622 possideamus
3347 545 3503 604 nobis

230 663 593 736 ἁγιαστήριον
614 665 708 718 τοῦ
740 663 898 717 Θεοῦ.

845 663 898 716 ὗ.
1919 650 2293 706 sanctuarium
2324 649 2439 703 Dei.

303 757 393 811 24.
438 759 495 810 '0
523 757 658 821 Θεός
686 774 810 827 μου,
838 755 933 810 Θοῦ
955 755 1154 818 αὐτοὺς
1178 753 1254 817 ὼς
1283 752 1508 825 τροχόν·

1989 742 2080 797 2|.
2120 741 2264 796 Deus
2297 756 2475 806 meus,
2496 754 2635 809 pone
2662 738 2782 794 illos
2807 745 2869 792 ut
2895 745 3106 790 rotam:

301 850 394 905 25.
443 851 531 913 Ὠς
563 825 818 922 καλάμην
843 850 983 904 κατὰ
1018 850 1308 920 πρόσωπον
1339 848 1566 916 ἀνέμου.

1988 833 2080 887 23.
2119 831 2186 886 Et
2217 831 2360 887 sicut
2390 831 2642 899 stipulam
2682 838 2807 884 ante
2834 827 3023 882 faciem
3059 825 3223 881 venti.

302 941 393 996 26.
431 943 575 996 Ὧσεὶ
607 920 740 1012 πῡρ,
769 943 798 995 δ
821 941 1095 1011 διαφλέξει
1128 939 1334 1012 δρυμόν
1360 955 1377 973 ο

1996 922 2089 978 26.
2127 923 2282 978 Sicut
2311 922 2474 993 ignis,
2505 922 2597 991 qui
2629 922 2916 977 comburet
2949 920 3144 974 silvam
3172 935 3184 972 :

300 1032 394 1086 27.
433 1033 576 1086 Ὠσεὶ
597 1031 748 1102 φλὸξ,
778 1032 813 1102 ἢ
845 1032 920 1102 (a)
949 1031 1285 1085 κατακαύσει
1314 1030 1441 1101 ὅρη.

1993 1016 2086 1071 27.
2119 1015 2184 1071 Ει
2218 1017 2361 1072 sicut
2387 1015 2627 1080 ﬂamma,
2651 1029 2775 1084 qua:
2811 1015 3095 1068 comburat
3133 1021 3364 1065 montes.

297 1121 393 1178 28.
415 1121 572 1176 Οὕτω
596 1121 948 1185 καταδιὼξεις
973 1121 1171 1182 αὐτοὺς
1208 1121 1266 1172 ὲν
1303 1122 1370 1191 τῇ
1401 1116 1670 1187 καταιγίδι
1701 1134 1815 1170 σου·

1769 1134 1815 1168 υ·
1993 1108 2083 1165 28.
2122 1107 2199 1163 Ita
2241 1108 2585 1177 persequeris
2613 1107 2734 1162 illos
2768 1106 2821 1159 in
2856 1112 3179 1176 tempestate
3221 1112 3315 1157 tua
3350 1120 3363 1156 :

298 1212 390 1268 29.
422 1215 533 1267 Kal
564 1215 622 1267 ἐν
651 1215 716 1284 τῇ
741 1214 877 1285 ὀργῇ
914 1229 1007 1264 σου
1041 1209 1397 1281 συνταράξεις
1429 1208 1648 1272 αὐτούς.

1449 1208 1648 1272 ιὺτούς.
1994 1200 2085 1255 29.
2121 1199 2188 1255 Et
2214 1201 2266 1254 in
2299 1201 2378 1254 ira
2409 1210 2499 1254 tua
2538 1198 2894 1253 conturbabis
2929 1212 3043 1252 eos.

299 1303 390 1360 50.
427 1304 717 1376 Ηλήρωσον
742 1303 812 1357 τὰ
841 1303 1108 1375 πρόσωπα
1137 1300 1318 1354 αὐτῶν
1344 1299 1585 1372 ἀτιμίας·

1483 1299 1585 1364 ίας·
1996 1293 2087 1349 50.
2119 1293 2290 1364 Imple
2325 1292 2495 1347 facies
2523 1307 2712 1346 corum
2745 1289 3075 1360 ignominia:

296 1395 388 1451 51.
419 1397 530 1450 Kal
558 1396 852 1468 ζητήσουσι
887 1395 948 1449 τὸ
968 1395 1139 1465 ὄνομά
1174 1411 1291 1457 σου,
1327 1393 1523 1466 Κύριε.

1994 1391 2084 1445 51.
2119 1387 2188 1443 Et
2219 1396 2467 1459 quaerent
2503 1403 2701 1443 nomen
2739 1395 2916 1450 tuum,
2945 1383 3195 1439 Domine.

296 1485 390 1540 '52.
449 1487 925 1560 Αίσχυνθήτωσαν,
984 1487 1076 1540 καὶ
1131 1485 1563 1559 ταραχθήτωσαν
1611 1487 1690 1547 εἰς
1730 1485 1821 1538 τὸν

1995 1482 2084 1537 52.
2120 1481 2481 1548 Erubescant,
2507 1489 2561 1535 et
2589 1479 2983 1535 contnrbcntur
3017 1477 3072 1531 in
3102 1475 3360 1531 saeculum
3397 1490 3501 1530 saa-

221 1575 401 1632 αίῶνα
429 1579 524 1634 τοῦ
553 1579 773 1644 αἰῶνος*

479 1579 524 1634 ὧ
553 1579 773 1644 αἰῶνος*
1923 1576 2033 1633 culi
2062 1595 2073 1630 :

295 1671 387 1726 55.
423 1672 533 1726 Kal
561 1672 1008 1744 ὲντραπήτωσαν,
1038 1669 1131 1725 καὶ
1162 1669 1570 1724 ἀπολέσθωσαν.

1356 1669 1570 1724 rem”.
1994 1667 2084 1724 55.
2121 1665 2189 1720 Ει
2213 1664 2620 1720 confundantur
2645 1673 2700 1719 et
2729 1673 2950 1734 pereant

294 1761 385 1815 5|.
418 1763 528 1814 Kal
555 1761 872 1830 γνώτωσαν,
897 1762 981 1815 ὅτι
1011 1761 1184 1832 ὄνομά
1219 1779 1300 1815 σοι
1330 1761 1556 1832 Κύριος

1995 1761 2086 1815 54.
2123 1757 2188 1813 Ει
2223 1765 2579 1827 cognoscant,
2605 1757 2734 1826 quia
2758 1771 2956 1811 nomen
2991 1756 3086 1810 tibi
3126 1753 3427 1809 Dominus.

292 1852 386 1910 55.
412 1853 483 1905 Σὺ
521 1852 684 1924 μόνος
706 1853 928 1926 ὕψιστος
957 1855 1050 1908 ἐπὶ
1073 1856 1250 1908 πᾶσαν
1278 1852 1377 1925 τὴν
1410 1852 1536 1924 γῆν.

1998 1849 2089 1905 55.
2123 1848 2206 1903 Tu
2245 1847 2396 1905 solus
2425 1844 2732 1900 altissimus
2764 1845 2820 1900 in
2849 1846 2997 1901 omni
3025 1855 3189 1900 terra.

219 1964 330 2029 Εἰς
349 1964 418 2019 τὸ
440 1964 632 2032 τέλος,
681 1966 836 2036 ὑπὲρ
884 1966 1005 2020 τῶν·
1025 1963 1234 2033 ,ἱηνῶν
1286 1963 1413 2032 τοῖς
1459 1963 1613 2030 υίοῖς
1664 1962 1813 2032 Κορὲ

1853 1930 1892 1984 Β
2029 1962 2096 2017 In
2119 1963 2296 2033 ﬁnem,
2326 1977 2424 2032 pro
2450 1960 2807 2016 torcularibus
2830 1961 2961 2030 ﬁliis
2987 1959 3122 2014 Core
3168 1958 3424 2026 psalmus.

664 2059 926 2128 ψαλμός.
963 2060 1196 2112 ΨΑΑΜ.
1219 2059 1359 2112 nn.

2379 2053 2645 2110 PSALM.
2690 2052 3022 2109 LXXXIII.

297 2149 349 2204 |.
389 2149 477 2215 Ὦς
507 2149 771 2221 ἀγαπητὰ
815 2150 884 2206 τὰ
938 2148 1277 2223 σκηνώματα
1328 2167 1442 2215 σου,
1502 2148 1675 2221 Κύριε
1703 2150 1813 2204 τῶν

1990 2152 2040 2204 1.
2076 2149 2250 2217 Quam
2283 2148 2478 2206 dilecta
2505 2149 2856 2204 tabernacula
2885 2159 2975 2202 tua
2997 2189 3010 2213 ,
3061 2148 3290 2203 Domine
3323 2145 3469 2201 virtu

217 2239 505 2313 δυνάμεων
525 2243 538 2296 ι

489 2243 538 2296 ιι
1921 2245 2083 2299 tum!

295 2357 374 2429 (a)
405 2357 479 2410 Ἥ
507 2358 658 2414 deest
688 2358 743 2414 in
781 2366 954 2425 textu,
990 2357 1191 2429 legitur
1229 2357 1285 2414 in
1315 2372 1489 2427 marg.
1523 2358 1894 2415 κατακαῦσαι.

1323 2518 1705 2576 ATHANASII
1759 2516 2346 2577 INTERPRETA'I‘IO.

289 2672 382 2730 25.
413 2674 915 2748 Αίχμαλωτίσωμεν
947 2679 1039 2734 τὸν
1064 2678 1192 2732 λαὸν
1215 2676 1404 2740 αὑτοῦ,
1441 2677 1536 2730 xal
1564 2675 1654 2730 τὸν
1684 2676 1811 2730 ναὸν

1981 2674 2074 2732 25.
2111 2675 2169 2731 In
2199 2676 2566 2748 captivitatem
2601 2679 2940 2738 abducamus
2974 2681 3233 2751 populum
3267 2683 3410 2755 ejus,
3441 2675 3500 2740 οι

213 2763 389 2820 αὑτοῦ
414 2764 492 2836 (|)
513 2765 925 2840 διαρπάσωμεν.

1910 2769 2173 2839 templum
2203 2769 2326 2839 ejus
2352 2770 2700 2842 diripiamus.

289 2856 385 2912 ει.
428 2857 825 2930 Κιλιουμένους
874 2860 951 2932 (2)
1009 2861 1115 2914 ὑπὸ
1154 2860 1262 2914 τῶν
1304 2859 1570 2915 ἑλκόντων
1612 2861 1810 2926 αὐτοὺς

1979 2861 2068 2915 24.
2102 2862 2162 2916 In
2200 2863 2385 2919 orbem
2415 2874 2666 2920 versatos
2696 2881 2727 2921 a
2764 2867 3107 2922 trahentibus
3147 2881 3244 2925 eos
3283 2869 3339 2923 in
3368 2884 3497 2940 pec-

215 2950 305 3013 είς
327 2950 626 3022 ἁμαρτίαν.

520 2950 626 3005 ίαν.
1909 2963 2113 3010 catum.

286 3041 380 3097 25.
413 3037 541 3097 Ὧδε
575 3044 735 3097 κάκεῖ
769 3046 1234 3117 περιφερομένους
1278 3046 1384 3100 ὑπὸ
1410 3045 1523 3100 τῶν
1567 3049 1802 3102 καταδυ-

1757 3066 1802 3101 ›-
1975 3047 2066 3104 25.
2099 3045 2217 3104 Huc
2248 3048 2373 3104 illos
2410 3049 2830 3108 eireumdelatos
2857 3067 2889 3107 a
2919 3052 3351 3110 dominantibus.

208 3135 634 3206 ναστευομένων
657 3135 756 3206 (5).

288 3225 385 3282 26.
429 3226 518 3291 Ὧς
549 3226 682 3291 ξύλα
711 3227 939 3301 ἄκαρπα
977 3230 1258 3286 ἀνάλωσον
1291 3229 1516 3297 αὐτούς.

1975 3225 2066 3280 26.
2102 3224 2173 3282 Ut
2200 3227 2346 3298 ligna
2375 3230 2720 3288 infructifera
2749 3249 3012 3290 consume
3038 3251 3150 3292 eos.

286 3318 377 3373 27.
417 3319 505 3384 Ὠς
535 3321 569 3390 ή
597 3319 813 3392 Θειότης
840 3338 935 3376 σου
967 3325 1261 3380 κατακαίει
1298 3326 1397 3398 τὴν
1441 3326 1688 3380 ἐναντίαν
1716 3327 1807 3380 δύ-

1977 3316 2068 3372 27.
2105 3316 2260 3374 Sicut
2289 3320 2552 3378 divinitas
2601 3330 2692 3378 tua
2737 3325 3010 3381 comburit
3039 3329 3369 3384 contrariam
3398 3344 3489 3401 1:0-

211 3427 280 3465 va
288 3428 384 3482 μιν

1864 3483 1880 3484 7
1910 3415 2181 3466 testatem.

284 3500 377 3557 28.
419 3504 508 3557 Ἐν
528 3503 608 3574 τῷ
631 3505 786 3578 θυμῷ
816 3525 929 3564 σου.
1839 3483 1878 3540 c

1839 3483 1883 3540 (ἶ
1985 3502 2075 3557 28.
2116 3502 2173 3558 In
2202 3504 2572 3577 indignatione
2601 3513 2714 3562 tua.

285 3594 378 3650 29.
399 3596 534 3660 Ταῖς
556 3598 808 3668 ἅνομέαις
838 3599 1020 3654 αὐτῶν
1074 3602 1459 3668 συναπολέσεις
1492 3604 1568 3675 (5)
1591 3606 1808 3670 αὐτούς.
1982 3596 2071 3650 29ο
2105 3596 2242 3652 Cum
2275 3613 2467 3654 eorum
2506 3598 2885 3669 iniquitatibus
2914 3601 3108 3673 Perdes
3133 3619 3248 3661 ρος.

288 3688 380 3744 50.
411 3689 523 3754 Τὰς
560 3691 792 3765 καρδίας
816 3692 1016 3748 αὐτῶν.

921 3692 1016 3747 ῶν.
1980 3690 2067 3746 50.
2099 3690 2277 3745 Corda
2302 3705 2515 3747 eorum.

285 3780 376 3835 51.
406 3782 516 3836 Kal
545 3783 685 3854 μετά
734 3784 911 3841 ταῦτα
956 3786 1352 3858 ὲπιγνὼσονται
1408 3786 1480 3861 (6)
1535 3789 1634 3861 τὴν
1678 3788 1806 3863 βοή-

1980 3781 2067 3836 51.
2103 3780 2172 3836 Et
2199 3790 2321 3852 post
2353 3797 2416 3838 ea
2446 3795 2778 3855 cognoscent
2808 3787 3072 3842 auxilium
3101 3796 3278 3855 tuum,
3308 3799 3362 3845 et
3394 3790 3490 3847 be-

209 3870 370 3927 θειάν
401 3892 495 3928 σου
520 3877 614 3929 καὶ
645 3877 745 3943 τὰς
773 3880 1095 3951 εὐεργεσίας
1125 3898 1240 3937 σου.
1908 3874 2100 3929 ηείὶοίὶὶ
2138 3883 2247 3929 tua.

285 3968 379 4024 52.
409 3971 713 4035 Διαπαντὸς
741 3974 790 4026 οἱ
827 3973 902 4045 μὴ
930 3973 1240 4046 πειθόμενοι
1274 3993 1368 4030 σου
1398 3977 1498 4048 (7).

1464 3980 1498 4045 ),
1983 3967 2072 4023 52.
2110 3965 2356 4037 Semper,
2388 3968 2481 4039 qui
2508 3968 2604 4023 tibi
2639 3983 2748 4024 non
2780 3969 3058 4026 obetliunt.

285 4060 376 4114 55.
420 4060 506 4112 Ἐν
527 4063 594 4132 τῇ
627 4061 812 4135 ἡμέρᾳ
831 4065 929 4136 τῆς
954 4066 1208 4138 κρίσεως.

927 4066 1208 4138 κρίσεως.
1982 4064 2072 4117 55.
2107 4062 2165 4117 In
2196 4063 2284 4118 die
2309 4062 2521 4132 judicii.

285 4152 380 4216 54,
412 4152 502 4208 55.
533 4153 621 4207 Ἐν
643 4157 708 4226 τῇ
729 4154 855 4228 δόξῃ
898 4157 1000 4228 τῆς
1037 4159 1339 4230 παρουσίας
1362 4177 1455 4213 σου
1485 4161 1560 4232 (8)
1584 4161 1815 4230 ἐπιγνῶ-

1982 4157 2075 4222 54,
2103 4156 2191 4211 55.
2227 4156 2280 4211 ln
2313 4156 2482 4226 gloria
2523 4157 2787 4213 adventus
2831 4159 2907 4213 tui
2955 4168 3311 4229 cognoscant,
3342 4160 3490 4230 quod

217 4260 325 4308 σιν,
355 4243 437 4298 ὅτι
465 4245 525 4298 ὃν
546 4244 863 4312 ὲξουθένουν
909 4248 1038 4302 Tibi:
1063 4249 1377 4321 ἀνθρώπου,
1403 4244 1559 4315 οὗτος
1608 4253 1811 4325 Κύριος

1912 4263 2075 4321 quem
2107 4255 2555 4319 contempserunt
2582 4248 2778 4305 Filium
2806 4251 3044 4308 hominis
3065 4293 3081 4318 ,
3109 4252 3198 4308 hic
3225 4251 3491 4307 Dominus

216 4335 440 4390 πάντων
472 4338 611 4403 ἐστὶ,
646 4341 741 4392 καὶ
762 4340 912 4412 αὐτῷ
963 4344 1114 4398 πᾶσα
1145 4342 1368 4412 γλῶσσα
1416 4344 1806 4418 ἐξομολογήσε-

1913 4342 2161 4398 omnium
2188 4350 2291 4406 est,
2325 4350 2381 4397 et
2407 4341 2510 4413 ipsi
2537 4343 2718 4399 omnis
2739 4345 2921 4415 lingua
2948 4344 3318 4411 conﬁtebitur,
3355 4360 3495 4416 quo-

212 4443 330 4496 ται,
362 4428 446 4482 ὅτι
470 4431 534 4484 σὺ
555 4426 607 4486 εἴ
635 4432 838 4504 Κύριος
861 4435 1085 4506 ὕψιστος
1106 4438 1188 4502 είς
1215 4437 1376 4504 δόξαν
1397 4438 1535 4493 Θεοῦ
1565 4439 1801 4512 Πατρός.

1915 4439 2062 4495 niam
2094 4453 2152 4494 tu
2177 4453 2237 4495 es
2263 4437 2528 4493 Dominus
2559 4438 2860 4495 altissimus
2891 4440 2945 4493 in
2971 4439 3142 4510 gloria
3172 4440 3263 4495 Dei
3290 4439 3489 4495 Patris.

233 4520 430 4595 Ἀμήν.

1831 4531 1886 4588 Ι)
1911 4533 2103 4588 Amen.

302 4659 370 4713 Ἠ
405 4665 744 4735 προκειμένη
776 4667 1058 4740 ἐπιγραφὴ
1081 4669 1327 4741 περιέχει
1357 4670 1456 4743 (9)·
1481 4672 1584 4737 Εὶς
1622 4670 1688 4724 τὸ
1717 4671 1910 4738 τέλος,
1938 4670 2091 4739 ὑπὲρ
2121 4669 2240 4725 τῶν
2268 4668 2474 4739 ..ιηνῶν
2503 4668 2626 4735 τοῖς
2651 4668 2800 4736 υἱοῖς
2852 4668 3007 4736 Κορὲ
3065 4669 3326 4738 ψαλμὸς,
3360 4668 3480 4722 ὅπερ

217 4751 608 4825 ἑρμηνεύεταν
647 4759 727 4821 είς
755 4758 814 4812 τὸ
841 4759 992 4823 τέλος
1024 4760 1132 4814 τῶν
1155 4761 1367 4817 αἰώνων
1394 4763 1535 4834 ὑπὲρ
1559 4763 1668 4816 τῶν
1698 4763 1929 4834 ἐχόντων
1950 4765 2007 4815 ὲν
2036 4765 2154 4827 ταῖς
2179 4763 2428 4834 καρδίαις
2448 4762 2558 4834 (ΙΟ)
2604 4763 2697 4815 τὸν
2745 4759 2884 4815 οἶνον
2911 4761 3012 4832 τῆς
3041 4761 3383 4834 εὐφροσύνης
3401 4759 3462 4814 ἰδ

217 4848 426 4921 Κύριον
457 4852 615 4924 ἡμῶν
653 4852 878 4925 Ἰησοῦν.
914 4852 1048 4910 Εἶτα
1081 4856 1204 4925 τοῖς
1223 4858 1375 4926 υἱοῖς
1397 4858 1549 4929 Κορέ
1576 4862 1836 4930 ψαλμός.
1862 4860 2008 4930 Κορὲ
2040 4859 2151 4932 γὰρ
2180 4859 2539 4932 ἑρμηνεύεται
2567 4858 2896 4929 φαλακρόςδ
2918 4860 2947 4913 ὁ
2969 4859 3026 4913 δὲ
3050 4859 3324 4931 φαλακρὸς
3346 4860 3484 4933 παρὰ

211 4940 297 5013 τῷ
327 4945 478 5015 νόμῳ
507 4949 763 5016 καθαρός
779 4951 949 5008 ἐστιν.

290 5035 509 5095 Titulus
537 5044 862 5113 praepositus
899 5044 1144 5102 continet
1173 5063 1190 5102 :
1227 5043 1296 5101 In
1327 5047 1520 5118 ﬁnem‘,
1551 5066 1646 5121 pro
1671 5051 2029 5106 torcularibus
2058 5051 2188 5123 ﬁliis
2216 5050 2351 5106 Core
2376 5048 2645 5121 psalmus,
2692 5053 2838 5124 quod
2884 5052 3274 5123 interpretatur
3302 5054 3355 5109 in
3388 5054 3483 5110 lim

215 5132 546 5189 saeculorum
587 5151 687 5207 pro
730 5139 1055 5195 habentibus
1097 5139 1153 5196 in
1195 5142 1455 5201 cordibus
1480 5144 1668 5200 vinum
1702 5145 1900 5202 lzetitize
1927 5145 2217 5202 Dominum
2265 5154 2517 5203 nostrum
2551 5145 2761 5204 Jesum.
2790 5146 2991 5203 Deinde
3024 5146 3153 5216 ﬁliis
3198 5146 3331 5202 Core
3353 5148 3472 5216 psal

218 5241 358 5279 mus.
391 5226 524 5283 Core
551 5232 698 5286 enim
725 5233 1111 5306 interpretatur
1133 5237 1334 5294 calvus.
1362 5237 1564 5297 Calvus
1588 5252 1769 5300 autem
1802 5245 2107 5300 secundum
2137 5247 2309 5318 legem
2345 5244 2574 5299 mundus
2618 5254 2720 5299 est.

291 5320 344 5374 |.
372 5321 438 5374 Δί
466 5321 679 5378 αίὼνιαί
722 5343 815 5380 σου
847 5327 1203 5395 ἀναπαύσεις.

1164 5349 1203 5395 ς·
1988 5339 2038 5394 1.
2078 5339 2303 5395 jEterna
2339 5351 2427 5395 tua
2457 5339 2758 5411 refrigeria.

1177 5445 1486 5509 Addenda
1512 5454 1574 5509 et
1621 5450 1999 5532 corrigenda
2030 5473 2109 5517 ex
2158 5456 2301 5518 cod.
2341 5455 2538 5518 Vatic.

317 5535 370 5590 Il
395 5537 605 5590 Αὐτῶν.
1978 5556 2056 5590 mi
2091 5556 2174 5590 si...

445 5555 605 5595 υτων.

290 5535 370 5608 (I)
395 5537 605 5595 Αὐτῶν.
1978 5556 2056 5619 (7)
2091 5556 2198 5609 Σοι.

402 5609 989 5730 ξὲζρέδρυιζὶνὲεςᾴὀντων
1015 5685 1226 5730 deﬁniat
2120 5629 2207 5680 Ἐν
2265 5630 2330 5699 τῇ
2381 5628 2572 5699 ἐνδόξῳ
2632 5645 2726 5682 σου
2773 5630 3070 5703 παρουσίᾳ,
3124 5640 3226 5687 etc.
3284 5635 3500 5708 Πατρδς

354 5679 372 5768 ξ
402 5679 989 5768 ἰξαξαδυναστευὸντων
1015 5685 1227 5753 αὐτούς.
1246 5758 1268 5768 Α
1908 5679 2084 5768 salsi.

662 5764 794 5842 etc”
827 5754 924 5818 τὰς
959 5742 1204 5821 ἐναντίας
1241 5758 1517 5830 δυνάμεις.
1915 5742 2164 5842 "Vili-fil
2192 5767 2410 5842 διᾷγτῆς
2440 5770 2810 5842 κινναϐἀοεως
2840 5789 2966 5842 περ.

294 5818 372 5962 (5;
408 5818 786 5909 ξυναὴοῖεεῖςῷ
1185 5818 1198 5821 ’
1379 5818 1390 5830 ’
1479 5818 1493 5823 ’
1982 5818 2616 5908 ’(1⁷οΠξάὸὲίάέξάὗέῶὖζ

294 5888 347 5960 (6
439 5891 768 5962 Επιγνωσιν.

292 5888 371 5962 (ὅ)
425 5891 480 5945 Ἐ
487 5894 768 5962 πιγνῶσιν.
