4036 6454
640 366 772 421 1011
1478 369 1537 426 8.
1580 369 1954 425 ATHANASII
1993 367 2143 424 OPP.
2187 363 2234 418 Ρη

2295 363 2368 417 R8
2411 359 2587 416 lll.—
2625 361 3040 417 EXEGETICA.
3760 362 3889 417 1012

705 483 758 540 6.
787 483 1043 541 Avertisti
1070 488 1138 543 ab
1167 489 1246 544 ira
1282 490 1675 562 indignationis
1703 505 1828 550 tuae.
2240 496 2290 551 Α

2240 496 2290 551 Α
2389 489 2443 541 6.
2487 486 2860 555 Ἀπέστρεψας
2883 487 2991 538 ἀπὸ
3013 485 3180 557 ὀργῆς
3207 483 3378 556 Θυμοῦ
3401 502 3511 539 σοο.

705 575 754 631 7.
794 576 1061 636 Converte
1084 597 1204 649 nos,
1235 583 1377 639 Dens
1404 587 1663 643 salutaris
1693 598 1900 643 noster.

2383 581 2436 632 7.
2477 578 2834 648 Ἐπίστρεψον
2861 579 3028 649 ἡμᾶς,
3061 580 3089 630 ὁ
3116 576 3248 640 Θεὸς
3271 577 3379 630 τῶν
3406 577 3692 650 σωτηρίων
3714 575 3888 648 ἡμῶν·

701 670 756 722 8.
792 668 859 724 Ει
890 683 1072 729 averte
1099 676 1235 730 iram
1265 687 1412 731 tuam
1450 695 1480 733 a
1510 680 1691 735 nobis.

2381 669 2437 724 8.
2471 670 2580 723 Καὶ
2603 668 2948 740 ἀπόστρεψυν
2976 669 3066 721 τὸν
3104 669 3274 738 Θυμόν
3304 685 3398 721 σου
3431 668 3524 737 ἀφ’
3553 669 3738 739 ἡμῶν.

704 760 756 815 9.
788 759 1039 834 Nunquid
1065 766 1118 820 in
1149 777 1410 822 wternum
1438 770 1693 826 irasceris
1724 769 1930 825 nobis?

2380 761 2434 816 9.
2465 760 2555 830 Μὴ
2593 761 2673 822 εἰς
2701 761 2827 822 τοὺς
2854 758 3058 822 αίῶνας
3084 757 3344 830 ὀργισθῇς
3373 761 3536 830 ήμῖν;

710 854 797 909 1ο.
823 854 932 911 Aut
976 859 1234 915 extendes
1280 862 1415 916 iram
1472 872 1622 917 tuam
1673 879 1703 918 a
1761 863 2110 934 generatione
2152 862 2207 917 in

2385 851 2471 905 10.
2506 850 2578 904 Ἦ
2601 849 2864 912 διατενεῖς
2884 847 2984 918 τὴν
3007 847 3181 918 ὀργήν
3208 863 3302 899 σου
3333 847 3440 900 ἀπὸ
3471 847 3669 914 γενεᾶς
3694 847 3780 910 εἰς
3803 863 3889 916 γε·

633 951 1039 1016 generationem
1062 952 1084 1006 2

880 965 1039 1006 onem
1062 952 1084 1006 ?
2310 943 2472 1010 νεάν;

705 1042 791 1097 11.
825 1043 988 1111 Deus,
1020 1055 1076 1102 tu
1108 1063 1405 1104 conversus
1433 1048 1736 1105 viviﬁcabis
1760 1065 1859 1106 nos
1887 1071 1900 1104 :

2383 1034 2467 1087 11.
2510 1034 2566 1087 Ὀ
2598 1033 2751 1096 Θεὸς,
2778 1032 2842 1085 σὺ
2876 1028 3212 1100 ἐπιστρέψας
3242 1027 3484 1093 ζωὼσεις
3506 1030 3662 1100 ἡμᾶς
3683 1047 3696 1060 ·

701 1132 790 1188 12.
821 1133 888 1189 Et
917 1137 1068 1206 plebs
1097 1146 1188 1192 tua
1217 1140 1492 1195 lambitur
1521 1142 1574 1195 in
1606 1150 1678 1199 ιθ,
2381 1125 2468 1178 12.
2503 1124 2612 1177 Kal.
2641 1125 2670 1177 ὸ
2695 1122 2822 1186 λαός
2862 1138 2955 1174 σου
2977 1119 3411 1191 εὐφρανθήσεται
3440 1121 3534 1174 ἐπὶ
3569 1120 3675 1174 σοί.

703 1224 792 1280 13.
816 1223 1054 1284 Ostende
1083 1230 1264 1296 nobis,
1289 1230 1538 1297 Domine,
1559 1233 1985 1290 misericordiam
2010 1242 2156 1288 tuam
2189 1251 2200 1286 :

1912 1249 1985 1289 un
2010 1242 2156 1288 tuam
2189 1251 2200 1286 :
2381 1217 2466 1269 15-
2501 1215 2684 1280 Δεῖξον
2708 1216 2861 1284 ἡμῖν,
2894 1211 3086 1283 Κύριε,
3115 1211 3175 1264 τὸ
3201 1210 3350 1274 ἔλεός
3384 1227 3506 1264 σου·

706 1316 790 1372 14.
828 1320 895 1374 Et
929 1320 1168 1377 salutare
1192 1331 1344 1377 tuum
1371 1324 1441 1378 da
1472 1325 1653 1381 nobis.

2380 1308 2467 1362 14.
2497 1307 2605 1361 Καὶ
2637 1307 2698 1358 τὸ
2725 1304 2991 1376 σωτήριόν
3022 1320 3115 1357 σου
3145 1303 3288 1375 δῴης
3321 1305 3473 1374 ἡμῖν.

700 1410 784 1463 15.
820 1410 1084 1477 Audiam,
1140 1415 1271 1484 quid
1345 1417 1599 1487 loquatur
1667 1417 1721 1472 in
1788 1433 1875 1473 me
1942 1415 2204 1473 Dominus

2379 1397 2467 1452 15.
2505 1396 2832 1466 Ἀκούσομαι
2861 1396 2912 1448 τί
2937 1394 3158 1466 λαλήσει
3187 1397 3244 1448 ὲν
3273 1395 3397 1465 ἐμοὶ
3426 1393 3633 1465 Κύριος
3673 1397 3700 1448 ὁ
3730 1396 3878 1460 Θεὸς.

633 1501 799 1557 Deus.

704 1591 791 1646 16.
818 1593 1085 1660 Quoniam
1122 1597 1374 1668 loquetur
1403 1613 1588 1668 pacem
1619 1599 1672 1653 in
1699 1599 1906 1669 plebem
1936 1615 2112 1663 suam,

2379 1596 2464 1652 16.
2499 1598 2618 1649 Ὅτι
2638 1595 2862 1666 λαλήσει
2891 1596 3117 1667 εἰρήνην
3139 1596 3230 1650 ἐπὶ
3263 1597 3353 1649 τὸν
3378 1596 3507 1650 λαὸν
3535 1596 3729 1658 αὐτου,

703 1684 790 1737 17.
817 1686 881 1739 Ει
907 1703 1071 1758 super
1100 1698 1322 1745 sanctos
1356 1704 1510 1759 suos,
1538 1700 1591 1745 et
1624 1706 1788 1761 super
1813 1706 1928 1760 eos,
1959 1690 2054 1761 qui
2075 1705 2204 1746 con-

2377 1688 2464 1741 17.
2495 1687 2607 1741 Καὶ
2634 1688 2728 1738 ἐπὶ
2749 1687 2872 1749 τοὺς
2913 1687 3090 1750 ὁσίους
3120 1685 3305 1750 αὑτοῦ,
3341 1687 3435 1740 καὶ
3465 1687 3558 1740 ἐπὶ
3589 1689 3720 1751 τοὺς
3770 1689 3883 1740 ἐπι-

630 1784 850 1831 vertunt
869 1793 963 1833 cor
986 1779 1050 1834 ad
1079 1795 1225 1835 eum.

2234 1832 2278 1851 n
2308 1781 2637 1851 στρέφοντας
2662 1779 2889 1850 καρδίαν
2922 1780 3008 1831 ἐπ’
3043 1779 3224 1833 αὐτόν.

701 1869 789 1925 18.
819 1867 1208 1928 Verumtamen
1267 1889 1434 1944 prope
1485 1875 1736 1931 timentes
1785 1891 1911 1930 eum
1966 1873 2203 1930 salutare
2239 1867 2278 1888 "

2375 1871 2458 1924 18.
2491 1870 2635 1940 Πλὴν
2663 1872 2828 1939 ἐγγὺς
2862 1869 2971 1922 τῶν
3005 1869 3352 1941 φοϐουμένων
3391 1871 3556 1926 αὐτὸν
3593 1873 3659 1926 τὸ
3704 1879 3882 1930 σωτή-

633 1961 828 2029 ipsius,

2304 1980 2418 2033 ριον
2447 1959 2638 2024 αὑτοῦ,
3061 2017 3068 2024 ,

701 2055 789 2109 19.
817 2052 888 2109 Ut
921 2054 1188 2110 inhabitet
1207 2055 1378 2125 gloria
1405 2055 1458 2108 in
1491 2064 1633 2110 terra
1672 2065 1881 2112 nostra.

2371 2054 2456 2108 19.
2493 2053 2599 2106 Τοῦ
2639 2055 3060 2124 κατασκηνῶσαι
3081 2054 3240 2120 δόξαν
3265 2058 3325 2110 ὲν
3343 2061 3408 2129 τῇ
3443 2061 3512 2130 γῇ
3554 2059 3734 2130 ἡμῶν.

696 2143 786 2197 20.
813 2143 1183 2201 Misericordia
1219 2153 1274 2200 et
1292 2147 1494 2201 veritas
1522 2147 1876 2202 obviaverunt
1906 2165 1920 2201 :

1906 2165 1920 2201 :
2374 2146 2462 2200 20.
2498 2147 2686 2211 Ἔλεος
2716 2147 2811 2200 καὶ
2845 2148 3074 2219 ἀλήθεια
3105 2151 3448 2221 συνήντησαν
3471 2167 3487 2184 ο

702 2238 793 2293 21.
827 2235 1044 2293 Justitia
1069 2246 1123 2292 et
1145 2253 1246 2307 pax
1280 2238 1542 2293 osculata
1567 2247 1716 2294 sunt.

2386 2237 2475 2291 21.
2515 2238 2839 2308 Δικαιοσύνη
2867 2242 2961 2293 καὶ
2991 2243 3178 2312 εἰρήνη
3204 2241 3591 2313 κατεφίλησαν.

700 2330 792 2384 22.
819 2328 1033 2386 Veritas
1053 2331 1120 2385 de
1142 2340 1286 2384 terra
1312 2339 1431 2387 orta
1455 2339 1539 2384 est
1565 2348 1578 2383 :

2385 2328 2474 2381 22.
2524 2329 2772 2400 Ἀλήθεια
2804 2332 2866 2383 ἐκ
2887 2331 2988 2400 τῆς
3011 2333 3113 2402 γῆς
3137 2334 3374 2387 ἀνέτειλε
3400 2352 3411 2365 ·

700 2422 790 2478 23.
815 2421 882 2478 Ει
908 2423 1120 2494 justitia
1153 2422 1221 2477 de
1245 2422 1384 2478 calo
1409 2421 1712 2492 prospexit.

2382 2421 2474 2476 25.
2507 2422 2618 2476 Καὶ
2653 2422 2965 2494 δικαιοσύνη
2999 2425 3062 2477 ὲκ
3089 2423 3181 2477 τοῦ
3211 2424 3442 2495 οὐρανοῦ
3463 2425 3707 2495 διέκυψε.

1750 2617 2124 2675 ATHANASH
2161 2617 2744 2678 INTERPRETATIO.

702 2805 755 2859 6.
783 2803 1062 2873 Propitius
1091 2800 1266 2857 factus
1306 2815 1366 2856 es
1403 2800 1659 2856 universo
1704 2799 1891 2871 generi
1937 2799 2195 2858 humano.
2227 2801 2270 2859 C

2227 2801 2270 2859 C
2374 2799 2427 2852 6.
2459 2798 2647 2862 Ἱλεως
2676 2799 2835 2868 γενοῦ
2869 2800 3032 2855 παντὶ
3052 2799 3130 2872 τῷ
3160 2803 3309 2870 γένει
3334 2803 3442 2854 τῶν
3472 2801 3802 2874 ἀνθρώπιον.

705 2898 759 2953 7.
787 2895 870 2950 Ad
894 2905 945 2950 te
966 2895 1144 2966 ipsum
1169 2909 1438 2965 congrega
1467 2909 1588 2948 nos.

2376 2891 2431 2947 7.
2476 2892 2875 2962 Ἐπισυνάγαγε
2905 2895 3053 2966 ἡμᾶς
3091 2895 3228 2967 πρὸς
3260 2896 3471 2949 ἑαυτόν.

704 2991 756 3043 8.
794 2987 860 3042 Ει
884 3003 1100 3044 cessare
1122 2987 1207 3041 fac
1230 2986 1600 3048 maledictum,
1623 2984 1771 3056 quod
1795 2983 1900 3038 fuit
1926 2985 1996 3039 ab
2012 2985 2206 3052 Adam,

2376 2981 2428 3036 8.
2464 2984 2572 3037 Καὶ
2622 2984 2830 3039 παῦσον
2857 2987 2958 3057 τὴν
3001 2986 3247 3058 κατάραν
3271 2986 3369 3057 τὴν
3414 2985 3523 3039 ἀπὸ
3555 2986 3648 3039 τοῦ
3695 2989 3886 3060 Ἀδὰμ,

632 3092 687 3136 et
718 3081 874 3146 Cain,
910 3090 966 3135 et
996 3079 1241 3149 reliquis.

2309 3076 2404 3126 καὶ
2435 3074 2595 3140 Κάῖν,
2621 3076 2716 3128 καὶ
2745 3076 2852 3129 τῶν
2883 3076 3105 3129 λοιπῶν.

704 3175 757 3227 9.
788 3171 1040 3243 Nunquid
1072 3172 1404 3242 permanebit
1433 3171 1698 3227 sententia
1729 3170 1820 3226 illa
1842 3186 2055 3241 semper
2083 3172 2106 3223 ?

2380 3167 2431 3221 9.
2471 3165 2558 3239 Μὴ
2585 3167 2838 3239 ὲπιμείνῃ
2874 3169 2908 3240 ή
2934 3167 3210 3236 ἀπόφασις
3239 3167 3421 3238 ἐκείνη
3443 3169 3530 3221 διὰ
3561 3172 3801 3238 παντόςς

709 3265 795 3318 10.
820 3265 1214 3320 Transeuntem
1261 3264 1328 3317 de
1390 3265 1739 3332 generatione
1793 3263 1848 3316 in
1906 3264 2211 3333 generatio-

2001 3264 2211 3319 ιει-ςιιίυ-
2382 3259 2468 3314 10.
2506 3261 2874 3330 Διερχομένην
2899 3259 3007 3314 ἀπὸ
3039 3261 3234 3326 γενεᾶς
3261 3261 3341 3324 εἰς
3366 3262 3558 3329 γενεάν
3581 3279 3595 3328 ;

637 3357 794 3412 nem'l

705 3452 793 3504 11.
831 3450 976 3507 Deus
1009 3460 1090 3520 tu,
1137 3452 1232 3522 qui
1265 3448 1586 3505 convertisti
1626 3463 1728 3505 nos
1764 3464 1831 3502 ex
1875 3456 2051 3502 morte
2086 3462 2210 3516 pec-

2384 3438 2469 3492 11.
2513 3440 2572 3493 '0
2596 3439 2748 3506 Θεὸς,
2781 3440 2845 3491 σὺ
2873 3438 3206 3511 ἐπιστρέψας
3236 3440 3384 3510 ἡμᾶς
3413 3439 3479 3492 ὲκ
3527 3437 3622 3492 τοῦ
3653 3439 3889 3496 θανάτου

639 3544 763 3608 cati,
791 3543 999 3597 viviﬂca
1028 3560 1121 3612 per
1154 3544 1381 3614 gratiam
1413 3552 1579 3597 tuam.

2312 3534 2409 3602 τῆς
2434 3532 2728 3603 ἁμαρτίας,
2761 3531 3095 3602 ζωοποίησον
3125 3531 3214 3584 διὰ
3243 3530 3344 3601 τῆς
3372 3531 3593 3603 χάριτός
3620 3548 3740 3586 σου.

708 3634 794 3687 12.
822 3633 1118 3690 Credentes
1151 3634 1205 3687 in
1231 3643 1301 3687 te.

2387 3624 2471 3677 12.
2515 3626 2577 3676 Οἱ
2625 3623 2969 3685 πιστεύοντες
3003 3625 3060 3675 ὲν
3091 3621 3172 3673 σοί
3206 3621 3299 3691 (1).

709 3729 797 3781 15.
829 3727 1030 3782 Filium
1070 3738 1246 3784 tuum.

2384 3717 2469 3770 15.
2507 3715 2609 3768 Τὸν
2636 3716 2764 3769 Υίόν
2799 3731 2914 3769 σου.

707 3818 793 3872 14.
832 3817 1092 3888 Spiritum
1124 3829 1371 3875 sanctum
1407 3829 1580 3874 tuum.

2382 3806 2468 3859 1'1.
2501 3806 2573 3858 Τὸ
2605 3805 2830 3876 Πνεῦμα
2852 3822 2944 3858 σου
2969 3806 3031 3859 τὸ
3061 3805 3237 3874 ἅγιον.

712 3910 801 3965 15.
827 3910 1092 3981 Adjiciam
1120 3913 1234 3982 jam
1270 3921 1506 3967 mentem
1549 3927 1726 3967 meam
1756 3911 1844 3977 iis,
1892 3926 2015 3981 quae
2054 3910 2120 3964 ab
2146 3923 2212 3963 eo

2381 3900 2468 3953 15.
2517 3899 2832 3968 Ἑπιστήσω
2846 3899 2936 3950 τὸν
2969 3896 3093 3951 νοῦν
3123 3915 3222 3967 μου
3252 3897 3441 3950 λοιπὸν
3489 3899 3602 3961 τοῖς
3661 3897 3897 3970 λεγομέ-

639 4001 782 4057 dicta
817 4005 1019 4058 suntin
1052 4005 1284 4059 adventu
1313 4020 1432 4060 suo.

2314 4009 2423 4054 νοις
2457 3990 2535 4062 (2)
2571 3989 2662 4043 ὑπ’
2693 3988 2857 4042 αὑτοῦ
2885 3991 2943 4042 ὲν
2967 3992 3032 4060 τῇ
3075 3989 3349 4060 παρουσίᾳ
3370 3988 3555 4042 αὐτοῦ.

713 4095 798 4148 16.
828 4095 1097 4162 Quoniam
1127 4112 1316 4168 pacem
1352 4112 1508 4153 suam
1533 4093 1759 4152 donabit
1785 4098 1962 4152 nobis.
2239 4149 2287 4168 ﬁ

2239 4149 2287 4168 ﬁ
2387 4084 2472 4136 16.
2497 4083 2620 4136 Ὅτι
2645 4081 2742 4152 τὴν
2770 4080 2960 4134 ἑαυτοῦ
2985 4081 3206 4151 εἰρήνην
3233 4081 3534 4152 δωρήσεται
3559 4081 3709 4151 ἡμῖν.

711 4186 799 4241 17,
829 4187 896 4240 Ει
931 4202 1095 4256 super
1123 4187 1399 4256 apostolos
1431 4204 1584 4254 suos,
1611 4196 1667 4242 et
1699 4202 1862 4256 super
1884 4202 2074 4242 omnes
2101 4201 2212 4240 cre-
2239 4149 2288 4204 Β

2384 4175 2468 4226 17.
2507 4173 2618 4225 Kal.
2668 4149 2760 4224 ἐπὶ
2802 4173 2928 4234 τοὺς
2957 4149 3285 4233 ἀποστόλους
3307 4149 3496 4237 αῦτοῦ,
3673 4173 3757 4236 εἰς
3817 4173 3893 4244 (5)

640 4278 829 4334 dentes
864 4279 918 4333 in
945 4294 1089 4334 eum.

2313 4267 2519 4329 πάντας
2538 4265 2664 4327 τοὺς
2691 4263 3044 4326 πιστεύοντας
3071 4265 3150 4326 εἰς
3178 4264 3355 4317 αὐτόν.

710 4371 798 4425 18.
852 4370 1237 4428 Verumtamen
1284 4373 1532 4442 proxima
1575 4382 1658 4428 est
1704 4374 1853 4429 salus
1908 4371 2213 4426 timentium

2384 4357 2470 4410 18.
2505 4356 2696 4425 Ὅμως
2718 4354 2943 4425 πλησίον
2976 4354 3123 4408 ἐστὶν
3152 4357 3186 4425 ἡ
3212 4356 3454 4427 σωτηρία
3489 4355 3598 4408 τῶν
3621 4355 3895 4426 φοόουμέ-

640 4478 789 4526 eum,
818 4471 874 4518 ει
897 4466 1237 4520 credemium
1268 4467 1392 4536 ipsi.
2314 4468 2417 4504 νων
2451 4449 2631 4513 αὐτὸν,
2662 4449 2755 4501 καὶ
2785 4447 3146 4500 πιστευόντων
3173 4447 3340 4516 αὐτῷ.

714 4554 805 4609 19.
840 4552 912 4610 Ut
935 4557 1108 4625 gratia
1139 4558 1234 4612 Dei
1266 4558 1447 4612 veniat
1475 4558 1529 4611 in
1557 4558 1718 4612 corda
1749 4566 1957 4613 nostra.

2386 4542 2472 4598 19.
2500 4541 2606 4593 Τοῦ
2639 4541 2735 4611 τὴν
2757 4539 2916 4609 χάριν
2943 4538 3035 4592 τοῦ
3069 4538 3203 4592 Θεοῦ
3225 4540 3397 4594 ἐλθεῖν
3420 4541 3501 4603 εἰς
3528 4540 3628 4604 τὰς
3663 4542 3896 4614 καρδίας

2313 4635 2471 4705 ἡμῶν
2511 4632 2607 4702 (1)·

709 4731 800 4786 29.
834 4730 1087 4787 Gentium
1133 4742 1187 4787 et
1216 4733 1526 4790 Judazorum
1573 4737 1808 4807 populus
1847 4737 2010 4791 simul
2041 4734 2216 4790 credi-

2384 4727 2473 4780 20.
2509 4724 2630 4777 Τῶν
2679 4722 2848 4776 ὲθνῶν
2900 4722 2994 4776 καὶ
3037 4721 3142 4775 τῶν
3189 4722 3457 4778 Ἰουδαίων
3611 4725 3742 4789 λαὸς
3777 4729 3896 4780 ἐπί-

642 4823 862 4879 derunt.

2316 4833 2545 4870 στευσαν
2576 4816 2711 4885 ἅμα.

712 4914 801 4968 21.
832 4914 1090 4972 Similiter
1113 4916 1450 4982 Judaeorum,
1491 4931 1545 4975 et
1583 4921 1825 4993 gentium
1869 4919 2053 4990 populi
2085 4937 2216 4975 con-

2386 4911 2475 4962 ‘21.
2518 4908 2748 4978 Ὁμοίως
2785 4911 2833 4961 οξ
2876 4909 2983 4960 τῶν
3019 4909 3284 4963 Ἰουδαίων
3308 4911 3401 4963 καί
3430 4909 3600 4964 ἐθνῶν
3627 4913 3706 4982 (6)
3730 4911 3891 4985 [λαοὶ]

647 5008 812 5062 ιυηοιὶ
847 5019 976 5063 sunt
1005 5011 1234 5065 invicem
1265 5012 1318 5066 in
1355 5012 1456 5066 lide
1483 5021 1536 5067 et
1569 5013 1855 5067 charitate.

2319 4998 2602 5069 ἡνὼθησαν
2630 4999 2687 5049 ὲν
2712 4999 2889 5050 πίστει
2926 4999 3020 5050 καὶ
3045 4997 3232 5067 ἀγάπῃ
3267 4997 3533 5068 ἀλλήλοις.

712 5101 802 5155 22.
831 5101 1006 5173 Opera
1041 5102 1268 5173 justitia:
1294 5105 1364 5158 dc
1395 5105 1653 5159 cordibus
1681 5105 1988 5159 hominum.

2391 5093 2480 5147 22.
2509 5092 2589 5144 Τὰ
2618 5091 2756 5162 ἔργα
2783 5092 2883 5160 τῆς
2909 5089 3254 5161 δικαιοσύνης
3275 5093 3339 5144 ὲκ
3372 5090 3480 5144 τῶν
3514 5092 3760 5168 καρδιῶν
3790 5092 3895 5146 τῶν

2320 5187 2414 5240 ἀνθ
2421 5185 2638 5258 ρώπων.

711 5269 802 5326 25.
845 5269 1016 5325 Filius
1052 5269 1147 5326 Dei
1181 5271 1417 5328 advenit.

2391 5277 2481 5330 25.
2527 5277 2584 5330 '0
2626 5275 2751 5338 Υἱὸς
2776 5274 2870 5328 τοῦ
2909 5275 3044 5329 Θεοῦ
3073 5277 3429 5345 παραγέγονε.

1595 5460 1904 5526 Addenda
1941 5469 2002 5526 et
2035 5461 2411 5541 corrigenda
2441 5479 2521 5522 ex
2558 5461 2704 5523 cod.
2741 5460 2933 5518 Vatic.

716 5645 796 5716 (ι)
823 5646 917 5709 Εἰς
958 5645 1039 5701 σέ.
2397 5647 2474 5715 (ι)
2510 5645 2714 5716 ’Υμῶν.

715 5713 793 5787 (2)
825 5717 1146 5786 Λεγομένοις
1183 5735 1292 5787 μοι.
2513 5713 2714 5769 ’ω’τῶν
2745 5716 2911 5770 ἐθνῶν
2945 5716 3038 5768 καὶ
3081 5713 3364 5787 ίΙουῦαίων.

719 5784 794 5856 (5)
841 5784 979 5841 Ἐπί.
1185 5784 1192 5787 ’
2395 5789 2472 5857 (6)
2502 5790 2559 5841 Οἱ
2588 5787 2691 5840 τῶν
2729 5787 2987 5843 Ἰουδαίων
3025 5785 3114 5839 καὶ
3147 5784 3252 5839 τῶν
3282 5784 3598 5850 ἑθνῶν,εις.
