4036 6502
210 472 359 530 1013
1079 469 1169 523 DE
1209 469 1488 526 TITULIS
1520 469 1970 528 PSALMORUM.
2016 504 2084 511 ——
2119 469 2312 526 PSAL.
2351 471 2600 528 LXXXV.
3345 473 3478 529 1014

278 586 368 642 24.
404 586 514 640 Καὶ
547 585 654 658 γὰρ
679 588 707 639 ὁ
730 585 933 656 Κύριος
955 584 1115 637 δώσει
1141 586 1485 656 χρηστότητα
1504 603 1518 618 ·
1819 587 1866 643 Α

1819 587 1866 643 Α
1965 584 2054 637 ‘24.
2092 583 2304 638 Etenim
2340 584 2604 638 Dominus
2626 584 2778 637 dabit
2801 585 3184 655 benignitatem
3220 604 3231 640 :

280 680 372 736 25.
403 681 514 734 Καὶ
529 681 562 749 ἡ
594 678 667 748 γῆ
691 678 844 750 ὑμῶν
863 678 917 750 [η
928 677 1067 750 μῶν]
1083 677 1244 731 δώσει
1261 678 1352 731 τὸν
1368 679 1577 752 καρπὸν
1596 681 1788 750 αὐτῆς.

1597 681 1788 750 αὐτῆς.
1967 676 2058 736 25.
2090 674 2156 729 Et
2188 686 2334 731 terra
2356 685 2538 730 nostra
2569 675 2721 730 dabit
2745 676 2977 732 fructum
3009 694 3191 734 suum.

275 770 369 826 26.
401 769 724 841 Δικαιοσύνη
752 770 980 824 ἐνώπιον
1009 769 1175 824 αὑτοῦ
1208 773 1643 843 προπορεύσεται
1672 793 1681 802 ·

1393 773 1643 843 ρεύσεται
1672 793 1681 802 ·
1968 768 2060 822 ‘26.
2088 766 2308 822 Justitia
2341 777 2463 822 ante
2486 783 2608 822 eum
2643 768 2946 822 ambulabit
2975 787 2987 823 :

275 863 368 917 27.
397 863 508 916 Καὶ
534 861 691 935 θήσει
718 864 800 926 εἰς
822 861 940 916 ὁδὸν
968 863 1039 916 τὰ
1072 862 1393 935 διαδήματα
1423 865 1610 921 αὐτοῦ.

1374 883 1393 918 ι
1423 865 1610 921 αὑτοῦ,
1970 859 2062 912 27.
2102 857 2164 913 Ει
2197 869 2361 929 ponet
2389 860 2444 913 in
2471 859 2556 912 via
2583 874 2803 929 gressus
2830 875 2968 918 suos.

446 977 765 1046 Προσευχὴ
789 974 870 1041 τῷ
901 977 1099 1030 Δαϐἰδ.
1144 979 1375 1032 ΨΑΛΜ.
1418 980 1546 1036 ΠΕ’.

2188 970 2376 1025 Oratio
2400 970 2595 1025 David.
2624 969 2887 1025 PSALM.
2916 971 3188 1026 LXXXV.

279 1069 334 1125 1.
365 1069 582 1136 Κλῖνον,
617 1068 813 1137 Κύριε,
845 1069 906 1121 τὸ
928 1064 1022 1132 οὖς
1052 1086 1167 1134 σου,
1197 1072 1290 1124 καὶ
1334 1071 1639 1125 έπάκουσὸν
1666 1091 1786 1144 μου.

1978 1065 2028 1118 1.
2073 1061 2311 1130 lnclina,
2381 1062 2647 1128 Domine,
2701 1079 2886 1118 aurem
2940 1074 3122 1131 tuam,
3179 1073 3233 1119 et
3284 1065 3477 1119 exaudi

1893 1175 1979 1213 me
2011 1177 2025 1212 ζ

272 1246 330 1300 2.
364 1247 488 1300 ’Ὁτι
517 1249 732 1318 πτωχὸς
765 1249 863 1301 καὶ
895 1249 1063 1319 πένης
1085 1250 1203 1320 εἰμὶ
1229 1251 1360 1320 ἐγώ.

1968 1252 2026 1306 ‘2.
2056 1251 2328 1318 Quoniam
2360 1251 2518 1320 inops
2546 1264 2598 1306 et
2626 1268 2832 1323 pauper
2865 1269 2984 1308 sum
3006 1269 3122 1324 ego.

272 1340 330 1393 5.
361 1338 600 1406 Φύλαξον
634 1341 734 1409 τὴν
758 1341 937 1413 ψυχήν
962 1359 1084 1412 μου,
1110 1344 1192 1396 ὅτι
1230 1345 1375 1408 ὅσιός
1403 1347 1520 1416 εἰμι
1541 1363 1554 1374 ·

1969 1345 2022 1399 5.
2051 1344 2277 1400 Custodi
2295 1345 2535 1398 animam
2563 1360 2763 1407 meam,
2784 1348 3044 1414 quoniam
3072 1353 3295 1400 sanctus
3321 1361 3440 1400 sum
3466 1365 3477 1399 :

274 1431 329 1484 4.
362 1433 544 1486 Σῶσον
593 1433 686 1488 τὸν
724 1434 910 1487 δοῦλόν
946 1451 1062 1499 σου,
1095 1436 1124 1487 ὁ
1172 1436 1304 1501 Θεός
1346 1456 1469 1509 μου,
1519 1441 1608 1494 τὸν
1642 1441 1790 1494 ἐλπί-

1979 1438 2035 1492 4.
2065 1436 2288 1491 Salvum
2318 1435 2402 1490 fac
2434 1451 2651 1491 servum
2673 1447 2848 1501 tuum,
2873 1437 3016 1492 Deus
3047 1454 3222 1502 meus,
3254 1453 3480 1506 sperau-

197 1521 367 1587 ζοντα
402 1525 495 1578 ἐπὶ
524 1526 584 1578 σέ
624 1519 775 1598 [eoi].

579 1527 584 1575 ἱ
624 1519 775 1598 [eoi].
1892 1538 1999 1583 tem
2031 1529 2084 1582 in
2123 1537 2173 1582 te

277 1615 330 1669 5.
379 1617 631 1687 Ἐλέησόν
662 1635 752 1689 με,
802 1618 996 1690 Κύριε,
1043 1621 1126 1673 ὅτι
1158 1625 1296 1693 πρὸς
1344 1626 1404 1679 σὲ
1449 1628 1789 1701 κεκράξομαι

1968 1621 2024 1676 5.
2058 1621 2316 1676 Miserere
2343 1621 2474 1684 mei,
2504 1620 2755 1686 Domine,
2786 1622 3044 1691 quoniam
3077 1619 3143 1675 ad
3168 1628 3218 1676 te
3249 1621 3479 1676 clamavi

195 1705 333 1776 ὃλην
360 1706 460 1778 τὴν
487 1708 722 1778 ἡμέραν.

553 1708 722 1778 ιέραν.
1893 1722 2003 1767 tota
2039 1713 2147 1768 die.

273 1799 330 1853 6.
359 1799 644 1871 Εὕφρανον
665 1803 764 1873 τὴν
785 1803 966 1876 ψυχὴν
998 1803 1092 1858 τοῦ
1113 1805 1299 1860 δούλου
1335 1825 1426 1861 σου
1455 1826 1466 1839 ·

1298 1835 1299 1850 ι
1335 1825 1426 1861 σου
1455 1826 1466 1839 ·
1967 1807 2021 1859 6.
2062 1807 2296 1862 Laztilica
2325 1807 2564 1861 animam
2597 1807 2740 1860 servi
2774 1808 2849 1861 tui
2879 1828 2892 1860 ς

272 1889 323 1942 7.
355 1891 480 1998 :01:
515 1892 654 1964 πρὸς
680 1893 739 1946 σὲ
763 1890 874 1965 ἦρα
903 1895 1003 1967 τὴν
1028 1896 1224 1966 ψυχήν,
1235 1916 1358 1968 μου.
1820 1943 1864 1998 Β

1820 1943 1864 1998 Β
1971 1897 2022 1951 7.
2053 1896 2324 1962 Quoniam
2362 1899 2429 1952 ad
2461 1907 2513 1951 te
2547 1898 2785 1950 animam
2819 1912 2994 1950 meam
3034 1896 3226 1950 levavi.

271 1987 327 2038 8.
363 1984 486 2038 Ὀτι
512 1986 599 2048 σὺ,
627 1986 824 2056 Κύριε,
856 1989 1094 2059 χρηστὸς
1117 1994 1209 2045 καὶ
1228 1994 1500 2064 ἐπιεικὴς,
1821 1984 1864 1998 ”

1821 1984 1864 1998 ⁵’
1965 1990 2020 2046 8.
2055 1990 2325 2055 Quoniam
2355 2000 2433 2055 tu,
2460 1989 2713 2049 Domine,
2740 1989 2925 2042 suavis
2960 1996 3014 2041 et
3043 1989 3210 2052 mitis,

269 2078 325 2130 9.
356 2076 466 2130 Καὶ
496 2077 779 2141 πολυέλεΟς
821 2080 955 2133 πᾶσι
988 2083 1102 2145 τοῖς
1130 2084 1578 2156 ἐπικαλουμένοις
1614 2105 1691 2142 σε.

1961 2083 2107 2137 9.131
2161 2083 2345 2137 multa:
2395 2081 2783 2138 misericordiae
2847 2081 3102 2136 omnibus
3175 2080 3473 2134 invocanti-

1895 2177 1997 2231 bus
2022 2185 2092 2230 te.

277 2253 367 2304 10.
417 2253 722 2319 Ἐνώτισαι,
761 2255 955 2328 Κύριε,
990 2260 1088 2329 τὴν
1134 2263 1440 2333 προσευχήν
1475 2280 1613 2334 μουο

1966 2273 2053 2324 lt).
2087 2268 2327 2324 Auribus
2359 2268 2597 2338 percipe,
2627 2266 2876 2332 Domine,
2911 2265 3218 2320 orationem
3257 2278 3475 2317 meam:

277 2343 369 2398 ll.
398 2345 508 2399 Καὶ
539 2348 777 2417 πρόσχες
807 2351 873 2420 τῇ
901 2354 1052 2421 φωνῇ
1080 2352 1180 2422 τῆς
1207 2353 1297 2424 δεή
1311 2355 1442 2418 sed);
1471 2374 1595 2426 μου.

1571 2386 1595 2410 ιο
1967 2365 2056 2418 Η.
2091 2363 2157 2417 Ει
2190 2363 2407 2416 intende
2437 2362 2556 2414 voci
2583 2357 2986 2427 deprecationis
3009 2372 3165 2410 mea}.

273 2436 361 2490 12.
408 2438 495 2491 Ἐν
526 2441 708 2511 ἡμέρα
743 2441 976 2511 omaso;
1005 2463 1108 2514 μου
1142 2446 1415 2517 ἐκέκραξα
1443 2450 1580 2519 πρὸς
1605 2451 1682 2513 σὲ,
1709 2453 1791 2504 ὅτι

1965 2457 2052 2511 12.
2083 2455 2141 2508 In
2177 2455 2264 2509 die
2293 2452 2664 2509 tribulationis
2691 2466 2823 2506 mea:
2850 2449 3082 2505 clamavi
3124 2448 3192 2503 ad
3239 2459 3309 2511 te,
3348 2446 3479 2515 quia

197 2528 515 2599 ἰπήκουσάς
556 2549 682 2601 μου.

1892 2548 2162 2604 exaudisti
2193 2562 2299 2601 me.

1328 2741 1702 2799 ATHANASH
1739 2745 2328 2801 lNTERPllETATIO.

266 2910 359 2965 24.
393 2910 466 2963 Τὸ
498 2911 720 2982 Πνεῦμα
759 2914 924 2968 αὐτοῦ
953 2916 1013 2968 τὸ
1038 2915 1191 2984 ἅγιον
1234 2919 1327 2970 καὶ
1369 2919 1572 2985 ἀγαθὸν
1616 2921 1788 2991 δωρή-

1957 2923 2047 2977 24.
2080 2921 2344 2992 Spiritum
2398 2938 2556 2976 suum
2597 2932 2872 2986 sanctum,
2905 2925 2959 2974 et
3006 2919 3211 2974 bonum
3250 2918 3475 2974 donabit

196 3018 353 3056 σεται
385 3004 541 3072 ἡμῖν.

482 3005 541 3057 ἵν.
1891 3016 2076 3071 nobis.

267 3094 360 3150 9.5.
392 3096 467 3148 Τὸ
498 3096 654 3163 γένος
682 3097 792 3152 τῶν
818 3097 1124 3170 ἀνθρώπων
1155 3099 1224 3154 τὰ
1259 3100 1398 3172 ἔργα
1446 3104 1547 3174 τῆς
1579 3103 1788 3156 δικαιο-

1467 3104 1547 3174 τῆς
1579 3103 1788 3156 δικαιο-
1958 3111 2046 3163 25.
2076 3111 2261 3166 Genus
2292 3111 2596 3165 humanum
2624 3123 2787 3178 opera
2814 3106 3061 3178 justitiaa.

197 3203 388 3258 συνης.

267 3277 359 3334 26.
407 3279 657 3352 Ἰωάννης
693 3283 722 3335 ὁ
758 3282 1068 3356 Βαπτιστὴς
1095 3325 1112 3352 ,
1163 3287 1257 3339 καὶ
1307 3287 1369 3340 τὺ
1417 3288 1620 3360 πλῆθος
1673 3287 1782 3341 τῶν

1957 3291 2048 3345 26.
2087 3295 2335 3346 Joannes
2361 3289 2624 3360 Baptista,
2657 3298 2713 3344 et
2744 3287 3038 3342 multitudo
3065 3285 3475 3357 prophetarum.

193 3371 518 3445 προφητῶν.

267 3465 359 3522 27.
394 3467 505 3521 Καὶ
537 3467 830 3522 ἐντελεῖται
849 3469 907 3522 ὲν
933 3469 1114 3524 πίστει
1131 3472 1202 3525 τὰ
1223 3473 1569 3545 δικαιώματα
1595 3473 1778 3528 αὑτοῦ.

1697 3473 1778 3526 οὗ.
1962 3471 2051 3524 27.
2085 3469 2151 3525 Ει
2180 3469 2458 3541 ρι’ποὶρίοι
2484 3468 2537 3522 in
2570 3468 2672 3522 ﬁde
2702 3466 3122 3537 justiﬁeationes
3151 3464 3290 3535 ejus.

277 3586 711 3658 ἸΙ-προκειμένη
743 3589 1025 3659 ἐπιγραφὴ
1060 3590 1305 3661 περιέχει
1342 3592 1452 3660 (1)·
1490 3589 1814 3660 Προσευχὴ
1855 3588 1933 3652 τῷ
1958 3585 2158 3647 Δαόὶδ,
2181 3584 2431 3636 τουτέστι
2478 3583 2560 3647 τῷ
2599 3580 2785 3647 ικανῷ
2824 3581 2898 3651 τῇ
2932 3580 3121 3651 χειρί’
3179 3578 3338 3632 τοῦτο
3368 3576 3475 3647 γὰρ

192 3678 562 3749 ἑρμηνεύεται
584 3678 766 3742 Δασὶδ,
807 3679 946 3751 ὅπερ
980 3681 1129 3734 ἐστὶν
1168 3683 1198 3734 ὁ
1227 3682 1354 3746 Υἱὸς
1377 3682 1471 3738 τοῦ
1501 3682 1659 3736 θεοῦ.

263 3766 486 3826 Titulus
541 3770 871 3841 praepositus
919 3773 1163 3829 continet
1193 3791 1204 3826 :
1238 3773 1429 3829 Oratio
1465 3773 1660 3841 David,
1727 3774 1835 3827 hoc
1892 3779 1996 3833 est,
2026 3784 2185 3821 manu
2209 3768 2359 3836 forti,
2398 3768 2470 3822 ita
2501 3767 2648 3822 enim
2680 3766 3071 3837 interpretatur
3109 3764 3300 3831 David,
3334 3781 3473 3836 qua-

192 3867 262 3921 lis
289 3875 373 3923 est
400 3865 576 3923 Filius
611 3867 726 3923 Dei.

265 3960 321 4014 1.
357 3961 598 4032 Εὐμενές
631 3980 722 4032 μοι
771 3963 995 4035 ποίησον
1026 3966 1088 4019 τὸ
1118 3964 1213 4032 οὖς
1260 3987 1377 4032 σου,
1423 3971 1517 4023 καὶ
1541 3968 1775 4024 ὲπάκου-
1803 3971 1846 4030 C

1958 3963 2003 4015 Ι.
2039 3960 2336 4030 Benignam
2389 3957 2523 4010 mibi
2573 3956 2660 4010 fac
2711 3970 2900 4010 aurem
2953 3963 3123 4020 tuam,
3158 3963 3212 4010 et
3266 3953 3466 4009 exaudi

192 4071 288 4108 σον
319 4054 420 4123 τῆς
451 4056 760 4125 προσευχῆς
788 4073 890 4127 μου
931 4056 1030 4128 (2).

825 4073 890 4110 ὀυ
931 4056 1030 4128 (ῆι
1888 4056 2196 4110 orationem
2225 4064 2419 4105 meam.

261 4139 320 4194 2.
359 4140 437 4212 Τῇ
471 4141 689 4212 καρδία.

645 4159 689 4212 ῃ.
1955 4146 2010 4198 2.
2044 4145 2239 4200 Corde.

264 4233 321 4287 5.
365 4233 685 4300 Ἀσφάλισαι
710 4235 808 4308 τὴν
841 4236 1020 4311 ψυχήν
1046 4259 1168 4312 μου,
1194 4244 1277 4297 ὃτι
1303 4261 1362 4296 σε
1385 4242 1495 4311 ἐγὼ
1531 4242 1777 4312 σέϐομαι.

1958 4236 2012 4290 3.
2047 4233 2194 4287 Muni
2223 4232 2461 4285 animam
2496 4245 2696 4293 meam,
2737 4227 2997 4298 quoniam
3027 4242 3129 4296 ego
3167 4236 3218 4280 te
3251 4242 3390 4284 coto.

265 4322 320 4377 4.
359 4322 542 4378 Σῶσόν
577 4342 645 4394 με
682 4324 774 4378 τὸν
804 4326 991 4382 δοῦλόν
1025 4347 1142 4399 σου,
1181 4335 1210 4385 ὁ
1237 4333 1371 4396 Θεὸς
1395 4375 1409 4398 ,
1440 4334 1520 4386 ὅτι
1557 4332 1777 4396 ἐλπίζω,

1955 4328 2006 4382 4.
2046 4327 2206 4381 Salva
2250 4341 2337 4380 me
2381 4339 2600 4378 servum
2641 4334 2818 4388 tuum,
2848 4319 3013 4387 Deus,
3046 4319 3306 4389 quoniam
3341 4333 3467 4389 spe-

189 4415 276 4468 ὂτι
302 4415 496 4481 σώζεις
531 4435 619 4488 με.

1887 4440 1948 4477 ro
1996 4419 2144 4491 quod
2179 4434 2267 4473 me
2300 4418 2561 4473 salvabis.

263 4509 316 4563 5.
363 4508 748 4578 Ἀδιαλείπτως
781 4515 1158 4588 προσεύχομαι
1205 4517 1263 4569 ὲν
1313 4518 1509 4588 καρδίᾳ
1544 4534 1780 4586 πεφωτι-

1488 4536 1509 4587 ξι
1544 4534 1780 4586 πεφωτι-
1955 4515 2006 4568 5.
2039 4510 2416 4567 indesinenter
2441 4526 2539 4565 oro
2561 4510 2724 4566 corde
2755 4510 3082 4564 illuminalo.

194 4603 395 4674 σμένῃ.

263 4692 316 4746 6.
345 4693 446 4746 Διὰ
483 4694 582 4765 τῆς
605 4695 826 4767 χάριτός
857 4714 971 4752 σου.

1953 4696 2004 4748 6.
2038 4693 2141 4748 Per
2176 4693 2405 4765 gratiam
2436 4700 2606 4746 tuam.

263 4782 316 4834 7.
351 4782 444 4853 Τῷ
484 4783 748 4857 Θελήματι
783 4788 859 4859 (5)
889 4789 1058 4860 αὐτὴν
1091 4790 1383 4862 ἀνεθέμην.

1369 4832 1383 4846 .
1954 4786 2005 4838 7.
2043 4785 2100 4839 In
2135 4786 2416 4840 voluntate
2451 4794 2541 4838 tua
2576 4798 2695 4837 eam
2727 4795 2963 4849 reposui.

265 4875 320 4930 8.
369 4876 601 4945 Ἀγαθὺς
625 4878 720 4931 καὶ
740 4881 940 4948 πραΰς.

928 4923 940 4934 .
1951 4877 2002 4930 8.
2037 4876 2241 4941 Bonus,
2272 4886 2326 4930 et
2355 4876 2522 4930 mitis.

261 4965 318 5020 9.
347 4967 460 5021 Καὶ
483 4969 790 5042 ἀμέτρητος
833 4972 898 5024 σὺ
934 4973 993 5024 ἐν
1030 4972 1108 5043 τῷ
1135 4973 1304 5027 ἐλεεῖν
1337 4976 1460 5039 τοὺς
1500 4975 1772 5044 καταφεύ-

1949 4971 2001 5020 ς).
2038 4968 2103 5024 Et
2126 4970 2396 5024 immensa
2427 4977 2513 5024 est
2537 4966 2910 5023 misericordia
2947 4974 3038 5020 tua
3066 4979 3199 5035 erga
3220 4979 3336 5029 eos,
3361 4961 3454 5033 qui

187 5074 391 5127 γοντας
419 5058 512 5110 ἐπὶ
542 5060 624 5113 σέ.

1879 5061 2206 5133 confugiunt
2239 5062 2308 5117 ad
2339 5072 2409 5118 te.

264 5154 351 5210 10.
388 5155 675 5210 Ἄκουσον.

633 5173 675 5210 ν.
1953 5155 2038 5209 10.
2067 5156 2227 5210 Audi.

265 5245 353 5300 H.
387 5244 491 5301 Καὶ
529 5247 692 5319 ἔργον
719 5250 1044 5306 ἁποτέλεσον
1067 5254 1164 5324 τὴν
1187 5258 1494 5326 προσευχήν
1538 5273 1638 5326 μου

1431 5258 1494 5325 ην
1538 5273 1638 5326 μου
1672 5257 1767 5326 (4),
1952 5247 1972 5298 Ἰ
1992 5248 2038 5302 ι.
2070 5248 2135 5303 Ει
2162 5263 2302 5318 opus
2331 5248 2479 5303 eﬂice
2503 5249 2804 5304 orationem
2829 5261 3024 5300 meam.

256 5337 347 5391 12.
396 5338 483 5392 Ἐν
513 5339 594 5411 τῷ
621 5341 796 5412 καιρῷ
815 5342 908 5396 τοῦ
930 5344 1224 5398 ἀπολέσθαι
1251 5363 1317 5415 με
1353 5346 1570 5415 ὑπὸτῆς
1586 5349 1765 5417 ἁμαρ·
1805 5326 1846 5379 D

1950 5339 2035 5394 12.
2071 5339 2126 5394 ln
2157 5351 2422 5410 tempere,
2465 5357 2576 5410 quo
2617 5339 2752 5410 perii
2797 5355 2824 5392 a
2875 5346 3096 5407 peccato
3129 5335 3449 5404 deprecatus

184 5429 306 5495 τιας
331 5429 562 5504 ἐδεήθην
587 5450 703 5501 σου,
736 5435 923 5506 ἐπειδὴ
954 5438 1048 5491 καὶ
1075 5437 1264 5492 ἅλλοτο
1297 5438 1606 5509 ὲπήκουσάς
1641 5457 1764 5511 μου.

1488 5438 1606 5502 mai;
1641 5457 1764 5511 μου.
1877 5454 1997 5493 sum
2032 5449 2104 5505 te,
2136 5438 2394 5508 quoniam
2431 5447 2486 5492 et
2507 5437 2642 5493 alias
2674 5452 2759 5491 me
2793 5431 3082 5491 exaudisti.

1157 5624 1465 5685 Addenda
1494 5631 1554 5684 et
1582 5624 1958 5703 corrigenda
2008 5642 2085 5686 ex
2118 5625 2258 5688 cod.
2299 5624 2503 5686 Valic.

253 5781 335 5853 (1)
379 5782 564 5859 Ἦῄδιᾲ
591 5784 690 5855 τῆς
726 5786 1092 5859 κινναϐάρεως
1129 5805 1276 5859 περη
1301 5796 1406 5843 etc.
1445 5787 1606 5842 Aa6‘16
1650 5791 1774 5843 ἱκα-
1954 5789 2028 5858 (5)
2055 5787 2331 5859 Θελήματί
2368 5805 2478 5841 σου.

185 5857 500 5988 γόῖῖχξιρὶ,
530 5857 691 5927 ὅπερ,
728 5867 833 5912 etc.
958 5857 966 5859 ⁷
1203 5857 1209 5859 ’
1955 5861 2029 5932 (4)
2059 5861 2134 5935 Τῇ
2172 5857 2444 5938 προσευχῇ
2482 5877 2599 5934 μου.

317 5927 333 5988 )
393 5925 719 5988 Επιθυμητή
747 5944 839 5982 σου
867 5931 976 5988 ἣτω
1001 5931 1030 5988 ἡ
1064 5931 1332 5988 προσευχὴ
1367 5946 1485 5984 uou.

317 5927 333 5992 )
377 5925 719 5994 Ἐπιθυμητή
747 5944 839 5982 σου
867 5931 976 5999 ﬁrm
1001 5931 1030 6001 ἡ
1064 5931 1332 6003 προσευχὴ
1367 5946 1485 5984 uou.
