4036 6444
572 342 711 399 1019
1353 336 1408 393 S.
1450 338 1821 393 ATHANASII
1860 337 2013 394 OPP.
2056 338 2166 393 PA!

2281 337 2370 394 Ill.
2397 367 2469 380 —
2507 336 2920 395 EXEGETICA.
3705 333 3840 387 i020

638 455 689 513 6.
722 454 894 510 Mater
921 456 1075 519 Sion,
1103 456 1246 511 dicet
1273 456 1438 510 homo
1472 476 1486 511 :
2164 462 2208 513 A

2164 462 2208 513 A
2306 457 2357 509 ϐ.
2392 456 2590 526 Μήτηρ
2617 454 2775 517 Σιὼν,
2806 454 2920 524 ἐρεῖ
2943 450 3255 522 ἄνθρωπος·

638 550 688 606 7.
720 549 787 605 Ει
814 549 981 605 homo
1008 559 1172 604 natus
1199 558 1286 604 est
1313 550 1367 604 in
1398 567 1461 605 ea

2329 547 2378 601 7.
2414 547 2519 601 Καὶ
2551 546 2837 617 ἄνθρωπος
2867 543 3102 615 ἐγενήθη
3131 545 3187 595 ἐν
3211 542 3378 612 αὐτῇ.

634 643 688 698 8.
722 641 791 697 Et
824 643 940 712 ipse
965 640 1217 696 fundavit
1237 656 1356 697 eam
1384 642 1723 699 Altissimus.

2324 640 2376 693 8.
2413 639 2524 692 Kal.
2557 637 2720 701 αὐτὸς
2744 636 3108 706 ἑθεμελίωσεν
3142 635 3312 705 αὐτὴν
3345 635 3373 687 ό
3398 632 3691 702 ’λ’ψιστος.

634 735 689 791 9.
719 733 985 790 Dominus
1016 734 1259 789 narrabit
1288 734 1343 789 in
1377 735 1665 805 scripturis
1697 736 2049 805 populorum,
2091 742 2145 787 et

2319 732 2373 787 9.
2410 731 2612 802 Κύριος
2640 730 2962 801 διηγήσεται
2989 730 3046 782 ὲν
3071 732 3257 800 γραφῇ
3298 727 3463 793 λαῶν,
3505 727 3601 780 καὶ
3641 726 3842 797 ἀρχόν-

564 827 870 897 principum
898 826 1116 892 horum,
1146 827 1242 897 qui
1268 825 1486 882 fuerunt
1518 828 1573 881 in
1600 842 1686 881 ea.

2248 841 2357 877 των
2388 823 2617 888 τούτων,
2649 821 2758 875 τῶν
2785 821 3174 893 γεγενημένων
3204 822 3262 873 ἐν
3287 820 3447 891 αὐτῇ.

637 916 723 972 10.
758 917 914 973 Sicut
944 918 1245 973 ltetantium
1278 919 1525 973 omnium
1566 918 1831 973 habitatio
1859 926 1943 971 est
1978 917 2030 970 in
2068 925 2138 971 te.

2321 920 2413 976 10.
2460 920 2547 985 Ὠς
2578 919 3022 992 εὐφραινομένων
3056 918 3272 973 πάντων
3298 918 3333 987 ή
3362 915 3615 970 κατοικία
3642 917 3702 967 ἐν
3735 914 3836 971 σοί.

563 1031 845 1087 Canticum
881 1030 1076 1100 psalmi
1102 1031 1231 1101 [iliis
1268 1031 1422 1096 Core,
1450 1034 1504 1086 in
1534 1033 1690 1102 ﬁnem
1729 1050 1824 1102 pro
1856 1031 2139 1095 Maheletlt,

2262 1032 2399 1103 ’ῼᾶὴ
2423 1035 2512 1102 ψα
2526 1032 2668 1103 ιμοῦ
2703 1031 2829 1099 τοῖς
2862 1028 3017 1097 υἱοῖς
3057 1028 3242 1098 Κορὲ,
3271 1031 3359 1094 εὶς
3385 1027 3450 1081 τὸ
3477 1026 3660 1093 τέλος
3690 1028 3840 1097 ὑπὲρ

633 1124 704 1178 ad
764 1123 1184 1194 respondendum
1240 1141 1529 1180 sermonem
1572 1127 1870 1180 intellectus
1918 1124 2139 1178 {Etham

2317 1125 2555 1182 Μαελὲθ
2574 1165 2588 1188 ,
2655 1124 2761 1179 τοῦ
2825 1122 3226 1192 ἀποκριθῆναι
3275 1122 3462 1189 λόγον
3524 1121 3841 1187 συνέσεως

631 1214 921 1271 Israelita.
956 1214 1224 1271 PSALM.
1258 1216 1461 1270 LXXX
1482 1216 1610 1271 γη.

2318 1221 2505 1287 Αιθὰμ
2540 1217 2621 1284 τῷ
2666 1217 3028 1285 Ἰσραηλίτῃ.
3066 1218 3239 1270 ΨΛΛ.
3272 1218 3415 1271 ΠΖ’.

634 1308 687 1365 1.
719 1308 951 1365 Domine
983 1308 1130 1365 Deus
1153 1311 1347 1365 salutis
1380 1326 1537 1374 mete,

2319 1310 2373 1366 1.
2401 1309 2573 1382 Κύριε
2601 1312 2630 1363 ὁ
2658 1310 2790 1374 Θεὸς
2821 1310 2923 1381 τῆς
2950 1308 3227 1381 σωτηρίας
3254 1324 3357 1377 μου
3377 1348 3392 1372 ,

630 1400 690 1455 2.
716 1399 813 1456 Die
844 1401 1082 1456 clamavi
1109 1410 1165 1456 et
1190 1410 1349 1458 nocte
1378 1418 1564 1458 coram
1598 1412 1672 1457 te.

2316 1401 2371 1457 2.
2420 1402 2661 1475 Ἡμέρας
2687 1402 2965 1473 ἐκέκραξα
2998 1402 3093 1456 καὶ
3121 1403 3179 1454 ὲν
3208 1401 3365 1454 νυκτὶ⁵
3391 1401 3638 1453 ἐναντίον
3666 1416 3779 1454 σου.

631 1491 688 1546 3.
720 1490 894 1547 Intret
927 1492 985 1547 in
1013 1502 1311 1563 conspectu
1340 1503 1436 1549 tuo
1463 1494 1640 1548 oratio
1671 1506 1787 1547 mea
1815 1509 1831 1545 :

2319 1495 2375 1549 5.
2404 1493 2708 1549 Εἰσελθέτω
2737 1492 2968 1548 ἐνώπιόν
2990 1511 3082 1548 σου
3110 1495 3145 1565 ἡ
3172 1492 3445 1564 προσευχή
3482 1508 3585 1560 μου
3606 1506 3621 1521 θ

632 1583 688 1639 4.
720 1580 927 1639 lnelina
962 1599 1150 1638 aurem
1185 1594 1331 1639 tuam
1366 1584 1431 1638 ad
1460 1599 1677 1654 precem
1709 1598 1908 1637 meam.

2314 1584 2369 1637 4.
2402 1584 2598 1638 κλῖνον
2617 1584 2679 1638 τὸ
2700 1579 2793 1647 οὖς
2829 1600 2922 1636 σου
2957 1585 3037 1646 είς
3058 1584 3157 1654 τὴν
3180 1581 3361 1653 δέησίν
3394 1598 3518 1652 μου.

634 1675 687 1731 5.
713 1674 853 1741 Quia
878 1676 1082 1746 repleta
1106 1685 1191 1730 est
1218 1677 1380 1732 malis
1405 1678 1586 1731 anima
1617 1693 1735 1731 mea
1767 1695 1780 1730 :
2170 1747 2177 1748 γ

2170 1747 2177 1748 7
2316 1674 2369 1729 5.
2405 1676 2529 1729 Ὅτι
2555 1675 2800 1748 ἐπλήσθη
2823 1674 3011 1729 κακῶν
3043 1676 3077 1746 ἡ
3104 1674 3250 1745 ψυχή
3289 1691 3390 1743 μου
3408 1689 3422 1704 ο

636 1765 688 1824 6.
720 1766 789 1823 Et
820 1768 933 1823 vita
960 1784 1083 1824 mea
1111 1768 1329 1825 inferno
1358 1770 1835 1842 appropinquavit.
2163 1747 2213 1807 Β

1717 1770 1835 1824 ivit.
2163 1747 2213 1807 Β
2308 1766 2361 1821 6.
2387 1768 2496 1822 Καὶ
2518 1770 2552 1840 ἡ
2578 1767 2689 1841 ζωή
2728 1784 2829 1840 μου
2860 1767 2939 1839 τῷ
2972 1766 3076 1840 ᾅδῃ
3118 1767 3311 1838 ἥγγισε

1698 1918 2074 1979 ATHANASII
2105 1922 2704 1983 INTERPRETATIO.

564 2065 820 2140 [populus
845 2065 1189 2137 Ethiopum]
1225 2066 1448 2120 humilis
1479 2066 1795 2137 denigratus
1832 2083 1864 2121 a
1894 2075 2138 2137 peccato,

2245 2069 2382 2137 οχὴ,
2411 2068 2505 2122 καὶ
2540 2067 2667 2129 λαὸς
2700 2064 2859 2138 [λαὸς
2888 2064 2996 2119 τῶν
3020 2062 3322 2133 Αἰθιόπων)
3347 2065 3375 2116 ὁ
3407 2064 3663 2127 ταπεινὸς
3681 2068 3712 2117 ὁ
3736 2080 3833 2136 μι-

562 2157 619 2211 hi
646 2172 838 2214 omnes
870 2158 925 2212 in
954 2158 1173 2213 lavacro
1204 2159 1448 2214 renovati
1478 2169 1627 2215 sunt.

2249 2161 2629 2231 μελανωμὲνος
2668 2160 2774 2212 ὑπὸ
2809 2161 2909 2229 τῆς
2942 2156 3237 2230 ἁμαρτίας,
3269 2151 3413 2211 οὗτοι
3445 2157 3646 2221 πάντες
3676 2160 3735 2211 ὲν
3768 2162 3831 2229 τῇ

2246 2251 2375 2305 κολυ
2384 2252 2528 2323 μϐήθ
2540 2268 2609 2321 ρᾳ
2630 2248 3028 2319 ἁνενεὼθησαν.

600 2332 652 2386 6.
716 2334 939 2391 Matrem
982 2346 1178 2393 vocant
1207 2336 1528 2403 Ecclesium,
1573 2337 1662 2392 ubi
1710 2335 1984 2393 confessio
2021 2338 2139 2394 sin-

2313 2344 2367 2397 6.
2398 2343 2629 2415 Μητέρα
2662 2341 2888 2395 καλοῦσι
2922 2339 3021 2412 τὴν
3056 2340 3411 2411 Ἐκκλησίαν,
3447 2342 3579 2394 ὅπου
3622 2341 3657 2411 ἡ
3701 2343 3831 2412 ὀμο-

561 2427 813 2497 gulorum
834 2427 1095 2482 ﬁdelium.

2245 2435 2402 2505 λογία
2422 2438 2654 2489 ἑκάστου
2686 2434 2796 2487 τῶν
2824 2432 3052 2487 πιστῶν.

632 2518 685 2586 7,
717 2519 768 2573 8.
794 2518 858 2573 Et
884 2519 1198 2576 Altissimus
1229 2521 1393 2575 homo
1426 2522 1644 2576 advenit
1675 2522 1727 2576 in
1761 2537 1905 2585 eam,
1941 2531 1995 2576 et
2022 2523 2137 2592 ipse

2316 2526 2370 2591 7,
2394 2526 2448 2579 8.
2486 2526 2563 2597 (1)
2594 2527 2703 2579 Καὶ
2740 2527 2770 2577 ό
2821 2526 3083 2595 ’Υψιστος
3132 2523 3419 2596 ἄνθρωπος
3456 2524 3835 2594 παραγέγονεν

561 2609 807 2667 fundavit
834 2628 977 2668 eam.

2242 2620 2300 2672 ὲν
2332 2618 2494 2689 αὐτῇ,
2528 2618 2623 2671 καὶ
2655 2618 2816 2681 αὐτὸς
2841 2617 3203 2688 ἐθεμελίωσεν
3227 2618 3419 2687 αὑτήν.

631 2703 685 2759 9.
712 2704 979 2762 Dominus
1006 2706 1122 2761 haec
1163 2707 1278 2777 ipsa
1327 2707 1571 2761 narrabit
1604 2708 1657 2761 in
1692 2706 1992 2776 Scripturis
2033 2703 2135 2760 Ju-

2311 2708 2361 2762 9.
2406 2708 2465 2759 '0
2488 2706 2693 2779 Κύριος
2723 2708 2860 2761 αὐτὰ
2885 2706 3059 2759 ταῦτα
3090 2706 3409 2777 διηγήσεται
3440 2709 3497 2758 ὲν
3528 2710 3595 2777 τῇ
3628 2705 3668 2757 Γ
3674 2723 3746 2776 ρα
3761 2705 3834 2773 φῇ

559 2795 823 2864 (λίθοι-μω,
863 2805 918 2852 et
965 2800 1359 2869 apostolorum,
1411 2809 1466 2854 et
1508 2801 1990 2869 evangelistarum,
2041 2801 2137 2868 qui

2243 2798 2347 2850 τῶν
2382 2798 2675 2861 Ἰουδαίων,
2707 2800 2801 2851 καὶ
2826 2797 2933 2850 τῶν
2962 2795 3294 2862 ἀποστόλων,
3318 2800 3413 2849 καὶ
3430 2798 3837 2866 εὐαγγελιστῶν

559 2898 690 2944 sunt
718 2891 771 2943 in
803 2889 1049 2946 Ecclesia
1092 2892 1352 2945 ﬁdelium.

2240 2889 2349 2943 τῶν
2385 2891 2555 2944 ὄντων
2580 2892 2639 2945 ἑν
2660 2894 2728 2962 τῇ
2778 2890 3075 2963 Ἐκκλησία
3104 2890 3214 2943 τῶν
3241 2889 3470 2943 πιστῶν.

631 2980 719 3034 10.
750 2981 907 3036 Sicut
932 2982 1206 3037 exercitus
1238 2993 1554 3038 sanctorum
1584 2983 1900 3054 angelorum
1923 2998 2139 3039 semper

2315 2983 2404 3038 10.
2453 2985 2541 3049 Ὠς
2580 2986 2637 3039 at
2665 2984 2775 3039 τῶν
2816 2986 2989 3054 ἁγίων
3032 2986 3283 3054 ἀγγέλων
3328 2985 3579 3056 στρατιαὶ
3607 2983 3720 3036 τῶν
3752 2985 3837 3036 ἀεὶ

558 3072 880 3142 laetantium,
911 3074 984 3129 ita
1009 3087 1092 3131 est
1127 3076 1394 3132 habitatio
1420 3078 1472 3132 in
1506 3088 1580 3133 te.

2168 3072 2212 3132 C
2246 3077 2570 3148 χαιρόντων,
2603 3077 2779 3139 οὕτως
2809 3079 2959 3130 ἐστὶν
2989 3080 3022 3148 ἡ
3054 3078 3302 3131 κατοικία
3336 3080 3392 3131 ἑν
3424 3079 3528 3132 σοί.

641 3164 706 3219 Ἦ
735 3167 1071 3238 προκειμένη
1101 3169 1381 3239 ἐπιγραφὴ
1414 3171 1660 3240 περιέχει
1693 3171 1769 3243 (9.)
1792 3186 1804 3199 ·
1849 3170 1989 3239 ’ῼδὶρ
2020 3170 2263 3239 ψαλμοῦ
2291 3168 2414 3235 τοῖς
2444 3169 2597 3236 υἱοῖς
2630 3168 2803 3237 Κορὲ,
2829 3170 2919 3237 εὶς
2946 3169 3014 3224 τὸ
3060 3169 3238 3234 τέλος
3261 3168 3414 3236 ὑπὲρ
3438 3171 3697 3233 Μαελὲθ,
3728 3172 3835 3225 τοῦ

556 3258 950 3327 ἀποκριθῆναι
982 3261 1168 3328 λόγον
1194 3260 1504 3327 συνέσεως
1538 3263 1725 3331 Aman:
1752 3260 1831 3325 τῷ
1872 3262 2239 3331 Ἰσραηλίτῃ.
2276 3261 2424 3333 Αὕτη
2454 3256 2548 3315 οὖν
2584 3259 2853 3333 ἑρμηνεία
2885 3260 2981 3314 τοῦ
3008 3259 3451 3331 ἐπιγράμματος.
3485 3260 3639 3328 Κορὲ
3666 3263 3835 3317 tirn-

557 3353 807 3423 λογικὸς
840 3354 1132 3426 γεγένηται
1180 3356 1317 3427 πρὸς
1352 3356 1441 3409 τὸν
1490 3357 1645 3409 Θεόν.
1704 3356 1945 3411 Μαε.ἳὲο
1991 3356 2049 3409 δὲ
2098 3357 2465 3429 ἑρμηνεύεται
2498 3355 2766 3425 ἀπαρχή.
2826 3358 3019 3427 Αίθὰμ
3060 3356 3116 3409 δὲ
3161 3354 3522 3428 ἑρμηνεύεται
3565 3359 3832 3426 ὑψηλός.

572 3444 956 3515 Ἰσραηλίτης
982 3446 1037 3500 δὲ
1062 3447 1421 3519 ἑρμηνεύεται
1475 3448 1632 3516 ἀνὴρ
1661 3448 1817 3516 ὁρῶν
1848 3447 1957 3501 τὸν
1992 3450 2159 3502 Θεόν.
2209 3449 2272 3500 Ἰι
2299 3447 2409 3519 ᾠδὴ
2433 3444 2527 3501 οὖν
2557 3447 2652 3501 τοῦ
2681 3447 2897 3520 ψαλμοῦ
2929 3451 3043 3514 τοῖς
3072 3449 3431 3518 ἀντιλογικοῖς
3452 3452 3553 3517 ἑτι,
3582 3450 3834 3506 τουτέστι

556 3533 637 3604 τῷ
672 3532 789 3586 λαῶ
815 3534 925 3588 τῶν
955 3536 1225 3595 Ἰουδαίων
1255 3537 1395 3608 ὑπὲρ
1423 3538 1521 3609 τῆς
1548 3538 1827 3607 ἀπαρχῆς,
1868 3538 2071 3590 ὡσανεὶ
2092 3536 2187 3591 τοῦ
2209 3536 2449 3609 Χριστοῦ
2485 3539 2877 3610 ἀποκρίνοντος
2906 3542 2988 3604 είς
3011 3539 3225 3594 σύνεσιν
3260 3541 3410 3612 αὐτῷ
3432 3543 3509 3613 τῷ
3534 3543 3728 3615 ὑψηλῷ
3756 3544 3835 3614 τῷ

558 3622 677 3693 Υἱῷ
701 3622 798 3677 τοῦ
819 3623 955 3678 Θεοῦ
985 3624 1062 3696 τῷ
1089 3627 1285 3698 ὁρῶντι
1312 3628 1405 3680 τὸν
1444 3627 1687 3698 Πατέρα.
1725 3626 1938 3692 Οὐδεὶς
1968 3624 2189 3694 ἑώρακε
2216 3626 2327 3681 τὸν
2359 3627 2595 3697 Πατέρα
2618 3631 2672 3683 εί
2690 3628 2778 3698 μὴ
2811 3632 2845 3683 ὁ
2876 3628 2983 3684 τοῦ
3020 3630 3251 3697 Πατρός
3272 3630 3376 3695 ὢν,
3403 3632 3585 3697 καθὼς
3610 3636 3836 3708 εἴρηκεν

556 3721 617 3772 ἐν
647 3714 985 3786 Εὑαγγελίῳ.
1014 3717 1111 3770 Ἐκ
1136 3716 1430 3789 προσώπου
1456 3714 1549 3772 οὖν
1579 3718 1687 3771 τῶν
1716 3718 1994 3771 Ἰουδαίων
2023 3718 2131 3772 τῶν
2160 3719 2603 3791 ἐπιστρεφόντων
2640 3722 2721 3784 είς
2746 3720 2838 3776 τὸν
2866 3721 3071 3793 Κύριόν
3111 3724 3256 3776 ἐστιν
3282 3725 3313 3776 ό
3346 3724 3560 3796 ψαλμός

629 3804 844 3863 Titulus
864 3812 1190 3879 praepositus
1224 3813 1470 3868 continet
1494 3830 1509 3868 :
1532 3813 1814 3867 Canticum
1850 3814 2047 3884 psalmi
2070 3815 2200 3884 ﬁliis
2247 3816 2403 3876 Core.
2430 3817 2485 3869 in
2516 3817 2675 3886 ﬁnem
2711 3833 2807 3887 pro
2842 3816 3129 3885 Mahetetli,
3169 3820 3239 3873 ad
3269 3823 3687 3890 respondendum
3716 3842 3831 3879 ser-

560 3917 766 3956 monem
798 3903 1096 3960 intellectus
1130 3906 1357 3961 JEtliam
1383 3907 1668 3965 Israelitw.
1701 3909 1826 3964 Haec
1853 3911 2019 3980 igitur
2048 3921 2126 3966 est
2156 3912 2539 3982 interpretatio
2569 3912 2963 3984 inscriptionis.
2988 3913 3123 3969 Core
3153 3917 3517 3971 contradiclor
3543 3919 3722 3977 factus
3748 3935 3832 3977 est

562 4006 751 4051 contra
793 3994 985 4052 Deum.
1025 3997 1288 4054 Maheleth
1317 4012 1501 4057 autem
1548 4004 1936 4074 interpretatur
1978 4006 2252 4073 primitiis.
2286 4005 2513 4063 zEtliam
2555 4016 2738 4062 autem
2773 4008 3169 4079 interpretatur
3213 4011 3530 4068 altissimus.
3571 4012 3833 4071 Israelita

563 4096 744 4182 autem
774 4089 1169 4182 interpretatur
1217 4095 1306 4149 Vir
1331 4099 1511 4153 videns
1536 4099 1723 4153 Deum.
1759 4098 2045 4155 Canticum
2078 4101 2242 4170 igitur
2269 4102 2464 4172 psalmi
2491 4112 2576 4157 est
2604 4103 2905 4159 etiamnum
2930 4108 3454 4173 contradicentibus,
3491 4110 3595 4165 hoc
3626 4123 3712 4166 est
3734 4129 3831 4182 po—

564 4178 690 4243 pulo
713 4177 1026 4236 Judzeorum
1063 4200 1163 4253 pro
1190 4189 1467 4255 primitiis,
1492 4206 1686 4259 nempe
1716 4190 1939 4246 Christo
1969 4192 2332 4261 respondente
2372 4193 2428 4246 in
2467 4193 2828 4260 intellectum,
2859 4195 2964 4264 ipsi
2994 4195 3279 4253 Altissimo
3320 4197 3415 4253 Dei
3445 4198 3584 4253 Filio
3622 4177 3828 4255 videnti

563 4269 801 4367 Datrem.
844 4272 1013 4329 Nemo
1047 4278 1175 4330 vidit
1212 4278 1446 4345 Patrem,
1473 4283 1579 4336 nisi
1604 4286 1692 4353 qui
1723 4283 1904 4339 Patris
1930 4294 2009 4338 est
2040 4298 2059 4336 :
2083 4285 2547 4355 quemadmodum
2576 4286 2717 4342 dixit
2766 4288 2822 4342 in
2868 4286 3168 4360 Evangelio
3195 4292 3237 4345 ⁵.
3274 4290 3349 4346 Ex
3388 4307 3625 4363 persona
3666 4294 3833 4367 igitur

562 4364 877 4423 Judreorum
913 4373 1352 4428 convertentium
1380 4390 1440 4430 se
1473 4374 1542 4430 ad
1572 4375 1865 4432 Dominum
1898 4384 1986 4433 est
2020 4376 2289 4447 psalmus.

640 4468 689 4516 1.
724 4462 953 4520 Domine
988 4465 1129 4521 Deus
1150 4468 1277 4524 vita:
1314 4486 1468 4526 meae.
2169 4474 2218 4531 D

2169 4474 2218 4531 υ
2316 4472 2369 4527 1.
2406 4473 2581 4546 Κύριε
2608 4473 2793 4539 δΘεδς
2826 4475 2927 4546 τῆς
2964 4476 3110 4546 ζωῆς
3147 4494 3269 4547 μου.

637 4554 690 4606 2.
727 4554 1083 4611 lncessanter.

2316 4565 2372 4620 2.
2401 4565 2744 4632 Ἀπαύστως.

636 4646 693 4703 5.
719 4644 839 4702 Non
883 4649 1253 4719 prohibebunt
1301 4666 1519 4723 peccata
1564 4671 1679 4712 mea
1712 4670 1783 4713 ne
1814 4655 1881 4711 ad
1910 4662 1963 4712 te
1986 4672 2141 4715 acce-

2315 4657 2369 4711 5.
2400 4656 2493 4728 Μὴ
2511 4658 2846 4713 κωλύσουσιν
2867 4661 2922 4714 at
2943 4662 3210 4733 ἁμαρτίαι
3232 4681 3334 4734 μου
3354 4664 3447 4717 τοῦ
3470 4664 3828 4735 προσεγγίσαι

566 4736 657 4790 dat
684 4736 994 4808 deprecatio
1033 4758 1174 4799 mea.

2248 4768 2331 4804 σοι
2362 4749 2462 4821 τὴν
2488 4750 2671 4821 δέησίν
2701 4769 2821 4821 μου.

637 4830 690 4885 4.
721 4828 974 4887 Libenter
1005 4836 1195 4906 excipe
1218 4836 1670 4906 supplicationem
1706 4854 1906 4895 meam.

1830 4855 1906 4895 tn.
2316 4842 2370 4895 4.
2417 4841 2621 4905 Ἡδέως
2649 4860 2751 4913 μου
2774 4842 2923 4909 δέξαι
2950 4845 3051 4917 τὴν
3082 4845 3290 4901 ἱκεσίαν
3320 4846 3418 4919 (3).

639 4921 693 4976 5.
727 4921 867 4989 Quia
898 4927 1101 4997 repleta
1127 4940 1209 4983 est
1236 4930 1472 4999 peccatis
1496 4932 1678 4986 anima
1703 4948 1844 4987 mea.

2320 4931 2373 4987 5.
2410 4933 2533 4986 Ὀτι
2562 4932 2809 5005 ἐπλήσθη
2837 4935 3121 5006 ἁμαρτιῶν
3155 4939 3189 5009 η
3216 4937 3361 5008 ψυχή
3396 4954 3514 5006 μου.

639 5014 693 5067 6.
726 5013 792 5069 Et
819 5026 1104 5088 propterea
1139 5020 1247 5074 vita
1275 5037 1394 5077 mea
1421 5021 1679 5080 Christus
1703 5023 1919 5079 inferno
1947 5038 2143 5095 appro-

2322 5024 2375 5077 6.
2418 5024 2527 5078 Καὶ
2554 5023 2642 5077 διὰ
2672 5024 2832 5080 τοῦτο
2857 5029 2891 5097 ἠ
2920 5026 3030 5091 {om
3061 5046 3161 5081 ιιου
3185 5030 3215 5081 ὁ
3237 5029 3468 5101 Χριστὸς
3492 5028 3571 5100 τῷ
3599 5028 3702 5101 ᾄδῃ
3730 5031 3828 5101 ἦγε

568 5106 871 5177 pinquavit,
903 5119 962 5165 ut
994 5110 1252 5168 liberaret
1278 5129 1386 5168 me.

1314 5129 1386 5168 Ic.
2249 5132 2420 5184 γισεν,
2447 5118 2535 5170 ἵνα
2563 5116 2791 5188 ρύσηταί
2823 5136 2908 5189 με.

680 5268 703 5299 ³
735 5264 872 5321 Joan
910 5284 949 5332 ι,
986 5267 1085 5335 18;
1118 5285 1193 5335 γι,
1231 5268 1319 5324 46.

1518 5343 1825 5407 Addenda
1856 5350 1918 5408 et
1963 5350 2341 5428 corrigenda
2373 5369 2449 5413 ex
2481 5354 2621 5415 cod.
2664 5350 2866 5413 Vatic.

606 5504 775 5590 _(ii~N.
822 5504 876 5560 6.
1058 5510 1118 5590 vi,
1144 5505 1362 5590 ete.ﬂN._
1393 5509 1444 5561 8.
1595 5511 1997 5590 Ktiptoq,_ete._,
2030 5515 2137 5590 τῷν

2252 5515 2505 5590 κριοᾖναι
2530 5519 2814 5584 συνέσεως,
2847 5526 2975 5581 etc,
3000 5522 3110 5581 τοῖς
3128 5518 3482 5587 ἀπιλογικοῖς
3506 5521 3675 5590 ἐστιν.
3702 5533 3825 5585 (δια,

582 5574 870 5663 Ἰουδαίων.
904 5576 1186 5663 Νκθζκιαὶ
1207 5580 1315 5663 τῷΙν
1340 5574 1899 5663 ἁποστόλωνξᾱείΝ.
1934 5585 2016 5637 10.
2055 5586 2142 5647 Ὠς
2250 5574 2343 5663 τοῦ
2360 5574 2616 5656 Χριστοῦ.
2638 5574 3043 5661 ’Λποκρίνονται
3073 5574 3171 5653 εἰς,
3200 5574 3373 5652 οιαξὸ
3402 5574 3479 5641 ἑκ’
3497 5588 3592 5641 τοῦ

570 5646 814 5736 “inﬁci;
833 5650 889 5736 ὲξθ
908 5650 1079 5736 ,σώζτῇ
1114 5649 1225 5702 ἄνω
1240 5651 1629 5736 ,ξιξροπαλήμς
1660 5646 1663 5647 ν
1965 5724 1990 5734 ν
2022 5727 2033 5736 _
2128 5646 2134 5647 ί
2252 5646 2505 5736 atngth
2536 5659 2639 5710 τῶν
2674 5646 3110 5736 ἐπιστρεφόντων
3130 5646 3277 5715 ἐστὶν
3309 5646 3596 5729 ὂψαλμὸς,

647 5714 724 5787 (2)
756 5719 814 5772 Ἠ
844 5719 930 5773 διὰ
958 5714 1451 5793 τῆξκινναῢάῥεως
1479 5714 1739 5797 περιέχιι,
1760 5724 1990 5787 ειςητοῦ
2011 5727 2143 5780 ἀπο-
2325 5714 2402 5795 (ὅ)
2444 5714 2653 5802 Δίησιν.
