4036 6468
190 434 222 490 1
235 433 340 490 021
1055 423 1146 480 DE
1182 423 1454 481 TITULIS
1493 423 1620 479 PSA
1631 422 1784 479 LMO]

1874 426 1944 479 Μ.
1987 457 2056 467 —
2086 424 2285 481 PSAL.
2327 426 2635 486 LXXXVII.
3326 435 3463 494 1022

269 554 326 606 7.
350 545 792 623 ΙΙροσιλογὶσθην-
809 541 949 616 μετὰ
973 541 1080 597 τῶν
1105 541 1540 595 καταϐαινόντων
1564 540 1644 602 εἰς
1665 537 1788 590 λάκ-
1812 555 1862 612 Α

1963 538 2016 592 7.
2045 537 2372 596 Estimatus
2419 557 2543 596 sum
2589 558 2715 599 cum
2770 546 3226 606 descendentibus
3275 550 3326 604 in
3381 553 3464 607 la-

178 661 300 700 κον
317 661 334 677 ⁸

1887 645 2010 686 cum
2033 649 2045 686 Σ

270 736 327 790 8.
357 731 656 811 Ἐγενήθην
677 725 814 781 ὡσεὶ
830 723 1116 796 ἄνθρωπος
1134 721 1454 794 ἀὸοήθητος,
1488 721 1546 775 ὲν
1574 720 1789 792 νεκροῖς

1953 721 2007 777 8.
2038 721 2239 779 Factus
2283 740 2406 780 sum
2455 727 2598 783 sicut
2631 728 2798 785 homo
2834 731 2951 788 sine
2991 733 3288 805 adjutorio,
3322 734 3461 790 inter

186 829 514 901 ἑλεύθερος.

1884 822 2132 870 mortuos
2156 814 2312 870 liber.

266 927 324 979 9.
370 923 514 974 Ὦσεὶ
539 914 872 991 τραυματίαι
906 909 1261 973 καθεύδοντες
1300 909 1359 963 ὲν
1391 907 1547 980 τάφῳ
1578 908 1677 980 (a),
1703 904 1778 966 ὧν

1957 907 2011 962 9.
2049 905 2206 964 Sicut
2254 909 2527 964 vulnerati
2572 911 2906 970 dormientes
2939 915 2994 970 in
3025 919 3294 989 sepulcro,
3323 936 3462 991 quo-

180 1019 296 1070 οὖκ
328 1013 607 1088 ἐμνήσθης
636 1009 718 1064 ἔτι
735 1025 751 1041 ο

1883 1014 2004 1053 rum
2031 1015 2138 1054 non
2163 1015 2224 1055 es
2247 1015 2459 1057 memor
2481 1004 2714 1074 amplius
2740 1024 2756 1060 :

269 1107 357 1160 10.
390 1105 499 1158 Καὶ
531 1103 685 1157 αὐτοὶ
718 1102 783 1154 ἐκ
811 1099 911 1171 τῆς
939 1097 1120 1170 χειρός
1150 1113 1244 1150 σου
1274 1093 1628 1166 ἀπώσθησαν.

1509 1111 1628 1149 σαν.
1959 1090 2051 1146 10.
2082 1090 2150 1146 Et
2174 1094 2276 1163 ipsi
2308 1095 2376 1150 de
2400 1110 2568 1151 manu
2602 1106 2692 1152 tua
2720 1099 2924 1169 repulsi
2955 1113 3101 1158 sunt.

266 1193 355 1248 11.
394 1189 618 1244 Ἐθεντό
653 1206 720 1259 με
752 1190 810 1242 ὲν
842 1188 1032 1257 λάκκῳ
1065 1186 1385 1256 κατωτάτῳ,

1953 1183 2040 1237 11.
2073 1182 2381 1242 Posuerunt
2418 1202 2508 1242 me
2535 1189 2589 1243 in
2628 1191 2747 1245 lacu
2777 1191 3043 1258 inferiori,

268 1283 352 1337 12.
384 1281 472 1334 Ἐν
504 1279 799 1341 σκοτεινοῖς
834 1277 930 1330 καὶ
953 1278 1011 1330 ὲν
1036 1278 1163 1347 σκιᾷ
1192 1277 1445 1331 θανάτου.

1953 1274 2041 1328 12.
2079 1273 2139 1328 1η
2174 1277 2477 1333 tenebrosis
2511 1289 2564 1334 et
2596 1281 2652 1335 in
2685 1284 2878 1339 umbra
2909 1287 3118 1341 mortis.

265 1376 355 1430 15.
391 1375 507 1426 Ἐπ’
541 1371 643 1443 ἐμὲ
670 1369 1036 1442 ἑπεστηρίχθη
1071 1371 1099 1422 ὁ
1128 1367 1299 1440 θυμός
1326 1385 1418 1422 σου
1438 1385 1453 1398 ο

1955 1366 2044 1422 15.
2085 1365 2261 1438 Super
2294 1384 2384 1424 me
2416 1371 2774 1429 conﬁrmatus
2807 1385 2890 1429 est
2922 1374 3078 1432 furor
3101 1387 3227 1434 tuus
3255 1397 3268 1432 :

262 1466 352 1519 14.
384 1462 497 1517 Καὶ
524 1461 732 1524 πάντας
760 1459 886 1523 τοὺς
925 1457 1338 1530 μετεωρισμούς
1374 1474 1468 1510 σου
1499 1457 1774 1529 ἐπήγαγες

265 1559 280 1572 ⁹
313 1553 435 1607 ἐμέ.

1951 1458 2041 1514 14.
2073 1457 2140 1514 Ει
2158 1474 2351 1516 omnes
2368 1461 2700 1520 elevationes
2723 1474 2848 1520 tuas
2872 1466 3134 1524 induxisti
3163 1483 3326 1541 super
3349 1485 3453 1526 mc.

179 1559 280 1610 ἐπ’
313 1557 435 1626 ἐμέ.

260 1650 348 1703 15.
387 1647 734 1719 Ἐμάκρυνας
755 1661 881 1707 τους
915 1641 1190 1711 γνωστούς
1221 1658 1322 1712 μου
1359 1639 1453 1693 ἀπ’
1488 1639 1624 1712 ἐμοῦ
1647 1661 1659 1672 ·

1488 1639 1659 1712 ἐμοῦ·
1951 1637 2038 1692 15.
2078 1637 2268 1711 Longe
2300 1638 2480 1696 fecisti
2504 1650 2664 1700 notos
2690 1660 2844 1702 meos
2869 1660 2900 1701 a
2934 1662 3052 1702 me:

258 1741 347 1795 16.
384 1737 610 1793 ’Ἐθεντό
639 1753 706 1806 με
735 1734 1012 1805 βδέλυγμα
1040 1733 1275 1794 ἑαυτοῖς.

1946 1728 2032 1783 16.
2066 1730 2375 1787 Posuerunt
2397 1748 2484 1790 me
2513 1734 2981 1794 abominationem
3011 1738 3137 1797 sibi.

259 1831 351 1886 17.
379 1828 713 1901 Παρεδόθην,
741 1828 837 1880 καὶ
869 1827 969 1880 οὐκ
992 1823 1396 1896 ὲξεπορευόμην
1415 1840 1430 1854 ⁶

1941 1822 2030 1876 17.
2063 1821 2322 1880 Traditus
2355 1841 2477 1880 sum
2509 1837 2565 1882 et
2593 1842 2705 1883 non
2732 1830 3088 1899 egrediebar:

260 1924 346 1980 18.
373 1924 435 1977 Oi
457 1920 729 1991 ὀφθαλμοί
759 1935 862 1990 μου
897 1918 1203 1989 ἡσθένησαν
1225 1918 1335 1971 ἀπὸ
1367 1918 1658 1988 πτωχείας.
1798 1910 1840 1965 Β

1487 1918 1658 1988 χείας.
1798 1910 1840 1965 Β
1941 1914 2031 1968 18.
2056 1913 2212 1970 Oculi
2236 1918 2344 1972 mei
2374 1918 2703 1990 languerunt
2728 1935 2841 1990 pra:
2874 1921 3080 1992 inopia.

260 2018 348 2075 19.
375 2014 683 2087 Ἐκέκραξα
716 2011 853 2085 πρὸς
887 2012 978 2079 σὲ,
1004 2010 1177 2083 Κύριε
1197 2050 1215 2077 ,
1239 2010 1365 2082 ὃλην
1403 2011 1474 2082 (b)
1497 2011 1596 2082 τὴν
1627 2009 1765 2080 ὴμέ-

1507 2011 1596 2082 τὴν
1627 2009 1765 2080 ὴμέ-
1948 2003 2034 2061 19.
2070 2006 2312 2064 Clamavi
2338 2009 2407 2064 ad
2443 2020 2515 2077 te,
2550 2010 2801 2077 Domine,
2829 2020 2944 2068 tota
2974 2013 3101 2070 die:

175 2129 287 2186 ραν
306 2128 320 2142 ·

248 2202 343 2258 20.
378 2199 684 2256 Διεπέτασα
719 2195 856 2270 πρὸς
885 2195 945 2249 σὲ
975 2194 1072 2258 τὰς
1102 2192 1288 2265 χεῖράς
1322 2211 1443 2262 μου.

1325 2211 1443 2262 μου,
1943 2183 2033 2239 20.
2065 2183 2310 2256 Expandi
2337 2188 2404 2242 ad
2438 2198 2491 2244 te
2521 2205 2719 2246 manus
2747 2207 2919 2248 meas.

248 2296 344 2351 21.
376 2295 471 2367 Μὴ
498 2297 612 2357 τοῖς
633 2295 848 2365 νεκροῖς
879 2290 1125 2360 ποιήσεις
1152 2285 1426 2356 θαυμάσια
1448 2302 1463 2351 ;

1943 2274 2033 2329 21.
2067 2273 2326 2348 Nunquid
2361 2279 2596 2333 mortuis
2623 2278 2796 2336 facies
2833 2281 3147 2338 mirabilia?

797 2381 1137 2450 Διάψαλμα.

2482 2391 2822 2464 Diapsalma.

249 2480 343 2534 22.
368 2479 439 2532 Ἦ
465 2473 1146 2548 ῖατροὶάναστήσουσι,καὶ
1163 2468 1647 2541 ὲξομολογήσονταῖ
1661 2485 1762 2534 σοι;

1944 2476 2034 2530 22.
2061 2479 2168 2535 Aut
2193 2482 2390 2538 medici
2422 2486 2771 2540 suscitabunt
2802 2494 2857 2540 et
2888 2486 3290 2542 conﬁtebuntur
3325 2488 3455 2544 tibi?

249 2574 346 2630 25.
381 2571 471 2644 Μὴ
503 2569 825 2641 διηγήσεταί
860 2586 944 2632 τις
976 2569 1033 2620 ὲν
1066 2565 1145 2637 τῷ
1174 2565 1353 2618 σκότει
1390 2563 1457 2615 τὰ
1488 2562 1766 2616 θαυιιάσιά

174 2684 276 2720 σου
302 2683 316 2720 :

1869 2659 1906 2715 Β
1941 2567 2030 2623 25.
2068 2569 2322 2643 Nunquid
2355 2575 2605 2631 narrabit
2631 2577 2832 2649 aliquis
2858 2576 2912 2631 in
2964 2579 3204 2636 tenebris
3229 2579 3453 2636 mirabi-

1894 2659 1940 2715 ἐι
1966 2664 2093 2719 tua?

243 2683 316 2731 'J;

1869 2672 1940 2715 lia
1966 2672 2087 2719 tua!

255 2780 332 2849 (τι)
368 2780 457 2833 Ἑν
485 2778 696 2849 τάφοις.
743 2775 804 2849 in
841 2789 1015 2843 marg.
1064 2773 1135 2849 év_
1158 2771 1334 2849 ταφῳ.

252 2842 328 2923 (b)
369 2849 522 2905 Vers.
553 2842 645 2904 20.
672 2847 866 2916 Ὅλην,
894 2842 1023 2908 etc.,
1050 2842 1238 2912 χεῖράς
1270 2858 1391 2912 μου.

1309 2977 1687 3033 ATHANASII
1725 2978 2314 3038 INTERPRETATIO.

244 3133 298 3186 7.
330 3129 440 3182 Καὶ
475 3122 873 3199 προσελογῑσθη
898 3123 926 3176 ὁ
953 3120 1158 3194 Κύριος
1191 3121 1328 3193 μετὰ
1340 3120 1448 3175 τῶν
1471 3119 1764 3174 ἀσθενούν-

1938 3121 1991 3174 7.
2027 3120 2090 3175 Et
2124 3131 2404 3190 reputatus
2428 3132 2511 3179 cst
2535 3123 2800 3179 Dominus
2828 3137 2953 3179 cum
2992 3122 3225 3180 inﬁrmis
3257 3133 3315 3181 et
3337 3142 3448 3182 mo-

172 3244 286 3280 των
317 3224 409 3277 καὶ
438 3223 516 3293 (1)
547 3218 1023 3289 ἀποθνησκόντων.

561 3218 1023 3289 ὶποθνησκόντων.
1863 3212 2155 3267 rientibus.

248 3317 300 3369 8.
339 3313 448 3368 Καὶ
478 3312 694 3380 ἐγένετο
720 3311 750 3362 ὁ
775 3307 980 3380 Κύριος
1006 3306 1081 3369 ὡς
1106 3305 1391 3377 ἄνθρωπος
1417 3305 1494 3376 (2)
1529 3303 1766 3375 ἀδοήθη-

1933 3301 1985 3354 8.
2018 3300 2083 3355 Et
2134 3300 2313 3356 factus
2357 3311 2438 3358 est
2490 3301 2758 3357 Dominus
2806 3311 3070 3374 tanquam
3124 3307 3290 3360 homo
3335 3311 3453 3364 sine

173 3424 268 3470 τος
304 3407 364 3457 ἐν
394 3404 609 3473 νεκροῖς
636 3398 942 3469 ἐλεύθερος,
970 3395 1219 3450 τουτέστι
1252 3395 1328 3468 μὴ
1359 3395 1651 3467 χρεωστῶν
1680 3394 1767 3448 θά-

1865 3391 2137 3462 adjutorio
2183 3394 2326 3447 inter
2372 3402 2622 3448 mortuos
2666 3393 2825 3459 liber,
2852 3394 2958 3449 hoc
2995 3402 3080 3450 est
3104 3411 3212 3450 non
3248 3397 3454 3454 debens

173 3516 360 3555 νατον.

1338 3576 1364 3580 _
1792 3517 1838 3580 c
1871 3493 2125 3580 ωινιεῖπη·

248 3594 303 3647 9.
323 3593 410 3654 Ὡς
429 3590 479 3643 οἱ
503 3585 817 3661 ἁμαρτωλοὶ
845 3585 892 3638 oi
920 3582 1300 3648 ἀποθανόντες,
1328 3576 1402 3636 ὧν
1423 3582 1523 3635 οὐκ
1547 3580 1664 3636 ἔστι
1684 3580 1763 3653 (3)
1807 3576 1837 3580 V

1935 3577 1989 3633 9.
2028 3578 2181 3633 Sicut
2212 3587 2528 3649 peccatores
2561 3580 2882 3648 morientes,
2915 3596 3158 3653 quorum
3188 3583 3336 3640 nulla
3368 3593 3452 3640 est

173 3704 287 3761 μνη
297 3686 572 3757 μόνευσις.

559 3723 572 3738 ,
1870 3670 2153 3724 memoria.

375 3777 739 3847 ’Δπώσθησαν
763 3774 872 3848 γὰρ
898 3773 1098 3839 ζῶντες
1127 3775 1193 3826 ὲκ
1233 3773 1331 3843 τῆς
1369 3770 1618 3843 βοηθείας
1648 3786 1761 3822 σου.

1941 3761 2028 3815 10.
2065 3757 2319 3813 Viventes
2351 3756 2497 3811 enim
2520 3756 2733 3827 depulsi
2764 3767 2893 3815 sunt
2921 3763 2990 3819 de
3021 3766 3226 3821 auxilio
3261 3775 3378 3822 tuo.

247 3874 339 3929 11.
371 3873 437 3926 Ol.
468 3869 723 3940 δαίμονες
755 3869 813 3922 ὲν
840 3869 908 3938 τῇ
941 3865 1207 3938 ἁμαρτίᾳ.

1097 3865 1207 3936 τιᾳ,
1938 3851 2023 3905 11.
2051 3849 2334 3904 Βαιιηοηεε
2363 3849 2415 3902 in
2444 3857 2691 3918 peccato.

249 3966 340 4020 12.
363 3964 454 4018 Ἐν
469 3965 590 4024 ταῖς
612 3961 931 4031 ἐπιθυμίαις
947 3958 1042 4013 τοῦ
1059 3958 1265 4029 κόσμου
1287 3957 1379 4011 καὶ
1400 3955 1494 4009 τοῦ
1513 3954 1760 4009 θανάτου.

1559 3954 1760 4009 ινάτου.
1939 3943 2028 3997 12.
2056 3942 2113 3995 In
2144 3942 2599 4011 concupiscentiis
2632 3941 2823 3996 mundi
2852 3950 2908 3997 et
2936 3941 3153 4001 mortis.

255 4055 341 4110 15.
370 4050 666 4124 Ὠργίσθης
704 4067 815 4120 μοι.

1938 4034 2024 4088 13.
2059 4032 2232 4088 Iratus
2259 4049 2318 4088 es
2346 4033 2501 4089 mihi.

251 4148 342 4204 M.
369 4145 481 4210 Τὰς
507 4142 737 4208 ἀπειλάς
767 4160 885 4200 σου.

815 4161 885 4200 ›υ.
1941 4127 2030 4181 14.
2065 4127 2242 4181 Minas
2269 4137 2409 4180 tuas.

249 4240 339 4295 15.
367 4238 508 4303 Τοὺς
533 4237 840 4310 προφήτας.

785 4253 840 4300 ις.
1942 4219 2030 4275 15.
2062 4216 2379 4288 Prophetas.

249 4333 338 4389 16.
369 4330 783 4404 Μεμισημένον.

749 4346 783 4383 ι.
1941 4312 2030 4365 16.
2057 4310 2343 4365 Odiosum.

250 4425 340 4480 17.
366 4421 753 4496 Ἐκρατούμην
783 4419 891 4475 ἀπὸ
914 4418 1016 4489 τῆς
1045 4413 1318 4488 ἁμαρτιας
1340 4451 1355 4478 ,
1383 4415 1478 4468 καὶ
1505 4413 1606 4466 οὒκ
1637 4413 1762 4483 ἡδυ-

1939 4407 2028 4460 17.
2056 4407 2314 4460 Dctentus
2363 4420 2484 4459 sum
2527 4420 2556 4459 a
2600 4414 2847 4476 peccato,
2884 4413 2941 4461 et
2982 4422 3089 4462 non
3117 4408 3268 4479 potui
3300 4409 3447 4464 absi-

173 4521 360 4591 νὰμην
385 4517 706 4588 ἀποστῆναι.

441 4517 706 4588 ωστῆναι.
1873 4509 2035 4556 stere.

389 4611 454 4664 Oi
487 4608 757 4679 ὀφθαλμοὶ
791 4606 891 4676 τῆς
923 4603 1159 4665 διανοίας
1200 4618 1301 4673 μου
1343 4600 1652 4671 ἠσθένησα-ν
1689 4597 1765 4668 (4)

1941 4591 2026 4645 18.
2063 4588 2218 4645 Oculi
2257 4593 2456 4647 mentis
2503 4606 2634 4645 mea:
2681 4591 2944 4647 inﬁrmati
2977 4599 3127 4658 sunt,
3156 4592 3302 4662 quod
3333 4592 3449 4648 sine

173 4707 288 4763 ἀπὸ
319 4703 416 4759 τοῦ
441 4701 743 4774 ἀϐοήθητον
778 4716 845 4770 με
875 4693 1034 4751 εἶναι.

778 4716 845 4770 με
875 4693 1034 4751 εἶναι.
1871 4686 2145 4756 adjutorio
2171 4702 2369 4741 essem.

249 4797 338 4852 19.
372 4793 573 4866 Δέομαί
607 4809 722 4857 σου,

1941 4780 2030 4835 19.
2069 4779 2342 4851 Deprecor
2373 4789 2445 4846 te,

247 4888 339 4943 20.
370 4887 484 4959 Τὴν
517 4885 745 4957 καρδίαν
782 4901 883 4954 μου
913 4883 1160 4936 ἀνέτεινα
1193 4879 1331 4951 πρὸς
1366 4877 1446 4931 σέ.
1793 4909 1841 4963 D

1224 4879 1331 4951 πρὸς
1366 4877 1446 4931 σέ.
1793 4909 1844 4963 ι)
1940 4874 2030 4929 20.
2061 4873 2168 4927 Cor
2203 4888 2384 4926 meum
2410 4872 2474 4925 ad
2504 4881 2554 4924 te
2593 4870 2818 4924 intendi.

245 4981 336 5035 21.
362 4978 456 5049 Μὴ
491 4977 630 5049 μετὰ.
656 4976 716 5029 τὸ
754 4975 1044 5030 ἀποθανεῖν
1074 4990 1141 5045 με
1174 4971 1421 5042 ποιήσεις
1452 4970 1540 5022 ἐπ’
1561 4968 1661 5039 ἐμὲ
1688 4966 1763 5036 (5)
1798 4959 1831 4963 ’⁷

1941 4967 2028 5020 21.
2069 4963 2323 5034 Nunquid
2361 4975 2650 5033 postquam
2680 4971 2932 5017 mortuus
2964 4959 3120 5016 fuero
3158 4959 3328 5016 facies
3350 4977 3444 5016 sn-

174 5072 246 5127 τὰ
273 5071 571 5142 ’θαυμάσιά
614 5088 708 5124 σου
730 5087 744 5136 ;

1871 5075 1967 5130 per
2003 5074 2090 5113 me
2121 5058 2389 5112 mirabilia
2421 5065 2512 5109 tua
2539 5056 2561 5108 Τ

247 5164 339 5217 22.
370 5165 442 5217 Ἢ
466 5164 640 5235 ἰατροὶ
665 5162 918 5217 δύνανται
948 5157 1249 5231 ἀναστῆσαὶ
1291 5174 1376 5228 με,
1406 5157 1490 5209 ἴνα
1517 5151 1763 5225 ἐξομολο-

1939 5149 2032 5203 22.
2059 5150 2168 5204 Aut
2195 5147 2390 5203 medici
2415 5155 2646 5217 possunt
2671 5160 2758 5201 me
2782 5143 3052 5203 suscitare
3096 5151 3153 5198 ut
3187 5142 3448 5198 conﬁtear

181 5257 442 5328 γήσωμαι
475 5272 559 5309 σοι
580 5271 597 5322 ;

424 5257 442 5310 ι
475 5272 559 5309 σοι
580 5271 597 5322 ;
1870 5242 1965 5296 tibi
1987 5241 2012 5295 ἲ

248 5326 350 5404 25.
371 5349 464 5420 Μὴ
494 5351 552 5402 ὲν
574 5347 653 5420 τῷ
692 5349 849 5419 τάφῳ
880 5346 1114 5419 δωρήσει
1147 5361 1238 5417 μοι
1274 5339 1622 5412 συγχώρησιν
1656 5337 1764 5392 τῶν

1940 5334 2035 5390 25.
2063 5333 2318 5405 Nunquid
2353 5334 2408 5387 in
2445 5331 2697 5404 sepulcro
2728 5329 2882 5387 dabit
2914 5329 3046 5384 mibi
3085 5326 3296 5382 veniam
3326 5341 3449 5397 pec-

181 5440 596 5514 ἁμαρτημάτων
629 5457 730 5511 μου
757 5439 833 5511 (δ)
854 5459 869 5506 ;

854 5459 869 5506 ;
1871 5435 2119 5482 calorum
2149 5439 2398 5480 meorum
2421 5423 2442 5476 ?

1136 5576 1444 5642 Addenda
1479 5581 1538 5637 ct
1573 5569 1950 5650 corrigenda
2006 5584 2086 5629 ex
2119 5573 2260 5629 cod.
2297 5567 2497 5630 Vatic.

250 5725 328 5794 (ι)
358 5724 482 5778 Τῶν
515 5725 903 5790 ἀσθενούντων,
935 5727 1028 5780 καὶ
1048 5726 1265 5785 desunt.
1944 5712 2021 5852 ξιξ
2055 5713 2118 5795 0}
2153 5711 2421 5835 ὁφομλδιοί
2459 5728 2560 5795 nov,
2595 5712 2690 5784 τῆς
2717 5712 2950 5778 διανοίας
2981 5709 3304 5785 ἠσθένησαν›
3338 5720 3444 5770 ειε-

253 5796 329 5852 (2)
370 5795 429 5848 'O
451 5797 653 5852 κόσμος
682 5796 986 5852 ἄνθρωπος.
1968 5783 2000 5837 5
2051 5783 2144 5850 Εις
2171 5799 2293 5852 εμε,
2359 5791 2475 5837 eest
2504 5800 2591 5836 τα.

253 5783 329 5869 is)
370 5795 429 5869 '9
451 5797 653 5866 κόσμος
682 5783 986 5869 ἀνορωιέος.
1054 5783 1064 5785 '
1130 5783 1133 5784 ί

1054 5783 1064 5785 Ὗ
1130 5783 1133 5784 ν
2171 5783 2293 5857 ἐμὲ,
2323 5783 2480 5863 deest

253 5853 329 5936 (ὅ)
363 5865 506 5921 Ἔτι.
558 5853 568 5866 ’
633 5853 651 5864 ’
785 5853 796 5869 ’
945 5853 959 5862 ’
1944 5853 2019 5928 (6)
2043 5853 2152 5923 Τὴν
2185 5853 2336 5922 συγχ.
2368 5870 2417 5913 τ.
2457 5855 2510 5911 ἁ.
2549 5853 2738 5923 ἠμῶν;
