4036 6442
588 354 722 410 1025

653 477 742 532 24.
775 476 839 530 Et
869 477 1145 532 veritatem
1179 483 1324 530 tuam
1360 476 1411 529 in
1437 476 1783 545 perditione?

657 569 746 621 25.
799 566 1055 638 Nunquid
1093 575 1492 638 cognoscentur
1525 567 1578 620 in
1619 568 1856 623 tenebris
1886 566 2157 623 mirabilia

589 659 723 714 tua?

661 746 753 801 26.
789 745 854 801 Et
873 747 1083 818 justitia
1115 758 1209 802 tua
1246 747 1298 802 in
1332 759 1476 804 terra
1509 748 1772 804 oblivioni
1809 749 2054 805 tradita?

661 839 750 893 27.
781 820 844 894 Et
877 855 978 910 ego
1001 841 1070 895 ad
1099 850 1168 908 te,
1207 841 1455 905 Domine,
1483 841 1714 897 clamavi
1741 858 1755 893 :

659 932 748 987 28.
780 931 847 986 Et
871 948 1028 988 mane
1053 933 1231 987 oratio
1267 950 1385 988 mea
1415 935 1706 1003 prmveniet
1732 942 1804 988 te.

661 1023 752 1076 29.
785 1021 859 1078 Ut
887 1021 1041 1091 quid,
1078 1022 1328 1088 Domine,
1361 1024 1576 1094 repellis
1601 1024 1841 1078 animam
1873 1038 2046 1078 meam
2064 1025 2098 1095 ?,'

663 1113 753 1168 50.
787 1115 998 1171 Avertis
1029 1115 1221 1170 faciem
1250 1125 1398 1171 tuam
1433 1133 1462 1170 a
1497 1117 1619 1170 me?

667 1204 757 1258 51.
791 1204 1006 1275 Pauper
1039 1223 1158 1261 sum
1189 1223 1307 1268 eeo.
1339 1218 1394 1264 et
1418 1209 1474 1262 in
1513 1208 1793 1265 laboribus
1827 1223 1858 1263 a
1881 1209 2165 1280 iuventute

598 1311 718 1350 mea
749 1314 762 1349 ζ

666 1391 756 1446 32.
788 1389 1070 1445 Exaltatus
1100 1400 1303 1455 autem,
1332 1391 1651 1449 humiliatus
1679 1407 1824 1460 sum,
1851 1403 1905 1448 et
1942 1401 2166 1448 contur-

1448 352 1504 406 S.
1545 352 1917 407 ATHANASII
1956 350 2105 406 OPP.
2146 347 2215 402 Pl

2367 346 2452 404 Ill.
2472 379 2538 389 ——
2579 347 2987 403 EXEGETICA.
3707 355 3843 410 1024

2183 481 2230 538 Α
2329 473 2418 527 24.
2466 473 2575 524 Καὶ
2601 471 2697 542 τὴν
2724 470 2979 542 ἀλήθειάν
3007 487 3100 524 σου
3134 473 3190 524 ἐν
3218 475 3282 541 τῇ
3310 473 3592 544 ἀπωλείας

2335 566 2424 620 25.
2457 565 2547 636 Μή
2594 564 2965 635 γνωσθήσεται
3011 564 3068 616 tv
3119 563 3195 634 τῷ
3237 565 3415 617 σκότει
3459 567 3527 619 τὰ
3563 566 3847 637 θαυμάσιά

2329 674 2394 709 υἷ

2463 747 2572 802 Καὶ
2598 747 2630 818 ὴ
2661 745 2977 816 δικαιοσύνη
3007 761 3101 798 σου
3134 745 3191 798 tv
3220 748 3288 817 γῇ
3325 745 3772 822 ὲπιλελησμένῃ;

2335 841 2425 894 27.
2453 837 2622 907 Κάγὼ
2658 839 2794 910 πρὸς
2821 838 2902 899 σὲ,
2934 835 3127 909 Κύριε,
3167 837 3468 909 ἐκέκραξα·

2341 932 2430 986 28.
2463 932 2574 984 Kal.
2614 930 2673 983 τὸ
2703 930 2847 1001 πρωῒ
2887 931 2918 1001 ή
2959 931 3231 1001 προσευχὴ
3268 948 3369 1000 μου
3404 929 3716 1003 προφθάσει
3769 948 3846 983 σε.

2338 1024 2426 1080 29.
2465 1026 2582 1077 ’Ἰνα
2609 1024 2681 1088 τί,
2716 1023 2907 1095 Κύριε,
2942 1023 3136 1094 ἀπωθῇ
3163 1024 3261 1094 τὴν
3285 1023 3463 1094 ψυχήν
3492 1041 3630 1095 μους

2341 1117 2428 1171 50.
2461 1118 2849 1188 Ἀποστρέφεις
2873 1100 3020 1188 (0)13
3048 1117 3336 1188 πρόσωπόν
3363 1133 3454 1169 σου
3486 1119 3581 1170 ἀπ’
3607 1116 3782 1189 ὲμοῦς

2343 1209 2432 1264 51.
2450 1209 2672 1278 Πτωχός
2691 1211 2806 1280 εἰμι
2822 1208 2952 1277 ἐγὼ,
2973 1210 3067 1263 καὶ
3081 1212 3139 1263 tv
3159 1209 3347 1274 κόποις
3365 1212 3427 1264 ἐκ
3443 1209 3697 1280 νεότητός
3719 1227 3818 1281 μου
3835 1225 3849 1240 ·

2343 1383 2432 1439 32.
2485 1383 2746 1454 ’Υψωθεὶς
2779 1385 2869 1453 δὲ,
2918 1388 3284 1459 ὲταπεινώθην
3305 1429 3319 1454 ,
3356 1390 3450 1443 καὶ
3480 1389 3850 1461 ἐξηπορήθην.

597 1481 775 1536 batus.

672 1574 762 1628 33.
794 1571 850 1626 In
878 1589 965 1628 me
997 1573 1336 1630 transierunt
1364 1577 1456 1631 iraa
1483 1585 1624 1630 tuae:

673 1661 761 1716 51.
796 1661 861 1716 Et
889 1673 1124 1719 terrores
1161 1665 1238 1719 tui
1265 1666 1732 1719 conturbaverunt
1757 1679 1862 1718 me.

671 1753 758 1807 35.
789 1753 1272 1810 Circumdederunt
1304 1771 1392 1809 me
1421 1757 1562 1812 sicut
1593 1774 1736 1828 aqua
1762 1765 1879 1813 tota
1907 1757 1996 1811 die
2024 1775 2034 1809 :

675 1843 762 1896 36.
793 1842 1282 1901 Circumdederunt
1309 1863 1396 1901 me
1429 1849 1616 1904 simul.
2207 1843 2251 1897 Β

677 1931 766 1985 57.
801 1931 1074 2004 Elongasti
1108 1951 1138 1989 a
1167 1952 1252 1990 me
1281 1939 1543 2004 amicum,

677 2023 765 2077 58.
799 2021 864 2078 Ει
895 2026 1204 2094 proximum
1235 2039 1289 2082 et
1321 2039 1481 2084 notos
1507 2044 1658 2084 meos
1690 2044 1717 2082 a
1747 2027 1989 2082 miseria.

2347 1540 2434 1594 33.
2467 1543 2584 1594 Ἐπ’
2620 1543 2718 1612 ἐμὲ
2742 1543 2954 1614 διῆλθον
2988 1545 3044 1596 αἱ
3074 1545 3234 1615 ὀργαί
3267 1562 3392 1598 σουο

2347 1633 2436 1686 54.
2471 1634 2533 1684 υἱ
2557 1633 2879 1703 φοϐερισμοι
2910 1650 3002 1696 σου
3029 1633 3354 1706 ὲξετάραξάν
3379 1653 3469 1706 με.

2349 1722 2438 1777 55.
2469 1722 2817 1775 Ἐκύκλωσάν
2847 1740 2913 1793 με
2935 1723 3065 1776 ὡσεὶ
3091 1723 3232 1794 ὓδωρ
3254 1725 3380 1797 ὃλην
3399 1727 3472 1796 (ὑ)
3490 1726 3587 1796 τὴν
3615 1726 3854 1798 ἡμέραν·

2350 1814 2438 1868 36.
2472 1815 2763 1884 Περιέσχον
2793 1831 2861 1884 με
2887 1813 3021 1885 ἄμα.

2351 1906 2439 1958 37.
2467 1905 2811 1976 Ἐμάκρυνας
2849 1906 2940 1958 ἀπ’
2982 1904 3115 1977 ὲμοῦ
3153 1904 3322 1975 φίλον,

2348 1996 2436 2049 58.
2479 1999 2586 2050 Καὶ
2615 1997 2860 2068 πλησίον,
2899 1999 2991 2050 καὶ
3029 1999 3151 2061 τοὺς
3190 1997 3460 2065 γνωστούς
3493 2015 3596 2067 μου
3629 2000 3742 2053 ἀπὸ
3770 2018 3862 2052 τα-

2277 2091 2600 2162 λαιπωρίας.

2285 2202 2329 2253 Σ
2336 2200 2592 2266 υνέσεως
2617 2204 2804 2270 Αιθὰμ
2828 2202 2907 2268 τῷ
2931 2204 3276 2272 Ἰσραηλίτῃ
3455 2207 3696 2258 ΨΑΛΜ.
3736 2207 3864 2260 IIH'.

2363 2293 2412 2346 1.
2457 2293 2536 2346 Τὰ
2571 2293 2695 2364 ὲλέη
2734 2311 2850 2357 σου,
2892 2295 3084 2366 Κύριε,
3109 2298 3187 2359 εἰς
3220 2297 3310 2348 τὸν
3339 2297 3510 2349 αἰῶνα
3541 2298 3782 2368 ᾄσομαι·

611 2194 916 2250 Intellectus
943 2198 1165 2252 xEt/tam
1202 2201 1483 2256 lsraelitw.
1540 2200 1745 2256 PSAL.
1799 2198 2180 2254 LXXXVIII.

683 2290 731 2340 1.
756 2288 1155 2347 Misericordias
1169 2293 1568 2356 tuas,Domine,
1586 2295 1640 2346 in
1658 2304 1920 2348 mternum
1935 2291 2182 2345 cantabo.

685 2400 1176 2472 (αξξᾼποστρέφῃς.
1225 2405 1282 2458 In
1321 2420 1488 2472 marg.
1522 2401 1930 2472 ’Anoatpécpszq.

682 2473 755 2549 (ὁ)
777 2470 929 2549 Xers.
1065 2469 1250 2549 Ὅλην,
1280 2484 1384 2549 etc.
1420 2469 1570 2529 Vers.
1593 2475 1680 2527 37.
1707 2469 2070 2543 ‘Euaxpuvaq,
2098 2480 2202 2526 etc.

2338 2491 2400 2530 rs.
2437 2475 2524 2528 58.
2559 2476 2668 2529 Καὶ
2700 2493 2826 2538 τους
2853 2493 3126 2544 γνωστους
3161 2495 3285 2549 μου,
3321 2488 3424 2546 etc.

687 2542 758 2611 (ε)
777 2541 1111 2612 Ἰσραηλίτου
1149 2541 1204 2597 in
1236 2544 1358 2599 cod.
1394 2560 1525 2598 mss.

1726 2654 2097 2710 ATIIANASII
2148 2654 2735 2711 INTERPRETATIO.

688 2772 778 2828 21.
811 2771 879 2827 Et
918 2771 1123 2827 discam
1164 2773 1340 2828 facere
1375 2774 1792 2844 justilicationes
1842 2782 1987 2837 tuas,
2036 2781 2189 2843 post-

2364 2773 2454 2826 24.
2490 2774 2600 2826 Καὶ
2644 2773 2800 2843 μάθω
2832 2774 2903 2826 τὰ
2929 2774 3274 2843 δικαιώματά
3308 2792 3402 2828 σου
3433 2780 3608 2830 ποιεῖν
3645 2782 3789 2850 μετὰ
3821 2783 3879 2835 τὸ

620 2879 783 2933 quam
807 2879 1057 2918 reversus
1080 2864 1233 2919 fuero
1253 2867 1302 2919 in
1322 2877 1540 2930 terram,
1558 2883 1623 2922 ex
1639 2883 1748 2937 qua
1762 2876 2009 2935 sumptus
2024 2881 2143 2920 sum
2168 2867 2190 2917 ?

2338 2864 2558 2916 ναλῦσαί
2597 2882 2661 2934 με
2694 2866 2771 2926 εἰς
2801 2868 2922 2936 γῆν,
2956 2865 3014 2929 ἐξ
3047 2862 3113 2937 ἧς
3140 2866 3412 2937 ὲλήφϐην;

691 2957 778 3010 25.
817 2954 1072 3026 Nunquid
1104 2959 1195 3027 qui
1230 2961 1282 3012 in
1311 2968 1532 3029 peccato
1561 2969 1708 3022 sunt,
1738 2967 1969 3027 possunt
1992 2974 2192 3027 cogno-

2367 2956 2454 3010 25.
2477 2956 2567 3026 Μὴ
2599 2959 2655 3010 tv
2683 2959 2747 3026 τῇ
2783 2958 3026 3028 ἁμαρτίᾳ
3048 2958 3198 3020 ὅντες
3223 2959 3473 3012 δύνανται
3498 2959 3569 3012 τὰ
3596 2958 3885 3030 Θαυμάσιᾶ

625 3065 775 3104 scere
811 3050 1082 3103 mirabilia
1117 3051 1252 3103 tua?

2338 3066 2393 3102 ου
2421 3050 2620 3118 γνῶναι
2638 3067 2652 3115 ;

702 3139 792 3192 26.
813 3137 879 3191 Et
900 3138 1111 3205 iustitia
1127 3147 1218 3190 tua
1243 3138 1484 3207 nunquid
1505 3147 1680 3207 potest
1704 3137 1931 3208 intelligi
1953 3138 2008 3191 in
2033 3139 2197 3193 corde

2367 3140 2456 3195 26.
2488 3141 2647 3210 Καὶή
2677 3141 2989 3211 δικαιοσύνη
3010 3159 3101 3193 σου
3131 3143 3205 3212 μὴ
3220 3141 3444 3195 δύναται
3465 3146 3786 3217 γνωσθῆναι
3810 3151 3884 3219 (1)

626 3229 886 3283 derelicto
907 3230 929 3273 7

2338 3254 2354 3286 υ
2388 3236 2584 3306 καρδίᾳ
2614 3237 3188 3309 ἐγκαταλελειμμένΐιῖ

699 3320 788 3374 27.
823 3319 938 3374 Non
975 3320 1120 3374 aliud
1149 3319 1412 3372 auxilium
1445 3319 1576 3371 mihi
1609 3321 1868 3389 proposui
1905 3320 2008 3374 nisi
2045 3331 2117 3375 te.

2368 3327 2457 3382 27.
2492 3329 2602 3380 Οὐκ
2625 3328 2792 3398 ἄλλην
2829 3328 3078 3398 βοήθειαν
3108 3329 3312 3398 ἐθέμην
3455 3330 3500 3380 εξ
3531 3347 3604 3400 μη
3639 3347 3722 3386 σε.

700 3411 791 3467 28.
821 3412 957 3466 Cum
1004 3413 1091 3464 lux
1141 3421 1232 3463 tua
1275 3412 1327 3462 in
1367 3409 1530 3462 corde
1572 3425 1694 3464 meo
1727 3411 1992 3476 exoritur,
2026 3411 2201 3466 oratio

2371 3418 2458 3472 28.
2483 3420 2571 3473 Ἐν
2595 3420 2671 3491 τῷ
2698 3421 2756 3473 τὸ
2775 3420 2890 3490 φῶς
2915 3438 3005 3473 σου
3029 3421 3336 3475 ἀνατέλλειν
3359 3423 3415 3472 ὲν
3438 3424 3502 3492 τῇ
3528 3424 3734 3495 καρδίᾳ
3762 3443 3884 3494 μου,

629 3519 749 3558 mea
783 3512 833 3556 te
863 3500 1282 3570 praestolabimur.

2372 3515 2646 3583 προσευχὴ
2680 3531 2781 3583 μου
2817 3518 3102 3586 περιμενεῖ
3129 3516 3203 3585 (5)
3230 3531 3308 3568 σε.

697 3595 786 3647 29.
813 3593 1038 3660 Projicis
1066 3591 1188 3643 me?

2373 3602 2462 3656 2‘).
2495 3603 2880 3673 Ἀπορῤίπτεις
2919 3622 2984 3674 με
3009 3621 3023 3667 ;

697 3684 786 3737 50.
821 3681 936 3738 Νυη
963 3683 1188 3737 exaudis
1214 3683 1341 3736 me?

2375 3695 2462 3748 50.
2494 3697 2608 3748 Οὐκ
2639 3697 2942 3761 εἰσακούεις
2975 3698 3048 3768 (4)
3089 3712 3222 3768 μου;

701 3777 787 3830 51.
824 3777 950 3830 Sine
971 3775 1240 3843 adjutorio
1261 3789 1404 3837 sum,
1435 3783 1489 3826 et
1521 3775 1574 3828 in
1598 3775 1838 3845 peccatis
1860 3793 1887 3828 a
1913 3777 2199 3845 principio.

2375 3789 2462 3842 3|.
2493 3789 2815 3860 Ἀεοήῡητός
2857 3795 2970 3861 εἰμι
2997 3835 3011 3858 ,
3052 3795 3146 3845 καὶ
3179 3795 3235 3845 tv
3270 3792 3569 3862 ἁμαρτίαις
3601 3790 3662 3855 ἐξ
3693 3791 3889 3861 ἀρχῆς.

700 3870 791 3922 52.
825 3868 1098 3920 Gloriatus
1128 3875 1307 3919 autem
1345 3866 1663 3922 humiliatus
1703 3885 1824 3922 sum
1855 3880 1907 3923 et
1937 3871 2196 3939 abjectus.

2376 3884 2463 3937 32.
2489 3885 2922 3954 Μεγαλαυχὴσας
2942 3886 2999 3938 δὲ
3017 3886 3383 3955 ὲταπεινώθην
3404 3886 3498 3938 καὶ
3516 3888 3624 3938 ἀπε
3633 3887 3861 3957 ῥρίφην.

703 3961 791 4014 55.
819 3958 1140 4012 Tolerantize
1165 3958 1216 4010 in
1247 3957 1358 4027 lege
1391 3967 1498 4010 tua.
1553 3969 1559 3976 '

2378 3973 2468 4026 33.
2498 3975 2562 4024 Αἱ
2596 3975 2881 4045 καρτερίαι
2913 3975 2987 4044 (ὸ)
3023 3977 3078 4028 ὲν
3107 3976 3183 4046 τῷ
3209 3977 3357 4047 νόμῳ
3391 3993 3502 4029 σου.

707 4054 795 4107 54.
828 4052 985 4106 Mina:
1015 4059 1138 4104 tuae.
2379 4063 2466 4116 34.
2498 4065 2562 4116 Αἱ
2594 4065 2813 4120 ἀπειλαί
2847 4083 2961 4119 σου.

705 4145 792 4199 55.
829 4143 1228 4199 Continuerunt
1260 4158 1365 4196 me.

2377 4154 2465 4209 55.
2495 4156 2756 4224 Συνέσχον
2788 4175 2875 4227 με.

709 4237 799 4290 56.
829 4235 1218 4290 lndesineuter.

2379 4243 2467 4297 36.
2502 4245 2902 4310 Ἀδιαλείπτως,

711 4329 798 4381 57.
835 4327 1035 4381 Omnes
1065 4337 1280 4381 sanctos
1308 4336 1449 4380 tuos.

2379 4334 2466 4387 37.
2490 4336 2757 4389 Ἔκαστον
2789 4336 2897 4388 τῶν
2925 4337 3095 4405 ἁγίων
3124 4354 3216 4390 σου
3249 4337 3348 4408 (6).

708 4420 796 4472 38.
832 4418 1131 4486 Prophetas
1155 4425 1206 4471 et
1238 4419 1512 4485 apostolos
1545 4419 1611 4471 ab
1639 4421 1783 4473 omni
1817 4433 2055 4490 peccato.

2380 4425 2470 4480 38.
2512 4427 2649 4489 Τοὺς
2701 4429 2982 4499 προφήτας
3025 4429 3117 4482 καὶ
3158 4429 3489 4493 ἀποστόλους
3541 4431 3650 4483 ἀπὸ
3715 4433 3898 4501 πάσης

2318 4514 2610 4584 ἁμαρτίας.

725 4599 785 4650 Ἥ
822 4597 1153 4667 προκειμένη
1188 4596 1466 4666 ἐπιγραφὴ
1497 4599 1737 4667 περιέχει
1771 4600 1877 4669 (7)·
1907 4603 2216 4670 Συνέσεως
2243 4608 2429 4676 Αὶθὰμ
2463 4608 2541 4674 τῷ
2577 4611 2943 4678 Ἰσραηλίτῃ’
2973 4611 3238 4674 τουτέστι,
3273 4611 3371 4681 τῆς
3394 4612 3613 4683 χάριτος
3638 4612 3737 4665 τοῦ
3768 4614 3900 4683 ὑψη-

644 4697 736 4750 λοῦ
769 4697 862 4750 τοῦ
899 4697 1218 4768 σπείραντος
1248 4695 1382 4747 Θεοῦ
1412 4695 1641 4766 ψαλμὸς,
1676 4697 1918 4766 περιέχει
1948 4699 2045 4767 (8).
2076 4701 2294 4767 Σύνεσις
2325 4706 2430 4775 γὰρ
2460 4707 2636 4777 ἀγαθὴ
2675 4710 2706 4778 ή
2742 4709 2899 4779 χάρις
2932 4708 3093 4761 αὑτοῦ
3130 4693 3606 4778 ὐπάρχει.Ἀὶθὰμ
3632 4708 3692 4760 δὲ
3729 4711 3901 4780 ἑρμη-

647 4791 856 4846 νεύεται
896 4788 1549 4856 ὺξίηῖ.ἶός.’1σραηλίτου
1581 4789 1635 4839 δὲ
1668 4789 2026 4857 ἑρμηνεύεται
2057 4795 2416 4861 σπειξραντος
2446 4800 2611 4852 Θεοῦ.

721 4881 933 4934 Titulus
960 4879 1234 4948 appositus
1260 4878 1500 4930 continet
1533 4897 1542 4929 :
1582 4876 1884 4932 Intellectus
1916 4879 2138 4934 xEl/mm
2172 4882 2433 4940 Israeliuv
2456 4905 2472 4940 :
2499 4890 2599 4943 hoc
2632 4901 2732 4954 est,
2753 4890 2937 4961 gratiae
2972 4889 3238 4942 Altissimi
3277 4889 3370 4944 Dei
3402 4889 3731 4945 Seminantis
3755 4891 3900 4958 psal-

651 4993 792 5029 mus.
829 4973 1135 5025 lntellectus
1163 4972 1304 5023 enim
1347 4969 1519 5022 bonus
1549 4971 1714 5037 gratia
1754 4972 1924 5040 ipsius
1957 4981 2058 5026 est.
2087 4974 2310 5030 Ait/iam
2338 4991 2516 5034 autem
2553 4982 2934 5051 interpretatur
2965 4983 3287 5036 Altissimus.
3324 4979 3574 5034 Israelita
3603 4989 3785 5035 autem
3819 4982 3901 5034 in-

655 5079 974 5139 terpretatur
1003 5066 1141 5119 Deus
1172 5066 1454 5119 seminans.

725 5168 778 5219 1.
809 5166 938 5231 Quae
969 5163 1145 5218 fecisti
1172 5163 1225 5216 in
1255 5162 1481 5231 singulis
1502 5163 1940 5232 generationibus
1973 5166 2098 5221 {iliis
2127 5169 2220 5222 Ιιο-

2401 5175 2448 5226 1.
2473 5175 2536 5225 Ἀ
2569 5176 2830 5246 ἐποίησας
2856 5175 2976 5229 καθ’
3000 5175 3234 5245 ἑκάστην
3264 5174 3456 5242 γενεὰν
3482 5176 3596 5237 τοῖς
3629 5173 3765 5236 υἱοῖς
3796 5175 3901 5226 τῶν

657 5274 884 5314 ιηιιιιῐῐι.

2327 5264 2422 5317 ἀνθ
2433 5266 2646 5335 ρώπων.

1609 5366 1915 5430 Addenda
1966 5378 2026 5430 et
2058 5374 2428 5454 corrigenda
2469 5399 2549 5440 ex
2579 5383 2717 5444 cod.
2753 5383 2953 5444 Vatic.

761 5496 807 5565 1)
835 5492 1220 5565 Γνωρισθῆναι.

753 5553 808 5633 ε)
848 5553 1212 5631 καῖὲγὼοὺκ
1250 5557 1413 5623 ἄλλην
1443 5553 1640 5625 ἐθέμην
1671 5555 1946 5631 βοήθειαν,
1983 5576 2084 5624 etc,

736 5643 811 5712 (5)
848 5638 1153 5712 Περιμένει.

737 5707 813 5781 (1)
841 5707 1206 5767 Εἰσακούσεις.

741 5788 815 5853 (5)
849 5786 910 5836 ΛΞ
943 5784 1172 5850 κατάραι
1205 5782 1280 5848 αἱ,
1319 5789 1421 5836 etc.

2409 5504 2482 5574 (6)
2524 5506 2622 5557 Σου
2653 5506 2821 5558 deest.

2381 5571 2484 5658 ’(7)
2512 5577 2570 5626 'il
2600 5575 2685 5627 διὰ
2718 5577 2813 5644 τῆς
2841 5573 3206 5644 κινναεὰρεως
3241 5591 3388 5644 περ.,
3417 5582 3520 5628 etc.
3559 5571 3664 5626 Τοῦ
3691 5571 3902 5643 Ἰσραη-

2341 5648 2506 5707 λίτου,
2539 5657 2641 5699 etc.

2421 5712 2494 5785 (8)
2537 5720 2779 5786 Ιῐεριέχει
2817 5715 3092 5771 abundare
3121 5716 3330 5769 videtur
