4036 6496
201 439 339 495 1095
1010 441 1096 496 DE
1136 441 1410 497 TITUIJS
1448 441 1899 498 PSALMORUM.
1934 473 2003 482 —
2031 443 2228 498 PSAL.
2274 439 2604 495 LXXXVIII.
3312 442 3446 497 1026

265 557 323 610 2.
362 556 454 619 Ei;
475 556 666 625 γενεὰν
707 557 799 609 καὶ
838 559 1028 626 γενεάν
1061 561 1355 630 ἀπαγγελῷ
1383 561 1482 633 τὴν
1512 562 1772 633 ἀλήθειάν
1806 571 1851 622 Α

1946 564 2000 617 2.
2044 563 2100 616 1n
2130 563 2534 633 generationem
2587 568 2632 614 et
2673 558 3072 628 generationem
3114 561 3448 614 annuntialio

199 664 294 700 σου
328 649 386 701 ἐν
410 648 485 720 τῷ
516 650 742 719 στόματί
775 668 896 719 μου.

1878 655 2157 708 veritatem
2181 664 2327 709 tuam
2358 654 2410 706 in
2437 668 2530 706 ore
2557 667 2696 705 meo.

267 741 318 793 5.
339 740 460 793 Ὅτι
496 738 686 807 εἶπας·
735 744 828 808 Είς
857 744 947 797 τὸν
979 744 1151 798 αἰῶνα
1176 744 1320 810 ἔλεος
1355 747 1775 818 οἰκοδομηθήσε-

1954 748 2006 801 3.
2029 746 2298 812 Quoniam
2321 746 2540 802 dixisti:
2564 743 2618 798 ln
2639 754 2901 799 aalernum
2925 745 3299 800 misericordia
3323 748 3449 801 mdi-

194 848 320 883 ταν

1879 839 2134 894 ﬁcabitu-r
2160 855 2172 892 :

266 924 320 977 4.
351 925 438 977 Ἐν
466 929 578 991 τοῖς
599 926 845 997 οὐρανοῖς
871 927 1324 999 ὲτοιμασθήσεται
1357 930 1389 1000 ἡ
1413 928 1639 1000 ἀλήθειά
1661 945 1775 982 σου.

1483 928 1639 1000 ήθειά
1661 945 1775 982 σου.
1949 932 2002 985 1.
2033 930 2091 984 ln
2120 931 2273 985 caelis
2306 930 2704 1001 prmparabitur
2736 937 2937 984 veritas
2964 939 3077 986 tua.

361 1019 626 1090 Διεθέμην
663 1020 928 1093 διαθήκην
962 1025 1071 1086 τοῖς
1105 1022 1375 1085 ἐκλεκτοῖς
1411 1039 1513 1093 μου
1534 1039 1548 1052 ·

1542 1039 1548 1052 ’
1951 1022 2004 1078 5.
2039 1022 2292 1092 Disposui
2322 1031 2711 1078 testamentum
2747 1020 2933 1074 electis
2961 1021 3098 1076 meis
3125 1040 3136 1074 :

267 1109 322 1165 6,
342 1111 552 1180 Ὠμοσα
577 1111 742 1165 Δαϐὶδ
768 1113 848 1184 τῷ
875 1114 1045 1184 δούλῳ
1075 1132 1198 1185 μου.

1193 1155 1198 1168 .
1951 1114 2003 1168 6.
2031 1114 2217 1168 Juravi
2252 1113 2416 1168 David
2451 1128 2609 1169 servo
2645 1127 2787 1166 meo.

270 1200 482 1261 7.“Εως
513 1200 604 1253 τοῦ
630 1201 824 1266 αἰῶνος
854 1202 1129 1273 ἑτοιμάσω
1149 1204 1211 1257 τὸ
1246 1204 1464 1275 σπέρμα
1506 1221 1598 1256 σου
1623 1221 1634 1234 ’

1955 1208 2006 1262 7.
2038 1206 2221 1275 Usque
2269 1207 2320 1261 in
2363 1215 2626 1261 aeternum
2674 1207 2992 1276 praeparabo
3026 1221 3212 1261 semen
3250 1213 3404 1260 tuum
3439 1227 3448 1260 :

264 1289 319 1344 8.
363 1291 470 1343 Καὶ
495 1292 833 1364 οἰκοδομήσω
869 1296 949 1358 εἰς
977 1295 1170 1364 γενεὰν
1205 1297 1295 1348 καὶ
1322 1295 1513 1364 γενεὰν
1542 1296 1630 1348 τὸν
1659 1294 1782 1368 θρό-

1953 1299 2005 1353 8.
2035 1297 2099 1351 Et
2128 1297 2404 1353 aadiﬁcabo
2429 1298 2482 1352 in
2525 1300 2927 1368 generationem
2958 1309 3010 1353 et
3043 1299 3445 1369 generationem

193 1402 287 1437 νον
313 1401 426 1441 σου.

1884 1391 2066 1444 sedem
2099 1399 2269 1446 tuam.

804 1479 1140 1548 Διάψαλμα.

2505 1481 2838 1553 Diapsalma.

270 1569 324 1622 9.
362 1568 877 1640 Ἐξομολογήσονται
915 1573 962 1623 οῖ
996 1569 1214 1643 οὐρανοὶ
1248 1570 1315 1623 τὰ
1351 1570 1631 1642 θαυμάσιά
1669 1588 1781 1637 σου,

1956 1573 2007 1626 9.
2041 1572 2462 1628 Conﬁtebuntur
2492 1575 2614 1629 coeli
2649 1574 2916 1628 mirabilia
2953 1582 3074 1638 tua,
3109 1573 3336 1629 Domine
3367 1595 3377 1627 :

194 1659 372 1730 Κύριε
389 1677 402 1690 ·

267 1749 356 1804 10.
402 1751 509 1805 Καὶ
540 1752 651 1822 γὰρ
682 1750 779 1823 τὴν
811 1752 1065 1824 ἀλήθειάν
1089 1769 1181 1806 σου
1207 1754 1263 1804 ἐν
1282 1751 1576 1823 Ἐκκλησία
1594 1750 1780 1820 ἁγίων.

1959 1744 2045 1798 10.
2077 1744 2283 1800 Etenim
2309 1745 2590 1800 veritatem
2613 1757 2759 1800 tuam
2787 1749 2838 1800 in
2856 1747 3097 1803 Ecclesia
3121 1757 3454 1804 sanctorum.

270 1840 358 1894 11.
381 1841 502 1894 Ὅτι
529 1841 612 1904 τίς
650 1843 706 1893 ὲν
740 1842 988 1910 νεφέλαις
1018 1842 1344 1912 ίσωθήσεται
1374 1841 1449 1912 τῷ
1489 1841 1714 1912 Κυρίῳς

1959 1838 2046 1892 11.
2071 1836 2338 1902 Quoniam
2369 1840 2492 1909 quis
2522 1840 2574 1892 in
2600 1841 2835 1893 nubibus
2866 1841 3168 1909 aequabitur
3194 1839 3462 1896 Domino?

269 1930 357 1985 12.
387 1931 815 2003 Ὁμοιωθήσεται
842 1933 919 2003 τῷ
945 1934 1137 2004 Κυρίῳ
1169 1935 1227 1986 ὲν
1249 1935 1382 1996 υίοῖς
1417 1932 1586 1998 Θεοῦ;
1813 1935 1856 1990 Β

1483 1932 1586 1998 ,οὖ;
1813 1935 1856 1990 Β
1955 1931 2043 1985 12.
2073 1931 2280 1985 Similis
2311 1932 2412 1986 erit
2443 1931 2674 1986 Domino
2709 1935 2762 1986 in
2790 1933 2913 1987 liliis
2947 1931 3077 1986 Dei?

269 2022 358 2075 15.
387 2023 444 2075 '0
482 2022 634 2090 Θεὸς,
674 2026 702 2077 ὁ
732 2023 1143 2093 ὲνδοξαξόμενος
1173 2027 1230 2077 ἐν
1261 2024 1420 2096 βουλῇ
1451 2024 1641 2093 ἁγίων,

1957 2023 2042 2076 15.
2074 2024 2235 2087 Deus,
2263 2023 2354 2093 qui
2397 2024 2732 2094 gloriﬁcatur
2771 2025 2825 2078 in
2867 2025 3098 2080 consilio
3124 2035 3459 2091 sanctorum,

261 2114 359 2168 14.
401 2115 590 2184 Μέγας
615 2116 708 2168 καὶ
732 2115 962 2187 φοϐερός
982 2118 1131 2170 ἐστιν
1160 2118 1250 2170 ἐπὶ
1272 2118 1479 2180 πάντας
1508 2117 1634 2179 τοὺς
1657 2116 1784 2188 περὶ

1961 2115 2047 2168 14.
2080 2115 2310 2184 Magnus
2333 2122 2387 2168 et
2421 2116 2679 2169 terribilis
2727 2132 2891 2186 super
2921 2131 3115 2171 omnes
3148 2117 3240 2186 qui
3272 2117 3325 2169 in
3357 2118 3462 2170 cir-

195 2204 386 2277 κύκλῳ
418 2207 602 2260 αὑτοῦ.

1889 2207 2037 2262 cuitu
2066 2209 2184 2276 ejus
2205 2216 2350 2260 sunt.

273 2295 362 2349 15.
405 2296 574 2367 Κύριε
600 2297 627 2349 ὁ
659 2296 791 2362 Θεὸς
821 2298 928 2352 τῶν
962 2298 1373 2369 δυνάμεωνητίς
1409 2299 1593 2368 ὅμοιός
1629 2315 1747 2365 σοις

1963 2300 2049 2353 15.
2080 2296 2326 2361 Domine,
2362 2297 2504 2351 Deus
2536 2296 2825 2362 virtutum,
2858 2299 2981 2366 quis
3020 2299 3214 2354 similis
3247 2301 3389 2355 tibi?

270 2386 358 2441 16.
380 2390 612 2452 Δυνατὺς
631 2385 700 2459 εἷ,
722 2389 914 2461 Κύριε,
935 2392 1030 2446 καὶ
1049 2393 1082 2463 ή
1098 2391 1327 2462 ἀλήθειά
1342 2407 1432 2444 σου
1450 2389 1648 2444 κύκλου
1671 2408 1782 2446 σου.

1966 2392 2053 2447 16.
2086 2389 2287 2446 Potens
2312 2406 2391 2458 es,
2422 2389 2671 2455 Domine,
2702 2401 2755 2445 et
2793 2393 2990 2447 veritas
3025 2404 3118 2447 tua
3146 2395 3200 2448 in
3233 2396 3464 2451 circuitu

1897 2495 2009 2539 lllO.

269 2566 359 2620 17.
402 2566 473 2620 Σὺ
497 2567 778 2632 δεσπόζεις
808 2566 902 2620 τοῦ
934 2567 1166 2638 κράτους
1204 2566 1304 2637 τῆς
1337 2564 1607 2634 θαλάσσης
1629 2580 1641 2592 ³

1433 2564 1607 2634 άσσης
1629 2580 1641 2592 ·
1964 2573 2048 2627 17.
2091 2573 2171 2628 Tu
2206 2574 2506 2630 dominaris
2535 2575 2788 2644 potestati
2824 2575 3027 2630 maris:

272 2660 361 2715 18.
404 2659 506 2713 Τὸν
531 2659 587 2713 δὲ
614 2661 773 2714 σάλον
792 2661 901 2715 τῶν
923 2660 1183 2732 κυμάτων
1203 2659 1374 2728 αὐτῆς
1394 2658 1455 2710 σὺ
1475 2654 1794 2727 καταπραΰ-

1713 2654 1794 2710 ιῦ-
1974 2666 2060 2720 18.
2099 2665 2304 2721 Motum
2340 2677 2519 2721 autem
2552 2665 2814 2720 ﬂuctuum
2841 2667 2960 2736 ejus
2985 2675 3038 2718 tu
3070 2667 3307 2738 mitigas.

195 2768 334 2814 νεις.

1339 2917 1711 2976 ATHANASII
1750 2915 2344 2974 INTERPRETATIO.

268 3124 324 3177 2.
368 3123 451 3176 Τὰ
477 3125 874 3195 προστάγματά
904 3141 996 3177 σου
1027 3123 1266 3196 κηρύξω.

1199 3142 1266 3184 ω.
1967 3118 2019 3172 2.
2047 3116 2325 3186 Ρτωεθρια
2355 3126 2446 3172 tua
2471 3116 2793 3187 pradieabo.

269 3217 325 3269 '5.
341 3217 464 3269 ’Ότι
504 3218 818 3288 ὲπηγγείλω
849 3217 1207 3281 ἀδιαλείπτως
1230 3215 1320 3270 τὸν
1341 3215 1640 3287 ἠλεημένον
1661 3214 1790 3269 λαὸν

1967 3212 2018 3265 5.
2054 3210 2192 3274 Quia
2225 3210 2593 3263 indesinenter
2643 3207 2972 3264 denuntiasti
3017 3206 3275 3277 populum
3301 3206 3466 3261 mise-

196 3309 561 3380 περιποιῆσαι
588 3309 664 3381 (1)
699 3312 777 3373 εἰς
805 3310 1116 3382 οἰκοδομήν.

1897 3302 2188 3358 ricordiam
2217 3301 2468 3371 adeptum
2504 3303 2781 3371 possidere
2812 3303 2865 3354 in
2893 3298 3323 3355 aediﬁcationem.

270 3401 326 3454 -1,
354 3399 443 3452 Ἐν
468 3403 580 3464 τοῖς
607 3402 784 3470 ἁγίοις
810 3404 843 3474 ἡ
870 3401 1052 3466 πίστις
1083 3403 1179 3475 (2).

937 3419 1052 3466 στις
1083 3403 1179 3475 (2).
1967 3396 2022 3450 4.
2054 3395 2114 3449 ln
2139 3393 2346 3450 sanctis
2379 3391 2530 3448 ﬁdes.

271 3495 326 3546 5.
355 3492 804 3565 Ἑπηγγειλάμην
823 3498 934 3558 τοῖς
949 3495 1123 3563 ἁγίοις
1151 3495 1250 3567 τὴν
1277 3494 1551 3564 βασιλείαν
1573 3511 1670 3562 μου
1691 3493 1788 3561 (⁸5).
1820 3513 1862 3570 C

1520 3513 1551 3546 ην
1573 3511 1670 3562 μου
1691 3493 1788 3561 (³5).
1820 3513 1862 3570 C
1967 3493 2018 3546 5.
2053 3490 2388 3545 Annuntiavi
2412 3487 2614 3544 sanctis
2648 3502 2872 3557 regnum
2911 3502 3114 3541 meum.

270 3583 326 3637 6.
368 3583 494 3646 Τοῖς
521 3583 662 3635 κατὰ
697 3585 789 3636 τὸν
823 3585 986 3637 Δαόὶδ
1014 3587 1206 3655 πραεῖς
1249 3584 1493 3657 [πραέσι]
1540 3587 1606 3654 τῇ
1663 3600 1795 3653 καρ-

1278 3584 1493 3655 πραέσι]
1540 3587 1606 3654 τῇ
1663 3600 1795 3653 καρ-
1969 3581 2020 3635 6.
2053 3581 2213 3636 Juxta
2244 3581 2410 3635 David
2442 3581 2664 3635 mitibus
2690 3581 2872 3635 corde.

200 3680 292 3750 δίᾳ
314 3679 413 3751 (4).

277 3772 326 3824 7.
371 3770 682 3844 Προαγάγω
716 3773 772 3824 ὲν
807 3771 885 3842 τῷ
914 3771 1124 3841 κόσμῳ.

1121 3812 1124 3822 ,
1975 3759 2025 3814 7.
2059 3757 2364 3812 Producam
2399 3758 2453 3812 in
2489 3756 2715 3812 mundo.

275 3865 331 3922 8.
373 3861 494 3936 Τὴν⁶
514 3865 790 3935 βασιλείαν
816 3881 930 3919 σου.

917 3906 930 3919 .
1969 3860 2021 3914 8.
2057 3859 2302 3931 Regnum
2332 3869 2503 3915 tuum.

272 3955 327 4012 9.
370 3957 727 4027 Διηγήσονται
772 3958 821 4009 οἱ
869 3955 1153 4010 ἀπόστολοι
1186 3956 1277 4008 καὶ
1317 3954 1395 4024 (5)
1444 3954 1494 4006 οἱ
1540 3953 1684 4022 ἆγιοι
1729 3952 1794 4007 τὰ

1768 3952 1794 4007 5t
1971 3954 2022 4010 9.
2055 3952 2363 4007 Narrabunt
2391 3951 2624 4021 apostoli
2657 3959 2711 4005 et
2745 3951 2918 4006 sancti
2946 3950 3218 4006 mirabilia
3250 3961 3362 4007 tua.

203 4049 492 4119 Θαυμάσιά
527 4064 642 4103 σου.

274 4139 366 4194 10.
407 4139 518 4194 Καὶ
537 4140 648 4213 γὰρ
670 4142 770 4210 τὴν
788 4141 969 4194 πίστιν
987 4157 1080 4193 σου
1100 4142 1158 4192 ἐν
1173 4139 1251 4210 τῷ
1267 4139 1458 4209 πλήθει
1473 4138 1582 4190 τῶν
1603 4138 1793 4206 άγίων.

1972 4134 2056 4189 10.
2084 4133 2294 4190 Etenim
2318 4133 2476 4188 ﬁdem
2500 4142 2647 4186 tuam
2677 4132 2732 4185 in
2759 4133 3104 4188 multitudine
3133 4141 3469 4187 sanctorum.

277 4233 368 4297 11,
400 4233 486 4287 12.
520 4233 596 4305 (6)
632 4233 728 4296 Τίς
755 4233 862 4287 τῶν
891 4231 1242 4305 προφητῶνῆ
1269 4231 1378 4284 τῶν
1418 4231 1588 4300 ἁγίων
1623 4229 1795 4283 ίσοδύ-

1973 4228 2060 4296 11,
2092 4228 2176 4281 12.
2215 4227 2349 4293 Quis
2393 4223 2779 4295 prophetarum
2809 4236 2903 4279 aut
2942 4234 3255 4279 sanctorum
3285 4239 3471 4294 mqua-

204 4341 364 4377 ναται
409 4320 548 4376 εἶναι
588 4322 682 4376 τοῦ
730 4324 936 4395 Κυρίου
965 4322 1079 4396 [τῷ
1113 4322 1375 4394 Κυρίῳ];
1426 4322 1653 4375 Ἐκεῖνοι
1688 4319 1796 4392 γὰρ

1899 4322 1967 4377 lis
1997 4337 2118 4377 esse
2165 4329 2342 4390 potest
2391 4318 2662 4372 Domino?
2691 4316 2768 4372 Illi
2815 4317 2962 4374 enim
3005 4317 3178 4388 gratia
3224 4317 3468 4387 ejusdem

206 4413 348 4467 κατὰ
383 4413 543 4485 χάριν
576 4412 742 4467 αὑτοῦ
771 4415 867 4467 τοῦ
913 4413 1087 4485 Ἰησοῦ
1121 4416 1225 4467 είσι
1254 4414 1359 4466 υίοὶ
1385 4412 1478 4467 τοῦ
1510 4412 1669 4479 Θεοῦ,
1694 4411 1792 4464 αὺ-

1467 4412 1478 4466 i
1510 4412 1669 4479 Θεοῦ,
1694 4411 1792 4464 αὺ-
1897 4413 2024 4471 Jesu
2053 4423 2180 4469 sunt
2204 4411 2294 4467 Dei
2328 4411 2444 4477 ﬁlii,
2482 4412 2597 4481 ipse
2630 4419 2810 4465 autem
2848 4421 3061 4466 natura.

206 4505 297 4568 τὸς
321 4505 382 4558 δὲ
413 4504 553 4558 κατὰ
581 4504 761 4575 φύσιν.

277 4598 369 4652 15.
392 4599 482 4651 Ἐν
513 4601 632 4664 ταῖς
662 4599 911 4672 καρδίαις
945 4599 1142 4653 αὐτῶν.

1079 4600 1142 4653 iv.
1967 4593 2054 4648 15.
2081 4590 2138 4645 1η
2166 4589 2427 4645 cordibus
2460 4602 2673 4642 eorum.

277 4692 367 4746 14.
390 4693 800 4766 Ἀκατάληπτος
820 4695 913 4746 καὶ
939 4692 1346 4764 παντοδύναμός
1369 4694 1514 4744 ἐστιν
1538 4690 1632 4743 ἐπὶ
1653 4689 1789 4742 πάν-

1970 4685 2056 4739 it.
2094 4678 2660 4750 lncomprehensibilis
2707 4684 2760 4732 et
2796 4675 3142 4746 omnipotens
3191 4684 3274 4730 est
3313 4689 3477 4746 super

206 4799 303 4850 τας
329 4787 458 4849 τοὺς
488 4785 676 4856 ἁγίους
706 4787 892 4841 αὑτοῦ.

1900 4793 2094 4836 omnes
2118 4786 2340 4833 sanctos
2372 4788 2525 4829 SUOS.

278 4878 369 4932 15.
409 4878 792 4951 Φιλάνθρωπος
818 4881 911 4934 καὶ
938 4880 1206 4952 ἐλεήμων.
1831 4877 1872 4930 D

1831 4877 1875 4930 D
1975 4871 2063 4928 15.
2099 4869 2374 4940 Benignus
2395 4875 2448 4922 et
2472 4863 2803 4921 misericors.

278 4969 370 5024 16.
414 4972 477 5022 Ut
510 4971 654 5040 ἅγιοι
690 4988 806 5026 σου.

799 5009 806 5026 ι
1974 4962 2058 5017 16.
2088 4960 2272 5016 Sancti
2297 4961 2393 5014 tui.

277 5062 367 5117 17.
410 5062 597 5133 Πάσης
632 5061 766 5132 ὁμοῦ
801 5063 900 5134 τῆς
925 5063 1246 5134 οἰκουμένης
1271 5059 1516 5125 ἐξουσίαν
1547 5057 1625 5129 (7)
1650 5057 1798 5127 ἔχεις

1969 5056 2056 5109 17.
2095 5053 2287 5108 Totius
2338 5049 2501 5107 simul
2549 5049 2790 5105 universi
2837 5055 3162 5119 potestatem
3211 5047 3377 5102 habes
3416 5050 3475 5102 ut

207 5154 282 5219 ὡς
308 5154 644 5224 δημιουργὸς
671 5155 863 5225 αὐτῆς.

1900 5145 2145 5218 ejusdem
2183 5149 2424 5199 creator.
2477 5202 2487 5220 .

277 5247 366 5303 18.
409 5248 548 5309 Τοὺς
575 5250 913 5318 πειρασμοὺς
936 5249 1105 5320 αὐτῆς
1136 5246 1458 5318 ἀνωχύρους
1485 5245 1680 5306 ποιεῖς.

1449 5262 1458 5307 ;
1485 5245 1680 5306 ποιεῖς.
1973 5239 2059 5292 18.
2095 5237 2447 5293 Tentationes
2474 5233 2593 5304 ejus
2620 5233 2866 5287 inﬁrmas
2894 5230 3043 5286 facis.

1172 5471 1477 5534 Addenda
1509 5477 1571 5534 et
1618 5467 1998 5548 corrigenda
2029 5483 2107 5527 ex
2144 5464 2286 5528 cod.
2320 5463 2522 5524 Vatic.

279 5669 359 5738 (1)
382 5663 819 5739 Περιποιεῖσθαι.

1964 5654 2040 5739 (Ξὶ
2081 5653 2142 5739 ξιξ
2169 5648 2912 5739 δεηθείτξλοινκξὲἐθξιεηὲμ,

810 5715 815 5716 ν
2082 5723 2148 5775 Ν.
2189 5723 2269 5784 lt,
2303 5723 2454 5783 Τίς..
2481 5761 2492 5772 .
2548 5720 2658 5782 ἴσος
2693 5719 2918 5772 δύναται
2949 5733 3087 5797 Em:
3124 5717 3213 5769 τοῦ
3246 5715 3478 5787 Κυρίου,

280 5810 354 5879 ('5)
398 5809 518 5861 Σου.
661 5875 683 5879 _
893 5877 898 5879 _
985 5877 991 5879 _
1188 5878 1194 5879 γ
1220 5877 1227 5879 Α
1895 5795 2399 5879 Νηρεᾲβκεῖνοιτ.
2438 5791 2529 5846 τοῦ
2556 5789 2685 5846 Υἱοῦ
2715 5789 2809 5842 τοῦ
2839 5789 2997 5841 Θεου.

259 5810 354 5862 -151
398 5809 518 5861 Σου.
1895 5808 1962 5851 Ν.
1998 5808 2399 5858 1⁸ζ,·1·.κεινοι...
2438 5809 2529 5846 του
2562 5808 2584 5846 ι
2607 5808 2685 5845 ιου
2715 5808 2809 5842 του
2839 5808 2997 5841 οεου.

281 5863 359 5953 (4,)
402 5881 600 5950 Ιιραεῖς
625 5875 744 5932 οὖσι
775 5877 915 5934 κατὰ
947 5877 1042 5948 τὴν
1074 5877 1295 5948 καρδίαν
1324 5892 1445 5949 μου.
1967 5867 2042 5942 (7)
2084 5866 2154 5917 Σὺ
2185 5863 2454 5930 ἐξουσίαν.
