4036 6442
648 325 784 382 1027

716 442 805 497 19.
838 439 918 495 Tu
943 441 1241 498 liumiliasti
1267 443 1411 501 sicut
1438 444 1782 502 vulneratum
1813 446 2136 517 superbum:

714 532 805 587 20.
850 533 909 587 In
956 534 1180 592 brachio
1215 537 1430 592 virtutis
1477 546 1583 593 tua:
1628 537 1933 609 dispersisti
1963 538 2214 595 inimicos

644 633 790 681 tuos.

714 718 803 774 21.
832 716 935 773 Tui
969 730 1099 776 sunt
1124 718 1250 775 cceli
1283 728 1336 775 et
1361 730 1451 776 tua
1479 732 1560 779 est
1586 733 1733 778 terra
1765 738 1779 775 :

711 812 799 866 22.
827 810 1028 867 Orbem
1083 820 1238 868 terrae
1283 822 1337 869 et
1380 815 1775 884 plenitudinem
1819 814 1939 884 ejus
1987 823 2046 870 tu
2088 814 2214 871 fun-

641 903 802 958 tlasli.

709 997 803 1050 25.
830 994 1153 1065 Aquilonem
1184 1003 1240 1050 et
1267 1010 1421 1051 mare
1446 1005 1505 1051 tu
1535 998 1732 1053 creasti
1760 1015 1775 1052 :

707 1084 798 1140 21.
834 1084 1052 1140 Tltabor
1095 1095 1150 1141 et
1195 1085 1436 1142 Hcrmon
1480 1088 1536 1141 in
1566 1089 1785 1143 nomine
1827 1096 1923 1144 tuo
1964 1089 2211 1145 exsulta-

636 1179 812 1233 bunt:

704 1242 794 1323 25.
831 1266 1009 1321 Tuum
1038 1266 1325 1321 brachium
1357 1282 1481 1323 cum
1512 1269 1781 1338 potentia.

707 1358 796 1414 26.
832 1358 1106 1413 Firmetnr
1151 1374 1344 1414 manus
1387 1368 1519 1429 tua,
1568 1370 1623 1416 et
1673 1362 1944 1419 exaltelur
1987 1365 2210 1424 dextera

634 1459 748 1506 tua.

701 1545 793 1603 27.
823 1544 1042 1600 Justitia
1072 1554 1125 1601 et
1147 1545 1440 1616 judicium,
1472 1549 1804 1616 praeparatio
1835 1551 1979 1606 sedis
2009 1560 2135 1607 tuae.

700 1637 793 1691 28.
840 1636 1210 1693 Misericordia
1270 1645 1324 1693 et
1370 1639 1572 1694 veritas
1636 1640 1943 1710 prmedent
2003 1642 2205 1701 [aciem

658 1744 782 1782 uam
811 1745 826 1782 :

634 1736 791 1874 W23.
822 1820 1018 1875 Beatus
1053 1821 1285 1891 pepulus
1315 1822 1407 1892 qui
1445 1822 1550 1878 scit
1571 1823 1978 1894 jubilationem.

698 1911 791 1965 30.
824 1910 1071 1979 Domine,
1095 1913 1149 1966 in
1182 1912 1389 1967 lumine
1411 1914 1596 1969 vultus
1634 1914 1711 1969 tui
1738 1916 2134 1973 ambulabunt:

695 2113 783 2169 '5l.
816 2112 883 2168 Et
912 2116 967 2169 in
997 2115 1218 2171 nomine
1248 2124 1341 2171 tuo
1375 2117 1727 2175 exsultabunt
1750 2129 1861 2177 tota
1892 2121 1980 2179 die
2009 2141 2025 2179 :

696 2271 784 2328 32.
822 2272 889 2329 Et
919 2274 971 2328 in
1002 2275 1211 2346 justitia
1236 2285 1327 2333 tua
1349 2254 1762 2336 exaltabuntur.

696 2363 784 2417 35.
815 2362 1083 2430 Quoniam
1115 2368 1281 2437 gloria
1314 2369 1530 2425 virtutis
1558 2385 1749 2425 eorum
1778 2377 1837 2426 tu
1865 2386 1926 2428 es
1952 2389 1967 2427 :

696 2456 787 2512 54.
824 2456 890 2512 Et
920 2458 973 2511 in
1020 2459 1361 2531 beneplacito
1405 2472 1503 2517 tuo
1542 2464 1868 2521 cxaltabitur
1895 2480 2065 2522 cornu
2096 2479 2198 2521 no-

628 2557 822 2603 strum.

1485 331 1542 386 S.
1582 331 1954 389 ATHANASII
1992 334 2143 393 OPP.
2179 336 2362 395 PARS
2398 338 2489 398 Ill.
2522 371 2594 384 -—
2631 342 3045 405 EXEGETICA.

3765 351 3902 409 1028

2241 454 2290 512 Α
2387 450 2474 506 19.
2515 451 2587 504 Σὺ
2616 451 2987 518 ὲταπείνωσας
3007 452 3085 518 ὡς
3109 457 3447 525 τραυματίαν
3470 459 3827 534 ὑπερήφανον
3850 484 3864 497 ·

2384 541 2476 597 20.
2503 543 2592 596 'Ev
2628 544 2705 615 τῷ
2748 545 2991 617 βραχίονι
3021 547 3123 618 τῆς
3147 548 3428 620 δυνάμεώς
3460 570 3554 606 σου
3583 556 3899 628 διεσκόρπι-

2318 650 2416 696 σας
2444 634 2572 697 τοὺς
2598 633 2825 706 ἐχθρούς
2859 653 2974 691 σου.

2383 722 2474 777 21.
2515 723 2606 776 Σοί
2643 726 2781 777 εἰσιν
2807 726 2857 778 οἱ
2883 726 3122 799 οὐρανοὶ,
3156 730 3248 783 καὶ
3278 730 3343 803 σή
3379 732 3526 787 ἐστιν
3558 737 3591 806 ὴ
3619 737 3691 808 γῆ
3713 754 3728 768 ·

2380 815 2473 871 22.
2514 816 2627 887 Τὴν
2649 819 2975 891 οἰκουμένην
3004 821 3097 875 καὶ
3119 821 3180 876 τὸ
3202 822 3474 895 πλήρωμα
3498 827 3671 899 αὐτῆς
3701 830 3768 883 σὺ
3792 830 3899 885 ἑθε-

2317 902 2613 973 μελίωσας.

2380 996 2470 1051 23.
2512 998 2615 1051 Τὸν
2643 1000 2844 1071 βορρᾶν
2868 1000 2962 1055 καὶ
2988 1001 3087 1073 τὴν
3117 1002 3392 1059 Θάλασσαν
3418 1008 3481 1061 σὺ
3511 1007 3738 1076 ἔκτισας
3758 1030 3772 1041 ·

2381 1086 2472 1143 24.
2513 1089 2710 1162 Θαὸὼρ
2734 1093 2828 1145 καὶ
2860 1094 3073 1165 Ἐρμὼν
3098 1096 3157 1149 ὲν
3180 1095 3258 1167 τῷ
3285 1095 3509 1170 ὀνόματί
3532 1118 3625 1156 σου
3643 1103 3898 1171 ἀγαλλιά·

2314 1197 2497 1235 σονται
2517 1198 2530 1211 '

2377 1272 2469 1328 25.
2510 1273 2609 1338 Σὸς
2639 1276 2668 1329 6
2703 1274 2939 1347 βραχίων
2972 1281 3109 1349 μετὰ
3132 1280 3465 1348 δυναστείας.

2378 1363 2469 1421 26.
2510 1367 2922 1440 Κραταιωθήτω
2945 1370 2979 1441 ἠ
3001 1371 3118 1442 χείρ
3136 1389 3252 1438 σου,
3273 1373 3587 1449 ύψωθήτωὴ
3607 1378 3765 1444 δεξιά
3782 1398 3891 1435 σου.

2375 1545 2466 1600 27.
2507 1547 2827 1621 Δικαιοσύνη
2845 1549 2940 1603 καὶ
2959 1552 3132 1622 κρῖμα
3149 1554 3432 1625 ἑτοιμασία
3448 1556 3541 1609 τοῦ
3560 1557 3757 1631 θρόνου
3779 1579 3892 1617 σου.

2375 1638 2467 1693 28.
2486 1638 2673 1704 Ἔλεος
2710 1640 2805 1694 καὶ
2836 1641 3062 1712 ἀλήθεια
3104 1637 3566 1719 προπορεύσονται
3589 1653 3700 1723 πρὸ
3726 1672 3893 1728 προσο

2305 1747 2455 1783 ωπου
2487 1747 2579 1783 σου
2600 1747 2612 1761 ⁸

2235 1821 2278 1877 Β
2376 1824 2465 1879 29.
2508 1824 2794 1895 Μακάριος
2815 1827 2845 1877 6
2877 1825 3004 1893 λαὸς
3031 1829 3061 1883 6
3089 1830 3373 1899 γινώσκων
3403 1835 3749 1909 ἀλαλαγμόν.

2377 1914 2466 1970 50.
2507 1916 2700 1987 Κύριε,
2719 1918 2775 1971 ὲν
2793 1916 2870 1989 τῷ
2897 1922 3037 1989 φωτὶ
3054 1923 3149 1979 τοῦ
3166 1926 3461 1998 προσώπου
3483 1947 3577 1983 σου
3595 1930 3891 2003 πορεύσον-

2305 2025 2418 2063 ται·

2375 2102 2467 2158 51.
2506 2105 2615 2159 Καὶ
2644 2107 2701 2160 ὲν
2724 2106 2802 2179 τῷ
2830 2108 3053 2181 ὀνόματί
3075 2127 3166 2163 σου
3204 2112 3624 2181 ἅγαλλιάσονται
3643 2118 3777 2189 ὅλην
3793 2118 3890 2190 τὴν

2304 2193 2516 2266 ἡμέραν
2534 2212 2551 2229 °

2374 2287 2465 2343 '62.
2505 2289 2616 2343 Καὶ
2649 2291 2708 2344 ὲν
2735 2294 2800 2363 τῇ
2827 2293 3139 2366 δικαιοσύνῃ
3174 2313 3268 2350 σου
3298 2296 3703 2370 ὑψωθήσονται.

2374 2379 2463 2435 35.
2480 2380 2600 2434 Ὅτι
2626 2383 2886 2455 καύχημα
2910 2386 3009 2456 τῆς
3036 2385 3315 2458 δυνάμεως
3338 2390 3516 2444 αὐτῶν
3550 2392 3615 2445 σὺ
3648 2386 3721 2445 εἷ.

2373 2471 2461 2525 54.
2505 2473 2614 2527 Καὶ
2656 2475 2715 2527 ἐν
2754 2477 2820 2546 τῇ
2868 2476 3085 2548 εὐδοκία
3124 2494 3215 2531 σου
3246 2478 3593 2551 ὑψωθήσεται
3626 2482 3692 2536 τὸ
3718 2482 3887 2556 κέρας

2303 2561 2482 2630 ἡμῶν.

1740 2708 2120 2769 ATHANASII
2152 2711 2733 2773 INTERPRETATIO.

690 2816 777 2870 19.
813 2812 1120 2875 Diabolum.

683 2907 860 2963 20.1η
917 2909 1235 2969 fortitudine
1269 2912 1392 2969 Filii
1435 2917 1511 2971 tui
1562 2917 1847 2988 perdidisti
1892 2921 2195 2978 contrarias

621 3007 938 3066 potestates.

2363 2832 2451 2887 19.
2493 2834 2597 2886 Τὸν
2625 2832 2886 2888 διάϐολον.

2364 2923 2455 2977 20.
2475 2923 2566 2979 Ἐν
2591 2927 2659 2997 τῇ
2689 2924 2833 2996 ἰσχύϊ
2861 2925 2955 2979 τοῦ
2987 2924 3116 2980 Υίοῦ
3148 2943 3242 2981 σου
3266 2926 3556 2995 ἀπώλεσας
3584 2930 3688 2997 τὰς
3722 2934 3881 2991 ἐναν-

2294 3016 2414 3080 τίας
2437 3017 2717 3088 δυνάμεις.

691 3088 777 3144 21.
815 3088 917 3143 Tui
964 3098 1092 3144 sunt
1123 3092 1297 3147 sancti
1330 3093 1407 3149 tui
1450 3095 1505 3149 in
1550 3097 1710 3163 cmlo,
1743 3106 1797 3153 et
1841 3108 2029 3171 gentes
2071 3116 2192 3156 cre-
2220 3079 2264 3140 θ
2365 3079 2457 3165 21.
2496 3079 2617 3162 Eoi.

2365 3079 2457 3165 ει.
2496 3079 2585 3162 Σοὶ
2614 3079 2751 3164 εἰσιν
2775 3111 2851 3183 (l)
2875 3111 2926 3165 οι
2957 3112 3015 3165 ὲν
3036 3111 3116 3183 τῷ
3140 3111 3351 3184 οὐρανῷ
3378 3114 3522 3184 ἆγιοί
3546 3132 3664 3182 σου,
3690 3120 3789 3172 και
3812 3120 3882 3174 τὰ

618 3181 807 3236 dentes
840 3181 893 3234 in
924 3189 1015 3236 te:
1047 3182 1298 3240 similiter
1340 3196 1394 3241 et
1424 3188 1626 3244 cwlum
1654 3198 1710 3245 et
1742 3198 1889 3246 terra
1924 3201 2015 3248 tua
2043 3202 2190 3261 sunt,

617 3272 746 3343 quia
775 3288 837 3328 ea
869 3274 1093 3331 creasti.

685 3364 776 3417 22.
806 3364 1010 3422 Omnes
1038 3365 1202 3421 simul
1232 3366 1482 3424 homines
1514 3368 1758 3429 fundasti
1789 3373 1845 3428 in
1869 3374 1975 3432 ﬁde
2006 3386 2119 3433 tua.

685 3543 776 3596 25.
808 3542 1173 3599 Adversantes
1200 3542 1296 3599 tibi
1319 3542 1558 3614 Judaaos,
1591 3556 1645 3603 et
1675 3550 1941 3607 mundum
1979 3562 2037 3607 tu
2063 3570 2189 3609 rur-

614 3650 711 3692 sus
735 3638 1033 3692 renovasti.

684 3730 774 3785 24.
809 3728 977 3787 Electi
1007 3730 1087 3785 tui
1116 3738 1170 3786 et
1198 3739 1512 3801 peccatores
1540 3734 1593 3787 in
1626 3737 1847 3792 nomine
1868 3746 1962 3795 tuo
1986 3740 2187 3811 gaude-

614 3827 771 3877 bunt.

682 3910 772 3966 25.
808 3908 978 3966 Filius
1009 3918 1135 3968 tuus
1158 3912 1252 3983 qui
1279 3921 1475 3983 potens
1502 3926 1608 3970 est.

681 4005 771 4061 26.
808 4004 1015 4075 chuet
1056 4003 1229 4060 Filius
1255 4014 1403 4073 tuus,
1434 4015 1489 4061 et
1528 4007 1861 4075 glorificctur
1891 4020 2017 4069 tuus
2046 4013 2184 4069 Uni—

611 4101 842 4171 genitus.

675 4193 765 4246 27.
796 4191 1066 4250 Severitas
1098 4202 1153 4250 et
1177 4195 1409 4265 aequitas
1440 4196 1494 4249 in
1523 4205 1617 4250 tuo
1650 4197 1931 4252 tribunali.

676 4372 768 4429 28.
792 4372 849 4428 In
885 4376 1136 4445 pratsenti
1166 4384 1346 4431 autem
1384 4380 1582 4434 sazculo
1611 4379 1742 4437 lides
1774 4391 1826 4437 et
1860 4384 2175 4441 miscricor-

606 4465 693 4519 dia
724 4476 956 4535 accepta:
981 4468 1122 4536 apud
1160 4479 1231 4523 te.

675 4555 766 4611 29.
796 4555 899 4622 Qui
934 4573 999 4611 ex
1024 4559 1189 4613 corde
1222 4576 1322 4615 suo
1345 4562 1531 4631 gemit.

672 4648 762 4704 30.
796 4651 855 4703 In
890 4652 1062 4720 gratia
1083 4651 1205 4705 Filii
1233 4654 1329 4706 tui.

672 4740 759 4795 3|.
792 4741 1163 4799 lndcsinenter
1187 4744 1239 4799 in
1258 4755 1463 4801 :eterna
1486 4746 1668 4805 futura
1694 4749 1815 4807 luce
1838 4752 2171 4822 gaudebunt.

667 4926 757 4982 32.
793 4926 858 4981 Et
889 4926 941 4979 in
974 4925 1112 4981 Filio
1144 4936 1237 4983 tuo
1268 4929 1740 4999 gloriﬁcabuntur.

665 5020 753 5072 53.
780 5018 1045 5083 Quoniam
1078 5021 1129 5073 in
1160 5030 1209 5074 te
1232 5022 1533 5091 gloriantur
1562 5034 1615 5079 et
1642 5026 2090 5085 corroliorantur.

666 5109 754 5162 54.
785 5109 848 5163 Ει
879 5111 931 5163 in
963 5112 1235 5167 voluntate
1268 5124 1357 5169 tua
1385 5126 1437 5172 et
1469 5116 1590 5173 Filii
1638 5121 1711 5174 tui
1760 5122 2022 5191 dirigetur
2061 5139 2163 5193 po-

599 5210 764 5257 testas
796 5214 1003 5270 nostra,
1034 5222 1197 5275 quam
1233 5210 1389 5264 nobis
1420 5211 1487 5265 ab
1514 5212 1669 5268 initio
1694 5214 1910 5275 dedisti.

2294 3197 2420 3270 ἐθνη
2460 3198 2529 3251 τὰ
2563 3198 2884 3252 πιστεύοντα
2921 3203 3001 3263 εἰς
3037 3202 3096 3255 σέ
3116 3219 3129 3233 ⁸
3163 3203 3365 3273 ὁμοίως
3395 3204 3490 3257 καὶ
3518 3207 3662 3260 κατὰ
3694 3208 3761 3262 τὸ
3788 3208 3881 3280 δη-

2298 3293 2685 3365 μιουργητικὸν
2722 3291 2889 3347 αὐτοῦ
2923 3295 3060 3347 εἰσιν
3088 3295 3138 3348 οἱ
3166 3296 3385 3366 οὐρανοὶ
3417 3298 3511 3350 καὶ
3538 3300 3572 3369 ἡ
3600 3300 3697 3369 γῆ.

2361 3383 2452 3439 22.
2495 3384 2709 3447 Πάντας
2737 3384 2873 3456 ὁμοῦ
2907 3386 3031 3449 τοὺς
3069 3385 3385 3459 ἀνθρώπους
3421 3388 3791 3459 ἐθεμελίωσας
3821 3396 3879 3446 ἑν

2290 3478 2356 3546 τῇ
2393 3476 2572 3529 πίστει
2604 3493 2719 3531 σου.

2358 3568 2446 3621 25.
2489 3569 2625 3631 Τοὺς
2651 3570 3091 3641 ἐναντιουμένους
3115 3589 3196 3625 σοι
3231 3572 3516 3638 Ἰουδαίους
3548 3575 3757 3631 καὶτὸν
3789 3579 3877 3631 κό-

2298 3678 2432 3731 σμον
2466 3661 2531 3713 σὺ
2562 3659 2723 3714 πάλιν
2752 3662 3119 3725 ἁνεκαίνισας.

2356 3753 2445 3806 21.
2487 3753 2551 3805 υἱ
2582 3752 2826 3807 ἐκλεκτοί
2860 3770 2951 3807 σου
2985 3755 3077 3809 καὶ
3109 3756 3157 3807 οἱ
3192 3756 3505 3828 ἁμαρτωλοὶ
3553 3759 3612 3812 ὲν
3644 3760 3722 3831 τῷ
3752 3763 3872 3818 ὀνόο

2291 3845 2419 3916 ματί
2446 3862 2537 3898 σου
2565 3846 2896 3917 χαρίσονται.

2353 3939 2442 3992 25.
2488 3939 2585 4003 Σὸς
2613 3940 2640 3991 6
2674 3940 2800 4003 Υἱὸς
2829 3942 2856 3993 6
2882 3940 3106 4005 δυνατός
3140 3940 3239 4012 (2).

2352 4028 2441 4083 26.
2482 4030 2822 4084 Budaeus-rw
2851 4031 2927 4103 (5)
2976 4034 3004 4086 6
3036 4033 3162 4098 Υἱός
3210 4052 3327 4101 σου,
3362 4036 3456 4090 καὶ
3498 4036 3811 4111 δοξασθήτω
3841 4041 3871 4095 6

2282 4122 2595 4193 Μονογενὴς
2624 4141 2738 4177 σου.

2352 4214 2440 4269 27.
2482 4216 2786 4287 Δξσηρότης
2816 4216 2892 4287 (ι)
2920 4218 3012 4271 καὶ
3041 4220 3503 4292 απρσσωποληψία
3542 4224 3604 4279 ἐν
3648 4224 3728 4296 τῷ
3769 4224 3867 4297 15+,-

2285 4306 2416 4375 ματί
2451 4323 2566 4360 σου.

2349 4398 2437 4453 28.
2469 4398 2557 4451 Ἐν
2592 4401 2648 4452 δὲ
2675 4400 2753 4471 τῷ
2791 4400 2883 4454 νῦν
2909 4401 3064 4455 αἰῶνι
3094 4403 3271 4468 πίστις
3297 4404 3391 4459 καὶ
3415 4406 3753 4479 ἐλεημοσύνη
3774 4409 3861 4464 δε-

2280 4489 2403 4541 κταὶ
2429 4488 2580 4560 παρὰ
2612 4490 2711 4543 σοί.

2348 4579 2437 4634 29.
2465 4579 2523 4632 '0
2546 4580 2611 4633 ὲκ
2632 4581 2729 4652 τῆς
2753 4581 2978 4651 καρδίας
3003 4583 3169 4637 αὐτοῦ
3200 4585 3388 4640 πενθεί
3415 4587 3513 4658 (5).

2346 4671 2437 4727 30.
2468 4672 2555 4727 Ἑν
2584 4676 2647 4744 τῇ
2680 4675 2862 4744 χάριτι
2889 4676 2982 4728 τοῦ
3015 4676 3145 4729 Υἱοῦ
3174 4696 3289 4732 σου.

2348 4762 2435 4816 3|.
2462 4762 2844 4829 Ἀδιαλείπτως
2887 4767 2946 4818 ἐν
2996 4767 3074 4836 τῷ
3120 4768 3278 4839 ἀϊδίῳ
3313 4770 3451 4839 φωτὶ
3488 4771 3567 4842 τῷ
3608 4773 3862 4843 μέλλοντι

2278 4855 2605 4925 χαρίσονται.

2346 4944 2431 4999 52.
2477 4947 2583 4999 Καὶ
2621 4949 2678 4999 ἐν
2715 4948 2793 5018 τῷ
2826 4948 2938 5019 Tit?)
2968 4966 3059 5002 σου
3093 4950 3532 5025 δοξασθήσονται.

2347 5035 2433 5089 55.
2456 5037 2575 5089 ’Ὁτι
2613 5038 2670 5090 ὲν
2710 5041 2791 5092 σοὶ
2820 5041 3127 5111 καυχῶνται
3154 5046 3248 5098 καὶ
3268 5044 3647 5118 δυναμοῦνται.

2346 5124 2432 5180 51.
2475 5129 2585 5181 Καὶ
2623 5132 2680 5183 ὲν
2716 5131 2794 5201 τῷ
2842 5132 3106 5205 θελήματί
3156 5153 3267 5203 σου,
3307 5140 3401 5192 καὶ
3437 5139 3530 5193 τοῦ
3577 5140 3710 5195 Υίοΰ
3759 5159 3851 5196 σου

2273 5216 2707 5291 ἀνορθωθήσεται
2738 5225 2811 5295 (6)
2842 5227 2875 5295 ἡ
2922 5226 3139 5293 ἐξουσία
3172 5232 3203 5301 ἡ
3215 5230 3349 5303 μῶν,
3392 5233 3457 5304 ἢν
3498 5235 3634 5304 ἡμῖν
3664 5235 3724 5303 ἐξ
3750 5240 3848 5307 ἀρ·

2275 5310 2374 5379 χῆς
2402 5312 2659 5379 δέδωκας.

1541 5416 1847 5478 Addenda
1899 5429 1957 5481 et
1994 5422 2372 5502 corrigenda
2409 5446 2486 5490 ex
2510 5433 2651 5493 cod.
2690 5436 2891 5501 Yatic.

665 5534 737 5618 (1)
778 5536 866 5590 Σοί
897 5539 1000 5592 είσι
1031 5541 1125 5594 καὶ
1155 5541 1225 5606 οἱ,
1256 5543 1555 5613 ρῑο.“ομιι)ς
1583 5543 1695 5607 καί,
1734 5557 1835 5601 etc.
1874 5546 1999 5618 Leg.
2029 5549 2163 5615 vid.,

589 5606 809 5677 ὁμοίως.

662 5679 738 5744 (2)
766 5680 821 5731 ὐ
852 5681 940 5744 σὸς
969 5683 1090 5745 Υἱὸς
1120 5684 1355 5749 δυνατός.

661 5750 732 5819 (3)
768 5751 1162 5808 Βασιλίυσάτω.

2346 5555 2422 5641 (ἒ)
2461 5558 2603 5641 ἓῦσὶ
2611 5560 2823 5641 90517.;-

2341 5628 2419 5691 (5)
2461 5628 2693 5685 Ιίενοὼν.

2345 5697 2418 5765 (6)
2440 5699 2841 5771 ’Λνορθωθήταλ
