4036 6468
210 382 355 441 1029
1063 387 1150 441 DE
1190 386 1463 442 'I'I'I'ULIS
1492 386 1942 445 PSALMOIlUM.
1983 415 2053 429 —
2080 386 2280 442 PSAL.
2316 386 2644 442 LXXXVIII.
3328 392 3461 445 I030

281 501 509 561 3.5301:
533 500 628 554 τοῦ
659 502 863 574 Κυρίου
898 506 930 574 ἡ
962 505 1267 577 ἀντίληψ⁶ς’
1825 513 1875 570 Α

1229 524 1267 571 ς,
1825 513 1875 570 Α
1974 507 2068 563 55.
2096 507 2234 574 Quia
2264 506 2477 562 Domini
2500 508 2823 578 assumptio,

282 593 372 649 '56.
412 594 523 648 Kal
552 594 647 647 τοῦ
686 596 840 663 ἁγίου
875 597 1090 670 Ἰσραὴλ
1122 597 1384 668 βασιλέως
1418 598 1595 668 ἡμῶν.

1348 614 1384 661 ις
1418 598 1595 668 ἡμῶν.
1967 598 2057 655 36.
2088 598 2153 653 Et
2183 599 2355 655 sancti
2382 599 2543 655 Israel
2578 601 2722 669 regis
2750 598 2942 655 nostri.

281 686 370 740 57.
410 685 543 739 Τότε
576 686 842 754 ὲλάλησας
866 691 922 741 ὲν
949 690 1136 760 ὁράσει
1167 692 1279 753 τοῖς
1316 692 1450 751 υἱοῖς
1486 706 1601 751 σου,

1968 691 2058 746 57.
2094 690 2245 745 Tune
2273 691 2487 745 locutus
2512 705 2571 745 es
2604 691 2657 745 in
2684 693 2897 746 visione
2932 690 3057 746 IiliEs
3090 691 3218 756 tuis,

279 775 369 831 58.
410 777 520 830 Kal
544 773 704 842 εἶπας
722 795 735 808 ’
775 778 1008 852 Ἐθέμην
1040 780 1291 852 βοήθειαν
1322 781 1415 832 ἐπὶ
1439 778 1663 833 δυνατόν
1685 793 1704 811 ο

1966 780 2055 836 '58.
2085 779 2150 835 Et
2169 782 2353 836 dixisti
2380 801 2393 836 :
2419 780 2583 837 Posui
2620 782 2952 852 adjutorium
2982 784 3034 838 in
3061 791 3282 855 potente
3308 803 3321 839 :

280 865 368 919 59.
401 865 633 935 ’Υψωσα
661 868 915 922 ἐκλεκτὸν
944 872 1008 923 ὲκ
1040 870 1133 924 τοῦ
1164 869 1293 924 λαοῦ
1324 886 1449 940 μου.

1444 908 1449 921 .
1964 875 2053 929 59.
2090 874 2330 929 Exaltavi
2358 876 2588 930 electum
2619 876 2685 931 de
2716 877 2867 945 plebe
2897 892 3038 933 mea.

274 957 364 1011 40.
400 952 573 1030 Εὗρον
597 958 760 1013 Δασιδ
784 960 876 1014 τὸν
900 960 1083 1015 δοῦλόν
1121 978 1242 1032 μου·

1968 967 2059 1021 40.
2089 967 2272 1021 Inveni
2300 965 2469 1021 David
2502 982 2717 1022 servum
2741 982 2956 1023 meum:

276 1048 368 1105 41.
412 1051 499 1103 Ἐν
528 1050 692 1122 ἐλαίῳ
723 1053 862 1124 ἁγίῳ
890 1072 988 1124 μου
1017 1053 1208 1125 ἔχρισα
1228 1053 1409 1106 αὐτόν.

1345 1053 1409 1106 5ν.
1968 1058 2059 1112 41.
2087 1056 2219 1113 Oleo
2249 1067 2441 1114 sancto
2468 1074 2590 1113 meo
2624 1059 2756 1113 unxi
2793 1075 2939 1115 eum.

272 1141 368 1197 42.
415 1143 479 1196 Ἡ
511 1143 618 1216 γὰρ
650 1144 770 1217 χείρ
806 1164 905 1216 μου
942 1146 1388 1217 συναντιλήψεται
1418 1140 1586 1211 αὐτῷ*

1500 1140 1586 1211 τῷ⁸
1964 1150 2052 1205 42.
2082 1149 2273 1205 Manus
2301 1151 2446 1205 enim
2479 1167 2597 1206 mea
2637 1152 2990 1206 auxiliabitur
3023 1151 3094 1206 ei.

273 1234 365 1289 45.
401 1236 513 1287 Kal
538 1235 567 1286 ὁ
594 1235 830 1306 βραχίων
856 1255 957 1308 μου
986 1238 1301 1309 κατισχύσει
1326 1236 1509 1289 αὐτόν.

1966 1243 2055 1298 45.
2086 1242 2150 1297 Et
2177 1244 2460 1298 brachium
2501 1260 2680 1298 meum
2707 1244 3034 1299 eonfortabit
3057 1260 3203 1301 eum.

278 1324 367 1377 44.
398 1326 512 1378 Οὐκ
539 1326 806 1397 ὠφελήσει
827 1330 1017 1402 ἐχθρὸς
1051 1333 1107 1384 ὲν
1142 1328 1311 1399 αὐτῷ·

1963 1333 2055 1390 44.
2087 1331 2230 1386 Nihil
2260 1332 2504 1401 proﬁciet
2532 1333 2787 1388 inimicus
2812 1334 2867 1387 in
2898 1348 2963 1389 eo
2990 1352 3002 1387 :

274 1417 365 1471 45.
395 1418 506 1471 Kal
554 1419 667 1482 υίὸς
712 1421 943 1493 ἀνομίας
993 1424 1053 1476 οὐ
1089 1424 1386 1495 προσθήσει
1415 1418 1510 1475 τοῦ
1540 1414 1790 1471 κακῶσαι

1964 1424 2056 1480 45.
2083 1423 2148 1478 Et
2178 1424 2321 1479 Illius
2354 1423 2657 1495 iniquitatis
2686 1440 2793 1479 non
2827 1434 3063 1495 apponet
3094 1440 3290 1481 nocere
3315 1424 3390 1482 ei.

201 1510 392 1564 αὐτόν.

267 1600 359 1656 46.
374 1598 481 1655 Kal
505 1597 758 1668 συγκόψω
788 1596 895 1652 ἀπὺ
914 1596 1205 1668 προσώπου
1230 1595 1395 1650 αὐτοῦ
1416 1598 1541 1662 τοὺς
1565 1598 1791 1671 ἐχθροὺς

1746 1617 1791 1664 ›ς
1960 1594 2051 1654 46.
2078 1597 2145 1653 Et
2165 1597 2447 1654 concidam
2477 1612 2508 1652 a
2540 1595 2677 1653 facie
2708 1596 2879 1667 ipsius
2907 1596 3159 1653 ‘uimicos
3188 1596 3340 1667 ejus:

198 1691 373 1746 αὐτοῦ
393 1710 407 1723 ο

270 1784 361 1838 47.
392 1783 503 1837 Kal
528 1783 652 1845 τοὺς
687 1779 975 1852 μισοῦντας
1009 1778 1170 1832 αὐτὸν
1195 1778 1575 1851 τροπὼσομαι.

1960 1776 2049 1832 47.
2082 1778 2147 1832 Et
2168 1778 2411 1834 odientes
2432 1792 2557 1833 eum
2586 1776 2638 1830 in
2668 1775 2850 1847 fugam
2885 1787 3197 1830 convertam

273 1875 360 1930 48.
384 1876 494 1929 Kal
523 1877 557 1946 ἡ
579 1873 804 1946 ἀλήθειά
826 1873 1056 1943 μου,καὶ
1086 1871 1147 1924 τὸ
1170 1870 1313 1936 ἔλεός
1339 1889 1441 1944 μου
1467 1875 1581 1944 μετ’
1596 1872 1779 1927 αὐτοῦ’
1812 1869 1855 1925 Β

1956 1870 2044 1924 48.
2089 1869 2157 1925 Ει
2210 1869 2413 1925 veritas
2467 1884 2608 1937 mea,
2645 1877 2701 1923 et
2747 1868 3120 1923 misericordia
3169 1883 3286 1923 mea
3332 1883 3455 1923 cum

1884 1979 2002 2035 ipso
2028 1982 2041 2017 :

267 2056 359 2110 49.
395 2055 505 2108 Kal
530 2055 587 2108 ὲν
613 2053 692 2124 τῷ
724 2051 947 2124 ὀνόματί
982 2070 1085 2123 μου
1121 2053 1466 2126 ὑψωθήσεται
1513 2054 1572 2107 τὸ
1619 2054 1786 2125 κέρας

1785 2075 1786 2080 π
1950 2053 2039 2110 49.
2070 2053 2135 2109 Et
2167 2053 2222 2107 in
2259 2052 2480 2107 nomine
2509 2067 2633 2108 meo
2664 2052 2994 2107 exaltabitur
3024 2069 3192 2108 cornu
3221 2056 3379 2126 ejus:

193 2162 388 2200 αυτου.

266 2237 356 2293 50.
380 2238 489 2291 Kal
514 2236 749 2308 θήσομαι
779 2237 837 2289 ὲν
871 2235 1110 2307 Θαλάσσῃ
1138 2238 1293 2306 χεῖρα
1319 2233 1503 2289 αὐτοῦ·

1448 2233 1503 2289 ,δι
1952 2230 2040 2286 50.
2072 2231 2137 2285 Ει
2164 2246 2361 2302 ponam
2389 2231 2444 2285 in
2475 2231 2611 2287 mari
2643 2248 2865 2288 manum
2892 2232 3042 2303 ejus:

268 2326 355 2379 51.
387 2327 496 2378 Kal
522 2328 580 2379 ἐν
610 2328 871 2395 ποταμοῖς
904 2322 1082 2389 δεξιὰν
1110 2323 1297 2377 αὑτοῦ.

1954 2325 2040 2379 51.
2071 2324 2137 2379 Ει
2159 2326 2212 2379 in
2237 2323 2552 2379 ﬂuminibus
2576 2325 2860 2379 dexteram
2889 2326 3028 2394 ejus.

265 2416 355 2469 52.
376 2416 549 2479 Αὐτὸς
580 2415 961 2469 ὲπικαλέσεταί
999 2433 1086 2486 με’
1115 2416 1306 2486 Πατήρ
1338 2432 1439 2486 μου
1462 2408 1512 2467 εἴ
1540 2415 1627 2477 σὺ,

1612 2456 1627 2477 ,
1956 2414 2045 2468 52.
2079 2414 2201 2484 Ipse
2232 2415 2507 2470 invocabit
2535 2430 2659 2469 me:
2690 2413 2852 2469 Pater
2885 2429 3040 2470 meus
3064 2430 3122 2470 es
3146 2424 3203 2471 tu

265 2506 354 2559 53.
385 2505 517 2569 Θεός
546 2523 673 2576 μου,
702 2505 796 2559 καὶ
822 2504 1173 2576 ἀντιλήπτωρ
1196 2505 1295 2576 τῆς
1317 2505 1587 2576 σωτηρίας
1622 2520 1743 2573 μου.

1625 2520 1743 2573 μου.
1949 2503 2039 2557 55.
2076 2503 2219 2559 Deus
2241 2520 2414 2569 meus,
2444 2514 2493 2559 et
2528 2513 2814 2577 susceptor
2842 2504 3034 2561 salutis
3065 2521 3219 2562 meae.

265 2597 353 2650 54.
385 2597 553 2666 Κάγὼ
574 2596 914 2669 πρωτότοκον
946 2597 1183 2668 θήσομαι
1214 2596 1396 2659 αὐτὸν,

1950 2594 2038 2648 54.
2072 2594 2137 2648 Εῑ
2170 2610 2269 2665 ego
2299 2597 2717 2665 primogenitum
2743 2611 2942 2664 ponam
2969 2597 3144 2664 illum,

265 2688 349 2742 55,
393 2688 622 2759 Ὑψηλὸν
657 2688 805 2760 παρὰ
826 2691 936 2753 τοίς
965 2688 1239 2759 βασιλεῦσι
1263 2688 1360 2758 τῆς
1388 2688 1511 2757 γῆς.

1388 2688 1511 2757 γῆς.
1948 2688 2040 2743 55.
2070 2688 2358 2745 Excelsum
2398 2704 2508 2761 prm
2542 2690 2761 2759 regibus
2788 2699 2963 2747 terrm.

1310 2839 1685 2895 ATIIANASII
1724 2838 2315 2897 INTERPRETATIO.

262 2961 353 3025 55,
390 2961 479 3016 50.
518 2962 640 3015 ὀτι
677 2961 771 3015 τοῦ
818 2962 1047 3033 Πατρός,
1081 2963 1171 3015 καὶ
1214 2962 1305 3015 τοῦ
1354 2962 1504 3027 Υἱοῦ,
1531 2963 1624 3017 καὶ
1675 2963 1766 3017 τοῦ
1795 2969 1838 3026 C

1942 2964 2033 3029 '55,
2073 2963 2163 3020 56.
2196 2964 2463 3031 Quoniam
2492 2966 2671 3024 Patris
2699 2976 2752 3023 et
2779 2968 2899 3024 Filii
2931 2978 2985 3025 et
3012 2970 3249 3041 Spiritus
3276 2977 3448 3032 sancti

185 3051 349 3104 ἁγίου
388 3050 703 3121 Πνεύματος
732 3054 765 3121 ἡ
791 3050 1073 3120 ἀντίληψις
1103 3052 1232 3118 ἡμῖν
1257 3051 1354 3119 (1).

820 3050 1073 3120 ιντίληψις
1103 3052 1232 3118 ἡμῖν
1257 3051 1354 3119 (ι).
1876 3057 2178 3125 assumptio
2205 3065 2414 3114 nostra.

260 3139 339 3195 57
382 3141 514 3194 Τότε
542 3142 651 3201 τοῖς
681 3140 955 3203 Ἰουδαίοις
985 3141 1040 3191 ὲν
1079 3140 1363 3209 αἰνίγμασι
1389 3140 1476 3193 διὰ
1502 3138 1604 3193 τῶν
1637 3157 1770 3211 προ-

1939 3146 2026 3200 57.
2062 3145 2216 3201 Tunc
2246 3146 2447 3203 Iudaeis
2497 3149 2550 3202 in
2603 3151 2981 3223 muigmatibus
3028 3171 3122 3226 per
3155 3159 3450 3230 prophetas

182 3232 375 3301 φητῶν
406 3230 567 3300 smn
576 3247 695 3293 σας,

600 3247 695 3293 τας,
1874 3238 2089 3294 locutus
2114 3254 2194 3307 es,

256 3322 347 3379 38.
388 3321 500 3375 Kal
527 3318 684 3385 εἴπας
703 3339 715 3352 ·
745 3321 834 3393 Τῷ
856 3321 969 3392 Υἱῷ
992 3340 1092 3392 μου
1124 3323 1376 3395 βοηθήσω
1406 3323 1552 3393 ὑμῖν.

1943 3330 2034 3386 58.
2062 3329 2126 3386 Et
2150 3330 2336 3387 dixisti
2366 3350 2378 3385 :
2408 3332 2467 3386 In
2500 3332 2636 3387 Filio
2666 3350 2786 3390 meo
2808 3336 3077 3405 adjuvabo
3103 3355 3218 3394 vos.

253 3412 345 3469 39.
382 3412 485 3467 Τὸν
522 3414 677 3486 χορὸν
698 3413 807 3467 τῶν
862 3414 1033 3483 ἁγίων
1086 3414 1398 3468 ἀποστόλων
1437 3415 1767 3486 ἐξελεξάμην

1946 3422 2038 3478 59.
2070 3422 2309 3480 Cliorum
2339 3435 2654 3481 sanctorum
2689 3428 3058 3497 apostolorum
3088 3430 3226 3503 elegi
3250 3441 3306 3489 et
3330 3434 3446 3505 glo-

178 3505 278 3560 xal
298 3504 546 3570 ἐδόξασα.

509 3524 546 3557 ι.
1872 3516 2103 3568 riﬁeavi.

250 3596 341 3651 40.
371 3590 541 3667 Εὗρον
566 3594 642 3666 (9.)
665 3594 793 3649 λαὸν
818 3595 911 3648 τὸν
950 3594 1160 3665 πεποοη
1170 3595 1351 3665 μένον.

1938 3608 2029 3663 40.
2062 3608 2247 3663 Inveni
2275 3610 2536 3679 populum
2567 3612 2960 3675 desideratum.

247 3685 341 3740 41.
379 3683 466 3739 Ἐν
492 3684 571 3755 τῷ
621 3683 899 3755 Πνεύματί
958 3702 1059 3756 μου
1084 3684 1162 3756 τῷ
1191 3686 1331 3758 ἁγίῳ
1360 3686 1451 3740 τὸν
1484 3686 1645 3741 αὑτὸν
1679 3704 1767 3739 πι-

1940 3695 2029 3750 41.
2064 3695 2123 3749 In
2155 3694 2357 3764 Spiritu
2385 3707 2577 3755 sancto
2601 3715 2723 3757 meo
2750 3704 3001 3760 eumdem
3029 3706 3247 3765 ﬁdelem
3268 3725 3441 3782 popu-

173 3777 305 3831 στὺν
334 3776 460 3831 λαὸν
492 3777 759 3848 ἠγάπησα
777 3777 877 3847 (5).

608 3794 759 3848 πησα
1871 3788 1981 3845 lum
2015 3791 2200 3846 dilexi.

246 3868 338 3923 49..
380 3870 438 3922 '0
465 3868 572 3940 γὰρ
606 3869 734 3931 Υἱός
759 3886 857 3939 μου
883 3870 1244 3940 ὑπερασπίζει
1284 3871 1464 3926 αὐτόν.

1456 3912 1464 3925 η
1940 3883 2027 3937 42.
2057 3884 2188 3938 Nam
2217 3885 2388 3941 Filius
2410 3902 2563 3943 meus
2583 3890 2815 3961 protegit
2849 3890 3050 3962 ipsum.

244 3960 335 4014 45.
365 3960 475 4013 Kal
504 3960 665 4023 αὐτὸς
691 3962 718 4013 ὁ
751 3961 879 4023 Υἱός
914 3979 1015 4031 μου
1038 3961 1273 4031 ἐνισχύει
1304 3962 1380 4032 (4)
1412 3964 1594 4018 αὐτόν.

1562 3985 1594 4017 ρ.
1937 3975 2026 4029 45.
2059 3974 2125 4028 Et
2158 3974 2298 4030 idem
2330 3976 2500 4030 Filius
2531 3992 2686 4032 meus
2711 3960 2987 4036 confo'rtat
3009 3998 3156 4038 eum.

243 4051 337 4106 44.
365 4052 439 4104 Οὐ
474 4051 895 4120 κατακυριεύσει
933 4054 961 4104 ό
993 4052 1236 4116 διάϐολος
1263 4053 1449 4108 αὐτοῦ.

1937 4065 2024 4119 44.
2058 4064 2171 4120 Νοη
2202 4068 2570 4123 dominabitur
2598 4071 2650 4125 iu
2685 4087 2811 4127 eum
2840 4074 3112 4134 diabolus.

242 4143 336 4198 45.
375 4143 434 4195 '0
460 4142 620 4207 αὐτὸς
650 4142 1021 4213 ἀντικείμενος
1056 4145 1154 4196 οὐκ
1184 4143 1248 4195 ἂν
1281 4144 1477 4217 δυνηθῇ
1504 4147 1690 4201 αὐτοῦ.

1936 4156 2025 4212 45.
2055 4156 2197 4213 Idem
2228 4160 2574 4219 adversarius
2598 4164 2733 4219 nihil
2764 4169 2965 4236 poterit
3002 4170 3262 4227 adversus
3287 4188 3429 4229 eum.

241 4233 333 4289 46.
369 4234 480 4298 Τὰς
502 4235 750 4299 ἐναντίας
778 4234 1056 4305 δυνάμεις.

1794 4314 1827 4324 _
1937 4249 2029 4305 46.
2060 4250 2417 4308 Adversarias
2450 4233 2768 4324 potestates.

240 4328 332 4382 47.
358 4329 494 4392 Τοὺς
519 4331 777 4401 δαίμονας
802 4330 1052 4395 ὑποτάξω
1079 4333 1281 4395 αὐτοῖς.
1794 4314 1834 4369 θ

1247 4350 1281 4395 ς.
1794 4314 1834 4369 θ
1933 4340 2022 4395 47.
2056 4340 2337 4397 Daemones
2370 4314 2655 4411 subjiciam
2691 4346 2841 4416 ipsis,

243 4421 334 4473 48.
368 4422 475 4473 Kal
497 4421 558 4474 τὸ
584 4422 811 4493 Π·ιεῦμά
854 4440 953 4491 μου
985 4423 1046 4475 τὺ
1078 4423 1253 4491 ἅγιον,
1294 4424 1388 4477 καὶ
1419 4425 1447 4476 ὁ
1502 4423 1626 4485 Υἱός
1661 4440 1761 4494 μου

1932 4432 2019 4486 48.
2050 4431 2117 4485 Et
2155 4431 2390 4501 Spiritus
2412 4445 2637 4489 sanctus
2661 4453 2837 4505 meus,
2862 4449 2916 4495 et
2945 4441 3117 4499 Filius
3148 4460 3302 4501 meus
3324 4462 3427 4502 non

167 4512 461 4583 ἀχώριστοι
483 4513 695 4567 ἔσονται
720 4514 813 4567 τοῦ
841 4515 1031 4568 πιστοῦ
1057 4515 1209 4569 λαοῦ.

1142 4515 1209 4569 r3.
1860 4526 2255 4594 separaliuntur
2278 4540 2306 4577 a
2336 4527 2539 4596 populo
2569 4529 2736 4584 lideli.

236 4602 326 4658 49.
374 4604 437 4655 'II
468 4604 711 4673 βασιλεία
738 4604 831 4658 τοῦ
862 4605 1017 4658 λαοῦ.

938 4606 991 4658 0-3
1005 4646 1017 4657 .
1927 4617 2012 4670 49.
2050 4614 2294 4687 Regnum
2324 4620 2532 4689 populi.

234 4694 325 4747 50.
361 4695 449 4747 Ἐν
470 4696 549 4765 τῷ
572 4696 762 4768 κόσμῳ
787 4694 885 4767 τὴν
918 4696 1233 4751 δυναστείαν
1268 4697 1457 4751 αὐτοῦ.

1367 4697 1457 4751 οὓ.
1922 4710 2010 4764 50.
2043 4707 2097 4762 In
2129 4711 2335 4765 mundo
2356 4712 2783 4771 dominationem
2821 4717 2961 4787 ejus.

234 4785 325 4841 5|.
354 4786 464 4840 Kal
494 4788 551 4839 ὲν
578 4789 691 4852 τοῖς
722 4788 897 4844 ἔθνεσι
924 4788 1022 4852 τὰς
1052 4788 1271 4852 ἐντολὰς
1302 4787 1489 4843 αὐτοῦ.

1382 4787 1489 4843 τοῦ.
1920 4800 2007 4856 51.
2041 4799 2106 4855 Et
2129 4802 2181 4856 in
2208 4804 2460 4875 gentibus
2490 4820 2754 4879 priecepta
2779 4785 2976 4875 ipsius.

231 4878 325 4933 52.
360 4878 454 4941 Τὸ,
488 4878 680 4949 Πάτερ
707 4879 878 4949 ἡμῶν
907 4884 940 4935 ό
966 4883 1036 4935 ἐν
1057 4883 1172 4947 τοῖς
1216 4883 1513 4950 οὐρανοῖς.

1289 4883 1513 4950 ραν-οῖς.
1917 4893 2006 4947 52.
2038 4891 2196 4948 l’ater
2227 4904 2404 4949 noster
2428 4900 2519 4967 qui
2546 4916 2599 4954 es
2631 4878 2685 4953 δή
2717 4903 2883 4958 εωίίε.

230 4970 321 5025 53.
368 4969 468 5038 Μὴ
527 4972 877 5041 εἰσενέγκῃς
926 4971 1084 5041 ἡμᾶς
1126 4974 1202 5045 (5)
1260 4976 1349 5039 εὶς
1395 4974 1747 5043 πειρασμὸν,

1917 4984 2003 5039 53.
2047 4984 2128 5038 Ne
2154 4987 2374 5041 inducas
2405 5004 2497 5043 nos
2533 4992 2588 5044 in
2617 4996 2981 5063 (evitationem,
3014 4999 3105 5053 sed
3136 4997 3301 5055 libera
3328 5016 3419 5055 nos

160 5060 322 5115 ἀλλὰ
339 5059 527 5129 ῥῦσαι
549 5061 707 5130 ἡμᾶς
730 5062 850 5117 ἀπὸ
878 5064 985 5118 τοῦ
1008 5066 1303 5135 πονηροῦ.
1845 5092 1878 5127 a
1913 5075 2052 5127 man
2075 5078 2116 5132 ⁸.
2418 5080 2421 5083 ⁷

227 5154 319 5208 54.
359 5154 447 5206 Ἐν
477 5156 543 5224 τῇ
578 5154 821 5226 βασιλείᾳ
849 5155 957 5209 τῶν
985 5158 1253 5229 οὐρανῶν.

1062 5159 1253 5213 αανῶν.
1924 5166 2013 5221 54.
2040 5165 2095 5220 In
2123 5184 2348 5239 regnum
2376 5174 2656 5230 emlorum.

226 5243 318 5297 55.
350 5244 744 5316 Δεδοξασμένον
771 5247 909 5319 ὑπὲρ
941 5249 1066 5312 τοὺς
1091 5248 1344 5319 βασιλέας
1377 5249 1476 5321 (6).

1218 5250 1344 5315 λέας
1377 5249 1476 5321 (6).
1921 5257 2008 5311 55.
2045 5256 2411 5317 Gloriﬁcatum
2446 5279 2610 5335 super
2639 5282 2812 5339 reges.

244 5358 266 5387 ⁸
300 5354 493 5413 Matth.
522 5375 598 5425 vr,
638 5359 788 5416 9-15.

1113 5453 1423 5516 Addenda
1454 5463 1515 5517 et
1545 5456 1921 5536 corrigenda
1974 5478 2051 5522 ex
2083 5463 2226 5527 cod.
2264 5466 2463 5529 Vatic.

327 5569 610 5661 1,951“...
776 5647 789 5661 .
853 5646 871 5661 .
922 5648 936 5661 .
1044 5650 1057 5661 .
1272 5650 1294 5661 -
1398 5650 1410 5661 .
1636 5652 1663 5661 _
1910 5586 2348 5661 ({9)_'E‘Mxtiaet.

240 5639 301 5748 9.)
327 5638 391 5695 Ν.
409 5638 513 5727 ’4οε
540 5638 712 5748 Εἴ)ροῖ
740 5647 831 5748 ἱὸν
853 5646 978 5703 λαὸν
1011 5650 1101 5704 τὸν
1125 5650 1523 5721 πεποθημένον·
1571 5652 1731 5709 τοῦτο

240 5726 255 5748 5
312 5725 633 5748 numne-manu.
712 5734 743 5748 ι..
790 5718 835 5748 εξ

1305 5650 1523 5721 ημένον·
1571 5652 1731 5709 τοῦτο
2014 5658 2086 5748 ἷξες
2117 5638 2215 5748 ιιι-ἲ»
2246 5665 2407 5748 ἡμᾶς.
2448 5662 2522 5748 Ila
2549 5667 2714 5748 etiam
2753 5684 2899 5748 m_nx.

150 5710 255 5844 γὰρ
277 5710 640 5781 ἑρμηνεύεται
671 5718 849 5771 Δαϐίδ.
1324 5710 1356 5721 ”

244 5780 297 5845 5)
338 5782 579 5848 Ἡγίασα.

1324 5710 1356 5721 --
1906 5710 1980 5798 (ei
2016 5710 2717 5805 n.5i‘..i‘:§..‘;i.eg';a2
2749 5710 2870 5809 ﬁ;
