4036 6432
587 333 718 389 1051
1438 324 1496 378 S.
1542 321 1915 378 ATHANASII
1959 320 2110 375 OPP.
2153 320 2181 373 F

2283 320 2336 374 iS
2374 319 2464 373 lli.
2505 349 2575 358 ——
2616 318 3032 374 EXEGETICA.
3740 323 3877 376 1052

655 446 742 500 Siti.
780 447 836 498 In
856 453 1116 499 :eternum
1140 439 1459 495 servaboilli
1489 439 1916 493 misericordiam
1939 453 2152 491 meam:
2189 445 2235 498 Α

2143 455 2152 489 ;
2189 445 2235 498 Α
2332 437 2420 489 56.
2450 437 2542 498 Εἰς
2578 436 2665 488 τὸν
2700 437 2870 489 αἰῶνα
2903 434 3122 504 φυλάξω
3151 433 3298 503 αὖτῷ
3330 435 3391 489 τὸ
3425 435 3572 501 ἔλεός
3611 455 3737 508 μου·

655 539 743 593 57.
775 537 838 591 Et
867 544 1250 592 testamentum
1279 548 1458 586 meum
1493 531 1648 584 ﬁdele
1676 532 1800 599 ipsi.

2339 528 2428 580 57.
2467 529 2632 597 Καὶή
2667 527 2899 596 διαθήκη
2936 545 3036 597 μου
3076 526 3240 594 πιστὴ
3267 525 3433 596 αὐτῷ.

655 630 746 686 58.
786 629 850 682 Ει
879 643 1073 698 ponam
1108 629 1158 680 in
1190 625 1448 682 saaculum
1477 625 1663 678 surculi
1694 639 1876 678 semen
1904 623 2023 692 ejus
2049 640 2062 678 :

2337 621 2424 674 58.
2480 621 2588 673 Kal
2641 620 2877 692 θήσομαι
2934 623 3024 684 εἰς’
3065 622 3154 674 τὸν
3185 623 3356 677 αἰῶνα
3401 623 3498 676 τοῦ
3557 622 3760 686 αἰῶνος
3818 638 3879 676 το

2267 716 2489 786 σπέρμα
2513 715 2699 769 αὐτοῦ’

660 813 747 870 59.
778 811 845 868 Ει
871 812 1127 866 thronum
1158 810 1278 880 ejus
1301 809 1443 864 sicut
1469 809 1585 863 dies
1619 807 1742 862 coeli
1771 824 1784 860 :

2349 807 2435 861 59.
2473 807 2582 860 Kal
2610 805 2698 858 τὸν
2723 805 2910 876 θρόνον
2940 806 3103 860 αὐτοῦ
3161 808 3234 871 ὡς
3266 807 3366 871 τὰς
3398 808 3616 878 ἡμέρας
3649 807 3749 859 τοῦ
3779 808 3869 858 οὐ·

2271 919 2452 972 ρανου.
3384 934 3389 937 -

664 992 750 1046 60.
781 991 838 1045 Si
873 1000 1051 1046 autem
1073 987 1467 1058 dereliquerint
1499 985 1593 1040 ﬁlii
1630 984 1749 1054 ejus
1770 984 1942 1054 legem
1963 999 2163 1051 meam,

2335 993 2423 1048 60.
2496 993 2621 1046 Ἐὰν
2682 991 3119 1061 ἐγκαταλίπωσιν
3175 995 3224 1044 οἱ
3279 993 3384 1045 υἱοὶ
3445 993 3616 1046 αὑτοῦ
3665 992 3868 1045 τὸννό-

2272 1104 2370 1157 μον
2407 1103 2508 1156 μου
2528 1129 2542 1152 ,

655 1177 744 1232 61.
780 1176 845 1229 Et
881 1175 934 1229 in
959 1173 1179 1244 judiciis
1209 1172 1348 1226 meis
1383 1186 1491 1224 non
1525 1166 1930 1224 ambulaverint

2336 1179 2424 1233 61.
2457 1179 2565 1232 Kal
2587 1180 2700 1241 τοῖς
2727 1179 2958 1252 κρίμασξ
2995 1196 3096 1249 μου
3133 1177 3206 1248 μὴ
3237 1176 3599 1248 πορευθῶσιν·

657 1271 746 1325 69..
784 1271 840 1324 Si
865 1271 1104 1340 justitias
1125 1283 1275 1322 meas
1300 1264 1742 1337 profanaverint:

2339 1272 2426 1326 6:2.
2477 1273 2602 1327 Ἐὰν
2627 1272 2697 1326 τὰ
2718 1271 3064 1342 δικαιώματά
3096 1289 3196 1340 μου
3229 1270 3599 1340 βεϐηλῶσωσι·

657 1365 745 1418 65.
780 1363 845 1416 Et
880 1363 1132 1416 mandata
1161 1375 1280 1415 mea
1313 1374 1421 1413 non
1450 1354 1835 1420 custodierint,

2337 1363 2426 1417 65.
2464 1365 2574 1418 Kal
2597 1364 2696 1428 τὰς
2727 1363 2944 1426 ἐντολάς
2976 1379 3079 1432 μου
3111 1361 3185 1432 μὴ
3211 1360 3538 1429 φυλάξωσιν·

654 1457 744 1512 64.
781 1456 1027 1510 Visitabo
1065 1455 1118 1506 in
1155 1453 1304 1521 virga
1334 1449 1652 1519 iniquitates
1683 1459 1875 1502 eorum
1904 1484 1918 1498 .

2341 1456 2866 1530 6-1.,Ἑπισκέψομαι
2892 1457 2948 1507 ὲν
2982 1455 3162 1526 ῥάϐδῳ
3194 1453 3293 1517 τὰς
3327 1452 3557 1524 ἀνομίας
3588 1455 3794 1518 αὐτῶν,

659 1549 744 1604 65.
774 1548 837 1601 Et
866 1548 919 1600 in
953 1545 1271 1601 verberibus
1302 1553 1525 1613 peccata
1556 1556 1772 1596 eorum.

2342 1550 2428 1603 65.
2465 1551 2572 1602 Kal
2593 1550 2649 1601 ὲν
2676 1548 2892 1618 μάστιξι
2921 1547 3021 1610 τὰς
3050 1546 3267 1610 ἀδικίας
3297 1546 3473 1599 αὐτῶν

656 1640 743 1694 66.
781 1639 1211 1695 Misericordiam
1263 1645 1447 1691 autem
1491 1650 1669 1689 meam
1721 1650 1829 1690 non
1860 1633 2168 1705 dispergam

2342 1644 2430 1698 66.
2463 1643 2536 1695 Τὸ
2557 1643 2612 1696 δὲ
2641 1642 2789 1705 ἔλεός
2821 1659 2924 1713 μου
2952 1643 3012 1694 οὺ
3040 1641 3115 1711 μὴ
3153 1639 3494 1694 διασκεδάσω
3529 1639 3626 1693 ἀπ’
3663 1639 3863 1692 αὐτῶν·

584 1735 655 1792 ab
687 1735 786 1788 eis.
1410 1723 1421 1737 ⁸

656 1826 742 1879 67.
769 1822 955 1894 Neque
984 1821 1190 1876 nocebo
1224 1820 1275 1873 in
1307 1818 1536 1873 veritate
1563 1831 1702 1870 mea.
2195 1821 2239 1878 Β

2195 1821 2239 1878 Β
2337 1822 2425 1876 67.
2454 1822 2575 1875 Οὐδ’
2598 1822 2660 1875 οὐ
2699 1821 2774 1893 μὴ
2809 1821 3050 1892 ἀδικήσω
3076 1821 3134 1874 ὲν
3162 1824 3228 1892 τῇ
3253 1820 3481 1892 ἀληθείᾳ
3513 1839 3636 1891 μου.

658 1916 744 1969 68.
782 1914 965 1984 Neque
993 1911 1289 1984 profanaho
1313 1917 1697 1964 testamentum
1724 1921 1941 1962 meum:

2334 1916 2422 1970 68.
2447 1917 2567 1970 Οὐδ’
2601 1916 2661 1968 οὐ
2697 1917 2770 1987 μὴ
2803 1915 3097 1988 βεϐηλώσω
3118 1917 3216 1986 τὴν
3256 1916 3523 1987 διαθήκην
3561 1930 3683 1984 μου·

655 2006 743 2064 69.
782 2007 844 2061 Ει
871 2021 991 2077 qua:
1021 2004 1325 2074 procedunt
1349 2002 1415 2057 de
1444 2001 1606 2056 labiis
1633 1999 1794 2065 meis,
1825 2013 1934 2053 non
1968 1996 2165 2053 faciam

2336 2009 2421 2063 69.
2453 2009 2562 2062 Kal
2585 2008 2652 2061 τὰ
2685 2008 3097 2079 ἐκπορευόμενα
3125 2007 3214 2059 διὰ
3257 2006 3367 2059 τῶν
3399 2007 3628 2076 χειλέων
3676 2023 3780 2076 μου
3806 2005 3864 2058 οὐ

587 2101 760 2155 irrita.

2269 2101 2343 2172 μὴ
2379 2101 2651 2172 ἀθετήσω.

657 2195 742 2246 70.
781 2190 958 2246 Semel
1000 2188 1180 2260 jnravi
1209 2188 1263 2243 in
1297 2194 1486 2243 sancto
1532 2199 1679 2251 meo,
1723 2185 1768 2242 si
1805 2183 1970 2240 David
2017 2200 2171 2239 men-

2339 2192 2423 2246 70.
2458 2190 2642 2257 Ἀπαξ
2701 2190 2890 2261 ὤμοσα
2935 2193 2994 2244 ὲν
3041 2188 3120 2261 τῷ
3149 2189 3289 2261 ἁγίῳ
3321 2207 3447 2261 μου,
3496 2190 3546 2241 εί
3592 2188 3674 2259 τῷ
3701 2190 3864 2242 Δαειδ

586 2288 730 2341 tiar?
1425 2268 1429 2274 ’

1425 2268 1429 2274 ’
2268 2284 2539 2355 ψεύσομαι
2565 2302 2578 2349 ;

658 2379 744 2433 71.
777 2379 973 2432 Semen
999 2377 1121 2445 ejus
1148 2375 1204 2429 in
1229 2381 1494 2429 attentum
1531 2370 1772 2426 manebit
1802 2370 2032 2443 [manet]
2058 2389 2070 2424 :

2344 2378 2432 2431 71.
2462 2377 2535 2430 Τὸ
2559 2376 2778 2448 σπέρμα
2803 2377 2966 2430 αὑτοῦ
2999 2379 3078 2440 εἰς
3110 2377 3200 2429 τὸν
3231 2377 3402 2431 αἰῶνα
3435 2379 3588 2448 μενεῖ
3621 2376 3830 2448 [μένει]
3851 2395 3863 2408 ·

659 2473 747 2525 7’2.
787 2473 852 2525 Et
882 2471 1112 2524 thronus
1135 2467 1253 2536 ejus
1292 2467 1435 2522 sicut
1469 2467 1551 2522 sol
1588 2467 1640 2519 in
1682 2473 1978 2534 conspectu
2017 2480 2159 2520 meo.

2346 2470 2433 2523 7‘2.
2460 2471 2569 2524 Kal
2591 2471 2620 2521 ὁ
2643 2470 2831 2542 θρόνος
2871 2469 3031 2524 αὑτοῦ
3060 2470 3135 2532 ὼς
3175 2471 3204 2521 ὁ
3235 2471 3384 2539 ἥλιος
3423 2471 3670 2524 ἐναντίον
3706 2487 3825 2538 μου.

661 2565 747 2618 75.
782 2563 846 2618 Ει
879 2563 1016 2617 sicut
1048 2562 1174 2614 luna
1200 2559 1436 2629 perfecta
1470 2558 1523 2611 in
1558 2566 1864 2612 aeternum:

2342 2563 2430 2616 75.
2459 2564 2568 2616 Kal
2597 2564 2671 2626 ῶς
2700 2566 2731 2634 ή
2756 2564 2948 2635 σελήνη
2979 2565 3388 2636 κατηρτισμένη
3423 2567 3502 2628 είς
3544 2565 3634 2617 τὸν
3671 2565 3862 2617 αἰῶνα·

1180 2651 1521 2720 Diapsalma.

2881 2651 3197 2722 Διάψαλμα

661 2751 747 2806 ’1.1.
780 2749 845 2804 Et
876 2748 1030 2803 testis
1056 2747 1109 2799 in
1146 2744 1284 2798 uelo
1316 2742 1512 2798 ﬁdelis.

2341 2743 2428 2800 74.
2456 2747 2566 2800 Kal
2598 2747 2625 2800 6
2657 2745 2863 2817 μάρτυς
2889 2747 2944 2798 ὲν
2969 2747 3183 2817 οὐρανῷ
3210 2748 3411 2811 πιστός.

1719 2873 2092 2940 ATHANASH
2133 2875 2717 2935 INTERPRETATIO.

659 2995 746 3049 56.
777 2993 1169 3050 indesinenter.

2341 2995 2429 3050 56.
2477 2997 2868 3053 Ἀδιάλειπτον.

658 3089 750 3144 57.
780 3087 844 3143 Et
876 3091 1160 3158 passiones
1197 3085 1382 3140 ﬁdeles
1409 3081 1536 3152 ipsi.

2343 3088 2431 3143 57.
2461 3090 2570 3142 Kal
2604 3089 2673 3142 τὰ
2706 3090 3006 3160 παθήματα
3033 3092 3109 3160 (1)
3139 3091 3306 3145 πιστά
3343 3092 3511 3161 αὐτῷ.

659 3182 750 3238 58.
783 3180 959 3252 Opera
981 3181 1208 3251 justitiae
1235 3180 1375 3251 ejus.

2341 3178 2428 3232 58.
2460 3179 2540 3232 Ta
2561 3180 2695 3251 ἔργα
2719 3181 2817 3250 τῆς
2843 3180 3185 3251 δικαιοσύνης
3219 3182 3402 3238 αὐτοῦ.

661 3276 750 3331 59.
790 3276 854 3331 Ει
887 3291 1112 3347 regnum
1149 3276 1320 3346 ipsius
1351 3274 1775 3329 interminabile.

2339 3271 2428 3326 59.
2464 3273 2574 3325 Kal
2599 3272 2695 3344 τήν
2731 3273 3010 3342 βασιλείαν
3032 3274 3197 3328 αὑτοῦ
3228 3274 3605 3345 ἀτελεύτητον.

661 3368 748 3424 60.
778 3367 835 3423 1η
863 3368 1324 3439 concupiscentiis
1353 3367 1604 3422 cordium
1630 3381 1820 3422 eorum
1849 3375 2166 3435 sequentur.

2337 3365 2424 3420 60.
2475 3367 2561 3418 Ἐν
2588 3370 2710 3430 cal“:
2757 3367 3074 3438 ἐπιθυμίαις
3111 3367 3220 3422 τῶν
3273 3370 3512 3440 καρδιῶν
3558 3371 3744 3424 αὐτῶν
3790 3374 3871 3441 ἐξ·

2193 3447 2236 3504 C
2268 3457 2626 3528 ακολουθήσου
2635 3477 2704 3513 σι.

665 3549 752 3604 61.
783 3549 847 3602 Et
876 3548 1166 3604 declinabit
1193 3563 1291 3604 cor
1319 3562 1510 3603 eorum
1547 3563 1602 3602 in
1631 3547 1948 3601 vanitatem.

2343 3550 2432 3604 61.
2468 3552 2576 3603 Kal
2599 3551 2822 3623 ὲκκλίνῃ
2846 3553 2878 3623 ἡ
2906 3552 3104 3624 καρδία
3133 3551 3312 3607 αὐτῶν
3353 3555 3433 3617 είς
3468 3556 3830 3626 ματαιότητα.

665 3643 753 3696 62.
783 3644 838 3697 ln
867 3644 1311 3713 intemperantias
1334 3651 1744 3698 convertentur.

1731 3681 1744 3696 .
2345 3640 2432 3694 62.
2483 3642 2568 3693 Ἑν
2591 3641 2901 3709 ἀσελγείαις
2929 3644 3323 3714 τραπήσονται.

668 3737 757 3790 65.
786 3736 850 3789 Ει
873 3737 1096 3790 omnino
1127 3752 1156 3787 a
1183 3749 1269 3788 me
1299 3735 1604 3788 discedent.

2343 3737 2430 3791 65.
2463 3738 2571 3791 Kal
2605 3737 3305 3810 παντελῶςρποστήσουσιν
3340 3739 3416 3811 (2)
3441 3739 3534 3792 ἀπ’
3564 3741 3722 3810 ἐμοῦ.

665 3827 754 3880 64.
785 3826 959 3891 Quem
984 3826 1128 3879 enim
1153 3825 1339 3894 diligo,
1374 3825 1592 3894 corrigo
1617 3833 1670 3877 et
1701 3825 1931 3894 castigo.

2345 3830 2432 3884 64.
2469 3833 2563 3883 Ὃν
2593 3830 2701 3902 γὰρ
2721 3831 2946 3898 ἀγαπῶ,
2988 3832 3197 3902 ἐλέγχω
3223 3834 3314 3885 καὶ
3351 3832 3610 3887 παιδεύω.

666 3921 754 3974 65.
791 3921 1029 3991 Flagello
1063 3929 1243 3975 autem
1293 3921 1346 3973 in
1391 3919 1703 3973 inﬁrmitate
1729 3928 1782 3973 et
1808 3918 2174 3983 tribulatione,

2349 3924 2435 3976 65.
2471 3925 2732 3986 Μαστίζω
2776 3925 2832 3976 δὲ
2892 3925 2949 3975 ὲν
3004 3925 3286 3995 ἀρρωστία
3323 3926 3416 3978 καὶ
3464 3925 3664 3994 θλίψει,
3694 3927 3871 3981 πάντα

601 4026 815 4065 omnem
852 4011 1026 4064 ﬁlium
1061 4021 1387 4079 exspectans
1419 4013 1483 4066 ad
1521 4013 1925 4082 penitentiam.

1700 4013 1925 4067 entiam.
2279 4016 2390 4066 υἱὸν
2422 4017 2500 4078 εἰς
2528 4015 2813 4085 μετάνοιαν
2843 4013 3294 4093 ἀπεκδεχόμενος.

677 4105 758 4160 66.
794 4105 1078 4177 Castigans
1109 4115 1289 4160 autem
1317 4121 1412 4160 eos
1438 4122 1544 4160 non
1577 4108 1738 4160 morti
1767 4109 1999 4162 tradam.

2352 4109 2438 4162 66.
2483 4108 2758 4162 Παιδεύων
2791 4109 2847 4161 δὲ
2877 4110 3071 4171 αὐτοὺς
3092 4109 3151 4162 οὐ
3179 4109 3253 4180 μὴ
3289 4109 3598 4164 θανατώσω.

675 4200 760 4252 67.
792 4197 978 4269 Neque
1020 4200 1308 4270 projieiam
1344 4215 1438 4255 eos
1461 4209 1838 4255 convertentes
1876 4217 1933 4254 se
1959 4201 2009 4254 in
2043 4216 2180 4270 pra:-

2352 4199 2440 4254 67.
2487 4198 2619 4251 Οὐδὲ
2662 4199 2735 4268 μή
2779 4198 2854 4267 (5)
2887 4197 3176 4268 ἀπορρίψω
3205 4197 3403 4261 αὐτοὺς
3441 4201 3872 4270 ἐπιστρέφοντας

607 4292 782 4361 ceptis
810 4293 968 4346 meis.

2281 4294 2338 4344 ἐν
2361 4295 2469 4355 τοῖς
2493 4291 2874 4364 προστάγμασί
2908 4309 3028 4361 μου.

673 4385 763 4440 68.
799 4384 986 4456 Neque
1013 4384 1238 4440 omnino
1272 4387 1803 4443 exterminabuntur.

2351 4385 2439 4438 68.
2469 4384 2603 4438 Οὐδὲ
2647 4385 2721 4454 μὴ
2753 4383 2970 4446 τελείως
3005 4384 3084 4446 είς
3123 4385 3432 4456 ἀφανισμον
3453 4390 3669 4440 ἔσονται
3699 4388 3793 4458 (ιι).

673 4478 760 4533 69.
794 4477 861 4531 Ει
893 4493 1014 4548 quae
1041 4479 1303 4548 promitto
1325 4494 1431 4532 non
1465 4479 1723 4536 destituo.

2352 4477 2437 4531 69.
2499 4477 2608 4529 Kal
2665 4475 2808 4546 ἆπερ
2861 4476 3282 4547 ἐπαγγείλομαι,
3334 4479 3395 4530 οὐ
3453 4479 3527 4550 μὴ
3581 4481 3871 4533 παοεκλεί-

2287 4589 2371 4623 πω
2398 4570 2494 4640 (5).

677 4658 762 4714 70.
827 4659 1008 4715 Semel
1057 4660 1313 4716 constitui
1363 4661 1416 4714 in
1448 4661 1558 4715 ﬁlio
1622 4677 1745 4716 meo
1802 4661 2012 4728 David,
2071 4679 2178 4717 non

2355 4663 2442 4717 70.
2468 4661 2651 4725 ’Ἀπαξ
2701 4661 2874 4732 ὥρισα
2920 4661 2980 4714 ὲν
3021 4658 3100 4734 τῷ
3151 4662 3256 4734 υἱῷ
3294 4680 3392 4734 μου
3427 4663 3504 4732 τῷ
3565 4665 3751 4728 Δασὶδ,
3816 4668 3874 4721 οὐ

604 4754 857 4809 mentiar.

2206 4812 2253 4828 η
2283 4757 2569 4828 ψεύσομαι.

680 4848 764 4901 71.
801 4845 1007 4900 Sancti.
2206 4812 2256 4866 Β

2206 4812 2256 4866 υ
2299 4812 2309 4828 ’
2355 4812 2532 4904 τι.ὀι
2561 4850 2704 4919 ἅγιοι
2741 4848 2836 4919 (6).

677 4941 766 4994 72.
802 4939 1048 5010 Regnum
1079 4939 1322 5010 ipsorum
1350 4939 1645 5010 ell‘ulgebit.

2359 4943 2446 4995 72.
2492 4943 2554 4994 'll
2589 4942 2830 5012 βασιλεία
2853 4941 3032 4996 αὐτῶν
3057 4942 3133 5013 (7)
3157 4943 3439 5014 ὲκλάμψει.

675 5034 763 5087 75.
801 5032 1064 5087 Similiter
1095 5049 1320 5101 regnum
1350 5034 1516 5102 ipsius
1547 5032 1832 5085 fundatum
1861 5040 1965 5084 est.

2363 5035 2450 5089 75.
2484 5033 2932 5104 Τεθεμελιωμένη
2966 5033 3166 5104 ὁμοίως
3201 5036 3232 5106 ή
3265 5035 3506 5105 βασιλεία
3529 5035 3713 5095 αὑτοῦ.

677 5126 765 5180 74.
797 5124 912 5179 Hoc
947 5125 1144 5180 dicitur
1185 5127 1250 5179 de
1276 5125 1454 5188 Patre,
1494 5136 1546 5179 et
1587 5125 1653 5179 de
1687 5124 1846 5189 Filio,
1880 5132 1931 5178 et
1965 5123 2027 5177 de
2061 5122 2184 5191 Spi-

2361 5126 2447 5178 74.
2477 5127 2702 5192 Λέγεται
2763 5124 2920 5178 τοῦτο
2971 5125 3062 5177 ἐπὶ
3103 5127 3180 5196 (8)
3229 5127 3322 5180 τοῦ
3357 5129 3587 5198 Πατρδς,
3638 5130 3732 5181 καί
3786 5133 3873 5183 τοῦ

608 5219 714 5272 ritu
764 5227 992 5272 sancto:
1029 5219 1094 5273 de
1147 5218 1306 5274 Patre
1362 5219 1619 5289 quidem,
1670 5219 1926 5290 quoniam
1975 5233 2005 5272 e
2045 5219 2182 5270 coelo

2295 5217 2447 5278 Υίοῦ,
2473 5219 2564 5270 καὶ
2592 5217 2684 5269 τοῦ
2719 5219 2871 5284 ἀγίου
2907 5218 3241 5287 Πνεύματος’
3267 5219 3359 5270 ἐπὶ
3391 5220 3488 5289 μὲν
3517 5220 3610 5272 τοῦ
3639 5223 3873 5293 Πατρὸς,

609 5311 778 5365 dixit:
813 5309 912 5363 Hic
948 5321 1022 5364 est
1055 5311 1228 5366 Filius
1256 5330 1396 5367 meus
1426 5314 1716 5369 dilectus":
1745 5315 1809 5367 de
1843 5313 1979 5368 Filio
2003 5320 2183 5364 autem

2293 5309 2478 5378 ἐπειδὴ
2539 5309 2647 5362 ἀπὸ
2695 5309 2802 5361 τῶν
2855 5309 3101 5379 οὐρανῶν
3145 5304 3317 5362 εἶπεν·
3381 5307 3570 5378 Οὗτός
3625 5313 3798 5368 ἐστιν
3845 5317 3875 5366 ό

691 5407 713 5440 1

739 5406 930 5462 Matth.
956 5425 1112 5478 ,xvu,
1144 5409 1198 5463 5.
1565 5480 1875 5543 Addenda
1919 5484 1979 5542 et
2014 5477 2392 5554 corrigenda
2424 5494 2503 5537 ex
2538 5475 2675 5535 cod.
2713 5475 2915 5536 Vane.

789 5579 1096 5650 Παθήματά
1126 5601 1244 5652 μου.
2371 5578 2445 5652 (5)
2476 5576 2935 5652 ζΕπαγγὲλλομ-αι.
2979 5579 3038 5631 οὐ
3070 5598 3141 5649 μη
3172 5581 3510 5652 παραλείπω.

682 5648 760 5714 (ἓ)
794 5648 961 5703 Παντῖ
987 5648 1314 5711 ἀποπτῶσιν.
2372 5650 2447 5716 (6)
2475 5649 2756 5698 Τουτέστιν
2785 5650 2831 5697 οἱ
2863 5648 3021 5714 ἅγιοι.

683 5721 760 5795 (εξ)
793 5721 912 5795 926‘
941 5725 1000 5773 oc
1025 5727 1097 5795 μή
2375 5721 2451 5795 (7,)
2487 5717 2676 5795 assos-

684 5787 758 5862 (4)
796 5787 1097 5849 Ἔστωσαν.
2368 5792 2443 5860 (8)
2487 5787 2653 5841 Τοῦτο
2680 5792 2771 5842 xal
2800 5789 2914 5856 ἐπὶ,
2952 5800 3051 5842 etc.
