4036 6468
193 392 336 447 1033
1001 394 1090 450 DE
1134 395 1408 451 'I'ITULIS
1447 397 1896 452 PSALMORUM.
1936 429 2003 438 —-
2043 398 2241 454 PSAL.
2282 400 2612 457 LXXXVIII.
3301 412 3438 469 1064

261 511 350 563 75.
379 511 448 563 Συ
481 511 536 562 δὲ
568 509 770 564 ἀπώσω
798 513 892 564 καὶ
914 512 1303 579 ’ὲξουδένωσας,
1792 524 1840 576 Α

1792 524 1840 576 Α
1937 517 2024 572 75.
2059 516 2140 572 Tu
2169 532 2299 572 vero
2328 519 2572 588 repulisti
2604 529 2656 574 et
2688 519 3007 591 despexisti,

261 601 351 652 76.
398 599 679 652 Ἀνεϐαλου
709 600 800 653 τὸν
837 602 1071 672 Χριστόν
1111 621 1203 654 σου
1225 644 1238 666 ,

1947 606 2031 660 76.
2066 605 2333 662 Distulisti
2365 605 2644 662 Christum
2674 617 2849 672 tuum.

254 690 347 744 77.
383 690 766 762 Κατέστρεψας
786 691 884 762 τὴν
913 693 1175 764 διαθήκην
1200 694 1292 746 τοῦ
1323 693 1508 746 δούλου
1546 708 1658 746 σου·

1460 710 1508 746 au
1546 708 1658 746 σου·
1947 698 2032 750 77.
2067 697 2318 753 Evertisti
2355 708 2736 755 testamentum
2764 703 2904 756 servi
2939 704 3013 756 tui
3043 723 3054 756 :

258 785 349 838 78.
393 785 766 852 Ἐϐεϐήλωσας
794 788 873 848 είς
917 788 1014 856 τὴν
1045 788 1147 857 γῆν
1180 789 1239 840 τὸ
1272 788 1516 858 ἁγίασμα
1544 788 1728 841 αὑτοῦ.

1606 788 1728 841 ιτθῦ.
1947 787 2033 842 78.
2071 788 2376 845 Profanasti
2412 792 2464 845 in
2497 801 2641 847 terra
2670 794 3039 848 sanctuarium
3065 798 3200 864 ejus.

257 876 346 930 79.
379 877 639 939 Καθεῖλες
670 877 875 941 πάντας
906 879 1030 942 τοὺς
1057 881 1340 950 φραγμοὺς
1370 881 1554 933 αὑτοῦ·

1375 881 1554 933 αὑτοῦ·
1947 880 2033 935 79.
2063 880 2388 938 Destruxisti
2424 899 2615 938 omnes
2637 901 2792 956 sepes
2819 887 2934 956 ejus
2960 905 2969 940 :

252 969 345 1022 80.
379 969 537 1022 Ἔθου
561 970 626 1022 τὰ
658 969 989 1040 ὀχυρώματα
1030 972 1191 1024 αὑτοῦ
1225 972 1449 1027 δειλίαν.

1941 973 2030 1028 80.
2065 974 2302 1031 Posuisti
2326 977 2728 1033 ﬁrmamentum
2762 980 2882 1049 ejus
2913 979 3275 1035 formidinem.

255 1060 346 1113 81.
372 1062 674 1131 Διήρπαζον
697 1063 855 1113 αὑτὸν
885 1063 1082 1126 πάντες
1106 1065 1154 1116 οἱ
1177 1064 1504 1127 διοδεύοντες
1533 1065 1650 1117 ὀδόν
1668 1064 1766 1132 (α)’

1943 1064 2032 1118 8-1.
2063 1065 2410 1137 Diripucrunt
2437 1083 2560 1122 eum
2594 1084 2786 1126 omnes
2818 1078 3162 1126 transeuntes
3196 1073 3364 1126 viam:

257 1152 348 1205 8'2.
395 1152 650 1223 Ἐγενήθη
682 1152 878 1216 ὄνειδος
903 1157 1014 1217 τοῖς
1043 1155 1274 1222 γείτοσιν
1301 1156 1486 1210 αὐτοῦ.

1943 1157 2032 1211 82.
2062 1157 2262 1214 Factus
2291 1170 2373 1215 est
2403 1162 2752 1230 opprobrium
2784 1162 2980 1218 vicinis
3005 1166 3138 1219 suis.

257 1243 347 1295 85.
385 1243 644 1312 ’Ύψωσας
673 1244 771 1313 τὴν
801 1243 976 1308 δεξιὰν
997 1246 1104 1300 τῶν
1128 1247 1417 1302 θλιϐόντων
1445 1249 1625 1301 αὐτόν’

1942 1249 2031 1304 85.
2067 1248 2327 1306 Exaltasti
2363 1251 2637 1307 dexteram
2663 1254 3081 1323 deprimentium
3101 1273 3258 1311 eum:

262 1331 352 1384 8i.
380 1331 671 1402 Εὖφρανας
695 1333 902 1395 πάντας
929 1336 1054 1397 τοὺς
1085 1336 1310 1407 ἐχθροὺς
1340 1336 1526 1389 αὐτοῦ.

1451 1336 1526 1388 οὗ.
1944 1339 2032 1394 84.
2066 1339 2375 1396 Laetiﬁcasti
2407 1359 2600 1398 omnes
2624 1343 2874 1400 inimicos
2906 1346 3045 1414 ejus.

259 1423 348 1476 85.
415 1424 785 1494 Ἀπέστρεψας
852 1424 951 1494 τὴν
1013 1425 1263 1497 βοήθειαν
1328 1428 1427 1497 τῆς
1496 1428 1769 1498 ῥομφαίας

1496 1428 1769 1498 ῥομφαίας
1940 1432 2030 1487 85.
2068 1433 2323 1488 Avertisti
2356 1435 2681 1504 adjutorium
2710 1436 2871 1506 gladii
2899 1438 3017 1507 ejus
3046 1455 3061 1492 :

180 1531 353 1566 αυτου
375 1532 388 1544 ⁹

257 1605 345 1659 86.
373 1607 480 1660 Kal
508 1608 606 1660 οὐκ
628 1608 922 1662 ἁντελὰὁου
950 1610 1115 1664 αὑτοῦ
1161 1613 1217 1663 ἐν
1249 1611 1326 1681 τῷ
1361 1612 1600 1682 πολέμῳ.

1418 1612 1600 1682 λλέμῳ.
1942 1611 2029 1665 86.
2064 1611 2129 1665 Ει
2155 1629 2262 1667 non
2284 1629 2342 1668 es
2365 1615 2658 1670 auxiliatus
2689 1615 2737 1668 ei
2771 1615 2823 1669 in
2850 1615 3012 1671 bello.

255 1697 347 1752 87.
381 1700 697 1763 Κατέλυσας
749 1702 857 1755 ἀπὸ
903 1703 1244 1775 καθαρισμοῦ
1279 1703 1444 1756 αὐτοῦ
1473 1721 1484 1733 ο

1473 1721 1484 1733 ·
1939 1705 2029 1760 87.
2063 1704 2386 1760 Destruxisti
2419 1707 2486 1759 ab
2512 1708 2896 1763 emnndatione
2921 1725 3016 1764 sua
3042 1730 3054 1764 :

255 1788 346 1843 88.
379 1791 480 1843 Τὸν
512 1791 698 1863 θρόνον
733 1795 894 1847 αὑτοῦ
924 1798 1002 1858 είς
1025 1796 1123 1866 τὴν
1154 1796 1258 1866 γῆν
1289 1797 1656 1867 κατὲρῤαξας.

1443 1797 1656 1867 ὕραξας.
1941 1796 2029 1850 88.
2064 1798 2129 1851 Et
2158 1800 2336 1852 sedem
2370 1799 2489 1867 ejus
2522 1800 2574 1853 in
2603 1809 2743 1853 terra
2773 1802 3037 1858 collisisti.

254 1887 343 1941 89.
388 1888 752 1959 Ἐσμίκρυνας
781 1890 879 1953 τὰς
910 1892 1122 1964 ἡμέρας
1165 1891 1254 1944 τοῦ
1291 1892 1480 1962 χρόνου
1526 1891 1722 1944 αὑτοῦ·
1799 1872 1838 1926 Β

1357 1892 1480 1945 όνου
1526 1891 1688 1944 αὑτοῦ
1712 1909 1722 1918 ·
1799 1872 1838 1926 Β
1939 1891 2028 1944 89.
2054 1889 2334 1946 Minorasti
2363 1893 2479 1947 dies
2509 1894 2770 1962 temporis
2795 1895 2914 1963 ejus
2941 1915 2951 1948 :

254 1978 344 2033 90.
379 1979 659 2050 Κατὲχεας
690 1981 854 2035 αὑτοῦ
888 1981 1080 2053 [αὐτῷ]
1122 1984 1405 2055 αἰσχύνην.

1269 1984 1405 2055 Βνην.
1935 1983 2022 2037 90.
2049 1982 2342 2039 Perfudisti
2367 2001 2491 2038 eum
2524 1987 2863 2040 confusione.

821 2073 1155 2144 Διάψαλμα.

2503 2076 2829 2146 Diupsalnm.

254 2158 344 2214 9I.
376 2162 521 2226 Ἕως
545 2164 694 2224 πότε,
729 2166 920 2237 Κύριε,
960 2168 1276 2240 ἀποστρέφῃ
1310 2169 1388 2230 είς
1417 2169 1602 2231 τέλοςς

1938 2167 2026 2222 91.
2064 2166 2376 2238 υεαυοίιυο,
2406 2168 2654 2232 Domine,
2684 2172 2882 2226 avertis
2919 2173 2970 2225 in
3007 2172 3204 2226 linem?

257 2253 348 2308 92.
392 2256 822 2328 Ἐκκαυθήσεται
859 2259 933 2320 ὡς
967 2258 1078 2329 πῦρ
1107 2261 1138 2329 ἡ
1164 2261 1299 2330 ὀργή
1333 2277 1463 2326 σου;

1419 2279 1463 2326 ›;
1936 2262 2025 2315 92.
2057 2260 2386 2316 Exardescet
2416 2261 2557 2316 sicut
2589 2263 2730 2331 ignis
2764 2263 2841 2316 ira
2879 2266 3013 2318 tua?

252 2347 343 2400 95°
371 2349 656 2419 Μνήσθητι
689 2352 774 2412 τίς
810 2367 910 2420 μου
948 2353 979 2421 ἡ
1006 2353 1302 2416 ὑπόστασις
1325 2371 1338 2382 ·

1947 2352 2036 2406 93.
2074 2350 2373 2407 Memorare
2403 2367 2522 2419 qua:
2559 2367 2675 2405 mea
2709 2355 3009 2408 substantia
3037 2374 3048 2408 :

255 2485 329 2554 (α)
364 2486 425 2538 Οί
457 2489 956 2559 παραπορευόμενοι
993 2491 1090 2560 τὴν
1130 2491 1268 2544 ὀδόν.
1304 2490 1374 2542 At
1403 2489 1455 2543 in
1481 2505 1676 2558 marg.,
1706 2489 1756 2542 oi
1792 2487 2115 2551 διοδεύοντες
2143 2488 2281 2541 ὀδόν.

1337 2605 1709 2661 ATHANASII
1748 2605 2324 2661 INTEBPRETATIO.

183 2718 322 2784 Υιός
344 2737 464 2788 μου
518 2723 820 2790 ἀγαπητός
847 2725 945 2795 (1)·
990 2729 1118 2797 περὶ
1164 2729 1219 2781 δὲ
1250 2729 1343 2781 τοῦ
1381 2729 1532 2794 Υἱοῦ,
1583 2730 1768 2800 ἐπειδὴ

1871 2730 1996 2798 quia
2070 2745 2266 2800 passus
2329 2740 2413 2784 est
2483 2731 2536 2785 in
2601 2737 2779 2796 terra;
2855 2731 2924 2784 de
2995 2733 3436 2788 sancto'autom

175 2809 447 2862 πέπονθεν
475 2812 566 2864 ἐπὶ
607 2814 701 2883 τῆς
735 2816 854 2886 γῆς·
886 2817 1013 2888 περὶ
1043 2818 1098 2870 δὲ
1133 2820 1225 2870 τοῦ
1247 2820 1400 2888 ἁγίου
1432 2819 1768 2890 Πνεύματος,

1872 2821 2111 2891 Spiritu,
2168 2821 2294 2891 quia
2358 2822 2728 2876 testimonium
2798 2823 3072 2893 perhibuit
3143 2825 3209 2880 de
3277 2824 3433 2885 Filio.

175 2901 368 2971 ἐπειδὴ
391 2902 739 2975 ἐμαρτύρησε
768 2906 895 2978 περὶ
958 2906 1052 2960 τοῦ
1098 2908 1249 2970 Υίοῦ,
1280 2909 1458 2973 καθὼς
1506 2912 1533 2962 ὁ
1568 2910 1769 2981 Κύριος

1870 2910 2325 2980 quemadmodum
2376 2909 2641 2965 Dominus
2671 2914 2807 2966 dixit
2835 2932 2846 2966 :
2876 2913 3004 2967 Cum
3046 2927 3218 2970 autem
3247 2933 3435 2970 cenem

173 2986 364 3044 εἶπεν·
398 2993 583 3047 ’Ὅταν
624 2995 690 3048 δὲ
714 2997 862 3065 ἔλθῃ
921 3001 952 3050 o'
985 2999 1376 3067 IIapa'xJntoq
1412 3002 1476 3054 τὸ
1527 3001 1767 3071 Πνεῦμα

1870 3003 2186 3057 Paracletus
2212 3001 2444 3073 Spiritus
2475 3006 2735 3070 veritatis,
2765 3005 2852 3059 ille
2885 3008 3237 3061 testimonium
3263 3011 3436 3078 per/ii-

176 3082 289 3150 τῆς
313 3084 616 3152 ἀληθείας,
647 3089 875 3154 ἐκεῖνος
899 3091 1264 3160 μαρτυρήσει
1301 3094 1431 3159 περὶ
1457 3094 1622 3162 ἐμοῦ.
1795 3133 1836 3189 C
1871 3097 2005 3150 bebit
2036 3098 2101 3150 de
2134 3115 2212 3151 me
2236 3098 2278 3154 ⁸.

247 3172 336 3224 75.
391 3175 461 3226 ΣΞ)
496 3175 571 3236 δὲ,
621 3178 647 3228 ὁ
700 3176 828 3240 λαδς
887 3178 992 3231 τῶν
1064 3181 1350 3243 Ἰουδαίων,
1405 3182 1631 3245 ἀπώσω,
1671 3185 1763 3236 καὶ
1797 3172 1836 3189 ν

1942 3189 2027 3244 75.
2063 3189 2141 3244 Tu
2188 3200 2390 3255 autem,
2442 3193 2642 3260 popule
2697 3192 3030 3260 Judeeorum,
3064 3197 3329 3266 repulisti,
3379 3207 3435 3252 et

174 3264 538 3330 ἒξουδένωσας
558 3269 648 3320 τὸν
678 3270 804 3321 Υίὸν
827 3271 920 3323 τοῦ
955 3272 1088 3324 Θεοῦ
1123 3274 1212 3326 τὸν
1243 3274 1466 3343 βασιλέα
1505 3293 1617 3327 σου.

1323 3275 1466 3328 σιλὲα
1505 3293 1617 3327 σου.
1866 3278 2156 3349 despexisti
2187 3281 2380 3336 Filium
2406 3283 2498 3337 Dei
2533 3300 2712 3354 regem
2741 3295 2917 3339 tuum.

244 3353 334 3406 76.
361 3355 463 3407 Τὸν
488 3357 717 3427 Χριστὸν
750 3360 935 3427 ἓτερον
972 3364 1098 3432 παρ’
1118 3364 1278 3416 αὑτὸν
1306 3365 1758 3434 ἀπεκδεχόμενος.

1695 3384 1758 3428 νς.
1940 3370 2024 3426 76.
2056 3371 2232 3426 Alium
2258 3372 2536 3429 Christum
2571 3385 2766 3444 przuer
2790 3390 2914 3430 eum
2951 3388 3289 3446 exspectans.

247 3445 336 3500 77.
370 3447 476 3500 Τοῦ
508 3449 635 3502 λαοῦ
663 3453 771 3503 τῶν
820 3453 1105 3506 Ἰουδαίων.

1013 3473 1105 3506 ων.
1934 3463 2019 3518 77.
2054 3462 2243 3535 Populi
2272 3466 2601 3522 Iudaeorum.

247 3535 334 3588 78.
387 3539 626 3604 ’Λῳείλου
662 3541 736 3609 (9.)
792 3543 890 3612 τὴν
919 3543 1076 3613 χάριν
1109 3563 1201 3597 σου
1227 3546 1334 3599 ἀπὸ
1360 3545 1450 3598 τοῦ
1479 3549 1756 3615 ἀγίὰσμα-

1940 3555 2025 3609 78.
2055 3557 2340 3614 Ahstulisti
2372 3562 2600 3627 gratiam
2636 3570 2780 3615 tuam
2814 3580 2841 3617 a
2874 3567 3185 3619 sanctuario
3219 3580 3429 3623 eorum.

171 3642 264 3689 τος
292 3646 470 3680 αυτων
479 3670 490 3680 .

243 3719 335 3773 79.
375 3720 602 3786 Ἐλαδες
631 3723 725 3794 τὴν
762 3724 1009 3796 βοήθειάν
1040 3746 1127 3781 σου
1163 3731 1255 3781 ἀπ’
1283 3731 1488 3784 αὐτῶν.

1935 3734 2022 3789 79.
2057 3736 2339 3792 Abstulisti
2368 3738 2697 3807 adjutorium
2722 3750 2873 3796 tuum
2900 3744 2968 3798 ab
2994 3746 3142 3815 ipsis.

243 3811 333 3865 80.
360 3813 432 3864 Τὸ
456 3812 652 3884 θράσος
685 3817 862 3870 αὐτῶν
886 3819 962 3888 (5)
990 3822 1281 3890 μετέϐαλες
1315 3827 1394 3887 εἰς
1425 3823 1646 3879 δειλίαν.

1935 3827 2025 3882 80.
2053 3828 2348 3885 Audaciam
2393 3847 2581 3886 eorum
2623 3837 2934 3892 eonvertisti
2985 3839 3037 3892 in
3066 3838 3427 3900 formidinem.

243 3902 332 3956 81.
382 3906 839 3975 ᾙχμαλώτευσαν
873 3913 1068 3977 αὐτοὺς
1092 3916 1159 3966 τὰ
1185 3917 1333 3988 ἔθνη.

1966 3920 2018 3974 1.
2050 3920 2104 3972 1η
2145 3921 2513 3989 captivitatem
2542 3923 2884 3980 abduxerunt
2913 3943 3008 3983 eos
3044 3938 3250 4001 gentes.

242 3991 330 4046 82.
367 3994 458 4057 Εἰς
497 3996 740 4049 δουλείαν
767 4002 1022 4069 γεγόνασι
1052 4008 1164 4067 τοῖς
1199 4007 1375 4060 ἔθνεσι

1471 4011 1510 4079 ).
1932 4009 2019 4065 82.
2055 4010 2112 4064 In
2134 4013 2446 4067 servitutem
2475 4013 2602 4069 facti
2629 4027 2757 4070 sunt
2793 3991 3065 4089 gentibus:

242 4085 333 4139 83.
360 4089 863 4162 Κατακυριεύεσθαι
897 4095 1090 4159 αὐτοὺς
1117 4098 1501 4170 συνεχώρησας
1525 4102 1628 4155 ὑπὸ
1651 4104 1759 4155 τῶν

1930 4102 2017 4158 85.
2053 4103 2352 4159 Permisisti
2392 4114 2451 4158 ut
2489 4107 2740 4164 homines
2769 4085 2824 4165 in
2869 4125 2964 4168 eos
2993 4113 3423 4173 dominarentur.

168 4177 268 4231 ἀνθ
279 4178 504 4251 ρώπων.

241 4271 329 4326 84.
365 4275 567 4339 Εἷασας
593 4279 791 4343 αὐτοὺς
826 4281 1147 4351 σαλευθῆναι
1179 4283 1255 4352 (5)
1289 4285 1381 4339 ὑπ’
1405 4285 1607 4340 αὐτῶν.

1239 4284 1255 4352 )
1289 4285 1381 4339 ὑπ’
1405 4285 1607 4340 αὐτῶν.
1929 4281 2017 4337 84.
2051 4282 2236 4338 Sivisti
2265 4300 2358 4340 eos
2388 4287 2456 4341 ab
2488 4288 2616 4357 ipsis
2637 4289 2828 4360 jactari

239 4363 330 4418 85.
372 4366 674 4440 ’Aviqupm
698 4373 1003 4441 γεγόνασιν.

977 4392 1003 4428 ι,
1930 4372 2020 4427 85.
2045 4371 2247 4427 Inﬁrmi
2275 4373 2402 4430 facti
2425 4388 2571 4431 sunt.

240 4454 330 4508 86.
361 4456 623 4526 Πρόνοιαν
657 4461 832 4514 αὐτῶν
867 4464 965 4516 οὐκ
995 4463 1073 4516 ἔτι
1100 4466 1340 4538 ἐποιήσω
1783 4477 1829 4531 D

1783 4477 1829 4531 ι)
1928 4462 2018 4517 86.
2054 4461 2172 4518 Non
2203 4467 2436 4536 amplius
2469 4485 2654 4524 curam
2679 4471 2745 4527 de
2768 4474 2873 4529 illis
2899 4479 3131 4546 gessisti.

239 4546 330 4601 87.
358 4549 468 4618 Τὴν
506 4554 804 4624 περιτομὴν
842 4555 1050 4609 ἑαυτῶν
1077 4558 1368 4627 κατέλεγεν
1401 4560 1501 4630 (7).

1931 4551 2021 4606 87.
2053 4551 2256 4607 Eorum
2285 4556 2754 4617 circumcisionem
2781 4567 3103 4634 reprobasti.

238 4638 326 4694 88.
357 4641 466 4711 Τὴν
491 4642 646 4707 δόξαν
668 4645 845 4699 αὐτῶν
871 4648 963 4700 καὶ
984 4650 1082 4720 τὴν
1107 4651 1489 4721 ὑπερηφανίαν
1515 4655 1597 4717 είς
1622 4673 1752 4709 σπο-

1927 4644 2018 4701 88.
2047 4644 2285 4702 Gloriam
2313 4664 2504 4705 eorum
2531 4663 2584 4706 et
2613 4658 2922 4726 superbiam
2951 4661 3003 4715 in
3029 4663 3304 4732 pulverem
3330 4667 3422 4723 de-

167 4731 256 4785 δδν
282 4734 616 4804 κατήγαγες.
1852 4737 2074 4795 duxisti.

236 4822 325 4878 89.
360 4825 472 4893 Τῆς
509 4826 726 4880 αἰωνίου
761 4830 904 4900 ζωῆς
927 4833 1326 4905 ἐστερήθησαν.

1227 4852 1326 4888 ταν.
1921 4830 2010 4887 89.
2045 4831 2272 4890 λΕιοτηα
2304 4836 2416 4891 vi...
2449 4839 2647 4906 privati
2676 4849 2821 4895 sunt.

237 4913 325 4970 90.
353 4918 463 4970 Καὶ
485 4920 541 4971 ὲν
571 4919 649 4989 τῷ
672 4921 785 4983 νῦν,
821 4924 913 4976 καὶ
939 4927 996 4978 ὲν
1025 4926 1102 4997 τῷ
1133 4928 1377 4997 μέλλοντι
1419 4931 1596 4984 αἰῶνι.

1503 4931 1596 4984 rm,
1923 4923 2012 4979 90.
2040 4926 2108 4982 Et
2133 4927 2187 4982 in
2224 4931 2475 4998 praesenti
2507 4940 2560 4987 et
2586 4931 2639 4986 in
2672 4932 2855 4989 futuro
2883 4938 3097 4994 saeculo.

234 5007 325 5061 91.
369 5009 428 5060 Ὀ
461 5013 742 5084 προφήτης
765 5015 941 5069 δέεται
974 5018 1115 5090 ὑπὲρ
1159 5020 1341 5073 αὐτῶν
1370 5038 1381 5049 ·
1419 5024 1521 5075 Διὰ
1561 5025 1615 5076 τί
1651 5041 1743 5076 τε-

1923 5017 2011 5072 91.
2040 5017 2312 5092 Propheta
2346 5039 2445 5094 pro
2479 5025 2610 5094 ipsis
2652 5026 3013 5095 deprecatur:
3045 5031 3219 5097 Quare
3239 5050 3418 5104 perpe-

164 5099 343 5164 λείως
366 5100 716 5172 ἀποστρέφῃ
739 5109 962 5174 αὐτούς
984 5125 1003 5170 ;

785 5109 962 5174 ὺτούς
984 5125 1003 5170 ;
1852 5122 1940 5165 tuo
1967 5117 2220 5168 averseris
2249 5118 2379 5170 eos?

238 5186 329 5240 92.
382 5189 498 5242 Ἐπ’
523 5190 718 5255 αὐτοὺς
752 5197 808 5247 ἐν
833 5199 897 5267 τῇ
924 5203 1198 5273 παρουσίᾳ
1225 5220 1320 5256 σου

1234 5220 1320 5256 σου
1921 5202 2009 5257 92.
2044 5202 2216 5275 Super
2244 5220 2338 5262 eos
2371 5207 2424 5260 in
2451 5207 2682 5263 adventu
2718 5218 2828 5264 tuo.

234 5275 324 5330 95.
356 5278 477 5331 Ὀτι
499 5282 569 5349 γῆ
595 5283 688 5334 καὶ
711 5287 903 5350 σποδός
931 5291 1064 5358 εἰμι.

1920 5295 2007 5348 93.
2044 5295 2198 5362 Quod
2229 5308 2373 5353 terra
2405 5309 2460 5355 et
2492 5301 2670 5370 pulvis
2694 5318 2833 5359 sum.

246 5391 268 5422 ⁸
296 5389 455 5446 Joan.
493 5411 580 5460 xv,
612 5395 704 5449 26.

1128 5499 1436 5562 Addenda
1470 5507 1530 5562 et
1566 5500 1945 5581 corrigenda
1973 5521 2051 5565 ex
2083 5507 2222 5566 cod.
2264 5507 2463 5570 Valic.

226 5583 307 5677 $.12
340 5585 407 5677 ἔρ
430 5587 728 5677 ἀιαπητάς-

1918 5605 1997 5674 (5)
2031 5606 2409 5677 Σκυλευθῆναι.

227 5653 846 5759 emes-
1919 5653 2269 5759 ζῐδδῑιέῐίξῐυῐ

355 5724 654 5816 Τξῆθαρσος
687 5731 868 5816 αὑτρῦ.
2025 5724 2529 5801 Ῑότῶνῖατέλυσαν

230 5792 310 5862 (4)
355 5792 604 5851 Ἐθνεσιν
641 5801 826 5856 αὐτοῦ.

485 5888 755 5955 Pauor“
783 5895 900 5957 Gn.
940 5897 1200 5959 XXVII.

3051 5903 3131 5968 33
