4036 6432
644 336 783 388 1055
1479 340 1534 393 S.
1577 339 1946 394 ATHANASH
1989 340 2137 395 OPP.
2181 341 2360 396 PARS
2403 343 2484 397 ill.
2524 373 2594 383 —
2633 347 3041 404 EXEGETICA.
3752 357 3887 412 1056

713 457 797 510 94.
835 456 1080 528 Nunquid
1107 463 1251 515 enim
1274 477 1405 516 vane
1448 462 1781 517 constituisti
1815 478 2002 518 omnes
2053 462 2200 518 ﬁlios
2237 469 2278 523 Α

2374 465 2461 519 91.
2497 468 2590 534 Μὴ
2627 469 2735 538 γὰρ
2780 471 3024 538 ματαίως
3062 472 3281 534 ἔκτισας
3320 475 3526 538 πάντας
3567 475 3697 538 τοὺς
3732 478 3888 540 υἱοὺς

645 548 969 602 hominum?

2310 561 2415 610 τῶν
2443 560 2539 612 ἁνΟ
2550 560 2742 629 ρώπων
2764 579 2777 626 ;

715 639 801 691 95.
833 638 962 702 Quis
1011 648 1091 692 est
1146 640 1307 694 homo
1348 643 1438 711 qui
1494 643 1675 707 vivet,
1727 653 1780 697 et
1841 658 1948 697 non
1999 643 2206 698 videbit

2378 651 2464 704 95.
2502 652 2597 714 Τίς
2630 655 2776 705 ἐστιν
2809 654 3113 726 ἄνθρωπος,
3148 655 3206 718 ὃς
3233 655 3477 725 ζήσεται,
3514 659 3608 711 καὶ
3637 658 3743 712 οὐκ
3767 658 3893 728 ὅψε-

644 729 908 781 mortem?

2306 757 2394 793 ται
2416 741 2641 794 θάνατον
2659 759 2671 806 ;

711 816 795 870 9G.
830 816 990 870 Eruet
1012 819 1242 872 animam
1275 835 1429 874 suam
1452 821 1518 874 de
1547 837 1707 874 manu
1741 819 1918 873 inferi.

2373 832 2461 887 96.
2504 832 2756 887 Ῥύσεται
2785 833 2886 905 τὴν
2911 836 3092 908 ψυχὴν
3115 838 3278 892 αὑτοῦ
3310 841 3373 891 ὲκ
3409 838 3588 908 χειρὸς
3612 838 3765 909 ᾆδον.

710 909 797 962 97.
835 907 931 961 L‘bi
987 920 1111 963 sunt
1163 911 1555 967 miser‘cordia}.
1612 921 1715 966 tuae
1770 911 2040 980 antiquae,
2097 908 2204 962 Do-

2105 908 2204 962 DO‘
2371 924 2456 977 97.
2497 922 2605 976 Ποῦ
2633 926 2732 976 εἰσι
2761 926 2829 977 τὰ
2865 926 2989 996 ὲλέη
3026 907 3116 980 σου
3146 928 3214 980 τὰ
3241 929 3463 998 ἀρχαῖα,
3491 907 3699 998 Κύριε,

641 1014 785 1050 nunc
805 1038 817 1060 ,

707 1090 796 1141 98.
829 1090 1185 1159 Quasjurasti
1214 1090 1380 1145 David
1414 1090 1467 1144 in
1497 1090 1722 1144 veritate
1755 1091 1883 1144 tua?

2367 1103 2452 1156 98.
2495 1106 2561 1157 Ἀ
2589 1103 2807 1175 ὤμοσας
2833 1107 2911 1176 τῷ
2934 1108 3096 1162 Δαὸὶδ
3140 1110 3197 1162 ἐν
3230 1112 3295 1180 τῇ
3334 1109 3562 1179 ἀληθεία
3593 1125 3690 1161 σου
3715 1123 3729 1172 ;

711 1177 796 1231 99.
832 1179 1036 1234 Memor
1089 1191 1206 1236 esto
1231 1221 1246 1245 ,
1296 1179 1545 1246 Domine,
1581 1179 1863 1249 opprobrii
1919 1192 2200 1232 servorum

2373 1191 2455 1247 99.
2485 1194 2789 1264 Μνήσθητι,
2831 1197 3004 1266 Κύριε
3031 1236 3046 1261 ,
3079 1197 3172 1251 τοῦ
3205 1197 3505 1265 ὀνειδισμοῦ
3534 1197 3644 1250 τῶν
3675 1196 3885 1249 δούλων

639 1278 875 1335 tuorum,
2302 1303 2418 1351 σου,

710 1362 828 1414 100.
861 1361 1014 1426 Quod
1042 1364 1284 1418 continui
1321 1365 1376 1418 in
1421 1364 1544 1419 sinu
1578 1376 1699 1416 meo
1741 1360 2032 1415 multarum
2067 1375 2200 1431 gen-

2371 1378 2488 1432 100.
2518 1373 2591 1434 Οῦ
2614 1380 2852 1451 ὑπέσχου
2884 1380 3165 1454 [ὑπέσχον]
3195 1383 3252 1435 ἐν
3283 1381 3360 1450 τῷ
3399 1380 3584 1449 κόλπῳ
3611 1397 3715 1449 μου
3749 1378 3883 1431 πολ-

637 1460 791 1504 tium.

2299 1469 2405 1524 λῶν
2439 1470 2625 1525 ἐθνῶν.

707 1542 826 1593 101.
867 1539 1020 1604 Quod
1061 1540 1522 1609 exprobraveruut
1571 1541 1776 1595 inimici
1817 1541 1913 1605 tui,
1946 1539 2194 1603 Domine,

1992 1540 2194 1634 Mli"?!
2371 1560 2490 1614 101.
2527 1555 2600 1613 Οῦ
2627 1561 2906 1616 ὠνείδισαν
2939 1567 2985 1616 οἱ
3009 1564 3189 1634 ἐχθροί
3223 1582 3336 1629 σου,
3375 1564 3549 1633 Κύριε
3571 1606 3583 1629 ,

713 1632 834 1685 10:2.
863 1631 1017 1696 Quod
1044 1633 1506 1699 exprobraverunt
1531 1633 2010 1688 commutationem
2038 1631 2198 1685 Chri-

2370 1648 2490 1701 102.
2523 1645 2597 1703 Ob
2622 1651 2902 1706 ὠνείδισαν
2928 1654 2992 1706 τὸ
3007 1631 3354 1726 ἀνταλλαγμα
3375 1631 3731 1724 τοῦήΧριστοῦ
3764 1669 3876 1705 σου.

636 1735 699 1777 Sll
738 1736 835 1776 ιυι.

707 1817 822 1868 105.
854 1815 1173 1870 Benedictus
1201 1815 1462 1869 Dominus
1493 1815 1547 1870 in
1578 1826 1844 1870 aeternum
1873 1833 1886 1870 :
1921 1815 2031 1878 tiat,
2077 1815 2189 1866 liat.
2225 1814 2266 1868 Β

2365 1801 2486 1855 105.
2522 1803 2820 1874 Εὐλογητὸς
2849 1805 3051 1874 Κύριος
3075 1807 3153 1870 εἰς
3179 1805 3270 1858 τὸν
3291 1804 3479 1858 αἰῶνα.
3514 1805 3754 1864 Γένοιτο,
3774 1803 3866 1871 γέ-

2303 1909 2462 1946 νοιτο.

724 1988 908 2042 Oratio
947 1989 1115 2058 Moysi
1147 1990 1373 2044 hominis
1398 1989 1518 2045 Dei.
1561 1988 1764 2048 PSAL.
1804 1987 2120 2043 LXXXIX.

2405 1984 2722 2055 Προσευχὴ
2759 1985 2982 2053 Μωῦσῇ
3012 1986 3324 2054 ἀνθρώπου
3358 1986 3432 2056 (a)
3455 1987 3560 2042 τοῦ
3595 1985 3750 2042 Θεοῦ

2888 2059 3118 2111 ΨΑΛΜ.
3149 2059 3280 2110 119'.

703 2157 750 2192 ι.
785 2137 1035 2205 Domine,
1075 2141 1338 2213 refugium
1382 2142 1557 2215 factus
1592 2157 1649 2199 es
1688 2141 1841 2198 nobis
1869 2143 1924 2196 in
1964 2157 2192 2213 genera-

2371 2151 2421 2205 1.
2454 2152 2644 2225 Κύριε,
2672 2151 2962 2222 καταφυγὴ
3016 2152 3280 2224 ἐγενήθης
3312 2153 3444 2222 ἡμῖν
3481 2151 3539 2207 ὲν
3574 2155 3741 2207 νενεᾶ
3781 2153 3873 2205 καὶ

627 2229 774 2284 tione
807 2241 858 2284 et
889 2235 1250 2301 generatione.

889 2235 1250 2301 generatione.
2298 2245 2478 2313 γενεᾷ.

699 2362 772 2433 (α)
820 2365 1112 2431 ’Λνθοώπῳ
1144 2367 1197 2419 in
1231 2366 1315 2421 ed.

1742 2482 2114 2538 ATHANASII
2155 2475 2742 2537 lNTERPRETATlO.

697 2634 784 2687 94.
832 2633 1084 2705 Nunquid
1117 2635 1289 2692 fecisti
1323 2637 1591 2704 homines,
1620 2647 1677 2692 ut
1717 2637 2018 2708 perderes?

2366 2637 2453 2692 94.
2489 2636 2580 2708 Μὴ
2612 2634 2720 2705 γὰρ
2747 2636 2838 2688 ἐπὶ
2868 2636 2927 2689 τὸ
2972 2637 3234 2690 ἀπολέσαι
3263 2639 3569 2708 πεποίηκας
3608 2641 3742 2703 τοὺς
3783 2643 3873 2695 ἁν-

2299 2727 2546 2799 θρώπους
2572 2745 2586 2792 ;

687 2821 773 2883 95,
799 2820 887 2872 96.
932 2820 1064 2884 Quis
1101 2820 1378 2874 hominum
1428 2829 1602 2890 potest
1643 2821 1844 2888 vivere,
1884 2830 1938 2874 et
1969 2835 2076 2874 non
2111 2821 2195 2874 vi-

2367 2819 2455 2882 95,
2479 2819 2566 2872 96.
2600 2818 2692 2880 Τίς
2717 2818 2938 2871 δύναται
2969 2820 3076 2870 τῶν
3106 2817 3406 2888 ἀνθρώπων
3434 2819 3596 2889 ζῆσαι
3618 2859 3633 2883 ,
3674 2823 3772 2874 καὶ
3801 2825 3872 2893 μὴ

625 2913 750 2964 dere
802 2913 1074 2964 mortem?
1118 2911 1184 2965 Et
1233 2913 1277 2965 si
1327 2912 1522 2966 viderit
1566 2921 1816 2973 mortem,
1847 2913 1972 2979 quis
2017 2919 2194 2979 potest

2298 2913 2425 2966 ἰδεῖν
2453 2911 2714 2977 οἁνατον;
2747 2912 2854 2963 Καὶ
2881 2911 2976 2963 ἐὰν
3020 2911 3104 2983 ῐδῃ
3139 2910 3389 2976 Θάνατον,
3414 2910 3496 2974 τίς
3527 2913 3751 2966 δύναται
3779 2916 3873 2984 ῥύ-

624 3017 813 3055 eruere
842 3003 1079 3054 animam
1111 3016 1289 3064 suam,
1315 3001 1419 3054 nisi
1447 3011 1502 3054 tu
1534 3001 1703 3064 solus,
1727 3001 1819 3070 qui
1847 3009 2064 3068 propter
2096 3013 2194 3052 nos

2296 3004 2492 3058 σασθαι
2523 3005 2622 3075 τὴν
2645 3003 2834 3056 ἑαυτοῦ
2856 3004 3061 3076 ψυχὴν,
3095 3005 3142 3056 εἰ
3185 3003 3258 3074 μὴ
3306 3003 3369 3055 σὺ
3417 3003 3494 3072 (1)
3529 3005 3689 3074 μόνος
3739 3009 3768 3058 ὁ
3809 3007 3874 3058 δι’

627 3092 786 3143 homo
811 3089 986 3144 factus
1009 3093 1110 3143 es?
1139 3087 1347 3143 Etenim
1379 3104 1485 3142 non
1513 3089 1687 3143 solum
1719 3104 1776 3144 se
1804 3088 1978 3158 ipsum
2015 3090 2195 3142 susci-

2291 3099 2438 3167 ἡμᾶς
2466 3097 2755 3166 γενόμενος
2777 3094 3092 3165 ἄνθρωποςς
3119 3095 3192 3146 Οὐ
3219 3095 3378 3164 μόνον
3403 3096 3512 3164 γὰρ
3563 3097 3756 3150 ἑαυτὸν
3789 3101 3876 3150 ἁν-

629 3184 778 3244 εςιιίῐ,
821 3181 916 3236 sed
952 3182 1116 3234 multa
1169 3198 1390 3252 corpora
1444 3191 1788 3248 sanctorum,
1833 3183 1920 3251 qui
1973 3180 2198 3233 dormie-

2293 3186 2539 3254 έστησεν,
2553 3185 2686 3238 ἀλλὰ
2703 3184 2799 3238 καὶ
2816 3185 3016 3239 πολλὰ
3031 3184 3271 3252 σώματα
3293 3183 3410 3239 τῶν
3425 3188 3875 3256 κεκοιμημέιων

627 3286 746 3327 rant
773 3277 811 3329 ’.

2293 3276 2478 3345 ἁγίων
2511 3275 2769 3344 ἤγειρεν.

691 3365 780 3426 97,
805 3363 891 3417 98.
928 3365 1028 3419 Ubi
1071 3373 1197 3418 sunt
1242 3360 1663 3426 misericordiae,
1711 3373 1850 3430 quas
1896 3356 2196 3428 promisisti

2365 3367 2452 3431 97,
2488 3365 2576 3420 98.
2615 3365 2724 3418 Ποῦ
2755 3366 2914 3430 εἰσιν,
2937 3365 2973 3419 ἂ
2999 3365 3308 3435 ὲπηγγείλω
3329 3366 3406 3436 τῷ
3432 3366 3544 3438 Υίῷ
3573 3385 3670 3422 σου
3699 3375 3873 3424 ποιεῖν

624 3456 761 3510 Filio
792 3465 883 3509 tuo
912 3455 1088 3509 facere
1111 3469 1271 3524 super
1297 3468 1487 3508 omnes
1511 3453 1534 3506 ἳ

1218 3469 1271 3508 er
1297 3453 1534 3508 omnes?
2218 3446 2260 3502 C
2292 3459 2384 3510 ἐπὶ
2417 3459 2622 3520 πάντας
2655 3457 2812 3528 ὲ).έη;

697 3548 782 3610 99,
820 3546 937 3600 100.
969 3544 1295 3611 Recordare,
1331 3543 1579 3608 Domine,
1604 3541 1748 3612 quod
1775 3538 2081 3611 opprobriis
2109 3535 2188 3592 af-

2356 3551 2444 3615 99,
2477 3550 2597 3605 100.
2625 3549 2902 3622 Μνήσθητι
2931 3589 2945 3613 ,
2979 3548 3148 3619 Κύριε
3171 3589 3186 3613 ,
3222 3550 3304 3602 ὅτι
3358 3549 3725 3621 ὀνειδιζόμεθα
3769 3554 3875 3607 ὑπὸ

626 3641 838 3694 ﬁcimur
866 3641 934 3694 ab
965 3637 1290 3693 adversariis
1322 3636 1682 3706 poteSIatibus
1711 3634 2051 3689 dicentibus:
2087 3631 2187 3686 Ubi

2288 3643 2394 3696 τῶν
2427 3643 2684 3694 ἐναντίων
2716 3641 2997 3709 δυνάμεων
3031 3639 3324 3706 λεγόντων’
3346 3641 3455 3693 Ποῦ
3483 3643 3617 3694 εἰσιν
3635 3642 3671 3696 ἃ.
3700 3647 3872 3715 ἐπηγ-

625 3742 768 3795 sunt,
808 3748 927 3799 quze
955 3729 1202 3798 promisit
1226 3726 1368 3781 Deus
1395 3727 1679 3781 ostendere
1709 3728 1858 3796 genti
1887 3723 2054 3778 David
2077 3726 2099 3778 ‘.'

2077 3726 2099 3778 ‘!
2284 3735 2498 3803 γείλατο
2518 3735 2545 3785 ὁ
2572 3733 2702 3794 Θεὸς
2727 3729 3034 3783 δείκνυσθαι
3065 3728 3206 3782 ἔθνει
3235 3730 3329 3783 τοῦ
3359 3731 3522 3784 Δαϐίδ
3548 3732 3624 3802 (2)
3653 3751 3668 3797 ;

696 3823 815 3875 101.
841 3821 1030 3874 Judmi.

2359 3827 2481 3881 101.
2516 3828 2578 3879 οι
2621 3825 2858 3880 Ἰουδαῖοι

697 3916 817 3968 102.
843 3913 1069 3979 Quando
1114 3911 1400 3966 conviciati
1447 3919 1574 3964 sunt
1618 3910 1896 3975 Filiotuo,
1927 3912 2016 3981 qui
2042 3911 2188 3965 dedit

2368 3919 2487 3973 102.
2517 3921 2643 3973 Ὅτε
2676 3919 2956 3973 ὼνείδισαν
3009 3921 3099 3974 τὸν
3151 3921 3276 3975 Υίόν
3316 3938 3408 3973 σου
3452 3922 3543 3974 τὸν
3601 3921 3870 3977 δεδωκότα

627 4022 681 4059 se
713 4006 887 4074 ipsum
935 4005 1415 4058 commutationem
1458 4017 1556 4072 pro
1587 4003 1788 4072 populo
1820 4015 1930 4068 tuo,
1966 4004 2059 4074 qui
2088 4019 2187 4058 un-

2293 4010 2483 4066 έαντὸν
2507 4008 2776 4077 ἀντάλλαγ
2787 4027 2858 4062 αα
2875 4011 3014 4081 ὑπὲρ
3031 4010 3122 4064 τοῦ
3144 4010 3272 4065 λαοῦ
3299 4027 3391 4065 σου
3408 4011 3501 4064 τοῦ
3527 4012 3866 4083 χρισθέντος.

626 4107 742 4148 titus
776 4104 878 4151 cst.

704 4189 815 4240 105.
849 4190 1040 4254 Amen,
1074 4203 1251 4243 amen.

2367 4186 2487 4239 105.
2528 4184 2718 4255 Ἀμὴν,
2758 4186 2924 4255 ἀμήν.

706 4303 767 4351 'll
809 4303 1137 4372 προκειμένη
1166 4300 1440 4373 ἐπιγραφὴ
1468 4298 1706 4370 περιέχει
1727 4313 1750 4341 ο.
1772 4298 2097 4367 Προσευχὴ
2122 4297 2201 4362 τῷ
2221 4299 2464 4352 Μωῡσεῖ
2483 4297 2800 4366 ἀνθρώπου
2842 4298 2916 4368 (4)
2943 4298 3050 4351 τοῦ
3078 4298 3244 4352 Θεοῦ.
3276 4298 3420 4368 Αῦτη
3455 4294 3546 4351 οῦν
3598 4301 3871 4370 ἑρμηνεία

626 4396 875 4466 ὑπάρχει.
910 4397 1166 4465 Μωϋσῆς
1195 4397 1499 4464 ἀνάληψις
1524 4393 1902 4466 ἑρμηνεύεται.
1935 4394 2049 4456 Πᾶς
2080 4389 2170 4446 οῦν
2199 4394 2483 4464 ἄνθρωπος
2511 4393 2604 4446 τοῦ
2643 4393 2778 4446 Θεοῦ
2809 4394 3166 4464 προσεύχεται
3196 4395 3286 4446 τὸν
3331 4396 3691 4465 προκείμενον
3725 4397 3838 4466 dra}.

629 4492 725 4557 μὸν
753 4494 815 4558 τῇ
839 4491 1120 4560 ἀναλήψει,
1150 4491 1393 4544 τουτέστι
1432 4490 1509 4560 τῷ
1559 4487 1670 4557 Υἱῷ
1719 4487 1813 4538 τοῦ
1857 4487 2012 4540 Θεοῦ.
2043 4489 2114 4540 Οὐ
2151 4489 2259 4558 γὰρ
2293 4485 2431 4552 εἷπε,
2466 4487 2776 4556 προσευχὴ
2831 4487 3126 4553 Μωῢσέως
3157 4488 3258 4558 (ὅ).
3316 4488 3448 4541 ἀλλὰ
3498 4487 3575 4552 τῷ
3631 4494 3878 4545 Μωῦσέῖ

625 4586 818 4637 ὡσανεὶ
846 4587 909 4654 τῇ
939 4586 1196 4656 ἀναλήψει
1219 4585 1507 4657 [τουτέστι]
1533 4583 1607 4653 τῷ
1640 4582 1747 4651 Υἰῷ
1769 4582 1860 4633 τοῦ
1884 4581 2039 4645 Θεοῦ,
2073 4578 2252 4643 καθὼς
2292 4581 2367 4652 (6)
2405 4583 2767 4653 προείπαμεν,
2791 4583 2871 4635 ὅτι
2892 4581 3118 4644 ἕκαστος
3151 4581 3259 4633 τῶν
3281 4581 3372 4634 τοῦ
3405 4580 3538 4634 Θεοῦ
3561 4581 3871 4652 ἀνθριυπων

625 4675 792 4737 οὓτως
820 4678 1196 4746 προσεύχεται,
1232 4677 1410 4738 καθὼς
1436 4679 1463 4730 ὁ
1505 4677 1716 4746 eam;
1744 4676 2009 4745 περιέχει.

696 4790 905 4845 Titulus
938 4795 1260 4862 praepositus
1283 4795 1560 4848 continet:
1594 4791 1780 4847 Oratio
1810 4791 1981 4860 Moysi
2009 4790 2232 4842 hominis
2261 4789 2382 4845 Dei.
2417 4790 2542 4844 Haec
2596 4791 2756 4857 igitur
2799 4790 3172 4860 interpretatio
3210 4799 3308 4844 est.
3345 4788 3548 4858 Moym
3574 4803 3868 4859 assurnpto

626 4890 1031 4954 interpretatur.
1064 4889 1253 4944 Omnis
1279 4891 1440 4959 igitur
1466 4890 1628 4941 homo
1659 4887 1749 4941 Dei
1779 4897 1900 4940 orat
1935 4889 2238 4955 appositum
2273 4886 2540 4955 psalmum
2593 4887 2978 4955 assumptioni,
3007 4888 3107 4939 hoc
3140 4894 3221 4939 est
3259 4883 3395 4936 Filio
3423 4881 3539 4936 Dei.
3573 4883 3692 4937 Non
3722 4887 3866 4938 enim

624 4982 780 5043 dixit,
809 4980 978 5030 oratio
1002 4977 1225 5049 Moysis,
1255 4981 1346 5032 sed
1384 4979 1577 5049 Moysi,
1608 4977 1830 5046 perinde
1859 4992 1922 5030 ac
1951 4979 1997 5028 si
2026 4976 2259 5030 dixisset
2288 4978 2669 5045 assumptioni,
2704 4980 2804 5031 hoc
2824 4987 2907 5031 est
2927 4977 3062 5030 Filio
3094 4975 3206 5041 Dei,
3244 4976 3383 5029 sicut
3414 4985 3572 5028 antea
3603 4976 3864 5040 diximus,

623 5077 768 5142 quod
803 5075 1178 5144 unusquisque
1208 5077 1367 5128 homo
1401 5073 1489 5128 Dei
1520 5075 1588 5126 ita
1619 5083 1738 5126 orat
1774 5072 2231 5142 quemadmodum
2271 5076 2517 5142 psalmus
2545 5075 2808 5127 continet;

693 5171 740 5218 1.
781 5169 860 5220 Ab
891 5169 1042 5232 Abel,
1068 5176 1120 5220 et
1158 5169 1210 5220 in
1241 5168 1466 5236 singulis
1500 5166 1958 5237 generationibus.

2354 5165 2402 5218 1.
2455 5167 2586 5218 Ἀπὸ
2616 5165 2801 5229 Ἅϐελ,
2835 5167 2928 5218 καὶ
2962 5165 3039 5234 (7)
3064 5163 3183 5217 καθ’
3215 5164 3448 5230 ἑκάστην
3481 5158 3695 5229 γενεάν.

693 5284 710 5313 ⁹
743 5279 927 5332 Matth.
967 5296 1136 5342 xxvu,
1168 5280 1254 5333 52.

1579 5373 1885 5434 Addenda
1915 5379 1975 5433 et
2004 5374 2378 5453 corrigenda
2432 5390 2508 5433 ex
2547 5372 2687 5433 cod.
2720 5374 2921 5435 Vatic.

697 5517 770 5582 (1)
805 5517 862 5567 Εἰ
904 5520 974 5586 μὴ
1019 5520 1176 5586 μόνος
1211 5517 1295 5576 σύ.
1330 5529 1433 5572 etc.
2217 5522 2291 5576 Di

1398 5535 1433 5571 :.
2217 5522 2261 5576 D
2289 5517 2532 5572 Μωῢσεῖ
2549 5517 2855 5584 ἀνθρώπῳ,
2891 5525 2992 5572 etc.

696 5587 770 5654 (2)
813 5589 1248 5641 ’Λναοείκνυσοαι
1277 5588 1403 5658 ἔθνη
1424 5588 1515 5640 τοῦ
1541 5588 1675 5641 θεοῦ
1704 5606 1717 5650 ;
2367 5589 2441 5655 (5)
2475 5588 2578 5639 Τοῦ
2612 5589 2908 5649 Μωῦσέως.

695 5659 768 5720 (5)
799 5658 951 5710 Deest
981 5662 1030 5709 οἱ
1085 5658 1362 5712 Ἰουδαῖοι.
1392 5655 1401 5658 ’
2366 5660 2441 5723 (6)
2481 5658 2764 5727 Ἀναλήψει
2787 5675 2836 5713 τ.
2881 5658 2944 5712 Υ.
2979 5675 3027 5710 τ.
3055 5657 3114 5711 Θ.
3142 5655 3301 5716 καθά,
3330 5664 3434 5709 etc.

695 5727 768 5798 (4)
811 5730 979 5780 ’1Ιόιᾶ
1017 5730 1112 5800 τῆς
1146 5730 1508 5803 κινναϐάρεως
1537 5731 1811 5802 περιέχειν
1866 5729 2182 5798 Προσευχή
2367 5729 2443 5798 (7)
2477 5730 2584 5780 Καί
2619 5731 2780 5781 deest.
