4036 6476
198 407 334 461 1057
1072 405 1160 459 DE
1200 403 1474 458 TITULIS
1511 402 1962 460 PSALMORUM.
1989 435 2056 445 —-
2080 403 2274 459 PSAL.
2321 404 2606 458 LXXXIX.
3318 409 3453 465 1058

269 522 323 576 2.
354 523 467 592 Πρὸ
487 521 580 574 τοῦ
607 521 706 592 ὅρη
733 520 1046 592 γενηθῆναι,
1074 521 1170 574 καὶ⁸
1193 520 1496 592 πλασθῆναι
1523 520 1620 593 τὴν
1647 522 1772 592 γῆν,
1803 536 1844 594 Α

1951 521 2005 576 2.
2039 519 2364 592 Priusquam
2394 531 2605 577 montes
2630 522 2838 587 ﬁerent,
2867 529 2921 574 et
2953 520 3278 576 formaretur
3311 530 3454 580 terra

189 613 288 666 καὶ
324 613 425 684 τὴν
454 612 805 684 οἰκουμένην,

539 612 805 684 ιουμένην,
1883 623 1935 670 et
1966 613 2133 676 orbis,

262 704 318 759 5.
349 706 458 758 Kal.
487 705 595 757 ἀπὸ
624 703 716 758 τοῦ
748 703 942 768 αἰῶνος
974 704 1069 758 κατ.
1103 705 1208 768 ἕως
1235 701 1330 757 τοῦ
1361 702 1556 766 αίῶνος
1586 704 1648 755 σὺ
1677 699 1746 756 εἴ.

1697 699 1746 756 ;ἴ.
1950 708 2002 762 5.
2044 706 2108 759 Ει
2139 722 2169 761 a
2200 707 2422 770 swculo,
2457 714 2511 760 et
2542 720 2716 776 usque
2744 705 2798 759 in
2825 704 3084 760 saecuium
3125 715 3180 760 tu
3213 720 3291 760 es.

261 793 318 846 4.
348 795 438 865 Μὴ
483 794 832 866 ἀποστρέψῃς
860 794 1147 865 ἄνθρωπον
1178 796 1258 857 είς
1286 793 1614 848 ταπείνωσιν
1634 810 1646 822 ·

1594 810 1646 847 ν·
1952 797 2002 852 4.
2040 795 2118 852 Ne
2151 807 2365 853 avertas
2393 799 2671 852 hominem
2706 797 2759 851 in
2791 796 3188 850 humilitatem:

266 885 318 939 5.
356 887 466 939 Kal.
496 881 655 950 εἴπας
678 902 692 915 ⁸
740 887 1156 958 Ἐπιστρέψατε,
1187 886 1292 939 υἱοὶ
1309 886 1416 939 τῶν
1447 885 1771 958 ἀνθρώπων.

1659 904 1771 940 των.
1950 891 2001 945 5.
2037 890 2100 943 Et
2124 890 2308 944 dixisti
2336 908 2348 943 :
2375 888 2788 953 Convertimini,
2823 888 2916 941 tilii
2950 888 3253 942 hominum.

275 977 327 1032 6.
361 978 483 1032 Ὅτι
506 978 651 1049 χίλια
683 978 776 1047 ἔτη
801 979 859 1032 ὲν
885 978 1179 1048 ὀφθαλμοῖς
1222 995 1340 1044 σου,
1380 979 1573 1049 Κύριε,
1605 979 1773 1048 ὡς(α)

1946 981 2000 1036 ϐ.
2035 980 2300 1048 Quoniam
2335 982 2482 1036 mille
2504 981 2630 1035 anni
2654 987 2779 1035 ante
2807 979 3000 1033 oculos
3032 987 3174 1043 tuos,
3201 977 3453 1036 Domine.

184 1069 398 1141 ἡμέρας
1876 1085 2133 1146 tanquam
2163 1077 2280 1132 dies
2313 1074 2602 1149 (tanquam
2631 1075 2685 1129 in
2717 1071 2924 1144 nocte),

258 1161 312 1214 7.
357 1162 422 1214 Ἦ
449 1159 623 1232 ἐχθὲς,
647 1161 768 1232 ἥτις
793 1160 998 1231 διῆλθε,
1033 1161 1128 1216 καὶ
1157 1160 1375 1233 φυλακὴ
1401 1165 1458 1216 ὲν
1488 1163 1664 1228 νυκτὶ,

1951 1167 2003 1222 7.
2037 1167 2163 1222 Dies
2193 1168 2470 1234 hesterna,
2505 1180 2626 1237 qua:
2660 1163 2955 1236 fpraateriit,
2990 1170 3048 1217 et
3091 1161 3345 1218 custodia
3395 1162 3449 1216 in

1877 1267 2062 1322 nocte,

259 1339 314 1394 8.
345 1339 426 1392 Τὰ
449 1339 858 1411 ὲξουδενώματα
891 1343 1071 1398 αὐτῶν
1097 1341 1191 1415 ἐτη
1226 1341 1464 1398 ἔσονται.

1943 1350 1997 1405 8.
2030 1349 2162 1415 Qum
2195 1363 2292 1418 pro
2326 1345 2497 1400 nihilo
2520 1343 2790 1400 habentur
2821 1360 3010 1401 eorum
3035 1344 3166 1402 anni
3194 1355 3374 1402 erunt.

259 1433 314 1487 9.
348 1432 422 1484 Τὸ
452 1433 594 1503 πρωὶ
624 1433 756 1486 ὡσεὶ
789 1434 919 1507 χλόη
952 1435 1246 1507 παρέλθοι⁹

1945 1444 1993 1499 9.
2029 1442 2184 1496 Mane
2206 1441 2349 1496 sicut
2374 1440 2541 1494 herba
2566 1446 2809 1495 transeat
2836 1457 2850 1493 :

260 1522 348 1576 10.
382 1524 455 1576 Τὸ
478 1525 624 1597 πρωὶ
649 1525 901 1596 ἀνθήσαι,
935 1528 1029 1581 καὶ
1069 1527 1361 1598 παρέλθοι·

1241 1527 1361 1581 θοι·
1948 1534 2029 1589 10.
2063 1534 2218 1590 Mane
2248 1532 2436 1588 ﬂoreat
2464 1541 2518 1586 et
2551 1539 2835 1586 transeat:

260 1613 349 1667 11.
382 1615 454 1666 Τὸ
476 1615 710 1688 ἑσπέρας
739 1617 1026 1683 ἀποπέσοι,
1051 1618 1435 1691 σκληρυνθείη,
1461 1621 1552 1674 καὶ
1570 1620 1770 1692 ξηραν-

1530 1620 1770 1692 ὶξηραν-
1942 1627 2029 1680 11.
2056 1625 2293 1695 Vespere
2314 1621 2546 1687 decidat,
2580 1620 2796 1676 induret
2816 1628 2870 1677 et
2890 1630 3124 1677 arescat.

184 1705 329 1780 θείη.

257 1797 348 1854 12.
384 1799 504 1852 Ὀτι
543 1798 861 1872 ὲξελίπομεν
890 1803 948 1855 ὲν
969 1805 1034 1874 τῇ
1068 1803 1203 1874 ὀργῇ
1239 1820 1330 1856 σου
1353 1819 1366 1833 ·

1313 1821 1330 1856 ›
1353 1819 1366 1833 ·
1943 1804 2028 1858 12.
2063 1803 2206 1869 Quia
2238 1799 2544 1856 defecimus
2571 1800 2628 1854 in
2667 1800 2746 1854 ira
2773 1808 2864 1854 tua
2896 1819 2907 1852 :

259 1889 347 1944 15.
382 1891 492 1944 Καὶ
525 1893 583 1944 ὲν
613 1891 690 1962 τῷ
717 1893 874 1963 θυμῷ
899 1911 992 1947 σου
1029 1895 1432 1966 ἐταράχθημεν.
1805 1907 1848 1964 Β

1419 1936 1432 1948 .
1805 1907 1848 1964 Β
1945 1897 2031 1949 15.
2075 1896 2139 1949 Et
2161 1895 2213 1950 in
2239 1892 2422 1948 furore
2446 1902 2539 1948 tuo
2565 1891 2766 1946 turbati
2798 1906 3010 1946 sumus.

256 1979 346 2034 14.
369 1982 532 2035 Ἔθου
548 1983 647 2046 τὰς
662 1985 889 2054 ἀνομίας
904 1985 1059 2056 ἡμῶν
1087 1987 1328 2042 ὲναντίον
1346 1986 1622 2061 [ἐνώπιόν]
1649 2005 1766 2043 σου·

1948 1988 2036 2042 14.
2067 1985 2306 2042 Posuisti
2333 1985 2644 2055 iniquitates
2673 1992 2891 2039 nostras
2921 1985 2978 2040 in
2999 1994 3292 2056 conspectu
3320 1993 3443 2042 tuo:

259 2074 349 2128 15.
397 2077 456 2129 '0
485 2076 618 2130 αἰὼν
638 2077 796 2147 ἡμῶν
816 2079 896 2140 εἰς
919 2078 1197 2149 φωτισμὸν
1223 2078 1317 2133 τοῦ
1337 2080 1628 2154 προσώπου
1648 2098 1765 2136 σου.

1980 2081 2035 2135 5.
2063 2077 2336 2139 Saeculum
2355 2094 2599 2141 nostrum
2626 2087 2680 2140 in
2705 2086 3104 2145 illuminatione
3128 2088 3311 2146 vultus
3341 2088 3445 2145 tui.

256 2279 334 2347 (α)
365 2277 519 2334 Vers.
565 2307 610 2334 ο.
650 2280 760 2343 Ὦς,
791 2290 922 2343 etc.,
955 2278 1130 2335 νυκτί.

1319 2481 1702 2538 ATHANASII
1743 2483 2328 2544 INTERPRETATIO.

258 2679 313 2745 2,
351 2680 402 2735 5.
428 2680 503 2751 (1)
538 2680 625 2744 Ὠς
649 2679 758 2754 γὰρ
777 2681 946 2746 ἀΐδιος
968 2682 1097 2746 Θεὸς
1120 2682 1337 2737 πάντων
1368 2685 1762 2758 προῦπάρχων,

1941 2688 1999 2755 2,
2027 2688 2078 2743 3.
2115 2687 2249 2743 Nam
2304 2689 2445 2745 sicut
2485 2689 2630 2747 Deus
2663 2700 2898 2748 aeternus
2931 2706 3056 2750 ante
3088 2709 3267 2751 omma
3301 2698 3446 2754 exsi-

177 2773 260 2837 ὡς
306 2773 527 2828 πάντων
561 2773 920 2845 Δημιουργὸς,
973 2773 1097 2827 οὔτε
1130 2775 1304 2846 ἀρχὴν
1333 2777 1556 2846 ἡμερῶν
1589 2776 1764 2846 ἔχετο,

1875 2783 2057 2837 stens,
2106 2783 2166 2828 ut
2210 2774 2454 2828 omnium
2496 2777 2745 2840 Creator,
2790 2793 2966 2846 neque
3013 2777 3203 2835 habuit
3231 2780 3443 2835 dierum

180 2864 312 2920 οὔτε
343 2867 491 2937 ζωῆς
523 2866 696 2929 τέλος.

1876 2865 2226 2937 principium,
2259 2881 2432 2935 neque
2473 2867 2691 2922 habebit
2722 2869 2844 2923 vitae
2874 2869 3057 2924 linem.

252 2957 307 3012 4.
339 2958 431 3030 Μὴ
456 2957 628 3023 οὕτως
658 2959 825 3034 ἐάσῃς
850 2960 997 3031 ἡμᾶς
1035 2961 1093 3012 έν
1116 2959 1414 3031 ἁμαρτίαις
1450 2961 1609 3026 ὄντας
1635 2963 1768 3016 ἀπο-

1945 2960 1999 3015 4.
2026 2957 2104 3013 Ne
2131 2959 2202 3013 ita
2235 2960 2385 3014 sinas
2416 2975 2514 3015 nos
2547 2961 2600 3015 in
2631 2964 2867 3032 peccatis
2894 2964 3222 3020 exsistentes
3249 2965 3439 3021 reverti

182 3052 418 3122 στρέψαι
456 3053 536 3115 είς
563 3055 688 3123 γῆν,
714 3052 774 3116 ἐξ
804 3047 871 3124 ἧς
901 3051 1239 3133 ἐλήφθημεν.

1796 3085 1838 3143 C
1875 3053 1927 3108 in
1959 3061 2178 3120 terram,
2204 3069 2270 3108 ex
2297 3070 2404 3124 qua
2429 3055 2632 3125 sumpti
2662 3070 2874 3110 sumus.

255 3143 310 3197 5.
347 3145 456 3198 Καὶ
507 3141 688 3210 εἶπαςο
729 3148 812 3200 Οὐ
854 3146 1160 3214 ,ϐούλομαι
1210 3147 1316 3201 τὸν
1361 3146 1620 3202 θάνατον
1665 3146 1771 3198 τοῦ
1812 3141 1824 3143 θ

1947 3145 1998 3200 5.
2031 3145 2097 3199 Et
2125 3146 2310 3200 disi5ti
2347 3165 2359 3201 :
2394 3145 2536 3201 Nolo
2563 3157 2781 3202 mortem
2811 3149 3122 3216 peccatoris,
3159 3149 3250 3204 sed
3275 3166 3442 3221 magis

179 3235 558 3306 ἀμαρτωλοῦ,
593 3239 674 3303 ὠς
705 3239 770 3291 τὸ
801 3237 1179 3308 ἐπιστρέψαι,
1211 3240 1309 3294 καὶ
1341 3238 1449 3308 ζῇν
1475 3237 1682 3292 αὐτόν.

1049 3247 1179 3308 war,
1211 3240 1309 3294 καὶ
1341 3238 1449 3308 ζῇν
1475 3237 1682 3292 αὐτόν.
1873 3245 1931 3289 ιιι
1964 3247 2299 3290 convertatur
2326 3247 2375 3291 et
2405 3239 2542 3292 vivat
2576 3240 2639 3294 ¹⁰.

255 3328 309 3384 ϐ.
352 3329 418 3383 Ἦ
441 3330 621 3401 ἡμέρα
647 3330 744 3402 τῆς
771 3331 1024 3401 κρίσεως.

797 3331 1024 3401 ιρίσεως.
1943 3329 1997 3384 6.
2031 3329 2156 3385 Dies
2174 3330 2391 3401 judicii,

255 3421 310 3476 7.
358 3423 446 3486 Ὠς
476 3424 508 3494 ὴ
541 3421 888 3495 παρελθοῦσα
929 3425 1133 3496 ἡμέρα,
1167 3423 1338 3489 οὕτως
1377 3425 1648 3495 διέρχεται
1675 3422 1770 3476 καὶ

1943 3423 1995 3478 7.
2036 3421 2188 3478 Sicut
2225 3423 2364 3487 dies,
2397 3439 2520 3494 quae
2574 3424 2853 3494 praeteriit,
2889 3424 2964 3480 ita
3007 3427 3202 3481 transit
3243 3436 3297 3482 et
3324 3427 3442 3483 dies

185 3515 222 3585 ἦ
258 3513 444 3586 ἡμέρα
473 3515 572 3586 τῆς
604 3515 865 3586 κρίσεωςο
908 3517 1001 3569 καὶ
1034 3515 1224 3588 ὥσπερ
1270 3519 1327 3569 ὲν
1376 3517 1531 3568 νυκτὶ
1561 3515 1638 3586 (2)
1671 3532 1771 3584 φυ-

1868 3514 2056 3585 judicii
2084 3532 2099 3568 :
2129 3523 2182 3568 et
2234 3515 2693 3584 quemadmodum
2740 3517 2794 3570 in
2840 3526 3000 3572 nocte
3037 3518 3284 3574 custodia
3336 3530 3439 3583 est.

181 3605 323 3675 λακή
358 3609 527 3668 ἐστιν,
554 3605 725 3669 οὕτως
754 3607 847 3660 καὶ
872 3606 1011 3676 μετὰ
1041 3606 1138 3678 τὴν
1166 3607 1378 3678 ἡμέραν
1404 3608 1504 3676 τῆς
1529 3606 1765 3677 κρίσεως

1873 3608 1945 3661 ita
1990 3617 2044 3662 et
2097 3616 2219 3677 post
2267 3608 2409 3662 diem
2459 3609 2649 3678 judicii
2683 3611 2950 3667 securitas
2982 3611 3107 3675 erit,
3132 3621 3186 3668 et
3231 3621 3443 3668 eterna

182 3696 455 3766 ἀσφάλεια
478 3696 683 3762 ἔσεται,
725 3698 937 3769 καὶτῆς
964 3697 1182 3752 αἰωνίου
1203 3698 1370 3769 ζωῆς,
1404 3697 1612 3767 καὶτῆς
1638 3699 1767 3751 αἰω-

1005 3697 1182 3752 ίωνίου
1203 3698 1370 3769 ζωῆς,
1404 3697 1612 3767 καὶτῆς
1638 3699 1767 3751 αῑω-
1870 3701 1993 3755 vitae
2021 3709 2074 3755 et
2099 3701 2289 3756 aeterni
2321 3701 2593 3771 supplicii.

182 3787 300 3842 νίου
339 3788 634 3854 κολάσεως.

255 3880 310 3937 8.
344 3882 411 3935 Ai
431 3881 678 3948 κολάσεις
696 3884 895 3950 αὐτῶν,
950 3886 1010 3939 ὲν
1070 3882 1159 3949 αἷς
1212 3884 1572 3958 ἀναρίθμητοι
1620 3885 1769 3939 ἔσον-

1943 3875 1996 3930 8.
2026 3872 2300 3946 Supplicia
2335 3890 2551 3938 eorum,
2585 3876 2639 3930 in
2664 3876 2866 3947 quibus
2897 3877 3016 3932 sine
3045 3878 3154 3932 ulla
3180 3879 3443 3949 temporis

182 3989 277 4027 ται
306 3973 409 4046 (δ).

1873 3983 2125 4024 mensura
2150 3969 2563 4038 permanebunt.

259 4065 313 4121 θ.
357 4068 423 4122 Ἦ
455 4068 719 4141 νηπιότης
749 4069 826 4133 ὡς
866 4070 993 4141 χλόη
1027 4073 1303 4145 παρέλθοι.

1942 4058 1995 4113 9.
2031 4059 2260 4114 Infantia
2293 4060 2433 4115 sicut
2471 4059 2639 4115 herba
2666 4067 2929 4114 transeat.

260 4158 349 4214 10.
386 4160 495 4214 Καὶ
536 4161 698 4216 πάλιν
728 4162 931 4228 εὐθέως
962 4165 996 4235 ὴ
1019 4165 1281 4237 νηπιότης
1301 4166 1525 4238 ἀνθήσει
1544 4167 1626 4229 είς
1651 4165 1766 4219 νεό-

1945 4149 2027 4203 10.
2059 4149 2125 4205 Et
2153 4166 2345 4206 rursus
2375 4151 2558 4205 statim
2589 4149 2955 4205 adulescentia
2981 4150 3253 4208 adolescet
3280 4153 3335 4208 in
3350 4152 3445 4224 ju-

182 4270 345 4325 τητα,
374 4253 469 4307 καὶ
499 4252 636 4326 αὐτὴ
660 4254 859 4326 ὁμοίως
900 4255 1310 4327 παρελεύσεται.

1870 4248 2168 4308 ventutem,
2200 4249 2255 4296 et.
2285 4241 2405 4311 ipsa
2431 4241 2684 4297 similiter
2712 4241 3084 4310 pertransibit.

259 4345 346 4402 11.
383 4348 551 4402 Ὅταν
577 4347 635 4402 δὲ
659 4349 900 4423 γηράσῃ,
922 4351 1408 4423 συγκαμφθήσεται
1441 4353 1534 4406 καὶ
1581 4352 1766 4406 τελευ-

1944 4333 2030 4390 11.
2063 4332 2200 4390 Cum
2234 4344 2416 4390 autem
2459 4335 2703 4391 senuerit
2743 4335 3118 4392 incurvabitur
3146 4345 3201 4391 et
3242 4337 3439 4393 morie-

184 4440 364 4498 τήσει.
1801 4440 1844 4498 D
1873 4435 1982 4482 “"-

258 4456 364 4495 σει.

216 4440 350 4587 ἡ12.
385 4530 509 4585 Ὅτι
537 4531 940 4605 ἡμαρτηκότων
992 4531 1152 4607 ἡμῶν
1194 4533 1282 4588 διὰ
1330 4534 1430 4605 τῆς
1483 4441 1810 4610 παρακοῆς1

1873 4440 2034 4577 "uti
2061 4520 2330 4589 Quoniam
2348 4518 2700 4592 peccantibus
2719 4519 2880 4575 nobis
2899 4534 2997 4590 per
3022 4519 3439 4578 inobedientiam

182 4622 488 4694 ὠργίσθης,
511 4624 606 4677 καὶ
634 4625 980 4697 ἀπέστρεψας
1006 4629 1154 4699 ἡμᾶς
1181 4627 1280 4699 (4).

1047 4630 1154 4697 μᾶς
1181 4627 1280 4699 (4).
1874 4615 2046 4671 iratus
2077 4630 2138 4671 es
2169 4624 2225 4670 et
2251 4613 2494 4669 avertisti
2519 4627 2638 4668 nos.

261 4716 347 4772 15.
387 4715 510 4770 Ὅτι
548 4715 757 4788 ἐλήφθη
782 4734 871 4789 με,
904 4718 997 4770 καὶ
1016 4718 1092 4789 (5)
1124 4717 1469 4790 θυμωθέντος
1501 4741 1596 4777 σου
1626 4726 1768 4794 ἀφα-

1942 4708 2029 4762 15.
2064 4705 2330 4774 Quoniam
2365 4705 2636 4776 reliquisti
2670 4720 2779 4772 me,
2804 4713 2860 4761 et
2884 4712 2936 4762 te
2954 4715 3224 4763 irascente
3262 4717 3441 4764 exter-

183 4808 379 4879 νισμδς
419 4807 737 4879 ἐγενόμεθα.

706 4827 737 4864 ι,
1869 4800 2060 4854 minati
2091 4814 2300 4855 sumus.

256 4902 347 4957 14.
397 4902 906 4974 Ἀναγεγραμμέναι
944 4903 1081 4958 εἰσὶν
1107 4903 1267 4975 ἡμῶν
1298 4906 1355 4959 αι
1400 4907 1620 4978 ἀνομίαι
1677 4912 1763 4963 ὲν-

1946 4892 2033 4947 14.
2070 4892 2363 4960 Descripta!
2407 4899 2535 4948 sunt
2555 4890 2874 4963 iniquitates
2907 4901 3109 4947 nostra:
3151 4907 3337 4949 coram
3365 4900 3439 4947 te.

182 4995 361 5049 ὡπιὸν
388 5011 509 5050 σου.

256 5089 348 5143 15.
393 5089 459 5140 Ἥ
485 5087 598 5159 ζωὴ
627 5087 783 5160 ἡμῶν
811 5088 1035 5159 γένηται
1085 5089 1478 5163 πεφωτισμένη
1529 5093 1614 5147 διὰ
1665 5097 1764 5165 τῆς

1563 5094 1614 5147 ιὰ
1665 5097 1764 5165 τῆς
1946 5099 2033 5154 15.
2065 5099 2182 5153 Vita
2217 5108 2400 5154 nostra
2425 5097 2764 5155 illuminetur
2785 5099 3018 5154 adventu
3045 5108 3157 5154 tuo.

185 5183 494 5258 παρουσίας
525 5200 639 5237 σου.

242 5301 285 5331 ³⁸
317 5297 516 5352 Ezech.
547 5312 747 5361 xxxm,
783 5297 867 5351 11.

1143 5455 1463 5518 Addenda
1504 5464 1563 5520 et
1595 5458 1970 5539 corrigenda
2002 5477 2075 5519 ex
2110 5457 2247 5519 cod.
2284 5459 2484 5519 Vatic.

254 5619 336 5697 (i_)
462 5621 518 5677 ‘2.
557 5621 680 5697 ξΩςΕ
697 5629 824 5684 etc.,
855 5621 1250 5693 προῦπάρχεις,
1279 5628 1380 5675 etc.
1418 5623 1484 5676 N.
1530 5623 1584 5676 5.
1621 5622 1758 5677 Οὔτε

1236 5661 1250 5686 ,
1279 5628 1380 5675 elc.
1418 5623 1484 5676 N.
1530 5623 1584 5676 5.
1621 5622 1758 5677 Οὔτε
1939 5622 2016 5697 (5)
2046 5620 2142 5688 Ai;
2173 5625 2640 5697 παραδοθήσονται
2669 5625 2830 5697 ἀναρ.

183 5691 361 5765 ἀρχὴν
395 5691 622 5765 ῄμεῄρῶν
657 5690 831 5765 ἔχεις,Δ
857 5701 960 5765 etc.
1007 5761 1032 5765 μ
1083 5690 1092 5693 ’
1140 5690 1145 5691 ⁷
1186 5763 1195 5765 _
1486 5763 1494 5765 4
2057 5690 2400 5764 Ἠμᾶς,’ὃθεν
2424 5690 2758 5765 ἕλήφθημεν.

259 5711 289 5760 χ
331 5708 361 5742 ν
400 5708 622 5763 ημερων
657 5708 820 5760 εχεις,
857 5708 960 5745 ac,
1939 5708 2014 5765 (ιι)
2058 5708 2250 5764 Ημας,
2281 5708 2400 5748 ουεν
2424 5708 2758 5765 εληφυημεν.

256 5708 335 5832 (ἐξ
367 5762 845 5838 ηαρέρχεταιμκαὶ
885 5763 918 5830 ἡ
961 5761 1334 5838 *τῆς-κρίσεως
1392 5763 1570 5834 ἡμέρα
1591 5782 1604 5794 ο
1670 5765 1762 5818 καὶ
1943 5766 2017 5836 (5)
2048 5768 2113 5820 N.
2160 5768 2237 5821 l5.
2272 5767 2380 5820 Καὶ
2407 5765 2745 5837 θυμωθέντος
2766 5784 2857 5821 σου
2889 5768 2969 5831 εἰς
2999 5764 3318 5838 ἀφανισμόν,
3336 5778 3437 5826 etc.

184 5834 375 5901 ὥσπερ
406 5832 469 5887 ὲν
495 5832 757 5904 νυκτί,
789 5841 914 5895 etc.,
952 5832 1216 5901 ἀσφάλειὰ
1242 5837 1403 5886 ἐστιν.
