4036 6434
632 354 770 412 1039
1470 352 1524 407 S.
1566 353 1936 408 ATHANASII
1980 355 2127 410 OPP.
2173 354 2355 410 PARS
2393 355 2477 409 Ill.
2523 387 2590 394 —-
2627 357 3019 413 EXEGETICA
3755 372 3899 429 ίοιο

700 466 787 521 16.
823 465 1090 532 Quoniam
1117 480 1305 520 omnes
1335 465 1451 522 dies
1481 469 1653 523 nostri
1679 468 2031 526 defecerunt:
2224 492 2273 547 Α

2019 490 2031 526 :
2224 492 2273 547 Α
2372 470 2457 524 16.
2478 471 2597 524 Ὅτι
2627 474 2798 525 πᾶσαι
2824 475 2879 526 αἱ
2911 475 3114 546 ἡμέραι
3138 477 3294 546 ἡμῶν
3326 478 3569 544 ἐξέλιπον
3590 499 3602 511 ·

699 560 788 614 17.
813 557 880 612 Et
901 559 955 612 in
982 559 1058 613 ira
1087 568 1175 612 tua
1200 557 1522 614 defecimus.

2375 563 2461 618 17.
2502 565 2612 617 Kal
2645 568 2702 618 ἐν
2736 569 2802 637 τῇ
2828 569 2964 638 ὀργῇ
2998 586 3092 620 σου
3120 569 3457 640 ἐξελίπομεν.

698 651 766 708 18
823 651 964 705 Anni
986 652 1157 706 nostri
1185 651 1324 706 sicut
1346 667 1543 707 aranea
1578 653 2017 709 meditabuntur:

2010 671 2017 708 :
2370 655 2455 710 18.
2498 657 2576 710 Τὰ
2611 657 2705 728 ἔτη
2731 658 2887 729 ἡμῶν
2914 659 3045 712 ὡσεὶ
3072 661 3282 732 ἀράχνη
3312 662 3604 732 ἐμελέτων⁸

700 745 786 799 19.
816 743 940 799 Dies
963 759 1231 798 annorum
1258 754 1574 799 nostrorum
1607 746 1661 799 in
1693 744 1827 815 ipsis
1850 747 2192 818 septuaginta

2371 749 2455 803 19.
2497 751 2564 802 Αἱ
2609 750 2814 822 ἡμέραι
2858 751 2966 805 τῶν
3000 753 3135 806 ἐτῶν
3163 755 3319 824 ἡμῶν
3349 756 3407 808 ὲν
3435 759 3623 820 αὐτοῖς
3657 758 3896 828 ἐϐδομή-

626 839 787 894 anni:

2299 858 2460 893 κοντα
2490 843 2584 914 ἐτη
2607 858 2620 873 ·

699 931 789 986 20.
826 930 880 984 Si
909 942 1084 986 autem
1115 931 1168 984 in
1199 930 1564 999 potentatibus
1597 930 1874 1000 octoginta
1904 931 2033 985 anni
2070 950 2082 984 :

2070 950 2082 984 :
2364 933 2454 988 20.
2477 933 2604 986 Ἐὰν
2633 935 2689 988 δὲ
2716 936 2773 988 ἐν
2806 935 3146 1001 δυναστείαις
3175 939 3500 1010 ὀγδοήκοντα
3526 941 3620 1012 ἐτη
3646 959 3658 972 ⁸

694 1018 786 1070 21.
826 1015 891 1070 Ει
923 1017 1152 1085 amplius
1181 1031 1372 1071 eorum
1407 1017 1579 1083 labor,
1610 1026 1664 1072 et
1702 1017 1882 1072 dolor.

2365 1024 2454 1080 2L
2497 1026 2608 1079 Kal
2635 1026 2696 1079 τὸ
2727 1027 2911 1081 πλεῖον
2934 1029 3110 1083 αὐτῶν
3145 1031 3311 1095 κόπος
3343 1035 3433 1086 καὶ
3463 1035 3643 1097 πόνος.

688 1110 778 1162 22.
809 1109 1075 1176 Quoniam
1107 1110 1421 1179 supervenit
1459 1111 1824 1168 mansuetudo
1871 1125 2034 1181 super
2065 1125 2188 1178 nos,

2363 1115 2452 1170 22.
2473 1117 2594 1170 Ὅτι
2624 1117 2827 1188 ἐπῆλθε
2865 1119 3108 1190 πραότης
3135 1122 3218 1189 ἐφ’
3248 1124 3416 1193 ἡμᾶς,
3461 1125 3552 1176 καὶ
3598 1123 3893 1193 παιδευθη-

620 1211 673 1256 et
708 1203 1092 1271 corripiemur.

925 1217 1092 1256 :mur.
2296 1209 2519 1279 σόμεθα.

691 1293 780 1347 25.
807 1292 942 1358 Quis
969 1292 1118 1345 um'it
1143 1299 1467 1361 potestatem
1495 1291 1591 1346 ira:
1623 1289 1773 1346 tuae?

2363 1300 2450 1356 23.
2493 1301 2589 1364 Τίς
2616 1301 2875 1370 γινώσκει
2900 1302 2960 1355 τὸ
2982 1303 3184 1374 κράτος
3211 1305 3310 1375 τῆς
3341 1307 3510 1378 όργῆς
3552 1325 3648 1360 σου
3677 1325 3691 1373 ;

688 1385 776 1440 21.
807 1384 874 1439 Ει
905 1399 1012 1438 nraz
1045 1385 1240 1438 timore
1275 1393 1369 1438 tuo
1422 1384 1558 1438 iram
1609 1393 1758 1438 tuam
1797 1381 2189 1438 dinumerare?

2357 1392 2447 1446 24.
2488 1394 2598 1448 Kal
2645 1395 2753 1449 ἀπὸ
2794 1394 2889 1448 τοῦ
2938 1396 3104 1464 φόϐου
3156 1414 3250 1450 σου
3296 1398 3386 1451 τὸν
3435 1399 3607 1470 θυμόν
3660 1417 3758 1453 σου
3809 1401 3890 1465 ἐξ-

2291 1483 2733 1555 αριθμήσασθαι;

686 1568 775 1621 25.
809 1567 1094 1622 Dexteram
1130 1574 1278 1620 tuam
1311 1566 1392 1621 sic
1422 1573 1608 1621 notam
1643 1564 1730 1619 fac
1757 1563 1894 1619 mihi
1924 1582 1937 1617 :

2360 1575 2448 1628 25.
2493 1575 2602 1646 Τὴν
2627 1575 2809 1642 δεξιάν
2840 1593 2935 1629 σου
2966 1577 3108 1631 οὕτω
3132 1580 3397 1651 γνώρισόν
3428 1598 3548 1650 μοι·

685 1657 776 1711 26.
813 1656 878 1709 Et
908 1657 1150 1711 eruditos
1182 1657 1346 1711 corde
1381 1656 1435 1710 in
1468 1656 1760 1726 sapientia.

2359 1667 2448 1720 26.
2490 1668 2598 1720 Kal
2629 1670 2754 1732 τοὺς
2789 1671 3256 1742 πεπαιδευμένους
3286 1676 3351 1743 τῇ
3380 1673 3576 1746 καρδίᾳ
3617 1674 3676 1727 ἐν
3703 1676 3883 1745 σοφίᾳ.

685 1750 775 1804 27.
801 1749 1149 1813 Convertere,
1190 1747 1439 1808 Domine.
1471 1763 1756 1818 usquequo
1779 1748 1801 1802 τ

2361 1761 2450 1815 27.
2471 1761 2850 1833 Ἐπίστρεψον,
2882 1763 3077 1834 Κύριε,
3107 1763 3212 1827 ἕως
3238 1764 3402 1831 πότες

683 1841 773 1896 28.
809 1841 873 1894 Ει
899 1839 1258 1908 deprecabilis
1284 1847 1402 1894 esto
1427 1854 1590 1910 super
1622 1853 1810 1894 servos
1841 1845 1989 1893 tuos.
2218 1861 2260 1916 Β

2218 1861 2260 1916 Β
2357 1852 2445 1906 28.
2489 1853 2600 1906 Kal
2625 1855 3007 1926 παρκκλήθητι
3035 1857 3126 1910 ἐπὶ
3151 1860 3265 1921 τοῖς
3289 1857 3498 1921 δούλοις
3521 1875 3639 1912 σου.

675 1933 766 1988 29.
801 1932 1010 2003 Repleti
1048 1948 1236 1987 sumus
1281 1947 1440 1987 maue
1481 1931 1861 1988 misericordia
1902 1939 2027 1995 tua,
2078 1930 2183 1986 Do-

2359 1947 2450 2002 29.
2470 1945 2808 2016 Ἐνεπλήσθη
2817 1964 2914 2016 μεν
2929 1947 2990 1999 τὸ
3007 1947 3152 2018 πρωὶ
3162 1949 3257 2002 τοῦ
3272 1949 3453 2014 ἐλέους
3467 1967 3582 2015 σου,
3597 1949 3777 2024 Κύριε
3789 1951 3882 2022 (σν

617 2041 790 2081 tntne:

682 2119 772 2172 30.
807 2117 872 2172 Et
902 2117 1315 2182 exsultavimus,
1350 2126 1404 2172 et
1432 2117 1680 2173 delectati
1713 2134 1904 2176 sumus

2362 2123 2451 2175 50.
2492 2123 2601 2175 Kal
2630 2123 3101 2196 ἠγαλλιασάμεθα,
3131 2127 3223 2179 καὶ
3248 2127 3657 2200 εὐφράνθημεν,

682 2213 771 2268 51.
805 2213 864 2267 1η
894 2214 1148 2267 omnibus
1174 2213 1368 2268 diebus
1399 2211 1620 2267 nostris.

2362 2215 2450 2268 51.
2494 2216 2569 2283 (b)
2602 2216 2692 2269 Ἐν
2717 2218 2920 2282 πάσαις
2949 2222 3070 2284 ταῖς
3092 2221 3324 2292 ἡμέραις
3357 2221 3533 2293 ἡμῶν.

681 2308 770 2362 52.
804 2307 992 2362 Laztati
1025 2323 1236 2362 sumus.

2364 2306 2453 2360 32.
2497 2306 2949 2381 Εὐφρανθείημεν
2981 2312 3432 2386 [εὐφράνθημεν]·

684 2398 773 2451 55.
802 2397 911 2449 Pro
941 2397 1129 2451 diebus
1155 2396 1356 2465 quibus
1382 2410 1482 2450 nos
1519 2395 1853 2450 humiliasti:

2360 2398 2450 2455 33.
2474 2398 2618 2452 ’Δνθ’
2643 2391 2718 2454 ὧν
2745 2402 2969 2472 ἡμερῶν
2993 2403 3365 2470 ὲταπείνωσας
3389 2407 3563 2478 ἡμᾶς·

683 2488 773 2543 51.
799 2487 970 2543 Annis
1002 2488 1200 2557 quibus
1229 2487 1465 2542 vidimus
1498 2485 1662 2542 mala.

1616 2501 1662 2542 a.
2360 2490 2450 2544 34.
2478 2490 2669 2558 Ἐτῶν,
2696 2484 2772 2549 ὧν
2801 2493 3012 2565 εἴδομεν
3045 2497 3210 2550 κακά.

682 2645 762 2785 (α)
801 2646 979 2713 Κύριε
1008 2659 1115 2698 non
1149 2644 1367 2714 legitur.
1449 2711 1461 2723 ο

683 2717 732 2785 (b
799 2715 956 2770 Vers.
991 2715 1080 2777 3|,
1116 2714 1206 2780 32,
1241 2714 1343 2768 sub
1372 2728 1461 2768 unt

683 2714 757 2787 (ό)
799 2715 956 2770 Vers.
991 2715 1080 2777 5|,
1116 2714 1206 2780 52,
1241 2714 1343 2768 sub
1372 2714 1535 2768 unico
1563 2727 1718 2766 num.

1737 2867 2114 2922 ATHANASII
2154 2867 2743 2925 INTERPRETATIO.

683 3018 768 3073 16.
804 3015 1072 3082 Quoniam
1099 3012 1212 3081 jam
1249 3010 1580 3079 completum
1607 3019 1690 3064 est
1714 3008 1817 3064 hoc
1849 3009 2130 3064 saeculum.
2223 3015 2268 3078 (ζ

2027 3026 2130 3064 um.
2223 3015 2268 3078 C
2372 3015 2457 3068 16.
2481 3015 2601 3068 Ὅτι
2626 3014 2810 3068 λοιπὸν
2845 3017 3202 3088 πεπλήρωται
3231 3021 3258 3073 ό
3286 3021 3421 3073 αἰὼν
3443 3014 3621 3084 οὗτος.

683 3109 770 3162 17.
797 3106 930 3160 Nam
958 3106 1121 3174 priori
1153 3103 1350 3157 saeculo
1373 3112 1771 3172 nongentorum
1809 3111 1928 3156 erat
1957 3102 2066 3156 vita
2095 3103 2189 3156 ho-

2368 3110 2451 3164 17.
2484 3109 2542 3161 '0
2572 3109 2679 3180 γὰρ
2730 3111 2994 3183 πρότερος
3029 3111 3163 3165 αἰὼν
3195 3113 3270 3185 (1)
3309 3115 3638 3168 ἐννακοσίων
3659 3116 3803 3170 ἐτῶν
3823 3114 3886 3190 ἦν

609 3202 844 3264 mitium,
870 3212 1014 3251 nunc
1051 3203 1230 3249 autem
1281 3192 1551 3248 diminuta
1608 3203 1690 3248 est
1740 3193 1794 3246 in
1833 3201 2054 3247 centum
2109 3193 2192 3246 vi—

2292 3205 2324 3274 ή
2357 3203 2466 3273 ζωὴ
2512 3202 2618 3255 τῶν
2663 3204 2985 3275 ἀνθρώπων,
3012 3206 3109 3259 νῦν
3154 3207 3212 3259 δέ
3261 3207 3656 3278 ἠλαττώθησαν
3692 3211 3776 3273 είς
3807 3218 3886 3282 ρκ’

612 3293 746 3365 ginti
777 3306 971 3344 annos.
2293 3293 2407 3363 ἔτη.

685 3388 770 3442 18.
806 3385 944 3438 Anni
982 3385 1152 3437 nostri
1192 3380 1531 3435 miserabiles
1557 3385 1610 3432 et
1637 3377 1839 3431 inﬁrmi
1878 3377 2009 3432 facti
2040 3385 2185 3431 sunt.

2363 3385 2448 3438 18.
2491 3384 2570 3438 Τὰ
2599 3384 2693 3456 ἔτη
2723 3385 2878 3457 ἡμῶν
2899 3386 3092 3457 οἰκτρά
3121 3387 3214 3440 καὶ
3243 3387 3508 3459 ἀνίσχυρα
3535 3391 3851 3458 γεγόνασιν.

687 3479 866 3535 19-21.
903 3477 1036 3530 Nam
1081 3476 1147 3529 ad
1193 3472 1532 3544 septuaginta
1578 3480 1633 3526 et
1674 3472 1955 3543 octoginta
2016 3487 2189 3525 annos

2362 3479 2428 3532 19
2449 3509 2473 3518 -
2496 3478 2584 3532 21.
2639 3479 2730 3541 Είς
2760 3479 3127 3550 ἑϐδομήκοντα
3159 3479 3269 3551 γὰρ
3302 3481 3395 3534 καὶ
3425 3481 3760 3553 ὀγδοήκοντα
3796 3488 3884 3555 ἐτη

611 3575 962 3642 pervenimus
990 3589 1002 3622 :
1032 3571 1076 3624 si
1112 3578 1292 3622 autem
1335 3565 1548 3635 longius
1581 3565 1778 3620 vixerit
1823 3567 2008 3629 homo,
2039 3564 2190 3618 labor

2292 3570 2639 3640 ἐφθάσαμεν·
2695 3571 2790 3624 ἐὰν
2842 3571 2898 3624 δὲ
2946 3573 3165 3625 πλείονα
3212 3573 3351 3644 ζήσῃ
3380 3573 3688 3646 ἄνθρωπος,
3721 3577 3886 3640 κόπος

611 3673 715 3729 est,
737 3673 792 3720 et
819 3664 972 3719 dolor
995 3671 1211 3731 propter
1243 3670 1546 3729 peccatum,
1577 3657 1724 3728 quod
1755 3666 1838 3712 est
1876 3657 1930 3710 in
1958 3656 2184 3711 mundo.

2291 3663 2406 3714 ἐστὶ
2448 3662 2541 3713 καὶ
2591 3662 2751 3724 πόνος
2795 3662 2883 3713 διὰ
2925 3663 3022 3732 τὴν
3067 3663 3339 3732 ἁμαρτίαν
3378 3663 3476 3733 τὴν
3519 3661 3687 3718 οὖσαν
3717 3669 3779 3718 ἐν
3811 3684 3885 3735 τῳ

2291 3754 2504 3824 κόσμῳ.

679 3859 767 3913 22.
801 3857 1069 3923 Quoniam
1118 3852 1292 3908 Filius
1339 3852 1435 3907 Dei
1485 3853 1652 3916 venit,
1683 3860 1738 3906 et
1771 3851 1950 3906 cdocti
2000 3865 2188 3906 sumus

2360 3847 2452 3902 22.
2474 3848 2594 3900 ’Ότι
2623 3845 2752 3909 Υἱὸς
2779 3845 2872 3898 τοῦ
2901 3844 3036 3897 Θεοῦ
3066 3841 3217 3916 ἦλθε,
3255 3846 3348 3898 καὶ
3388 3845 3758 3916 παιδευόμεθα
3787 3867 3885 3902 κα-

612 3960 962 4006 contemnere
990 3948 1127 4000 hanc
1163 3947 1351 4001 vitam.

2290 3943 2577 4011 ταφρονεῖν
2613 3941 2712 4008 τῆς
2742 3937 2887 4007 ζωῆς
2917 3938 3139 4007 ταύτης.

677 4043 768 4098 25.
795 4041 930 4108 Quis
954 4040 1104 4095 novit
1124 4049 1321 4093 mterna
1353 4035 1663 4106 supplicia?

2360 4031 2452 4084 23.
2496 4031 2590 4093 Τίς
2612 4026 2718 4083 οἶδε
2747 4028 2815 4082 τὰ
2847 4029 3065 4082 αἰωνίου
3097 4028 3403 4094 κολάσεως;

681 4138 772 4192 24.
801 4135 1017 4190 llabens
1045 4135 1311 4205 ‘timorcm
1346 4142 1497 4186 tuum
1529 4139 1708 4200 potest
1738 4145 2069 4202 cognoscere
2095 4129 2188 4200 ju-

2362 4123 2452 4177 24.
2480 4124 2537 4176 '0
2567 4123 2704 4192 ἔχων
2729 4121 2821 4174 τὸν
2849 4121 3011 4190 φόϐον
3058 4137 3149 4173 σου
3194 4120 3417 4173 δύναται
3449 4119 3752 4186 ἐπιγνῶναι
3790 4121 3883 4192 τὴν

613 4228 815 4281 dicium
844 4235 1018 4280 tuum.

1017 4266 1018 4275 η
2292 4216 2472 4288 κρίσιν
2499 4233 2611 4268 σου.

683 4316 771 4370 25.
805 4313 1106 4370 Potentiam
1155 4323 1301 4369 tuam
1352 4329 1448 4384 per
1489 4312 1740 4369 timorem
1784 4321 1938 4367 tuum
1986 4312 2071 4368 fac
2100 4329 2188 4368 me

2362 4309 2451 4363 25.
2483 4308 2555 4360 Τὸ
2587 4306 2811 4360 δυνατόν
2848 4323 2939 4358 σου
2962 4303 3050 4358 διὰ
3073 4304 3166 4357 τοῦ
3196 4304 3362 4374 φόϐου
3401 4322 3492 4358 σου
3544 4304 3779 4375 ποίησόν
3809 4305 3884 4385 (2)

615 4410 932 4480 intelligere.

2221 4395 2266 4446 Ι)
2297 4420 2364 4472 με
2395 4401 2609 4454 εἰδέναι.

683 4501 774 4556 26.
806 4501 870 4556 Ει
913 4501 1143 4555 humiles
1177 4500 1341 4554 corde
1374 4499 1606 4569 repletos
1628 4499 1803 4570 gratia
1847 4506 1938 4552 tua
1984 4496 2070 4551 fac
2106 4513 2193 4552 me

2367 4494 2456 4547 26.
2490 4495 2599 4546 Kal
2626 4493 2750 4555 τοὺς
2777 4492 3063 4554 ταπεινοὺς
3101 4493 3164 4560 τῇ
3196 4489 3392 4561 καρδίᾳ
3423 4491 3550 4552 τοὺς
3590 4490 3882 4563 πεπληρω-

617 4612 926 4668 agnoscere.

2300 4587 2491 4658 μένους
2524 4589 2588 4656 τῇ
2623 4584 2803 4657 χάριτί
2830 4600 2920 4635 σου
2959 4583 3032 4653 (3)
3059 4582 3281 4652 ποίησόν
3313 4599 3380 4652 με
3414 4581 3631 4634 ειδέναι.

686 4689 773 4743 27.
807 4687 941 4743 Veni
978 4687 1046 4743 ad
1081 4702 1199 4753 nos,
1237 4684 1483 4740 Domine.

2363 4680 2454 4735 27.
2479 4678 2631 4732 Ἐλθέ
2665 4678 2800 4748 πρὸς
2831 4678 2997 4748 ἡμᾶς,
3032 4676 3221 4746 Κύριε.

683 4783 776 4838 28.
804 4781 879 4836 De
901 4781 1268 4837 anterioribus
1297 4779 1634 4849 temporibus
1662 4779 1892 4848 peccati.

2367 4773 2454 4827 28.
2495 4773 2631 4842 Περὶ
2661 4772 2768 4824 τῶν
2799 4769 3076 4840 προτέρων
3106 4766 3311 4837 χρόνων
3341 4766 3437 4834 τῆς
3465 4765 3765 4836 ἁμαρτιας.

685 4877 775 4930 29.
804 4873 1092 4927 Exoriente
1119 4883 1190 4939 te,
1228 4871 1431 4941 impleti
1467 4886 1659 4926 sumus
1686 4870 1861 4941 gratia
1893 4877 2010 4926 tua.

2370 4864 2460 4919 29.
2484 4861 2884 4922 Ἀνατείλαντός
2918 4876 3044 4924 σου,
3085 4855 3480 4928 ἐπληρώθημεν
3519 4855 3621 4927 τῆς
3662 4857 3877 4929 χάριτός

2302 4975 2415 5010 σου.

685 5055 773 5108 50.
808 5056 866 5108 In
899 5052 1101 5123 Spiritu
1132 5060 1342 5107 sancto.

2371 5051 2458 5104 30.
2480 5047 2568 5100 'Ev
2598 5046 2873 5115 Πνεύματι
2903 5043 3060 5113 ἁγίῳ.

696 5147 783 5200 51.
823 5145 878 5199 In
909 5147 1057 5199 omni
1091 5161 1252 5216 opere
1273 5146 1436 5199 bono.

2367 5143 2453 5195 3i.
2497 5140 2571 5208 (4)
2597 5138 2686 5191 Ἑν
2714 5138 2873 5190 παντὶ
2899 5136 3042 5206 ἔργῳ
3063 5132 3268 5203 ἀγαθῷ.

697 5239 786 5292 52.
815 5237 872 5291 1η
906 5238 1153 5308 praesenti
1188 5237 1406 5292 saeculo.

2369 5233 2456 5285 32.
2481 5231 2571 5283 Ἐν
2604 5231 2680 5301 τῷ
2711 5230 2805 5284 νῦν
2843 5229 3017 5282 αίῶνι.

699 5330 787 5394 53,
816 5330 903 5384 54.
935 5329 1200 5399 Tempore
1227 5329 1452 5398 peccati.

2370 5325 2458 5390 33,
2486 5325 2573 5378 34.
2604 5323 2693 5377 'Ev
2717 5323 2796 5394 τῷ
2825 5321 3001 5392 καιρῷ
3025 5322 3123 5391 τῆς
3149 5321 3438 5390 ἁμαρτιας.

1572 5484 1873 5547 Addenda
1924 5493 1984 5547 et
2015 5481 2391 5562 corrigenda
2422 5498 2502 5542 ex
2533 5481 2672 5542 cod.
2712 5480 2906 5540 Vatie.

809 5653 881 5728 Ib
913 5651 1017 5728 γὰρ
1049 5653 1307 5728 πρότερον
1336 5653 1365 5702 ὁ
1390 5651 1543 5717 αἰών,
1572 5663 1676 5706 etc.

2344 5646 2453 5728 .gl)
2825 5641 2914 5723 ’ng
2949 5640 3140 5722 παντί.
3162 5649 3294 5728 Acte.
3337 5640 3404 5694 N.
3438 5640 3526 5701 33,
3562 5635 3657 5692 Ἐν
3686 5637 3765 5709 τῷ
3787 5636 3873 5690 νῦν

691 5713 770 5863 (2)
810 5713 1108 5794 110ιῆσὸμαὶ
1137 5713 1350 5775 εἰδέναι.
1531 5713 1538 5717 ⁷
2302 5713 2475 5770 αἰῶνι.
2503 5717 2570 5773 N.
2598 5715 2684 5780 34,
2712 5713 2799 5767 Ἑν
2822 5713 2898 5783 τῷ
2929 5713 3120 5783 καιρῷ,
3153 5721 3255 5766 etc.

714 5794 765 5863 ὅ)
807 5795 915 5863 Τῆς
943 5793 1158 5863 χάριτός
1200 5809 1310 5844 σου.

714 5794 765 5863 ὅ)
807 5795 915 5863 Τῆς
943 5793 1158 5864 χάριτός
1200 5809 1310 5844 σου.
