  <div class='ocr_page' id='page_1' title='image "/cluster/home/n/w/nwhite01/storage/ocr_20150623/27/ien.35556001660521/533.png"; bbox 0 0 4036 6512; ppageno 0'>
   <div class='ocr_carea' id='block_1_1' title="bbox 575 368 2169 434">
    <p class='ocr_par' dir='ltr' id='par_1_1' title="bbox 575 371 2169 434">
     <span class='ocr_line' id='line_1_1' title="bbox 575 371 2169 434; baseline -0.004 -2"><span class='ocrx_word' id='word_1_1' title='bbox 575 377 715 434; x_wconf 68' lang='grc'><strong>1043</strong></span> <span class='ocrx_word' id='word_1_2' title='bbox 1429 374 1485 428; x_wconf 92' lang='lat' dir='ltr'><strong>S.</strong></span> <span class='ocrx_word' id='word_1_3' title='bbox 1525 371 1897 428; x_wconf 78' lang='lat' dir='ltr'><strong>ATHANASII</strong></span> <span class='ocrx_word' id='word_1_4' title='bbox 1941 371 2091 428; x_wconf 84' lang='lat' dir='ltr'><strong>OPP.</strong></span> <span class='ocrx_word' id='word_1_5' title='bbox 2135 374 2169 426; x_wconf 83' lang='lat' dir='ltr'><strong>P</strong></span> 
     </span>
    </p>
   </div>
   <div class='ocr_carea' id='block_1_2' title="bbox 2269 368 3863 434">
    <p class='ocr_par' dir='ltr' id='par_1_2' title="bbox 2277 368 3863 429">
     <span class='ocr_line' id='line_1_2' title="bbox 2277 368 3863 429; baseline 0.001 -5"><span class='ocrx_word' id='word_1_6' title='bbox 2277 372 2313 424; x_wconf 90' lang='lat' dir='ltr'>S</span> <span class='ocrx_word' id='word_1_7' title='bbox 2353 375 2438 422; x_wconf 85' lang='grc'><strong>111.</strong></span> <span class='ocrx_word' id='word_1_8' title='bbox 2475 399 2543 408; x_wconf 91' lang='grc'><strong>-</strong></span> <span class='ocrx_word' id='word_1_9' title='bbox 2584 368 2992 425; x_wconf 79' lang='lat' dir='ltr'><strong>EXEGETICA.</strong></span> <span class='ocrx_word' id='word_1_10' title='bbox 3709 376 3863 429; x_wconf 71' lang='grc'><strong>1044</strong></span> 
     </span>
    </p>
   </div>
   <div class='ocr_carea' id='block_1_3' title="bbox 643 485 2237 562">
    <p class='ocr_par' dir='ltr' id='par_1_3' title="bbox 643 492 2219 562">
     <span class='ocr_line' id='line_1_3' title="bbox 643 492 2219 562; baseline 0.004 -15"><span class='ocrx_word' id='word_1_11' title='bbox 643 493 698 548; x_wconf 87' lang='grc'><strong>6.</strong></span> <span class='ocrx_word' id='word_1_12' title='bbox 730 492 796 548; x_wconf 85' lang='lat' dir='ltr'><strong>Et</strong></span> <span class='ocrx_word' id='word_1_13' title='bbox 821 508 851 547; x_wconf 87' lang='lat' dir='ltr'><strong>a</strong></span> <span class='ocrx_word' id='word_1_14' title='bbox 877 492 1040 548; x_wconf 87' lang='lat' dir='ltr'><strong>verba</strong></span> <span class='ocrx_word' id='word_1_15' title='bbox 1059 507 1273 562; x_wconf 88' lang='lat' dir='ltr'><strong>aspero.</strong></span> <span class='ocrx_word' id='word_1_16' title='bbox 2172 500 2219 553; x_wconf 74' lang='grc' dir='ltr'><strong>Α</strong></span> 
     </span>
    </p>
   </div>
   <div class='ocr_carea' id='block_1_4' title="bbox 1633 485 3227 562">
    <p class='ocr_par' dir='ltr' id='par_1_4' title="bbox 2172 485 3227 559">
     <span class='ocr_line' id='line_1_4' title="bbox 2172 485 3227 559; baseline -0.002 -16"><span class='ocrx_word' id='word_1_17' title='bbox 2172 500 2219 553; x_wconf 73' lang='grc' dir='ltr'><strong>Α</strong></span> <span class='ocrx_word' id='word_1_18' title='bbox 2316 490 2368 542; x_wconf 81' lang='lat'><strong>6.</strong></span> <span class='ocrx_word' id='word_1_19' title='bbox 2412 489 2520 542; x_wconf 99' lang='lat' dir='ltr'><strong>Kal</strong></span> <span class='ocrx_word' id='word_1_20' title='bbox 2549 489 2655 542; x_wconf 78' lang='grc' dir='ltr'>ἀπὸ</span> <span class='ocrx_word' id='word_1_21' title='bbox 2680 489 2838 557; x_wconf 81' lang='grc' dir='ltr'>λόγου</span> <span class='ocrx_word' id='word_1_22' title='bbox 2867 485 3227 559; x_wconf 78' lang='grc' dir='ltr'><strong>ταραχώδους.</strong></span> 
     </span>
    </p>
   </div>
   <div class='ocr_carea' id='block_1_5' title="bbox 641 578 2235 654">
    <p class='ocr_par' dir='ltr' id='par_1_5' title="bbox 641 583 1653 654">
     <span class='ocr_line' id='line_1_5' title="bbox 641 583 1653 654; baseline -0.006 -12"><span class='ocrx_word' id='word_1_23' title='bbox 641 587 698 642; x_wconf 87' lang='lat'><strong>7.</strong></span> <span class='ocrx_word' id='word_1_24' title='bbox 733 583 982 654; x_wconf 83' lang='lat' dir='ltr'><strong>Scapulis</strong></span> <span class='ocrx_word' id='word_1_25' title='bbox 1006 586 1120 639; x_wconf 83' lang='lat' dir='ltr'><strong>suis</strong></span> <span class='ocrx_word' id='word_1_26' title='bbox 1143 583 1489 638; x_wconf 89' lang='lat' dir='ltr'><strong>obumbrabit</strong></span> <span class='ocrx_word' id='word_1_27' title='bbox 1513 583 1611 640; x_wconf 79' lang='lat' dir='ltr'><strong>tibi</strong></span> <span class='ocrx_word' id='word_1_28' title='bbox 1639 601 1653 636; x_wconf 92' lang='lat'><strong>:</strong></span> 
     </span>
    </p>
   </div>
   <div class='ocr_carea' id='block_1_6' title="bbox 2105 578 3699 654">
    <p class='ocr_par' dir='ltr' id='par_1_6' title="bbox 2319 578 3699 651">
     <span class='ocr_line' id='line_1_6' title="bbox 2319 578 3699 651; baseline -0.003 -15"><span class='ocrx_word' id='word_1_29' title='bbox 2319 583 2374 636; x_wconf 90' lang='lat'><strong>7.</strong></span> <span class='ocrx_word' id='word_1_30' title='bbox 2396 581 2486 635; x_wconf 84' lang='grc' dir='ltr'>Ἐν</span> <span class='ocrx_word' id='word_1_31' title='bbox 2511 583 2621 644; x_wconf 77' lang='grc' dir='ltr'>τοῖς</span> <span class='ocrx_word' id='word_1_32' title='bbox 2650 581 3011 651; x_wconf 83' lang='grc' dir='ltr'>μεταφρένοις</span> <span class='ocrx_word' id='word_1_33' title='bbox 3039 578 3201 633; x_wconf 77' lang='grc' dir='ltr'>αὑτοῦ</span> <span class='ocrx_word' id='word_1_34' title='bbox 3232 579 3543 632; x_wconf 73' lang='grc' dir='ltr'><strong>ἐπισκιάσει</strong></span> <span class='ocrx_word' id='word_1_35' title='bbox 3574 595 3664 633; x_wconf 81' lang='grc' dir='ltr'><strong>σοι</strong></span> <span class='ocrx_word' id='word_1_36' title='bbox 3683 595 3699 613; x_wconf 91' lang='grc'><strong>·</strong></span> 
     </span>
    </p>
   </div>
   <div class='ocr_carea' id='block_1_7' title="bbox 643 669 2237 745">
    <p class='ocr_par' dir='ltr' id='par_1_7' title="bbox 643 674 1586 745">
     <span class='ocr_line' id='line_1_7' title="bbox 643 674 1586 745; baseline -0.002 -14"><span class='ocrx_word' id='word_1_37' title='bbox 643 677 701 733; x_wconf 90' lang='lat'><strong>8.</strong></span> <span class='ocrx_word' id='word_1_38' title='bbox 729 675 796 730; x_wconf 91' lang='lat' dir='ltr'><strong>Et</strong></span> <span class='ocrx_word' id='word_1_39' title='bbox 823 675 925 731; x_wconf 86' lang='lat' dir='ltr'><strong>sub</strong></span> <span class='ocrx_word' id='word_1_40' title='bbox 953 676 1146 745; x_wconf 88' lang='lat' dir='ltr'><strong>pennis</strong></span> <span class='ocrx_word' id='word_1_41' title='bbox 1173 676 1291 745; x_wconf 84' lang='lat' dir='ltr'><strong>ejus</strong></span> <span class='ocrx_word' id='word_1_42' title='bbox 1321 674 1586 744; x_wconf 85' lang='lat' dir='ltr'><strong>sperabis.</strong></span> 
     </span>
    </p>
   </div>
   <div class='ocr_carea' id='block_1_8' title="bbox 1953 669 3547 745">
    <p class='ocr_par' dir='ltr' id='par_1_8' title="bbox 2320 669 3547 742">
     <span class='ocr_line' id='line_1_8' title="bbox 2320 669 3547 742; baseline -0.004 -13"><span class='ocrx_word' id='word_1_43' title='bbox 2320 674 2372 729; x_wconf 88' lang='lat'><strong>8.</strong></span> <span class='ocrx_word' id='word_1_44' title='bbox 2417 673 2526 726; x_wconf 87' lang='lat' dir='ltr'><strong>Kal</strong></span> <span class='ocrx_word' id='word_1_45' title='bbox 2557 673 2661 725; x_wconf 84' lang='grc' dir='ltr'><strong>ὑπὸ</strong></span> <span class='ocrx_word' id='word_1_46' title='bbox 2691 673 2788 736; x_wconf 85' lang='grc' dir='ltr'><strong>τὰς</strong></span> <span class='ocrx_word' id='word_1_47' title='bbox 2823 673 3100 742; x_wconf 84' lang='grc' dir='ltr'>πτέρυγας</span> <span class='ocrx_word' id='word_1_48' title='bbox 3133 669 3294 724; x_wconf 83' lang='grc' dir='ltr'>αὑτοῦ</span> <span class='ocrx_word' id='word_1_49' title='bbox 3322 669 3547 734; x_wconf 80' lang='grc' dir='ltr'>ὲλπιεῖς.</span> 
     </span>
    </p>
   </div>
   <div class='ocr_carea' id='block_1_9' title="bbox 644 761 2238 834">
    <p class='ocr_par' dir='ltr' id='par_1_9' title="bbox 644 764 1776 834">
     <span class='ocr_line' id='line_1_9' title="bbox 644 764 1776 834; baseline -0.002 -13"><span class='ocrx_word' id='word_1_50' title='bbox 644 767 698 822; x_wconf 88' lang='lat'><strong>9.</strong></span> <span class='ocrx_word' id='word_1_51' title='bbox 731 764 899 821; x_wconf 91' lang='lat' dir='ltr'><strong>Scuto</strong></span> <span class='ocrx_word' id='word_1_52' title='bbox 927 766 1286 820; x_wconf 76' lang='lat' dir='ltr'><strong>circumdabit</strong></span> <span class='ocrx_word' id='word_1_53' title='bbox 1310 773 1361 819; x_wconf 92' lang='lat' dir='ltr'><strong>te</strong></span> <span class='ocrx_word' id='word_1_54' title='bbox 1381 765 1581 819; x_wconf 89' lang='lat' dir='ltr'><strong>veritas</strong></span> <span class='ocrx_word' id='word_1_55' title='bbox 1614 764 1734 834; x_wconf 88' lang='lat' dir='ltr'><strong>ejus</strong></span> <span class='ocrx_word' id='word_1_56' title='bbox 1761 784 1776 819; x_wconf 91' lang='lat'>:</span> 
     </span>
    </p>
   </div>
   <div class='ocr_carea' id='block_1_10' title="bbox 1919 761 3513 834">
    <p class='ocr_par' dir='ltr' id='par_1_10' title="bbox 2321 761 3513 834">
     <span class='ocr_line' id='line_1_10' title="bbox 2321 761 3513 834; baseline -0.004 -16"><span class='ocrx_word' id='word_1_57' title='bbox 2321 764 2374 819; x_wconf 87' lang='lat'><strong>9.</strong></span> <span class='ocrx_word' id='word_1_58' title='bbox 2395 763 2583 834; x_wconf 86' lang='grc' dir='ltr'>Ὀπλῳ</span> <span class='ocrx_word' id='word_1_59' title='bbox 2605 762 2877 816; x_wconf 76' lang='grc' dir='ltr'><strong>κυκλώσει</strong></span> <span class='ocrx_word' id='word_1_60' title='bbox 2905 779 2964 813; x_wconf 89' lang='grc' dir='ltr'><strong>σε</strong></span> <span class='ocrx_word' id='word_1_61' title='bbox 2996 763 3029 832; x_wconf 85' lang='grc' dir='ltr'><strong>ἡ</strong></span> <span class='ocrx_word' id='word_1_62' title='bbox 3057 761 3280 832; x_wconf 87' lang='grc' dir='ltr'>ἀλήθεια</span> <span class='ocrx_word' id='word_1_63' title='bbox 3303 761 3469 815; x_wconf 77' lang='grc' dir='ltr'>αὑτοῦ</span> <span class='ocrx_word' id='word_1_64' title='bbox 3500 779 3513 791; x_wconf 91' lang='grc'><strong>·</strong></span> 
     </span>
    </p>
   </div>
   <div class='ocr_carea' id='block_1_11' title="bbox 644 852 2238 926">
    <p class='ocr_par' dir='ltr' id='par_1_11' title="bbox 644 855 1864 912">
     <span class='ocr_line' id='line_1_11' title="bbox 644 855 1864 912; baseline -0.002 0"><span class='ocrx_word' id='word_1_65' title='bbox 644 857 734 912; x_wconf 89' lang='grc'><strong>10.</strong></span> <span class='ocrx_word' id='word_1_66' title='bbox 760 855 876 912; x_wconf 84' lang='lat' dir='ltr'><strong>Non</strong></span> <span class='ocrx_word' id='word_1_67' title='bbox 906 857 1122 912; x_wconf 75' lang='lat' dir='ltr'><strong>timebis</strong></span> <span class='ocrx_word' id='word_1_68' title='bbox 1149 872 1179 910; x_wconf 92' lang='lat' dir='ltr'><strong>a</strong></span> <span class='ocrx_word' id='word_1_69' title='bbox 1204 857 1396 911; x_wconf 92' lang='lat' dir='ltr'><strong>timore</strong></span> <span class='ocrx_word' id='word_1_70' title='bbox 1421 866 1708 911; x_wconf 89' lang='lat' dir='ltr'><strong>nocturno.</strong></span> <span class='ocrx_word' id='word_1_71' title='bbox 1861 873 1864 876; x_wconf 60' lang='lat'><em>‘</em></span> 
     </span>
    </p>
   </div>
   <div class='ocr_carea' id='block_1_12' title="bbox 1942 852 3536 926">
    <p class='ocr_par' dir='ltr' id='par_1_12' title="bbox 2322 852 3536 926">
     <span class='ocr_line' id='line_1_12' title="bbox 2322 852 3536 926; baseline 0 -18"><span class='ocrx_word' id='word_1_72' title='bbox 2322 855 2409 910; x_wconf 90' lang='grc'><strong>10.</strong></span> <span class='ocrx_word' id='word_1_73' title='bbox 2453 856 2526 907; x_wconf 80' lang='grc' dir='ltr'><strong>Οὐ</strong></span> <span class='ocrx_word' id='word_1_74' title='bbox 2553 854 2839 926; x_wconf 83' lang='grc' dir='ltr'>φοϐηθήσῃ</span> <span class='ocrx_word' id='word_1_75' title='bbox 2870 854 2978 906; x_wconf 71' lang='grc' dir='ltr'><strong>ἀπὸ</strong></span> <span class='ocrx_word' id='word_1_76' title='bbox 3005 853 3168 922; x_wconf 85' lang='grc' dir='ltr'>φόϐου</span> <span class='ocrx_word' id='word_1_77' title='bbox 3203 852 3536 924; x_wconf 80' lang='grc' dir='ltr'><strong>νυκτερινοῦ.</strong></span> 
     </span>
    </p>
   </div>
   <div class='ocr_carea' id='block_1_13' title="bbox 644 944 2238 1017">
    <p class='ocr_par' dir='ltr' id='par_1_13' title="bbox 644 947 1534 1017">
     <span class='ocr_line' id='line_1_13' title="bbox 644 947 1534 1017; baseline 0 -15"><span class='ocrx_word' id='word_1_78' title='bbox 644 947 736 1002; x_wconf 90' lang='grc'><strong>11.</strong></span> <span class='ocrx_word' id='word_1_79' title='bbox 773 948 819 1001; x_wconf 83' lang='grc' dir='ltr'><strong>Α</strong></span> <span class='ocrx_word' id='word_1_80' title='bbox 846 949 1041 1017; x_wconf 82' lang='lat' dir='ltr'><strong>sagitta</strong></span> <span class='ocrx_word' id='word_1_81' title='bbox 1071 948 1286 1002; x_wconf 85' lang='lat' dir='ltr'><strong>volante</strong></span> <span class='ocrx_word' id='word_1_82' title='bbox 1315 948 1491 1009; x_wconf 90' lang='lat' dir='ltr'><strong>indie</strong></span> <span class='ocrx_word' id='word_1_83' title='bbox 1521 966 1534 1002; x_wconf 94' lang='lat'>:</span> 
     </span>
    </p>
   </div>
   <div class='ocr_carea' id='block_1_14' title="bbox 1803 944 3397 1017">
    <p class='ocr_par' dir='ltr' id='par_1_14' title="bbox 2324 944 3397 1015">
     <span class='ocr_line' id='line_1_14' title="bbox 2324 944 3397 1015; baseline -0.005 -15"><span class='ocrx_word' id='word_1_84' title='bbox 2324 946 2411 1000; x_wconf 89' lang='grc'><strong>11.</strong></span> <span class='ocrx_word' id='word_1_85' title='bbox 2437 946 2568 998; x_wconf 74' lang='grc' dir='ltr'>Ἀπὸ</span> <span class='ocrx_word' id='word_1_86' title='bbox 2611 946 2797 1015; x_wconf 79' lang='grc' dir='ltr'><strong>βέλους</strong></span> <span class='ocrx_word' id='word_1_87' title='bbox 2830 944 3128 1014; x_wconf 80' lang='grc' dir='ltr'><strong>πετομένου</strong></span> <span class='ocrx_word' id='word_1_88' title='bbox 3158 944 3367 1015; x_wconf 79' lang='grc' dir='ltr'>ἡμέρας</span> <span class='ocrx_word' id='word_1_89' title='bbox 3385 961 3397 973; x_wconf 92' lang='grc'><strong>·</strong></span> 
     </span>
    </p>
   </div>
   <div class='ocr_carea' id='block_1_15' title="bbox 643 1035 2237 1111">
    <p class='ocr_par' dir='ltr' id='par_1_15' title="bbox 643 1039 1866 1111">
     <span class='ocr_line' id='line_1_15' title="bbox 643 1039 1866 1111; baseline 0.002 -17"><span class='ocrx_word' id='word_1_90' title='bbox 643 1040 733 1095; x_wconf 92' lang='grc'><strong>12.</strong></span> <span class='ocrx_word' id='word_1_91' title='bbox 759 1039 808 1094; x_wconf 85' lang='lat' dir='ltr'><strong>A</strong></span> <span class='ocrx_word' id='word_1_92' title='bbox 836 1041 1054 1111; x_wconf 82' lang='lat' dir='ltr'><strong>negotio</strong></span> <span class='ocrx_word' id='word_1_93' title='bbox 1082 1042 1498 1111; x_wconf 87' lang='lat' dir='ltr'><strong>perambulante</strong></span> <span class='ocrx_word' id='word_1_94' title='bbox 1521 1041 1573 1096; x_wconf 90' lang='lat' dir='ltr'><strong>in</strong></span> <span class='ocrx_word' id='word_1_95' title='bbox 1606 1041 1866 1096; x_wconf 88' lang='lat' dir='ltr'><strong>tenebris.</strong></span> 
     </span>
    </p>
   </div>
   <div class='ocr_carea' id='block_1_16' title="bbox 2166 1035 3760 1111">
    <p class='ocr_par' dir='ltr' id='par_1_16' title="bbox 2327 1035 3760 1107">
     <span class='ocr_line' id='line_1_16' title="bbox 2327 1035 3760 1107; baseline -0.003 -16"><span class='ocrx_word' id='word_1_96' title='bbox 2327 1037 2413 1091; x_wconf 86' lang='grc'><strong>12.</strong></span> <span class='ocrx_word' id='word_1_97' title='bbox 2440 1038 2576 1091; x_wconf 82' lang='grc' dir='ltr'><strong>Ἀπὸ</strong></span> <span class='ocrx_word' id='word_1_98' title='bbox 2615 1038 2937 1107; x_wconf 83' lang='grc' dir='ltr'>πράγματος</span> <span class='ocrx_word' id='word_1_99' title='bbox 2965 1039 3020 1090; x_wconf 80' lang='grc' dir='ltr'>ἐν</span> <span class='ocrx_word' id='word_1_100' title='bbox 3063 1037 3242 1090; x_wconf 79' lang='grc' dir='ltr'>σκότει</span> <span class='ocrx_word' id='word_1_101' title='bbox 3269 1035 3760 1107; x_wconf 80' lang='grc' dir='ltr'><strong>διαπορευομένου,</strong></span> 
     </span>
    </p>
   </div>
   <div class='ocr_carea' id='block_1_17' title="bbox 645 1125 2239 1200">
    <p class='ocr_par' dir='ltr' id='par_1_17' title="bbox 645 1131 1836 1188">
     <span class='ocr_line' id='line_1_17' title="bbox 645 1131 1836 1188; baseline 0.003 -4"><span class='ocrx_word' id='word_1_102' title='bbox 645 1131 735 1185; x_wconf 80' lang='grc'><strong>15.</strong></span> <span class='ocrx_word' id='word_1_103' title='bbox 757 1131 840 1186; x_wconf 78' lang='lat' dir='ltr'><strong>Ab</strong></span> <span class='ocrx_word' id='word_1_104' title='bbox 864 1132 1088 1186; x_wconf 87' lang='lat' dir='ltr'><strong>incursu</strong></span> <span class='ocrx_word' id='word_1_105' title='bbox 1119 1141 1173 1188; x_wconf 91' lang='lat' dir='ltr'><strong>et</strong></span> <span class='ocrx_word' id='word_1_106' title='bbox 1207 1133 1477 1187; x_wconf 64' lang='lat' dir='ltr'><strong>daemonio</strong></span> <span class='ocrx_word' id='word_1_107' title='bbox 1513 1133 1836 1188; x_wconf 90' lang='lat' dir='ltr'><strong>meridiano.</strong></span> 
     </span>
    </p>
   </div>
   <div class='ocr_carea' id='block_1_18' title="bbox 2261 1125 3855 1200">
    <p class='ocr_par' dir='ltr' id='par_1_18' title="bbox 2326 1125 3855 1200">
     <span class='ocr_line' id='line_1_18' title="bbox 2326 1125 3855 1200; baseline -0.003 -18"><span class='ocrx_word' id='word_1_108' title='bbox 2326 1129 2414 1183; x_wconf 79' lang='grc'><strong>15.</strong></span> <span class='ocrx_word' id='word_1_109' title='bbox 2441 1129 2574 1181; x_wconf 75' lang='grc' dir='ltr'>Ἀπὸ</span> <span class='ocrx_word' id='word_1_110' title='bbox 2615 1126 3017 1199; x_wconf 73' lang='grc' dir='ltr'>συμπτώματος</span> <span class='ocrx_word' id='word_1_111' title='bbox 3035 1129 3128 1182; x_wconf 80' lang='grc' dir='ltr'><strong>καὶ</strong></span> <span class='ocrx_word' id='word_1_112' title='bbox 3143 1128 3417 1198; x_wconf 87' lang='grc' dir='ltr'>δαιμονίου</span> <span class='ocrx_word' id='word_1_113' title='bbox 3442 1125 3855 1200; x_wconf 66' lang='grc' dir='ltr'>μεσημϐρινοῦ.</span> 
     </span>
    </p>
   </div>
   <div class='ocr_carea' id='block_1_19' title="bbox 642 1214 2236 1292">
    <p class='ocr_par' dir='ltr' id='par_1_19' title="bbox 642 1214 1546 1290">
     <span class='ocr_line' id='line_1_19' title="bbox 642 1214 1546 1290; baseline 0.003 -15"><span class='ocrx_word' id='word_1_114' title='bbox 642 1214 734 1275; x_wconf 58' lang='lat' dir='ltr'><strong>HI</strong></span> <span class='ocrx_word' id='word_1_115' title='bbox 766 1220 978 1277; x_wconf 83' lang='lat' dir='ltr'><strong>Cadent</strong></span> <span class='ocrx_word' id='word_1_116' title='bbox 999 1239 1028 1276; x_wconf 93' lang='lat' dir='ltr'><strong>a</strong></span> <span class='ocrx_word' id='word_1_117' title='bbox 1055 1224 1220 1279; x_wconf 87' lang='lat' dir='ltr'><strong>latere</strong></span> <span class='ocrx_word' id='word_1_118' title='bbox 1250 1234 1347 1278; x_wconf 85' lang='lat' dir='ltr'><strong>tuo</strong></span> <span class='ocrx_word' id='word_1_119' title='bbox 1376 1225 1546 1290; x_wconf 89' lang='lat' dir='ltr'><strong>mille,</strong></span> 
     </span>
    </p>
   </div>
   <div class='ocr_carea' id='block_1_20' title="bbox 1922 1214 3516 1292">
    <p class='ocr_par' dir='ltr' id='par_1_20' title="bbox 2329 1220 3516 1292">
     <span class='ocr_line' id='line_1_20' title="bbox 2329 1220 3516 1292; baseline 0.001 -19"><span class='ocrx_word' id='word_1_120' title='bbox 2329 1221 2414 1273; x_wconf 75' lang='lat' dir='ltr'><strong>M.</strong></span> <span class='ocrx_word' id='word_1_121' title='bbox 2459 1222 2710 1273; x_wconf 84' lang='grc' dir='ltr'>Πεσεῖται</span> <span class='ocrx_word' id='word_1_122' title='bbox 2739 1224 2802 1273; x_wconf 79' lang='grc' dir='ltr'>ἐκ</span> <span class='ocrx_word' id='word_1_123' title='bbox 2829 1220 2921 1273; x_wconf 76' lang='grc' dir='ltr'><strong>τοῦ</strong></span> <span class='ocrx_word' id='word_1_124' title='bbox 2951 1221 3165 1289; x_wconf 79' lang='grc' dir='ltr'>κλίτους</span> <span class='ocrx_word' id='word_1_125' title='bbox 3199 1238 3292 1273; x_wconf 93' lang='grc' dir='ltr'><strong>σου</strong></span> <span class='ocrx_word' id='word_1_126' title='bbox 3320 1221 3516 1292; x_wconf 77' lang='grc' dir='ltr'>χιλιὰς,</span> 
     </span>
    </p>
   </div>
   <div class='ocr_carea' id='block_1_21' title="bbox 649 1312 2243 1383">
    <p class='ocr_par' dir='ltr' id='par_1_21' title="bbox 649 1312 1719 1372">
     <span class='ocr_line' id='line_1_21' title="bbox 649 1312 1719 1372; baseline 0.002 -5"><span class='ocrx_word' id='word_1_127' title='bbox 649 1315 738 1369; x_wconf 96' lang='grc'><strong>15.</strong></span> <span class='ocrx_word' id='word_1_128' title='bbox 775 1312 842 1368; x_wconf 85' lang='lat' dir='ltr'><strong>Et</strong></span> <span class='ocrx_word' id='word_1_129' title='bbox 862 1315 1047 1370; x_wconf 87' lang='lat' dir='ltr'><strong>decem</strong></span> <span class='ocrx_word' id='word_1_130' title='bbox 1081 1315 1251 1370; x_wconf 90' lang='lat' dir='ltr'><strong>millia</strong></span> <span class='ocrx_word' id='word_1_131' title='bbox 1274 1331 1303 1369; x_wconf 89' lang='lat' dir='ltr'><strong>a</strong></span> <span class='ocrx_word' id='word_1_132' title='bbox 1331 1316 1542 1370; x_wconf 78' lang='lat' dir='ltr'><strong>dextris</strong></span> <span class='ocrx_word' id='word_1_133' title='bbox 1569 1316 1679 1372; x_wconf 86' lang='lat' dir='ltr'><strong>tuis</strong></span> <span class='ocrx_word' id='word_1_134' title='bbox 1705 1336 1719 1369; x_wconf 92' lang='lat'><strong>:</strong></span> 
     </span>
    </p>
   </div>
   <div class='ocr_carea' id='block_1_22' title="bbox 1676 1312 3270 1383">
    <p class='ocr_par' dir='ltr' id='par_1_22' title="bbox 1676 1312 3270 1383">
     <span class='ocr_line' id='line_1_22' title="bbox 1676 1312 3270 1383; baseline 0 -17"><span class='ocrx_word' id='word_1_135' title='bbox 1676 1351 1679 1366; x_wconf 79' lang='lat'><strong>.</strong></span> <span class='ocrx_word' id='word_1_136' title='bbox 1705 1336 1719 1369; x_wconf 93' lang='lat'><strong>:</strong></span> <span class='ocrx_word' id='word_1_137' title='bbox 2329 1312 2418 1366; x_wconf 85' lang='grc'><strong>15.</strong></span> <span class='ocrx_word' id='word_1_138' title='bbox 2459 1313 2569 1364; x_wconf 82' lang='lat' dir='ltr'><strong>Kal</strong></span> <span class='ocrx_word' id='word_1_139' title='bbox 2605 1312 2803 1383; x_wconf 83' lang='grc' dir='ltr'>μυριὰς</span> <span class='ocrx_word' id='word_1_140' title='bbox 2827 1315 2891 1364; x_wconf 85' lang='grc' dir='ltr'>ἐκ</span> <span class='ocrx_word' id='word_1_141' title='bbox 2922 1312 3114 1377; x_wconf 80' lang='grc' dir='ltr'><strong>δεξιῶν</strong></span> <span class='ocrx_word' id='word_1_142' title='bbox 3145 1329 3270 1366; x_wconf 88' lang='grc' dir='ltr'>σου·</span> 
     </span>
    </p>
   </div>
   <div class='ocr_carea' id='block_1_23' title="bbox 649 1403 2243 1479">
    <p class='ocr_par' dir='ltr' id='par_1_23' title="bbox 649 1405 1816 1479">
     <span class='ocr_line' id='line_1_23' title="bbox 649 1405 1816 1479; baseline 0.005 -21"><span class='ocrx_word' id='word_1_143' title='bbox 649 1405 739 1461; x_wconf 91' lang='grc'><strong>16.</strong></span> <span class='ocrx_word' id='word_1_144' title='bbox 774 1407 855 1461; x_wconf 82' lang='lat' dir='ltr'><strong>Ad</strong></span> <span class='ocrx_word' id='word_1_145' title='bbox 889 1416 941 1462; x_wconf 91' lang='lat' dir='ltr'><strong>te</strong></span> <span class='ocrx_word' id='word_1_146' title='bbox 968 1417 1147 1462; x_wconf 84' lang='lat' dir='ltr'><strong>autem</strong></span> <span class='ocrx_word' id='word_1_147' title='bbox 1185 1424 1290 1462; x_wconf 92' lang='lat' dir='ltr'><strong>non</strong></span> <span class='ocrx_word' id='word_1_148' title='bbox 1327 1408 1816 1479; x_wconf 82' lang='lat' dir='ltr'><strong>apprOpinquabit.</strong></span> 
     </span>
    </p>
   </div>
   <div class='ocr_carea' id='block_1_24' title="bbox 1532 1403 3126 1479">
    <p class='ocr_par' dir='ltr' id='par_1_24' title="bbox 1532 1403 3126 1479">
     <span class='ocr_line' id='line_1_24' title="bbox 1532 1403 3126 1479; baseline 0.001 -23"><span class='ocrx_word' id='word_1_149' title='bbox 1532 1408 1816 1479; x_wconf 78' lang='lat' dir='ltr'><strong>.inquabit,</strong></span> <span class='ocrx_word' id='word_1_150' title='bbox 2329 1403 2415 1457; x_wconf 98' lang='grc'><strong>16.</strong></span> <span class='ocrx_word' id='word_1_151' title='bbox 2460 1403 2604 1474; x_wconf 74' lang='grc' dir='ltr'>Πρὸς</span> <span class='ocrx_word' id='word_1_152' title='bbox 2635 1405 2692 1456; x_wconf 81' lang='grc' dir='ltr'>σὲ</span> <span class='ocrx_word' id='word_1_153' title='bbox 2716 1404 2774 1456; x_wconf 79' lang='grc' dir='ltr'><strong>δὲ</strong></span> <span class='ocrx_word' id='word_1_154' title='bbox 2811 1406 2908 1456; x_wconf 79' lang='grc' dir='ltr'><strong>οὐκ</strong></span> <span class='ocrx_word' id='word_1_155' title='bbox 2934 1407 3126 1473; x_wconf 81' lang='grc' dir='ltr'>ὲγγιεῖ.</span> 
     </span>
    </p>
   </div>
   <div class='ocr_carea' id='block_1_25' title="bbox 651 1495 2245 1570">
    <p class='ocr_par' dir='ltr' id='par_1_25' title="bbox 651 1499 1937 1557">
     <span class='ocr_line' id='line_1_25' title="bbox 651 1499 1937 1557; baseline 0.002 -5"><span class='ocrx_word' id='word_1_156' title='bbox 651 1499 740 1553; x_wconf 86' lang='grc'><strong>17.</strong></span> <span class='ocrx_word' id='word_1_157' title='bbox 770 1499 1155 1554; x_wconf 74' lang='lat' dir='ltr'><strong>Verumtamen</strong></span> <span class='ocrx_word' id='word_1_158' title='bbox 1185 1503 1358 1556; x_wconf 88' lang='lat' dir='ltr'><strong>oculis</strong></span> <span class='ocrx_word' id='word_1_159' title='bbox 1394 1502 1500 1556; x_wconf 93' lang='lat' dir='ltr'><strong>tuis</strong></span> <span class='ocrx_word' id='word_1_160' title='bbox 1529 1503 1937 1557; x_wconf 84' lang='lat' dir='ltr'><strong>considerabis:</strong></span> 
     </span>
    </p>
   </div>
   <div class='ocr_carea' id='block_1_26' title="bbox 2027 1495 3621 1570">
    <p class='ocr_par' dir='ltr' id='par_1_26' title="bbox 2327 1495 3621 1570">
     <span class='ocr_line' id='line_1_26' title="bbox 2327 1495 3621 1570; baseline 0.002 -22"><span class='ocrx_word' id='word_1_161' title='bbox 2327 1495 2414 1548; x_wconf 85' lang='grc'><strong>17.</strong></span> <span class='ocrx_word' id='word_1_162' title='bbox 2461 1495 2607 1565; x_wconf 83' lang='grc' dir='ltr'><strong>Πλὴν</strong></span> <span class='ocrx_word' id='word_1_163' title='bbox 2635 1499 2747 1557; x_wconf 84' lang='grc' dir='ltr'>τοῖς</span> <span class='ocrx_word' id='word_1_164' title='bbox 2772 1496 3068 1566; x_wconf 64' lang='grc' dir='ltr'>οφθαλιμοῖς</span> <span class='ocrx_word' id='word_1_165' title='bbox 3105 1514 3197 1549; x_wconf 91' lang='grc' dir='ltr'><strong>σου</strong></span> <span class='ocrx_word' id='word_1_166' title='bbox 3225 1499 3587 1570; x_wconf 79' lang='grc' dir='ltr'>κατανοήσεις</span> <span class='ocrx_word' id='word_1_167' title='bbox 3605 1513 3621 1528; x_wconf 86' lang='grc'><strong>·</strong></span> 
     </span>
    </p>
   </div>
   <div class='ocr_carea' id='block_1_27' title="bbox 653 1585 2247 1662">
    <p class='ocr_par' dir='ltr' id='par_1_27' title="bbox 653 1590 1917 1662">
     <span class='ocr_line' id='line_1_27' title="bbox 653 1590 1917 1662; baseline 0.001 -18"><span class='ocrx_word' id='word_1_168' title='bbox 653 1591 738 1644; x_wconf 88' lang='grc'><strong>18.</strong></span> <span class='ocrx_word' id='word_1_169' title='bbox 771 1590 835 1644; x_wconf 88' lang='lat' dir='ltr'><strong>Et</strong></span> <span class='ocrx_word' id='word_1_170' title='bbox 871 1591 1280 1646; x_wconf 89' lang='lat' dir='ltr'><strong>retributionem</strong></span> <span class='ocrx_word' id='word_1_171' title='bbox 1311 1602 1659 1662; x_wconf 87' lang='lat' dir='ltr'><strong>peccatorum</strong></span> <span class='ocrx_word' id='word_1_172' title='bbox 1689 1592 1917 1647; x_wconf 82' lang='lat' dir='ltr'><strong>videbis.</strong></span> 
     </span>
    </p>
   </div>
   <div class='ocr_carea' id='block_1_28' title="bbox 1895 1585 3489 1662">
    <p class='ocr_par' dir='ltr' id='par_1_28' title="bbox 1895 1585 3489 1660">
     <span class='ocr_line' id='line_1_28' title="bbox 1895 1585 3489 1660; baseline 0.003 -24"><span class='ocrx_word' id='word_1_173' title='bbox 1895 1627 1917 1645; x_wconf 87' lang='grc'><em>,,</em></span> <span class='ocrx_word' id='word_1_174' title='bbox 2329 1585 2416 1639; x_wconf 90' lang='grc'><strong>18.</strong></span> <span class='ocrx_word' id='word_1_175' title='bbox 2457 1586 2568 1638; x_wconf 79' lang='lat' dir='ltr'><strong>Kal</strong></span> <span class='ocrx_word' id='word_1_176' title='bbox 2593 1586 2943 1640; x_wconf 76' lang='grc' dir='ltr'>ἀνταπόδοσιν</span> <span class='ocrx_word' id='word_1_177' title='bbox 2980 1588 3322 1660; x_wconf 80' lang='grc' dir='ltr'>ἁμαρτωλῶν</span> <span class='ocrx_word' id='word_1_178' title='bbox 3352 1588 3489 1658; x_wconf 70' lang='grc' dir='ltr'>ὄψει.</span> 
     </span>
    </p>
   </div>
   <div class='ocr_carea' id='block_1_29' title="bbox 652 1676 2246 1753">
    <p class='ocr_par' dir='ltr' id='par_1_29' title="bbox 652 1680 1866 1753">
     <span class='ocr_line' id='line_1_29' title="bbox 652 1680 1866 1753; baseline 0.002 -18"><span class='ocrx_word' id='word_1_179' title='bbox 652 1682 740 1736; x_wconf 95' lang='grc'><strong>19.</strong></span> <span class='ocrx_word' id='word_1_180' title='bbox 773 1680 1043 1748; x_wconf 87' lang='lat' dir='ltr'><strong>Quoniam</strong></span> <span class='ocrx_word' id='word_1_181' title='bbox 1070 1692 1126 1736; x_wconf 92' lang='lat' dir='ltr'><strong>tu</strong></span> <span class='ocrx_word' id='word_1_182' title='bbox 1157 1698 1236 1744; x_wconf 87' lang='lat' dir='ltr'><strong>es,</strong></span> <span class='ocrx_word' id='word_1_183' title='bbox 1268 1681 1513 1747; x_wconf 89' lang='lat' dir='ltr'><strong>Domine,</strong></span> <span class='ocrx_word' id='word_1_184' title='bbox 1547 1699 1673 1753; x_wconf 90' lang='lat' dir='ltr'><strong>spes</strong></span> <span class='ocrx_word' id='word_1_185' title='bbox 1703 1700 1822 1738; x_wconf 86' lang='lat' dir='ltr'><strong>mea</strong></span> <span class='ocrx_word' id='word_1_186' title='bbox 1854 1704 1866 1738; x_wconf 88' lang='lat'><strong>:</strong></span> 
     </span>
    </p>
   </div>
   <div class='ocr_carea' id='block_1_30' title="bbox 1764 1676 3358 1753">
    <p class='ocr_par' dir='ltr' id='par_1_30' title="bbox 1764 1676 3358 1749">
     <span class='ocr_line' id='line_1_30' title="bbox 1764 1676 3358 1749; baseline -0.001 -17"><span class='ocrx_word' id='word_1_187' title='bbox 1764 1700 1822 1738; x_wconf 81' lang='lat' dir='ltr'><strong>ea</strong></span> <span class='ocrx_word' id='word_1_188' title='bbox 1854 1704 1866 1738; x_wconf 83' lang='lat'><strong>:</strong></span> <span class='ocrx_word' id='word_1_189' title='bbox 2330 1676 2416 1731; x_wconf 88' lang='grc'><strong>19.</strong></span> <span class='ocrx_word' id='word_1_190' title='bbox 2457 1677 2579 1729; x_wconf 85' lang='grc' dir='ltr'>’Ότι</span> <span class='ocrx_word' id='word_1_191' title='bbox 2622 1677 2709 1743; x_wconf 80' lang='grc' dir='ltr'>σὺ,</span> <span class='ocrx_word' id='word_1_192' title='bbox 2743 1677 2938 1749; x_wconf 82' lang='grc' dir='ltr'>Κύριε,</span> <span class='ocrx_word' id='word_1_193' title='bbox 2973 1679 3005 1748; x_wconf 85' lang='grc' dir='ltr'>ἠ</span> <span class='ocrx_word' id='word_1_194' title='bbox 3038 1677 3193 1741; x_wconf 83' lang='grc' dir='ltr'>ἐλπίς</span> <span class='ocrx_word' id='word_1_195' title='bbox 3224 1696 3323 1746; x_wconf 87' lang='grc' dir='ltr'><strong>μου</strong></span> <span class='ocrx_word' id='word_1_196' title='bbox 3345 1696 3358 1708; x_wconf 74' lang='grc' dir='ltr'><strong>ο</strong></span> 
     </span>
    </p>
   </div>
   <div class='ocr_carea' id='block_1_31' title="bbox 649 1768 2243 1846">
    <p class='ocr_par' dir='ltr' id='par_1_31' title="bbox 649 1768 1890 1846">
     <span class='ocr_line' id='line_1_31' title="bbox 649 1768 1890 1846; baseline 0.003 -20"><span class='ocrx_word' id='word_1_197' title='bbox 649 1773 742 1827; x_wconf 88' lang='grc'><strong>20.</strong></span> <span class='ocrx_word' id='word_1_198' title='bbox 773 1768 1114 1828; x_wconf 84' lang='lat' dir='ltr'><strong>Altissimum</strong></span> <span class='ocrx_word' id='word_1_199' title='bbox 1145 1775 1374 1845; x_wconf 84' lang='lat' dir='ltr'><strong>posuisti</strong></span> <span class='ocrx_word' id='word_1_200' title='bbox 1404 1775 1672 1846; x_wconf 79' lang='lat' dir='ltr'><strong>refugium</strong></span> <span class='ocrx_word' id='word_1_201' title='bbox 1714 1786 1890 1832; x_wconf 92' lang='lat' dir='ltr'><strong>tuum.</strong></span> 
     </span>
    </p>
   </div>
   <div class='ocr_carea' id='block_1_32' title="bbox 1926 1768 3520 1846">
    <p class='ocr_par' dir='ltr' id='par_1_32' title="bbox 2331 1768 3520 1840">
     <span class='ocr_line' id='line_1_32' title="bbox 2331 1768 3520 1840; baseline 0.003 -19"><span class='ocrx_word' id='word_1_202' title='bbox 2331 1768 2422 1822; x_wconf 89' lang='lat'><strong>20.</strong></span> <span class='ocrx_word' id='word_1_203' title='bbox 2462 1768 2565 1821; x_wconf 85' lang='grc' dir='ltr'>Τὸν</span> <span class='ocrx_word' id='word_1_204' title='bbox 2593 1769 2856 1838; x_wconf 74' lang='grc' dir='ltr'>’Υψιστον</span> <span class='ocrx_word' id='word_1_205' title='bbox 2889 1770 3012 1823; x_wconf 78' lang='grc' dir='ltr'>ἔθου</span> <span class='ocrx_word' id='word_1_206' title='bbox 3047 1772 3372 1840; x_wconf 85' lang='grc' dir='ltr'>καταφυγήν</span> <span class='ocrx_word' id='word_1_207' title='bbox 3408 1789 3520 1826; x_wconf 92' lang='grc' dir='ltr'>σου.</span> 
     </span>
    </p>
   </div>
   <div class='ocr_carea' id='block_1_33' title="bbox 650 1849 2244 1932">
    <p class='ocr_par' dir='ltr' id='par_1_33' title="bbox 650 1849 2234 1919">
     <span class='ocr_line' id='line_1_33' title="bbox 650 1849 2234 1919; baseline 0.004 -4"><span class='ocrx_word' id='word_1_208' title='bbox 650 1862 742 1916; x_wconf 92' lang='grc'><strong>21.</strong></span> <span class='ocrx_word' id='word_1_209' title='bbox 774 1860 891 1917; x_wconf 83' lang='lat' dir='ltr'><strong>Non</strong></span> <span class='ocrx_word' id='word_1_210' title='bbox 928 1864 1147 1918; x_wconf 90' lang='lat' dir='ltr'><strong>accedet</strong></span> <span class='ocrx_word' id='word_1_211' title='bbox 1176 1865 1243 1918; x_wconf 91' lang='lat' dir='ltr'><strong>ad</strong></span> <span class='ocrx_word' id='word_1_212' title='bbox 1275 1874 1326 1918; x_wconf 90' lang='lat' dir='ltr'><strong>te</strong></span> <span class='ocrx_word' id='word_1_213' title='bbox 1358 1868 1562 1919; x_wconf 84' lang='lat' dir='ltr'><strong>malum</strong></span> <span class='ocrx_word' id='word_1_214' title='bbox 1590 1886 1601 1919; x_wconf 94' lang='lat'><strong>:</strong></span> <span class='ocrx_word' id='word_1_215' title='bbox 2185 1849 2234 1908; x_wconf 74' lang='grc' dir='ltr'>Β</span> 
     </span>
    </p>
   </div>
   <div class='ocr_carea' id='block_1_34' title="bbox 1866 1849 3460 1932">
    <p class='ocr_par' dir='ltr' id='par_1_34' title="bbox 2185 1849 3460 1932">
     <span class='ocr_line' id='line_1_34' title="bbox 2185 1849 3460 1932; baseline 0.005 -23"><span class='ocrx_word' id='word_1_216' title='bbox 2185 1849 2234 1908; x_wconf 80' lang='grc' dir='ltr'>Β</span> <span class='ocrx_word' id='word_1_217' title='bbox 2332 1859 2422 1913; x_wconf 89' lang='grc'><strong>21.</strong></span> <span class='ocrx_word' id='word_1_218' title='bbox 2460 1862 2536 1913; x_wconf 85' lang='grc' dir='ltr'><strong>Οὐ</strong></span> <span class='ocrx_word' id='word_1_219' title='bbox 2571 1862 2996 1929; x_wconf 80' lang='grc' dir='ltr'>προσελεύσετ-αι</span> <span class='ocrx_word' id='word_1_220' title='bbox 3026 1863 3161 1932; x_wconf 85' lang='grc' dir='ltr'>πρὸς</span> <span class='ocrx_word' id='word_1_221' title='bbox 3193 1863 3250 1915; x_wconf 80' lang='grc' dir='ltr'>σὲ</span> <span class='ocrx_word' id='word_1_222' title='bbox 3277 1863 3421 1916; x_wconf 87' lang='grc' dir='ltr'><strong>κακά</strong></span> <span class='ocrx_word' id='word_1_223' title='bbox 3449 1879 3460 1890; x_wconf 90' lang='grc'><strong>·</strong></span> 
     </span>
    </p>
   </div>
   <div class='ocr_carea' id='block_1_35' title="bbox 650 1949 2244 2028">
    <p class='ocr_par' dir='ltr' id='par_1_35' title="bbox 650 1953 2161 2028">
     <span class='ocr_line' id='line_1_35' title="bbox 650 1953 2161 2028; baseline 0.004 -21"><span class='ocrx_word' id='word_1_224' title='bbox 650 1953 742 2007; x_wconf 89' lang='grc'><strong>22.</strong></span> <span class='ocrx_word' id='word_1_225' title='bbox 794 1954 858 2009; x_wconf 88' lang='lat' dir='ltr'><strong>Et</strong></span> <span class='ocrx_word' id='word_1_226' title='bbox 909 1955 1180 2026; x_wconf 78' lang='lat' dir='ltr'><strong>ﬂagellqu</strong></span> <span class='ocrx_word' id='word_1_227' title='bbox 1232 1972 1341 2011; x_wconf 88' lang='lat' dir='ltr'><strong>non</strong></span> <span class='ocrx_word' id='word_1_228' title='bbox 1396 1958 1854 2028; x_wconf 81' lang='lat' dir='ltr'><strong>auorOpinquabit</strong></span> <span class='ocrx_word' id='word_1_229' title='bbox 1911 1959 2161 2014; x_wconf 89' lang='lat' dir='ltr'><strong>taberna-</strong></span> 
     </span>
    </p>
   </div>
   <div class='ocr_carea' id='block_1_36' title="bbox 2269 1949 3863 2028">
    <p class='ocr_par' dir='ltr' id='par_1_36' title="bbox 2328 1949 3863 2027">
     <span class='ocr_line' id='line_1_36' title="bbox 2328 1949 3863 2027; baseline 0.004 -24"><span class='ocrx_word' id='word_1_230' title='bbox 2328 1949 2418 2003; x_wconf 86' lang='grc'><strong>22.</strong></span> <span class='ocrx_word' id='word_1_231' title='bbox 2455 1952 2564 2005; x_wconf 82' lang='grc' dir='ltr'>Καὶ</span> <span class='ocrx_word' id='word_1_232' title='bbox 2593 1952 2788 2023; x_wconf 79' lang='grc' dir='ltr'>μάστιξ</span> <span class='ocrx_word' id='word_1_233' title='bbox 2831 1953 2929 2005; x_wconf 82' lang='grc' dir='ltr'><strong>οὐκ</strong></span> <span class='ocrx_word' id='word_1_234' title='bbox 2978 1956 3156 2021; x_wconf 80' lang='grc' dir='ltr'>ὲγγιεῖ</span> <span class='ocrx_word' id='word_1_235' title='bbox 3191 1956 3247 2006; x_wconf 84' lang='grc' dir='ltr'>ὲν</span> <span class='ocrx_word' id='word_1_236' title='bbox 3295 1953 3370 2024; x_wconf 85' lang='grc' dir='ltr'><strong>(α)</strong></span> <span class='ocrx_word' id='word_1_237' title='bbox 3413 1953 3492 2023; x_wconf 80' lang='grc' dir='ltr'>τῷ</span> <span class='ocrx_word' id='word_1_238' title='bbox 3529 1954 3863 2027; x_wconf 73' lang='grc' dir='ltr'>σκηνώματι</span> 
     </span>
    </p>
   </div>
   <div class='ocr_carea' id='block_1_37' title="bbox 584 2045 2383 2100">
    <p class='ocr_par' dir='ltr' id='par_1_37' title="bbox 584 2045 2383 2100">
     <span class='ocr_line' id='line_1_37' title="bbox 584 2045 2383 2100; baseline -0.002 -1"><span class='ocrx_word' id='word_1_239' title='bbox 584 2045 709 2099; x_wconf 90' lang='lat' dir='ltr'><strong>culo</strong></span> <span class='ocrx_word' id='word_1_240' title='bbox 736 2055 852 2100; x_wconf 88' lang='lat' dir='ltr'><strong>tuo.</strong></span> <span class='ocrx_word' id='word_1_241' title='bbox 2267 2059 2383 2095; x_wconf 88' lang='grc' dir='ltr'>σου.</span> 
     </span>
    </p>
   </div>
   <div class='ocr_carea' id='block_1_38' title="bbox 651 2133 1944 2207">
    <p class='ocr_par' dir='ltr' id='par_1_38' title="bbox 651 2133 1944 2207">
     <span class='ocr_line' id='line_1_38' title="bbox 651 2133 1944 2207; baseline 0.004 -19"><span class='ocrx_word' id='word_1_242' title='bbox 651 2133 744 2190; x_wconf 77' lang='lat'><strong>25.</strong></span> <span class='ocrx_word' id='word_1_243' title='bbox 772 2133 1047 2201; x_wconf 84' lang='lat' dir='ltr'><strong>Quoniam</strong></span> <span class='ocrx_word' id='word_1_244' title='bbox 1081 2137 1288 2207; x_wconf 78' lang='lat' dir='ltr'><strong>angelis</strong></span> <span class='ocrx_word' id='word_1_245' title='bbox 1321 2137 1436 2192; x_wconf 85' lang='lat' dir='ltr'><strong>suis</strong></span> <span class='ocrx_word' id='word_1_246' title='bbox 1468 2137 1745 2193; x_wconf 82' lang='lat' dir='ltr'><strong>mandavit</strong></span> <span class='ocrx_word' id='word_1_247' title='bbox 1777 2140 1843 2194; x_wconf 93' lang='lat' dir='ltr'><strong>de</strong></span> <span class='ocrx_word' id='word_1_248' title='bbox 1872 2148 1944 2206; x_wconf 87' lang='lat' dir='ltr'><strong>te,</strong></span> 
     </span>
    </p>
   </div>
   <div class='ocr_carea' id='block_1_39' title="bbox 652 2225 1936 2288">
    <p class='ocr_par' dir='ltr' id='par_1_39' title="bbox 652 2225 1936 2288">
     <span class='ocr_line' id='line_1_39' title="bbox 652 2225 1936 2288; baseline 0.005 -6"><span class='ocrx_word' id='word_1_249' title='bbox 652 2227 745 2283; x_wconf 78' lang='grc'><strong>24.</strong></span> <span class='ocrx_word' id='word_1_250' title='bbox 773 2225 846 2283; x_wconf 88' lang='lat' dir='ltr'><strong>Ut</strong></span> <span class='ocrx_word' id='word_1_251' title='bbox 877 2230 1191 2285; x_wconf 89' lang='lat' dir='ltr'><strong>custodiant</strong></span> <span class='ocrx_word' id='word_1_252' title='bbox 1216 2240 1267 2285; x_wconf 91' lang='lat' dir='ltr'><strong>te</strong></span> <span class='ocrx_word' id='word_1_253' title='bbox 1298 2232 1352 2285; x_wconf 90' lang='lat' dir='ltr'><strong>in</strong></span> <span class='ocrx_word' id='word_1_254' title='bbox 1378 2233 1633 2287; x_wconf 89' lang='lat' dir='ltr'><strong>omnibus</strong></span> <span class='ocrx_word' id='word_1_255' title='bbox 1665 2233 1770 2287; x_wconf 88' lang='lat' dir='ltr'><strong>viis</strong></span> <span class='ocrx_word' id='word_1_256' title='bbox 1805 2235 1936 2288; x_wconf 87' lang='lat' dir='ltr'><strong>tuis.</strong></span> 
     </span>
    </p>
   </div>
   <div class='ocr_carea' id='block_1_40' title="bbox 650 2318 1551 2392">
    <p class='ocr_par' dir='ltr' id='par_1_40' title="bbox 650 2318 1551 2392">
     <span class='ocr_line' id='line_1_40' title="bbox 650 2318 1551 2392; baseline 0.004 -19"><span class='ocrx_word' id='word_1_257' title='bbox 650 2320 741 2375; x_wconf 85' lang='lat'><strong>25.</strong></span> <span class='ocrx_word' id='word_1_258' title='bbox 781 2318 840 2375; x_wconf 81' lang='lat' dir='ltr'><strong>In</strong></span> <span class='ocrx_word' id='word_1_259' title='bbox 868 2321 1125 2377; x_wconf 88' lang='lat' dir='ltr'><strong>manibus</strong></span> <span class='ocrx_word' id='word_1_260' title='bbox 1144 2323 1435 2392; x_wconf 87' lang='lat' dir='ltr'><strong>portabunt</strong></span> <span class='ocrx_word' id='word_1_261' title='bbox 1461 2333 1511 2377; x_wconf 91' lang='lat' dir='ltr'><strong>te</strong></span> <span class='ocrx_word' id='word_1_262' title='bbox 1536 2341 1551 2377; x_wconf 86' lang='lat'>;</span> 
     </span>
    </p>
   </div>
   <div class='ocr_carea' id='block_1_41' title="bbox 656 2438 1060 2507">
    <p class='ocr_par' dir='ltr' id='par_1_41' title="bbox 656 2438 1060 2507">
     <span class='ocr_line' id='line_1_41' title="bbox 656 2438 1060 2507; baseline 0.005 -19"><span class='ocrx_word' id='word_1_263' title='bbox 656 2438 733 2507; x_wconf 84' lang='grc' dir='ltr'><strong>(α)</strong></span> <span class='ocrx_word' id='word_1_264' title='bbox 774 2438 870 2490; x_wconf 78' lang='grc' dir='ltr'><strong>Ἐν</strong></span> <span class='ocrx_word' id='word_1_265' title='bbox 891 2438 1060 2492; x_wconf 72' lang='lat' dir='ltr'><strong>deCSt.</strong></span> 
     </span>
    </p>
   </div>
   <div class='ocr_carea' id='block_1_42' title="bbox 2331 2156 3858 2232">
    <p class='ocr_par' dir='ltr' id='par_1_42' title="bbox 2331 2156 3858 2232">
     <span class='ocr_line' id='line_1_42' title="bbox 2331 2156 3858 2232; baseline 0.004 -24"><span class='ocrx_word' id='word_1_266' title='bbox 2331 2156 2422 2209; x_wconf 76' lang='grc'><strong>25.</strong></span> <span class='ocrx_word' id='word_1_267' title='bbox 2461 2159 2583 2211; x_wconf 85' lang='grc' dir='ltr'>Ὅτι</span> <span class='ocrx_word' id='word_1_268' title='bbox 2611 2163 2725 2222; x_wconf 83' lang='grc' dir='ltr'>τοῖς</span> <span class='ocrx_word' id='word_1_269' title='bbox 2749 2161 3007 2227; x_wconf 78' lang='grc' dir='ltr'><strong>ἀγγέλοις</strong></span> <span class='ocrx_word' id='word_1_270' title='bbox 3039 2159 3205 2214; x_wconf 76' lang='grc' dir='ltr'>αὐτοῦ</span> <span class='ocrx_word' id='word_1_271' title='bbox 3236 2160 3527 2214; x_wconf 76' lang='grc' dir='ltr'>ἐντελεῖται</span> <span class='ocrx_word' id='word_1_272' title='bbox 3558 2162 3695 2232; x_wconf 72' lang='grc' dir='ltr'>περὶ</span> <span class='ocrx_word' id='word_1_273' title='bbox 3720 2159 3818 2214; x_wconf 79' lang='grc' dir='ltr'>σοῦ</span> <span class='ocrx_word' id='word_1_274' title='bbox 3845 2205 3858 2221; x_wconf 86' lang='grc'><em>,</em></span> 
     </span>
    </p>
   </div>
   <div class='ocr_carea' id='block_1_43' title="bbox 2335 2247 3834 2319">
    <p class='ocr_par' dir='ltr' id='par_1_43' title="bbox 2335 2247 3834 2319">
     <span class='ocr_line' id='line_1_43' title="bbox 2335 2247 3834 2319; baseline 0.005 -19"><span class='ocrx_word' id='word_1_275' title='bbox 2335 2247 2424 2302; x_wconf 75' lang='grc'><strong>24.</strong></span> <span class='ocrx_word' id='word_1_276' title='bbox 2467 2249 2572 2302; x_wconf 79' lang='grc' dir='ltr'><strong>Τοῦ</strong></span> <span class='ocrx_word' id='word_1_277' title='bbox 2602 2250 2926 2319; x_wconf 80' lang='grc' dir='ltr'>διαφυλάξαι</span> <span class='ocrx_word' id='word_1_278' title='bbox 2965 2269 3024 2304; x_wconf 88' lang='grc' dir='ltr'><strong>σε</strong></span> <span class='ocrx_word' id='word_1_279' title='bbox 3054 2254 3111 2305; x_wconf 84' lang='grc' dir='ltr'>ὲν</span> <span class='ocrx_word' id='word_1_280' title='bbox 3154 2253 3352 2316; x_wconf 85' lang='grc' dir='ltr'>πάσαις</span> <span class='ocrx_word' id='word_1_281' title='bbox 3389 2255 3510 2316; x_wconf 84' lang='grc' dir='ltr'>ταῖς</span> <span class='ocrx_word' id='word_1_282' title='bbox 3535 2254 3684 2318; x_wconf 83' lang='grc' dir='ltr'>ὁδοῖς</span> <span class='ocrx_word' id='word_1_283' title='bbox 3717 2271 3834 2308; x_wconf 84' lang='grc' dir='ltr'>σου.</span> 
     </span>
    </p>
   </div>
   <div class='ocr_carea' id='block_1_44' title="bbox 2334 2339 3168 2415">
    <p class='ocr_par' dir='ltr' id='par_1_44' title="bbox 2334 2339 3168 2415">
     <span class='ocr_line' id='line_1_44' title="bbox 2334 2339 3168 2415; baseline 0.005 -21"><span class='ocrx_word' id='word_1_284' title='bbox 2334 2339 2424 2395; x_wconf 76' lang='grc'><strong>25.</strong></span> <span class='ocrx_word' id='word_1_285' title='bbox 2475 2343 2597 2395; x_wconf 70' lang='grc' dir='ltr'>Ἐπὶ</span> <span class='ocrx_word' id='word_1_286' title='bbox 2626 2343 2824 2415; x_wconf 85' lang='grc' dir='ltr'>χειρῶν</span> <span class='ocrx_word' id='word_1_287' title='bbox 2855 2343 3047 2414; x_wconf 82' lang='grc' dir='ltr'>ἀροῦσί</span> <span class='ocrx_word' id='word_1_288' title='bbox 3073 2363 3130 2398; x_wconf 91' lang='grc' dir='ltr'><strong>σε</strong></span> <span class='ocrx_word' id='word_1_289' title='bbox 3153 2363 3168 2376; x_wconf 86' lang='grc'><strong>·</strong></span> 
     </span>
    </p>
   </div>
   <div class='ocr_carea' id='block_1_45' title="bbox 1718 2630 2720 2692">
    <p class='ocr_par' dir='ltr' id='par_1_45' title="bbox 1718 2630 2720 2692">
     <span class='ocr_line' id='line_1_45' title="bbox 1718 2630 2720 2692; baseline 0.008 -8"><span class='ocrx_word' id='word_1_290' title='bbox 1718 2630 2091 2686; x_wconf 75' lang='lat' dir='ltr'><strong>ATHANASII</strong></span> <span class='ocrx_word' id='word_1_291' title='bbox 2132 2633 2720 2692; x_wconf 77' lang='lat' dir='ltr'><strong>lNTERPRETATlO.</strong></span> 
     </span>
    </p>
   </div>
   <div class='ocr_carea' id='block_1_46' title="bbox 657 2782 2251 2869">
    <p class='ocr_par' dir='ltr' id='par_1_46' title="bbox 657 2782 1670 2842">
     <span class='ocr_line' id='line_1_46' title="bbox 657 2782 1670 2842; baseline 0.002 -3"><span class='ocrx_word' id='word_1_292' title='bbox 657 2782 713 2839; x_wconf 85' lang='lat'><strong>6.</strong></span> <span class='ocrx_word' id='word_1_293' title='bbox 743 2784 809 2840; x_wconf 83' lang='lat' dir='ltr'><strong>Et</strong></span> <span class='ocrx_word' id='word_1_294' title='bbox 833 2785 902 2840; x_wconf 89' lang='lat' dir='ltr'><strong>ab</strong></span> <span class='ocrx_word' id='word_1_295' title='bbox 925 2787 1074 2841; x_wconf 88' lang='lat' dir='ltr'><strong>omni</strong></span> <span class='ocrx_word' id='word_1_296' title='bbox 1107 2787 1372 2842; x_wconf 85' lang='lat' dir='ltr'><strong>diabolica</strong></span> <span class='ocrx_word' id='word_1_297' title='bbox 1399 2787 1670 2842; x_wconf 77' lang='lat' dir='ltr'><strong>doctrina.</strong></span> 
     </span>
    </p>
   </div>
   <div class='ocr_carea' id='block_1_47' title="bbox 1985 2782 3579 2869">
    <p class='ocr_par' dir='ltr' id='par_1_47' title="bbox 2340 2795 3579 2869">
     <span class='ocr_line' id='line_1_47' title="bbox 2340 2795 3579 2869; baseline 0 -15"><span class='ocrx_word' id='word_1_298' title='bbox 2340 2800 2393 2854; x_wconf 88' lang='lat'><strong>6.</strong></span> <span class='ocrx_word' id='word_1_299' title='bbox 2437 2800 2545 2852; x_wconf 79' lang='lat' dir='ltr'><strong>Kal</strong></span> <span class='ocrx_word' id='word_1_300' title='bbox 2570 2799 2677 2851; x_wconf 80' lang='grc' dir='ltr'><strong>ἀπὸ</strong></span> <span class='ocrx_word' id='word_1_301' title='bbox 2709 2798 2891 2869; x_wconf 84' lang='grc' dir='ltr'>πάσης</span> <span class='ocrx_word' id='word_1_302' title='bbox 2915 2795 3262 2863; x_wconf 82' lang='grc' dir='ltr'>διδασκαλίας</span> <span class='ocrx_word' id='word_1_303' title='bbox 3294 2801 3579 2855; x_wconf 85' lang='grc' dir='ltr'>διαϐὁλων.</span> 
     </span>
    </p>
   </div>
   <div class='ocr_carea' id='block_1_48' title="bbox 660 2873 2254 2963">
    <p class='ocr_par' dir='ltr' id='par_1_48' title="bbox 660 2873 1582 2932">
     <span class='ocr_line' id='line_1_48' title="bbox 660 2873 1582 2932; baseline 0.004 -6"><span class='ocrx_word' id='word_1_304' title='bbox 660 2875 712 2927; x_wconf 85' lang='lat'><strong>7.</strong></span> <span class='ocrx_word' id='word_1_305' title='bbox 742 2873 800 2929; x_wconf 87' lang='lat' dir='ltr'><strong>In</strong></span> <span class='ocrx_word' id='word_1_306' title='bbox 822 2877 982 2931; x_wconf 83' lang='lat' dir='ltr'><strong>donis</strong></span> <span class='ocrx_word' id='word_1_307' title='bbox 1011 2877 1125 2932; x_wconf 92' lang='lat' dir='ltr'><strong>suis</strong></span> <span class='ocrx_word' id='word_1_308' title='bbox 1155 2877 1483 2931; x_wconf 81' lang='lat' dir='ltr'><strong>refocillabit</strong></span> <span class='ocrx_word' id='word_1_309' title='bbox 1511 2888 1582 2930; x_wconf 91' lang='lat' dir='ltr'><strong>te.</strong></span> 
     </span>
    </p>
   </div>
   <div class='ocr_carea' id='block_1_49' title="bbox 1866 2873 3460 2963">
    <p class='ocr_par' dir='ltr' id='par_1_49' title="bbox 2343 2893 3460 2963">
     <span class='ocr_line' id='line_1_49' title="bbox 2343 2893 3460 2963; baseline -0.003 -16"><span class='ocrx_word' id='word_1_310' title='bbox 2343 2895 2392 2947; x_wconf 90' lang='lat'><strong>7.</strong></span> <span class='ocrx_word' id='word_1_311' title='bbox 2419 2893 2509 2946; x_wconf 82' lang='grc' dir='ltr'>Ἐν</span> <span class='ocrx_word' id='word_1_312' title='bbox 2541 2895 2653 2955; x_wconf 85' lang='grc' dir='ltr'>τοῖς</span> <span class='ocrx_word' id='word_1_313' title='bbox 2683 2893 3018 2963; x_wconf 86' lang='grc' dir='ltr'>χαρίσμασιν</span> <span class='ocrx_word' id='word_1_314' title='bbox 3051 2893 3352 2946; x_wconf 77' lang='grc' dir='ltr'>ἀναπαύσει</span> <span class='ocrx_word' id='word_1_315' title='bbox 3380 2911 3460 2946; x_wconf 88' lang='grc' dir='ltr'>σε.</span> 
     </span>
    </p>
   </div>
   <div class='ocr_carea' id='block_1_50' title="bbox 653 2966 2247 3053">
    <p class='ocr_par' dir='ltr' id='par_1_50' title="bbox 653 2966 2173 3039">
     <span class='ocr_line' id='line_1_50' title="bbox 653 2966 2173 3039; baseline 0.006 -18"><span class='ocrx_word' id='word_1_316' title='bbox 653 2967 707 3022; x_wconf 88' lang='lat'><strong>8.</strong></span> <span class='ocrx_word' id='word_1_317' title='bbox 735 2968 802 3022; x_wconf 90' lang='lat' dir='ltr'><strong>Et</strong></span> <span class='ocrx_word' id='word_1_318' title='bbox 845 2969 903 3022; x_wconf 90' lang='lat' dir='ltr'><strong>in</strong></span> <span class='ocrx_word' id='word_1_319' title='bbox 935 2966 1148 3023; x_wconf 89' lang='lat' dir='ltr'><strong>duobus</strong></span> <span class='ocrx_word' id='word_1_320' title='bbox 1188 2967 1549 3025; x_wconf 81' lang='lat' dir='ltr'><strong>Testamentis</strong></span> <span class='ocrx_word' id='word_1_321' title='bbox 1581 2968 1703 3039; x_wconf 90' lang='lat' dir='ltr'><strong>ejus</strong></span> <span class='ocrx_word' id='word_1_322' title='bbox 1730 2971 1959 3029; x_wconf 88' lang='lat' dir='ltr'><strong>credens</strong></span> <span class='ocrx_word' id='word_1_323' title='bbox 1990 2972 2173 3031; x_wconf 81' lang='lat' dir='ltr'><strong>salvus</strong></span> 
     </span>
    </p>
   </div>
   <div class='ocr_carea' id='block_1_51' title="bbox 2274 2966 3868 3053">
    <p class='ocr_par' dir='ltr' id='par_1_51' title="bbox 2339 2978 3868 3053">
     <span class='ocr_line' id='line_1_51' title="bbox 2339 2978 3868 3053; baseline -0.005 -12"><span class='ocrx_word' id='word_1_324' title='bbox 2339 2987 2393 3042; x_wconf 82' lang='lat'><strong>8.</strong></span> <span class='ocrx_word' id='word_1_325' title='bbox 2434 2985 2543 3038; x_wconf 88' lang='lat' dir='ltr'><strong>Kal</strong></span> <span class='ocrx_word' id='word_1_326' title='bbox 2588 2985 2644 3035; x_wconf 75' lang='grc' dir='ltr'><strong>ἐν</strong></span> <span class='ocrx_word' id='word_1_327' title='bbox 2688 2986 2805 3045; x_wconf 87' lang='grc' dir='ltr'>ταῖς</span> <span class='ocrx_word' id='word_1_328' title='bbox 2834 2982 2984 3036; x_wconf 72' lang='grc' dir='ltr'>δυσὶν</span> <span class='ocrx_word' id='word_1_329' title='bbox 3031 2981 3194 3035; x_wconf 75' lang='grc' dir='ltr'>αὑτοῦ</span> <span class='ocrx_word' id='word_1_330' title='bbox 3236 2982 3534 3053; x_wconf 85' lang='grc' dir='ltr'>Διαθήκαις</span> <span class='ocrx_word' id='word_1_331' title='bbox 3563 2978 3868 3044; x_wconf 76' lang='grc' dir='ltr'>πιστεύσας</span> 
     </span>
    </p>
   </div>
   <div class='ocr_carea' id='block_1_52' title="bbox 592 3059 2186 3147">
    <p class='ocr_par' dir='ltr' id='par_1_52' title="bbox 592 3059 1045 3116">
     <span class='ocr_line' id='line_1_52' title="bbox 592 3059 1045 3116; baseline -0.011 -4"><span class='ocrx_word' id='word_1_332' title='bbox 592 3059 711 3116; x_wconf 84' lang='lat' dir='ltr'><strong>ﬁes.</strong></span> <span class='ocrx_word' id='word_1_333' title='bbox 1042 3100 1045 3107; x_wconf 97' lang='lat'><strong>.</strong></span> 
     </span>
    </p>
   </div>
   <div class='ocr_carea' id='block_1_53' title="bbox 921 3059 2515 3147">
    <p class='ocr_par' dir='ltr' id='par_1_53' title="bbox 1042 3075 2515 3147">
     <span class='ocr_line' id='line_1_53' title="bbox 1042 3075 2515 3147; baseline -0.001 -19"><span class='ocrx_word' id='word_1_334' title='bbox 1042 3100 1045 3107; x_wconf 88' lang='lat'><strong><em>-</em></strong></span> <span class='ocrx_word' id='word_1_335' title='bbox 2274 3075 2515 3147; x_wconf 80' lang='grc' dir='ltr'>σωθήσῃ.</span> 
     </span>
    </p>
   </div>
   <div class='ocr_carea' id='block_1_54' title="bbox 665 3153 2259 3254">
    <p class='ocr_par' dir='ltr' id='par_1_54' title="bbox 665 3153 2240 3254">
     <span class='ocr_line' id='line_1_54' title="bbox 665 3153 2240 3254; baseline 0.005 -45"><span class='ocrx_word' id='word_1_336' title='bbox 665 3154 718 3209; x_wconf 89' lang='grc'><strong>9.</strong></span> <span class='ocrx_word' id='word_1_337' title='bbox 747 3153 1198 3211; x_wconf 88' lang='lat' dir='ltr'><strong>Invulnerabilem</strong></span> <span class='ocrx_word' id='word_1_338' title='bbox 1228 3165 1282 3212; x_wconf 91' lang='lat' dir='ltr'><strong>te</strong></span> <span class='ocrx_word' id='word_1_339' title='bbox 1314 3157 1580 3212; x_wconf 86' lang='lat' dir='ltr'><strong>custodiet</strong></span> <span class='ocrx_word' id='word_1_340' title='bbox 1606 3155 1779 3227; x_wconf 82' lang='lat' dir='ltr'><strong>gratia</strong></span> <span class='ocrx_word' id='word_1_341' title='bbox 1809 3157 2004 3230; x_wconf 80' lang='lat' dir='ltr'><strong>ipsius.</strong></span> <span class='ocrx_word' id='word_1_342' title='bbox 2196 3197 2240 3254; x_wconf 64' lang='grc' dir='ltr'>ο</span> 
     </span>
    </p>
   </div>
   <div class='ocr_carea' id='block_1_55' title="bbox 1976 3153 3570 3254">
    <p class='ocr_par' dir='ltr' id='par_1_55' title="bbox 1976 3165 3570 3254">
     <span class='ocr_line' id='line_1_55' title="bbox 1976 3165 3570 3254; baseline 0.003 -39"><span class='ocrx_word' id='word_1_343' title='bbox 1976 3175 2004 3215; x_wconf 75' lang='grc' dir='ltr'><strong>ι.</strong></span> <span class='ocrx_word' id='word_1_344' title='bbox 2196 3197 2240 3254; x_wconf 79' lang='lat' dir='ltr'><strong><em>C</em></strong></span> <span class='ocrx_word' id='word_1_345' title='bbox 2343 3166 2691 3237; x_wconf 82' lang='grc' dir='ltr'>9,Ἀτρωτὸν</span> <span class='ocrx_word' id='word_1_346' title='bbox 2723 3183 2781 3219; x_wconf 88' lang='grc' dir='ltr'><strong>σε</strong></span> <span class='ocrx_word' id='word_1_347' title='bbox 2806 3165 3028 3235; x_wconf 83' lang='grc' dir='ltr'>φυλάξει</span> <span class='ocrx_word' id='word_1_348' title='bbox 3053 3165 3179 3236; x_wconf 81' lang='grc' dir='ltr'><strong>(1)ὴ</strong></span> <span class='ocrx_word' id='word_1_349' title='bbox 3204 3167 3363 3238; x_wconf 80' lang='grc' dir='ltr'>χάρις</span> <span class='ocrx_word' id='word_1_350' title='bbox 3386 3165 3570 3220; x_wconf 77' lang='grc' dir='ltr'>αὐτοῦ.</span> 
     </span>
    </p>
   </div>
   <div class='ocr_carea' id='block_1_56' title="bbox 665 3246 2259 3330">
    <p class='ocr_par' dir='ltr' id='par_1_56' title="bbox 665 3246 2240 3304">
     <span class='ocr_line' id='line_1_56' title="bbox 665 3246 2240 3304; baseline 0.003 -5"><span class='ocrx_word' id='word_1_351' title='bbox 665 3246 754 3300; x_wconf 88' lang='grc'><strong>10.</strong></span> <span class='ocrx_word' id='word_1_352' title='bbox 783 3247 867 3303; x_wconf 83' lang='lat' dir='ltr'><strong>Ab</strong></span> <span class='ocrx_word' id='word_1_353' title='bbox 889 3248 1038 3302; x_wconf 91' lang='lat' dir='ltr'><strong>omni</strong></span> <span class='ocrx_word' id='word_1_354' title='bbox 1065 3248 1493 3303; x_wconf 87' lang='lat' dir='ltr'><strong>comminatione</strong></span> <span class='ocrx_word' id='word_1_355' title='bbox 1519 3249 1744 3304; x_wconf 90' lang='lat' dir='ltr'><strong>diaboli.</strong></span> <span class='ocrx_word' id='word_1_356' title='bbox 2204 3246 2240 3254; x_wconf 77' lang='grc'><strong><em>“</em></strong></span> 
     </span>
    </p>
   </div>
   <div class='ocr_carea' id='block_1_57' title="bbox 1996 3246 3590 3330">
    <p class='ocr_par' dir='ltr' id='par_1_57' title="bbox 2204 3246 3590 3330">
     <span class='ocr_line' id='line_1_57' title="bbox 2204 3246 3590 3330; baseline -0.002 -17"><span class='ocrx_word' id='word_1_357' title='bbox 2204 3246 2240 3254; x_wconf 56' lang='grc'><strong><em>“</em></strong></span> <span class='ocrx_word' id='word_1_358' title='bbox 2351 3260 2437 3315; x_wconf 87' lang='grc'><strong>10.</strong></span> <span class='ocrx_word' id='word_1_359' title='bbox 2461 3259 2596 3312; x_wconf 82' lang='grc' dir='ltr'><strong>Ἀπὸ</strong></span> <span class='ocrx_word' id='word_1_360' title='bbox 2635 3259 2812 3330; x_wconf 82' lang='grc' dir='ltr'>πάσης</span> <span class='ocrx_word' id='word_1_361' title='bbox 2839 3259 3068 3328; x_wconf 79' lang='grc' dir='ltr'>ἀπειλῆς</span> <span class='ocrx_word' id='word_1_362' title='bbox 3091 3257 3183 3310; x_wconf 83' lang='grc' dir='ltr'>τοῦ</span> <span class='ocrx_word' id='word_1_363' title='bbox 3214 3258 3455 3311; x_wconf 88' lang='grc' dir='ltr'>διαϐόλου</span> <span class='ocrx_word' id='word_1_364' title='bbox 3493 3258 3590 3326; x_wconf 87' lang='grc'><strong>(2).</strong></span> 
     </span>
    </p>
   </div>
   <div class='ocr_carea' id='block_1_58' title="bbox 664 3340 2258 3423">
    <p class='ocr_par' dir='ltr' id='par_1_58' title="bbox 664 3340 1404 3396">
     <span class='ocr_line' id='line_1_58' title="bbox 664 3340 1404 3396; baseline 0.004 -3"><span class='ocrx_word' id='word_1_365' title='bbox 664 3340 753 3394; x_wconf 91' lang='grc'><strong>11.</strong></span> <span class='ocrx_word' id='word_1_366' title='bbox 786 3340 869 3394; x_wconf 90' lang='lat' dir='ltr'><strong>Ab</strong></span> <span class='ocrx_word' id='word_1_367' title='bbox 898 3350 1021 3395; x_wconf 90' lang='lat' dir='ltr'><strong>astu</strong></span> <span class='ocrx_word' id='word_1_368' title='bbox 1047 3341 1404 3396; x_wconf 69' lang='lat' dir='ltr'><strong>daemoniaco.</strong></span> 
     </span>
    </p>
   </div>
   <div class='ocr_carea' id='block_1_59' title="bbox 1847 3340 3441 3423">
    <p class='ocr_par' dir='ltr' id='par_1_59' title="bbox 2354 3350 3441 3423">
     <span class='ocr_line' id='line_1_59' title="bbox 2354 3350 3441 3423; baseline -0.001 -18"><span class='ocrx_word' id='word_1_369' title='bbox 2354 3353 2440 3405; x_wconf 89' lang='grc'><strong>11.</strong></span> <span class='ocrx_word' id='word_1_370' title='bbox 2467 3351 2602 3403; x_wconf 76' lang='grc' dir='ltr'><strong>Ἀπὸ</strong></span> <span class='ocrx_word' id='word_1_371' title='bbox 2641 3352 2715 3421; x_wconf 77' lang='grc'><strong>(5.)</strong></span> <span class='ocrx_word' id='word_1_372' title='bbox 2754 3351 3012 3423; x_wconf 81' lang='grc' dir='ltr'>λογισμοῦ</span> <span class='ocrx_word' id='word_1_373' title='bbox 3039 3350 3441 3423; x_wconf 81' lang='grc' dir='ltr'>δαιμονιὼδους.</span> 
     </span>
    </p>
   </div>
   <div class='ocr_carea' id='block_1_60' title="bbox 665 3430 2259 3513">
    <p class='ocr_par' dir='ltr' id='par_1_60' title="bbox 665 3430 1593 3500">
     <span class='ocr_line' id='line_1_60' title="bbox 665 3430 1593 3500; baseline 0.003 -17"><span class='ocrx_word' id='word_1_374' title='bbox 665 3430 754 3483; x_wconf 92' lang='grc'><strong>12.</strong></span> <span class='ocrx_word' id='word_1_375' title='bbox 785 3432 868 3484; x_wconf 83' lang='lat' dir='ltr'><strong>Ab</strong></span> <span class='ocrx_word' id='word_1_376' title='bbox 890 3431 1039 3484; x_wconf 88' lang='lat' dir='ltr'><strong>omni</strong></span> <span class='ocrx_word' id='word_1_377' title='bbox 1069 3431 1344 3500; x_wconf 75' lang='lat' dir='ltr'><strong>voluptate</strong></span> <span class='ocrx_word' id='word_1_378' title='bbox 1370 3432 1593 3487; x_wconf 86' lang='lat' dir='ltr'><strong>diaboli.</strong></span> 
     </span>
    </p>
   </div>
   <div class='ocr_carea' id='block_1_61' title="bbox 1975 3430 3569 3513">
    <p class='ocr_par' dir='ltr' id='par_1_61' title="bbox 2355 3440 3569 3513">
     <span class='ocr_line' id='line_1_61' title="bbox 2355 3440 3569 3513; baseline 0 -19"><span class='ocrx_word' id='word_1_379' title='bbox 2355 3441 2441 3494; x_wconf 89' lang='grc'><strong>12.</strong></span> <span class='ocrx_word' id='word_1_380' title='bbox 2466 3442 2602 3494; x_wconf 74' lang='grc' dir='ltr'>Ἀπὸ</span> <span class='ocrx_word' id='word_1_381' title='bbox 2639 3441 2819 3512; x_wconf 85' lang='grc' dir='ltr'>πάσης</span> <span class='ocrx_word' id='word_1_382' title='bbox 2857 3443 3048 3513; x_wconf 82' lang='grc' dir='ltr'>ἡδονῆς</span> <span class='ocrx_word' id='word_1_383' title='bbox 3079 3442 3156 3513; x_wconf 74' lang='grc'><strong>(4)</strong></span> <span class='ocrx_word' id='word_1_384' title='bbox 3185 3441 3278 3495; x_wconf 78' lang='grc' dir='ltr'>τοῦ</span> <span class='ocrx_word' id='word_1_385' title='bbox 3305 3440 3569 3495; x_wconf 82' lang='grc' dir='ltr'>διαϐόλου.</span> 
     </span>
    </p>
   </div>
   <div class='ocr_carea' id='block_1_62' title="bbox 664 3523 2258 3605">
    <p class='ocr_par' dir='ltr' id='par_1_62' title="bbox 664 3523 2173 3598">
     <span class='ocr_line' id='line_1_62' title="bbox 664 3523 2173 3598; baseline 0.003 -21"><span class='ocrx_word' id='word_1_386' title='bbox 664 3523 862 3578; x_wconf 73' lang='grc' dir='ltr'><strong>15ρΑ1)</strong></span> <span class='ocrx_word' id='word_1_387' title='bbox 917 3525 1065 3580; x_wconf 82' lang='grc' dir='ltr'><strong>οιηηί</strong></span> <span class='ocrx_word' id='word_1_388' title='bbox 1119 3535 1343 3595; x_wconf 88' lang='lat' dir='ltr'><strong>peccato</strong></span> <span class='ocrx_word' id='word_1_389' title='bbox 1386 3535 1762 3598; x_wconf 83' lang='lat' dir='ltr'><strong>permanente.</strong></span> <span class='ocrx_word' id='word_1_390' title='bbox 1811 3536 1867 3582; x_wconf 88' lang='lat' dir='ltr'><strong>et</strong></span> <span class='ocrx_word' id='word_1_391' title='bbox 1906 3527 2173 3583; x_wconf 66' lang='lat' dir='ltr'><strong>damomo</strong></span> 
     </span>
    </p>
   </div>
   <div class='ocr_carea' id='block_1_63' title="bbox 2269 3523 3863 3605">
    <p class='ocr_par' dir='ltr' id='par_1_63' title="bbox 2356 3533 3863 3605">
     <span class='ocr_line' id='line_1_63' title="bbox 2356 3533 3863 3605; baseline -0.003 -17"><span class='ocrx_word' id='word_1_392' title='bbox 2356 3535 2444 3588; x_wconf 82' lang='grc'><strong>15.</strong></span> <span class='ocrx_word' id='word_1_393' title='bbox 2469 3534 2602 3586; x_wconf 82' lang='grc' dir='ltr'><strong>Ἀπὸ</strong></span> <span class='ocrx_word' id='word_1_394' title='bbox 2640 3533 2820 3604; x_wconf 84' lang='grc' dir='ltr'>πάσης</span> <span class='ocrx_word' id='word_1_395' title='bbox 2843 3535 3112 3605; x_wconf 82' lang='grc' dir='ltr'>ἁμαρτίας</span> <span class='ocrx_word' id='word_1_396' title='bbox 3142 3533 3524 3604; x_wconf 78' lang='grc' dir='ltr'>ἐπιμενούσης,</span> <span class='ocrx_word' id='word_1_397' title='bbox 3555 3534 3650 3586; x_wconf 72' lang='grc' dir='ltr'>καὶ</span> <span class='ocrx_word' id='word_1_398' title='bbox 3673 3533 3863 3601; x_wconf 82' lang='grc' dir='ltr'>δαιμο-</span> 
     </span>
    </p>
   </div>
   <div class='ocr_carea' id='block_1_64' title="bbox 598 3613 2192 3696">
    <p class='ocr_par' dir='ltr' id='par_1_64' title="bbox 598 3613 1819 3688">
     <span class='ocr_line' id='line_1_64' title="bbox 598 3613 1819 3688; baseline 0.001 -19"><span class='ocrx_word' id='word_1_399' title='bbox 598 3613 911 3671; x_wconf 76' lang='lat' dir='ltr'><strong>eﬂ‘undcnte</strong></span> <span class='ocrx_word' id='word_1_400' title='bbox 939 3617 993 3672; x_wconf 92' lang='lat' dir='ltr'><strong>in</strong></span> <span class='ocrx_word' id='word_1_401' title='bbox 1016 3627 1067 3672; x_wconf 91' lang='lat' dir='ltr'><strong>te</strong></span> <span class='ocrx_word' id='word_1_402' title='bbox 1095 3620 1571 3687; x_wconf 85' lang='lat' dir='ltr'><strong>concupiscentias</strong></span> <span class='ocrx_word' id='word_1_403' title='bbox 1601 3634 1819 3688; x_wconf 87' lang='lat' dir='ltr'><strong>pravas.</strong></span> 
     </span>
    </p>
   </div>
   <div class='ocr_carea' id='block_1_65' title="bbox 1842 3613 3436 3696">
    <p class='ocr_par' dir='ltr' id='par_1_65' title="bbox 2286 3624 3436 3696">
     <span class='ocr_line' id='line_1_65' title="bbox 2286 3624 3436 3696; baseline 0 -19"><span class='ocrx_word' id='word_1_404' title='bbox 2286 3625 2396 3678; x_wconf 91' lang='grc' dir='ltr'>νίου</span> <span class='ocrx_word' id='word_1_405' title='bbox 2430 3625 2711 3695; x_wconf 78' lang='grc' dir='ltr'>ἐκχέοντος</span> <span class='ocrx_word' id='word_1_406' title='bbox 2739 3627 2818 3688; x_wconf 75' lang='grc' dir='ltr'>εἰς</span> <span class='ocrx_word' id='word_1_407' title='bbox 2852 3624 3146 3694; x_wconf 80' lang='grc' dir='ltr'>ἐπιθυμίας</span> <span class='ocrx_word' id='word_1_408' title='bbox 3176 3625 3436 3696; x_wconf 84' lang='grc' dir='ltr'>πονηράς.</span> 
     </span>
    </p>
   </div>
   <div class='ocr_carea' id='block_1_66' title="bbox 669 3707 2263 3789">
    <p class='ocr_par' dir='ltr' id='par_1_66' title="bbox 669 3707 1656 3778">
     <span class='ocr_line' id='line_1_66' title="bbox 669 3707 1656 3778; baseline -0.001 -14"><span class='ocrx_word' id='word_1_409' title='bbox 669 3710 757 3764; x_wconf 77' lang='grc'><strong>14.</strong></span> <span class='ocrx_word' id='word_1_410' title='bbox 792 3707 1019 3777; x_wconf 80' lang='lat' dir='ltr'><strong>Signato</strong></span> <span class='ocrx_word' id='word_1_411' title='bbox 1053 3719 1103 3762; x_wconf 88' lang='lat' dir='ltr'><strong>te</strong></span> <span class='ocrx_word' id='word_1_412' title='bbox 1134 3710 1290 3778; x_wconf 79' lang='lat' dir='ltr'><strong>signo</strong></span> <span class='ocrx_word' id='word_1_413' title='bbox 1318 3711 1498 3766; x_wconf 91' lang='lat' dir='ltr'><strong>crucis</strong></span> <span class='ocrx_word' id='word_1_414' title='bbox 1524 3726 1656 3765; x_wconf 76' lang='lat' dir='ltr'><strong>suae.</strong></span> 
     </span>
    </p>
   </div>
   <div class='ocr_carea' id='block_1_67' title="bbox 2269 3707 3863 3789">
    <p class='ocr_par' dir='ltr' id='par_1_67' title="bbox 2358 3713 3863 3789">
     <span class='ocr_line' id='line_1_67' title="bbox 2358 3713 3863 3789; baseline -0.001 -19"><span class='ocrx_word' id='word_1_415' title='bbox 2358 3717 2442 3770; x_wconf 77' lang='lat' dir='ltr'><strong>M.</strong></span> <span class='ocrx_word' id='word_1_416' title='bbox 2485 3717 2559 3789; x_wconf 81' lang='grc' dir='ltr'><strong>(α)</strong></span> <span class='ocrx_word' id='word_1_417' title='bbox 2578 3718 3033 3788; x_wconf 83' lang='grc' dir='ltr'>Σημειωσαμένου</span> <span class='ocrx_word' id='word_1_418' title='bbox 3057 3735 3149 3770; x_wconf 92' lang='grc' dir='ltr'><strong>σου</strong></span> <span class='ocrx_word' id='word_1_419' title='bbox 3172 3717 3231 3770; x_wconf 84' lang='grc' dir='ltr'><strong>τὸ</strong></span> <span class='ocrx_word' id='word_1_420' title='bbox 3249 3719 3469 3787; x_wconf 85' lang='grc' dir='ltr'>σημεῖον</span> <span class='ocrx_word' id='word_1_421' title='bbox 3484 3714 3576 3769; x_wconf 80' lang='grc' dir='ltr'>τοῦ</span> <span class='ocrx_word' id='word_1_422' title='bbox 3605 3713 3863 3787; x_wconf 77' lang='grc' dir='ltr'>σταυροῦ.</span> 
     </span>
    </p>
   </div>
   <div class='ocr_carea' id='block_1_68' title="bbox 665 3801 2259 3880">
    <p class='ocr_par' dir='ltr' id='par_1_68' title="bbox 665 3801 2076 3872">
     <span class='ocr_line' id='line_1_68' title="bbox 665 3801 2076 3872; baseline 0.001 -14"><span class='ocrx_word' id='word_1_423' title='bbox 665 3803 754 3858; x_wconf 87' lang='grc'><strong>15.</strong></span> <span class='ocrx_word' id='word_1_424' title='bbox 790 3801 993 3858; x_wconf 89' lang='lat' dir='ltr'><strong>Omnes</strong></span> <span class='ocrx_word' id='word_1_425' title='bbox 1018 3801 1342 3856; x_wconf 78' lang='lat' dir='ltr'><strong>adversariae</strong></span> <span class='ocrx_word' id='word_1_426' title='bbox 1373 3814 1671 3872; x_wconf 88' lang='lat' dir='ltr'><strong>potestates</strong></span> <span class='ocrx_word' id='word_1_427' title='bbox 1702 3815 2076 3862; x_wconf 88' lang='lat' dir='ltr'><strong>conterentur.</strong></span> 
     </span>
    </p>
   </div>
   <div class='ocr_carea' id='block_1_69' title="bbox 2199 3801 3793 3880">
    <p class='ocr_par' dir='ltr' id='par_1_69' title="bbox 2357 3808 3793 3880">
     <span class='ocr_line' id='line_1_69' title="bbox 2357 3808 3793 3880; baseline -0.003 -14"><span class='ocrx_word' id='word_1_428' title='bbox 2357 3812 2444 3866; x_wconf 85' lang='grc'><strong>15.</strong></span> <span class='ocrx_word' id='word_1_429' title='bbox 2487 3811 2664 3863; x_wconf 79' lang='grc' dir='ltr'>Πᾶσαι</span> <span class='ocrx_word' id='word_1_430' title='bbox 2693 3813 2747 3863; x_wconf 79' lang='grc' dir='ltr'>αἱ</span> <span class='ocrx_word' id='word_1_431' title='bbox 2780 3810 3020 3863; x_wconf 83' lang='grc' dir='ltr'>ἐναντίαι</span> <span class='ocrx_word' id='word_1_432' title='bbox 3044 3809 3300 3880; x_wconf 87' lang='grc' dir='ltr'>δυνάμεις</span> <span class='ocrx_word' id='word_1_433' title='bbox 3326 3808 3793 3880; x_wconf 83' lang='grc' dir='ltr'>συντριϐήσονται.</span> 
     </span>
    </p>
   </div>
   <div class='ocr_carea' id='block_1_70' title="bbox 672 3893 2266 3972">
    <p class='ocr_par' dir='ltr' id='par_1_70' title="bbox 672 3893 1859 3967">
     <span class='ocr_line' id='line_1_70' title="bbox 672 3893 1859 3967; baseline 0.006 -19"><span class='ocrx_word' id='word_1_434' title='bbox 672 3893 760 3948; x_wconf 87' lang='grc'><strong>16.</strong></span> <span class='ocrx_word' id='word_1_435' title='bbox 797 3895 863 3948; x_wconf 82' lang='grc' dir='ltr'><strong>Ει</strong></span> <span class='ocrx_word' id='word_1_436' title='bbox 899 3911 1084 3949; x_wconf 88' lang='lat' dir='ltr'><strong>earum</strong></span> <span class='ocrx_word' id='word_1_437' title='bbox 1123 3897 1271 3950; x_wconf 88' lang='lat' dir='ltr'><strong>nulla</strong></span> <span class='ocrx_word' id='word_1_438' title='bbox 1306 3900 1713 3967; x_wconf 79' lang='lat' dir='ltr'><strong>approximabit</strong></span> <span class='ocrx_word' id='word_1_439' title='bbox 1742 3900 1859 3957; x_wconf 90' lang='lat' dir='ltr'><strong>tibi.</strong></span> 
     </span>
    </p>
   </div>
   <div class='ocr_carea' id='block_1_71' title="bbox 1842 3893 3436 3972">
    <p class='ocr_par' dir='ltr' id='par_1_71' title="bbox 1846 3900 3436 3972">
     <span class='ocr_line' id='line_1_71' title="bbox 1846 3900 3436 3972; baseline -0.001 -15"><span class='ocrx_word' id='word_1_440' title='bbox 1846 3943 1859 3957; x_wconf 95' lang='lat'><strong>.</strong></span> <span class='ocrx_word' id='word_1_441' title='bbox 2358 3904 2445 3957; x_wconf 87' lang='grc'><strong>16.</strong></span> <span class='ocrx_word' id='word_1_442' title='bbox 2487 3903 2595 3955; x_wconf 78' lang='lat' dir='ltr'><strong>Kal</strong></span> <span class='ocrx_word' id='word_1_443' title='bbox 2621 3902 2793 3964; x_wconf 79' lang='grc' dir='ltr'>οὐδεὶς</span> <span class='ocrx_word' id='word_1_444' title='bbox 2823 3901 3000 3955; x_wconf 84' lang='grc' dir='ltr'>αὐτῶν</span> <span class='ocrx_word' id='word_1_445' title='bbox 3025 3900 3311 3972; x_wconf 87' lang='grc' dir='ltr'>πλησιάσει</span> <span class='ocrx_word' id='word_1_446' title='bbox 3336 3918 3436 3955; x_wconf 88' lang='grc' dir='ltr'>σοι.</span> 
     </span>
    </p>
   </div>
   <div class='ocr_carea' id='block_1_72' title="bbox 673 3984 2267 4066">
    <p class='ocr_par' dir='ltr' id='par_1_72' title="bbox 673 3984 1612 4056">
     <span class='ocr_line' id='line_1_72' title="bbox 673 3984 1612 4056; baseline 0.005 -16"><span class='ocrx_word' id='word_1_447' title='bbox 673 3986 763 4041; x_wconf 82' lang='grc'><strong>17.</strong></span> <span class='ocrx_word' id='word_1_448' title='bbox 793 3984 968 4056; x_wconf 79' lang='lat' dir='ltr'><strong>Vigila</strong></span> <span class='ocrx_word' id='word_1_449' title='bbox 996 3996 1175 4042; x_wconf 89' lang='lat' dir='ltr'><strong>tamen</strong></span> <span class='ocrx_word' id='word_1_450' title='bbox 1197 3991 1396 4044; x_wconf 89' lang='lat' dir='ltr'><strong>mentis</strong></span> <span class='ocrx_word' id='word_1_451' title='bbox 1421 3991 1612 4045; x_wconf 80' lang='lat' dir='ltr'><strong>oculis.</strong></span> 
     </span>
    </p>
   </div>
   <div class='ocr_carea' id='block_1_73' title="bbox 2098 3984 3692 4066">
    <p class='ocr_par' dir='ltr' id='par_1_73' title="bbox 2358 3992 3692 4066">
     <span class='ocr_line' id='line_1_73' title="bbox 2358 3992 3692 4066; baseline -0.003 -17"><span class='ocrx_word' id='word_1_452' title='bbox 2358 3997 2446 4050; x_wconf 82' lang='grc'><strong>17.</strong></span> <span class='ocrx_word' id='word_1_453' title='bbox 2464 3994 2654 4066; x_wconf 86' lang='grc' dir='ltr'>Ὅμως</span> <span class='ocrx_word' id='word_1_454' title='bbox 2677 3994 2813 4063; x_wconf 89' lang='grc' dir='ltr'>νῆφε</span> <span class='ocrx_word' id='word_1_455' title='bbox 2846 3997 2956 4057; x_wconf 85' lang='grc' dir='ltr'>τοῖς</span> <span class='ocrx_word' id='word_1_456' title='bbox 2983 3995 3082 4064; x_wconf 88' lang='grc' dir='ltr'><strong>τῆς</strong></span> <span class='ocrx_word' id='word_1_457' title='bbox 3115 3992 3350 4056; x_wconf 87' lang='grc' dir='ltr'>διανοίας</span> <span class='ocrx_word' id='word_1_458' title='bbox 3378 3993 3692 4063; x_wconf 86' lang='grc' dir='ltr'>ὀφθαλμοῖς.</span> 
     </span>
    </p>
   </div>
   <div class='ocr_carea' id='block_1_74' title="bbox 674 4079 2268 4159">
    <p class='ocr_par' dir='ltr' id='par_1_74' title="bbox 674 4079 2178 4156">
     <span class='ocr_line' id='line_1_74' title="bbox 674 4079 2178 4156; baseline 0.003 -21"><span class='ocrx_word' id='word_1_459' title='bbox 674 4079 765 4135; x_wconf 86' lang='grc'><strong>18.</strong></span> <span class='ocrx_word' id='word_1_460' title='bbox 798 4079 863 4134; x_wconf 88' lang='lat' dir='ltr'><strong>Et</strong></span> <span class='ocrx_word' id='word_1_461' title='bbox 894 4079 948 4133; x_wconf 91' lang='lat' dir='ltr'><strong>in</strong></span> <span class='ocrx_word' id='word_1_462' title='bbox 988 4079 1073 4134; x_wconf 90' lang='lat' dir='ltr'><strong>die</strong></span> <span class='ocrx_word' id='word_1_463' title='bbox 1100 4079 1290 4150; x_wconf 88' lang='lat' dir='ltr'><strong>judicii</strong></span> <span class='ocrx_word' id='word_1_464' title='bbox 1316 4081 1524 4136; x_wconf 83' lang='lat' dir='ltr'><strong>videbis</strong></span> <span class='ocrx_word' id='word_1_465' title='bbox 1555 4094 1817 4138; x_wconf 64' lang='lat' dir='ltr'><strong>aeternum</strong></span> <span class='ocrx_word' id='word_1_466' title='bbox 1848 4086 2178 4156; x_wconf 90' lang='lat' dir='ltr'><strong>supplicium</strong></span> 
     </span>
    </p>
   </div>
   <div class='ocr_carea' id='block_1_75' title="bbox 2268 4079 3862 4159">
    <p class='ocr_par' dir='ltr' id='par_1_75' title="bbox 2358 4084 3862 4159">
     <span class='ocr_line' id='line_1_75' title="bbox 2358 4084 3862 4159; baseline -0.003 -17"><span class='ocrx_word' id='word_1_467' title='bbox 2358 4089 2444 4142; x_wconf 90' lang='grc'><strong>18.</strong></span> <span class='ocrx_word' id='word_1_468' title='bbox 2477 4089 2586 4141; x_wconf 88' lang='lat' dir='ltr'><strong>Kal</strong></span> <span class='ocrx_word' id='word_1_469' title='bbox 2619 4089 2676 4140; x_wconf 82' lang='grc' dir='ltr'>ὲν</span> <span class='ocrx_word' id='word_1_470' title='bbox 2718 4091 2781 4158; x_wconf 82' lang='grc' dir='ltr'>τῇ</span> <span class='ocrx_word' id='word_1_471' title='bbox 2816 4087 3002 4158; x_wconf 70' lang='grc' dir='ltr'>ἡμέρᾳ.</span> <span class='ocrx_word' id='word_1_472' title='bbox 3032 4087 3134 4156; x_wconf 89' lang='grc' dir='ltr'><strong>τῆς</strong></span> <span class='ocrx_word' id='word_1_473' title='bbox 3169 4087 3402 4158; x_wconf 85' lang='grc' dir='ltr'>κρίσεως</span> <span class='ocrx_word' id='word_1_474' title='bbox 3439 4087 3545 4159; x_wconf 76' lang='grc' dir='ltr'><strong>ὄψῃ</strong></span> <span class='ocrx_word' id='word_1_475' title='bbox 3584 4088 3684 4157; x_wconf 75' lang='grc' dir='ltr'>τὴν</span> <span class='ocrx_word' id='word_1_476' title='bbox 3731 4084 3862 4139; x_wconf 85' lang='grc' dir='ltr'><strong>αῑώ-</strong></span> 
     </span>
    </p>
   </div>
   <div class='ocr_carea' id='block_1_76' title="bbox 605 4172 2199 4247">
    <p class='ocr_par' dir='ltr' id='par_1_76' title="bbox 605 4172 2179 4245">
     <span class='ocr_line' id='line_1_76' title="bbox 605 4172 2179 4245; baseline 0.004 -19"><span class='ocrx_word' id='word_1_477' title='bbox 605 4173 834 4236; x_wconf 88' lang='lat' dir='ltr'><strong>diaboli,</strong></span> <span class='ocrx_word' id='word_1_478' title='bbox 861 4181 917 4226; x_wconf 88' lang='lat' dir='ltr'><strong>et</strong></span> <span class='ocrx_word' id='word_1_479' title='bbox 947 4172 1265 4241; x_wconf 83' lang='lat' dir='ltr'><strong>angelorum</strong></span> <span class='ocrx_word' id='word_1_480' title='bbox 1292 4173 1435 4242; x_wconf 91' lang='lat' dir='ltr'><strong>ejus,</strong></span> <span class='ocrx_word' id='word_1_481' title='bbox 1474 4189 1796 4244; x_wconf 89' lang='lat' dir='ltr'><strong>eorumque,</strong></span> <span class='ocrx_word' id='word_1_482' title='bbox 1840 4177 1932 4245; x_wconf 88' lang='lat' dir='ltr'><strong>qui</strong></span> <span class='ocrx_word' id='word_1_483' title='bbox 1978 4179 2058 4232; x_wconf 90' lang='lat' dir='ltr'><strong>eis</strong></span> <span class='ocrx_word' id='word_1_484' title='bbox 2085 4178 2179 4233; x_wconf 85' lang='lat' dir='ltr'><strong>ob-</strong></span> 
     </span>
    </p>
   </div>
   <div class='ocr_carea' id='block_1_77' title="bbox 2265 4172 3859 4247">
    <p class='ocr_par' dir='ltr' id='par_1_77' title="bbox 2289 4177 3859 4247">
     <span class='ocr_line' id='line_1_77' title="bbox 2289 4177 3859 4247; baseline -0.003 -13"><span class='ocrx_word' id='word_1_485' title='bbox 2289 4198 2400 4234; x_wconf 91' lang='grc' dir='ltr'>νιον</span> <span class='ocrx_word' id='word_1_486' title='bbox 2430 4180 2651 4234; x_wconf 85' lang='grc' dir='ltr'>κόλασιν</span> <span class='ocrx_word' id='word_1_487' title='bbox 2686 4179 2780 4232; x_wconf 82' lang='grc' dir='ltr'>τοῦ</span> <span class='ocrx_word' id='word_1_488' title='bbox 2820 4179 3090 4242; x_wconf 89' lang='grc' dir='ltr'>διαϐόλου,</span> <span class='ocrx_word' id='word_1_489' title='bbox 3132 4178 3230 4232; x_wconf 71' lang='grc' dir='ltr'>καὶ</span> <span class='ocrx_word' id='word_1_490' title='bbox 3263 4177 3371 4231; x_wconf 82' lang='grc' dir='ltr'>τῶν</span> <span class='ocrx_word' id='word_1_491' title='bbox 3401 4177 3650 4247; x_wconf 84' lang='grc' dir='ltr'>ἀγγέλων</span> <span class='ocrx_word' id='word_1_492' title='bbox 3679 4177 3859 4240; x_wconf 78' lang='grc' dir='ltr'>αὑτοῦ,</span> 
     </span>
    </p>
   </div>
   <div class='ocr_carea' id='block_1_78' title="bbox 604 4269 2198 4340">
    <p class='ocr_par' dir='ltr' id='par_1_78' title="bbox 604 4275 998 4336">
     <span class='ocr_line' id='line_1_78' title="bbox 604 4275 998 4336; baseline -0.01 -14"><span class='ocrx_word' id='word_1_493' title='bbox 604 4275 998 4336; x_wconf 83' lang='lat' dir='ltr'><strong>temperarunt.</strong></span> 
     </span>
    </p>
   </div>
   <div class='ocr_carea' id='block_1_79' title="bbox 1615 4269 3209 4340">
    <p class='ocr_par' dir='ltr' id='par_1_79' title="bbox 2289 4269 3209 4340">
     <span class='ocr_line' id='line_1_79' title="bbox 2289 4269 3209 4340; baseline -0.003 -15"><span class='ocrx_word' id='word_1_494' title='bbox 2289 4272 2382 4325; x_wconf 76' lang='grc' dir='ltr'>καὶ</span> <span class='ocrx_word' id='word_1_495' title='bbox 2411 4289 2517 4325; x_wconf 86' lang='grc' dir='ltr'><strong>των</strong></span> <span class='ocrx_word' id='word_1_496' title='bbox 2542 4272 2721 4333; x_wconf 82' lang='grc' dir='ltr'>αὐτοῖς</span> <span class='ocrx_word' id='word_1_497' title='bbox 2753 4270 3088 4340; x_wconf 79' lang='grc' dir='ltr'>πειθομένων</span> 
     </span>
    </p>
   </div>
   <div class='ocr_carea' id='block_1_80' title="bbox 677 4356 2271 4429">
    <p class='ocr_par' dir='ltr' id='par_1_80' title="bbox 677 4356 2181 4425">
     <span class='ocr_line' id='line_1_80' title="bbox 677 4356 2181 4425; baseline 0 -14"><span class='ocrx_word' id='word_1_498' title='bbox 677 4358 865 4414; x_wconf 86' lang='grc'><strong>19·21.</strong></span> <span class='ocrx_word' id='word_1_499' title='bbox 899 4356 1023 4411; x_wconf 85' lang='lat' dir='ltr'><strong>Non</strong></span> <span class='ocrx_word' id='word_1_500' title='bbox 1060 4358 1304 4412; x_wconf 82' lang='lat' dir='ltr'><strong>accedent</strong></span> <span class='ocrx_word' id='word_1_501' title='bbox 1336 4359 1404 4411; x_wconf 88' lang='lat' dir='ltr'><strong>ad</strong></span> <span class='ocrx_word' id='word_1_502' title='bbox 1438 4369 1486 4412; x_wconf 88' lang='lat' dir='ltr'><strong>te</strong></span> <span class='ocrx_word' id='word_1_503' title='bbox 1521 4359 1681 4425; x_wconf 89' lang='lat' dir='ltr'><strong>mala,</strong></span> <span class='ocrx_word' id='word_1_504' title='bbox 1709 4367 1763 4414; x_wconf 90' lang='lat' dir='ltr'><strong>et</strong></span> <span class='ocrx_word' id='word_1_505' title='bbox 1779 4358 1867 4413; x_wconf 88' lang='lat' dir='ltr'><strong>dic</strong></span> <span class='ocrx_word' id='word_1_506' title='bbox 1895 4379 1906 4412; x_wconf 89' lang='lat'><strong>:</strong></span> <span class='ocrx_word' id='word_1_507' title='bbox 1944 4358 2042 4425; x_wconf 87' lang='lat' dir='ltr'><strong>Tu,</strong></span> <span class='ocrx_word' id='word_1_508' title='bbox 2074 4359 2181 4412; x_wconf 91' lang='lat' dir='ltr'><strong>Do-</strong></span> 
     </span>
    </p>
   </div>
   <div class='ocr_carea' id='block_1_81' title="bbox 2268 4356 3862 4429">
    <p class='ocr_par' dir='ltr' id='par_1_81' title="bbox 2359 4357 3862 4429">
     <span class='ocr_line' id='line_1_81' title="bbox 2359 4357 3862 4429; baseline -0.005 -12"><span class='ocrx_word' id='word_1_509' title='bbox 2359 4362 2547 4417; x_wconf 83' lang='grc'><strong>19-21.</strong></span> <span class='ocrx_word' id='word_1_510' title='bbox 2587 4364 2668 4416; x_wconf 86' lang='grc' dir='ltr'><strong>Οὐ</strong></span> <span class='ocrx_word' id='word_1_511' title='bbox 2683 4362 3153 4429; x_wconf 77' lang='grc' dir='ltr'>προσελεύσεται</span> <span class='ocrx_word' id='word_1_512' title='bbox 3174 4360 3324 4429; x_wconf 78' lang='grc' dir='ltr'>πρὸς</span> <span class='ocrx_word' id='word_1_513' title='bbox 3341 4359 3417 4414; x_wconf 84' lang='grc' dir='ltr'>σὲ</span> <span class='ocrx_word' id='word_1_514' title='bbox 3433 4359 3616 4423; x_wconf 78' lang='grc' dir='ltr'>κακὰ..</span> <span class='ocrx_word' id='word_1_515' title='bbox 3635 4358 3728 4412; x_wconf 74' lang='grc' dir='ltr'><strong>καὶ</strong></span> <span class='ocrx_word' id='word_1_516' title='bbox 3745 4357 3862 4426; x_wconf 78' lang='grc' dir='ltr'>λέγε</span> 
     </span>
    </p>
   </div>
   <div class='ocr_carea' id='block_1_82' title="bbox 605 4449 2199 4528">
    <p class='ocr_par' dir='ltr' id='par_1_82' title="bbox 605 4449 2176 4518">
     <span class='ocr_line' id='line_1_82' title="bbox 605 4449 2176 4518; baseline 0.002 -17"><span class='ocrx_word' id='word_1_517' title='bbox 605 4449 768 4513; x_wconf 83' lang='lat' dir='ltr'><strong>mine,</strong></span> <span class='ocrx_word' id='word_1_518' title='bbox 819 4465 935 4518; x_wconf 82' lang='lat' dir='ltr'><strong>spes</strong></span> <span class='ocrx_word' id='word_1_519' title='bbox 987 4466 1145 4502; x_wconf 86' lang='lat' dir='ltr'><strong>mea:</strong></span> <span class='ocrx_word' id='word_1_520' title='bbox 1184 4449 1448 4504; x_wconf 88' lang='lat' dir='ltr'><strong>Dominus</strong></span> <span class='ocrx_word' id='word_1_521' title='bbox 1490 4461 1671 4506; x_wconf 92' lang='lat' dir='ltr'><strong>autem</strong></span> <span class='ocrx_word' id='word_1_522' title='bbox 1716 4452 1781 4506; x_wconf 92' lang='lat' dir='ltr'><strong>ad</strong></span> <span class='ocrx_word' id='word_1_523' title='bbox 1836 4467 1960 4506; x_wconf 89' lang='lat' dir='ltr'><strong>eum</strong></span> <span class='ocrx_word' id='word_1_524' title='bbox 2011 4452 2176 4506; x_wconf 87' lang='lat' dir='ltr'><strong>dicit:</strong></span> 
     </span>
    </p>
   </div>
   <div class='ocr_carea' id='block_1_83' title="bbox 2270 4449 3864 4528">
    <p class='ocr_par' dir='ltr' id='par_1_83' title="bbox 2293 4450 3864 4528">
     <span class='ocr_line' id='line_1_83' title="bbox 2293 4450 3864 4528; baseline -0.005 -18"><span class='ocrx_word' id='word_1_525' title='bbox 2293 4456 2404 4528; x_wconf 87' lang='grc'><strong>(6)·</strong></span> <span class='ocrx_word' id='word_1_526' title='bbox 2443 4455 2547 4519; x_wconf 87' lang='grc' dir='ltr'><strong>Σὺ,</strong></span> <span class='ocrx_word' id='word_1_527' title='bbox 2584 4456 2780 4523; x_wconf 82' lang='grc' dir='ltr'>Κύριε,</span> <span class='ocrx_word' id='word_1_528' title='bbox 2807 4455 2845 4522; x_wconf 79' lang='grc' dir='ltr'>ἡ</span> <span class='ocrx_word' id='word_1_529' title='bbox 2874 4454 3052 4519; x_wconf 72' lang='grc' dir='ltr'>ἐλπίς</span> <span class='ocrx_word' id='word_1_530' title='bbox 3080 4469 3201 4521; x_wconf 83' lang='grc' dir='ltr'><strong>μου</strong></span> <span class='ocrx_word' id='word_1_531' title='bbox 3227 4470 3239 4483; x_wconf 89' lang='grc'><strong>·</strong></span> <span class='ocrx_word' id='word_1_532' title='bbox 3291 4456 3319 4505; x_wconf 86' lang='grc' dir='ltr'><strong>ὁ</strong></span> <span class='ocrx_word' id='word_1_533' title='bbox 3366 4453 3420 4504; x_wconf 83' lang='grc' dir='ltr'><strong>δὲ</strong></span> <span class='ocrx_word' id='word_1_534' title='bbox 3454 4452 3659 4522; x_wconf 79' lang='grc' dir='ltr'>Κύριος</span> <span class='ocrx_word' id='word_1_535' title='bbox 3681 4469 3695 4483; x_wconf 78' lang='grc' dir='ltr'><strong><em>ο</em></strong></span> <span class='ocrx_word' id='word_1_536' title='bbox 3736 4450 3864 4520; x_wconf 80' lang='grc' dir='ltr'><strong>Ἐμὲ</strong></span> 
     </span>
    </p>
   </div>
   <div class='ocr_carea' id='block_1_84' title="bbox 606 4541 2200 4625">
    <p class='ocr_par' dir='ltr' id='par_1_84' title="bbox 606 4541 2183 4614">
     <span class='ocr_line' id='line_1_84' title="bbox 606 4541 2183 4614; baseline 0.001 -19"><span class='ocrx_word' id='word_1_537' title='bbox 606 4542 754 4596; x_wconf 83' lang='lat' dir='ltr'><strong>Pone</strong></span> <span class='ocrx_word' id='word_1_538' title='bbox 777 4559 856 4596; x_wconf 89' lang='lat' dir='ltr'><strong>me</strong></span> <span class='ocrx_word' id='word_1_539' title='bbox 887 4541 1188 4610; x_wconf 81' lang='lat' dir='ltr'><strong>adjutorem</strong></span> <span class='ocrx_word' id='word_1_540' title='bbox 1215 4551 1384 4609; x_wconf 82' lang='lat' dir='ltr'><strong>tuum,</strong></span> <span class='ocrx_word' id='word_1_541' title='bbox 1416 4559 1517 4595; x_wconf 83' lang='lat' dir='ltr'><strong>non</strong></span> <span class='ocrx_word' id='word_1_542' title='bbox 1548 4545 1939 4612; x_wconf 76' lang='lat' dir='ltr'><strong>approximabit</strong></span> <span class='ocrx_word' id='word_1_543' title='bbox 1969 4543 2183 4614; x_wconf 80' lang='lat' dir='ltr'><strong>aliquod</strong></span> 
     </span>
    </p>
   </div>
   <div class='ocr_carea' id='block_1_85' title="bbox 2025 4541 3619 4625">
    <p class='ocr_par' dir='ltr' id='par_1_85' title="bbox 2028 4543 3619 4625">
     <span class='ocr_line' id='line_1_85' title="bbox 2028 4543 3619 4625; baseline -0.006 -20"><span class='ocrx_word' id='word_1_544' title='bbox 2028 4543 2183 4614; x_wconf 75' lang='grc' dir='ltr'>ἰιιιιοά</span> <span class='ocrx_word' id='word_1_545' title='bbox 2215 4568 2265 4625; x_wconf 78' lang='grc' dir='ltr'><strong>ι)</strong></span> <span class='ocrx_word' id='word_1_546' title='bbox 2293 4551 2400 4605; x_wconf 85' lang='grc' dir='ltr'>θοῦ</span> <span class='ocrx_word' id='word_1_547' title='bbox 2428 4550 2660 4616; x_wconf 79' lang='grc' dir='ltr'>βοηθόν</span> <span class='ocrx_word' id='word_1_548' title='bbox 2690 4563 2827 4612; x_wconf 88' lang='grc' dir='ltr'>σου,</span> <span class='ocrx_word' id='word_1_549' title='bbox 2860 4548 2931 4600; x_wconf 86' lang='grc' dir='ltr'>οὐ</span> <span class='ocrx_word' id='word_1_550' title='bbox 2967 4545 3296 4612; x_wconf 76' lang='grc' dir='ltr'>πλησιάσει</span> <span class='ocrx_word' id='word_1_551' title='bbox 3328 4545 3512 4598; x_wconf 80' lang='grc' dir='ltr'>κακόν</span> <span class='ocrx_word' id='word_1_552' title='bbox 3545 4561 3619 4596; x_wconf 86' lang='grc' dir='ltr'><strong>τι.</strong></span> 
     </span>
    </p>
   </div>
   <div class='ocr_carea' id='block_1_86' title="bbox 609 4636 831 4691">
    <p class='ocr_par' dir='ltr' id='par_1_86' title="bbox 609 4636 831 4691">
     <span class='ocr_line' id='line_1_86' title="bbox 609 4636 831 4691; baseline 0.005 -2"><span class='ocrx_word' id='word_1_553' title='bbox 609 4636 831 4691; x_wconf 83' lang='lat' dir='ltr'><strong>malum.</strong></span> 
     </span>
    </p>
   </div>
   <div class='ocr_carea' id='block_1_87' title="bbox 679 4717 2273 4797">
    <p class='ocr_par' dir='ltr' id='par_1_87' title="bbox 679 4725 2092 4797">
     <span class='ocr_line' id='line_1_87' title="bbox 679 4725 2092 4797; baseline -0.001 -15"><span class='ocrx_word' id='word_1_554' title='bbox 679 4728 774 4783; x_wconf 88' lang='grc'><strong>22.</strong></span> <span class='ocrx_word' id='word_1_555' title='bbox 806 4727 871 4781; x_wconf 79' lang='lat' dir='ltr'><strong>Et</strong></span> <span class='ocrx_word' id='word_1_556' title='bbox 892 4736 1134 4797; x_wconf 90' lang='lat' dir='ltr'><strong>potestas</strong></span> <span class='ocrx_word' id='word_1_557' title='bbox 1163 4726 1364 4781; x_wconf 89' lang='lat' dir='ltr'><strong>diaboli</strong></span> <span class='ocrx_word' id='word_1_558' title='bbox 1397 4725 1450 4780; x_wconf 92' lang='lat' dir='ltr'><strong>in</strong></span> <span class='ocrx_word' id='word_1_559' title='bbox 1484 4738 1533 4781; x_wconf 91' lang='lat' dir='ltr'><strong>te</strong></span> <span class='ocrx_word' id='word_1_560' title='bbox 1562 4741 1669 4780; x_wconf 90' lang='lat' dir='ltr'><strong>non</strong></span> <span class='ocrx_word' id='word_1_561' title='bbox 1695 4725 2092 4781; x_wconf 87' lang='lat' dir='ltr'><strong>dominabitur.</strong></span> 
     </span>
    </p>
   </div>
   <div class='ocr_carea' id='block_1_88' title="bbox 2264 4717 3858 4797">
    <p class='ocr_par' dir='ltr' id='par_1_88' title="bbox 2363 4717 3858 4789">
     <span class='ocr_line' id='line_1_88' title="bbox 2363 4717 3858 4789; baseline -0.006 -8"><span class='ocrx_word' id='word_1_562' title='bbox 2363 4726 2451 4780; x_wconf 82' lang='grc'><strong>22.</strong></span> <span class='ocrx_word' id='word_1_563' title='bbox 2476 4727 2584 4777; x_wconf 88' lang='lat' dir='ltr'><strong>Kal</strong></span> <span class='ocrx_word' id='word_1_564' title='bbox 2597 4721 2883 4776; x_wconf 79' lang='grc' dir='ltr'>δυναστεία</span> <span class='ocrx_word' id='word_1_565' title='bbox 2902 4720 2994 4773; x_wconf 77' lang='grc' dir='ltr'>τοῦ</span> <span class='ocrx_word' id='word_1_566' title='bbox 3012 4719 3254 4774; x_wconf 87' lang='grc' dir='ltr'>διαϐόλου</span> <span class='ocrx_word' id='word_1_567' title='bbox 3280 4719 3338 4772; x_wconf 75' lang='grc' dir='ltr'>οὐ</span> <span class='ocrx_word' id='word_1_568' title='bbox 3367 4717 3645 4789; x_wconf 76' lang='grc' dir='ltr'>κυριεύσει</span> <span class='ocrx_word' id='word_1_569' title='bbox 3662 4734 3755 4770; x_wconf 81' lang='grc' dir='ltr'><strong>σου</strong></span> <span class='ocrx_word' id='word_1_570' title='bbox 3770 4717 3858 4788; x_wconf 88' lang='grc'><strong>(7).</strong></span> 
     </span>
    </p>
   </div>
   <div class='ocr_carea' id='block_1_89' title="bbox 680 4810 2274 4890">
    <p class='ocr_par' dir='ltr' id='par_1_89' title="bbox 680 4817 2187 4890">
     <span class='ocr_line' id='line_1_89' title="bbox 680 4817 2187 4890; baseline -0.001 -17"><span class='ocrx_word' id='word_1_571' title='bbox 680 4821 773 4887; x_wconf 80' lang='grc'><strong>25,</strong></span> <span class='ocrx_word' id='word_1_572' title='bbox 800 4820 890 4874; x_wconf 70' lang='grc'><strong>24.</strong></span> <span class='ocrx_word' id='word_1_573' title='bbox 923 4818 1196 4885; x_wconf 87' lang='lat' dir='ltr'><strong>Quoniam</strong></span> <span class='ocrx_word' id='word_1_574' title='bbox 1241 4819 1518 4890; x_wconf 71' lang='lat' dir='ltr'><strong>prazcipict</strong></span> <span class='ocrx_word' id='word_1_575' title='bbox 1564 4819 1770 4890; x_wconf 72' lang='lat' dir='ltr'><strong>angelis</strong></span> <span class='ocrx_word' id='word_1_576' title='bbox 1818 4819 1954 4882; x_wconf 90' lang='lat' dir='ltr'><strong>suis,</strong></span> <span class='ocrx_word' id='word_1_577' title='bbox 2008 4826 2067 4871; x_wconf 93' lang='lat' dir='ltr'><strong>ut</strong></span> <span class='ocrx_word' id='word_1_578' title='bbox 2120 4817 2187 4872; x_wconf 86' lang='lat' dir='ltr'><strong>ab</strong></span> 
     </span>
    </p>
   </div>
   <div class='ocr_carea' id='block_1_90' title="bbox 2267 4810 3861 4890">
    <p class='ocr_par' dir='ltr' id='par_1_90' title="bbox 2369 4810 3861 4889">
     <span class='ocr_line' id='line_1_90' title="bbox 2369 4810 3861 4889; baseline -0.007 -16"><span class='ocrx_word' id='word_1_579' title='bbox 2369 4819 2460 4879; x_wconf 79' lang='grc'><strong>25.</strong></span> <span class='ocrx_word' id='word_1_580' title='bbox 2490 4817 2579 4870; x_wconf 71' lang='grc'><strong>24.</strong></span> <span class='ocrx_word' id='word_1_581' title='bbox 2605 4816 2678 4886; x_wconf 90' lang='lat'><strong>(8)</strong></span> <span class='ocrx_word' id='word_1_582' title='bbox 2711 4819 2831 4872; x_wconf 84' lang='grc' dir='ltr'>Ὅτι</span> <span class='ocrx_word' id='word_1_583' title='bbox 2855 4814 3145 4889; x_wconf 81' lang='grc' dir='ltr'>προστάξει</span> <span class='ocrx_word' id='word_1_584' title='bbox 3160 4815 3270 4876; x_wconf 87' lang='grc' dir='ltr'>τοῖς</span> <span class='ocrx_word' id='word_1_585' title='bbox 3286 4810 3535 4880; x_wconf 82' lang='grc' dir='ltr'>ἀγγέλοις</span> <span class='ocrx_word' id='word_1_586' title='bbox 3560 4810 3726 4863; x_wconf 80' lang='grc' dir='ltr'>αὐτοῦ</span> <span class='ocrx_word' id='word_1_587' title='bbox 3748 4812 3861 4863; x_wconf 78' lang='grc' dir='ltr'>λυτ-</span> 
     </span>
    </p>
   </div>
   <div class='ocr_carea' id='block_1_91' title="bbox 613 4908 2207 4982">
    <p class='ocr_par' dir='ltr' id='par_1_91' title="bbox 613 4913 1485 4982">
     <span class='ocr_line' id='line_1_91' title="bbox 613 4913 1485 4982; baseline -0.003 -14"><span class='ocrx_word' id='word_1_588' title='bbox 613 4914 762 4969; x_wconf 89' lang='lat' dir='ltr'><strong>omni</strong></span> <span class='ocrx_word' id='word_1_589' title='bbox 797 4913 1116 4982; x_wconf 88' lang='lat' dir='ltr'><strong>deceptione</strong></span> <span class='ocrx_word' id='word_1_590' title='bbox 1149 4923 1200 4967; x_wconf 90' lang='lat' dir='ltr'><strong>te</strong></span> <span class='ocrx_word' id='word_1_591' title='bbox 1231 4913 1485 4967; x_wconf 88' lang='lat' dir='ltr'><strong>liberent.</strong></span> 
     </span>
    </p>
   </div>
   <div class='ocr_carea' id='block_1_92' title="bbox 1615 4908 3209 4982">
    <p class='ocr_par' dir='ltr' id='par_1_92' title="bbox 2305 4908 3209 4981">
     <span class='ocr_line' id='line_1_92' title="bbox 2305 4908 3209 4981; baseline -0.007 -17"><span class='ocrx_word' id='word_1_592' title='bbox 2305 4911 2529 4981; x_wconf 82' lang='grc' dir='ltr'>ροῦσθαί</span> <span class='ocrx_word' id='word_1_593' title='bbox 2565 4928 2622 4963; x_wconf 89' lang='grc' dir='ltr'><strong>σε</strong></span> <span class='ocrx_word' id='word_1_594' title='bbox 2650 4911 2756 4963; x_wconf 86' lang='grc' dir='ltr'><strong>ἀπὸ</strong></span> <span class='ocrx_word' id='word_1_595' title='bbox 2786 4911 2962 4980; x_wconf 82' lang='grc' dir='ltr'>πάσης</span> <span class='ocrx_word' id='word_1_596' title='bbox 2985 4908 3209 4977; x_wconf 84' lang='grc' dir='ltr'>πλάνης.</span> 
     </span>
    </p>
   </div>
   <div class='ocr_carea' id='block_1_93' title="bbox 687 4994 2281 5068">
    <p class='ocr_par' dir='ltr' id='par_1_93' title="bbox 687 5001 1982 5060">
     <span class='ocr_line' id='line_1_93' title="bbox 687 5001 1982 5060; baseline -0.002 -1"><span class='ocrx_word' id='word_1_597' title='bbox 687 5006 776 5059; x_wconf 86' lang='grc'><strong>25.</strong></span> <span class='ocrx_word' id='word_1_598' title='bbox 821 5004 884 5057; x_wconf 85' lang='grc' dir='ltr'><strong>Ει</strong></span> <span class='ocrx_word' id='word_1_599' title='bbox 918 5013 965 5058; x_wconf 88' lang='lat' dir='ltr'><strong>te</strong></span> <span class='ocrx_word' id='word_1_600' title='bbox 999 5004 1271 5058; x_wconf 89' lang='lat' dir='ltr'><strong>deducant</strong></span> <span class='ocrx_word' id='word_1_601' title='bbox 1301 5005 1354 5057; x_wconf 93' lang='lat' dir='ltr'><strong>in</strong></span> <span class='ocrx_word' id='word_1_602' title='bbox 1391 5017 1554 5058; x_wconf 90' lang='lat' dir='ltr'><strong>omne</strong></span> <span class='ocrx_word' id='word_1_603' title='bbox 1588 5017 1728 5060; x_wconf 81' lang='lat' dir='ltr'><strong>opus</strong></span> <span class='ocrx_word' id='word_1_604' title='bbox 1756 5001 1982 5056; x_wconf 87' lang='lat' dir='ltr'><strong>bonum.</strong></span> 
     </span>
    </p>
   </div>
   <div class='ocr_carea' id='block_1_94' title="bbox 2065 4994 3659 5068">
    <p class='ocr_par' dir='ltr' id='par_1_94' title="bbox 2366 4994 3659 5068">
     <span class='ocr_line' id='line_1_94' title="bbox 2366 4994 3659 5068; baseline -0.002 -16"><span class='ocrx_word' id='word_1_605' title='bbox 2366 5002 2454 5054; x_wconf 85' lang='lat'><strong>25.</strong></span> <span class='ocrx_word' id='word_1_606' title='bbox 2486 5003 2596 5054; x_wconf 81' lang='lat' dir='ltr'><strong>Kal</strong></span> <span class='ocrx_word' id='word_1_607' title='bbox 2625 5000 2879 5068; x_wconf 61' lang='grc' dir='ltr'>ὁδηγοῦσί</span> <span class='ocrx_word' id='word_1_608' title='bbox 2904 5017 2961 5052; x_wconf 90' lang='grc' dir='ltr'><strong>σε</strong></span> <span class='ocrx_word' id='word_1_609' title='bbox 2997 5001 3075 5062; x_wconf 88' lang='grc' dir='ltr'>εἰς</span> <span class='ocrx_word' id='word_1_610' title='bbox 3106 4999 3213 5052; x_wconf 81' lang='grc' dir='ltr'>πᾶν</span> <span class='ocrx_word' id='word_1_611' title='bbox 3247 4997 3406 5068; x_wconf 75' lang='grc' dir='ltr'>ἔργον</span> <span class='ocrx_word' id='word_1_612' title='bbox 3437 4994 3659 5063; x_wconf 88' lang='grc' dir='ltr'>ἀγαθόν.</span> 
     </span>
    </p>
   </div>
   <div class='ocr_carea' id='block_1_95' title="bbox 1586 5158 2912 5238">
    <p class='ocr_par' dir='ltr' id='par_1_95' title="bbox 1586 5158 2912 5238">
     <span class='ocr_line' id='line_1_95' title="bbox 1586 5158 2912 5238; baseline 0 -18"><span class='ocrx_word' id='word_1_613' title='bbox 1586 5162 1889 5223; x_wconf 86' lang='lat' dir='ltr'><strong>Addenda</strong></span> <span class='ocrx_word' id='word_1_614' title='bbox 1925 5167 1982 5222; x_wconf 88' lang='lat' dir='ltr'><strong>et</strong></span> <span class='ocrx_word' id='word_1_615' title='bbox 2015 5159 2387 5238; x_wconf 76' lang='lat' dir='ltr'><strong>corrigenda</strong></span> <span class='ocrx_word' id='word_1_616' title='bbox 2418 5178 2496 5221; x_wconf 78' lang='lat' dir='ltr'><strong>ex</strong></span> <span class='ocrx_word' id='word_1_617' title='bbox 2527 5160 2666 5221; x_wconf 88' lang='lat' dir='ltr'><strong>cod.</strong></span> <span class='ocrx_word' id='word_1_618' title='bbox 2714 5158 2912 5220; x_wconf 81' lang='lat' dir='ltr'><strong>Vatic.</strong></span> 
     </span>
    </p>
   </div>
   <div class='ocr_carea' id='block_1_96' title="bbox 687 5321 3855 5400">
    <p class='ocr_par' dir='ltr' id='par_1_96' title="bbox 687 5321 3855 5400">
     <span class='ocr_line' id='line_1_96' title="bbox 687 5321 3855 5400; baseline -0.004 -16"><span class='ocrx_word' id='word_1_619' title='bbox 687 5331 765 5400; x_wconf 83' lang='grc'><strong>(1)</strong></span> <span class='ocrx_word' id='word_1_620' title='bbox 805 5329 1145 5399; x_wconf 78' lang='grc' dir='ltr'>Διαφυλάξει.</span> <span class='ocrx_word' id='word_1_621' title='bbox 1481 5397 1494 5400; x_wconf 91' lang='lat'>_</span> <span class='ocrx_word' id='word_1_622' title='bbox 1579 5396 1601 5400; x_wconf 82' lang='lat'>_</span> <span class='ocrx_word' id='word_1_623' title='bbox 2298 5325 2360 5400; x_wconf 61' lang='grc' dir='ltr'><strong>Ν.</strong></span> <span class='ocrx_word' id='word_1_624' title='bbox 2398 5326 2494 5400; x_wconf 61' lang='grc'><strong>20.</strong></span> <span class='ocrx_word' id='word_1_625' title='bbox 2518 5327 2607 5381; x_wconf 85' lang='grc'><strong>21.</strong></span> <span class='ocrx_word' id='word_1_626' title='bbox 2653 5328 2710 5379; x_wconf 89' lang='grc' dir='ltr'><strong>Ὀ</strong></span> <span class='ocrx_word' id='word_1_627' title='bbox 2751 5327 2807 5379; x_wconf 85' lang='grc' dir='ltr'>δὲ</span> <span class='ocrx_word' id='word_1_628' title='bbox 2837 5324 3427 5400; x_wconf 65' lang='lat' dir='ltr'><strong>K6pzo;1:pb;_a5_réw</strong></span> <span class='ocrx_word' id='word_1_629' title='bbox 3477 5321 3628 5391; x_wconf 80' lang='grc' dir='ltr'><strong>Ἐμέ,</strong></span> <span class='ocrx_word' id='word_1_630' title='bbox 3655 5331 3755 5376; x_wconf 85' lang='lat' dir='ltr'><strong>etc.</strong></span> <span class='ocrx_word' id='word_1_631' title='bbox 3804 5321 3855 5372; x_wconf 86' lang='grc' dir='ltr'>οὺ</span> 
     </span>
    </p>
   </div>
   <div class='ocr_carea' id='block_1_97' title="bbox 688 5395 3417 5470">
    <p class='ocr_par' dir='ltr' id='par_1_97' title="bbox 688 5395 3417 5470">
     <span class='ocr_line' id='line_1_97' title="bbox 688 5395 3417 5470; baseline -0.008 -3"><span class='ocrx_word' id='word_1_632' title='bbox 688 5395 929 5470; x_wconf 58' lang='grc' dir='ltr'><strong>(ΞΓΑπδ</strong></span> <span class='ocrx_word' id='word_1_633' title='bbox 959 5402 1136 5468; x_wconf 76' lang='grc' dir='ltr'>πάσης</span> <span class='ocrx_word' id='word_1_634' title='bbox 1163 5400 1369 5468; x_wconf 79' lang='grc' dir='ltr'>πλάνης</span> <span class='ocrx_word' id='word_1_635' title='bbox 1408 5396 1626 5468; x_wconf 72' lang='grc' dir='ltr'>ἐχθροῦ.</span> <span class='ocrx_word' id='word_1_636' title='bbox 2299 5398 2591 5470; x_wconf 73' lang='grc' dir='ltr'>πλησιάσει</span> <span class='ocrx_word' id='word_1_637' title='bbox 2626 5414 2708 5449; x_wconf 77' lang='grc' dir='ltr'><strong>σοι</strong></span> <span class='ocrx_word' id='word_1_638' title='bbox 2732 5395 2930 5450; x_wconf 71' lang='grc' dir='ltr'>κακόν.</span> <span class='ocrx_word' id='word_1_639' title='bbox 2966 5400 3007 5449; x_wconf 90' lang='grc' dir='ltr'><em>Τ</em></span> <span class='ocrx_word' id='word_1_640' title='bbox 3007 5415 3024 5448; x_wconf 92' lang='grc' dir='ltr'>ι</span> <span class='ocrx_word' id='word_1_641' title='bbox 3062 5395 3168 5450; x_wconf 80' lang='grc' dir='ltr'><strong>ιιὸη</strong></span> <span class='ocrx_word' id='word_1_642' title='bbox 3204 5395 3417 5464; x_wconf 75' lang='lat' dir='ltr'><strong>legitur.</strong></span> 
     </span>
    </p>
   </div>
   <div class='ocr_carea' id='block_1_98' title="bbox 688 5415 2282 5542">
    <p class='ocr_par' dir='ltr' id='par_1_98' title="bbox 688 5415 1626 5542">
     <span class='ocr_line' id='line_1_98' title="bbox 688 5415 1626 5470; baseline -0.005 -15"><span class='ocrx_word' id='word_1_643' title='bbox 688 5415 769 5470; x_wconf 79' lang='grc'><strong>(2)</strong></span> <span class='ocrx_word' id='word_1_644' title='bbox 795 5415 922 5454; x_wconf 84' lang='grc' dir='ltr'><strong>Ἀπο</strong></span> <span class='ocrx_word' id='word_1_645' title='bbox 959 5418 1136 5468; x_wconf 75' lang='grc' dir='ltr'>πάσης</span> <span class='ocrx_word' id='word_1_646' title='bbox 1163 5415 1369 5468; x_wconf 73' lang='grc' dir='ltr'>πλάνης</span> <span class='ocrx_word' id='word_1_647' title='bbox 1408 5415 1626 5468; x_wconf 78' lang='grc' dir='ltr'>εχυρου.</span> 
     </span>
     <span class='ocr_line' id='line_1_99' title="bbox 688 5472 1308 5542; baseline -0.005 -16"><span class='ocrx_word' id='word_1_648' title='bbox 688 5474 766 5542; x_wconf 85' lang='grc'><strong>(⁸5)</strong></span> <span class='ocrx_word' id='word_1_649' title='bbox 788 5475 925 5526; x_wconf 80' lang='grc' dir='ltr'><strong>Ἀπό</strong></span> <span class='ocrx_word' id='word_1_650' title='bbox 959 5488 1064 5525; x_wconf 85' lang='lat' dir='ltr'><strong>non</strong></span> <span class='ocrx_word' id='word_1_651' title='bbox 1098 5472 1308 5540; x_wconf 80' lang='lat' dir='ltr'><strong>legitur.</strong></span> 
     </span>
    </p>
   </div>
   <div class='ocr_carea' id='block_1_99' title="bbox 993 5415 2587 5542">
    <p class='ocr_par' dir='ltr' id='par_1_99' title="bbox 993 5415 2587 5542">
     <span class='ocr_line' id='line_1_100' title="bbox 993 5415 2587 5518; baseline -0.001 -67"><span class='ocrx_word' id='word_1_652' title='bbox 993 5418 1136 5468; x_wconf 78' lang='grc' dir='ltr'>τασης</span> <span class='ocrx_word' id='word_1_653' title='bbox 1163 5415 1369 5468; x_wconf 70' lang='grc' dir='ltr'>πλάνης</span> <span class='ocrx_word' id='word_1_654' title='bbox 1408 5415 1626 5468; x_wconf 78' lang='grc' dir='ltr'>εχυρου.</span> <span class='ocrx_word' id='word_1_655' title='bbox 2299 5415 2587 5518; x_wconf 56' lang='grc' dir='ltr'>πληῖσιασει</span> 
     </span>
     <span class='ocr_line' id='line_1_101' title="bbox 997 5467 2587 5542; baseline -0.004 -18"><span class='ocrx_word' id='word_1_656' title='bbox 997 5488 1064 5525; x_wconf 87' lang='lat' dir='ltr'><strong>on</strong></span> <span class='ocrx_word' id='word_1_657' title='bbox 1098 5472 1308 5540; x_wconf 80' lang='lat' dir='ltr'><strong>legitur.</strong></span> <span class='ocrx_word' id='word_1_658' title='bbox 2370 5467 2447 5542; x_wconf 72' lang='lat'><strong>(_)_</strong></span> <span class='ocrx_word' id='word_1_659' title='bbox 2479 5469 2587 5542; x_wconf 59' lang='grc' dir='ltr'>ἓοι.</span> 
     </span>
    </p>
   </div>
   <div class='ocr_carea' id='block_1_100' title="bbox 714 5530 2308 5609">
    <p class='ocr_par' dir='ltr' id='par_1_100' title="bbox 714 5530 2308 5609">
     <span class='ocr_line' id='line_1_102' title="bbox 714 5530 2308 5609; baseline -0.001 -14"><span class='ocrx_word' id='word_1_660' title='bbox 714 5530 766 5609; x_wconf 59' lang='grc'><strong>4)</strong></span> <span class='ocrx_word' id='word_1_661' title='bbox 809 5543 1040 5609; x_wconf 85' lang='grc' dir='ltr'>Πλάνης.</span> <span class='ocrx_word' id='word_1_662' title='bbox 1149 5530 1176 5540; x_wconf 55' lang='grc' dir='ltr'>ν</span> <span class='ocrx_word' id='word_1_663' title='bbox 2305 5607 2308 5609; x_wconf 96' lang='lat'>_</span> 
     </span>
    </p>
   </div>
   <div class='ocr_carea' id='block_1_101' title="bbox 2258 5530 3852 5609">
    <p class='ocr_par' dir='ltr' id='par_1_101' title="bbox 2305 5530 3852 5609">
     <span class='ocr_line' id='line_1_103' title="bbox 2305 5530 3852 5609; baseline -0.015 -4"><span class='ocrx_word' id='word_1_664' title='bbox 2305 5605 2350 5609; x_wconf 91' lang='lat'>__</span> <span class='ocrx_word' id='word_1_665' title='bbox 2378 5530 2544 5609; x_wconf 60' lang='lat' dir='ltr'><strong>&#39;(8&#39;iN.</strong></span> <span class='ocrx_word' id='word_1_666' title='bbox 2580 5537 2849 5609; x_wconf 49' lang='grc' dir='ltr'>ἓδτὊτι.</span> <span class='ocrx_word' id='word_1_667' title='bbox 2879 5547 2994 5609; x_wconf 44' lang='lat' dir='ltr'><strong>etc:</strong></span> <span class='ocrx_word' id='word_1_668' title='bbox 3117 5535 3204 5588; x_wconf 66' lang='grc'><strong>24.</strong></span> <span class='ocrx_word' id='word_1_669' title='bbox 3230 5530 3628 5605; x_wconf 77' lang='grc' dir='ltr'>Λυτρώσασθαί</span> <span class='ocrx_word' id='word_1_670' title='bbox 3665 5548 3743 5596; x_wconf 84' lang='grc' dir='ltr'>σε,</span> <span class='ocrx_word' id='word_1_671' title='bbox 3764 5539 3852 5584; x_wconf 85' lang='lat' dir='ltr'><strong>etc.</strong></span> 
     </span>
    </p>
   </div>
   <div class='ocr_carea' id='block_1_102' title="bbox 688 5545 3310 5683">
    <p class='ocr_par' dir='ltr' id='par_1_102' title="bbox 688 5545 3310 5683">
     <span class='ocr_line' id='line_1_104' title="bbox 714 5545 3306 5609; baseline -0.004 -14"><span class='ocrx_word' id='word_1_672' title='bbox 714 5545 745 5595; x_wconf 78' lang='grc'><strong>4</strong></span> <span class='ocrx_word' id='word_1_673' title='bbox 809 5545 1040 5609; x_wconf 87' lang='grc' dir='ltr'>Πλάνης.</span> <span class='ocrx_word' id='word_1_674' title='bbox 2378 5545 2454 5608; x_wconf 78' lang='grc' dir='ltr'><strong>(δ)</strong></span> <span class='ocrx_word' id='word_1_675' title='bbox 2482 5545 2544 5589; x_wconf 75' lang='grc' dir='ltr'>Ν.</span> <span class='ocrx_word' id='word_1_676' title='bbox 2580 5545 2669 5591; x_wconf 76' lang='grc'><strong>25.</strong></span> <span class='ocrx_word' id='word_1_677' title='bbox 2691 5545 2815 5589; x_wconf 70' lang='lat' dir='ltr'><strong>&quot;Ott</strong></span> <span class='ocrx_word' id='word_1_678' title='bbox 2836 5579 2849 5596; x_wconf 88' lang='lat'><strong>.</strong></span> <span class='ocrx_word' id='word_1_679' title='bbox 2879 5547 2982 5591; x_wconf 88' lang='lat' dir='ltr'><strong>etc.</strong></span> <span class='ocrx_word' id='word_1_680' title='bbox 3022 5545 3086 5589; x_wconf 78' lang='grc' dir='ltr'><strong>Ν.</strong></span> <span class='ocrx_word' id='word_1_681' title='bbox 3117 5545 3204 5588; x_wconf 67' lang='grc'><strong>24.</strong></span> <span class='ocrx_word' id='word_1_682' title='bbox 3230 5545 3306 5588; x_wconf 72' lang='lat' dir='ltr'><strong>Au</strong></span> 
     </span>
     <span class='ocr_line' id='line_1_105' title="bbox 688 5545 3310 5683; baseline -0.003 -17"><span class='ocrx_word' id='word_1_683' title='bbox 688 5545 766 5682; x_wconf 47' lang='lat'><strong>$5;</strong></span> <span class='ocrx_word' id='word_1_684' title='bbox 799 5612 904 5683; x_wconf 79' lang='lat' dir='ltr'><strong>Kal</strong></span> <span class='ocrx_word' id='word_1_685' title='bbox 935 5614 1066 5666; x_wconf 72' lang='grc' dir='ltr'>πᾶσι</span> <span class='ocrx_word' id='word_1_686' title='bbox 1097 5611 1600 5683; x_wconf 13' lang='grc' dir='ltr'>τοῖςίπειθομὲνοις.</span> <span class='ocrx_word' id='word_1_687' title='bbox 1626 5679 1636 5683; x_wconf 90' lang='lat'>_</span> <span class='ocrx_word' id='word_1_688' title='bbox 2012 5677 2026 5683; x_wconf 89' lang='lat'><strong>_</strong></span> <span class='ocrx_word' id='word_1_689' title='bbox 2130 5677 2139 5683; x_wconf 89' lang='lat'>_</span> <span class='ocrx_word' id='word_1_690' title='bbox 2305 5605 2373 5662; x_wconf 80' lang='grc' dir='ltr'><strong>Ν.</strong></span> <span class='ocrx_word' id='word_1_691' title='bbox 2400 5607 2490 5663; x_wconf 85' lang='grc'><strong>25.</strong></span> <span class='ocrx_word' id='word_1_692' title='bbox 2529 5607 2692 5661; x_wconf 71' lang='grc' dir='ltr'>Αὐτοὶ</span> <span class='ocrx_word' id='word_1_693' title='bbox 2716 5608 2772 5661; x_wconf 83' lang='grc' dir='ltr'>δὲ</span> <span class='ocrx_word' id='word_1_694' title='bbox 2802 5605 3055 5676; x_wconf 78' lang='grc' dir='ltr'>ὀδηγοῦσί</span> <span class='ocrx_word' id='word_1_695' title='bbox 3092 5623 3171 5669; x_wconf 87' lang='grc' dir='ltr'>σε,</span> <span class='ocrx_word' id='word_1_696' title='bbox 3207 5617 3310 5663; x_wconf 86' lang='lat' dir='ltr'><strong>etc.</strong></span> 
     </span>
    </p>
   </div>
   <div class='ocr_carea' id='block_1_103' title="bbox 691 5677 2197 5756">
    <p class='ocr_par' dir='ltr' id='par_1_103' title="bbox 691 5677 2197 5756">
     <span class='ocr_line' id='line_1_106' title="bbox 691 5677 2197 5756; baseline -0.003 -20"><span class='ocrx_word' id='word_1_697' title='bbox 691 5677 772 5756; x_wconf 84' lang='lat'><strong>(6)</strong></span> <span class='ocrx_word' id='word_1_698' title='bbox 804 5682 867 5737; x_wconf 83' lang='lat' dir='ltr'><strong>N.</strong></span> <span class='ocrx_word' id='word_1_699' title='bbox 934 5684 1018 5737; x_wconf 89' lang='grc'><strong>19.</strong></span> <span class='ocrx_word' id='word_1_700' title='bbox 1065 5685 1174 5736; x_wconf 80' lang='lat' dir='ltr'><strong>Kal</strong></span> <span class='ocrx_word' id='word_1_701' title='bbox 1221 5677 1554 5749; x_wconf 78' lang='grc' dir='ltr'>λέγε,ἐις.,</span> <span class='ocrx_word' id='word_1_702' title='bbox 1607 5677 2197 5749; x_wconf 72' lang='lat' dir='ltr'><strong>desuntprmcedentia.</strong></span> 
     </span>
    </p>
   </div>
   <div class='ocr_carea' id='block_1_104' title="bbox 697 5799 1733 5877">
    <p class='ocr_par' dir='ltr' id='par_1_104' title="bbox 697 5799 1733 5877">
     <span class='ocr_line' id='line_1_107' title="bbox 697 5799 1733 5877; baseline 0.002 -22"><span class='ocrx_word' id='word_1_703' title='bbox 697 5799 767 5877; x_wconf 86' lang='grc' dir='ltr'><strong>(α)</strong></span> <span class='ocrx_word' id='word_1_704' title='bbox 811 5803 872 5857; x_wconf 79' lang='grc' dir='ltr'><strong>Ν.</strong></span> <span class='ocrx_word' id='word_1_705' title='bbox 910 5805 994 5873; x_wconf 73' lang='grc'><strong>14,</strong></span> <span class='ocrx_word' id='word_1_706' title='bbox 1029 5803 1229 5868; x_wconf 81' lang='grc'><strong>15,16,</strong></span> <span class='ocrx_word' id='word_1_707' title='bbox 1263 5819 1400 5861; x_wconf 88' lang='lat' dir='ltr'><strong>unus</strong></span> <span class='ocrx_word' id='word_1_708' title='bbox 1441 5811 1733 5859; x_wconf 86' lang='lat' dir='ltr'><strong>comment.</strong></span> 
     </span>
    </p>
   </div>
  </div>
