4036 6468
172 418 308 472 1045
1087 416 1171 470 DE
1214 415 1489 471 TITULIS
1532 416 1766 471 PSALMl

1801 415 1982 472 lRUM.
2024 447 2090 459 ——
2129 417 2321 471 PSAL.
2359 418 2487 474 XCI.
3263 421 3395 474 1046

242 529 332 584 26.
365 531 587 601 Μήποτε
623 531 934 602 προσκόψῃς
969 531 1102 602 πρὸς
1135 533 1280 586 λίθον
1304 534 1394 586 τὸν
1429 533 1561 588 πόδα
1588 551 1699 587 σου.
1769 541 1815 596 Α

1769 541 1815 596 Α
1915 534 2006 589 26.
2035 533 2112 589 Nc
2141 535 2280 589 forte
2314 536 2552 590 offendas
2577 537 2642 589 ad
2674 536 2900 604 lapidem
2938 534 3124 604 pedem
3160 542 3329 589 tuum.

241 620 332 674 27.
374 621 494 674 Ἐπὶ
523 622 724 676 ἀσπίδα
750 624 841 676 καὶ
867 623 1176 692 βασιλίσκον
1205 626 1444 699 ὲπιϐήσῃ
1469 643 1480 656 ”

1914 626 2006 680 27.
2041 625 2212 696 Super
2238 628 2501 697 aspidem,
2529 638 2582 682 et
2609 628 2918 683 basiliscum
2951 628 3254 683 ambulabis
3279 647 3291 682 :

245 713 338 768 28.
376 715 486 768 Kal.
510 718 921 786 καταπατήσεις
947 717 1134 770 λέοντα
1165 719 1258 770 καὶ
1279 719 1567 788 δράκοντα.

1538 736 1567 773 ι.
1913 720 2005 774 28.
2045 719 2110 774 Et
2138 722 2481 778 conculcabis
2512 723 2718 776 leonem
2745 731 2798 776 et
2827 724 3132 775 draconem.

244 806 334 858 29.
367 805 484 858 Ὅτι
511 809 596 860 ἐπ’
627 807 724 876 ἐμὲ
758 808 972 877 ἤλπισε,
1004 810 1095 861 καὶ
1125 809 1358 878 ῥύσομαι
1395 809 1557 862 αὐτόν

1918 811 2011 864 29.
2050 811 2316 876 Quoniam
2347 813 2398 866 in
2440 829 2525 868 me
2558 813 2813 883 speravit,
2848 823 2900 869 et
2927 811 3166 866 liberabo
3196 827 3319 866 eum

243 896 332 952 50.
370 898 631 953 Σκεπάσω
652 900 833 965 αὑτὸν,
865 901 946 953 ὅτι
975 901 1115 970 ἔγνω
1148 902 1206 953 τὸ
1240 901 1412 970 ὄνομά
1445 917 1569 969 μου.

1919 900 2007 953 50.
2055 899 2337 962 Proteaam
2381 920 2540 971 eum,
2595 905 2851 973 quoniam
2898 903 3148 972 cognovit
3205 919 3329 956 nom

1844 1008 2045 1048 meum.

249 1077 336 1133 51.
373 1076 710 1148 Κεκράξεται
761 1077 896 1148 πρὸς
942 1077 1029 1148 μὲ,
1063 1075 1158 1130 καὶ
1209 1075 1320 1145 ἐγὼ
1363 1073 1745 1138 ὲπακοὺσομαι

1645 1091 1745 1138 μαι
1931 1082 2018 1137 51.
2050 1082 2316 1138 Clamabit
2343 1099 2408 1139 an
2433 1101 2537 1151 me,
2566 1097 2617 1140 et
2646 1101 2745 1156 ego
2773 1087 3056 1142 exaudiam
3085 1102 3239 1140 eum:

170 1171 342 1225 αὐτοῦ
367 1192 377 1202 ·

249 1265 338 1319 52.
370 1265 499 1318 Μετ’
529 1262 693 1318 αὑτοῦ
717 1265 831 1334 εἰμι
865 1264 922 1315 ἐν
949 1262 1125 1331 θλίψει

1920 1259 2010 1314 52.
2040 1258 2175 1314 Cum
2210 1262 2326 1330 ipso
2353 1278 2472 1316 sum
2507 1264 2558 1316 in
2595 1255 2935 1318 tribulatione
2962 1285 2973 1318 :

247 1355 339 1408 55.
372 1355 687 1424 Ἐξελοῦμαι
718 1355 902 1417 αὑτὸν,
938 1354 1032 1406 καὶ
1055 1352 1262 1416 δοξάσω
1293 1351 1475 1406 αὐτόν.

1460 1391 1475 1406 .
1920 1351 2010 1404 55.
2044 1351 2276 1420 Eripiam
2312 1369 2458 1417 eum,
2493 1363 2545 1408 et
2571 1355 2881 1423 gloriﬁcabo
2907 1372 3049 1411 eum.

251 1446 340 1501 54.
377 1447 707 1516 Μακρότητα
740 1445 960 1516 ἡμερῶν
995 1444 1259 1514 ἐμπλήσω
1283 1444 1444 1497 αὐτόν
1466 1461 1481 1476 ο

1466 1461 1481 1476 ο
1917 1442 2006 1495 54.
2043 1440 2398 1511 Longitudine
2419 1445 2628 1498 dierum
2660 1447 2876 1514 replebo
2901 1463 3053 1500 cum:

249 1537 336 1592 55.
365 1538 475 1590 Καὶ
507 1537 663 1604 δείξω
688 1535 837 1607 αὑτῷ
866 1535 927 1588 τὸ
961 1535 1238 1606 Σωτήριόν
1275 1553 1396 1605 μου.

1918 1532 2005 1586 55.
2039 1531 2102 1584 Et
2132 1533 2410 1586 ostendam
2453 1535 2531 1586 illi
2562 1533 2808 1590 Salutare
2844 1553 3043 1590 meum.

243 1629 476 1699 ϊαλμὸς
511 1628 688 1698 ᾠδῆς,
723 1629 809 1694 εἰς
837 1627 950 1695 τὴν
978 1627 1205 1697 ἡμέραν
1232 1627 1338 1680 τοῦ
1369 1628 1691 1679 Σαϐϐαῖον.

1883 1624 2128 1678 Psalmus
2165 1626 2378 1689 cantici,
2413 1627 2467 1679 in
2496 1629 2633 1679 diem
2668 1625 2907 1682 Sabbatt’.
2939 1628 3203 1689 PSALM.
3227 1631 3345 1687 XC.

771 1715 1001 1771 ΨΑΛΜ.
1043 1721 1163 1782 iw.

257 1813 304 1866 1.
350 1809 575 1877 Ἀγαθὸν
599 1809 660 1863 τὸ
683 1809 1116 1880 ἐξομολογεῖσθαι
1142 1808 1221 1879 τῷ
1250 1807 1462 1878 Κυρίῳ,

1302 1807 1462 1878 υρίῳ,
1925 1804 1972 1856 1.
2006 1803 2214 1857 Bonum
2250 1814 2334 1860 est
2367 1805 2610 1860 confiteri
2645 1807 2892 1874 Domino,

253 1899 308 1954 2.
340 1900 447 1954 Καὶ
477 1900 696 1969 ψάλλειν
724 1899 800 1969 τῷ
827 1899 1049 1969 ὀνόματί
1086 1915 1200 1959 σου,
1235 1896 1484 1965 "reme.
1781 1961 1819 1969 __

1441 1913 1484 1949 ε.
1781 1961 1819 1969 __
1922 1896 1975 1949 2.
2009 1898 2074 1950 Et
2108 1898 2336 1966 psallere
2365 1899 2569 1952 nomini
2598 1909 2713 1966 tuo,
2743 1901 3035 1957 Altissime.

250 1993 304 2046 5.
338 1991 442 2044 Τοῦ
471 1961 818 2060 ἀναγγέλλειν
846 1991 906 2044 τὸ
922 1961 1076 2062 ’πρωὶ
1099 1991 1160 2042 τὸ
1184 1961 1331 2053 ἔλεός
1352 2006 1466 2054 σου,
1776 1961 1824 2020 Β

1815 1965 1824 2015 ⁵
1926 1989 1980 2042 5.
2015 1988 2094 2043 Ad
2131 1991 2560 2044 annuntiandum
2600 2009 2757 2048 mane
2793 1997 3216 2050 misericordiam
3242 2007 3409 2056 tuam.

254 2081 306 2136 4.
342 2083 452 2136 Καὶ
478 2081 577 2150 τὴν
607 2081 861 2153 ἀλήθειάν
893 2099 984 2134 σου
1012 2081 1153 2135 κατὰ
1176 2081 1366 2144 νύκτα,

1354 2120 1366 2144 ,
1925 2079 1980 2131 4.
2013 2077 2079 2131 Et
2111 2081 2389 2134 veritatem
2422 2091 2567 2136 tuam
2597 2099 2689 2152 per
2720 2095 2948 2154 noctem,

250 2174 303 2228 5.
345 2174 431 2226 Ἑν
457 2175 763 2246 δεκαχόρδῳ
784 2175 1083 2245 ψαλτηρίῳ,
1116 2174 1232 2246 μετ’
1260 2173 1404 2244 ᾠδῆς
1434 2174 1492 2228 ὲν
1525 2172 1745 2244 κιθάρᾳ.

1925 2169 1979 2224 5.
2011 2169 2065 2223 In
2088 2171 2426 2226 decachordo
2447 2176 2702 2242 psalterio
2720 2191 2842 2230 eum
2864 2177 3076 2232 cantico
3105 2178 3156 2232 in
3185 2180 3408 2234 cithara.

252 2264 305 2320 6.
333 2267 455 2322 Ὀτι
479 2267 750 2340 εὔφρανάς
773 2285 862 2338 με,
894 2266 1088 2338 Κύριε,
1121 2268 1178 2320 ὲν
1209 2265 1288 2338 τῷ
1319 2265 1580 2337 ποιήματι
1615 2279 1740 2318 σου·

1925 2261 1978 2316 6.
2016 2260 2152 2328 Quia
2187 2262 2467 2320 delectasti
2509 2281 2617 2331 me,
2659 2266 2906 2336 Domine,
2933 2269 2987 2322 in
3022 2269 3228 2325 factura
3259 2283 3347 2326 tua
3380 2292 3397 2325 -.

1289 2397 1668 2453 ATHANASII
1709 2397 2295 2455 INTEBPRETATIO.

249 2517 339 2573 26.
368 2520 594 2588 Μήποτε
647 2520 789 2573 κατά
823 2521 954 2574 Θεδν
1009 2520 1382 2582 ὲπιτελοῦντός
1419 2519 1494 2590 (1)
1529 2536 1622 2572 σου
1657 2520 1750 2592 έρ-

1928 2520 2016 2574 26.
2047 2520 2123 2575 Ne
2144 2520 2293 2578 .l'orte
2323 2520 2558 2574 olieunte
2581 2530 2631 2575 te
2661 2535 2798 2589 opus
2827 2520 3126 2576 secundum
3159 2521 3324 2576 Deum
3355 2538 3416 2577 ea

174 2625 276 2678 γον
307 2610 636 2682 ὲνθυμηθῇς,
671 2612 754 2675 τίς
799 2612 1060 2683 ἐπιθυμία
1099 2612 1193 2665 τοῦ
1231 2611 1496 2676 διαϐόλου,
1533 2613 1627 2665 καὶ
1654 2614 1749 2664 ὲκ-

1857 2614 2085 2684 cogites,
2119 2629 2240 2682 qua:
2273 2621 2402 2667 sunt
2451 2612 2891 2682 concupiscentia
2935 2613 3156 2677 diaboli,
3204 2615 3296 2668 sed
3328 2615 3420 2669 de-

175 2698 368 2769 κ).ίνῃς
387 2699 482 2751 ἀπ’
504 2699 688 2768 αὐτῆς.

1857 2706 2027 2760 elines
2050 2706 2118 2758 ab
2154 2704 2289 2774 ipsa.

252 2789 341 2841 27.
375 2789 498 2841 Ἐπὶ
525 2790 619 2860 τὴν
647 2790 846 2844 ἰοϐόλον
876 2792 970 2846 καὶ
1000 2790 1329 2865 τυραννικὴν
1355 2789 1637 2862 ἐνέργειαν
1661 2793 1752 2846 τοῦ

1929 2795 2022 2848 27.
2061 2794 2238 2863 Super
2266 2803 2608 2858 venenatam,
2631 2803 2685 2848 et
2705 2793 3040 2862 tyrannicam
3065 2795 3260 2848 diaboli
3295 2810 3421 2864 ορε-

176 2879 430 2933 διαϐόλου
477 2881 844 2952 κατισχύσεις.

1862 2887 2128 2941 rationem
2167 2885 2501 2955 prrevalebis.

255 2971 344 3026 28.
381 2972 488 3024 Καὶ
522 2973 581 3025 τὸ
608 2975 806 3044 κράτος
834 2975 1012 3028 αυτῶν
1047 2975 1354 3046 συντρίψεις
1388 2976 1485 3048 (2).

1388 2976 1485 3048 (2).
1929 2976 2022 3030 28.
2058 2974 2124 3029 Et
2164 2991 2354 3030 eorum
2387 2975 2684 3046 potentiam
2713 2984 2979 3031 conteres.

256 3063 345 3116 29.
379 3064 501 3117 Ὀτι
531 3066 629 3135 ἐμὲ
661 3066 851 3136 βοηθὸν
884 3066 1034 3118 ἔθετο
1059 3067 1114 3120 ὲν
1149 3068 1214 3137 τῇ
1243 3066 1439 3139 καρδίᾳ
1465 3066 1652 3122 αὑτοῦ.

1927 3067 2019 3122 29.
2062 3065 2332 3132 Quoniam
2363 3081 2447 3119 me
2479 3065 2782 3134 adjutorem
2814 3069 2992 3136 posuit
3026 3068 3076 3120 in
3105 3067 3263 3121 corde
3302 3079 3419 3121 sue.

256 3154 348 3207 50.
375 3155 597 3219 Φυλάξω
629 3158 808 3224 αὑτὸν,
847 3158 927 3213 ὄπι
957 3158 1318 3214 πεπίστευκεν
1352 3161 1432 3225 εἰς
1466 3158 1587 3233 ὲμέ.

1929 3160 2020 3217 56.
2065 3157 2382 3214 Custodiam
2407 3173 2554 3224 eum,
2583 3159 2844 3229 quoniam
2872 3160 3102 3214 credidit
3130 3161 3182 3213 in
3213 3175 3315 3214 me.

257 3245 344 3299 51.
377 3247 449 3302 Τὸ
479 3247 691 3319 θέλημα
722 3250 885 3304 auro?)
921 3253 1151 3322 ποιήσω.

1927 3252 2018 3306 51.
2049 3249 2392 3305 Voluntatem
2424 3250 2541 3320 ejus
2574 3250 2790 3305 faciam.

258 3339 326 3393 52
377 3341 574 3412 Βοηθὸς
596 3343 754 3396 αὑτοῦ
779 3344 968 3414 ἔσομαι
990 3347 1045 3397 ἐν
1060 3347 1124 3416 τῇ
1143 3345 1321 3416 ἡμέρᾳ
1337 3345 1432 3416 τῆς
1446 3343 1756 3411 ἀπολογίας.
1786 3341 1828 3400 C

1541 3343 1756 3411 δλογίας.
1786 3341 1828 3400 C
1931 3345 2021 3400 52.
2049 3345 2279 3410 Adjutor
2314 3343 2556 3413 ejus-ero
2589 3343 2641 3397 in
2672 3344 2758 3398 die
2785 3342 3135 3398 defensionis.

264 3431 351 3485 55.
385 3433 481 3486 Ἐκ
515 3436 611 3502 τῆς
657 3437 877 3489 αἰωνίου
909 3438 1181 3500 κολάσεως
1212 3436 1629 3508 λυτρωσάμενος
1661 3435 1758 3489 αὺ-

1935 3439 2021 3494 55.
2054 3439 2096 3492 Ε
2132 3437 2399 3506 supplicio
2432 3445 2633 3490 aeterno
2679 3437 2914 3492 liberans
2947 3452 3072 3490 eum
3106 3437 3422 3493 transferam

185 3521 302 3583 τὸν,
344 3527 666 3594 μεταστήσω
702 3527 862 3577 αὑτὸν
899 3529 954 3578 ὲν
985 3531 1049 3596 τῇ
1086 3528 1330 3596 βασιλείᾳ
1353 3544 1474 3597 μου.

985 3531 1049 3596 τῇ
1086 3528 1330 3596 βασιλείᾳ
1353 3544 1474 3597 μου.
1865 3548 1990 3588 eum
2020 3533 2073 3585 in
2100 3546 2327 3600 regnum
2370 3546 2569 3584 meum.

255 3613 346 3667 54.
380 3615 474 3678 El;
503 3616 578 3687 (5)
625 3615 724 3681 τὰς
792 3617 1070 3681 αἰωνίουςι
1103 3617 1437 3682 ἀναπαύσεις
1485 3619 1762 3688 εἰσαγάγω

1658 3619 1762 3687 ὶγω
1936 3623 2028 3676 54.
2061 3624 2120 3675 In
2150 3631 2350 3677 eterna
2376 3620 2657 3690 refrigeria
2680 3621 3019 3678 introducam
3052 3624 3252 3679 insum.

190 3703 376 3758 αὐτόν.

264 3797 354 3852 55.
385 3799 496 3870 Τὴν
526 3799 875 3856 ἀνταπόδοσίν
910 3819 1034 3872 μου.

1936 3799 2026 3855 55.
2057 3799 2487 3856 Retributionem
2513 3816 2711 3857 meam.

275 3919 343 3971 Ἦ
373 3920 706 3989 προκειμένη
742 3899 1019 3990 ἐπιγραφὴ
1042 3920 1285 3990 περιέχει
1313 3919 1389 3991 (4)
1416 3936 1431 3951 ⁶
1469 3917 1714 3988 Ψαλμὸς
1741 3916 1921 3986 ᾠδῆς,
1960 3920 2048 3984 εις
2075 3919 2191 3988 τὴν
2215 3919 2443 3988 ἡμέραν
2482 3918 2590 3974 τοῦ
2617 3917 2940 3982 Σαϐὄάτου,
2974 3919 3108 3988 ὅπερ
3141 3919 3431 3987 ἑρμηνευε-

189 4029 285 4065 ται
313 4012 402 4074 εις
435 4008 551 4076 τὴν
579 4008 959 4064 συντέλειαν.
987 4009 1157 4063 Τοῦτο
1189 4011 1298 4081 γάρ
1324 4011 1474 4082 δηλοῖ
1502 4011 1560 4064 τὸ
1589 4010 1911 4074 Σάϐϐατον,
1947 4009 2084 4082 ὅπερ
2112 4011 2543 4082 ἑρμηνευόμενον
2583 4009 2798 4078 λέγεται
2828 4008 3220 4072 κατάπαυσις.

267 4124 483 4180 Titulus
514 4121 837 4194 praepositus
870 4123 1149 4178 continet:
1182 4123 1432 4178 Psalmus
1461 4125 1678 4190 cantici,
1707 4126 1763 4178 in
1786 4125 1924 4178 diem
1954 4121 2200 4190 Sabbatt,
2238 4124 2385 4195 quod
2409 4125 2796 4195 interpretatur
2825 4125 2879 4178 in
2909 4123 3427 4178 consummationem.

193 4221 316 4280 Hoc
347 4222 490 4278 enim
529 4223 765 4279 declarat
792 4223 960 4278 dictio
988 4221 1076 4275 illa
1111 4219 1402 4276 Sabbatum
1430 4222 1577 4291 quod
1616 4221 2005 4289 interpretatur
2039 4223 2264 4294 requies.

272 4342 326 4396 1.
358 4340 438 4393 Τά
467 4339 686 4410 κρυπτά
708 4338 808 4408 τῆς
832 4338 1058 4410 καρδίας
1073 4337 1336 4408 διηγεῖται
1357 4338 1433 4408 τῷ
1454 4337 1643 4408 Κυρίῳ
1804 4341 1847 4396 D

1545 4337 1643 4408 ριῳ
1671 4337 1767 4408 (5).
1804 4341 1847 4396 D
1948 4341 2000 4396 1.
2031 4339 2362 4396 Abseondita
2391 4338 2574 4395 cordis
2602 4351 2860 4394 enarrare
2888 4336 3136 4392 Domino.

267 4435 325 4488 2.
357 4432 445 4484 Ἐν
475 4430 671 4503 μελέτῃ
700 4430 996 4485 ὲπαίνουσά
1016 4427 1351 4501 [ὲπαίνεσίν]
1382 4446 1462 4482 σοι
1490 4429 1566 4502 (6)
1600 4446 1770 4501 προσ·

1493 4429 1566 4502 (6)
1600 4446 1770 4501 προσ·
1946 4433 1998 4488 2.
2035 4431 2090 4487 In
2122 4432 2476 4488 meditatione
2503 4431 2715 4487 laudem
2745 4430 2838 4484 tibi
2874 4429 3087 4484 aﬂ‘erre.

243 4526 269 4579 έ
314 4543 416 4581 ειν.

195 4543 240 4596 φ
361 4617 467 4670 Τοῦ
497 4615 800 4689 διηγεῖσθαι
831 4615 1080 4686 φανερῶς
1110 4615 1170 4668 τὸ
1198 4614 1314 4678 πῶς
1348 4613 1584 4685 ἡλεήθης
1616 4613 1714 4684 (7).

1713 4658 1714 4661 η
1949 4613 2003 4666 5.
2039 4612 2120 4666 Ad
2153 4611 2610 4668 manifestandum
2641 4607 2918 4680 quomodo
2947 4607 3202 4662 misertus
3233 4623 3307 4660 es.

271 4711 328 4765 4.
360 4711 470 4766 Καὶ
499 4711 641 4765 κατά
681 4708 758 4778 (8)
799 4708 977 4779 πάσης
1014 4707 1290 4781 ἁμαρτίας
1317 4706 1646 4779 προσφέρειν
1676 4705 1774 4777 τὴν

1951 4704 2005 4758 4.
2055 4703 2121 4758 Et
2153 4703 2223 4758 ad
2274 4701 2652 4773 proferendam
2701 4709 2890 4755 contra
2947 4713 3107 4753 omne
3163 4709 3435 4767 peccatum

197 4803 465 4876 ἀλήθειαν
490 4804 598 4856 τῶν
625 4804 1060 4875 προσταγμάτων
1086 4819 1202 4856 σου.

1873 4797 2158 4851 veritatem
2197 4805 2591 4865 praeceptorum
2623 4799 2865 4846 tuorum.

278 4898 331 4952 5.
370 4897 461 4951 Ἐν
486 4899 610 4960 ταῖς
630 4897 760 4950 δέκα
786 4895 1025 4960 ἐντολαῖς
1049 4892 1331 4966 νεκρὼσας
1362 4891 1424 4946 τὸ
1446 4891 1605 4964 σῶμα
1632 4892 1689 4944 έν
1710 4893 1779 4962 τῇ

1950 4888 2002 4942 5.
2035 4887 2090 4942 In
2120 4888 2302 4942 decem
2329 4886 2615 4956 praceptis
2647 4882 2971 4938 niortitleato
3002 4897 3226 4952 corpore
3248 4896 3439 4936 canere

199 4989 417 5060 διανοίᾳ
452 4990 509 5042 ὲν
538 4988 773 5058 ψαλμοῖς
797 4986 942 5059 ᾅδειν
968 4985 1045 5056 τῷ
1079 4985 1270 5056 Κυρίῳ
1301 4984 1402 5054 (9).

1011 4985 1045 5056 ᾧ
1079 4985 1270 5056 Κυρίῳ
1301 4984 1402 5054 (9).
1878 4990 2059 5035 mente
2086 4979 2324 5049 psalmos
2356 4977 2605 5032 Domino.

274 5081 328 5136 6.
355 5081 467 5151 Τὴν
497 5078 721 5153 καρδίαν
757 5096 855 5150 μου
889 5077 977 5132 διὰ
997 5077 1103 5130 τῶν
1131 5075 1359 5130 ἐντολῶν
1395 5091 1512 5128 σου.

1287 5075 1359 5127 ὦν
1395 5091 1512 5128 σου.
1955 5071 2009 5125 6.
2041 5070 2150 5126 Cor
2177 5085 2357 5124 meum
2387 5069 2440 5122 in
2465 5067 2736 5122 mandatis
2758 5067 2881 5120 tuis.

1117 5208 1419 5271 Addenda
1457 5213 1518 5267 et
1553 5203 1927 5283 corrigenda
1980 5222 2058 5266 ex
2088 5204 2228 5265 cod.
2263 5201 2458 5264 Vatic.

279 5340 360 5411 (1)
414 5335 838 5412 ξΕνθυμηθένςος
891 5352 984 5388 σου
1040 5334 1197 5405 ἔργον
1225 5375 1244 5412 ,_
1324 5329 1622 5400 ὲνθύμησις
1678 5327 1780 5397 τῆς
1884 5325 2260 5412 μένος-ε’.ῖοῦτο
2289 5327 2417 5412 γάρ.
2448 5333 2553 5378 etc.
2584 5393 2660 5412 NL,
2688 5411 2691 5412 ν
2722 5393 2747 5412 θ
2785 5392 3014 5412 μὴ’-λη
3051 5391 3113 5412 _~
3158 5390 3264 5412 ΔΛ

206 5390 493 5480 ινέῥίτείᾷς
525 5390 616 5480 Ὲόὖ
639 5390 894 5480 Ιδιαϐόλου
919 5390 1392 5459 συναντὶποάττει.
1457 5390 1470 5400 ’
1519 5390 1530 5398 ’
1603 5390 1612 5391 ί
1736 5390 1746 5397 ⁷
1884 5390 1898 5398 ’
2173 5390 2316 5480 arata
2342 5390 2442 5480 ’έῆς
2471 5393 2696 5480 καρδίας
2719 5392 3020 5480 διηγεῖσθαι
3048 5391 3124 5464 τῷ
3157 5390 3294 5462 Θεῷ.

282 5465 362 5548 (2ῖ
392 5465 563 5548 Anio?)
602 5477 903 5548 συντρίψει.
1174 5544 1186 5548 Α
1255 5543 1265 5548 _
1443 5539 1456 5548 _
1514 5540 1527 5548 _
1664 5538 1678 5548 _
1700 5536 1713 5548 _
2068 5468 2155 5548 Ἐν
2189 5466 2328 5548 ἐλέει
2358 5465 2612 5530 ἐπαίνους
2648 5481 2749 5531 σοι,
2779 5475 2883 5521 etc.

280 5536 360 5621 (5)
387 5548 452 5602 N.
485 5547 574 5611 σε,
599 5547 670 5600 55
715 5536 818 5601 34$
843 5547 958 5610 Εἰς.
995 5553 1128 5610 etc.,
1165 5543 1357 5612 ἀγάγω
1398 5539 1580 5602 αὐτόν,
1613 5536 1784 5592 addu-

766 5536 818 5601 ι.’
843 5547 958 5610 Εἰς.
995 5553 1128 5610 etc.,
1165 5543 1357 5612 ἀγάγω
1398 5539 1580 5602 αὐτόν,
1613 5536 1784 5592 addu-
2071 5537 2360 5621 ξῌλεῄθην.

206 5605 573 5687 δαίνυ’ἱῃευηιξ
919 5605 932 5610 ⁷
1112 5605 1123 5610 ⁷
1213 5605 1225 5612 ’
1289 5605 1299 5610 ⁷

281 5692 359 5749 (4)
404 5690 465 5741 Ἠ
496 5685 582 5739 ea:
621 5685 721 5749 τῆς
757 5685 1124 5749 κινναϐάρεως
1153 5701 1302 5749 περ.,
1340 5690 1470 5742 etc.,
1492 5676 1784 5749 ἑρμηνεύε-

1213 5605 1225 5612 ’
1289 5605 1299 5610 ’
1956 5608 2034 5749 (8)
2071 5605 2248 5673 Κατά,
2284 5605 2416 5677 etc.,
2449 5605 2604 5664 deest
2624 5605 2745 5659 καί.

1153 5701 1302 5749 περ.,
1340 5690 1470 5742 etc.,
1492 5676 1784 5749 ἑρμηνεύε-
1981 5680 2036 5749 9)
2067 5679 2204 5748 Θεῳ.

281 5679 465 5765 (ἥλιξ
496 5685 582 5765 δξά
621 5685 721 5765 τῇς
753 5685 1124 5765 κινναϐάρεως
1153 5701 1302 5765 περεξ
1340 5690 1475 5765 (ἔφη
1492 5679 1784 5765 ἑρμηνεόε-
1962 5679 2036 5749 (9)
2067 5679 2204 5748 Θεφ,

210 5781 239 5814 τ
265 5750 584 5826 ιι.’¹1³ἀλμὸς
608 5750 708 5825 τῆς
738 5757 880 5826 ᾠδῆς
902 5750 1100 5825 εἰς’τὴν
1130 5750 1435 5808 συνὲέλειάν
1461 5753 1606 5802 ἐστιν
1633 5750 1777 5819 εἰρη-
