4036 6436
652 356 782 412 1051
1528 361 1582 415 S.
1629 361 1994 418 ATHANASII
2037 365 2185 420 OPP.
2229 368 2246 421 Ι

2308 369 2412 423 .RS
2453 369 2538 425 ΙΙΙ.
2580 400 2648 410 -
2689 368 3099 425 EXECETICA.
3758 372 3902 430 1059.

716 475 768 527 9.
797 475 839 526 Α
870 476 1091 531 vocibus
1124 493 1386 545 aquarum
1423 481 1745 536 multarum.
2241 496 2287 550 Α

1734 523 1745 536 ο
2241 496 2287 550 Α
2389 492 2440 545 9.
2484 493 2614 544 Ἀπὸ
2637 491 2829 562 φωνῶν
2857 492 3064 545 ὑδάτων
3095 493 3319 544 πολλῶν.

719 569 806 622 10.
846 568 1116 626 .‘llirabiles
1144 571 1410 625 elationes
1440 573 1638 628 maris:

2389 585 2472 639 10.
2506 585 2821 656 Θαυμαστοὶ
2849 589 2897 638 οἱ
2928 586 3293 656 μετεωρισμοὶ
3325 585 3424 654 τῆς
3450 586 3730 657 θαλάσσης
3760 603 3772 616 ·

713 661 799 714 11.
836 661 1098 718 Mirabilis
1135 665 1188 719 in
1221 666 1343 720 altis
1375 665 1655 722 Dominus.

2389 676 2473 729 11.
2506 676 2831 747 Θαυμαστὸς
2856 679 2915 730 ὲν
2942 677 3162 748 ὑψηλοῖς
3191 678 3219 728 6
3253 676 3471 748 Κύριος.

718 753 805 807 12.
849 753 1180 810 Testimonia
1221 768 1310 811 tua
1351 760 1624 813 credibilia
1663 759 1802 814 facta
1834 771 1958 814 sunt
1998 763 2203 818 nimis:

2117 765 2163 817 is
2192 783 2203 818 :
2388 767 2474 820 12.
2510 767 2592 818 Τὰ
2626 767 2901 839 μαρτύριά
2934 785 3025 820 σου
3059 766 3432 838 ἐπιστώθησαν
3467 768 3672 838 σφόδρα
3694 786 3707 798 ·

713 845 798 898 l3.
833 844 1064 900 Domum
1103 857 1246 901 tuam
1297 850 1448 904 decet
1493 851 1824 918 sanctitudo,
1868 851 2112 920 Domine,
2155 855 2207 908 in

2382 861 2467 914 15.
2505 860 2594 931 Τῷ
2619 862 2751 931 οἴκῳ
2785 879 2876 914 σου
2900 861 3099 932 πρέπει
3134 862 3398 930 ἀγίασμα,
3422 860 3614 931 Κύριε,
3669 862 3756 922 εἰς
3805 879 3904 930 μα-

641 931 1031 1003 Ιοιιείιυιιίηειη
1070 939 1303 994 dierum.

1232 955 1303 994 ιιι.
2313 951 2552 1023 κρότητα
2585 952 2826 1022 ἡμερῶν.

711 1045 959 1099 Psalmus
1000 1048 1167 1102 David
1189 1062 1381 1120 quarta
1407 1051 1649 1106 Sabbali.
1679 1051 1877 1107 PSAL.
1917 1053 2137 1109 XCIII.

2115 1054 2137 1109 “,
2494 1043 2742 1111 Ψαλμός
2781 1041 2859 1108 τῷ
3108 1041 3338 1178 taedai
3383 1040 3709 1095 Σαϐεὰτου.

712 1202 761 1254 1.
796 1201 932 1256 Deus
959 1204 1224 1258 ultionum
1255 1205 1534 1271 Dominus,
1564 1207 1704 1263 Deus
1736 1209 2005 1262 ultionum
2038 1209 2208 1262 libere

2385 1204 2434 1256 1.
2472 1203 2603 1268 Θεὸς
2633 1204 2963 1274 ὲκδικήσεων
3008 1203 3212 1274 Κύριος
3234 1244 3248 1269 ,
3277 1203 3409 1266 Θεὸς
3445 1205 3521 1274 (a)
3550 1205 3896 1275 ὲκδικήσεων

641 1291 771 1359 egit.

2309 1294 2776 1365 ἐπαρρησιάσατο.

709 1383 762 1434 ‘2.
801 1381 1071 1444 Exallare,
1102 1387 1190 1451 qui
1230 1385 1435 1454 indicas
1463 1398 1662 1440 terram
1697 1407 1708 1440 :

2381 1385 2434 1437 2.
2479 1383 2768 1454 ’ἴᾋώθητμ
2795 1387 2822 1438 6
2848 1385 3046 1454 κρίνων
3073 1387 3169 1454 τὴν
3197 1386 3299 1455 γῆν
3319 1403 3331 1416 ·

707 1473 761 1528 5.
798 1472 980 1526 lleilde
1011 1478 1418 1531 retributionem
1454 1480 1724 1544 snperliis.

2383 1474 2435 1527 3.
2483 1474 2703 1536 Ἀπόδος
2729 1474 3079 1527 ἀνταπόδοσιν
3111 1478 3220 1538 τοῖς
3247 1475 3634 1546 ὑπερηφανοις.

703 1565 758 1618 4.
799 1563 1092 1634 Usqni-qno
1134 1580 1466 1637 peccatores,
1496 1569 1767 1622 Domine?

2383 1560 2435 1612 4.
2470 1562 2616 1623 Ἕως
2650 1561 2778 1613 πότε
2814 1562 3149 1633 ἁμαρτωλοὶ,
3183 1565 3381 1634 Κύριες

710 1654 763 1707 5.
807 1653 1098 1726 Usquequo
1132 1675 1164 1726 p
1187 1669 1440 1714 eratorcs
1470 1659 1884 1728 gloriabuntur?

2380 1651 2432 1704 5.
2465 1651 2610 1712 Ἕως
2649 1651 2778 1703 πότε
2811 1652 3124 1722 ἁμαρτωλοὶ
3167 1654 3561 1723 καυχήσονταις

706 1746 759 1798 6.
801 1746 1116 1802 Ιζαῖιὺιιιιιυι·
1145 1761 1197 1803 et
1227 1753 1514 1820 loquentur
1542 1752 1880 1820 iniquitatem

2379 1742 2431 1795 6.
2463 1742 2789 1810 Φθέγξονται
2818 1745 2909 1796 καὶ
2938 1744 3257 1814 λαλήσουσιν
3290 1744 3533 1810 ἀδικίαν;

701 1835 756 1890 7.
795 1835 1113 1907 Loquentur
1143 1856 1352 1904 omnes,
1394 1843 1485 1911 qui
1520 1853 1818 1910 operantur
1859 1841 2196 1909 iniustitiam.
2237 1831 2278 1888 Β

2385 1840 2436 1892 7.
2473 1839 2778 1908 Λαλήσουσι
2811 1840 3010 1903 πάντες
3039 1841 3086 1891 οἱ
3122 1839 3474 1908 ἐργαζόμενοι
3505 1839 3604 1910 τὴν
3631 1856 3886 1912 ανομιαν.

703 1927 760 1981 8.
799 1928 1058 1998 Pepnlnni
1099 1942 1270 1995 tuum,
1309 1933 1554 1997 Domine.
1594 1936 2055 1990 lnnniliaverunt:

1950 1945 2017 1990 int
2043 1955 2055 1990 :
2379 1930 2431 1983 8.
2470 1931 2573 1982 Τὸν
2612 1931 2736 1983 λαόν
2768 1949 2881 1995 σου,
2913 1931 3107 2002 Κύριε,
3145 1931 3507 1983 ἐταπείνωσαν
3533 1947 3544 1958 ·

701 2017 754 2071 9.
793 2017 854 2072 Et
887 2021 1246 2077 liazrcditatein
1277 2035 1422 2078 tuam
1453 2035 1798 2080 vexaverunt.

2378 2028 2430 2081 9.
2463 2027 2572 2077 Καὶ
2603 2025 2700 2096 τὴν
2736 2026 3099 2096 κληρονομίαν
3131 2042 3223 2078 σου
3254 2026 3555 2079 ἐκάκωσαν.

707 2107 794 2161 10.
829 2109 1081 2178 Viduam,
1115 2124 1168 2166 et
1201 2117 1457 2183 pupillum
1492 2117 1874 2171 interfecerunt
1903 2135 1916 2170 :

1871 2159 1874 2167 .
1903 2135 1916 2170 :
2384 2117 2468 2170 10.
2503 2119 2691 2188 Χήραν
2721 2117 2815 2170 καὶ
2848 2117 3079 2187 ὀρφανὸν
3109 2118 3431 2171 ἀπέκτειναν
3454 2133 3465 2146 ·

706 2243 778 2313 (a)
811 2241 965 2299 Vers.
1001 2244 1056 2298 9..
1095 2245 1151 2299 '0
1182 2247 1331 2313 Θεὸς,
1359 2257 1462 2302 etc.

1746 2355 2122 2412 ATIIANASII
2162 2356 2752 2412 INTERPRETATIO.

707 2509 759 2562 9.
794 2509 838 2560 A
880 2510 1128 2564 doctrina
1174 2510 1337 2580 hujus
1373 2512 1580 2579 mundi,
1613 2513 1819 2567 scilicet
1861 2530 1891 2567 a
1937 2510 2201 2583 sapientia

2377 2511 2429 2564 9.
2485 2511 2615 2562 Ἀπὸ
2648 2511 2744 2579 τῆς
2777 2510 2998 2580 διδαχῆς
3043 2513 3142 2581 τῆς
3172 2512 3228 2565 ὲν
3256 2510 3332 2581 τῷ
3381 2511 3601 2581 κόσμῳ,
3641 2513 3891 2567 τουτέστι

628 2600 926 2654 mundana.

2303 2603 2402 2674 τῆς
2435 2603 2622 2670 σοφίας
2644 2603 2742 2671 τῆς
2769 2603 2826 2653 ὲν
2855 2601 2931 2670 τῷ
2965 2602 3169 2672 κόσμῳ.

701 2692 784 2744 10.
817 2691 1111 2748 Gloriticati
1151 2695 1324 2748 sancti
1368 2696 1420 2748 in
1450 2695 1674 2749 mundo.

2380 2696 2462 2750 10.
2496 2695 2880 2765 Δεδοξασμένοι
2904 2697 2952 2747 oi
2977 2697 3119 2763 ᾰγιοι
3149 2696 3206 2748 ἒν
3238 2695 3313 2766 τῷ
3335 2696 3523 2767 κόσμῳ

704 2784 787 2836 11.
829 2783 1174 2838 Gloriticatus
1207 2787 1259 2839 in
1296 2787 1497 2842 sanctis
1534 2786 1814 2842 Dominus.

2381 2787 2462 2839 11.
2498 2787 2886 2855 Δεδοξασμένος
2910 2789 2966 2838 ὲν
2992 2791 3102 2848 τοῖς
3127 2787 3300 2853 ἁγίοις
3325 2790 3352 2840 6
3376 2787 3593 2858 Κύριος.

699 2875 780 2927 12.
817 2874 1104 2932 Passiones
1142 2887 1246 2931 tuxe
1285 2879 1504 2932 creditae
1527 2890 1654 2931 sunt
1684 2879 1735 2931 in
1773 2879 1995 2934 mundo.

2379 2877 2463 2929 1:2.
2497 2878 2576 2930 Τὰ
2611 2877 2908 2946 παθήματά
2931 2894 3022 2929 σου
3057 2878 3452 2949 ἐπιστεύθησαν
3475 2881 3532 2930 ὲν
3565 2879 3646 2950 τῷ
3670 2881 3883 2950 κόσμῳ.

697 2965 782 3018 15.
832 2965 1095 3036 Populum
1147 2977 1299 3022 tuum
1347 2969 1501 3021 decet
1549 2969 1720 3036 gratia
1767 2977 1856 3020 tua
1893 2969 1944 3020 in
1989 2967 2195 3020 inﬁnita

2375 2967 2458 3017 15.
2488 2965 2576 3034 Τῷ
2607 2965 2718 3034 λαῷ
2752 2983 2841 3018 σου
2884 2967 3078 3036 πρέπει
3118 2969 3149 3036 ἡ
3184 2968 3342 3039 χάρις
3393 2985 3484 3021 σου
3529 2971 3608 3032 είς
3633 2970 3768 3032 τοὺς
3810 2970 3880 3038 (ll

623 3056 844 3109 szncula.

2305 3056 2692 3125 ἁτελευτήτους
2721 3056 2940 3119 αίῶνας.

704 3151 768 3201 Ἠ
798 3149 1130 3220 προκειμένη
1161 3151 1439 3221 ἐπιγραφὴ
1464 3152 1705 3220 περιέχει
1731 3151 1806 3219 (2)
1833 3169 1845 3182 ο
1885 3153 2129 3218 Ψάλμιῖς
2158 3150 2236 3214 τῷ
2261 3149 2439 3202 Δαϐίδ
2469 3149 2700 3215 τετράδι
2729 3149 3031 3204 Σαῖϐἀτου
3057 3167 3069 3180 °
3116 3153 3191 3216 ὡς
3225 3154 3482 3218 πολλάκις
3533 3157 3844 3228 εἰρήκαμεν
3868 3175 3881 3186 ·

628 3246 876 3312 Ψαλμὸς
907 3244 1006 3317 [τῷ
1028 3247 1222 3313 Δαϐὶδ,
1266 3247 1530 3317 τουτέστι]
1560 3245 1637 3311 τῷ
1664 3247 1844 3312 ἱκανῷ
1878 3247 1951 3314 τῇ
1976 3247 2143 3316 χειρὶ,
2173 3248 2419 3300 τουτέστι
2445 3246 2521 3314 τῷ
2546 3245 2656 3314 Υἱῷ
2689 3247 2780 3297 τοῦ
2804 3246 2958 3299 Θεοῦ.
2987 3245 3116 3300 Εἶτα
3147 3250 3378 3316 τετράδι
3400 3251 3729 3316 Σαϐϐάτου,
3749 3256 3884 3323 ὅπερ

623 3342 790 3412 δηλοῖ,
827 3343 907 3394 ὅτι
943 3343 1071 3412 περὶ
1099 3343 1359 3411 νηστειῶν
1381 3344 1473 3395 καὶ
1507 3343 1830 3414 ἐγκρατείας
1875 3343 2024 3411 δηλοῖ
2057 3344 2084 3393 6
2134 3341 2347 3411 ψαλμός
2367 3357 2380 3370 °
2410 3338 2580 3400 οὕτως
2599 3337 2705 3408 γὰρ
2731 3337 2802 3406 (3)
2830 3337 2949 3400 ἔθος
2989 3339 3130 3408 ἔχειν
3163 3341 3259 3410 τὴν
3293 3341 3546 3410 τετράδα.
3584 3345 3696 3397 Τοῦ
3725 3347 3784 3400 δὲ
3812 3345 3882 3410 (4)

624 3435 925 3489 Σαϐϐάτου
959 3435 1231 3504 σημαίνει,
1267 3436 1346 3487 ὅτι
1385 3436 1628 3504 καὶπερὶ
1661 3434 1761 3504 τῆς
1797 3434 2095 3504 μελλούσης
2124 3435 2357 3505 κρίσεως
2391 3433 2418 3484 6
2440 3428 2651 3499 ψαλμὸς
2677 3428 2891 3500 εἴρηται
2919 3430 3016 3500 (5)·
3042 3431 3397 3495 Κατάπαυσις
3429 3433 3536 3506 γὰρ
3566 3435 3628 3488 τὸ
3665 3437 3882 3493 Σὰϐὅαο

621 3548 714 3584 τον
745 3529 976 3598 εἴρηται.

697 3618 915 3671 Titulus
954 3613 1277 3683 pra'posilus
1303 3613 1543 3665 continet
1573 3627 1586 3674 ;
1623 3610 1869 3663 Psalmus
1906 3611 2075 3664 David
2101 3623 2296 3680 quarta
2327 3611 2578 3665 Sabbati:
2604 3623 2662 3665 ut
2693 3614 2892 3681 sapius
2923 3615 3163 3668 diximus
3190 3632 3204 3669 :
3235 3614 3486 3670 Psalmis
3534 3617 3732 3687 David,
3779 3627 3884 3681 hoc

625 3721 727 3768 est.
766 3729 922 3764 manu
948 3711 1099 3778 forti.
1130 3723 1320 3777 nempe
1362 3706 1453 3759 Dei
1490 3705 1644 3759 Filio.
1690 3705 1890 3760 Deinde
1913 3719 2104 3776 quarta
2147 3706 2386 3768 Sabbati,
2421 3708 2563 3774 quod
2610 3708 2900 3777 signiﬁcat,
2942 3711 3211 3778 psalmum
3243 3727 3401 3782 agere
3426 3714 3489 3768 de
3541 3716 3796 3786 jejuniis,
3832 3736 3882 3777 ct

624 3805 988 3864 continentia;
1045 3802 1116 3852 ita
1159 3801 1301 3851 enim
1358 3814 1474 3850 mos
1516 3808 1599 3851 est
1641 3797 1883 3864 accipere
1951 3814 2237 3851 numerum
2289 3798 2720 3868 quaternaiium.
2769 3798 2944 3854 Dictio
2988 3812 3167 3857 autem
3231 3804 3318 3857 illa
3358 3802 3580 3859 Sabban‘
3635 3810 3876 3876 indicat,

626 3899 768 3967 quod
801 3897 961 3948 etiam
1003 3895 1066 3946 de
1100 3892 1279 3945 futuro
1321 3891 1526 3960 judicio
1560 3890 1798 3960 psalmus
1838 3891 2016 3944 dictus
2045 3901 2145 3944 est.
2189 3892 2481 3946 Sabbatum
2523 3891 2668 3945 enim
2705 3895 2920 3961 requies
2951 3895 3332 3963 interpretatur

699 3991 749 4044 1.
804 3986 1124 4054 Unigenitus
1178 3984 1267 4038 Dei
1319 3983 1507 4043 Filius.
1559 3985 1776 4053 quando
1825 3986 1974 4038 visus
2011 3993 2094 4038 est
2145 3985 2195 4038 in
2226 3993 2267 4048 C

2371 3987 2421 4039 1.
2466 3988 2525 4039 '0
2564 3988 2855 4058 μονογενὴς
2873 3987 2998 4051 Υἱὸς
3025 3988 3116 4041 τοῦ
3141 3989 3295 4053 θεοῦ,
3320 3991 3405 4042 ὅτε
3433 3988 3508 4061 (6)
3535 3992 3641 4062 ἐπὶ,
3658 3995 3759 4066 τῆς
3776 3998 3877 4066 γῆς

626 4092 790 4144 terra,
812 4090 864 4134 et
900 4093 1020 4131 cum
1054 4075 1359 4129 hominibus
1390 4085 1740 4130 Conversatns
1779 4085 1860 4130 est
1887 4077 1952 4139 ιδ,
1989 4075 2202 4130 dicebat

2298 4077 2450 4150 ὤφθη
2483 4082 2574 4133 καὶ
2604 4084 2715 4143 τοῖς
2739 4079 3047 4153 ἀνθρώποις
3076 4081 3501 4153 συνανεστράςρη,
3548 4083 3738 4153 ἔλεγεν
3768 4091 3875 4152 τοῖς

623 4171 934 4226 Judaeorum
977 4167 1342 4221 sacerdotibus
1369 4185 1380 4219 ε
1411 4163 1523 4235 Ego
1554 4165 1733 4234 palam
1763 4165 1965 4219 locutus
1995 4183 2110 4220 sum
2138 4167 2194 4218 in

2298 4171 2406 4223 τῶν
2451 4172 2717 4225 Ἰουδαίων
2765 4171 3141 4244 ἀρχιερεῦσιν·
3203 4173 3342 4242 Ἐγὼ
3384 4176 3693 4245 παρῤησιᾳ
3740 4181 3876 4234 ἑλό-

627 4265 819 4332 templo
849 4263 912 4308 ’⁸.

2295 4265 2463 4330 λησα
2487 4263 2557 4315 ἐν
2579 4261 2657 4326 τῷ
2699 4262 2850 4330 ἱερῷ.

695 4355 748 4408 2.
785 4351 1116 4413 Gloriﬂi-arc,
1144 4349 1244 4403 Fili
1276 4349 1389 4405 Dei.

2366 4353 2422 4406 2.
2458 4352 2774 4421 Δοξάσθητι,
2811 4355 2838 4405 6
2873 4353 2998 4416 Υίὸς
3029 4353 3121 4406 τοῦ
3156 4353 3310 4409 Θεοῦ.

695 4450 747 4502 5.
784 4449 840 4499 In
882 4445 967 4498 die
998 4443 1209 4513 judicii.

2369 4444 2422 4498 5.
2473 4443 2558 4495 Ἐν
2589 4446 2652 4512 τῇ
2688 4443 2868 4514 ἡμέρᾳ
2891 4444 2990 4512 τῆς
3021 4444 3269 4514 κρίσεως.

697 4540 748 4592 4.
793 4537 1200 4590 Deliciabuntur
1234 4535 1284 4586 in
1314 4533 1556 4587 mundo?

2368 4537 2420 4590 4.
2470 4535 2804 4607 Ἐντρυφῶσι
2827 4535 2904 4605 τῷ
2934 4536 3122 4606 κόσμῳ
3149 4553 3161 4601 ;

696 4633 748 4686 5.
794 4632 846 4684 In
878 4630 1157 4698 iactantia.
1197 4638 1248 4681 ct
1278 4627 1480 4695 rapinis
1507 4628 1642 4681 suis.

2367 4629 2421 4681 5.
2463 4628 2585 4679 Ἐπὶ
2617 4631 2679 4697 τῇ
2705 4626 2992 4696 ἀλαζονεία
3025 4628 3119 4680 καὶ
3145 4630 3362 4700 ἁρπαγῇ
3404 4629 3603 4685 αὐτῶν.

697 4723 749 4777 6,
783 4722 983 4774 Contra
1018 4730 1087 4784 tc,
1134 4718 1378 4772 Domine.

2364 4715 2417 4768 6.
2453 4715 2610 4767 Κατὰ
2650 4715 2763 4778 σοῦ,
2797 4714 2966 4785 Κύριε
3001 4715 3098 4783 (7).

698 4814 748 4867 7.
782 4812 1170 4867 Glorialinntur
1204 4812 1255 4863 in
1291 4811 1570 4876 jactantiis
1612 4809 1746 4864 suis.

2363 4805 2414 4860 7.
2451 4808 2826 4876 Καυχήσονται
2857 4809 2914 4859 ὲν
2942 4809 3060 4870 ταῖς
3091 4809 3423 4873 ἀλαζονείαις
3449 4811 3651 4867 αὐτῶν.

699 4905 751 4955 8.
784 4903 1073 4956 Credentes
1115 4902 1166 4955 in
1203 4915 1251 4955 te
1281 4901 1610 4954 occiderunt.

2369 4897 2422 4950 8.
2461 4898 2599 4960 Τοὺς
2627 4899 2976 4963 πιστεύοντας
3005 4903 3082 4962 είς
3111 4901 3168 4952 σε
3190 4901 3530 4956 ἀπέκτειναν.

699 4997 750 5048 9.
789 4995 1016 5048 δουριος
1048 5005 1164 5048 tnos
1197 4994 1248 5046 in
1288 4995 1597 5047 carceribus
1624 4992 2023 5047 concluserunt.

2369 4990 2423 5042 9.
2457 4989 2596 5051 Τοὺς
2631 4990 2815 5057 ἁγίους
2850 5009 2941 5043 σου
2973 4995 3029 5044 ἐν
3057 4992 3318 5060 φυλακαῖς
3352 4993 3729 5052 κατέκλεισαν.

699 5087 786 5140 10.
827 5086 1032 5155 Egcnos
1071 5086 1252 5156 populi
1289 5086 1387 5139 tui.

2374 5082 2458 5137 10.
2497 5083 2633 5145 Τοὺς
2666 5083 2910 5154 πτωχοὺς
2943 5084 3037 5137 τοῦ
3064 5085 3190 5138 λαοῦ
3224 5102 3333 5138 σου.

629 5297 653 5350 J
697 5226 744 5258 “
781 5226 989 5278 Barnch
1017 5242 1130 5349 9Bt,
1179 5224 1268 5280 38.
1376 5227 1417 5257 "
1455 5224 1565 5295 Ego
1613 5224 1790 5295 palam
1825 5224 2030 5277 locutus
2067 5239 2182 5277 sum
2217 5221 2414 5276 mundo
2441 5237 2460 5274 .'
2501 5237 2593 5290 ego
2625 5238 2829 5290 semper
2860 5223 3019 5276 docui
3064 5225 3116 5276 in
3152 5232 3520 5292 synagoga,.et
3553 5224 3609 5275 in
3657 5225 3861 5292 templo.

662 5313 784 5350 oan.
824 5312 975 5350 xvnt.
1096 5337 1107 5350 .

662 5313 784 5351 oan.
824 5312 975 5359 xvni,
1017 5312 1107 5350 zu.

1576 5389 1883 5453 Addenda
1909 5396 1968 5451 et
1993 5385 2368 5466 corrigenda
2402 5403 2480 5447 ex
2510 5384 2644 5446 cod.
2680 5385 2874 5446 Vatic.

707 5513 778 5578 (1)
814 5515 859 5564 Ν
919 5516 999 5567 11.
1037 5517 1128 5579 Εἰς
1151 5516 1293 5578 τούς,
1323 5525 1425 5570 etc.
2227 5521 2270 5577 D
2373 5515 2446 5576 (5)
2489 5514 2544 5564 ’0
2573 5512 2785 5582 ψαλμὸς
2823 5511 3060 5582 εἴρηκεν.

817 5585 990 5657 :llﬁzi
1022 5571 1124 5654 τῆς
1147 5571 1507 5657 κινναϐάρεως
1542 5607 1662 5657 περ.
2227 5571 2259 5577 ’ί
2375 5571 2448 5657 ζῆ)
2579 5571 2630 5636 ἐν..
2672 5571 2820 5657 illis,
3043 5581 3232 5657 :E‘Aaye
3285 5581 3390 5653 γὰρ
3436 5584 3546 5644 τοῖς
3586 5597 3640 5636 τ.
3711 5581 3768 5638 Ἰ.
3797 5579 3862 5641 ΞΕ·

815 5655 982 5726 Τοῦτο
1017 5651 1141 5726 γάρ,
1175 5669 1279 5712 etc.
1377 5651 1386 5657 ’
1492 5651 1497 5652 ⁷
1616 5651 1624 5657 ’

2308 5655 2508 5726 ρεῦσιν,
2546 5664 2649 5726 i'tc.
2681 5652 2743 5705 Ν.
2775 5655 2824 5704 ὖ.
2847 5651 3178 5726 ΔΔοξάσθητι,
3205 5664 3305 5706 etc.

701 5723 777 5792 (ιι)
806 5724 874 5776 Δέ
900 5727 1064 5780 deest.
1098 5723 1104 5726 ‘

2309 5723 2315 5725 ⁷
2383 5724 2450 5793 (7)
2483 5725 2674 5792 Κύριε.
2706 5739 2808 5775 non
2847 5723 3035 5790 legitur
