4036 6454
185 406 329 463 1053
1117 412 1206 466 DE
1251 412 1525 469 TITULIS
1564 410 2010 467 PSALMORUM.
2043 442 2111 451 —
2145 412 2338 465 PSAL.
2380 410 2562 466 XCIII.
3287 409 3424 464 I054

265 527 352 582 II.
376 531 484 583 Kal
517 533 850 603 προσήλυτον
879 535 1193 602 ἐφόνευσαν.
1788 543 1832 596 Α

1169 556 1193 588 ι.
1788 543 1832 596 Α
1933 537 2018 589 II.
2049 535 2113 588 Et
2142 538 2401 589 advenam
2429 534 2763 589 occiderunt.

259 621 348 675 I2.
386 624 494 676 Kal
529 620 678 676 εἶπον
703 642 717 656 ·
752 627 864 679 Ούκ
897 627 1086 694 ὄψεται
1114 629 1316 698 Κύριος
1344 647 1355 658 ·

1931 628 2017 680 12.
2059 627 2119 680 Ει
2149 627 2400 682 dixerunt
2426 646 2437 681 ε
2471 626 2588 681 Non
2614 627 2816 682 videbit
2839 623 3142 684 Dominus:

263 711 353 766 I5.
384 714 517 767 οὐδὲ
544 717 761 786 συνήσει
787 718 814 768 ὁ
840 717 972 781 Θεὸς
998 718 1090 770 τοῦ
1134 717 1345 771 Ἰακώϐ.

1297 718 1345 770 6.
1935 719 2018 773 I3.
2039 717 2220 785 Neque
2262 719 2518 788 intelliget
2543 717 2683 772 Deus
2707 717 2891 772 Jacob.

259 804 348 857 14.
380 806 572 859 Σύνετε
594 808 678 878 δὴ,
717 809 968 879 ἄφρονες,
995 814 1052 862 ὲν
1085 811 1160 880 τῷ
1186 810 1296 880 λαῷ
1319 827 1334 842 ⁹

1931 808 2018 860 14.
2059 807 2358 876 Intclligitc,
2392 809 2706 876 insipientes
2737 809 2790 862 in
2829 811 3055 879 populo;

258 894 347 949 I5.
379 898 486 950 Kal
513 901 684 969 μωροὶ
708 901 856 963 ποτε,
890 902 1215 970 φρονήσατε.

1934 897 2022 950 15.
2059 897 2116 950 Et
2151 900 2295 951 SltlIll
2326 899 2635 966 aliquando.
2662 901 2851 968 sapite.

259 986 348 1042 16.
396 989 453 1042 ὐ
482 991 752 1057 φυτεύσας
774 994 832 1044 τὸ
856 989 946 1056 οῦς
975 994 1093 1062 οὐχὶ
1126 993 1307 1045 ἀκούει
1331 1009 1344 1057 ;

1931 987 2014 1040 16.
2053 988 2153 1054 Qui
2192 991 2450 1056 plantavit
2477 1006 2687 1052 aurem,
2723 1007 2826 1044 non
2851 991 3044 1045 audit?

258 1079 343 1133 17.
379 1081 449 1133 Ἦ
475 1083 502 1134 ὁ
532 1083 741 1145 πλάσας
765 1083 855 1135 τὸν
875 1084 1153 1153 ὀφθαλμὸν
1179 1085 1298 1152 οὐχὶ
1326 1086 1577 1136 κατανοεῖ
1601 1100 1616 1149 ;

1929 1077 2014 1131 I7.
2051 1083 2158 1131 Aut
2183 1080 2274 1146 qui
2306 1081 2459 1133 tinxit
2493 1082 2732 1143 oculum,
2762 1097 2867 1133 non
2899 1082 3205 1137 considerat
3228 1083 3249 1126 τ

257 1172 347 1227 18.
386 1175 442 1226 Ὀ
475 1176 742 1228 παιδεύων
767 1175 890 1247 ἔθνη
927 1177 1045 1246 οὐχὶ
1087 1176 1327 1244 ἐλέγξεις

1931 1169 2015 1222 18.
2057 1169 2158 1235 Qui
2198 1172 2422 1239 corripit
2452 1183 2656 1240 gentes.
2693 1189 2798 1225 nun
2833 1175 3060 1242 arguet?

257 1263 344 1317 I9.
388 1265 446 1318 '0
473 1265 737 1320 διδάσκων
766 1267 1048 1337 ἄνθρωπον
1082 1268 1314 1333 γνῶσιν;

1932 1261 2015 1313 I9.
2046 1260 2148 1324 Qui
2182 1263 2335 1314 docet
2368 1263 2436 1314 lio
2463 1265 2637 1316 linem
2673 1264 2991 1317 scientiam!

254 1353 345 1408 20.
374 1355 574 1425 Κύριος
596 1356 850 1423 γινώσκει
873 1357 996 1419 τοὺς
1017 1357 1394 1428 διαλογισμοὺς
1415 1357 1522 1412 τῶν
1550 1356 1757 1429 ἀνθρὼ-

1928 1352 2017 1404 20.
2073 1352 2332 1408 Dominus
2389 1356 2492 1408 scit
2544 1357 2897 1425 COgitationes
2949 1358 3248 1423 hominum,
3283 1371 3412 1427 quo-

170 1461 338 1510 πων,
369 1447 448 1499 ὅτι
483 1449 589 1499 εἰσὶ
630 1449 867 1518 μάταιοι.

767 1467 867 1501 ποι,
1859 1445 2004 1496 niam
2037 1461 2184 1498 vanae
2218 1455 2361 1499 sunt.

250 1536 345 1590 2I.
375 1539 658 1607 Μακάριος
688 1540 998 1610 ἄνθρωπος,
1033 1542 1091 1594 ὃν
1117 1541 1182 1594 ἂν
1209 1541 1520 1612 παιδεύσῃς,
1551 1541 1720 1613 Κύριε

1930 1534 2018 1586 21.
2061 1535 2255 1591 Beatus
2299 1539 2479 1601 homo,
2512 1555 2670 1606 quem
2703 1548 2757 1593 tu
2787 1541 3075 1606 erudieris,
3104 1541 3365 1596 Domine°

256 1626 351 1682 22.
379 1629 486 1680 Kal
525 1631 586 1680 ἐκ
615 1629 709 1681 τοῦ
741 1631 904 1700 νόμου
950 1648 1042 1683 σου
1084 1630 1294 1701 διδάξῃς
1325 1631 1502 1682 αὐτόν.

1325 1631 1502 1682 αὐτόν.
1929 1626 1999 1678 22
2051 1627 2112 1679 Ει
2147 1630 2211 1681 de
2237 1631 2349 1700 lege
2374 1641 2462 1684 tua
2487 1632 2735 1687 dooueris
2760 1649 2904 1688 eum.

247 1719 338 1774 25.
377 1720 482 1772 Τοῦ
516 1721 751 1791 πραῧναι
784 1722 944 1775 αὑτὸν
979 1724 1069 1790 ἀφ’
1099 1722 1319 1792 ἡμερῶν
1363 1720 1613 1792 πονηρῶν

1363 1720 1613 1792 πονηρῶν
1928 1716 1999 1769 25
2054 1716 2123 1770 Ut
2155 1719 2365 1788 miliges
2387 1723 2434 1774 ei
2471 1737 2498 1774 a
2533 1722 2725 1776 dielnts
2759 1726 2912 1778 uvalis
2944 1742 2955 1778 :

252 1812 346 1865 25.
377 1812 520 1875 Ἕως
542 1807 601 1866 οὗ
634 1815 803 1883 ὀρυγῇ
832 1813 908 1884 τῷ
933 1813 1236 1883 ἁμαρτωλῴ
1269 1812 1475 1881 βόθρος.
1791 1883 1797 1884 7

1377 1830 1475 1875 νος,
1791 1883 1797 1884 7
1925 1806 2017 1860 24.
2045 1807 2222 1861 Donec
2246 1809 2478 1862 fodiatur
2510 1814 2776 1878 peccaturi
2803 1812 2971 1866 fovea.

249 1902 344 1956 25.
373 1905 493 1956 Ὀτι
521 1906 620 1958 οὐκ
649 1905 925 1958 ἀπώσεται
956 1906 1156 1974 Κύριος
1180 1906 1268 1958 τὸν
1302 1905 1424 1959 λαὸν
1453 1904 1613 1957 αὑτοῦ
1639 1920 1649 1929 ·
1789 1883 1828 1935 Β

1789 1883 1828 1935 Β
1928 1899 2016 1952 25.
2053 1898 2190 1964 Quia
2231 1905 2344 1953 non‘
2377 1901 2594 1970 repellet
2627 1901 2887 1959 Dominus
2920 1905 3123 1966 plebem
3161 1920 3351 1969 suam;

252 1993 345 2047 26.
384 1994 493 2045 Kal
524 1994 623 2064 τὴν
650 1995 1012 2066 κληρονομίαν
1041 1995 1202 2048 αὑτοῦ
1234 1997 1332 2047 οὐκ
1356 1993 1756 2062 ἐγκαταλείψει.

1633 1993 1756 2062 Ede;
1927 1989 2017 2042 26.
2049 1989 2107 2041 Et
2148 1993 2512 2046 luereditatein
2547 2010 2698 2046 suam
2744 2010 2849 2047 non
2874 1995 3227 2062 derelinqnvt.

251 2085 345 2138 27.
383 2087 526 2151 Ἕως
559 2081 620 2140 οὗ
651 2087 962 2158 δικαιοσύνη
999 2089 1302 2158 ἐπιστρέψῃ
1335 2090 1412 2150 εἰς
1449 2087 1649 2157 κρίσιν.

1923 2081 2011 2133 27.
2047 2081 2412 2152 Quoadusque
2435 2085 2642 2150 justitia
2672 2098 3012 2141 convertetur
3038 2088 3088 2139 in
3109 2089 3370 2156 judicium
3404 2109 3417 2145 :

247 2176 340 2232 28.
369 2178 476 2234 Kal
499 2179 746 2230 ὲνὸαενοι
773 2179 939 2247 αὐτῆς
964 2178 1161 2240 πάντες
1184 2181 1230 2230 οἰ
1254 2179 1426 2240 εύϐεἷς
1449 2182 1514 2248 τῇ
1539 2177 1752 2248 καρδίᾳ.

1921 2174 2010 2227 28.
2047 2173 2112 2228 Ει
2157 2175 2249 2245 qui
2300 2177 2454 2246 juxta
2498 2177 2644 2229 illam
2687 2193 2911 2245 omnes,
2969 2180 3061 2249 qui
3100 2191 3247 2236 recto
3296 2197 3423 2238 sunt

1853 2268 2038 2320 corde.

255 2349 347 2403 29.
381 2349 475 2414 Τίς
506 2350 865 2423 ἀναστήσεται
917 2369 1002 2404 μοι
1032 2352 1123 2405 ἐπὶ
1155 2351 1602 2422 πονηρευομένοις
1632 2348 1753 2420 [πο-

1930 2357 2019 2412 29.
2058 2358 2191 2424 Quis
2221 2370 2513 2432 consurget
2547 2362 2680 2417 mihi
2705 2362 2968 2420 adversus
2999 2367 3398 2438 malignantes?

170 2442 601 2515 νηρευομένους]
624 2461 636 2509 ;

1300 2580 1672 2634 ATIIANASII
1713 2579 2296 2638 INTERPRETATIO.

253 2740 345 2794 II.
372 2739 482 2791 Kal
503 2737 609 2790 τῶν
634 2740 880 2807 πενήτων
903 2737 1397 2790 κατεδυνάστεύσαν

1933 2738 2018 2792 Il.
2050 2737 2114 2792 Et
2139 2754 2400 2808 pauperes
2427 2741 2667 2808 potentia
2693 2759 2791 2799 sua
2822 2755 3226 2814 oppresserunt.

253 2829 345 2883 I2.
373 2829 448 2880 Οὐ
484 2832 715 2881 ποιεῖται
745 2829 1000 2901 πρόνοιαν
1034 2828 1141 2880 τῶν
1169 2827 1488 2899 ἀνθρώπων.

1238 2827 1488 2899 Θρώπων.
1932 2829 2017 2881 12.
2059 2827 2173 2881 Non
2206 2832 2463 2899 prospicit
2500 2833 2827 2888 hominibus.

252 2921 346 2974 I3.
383 2920 517 2973 Οὐδὲ
550 2924 658 2974 νοεῖ
683 2923 750 2975 τὰ
779 2922 1115 2990 γεγενημένα
1151 2920 1245 2988 (1).

1937 2920 2018 2974 15.
2053 2919 2235 2990 Neque
2264 2939 2384 2991 qua:
2417 2925 2557 2980 facta
2593 2936 2719 2979 sunt
2743 2928 2930 2981 noscit.

255 3009 343 3063 14.
377 3010 646 3080 Νοήσατε,
677 3012 726 3062 οί
757 3011 1007 3076 λέγοντες
1031 3007 1107 3077 (2)
1135 3002 1272 3058 εἶναι
1305 3005 1456 3058 Θεόν.
1779 3056 1822 3112 c

1779 3056 1822 3112 ϐ
1931 3013 2018 3066 14.
2057 3012 2361 3084 Intelligite,
2387 3017 2625 3073 dicentes
2660 3035 2764 3072 non
2790 3035 2908 3075 esse
2936 3019 3116 3075 Deum.

254 3103 342 3156 I5.
370 3104 479 3155 Kal
501 3105 547 3155 οί
573 3103 840 3165 ἀσύνετοι,
859 3101 1189 3171 ἀνανήψατε.
1783 3101 1822 3112 "

1783 3101 1822 3112 “”
1929 3104 2014 3157 I5.
2051 3103 2113 3157 Et
2150 3107 2484 3173 insipientes.
2512 3111 2826 3179 resipiscite.

259 3195 346 3250 I6.
395 3197 452 3249 Ὀ
486 3197 770 3266 ἰασάμενος
812 3197 900 3249 τὸν
947 3195 1128 3248 δοῦλον
1161 3194 1254 3247 τοῦ
1306 3191 1624 3264 ἀρχιερέως,
1666 3191 1755 3278 ὅτε

1928 3195 2011 3249 I6.
2068 3195 2167 3262 Qui
2218 3198 2336 3252 solo
2391 3208 2534 3253 tactu
2599 3204 2809 3256 sanavit
2873 3221 3087 3260 servum
3139 3207 3419 3278 principis,

175 3289 392 3357 Πέτρος
427 3288 696 3358 ἀπέκοψεν
719 3287 881 3341 αὐτοῦ
914 3287 973 3340 τὸ
997 3286 1154 3339 ὠτίον
1178 3285 1332 3356 μόνον
1350 3283 1643 3352 ἁψάμενος,
1662 3276 1756 3331 καὶ

1855 3287 2071 3356 quando
2095 3287 2288 3343 Petrus
2325 3290 2372 3343 ei
2414 3292 2643 3346 abscidit
2690 3295 2987 3349 auriculam
3016 3298 3079 3361 ",
3111 3276 3236 3352 num
3286 3276 3418 3370 ipse.

177 3378 264 3446 (3)
295 3378 456 3440 αὐτὸς
489 3379 515 3430 ὁ
549 3379 835 3448 ἰασάμενος
854 3375 960 3447 ἆρα
991 3379 1089 3429 οὐκ
1120 3375 1342 3437 ἀκούει;
1457 3394 1461 3397 ·

1195 3375 1342 3437 ούει;
1457 3394 1461 3397 ·
1856 3379 1946 3448 qui
1983 3396 2165 3433 aurem
2196 3383 2426 3446 sanavit,
2465 3399 2570 3436 non
2601 3385 2789 3438 audit?

261 3467 346 3519 I7.
402 3467 458 3517 ὐ
486 3467 577 3518 τοῦ
622 3471 683 3519 ὲκ
703 3467 965 3535 γεννητῆς
989 3465 1189 3532 τυφλοῦ
1224 3463 1300 3532 τῷ
1339 3462 1451 3531 ἰδίῳ
1482 3459 1755 3529 πτύσματι

1927 3473 2012 3525 17.
2048 3472 2151 3538 Qui
2198 3476 2385 3531 oculos
2433 3477 2558 3531 czeci
2594 3493 2624 3531 a
2679 3478 2957 3533 nativitate
3002 3481 3220 3549 proprio
3267 3493 3423 3551 sputo

178 3560 317 3622 τοὺς
345 3557 650 3628 ὀφθαλμοὺς
683 3558 890 3620 πλάσας
920 3557 992 3627 (II
1016 3574 1030 3622 δ

637 3577 650 3621 ῖ
683 3558 890 3620 πλάσας
920 3557 1030 3627 (λης
1856 3559 2113 3617 formavit
2147 3564 2231 3616 "‘i

261 3650 352 3716 I8,
385 3651 470 3705 I9.
514 3653 570 3704 Ὀ
603 3651 824 3705 ὲνοικῶν
858 3653 937 3715 είς
965 3651 1063 3713 τὰς
1099 3648 1320 3720 καρδίας
1344 3647 1450 3700 τῶν
1477 3643 1755 3698 πιστευόν-

1930 3655 2017 3718 I8,
2056 3655 2140 3710 I9.
2176 3653 2278 3721 Qui
2311 3655 2577 3712 inhabitat
2605 3657 2656 3711 in
2691 3660 2947 3714 cordibus
2992 3662 3323 3715 credentium
3368 3666 3419 3717 in

178 3761 295 3796 των
313 3745 392 3806 είς
414 3743 594 3808 αὑτὸν,
623 3745 714 3796 καὶ
741 3743 1005 3796 διδάσκων
1037 3743 1232 3803 αὐτοὺς
1262 3739 1322 3791 τὸ
1355 3738 1480 3807 Θέλη
1491 3755 1565 3808 μα
1591 3732 1753 3788 αὑτοῦ

1856 3763 2001 3811 eum,
2039 3755 2092 3802 et
2134 3749 2288 3802 docet
2323 3749 2467 3818 ipsos
2518 3750 2844 3806 voluntatem
2878 3768 3054 3816 suam,
3105 3755 3423 3824 redarguere

180 3836 288 3890 οὐκ
319 3835 430 3905 ἔχει
472 3835 683 3904 ἐλέγξαι
715 3836 858 3905 ὑμᾶς
889 3838 946 3888 ὲν
970 3838 1034 3905 τῇ
1069 3835 1249 3906 ἡμέρᾳ
1285 3833 1384 3902 τῆς
1417 3832 1680 3898 κρίσεωςς

1111 3835 1249 3906 μέρᾳ
1285 3833 1384 3902 τῆς
1417 3832 1680 3898 κρίσεως;
1860 3839 2104 3908 nequibit
2139 3854 2231 3894 vos
2259 3841 2311 3894 in
2353 3841 2438 3895 die
2461 3841 2694 3908 judicii?

259 3927 350 3980 20.
381 3921 504 3980 Ὀτι
526 3929 818 3997 ἀνωφελεῖς
846 3930 982 3981 εἰσιν
1008 3929 1060 3980 al
1095 3926 1272 3994 σοφίαι
1298 3925 1405 3978 τῶν
1436 3922 1754 3991 ἀνθρώπων.

1715 3940 1754 3973 ν.
1931 3928 2019 3982 20.
2062 3927 2326 3994 Quoniam
2359 3932 2575 3986 inutiles
2607 3943 2731 3985 sunt
2772 3934 3022 3988 humanm
3053 3936 3309 3990 scientiae.

255 4019 345 4073 2I.
369 4020 465 4072 Διὰ
489 4021 583 4088 τῆς
604 4020 822 4092 χάριτός
858 4036 950 4071 σου
973 4059 987 4082 ,
1024 4019 1081 4070 ὃν
1111 4017 1175 4070 ἂν
1203 4014 1495 4086 παιδεύσῃς
1524 4011 1758 4081 ἐπιγνῶ-

1927 4019 2018 4073 21.
2050 4018 2220 4084 Quem
2254 4036 2347 4089 per
2383 4021 2608 4089 gratiam
2641 4033 2786 4075 tuam
2827 4024 3093 4081 erudieris
3126 4028 3191 4080 ad
3223 4042 3426 4097 cogno-

181 4130 278 4166 ναι
309 4112 378 4164 τὰ
413 4111 810 4181 προστάγματά
841 4128 966 4174 σου,

895 4129 933 4162 μυ
951 4152 966 4174 ,
1861 4112 2056 4167 scenda
2086 4120 2351 4180 prmcepta
2379 4122 2489 4174 tua,

262 4203 354 4256 22.
382 4203 620 4268 Διδάξεις
647 4203 722 4272 (5)
758 4202 916 4255 αὐτὸν
942 4200 1206 4255 ἐπιτελεῖν
1233 4197 1389 4252 αὑτά.

1331 4197 1389 4252 κά.
1927 4203 2017 4256 22.
2053 4203 2277 4258 Docebis
2304 4220 2427 4258 eum
2467 4205 2652 4258 eadem
2686 4205 2925 4272 implere.

262 4295 352 4348 23.
397 4293 503 4347 Τοῦ
527 4294 624 4364 τὴν
652 4295 872 4364 εἰρήνην
903 4310 994 4346 σου
1035 4291 1216 4345 δοῦναι
1251 4293 1306 4343 ὲν
1332 4291 1396 4359 τῇ
1440 4286 1634 4358 καρδίᾳ
1659 4286 1758 4340 αύ-

1485 4286 1634 4358 ιρδίᾳ
1659 4286 1758 4340 αὖ·
1929 4294 2020 4350 25.
2059 4293 2124 4350 Ut
2152 4295 2246 4349 des
2277 4310 2459 4365 pacem
2497 4305 2642 4348 tuam
2671 4297 2724 4349 in
2752 4299 2913 4353 corde
2941 4297 3079 4367 ejus.

180 4386 283 4441 τοῦ
323 4385 417 4455 (6).
1791 4396 1835 4452 D

260 4477 352 4533 24.
379 4478 522 4541 Ἕως
547 4469 607 4529 οὗ
652 4476 713 4529 τὸ
739 4474 954 4531 αἰώνιον
985 4474 1094 4546 πῦρ
1135 4473 1350 4543 δέξηται
1378 4473 1465 4525 τὸν
1491 4469 1754 4525 διάϐολον.

1641 4470 1754 4525 λον.
1925 4473 2016 4529 21.
2044 4474 2224 4527 Donec
2249 4482 2483 4529 aeternus
2515 4475 2656 4546 ignis
2687 4478 2920 4546 excipiat
2945 4477 3235 4533 diabolum.

259 4570 348 4624 25.
386 4570 505 4622 Ὀτι
538 4570 636 4622 οὐκ
664 4568 941 4641 negator,
971 4567 1172 4640 Κύριος
1198 4567 1287 4618 τὸν
1310 4566 1434 4619 λαὸν
1468 4564 1650 4617 αὑτοῦ.

1924 4568 2013 4621 25.
2081 4566 2347 4632 Quoniam
2403 4585 2508 4623 non
2569 4570 2786 4638 abjiciet
2839 4570 3101 4628 Dominus
3165 4573 3420 4643 populum

1856 4675 2034 4714 suum.

260 4749 350 4803 26.
384 4750 494 4802 Kal
524 4751 649 4812 τοὺς
672 4749 861 4813 ἁγίους
894 4746 1056 4801 αυτοῦ
1089 4747 1148 4798 οὐ
1180 4746 1397 4816 παρίδῃ.

1385 4786 1397 4798 .
1925 4748 2014 4803 26.
2056 4746 2123 4803 Ει
2148 4760 2365 4805 sanctos
2398 4765 2526 4804 suos
2557 4765 2665 4804 non
2701 4752 2978 4822 deSpiciet.

257 4844 349 4896 27.
383 4844 526 4906 Ἕως
548 4836 608 4896 οῦ
629 4845 657 4894 ὁ
682 4841 807 4904 Υἱὸς
828 4839 919 4892 τοῦ
947 4838 1080 4892 Θεοῦ
1109 4839 1235 4909 ἔλθη
1263 4841 1444 4907 κρῖναι
1466 4836 1561 4906 τὴν
1585 4837 1760 4889 οἰκου-

1929 4839 2017 4891 27.
2052 4838 2542 4922 ρυοαόυδιιυῇῡοὶ
2572 4839 2742 4898 Filius
2775 4844 2952 4896 veniet
2984 4843 3048 4896 ad
3071 4843 3419 4912 judicandum

190 4937 381 5006 μέν-ην.

1859 4929 2139 4982 mundum.

258 5026 348 5081 28.
387 5028 494 5079 Kal
529 5026 752 5097 πλησίον
784 5026 856 5094 (7)
882 5026 1043 5078 αὑτοῦ
1070 5025 1265 5085 πάντες
1304 5023 1353 5075 οί
1403 5021 1543 5089 ἅγιοι
1573 5023 1756 5074 αὐτοῦ.

1499 5039 1543 5073 οι
1573 5023 1756 5074 αὐτοῦ.
1929 5019 2016 5072 28.
2053 5018 2117 5070 Et
2141 5019 2292 5087 jnxla
2330 5037 2452 5073 eum
2485 5037 2675 5076 omnes
2705 5025 2876 5077 sancti
2908 5025 3093 5094 ipsius.

259 5119 350 5191 29.
389 5119 483 5181 Τίς
512 5120 575 5172 ἂν
602 5119 787 5190 ἕτερος
817 5115 946 5188 ἦ).οε
981 5117 1284 5187 πολεμῆσαι
1317 5115 1456 5168 κατὰ
1478 5113 1585 5165 τῶν
1612 5115 1764 5166 ἐναν-

1927 5111 2018 5165 29.
2051 5110 2308 5177 Quisnam
2340 5115 2479 5168 alius
2513 5116 2690 5169 veniet
2734 5117 2798 5170 ad
2845 5117 3192 5186 pugnandum
3234 5127 3421 5172 contra

188 5211 322 5262 τίων
353 5211 634 5279 δυνάμεων

1862 5202 2201 5259 adversarias
2241 5206 2577 5274 potestates?

265 5326 308 5362 ’⁸
347 5321 478 5376 Luc.
523 5339 660 5385 xxii,
690 5323 779 5385 50,
812 5324 900 5378 51.
981 5323 1019 5353 ⁸⁷
1047 5323 1203 5378 Joan.
1239 5339 1316 5387 Ix,
1352 5323 1405 5386 6,
1439 5323 1486 5376 7.

1192 5436 1439 5498 ddenda
1473 5443 1532 5496 et
1565 5429 1935 5510 corrigenda
1967 5448 2042 5493 ex
2074 5433 2212 5494 cod.
2254 5435 2452 5496 Vatic.

258 5585 337 5650 (ί)
365 5583 645 5652 Γινὸμενα,
1933 5581 2009 5646 (Il
2048 5585 2281 5645 Πλασας,
2306 5582 2380 5644 ὡς
2416 5582 2716 5651 νομίζεται,
2750 5579 2848 5632 οὐκ
2877 5579 3074 5648 ὲφορᾷ;

257 5655 333 5719 (2)
364 5655 428 5706 Οἱ
465 5653 537 5723 μὴ
566 5655 831 5722 λέγοντες.
1675 5721 1695 5723 _
1937 5655 2012 5720 (5)
2057 5655 2161 5705 Καὶ
2195 5653 2419 5714 διδάξεις
2441 5694 2453 5714 ,
2490 5660 2594 5706 etc.

258 5726 334 5790 (3)
373 5724 445 5776 Τὸ
467 5721 810 5778 ὠτίοναύτοῦ
840 5723 1114 5794 ἁψάμενος
1145 5725 1301 5795 μόνον
1327 5725 1515 5777 ἰάσατο
1550 5724 1607 5776 τὸ
1642 5721 1750 5787 οῦς,
1934 5726 2008 5795 (6)
2043 5724 2245 5776 Αὐτῶν.

191 5785 438 5858 καίτέις.
889 5785 900 5794 ⁷
958 5785 968 5794 ’
1098 5785 1107 5788 ⁷
1145 5785 1156 5795 ’
1715 5785 1724 5787 ἡ
1935 5785 2010 5861 (τ)
2045 5795 2156 5849 Καὶ
2187 5795 2417 5866 πλησίοι.
2453 5801 2578 5854 etc.,
2613 5793 2657 5843 οἱ
2689 5790 2860 5852 εὐθεῐς
2887 5791 2950 5858 τῇ
2987 5785 3198 5857 καρδίᾳ..
