4036 6448
635 329 772 385 1055
1479 338 1535 392 S.
1576 339 1942 396 ATHANASH
1986 343 2136 398 ΟΡΡ.
2179 344 2357 402 PARS
2395 349 2482 404 ΙΙΙ.
2526 382 2592 392 —-
2618 352 3032 410 EXEGETICA.
3755 369 3886 426 1056

703 442 790 496 50.
829 443 935 497 Aut
962 445 1085 514 quis
1134 447 1296 501 stabit
1329 464 1539 504 mecum
1589 453 1850 509 adversus
1909 470 2194 526 operantes
2226 469 2269 521 Α

2370 465 2458 520 50.
2491 467 2558 519 Ἢ
2591 467 2675 530 τίς
2707 472 3232 541 σνομπαραστήσεταί
3266 493 3356 546 μοι
3385 479 3475 532 ἐπὶ
3508 484 3625 545 τοῖς
3659 484 3883 553 ἐργαζο-

630 530 1009 602 iniquitatem?

2307 554 2488 620 μένοις
2519 555 2617 626 τὴν
2652 559 2912 628 ἀνομίαν;

703 627 790 681 5i.
824 626 937 682 Nisi
973 631 1100 699 quia
1139 631 1401 690 Dominus
1437 638 1646 706 adjuvit
1691 658 1811 697 me:

2374 644 2464 698 5i.
2494 646 2558 697 El
2592 645 2667 716 μὴ
2695 626 2777 699 ὅτι
2807 649 3009 720 Κύριος
3037 651 3301 724 ὲϐοήθησέ
3333 671 3452 724 μοι·

705 718 792 773 52.
849 719 1017 776 Paulo
1068 725 1252 782 minus
1303 727 1606 785 habitasset
1651 734 1706 787 in
1757 734 1972 791 inferno
2020 739 2200 794 anima

2374 736 2463 790 59.
2514 737 2672 809 Παρὰ
2710 718 2910 810 βραχὺ-
2942 718 3236 816 παρῴκῆσέ
3265 718 3345 817 τῷ
3377 746 3476 818 ᾄδῃ
3507 750 3540 821 ἡ
3574 751 3726 824 ψυχή
3765 771 3883 824 μου·

629 825 771 864 mea.

701 905 787 956 55.
835 903 889 958 Si
917 905 1165 961 dicebam
1195 926 1207 961 :
1241 908 1420 966 Motus
1448 922 1534 968 est
1561 930 1656 984 pes
1689 932 1879 972 meus:

2374 914 2464 968 55.
2499 916 2560 967 Εἰ
2587 916 2770 985 ἔλεγον
2791 935 2804 948 ο
2835 920 3159 976 Σεσάλευται
3183 925 3212 976 6
3236 925 3368 990 ποῦς
3398 944 3498 998 μου
3527 946 3541 960 ·

699 995 786 1049 54.
821 995 1184 1053 Misericordia
1222 1010 1332 1061 tua.
1365 1004 1610 1068 Domine,
1635 1008 1928 1078 adjuvabat
1951 1028 2056 1067 me.

1910 1020 2056 1067 ιπιο,
2375 1005 2464 1058 54.
2497 1006 2569 1058 Τὸ
2598 1007 2746 1074 ἔλεός
2774 1027 2888 1076 σου,
2919 1012 3112 1084 Κύριε,
3143 1014 3357 1088 ἐϐοήθει
3390 995 3498 1089 μοι.

699 1086 788 1140 55.
818 1085 1125 1143 Secundum
1158 1093 1558 1150 multitudinem
1592 1097 1840 1153 dolorum
1879 1117 2119 1157 meorum
2143 1105 2198 1158 in

2375 1096 2464 1151 55.
2496 1099 2652 1152 Κατὰ
2673 1100 2734 1153 τὸ
2768 1101 2972 1172 πλῆθος
3002 1105 3110 1160 τῶν
3137 1085 3337 1161 ὀδυνῶν
3364 1085 3466 1180 μου
3496 1112 3554 1164 ὲν
3585 1116 3653 1184 τῇ
3690 1115 3886 1186 καρδία

629 1182 792 1234 corde
823 1197 963 1247 meo,
1015 1186 1419 1242 consolationes
1469 1198 1573 1244 tuae
1629 1192 2040 1250 laetilicaverunt
2073 1198 2196 1251 ani-

2305 1206 2406 1259 μου
2434 1229 2448 1244 .
2482 1193 2537 1243 αἱ
2575 1191 2951 1263 παοακλήσεις
2995 1211 3088 1248 σου
3118 1195 3394 1268 εὔφραναν
3426 1200 3522 1273 τὴν
3546 1182 3730 1274 φυγήν
3764 1182 3881 1276 μου.

629 1285 773 1324 mam
806 1289 1001 1327 meam.

698 1363 785 1417 56.
815 1363 1068 1435 Nunquid
1098 1368 1336 1424 adhaeret
1367 1372 1462 1426 tibi
1491 1375 1646 1428 sedes
1673 1375 1996 1445 iniquitatis,

2373 1358 2463 1412 56.
2499 1355 2591 1430 Μὴ
2629 1362 3026 1434 ωμπροσέστω
3053 1382 3134 1419 σοι
3160 1365 3346 1438 θρόνος
3370 1371 3603 1441 ἀνομίας
3620 1411 3635 1437 ,

697 1453 786 1509 57.
811 1455 914 1521 Qui
945 1458 1101 1529 {iugis
1128 1460 1365 1514 laborem
1401 1463 1452 1515 iu
1481 1466 1795 1534 prazcepto?

2372 1451 2459 1503 57.
2503 1452 2560 1504 Ὀ
2591 1453 2849 1509 πλάσσων
2875 1457 3043 1511 κόπον
3075 1459 3168 1511 ἐπὶ
3197 1459 3560 1531 πρόσταγμας

697 1545 786 1600 58.
814 1547 1124 1617 Captabuut
1155 1551 1206 1603 in
1233 1553 1468 1606 animam
1497 1555 1628 1621 justi
1657 1574 1670 1609 :

2373 1543 2463 1597 58.
2497 1545 2869 1616 Θηρεύσουσιν
2903 1549 2994 1603 ἐπὶ
3021 1549 3195 1621 ψυχὴν
3222 1551 3432 1607 δικαίου
3454 1572 3466 1584 ·

697 1636 788 1690 59.
823 1635 887 1689 Ει
913 1639 1231 1707 sauguinem
1269 1641 1613 1695 innocentem
1645 1645 2107 1701 condemnabunt.

1897 1646 2107 1701 unum.
2371 1634 2458 1688 59.
2504 1638 2613 1690 Kal
2645 1633 2784 1707 αἷμα
2819 1641 2994 1696 ἀθῶον
3019 1644 3491 1702 καταδικάσονται.

697 1725 785 1778 40.
829 1724 892 1778 Ει
923 1726 1096 1779 factus
1132 1737 1214 1780 est
1245 1730 1374 1781 milii
1407 1728 1669 1784 Dominus
1705 1731 1757 1784 in
1789 1731 2060 1802 refugium
2091 1751 2104 1788 :

2103 1779 2104 1783 η
2370 1724 2458 1779 40.
2493 1727 2602 1779 Kal
2632 1729 2848 1796 ἐγένετό
2880 1750 2969 1801 μοι
2993 1733 3197 1806 Κύριος
3229 1738 3309 1798 εἰς
3340 1741 3697 1811 καταφυγήν

696 1810 784 1861 41.
819 1808 884 1862 Ει
915 1809 1057 1864 Deus
1082 1813 1302 1866 meusin
1335 1814 1665 1883 adjutorium
1691 1816 1804 1885 spei
1829 1833 1980 1871 meae.

2228 1899 2254 1902 _
2372 1817 2461 1870 ιι.
2496 1821 2607 1873 Kal
2631 1823 2658 1874 6
2688 1821 2822 1886 Θεός
2863 1843 2963 1894 μου
2990 1827 3070 1889 είς
3104 1827 3296 1898 βοηθὸν
3325 1829 3543 1894 ἐλπίδος
3575 1808 3700 1902 μὸυ.

697 1901 786 1954 42.
823 1901 887 1955 Ει
917 1905 1102 1957 reddet
1137 1906 1244 1960 illis
1272 1905 1535 1963 Dominus
1561 1907 1912 1983 [secundum]
1942 1913 2198 1983 iniquita-
2227 1899 2271 1958 Β

2369 1908 2457 1961 42.
2499 1911 2606 1962 Kal
2649 1913 2915 1968 ἀποδώσει
2951 1918 3131 1981 αὐτοῖς
3182 1919 3387 1990 Κύριος
3426 1919 3524 1992 τὴν
3562 1899 3744 1996 (iam;
3764 1913 3882 1997 τὴν]

627 1999 734 2044 tem
769 1991 1034 2060 ipsorum.

2303 2000 2531 2069 ἀνομίαν
2570 2003 2768 2060 αὐτῶν.

695 2082 783 2136 45.
822 2083 896 2158 (α)
930 2084 995 2137 Et
1020 2087 1316 2140 secundum
1344 2089 1604 2143 malitiam
1635 2105 1823 2146 eorum
1854 2111 1867 2148 :

1812 2109 1823 2146 ι
1854 2111 1867 2148 :
2371 2091 2461 2146 45.
2499 2094 2609 2146 Kal
2639 2095 2779 2147 κατὰ
2811 2095 2909 2167 τὴν
2937 2097 3200 2168 πονηρίαν
3230 2099 3406 2153 αὐτῶν

692 2171 783 2226 44.
821 2171 1101 2243 Disperdet
1131 2177 1251 2232 illos
1279 2178 1541 2236 Dominus
1569 2180 1710 2239 Deus
1747 2183 1980 2255 [noster]

2374 2183 2461 2235 44.
2511 2186 2758 2253 Ἀφανιεί
2784 2188 2982 2251 αὐτοὺς
3015 2189 3217 2260 Κύριος
3244 2191 3273 2244 6
3298 2190 3431 2256 Θεὸς
3459 2190 3685 2264 [ήμῶν].

693 2391 768 2462 (a)
795 2391 950 2448 Vers.
980 2395 1069 2457 45,
1099 2397 1187 2459 44,
1217 2412 1359 2450 vers.
1392 2413 1556 2450 unus.

1738 2657 2113 2715 ATHANASII
2148 2660 2738 2720 INTERPRETATIO.

685 2830 774 2884 50.
803 2830 910 2885 Aut
941 2831 1062 2902 quis
1091 2832 1221 2886 mibi
1249 2849 1402 2905 opem
1453 2835 1586 2891 feret
1635 2847 1828 2892 contra
1863 2839 2181 2897 immundos

2363 2843 2450 2897 50.
2480 2845 2552 2897 Ἦ
2578 2846 2661 2908 τίς
2692 2845 3142 2902 συναντελάϐεταί
3168 2846 3243 2920 (1)
3277 2866 3368 2918 μοι
3393 2850 3486 2903 ἐπὶ
3530 2852 3600 2905 τὰ
3637 2854 3882 2926 πνεύμα-

618 2923 842 2992 Spiritus
867 2923 890 2977 ?

2289 2953 2358 2990 τα
2393 2937 2677 3009 ἀκάθαρτα
2699 2955 2711 3005 ;

687 3017 775 3070 51.
804 3013 916 3069 Nisi
944 3015 1083 3071 Deus
1111 3015 1204 3070 Dei
1234 3016 1404 3070 Filius
1433 3017 1733 3085 adjuvisset
1765 3036 1872 3077 me.

2361 3029 2449 3082 51.
2487 3031 2550 3083 El
2585 3031 2659 3102 μὴ
2687 3033 2716 3084 6
2750 3031 2882 3094 Θεὸς
2916 3031 3011 3084 τοῦ
3042 3031 3177 3085 Θεοῦ
3215 3033 3480 3106 ἐϐοήθησε
3509 3055 3622 3108 μοι.

685 3107 773 3162 52.
808 3107 975 3161 Paulo
1025 3110 1205 3161 minus
1241 3109 1661 3176 permansissem
1715 3113 1772 3166 in
1829 3123 2007 3170 morte
2060 3132 2186 3186 pec-

2365 3115 2452 3169 52.
2484 3117 2620 3188 Παρ’
2656 3119 2832 3186 ὀλίγον
2863 3120 3191 3190 ὲναπέμεινα
3219 3122 3297 3192 τῷ
3320 3107 3535 3196 suam
3562 3127 3664 3199 τῆς
3690 3129 3876 3202 ἁμαρ-

620 3199 745 3253 cati.
2290 3202 2432 3266 τίας.

689 3291 774 3343 55.
811 3287 866 3343 Si
895 3290 1139 3344 videbam
1186 3307 1271 3345 me
1321 3292 1495 3362 ipsum
1537 3293 1592 3346 in
1635 3295 1954 3360 tentatione,
1987 3305 2042 3351 et
2083 3298 2191 3353 cla-
2216 3266 2261 3326 Ο

2358 3296 2446 3348 55.
2485 3297 2547 3349 Εἰ
2579 3296 2806 3350 ἔϐλεπον
2848 3299 3038 3355 ἑαυτὸν
3074 3302 3465 3374 πειραζόμενον
3488 3345 3503 3369 ,
3559 3307 3658 3360 καὶ
3705 3306 3875 3360 ἐϐόων

613 3382 829 3435 mabam
868 3383 932 3435 ad
968 3393 1036 3436 te.

968 3393 1036 3436 te.
2295 3386 2430 3457 πρὸς
2466 3389 2543 3441 σέ.

683 3474 771 3527 54.
811 3473 921 3526 Nisi
949 3474 1038 3526 Dei
1075 3473 1243 3527 Filius
1272 3474 1477 3542 adjuvit
1512 3491 1616 3529 me.

2361 3479 2448 3531 54.
2481 3481 2542 3532 El
2578 3481 2653 3551 (Ξ)
2695 3481 2768 3554 μὴ
2799 3484 2826 3535 6
2850 3483 2979 3547 Υἱὸς
3006 3484 3099 3538 τοῦ
3139 3486 3275 3540 Θεοῦ
3306 3486 3572 3558 ἐϐοήθησέ
3597 3502 3728 3560 κμοι.

686 3563 773 3616 55.
799 3563 1105 3620 Secundum
1132 3566 1528 3621 multitudinem
1563 3569 1998 3625 adversariarum
2041 3581 2192 3642 pote-

2361 3570 2448 3623 55.
2485 3571 2641 3624 Κατὰ
2683 3573 2742 3625 τὺ
2784 3574 2984 3643 πλῆθος
3023 3577 3129 3630 τῶν
3163 3579 3418 3633 ἐναντίων
3451 3580 3738 3650 δυνάμεων
3768 3583 3873 3636 τῶν

616 3666 814 3712 statum
857 3657 1252 3727 insurgentium
1305 3660 1357 3713 iu
1401 3660 1562 3716 corde
1617 3677 1734 3716 meo
1780 3664 2189 3731 superabunda-

2290 3663 2734 3732 ἐπανισταμένων
2776 3668 2832 3717 ἐν
2865 3670 2927 3736 τῇ
2959 3668 3156 3739 καρδίᾳ
3204 3687 3305 3740 μου
3339 3671 3873 3743 ὑπερεπερίσσευσεν

614 3748 690 3801 vit
734 3751 903 3818 gratia
957 3759 1067 3810 tua,
1120 3760 1173 3804 et
1206 3752 1432 3819 ejicieus
1482 3753 1698 3807 illorum
1740 3755 2096 3823 cogitationes
2133 3757 2188 3810 in

2291 3757 2323 3824 ἡ
2347 3755 2505 3824 χάρις
2538 3773 2652 3818 σου,
2686 3757 2779 3809 καὶ
2806 3758 3050 3812 ἐκϐαλὼν
3072 3761 3166 3824 τὰς
3195 3762 3416 3815 ἐκείνων
3440 3761 3769 3835 ἐνθυμήσεις
3794 3765 3871 3827 είς

615 3842 854 3896 laetitiam
889 3854 942 3892 et
963 3842 1218 3909 gaudium
1266 3845 1500 3897 animam
1537 3861 1712 3899 meam
1748 3849 2033 3901 convertit.

2289 3847 2628 3918 εὐφροσύνην
2663 3851 2756 3902 καὶ
2787 3851 2960 3921 χαρὰν
2999 3852 3262 3922 μετέϐαλε
3288 3853 3384 3923 τὴν
3412 3854 3587 3924 ψυχήν
3620 3872 3747 3925 μου.

692 3932 779 3986 56.
811 3930 1063 4001 Nunquid
1113 3933 1384 3990 inhabitat
1425 3937 1477 3990 in
1514 3939 1678 3992 corde
1726 3954 1848 3993 meo
1889 3940 2187 3995 dominatio

2357 3941 2446 3994 56.
2481 3943 2569 4011 Μὴ
2605 3943 2882 3995 ἐνοικείτω
2909 3945 2966 3996 ἐν
2997 3946 3062 4014 τῇ
3129 3945 3293 4018 αρδίᾳ
3339 3962 3440 4016 μου
3465 3947 3756 4000 δυναστεία
3777 3947 3868 4000 τοῦ

615 4023 837 4079 diaboli.

2286 4032 2554 4088 διαϐόλου.

685 4115 773 4171 57.
807 4114 1003 4171 Volens
1039 4117 1204 4170 vitam
1258 4117 1540 4173 instituere
1587 4121 1886 4175 secundum
1921 4121 2017 4176 Dei
2049 4138 2184 4192 pra:-

2359 4122 2446 4175 57.
2489 4123 2544 4175 '0
2566 4125 2706 4177 κατὰ
2734 4125 2793 4177 τὺ
2823 4125 2898 4195 (5)
2927 4127 3256 4199 πρόσταγμα
3280 4127 3375 4180 τοῦ
3403 4128 3537 4181 Θεοῦ
3568 4131 3867 4187 ἀσκεῖσθαι

614 4219 787 4276 cepta.

2296 4214 2630 4285 βουλόμενος.

682 4299 769 4352 58.
805 4297 1113 4367 Captabunt
1163 4299 1307 4353 enim
1359 4299 1660 4368 daemones,
1712 4301 1759 4356 si
1816 4302 1935 4356 ﬁeri
1984 4312 2178 4372 potest.

2354 4305 2441 4358 58.
2479 4304 2555 4374 Θη
2567 4306 2816 4375 ρεύσουσι
2843 4306 2951 4378 γὰρ
2979 4308 3026 4360 οί
3061 4306 3310 4379 δαίμονες
3334 4350 3348 4374 ,
3392 4312 3441 4363 εί
3470 4310 3696 4365 δυνατὸν
3717 4355 3733 4379 ,
3777 4316 3871 4370 καὶ

611 4391 776 4444 etiam
809 4392 1020 4445 animas
1052 4390 1252 4460 justas.

1243 4431 1252 4444 .
2282 4397 2461 4468 ψυχὰς
2494 4398 2708 4460 δικαίας
2742 4397 2837 4467 (4).

683 4483 770 4536 59.
814 4481 879 4535 Ει
916 4483 1126 4537 animas
1177 4491 1491 4538 sanctorum
1529 4493 1783 4556 tauquam
1817 4490 2022 4557 peccati
2059 4505 2181 4545 reas

2353 4491 2441 4545 59.
2475 4492 2583 4544 Kal
2618 4490 2715 4553 τὰς
2742 4490 2849 4543 τῶν
2893 4489 3065 4558 ἁγίων
3095 4490 3271 4562 ψυχὰς
3299 4495 3761 4563 συκοφαντοῦσιν,
3794 4497 3867 4561 ὡς

614 4572 1112 4626 calumniabuutur.

2211 4602 2254 4655 ο
2286 4581 2650 4644 ὑποκειμένας
2681 4580 2921 4652 ἁμαρτία
2954 4581 3052 4649 (5).

683 4662 770 4716 40.
802 4662 881 4714 All
908 4663 1082 4731 ipsum
1115 4664 1256 4716 enim
1303 4665 1620 4738 confugiens
1648 4668 1908 4724 liberatus
1947 4685 2065 4724 sum
2113 4671 2182 4725 ab

2358 4671 2442 4724 40.
2483 4670 2641 4741 Αὐτῷ
2693 4671 2801 4741 γὰρ
2866 4670 3231 4743 προσδραμὼν
3280 4672 3550 4745 ἐρρύσθην
3591 4677 3652 4730 ἐν
3685 4678 3764 4749 (6)
3790 4679 3867 4748 τῷ

609 4751 846 4807 inimicis
887 4756 1042 4807 meis.

1030 4793 1042 4806 .
2286 4763 2463 4834 ἐχθρῷ
2504 4781 2624 4833 μου.

680 4846 764 4897 41.
804 4844 878 4897 Ex
913 4846 1044 4912 ipsis
1083 4861 1168 4900 me
1199 4847 1446 4902 redemit.

2353 4853 2439 4906 41.
2484 4854 2854 4927 Ἐλυτρώσατό
2890 4873 2956 4926 με
2993 4855 3070 4926 (7)
3105 4856 3164 4921 ἐξ
3192 4857 3387 4912 αὐτῶν.

683 4933 772 4986 42.
812 4933 868 4985 lu
902 4933 988 4987 die
1017 4934 1228 5002 judicii.

2355 4943 2443 4996 42.
2477 4944 2564 4996 Ἐν
2600 4949 2664 5016 τῇ
2703 4946 2884 5017 ἡμέρᾳ
2916 4948 3011 5018 τῆς
3039 4947 3286 5019 κρίσεως.

681 5024 769 5084 45,
799 5023 886 5076 44.
925 5023 989 5077 Et
1019 5041 1316 5082 secundum
1353 5045 1539 5084 eorum
1590 5033 1852 5087 malitiam
1907 5035 2079 5091 tradet
2125 5036 2176 5090 in

2351 5036 2440 5098 45,
2470 5036 2558 5090 44.
2587 5038 2699 5090 Καὶ
2749 5039 2889 5092 κατὰ
2923 5039 3020 5108 τὴν
3069 5039 3265 5094 κακίαν
3315 5039 3494 5094 αὐτῶν
3540 5041 3857 5112 παραδώσει

611 5115 937 5185 supplicium
977 5127 1260 5172 aeternum.

2283 5130 2362 5190 εἰς
2394 5128 2470 5194 (8i
2511 5129 2728 5183 κόλασιν
2763 5128 2995 5186 αἰώνιον.

1560 5348 1862 5410 Addenda
1894 5356 1952 5410 et
1990 5349 2360 5426 corrigenda
2404 5369 2479 5411 ex
2515 5353 2652 5412 cod.
2695 5353 2892 5412 Vatic.

797 5525 1217 5605 EJ‘Javae).a6:-:6
1251 5549 1338 5601 μοι
1371 5533 1678 5602 πνεύματα,
1715 5542 1816 5605 etc.
1850 5602 1861 5605 Α

1210 5532 1227 5605 ἱ.
1251 5549 1338 5601 μοι
1371 5533 1678 5602 πνεύματα,
1715 5542 1816 5605 etc.
1850 5602 1861 5605 Α
2354 5535 2429 5599 (5)
2469 5536 2804 5605 Ἀμαρτίαις.

900 5593 1265 5680 εὐσπλαγχνίοὶ
1299 5620 1422 5668 σου,
1476 5593 1645 5674 Κύριε
1667 5641 1680 5665 ,
1710 5602 1907 5675 ἐϐοήθη
1943 5620 2050 5672 μοι.
2463 5593 2557 5680 ζΕ-ἱι
2584 5593 2687 5658 τῶν
2712 5593 2920 5678 ἐχθρῶν
2958 5627 3076 5680 μου,
3113 5623 3159 5666 el
3197 5613 3267 5666 ita
3297 5613 3396 5678 leg.

688 5664 1063 5745 (ῳῖόιιρθει.
1410 5664 1418 5668 ’
1567 5664 1577 5674 “
1669 5664 1673 5665 ⁷

1410 5664 1418 5668 ’
1567 5664 1577 5674 “
1669 5664 1673 5665 ⁷
2355 5664 2693 5745 (Timaei-

688 5734 762 5802 (4)
784 5738 1030 5791 Δεκαίων.

2359 5734 2431 5812 (8)
2464 5734 2730 5815 Πονηρίαν
2769 5749 2945 5804 αὐτῶν
2989 5753 3511 5824 παραδώσειαὺτους
3555 5756 3657 5817 είς,
3709 5763 3811 5813 etc-
