4036 6452
186 400 328 459 1057
1076 396 1163 450 DE
1202 395 1474 451 TlTULlS
1510 395 1780 451 PSALMO

1849 397 1959 452 [ΞΜ.
2009 428 2072 436 —
2117 397 2311 452 PSAL.
2346 398 2528 455 XCIV.
3311 407 3443 463 1058

179 516 360 586 Δῖνος
385 518 545 588 ᾠδῆς
573 518 652 583 τῷ
673 516 866 580 Δαῦὶδ,
888 514 1292 583 ἀνεπίγραφος
1314 515 1448 581 παρ’
1464 515 1770 582 Ἑϐραίοις.

1765 554 1770 568 ,
1803 528 1853 584 Α
1968 514 2109 569 Laus
2140 517 2334 569 cantici
2365 514 2558 577 David,
2590 515 2700 567 sine
2725 514 2880 568 titulo
2907 518 3047 585 apud
3084 516 3359 573 Hebraeos.

817 611 988 663 ΨΑΛ.
1023 612 1147 675 ιμ’.

2437 605 2640 660 PSAL.
2677 606 2806 661 XCI
2822 607 2882 662 V.

264 701 313 754 1.
341 699 526 765 Δεῦτε,
561 698 1020 769 ἀγαλλιασώμεθα
1047 698 1123 769 τῷ
1158 699 1346 768 Κυρίῳ
1367 715 1380 727 ο

1303 716 1346 768 ῳ
1367 715 1380 727 ο
1950 700 1994 750 1.
2033 697 2222 752 Venite
2249 697 2586 752 exsultemus
2627 697 2858 752 Domino
2885 717 2897 751 :

263 792 314 845 2.
349 792 730 862 Ἀλαλάξωμεν
760 791 838 861 τῷ
862 791 982 861 Θεῷ
1018 790 1097 860 τῷ
1135 790 1338 860 σωτῆρι
1382 790 1558 861 ἡμῶν.

1392 790 1558 861 ἡμῶν.
1944 792 1996 843 2.
2032 789 2340 844 Jubilemus
2373 789 2483 843 Deo
2507 790 2730 844 salutari
2763 800 2986 844 nostro:

267 883 316 939 '5.
344 885 749 955 Προφϐάσωμεν
768 884 830 936 τὸ
859 884 1148 954 πρόσωπον
1176 881 1339 934 αὑτοῦ
1363 883 1420 934 ἐν
1450 881 1771 954 ἐξομολογή-

1740 913 1771 953 ,-
1943 883 1995 938 '5.
2035 884 2480 949 Pratoccupemus
2510 880 2700 935 faciem
2734 882 2852 950 ejus
2874 881 2926 933 in
2960 880 3334 935 confessione:

185 993 274 1030 σει
296 995 310 1006 ⁸

266 1069 317 1123 4.
352 1070 461 1121 Καὶ
487 1071 542 1121 ἐν
571 1067 808 1138 ψαλμοῖς
833 1065 1188 1134 ἀλαλάξωμεν
1218 1065 1366 1136 αὐτῷ

1255 1065 1366 1136 ὐτῷ
1946 1062 1996 1115 ι.
2026 1061 2091 1115 Ει
2124 1061 2176 1115 in
2199 1061 2427 1131 psalmis
2455 1060 2753 1129 juhilemus
2778 1060 2847 1114 ei.

264 1158 316 1212 5.
343 1159 466 1210 Ὀτι
493 1157 626 1220 Θεὸς
665 1157 835 1226 μέγας
865 1155 1068 1226 Κύριος
1091 1170 1106 1185 ·

2030 1151 2300 1217 Quoniam
2344 1149 2486 1204 Deus
2522 1165 2753 1220 magnus
2788 1147 3089 1202 Dominus:

263 1250 317 1303 6.
359 1251 466 1303 Kal.
514 1249 760 1320 βασιλεὺς
813 1248 985 1319 μέγας
1036 1247 1130 1299 ἐπὶ
1181 1247 1360 1300 πᾶσαν
1385 1247 1485 1318 τὴν
1514 1247 1616 1318 γῆν
1644 1246 1772 1318 [ἐπὶ

1945 1243 1996 1297 6.
2042 1243 2107 1297 Et
2138 1260 2230 1298 rex
2271 1259 2500 1314 magnus
2534 1259 2700 1314 super
2749 1256 2964 1298 omnem
3021 1251 3216 1298 terram
3267 1245 3449 1317 [super

187 1343 403 1406 πάντας
436 1343 560 1404 τοὺς
592 1339 774 1412 λαούς]
786 1381 798 1394 .

1875 1355 2066 1394 omnes
2103 1338 2356 1411 populos]
2384 1359 2398 1394 :

261 1434 454 1486 ’1.’Ότι
485 1434 541 1484 ὲν
569 1435 634 1502 τῇ
669 1433 812 1502 χειρὶ
864 1431 966 1503 [ὅτι
999 1432 1100 1484 ούκ
1143 1430 1424 1484 ἀπώσεται
1454 1431 1658 1500 Κύριος
1682 1433 1769 1484 τὸν

1949 1431 1998 1484 7.
2042 1432 2181 1497 Quia
2242 1434 2295 1486 in
2345 1449 2509 1487 manu
2553 1432 2860 1506 [Quoniam
2907 1451 3017 1490 non
3070 1435 3290 1505 repellet
3341 1432 3449 1488 Do-

186 1527 321 1579 λαὺν
348 1524 511 1578 αὑτοῦ
531 1542 543 1554 ·
577 1525 658 1578 ὅτι
692 1527 749 1576 ὲν
779 1525 846 1595 τῇ
877 1526 1043 1595 χειρί,
1075 1534 1180 1580 etc.
1206 1523 1226 1595 ]
1271 1521 1433 1577 αὑτοῦ
1460 1521 1529 1574 τὰ
1560 1523 1771 1576 πέοατα

1875 1523 2056 1577 minus
2086 1524 2293 1593 plebem
2331 1528 2658 1597 suam,quia
2698 1527 2752 1581 in
2785 1545 2969 1594 manu,
2999 1529 3131 1600 etc.)
3167 1529 3286 1584 eius
3321 1529 3449 1583 lines

185 1619 291 1687 τῆς
321 1618 444 1686 γῆς·

1877 1624 2034 1669 terra:
2071 1634 2083 1669 :

261 1711 314 1763 8.
357 1711 464 1762 Καὶ
493 1709 558 1761 τά
583 1707 691 1778 ῦψη
716 1708 825 1760 τῶν
847 1708 1016 1778 ὀρέων
1047 1708 1211 1761 αὑτοῦ
1245 1712 1407 1765 εἰσιν.

1943 1709 1994 1762 8.
2033 1708 2098 1763 Et
2120 1711 2433 1767 altitudines
2465 1714 2732 1768 montium
2768 1715 2939 1784 ipsius
2973 1723 3117 1770 sunt.

262 1803 315 1855 9.
334 1803 455 1854 Ὀτι
480 1801 647 1853 αύτοῦ
678 1803 825 1854 ἐστιν
852 1803 885 1871 ἠ
915 1801 1180 1867 θάλασσα,
1208 1804 1301 1855 καὶ
1331 1805 1492 1867 αὐτὸς
1519 1802 1769 1861 ἐποίησεν
1795 1870 1844 1928 Β

263 1895 360 1928 ...ιη
381 1911 392 1922 .

1819 1870 1844 1928 3
1945 1800 1996 1853 9.
2049 1800 2318 1866 Quoniam
2356 1804 2525 1874 ipsius
2552 1815 2636 1860 est
2667 1821 2839 1872 mare,
2869 1816 2921 1862 et
2954 1807 3068 1877 ipse
3095 1807 3222 1861 fecit
3247 1805 3374 1860 illud
3401 1824 3413 1860 :

187 1895 392 1964 αὐτήν·

1318 2051 1694 2107 ATHANASII
1735 2051 2330 2114 INTERPRETATIO.

271 2213 334 2264 Ἦ
359 2212 694 2284 προκειμένη
718 2212 999 2286 ἐπιγραφὴ
1029 2214 1271 2284 περιέχει
1299 2214 1405 2284 (1)’
1433 2210 1611 2279 Αἶνος
1641 2215 1800 2284 ᾠδῆς
1830 2214 1910 2282 τῷ
1943 2216 2140 2280 Δαϐὶδ,
2175 2217 2581 2284 ἀνεπίγραφος
2609 2220 3062 2288 παρ’Ἐὸραίοις.
3087 2221 3160 2283 ὡς
3189 2219 3447 2284 πολλάκις

186 2307 514 2376 εἰρήκαμεν,
541 2301 690 2369 αἶνος
720 2305 860 2375 ᾠδῆς
884 2303 962 2368 τῷ
989 2302 1172 2369 ικανῷ
1194 2303 1269 2372 τῇ
1295 2305 1469 2374 χειρί,
1493 2307 1742 2359 τουτέστι
1775 2305 1852 2372 τῷ
1883 2307 1992 2373 Υίῷ
2018 2307 2125 2360 τοῦ
2153 2305 2321 2359 Θεοῦ.
2352 2302 2484 2358 Εἶτα
2511 2307 2918 2376 ἀνεπίπραφος
2950 2309 3087 2375 παρ’
3127 2309 3420 2374 Ἑϐραίοις

185 2396 268 2458 ὼς
295 2396 556 2459 πολλάκις
594 2398 898 2468 εἰρήκαμεν
939 2400 1016 2471 (2)
1041 2419 1051 2429 ·
1081 2402 1142 2453 οὐ
1163 2401 1272 2473 γάρ
1299 2402 1480 2471 ἔχουσι
1516 2403 1613 2473 τὴν
1645 2403 1994 2458 διδασκαλίαν
2039 2404 2132 2457 τοῦ
2178 2402 2392 2474 ψαλμοῦ
2425 2405 2481 2456 ὲν
2517 2406 2633 2467 ταῖς
2665 2404 2912 2474 καρδίαις
2945 2404 3144 2457 αὐτῶν.
3204 2403 3308 2454 Τοῦ
3346 2402 3450 2472 γά(

183 2486 407 2556 ψαλμοῦ
433 2487 720 2550 καλοῦντος
750 2489 945 2554 αὐτοὺς
975 2491 1113 2562 πρὸς
1140 2493 1230 2544 τὸν
1259 2491 1482 2562 Κύριον,
1507 2495 1601 2545 καὶ
1630 2494 1790 2547 πάλιν
1805 2495 2072 2562 λέγοντος·
2101 2493 2371 2562 Σήμερον
2399 2495 2508 2548 ἐὰν
2535 2495 2646 2563 τῆς
2677 2495 2882 2565 φωνῆς
2913 2494 3099 2549 αὐτοῦ
3124 2495 3449 2560 ἀκούσητε,

180 2578 272 2648 μὴ
307 2580 688 2648 σκληρύνητε
711 2581 817 2646 τὰς
849 2580 1096 2648 καρδίας
1119 2579 1400 2649 ὐμῶνῷ).
1429 2581 1728 2645 Λαλοῦντος
1759 2582 1815 2634 δὲ
1838 2583 2018 2646 αὐτοῖς
2043 2581 2136 2634 τοῦ
2169 2581 2373 2650 Κυρίου
2400 2583 2457 2634 ἐν
2488 2585 2554 2653 τῇ
2585 2582 2855 2652 παρουσίᾳ
2885 2581 3070 2644 αὑτοῦ,
3091 2582 3187 2650 οὐχ
3216 2583 3443 2652 ὑπήκουε

188 2684 292 2719 σαν
327 2667 488 2720 αὑτοῦ
509 2682 520 2694 °
543 2667 622 2720 διὸ
647 2668 1048 2738 ἐπιγέγραπται
1077 2667 1446 2740 ἀνεπίγραφος
1475 2673 1602 2741 παρ’
1634 2670 1926 2742 Ἑϐραίοις.
1960 2671 2071 2742 Τῆς
2096 2671 2203 2741 γὰρ
2229 2669 2601 2741 παραγγελίας
2625 2672 2721 2723 τοῦ
2740 2673 2952 2745 ψαλμοῦ
2984 2675 3080 2743 οὐχ
3112 2674 3430 2743 ὑπήκουσαν

182 2759 264 2824 sb;
296 2764 369 2832 μὴ
405 2763 617 2830 ἔχοντες
648 2763 809 2815 αὑτὸν
844 2766 900 2815 ὲν
931 2762 1115 2826 αὐτοῖς
1152 2763 1248 2833 (4).
1285 2765 1495 2817 Οὐκοῦν
1522 2746 1925 2837 ἀνεπίγραφος
1959 2768 2096 2835 παρ’
2133 2767 2425 2836 Ἑϐραίοις
2455 2770 2486 2821 ό
2508 2767 2748 2836 ψαλμὸς
2772 2809 2785 2834 ,
2819 2765 3018 2819 ὡσανεὶ
3048 2765 3414 2835 ἀπρόσδεκτος
3437 2781 3449 2794 ο

184 2852 249 2903 οὐ
285 2852 393 2923 γὰρ
429 2854 744 2924 ὑπήκουσαν
785 2856 972 2913 αὑτοῦ.

262 2963 481 3021 Titulus
514 2970 836 3039 praepositus
879 2973 1160 3028 continet:
1192 2971 1336 3026 Laus
1367 2973 1562 3026 cantici
1591 2970 1758 3025 David
1789 2970 1899 3024 sine
1931 2969 2090 3024 titulo
2129 2969 2269 3038 apud
2299 2967 2572 3032 llebra’os,
2603 2976 2662 3020 ut
2690 2981 2830 3036 saepe
2865 2966 3124 3029 diximus.
3161 2968 3280 3022 laus
3325 2983 3428 3023 can

184 3057 282 3111 tici
314 3074 478 3110 manu
514 3059 668 3128 forti,
713 3061 817 3114 hoc
846 3071 949 3127 est,
989 3061 1089 3115 Dei
1125 3061 1289 3116 Filio.
1334 3062 1536 3116 Deinde
1560 3061 1671 3113 siue
1707 3061 1862 3114 titulo
1908 3061 2048 3130 apud
2080 3059 2376 3114 Hebrwos:
2417 3076 2524 3114 non
2566 3057 2733 3123 enim,
2776 3067 2834 3113 ut
2873 3073 3013 3128 saepe
3052 3059 3313 3126 diximus,
3355 3061 3422 3114 ha

183 3153 318 3206 bent
344 3155 648 3207 doctrinam
683 3157 875 3224 psalmi
910 3159 964 3210 in
1007 3157 1268 3212 cordibus
1299 3158 1434 3213 suis.
1470 3155 1605 3210 Nam
1649 3157 1861 3226 psalmo
1891 3165 2118 3210 vocante
2134 3172 2229 3210 eos
2252 3156 2316 3209 ad
2349 3154 2663 3220 Dominum,
2692 3164 2745 3209 et
2776 3171 2964 3211 rursus
2996 3156 3208 3211 dicente
3236 3175 3249 3210 :
3283 3155 3446 3210 "odit

183 3246 232 3297 si
267 3262 441 3298 vocem
479 3262 591 3314 ejus
625 3247 928 3315 audieritis,
957 3249 1118 3303 nolite
1142 3249 1403 3302 obdurare
1437 3249 1596 3301 corda
1638 3257 1830 3303 vestra.
1878 3244 2158 3316 Loquentc
2199 3262 2325 3299 vero
2362 3246 2491 3316 ipsis
2548 3244 2781 3299 Domino
2829 3247 2882 3300 in
2917 3247 3152 3302 adventu
3193 3263 3294 3303 suo
3343 3262 3446 3302 non

183 3343 513 3396 audiverunt
537 3358 684 3408 eum,
715 3345 836 3399 ideo
864 3345 1182 3400 inscribitur
1209 3346 1328 3401 sine
1367 3345 1526 3400 titulo
1562 3345 1701 3415 apud
1732 3343 2007 3400 Hebraeos.
2040 3344 2240 3398 Psahni
2271 3344 2417 3396 enim
2453 3342 2923 3398 denuntiationem
2955 3359 3063 3397 non
3105 3346 3447 3400 audiverunt.

182 3445 245 3490 ut
271 3435 366 3504 qui
398 3451 504 3488 non
536 3437 804 3492 habebant
843 3439 994 3493 illum
1026 3440 1080 3493 in
1123 3456 1179 3496 se
1217 3440 1369 3510 ipsis.
1404 3438 1589 3509 Itaque
1627 3440 1738 3491 sine
1778 3438 1929 3492 titulo
1975 3438 2113 3506 apud
2149 3435 2396 3490 [ἰείη-αξοδ
2430 3434 2688 3505 psalmus,
2730 3435 2929 3505 quippe
2956 3435 3050 3504 qui
3095 3436 3164 3491 ab
3196 3437 3328 3506 ipsis
3356 3453 3422 3492 ex

182 3539 379 3596 ceptus
422 3542 529 3580 non
561 3535 668 3594 est,
703 3545 810 3582 non
840 3532 986 3583 enim
1030 3531 1103 3583 illi
1132 3531 1602 3584 anscultaverunt.

255 3617 309 3669 1.
337 3615 519 3678 Δεῦτε,
546 3615 922 3687 πληρωθῷμεν
951 3618 1130 3688 πάσης
1162 3619 1336 3689 χαρᾶς
1359 3619 1416 3672 ἐν
1447 3618 1522 3687 (5)
1555 3617 1762 3689 Κυρίῳ.
1795 3632 1836 3688 (ς

1795 3632 1836 3688 (ς
1942 3618 1993 3670 1.
2029 3616 2237 3681 Venite,
2272 3617 2598 3686 impleamnr
2621 3617 2772 3674 omni
2805 3618 3004 3688 gaudio
3033 3619 3089 3673 in
3123 3619 3368 3679 Domino.

255 3707 311 3762 Ξ.
342 3706 630 3778 Δεηθῷμεν
659 3709 795 3779 μετὰ
816 3709 1063 3781 δακρύων
1093 3711 1186 3764 τοῦ
1212 3710 1344 3764 Θεοῦ
1370 3711 1526 3782 ἡμῶν
1558 3709 1731 3781 Ἰησοῦ
1751 3728 1763 3740 ’

1940 3710 1994 3763 2.
2028 3709 2390 3780 Dcprccemnr
2428 3727 2550 3765 cum
2583 3711 2838 3782 lacrymis
2873 3710 3163 3764 Dominum
3198 3723 3444 3768 nostrum

179 3803 242 3855 τὸ
277 3801 388 3872 γὰρ
416 3801 640 3869 Σωτὴρ,
683 3802 914 3870 Ἰησοῦς
945 3803 1020 3874 (6)
1058 3805 1438 3876 ἑρμηνεύεται.

1868 3799 2052 3856 Jcsum
2084 3821 2098 3867 ;
2125 3800 2374 3857 Salvator
2402 3804 2546 3857 enim
2579 3801 2734 3856 Jesus
2769 3803 3167 3872 interpretatur.

254 3893 309 3948 5.
337 3894 443 3946 Καὶ
479 3895 585 3965 πρὸ
616 3895 713 3966 τῆς
751 3896 1047 3964 παρουσίας
1086 3897 1250 3951 αὐτοῦ
1277 3896 1554 3968 δεηθῶμεν
1581 3894 1765 3950 αὑτοῦ.

1721 3894 1765 3950 ῦ.
1938 3895 1991 3948 5.
2030 3893 2090 3948 Ει
2117 3905 2240 3949 ante
2265 3895 2558 3950 adventum
2595 3897 2766 3966 ipsius
2795 3895 3145 3950 Obsecremus
3170 3911 3315 3951 eum.

256 3983 310 4038 4.
343 3985 450 4037 Καὶ
475 3984 767 4054 ψάλλοντες
802 3985 1168 4056 ἱκετεύσωμεν
1195 3989 1374 4040 αὐτόν.

1366 4027 1374 4040 .
1937 3987 1990 4040 4.
2032 3987 2095 4040 Et
2129 3989 2418 4057 psallentes
2444 3989 2814 4058 supplieemus
2837 3989 2960 4056 ipsi.

260 4077 312 4130 5.
351 4078 556 4147 Ἰησοῦς
597 4078 834 4148 Χριστός
865 4080 973 4151 (7)·
1004 4079 1185 4142 καθὼς
1211 4083 1238 4133 ὁ
1265 4078 1584 4140 Ἀπόστολος
1608 4075 1767 4130 αὑτὸν

1938 4080 1990 4134 5.
2060 4079 2219 4136 Jcsus
2278 4081 2570 4137 Christus:
2635 4080 3093 4151 quemadmodum
3151 4079 3442 4149 Apostolus

179 4170 335 4238 λέγει
371 4170 544 4240 μέγαν
579 4169 710 4222 Θεὸν
739 4171 796 4224 ὲν
827 4171 905 4241 τῷ
929 4173 1131 4225 εἰπεῖν·
1172 4171 1280 4226 Τοῦ
1306 4168 1574 4241 μεγάλου
1598 4167 1765 4230 Θεοῦ,

1866 4186 1992 4226 cum
2047 4183 2206 4226 vocat
2245 4188 2506 4243 magnum
2558 4170 2728 4226 Deum
2779 4173 2988 4238 dicens,
3037 4170 3219 4241 Magni
3271 4171 3364 4225 [)ei
3393 4181 3441 4226 et

181 4263 283 4317 καὶ
317 4261 589 4331 Σωτῆρος
623 4261 787 4332 ἡμῶν
827 4261 1034 4331 Ἰησοῦ
1078 4264 1372 4332 Χριστοῦ,
1431 4262 1499 4328 ὃς
1546 4260 1768 4314 ἔδωκεν

1867 4261 2160 4316 Salvatoris
2191 4264 2358 4316 nostri
2387 4260 2517 4318 Jesu
2548 4259 2771 4329 Christi,
2805 4263 2896 4334 qui
2920 4261 3065 4316 dedit
3108 4263 3441 4333 semetipsum

178 4355 404 4410 ἑαυτὸν
428 4355 579 4424 ὑπὲρ
609 4355 800 4425 ἡμῶν.

622 4355 800 4425 ἡμῶν.
1867 4371 1960 4423 pro
1985 4353 2130 4406 nobis
2154 4354 2216 4408 ¹⁸.

255 4451 310 4504 6.
341 4449 462 4502 Ἐπὶ
493 4451 669 4503 πάντα
711 4451 767 4503 δὲ
803 4451 878 4520 (8)
920 4451 989 4504 τά
1021 4449 1149 4519 ἔθνη
1185 4447 1491 4518 βασιλεύσει
1537 4447 1626 4500 διὰ
1672 4448 1767 4517 τῆς

1932 4447 1986 4506 6.
2026 4446 2200 4517 Super
2226 4464 2416 4503 omnes
2455 4458 2637 4504 autem
2670 4458 2860 4521 gentes
2883 4448 3134 4520 regnabit
3163 4463 3257 4520 per
3279 4449 3439 4505 ﬁdem

180 4541 426 4605 πίστεως
455 4542 640 4596 αὑτοῦ.

455 4542 640 4596 αὑτοῦ.
1866 4555 2042 4598 suam.

256 4634 307 4686 7.
338 4635 394 4687 '0
421 4635 547 4698 λαὸς
579 4637 607 4687 ὁ
637 4635 846 4699 πιστός.

1937 4631 1988 4690 7.
2043 4629 2281 4701 Populus
2324 4629 2517 4686 ﬁdelis.

255 4725 308 4780 8.
351 4727 414 4778 Οἱ
449 4726 593 4795 λόγοι
624 4729 730 4781 τῶν
763 4728 839 4797 (9)
869 4728 1180 4799 προφητῶν.

1935 4724 1988 4781 8.
2036 4722 2432 4794 Prophetarum
2475 4737 2779 4780 sermones.

252 4820 307 4874 9.
327 4821 448 4873 ’Ότι
482 4821 646 4872 αὑτοῦ
679 4823 793 4874 ἐστι
828 4823 935 4874 πᾶν
979 4822 1038 4872 τὸ
1068 4819 1268 4892 πλῆθος
1298 4819 1406 4872 τῶν
1440 4819 1762 4892 ἀνθρώπων,

1931 4812 1990 4866 9.
2037 4812 2304 4876 Quoniam
2335 4813 2508 4884 ipsius
2542 4822 2628 4870 est
2662 4815 2914 4868 universa
2961 4813 3247 4872 hominum
3300 4833 3439 4870 mu.-

173 4915 276 4967 καὶ
307 4913 459 4979 αὐτὸ,
486 4914 580 4968 καὶ
605 4916 665 4968 τὸ
696 4915 910 4986 πρῶτον
941 4913 1051 4985 (10)
1082 4911 1514 4985 ἐδημιούργησεν
1544 4913 1762 4976 αὐτοὺς,

1867 4904 2064 4970 titudo,
2112 4913 2166 4960 et
2210 4906 2345 4975 ipse,
2385 4916 2438 4959 et
2485 4905 2723 4976 primum
2756 4903 2962 4960 creavit
3008 4919 3124 4970 eos,
3155 4915 3214 4960 et
3244 4906 3441 4961 deinde

175 5006 275 5059 καὶ
312 5003 474 5059 πάλιν
501 5007 558 5058 ὲν
577 5004 653 5076 τῷ
679 5005 1014 5078 βαπτίσματι
1040 5003 1399 5059 άνεκαίνισεν.
1797 5005 1840 5059 D
1866 4997 1922 5052 in
1947 4997 2218 5068 baptismo
2246 4996 2550 5059 renovavit.

252 5141 297 5173 "
325 5138 432 5196 Tit.
470 5156 530 5206 ll,
559 5142 643 5206 i5,
693 5141 775 5194 Η.

1132 5301 1439 5366 Addenda
1491 5307 1552 5361 et
1584 5295 1958 5373 corrigenda
1986 5312 2066 5357 ex
2099 5293 2240 5356 cod.
2275 5289 2479 5356 Vatia.

248 5478 328 5545 (1)
373 5477 436 5528 'H
466 5473 555 5527 διὰ
582 5476 680 5546 τῆς
708 5473 1073 5544 κινναϐάρεως
1109 5492 1232 5598 περ.
1926 5463 2002 5538 (6)
2038 5467 2128 5537 Τῷ
2152 5465 2258 5546 γάρ
2290 5466 2505 5538 Σωτῆρι
2542 5459 2740 5536 Ἰησοῦ,
2762 5470 2864 5518 etc.

248 5549 329 5598 l2)
362 5546 458 5598 Ὠ(-
483 5545 780 5598 πολλάκις
807 5545 1143 5598 εεοήκαιιεν.
1220 5560 1295 5598 tre
1321 5545 1515 5598 desunt
1548 5543 1601 5596 in
1627 5541 1747 5597 cod.
1923 5539 1998 5598 (7)
2026 5538 2236 5598 Ἰησους
2270 5537 2566 5598 ὁΧριστός.
2599 5545 2736 5598 εις..
2760 5534 2819 5597 ὃς
2852 5534 2864 5585 ι

246 5532 329 5688 (εὲ
362 5546 458 5610 Ὠς
483 5532 780 5626 {sonitm
807 5532 1143 5625 εξρήὶιαμὲν,
1182 5532 1295 5599 iure
1321 5545 1515 5625 desunt
1548 5543 1601 5596 in
1627 5541 1747 5597 cod.

246 5619 304 5688 (5
361 5617 570 5688 -Ὑμων,
597 5616 671 5678 ὼς
709 5617 874 5688 ὲνῗτῳ
913 5632 1380 5686 παραπικρασμῷ,
1409 5628 1512 5669 etc.
1738 5683 1748 5688 _

1508 5561 1515 5598 ι
1548 5543 1601 5596 in
1627 5541 1747 5597 cod.
2026 5532 2238 5599 Ἰησοῦς
2270 5532 2566 5606 ὁΧριστός,
2599 5532 2736 5600 εις..
2760 5534 2819 5597 ὃς
2852 5532 3102 5587 δέδωκεν.

1508 5656 1512 5666 ι
1738 5683 1748 5688 .
1922 5607 1998 5688 (ξι)
2038 5573 2111 5688 ei
2139 5609 2312 5688 μεθείς
2381 5677 2404 5688 -

268 5609 327 5686 5)
363 5609 570 5686 κ’Υμῶν,
597 5616 671 5678 ὼς
709 5609 767 5667 ἐν
795 5609 874 5684 τῷ
913 5609 1380 5686 παραπικρασμῷ,
1409 5628 1512 5669 etc.
1738 5683 1748 5686 _

717 5609 767 5667 ὲν
795 5609 874 5684 τῷ
913 5609 1380 5686 παραπικρασμῷ,
1409 5628 1512 5669 etc.
1738 5683 1748 5686 _
2139 5609 2311 5686 deest.

268 5621 327 5688 3)
369 5621 570 5686 ’Υμῶν,
597 5621 671 5678 ὼς
709 5621 766 5667 ὲν
795 5621 874 5684 τῷ
913 5621 1380 5686 παραπικρασμῷ,
1409 5628 1512 5669 etc.

244 5621 600 5810 ζῖαὲξτέυτοῖς
627 5726 642 5751 ,
669 5687 830 5757 paulo
887 5695 1012 5755 post
1068 5689 1200 5756 παρ’
1245 5687 1427 5748 αὐτοῖς
1480 5700 1578 5755 pro
1621 5683 1749 5752 παρ’

1922 5621 1998 5677 (δ)
2038 5621 2111 5660 ne
2141 5621 2312 5661 aeeSt.

1621 5683 1749 5752 παρ’
1922 5680 1997 5745 (9)
2037 5678 2104 5729 Ol.
2139 5678 2313 5729 λοιποὶ
2338 5677 2466 5741 τῶν,
2498 5689 2600 5732 etc.

1921 5747 2030 5810 (lO)
2072 5749 2182 5799 Καὶ
2207 5748 2388 5810 αὐτὸς,
2417 5749 2508 5802 καὶ
2558 5747 2617 5800 τὸ
2671 5746 2952 5810 πρότερον,
3000 5747 3174 5810 etc.,a‘

179 5743 476 5830 'Eép'alotg.
517 5743 597 5830 ’μ’
629 5743 640 5751 ’
670 5743 688 5757 ³
780 5828 786 5830 _
887 5743 905 5755 ’
983 5826 991 5830 _
1153 5743 1197 5830 '_
1317 5822 1341 5830 _
1408 5743 1422 5748 ’
1482 5743 1498 5755 ³
1703 5743 1714 5752 ’
1921 5743 2030 5830 (10)
2072 5749 2182 5830 Καὶ
2207 5748 2508 5816 obrigui
2558 5747 2617 5800 τὸ
2671 5746 2952 5818 πρότερον,
3000 5743 3420 5815 ειοηάνεκαινι-

242 5819 321 5899 (5)
355 5819 691 5898 mnaOGipsv
719 5828 898 5898 πάσης
931 5826 1151 5899 χάριτος
1176 5828 1239 5880 ἐν
1276 5822 1372 5893 τῷ,
1407 5832 1510 5879 etc.
1853 5836 1940 5871 σεν
1974 5819 2186 5882 αὐτούς.
