4018 6452
611 341 744 395 1059
1449 339 1503 392 S.
1543 335 1912 390 ATHANASH
1950 334 2100 389 OPP.
2142 334 2322 388 PARS
2355 337 2443 390 Ill.
2486 365 2552 375 —
2588 335 2999 391 EXEGETICA.
3711 337 3862 393 1060

673 454 758 508 10.
801 453 864 508 Et
891 457 1094 509 aridam
1130 473 1324 511 manus
1359 457 1478 524 ejus
1505 455 1894 508 formaverunt.
2207 463 2252 517 Α

2207 463 2252 517 Α
2356 455 2438 508 10.
2480 455 2591 507 Καὶ
2621 456 2720 526 τὴν
2753 455 2921 525 ξηρὰν
2954 456 3008 506 αἱ
3037 455 3216 524 χεῖρες
3251 454 3412 508 αὑτοῦ
3443 453 3711 509 ἔπλασαν.

675 543 763 600 11.
812 543 1000 600 Venite
1029 548 1341 609 adoremus,
1374 557 1425 600 et
1459 546 1811 615 procidamus
1843 545 1890 598 ei
1917 561 1931 598 :

2349 544 2432 597 11.
2453 544 2634 606 Δεῦτε,
2650 546 3131 615 προσκυνήσωμεν,
3151 544 3242 596 καὶ
3261 545 3665 614 προσπέῖωμεν
3687 536 3864 614 αὑτῷῖ

671 635 756 691 12.
810 639 872 690 Ει
902 641 1178 706 ploremus
1209 655 1389 694 coram
1437 638 1690 699 Domino,
1723 637 1817 706 qui
1865 635 1992 690 fecit
2039 638 2172 705 nos:

2349 636 2434 689 12.
2475 638 2584 689 Καὶ
2637 635 2958 706 κλαύσωμεν
3011 635 3252 688 ἐναντίον
3304 635 3530 704 Κυρίου,
3562 635 3660 688 τοῦ
3702 637 3865 706 ποιή-

2281 744 2467 789 σαντος
2503 729 2668 797 ἡμᾶς.

676 831 762 886 15.
817 831 954 898 Quia
989 836 1102 904 ipse
1137 846 1217 889 est
1252 837 1391 891 Deus
1421 845 1646 890 noster:

2349 818 2434 872 15.
2453 821 2570 871 Ὅτι
2600 819 2760 880 αὐτός
2789 820 2933 870 ἐστιν
2964 819 2992 869 ὁ
3018 816 3148 880 Θεὸς
3174 817 3326 886 ἡμῶν
3349 833 3361 847 ·

667 924 756 978 14.
814 924 876 978 Ει
904 942 1002 980 nos
1025 930 1254 996 populus
1287 944 1499 997 pascua:
1527 929 1683 996 ejus:

2349 911 2433 964 M.
2476 912 2585 963 Καὶ
2623 913 2781 981 ἡμεῖς
2811 910 2934 973 λαὸς
2964 910 3133 980 νομῆς
3161 907 3344 962 αὑτοῦ.

677 1011 766 1065 15.
818 1011 884 1065 Et
917 1031 1041 1068 ores
1081 1033 1274 1070 manus
1303 1019 1445 1086 ejus.

2350 1003 2434 1057 15.
2476 1003 2586 1056 Καὶ
2625 1002 2867 1074 πρόϐατα
2902 1002 3081 1073 χειρὸς
3107 1001 3290 1054 αὑτοῦ.

685 1101 771 1155 16.
821 1102 1011 1166 llodie,
1051 1108 1093 1160 si
1126 1124 1312 1162 vocem
1347 1109 1464 1176 ejus
1503 1105 1817 1160 audieritis:

2350 1095 2435 1148 16.
2477 1096 2723 1166 Σήμερον
2762 1094 2854 1146 ἐὰν
2880 1097 2976 1165 τῆς
3011 1094 3190 1163 φωνῆς
3224 1090 3386 1144 αὐτοῦ
3420 1091 3729 1160 ἀκούσητε’

677 1190 762 1245 17.
817 1192 990 1251 Nolite
1035 1199 1304 1253 obdurare
1348 1200 1509 1253 corda
1543 1210 1745 1260 vestra,
1781 1197 1921 1250 sicut
1965 1194 2020 1248 in
2051 1195 2175 1248 irri-

2349 1187 2435 1242 17.
2475 1188 2565 1258 Μὴ
2601 1187 2935 1259 σκληρύνητε
2977 1184 3074 1249 τὰς
3121 1184 3346 1254 καρδίας
3372 1184 3548 1254 ὑμῶν,
3582 1184 3750 1247 ὡς.ὲν
3780 1180 3858 1253 τῷ

607 1284 814 1337 talione
841 1325 853 1338 .

2279 1281 2745 1350 παραπικρασμῷ.

677 1373 761 1427 18.
813 1374 1124 1429 Secundum
1154 1376 1295 1431 diem
1328 1375 1638 1431 tentationis
1669 1375 1722 1428 in
1752 1376 1968 1431 deserto
1995 1398 2009 1434 :

2350 1374 2436 1428 18.
2477 1373 2634 1426 Κατὰ
2654 1373 2748 1443 τὴν
2779 1372 2989 1442 ἡμέραν
3009 1370 3100 1423 τοῦ
3126 1366 3429 1439 πειρασμοῦ
3454 1371 3511 1421 ἐν
3537 1371 3605 1439 τῇ
3634 1370 3855 1439 ἐρήμῳο

673 1463 760 1518 19.
820 1467 915 1521 Ubi
951 1476 1294 1520 tentaverunt
1336 1483 1419 1520 me
1453 1479 1629 1535 patres
1660 1466 1869 1520 vestri:

2349 1465 2434 1520 19.
2476 1459 2550 1517 OB
2580 1465 2873 1535 ἐπείρασαν
2913 1480 2976 1534 με
3003 1465 3051 1515 οἱ
3088 1462 3325 1532 πατέρες
3356 1459 3506 1528 ὑμῶν

672 1554 761 1608 20.
810 1557 1185 1614 Probat-erunt
1215 1577 1320 1624 me,
1367 1571 1418 1615 et
1450 1562 1698 1614 viderunt
1730 1574 1894 1627 Opera
1929 1573 2069 1612 mea.

2346 1557 2435 1610 20.
2464 1557 2819 1627 Ἐδοκίμασάν
2855 1573 2942 1626 με,
2973 1555 3066 1606 καὶ
3096 1550 3233 1606 εἶδον
3257 1552 3326 1605 τὰ
3365 1552 3501 1623 ἔργα
3531 1570 3657 1623 μου.

670 1646 760 1702 21.
809 1651 1172 1723 Quadraginta
1220 1655 1376 1708 annis
1411 1654 1652 1708 offensus
1702 1652 1779 1705 fui
1840 1660 2175 1718 generation.

2347 1651 2434 1705 21.
2477 1651 2887 1720 Τεσσαράκοντα
2936 1648 3030 1719 ἔτη
3085 1645 3433 1718 προσώχθισα
3462 1646 3538 1717 (α)
3582 1649 3648 1718 τῇ
3690 1655 3856 1717 γενεᾶ

602 1739 678 1792 illi
718 1757 732 1792 :

2278 1741 2460 1811 ἐκείνῃ
2481 1758 2493 1772 ο

668 1830 756 1885 22.
817 1828 879 1881 Et
913 1825 1020 1881 dixi
1050 1847 1061 1880 :
1101 1826 1326 1896 Semper
1351 1837 1535 1882 errant
1577 1829 1761 1884 corde.
2202 1825 2242 1880 Β

2202 1825 2242 1880 Β
2339 1831 2429 1885 22.
2471 1833 2579 1886 Καὶ
2607 1827 2734 1885 εἶπα
2754 1849 2767 1863 ·
2804 1831 2912 1884 Ἀεὶ
2939 1830 3241 1884 πλανῶνται
3266 1832 3333 1902 τῇ
3367 1829 3581 1904 καρδία.

668 1920 758 1974 25.
809 1919 912 1987 Ipsi
939 1934 1065 1972 vero
1092 1935 1199 1972 non
1235 1930 1606 1988 cognoverunt
1640 1921 1753 1976 vias
1783 1937 1971 1978 meas:

2344 1923 2435 1977 25.
2480 1925 2642 1976 Αὐτοὶ
2670 1925 2724 1976 δὲ
2747 1926 2846 1978 οὐκ
2873 1924 3116 1993 ἔγνωσαν
3147 1923 3246 1986 τὰς
3269 1923 3421 1986 ὁδούς
3456 1940 3560 1994 μου
3581 1939 3596 1954 ·

669 2009 758 2064 21.
801 2007 901 2062 Ubi
929 2009 1109 2078 jurari
1143 2009 1196 2062 in
1243 2009 1323 2063 ira
1355 2025 1473 2063 mea
1504 2024 1518 2063 :
1569 2010 1627 2064 Si
1659 2012 1962 2070 introibant
1991 2014 2044 2070 in
2073 2031 2161 2072 re-

2341 2015 2432 2068 24.
2479 2016 2566 2079 Ὠς
2595 2015 2782 2087 ὤμοσα
2810 2020 2866 2070 ὲν
2917 2021 2983 2088 τῇ
3024 2017 3161 2088 ὀργῇ
3192 2032 3296 2087 μου
3315 2031 3329 2047 ο
3363 2015 3426 2068 Εἰ
3455 2014 3858 2072 εἰσελεύσονται

602 2102 786 2169 quiem
817 2116 1011 2154 meam.

2276 2107 2357 2172 εἰς
2387 2110 2486 2178 τὴν
2518 2111 2863 2165 κατάπαυσίν
2898 2130 3016 2183 μου.

694 2259 747 2323 a)
788 2258 942 2313 Vers.
976 2257 1065 2321 21,
1095 2256 1469 2330 Προσώχθισα,
1499 2267 1604 2312 etc.

1737 2420 2114 2478 ATHANASII
2148 2421 2728 2480 INTERPRETATIO.

675 2571 760 2626 10.
806 2569 871 2625 Et
921 2585 1013 2625 cor
1071 2572 1314 2626 omnium
1371 2575 1578 2628 creavit
1644 2574 1879 2647 Spiritus
1944 2587 2169 2635 sanctus

2341 2580 2424 2633 10.
2461 2579 2572 2632 Καὶ
2604 2578 2701 2649 τὴν
2741 2578 2967 2649 καρδίαν
3015 2577 3228 2631 πάντων
3256 2577 3437 2631 ἔκτισε
3463 2577 3524 2630 τὸ
3543 2576 3776 2648 Πνεῦμα
3796 2575 3857 2632 νδ

598 2661 718 2730 eius
743 2664 796 2716 in
835 2663 1050 2716 lavacro
1086 2664 1644 2732 incorruptibilitatis.

2268 2669 2422 2739 ἆγιον
2455 2671 2615 2724 αὑτοῦ
2652 2673 2723 2742 (1)
2757 2674 2812 2725 ὲν
2838 2671 2917 2742 τῷ
2948 2671 3155 2742 λουτρῷ
3184 2671 3284 2740 τῆς
3312 2670 3636 2741 ἀφθαρσίας.

672 2753 759 2809 11.
807 2753 1052 2808 Primum
1100 2751 1382 2808 ﬂectamus
1416 2755 1464 2809 ei
1505 2772 1701 2827 genua,
1749 2767 2008 2828 tanquam
2048 2760 2168 2824 rei,

2342 2762 2427 2817 11.
2486 2763 2708 2834 Πρῶτον
2754 2763 2902 2834 αὐτῷ
2941 2763 3210 2833 κλίνωμεν
3238 2765 3387 2831 γόνυ,
3435 2762 3509 2826 ὡς
3556 2761 3854 2816 ὑπεύθυνοι

598 2853 653 2899 et
685 2857 813 2900 tunc
846 2847 1185 2914 postulcnius
1227 2848 1441 2902 veniam
1483 2863 1700 2917 eorum,
1750 2867 1986 2923 quorum
2020 2853 2173 2908 debi-

2270 2853 2442 2916 ὄντες,
2477 2855 2570 2906 καὶ
2623 2853 2744 2906 τότε
2790 2853 3134 2924 συγχώρησιν
3184 2855 3515 2923 αἰτήσωμεν,
3542 2847 3618 2907 ὦν
3646 2854 3857 2922 ὀφείλο-

601 2946 746 2992 tores
771 2953 984 2993 sumus.

2202 2986 2243 3014 ι,
2281 2961 2379 3014 μεν
2407 2944 2604 2998 αὐτῶν.

672 3030 760 3083 12.
808 3029 1210 3087 Conﬁtebimur
1259 3045 1443 3087 coram
1483 3031 1734 3102 Domino,
1765 3034 1860 3104 qui
1893 3049 2178 3108 regenera—
2204 3029 2247 3046 "'

2354 3037 2443 3090 12.
2477 3036 3006 3109 Ἐξομολογησόμεθα
3031 3035 3257 3089 ἐνώπιον
3275 3037 3479 3108 Κυρίου
3505 3036 3600 3090 τοῦ
3628 3037 3855 3091 ἀνακαι-

599 3119 680 3173 vit
710 3136 830 3175 nos.

2279 3129 2523 3189 νίσαντος
2555 3130 2719 3199 ἡμᾶς.

671 3209 760 3263 13.
809 3210 912 3277 Qui
946 3211 1188 3268 intuetur
1232 3228 1444 3271 omnes.

1412 3232 1444 3271 ι.
2351 3222 2436 3276 15.
2459 3223 2553 3284 ’ος
2576 3223 2747 3292 ἐφορᾷ
2773 3221 2999 3284 πάντας.

671 3300 738 3356 14
809 3301 872 3357 Et
905 3318 1003 3358 nos
1049 3306 1282 3374 populus
1305 3307 1463 3362 ovilis
1489 3306 1641 3376 ejus.

2352 3312 2439 3366 14.
2480 3313 2590 3364 Καὶ
2628 3313 2786 3382 ἡμεῖς
2809 3313 2936 3374 λαὸς
2963 3311 3060 3381 τῆς
3082 3311 3252 3380 αὐλῆς
3284 3311 3467 3365 αὑτοῦ.

671 3391 758 3449 15.
818 3393 880 3448 Et
907 3411 1036 3451 oves
1059 3398 1294 3453 dextera:
1322 3399 1465 3468 ejus.

2353 3406 2438 3459 15.
2481 3407 2592 3459 Καὶ
2628 3405 2874 3476 πρόϐατα
2908 3406 3004 3477 τῆς
3033 3405 3211 3472 δεξιᾶς
3239 3403 3425 3460 αὐτοῦ.

673 3483 762 3540 16.
814 3483 891 3538 Ex
928 3501 1038 3555 quo
1067 3489 1220 3541 visus
1249 3497 1333 3543 est
1367 3488 1421 3541 in
1467 3487 1649 3555 terris,
1694 3487 1880 3548 audite
1913 3496 1969 3546 et
1996 3504 2180 3545 vocem

2351 3497 2437 3551 16.
2465 3497 2583 3566 Ἀφ’
2604 3493 2664 3552 οῦ
2686 3497 2823 3569 ὀφθῇ
2849 3497 2925 3568 (2)
2981 3498 3073 3552 ἐπὶ
3097 3498 3194 3568 τῆς
3220 3500 3344 3569 γῆς,
3375 3497 3472 3552 καὶ
3507 3498 3739 3555 ἀκούετε
3760 3502 3859 3572 τῆς

603 3575 743 3647 ejus,
778 3585 831 3630 et
859 3576 1269 3646 praedicandum
1304 3579 1505 3648 ipsum.

2281 3590 2463 3660 φωνῆς
2499 3588 2684 3652 αὑτοῦ,
2717 3591 2808 3643 καὶ
2840 3589 2947 3641 τῶν
2976 3589 3357 3660 κηρυσσόντων
3388 3589 3568 3646 αὐτόν.

672 3669 760 3725 17.
806 3667 884 3723 Ne
913 3671 1035 3725 sitis
1065 3671 1229 3726 corde
1261 3672 1498 3742 lapideo.

2354 3684 2442 3734 17.
2481 3683 2571 3753 Μὴ
2600 3683 2811 3750 γίνεσθε
2841 3682 3190 3753 λιθοκάρδιοι.

671 3757 760 3812 18.
819 3759 974 3813 Sicut
1031 3760 1268 3828 majores
1313 3761 1511 3828 nostri,
1566 3760 1661 3832 qui
1711 3762 2180 3819 exacerbaverunt

2351 3773 2437 3828 18.
2475 3775 2549 3844 (3)
2586 3775 2671 3838 Ὠς
2702 3774 2752 3827 οἱ
2779 3773 2885 3846 πρὸ
2927 3773 3086 3844 ἡμῶν
3128 3775 3176 3829 οἱ
3209 3775 3729 3849 παραπικράναντες
3760 3776 3855 3832 αθ-

610 3869 740 3907 cum
773 3853 826 3905 in
855 3867 1061 3911 eremo.

2277 3864 2369 3919 τὸν
2399 3868 2456 3919 ἐν
2481 3869 2546 3937 τῇ
2582 3867 2793 3937 ἐρήμῳ.
2839 3935 2846 3943 .

678 3944 764 4000 19.
823 3943 1176 4016 Nequaquam
1225 3962 1324 4003 vos
1357 3961 1482 4002 eum
1522 3947 1595 4002 ita
1639 3949 1920 4005 tentabitis
1969 3949 2023 4003 in
2082 3949 2176 4003 ad-

2353 3959 2438 4013 19.
2470 3959 2619 4028 Μηδὲ
2649 3959 2804 4028 ὑμεῖς
2831 3957 3000 4022 οὕτως
3026 3956 3188 4012 αὐτὸν
3229 3957 3453 4029 μέλλετε
3489 3958 3777 4030 πειράζειν
3803 3961 3856 4013 ὲν

602 4048 764 4092 ventu
792 4053 912 4105 suo,
946 4041 1403 4109 quemadmodum
1434 4050 1615 4109 patres
1648 4041 1812 4095 vestri
1839 4051 2180 4096 tentaverunt

2277 4053 2342 4124 τῇ
2366 4051 2632 4123 παρουσία
2656 4051 2837 4117 αὐτοῦ,
2853 4051 2927 4116 ὡς
2955 4053 3001 4105 οί
3019 4050 3252 4123 πατέρες
3275 4050 3429 4121 ὑμῶν
3448 4050 3751 4118 ἐπείρασαν
3769 4069 3849 4121 με.

604 4147 712 4187 me.

673 4226 765 4284 20.
815 4225 1031 4295 Experti
1057 4235 1186 4280 sunt
1217 4226 1423 4291 omnia,
1467 4240 1589 4294 qua:
1622 4225 1799 4279 intulit
1834 4226 1937 4283 eis.

2345 4226 2434 4280 20.
2447 4227 2669 4296 Ἔχουσι
2688 4229 2880 4297 πεῖραν
2898 4224 3113 4278 πάντων
3140 4217 3214 4276 ὧν
3254 4223 3534 4294 ἐπήγαγεν
3551 4223 3627 4294 (4)
3653 4224 3855 4288 αὐτοῖς.

674 4317 762 4375 21.
813 4317 1180 4389 Quadraginta
1212 4334 1386 4372 annos
1414 4320 1685 4386 permansi
1726 4320 1778 4373 in
1821 4321 1910 4373 illa
1942 4334 2167 4389 genera-
2200 4333 2238 4388 ι)

2343 4319 2431 4372 21.
2453 4319 2872 4390 Τεσσαράκοντα
2903 4318 2995 4387 ἔτη
3028 4317 3333 4386 παρέμεινα
3350 4319 3405 4370 ὲν
3422 4318 3584 4386 γενεᾷ
3611 4317 3691 4384 (5)
3718 4317 3859 4370 ὲκεί-

604 4410 751 4464 tione
780 4411 1089 4480 indignatus
1130 4425 1320 4466 eorum
1351 4411 1633 4480 operibus,
1679 4420 1730 4465 et
1777 4413 2041 4479 patienter
2088 4410 2164 4465 fe-

2271 4428 2337 4484 νῃ
2353 4411 2703 4483 ὀργιζόμενος
2719 4412 2809 4466 ἐπὶ
2824 4413 2932 4472 τοῖς
2949 4410 3129 4481 ἔργοις
3143 4408 3345 4468 αὐτῶν.
3358 4409 3451 4460 καὶ
3463 4406 3808 4479 μακροθυμὼ

606 4514 756 4555 rens.

675 4591 763 4645 22.
816 4589 882 4645 Et
906 4591 1048 4645 dixi:
1081 4589 1198 4646 Non
1225 4600 1307 4646 est
1341 4591 1470 4646 ﬁdes
1501 4593 1553 4646 in
1588 4593 1740 4662 ipsis.

2347 4594 2438 4648 22.
2479 4594 2586 4646 Καὶ
2615 4589 2740 4644 εἶπα
2770 4592 2866 4661 (6)’
2902 4592 3014 4643 Οὐκ
3042 4590 3155 4642 ἔστι
3183 4589 3363 4653 πίστις
3391 4589 3448 4643 ἔν
3473 4587 3681 4651 αὐτοῖς.

675 4681 768 4740 25.
818 4682 924 4752 Ipsi
972 4693 1149 4736 autem
1197 4684 1490 4736 noluerunt
1536 4698 1867 4749 cognoscere
1924 4683 2175 4737 mandata

2351 4688 2440 4741 25.
2479 4687 2639 4738 Αὐτοὶ
2656 4686 2710 4737 δὲ
2730 4687 2828 4739 οὐκ
2857 4684 3128 4755 ἠθέλησαν
3153 4682 3349 4734 εἰδέναι
3368 4681 3465 4745 τὰς
3497 4680 3720 4744 ἐντολάς
3738 4697 3855 4752 μου.

596 4790 643 4825 rn
665 4787 750 4827 ea.

677 4863 768 4918 24.
816 4860 886 4918 Ut
920 4865 1176 4918 constitui
1201 4863 1268 4918 de
1308 4863 1484 4933 ipsis:
1520 4862 1580 4918 Si
1613 4863 1914 4917 introibunt
1942 4864 1993 4916 in
2024 4871 2180 4916 mter-

2355 4864 2444 4917 24.
2471 4864 2557 4925 Ὠς
2585 4862 2758 4934 ὥρισα
2785 4865 2910 4933 περ).
2945 4861 3141 4915 αὐτῶν·
3169 4862 3230 4914 Εἰ
3263 4862 3340 4930 (7)
3369 4859 3768 4915 εἰσελεύσονται
3786 4861 3860 4923 εἰς

610 4971 677 5008 na
708 4971 826 5009 mea
852 4955 1156 5024 refrigeria.
2015 5004 2017 5006 .

2015 5004 2017 5006 .
2287 4956 2383 5020 τὰς
2416 4955 2664 5019 αἰωνίους
2694 4973 2792 5026 μου
2823 4954 3175 5016 ἀναπαύσεις.

1571 5140 1875 5201 Addenda
1899 5150 1976 5201 et
2009 5139 2385 5217 corrigenda
2418 5157 2496 5200 ex
2523 5139 2662 5200 cod.
2702 5139 2899 5199 Vatic.

683 5307 758 5376 (1)
800 5308 1018 5358 Πάντων
1047 5307 1150 5358 τῶν
1189 5305 1487 5377 ἀνθρώπων
1533 5304 1712 5357 ἔκτισε
1746 5304 1805 5355 τὸ
1831 5303 2053 5375 Πνεῦμα
2077 5303 2172 5356 αὑ·
2297 5303 2514 5377 Ὠς-καξι
2546 5304 2590 5377 oi
2630 5301 2879 5370 πατέρες,
2918 5309 3013 5357 etc.

612 5378 704 5430 τοῦ
735 5375 794 5429 τὸ
830 5379 998 5443 ἅγιον,
1031 5387 1135 5430 etc.
1293 5375 1299 5377 ⁷

1293 5375 1299 5377 τ
2355 5375 2429 5437 (ι)
2463 5375 2789 5442 Ἐπήγαγονο

686 5447 762 5516 (2)
799 5447 1032 5513 Ὀυθείς.
1060 5456 1186 5508 clc.,
1216 5445 1491 5507 ἀκούσετε,
1523 5454 1626 5499 etc.

1258 5445 1491 5507 κούσετε,
1523 5454 1626 5499 etc.
2353 5444 2429 5511 (5)
2461 5443 2547 5516 Ἐν
2576 5447 2639 5512 τῇ
2671 5443 2845 5511 γενεᾷ.

686 5511 763 5585 (5)
804 5511 882 5569 Ν(
914 5518 994 5570 18.
1040 5518 1124 5579 Ὡς
1168 5519 1215 5568 οἱ
1271 5517 1372 5586 πρὸ
1420 5516 1569 5583 ὑμῶν
1618 5517 1666 5566 οἱ
1713 5515 2173 5586 παραπικραίνον-
2355 5517 2430 5586 (ii)
2473 5511 2654 5565 Εἶπον.

611 5584 724 5651 τις,
750 5598 852 5641 etc.
881 5588 969 5656 Μὴ
1015 5588 1105 5638 καὶ
1135 5584 1439 5658 ὑμεῖς,“εις.
1482 5603 1648 5654 usque
1677 5586 1740 5639 ad
1775 5584 1958 5637 αὑτοῦ.
1998 5585 2063 5639 Ν.
2088 5584 2171 5643 19,

1140 5584 1439 5658 ὑμεῖς,“εις.
1482 5603 1648 5654 usque
1677 5586 1740 5639 ad
1775 5584 1958 5637 αὑτοῦ.
1998 5585 2063 5639 Ν.
2088 5584 2171 5643 19.
2356 5585 2431 5652 (7)
2470 5586 2537 5634 Et
2564 5586 2727 5636 deest.
