  <div class='ocr_page' id='page_1' title='image "/cluster/home/n/w/nwhite01/storage/ocr_20150623/27/ien.35556001660521/542.png"; bbox 0 0 4018 6466; ppageno 0'>
   <div class='ocr_carea' id='block_1_1' title="bbox 163 386 3413 469">
    <p class='ocr_par' dir='ltr' id='par_1_1' title="bbox 163 386 3413 469">
     <span class='ocr_line' id='line_1_1' title="bbox 163 386 3413 469; baseline 0.009 -30"><span class='ocrx_word' id='word_1_1' title='bbox 163 386 312 440; x_wconf 78' lang='grc'><strong>1061</strong></span> <span class='ocrx_word' id='word_1_2' title='bbox 1066 394 1153 447; x_wconf 88' lang='lat' dir='ltr'><strong>DE</strong></span> <span class='ocrx_word' id='word_1_3' title='bbox 1193 393 1470 452; x_wconf 83' lang='lat' dir='ltr'><strong><em>TITULIS</em></strong></span> <span class='ocrx_word' id='word_1_4' title='bbox 1505 397 1956 454; x_wconf 76' lang='lat' dir='ltr'><strong><em>PSALMORUM.</em></strong></span> <span class='ocrx_word' id='word_1_5' title='bbox 1991 433 2059 442; x_wconf 94' lang='lat'>—</span> <span class='ocrx_word' id='word_1_6' title='bbox 2091 402 2282 458; x_wconf 82' lang='lat' dir='ltr'><strong><em>PSAL.</em></strong></span> <span class='ocrx_word' id='word_1_7' title='bbox 2330 407 2489 463; x_wconf 74' lang='lat' dir='ltr'><strong><em>XCV.</em></strong></span> <span class='ocrx_word' id='word_1_8' title='bbox 3276 413 3413 469; x_wconf 72' lang='lat' dir='ltr'><strong><em>l062</em></strong></span> 
     </span>
    </p>
   </div>
   <div class='ocr_carea' id='block_1_2' title="bbox 157 497 1744 598">
    <p class='ocr_par' dir='ltr' id='par_1_2' title="bbox 157 497 1744 579">
     <span class='ocr_line' id='line_1_2' title="bbox 157 497 1744 579; baseline 0.008 -26"><span class='ocrx_word' id='word_1_9' title='bbox 157 497 352 566; x_wconf 78' lang='grc' dir='ltr'><em>Αἶνος</em></span> <span class='ocrx_word' id='word_1_10' title='bbox 383 501 542 569; x_wconf 78' lang='grc' dir='ltr'><em>ᾠδῆς</em></span> <span class='ocrx_word' id='word_1_11' title='bbox 572 503 647 568; x_wconf 78' lang='grc' dir='ltr'><strong>τῷ</strong></span> <span class='ocrx_word' id='word_1_12' title='bbox 659 504 861 567; x_wconf 84' lang='grc' dir='ltr'><em>Δαυῒδ,</em></span> <span class='ocrx_word' id='word_1_13' title='bbox 884 504 981 559; x_wconf 84' lang='grc' dir='ltr'><strong>ὅτε</strong></span> <span class='ocrx_word' id='word_1_14' title='bbox 1003 508 1037 558; x_wconf 82' lang='grc' dir='ltr'><em>ὁ</em></span> <span class='ocrx_word' id='word_1_15' title='bbox 1053 502 1217 572; x_wconf 78' lang='grc' dir='ltr'><em>οἶκος</em></span> <span class='ocrx_word' id='word_1_16' title='bbox 1244 509 1586 578; x_wconf 80' lang='grc' dir='ltr'><strong><em>ᾠκοδόμητο</em></strong></span> <span class='ocrx_word' id='word_1_17' title='bbox 1597 512 1744 579; x_wconf 83' lang='grc' dir='ltr'><strong>μετὰ</strong></span> 
     </span>
    </p>
   </div>
   <div class='ocr_carea' id='block_1_3' title="bbox 1827 497 3414 598">
    <p class='ocr_par' dir='ltr' id='par_1_3' title="bbox 1848 513 3414 598">
     <span class='ocr_line' id='line_1_3' title="bbox 1848 513 3414 598; baseline 0.011 -30"><span class='ocrx_word' id='word_1_18' title='bbox 1848 513 1988 569; x_wconf 86' lang='lat' dir='ltr'><strong><em>Laus</em></strong></span> <span class='ocrx_word' id='word_1_19' title='bbox 2011 521 2202 572; x_wconf 86' lang='lat' dir='ltr'><strong><em>cantici</em></strong></span> <span class='ocrx_word' id='word_1_20' title='bbox 2234 519 2423 586; x_wconf 77' lang='lat' dir='ltr'><strong><em>David,</em></strong></span> <span class='ocrx_word' id='word_1_21' title='bbox 2449 538 2657 592; x_wconf 79' lang='lat' dir='ltr'><strong><em>quando</em></strong></span> <span class='ocrx_word' id='word_1_22' title='bbox 2683 532 2870 580; x_wconf 83' lang='lat' dir='ltr'><strong><em>domus</em></strong></span> <span class='ocrx_word' id='word_1_23' title='bbox 2901 527 3269 596; x_wconf 69' lang='lat' dir='ltr'><strong><em>ardi/icabatur</em></strong></span> <span class='ocrx_word' id='word_1_24' title='bbox 3297 537 3414 598; x_wconf 77' lang='lat' dir='ltr'><strong><em>post</em></strong></span> 
     </span>
    </p>
   </div>
   <div class='ocr_carea' id='block_1_4' title="bbox 237 591 1824 685">
    <p class='ocr_par' dir='ltr' id='par_1_4' title="bbox 237 591 1741 670">
     <span class='ocr_line' id='line_1_4' title="bbox 237 591 1741 670; baseline 0.01 -27"><span class='ocrx_word' id='word_1_25' title='bbox 237 591 357 658; x_wconf 76' lang='grc' dir='ltr'><strong><em>τὴν</em></strong></span> <span class='ocrx_word' id='word_1_26' title='bbox 370 595 811 662; x_wconf 71' lang='grc' dir='ltr'><em>αἰχμαλωσίαν·</em></span> <span class='ocrx_word' id='word_1_27' title='bbox 846 598 1241 668; x_wconf 75' lang='grc' dir='ltr'><strong><em>ἀνεπίγραφος</em></strong></span> <span class='ocrx_word' id='word_1_28' title='bbox 1275 602 1408 668; x_wconf 79' lang='grc' dir='ltr'><em>παρ’</em></span> <span class='ocrx_word' id='word_1_29' title='bbox 1438 602 1741 670; x_wconf 79' lang='grc' dir='ltr'><em>Ἑϐραίοις.</em></span> 
     </span>
    </p>
   </div>
   <div class='ocr_carea' id='block_1_5' title="bbox 1827 591 3414 685">
    <p class='ocr_par' dir='ltr' id='par_1_5' title="bbox 1918 591 3414 685">
     <span class='ocr_line' id='line_1_5' title="bbox 1918 591 3414 685; baseline 0.011 -26"><span class='ocrx_word' id='word_1_30' title='bbox 1918 611 2318 677; x_wconf 70' lang='lat' dir='ltr'><strong><em>captivitatem:</em></strong></span> <span class='ocrx_word' id='word_1_31' title='bbox 2363 615 2471 668; x_wconf 87' lang='lat' dir='ltr'><strong><em>sine</em></strong></span> <span class='ocrx_word' id='word_1_32' title='bbox 2518 615 2673 668; x_wconf 83' lang='lat' dir='ltr'><strong><em>titulo</em></strong></span> <span class='ocrx_word' id='word_1_33' title='bbox 2715 618 2856 685; x_wconf 83' lang='lat' dir='ltr'><strong><em>apud</em></strong></span> <span class='ocrx_word' id='word_1_34' title='bbox 2889 591 3160 673; x_wconf 40' lang='lat' dir='ltr'><strong><em>Heli-ratos.</em></strong></span> <span class='ocrx_word' id='word_1_35' title='bbox 3211 591 3414 678; x_wconf 39' lang='lat' dir='ltr'><strong><em>PS&#39;AL.</em></strong></span> 
     </span>
    </p>
   </div>
   <div class='ocr_carea' id='block_1_6' title="bbox 245 686 1832 755">
    <p class='ocr_par' dir='ltr' id='par_1_6' title="bbox 245 686 579 752">
     <span class='ocr_line' id='line_1_6' title="bbox 245 686 579 752; baseline 0.006 -14"><span class='ocrx_word' id='word_1_36' title='bbox 245 687 424 739; x_wconf 82' lang='grc' dir='ltr'><strong><em>ΨΑΑ.</em></strong></span> <span class='ocrx_word' id='word_1_37' title='bbox 460 686 579 752; x_wconf 62' lang='grc' dir='ltr'><em>ιιι).</em></span> 
     </span>
    </p>
   </div>
   <div class='ocr_carea' id='block_1_7' title="bbox 496 686 2083 755">
    <p class='ocr_par' dir='ltr' id='par_1_7' title="bbox 502 686 2083 755">
     <span class='ocr_line' id='line_1_7' title="bbox 502 686 2083 755; baseline 0.01 -16"><span class='ocrx_word' id='word_1_38' title='bbox 502 686 579 740; x_wconf 86' lang='lat' dir='ltr'><strong><em>E&#39;.</em></strong></span> <span class='ocrx_word' id='word_1_39' title='bbox 1916 701 2083 755; x_wconf 80' lang='lat' dir='ltr'><strong><em>XCV.</em></strong></span> 
     </span>
    </p>
   </div>
   <div class='ocr_carea' id='block_1_8' title="bbox 241 773 1828 858">
    <p class='ocr_par' dir='ltr' id='par_1_8' title="bbox 241 773 1286 850">
     <span class='ocr_line' id='line_1_8' title="bbox 241 773 1286 850; baseline 0.011 -25"><span class='ocrx_word' id='word_1_40' title='bbox 241 773 291 826; x_wconf 85' lang='grc'><strong><em>1.</em></strong></span> <span class='ocrx_word' id='word_1_41' title='bbox 311 775 512 844; x_wconf 83' lang='grc' dir='ltr'><strong><em>’ᾼσατε</em></strong></span> <span class='ocrx_word' id='word_1_42' title='bbox 550 776 628 846; x_wconf 80' lang='grc' dir='ltr'><strong>τῷ</strong></span> <span class='ocrx_word' id='word_1_43' title='bbox 668 778 854 848; x_wconf 78' lang='grc' dir='ltr'><em>Κυρίῳ</em></span> <span class='ocrx_word' id='word_1_44' title='bbox 894 776 1042 850; x_wconf 79' lang='grc' dir='ltr'><em>ᾆσμα</em></span> <span class='ocrx_word' id='word_1_45' title='bbox 1070 784 1253 836; x_wconf 82' lang='grc' dir='ltr'><em>καινόν</em></span> <span class='ocrx_word' id='word_1_46' title='bbox 1273 800 1286 814; x_wconf 80' lang='lat'><strong>&#39;</strong></span> 
     </span>
    </p>
   </div>
   <div class='ocr_carea' id='block_1_9' title="bbox 1514 773 3101 858">
    <p class='ocr_par' dir='ltr' id='par_1_9' title="bbox 1917 795 3101 858">
     <span class='ocr_line' id='line_1_9' title="bbox 1917 795 3101 858; baseline 0.009 -11"><span class='ocrx_word' id='word_1_47' title='bbox 1917 796 1966 847; x_wconf 98' lang='grc'><strong><em>1.</em></strong></span> <span class='ocrx_word' id='word_1_48' title='bbox 2015 795 2240 849; x_wconf 90' lang='lat' dir='ltr'><strong><em>Cantate</em></strong></span> <span class='ocrx_word' id='word_1_49' title='bbox 2275 796 2504 852; x_wconf 90' lang='lat' dir='ltr'><strong><em>Domino</em></strong></span> <span class='ocrx_word' id='word_1_50' title='bbox 2556 799 2826 853; x_wconf 79' lang='lat' dir='ltr'><strong><em>canticum</em></strong></span> <span class='ocrx_word' id='word_1_51' title='bbox 2861 815 3060 856; x_wconf 86' lang='lat' dir='ltr'><strong><em>novum</em></strong></span> <span class='ocrx_word' id='word_1_52' title='bbox 3089 824 3101 858; x_wconf 90' lang='lat'><strong>:</strong></span> 
     </span>
    </p>
   </div>
   <div class='ocr_carea' id='block_1_10' title="bbox 236 867 1823 953">
    <p class='ocr_par' dir='ltr' id='par_1_10' title="bbox 236 867 1266 947">
     <span class='ocr_line' id='line_1_10' title="bbox 236 867 1266 947; baseline 0.012 -27"><span class='ocrx_word' id='word_1_53' title='bbox 236 867 516 938; x_wconf 73' lang='grc' dir='ltr'><strong>2.”ᾼσατε</strong></span> <span class='ocrx_word' id='word_1_54' title='bbox 557 870 632 940; x_wconf 80' lang='grc' dir='ltr'><strong>τῷ</strong></span> <span class='ocrx_word' id='word_1_55' title='bbox 671 874 877 943; x_wconf 80' lang='grc' dir='ltr'><em>Κυρίῳ,</em></span> <span class='ocrx_word' id='word_1_56' title='bbox 921 877 1068 927; x_wconf 82' lang='grc' dir='ltr'><em>πᾶσα</em></span> <span class='ocrx_word' id='word_1_57' title='bbox 1102 880 1132 947; x_wconf 78' lang='grc' dir='ltr'>ἡ</span> <span class='ocrx_word' id='word_1_58' title='bbox 1173 878 1266 947; x_wconf 86' lang='grc' dir='ltr'><strong>γῆ.</strong></span> 
     </span>
    </p>
   </div>
   <div class='ocr_carea' id='block_1_11' title="bbox 1346 867 2933 953">
    <p class='ocr_par' dir='ltr' id='par_1_11' title="bbox 1912 885 2933 953">
     <span class='ocr_line' id='line_1_11' title="bbox 1912 885 2933 953; baseline 0.01 -16"><span class='ocrx_word' id='word_1_59' title='bbox 1912 885 1964 939; x_wconf 74' lang='lat'><strong><em>‘2.</em></strong></span> <span class='ocrx_word' id='word_1_60' title='bbox 2016 887 2240 940; x_wconf 80' lang='lat' dir='ltr'><strong><em>Cantate</em></strong></span> <span class='ocrx_word' id='word_1_61' title='bbox 2276 886 2526 953; x_wconf 89' lang='lat' dir='ltr'><strong><em>Domino,</em></strong></span> <span class='ocrx_word' id='word_1_62' title='bbox 2566 889 2741 944; x_wconf 89' lang='lat' dir='ltr'><strong><em>omnis</em></strong></span> <span class='ocrx_word' id='word_1_63' title='bbox 2771 903 2933 947; x_wconf 84' lang='lat' dir='ltr'><strong><em>terra.</em></strong></span> 
     </span>
    </p>
   </div>
   <div class='ocr_carea' id='block_1_12' title="bbox 237 960 1824 1052">
    <p class='ocr_par' dir='ltr' id='par_1_12' title="bbox 237 960 1737 1041">
     <span class='ocr_line' id='line_1_12' title="bbox 237 960 1737 1041; baseline 0.008 -30"><span class='ocrx_word' id='word_1_64' title='bbox 237 960 293 1012; x_wconf 80' lang='grc'><strong>3.</strong></span> <span class='ocrx_word' id='word_1_65' title='bbox 315 962 517 1030; x_wconf 82' lang='grc' dir='ltr'><strong>’ᾼσατε</strong></span> <span class='ocrx_word' id='word_1_66' title='bbox 556 962 632 1031; x_wconf 83' lang='grc' dir='ltr'><strong>τῷ</strong></span> <span class='ocrx_word' id='word_1_67' title='bbox 670 965 875 1034; x_wconf 80' lang='grc' dir='ltr'><strong><em>Κυρίῳ,</em></strong></span> <span class='ocrx_word' id='word_1_68' title='bbox 920 968 1247 1038; x_wconf 76' lang='grc' dir='ltr'><strong><em>εὐλογήσατε</em></strong></span> <span class='ocrx_word' id='word_1_69' title='bbox 1281 969 1338 1022; x_wconf 65' lang='grc' dir='ltr'><strong><em>τὸ</em></strong></span> <span class='ocrx_word' id='word_1_70' title='bbox 1365 970 1532 1041; x_wconf 78' lang='grc' dir='ltr'><em>ὄνομα</em></span> <span class='ocrx_word' id='word_1_71' title='bbox 1555 971 1737 1024; x_wconf 76' lang='grc' dir='ltr'><strong><em>αὑτοῦ·</em></strong></span> 
     </span>
    </p>
   </div>
   <div class='ocr_carea' id='block_1_13' title="bbox 1710 960 3297 1052">
    <p class='ocr_par' dir='ltr' id='par_1_13' title="bbox 1710 974 3297 1052">
     <span class='ocr_line' id='line_1_13' title="bbox 1710 974 3297 1052; baseline 0.011 -32"><span class='ocrx_word' id='word_1_72' title='bbox 1710 974 1737 1020; x_wconf 57' lang='grc' dir='ltr'><em>ι·</em></span> <span class='ocrx_word' id='word_1_73' title='bbox 1907 975 1961 1027; x_wconf 79' lang='grc'><strong><em>5.</em></strong></span> <span class='ocrx_word' id='word_1_74' title='bbox 2008 974 2232 1028; x_wconf 88' lang='lat' dir='ltr'><strong><em>Cantate</em></strong></span> <span class='ocrx_word' id='word_1_75' title='bbox 2263 974 2515 1038; x_wconf 88' lang='lat' dir='ltr'><strong><em>Domino,</em></strong></span> <span class='ocrx_word' id='word_1_76' title='bbox 2553 978 2854 1033; x_wconf 80' lang='lat' dir='ltr'><strong><em>benedicite</em></strong></span> <span class='ocrx_word' id='word_1_77' title='bbox 2900 982 3104 1035; x_wconf 92' lang='lat' dir='ltr'><strong><em>nomini</em></strong></span> <span class='ocrx_word' id='word_1_78' title='bbox 3140 983 3297 1052; x_wconf 91' lang='lat' dir='ltr'><strong><em>ejus:</em></strong></span> 
     </span>
    </p>
   </div>
   <div class='ocr_carea' id='block_1_14' title="bbox 237 1053 1824 1144">
    <p class='ocr_par' dir='ltr' id='par_1_14' title="bbox 237 1053 1741 1134">
     <span class='ocr_line' id='line_1_14' title="bbox 237 1053 1741 1134; baseline 0.009 -30"><span class='ocrx_word' id='word_1_79' title='bbox 237 1053 290 1106; x_wconf 76' lang='grc'><strong>4.</strong></span> <span class='ocrx_word' id='word_1_80' title='bbox 325 1054 750 1122; x_wconf 73' lang='grc' dir='ltr'><strong><em>Εὐαγγελίςεσθε</em></strong></span> <span class='ocrx_word' id='word_1_81' title='bbox 798 1059 1070 1128; x_wconf 80' lang='grc' dir='ltr'><strong><em>ήμέρανέξ</em></strong></span> <span class='ocrx_word' id='word_1_82' title='bbox 1104 1062 1318 1131; x_wconf 81' lang='grc' dir='ltr'><em>ἡμέρας</em></span> <span class='ocrx_word' id='word_1_83' title='bbox 1361 1063 1418 1115; x_wconf 84' lang='grc' dir='ltr'><strong>τὸ</strong></span> <span class='ocrx_word' id='word_1_84' title='bbox 1467 1065 1741 1134; x_wconf 75' lang='grc' dir='ltr'><strong><em>Σωτήρων</em></strong></span> 
     </span>
    </p>
   </div>
   <div class='ocr_carea' id='block_1_15' title="bbox 1681 1053 3268 1144">
    <p class='ocr_par' dir='ltr' id='par_1_15' title="bbox 1683 1064 3268 1144">
     <span class='ocr_line' id='line_1_15' title="bbox 1683 1064 3268 1144; baseline 0.009 -28"><span class='ocrx_word' id='word_1_85' title='bbox 1683 1082 1741 1116; x_wconf 92' lang='grc' dir='ltr'><strong><em>ον</em></strong></span> <span class='ocrx_word' id='word_1_86' title='bbox 1909 1064 1961 1117; x_wconf 76' lang='grc'><strong>4.</strong></span> <span class='ocrx_word' id='word_1_87' title='bbox 2001 1064 2331 1120; x_wconf 82' lang='lat' dir='ltr'><strong><em>Amiuntiate</em></strong></span> <span class='ocrx_word' id='word_1_88' title='bbox 2362 1069 2429 1121; x_wconf 91' lang='lat' dir='ltr'><strong><em>de</em></strong></span> <span class='ocrx_word' id='word_1_89' title='bbox 2457 1069 2543 1122; x_wconf 88' lang='lat' dir='ltr'><strong><em>d-ie</em></strong></span> <span class='ocrx_word' id='word_1_90' title='bbox 2580 1069 2632 1122; x_wconf 91' lang='lat' dir='ltr'><strong><em>in</em></strong></span> <span class='ocrx_word' id='word_1_91' title='bbox 2675 1071 2818 1124; x_wconf 90' lang='lat' dir='ltr'><strong><em>diem</em></strong></span> <span class='ocrx_word' id='word_1_92' title='bbox 2859 1072 3106 1126; x_wconf 81' lang='lat' dir='ltr'><strong><em>Salutare</em></strong></span> <span class='ocrx_word' id='word_1_93' title='bbox 3129 1074 3268 1144; x_wconf 85' lang='lat' dir='ltr'><strong><em>ejus.</em></strong></span> 
     </span>
    </p>
   </div>
   <div class='ocr_carea' id='block_1_16' title="bbox 157 1161 359 1198">
    <p class='ocr_par' dir='ltr' id='par_1_16' title="bbox 157 1161 359 1198">
     <span class='ocr_line' id='line_1_16' title="bbox 157 1161 359 1198; baseline 0.01 -2"><span class='ocrx_word' id='word_1_94' title='bbox 157 1161 359 1198; x_wconf 81' lang='grc' dir='ltr'><em>αντου.</em></span> 
     </span>
    </p>
   </div>
   <div class='ocr_carea' id='block_1_17' title="bbox 229 1237 1816 1323">
    <p class='ocr_par' dir='ltr' id='par_1_17' title="bbox 229 1237 1647 1312">
     <span class='ocr_line' id='line_1_17' title="bbox 229 1237 1647 1312; baseline 0.004 -20"><span class='ocrx_word' id='word_1_95' title='bbox 229 1238 282 1292; x_wconf 90' lang='grc'><strong><em>5.</em></strong></span> <span class='ocrx_word' id='word_1_96' title='bbox 314 1237 691 1306; x_wconf 79' lang='grc' dir='ltr'><strong><em>Ἀναγγείλατε</em></strong></span> <span class='ocrx_word' id='word_1_97' title='bbox 719 1239 776 1292; x_wconf 79' lang='grc' dir='ltr'><strong>ἐν</strong></span> <span class='ocrx_word' id='word_1_98' title='bbox 805 1242 919 1303; x_wconf 85' lang='grc' dir='ltr'><strong>τοῖς</strong></span> <span class='ocrx_word' id='word_1_99' title='bbox 943 1241 1118 1295; x_wconf 80' lang='grc' dir='ltr'><strong>ἔθνεσι</strong></span> <span class='ocrx_word' id='word_1_100' title='bbox 1145 1244 1242 1312; x_wconf 82' lang='grc' dir='ltr'><strong>τὴν</strong></span> <span class='ocrx_word' id='word_1_101' title='bbox 1276 1243 1431 1307; x_wconf 77' lang='grc' dir='ltr'><em>δόξαν</em></span> <span class='ocrx_word' id='word_1_102' title='bbox 1461 1244 1647 1298; x_wconf 78' lang='grc' dir='ltr'><strong><em>αὑτοῦ·</em></strong></span> 
     </span>
    </p>
   </div>
   <div class='ocr_carea' id='block_1_18' title="bbox 1606 1237 3193 1323">
    <p class='ocr_par' dir='ltr' id='par_1_18' title="bbox 1606 1244 3193 1323">
     <span class='ocr_line' id='line_1_18' title="bbox 1606 1244 3193 1323; baseline 0.008 -26"><span class='ocrx_word' id='word_1_103' title='bbox 1606 1244 1647 1297; x_wconf 76' lang='grc'><strong><em>5·</em></strong></span> <span class='ocrx_word' id='word_1_104' title='bbox 1913 1245 1964 1297; x_wconf 83' lang='grc'><strong>5.</strong></span> <span class='ocrx_word' id='word_1_105' title='bbox 2013 1246 2346 1302; x_wconf 86' lang='lat' dir='ltr'><strong><em>Annnntiate</em></strong></span> <span class='ocrx_word' id='word_1_106' title='bbox 2379 1249 2519 1302; x_wconf 90' lang='lat' dir='ltr'><strong><em>inter</em></strong></span> <span class='ocrx_word' id='word_1_107' title='bbox 2548 1258 2734 1319; x_wconf 81' lang='lat' dir='ltr'><strong><em>gentes</em></strong></span> <span class='ocrx_word' id='word_1_108' title='bbox 2778 1251 3006 1319; x_wconf 78' lang='lat' dir='ltr'><strong><em>gloriam</em></strong></span> <span class='ocrx_word' id='word_1_109' title='bbox 3041 1253 3193 1323; x_wconf 81' lang='lat' dir='ltr'><strong><em>ejus:</em></strong></span> 
     </span>
    </p>
   </div>
   <div class='ocr_carea' id='block_1_19' title="bbox 230 1327 1817 1414">
    <p class='ocr_par' dir='ltr' id='par_1_19' title="bbox 230 1327 1492 1404">
     <span class='ocr_line' id='line_1_19' title="bbox 230 1327 1492 1404; baseline 0.008 -25"><span class='ocrx_word' id='word_1_110' title='bbox 230 1327 283 1379; x_wconf 85' lang='lat'><strong>6.</strong></span> <span class='ocrx_word' id='word_1_111' title='bbox 316 1329 403 1378; x_wconf 85' lang='lat' dir='ltr'><strong><em>‘Ev</em></strong></span> <span class='ocrx_word' id='word_1_112' title='bbox 434 1330 567 1380; x_wconf 75' lang='grc' dir='ltr'><strong><em>πᾶσι</em></strong></span> <span class='ocrx_word' id='word_1_113' title='bbox 595 1333 707 1392; x_wconf 86' lang='grc' dir='ltr'><strong>τοῖς</strong></span> <span class='ocrx_word' id='word_1_114' title='bbox 729 1331 877 1394; x_wconf 86' lang='grc' dir='ltr'><strong><em>λαοῖς</em></strong></span> <span class='ocrx_word' id='word_1_115' title='bbox 903 1332 970 1384; x_wconf 85' lang='grc' dir='ltr'><strong>τὰ</strong></span> <span class='ocrx_word' id='word_1_116' title='bbox 1007 1333 1280 1404; x_wconf 84' lang='grc' dir='ltr'><em>θαυμάσια</em></span> <span class='ocrx_word' id='word_1_117' title='bbox 1310 1336 1492 1390; x_wconf 74' lang='grc' dir='ltr'><strong><em>αὑτοῦ.</em></strong></span> 
     </span>
    </p>
   </div>
   <div class='ocr_carea' id='block_1_20' title="bbox 1469 1327 3056 1414">
    <p class='ocr_par' dir='ltr' id='par_1_20' title="bbox 1469 1335 3056 1414">
     <span class='ocr_line' id='line_1_20' title="bbox 1469 1335 3056 1414; baseline 0.014 -35"><span class='ocrx_word' id='word_1_118' title='bbox 1469 1361 1492 1390; x_wconf 40' lang='grc' dir='ltr'><em>χ,</em></span> <span class='ocrx_word' id='word_1_119' title='bbox 1912 1335 1960 1389; x_wconf 89' lang='lat'><strong><em>6.</em></strong></span> <span class='ocrx_word' id='word_1_120' title='bbox 2004 1338 2056 1390; x_wconf 93' lang='lat' dir='ltr'><strong><em>In</em></strong></span> <span class='ocrx_word' id='word_1_121' title='bbox 2089 1340 2341 1394; x_wconf 83' lang='lat' dir='ltr'><strong><em>omnibus</em></strong></span> <span class='ocrx_word' id='word_1_122' title='bbox 2371 1344 2586 1410; x_wconf 85' lang='lat' dir='ltr'><strong><em>populis</em></strong></span> <span class='ocrx_word' id='word_1_123' title='bbox 2617 1343 2884 1397; x_wconf 83' lang='lat' dir='ltr'><strong><em>mirabilia</em></strong></span> <span class='ocrx_word' id='word_1_124' title='bbox 2919 1346 3056 1414; x_wconf 90' lang='lat' dir='ltr'><strong><em>ejus.</em></strong></span> 
     </span>
    </p>
   </div>
   <div class='ocr_carea' id='block_1_21' title="bbox 233 1417 1820 1506">
    <p class='ocr_par' dir='ltr' id='par_1_21' title="bbox 233 1417 1484 1498">
     <span class='ocr_line' id='line_1_21' title="bbox 233 1417 1484 1498; baseline 0.009 -30"><span class='ocrx_word' id='word_1_125' title='bbox 233 1417 284 1469; x_wconf 86' lang='lat'><strong>7.</strong></span> <span class='ocrx_word' id='word_1_126' title='bbox 303 1418 426 1471; x_wconf 80' lang='grc' dir='ltr'><strong>’Ὁτι</strong></span> <span class='ocrx_word' id='word_1_127' title='bbox 457 1421 626 1490; x_wconf 84' lang='grc' dir='ltr'><em>μέγας</em></span> <span class='ocrx_word' id='word_1_128' title='bbox 659 1423 882 1492; x_wconf 84' lang='grc' dir='ltr'><em>Κύριος,</em></span> <span class='ocrx_word' id='word_1_129' title='bbox 920 1428 1012 1477; x_wconf 73' lang='grc' dir='ltr'><strong><em>καὶ</em></strong></span> <span class='ocrx_word' id='word_1_130' title='bbox 1041 1426 1248 1488; x_wconf 76' lang='grc' dir='ltr'><strong>αἱνετὸς</strong></span> <span class='ocrx_word' id='word_1_131' title='bbox 1281 1428 1484 1498; x_wconf 66' lang='grc' dir='ltr'><em>σφόδρα</em></span> 
     </span>
    </p>
   </div>
   <div class='ocr_carea' id='block_1_22' title="bbox 1817 1417 3404 1506">
    <p class='ocr_par' dir='ltr' id='par_1_22' title="bbox 1909 1429 3404 1506">
     <span class='ocr_line' id='line_1_22' title="bbox 1909 1429 3404 1506; baseline 0.009 -26"><span class='ocrx_word' id='word_1_132' title='bbox 1909 1430 1959 1484; x_wconf 86' lang='lat'><strong>7.</strong></span> <span class='ocrx_word' id='word_1_133' title='bbox 1992 1429 2258 1495; x_wconf 78' lang='lat' dir='ltr'><strong><em>Quoniam</em></strong></span> <span class='ocrx_word' id='word_1_134' title='bbox 2297 1449 2523 1503; x_wconf 80' lang='lat' dir='ltr'><strong><em>magnus</em></strong></span> <span class='ocrx_word' id='word_1_135' title='bbox 2542 1434 2824 1500; x_wconf 85' lang='lat' dir='ltr'><strong><em>Dominus,</em></strong></span> <span class='ocrx_word' id='word_1_136' title='bbox 2845 1448 2898 1490; x_wconf 87' lang='lat' dir='ltr'><strong><em>et</em></strong></span> <span class='ocrx_word' id='word_1_137' title='bbox 2921 1439 3203 1494; x_wconf 81' lang='lat' dir='ltr'><strong><em>laudabilis</em></strong></span> <span class='ocrx_word' id='word_1_138' title='bbox 3225 1439 3404 1506; x_wconf 82' lang='lat' dir='ltr'><strong><em>nimis,</em></strong></span> 
     </span>
    </p>
   </div>
   <div class='ocr_carea' id='block_1_23' title="bbox 227 1509 1814 1595">
    <p class='ocr_par' dir='ltr' id='par_1_23' title="bbox 227 1509 1736 1590">
     <span class='ocr_line' id='line_1_23' title="bbox 227 1509 1736 1590; baseline 0.009 -28"><span class='ocrx_word' id='word_1_139' title='bbox 227 1509 282 1563; x_wconf 89' lang='lat'><strong>8.</strong></span> <span class='ocrx_word' id='word_1_140' title='bbox 325 1513 588 1584; x_wconf 78' lang='grc' dir='ltr'><strong><em>Φοόερούς</em></strong></span> <span class='ocrx_word' id='word_1_141' title='bbox 617 1513 885 1586; x_wconf 77' lang='grc' dir='ltr'><em>[φοϐερός,</em></span> <span class='ocrx_word' id='word_1_142' title='bbox 905 1517 1036 1589; x_wconf 89' lang='lat' dir='ltr'><strong><em>etc.]</em></strong></span> <span class='ocrx_word' id='word_1_143' title='bbox 1070 1520 1213 1570; x_wconf 82' lang='grc' dir='ltr'><em>ἐστιν</em></span> <span class='ocrx_word' id='word_1_144' title='bbox 1231 1519 1368 1590; x_wconf 80' lang='grc' dir='ltr'>ὑπὲρ</span> <span class='ocrx_word' id='word_1_145' title='bbox 1396 1521 1599 1585; x_wconf 79' lang='grc' dir='ltr'><strong>πάντας</strong></span> <span class='ocrx_word' id='word_1_146' title='bbox 1615 1525 1736 1590; x_wconf 70' lang='grc' dir='ltr'><em>τοὺς</em></span> 
     </span>
    </p>
   </div>
   <div class='ocr_carea' id='block_1_24' title="bbox 1400 1509 2987 1595">
    <p class='ocr_par' dir='ltr' id='par_1_24' title="bbox 1400 1521 2987 1595">
     <span class='ocr_line' id='line_1_24' title="bbox 1400 1521 2987 1595; baseline 0.006 -22"><span class='ocrx_word' id='word_1_147' title='bbox 1400 1521 1599 1585; x_wconf 79' lang='grc' dir='ltr'><strong>πάντας</strong></span> <span class='ocrx_word' id='word_1_148' title='bbox 1615 1525 1736 1590; x_wconf 70' lang='grc' dir='ltr'><em>τοὺς</em></span> <span class='ocrx_word' id='word_1_149' title='bbox 1909 1521 1961 1576; x_wconf 89' lang='grc'><strong><em>8.</em></strong></span> <span class='ocrx_word' id='word_1_150' title='bbox 2008 1523 2292 1578; x_wconf 80' lang='lat' dir='ltr'><strong><em>Terribilis</em></strong></span> <span class='ocrx_word' id='word_1_151' title='bbox 2325 1535 2409 1579; x_wconf 88' lang='lat' dir='ltr'><strong><em>est</em></strong></span> <span class='ocrx_word' id='word_1_152' title='bbox 2435 1541 2599 1595; x_wconf 87' lang='lat' dir='ltr'><strong><em>super</em></strong></span> <span class='ocrx_word' id='word_1_153' title='bbox 2626 1542 2815 1583; x_wconf 87' lang='lat' dir='ltr'><strong><em>omnes</em></strong></span> <span class='ocrx_word' id='word_1_154' title='bbox 2838 1530 2987 1583; x_wconf 91' lang='lat' dir='ltr'><strong><em>deos.</em></strong></span> 
     </span>
    </p>
   </div>
   <div class='ocr_carea' id='block_1_25' title="bbox 151 1604 338 1667">
    <p class='ocr_par' dir='ltr' id='par_1_25' title="bbox 151 1604 338 1667">
     <span class='ocr_line' id='line_1_25' title="bbox 151 1604 338 1667; baseline 0.016 -12"><span class='ocrx_word' id='word_1_155' title='bbox 151 1604 338 1667; x_wconf 82' lang='grc' dir='ltr'><strong>Θεούς.</strong></span> 
     </span>
    </p>
   </div>
   <div class='ocr_carea' id='block_1_26' title="bbox 225 1694 1812 1770">
    <p class='ocr_par' dir='ltr' id='par_1_26' title="bbox 225 1696 1520 1770">
     <span class='ocr_line' id='line_1_26' title="bbox 225 1696 1520 1770; baseline 0.003 -21"><span class='ocrx_word' id='word_1_156' title='bbox 225 1696 279 1749; x_wconf 87' lang='grc'><strong><em>9.</em></strong></span> <span class='ocrx_word' id='word_1_157' title='bbox 299 1698 420 1749; x_wconf 86' lang='grc' dir='ltr'><strong>Ὅτι</strong></span> <span class='ocrx_word' id='word_1_158' title='bbox 457 1698 655 1761; x_wconf 81' lang='grc' dir='ltr'><strong>πάντες</strong></span> <span class='ocrx_word' id='word_1_159' title='bbox 682 1701 729 1751; x_wconf 81' lang='grc' dir='ltr'><em>οἱ</em></span> <span class='ocrx_word' id='word_1_160' title='bbox 759 1699 871 1752; x_wconf 74' lang='lat' dir='ltr'><strong><em>(leo).</em></strong></span> <span class='ocrx_word' id='word_1_161' title='bbox 909 1700 1016 1752; x_wconf 89' lang='grc' dir='ltr'><em>τῶν</em></span> <span class='ocrx_word' id='word_1_162' title='bbox 1044 1698 1210 1751; x_wconf 77' lang='grc' dir='ltr'><em>ἐθνῶν</em></span> <span class='ocrx_word' id='word_1_163' title='bbox 1238 1700 1489 1770; x_wconf 82' lang='grc' dir='ltr'><em>δαιμόνια</em></span> <span class='ocrx_word' id='word_1_164' title='bbox 1508 1717 1520 1730; x_wconf 96' lang='grc'><strong>·</strong></span> 
     </span>
    </p>
   </div>
   <div class='ocr_carea' id='block_1_27' title="bbox 1646 1694 3233 1770">
    <p class='ocr_par' dir='ltr' id='par_1_27' title="bbox 1905 1694 3233 1770">
     <span class='ocr_line' id='line_1_27' title="bbox 1905 1694 3233 1770; baseline 0.008 -23"><span class='ocrx_word' id='word_1_165' title='bbox 1905 1695 1960 1747; x_wconf 88' lang='grc'><strong>9.</strong></span> <span class='ocrx_word' id='word_1_166' title='bbox 2022 1694 2289 1760; x_wconf 85' lang='lat' dir='ltr'><strong><em>Quoniam</em></strong></span> <span class='ocrx_word' id='word_1_167' title='bbox 2325 1713 2512 1754; x_wconf 91' lang='lat' dir='ltr'><strong><em>omnes</em></strong></span> <span class='ocrx_word' id='word_1_168' title='bbox 2543 1700 2615 1752; x_wconf 87' lang='lat' dir='ltr'><strong><em>dii</em></strong></span> <span class='ocrx_word' id='word_1_169' title='bbox 2652 1702 2893 1770; x_wconf 79' lang='lat' dir='ltr'><strong><em>gentium</em></strong></span> <span class='ocrx_word' id='word_1_170' title='bbox 2924 1702 3191 1757; x_wconf 59' lang='lat' dir='ltr'><strong><em>daemonia</em></strong></span> <span class='ocrx_word' id='word_1_171' title='bbox 3221 1722 3233 1734; x_wconf 95' lang='grc'><strong>·</strong></span> 
     </span>
    </p>
   </div>
   <div class='ocr_carea' id='block_1_28' title="bbox 227 1785 1814 1861">
    <p class='ocr_par' dir='ltr' id='par_1_28' title="bbox 227 1788 1446 1861">
     <span class='ocr_line' id='line_1_28' title="bbox 227 1788 1446 1861; baseline 0.002 -20"><span class='ocrx_word' id='word_1_172' title='bbox 227 1788 314 1841; x_wconf 79' lang='grc'><strong>10.</strong></span> <span class='ocrx_word' id='word_1_173' title='bbox 343 1789 399 1841; x_wconf 88' lang='lat'><strong><em>&#39;0</em></strong></span> <span class='ocrx_word' id='word_1_174' title='bbox 429 1788 483 1840; x_wconf 80' lang='grc' dir='ltr'><em>δὲ</em></span> <span class='ocrx_word' id='word_1_175' title='bbox 515 1790 712 1861; x_wconf 62' lang='grc' dir='ltr'><em>Κύριος</em></span> <span class='ocrx_word' id='word_1_176' title='bbox 733 1793 858 1854; x_wconf 77' lang='grc' dir='ltr'><em>τοὺς</em></span> <span class='ocrx_word' id='word_1_177' title='bbox 881 1791 1138 1861; x_wconf 77' lang='grc' dir='ltr'><em>οὐρανοὺς</em></span> <span class='ocrx_word' id='word_1_178' title='bbox 1174 1792 1446 1859; x_wconf 76' lang='grc' dir='ltr'><em>ἐποίησεν.</em></span> 
     </span>
    </p>
   </div>
   <div class='ocr_carea' id='block_1_29' title="bbox 1300 1785 2887 1861">
    <p class='ocr_par' dir='ltr' id='par_1_29' title="bbox 1300 1785 2887 1859">
     <span class='ocr_line' id='line_1_29' title="bbox 1300 1785 2887 1859; baseline 0.007 -22"><span class='ocrx_word' id='word_1_179' title='bbox 1300 1809 1446 1859; x_wconf 83' lang='grc' dir='ltr'><em>ησεν,</em></span> <span class='ocrx_word' id='word_1_180' title='bbox 1905 1785 1990 1839; x_wconf 91' lang='grc'><strong>10.</strong></span> <span class='ocrx_word' id='word_1_181' title='bbox 2045 1786 2303 1843; x_wconf 85' lang='lat' dir='ltr'><strong><em>Dominus</em></strong></span> <span class='ocrx_word' id='word_1_182' title='bbox 2327 1802 2506 1843; x_wconf 88' lang='lat' dir='ltr'><strong><em>autem</em></strong></span> <span class='ocrx_word' id='word_1_183' title='bbox 2544 1794 2713 1845; x_wconf 61' lang='lat' dir='ltr'><strong><em>caalos</em></strong></span> <span class='ocrx_word' id='word_1_184' title='bbox 2743 1792 2887 1848; x_wconf 82' lang='lat' dir='ltr'><strong><em>fecit.</em></strong></span> 
     </span>
    </p>
   </div>
   <div class='ocr_carea' id='block_1_30' title="bbox 224 1869 1811 1956">
    <p class='ocr_par' dir='ltr' id='par_1_30' title="bbox 224 1869 1800 1956">
     <span class='ocr_line' id='line_1_30' title="bbox 224 1869 1800 1956; baseline 0.002 -24"><span class='ocrx_word' id='word_1_185' title='bbox 224 1880 314 1933; x_wconf 87' lang='grc'><strong><em>11.</em></strong></span> <span class='ocrx_word' id='word_1_186' title='bbox 342 1881 748 1953; x_wconf 80' lang='grc' dir='ltr'><em>Ἐξομολόγησις</em></span> <span class='ocrx_word' id='word_1_187' title='bbox 770 1883 860 1936; x_wconf 78' lang='grc' dir='ltr'><strong><em>καὶ</em></strong></span> <span class='ocrx_word' id='word_1_188' title='bbox 881 1883 1149 1954; x_wconf 81' lang='grc' dir='ltr'><em>ῶραιότης</em></span> <span class='ocrx_word' id='word_1_189' title='bbox 1179 1883 1406 1934; x_wconf 79' lang='grc' dir='ltr'><strong><em>ἐνώπιον</em></strong></span> <span class='ocrx_word' id='word_1_190' title='bbox 1427 1881 1586 1934; x_wconf 75' lang='grc' dir='ltr'><em>αὑτοῦ</em></span> <span class='ocrx_word' id='word_1_191' title='bbox 1611 1881 1730 1956; x_wconf 76' lang='grc' dir='ltr'><em>[αν-</em></span> <span class='ocrx_word' id='word_1_192' title='bbox 1761 1869 1800 1923; x_wconf 79' lang='grc' dir='ltr'>Β</span> 
     </span>
    </p>
   </div>
   <div class='ocr_carea' id='block_1_31' title="bbox 1816 1869 3403 1956">
    <p class='ocr_par' dir='ltr' id='par_1_31' title="bbox 1909 1876 3403 1954">
     <span class='ocr_line' id='line_1_31' title="bbox 1909 1876 3403 1954; baseline 0.007 -26"><span class='ocrx_word' id='word_1_193' title='bbox 1909 1877 1996 1930; x_wconf 87' lang='grc'><strong><em>11.</em></strong></span> <span class='ocrx_word' id='word_1_194' title='bbox 2033 1876 2340 1944; x_wconf 73' lang='lat' dir='ltr'><strong><em>Confessio,</em></strong></span> <span class='ocrx_word' id='word_1_195' title='bbox 2377 1890 2428 1932; x_wconf 88' lang='lat' dir='ltr'><strong><em>et</em></strong></span> <span class='ocrx_word' id='word_1_196' title='bbox 2466 1879 2809 1949; x_wconf 78' lang='lat' dir='ltr'><strong><em>pulchritudo</em></strong></span> <span class='ocrx_word' id='word_1_197' title='bbox 2852 1882 2905 1936; x_wconf 92' lang='lat' dir='ltr'><strong><em>in</em></strong></span> <span class='ocrx_word' id='word_1_198' title='bbox 2943 1893 3236 1954; x_wconf 90' lang='lat' dir='ltr'><strong><em>conspectu</em></strong></span> <span class='ocrx_word' id='word_1_199' title='bbox 3286 1881 3403 1953; x_wconf 85' lang='lat' dir='ltr'><strong><em>ejus</em></strong></span> 
     </span>
    </p>
   </div>
   <div class='ocr_carea' id='block_1_32' title="bbox 148 1965 1735 2044">
    <p class='ocr_par' dir='ltr' id='par_1_32' title="bbox 148 1969 310 2044">
     <span class='ocr_line' id='line_1_32' title="bbox 148 1969 310 2044; baseline 0.012 -22"><span class='ocrx_word' id='word_1_200' title='bbox 148 1969 310 2044; x_wconf 84' lang='grc' dir='ltr'><strong>τῶν]·</strong></span> 
     </span>
    </p>
   </div>
   <div class='ocr_carea' id='block_1_33' title="bbox 530 1965 2117 2044">
    <p class='ocr_par' dir='ltr' id='par_1_33' title="bbox 1832 1965 2117 2040">
     <span class='ocr_line' id='line_1_33' title="bbox 1832 1965 2117 2040; baseline 0.011 -20"><span class='ocrx_word' id='word_1_201' title='bbox 1832 1965 2068 2040; x_wconf 86' lang='lat' dir='ltr'><strong><em>[eorum]</em></strong></span> <span class='ocrx_word' id='word_1_202' title='bbox 2108 1989 2117 2023; x_wconf 93' lang='lat'>:</span> 
     </span>
    </p>
   </div>
   <div class='ocr_carea' id='block_1_34' title="bbox 228 2061 1815 2138">
    <p class='ocr_par' dir='ltr' id='par_1_34' title="bbox 228 2062 1728 2138">
     <span class='ocr_line' id='line_1_34' title="bbox 228 2062 1728 2138; baseline 0.004 -24"><span class='ocrx_word' id='word_1_203' title='bbox 228 2062 315 2116; x_wconf 74' lang='grc'><strong>12.</strong></span> <span class='ocrx_word' id='word_1_204' title='bbox 348 2063 648 2137; x_wconf 77' lang='grc' dir='ltr'><strong><em>Ἀγιωτύνη</em></strong></span> <span class='ocrx_word' id='word_1_205' title='bbox 670 2065 762 2119; x_wconf 86' lang='grc' dir='ltr'><strong><em>καὶ</em></strong></span> <span class='ocrx_word' id='word_1_206' title='bbox 786 2065 1227 2136; x_wconf 77' lang='grc' dir='ltr'><strong><em>μεγαλοπρέπεια</em></strong></span> <span class='ocrx_word' id='word_1_207' title='bbox 1251 2068 1307 2119; x_wconf 80' lang='grc' dir='ltr'><strong>ἐν</strong></span> <span class='ocrx_word' id='word_1_208' title='bbox 1332 2067 1408 2138; x_wconf 81' lang='grc' dir='ltr'><strong>τῷ</strong></span> <span class='ocrx_word' id='word_1_209' title='bbox 1432 2068 1728 2138; x_wconf 84' lang='grc' dir='ltr'><em>ἁγιάσματι</em></span> 
     </span>
    </p>
   </div>
   <div class='ocr_carea' id='block_1_35' title="bbox 1816 2061 3403 2138">
    <p class='ocr_par' dir='ltr' id='par_1_35' title="bbox 1901 2061 3403 2137">
     <span class='ocr_line' id='line_1_35' title="bbox 1901 2061 3403 2137; baseline 0.007 -24"><span class='ocrx_word' id='word_1_210' title='bbox 1901 2061 1986 2114; x_wconf 70' lang='grc'><strong>12.</strong></span> <span class='ocrx_word' id='word_1_211' title='bbox 2046 2063 2442 2130; x_wconf 79' lang='lat' dir='ltr'><strong><em>Sanctimonia,</em></strong></span> <span class='ocrx_word' id='word_1_212' title='bbox 2488 2072 2542 2119; x_wconf 92' lang='lat' dir='ltr'><strong><em>et</em></strong></span> <span class='ocrx_word' id='word_1_213' title='bbox 2583 2065 2982 2137; x_wconf 82' lang='lat' dir='ltr'><strong><em>magniﬁcentia</em></strong></span> <span class='ocrx_word' id='word_1_214' title='bbox 3011 2070 3066 2122; x_wconf 90' lang='lat' dir='ltr'><strong><em>in</em></strong></span> <span class='ocrx_word' id='word_1_215' title='bbox 3096 2068 3403 2124; x_wconf 78' lang='lat' dir='ltr'><strong><em>sanctiﬁca-</em></strong></span> 
     </span>
    </p>
   </div>
   <div class='ocr_carea' id='block_1_36' title="bbox 145 2155 1732 2223">
    <p class='ocr_par' dir='ltr' id='par_1_36' title="bbox 145 2155 338 2208">
     <span class='ocr_line' id='line_1_36' title="bbox 145 2155 338 2208; baseline 0.016 -3"><span class='ocrx_word' id='word_1_216' title='bbox 145 2155 338 2208; x_wconf 78' lang='grc' dir='ltr'><strong><em>αὑτοῦ.</em></strong></span> 
     </span>
    </p>
   </div>
   <div class='ocr_carea' id='block_1_37' title="bbox 561 2155 2148 2223">
    <p class='ocr_par' dir='ltr' id='par_1_37' title="bbox 1830 2156 2148 2223">
     <span class='ocr_line' id='line_1_37' title="bbox 1830 2156 2148 2223; baseline 0.009 -17"><span class='ocrx_word' id='word_1_217' title='bbox 1830 2157 1975 2208; x_wconf 81' lang='lat' dir='ltr'><strong><em>tione</em></strong></span> <span class='ocrx_word' id='word_1_218' title='bbox 2010 2156 2148 2223; x_wconf 91' lang='lat' dir='ltr'><strong><em>ejus.</em></strong></span> 
     </span>
    </p>
   </div>
   <div class='ocr_carea' id='block_1_38' title="bbox 1269 2270 2277 2327">
    <p class='ocr_par' dir='ltr' id='par_1_38' title="bbox 1269 2270 2277 2327">
     <span class='ocr_line' id='line_1_38' title="bbox 1269 2270 2277 2327; baseline -0.004 -1"><span class='ocrx_word' id='word_1_219' title='bbox 1269 2271 1646 2327; x_wconf 79' lang='lat' dir='ltr'><strong><em>ATHANASII</em></strong></span> <span class='ocrx_word' id='word_1_220' title='bbox 1695 2270 2277 2325; x_wconf 80' lang='lat' dir='ltr'><strong><em>INTERPRETATIO.</em></strong></span> 
     </span>
    </p>
   </div>
   <div class='ocr_carea' id='block_1_39' title="bbox 231 2360 3402 2442">
    <p class='ocr_par' dir='ltr' id='par_1_39' title="bbox 231 2360 3402 2442">
     <span class='ocr_line' id='line_1_39' title="bbox 231 2360 3402 2442; baseline 0.004 -30"><span class='ocrx_word' id='word_1_221' title='bbox 231 2360 295 2412; x_wconf 86' lang='grc' dir='ltr'>Ἡ</span> <span class='ocrx_word' id='word_1_222' title='bbox 326 2378 658 2432; x_wconf 85' lang='grc' dir='ltr'><em>προκειμενη</em></span> <span class='ocrx_word' id='word_1_223' title='bbox 685 2364 959 2435; x_wconf 77' lang='grc' dir='ltr'><strong><em>ἐπιγραφὴ</em></strong></span> <span class='ocrx_word' id='word_1_224' title='bbox 984 2365 1228 2436; x_wconf 80' lang='grc' dir='ltr'><strong><em>περιέχει</em></strong></span> <span class='ocrx_word' id='word_1_225' title='bbox 1257 2366 1333 2435; x_wconf 85' lang='grc'><strong><em>(1)</em></strong></span> <span class='ocrx_word' id='word_1_226' title='bbox 1362 2386 1374 2398; x_wconf 93' lang='grc'><strong>·</strong></span> <span class='ocrx_word' id='word_1_227' title='bbox 1421 2366 1560 2435; x_wconf 80' lang='grc' dir='ltr'><strong><em>’ῼδὴ</em></strong></span> <span class='ocrx_word' id='word_1_228' title='bbox 1597 2365 1674 2430; x_wconf 85' lang='grc' dir='ltr'><strong>τῷ</strong></span> <span class='ocrx_word' id='word_1_229' title='bbox 1704 2365 1902 2427; x_wconf 81' lang='grc' dir='ltr'><em>Δαϐὶδ,</em></span> <span class='ocrx_word' id='word_1_230' title='bbox 1941 2366 2118 2418; x_wconf 80' lang='grc' dir='ltr'><em>ὁπότε</em></span> <span class='ocrx_word' id='word_1_231' title='bbox 2148 2367 2179 2416; x_wconf 77' lang='grc' dir='ltr'><strong><em>ό</em></strong></span> <span class='ocrx_word' id='word_1_232' title='bbox 2205 2361 2367 2430; x_wconf 76' lang='grc' dir='ltr'><em>οἶκος</em></span> <span class='ocrx_word' id='word_1_233' title='bbox 2400 2365 2748 2434; x_wconf 81' lang='grc' dir='ltr'><strong><em>ᾠκοδομήθη</em></strong></span> <span class='ocrx_word' id='word_1_234' title='bbox 2781 2369 2857 2439; x_wconf 72' lang='grc'><strong><em>(2)</em></strong></span> <span class='ocrx_word' id='word_1_235' title='bbox 2882 2371 3034 2438; x_wconf 85' lang='grc' dir='ltr'><strong>μετὰ</strong></span> <span class='ocrx_word' id='word_1_236' title='bbox 3058 2371 3171 2438; x_wconf 80' lang='grc' dir='ltr'><strong><em>τὴν</em></strong></span> <span class='ocrx_word' id='word_1_237' title='bbox 3190 2375 3402 2442; x_wconf 76' lang='grc' dir='ltr'><em>αἰχμα-</em></span> 
     </span>
    </p>
   </div>
   <div class='ocr_carea' id='block_1_40' title="bbox 139 2456 3396 2532">
    <p class='ocr_par' dir='ltr' id='par_1_40' title="bbox 139 2456 3396 2532">
     <span class='ocr_line' id='line_1_40' title="bbox 139 2456 3396 2532; baseline 0.003 -26"><span class='ocrx_word' id='word_1_238' title='bbox 139 2456 413 2508; x_wconf 69' lang='grc' dir='ltr'><em>λωσιάνο</em></span> <span class='ocrx_word' id='word_1_239' title='bbox 445 2457 844 2526; x_wconf 63' lang='grc' dir='ltr'><em>ἀνεπίγραφος</em></span> <span class='ocrx_word' id='word_1_240' title='bbox 873 2460 1006 2528; x_wconf 81' lang='grc' dir='ltr'><em>παρ’</em></span> <span class='ocrx_word' id='word_1_241' title='bbox 1054 2460 1365 2528; x_wconf 71' lang='grc' dir='ltr'><em>Ἑϐραίοις·</em></span> <span class='ocrx_word' id='word_1_242' title='bbox 1405 2459 1590 2526; x_wconf 64' lang='grc' dir='ltr'><em>σαφῶς</em></span> <span class='ocrx_word' id='word_1_243' title='bbox 1623 2461 1943 2529; x_wconf 80' lang='grc' dir='ltr'><em>εἰρήκαμεν,</em></span> <span class='ocrx_word' id='word_1_244' title='bbox 1977 2460 2057 2510; x_wconf 83' lang='grc' dir='ltr'><strong>ὅτι</strong></span> <span class='ocrx_word' id='word_1_245' title='bbox 2088 2458 2148 2510; x_wconf 79' lang='grc' dir='ltr'><strong>τὸ</strong></span> <span class='ocrx_word' id='word_1_246' title='bbox 2171 2458 2293 2524; x_wconf 81' lang='grc' dir='ltr'><strong><em>ᾠδὴ</em></strong></span> <span class='ocrx_word' id='word_1_247' title='bbox 2323 2457 2402 2523; x_wconf 84' lang='grc' dir='ltr'><strong>τῷ</strong></span> <span class='ocrx_word' id='word_1_248' title='bbox 2428 2459 2603 2512; x_wconf 81' lang='grc' dir='ltr'><em>Δαϐὶδ</em></span> <span class='ocrx_word' id='word_1_249' title='bbox 2633 2460 2712 2525; x_wconf 83' lang='grc' dir='ltr'><strong>τῷ</strong></span> <span class='ocrx_word' id='word_1_250' title='bbox 2755 2461 2938 2527; x_wconf 74' lang='grc' dir='ltr'><em>ἱκανῷ</em></span> <span class='ocrx_word' id='word_1_251' title='bbox 2975 2462 3048 2530; x_wconf 79' lang='grc' dir='ltr'><strong>τῇ</strong></span> <span class='ocrx_word' id='word_1_252' title='bbox 3078 2466 3228 2532; x_wconf 84' lang='grc' dir='ltr'><em>χειρί</em></span> <span class='ocrx_word' id='word_1_253' title='bbox 3261 2468 3396 2530; x_wconf 79' lang='grc' dir='ltr'><em>ἐστι,</em></span> 
     </span>
    </p>
   </div>
   <div class='ocr_carea' id='block_1_41' title="bbox 139 2543 3399 2624">
    <p class='ocr_par' dir='ltr' id='par_1_41' title="bbox 139 2543 3399 2624">
     <span class='ocr_line' id='line_1_41' title="bbox 139 2543 3399 2624; baseline 0.003 -28"><span class='ocrx_word' id='word_1_254' title='bbox 139 2546 392 2599; x_wconf 80' lang='grc' dir='ltr'><strong>τουτέστι</strong></span> <span class='ocrx_word' id='word_1_255' title='bbox 434 2547 511 2616; x_wconf 82' lang='grc' dir='ltr'><strong>τῷ</strong></span> <span class='ocrx_word' id='word_1_256' title='bbox 556 2551 833 2618; x_wconf 85' lang='grc' dir='ltr'><em>μονογενεῖ</em></span> <span class='ocrx_word' id='word_1_257' title='bbox 867 2547 978 2617; x_wconf 75' lang='grc' dir='ltr'><strong><em>Υἱῷ</em></strong></span> <span class='ocrx_word' id='word_1_258' title='bbox 1008 2545 1097 2599; x_wconf 84' lang='grc' dir='ltr'><strong><em>τοῦ</em></strong></span> <span class='ocrx_word' id='word_1_259' title='bbox 1129 2547 1281 2598; x_wconf 76' lang='grc' dir='ltr'><strong>Θεοῦ.</strong></span> <span class='ocrx_word' id='word_1_260' title='bbox 1319 2543 1471 2609; x_wconf 76' lang='grc' dir='ltr'><em>Εἶτα,</em></span> <span class='ocrx_word' id='word_1_261' title='bbox 1509 2548 1686 2600; x_wconf 74' lang='grc' dir='ltr'><strong>ὁπότε</strong></span> <span class='ocrx_word' id='word_1_262' title='bbox 1735 2550 1766 2600; x_wconf 81' lang='grc' dir='ltr'><strong><em>ό</em></strong></span> <span class='ocrx_word' id='word_1_263' title='bbox 1797 2543 1960 2612; x_wconf 76' lang='grc' dir='ltr'><em>οἶκος</em></span> <span class='ocrx_word' id='word_1_264' title='bbox 1992 2545 2360 2614; x_wconf 76' lang='grc' dir='ltr'><strong><em>ᾠκοδομήθη,</em></strong></span> <span class='ocrx_word' id='word_1_265' title='bbox 2419 2547 2616 2600; x_wconf 78' lang='grc' dir='ltr'><em>ὡσανεὶ</em></span> <span class='ocrx_word' id='word_1_266' title='bbox 2657 2550 2704 2600; x_wconf 77' lang='grc' dir='ltr'><em>οἱ</em></span> <span class='ocrx_word' id='word_1_267' title='bbox 2749 2552 2927 2604; x_wconf 76' lang='grc' dir='ltr'><em>πιστοὶ</em></span> <span class='ocrx_word' id='word_1_268' title='bbox 2975 2551 3399 2624; x_wconf 75' lang='grc' dir='ltr'><em>ᾡκοδομήθησαν</em></span> 
     </span>
    </p>
   </div>
   <div class='ocr_carea' id='block_1_42' title="bbox 137 2633 3400 2717">
    <p class='ocr_par' dir='ltr' id='par_1_42' title="bbox 137 2633 3400 2717">
     <span class='ocr_line' id='line_1_42' title="bbox 137 2633 3400 2717; baseline 0.002 -25"><span class='ocrx_word' id='word_1_269' title='bbox 137 2641 250 2694; x_wconf 77' lang='grc' dir='ltr'><strong><em>ὑπὸ</em></strong></span> <span class='ocrx_word' id='word_1_270' title='bbox 279 2641 374 2694; x_wconf 84' lang='grc' dir='ltr'><strong><em>τοῦ</em></strong></span> <span class='ocrx_word' id='word_1_271' title='bbox 413 2645 636 2714; x_wconf 78' lang='grc' dir='ltr'><strong><em>Κυρίου,</em></strong></span> <span class='ocrx_word' id='word_1_272' title='bbox 667 2642 847 2704; x_wconf 80' lang='grc' dir='ltr'>καθὼς</span> <span class='ocrx_word' id='word_1_273' title='bbox 893 2643 920 2693; x_wconf 87' lang='grc' dir='ltr'>ὁ</span> <span class='ocrx_word' id='word_1_274' title='bbox 955 2641 1272 2704; x_wconf 75' lang='grc' dir='ltr'><strong><em>’Λπόστολος</em></strong></span> <span class='ocrx_word' id='word_1_275' title='bbox 1304 2641 1452 2708; x_wconf 77' lang='grc' dir='ltr'><strong>λέγει</strong></span> <span class='ocrx_word' id='word_1_276' title='bbox 1490 2643 1585 2710; x_wconf 69' lang='grc'><strong><em>(5)·</em></strong></span> <span class='ocrx_word' id='word_1_277' title='bbox 1634 2641 1848 2708; x_wconf 86' lang='grc' dir='ltr'><em>Χριστὲ</em></span> <span class='ocrx_word' id='word_1_278' title='bbox 1893 2640 1961 2693; x_wconf 89' lang='grc' dir='ltr'><em>δὲ</em></span> <span class='ocrx_word' id='word_1_279' title='bbox 1994 2641 2089 2692; x_wconf 80' lang='grc' dir='ltr'><strong><em>ἐπὶ</em></strong></span> <span class='ocrx_word' id='word_1_280' title='bbox 2129 2641 2234 2692; x_wconf 72' lang='grc' dir='ltr'><strong><em>τὸν</em></strong></span> <span class='ocrx_word' id='word_1_281' title='bbox 2267 2633 2435 2692; x_wconf 75' lang='grc' dir='ltr'><em>οἷκον</em></span> <span class='ocrx_word' id='word_1_282' title='bbox 2459 2641 2665 2702; x_wconf 81' lang='grc' dir='ltr'><em>αὑτοῦ,</em></span> <span class='ocrx_word' id='word_1_283' title='bbox 2701 2639 2772 2698; x_wconf 86' lang='grc' dir='ltr'><em>οὗ</em></span> <span class='ocrx_word' id='word_1_284' title='bbox 2808 2645 2971 2710; x_wconf 74' lang='grc' dir='ltr'><em>οἶκος</em></span> <span class='ocrx_word' id='word_1_285' title='bbox 3015 2648 3182 2714; x_wconf 73' lang='grc' dir='ltr'><em>ἡμεῖς</em></span> <span class='ocrx_word' id='word_1_286' title='bbox 3213 2649 3400 2717; x_wconf 77' lang='grc' dir='ltr'><em>ἐσμεν</em></span> 
     </span>
    </p>
   </div>
   <div class='ocr_carea' id='block_1_43' title="bbox 133 2731 3395 2812">
    <p class='ocr_par' dir='ltr' id='par_1_43' title="bbox 133 2731 3395 2812">
     <span class='ocr_line' id='line_1_43' title="bbox 133 2731 3395 2812; baseline 0.002 -24"><span class='ocrx_word' id='word_1_287' title='bbox 133 2736 401 2809; x_wconf 77' lang='grc' dir='ltr'><strong><em>[Χριστὸς</em></strong></span> <span class='ocrx_word' id='word_1_288' title='bbox 440 2739 495 2789; x_wconf 77' lang='grc' dir='ltr'><em>δὲ</em></span> <span class='ocrx_word' id='word_1_289' title='bbox 543 2739 617 2799; x_wconf 84' lang='grc' dir='ltr'><strong><em>ὡς</em></strong></span> <span class='ocrx_word' id='word_1_290' title='bbox 654 2738 766 2799; x_wconf 76' lang='grc' dir='ltr'><em>υζδς</em></span> <span class='ocrx_word' id='word_1_291' title='bbox 802 2739 893 2789; x_wconf 79' lang='grc' dir='ltr'><strong><em>ἐπὶ</em></strong></span> <span class='ocrx_word' id='word_1_292' title='bbox 926 2738 1014 2790; x_wconf 78' lang='grc' dir='ltr'><strong><em>τὸν</em></strong></span> <span class='ocrx_word' id='word_1_293' title='bbox 1049 2733 1194 2790; x_wconf 79' lang='grc' dir='ltr'><em>οἷκον</em></span> <span class='ocrx_word' id='word_1_294' title='bbox 1222 2739 1386 2788; x_wconf 76' lang='grc' dir='ltr'><em>αὑτοῦ</em></span> <span class='ocrx_word' id='word_1_295' title='bbox 1409 2755 1422 2767; x_wconf 75' lang='grc' dir='ltr'><strong><em>ο</em></strong></span> <span class='ocrx_word' id='word_1_296' title='bbox 1453 2733 1511 2790; x_wconf 72' lang='grc' dir='ltr'><em>οὗ</em></span> <span class='ocrx_word' id='word_1_297' title='bbox 1542 2734 1687 2799; x_wconf 81' lang='grc' dir='ltr'><strong><em>οἶκός</em></strong></span> <span class='ocrx_word' id='word_1_298' title='bbox 1722 2739 1886 2807; x_wconf 85' lang='grc' dir='ltr'><em>ἐσμεν</em></span> <span class='ocrx_word' id='word_1_299' title='bbox 1917 2735 2117 2805; x_wconf 74' lang='grc' dir='ltr'><strong>ὑμεῖς].</strong></span> <span class='ocrx_word' id='word_1_300' title='bbox 2165 2731 2319 2799; x_wconf 82' lang='grc' dir='ltr'><em>Εἶτα,</em></span> <span class='ocrx_word' id='word_1_301' title='bbox 2347 2734 2495 2804; x_wconf 85' lang='grc' dir='ltr'><strong>μετὰ</strong></span> <span class='ocrx_word' id='word_1_302' title='bbox 2528 2733 2642 2802; x_wconf 76' lang='grc' dir='ltr'><strong><em>τὴν</em></strong></span> <span class='ocrx_word' id='word_1_303' title='bbox 2666 2739 3097 2807; x_wconf 63' lang='grc' dir='ltr'><em>αἰχμαλωσίαν,</em></span> <span class='ocrx_word' id='word_1_304' title='bbox 3129 2741 3268 2812; x_wconf 70' lang='grc' dir='ltr'><em>φημὶ</em></span> <span class='ocrx_word' id='word_1_305' title='bbox 3300 2760 3395 2812; x_wconf 62' lang='grc' dir='ltr'><strong><em>με-</em></strong></span> 
     </span>
    </p>
   </div>
   <div class='ocr_carea' id='block_1_44' title="bbox 130 2827 3393 2904">
    <p class='ocr_par' dir='ltr' id='par_1_44' title="bbox 130 2827 3393 2904">
     <span class='ocr_line' id='line_1_44' title="bbox 130 2827 3393 2904; baseline 0.001 -21"><span class='ocrx_word' id='word_1_306' title='bbox 130 2832 205 2883; x_wconf 73' lang='grc' dir='ltr'><em>τά</em></span> <span class='ocrx_word' id='word_1_307' title='bbox 237 2831 334 2901; x_wconf 82' lang='grc' dir='ltr'><strong><em>τὴν</em></strong></span> <span class='ocrx_word' id='word_1_308' title='bbox 371 2831 462 2883; x_wconf 76' lang='grc' dir='ltr'><strong><em>τοῦ</em></strong></span> <span class='ocrx_word' id='word_1_309' title='bbox 494 2831 688 2902; x_wconf 79' lang='grc' dir='ltr'><strong><em>ἐχθροῦ</em></strong></span> <span class='ocrx_word' id='word_1_310' title='bbox 713 2831 1103 2901; x_wconf 72' lang='grc' dir='ltr'><em>αἰχμαλωσίαν,</em></span> <span class='ocrx_word' id='word_1_311' title='bbox 1134 2834 1198 2902; x_wconf 81' lang='grc' dir='ltr'><strong><em>ἣν</em></strong></span> <span class='ocrx_word' id='word_1_312' title='bbox 1229 2830 1672 2904; x_wconf 70' lang='grc' dir='ltr'><strong><em>ἐξῃχμαλώτευσε</em></strong></span> <span class='ocrx_word' id='word_1_313' title='bbox 1709 2833 1782 2900; x_wconf 76' lang='grc'><strong><em>(4)</em></strong></span> <span class='ocrx_word' id='word_1_314' title='bbox 1812 2833 1869 2884; x_wconf 81' lang='grc' dir='ltr'><strong>τὸ</strong></span> <span class='ocrx_word' id='word_1_315' title='bbox 1893 2827 2048 2896; x_wconf 67' lang='grc' dir='ltr'><strong>γένος</strong></span> <span class='ocrx_word' id='word_1_316' title='bbox 2081 2831 2186 2882; x_wconf 90' lang='grc' dir='ltr'><strong>τῶν</strong></span> <span class='ocrx_word' id='word_1_317' title='bbox 2215 2829 2538 2899; x_wconf 81' lang='grc' dir='ltr'><strong><em>ἀνθρώπων,</em></strong></span> <span class='ocrx_word' id='word_1_318' title='bbox 2565 2831 2684 2884; x_wconf 85' lang='grc' dir='ltr'><strong>τότε</strong></span> <span class='ocrx_word' id='word_1_319' title='bbox 2730 2831 3078 2901; x_wconf 78' lang='grc' dir='ltr'><em>ᾠκοδομήθη</em></span> <span class='ocrx_word' id='word_1_320' title='bbox 3126 2836 3157 2887; x_wconf 85' lang='grc' dir='ltr'><em>ό</em></span> <span class='ocrx_word' id='word_1_321' title='bbox 3209 2830 3393 2900; x_wconf 69' lang='grc' dir='ltr'><em>οἶκος,</em></span> 
     </span>
    </p>
   </div>
   <div class='ocr_carea' id='block_1_45' title="bbox 130 2922 3387 2999">
    <p class='ocr_par' dir='ltr' id='par_1_45' title="bbox 130 2922 3387 2999">
     <span class='ocr_line' id='line_1_45' title="bbox 130 2922 3387 2999; baseline 0.002 -24"><span class='ocrx_word' id='word_1_322' title='bbox 130 2928 188 2976; x_wconf 81' lang='grc' dir='ltr'><em>οἱ</em></span> <span class='ocrx_word' id='word_1_323' title='bbox 215 2923 437 2986; x_wconf 69' lang='grc' dir='ltr'><em>πιστοὶ,</em></span> <span class='ocrx_word' id='word_1_324' title='bbox 471 2924 546 2987; x_wconf 81' lang='grc' dir='ltr'><strong><em>ὡς</em></strong></span> <span class='ocrx_word' id='word_1_325' title='bbox 571 2932 974 2997; x_wconf 74' lang='grc' dir='ltr'><strong><em>προειρήκαμεν</em></strong></span> <span class='ocrx_word' id='word_1_326' title='bbox 999 2944 1012 2957; x_wconf 71' lang='grc' dir='ltr'><strong>ο</strong></span> <span class='ocrx_word' id='word_1_327' title='bbox 1044 2922 1159 2978; x_wconf 79' lang='grc' dir='ltr'><strong>εἶτα</strong></span> <span class='ocrx_word' id='word_1_328' title='bbox 1191 2925 1372 2977; x_wconf 62' lang='grc' dir='ltr'><em>λοιπὸν</em></span> <span class='ocrx_word' id='word_1_329' title='bbox 1407 2927 1812 2995; x_wconf 71' lang='grc' dir='ltr'><em>ἀνεπίγραφος</em></span> <span class='ocrx_word' id='word_1_330' title='bbox 1836 2926 1969 2993; x_wconf 75' lang='grc' dir='ltr'><em>παρ’</em></span> <span class='ocrx_word' id='word_1_331' title='bbox 2012 2926 2308 2993; x_wconf 79' lang='grc' dir='ltr'><em>Ἑϐραίοις.</em></span> <span class='ocrx_word' id='word_1_332' title='bbox 2335 2925 2412 2978; x_wconf 76' lang='grc' dir='ltr'>Τὰ</span> <span class='ocrx_word' id='word_1_333' title='bbox 2437 2929 2545 2997; x_wconf 62' lang='grc' dir='ltr'><strong><em>γὰρ</em></strong></span> <span class='ocrx_word' id='word_1_334' title='bbox 2572 2927 2626 2977; x_wconf 84' lang='grc' dir='ltr'><strong><em>ὲν</em></strong></span> <span class='ocrx_word' id='word_1_335' title='bbox 2648 2927 2794 2996; x_wconf 83' lang='grc' dir='ltr'><strong><em>αὐτῷ</em></strong></span> <span class='ocrx_word' id='word_1_336' title='bbox 2825 2929 3115 2998; x_wconf 82' lang='grc' dir='ltr'><strong>ἐγκείμενα</strong></span> <span class='ocrx_word' id='word_1_337' title='bbox 3148 2931 3245 2982; x_wconf 71' lang='grc' dir='ltr'><strong><em>οὐκ</em></strong></span> <span class='ocrx_word' id='word_1_338' title='bbox 3268 2931 3387 2999; x_wconf 56' lang='lat' dir='ltr'><strong><em>nite</em></strong></span> 
     </span>
    </p>
   </div>
   <div class='ocr_carea' id='block_1_46' title="bbox 132 3012 3212 3088">
    <p class='ocr_par' dir='ltr' id='par_1_46' title="bbox 132 3012 3212 3088">
     <span class='ocr_line' id='line_1_46' title="bbox 132 3012 3212 3088; baseline 0.002 -26"><span class='ocrx_word' id='word_1_339' title='bbox 132 3012 308 3082; x_wconf 81' lang='grc' dir='ltr'><em>λησαν</em></span> <span class='ocrx_word' id='word_1_340' title='bbox 345 3012 554 3082; x_wconf 79' lang='grc' dir='ltr'><em>νοῆσαι,</em></span> <span class='ocrx_word' id='word_1_341' title='bbox 585 3014 660 3077; x_wconf 81' lang='grc' dir='ltr'><strong><em>ὡς</em></strong></span> <span class='ocrx_word' id='word_1_342' title='bbox 695 3015 768 3084; x_wconf 79' lang='grc' dir='ltr'><em>μὴ</em></span> <span class='ocrx_word' id='word_1_343' title='bbox 797 3015 1007 3084; x_wconf 75' lang='grc' dir='ltr'><strong>ἔχοντες</strong></span> <span class='ocrx_word' id='word_1_344' title='bbox 1035 3017 1194 3069; x_wconf 71' lang='grc' dir='ltr'><strong>αὑτὸν</strong></span> <span class='ocrx_word' id='word_1_345' title='bbox 1223 3016 1532 3086; x_wconf 70' lang='grc' dir='ltr'><strong><em>ἐγγράφως.</em></strong></span> <span class='ocrx_word' id='word_1_346' title='bbox 1568 3018 1657 3070; x_wconf 78' lang='grc' dir='ltr'><strong><em>Διὸ</em></strong></span> <span class='ocrx_word' id='word_1_347' title='bbox 1683 3017 1860 3080; x_wconf 77' lang='grc' dir='ltr'><em>καλῶς</em></span> <span class='ocrx_word' id='word_1_348' title='bbox 1889 3019 2290 3088; x_wconf 77' lang='grc' dir='ltr'><strong>ἐπιγέγραπται</strong></span> <span class='ocrx_word' id='word_1_349' title='bbox 2316 3017 2715 3087; x_wconf 58' lang='grc' dir='ltr'><em>ἀνεπίγραφος</em></span> <span class='ocrx_word' id='word_1_350' title='bbox 2740 3016 2873 3082; x_wconf 76' lang='grc' dir='ltr'><em>παρ’</em></span> <span class='ocrx_word' id='word_1_351' title='bbox 2911 3017 3212 3083; x_wconf 80' lang='grc' dir='ltr'><em>Ἑϐραίοις.</em></span> 
     </span>
    </p>
   </div>
   <div class='ocr_carea' id='block_1_47' title="bbox 208 3094 3390 3180">
    <p class='ocr_par' dir='ltr' id='par_1_47' title="bbox 208 3094 3390 3180">
     <span class='ocr_line' id='line_1_47' title="bbox 208 3094 3390 3180; baseline 0.002 -24"><span class='ocrx_word' id='word_1_352' title='bbox 208 3103 422 3158; x_wconf 82' lang='lat' dir='ltr'><strong><em>Titulus</em></strong></span> <span class='ocrx_word' id='word_1_353' title='bbox 462 3121 494 3174; x_wconf 91' lang='lat' dir='ltr'><strong><em>p</em></strong></span> <span class='ocrx_word' id='word_1_354' title='bbox 525 3109 779 3177; x_wconf 58' lang='lat' dir='ltr'><strong><em>sepositus</em></strong></span> <span class='ocrx_word' id='word_1_355' title='bbox 796 3110 1035 3164; x_wconf 87' lang='lat' dir='ltr'><strong><em>continet</em></strong></span> <span class='ocrx_word' id='word_1_356' title='bbox 1064 3129 1075 3164; x_wconf 90' lang='lat'>:</span> <span class='ocrx_word' id='word_1_357' title='bbox 1119 3110 1397 3164; x_wconf 82' lang='lat' dir='ltr'><strong><em>Canticum</em></strong></span> <span class='ocrx_word' id='word_1_358' title='bbox 1430 3109 1616 3168; x_wconf 74' lang='lat' dir='ltr'><strong><em>David,</em></strong></span> <span class='ocrx_word' id='word_1_359' title='bbox 1651 3114 1862 3180; x_wconf 78' lang='lat' dir='ltr'><strong><em>quando</em></strong></span> <span class='ocrx_word' id='word_1_360' title='bbox 1907 3113 2092 3163; x_wconf 81' lang='lat' dir='ltr'><strong><em>domus</em></strong></span> <span class='ocrx_word' id='word_1_361' title='bbox 2118 3113 2380 3177; x_wconf 76' lang='lat' dir='ltr'><strong><em>wdi/icata</em></strong></span> <span class='ocrx_word' id='word_1_362' title='bbox 2402 3125 2476 3164; x_wconf 88' lang='lat' dir='ltr'><strong><em>est</em></strong></span> <span class='ocrx_word' id='word_1_363' title='bbox 2513 3123 2629 3178; x_wconf 87' lang='lat' dir='ltr'><strong><em>post</em></strong></span> <span class='ocrx_word' id='word_1_364' title='bbox 2663 3128 2737 3175; x_wconf 78' lang='lat' dir='ltr'><strong><em>ca,</em></strong></span> <span class='ocrx_word' id='word_1_365' title='bbox 2763 3112 3016 3163; x_wconf 71' lang='lat' dir='ltr'><strong><em>ticitutem</em></strong></span> <span class='ocrx_word' id='word_1_366' title='bbox 3043 3127 3060 3163; x_wconf 92' lang='lat'><em>:</em></span> <span class='ocrx_word' id='word_1_367' title='bbox 3095 3115 3204 3164; x_wconf 82' lang='lat' dir='ltr'><strong><em>sine</em></strong></span> <span class='ocrx_word' id='word_1_368' title='bbox 3235 3094 3390 3163; x_wconf 71' lang='lat' dir='ltr'><strong><em>tilulo</em></strong></span> 
     </span>
    </p>
   </div>
   <div class='ocr_carea' id='block_1_48' title="bbox 133 3198 3388 3272">
    <p class='ocr_par' dir='ltr' id='par_1_48' title="bbox 133 3198 3388 3272">
     <span class='ocr_line' id='line_1_48' title="bbox 133 3198 3388 3272; baseline 0.002 -24"><span class='ocrx_word' id='word_1_369' title='bbox 133 3198 278 3264; x_wconf 79' lang='lat' dir='ltr'><strong><em>apud</em></strong></span> <span class='ocrx_word' id='word_1_370' title='bbox 326 3198 614 3254; x_wconf 74' lang='lat' dir='ltr'><strong><em>llebrteos:</em></strong></span> <span class='ocrx_word' id='word_1_371' title='bbox 650 3202 848 3255; x_wconf 78' lang='lat' dir='ltr'><strong><em>diserte</em></strong></span> <span class='ocrx_word' id='word_1_372' title='bbox 878 3204 1140 3264; x_wconf 75' lang='lat' dir='ltr'><strong><em>diximus,</em></strong></span> <span class='ocrx_word' id='word_1_373' title='bbox 1178 3205 1318 3271; x_wconf 86' lang='lat' dir='ltr'><strong><em>quod</em></strong></span> <span class='ocrx_word' id='word_1_374' title='bbox 1358 3204 1632 3256; x_wconf 76' lang='lat' dir='ltr'><strong><em>Canticum</em></strong></span> <span class='ocrx_word' id='word_1_375' title='bbox 1673 3204 1841 3257; x_wconf 81' lang='lat' dir='ltr'><strong><em>David</em></strong></span> <span class='ocrx_word' id='word_1_376' title='bbox 1884 3203 2023 3255; x_wconf 85' lang='lat' dir='ltr'><strong><em>idem</em></strong></span> <span class='ocrx_word' id='word_1_377' title='bbox 2069 3216 2149 3255; x_wconf 74' lang='grc' dir='ltr'><strong><em>«ει</em></strong></span> <span class='ocrx_word' id='word_1_378' title='bbox 2190 3217 2252 3254; x_wconf 91' lang='lat' dir='ltr'><strong><em>ac</em></strong></span> <span class='ocrx_word' id='word_1_379' title='bbox 2297 3217 2455 3252; x_wconf 73' lang='lat' dir='ltr'><strong><em>manu</em></strong></span> <span class='ocrx_word' id='word_1_380' title='bbox 2496 3202 2646 3270; x_wconf 79' lang='lat' dir='ltr'><strong><em>forti,</em></strong></span> <span class='ocrx_word' id='word_1_381' title='bbox 2685 3204 2784 3255; x_wconf 87' lang='lat' dir='ltr'><strong><em>hoc</em></strong></span> <span class='ocrx_word' id='word_1_382' title='bbox 2827 3214 2907 3256; x_wconf 73' lang='lat' dir='ltr'><strong><em>est</em></strong></span> <span class='ocrx_word' id='word_1_383' title='bbox 2961 3201 3098 3272; x_wconf 51' lang='lat' dir='ltr'><strong><em>Unig</em></strong></span> <span class='ocrx_word' id='word_1_384' title='bbox 3137 3204 3250 3256; x_wconf 89' lang='lat' dir='ltr'><strong><em>nito</em></strong></span> <span class='ocrx_word' id='word_1_385' title='bbox 3294 3203 3388 3258; x_wconf 84' lang='lat' dir='ltr'><strong><em>Dei</em></strong></span> 
     </span>
    </p>
   </div>
   <div class='ocr_carea' id='block_1_49' title="bbox 131 3287 3387 3362">
    <p class='ocr_par' dir='ltr' id='par_1_49' title="bbox 131 3287 3387 3362">
     <span class='ocr_line' id='line_1_49' title="bbox 131 3287 3387 3362; baseline 0.003 -22"><span class='ocrx_word' id='word_1_386' title='bbox 131 3288 294 3341; x_wconf 80' lang='lat' dir='ltr'><strong><em>Filio.</em></strong></span> <span class='ocrx_word' id='word_1_387' title='bbox 333 3287 549 3352; x_wconf 69' lang='lat' dir='ltr'><strong><em>Deinde,</em></strong></span> <span class='ocrx_word' id='word_1_388' title='bbox 579 3291 789 3359; x_wconf 80' lang='lat' dir='ltr'><strong><em>quando</em></strong></span> <span class='ocrx_word' id='word_1_389' title='bbox 816 3292 1004 3344; x_wconf 84' lang='lat' dir='ltr'><strong><em>domus</em></strong></span> <span class='ocrx_word' id='word_1_390' title='bbox 1038 3293 1304 3361; x_wconf 67' lang='lat' dir='ltr'><strong><em>ludiﬁcata</em></strong></span> <span class='ocrx_word' id='word_1_391' title='bbox 1336 3302 1431 3358; x_wconf 86' lang='lat' dir='ltr'><strong><em>est,</em></strong></span> <span class='ocrx_word' id='word_1_392' title='bbox 1465 3294 1709 3345; x_wconf 81' lang='lat' dir='ltr'><strong><em>videlicet</em></strong></span> <span class='ocrx_word' id='word_1_393' title='bbox 1748 3308 1871 3345; x_wconf 89' lang='lat' dir='ltr'><strong><em>cum</em></strong></span> <span class='ocrx_word' id='word_1_394' title='bbox 1907 3291 2091 3345; x_wconf 85' lang='lat' dir='ltr'><strong><em>lideles</em></strong></span> <span class='ocrx_word' id='word_1_395' title='bbox 2124 3290 2370 3343; x_wconf 72' lang='lat' dir='ltr'><strong><em>:mliticati</em></strong></span> <span class='ocrx_word' id='word_1_396' title='bbox 2406 3303 2534 3344; x_wconf 87' lang='lat' dir='ltr'><strong><em>sunt</em></strong></span> <span class='ocrx_word' id='word_1_397' title='bbox 2563 3294 2593 3344; x_wconf 57' lang='grc' dir='ltr'><em>ἃ</em></span> <span class='ocrx_word' id='word_1_398' title='bbox 2642 3291 2894 3355; x_wconf 81' lang='lat' dir='ltr'><strong><em>Domino,</em></strong></span> <span class='ocrx_word' id='word_1_399' title='bbox 2926 3310 2995 3362; x_wconf 90' lang='lat' dir='ltr'><strong><em>qn</em></strong></span> <span class='ocrx_word' id='word_1_400' title='bbox 3037 3297 3387 3351; x_wconf 73' lang='lat' dir='ltr'><strong><em>nmlmodnm</em></strong></span> 
     </span>
    </p>
   </div>
   <div class='ocr_carea' id='block_1_50' title="bbox 128 3385 3388 3460">
    <p class='ocr_par' dir='ltr' id='par_1_50' title="bbox 128 3385 3388 3460">
     <span class='ocr_line' id='line_1_50' title="bbox 128 3385 3388 3460; baseline 0.002 -22"><span class='ocrx_word' id='word_1_401' title='bbox 128 3387 426 3455; x_wconf 62' lang='lat' dir='ltr'><strong><em>Apostolus</em></strong></span> <span class='ocrx_word' id='word_1_402' title='bbox 468 3389 597 3441; x_wconf 89' lang='lat' dir='ltr'><strong><em>dicit</em></strong></span> <span class='ocrx_word' id='word_1_403' title='bbox 627 3407 638 3441; x_wconf 93' lang='lat'><strong>:</strong></span> <span class='ocrx_word' id='word_1_404' title='bbox 675 3385 945 3459; x_wconf 66' lang='lat' dir='ltr'><strong><em>[Christus</em></strong></span> <span class='ocrx_word' id='word_1_405' title='bbox 981 3406 1098 3443; x_wconf 81' lang='lat' dir='ltr'><strong><em>vero</em></strong></span> <span class='ocrx_word' id='word_1_406' title='bbox 1133 3402 1386 3459; x_wconf 86' lang='lat' dir='ltr'><strong><em>tanquam</em></strong></span> <span class='ocrx_word' id='word_1_407' title='bbox 1423 3391 1568 3458; x_wconf 83' lang='lat' dir='ltr'><strong><em>ﬁlius</em></strong></span> <span class='ocrx_word' id='word_1_408' title='bbox 1616 3391 1668 3441; x_wconf 91' lang='lat' dir='ltr'><strong><em>in</em></strong></span> <span class='ocrx_word' id='word_1_409' title='bbox 1718 3389 1870 3442; x_wconf 83' lang='lat' dir='ltr'><strong><em>domo</em></strong></span> <span class='ocrx_word' id='word_1_410' title='bbox 1925 3405 2019 3440; x_wconf 86' lang='lat' dir='ltr'><strong><em>sua</em></strong></span> <span class='ocrx_word' id='word_1_411' title='bbox 2047 3403 2065 3440; x_wconf 90' lang='lat'><strong><em>:</em></strong></span> <span class='ocrx_word' id='word_1_412' title='bbox 2095 3405 2209 3458; x_wconf 83' lang='lat' dir='ltr'><strong><em>qua:</em></strong></span> <span class='ocrx_word' id='word_1_413' title='bbox 2242 3389 2428 3440; x_wconf 80' lang='lat' dir='ltr'><strong><em>domus</em></strong></span> <span class='ocrx_word' id='word_1_414' title='bbox 2469 3404 2650 3441; x_wconf 85' lang='lat' dir='ltr'><strong><em>smnus</em></strong></span> <span class='ocrx_word' id='word_1_415' title='bbox 2687 3387 2826 3460; x_wconf 86' lang='lat' dir='ltr'><strong><em>nos.]</em></strong></span> <span class='ocrx_word' id='word_1_416' title='bbox 2881 3390 3122 3444; x_wconf 76' lang='lat' dir='ltr'><strong><em>Christus</em></strong></span> <span class='ocrx_word' id='word_1_417' title='bbox 3158 3408 3274 3445; x_wconf 74' lang='lat' dir='ltr'><strong><em>vero</em></strong></span> <span class='ocrx_word' id='word_1_418' title='bbox 3333 3393 3388 3449; x_wconf 83' lang='lat' dir='ltr'><strong><em>in.</em></strong></span> 
     </span>
    </p>
   </div>
   <div class='ocr_carea' id='block_1_51' title="bbox 125 3478 3383 3552">
    <p class='ocr_par' dir='ltr' id='par_1_51' title="bbox 125 3478 3383 3552">
     <span class='ocr_line' id='line_1_51' title="bbox 125 3478 3383 3552; baseline 0.003 -26"><span class='ocrx_word' id='word_1_419' title='bbox 125 3478 287 3529; x_wconf 84' lang='lat' dir='ltr'><strong><em>domo</em></strong></span> <span class='ocrx_word' id='word_1_420' title='bbox 319 3494 440 3539; x_wconf 87' lang='lat' dir='ltr'><strong><em>sua,</em></strong></span> <span class='ocrx_word' id='word_1_421' title='bbox 469 3479 618 3546; x_wconf 83' lang='lat' dir='ltr'><strong><em>cujus</em></strong></span> <span class='ocrx_word' id='word_1_422' title='bbox 648 3479 834 3531; x_wconf 87' lang='lat' dir='ltr'><strong><em>domus</em></strong></span> <span class='ocrx_word' id='word_1_423' title='bbox 877 3496 968 3532; x_wconf 91' lang='lat' dir='ltr'><strong><em>nos</em></strong></span> <span class='ocrx_word' id='word_1_424' title='bbox 1003 3497 1183 3534; x_wconf 90' lang='lat' dir='ltr'><strong><em>sumus</em></strong></span> <span class='ocrx_word' id='word_1_425' title='bbox 1211 3484 1272 3533; x_wconf 82' lang='lat'><strong>&quot;.</strong></span> <span class='ocrx_word' id='word_1_426' title='bbox 1325 3481 1524 3534; x_wconf 84' lang='lat' dir='ltr'><strong><em>Deinde</em></strong></span> <span class='ocrx_word' id='word_1_427' title='bbox 1561 3491 1676 3549; x_wconf 87' lang='lat' dir='ltr'><strong><em>post</em></strong></span> <span class='ocrx_word' id='word_1_428' title='bbox 1718 3481 2098 3547; x_wconf 70' lang='lat' dir='ltr'><strong><em>captivitatem,</em></strong></span> <span class='ocrx_word' id='word_1_429' title='bbox 2149 3490 2270 3550; x_wconf 92' lang='lat' dir='ltr'><strong><em>post</em></strong></span> <span class='ocrx_word' id='word_1_430' title='bbox 2314 3479 2705 3548; x_wconf 83' lang='lat' dir='ltr'><strong><em>captivitatem,</em></strong></span> <span class='ocrx_word' id='word_1_431' title='bbox 2744 3479 2986 3549; x_wconf 72' lang='lat' dir='ltr'><strong><em>inquam,</em></strong></span> <span class='ocrx_word' id='word_1_432' title='bbox 3021 3482 3245 3548; x_wconf 90' lang='lat' dir='ltr'><strong><em>inimici,</em></strong></span> <span class='ocrx_word' id='word_1_433' title='bbox 3276 3498 3383 3552; x_wconf 77' lang='lat' dir='ltr'><strong><em>qua</em></strong></span> 
     </span>
    </p>
   </div>
   <div class='ocr_carea' id='block_1_52' title="bbox 130 3570 3383 3641">
    <p class='ocr_par' dir='ltr' id='par_1_52' title="bbox 130 3570 3383 3641">
     <span class='ocr_line' id='line_1_52' title="bbox 130 3570 3383 3641; baseline 0.002 -17"><span class='ocrx_word' id='word_1_434' title='bbox 130 3570 406 3638; x_wconf 85' lang='lat' dir='ltr'><strong><em>captivum</em></strong></span> <span class='ocrx_word' id='word_1_435' title='bbox 455 3570 608 3623; x_wconf 79' lang='lat' dir='ltr'><strong><em>duxit</em></strong></span> <span class='ocrx_word' id='word_1_436' title='bbox 643 3586 814 3638; x_wconf 77' lang='lat' dir='ltr'><strong><em>genus</em></strong></span> <span class='ocrx_word' id='word_1_437' title='bbox 865 3571 1181 3635; x_wconf 85' lang='lat' dir='ltr'><strong><em>humanum,</em></strong></span> <span class='ocrx_word' id='word_1_438' title='bbox 1218 3583 1350 3624; x_wconf 86' lang='lat' dir='ltr'><strong><em>tunc</em></strong></span> <span class='ocrx_word' id='word_1_439' title='bbox 1407 3573 1674 3634; x_wconf 63' lang='lat' dir='ltr'><strong><em>cedi/irata</em></strong></span> <span class='ocrx_word' id='word_1_440' title='bbox 1713 3582 1790 3624; x_wconf 81' lang='lat' dir='ltr'><strong><em>est</em></strong></span> <span class='ocrx_word' id='word_1_441' title='bbox 1843 3572 2053 3633; x_wconf 86' lang='lat' dir='ltr'><strong><em>domus,</em></strong></span> <span class='ocrx_word' id='word_1_442' title='bbox 2102 3572 2206 3625; x_wconf 87' lang='lat' dir='ltr'><strong><em>huc</em></strong></span> <span class='ocrx_word' id='word_1_443' title='bbox 2240 3583 2322 3626; x_wconf 90' lang='lat' dir='ltr'><strong><em>est</em></strong></span> <span class='ocrx_word' id='word_1_444' title='bbox 2353 3573 2554 3641; x_wconf 75' lang='lat' dir='ltr'><strong><em>fideles.</em></strong></span> <span class='ocrx_word' id='word_1_445' title='bbox 2600 3583 2656 3627; x_wconf 94' lang='lat' dir='ltr'><strong><em>ut</em></strong></span> <span class='ocrx_word' id='word_1_446' title='bbox 2709 3587 2865 3627; x_wconf 82' lang='lat' dir='ltr'><strong><em>antea</em></strong></span> <span class='ocrx_word' id='word_1_447' title='bbox 2927 3574 3205 3630; x_wconf 82' lang='lat' dir='ltr'><strong><em>diximus:</em></strong></span> <span class='ocrx_word' id='word_1_448' title='bbox 3257 3592 3383 3636; x_wconf 78' lang='lat' dir='ltr'><strong><em>mox</em></strong></span> 
     </span>
    </p>
   </div>
   <div class='ocr_carea' id='block_1_53' title="bbox 127 3661 3382 3734">
    <p class='ocr_par' dir='ltr' id='par_1_53' title="bbox 127 3661 3382 3734">
     <span class='ocr_line' id='line_1_53' title="bbox 127 3661 3382 3734; baseline 0.003 -18"><span class='ocrx_word' id='word_1_449' title='bbox 127 3665 348 3716; x_wconf 84' lang='lat' dir='ltr'><strong><em>demum</em></strong></span> <span class='ocrx_word' id='word_1_450' title='bbox 382 3661 493 3714; x_wconf 83' lang='lat' dir='ltr'><strong><em>sine</em></strong></span> <span class='ocrx_word' id='word_1_451' title='bbox 541 3662 693 3714; x_wconf 84' lang='lat' dir='ltr'><strong><em>titulo</em></strong></span> <span class='ocrx_word' id='word_1_452' title='bbox 726 3663 864 3728; x_wconf 86' lang='lat' dir='ltr'><strong><em>apud</em></strong></span> <span class='ocrx_word' id='word_1_453' title='bbox 925 3661 1193 3719; x_wconf 75' lang='lat' dir='ltr'><strong><em>Hebrceos.</em></strong></span> <span class='ocrx_word' id='word_1_454' title='bbox 1235 3661 1368 3716; x_wconf 84' lang='lat' dir='ltr'><strong><em>Nam</em></strong></span> <span class='ocrx_word' id='word_1_455' title='bbox 1412 3680 1532 3732; x_wconf 77' lang='lat' dir='ltr'><strong><em>quzn</em></strong></span> <span class='ocrx_word' id='word_1_456' title='bbox 1573 3665 1624 3716; x_wconf 90' lang='lat' dir='ltr'><strong><em>in</em></strong></span> <span class='ocrx_word' id='word_1_457' title='bbox 1683 3664 1801 3732; x_wconf 86' lang='lat' dir='ltr'><strong><em>ipso</em></strong></span> <span class='ocrx_word' id='word_1_458' title='bbox 1837 3664 2186 3715; x_wconf 82' lang='lat' dir='ltr'><strong><em>continentur</em></strong></span> <span class='ocrx_word' id='word_1_459' title='bbox 2235 3665 2527 3718; x_wconf 89' lang='lat' dir='ltr'><strong><em>noluerunt</em></strong></span> <span class='ocrx_word' id='word_1_460' title='bbox 2580 3665 2910 3734; x_wconf 69' lang='lat' dir='ltr'><strong><em>intelligere,</em></strong></span> <span class='ocrx_word' id='word_1_461' title='bbox 2969 3667 3189 3733; x_wconf 81' lang='lat' dir='ltr'><strong><em>perinde</em></strong></span> <span class='ocrx_word' id='word_1_462' title='bbox 3232 3683 3295 3722; x_wconf 82' lang='lat' dir='ltr'><strong><em>ac</em></strong></span> <span class='ocrx_word' id='word_1_463' title='bbox 3334 3671 3382 3726; x_wconf 85' lang='lat' dir='ltr'><strong><em>si</em></strong></span> 
     </span>
    </p>
   </div>
   <div class='ocr_carea' id='block_1_54' title="bbox 127 3751 3122 3822">
    <p class='ocr_par' dir='ltr' id='par_1_54' title="bbox 127 3751 3122 3822">
     <span class='ocr_line' id='line_1_54' title="bbox 127 3751 3122 3822; baseline -0 -14"><span class='ocrx_word' id='word_1_464' title='bbox 127 3754 397 3821; x_wconf 87' lang='lat' dir='ltr'><strong><em>psalmum</em></strong></span> <span class='ocrx_word' id='word_1_465' title='bbox 432 3753 692 3821; x_wconf 82' lang='lat' dir='ltr'><strong><em>scriptum</em></strong></span> <span class='ocrx_word' id='word_1_466' title='bbox 725 3767 833 3805; x_wconf 92' lang='lat' dir='ltr'><strong><em>non</em></strong></span> <span class='ocrx_word' id='word_1_467' title='bbox 865 3753 1143 3806; x_wconf 61' lang='lat' dir='ltr'><strong><em>haberent.</em></strong></span> <span class='ocrx_word' id='word_1_468' title='bbox 1182 3753 1305 3808; x_wconf 84' lang='lat' dir='ltr'><strong><em>Ideo</em></strong></span> <span class='ocrx_word' id='word_1_469' title='bbox 1339 3768 1462 3822; x_wconf 85' lang='lat' dir='ltr'><strong><em>apte</em></strong></span> <span class='ocrx_word' id='word_1_470' title='bbox 1507 3753 1818 3808; x_wconf 81' lang='lat' dir='ltr'><strong><em>inscribitur</em></strong></span> <span class='ocrx_word' id='word_1_471' title='bbox 1849 3753 1961 3804; x_wconf 88' lang='lat' dir='ltr'><strong><em>sine</em></strong></span> <span class='ocrx_word' id='word_1_472' title='bbox 1991 3751 2146 3804; x_wconf 83' lang='lat' dir='ltr'><strong><em>titulo</em></strong></span> <span class='ocrx_word' id='word_1_473' title='bbox 2181 3768 2273 3806; x_wconf 89' lang='lat' dir='ltr'><strong><em>seu</em></strong></span> <span class='ocrx_word' id='word_1_474' title='bbox 2309 3755 2647 3822; x_wconf 72' lang='lat' dir='ltr'><strong><em>inscriptione</em></strong></span> <span class='ocrx_word' id='word_1_475' title='bbox 2681 3754 2821 3822; x_wconf 83' lang='lat' dir='ltr'><strong><em>apud</em></strong></span> <span class='ocrx_word' id='word_1_476' title='bbox 2856 3753 3122 3810; x_wconf 68' lang='lat' dir='ltr'><strong><em>Hebr-leas.</em></strong></span> 
     </span>
    </p>
   </div>
   <div class='ocr_carea' id='block_1_55' title="bbox 199 3841 1786 3914">
    <p class='ocr_par' dir='ltr' id='par_1_55' title="bbox 199 3842 1777 3908">
     <span class='ocr_line' id='line_1_55' title="bbox 199 3842 1777 3908; baseline -0.001 -9"><span class='ocrx_word' id='word_1_477' title='bbox 199 3847 250 3899; x_wconf 91' lang='grc'><strong><em>1.</em></strong></span> <span class='ocrx_word' id='word_1_478' title='bbox 293 3843 559 3908; x_wconf 78' lang='grc' dir='ltr'><em>Δοξάσατε</em></span> <span class='ocrx_word' id='word_1_479' title='bbox 587 3843 647 3894; x_wconf 82' lang='grc' dir='ltr'><strong>τὸ</strong></span> <span class='ocrx_word' id='word_1_480' title='bbox 679 3842 848 3905; x_wconf 83' lang='grc' dir='ltr'><em>πάοος</em></span> <span class='ocrx_word' id='word_1_481' title='bbox 876 3843 1060 3897; x_wconf 77' lang='grc' dir='ltr'><strong><em>αὑτοῦ.</em></strong></span> <span class='ocrx_word' id='word_1_482' title='bbox 1734 3851 1777 3906; x_wconf 87' lang='lat' dir='ltr'>C</span> 
     </span>
    </p>
   </div>
   <div class='ocr_carea' id='block_1_56' title="bbox 1160 3841 2747 3914">
    <p class='ocr_par' dir='ltr' id='par_1_56' title="bbox 1734 3841 2747 3914">
     <span class='ocr_line' id='line_1_56' title="bbox 1734 3841 2747 3914; baseline 0.005 -21"><span class='ocrx_word' id='word_1_483' title='bbox 1734 3851 1777 3906; x_wconf 73' lang='grc' dir='ltr'><strong><em>ο</em></strong></span> <span class='ocrx_word' id='word_1_484' title='bbox 1881 3843 1935 3899; x_wconf 94' lang='grc'><strong><em>1.</em></strong></span> <span class='ocrx_word' id='word_1_485' title='bbox 1987 3841 2226 3897; x_wconf 86' lang='lat' dir='ltr'><strong><em>Laudate</em></strong></span> <span class='ocrx_word' id='word_1_486' title='bbox 2261 3842 2571 3899; x_wconf 86' lang='lat' dir='ltr'><strong><em>Passionem</em></strong></span> <span class='ocrx_word' id='word_1_487' title='bbox 2610 3845 2747 3914; x_wconf 81' lang='lat' dir='ltr'><strong><em>ejus.</em></strong></span> 
     </span>
    </p>
   </div>
   <div class='ocr_carea' id='block_1_57' title="bbox 191 3933 1778 4006">
    <p class='ocr_par' dir='ltr' id='par_1_57' title="bbox 191 3933 758 4002">
     <span class='ocr_line' id='line_1_57' title="bbox 191 3933 758 4002; baseline -0.004 -13"><span class='ocrx_word' id='word_1_488' title='bbox 191 3939 252 3990; x_wconf 77' lang='lat'><strong>2.</strong></span> <span class='ocrx_word' id='word_1_489' title='bbox 295 3937 478 3988; x_wconf 78' lang='grc' dir='ltr'><em>Πάντα</em></span> <span class='ocrx_word' id='word_1_490' title='bbox 514 3935 580 3988; x_wconf 82' lang='grc' dir='ltr'><em>τά</em></span> <span class='ocrx_word' id='word_1_491' title='bbox 609 3933 758 4002; x_wconf 75' lang='grc' dir='ltr'><strong>ἔθνη.</strong></span> 
     </span>
    </p>
   </div>
   <div class='ocr_carea' id='block_1_58' title="bbox 840 3933 2427 4006">
    <p class='ocr_par' dir='ltr' id='par_1_58' title="bbox 1875 3937 2427 4006">
     <span class='ocr_line' id='line_1_58' title="bbox 1875 3937 2427 4006; baseline 0.004 -19"><span class='ocrx_word' id='word_1_492' title='bbox 1875 3939 1928 3987; x_wconf 71' lang='grc'><strong><em>2.</em></strong></span> <span class='ocrx_word' id='word_1_493' title='bbox 1993 3937 2190 3988; x_wconf 86' lang='lat' dir='ltr'><strong><em>Omnes</em></strong></span> <span class='ocrx_word' id='word_1_494' title='bbox 2227 3946 2427 4006; x_wconf 80' lang='lat' dir='ltr'><strong><em>gentes.</em></strong></span> 
     </span>
    </p>
   </div>
   <div class='ocr_carea' id='block_1_59' title="bbox 195 4025 1782 4100">
    <p class='ocr_par' dir='ltr' id='par_1_59' title="bbox 195 4025 1703 4100">
     <span class='ocr_line' id='line_1_59' title="bbox 195 4025 1703 4100; baseline -0.001 -18"><span class='ocrx_word' id='word_1_495' title='bbox 195 4029 249 4083; x_wconf 76' lang='grc' dir='ltr'><strong>ὅ.</strong></span> <span class='ocrx_word' id='word_1_496' title='bbox 268 4027 517 4098; x_wconf 81' lang='grc' dir='ltr'><strong><em>’ᾼδοντες</em></strong></span> <span class='ocrx_word' id='word_1_497' title='bbox 544 4028 666 4088; x_wconf 79' lang='grc' dir='ltr'><em>τοὺς</em></span> <span class='ocrx_word' id='word_1_498' title='bbox 695 4025 894 4096; x_wconf 81' lang='grc' dir='ltr'><em>ὕμνους</em></span> <span class='ocrx_word' id='word_1_499' title='bbox 916 4025 1100 4091; x_wconf 78' lang='grc' dir='ltr'><em>αὑτοῦ,</em></span> <span class='ocrx_word' id='word_1_500' title='bbox 1129 4025 1313 4094; x_wconf 78' lang='grc' dir='ltr'><strong><em>λέγετε</em></strong></span> <span class='ocrx_word' id='word_1_501' title='bbox 1343 4029 1439 4092; x_wconf 70' lang='grc' dir='ltr'><strong><em>τὰς</em></strong></span> <span class='ocrx_word' id='word_1_502' title='bbox 1482 4029 1703 4100; x_wconf 78' lang='grc' dir='ltr'><strong>εὐεργε-</strong></span> 
     </span>
    </p>
   </div>
   <div class='ocr_carea' id='block_1_60' title="bbox 1787 4025 3374 4100">
    <p class='ocr_par' dir='ltr' id='par_1_60' title="bbox 1876 4027 3374 4099">
     <span class='ocr_line' id='line_1_60' title="bbox 1876 4027 3374 4099; baseline 0.009 -18"><span class='ocrx_word' id='word_1_503' title='bbox 1876 4027 1930 4082; x_wconf 80' lang='lat'><strong>3.</strong></span> <span class='ocrx_word' id='word_1_504' title='bbox 1985 4028 2279 4082; x_wconf 82' lang='lat' dir='ltr'><strong><em>Cantantes</em></strong></span> <span class='ocrx_word' id='word_1_505' title='bbox 2313 4030 2542 4099; x_wconf 82' lang='lat' dir='ltr'><strong><em>hymnos</em></strong></span> <span class='ocrx_word' id='word_1_506' title='bbox 2574 4043 2722 4095; x_wconf 90' lang='lat' dir='ltr'><strong><em>suos,</em></strong></span> <span class='ocrx_word' id='word_1_507' title='bbox 2773 4029 2935 4085; x_wconf 88' lang='lat' dir='ltr'><strong><em>dicite</em></strong></span> <span class='ocrx_word' id='word_1_508' title='bbox 2993 4030 3374 4094; x_wconf 80' lang='lat' dir='ltr'><strong><em>bcneilcentias</em></strong></span> 
     </span>
    </p>
   </div>
   <div class='ocr_carea' id='block_1_61' title="bbox 131 4119 1718 4190">
    <p class='ocr_par' dir='ltr' id='par_1_61' title="bbox 131 4119 467 4185">
     <span class='ocr_line' id='line_1_61' title="bbox 131 4119 467 4185; baseline 0.003 -12"><span class='ocrx_word' id='word_1_509' title='bbox 131 4123 247 4185; x_wconf 83' lang='grc' dir='ltr'><em>σίας</em></span> <span class='ocrx_word' id='word_1_510' title='bbox 283 4119 467 4174; x_wconf 76' lang='grc' dir='ltr'><strong><em>αὑτοῦ.</em></strong></span> 
     </span>
    </p>
   </div>
   <div class='ocr_carea' id='block_1_62' title="bbox 356 4119 1943 4190">
    <p class='ocr_par' dir='ltr' id='par_1_62' title="bbox 356 4119 1943 4190">
     <span class='ocr_line' id='line_1_62' title="bbox 356 4119 1943 4190; baseline 0.002 -18"><span class='ocrx_word' id='word_1_511' title='bbox 356 4119 467 4174; x_wconf 72' lang='grc' dir='ltr'><strong>τοῦ.</strong></span> <span class='ocrx_word' id='word_1_512' title='bbox 1804 4120 1943 4190; x_wconf 86' lang='lat' dir='ltr'><strong><em>ejus.</em></strong></span> 
     </span>
    </p>
   </div>
   <div class='ocr_carea' id='block_1_63' title="bbox 195 4209 1782 4285">
    <p class='ocr_par' dir='ltr' id='par_1_63' title="bbox 195 4209 1700 4282">
     <span class='ocr_line' id='line_1_63' title="bbox 195 4209 1700 4282; baseline 0.001 -17"><span class='ocrx_word' id='word_1_513' title='bbox 195 4212 247 4265; x_wconf 71' lang='grc'><strong>4.</strong></span> <span class='ocrx_word' id='word_1_514' title='bbox 291 4209 628 4282; x_wconf 79' lang='grc' dir='ltr'><em>Διηγήσασθε</em></span> <span class='ocrx_word' id='word_1_515' title='bbox 661 4211 758 4278; x_wconf 86' lang='grc'><strong><em>(5),</em></strong></span> <span class='ocrx_word' id='word_1_516' title='bbox 789 4212 869 4264; x_wconf 84' lang='grc' dir='ltr'><strong>ὅτι</strong></span> <span class='ocrx_word' id='word_1_517' title='bbox 893 4211 977 4263; x_wconf 82' lang='grc' dir='ltr'><em>διὰ</em></span> <span class='ocrx_word' id='word_1_518' title='bbox 1017 4211 1110 4262; x_wconf 80' lang='grc' dir='ltr'><strong><em>τοῦ</em></strong></span> <span class='ocrx_word' id='word_1_519' title='bbox 1148 4211 1374 4264; x_wconf 80' lang='grc' dir='ltr'><em>Θανάτου</em></span> <span class='ocrx_word' id='word_1_520' title='bbox 1402 4211 1562 4264; x_wconf 74' lang='grc' dir='ltr'><em>αὑτοῦ</em></span> <span class='ocrx_word' id='word_1_521' title='bbox 1595 4230 1700 4266; x_wconf 87' lang='grc' dir='ltr'><em>σω-</em></span> 
     </span>
    </p>
   </div>
   <div class='ocr_carea' id='block_1_64' title="bbox 1784 4209 3371 4285">
    <p class='ocr_par' dir='ltr' id='par_1_64' title="bbox 1872 4211 3371 4285">
     <span class='ocr_line' id='line_1_64' title="bbox 1872 4211 3371 4285; baseline 0.005 -19"><span class='ocrx_word' id='word_1_522' title='bbox 1872 4213 1923 4266; x_wconf 76' lang='grc'><strong>4.</strong></span> <span class='ocrx_word' id='word_1_523' title='bbox 1984 4211 2228 4280; x_wconf 77' lang='lat' dir='ltr'><strong><em>Narrate,</em></strong></span> <span class='ocrx_word' id='word_1_524' title='bbox 2276 4215 2417 4284; x_wconf 81' lang='lat' dir='ltr'><strong><em>quod</em></strong></span> <span class='ocrx_word' id='word_1_525' title='bbox 2473 4229 2568 4284; x_wconf 89' lang='lat' dir='ltr'><strong><em>per</em></strong></span> <span class='ocrx_word' id='word_1_526' title='bbox 2607 4224 2834 4268; x_wconf 86' lang='lat' dir='ltr'><strong><em>mortem</em></strong></span> <span class='ocrx_word' id='word_1_527' title='bbox 2893 4215 3013 4285; x_wconf 87' lang='lat' dir='ltr'><strong><em>ejus</em></strong></span> <span class='ocrx_word' id='word_1_528' title='bbox 3058 4217 3192 4272; x_wconf 75' lang='lat' dir='ltr'><strong><em>salvi</em></strong></span> <span class='ocrx_word' id='word_1_529' title='bbox 3241 4216 3371 4274; x_wconf 74' lang='lat' dir='ltr'><strong><em>iacti</em></strong></span> 
     </span>
    </p>
   </div>
   <div class='ocr_carea' id='block_1_65' title="bbox 131 4298 1718 4369">
    <p class='ocr_par' dir='ltr' id='par_1_65' title="bbox 131 4298 351 4369">
     <span class='ocr_line' id='line_1_65' title="bbox 131 4298 351 4369; baseline 0.009 -18"><span class='ocrx_word' id='word_1_530' title='bbox 131 4298 351 4369; x_wconf 78' lang='grc' dir='ltr'><strong><em>ζόμεθα.</em></strong></span> 
     </span>
    </p>
   </div>
   <div class='ocr_carea' id='block_1_66' title="bbox 425 4298 2012 4369">
    <p class='ocr_par' dir='ltr' id='par_1_66' title="bbox 1804 4323 2012 4361">
     <span class='ocr_line' id='line_1_66' title="bbox 1804 4323 2012 4361; baseline -0.005 0"><span class='ocrx_word' id='word_1_531' title='bbox 1804 4323 2012 4361; x_wconf 81' lang='lat' dir='ltr'><strong><em>SUlllllS.</em></strong></span> 
     </span>
    </p>
   </div>
   <div class='ocr_carea' id='block_1_67' title="bbox 198 4389 1785 4468">
    <p class='ocr_par' dir='ltr' id='par_1_67' title="bbox 198 4389 1497 4460">
     <span class='ocr_line' id='line_1_67' title="bbox 198 4389 1497 4460; baseline 0 -15"><span class='ocrx_word' id='word_1_532' title='bbox 198 4392 250 4445; x_wconf 84' lang='lat'><strong>5.</strong></span> <span class='ocrx_word' id='word_1_533' title='bbox 295 4389 577 4460; x_wconf 78' lang='grc' dir='ltr'><strong><em>Κηρύξατε</em></strong></span> <span class='ocrx_word' id='word_1_534' title='bbox 604 4393 660 4443; x_wconf 84' lang='grc' dir='ltr'><strong>ἐν</strong></span> <span class='ocrx_word' id='word_1_535' title='bbox 692 4394 800 4452; x_wconf 82' lang='grc' dir='ltr'><em>τοῖς</em></span> <span class='ocrx_word' id='word_1_536' title='bbox 824 4391 996 4443; x_wconf 80' lang='grc' dir='ltr'><strong>ἔθνεσι</strong></span> <span class='ocrx_word' id='word_1_537' title='bbox 1027 4391 1088 4444; x_wconf 83' lang='grc' dir='ltr'><strong>τὸ</strong></span> <span class='ocrx_word' id='word_1_538' title='bbox 1113 4392 1281 4454; x_wconf 82' lang='grc' dir='ltr'><em>πάθος</em></span> <span class='ocrx_word' id='word_1_539' title='bbox 1312 4391 1497 4445; x_wconf 77' lang='grc' dir='ltr'><strong><em>αὑτοῦ.</em></strong></span> 
     </span>
    </p>
   </div>
   <div class='ocr_carea' id='block_1_68' title="bbox 1576 4389 3163 4468">
    <p class='ocr_par' dir='ltr' id='par_1_68' title="bbox 1873 4397 3163 4468">
     <span class='ocr_line' id='line_1_68' title="bbox 1873 4397 3163 4468; baseline 0.002 -15"><span class='ocrx_word' id='word_1_540' title='bbox 1873 4398 1923 4453; x_wconf 86' lang='grc'><strong>5.</strong></span> <span class='ocrx_word' id='word_1_541' title='bbox 1983 4397 2275 4452; x_wconf 68' lang='lat' dir='ltr'><strong><em>Prmdicate</em></strong></span> <span class='ocrx_word' id='word_1_542' title='bbox 2308 4399 2358 4450; x_wconf 92' lang='lat' dir='ltr'><strong><em>in</em></strong></span> <span class='ocrx_word' id='word_1_543' title='bbox 2389 4398 2641 4467; x_wconf 76' lang='lat' dir='ltr'><strong><em>grntibns</em></strong></span> <span class='ocrx_word' id='word_1_544' title='bbox 2677 4399 2795 4468; x_wconf 90' lang='lat' dir='ltr'><strong><em>ejus</em></strong></span> <span class='ocrx_word' id='word_1_545' title='bbox 2824 4398 3163 4456; x_wconf 79' lang='lat' dir='ltr'><strong><em>Passionem.</em></strong></span> 
     </span>
    </p>
   </div>
   <div class='ocr_carea' id='block_1_69' title="bbox 196 4485 1783 4560">
    <p class='ocr_par' dir='ltr' id='par_1_69' title="bbox 196 4485 952 4556">
     <span class='ocr_line' id='line_1_69' title="bbox 196 4485 952 4556; baseline -0.004 -15"><span class='ocrx_word' id='word_1_546' title='bbox 196 4487 246 4541; x_wconf 89' lang='grc'><strong>6.</strong></span> <span class='ocrx_word' id='word_1_547' title='bbox 287 4487 398 4556; x_wconf 78' lang='grc' dir='ltr'><strong><em>Τὴν</em></strong></span> <span class='ocrx_word' id='word_1_548' title='bbox 440 4487 730 4539; x_wconf 75' lang='grc' dir='ltr'><strong><em>ἀνάστασιν</em></strong></span> <span class='ocrx_word' id='word_1_549' title='bbox 766 4485 952 4538; x_wconf 74' lang='grc' dir='ltr'><strong><em>αὑτοῦ.</em></strong></span> 
     </span>
    </p>
   </div>
   <div class='ocr_carea' id='block_1_70' title="bbox 1093 4485 2680 4560">
    <p class='ocr_par' dir='ltr' id='par_1_70' title="bbox 1870 4490 2680 4560">
     <span class='ocr_line' id='line_1_70' title="bbox 1870 4490 2680 4560; baseline 0.009 -19"><span class='ocrx_word' id='word_1_550' title='bbox 1870 4491 1919 4542; x_wconf 84' lang='grc'><strong>6.</strong></span> <span class='ocrx_word' id='word_1_551' title='bbox 1976 4490 2450 4544; x_wconf 64' lang='lat' dir='ltr'><strong><em>Restm-rectionem</em></strong></span> <span class='ocrx_word' id='word_1_552' title='bbox 2491 4493 2680 4560; x_wconf 81' lang='lat' dir='ltr'><strong><em>ipsius.</em></strong></span> 
     </span>
    </p>
   </div>
   <div class='ocr_carea' id='block_1_71' title="bbox 199 4575 1786 4656">
    <p class='ocr_par' dir='ltr' id='par_1_71' title="bbox 199 4575 1699 4646">
     <span class='ocr_line' id='line_1_71' title="bbox 199 4575 1699 4646; baseline -0.002 -14"><span class='ocrx_word' id='word_1_553' title='bbox 199 4579 385 4633; x_wconf 77' lang='grc' dir='ltr'><strong>7.”Οτι</strong></span> <span class='ocrx_word' id='word_1_554' title='bbox 411 4579 557 4642; x_wconf 76' lang='grc' dir='ltr'><strong><em>ἄξιός</em></strong></span> <span class='ocrx_word' id='word_1_555' title='bbox 583 4581 696 4630; x_wconf 82' lang='grc' dir='ltr'><strong>ἐστι</strong></span> <span class='ocrx_word' id='word_1_556' title='bbox 723 4577 816 4630; x_wconf 81' lang='grc' dir='ltr'><strong><em>τοῦ</em></strong></span> <span class='ocrx_word' id='word_1_557' title='bbox 851 4576 1171 4641; x_wconf 80' lang='grc' dir='ltr'><em>δοξάζεσθαι</em></span> <span class='ocrx_word' id='word_1_558' title='bbox 1193 4575 1280 4630; x_wconf 82' lang='grc' dir='ltr'><strong><em>διὰ</em></strong></span> <span class='ocrx_word' id='word_1_559' title='bbox 1302 4575 1397 4646; x_wconf 78' lang='grc' dir='ltr'><strong>τὴν</strong></span> <span class='ocrx_word' id='word_1_560' title='bbox 1428 4576 1578 4646; x_wconf 74' lang='grc' dir='ltr'><em>ἰσχὺν</em></span> <span class='ocrx_word' id='word_1_561' title='bbox 1602 4578 1699 4631; x_wconf 77' lang='grc' dir='ltr'><strong><em>αὖ-</em></strong></span> 
     </span>
    </p>
   </div>
   <div class='ocr_carea' id='block_1_72' title="bbox 1778 4575 3365 4656">
    <p class='ocr_par' dir='ltr' id='par_1_72' title="bbox 1871 4580 3365 4656">
     <span class='ocr_line' id='line_1_72' title="bbox 1871 4580 3365 4656; baseline 0.007 -26"><span class='ocrx_word' id='word_1_562' title='bbox 1871 4580 1920 4633; x_wconf 81' lang='lat'><strong>7.</strong></span> <span class='ocrx_word' id='word_1_563' title='bbox 1976 4582 2242 4646; x_wconf 81' lang='lat' dir='ltr'><strong><em>Quoniam</em></strong></span> <span class='ocrx_word' id='word_1_564' title='bbox 2282 4584 2479 4650; x_wconf 73' lang='lat' dir='ltr'><strong><em>dignus</em></strong></span> <span class='ocrx_word' id='word_1_565' title='bbox 2529 4591 2634 4647; x_wconf 89' lang='lat' dir='ltr'><strong><em>est,</em></strong></span> <span class='ocrx_word' id='word_1_566' title='bbox 2668 4591 2724 4635; x_wconf 91' lang='lat' dir='ltr'><strong><em>ut</em></strong></span> <span class='ocrx_word' id='word_1_567' title='bbox 2772 4583 3101 4653; x_wconf 68' lang='lat' dir='ltr'><strong><em>gloriﬁcetur</em></strong></span> <span class='ocrx_word' id='word_1_568' title='bbox 3148 4599 3365 4656; x_wconf 81' lang='lat' dir='ltr'><strong><em>propter</em></strong></span> 
     </span>
    </p>
   </div>
   <div class='ocr_carea' id='block_1_73' title="bbox 129 4671 1716 4740">
    <p class='ocr_par' dir='ltr' id='par_1_73' title="bbox 129 4671 235 4726">
     <span class='ocr_line' id='line_1_73' title="bbox 129 4671 235 4726; baseline 0.057 -6"><span class='ocrx_word' id='word_1_569' title='bbox 129 4671 235 4726; x_wconf 66' lang='grc' dir='ltr'><strong>τοῦ.</strong></span> 
     </span>
    </p>
   </div>
   <div class='ocr_carea' id='block_1_74' title="bbox 722 4671 2309 4740">
    <p class='ocr_par' dir='ltr' id='par_1_74' title="bbox 1799 4681 2309 4740">
     <span class='ocr_line' id='line_1_74' title="bbox 1799 4681 2309 4740; baseline 0 -16"><span class='ocrx_word' id='word_1_570' title='bbox 1799 4681 2094 4740; x_wconf 76' lang='lat' dir='ltr'><strong><em>potentiam</em></strong></span> <span class='ocrx_word' id='word_1_571' title='bbox 2133 4686 2309 4724; x_wconf 85' lang='lat' dir='ltr'><strong><em>suam.</em></strong></span> 
     </span>
    </p>
   </div>
   <div class='ocr_carea' id='block_1_75' title="bbox 193 4758 1780 4836">
    <p class='ocr_par' dir='ltr' id='par_1_75' title="bbox 193 4758 1088 4828">
     <span class='ocr_line' id='line_1_75' title="bbox 193 4758 1088 4828; baseline -0.003 -13"><span class='ocrx_word' id='word_1_572' title='bbox 193 4762 243 4815; x_wconf 85' lang='lat' dir='ltr'><strong>S.</strong></span> <span class='ocrx_word' id='word_1_573' title='bbox 271 4760 392 4812; x_wconf 76' lang='grc' dir='ltr'><strong><em>Ἐπὶ</em></strong></span> <span class='ocrx_word' id='word_1_574' title='bbox 416 4759 511 4823; x_wconf 75' lang='grc' dir='ltr'><strong>τὰς</strong></span> <span class='ocrx_word' id='word_1_575' title='bbox 539 4762 781 4822; x_wconf 74' lang='grc' dir='ltr'><em>ἐναντίας</em></span> <span class='ocrx_word' id='word_1_576' title='bbox 816 4758 1088 4828; x_wconf 81' lang='grc' dir='ltr'><em>δυνάμεις.</em></span> 
     </span>
    </p>
   </div>
   <div class='ocr_carea' id='block_1_76' title="bbox 1300 4758 2887 4836">
    <p class='ocr_par' dir='ltr' id='par_1_76' title="bbox 1866 4759 2887 4836">
     <span class='ocr_line' id='line_1_76' title="bbox 1866 4759 2887 4836; baseline 0.005 -22"><span class='ocrx_word' id='word_1_577' title='bbox 1866 4759 1916 4814; x_wconf 92' lang='grc'><strong>8.</strong></span> <span class='ocrx_word' id='word_1_578' title='bbox 1977 4759 2150 4831; x_wconf 88' lang='lat' dir='ltr'><strong><em>Super</em></strong></span> <span class='ocrx_word' id='word_1_579' title='bbox 2191 4763 2530 4817; x_wconf 83' lang='lat' dir='ltr'><strong><em>adversarias</em></strong></span> <span class='ocrx_word' id='word_1_580' title='bbox 2573 4772 2887 4836; x_wconf 89' lang='lat' dir='ltr'><strong><em>potestates.</em></strong></span> 
     </span>
    </p>
   </div>
   <div class='ocr_carea' id='block_1_77' title="bbox 191 4849 1778 4926">
    <p class='ocr_par' dir='ltr' id='par_1_77' title="bbox 191 4849 1691 4923">
     <span class='ocr_line' id='line_1_77' title="bbox 191 4849 1691 4923; baseline -0.004 -17"><span class='ocrx_word' id='word_1_581' title='bbox 191 4853 240 4906; x_wconf 84' lang='lat'><strong><em>9.</em></strong></span> <span class='ocrx_word' id='word_1_582' title='bbox 285 4851 574 4921; x_wconf 84' lang='grc' dir='ltr'><em>[Ινεύματα</em></span> <span class='ocrx_word' id='word_1_583' title='bbox 602 4852 882 4923; x_wconf 75' lang='grc' dir='ltr'><em>ἀκάθαρτα</em></span> <span class='ocrx_word' id='word_1_584' title='bbox 908 4850 1216 4923; x_wconf 72' lang='grc' dir='ltr'><em>τηρούμενα</em></span> <span class='ocrx_word' id='word_1_585' title='bbox 1246 4851 1325 4913; x_wconf 88' lang='grc' dir='ltr'><strong>εἰς</strong></span> <span class='ocrx_word' id='word_1_586' title='bbox 1348 4849 1531 4920; x_wconf 75' lang='grc' dir='ltr'><em>κρίσιν</em></span> <span class='ocrx_word' id='word_1_587' title='bbox 1561 4849 1691 4902; x_wconf 77' lang='grc' dir='ltr'><strong><em>αἰώ-</em></strong></span> 
     </span>
    </p>
   </div>
   <div class='ocr_carea' id='block_1_78' title="bbox 1776 4849 3363 4926">
    <p class='ocr_par' dir='ltr' id='par_1_78' title="bbox 1865 4853 3363 4926">
     <span class='ocr_line' id='line_1_78' title="bbox 1865 4853 3363 4926; baseline 0.003 -18"><span class='ocrx_word' id='word_1_588' title='bbox 1865 4854 1916 4908; x_wconf 90' lang='grc'><strong><em>9.</em></strong></span> <span class='ocrx_word' id='word_1_589' title='bbox 1975 4853 2208 4924; x_wconf 84' lang='lat' dir='ltr'><strong><em>Spiritus</em></strong></span> <span class='ocrx_word' id='word_1_590' title='bbox 2241 4855 2505 4909; x_wconf 88' lang='lat' dir='ltr'><strong><em>immundi</em></strong></span> <span class='ocrx_word' id='word_1_591' title='bbox 2539 4856 2796 4909; x_wconf 78' lang='lat' dir='ltr'><strong><em>reservati</em></strong></span> <span class='ocrx_word' id='word_1_592' title='bbox 2828 4856 2880 4909; x_wconf 91' lang='lat' dir='ltr'><strong><em>in</em></strong></span> <span class='ocrx_word' id='word_1_593' title='bbox 2910 4855 3174 4926; x_wconf 91' lang='lat' dir='ltr'><strong><em>judicium</em></strong></span> <span class='ocrx_word' id='word_1_594' title='bbox 3206 4869 3363 4913; x_wconf 69' lang='lat' dir='ltr'><strong><em>mter-</em></strong></span> 
     </span>
    </p>
   </div>
   <div class='ocr_carea' id='block_1_79' title="bbox 133 4944 1720 5014">
    <p class='ocr_par' dir='ltr' id='par_1_79' title="bbox 133 4944 554 5014">
     <span class='ocr_line' id='line_1_79' title="bbox 133 4944 554 5014; baseline 0.01 -22"><span class='ocrx_word' id='word_1_595' title='bbox 133 4963 229 4997; x_wconf 75' lang='grc' dir='ltr'><em>νιον</em></span> <span class='ocrx_word' id='word_1_596' title='bbox 365 4945 554 5014; x_wconf 69' lang='grc' dir='ltr'><em>πυρός.</em></span> 
     </span>
    </p>
   </div>
   <div class='ocr_carea' id='block_1_80' title="bbox 623 4944 2210 5014">
    <p class='ocr_par' dir='ltr' id='par_1_80' title="bbox 1797 4947 2210 5014">
     <span class='ocr_line' id='line_1_80' title="bbox 1797 4947 2210 5014; baseline 0.002 -17"><span class='ocrx_word' id='word_1_597' title='bbox 1797 4960 1925 4997; x_wconf 86' lang='lat' dir='ltr'><strong><em>num</em></strong></span> <span class='ocrx_word' id='word_1_598' title='bbox 1963 4947 2103 5014; x_wconf 77' lang='lat' dir='ltr'><strong><em>ignis</em></strong></span> <span class='ocrx_word' id='word_1_599' title='bbox 2147 4947 2210 4998; x_wconf 75' lang='lat'><strong>’°.</strong></span> 
     </span>
    </p>
   </div>
   <div class='ocr_carea' id='block_1_81' title="bbox 193 5030 1780 5111">
    <p class='ocr_par' dir='ltr' id='par_1_81' title="bbox 193 5030 1425 5101">
     <span class='ocr_line' id='line_1_81' title="bbox 193 5030 1425 5101; baseline -0.004 -12"><span class='ocrx_word' id='word_1_600' title='bbox 193 5036 275 5090; x_wconf 85' lang='grc'><strong><em>10.</em></strong></span> <span class='ocrx_word' id='word_1_601' title='bbox 320 5036 410 5097; x_wconf 87' lang='grc' dir='ltr'><strong><em>Εἰς</em></strong></span> <span class='ocrx_word' id='word_1_602' title='bbox 438 5035 529 5097; x_wconf 82' lang='grc' dir='ltr'><strong><em>οὓς</em></strong></span> <span class='ocrx_word' id='word_1_603' title='bbox 555 5035 748 5086; x_wconf 81' lang='grc' dir='ltr'><strong><em>ἐκεῖνοι</em></strong></span> <span class='ocrx_word' id='word_1_604' title='bbox 782 5033 1020 5086; x_wconf 78' lang='grc' dir='ltr'><strong><em>ἀνελθεῖν</em></strong></span> <span class='ocrx_word' id='word_1_605' title='bbox 1045 5030 1295 5101; x_wconf 79' lang='grc' dir='ltr'><em>οὐδαμῶς</em></span> <span class='ocrx_word' id='word_1_606' title='bbox 1328 5032 1425 5100; x_wconf 86' lang='lat'><strong>(7).</strong></span> 
     </span>
    </p>
   </div>
   <div class='ocr_carea' id='block_1_82' title="bbox 1768 5030 3355 5111">
    <p class='ocr_par' dir='ltr' id='par_1_82' title="bbox 1865 5035 3355 5111">
     <span class='ocr_line' id='line_1_82' title="bbox 1865 5035 3355 5111; baseline 0.005 -22"><span class='ocrx_word' id='word_1_607' title='bbox 1865 5035 1951 5089; x_wconf 86' lang='grc'><strong>10.</strong></span> <span class='ocrx_word' id='word_1_608' title='bbox 2005 5035 2060 5090; x_wconf 90' lang='lat' dir='ltr'><strong><em>In</em></strong></span> <span class='ocrx_word' id='word_1_609' title='bbox 2115 5053 2253 5107; x_wconf 90' lang='lat' dir='ltr'><strong><em>quos</em></strong></span> <span class='ocrx_word' id='word_1_610' title='bbox 2282 5037 2359 5091; x_wconf 87' lang='lat' dir='ltr'><strong><em>illi</em></strong></span> <span class='ocrx_word' id='word_1_611' title='bbox 2393 5037 2543 5092; x_wconf 91' lang='lat' dir='ltr'><strong><em>nullo</em></strong></span> <span class='ocrx_word' id='word_1_612' title='bbox 2578 5038 2741 5093; x_wconf 88' lang='lat' dir='ltr'><strong><em>modo</em></strong></span> <span class='ocrx_word' id='word_1_613' title='bbox 2777 5040 3068 5096; x_wconf 85' lang='lat' dir='ltr'><strong><em>ascendere</em></strong></span> <span class='ocrx_word' id='word_1_614' title='bbox 3109 5050 3355 5111; x_wconf 77' lang='lat' dir='ltr'><strong><em>possunt.</em></strong></span> 
     </span>
    </p>
   </div>
   <div class='ocr_carea' id='block_1_83' title="bbox 194 5125 1781 5196">
    <p class='ocr_par' dir='ltr' id='par_1_83' title="bbox 194 5125 940 5196">
     <span class='ocr_line' id='line_1_83' title="bbox 194 5125 940 5196; baseline -0.003 -16"><span class='ocrx_word' id='word_1_615' title='bbox 194 5127 274 5180; x_wconf 87' lang='grc'><strong><em>11.</em></strong></span> <span class='ocrx_word' id='word_1_616' title='bbox 316 5125 379 5180; x_wconf 90' lang='grc' dir='ltr'><strong>Οἱ</strong></span> <span class='ocrx_word' id='word_1_617' title='bbox 410 5127 749 5189; x_wconf 82' lang='grc' dir='ltr'><strong>πιστεύοντες</strong></span> <span class='ocrx_word' id='word_1_618' title='bbox 776 5125 940 5196; x_wconf 74' lang='grc' dir='ltr'><strong>αὐτῷ.</strong></span> 
     </span>
    </p>
   </div>
   <div class='ocr_carea' id='block_1_84' title="bbox 796 5125 2383 5196">
    <p class='ocr_par' dir='ltr' id='par_1_84' title="bbox 796 5125 2383 5196">
     <span class='ocr_line' id='line_1_84' title="bbox 796 5125 2383 5196; baseline 0.003 -18"><span class='ocrx_word' id='word_1_619' title='bbox 796 5125 940 5196; x_wconf 76' lang='grc' dir='ltr'><strong>ιὺτῷ.</strong></span> <span class='ocrx_word' id='word_1_620' title='bbox 1863 5126 1948 5180; x_wconf 83' lang='grc'><strong><em>11.</em></strong></span> <span class='ocrx_word' id='word_1_621' title='bbox 2001 5127 2295 5183; x_wconf 83' lang='lat' dir='ltr'><strong><em>Credentes</em></strong></span> <span class='ocrx_word' id='word_1_622' title='bbox 2317 5130 2383 5183; x_wconf 88' lang='lat' dir='ltr'><strong><em>ei.</em></strong></span> 
     </span>
    </p>
   </div>
   <div class='ocr_carea' id='block_1_85' title="bbox 191 5206 1778 5294">
    <p class='ocr_par' dir='ltr' id='par_1_85' title="bbox 191 5206 1767 5288">
     <span class='ocr_line' id='line_1_85' title="bbox 191 5206 1767 5288; baseline -0.006 -14"><span class='ocrx_word' id='word_1_623' title='bbox 191 5219 276 5274; x_wconf 69' lang='grc'><strong>19.</strong></span> <span class='ocrx_word' id='word_1_624' title='bbox 303 5220 364 5270; x_wconf 81' lang='grc' dir='ltr'><strong>Ἠ</strong></span> <span class='ocrx_word' id='word_1_625' title='bbox 389 5219 545 5288; x_wconf 82' lang='grc' dir='ltr'><em>χάρις</em></span> <span class='ocrx_word' id='word_1_626' title='bbox 573 5217 736 5270; x_wconf 83' lang='grc' dir='ltr'><em>αὑτοῦ</em></span> <span class='ocrx_word' id='word_1_627' title='bbox 768 5217 858 5270; x_wconf 74' lang='grc' dir='ltr'><strong><em>ἐπὶ</em></strong></span> <span class='ocrx_word' id='word_1_628' title='bbox 888 5217 975 5268; x_wconf 86' lang='grc' dir='ltr'><strong><em>τὸν</em></strong></span> <span class='ocrx_word' id='word_1_629' title='bbox 1005 5215 1129 5268; x_wconf 82' lang='grc' dir='ltr'><em>λαὸν</em></span> <span class='ocrx_word' id='word_1_630' title='bbox 1155 5213 1340 5269; x_wconf 76' lang='grc' dir='ltr'><strong><em>αὑτοῦ.</em></strong></span> <span class='ocrx_word' id='word_1_631' title='bbox 1726 5206 1767 5258; x_wconf 82' lang='lat' dir='ltr'><strong><em>D</em></strong></span> 
     </span>
    </p>
   </div>
   <div class='ocr_carea' id='block_1_86' title="bbox 1453 5206 3040 5294">
    <p class='ocr_par' dir='ltr' id='par_1_86' title="bbox 1726 5206 3040 5294">
     <span class='ocr_line' id='line_1_86' title="bbox 1726 5206 3040 5294; baseline 0.008 -27"><span class='ocrx_word' id='word_1_632' title='bbox 1726 5206 1767 5258; x_wconf 82' lang='lat' dir='ltr'><strong><em>D</em></strong></span> <span class='ocrx_word' id='word_1_633' title='bbox 1868 5218 1954 5270; x_wconf 76' lang='grc'><strong>12.</strong></span> <span class='ocrx_word' id='word_1_634' title='bbox 2007 5218 2192 5274; x_wconf 87' lang='lat' dir='ltr'><strong><em>Gratia</em></strong></span> <span class='ocrx_word' id='word_1_635' title='bbox 2220 5221 2338 5289; x_wconf 87' lang='lat' dir='ltr'><strong><em>ejus</em></strong></span> <span class='ocrx_word' id='word_1_636' title='bbox 2371 5237 2535 5292; x_wconf 87' lang='lat' dir='ltr'><strong><em>super</em></strong></span> <span class='ocrx_word' id='word_1_637' title='bbox 2572 5223 2832 5294; x_wconf 88' lang='lat' dir='ltr'><strong><em>populum</em></strong></span> <span class='ocrx_word' id='word_1_638' title='bbox 2862 5238 3040 5279; x_wconf 89' lang='lat' dir='ltr'><strong><em>suum.</em></strong></span> 
     </span>
    </p>
   </div>
   <div class='ocr_carea' id='block_1_87' title="bbox 193 5324 1568 5395">
    <p class='ocr_par' dir='ltr' id='par_1_87' title="bbox 193 5324 1568 5395">
     <span class='ocr_line' id='line_1_87' title="bbox 193 5324 1568 5395; baseline -0.002 -13"><span class='ocrx_word' id='word_1_639' title='bbox 193 5333 236 5362; x_wconf 84' lang='grc'><strong><em>¹⁹</em></strong></span> <span class='ocrx_word' id='word_1_640' title='bbox 292 5329 452 5384; x_wconf 86' lang='lat' dir='ltr'><strong><em>Hebr.</em></strong></span> <span class='ocrx_word' id='word_1_641' title='bbox 486 5345 580 5395; x_wconf 88' lang='grc' dir='ltr'><em>ιιι,</em></span> <span class='ocrx_word' id='word_1_642' title='bbox 633 5329 685 5384; x_wconf 88' lang='grc'><strong>6.</strong></span> <span class='ocrx_word' id='word_1_643' title='bbox 760 5329 806 5360; x_wconf 76' lang='grc'><strong><em>’⁸</em></strong></span> <span class='ocrx_word' id='word_1_644' title='bbox 857 5326 898 5382; x_wconf 93' lang='lat' dir='ltr'><strong><em>ll</em></strong></span> <span class='ocrx_word' id='word_1_645' title='bbox 934 5327 1078 5383; x_wconf 86' lang='lat' dir='ltr'><strong><em>Petr.</em></strong></span> <span class='ocrx_word' id='word_1_646' title='bbox 1133 5344 1200 5393; x_wconf 89' lang='grc' dir='ltr'><em>ιι,</em></span> <span class='ocrx_word' id='word_1_647' title='bbox 1233 5326 1299 5392; x_wconf 68' lang='grc' dir='ltr'><strong><em>ις</em></strong></span> <span class='ocrx_word' id='word_1_648' title='bbox 1348 5324 1483 5381; x_wconf 81' lang='lat' dir='ltr'><strong><em>Jud.</em></strong></span> <span class='ocrx_word' id='word_1_649' title='bbox 1516 5330 1568 5380; x_wconf 73' lang='grc' dir='ltr'><strong><em>ι».</em></strong></span> 
     </span>
    </p>
   </div>
   <div class='ocr_carea' id='block_1_88' title="bbox 1061 5438 2379 5518">
    <p class='ocr_par' dir='ltr' id='par_1_88' title="bbox 1061 5438 2379 5518">
     <span class='ocr_line' id='line_1_88' title="bbox 1061 5438 2379 5518; baseline 0.004 -19"><span class='ocrx_word' id='word_1_650' title='bbox 1061 5441 1366 5501; x_wconf 82' lang='lat' dir='ltr'><strong><em>Addenda</em></strong></span> <span class='ocrx_word' id='word_1_651' title='bbox 1399 5449 1458 5500; x_wconf 89' lang='lat' dir='ltr'><strong><em>et</em></strong></span> <span class='ocrx_word' id='word_1_652' title='bbox 1487 5438 1860 5518; x_wconf 81' lang='lat' dir='ltr'><strong><em>corrigenda</em></strong></span> <span class='ocrx_word' id='word_1_653' title='bbox 1894 5457 1971 5500; x_wconf 77' lang='lat' dir='ltr'><strong><em>ex</em></strong></span> <span class='ocrx_word' id='word_1_654' title='bbox 2001 5441 2142 5501; x_wconf 84' lang='lat' dir='ltr'><strong><em>cod.</em></strong></span> <span class='ocrx_word' id='word_1_655' title='bbox 2177 5443 2379 5504; x_wconf 70' lang='lat' dir='ltr'><strong><em>\&quot;etic.</em></strong></span> 
     </span>
    </p>
   </div>
   <div class='ocr_carea' id='block_1_89' title="bbox 219 5545 2079 5616">
    <p class='ocr_par' dir='ltr' id='par_1_89' title="bbox 219 5545 2079 5616">
     <span class='ocr_line' id='line_1_89' title="bbox 219 5545 2079 5616; baseline -0.001 -15"><span class='ocrx_word' id='word_1_656' title='bbox 219 5549 266 5616; x_wconf 95' lang='grc'><strong>1)</strong></span> <span class='ocrx_word' id='word_1_657' title='bbox 293 5549 353 5600; x_wconf 85' lang='lat' dir='ltr'><strong><em>&#39;H</em></strong></span> <span class='ocrx_word' id='word_1_658' title='bbox 383 5545 470 5599; x_wconf 82' lang='grc' dir='ltr'><strong><em>διὰ</em></strong></span> <span class='ocrx_word' id='word_1_659' title='bbox 493 5546 592 5615; x_wconf 82' lang='grc' dir='ltr'><strong><em>τῆς</em></strong></span> <span class='ocrx_word' id='word_1_660' title='bbox 624 5545 1137 5616; x_wconf 25' lang='grc' dir='ltr'><strong><em>κινναϐάρεως-περ.</em></strong></span> <span class='ocrx_word' id='word_1_661' title='bbox 1780 5559 1949 5616; x_wconf 84' lang='grc' dir='ltr'><em>τισεν,</em></span> <span class='ocrx_word' id='word_1_662' title='bbox 1975 5554 2079 5599; x_wconf 89' lang='lat' dir='ltr'><strong><em>etc.</em></strong></span> 
     </span>
    </p>
   </div>
   <div class='ocr_carea' id='block_1_90' title="bbox 212 5614 1799 5688">
    <p class='ocr_par' dir='ltr' id='par_1_90' title="bbox 212 5614 1135 5688">
     <span class='ocr_line' id='line_1_90' title="bbox 212 5614 1135 5688; baseline -0.008 -16"><span class='ocrx_word' id='word_1_663' title='bbox 212 5614 265 5676; x_wconf 71' lang='lat'><strong>‘3)</strong></span> <span class='ocrx_word' id='word_1_664' title='bbox 288 5614 624 5688; x_wconf 78' lang='grc' dir='ltr'><em>’ῼκοδύμητο,</em></span> <span class='ocrx_word' id='word_1_665' title='bbox 654 5626 786 5688; x_wconf 59' lang='grc' dir='ltr'><em>ςιο..</em></span> <span class='ocrx_word' id='word_1_666' title='bbox 823 5616 893 5666; x_wconf 89' lang='lat' dir='ltr'><strong><em>ita</em></strong></span> <span class='ocrx_word' id='word_1_667' title='bbox 922 5626 975 5666; x_wconf 89' lang='lat' dir='ltr'><strong><em>et</em></strong></span> <span class='ocrx_word' id='word_1_668' title='bbox 999 5614 1135 5666; x_wconf 83' lang='lat' dir='ltr'><strong><em>inira</em></strong></span> 
     </span>
    </p>
   </div>
   <div class='ocr_carea' id='block_1_91' title="bbox 708 5614 2295 5688">
    <p class='ocr_par' dir='ltr' id='par_1_91' title="bbox 708 5614 2295 5688">
     <span class='ocr_line' id='line_1_91' title="bbox 708 5614 2295 5688; baseline 0.001 -21"><span class='ocrx_word' id='word_1_669' title='bbox 708 5632 786 5676; x_wconf 47' lang='grc' dir='ltr'><strong>γρ..</strong></span> <span class='ocrx_word' id='word_1_670' title='bbox 823 5616 893 5666; x_wconf 81' lang='lat' dir='ltr'><strong><em>ita</em></strong></span> <span class='ocrx_word' id='word_1_671' title='bbox 922 5626 975 5666; x_wconf 87' lang='lat' dir='ltr'><strong><em>et</em></strong></span> <span class='ocrx_word' id='word_1_672' title='bbox 999 5614 1135 5666; x_wconf 78' lang='lat' dir='ltr'><strong><em>inira</em></strong></span> <span class='ocrx_word' id='word_1_673' title='bbox 1968 5614 2295 5688; x_wconf 56' lang='grc' dir='ltr'><em>διηγεῖσθαι.</em></span> 
     </span>
    </p>
   </div>
   <div class='ocr_carea' id='block_1_92' title="bbox 211 5615 2346 5803">
    <p class='ocr_par' dir='ltr' id='par_1_92' title="bbox 211 5615 2346 5803">
     <span class='ocr_line' id='line_1_92' title="bbox 211 5615 2296 5803; baseline -0.002 -131"><span class='ocrx_word' id='word_1_674' title='bbox 211 5615 265 5676; x_wconf 67' lang='grc' dir='ltr'><strong><em>Ξ)</em></strong></span> <span class='ocrx_word' id='word_1_675' title='bbox 288 5617 624 5688; x_wconf 78' lang='grc' dir='ltr'><em>’ῼκοδύμητο,</em></span> <span class='ocrx_word' id='word_1_676' title='bbox 659 5626 786 5676; x_wconf 73' lang='lat' dir='ltr'><strong><em>etc...</em></strong></span> <span class='ocrx_word' id='word_1_677' title='bbox 823 5616 893 5666; x_wconf 81' lang='lat' dir='ltr'><strong><em>ita</em></strong></span> <span class='ocrx_word' id='word_1_678' title='bbox 922 5626 975 5666; x_wconf 87' lang='lat' dir='ltr'><strong><em>et</em></strong></span> <span class='ocrx_word' id='word_1_679' title='bbox 999 5615 1135 5666; x_wconf 79' lang='lat' dir='ltr'><strong><em>inira</em></strong></span> <span class='ocrx_word' id='word_1_680' title='bbox 1853 5615 1929 5803; x_wconf 64' lang='lat'><strong>(5;)</strong></span> <span class='ocrx_word' id='word_1_681' title='bbox 1968 5615 2296 5698; x_wconf 74' lang='grc' dir='ltr'><em>Διηγεῖσοαι.</em></span> 
     </span>
     <span class='ocr_line' id='line_1_93' title="bbox 211 5683 2346 5767; baseline -0.001 -26"><span class='ocrx_word' id='word_1_682' title='bbox 211 5689 263 5757; x_wconf 80' lang='lat'><strong>3)</strong></span> <span class='ocrx_word' id='word_1_683' title='bbox 299 5689 475 5756; x_wconf 82' lang='grc' dir='ltr'><strong>Λέγει⁶</strong></span> <span class='ocrx_word' id='word_1_684' title='bbox 516 5687 592 5740; x_wconf 83' lang='grc' dir='ltr'><strong><em>Οὐ</em></strong></span> <span class='ocrx_word' id='word_1_685' title='bbox 626 5683 788 5747; x_wconf 75' lang='grc' dir='ltr'><em>οἶκος,</em></span> <span class='ocrx_word' id='word_1_686' title='bbox 826 5695 927 5738; x_wconf 87' lang='lat' dir='ltr'><strong><em>etc.</em></strong></span> <span class='ocrx_word' id='word_1_687' title='bbox 1851 5686 1904 5756; x_wconf 85' lang='lat'><strong>(6</strong></span> <span class='ocrx_word' id='word_1_688' title='bbox 1966 5685 2346 5767; x_wconf 40' lang='lat' dir='ltr'><strong><em>Aiwvsou,‘etc.</em></strong></span> 
     </span>
     <span class='ocr_line' id='line_1_94' title="bbox 213 5751 2344 5803; baseline 0 0"><span class='ocrx_word' id='word_1_689' title='bbox 213 5759 262 5803; x_wconf 78' lang='grc' dir='ltr'><strong><em>ιι</em></strong></span> <span class='ocrx_word' id='word_1_690' title='bbox 299 5757 441 5803; x_wconf 68' lang='grc' dir='ltr'><strong><em>Φημὶ</em></strong></span> <span class='ocrx_word' id='word_1_691' title='bbox 471 5756 525 5803; x_wconf 79' lang='grc' dir='ltr'><em>δὲ</em></span> <span class='ocrx_word' id='word_1_692' title='bbox 559 5756 692 5803; x_wconf 70' lang='grc' dir='ltr'><strong>μετὰ</strong></span> <span class='ocrx_word' id='word_1_693' title='bbox 719 5755 814 5803; x_wconf 72' lang='grc' dir='ltr'><strong><em>τὴν</em></strong></span> <span class='ocrx_word' id='word_1_694' title='bbox 850 5753 1238 5803; x_wconf 72' lang='grc' dir='ltr'><em>αἱνααλωσίαν.</em></span> <span class='ocrx_word' id='word_1_695' title='bbox 1266 5754 1327 5803; x_wconf 73' lang='grc' dir='ltr'><strong><em>ἣν</em></strong></span> <span class='ocrx_word' id='word_1_696' title='bbox 1355 5751 1674 5803; x_wconf 66' lang='grc' dir='ltr'><strong><em>ἐξηγμαλὼ-</em></strong></span> <span class='ocrx_word' id='word_1_697' title='bbox 1853 5757 1868 5803; x_wconf 87' lang='lat' dir='ltr'><strong><em>l</em></strong></span> <span class='ocrx_word' id='word_1_698' title='bbox 1917 5755 1933 5803; x_wconf 85' lang='lat' dir='ltr'><strong><em>l</em></strong></span> <span class='ocrx_word' id='word_1_699' title='bbox 1971 5752 2046 5803; x_wconf 77' lang='grc' dir='ltr'><strong><em>Οὐ</em></strong></span> <span class='ocrx_word' id='word_1_700' title='bbox 2081 5754 2344 5803; x_wconf 68' lang='grc' dir='ltr'><em>τολμῶσιν</em></span> 
     </span>
    </p>
   </div>
   <div class='ocr_carea' id='block_1_93' title="bbox 197 5751 2363 5829">
    <p class='ocr_par' dir='ltr' id='par_1_93' title="bbox 197 5751 2363 5829">
     <span class='ocr_line' id='line_1_95' title="bbox 197 5751 2363 5829; baseline -0.001 -19"><span class='ocrx_word' id='word_1_701' title='bbox 197 5751 262 5829; x_wconf 77' lang='grc' dir='ltr'><strong><em>(ι)</em></strong></span> <span class='ocrx_word' id='word_1_702' title='bbox 471 5756 525 5809; x_wconf 84' lang='grc' dir='ltr'><em>δὲ</em></span> <span class='ocrx_word' id='word_1_703' title='bbox 558 5756 692 5826; x_wconf 78' lang='grc' dir='ltr'><strong>μετὰ</strong></span> <span class='ocrx_word' id='word_1_704' title='bbox 719 5755 814 5826; x_wconf 80' lang='grc' dir='ltr'><strong>τὴν</strong></span> <span class='ocrx_word' id='word_1_705' title='bbox 850 5753 1238 5824; x_wconf 72' lang='grc' dir='ltr'><em>αἰχμαλωσίαν,</em></span> <span class='ocrx_word' id='word_1_706' title='bbox 1266 5754 1327 5824; x_wconf 83' lang='grc' dir='ltr'><strong><em>ἦν</em></strong></span> <span class='ocrx_word' id='word_1_707' title='bbox 1355 5751 1674 5826; x_wconf 76' lang='grc' dir='ltr'><strong><em>ὲξῃχμαλὼ-</em></strong></span> <span class='ocrx_word' id='word_1_708' title='bbox 1853 5751 1933 5826; x_wconf 81' lang='grc'>(7)</span> <span class='ocrx_word' id='word_1_709' title='bbox 1971 5752 2046 5806; x_wconf 78' lang='grc' dir='ltr'><strong><em>Οὐ</em></strong></span> <span class='ocrx_word' id='word_1_710' title='bbox 2081 5754 2363 5825; x_wconf 78' lang='grc' dir='ltr'><em>τολμῶσιν.</em></span> 
     </span>
    </p>
   </div>
  </div>
