4018 6464
633 353 769 407 1067
1452 347 1508 402 S.
1549 345 1921 400 ATHANASII
1961 345 2110 400 OPP.
2154 345 2331 401 PARS
2370 347 2461 400 Ill.
2502 376 2570 387 —
2607 345 3022 403 EXEGETICA.
3751 351 3876 404 1068

700 471 782 524 17.
815 469 878 524 Ει
903 470 1308 524 exsultarerunt
1338 466 1458 521 ﬁliae
1487 466 1659 531 Judce,
2218 469 2264 526 Α

2363 465 2448 521 17.
2481 466 2590 518 Καὶ
2620 465 3018 535 ἡγαλλιέιταντο
3048 467 3103 517 αἱ
3136 465 3433 537 θυγατέρες
3457 467 3558 538 τῆς
3602 469 3871 530 Ἰουδαίας,

699 561 785 616 18.
820 559 1045 628 Propter
1073 561 1273 631 judicia
1303 569 1415 614 tua.
1449 558 1698 613 Domine.

2371 556 2458 609 18.
2489 557 2710 610 Ἕνεκεν
2739 561 2847 612 τῶν
2881 558 3164 629 χριμάτων
3192 575 3307 622 σου,
3339 558 3530 630 Κύριε.

697 655 780 708 19.
799 654 1062 719 Quoniam
1097 664 1152 708 tu
1170 652 1433 707 Dominus
1462 651 1763 706 altissimus
1791 663 1954 718 super
1974 663 2191 703 omnem

2190 695 2191 701 η
2370 646 2456 700 19.
2482 648 2601 701 Ὅτι
2629 649 2692 701 σὺ
2724 649 2927 719 Κύριος
2951 651 3170 720 ὕψιστος
3199 651 3291 704 ἐπὶ
3322 653 3501 705 πᾶσαν
3526 652 3625 722 τὴν
3650 651 3777 719 γῆν·

629 759 822 802 terram
858 763 872 800 :

693 840 782 894 20.
818 838 992 894 Nimis
1019 838 1288 894 exaltatus
1315 853 1374 893 es
1396 852 1559 908 super
1581 851 1771 892 omnes
1803 835 1957 890 deos.

2366 831 2454 884 20.
2481 831 2688 903 Σφόδρα
2714 831 3078 904 ὑπερυψώθης
3105 834 3246 905 ὑπὲρ
3276 835 3485 898 πάντας
3516 836 3646 897 τοὺς
3703 832 3872 896 θεούς.

690 932 777 985 21.
812 931 916 998 Qui
943 930 1164 1000 diligitis
1197 930 1504 994 Dominum,
1539 930 1686 985 odite
1710 929 1942 993 malum;

2367 921 2454 977 21.
2481 924 2542 974 Οἱ
2571 923 2890 991 ἀγαπῶντες
2914 923 3005 976 τὸν
3035 924 3258 995 Κύριον,
3294 928 3500 995 μισεῖτε
3533 926 3769 996 πονηρά·

688 1024 778 1078 22.
799 1023 1046 1077 Custodit
1068 1020 1330 1076 Dominus
1350 1023 1560 1077 animas
1583 1031 1894 1076 sanctorum
1922 1035 2147 1076 suorum
2171 1034 2184 1070 :

2365 1011 2452 1064 22.
2486 1012 2751 1065 Φυλάσσει
2780 1012 2982 1084 Κύριος
3001 1012 3100 1076 τὰς
3127 1013 3306 1084 ψυχὰς
3327 1013 3433 1066 τῶν
3467 1015 3629 1067 ὁσίων
3658 1016 3841 1069 αὐτοῦ·

690 1116 779 1168 23.
816 1114 889 1169 De
923 1130 1080 1169 manu
1113 1114 1410 1182 peccatoris
1440 1113 1691 1168 liberabit
1720 1127 1836 1167 eos.

2365 1103 2453 1156 23.
2501 1105 2594 1156 Ἐκ
2624 1104 2804 1175 χειρὸς
2835 1104 3158 1178 ἁμαρτωλοῦ
3191 1106 3413 1178 ῥύσεται
3442 1106 3665 1172 αύτούς.

689 1206 776 1259 24.
813 1204 928 1258 Lux
961 1215 1078 1259 orta
1111 1215 1194 1258 est
1220 1205 1369 1273 justo
1404 1221 1418 1259 :

2362 1193 2450 1248 25.
2480 1195 2597 1259 Φῶς
2620 1194 2857 1249 ἀνέτειλε
2883 1197 2958 1266 τῷ
2983 1197 3193 1267 δικαίῳ·

689 1299 778 1352 25.
809 1297 871 1352 Et
901 1298 1063 1352 rectis
1090 1297 1252 1351 corde
1283 1297 1486 1351 laetitia.

2361 1285 2448 1339 25.
2473 1285 2584 1339 Καὶ
2605 1289 2714 1349 τοῖς
2735 1286 2916 1340 εύθέσι
2942 1290 3007 1357 τῇ
3037 1288 3232 1359 καρδίᾳ
3261 1287 3587 1360 εὐφροσύνη.

688 1390 775 1444 26.
811 1386 1095 1442 Laetamini
1121 1386 1252 1456 justi
1285 1386 1337 1440 in
1365 1386 1634 1442 Domino:

2361 1377 2449 1430 26.
2476 1379 2851 1451 Εὐφράνθητε,
2881 1380 3094 1447 δίκαιοι,
3119 1384 3176 1435 ὲν
3197 1381 3274 1452 τῷ
3299 1383 3489 1453 Κυρίῳ
3506 1399 3519 1413 ⁶

687 1479 775 1532 27.
803 1478 867 1532 Et
888 1478 1220 1532 conﬁtemini
1252 1478 1529 1533 memoriae
1573 1476 2017 1532 sanctiﬁcationis
2041 1476 2180 1546 ejus.

2359 1468 2559 1523 27.Ka‘t
2573 1469 2969 1541 ἐξομολογεῖσθε
2982 1476 3047 1544 τῇ
3068 1476 3250 1545 μνήμῃ
3264 1474 3360 1545 τῆς
3375 1471 3685 1544 ἁγιωσύνης
3695 1471 3874 1527 αὐτοῦ.

900 1570 1150 1623 Psalmus
1188 1570 1378 1624 David.
1414 1568 1615 1623 PSAL.
1651 1567 1893 1622 XCVII.

2608 1564 2854 1632 Ψαλμὸς
2879 1563 2958 1629 τῷ
2989 1566 3185 1620 Δαϐίδ.
3227 1570 3400 1620 ΨΑΛ.
3434 1569 3555 1633 ιιῑν.

694 1665 739 1718 l.
770 1663 994 1718 Cantate
1019 1662 1244 1717 Domino
1274 1662 1545 1716 canticum
1573 1675 1772 1713 novum
1806 1677 1821 1724 ;

1808 1677 1821 1724 ;
2365 1656 2414 1708 1.
2451 1657 2654 1726 ’ᾼσατε
2686 1656 2764 1727 τῷ
2796 1657 2986 1730 Κυρίῳ
3010 1653 3161 1730 ᾆσμα
3182 1659 3365 1712 καινόν
3384 1675 3395 1687 ·

687 1759 740 1810 2.
776 1755 910 1822 Quia
941 1755 1208 1809 mirabilia
1234 1753 1362 1808 fecit
1395 1753 1675 1807 Dominus.

2362 1748 2416 1801 2.
2447 1750 2568 1800 Ὅτι
2603 1747 2893 1819 θαυμαστὰ
2917 1751 3169 1822 ἐποίησεν
3190 1754 3217 1804 ὁ
3249 1751 3473 1822 Κύριος.

689 1848 740 1899 3.
780 1847 818 1899 ὃ
855 1847 1016 1899 Ivavit
1045 1860 1172 1899 eum
1200 1843 1420 1898 dextera
1451 1843 1593 1912 ejus.
2225 1835 2266 1889 Β

2225 1835 2266 1889 Β
2366 1839 2416 1892 ὅ.
2456 1839 2699 1890 Ἔσωσεν
2725 1840 2886 1893 αὑτὸν
2921 1841 3131 1912 ήδεξιὰ
3162 1841 3327 1895 αὑτοῦ
3361 1858 3371 1868 ·

687 1938 740 1990 4.
771 1937 836 1991 Et
862 1938 1144 1991 brachium
1176 1945 1426 1990 sanctum
1456 1934 1596 2004 ejus.

2362 1931 2411 1983 ὁ.
2445 1932 2555 1984 Καὶ
2586 1933 2613 1983 ὁ
2642 1930 2881 2001 βραχίων
2901 1932 2930 1983 ὁ
2954 1930 3107 1999 ἆγιος
3133 1931 3317 1985 αὑτοῦ.

688 2027 738 2081 5.
775 2025 974 2082 Notum
1009 2026 1132 2082 fecit
1165 2026 1424 2079 Dominus
1458 2023 1696 2078 salutare
1731 2036 1890 2076 suum
1921 2037 1935 2075 :

2358 2021 2409 2076 5.
2459 2021 2749 2092 Ἐγνώρισε
2780 2021 2982 2094 Κύριος
3012 2022 3074 2075 τὸ
3101 2025 3361 2094 σωτήριον
3382 2022 3547 2076 αὐτοῦ
3571 2040 3582 2051 ·

687 2118 738 2174 6.
795 2117 849 2170 In
921 2125 1216 2186 conspectu
1293 2114 1531 2184 gentium
1597 2112 1855 2167 revelavit
1919 2111 2188 2181 justitiam

2359 2111 2409 2164 6.
2451 2112 2721 2164 Ἑναντίον
2746 2111 2854 2165 τῶν
2893 2111 3062 2165 ἐθνῶν
3109 2112 3426 2181 ἀπεκάλυψε
3469 2113 3566 2184 τὴν
3600 2113 3873 2167 δικαιοσύ-

618 2226 794 2266 suam.

2286 2221 2385 2274 νην
2410 2203 2592 2257 αὐτοῦ.

1733 2381 2109 2439 ATHANASII
2147 2381 2742 2439 INTERPRETATIO.

686 2548 772 2603 17.
808 2547 1016 2600 Animae
1044 2552 1387 2608 sanctorum,
1431 2549 1484 2596 et
1520 2555 1643 2612 quae.
1673 2542 1924 2611 reposita:
1963 2546 2092 2595 sunt
2126 2540 2180 2593 in

2360 2538 2448 2592 17.
2476 2539 2540 2590 Αἱ
2591 2537 2762 2608 ψυχαὶ
2787 2536 2894 2590 τῶν
2932 2535 3126 2605 ἁγίων,
3158 2538 3251 2591 καὶ
3288 2539 3365 2611 (1)
3407 2539 3771 2612 ἀνακείμεναι
3813 2548 3876 2615 τῇ

614 2653 846 2707 superna
871 2634 1224 2688 Hierusalem.

1214 2673 1224 2686 .
2288 2629 2400 2684 ἄνω
2433 2629 2801 2699 Ἰερουσαλήμ.

683 2731 770 2785 18.
787 2729 1012 2800 Propter
1027 2742 1247 2796 ea,quaa
1263 2726 1331 2779 de
1357 2725 1513 2779 nobis
1539 2722 1874 2789 deliberasti,
1899 2732 1952 2776 et
1979 2720 2180 2777 fecisti.

2355 2721 2441 2775 18.
2465 2723 2688 2774 Ἕνεκεν
2708 2715 2782 2774 ὧν
2803 2720 3103 2775 ἐϐουλεύσω
3125 2722 3253 2794 περὶ
3274 2726 3306 2794 ή
3315 2723 3450 2794 μῶν,
3471 2727 3568 2778 καὶ
3588 2726 3873 2794 ἐποίησας.

681 2826 769 2880 19.
804 2823 1074 2889 Quoniam
1105 2831 1195 2887 tu,
1237 2817 1484 2885 Domine,
1516 2816 1849 2888 gloriﬁcatus
1877 2831 1937 2870 es
1975 2814 2030 2868 in
2059 2815 2181 2868 uni-

2355 2813 2442 2868 19.
2481 2813 2604 2865 Ὅτι
2637 2813 2702 2865 σὺ
2739 2808 2789 2864 εἷ
2838 2813 3242 2884 δεδοξασμένοις,
3274 2816 3470 2887 Κύριε,
3520 2820 3577 2869 ὲν
3605 2818 3776 2870 παντὶ
3804 2817 3879 2887 τῷ

611 2933 768 2972 verso
798 2913 1022 2970 mundo.

904 2913 1022 2968 ndo.
2281 2904 2491 2974 κόσμῳ.

678 3008 768 3062 20.
800 3005 938 3062 Vere
962 3006 1366 3060 demonstratus
1394 3017 1473 3068 es,
1497 3001 1644 3072 quod
1669 3009 1726 3054 tu
1753 3014 1813 3054 es
1841 2998 1990 3054 solus
2009 2996 2176 3064 Deus,

2346 2996 2436 3051 20.
2477 2994 2720 3068 Ἀληθῶς
2772 2995 3040 3068 ὲδείχθης,
3093 2998 3175 3051 ὅτι
3210 2998 3275 3052 σὺ
3309 2993 3360 3051 εἷ
3394 2997 3527 3060 Θεὸς
3561 2997 3639 3068 (2)
3694 2999 3873 3070 μόνος.

609 3115 716 3157 non
750 3107 931 3154 autem
963 3098 1061 3164 illi,
1095 3097 1189 3166 qui
1219 3096 1292 3150 dii
1325 3095 1601 3149 dicuntur.

1436 3101 1601 3148 tntur.
2282 3087 2344 3140 ού
2369 3087 2478 3156 γὰρ
2502 3090 2550 3140 οἱ
2581 3087 2860 3158 λεγόμενοι
2895 3087 3023 3144 θεοί.

675 3192 766 3246 21.
815 3190 1107 3259 Diligentes
1134 3186 1424 3242 Dominum
1466 3185 1637 3256 fugite
1672 3199 1835 3241 omne
1866 3193 2173 3254 peccatum.
2203 3181 2252 3242 Ο

2349 3180 2438 3232 21.
2473 3181 2534 3231 Οἱ
2593 3179 2914 3246 ἀγαπῶντες
2969 3181 3059 3234 τὸν
3121 3179 3348 3253 Κύριον,
3405 3181 3635 3251 φεύγετε
3693 3183 3875 3236 πᾶσαν

2280 3271 2576 3343 ἁμαρτίαν.

676 3373 768 3428 22.
800 3372 1103 3428 Colentium
1134 3386 1282 3426 eum.

2349 3362 2437 3416 22.
2467 3360 2585 3413 Τῶν
2611 3361 2918 3431 σεϐομένων
2943 3362 3107 3417 αὐτόν

675 3468 765 3522 25.
799 3465 878 3518 Ex
909 3464 1108 3518 diaboli
1139 3469 1422 3532 potestate.

2348 3454 2438 3508 2'5.
2481 3454 2574 3506 Ἐκ
2607 3455 2706 3523 τῆς
2729 3455 2821 3508 τοῦ
2852 3455 3100 3509 διαϐόλου
3133 3453 3471 3517 δυναστείας.

675 3555 764 3608 21.
799 3554 984 3607 Gratia
1012 3567 1108 3605 sua
1145 3552 1197 3603 in
1229 3549 1486 3604 cordibus
1509 3547 1769 3603 ﬁdelium.

2347 3546 2435 3600 24.
2468 3546 2577 3616 Τὴν
2611 3548 2770 3618 χάριν
2807 3545 2906 3619 [Ἥ
2940 3545 3122 3620 χάρις]
3151 3547 3315 3602 αὑτοῦ
3365 3548 3424 3599 ὲν
3449 3547 3568 3608 ταῖς
3618 3547 3872 3619 καρδίαις

2279 3637 2387 3690 τῶν
2419 3637 2494 3708 (4)
2523 3638 2748 3692 πιστῶν.

675 3730 764 3785 25.
798 3730 862 3783 Et
893 3728 1111 3783 mundis
1136 3728 1301 3785 corde
1335 3727 1567 3796 Spiritus
1600 3727 1720 3796 ejus
1751 3735 1995 3782 sanctus.

2350 3728 2439 3781 25.
2470 3730 2579 3780 Καὶ
2608 3728 2682 3797 (5)
2737 3731 2847 3791 τοῖς
2901 3728 3161 3799 καθαροῖς
3197 3731 3264 3799 τῇ
3295 3731 3492 3803 καρδίᾳ
3530 3734 3594 3786 τὸ
3637 3732 3873 3803 Πνεῦμα

2280 3817 2444 3870 αὑτοῦ
2475 3818 2534 3870 τὸ
2568 3818 2739 3886 ἅγιον.

676 3901 765 3968 26,
795 3901 884 3954 27.
918 3900 1216 3966 Exsultate,
1259 3909 1313 3954 et
1352 3899 1646 3970 gluriﬁcate
1691 3916 1815 3955 eum
1848 3903 2171 3959 memoriam

2351 3907 2420 3961 26
2439 3949 2453 3972 ,
2485 3908 2574 3964 27.
2608 3909 2985 3977 Ἀγαλλιᾶσθε,
3021 3911 3116 3965 καὶ
3147 3912 3397 3978 δοξάζετε
3424 3915 3610 3980 αὑτὸν,
3649 3933 3867 3986 μνημο-

609 3995 866 4049 habentes
901 3994 1202 4048 sanctitatis
1246 3993 1384 4062 ejus,
1427 4009 1534 4063 qua
1578 3994 1900 4049 sanctiﬁcati
1935 3997 2086 4060 estis,
2122 4007 2176 4053 et

2280 3998 2526 4062 νεύοντες
2547 3997 2640 4051 τοῦ
2681 4000 2954 4072 ἁγιασμοῦ
2988 4000 3062 4072 (6)
3079 4003 3269 4072 αὐτοῦ,
3297 4000 3357 4059 οὗ
3407 4005 3736 4078 ἡγιάσθητε,
3773 4007 3866 4059 καὶ

607 4100 705 4140 vos
737 4084 1056 4140 sanctiﬁcat.

2279 4091 2492 4159 ἁγιάζει
2526 4091 2687 4162 ὑμᾶς.

686 4222 751 4273 Ἦ
785 4217 1117 4290 προκειμένη
1139 4216 1416 4288 ἐπιγραφὴ
1445 4216 1689 4286 περιέχει
1719 4215 1827 4286 (71⁸
1870 4217 2112 4286 Ψαλμὸς
2131 4218 2210 4285 τῷ
2234 4222 2431 4288 Δαϐὶδ,
2458 4225 2705 4276 τουτέστι
2733 4223 2813 4290 τῷ
2833 4226 3017 4295 ἱκανῷ
3041 4228 3117 4299 τῇ
3145 4230 3319 4300 χειρὶ,
3340 4231 3419 4302 τῷ
3461 4231 3656 4304 Κυρίῳ
3705 4232 3864 4305 ἡμῶν

620 4315 793 4389 Ἰησοῦ
823 4312 1059 4385 Χριστῷ.

677 4408 890 4463 Titulus
918 4407 1239 4476 prszpositus
1275 4405 1520 4460 continet
1557 4423 1570 4459 :
1608 4403 1858 4459 Psalmus
1889 4404 2090 4471 David,
2124 4411 2228 4463 hoc
2255 4418 2338 4464 est
2366 4426 2528 4462 manu
2562 4411 2714 4479 forti,
2758 4411 2993 4470 Domino
3020 4424 3215 4471 nostro
3244 4413 3375 4474 Jesu
3397 4417 3640 4476 Christo.

674 4520 725 4571 1.
758 4517 1035 4570 Mundum.
2203 4524 2248 4578 ι)

2203 4524 2248 4578 D
2349 4521 2399 4574 1.
2426 4521 2697 4595 Καθαρόν.

673 4611 726 4662 2.
760 4607 814 4660 In
853 4618 1012 4660 terra.

2350 4610 2400 4663 2.
2447 4613 2568 4666 Ἐπὶ
2600 4613 2700 4683 τῆς
2732 4614 2854 4684 γῆς.

673 4702 723 4754 5.
757 4699 926 4755 Filius
961 4700 1080 4766 ejus
1108 4699 1396 4768 acquisivit
1431 4713 1624 4754 omnes
1651 4699 1755 4754 sibi
1784 4699 1909 4770 ipsi,
1942 4709 1996 4755 et
2020 4700 2168 4782 Patri

2348 4703 2401 4756 3.
2446 4704 2504 4755 '0
2538 4705 2662 4768 Υἱὸς
2683 4706 2850 4760 αὐτοῦ
2887 4710 3310 4782 περιεποιήσατο
3334 4712 3544 4778 πάντας
3571 4712 3650 4785 (8)
3675 4715 3859 4787 ἑαυτῷ

596 4808 717 4848 suo.
2277 4793 2470 4865 καὶτῷ
2503 4796 2678 4867 Πατρὶ
2707 4798 2892 4855 αὑτοῦ.

665 4886 718 4938 4.
755 4882 1072 4954 Unigenitus
1096 4881 1236 4936 Dcus
1259 4880 1520 4936 Verbum.

2343 4882 2399 4938 4.
2445 4883 2506 4935 '0
2542 4887 2837 4957 μονογενὴς
2855 4887 2985 4952 Θεὸς
3006 4889 3195 4959 Λόγος.

666 4976 716 5028 5.
751 4973 1109 5028 Manifestavit
1143 4971 1301 5026 Pater
1331 4971 1529 5026 Filium
1561 4990 1743 5029 suum.

2336 4971 2387 5028 5.
2437 4975 2806 5049 Ἐφανέρωσεν
2834 4983 2862 5033 ὁ
2886 4983 3075 5054 Πατὴρ
3097 4983 3187 5035 τὸν
3215 4985 3341 5039 Υῑδν
3379 4985 3567 5043 αὐτοῦ.

662 5065 715 5118 6.
754 5065 853 5119 l’er
889 5061 1326 5133 praailicationem
1370 5065 1627 5119 revelavit
1665 5065 1825 5120 Pater
1861 5063 2160 5121 Dominum

2339 5069 2390 5122 6.
2427 5068 2524 5121 Διὰ
2545 5069 2637 5121 τοῦ
2676 5073 3028 5144 κηρύγματος
3051 5078 3402 5150 ἀπεκάλυψεν
3445 5081 3474 5132 ὁ
3514 5081 3710 5154 Πατὴρ
3763 5085 3854 5137 τὸν

594 5167 840 5212 nostrum
860 5155 986 5212 Jcsu
997 5171 1044 5207 ιιι
1073 5153 1360 5210 Christum

2268 5160 2473 5232 Κύριον
2503 5160 2660 5231 ὴμῶν
2694 5165 2902 5236 Ἰησοῦν
2932 5168 3184 5224 Χοιστόν.

1536 5347 1841 5412 Addenda
1871 5354 1932 5410 et
1987 5348 2363 5427 corrigenda
2395 5367 2475 5412 ex
2510 5352 2652 5415 cod.
2694 5349 2894 5412 Vatic.

661 5518 736 5587 (-l)
771 5519 833 5567 At
867 5530 963 5587 pro
990 5518 1100 5568 καί.

2335 5515 2412 5587 (5)
2442 5517 2550 5570 Καί
2577 5518 2739 5571 deest.

659 5583 733 5665 (ἓ)
776 5587 831 5665 Ὦ
862 5585 1013 5665 φεόέν
1042 5594 1167 5665 Ῥὲθολ
1212 5654 1223 5665 ,
2337 5583 2414 5665 (ἒ)
2458 5588 2820 5665 ζᾼχεάᾳμᾳτος
2847 5587 3034 5665 αὐτος).
3065 5583 3127 5645 οὗ
3153 5587 3457 5665 ἡγιάσθη...
3478 5593 3653 5664 ἡμᾶς.

659 5658 731 5731 (ᾗ)
763 5656 930 5731 ἑὺτὸν
959 5658 1014 5707 ἐν
1036 5653 1280 5731 αλῃθεςᾳ.
2336 5657 2414 5731 t7)
2454 5653 2769 5731 βῌδιὰσῆς
2804 5653 3460 5731 κινναϐάρεως’ἇτεριέχει.

657 5726 730 5795 (4)
763 5725 866 5778 Τοῦ
897 5724 1085 5777 πιστοῦ
1110 5724 1259 5778 λαοῦ.
2337 5726 2411 5796 (8)
2439 5727 2592 5798 Αὐτῷ
2618 5724 2848 5792 πάντας.
