4018 6446
650 343 787 398 1075
1492 353 1546 407 S.
1590 354 1956 413 ATHANASII
1998 359 2147 415 OPP.
2190 364 2368 422 PARS
2404 366 2492 422 HI.
2536 400 2599 408 —
2642 369 3047 428 EXEGETICA.
3753 377 3882 431 1076

723 492 804 546 ιν.
841 491 906 546 Et
938 508 1109 562 usque
1149 494 1202 546 in
1243 496 1682 564 generationem,
1720 510 1774 554 et
1812 503 2209 571 generationem
2245 487 2284 542 Α

2386 487 2472 540 12.
2504 487 2613 540 Καὶ
2644 488 2747 552 ἕως
2768 492 2961 558 γενεᾶς
2992 492 3084 543 καὶ
3113 492 3303 559 γενεᾶς
3324 490 3572 564 [γενεῶν]
3600 494 3632 563 ἡ
3665 495 3888 568 ἀλήθεια

650 581 1074 653 [generationes]
1108 584 1308 638 veritas
1333 585 1472 654 ejus.
2311 573 2495 627 αυτοῦ.

1018 673 1276 729 Ρεαιπιιιε
1306 675 1497 731 David.
1527 677 1729 735 PSAL.
1762 680 1803 736 C

2632 668 2878 737 Ψαλμός
2908 668 2987 734 τῷ
3012 670 3211 725 Δαϐίδ.
3251 673 3424 726 ΨΑΛ.
3462 676 3538 727 P'.

721 768 770 820 1.
806 765 1230 822 Misericordiam
1258 779 1311 822 et
1338 768 1606 838 judicium
1651 775 1883 827 cantabo
1926 774 2055 841 tibi,
2108 774 2212 830 Do-

2005 775 2055 841 i,
2108 774 2212 830 Do-
2381 771 2433 826 1.
2466 773 2655 827 Ἐλεον
2689 775 2781 826 καὶ
2818 774 2998 845 κρίσιν
3031 776 3230 846 ᾄσομαί
3260 794 3360 842 σοι,
3394 780 3590 849 Κύριε·

648 860 792 914 mine
816 877 829 912 :
1357 910 1371 925 ,

712 951 767 1004 2.
809 949 1045 1005 Psallam
1096 960 1150 1006 et
1205 950 1504 1023 intelligam
1566 953 1622 1007 in
1675 954 1761 1008 via
1823 955 2207 1021 immaculata,

2377 951 2430 1004 εὶ.
2456 951 2628 1005 Ψαλῶ
2672 953 2766 1006 καὶ
2805 955 3019 1025 συνήσω
3048 956 3105 1008 ὲν
3130 955 3234 1025 ὁδῷ
3265 954 3481 1026 ἀμώμῳ
3500 998 3514 1019 ,
3563 957 3699 1009 πότε
3738 959 3887 1027 ἥξεις

645 1042 862 1111 quando
890 1042 1074 1098 venies
1096 1044 1160 1098 ad
1194 1058 1302 1099 me.

972 1042 1074 1098 iies
1096 1044 1160 1098 ad
1194 1058 1302 1099 me.
2310 1041 2446 1113 πρὸς
2474 1042 2559 1112 μέ.

715 1136 767 1189 '5.
802 1135 1251 1190 Perambulabam
1310 1136 1366 1189 in
1418 1136 1730 1192 innocentia
1778 1137 1963 1192 cordis
2003 1137 2111 1191 mei
2156 1137 2210 1190 in

2376 1134 2428 1187 5.
2462 1135 2868 1207 Διεπορευόμην
2900 1136 2958 1189 ὲν
3003 1137 3210 1208 ἀκακία
3238 1137 3463 1208 καρδίας
3504 1155 3606 1208 μου
3640 1140 3705 1191 ὲν
3740 1138 3886 1209 μέσῳ

646 1224 824 1278 medio
855 1223 1055 1279 domus
1085 1239 1239 1282 mem.

1142 1239 1239 1282 σω.
2308 1224 2401 1278 τοῦ
2429 1226 2574 1279 οἴκου
2611 1245 2729 1297 μου.

714 1315 765 1369 4.
801 1313 919 1369 Non
976 1315 1347 1385 proponebam
1400 1321 1526 1371 ante
1561 1316 1746 1371 oculos
1783 1331 1932 1371 meos
1975 1332 2089 1371 rem
2130 1316 2213 1371 in-

2378 1316 2434 1369 4.
2475 1318 2549 1369 Οὐ
2595 1319 2959 1390 προετιθέμην
3005 1320 3383 1393 [προεθέμην]
3433 1322 3538 1393 πρὸ
3592 1322 3885 1392 ὀφθαλμῶν

637 1407 841 1476 justam
871 1425 884 1461 :

2314 1425 2415 1477 μου
2444 1411 2677 1480 πρᾶγμα
2710 1411 3025 1482 παράνομον
3043 1428 3058 1444 ·

712 1498 763 1552 5.
800 1497 1083 1553 Facientes
1124 1498 1600 1568 praevaricationes
1626 1498 1791 1553 odivi.

2378 1500 2431 1554 5.
2467 1499 2762 1563 Ποιοῦντας
2792 1502 3128 1571 παραϐάσεις
3158 1503 3412 1574 ἐμίσησα.

711 1592 764 1645 6.
800 1588 918 1645 Non
949 1589 1180 1645 adhaesit
1203 1590 1339 1645 mihi
1364 1606 1461 1645 cor
1490 1606 1719 1660 pravum
1748 1608 1760 1643 :

2378 1590 2431 1643 6.
2460 1592 2574 1644 Οὐκ
2604 1592 2864 1663 ἐκολλήθη
2900 1611 2987 1663 μοι
3017 1593 3214 1666 καρδία
3245 1597 3462 1667 σκαμϐη
3483 1612 3498 1627 ·

710 1684 763 1738 7.
801 1682 1169 1739 Declinantem
1217 1699 1247 1738 a
1298 1697 1386 1737 me
1430 1682 1727 1753 malignum
1772 1698 1880 1737 non
1915 1698 2211 1753 cognosce-

2384 1683 2437 1737 7.
2478 1682 2845 1747 Ἐκκλίνοντος
2871 1685 2965 1737 ἀπ’
3000 1686 3133 1757 ἐμοῦ
3158 1686 3252 1740 τοῦ
3278 1688 3536 1758 πονηροῦ,
3572 1689 3674 1741 οὐκ
3698 1688 3886 1757 ἐγίνω-

639 1777 784 1830 ham.

2316 1790 2441 1827 σκον
2448 1814 2462 1827 .

710 1867 762 1919 8.
800 1865 1185 1921 Detrahentem
1222 1871 1433 1918 secreto
1463 1865 1719 1934 proximo
1758 1877 1878 1931 suo,
1913 1864 2056 1918 hunc
2082 1878 2206 1933 per-
2240 1843 2280 1900 Β

2382 1866 2432 1919 8.
2470 1865 2575 1918 Τὸν
2606 1866 3007 1921 καταλαλοῦντα
3041 1868 3217 1941 λάθρα
3247 1870 3337 1923 τὸν
3367 1871 3592 1942 πλησίον
3612 1871 3732 1943 [τοῦ
3757 1873 3879 1940 πλη-

640 1959 926 2028 sequebar.

2315 1956 2452 2028 σίου]
2482 1958 2669 2021 αὑτοῦ,
2695 1958 2883 2013 τοῦτον
2915 1959 3214 2024 ὲξεδίωκον.

709 2053 762 2105 9.
795 2050 1042 2121 Superbo
1083 2050 1264 2117 oculo,
1295 2059 1349 2105 et
1396 2047 1693 2104 insatiabili
1728 2046 1907 2110 corde,
1944 2061 2067 2101 cum
2102 2045 2204 2101 lioc

2382 2048 2435 2103 9.
2475 2048 2841 2121 ’Υπερηφάνῳ
2889 2050 3149 2123 ὀφθαλμῷ
3174 2093 3189 2118 ,
3238 2055 3330 2106 καὶ
3362 2054 3622 2126 ἀπλήστῳ
3658 2056 3886 2128 καρδίᾳ,

639 2157 746 2197 non
778 2141 1023 2197 edebam.
1738 2163 1744 2168 ·

1738 2163 1744 2168 ·
2309 2137 2481 2207 τούτῳ
2508 2139 2569 2190 οὐ
2598 2139 2899 2207 συνήσθιον.

711 2232 799 2285 10.
827 2231 984 2285 Oculi
1014 2232 1121 2285 mei
1148 2230 1215 2285 ad
1244 2229 1428 2285 ﬁdeles
1458 2237 1615 2283 terra:
1639 2268 1653 2288 ,

2377 2228 2463 2281 10.
2502 2230 2563 2281 Οί
2597 2229 2863 2299 ὀφθαλμοί
2892 2248 2992 2301 μου
3026 2233 3119 2285 ὲπι
3142 2250 3268 2294 τους
3297 2251 3520 2299 πιστονῖ
3552 2254 3652 2307 της
3690 2253 3814 2307 τηςι

707 2323 794 2378 11.
832 2321 903 2379 Ut
927 2322 1148 2378 sedeant
1175 2323 1276 2392 ipsi
1304 2335 1551 2376 mecum-

2381 2317 2467 2370 11.
2506 2316 2612 2369 Τοῦ
2645 2320 3017 2391 συγκαθῆσθαι
3042 2322 3236 2385 αὐτοὺς
3264 2326 3379 2394 μετ’
3410 2327 3563 2396 ἐμοῦ.

709 2416 798 2470 12.
822 2416 1121 2472 Ambulans
1163 2416 1218 2469 in
1259 2415 1343 2468 via
1400 2410 1745 2467 immaculata
1767 2450 1782 2475 ,
1819 2411 1906 2465 hic
1939 2409 2071 2464 mihi
2102 2410 2205 2463 mi-

2379 2406 2465 2458 12.
2502 2408 2874 2479 Πορευόμενος
2926 2413 2986 2464 ὲν
3158 2412 3405 2487 ἀμώμῳ,
3442 2412 3594 2482 οὗτός
3624 2439 3717 2490 μοι
3756 2422 3887 2474 ἐλει-

640 2508 924 2564 nistrabat.

2307 2496 2397 2550 τού
2407 2514 2545 2568 ργει.

1762 2656 2139 2715 ATHANASII
2181 2656 2766 2716 INTERPRETATIO.

708 2827 797 2882 12.
830 2826 899 2879 Et
922 2825 1056 2882 fides
1084 2825 1199 2897 ejus
1228 2825 1577 2895 sempiterna.

2387 2818 2472 2871 l9...
2498 2818 2609 2872 Καὶ
2641 2820 2675 2888 ὴ
2711 2818 2889 2883 πίστις
2919 2819 3083 2873 αὐτοῦ
3111 2820 3481 2891 ἀτελεύτητος.

719 2942 784 2994 Ἦ
809 2939 1151 3012 προκειμένη
1181 2936 1460 3009 ἐπιγραφὴ
1495 2934 1741 3006 περιέχει
1772 2933 1847 3002 (1)
1869 2949 1884 2963 ο
1921 2930 2167 2999 Ψαλμὸς
2197 2929 2278 2995 τῷ
2311 2930 2487 2983 Δαϐὶδ
2505 2968 2521 2995 ,
2568 2930 2812 2983 τουτέστι
2871 2929 2952 2997 τῷ
2992 2930 3417 2999 εὐαρεστοῦντι
3447 2931 3518 2985 ἐν
3549 2932 3703 2987 πᾶσι
3747 2932 3888 3005 Θεῷ,

652 3032 1041 3105 Ἐρμηνεύεται
1065 3032 1173 3101 γὰρ
1192 3028 1270 3100 τῷ
1293 3028 1369 3099 (2)
1391 3025 1483 3081 τοῦ
1515 3024 1693 3080 Δαϐὶδ
1715 3023 1885 3094 ὄνομα
1905 3022 2119 3076 τοῦτον
2147 3021 2404 3090 ἐποίησα
2428 3020 2785 3094 [ﬁrmanda],
2812 3022 3012 3075 ὡσανεὶ
3038 3022 3144 3075 τῶν
3160 3024 3218 3074 ὲν
3248 3025 3383 3076 πᾶσι
3408 3021 3526 3094 Θεῷ
3548 3023 3885 3095 εὐαρεστῶν⁸

705 3126 921 3182 Titulus
944 3124 1266 3194 prmpositus
1292 3122 1537 3176 continet
1569 3138 1584 3174 :
1622 3118 1874 3172 Psalmus
1903 3116 2108 3183 David,
2148 3116 2254 3170 hoc
2284 3124 2363 3171 est
2393 3117 2441 3169 ei
2462 3157 2477 3182 ,
2514 3116 2604 3184 qui
2640 3118 2695 3168 in
2735 3118 2975 3169 omnibus
3006 3116 3291 3185 complacet
3329 3116 3457 3171 Deo.
3493 3116 3892 3189 Interpretatur

641 3221 785 3275 enim
823 3216 995 3271 David
1022 3230 1217 3270 nomen
1240 3214 1374 3267 hunc
1403 3213 1501 3282 feci
1526 3208 1760 3282 [dilexi],
1793 3224 1986 3278 nempe
2019 3223 2169 3272 eum,
2195 3208 2310 3278 qui:
2338 3208 2392 3261 in
2428 3205 2686 3261 omnibus
2718 3206 2828 3261 Deo
2853 3208 3173 3277 complacet.

710 3309 764 3363 1.
796 3306 1213 3362 Benelicentiam
1252 3314 1399 3357 tuam
1422 3343 1436 3365 ,
1481 3311 1536 3356 et
1579 3300 1738 3353 [idem
1779 3310 1927 3353 tuam
1976 3299 2204 3353 medita-
2233 3309 2276 3366 ο

2379 3297 2431 3350 1.
2463 3297 2573 3369 Τὴν
2602 3297 2845 3351 εὐποιίαν
2873 3315 2964 3351 σου
2994 3300 3086 3351 καὶ
3109 3299 3208 3368 τὴν
3241 3298 3421 3351 πίστιν
3447 3316 3540 3351 σου
3577 3301 3885 3371 μελετήσω,

642 3404 762 3465 bor,
798 3399 1047 3455 Domine.

920 3402 1047 3453 iine.
2313 3388 2507 3459 Κύριε.

711 3496 764 3548 9..
801 3492 1136 3562 lntelligam,
1177 3504 1298 3560 quae
1327 3486 1555 3558 psallam
1594 3486 1650 3540 in
1684 3484 1848 3540 corde
1890 3497 2045 3554 puro,
2081 3496 2206 3537 cum

2381 3477 2435 3531 2.
2488 3476 2754 3549 Ἐννοήσω
2805 3477 2880 3547 (5)
2921 3477 3065 3547 ἅπερ
3110 3478 3263 3548 ψαλῶ
3310 3480 3366 3532 ἐν
3412 3479 3608 3550 καρδίᾳ
3652 3480 3892 3552 καθαρᾷ,

642 3584 968 3641 inliabitabit
995 3584 1048 3638 in
1080 3597 1165 3638 me
1192 3581 1365 3653 gratia
1386 3590 1502 3645 tua,
1540 3577 1788 3632 Domine.

2311 3572 2439 3625 ὅταν
2468 3570 2833 3643 ἐπισκηνώσει
2867 3574 2900 3641 ἡ
2931 3573 3088 3642 χάρις
3116 3589 3231 3636 σου,
3260 3573 3452 3643 Κύριε.

711 3676 765 3730 5.
800 3674 1193 3731 Permanebam
1250 3673 1305 3726 in
1336 3669 1702 3725 exsultatione
1759 3665 1943 3721 cordis
1995 3662 2101 3718 mei
2155 3662 2210 3716 in

2379 3663 2431 3715 '5.
2461 3662 2740 3715 Διετέλουν
2796 3664 2854 3714 ὲν
2904 3662 3225 3730 ἀγαλλιάσει
3266 3664 3364 3732 τῆς
3409 3664 3636 3731 καρδίας
3683 3683 3791 3736 μευ
3842 3670 3894 3719 ἐν

641 3770 819 3824 medio
863 3769 1232 3822 membrorum
1271 3778 1539 3818 meorum.

1385 3778 1539 3817 vrum.
2316 3754 2465 3825 μέσῳ
2496 3754 2602 3807 τῶν
2638 3753 2814 3824 μελῶν
2852 3772 2972 3825 μου.

714 3862 766 3915 4.
802 3858 919 3915 Non
952 3858 1133 3927 recepi
1164 3857 1219 3910 in
1248 3863 1429 3910 mente
1456 3854 1639 3909 cordis
1666 3852 1771 3907 mei
1810 3866 1925 3906 rem
1961 3862 2207 3919 pravam.

2385 3846 2437 3899 4.
2473 3846 2587 3899 Οὐκ
2620 3845 2880 3917 ἐδεχόμην
2923 3848 2980 3899 ἐν
3017 3848 3082 3917 τῇ
3126 3845 3334 3916 διανοίᾳ
3380 3844 3477 3916 τῆς
3519 3844 3751 3917 καρδίας
3794 3865 3894 3919 μου

2313 3940 2464 4008 πρᾶγ
2472 3955 2546 4008 μα
2574 3936 2648 4007 (4)
2683 3937 2932 4008 πονηρόν.

709 4040 763 4094 5.
799 4036 1170 4108 Cogitationes
1218 4031 1536 4086 diabolieas.

2384 4033 2436 4086 5.
2481 4029 2837 4103 Ἐνθυμήσεις
2870 4031 3208 4102 δαιμονικάς.

712 4125 765 4176 b‘.
807 4119 1066 4175 Doctrina
1089 4116 1311 4172 diaboli.

2384 4123 2436 4175 6.
2468 4121 2796 4175 Διδασκαλία
2826 4121 2917 4174 τοῦ
2950 4122 3214 4177 διαϐόλου.

716 4215 772 4267 ’7.
805 4211 1119 4266 Absistente
1145 4221 1338 4277 parum
1372 4222 1402 4259 a
1443 4221 1529 4259 me
1560 4203 1820 4274 maligno,
1847 4217 1955 4256 non
1990 4210 2213 4257 cuncta-

2382 4212 2436 4266 7.
2479 4212 2872 4283 Ἀφισταμένου
2925 4215 3117 4285 μικρὸν
3165 4215 3259 4267 ἀπ’
3293 4214 3427 4285 ἐμοῦ
3469 4214 3565 4268 τοῦ
3615 4215 3894 4288 πονηροῦ,

644 4310 766 4371 bar,
791 4304 886 4362 sed
914 4301 1292 4372 inspiciebam.

2313 4302 2411 4355 οὲκ
2439 4304 2670 4374 ἤμελλον
2698 4304 2796 4373 (5),
2828 4304 2941 4358 ἀλλ’
2977 4306 3225 4376 ὲνηφόρῳ
3259 4304 3624 4380 [ἐναφώρων].

716 4401 767 4452 8.
800 4393 1200 4466 Cogitationem
1252 4397 1627 4461 suggerentem
1668 4386 1801 4442 mibi
1845 4385 2048 4455 aliquid
2089 4400 2214 4454 pra-

2384 4394 2437 4451 8.
2482 4396 2584 4447 Τὺν
2616 4396 2873 4467 λογισμὸν
2902 4397 2992 4450 τὸν
3024 4397 3400 4451 ὑποϐάλλοντά
3431 4398 3521 4469 μοί
3560 4417 3614 4451 τι
3658 4401 3894 4471 πονηρὸν

644 4504 772 4542 vum
822 4494 1017 4541 contra
1055 4484 1294 4553 aliquem
1339 4481 1622 4535 hominem
1654 4479 1939 4549 ejiciebam
1985 4494 2013 4534 e
2049 4479 2213 4542 corde

2315 4486 2459 4540 κατά
2491 4504 2633 4550 τινος
2657 4487 2765 4540 τῶν
2798 4487 3096 4560 ἀνθρώπων
3124 4488 3375 4554 ἐξέϐαλον
3417 4491 3482 4542 ἐκ
3526 4491 3626 4562 τῆς
3669 4493 3894 4563 καρδίας

646 4594 789 4633 meo.
2318 4598 2439 4649 μου.

713 4669 768 4725 9.
813 4667 1024 4723 Sensus
1075 4667 1384 4737 superbiae,
1436 4672 1491 4718 et
1541 4663 1782 4718 avaritiae
1832 4679 1941 4716 non
1995 4662 2105 4716 alui
2155 4662 2207 4716 in
2240 4668 2285 4721 D

2391 4669 2445 4723 9.
2488 4670 2843 4741 Ἐνθυμήσεις
2880 4670 2956 4741 (6)
2994 4670 3369 4742 ὑπερηφανίας
3402 4672 3495 4725 καὶ
3533 4672 3892 4744 φιλαργυρίαξ

644 4762 809 4819 corde
842 4773 986 4815 meo.
2319 4761 2417 4812 οὐκ
2443 4759 2671 4831 ἔτρεφον
2698 4763 2753 4815 ὲν
2776 4764 2842 4832 τῇ
2874 4762 3068 4833 καρδίᾳ
3103 4779 3224 4833 μου.

715 4852 802 4917 10,
832 4851 918 4907 11.
946 4849 1098 4906 Mens
1146 4865 1267 4904 mea
1308 4849 1362 4903 in
1409 4847 1700 4917 praeceptis
1742 4846 1874 4909 tuis,
1909 4854 1971 4899 ut
2000 4860 2215 4914 perma-

2395 4850 2484 4916 10,
2523 4853 2608 4908 11.
2663 4853 2967 4907 Ἐ’διάνοιά
2998 4871 3100 4924 μου
3135 4856 3192 4906 ἐν
3232 4858 3345 4919 τοῖς
3379 4856 3765 4927 προστάγμασί
3810 4858 3894 4909 σοί

644 4953 812 4999 neant
844 4944 963 5012 ipsa
997 4943 1054 4997 in
1082 4940 1248 4998 corde
1279 4956 1418 4995 meo.

2322 4945 2438 4995 ἐστι
2462 4942 2557 4996 τοῦ
2586 4944 2859 5016 διαμένειν
2883 4946 3023 4999 αὐτὰ
3047 4948 3105 4997 ὲν
3133 4948 3196 5017 τῇ
3226 4947 3421 5017 καρδίᾳ.
3454 4965 3576 5017 μου.

716 5036 803 5091 12.
844 5036 1084 5105 Spiritus
1117 5042 1341 5089 sanctus
1378 5042 1506 5086 tuus
1550 5032 1640 5085 hic
1694 5030 1825 5085 mihi
1874 5029 2216 5085 ministrabat

2400 5035 2486 5087 12.
2534 5036 2606 5088 Τὸ
2641 5035 2867 5109 Πνεῦμά
2900 5053 2992 5090 σου
3034 5036 3093 5090 τὺ
3120 5037 3272 5105 ἇγιον
3306 5037 3459 5091 τοῦτό
3508 5040 3584 5109 (7)
3629 5057 3721 5109 μοι
3768 5040 3874 5091 ἕλει

645 5132 873 5199 gratiam
910 5140 1080 5184 tuam.

2319 5127 2540 5198 τούργει
2567 5128 2665 5201 τὴν
2688 5130 2845 5201 χάριν
2868 5146 2980 5183 σου.

1603 5299 1909 5362 Addenda
1947 5310 2008 5359 et
2044 5302 2421 5381 corrigenda
2452 5322 2530 5366 ex
2562 5307 2701 5368 cod.
2734 5308 2937 5369 Vatic.

714 5452 791 5521 (Ι)
826 5453 888 5504 'H
917 5450 1004 5503 διὰ
1032 5454 1127 5521 τῆς
1164 5449 1533 5521 κινναϐάρεως
1558 5445 1835 5521 περιέχει.
2037 5516 2050 5521 _
2198 5516 2208 5521 _
2394 5450 2469 5521 (4)
2503 5452 2694 5520 Λόγον.

719 5514 793 5588 (‘2)
838 5522 911 5574 Τὸ
936 5521 1029 5592 τοῦ
1062 5514 1223 5574 Ᾰαϐὶδ
1262 5514 1461 5592 ὄνομα,
1491 5514 1678 5570 τοῦτον
1712 5514 1974 5585 ἐπόθησα,
2022 5516 2221 5569 ὡσανεὶ
2398 5514 2475 5592 (ᾤ’)
2518 5514 2801 5592 Ἦμέλουν,
2831 5522 2945 5576 ἀλλ’
2979 5520 3177 5590 gmw),

646 5590 1463 5663 τὺνηὲ.-εὺαρεστοῦνταη
1630 5657 1641 5663 _
1834 5657 1846 5663 _
2104 5662 2107 5663 ν
2394 5590 2471 5663 (li)
2509 5590 2854 5663 Ἐνθύμησιν,
2882 5602 3009 5658 ete.,
3041 5593 3281 5663 ἔτρεφον,
3310 5600 3415 5648 etc.

716 5660 1019 5732 (3)“1’116),
1058 5655 1151 5714 καὶ
1195 5665 1403 5732 τδνήσω
1427 5660 1581 5732 ,ἅπερ
1615 5655 1800 5727 ψάλλω
1831 5657 1907 5723 ἐν,
1937 5668 2065 5723 ctc.,
2099 5662 2218 5713 ἐπι·
2509 5663 2645 5715 Αὐτό
2671 5655 2785 5731 μοι.

651 5730 935 5801 σκηνώσει,
973 5743 1076 5786 ctc.
