4018 6456
199 403 328 455 1077
1217 401 1304 454 DE
1351 403 1624 458 ’l'lTULlS
1663 405 2112 462 PSALMORUM.
2153 439 2221 450 —
2253 408 2445 467 PSAL.
2482 411 2566 464 CI.
3307 416 3440 469 1078

268 517 349 570 1'5.
399 516 471 568 Οὐ
514 513 748 584 κατῴκει
798 515 854 565 ἐν
891 514 1040 586 μέσῳ
1081 517 1178 586 τῆς
1223 519 1401 581 οἰκίας
1454 537 1553 588 μου
1604 521 1770 572 ποιῶν
1799 529 1845 583 Α

1955 522 2036 575 15.
2081 521 2196 576 Νοη
2226 524 2502 578 habitabat
2529 527 2582 579 iu
2622 525 2801 580 medio
2828 524 3021 580 domus
3050 541 3209 591 mea,
3241 529 3332 596 qui
3359 528 3437 583 fa-

191 609 590 679 ὑπερηφανίαν.

1872 611 1944 663 cit
1979 612 2306 678 superbiam.

267 700 352 753 14.
400 699 590 751 Λαλῶν
646 699 840 764 ἄδικα,
892 701 952 753 οὐ
1007 700 1334 754 κατεύθυνεν
1384 704 1613 757 ἐνώπιον
1661 705 1767 758 τῶν

1948 700 2036 753 14.
2069 701 2170 767 Qui
2201 704 2442 772 loquitur
2467 705 2678 776 iniqua,
2707 723 2811 761 non
2840 707 3033 762 direxit
3064 708 3116 760 in
3148 718 3437 777 conspectu

187 791 483 859 ὀφθαλμῶν
522 809 640 860 μου.

1872 793 2152 846 oculorum
2194 810 2456 848 meorum.

263 883 348 935 15.
384 883 475 944 Εἰς
505 882 602 943 τὰς
630 884 841 952 πρωΐας
859 883 1176 936 ἀπέκτεινον
1198 884 1541 955 (ἀπέκτενον)
1561 884 1764 947 πάντας

1948 884 2036 936 15.
2070 883 2127 936 1η
2161 887 2427 941 matutino
2461 889 2848 943 interﬁciebam
2894 905 3083 944 omnes
3125 898 3437 959 peccatores

184 977 313 1036 τοὺς
346 974 702 1044 ἁμαρτωλοὺς
731 975 828 1044 τῆς
854 976 988 1044 γῆς,
1865 982 2042 1028 ιρι-τω.

260 1067 349 1121 16.
377 1067 480 1119 Τοῦ
527 1066 900 1137 ἐξολοθρεῦσαι
939 1069 1002 1120 ἐκ
1052 1067 1256 1130 πόλεως
1305 1069 1509 1139 Κυρίου
1557 1069 1763 1132 πάντας

1939 1067 2024 1120 16.
2063 1067 2129 1123 Ut
2183 1070 2551 1139 disperderem
2598 1072 2666 1125 de
2712 1071 2928 1126 civitate
2979 1070 3196 1126 Domini
3247 1087 3435 1126 omnes

183 1160 313 1222 τοὺς
347 1159 746 1229 ἐργαζομένους
772 1159 871 1230 τὴν
900 1160 1146 1229 ἀνομίαν.

968 1160 1146 1229 ομίαν.
1867 1175 2159 1234 operantes
2195 1160 2555 1230 iniquitatem.

183 1273 503 1342 Προσευχὴ
535 1273 615 1338 τῷ
653 1271 883 1341 πτωχῷ,
917 1270 1060 1323 ὅταν
1102 1271 1426 1339 ἀκηὸιάσνῃ,
1456 1271 1552 1323 καὶ
1581 1271 1760 1322 ἐναν-

1871 1276 2054 1332 Oratio
2095 1277 2343 1344 pauperi,
2373 1290 2492 1327 cum
2533 1275 2723 1326 anxius
2762 1275 2953 1343 fuerit,
2987 1284 3033 1328 et
3077 1275 3130 1326 in
3165 1283 3435 1341 conspectu

257 1373 387 1421 τίον
466 1370 684 1436 Κυρίου
789 1365 968 1435 ἐκχέῃ
1039 1367 1152 1435 τὴν
1246 1367 1459 1435 δέησιν
1549 1367 1756 1421 αὑτοῦ.

1707 1367 1756 1421 ῡ.
2004 1369 2217 1422 Domini
2251 1368 2493 1436 eﬂ'udzrit
2518 1383 2715 1435 precem
2757 1386 2929 1422 suam.
2963 1367 3164 1424 PSAL.
3198 1367 3294 1424 CI.

264 1448 438 1512 ΤΑΑ.
479 1457 610 1512 PA'.

263 1553 314 1607 1.
353 1552 543 1622 Κύριε,
580 1550 896 1603 εἰσάκουσον
923 1550 1019 1618 τῆς
1047 1549 1352 1618 προσευχῆς
1379 1567 1477 1620 μου
1498 1567 1510 1580 ·

1475 1567 1510 1593 .-
1937 1548 1986 1600 1.
2023 1547 2270 1609 Domine,
2303 1547 2498 1602 exaudi
2523 1547 2824 1603 orationem
2849 1564 3024 1604 meam
3052 1569 3062 1579 ·

256 1643 311 1695 2.
347 1643 455 1694 Καὶ
479 1644 511 1710 ἡ
548 1642 759 1711 κραυγὴ
797 1659 896 1711 μου
925 1639 1059 1710 πρὸς
1093 1641 1151 1693 σὲ
1182 1641 1400 1694 ἐλθέτω.

1306 1659 1400 1694 τω.
1929 1635 1982 1688 2.
2017 1635 2083 1690 Et
2103 1636 2309 1690 clamor
2346 1651 2500 1691 meus
2523 1637 2589 1690 ad
2623 1646 2673 1691 te
2696 1629 2893 1691 veniat.

336 1734 424 1802 Μὴ
456 1732 802 1803 ἀποστρέψῃς
831 1731 890 1784 τὸ
915 1731 1204 1802 πρόσωπόν
1240 1750 1331 1784 σου
1355 1733 1446 1785 ἀπ’
1474 1734 1606 1802 ἐμοῦ
1631 1751 1642 1763 ·

1387 1733 1446 1784 π’
1474 1734 1606 1802 ἐμοῦ
1631 1751 1642 1763 ·
1929 1729 1982 1782 5.
2008 1727 2124 1782 Non
2148 1738 2362 1784 avertas
2395 1729 2587 1784 faciem
2619 1740 2765 1785 tuam
2793 1747 2824 1787 a
2849 1748 2934 1787 me
2963 1751 2974 1763 ·

253 1824 306 1874 4.
346 1823 434 1874 Ἑν
531 1823 597 1877 ἂν
631 1823 814 1894 ἡμέρᾳ
856 1823 1143 1894 θλίϐωμαι,
1190 1823 1366 1876 κλῖνον
1412 1823 1546 1893 πρὸς
1594 1823 1660 1894 μὲ
1694 1823 1754 1876 τὸ
1784 1872 1825 1925 Β

1927 1821 1980 1873 4.
2013 1820 2069 1873 In
2102 1837 2430 1891 quacunque
2470 1823 2556 1876 die
2599 1823 2849 1889 tribulor,
2882 1823 3081 1876 inclina
3125 1822 3191 1874 ad
3219 1837 3304 1876 me
3335 1837 3431 1876 au-

171 1912 270 1977 οἷις
306 1931 419 1967 σου.

1784 1912 1823 1925 ⁵’
1853 1927 1966 1965 rem
2004 1920 2173 1965 tuam.

251 2005 302 2056 5.
351 2006 438 2057 Ἐν
561 2005 625 2058 ἂν
666 2006 848 2077 ἡμέρᾳ
882 2005 1288 2075 ἐπικαλέσωμαί
1333 2021 1418 2068 σε,
1464 2007 1599 2074 ταχὺ
1649 2006 1746 2056 ἐπ-

1922 2003 1974 2055 5.
2008 2002 2064 2055 In
2131 2018 2463 2073 quacunque
2518 2003 2606 2058 die
2661 2004 2984 2058 invocavero
3039 2011 3113 2066 te,
3171 2002 3429 2058 velociter

170 2098 309 2148 ἀκου
319 2097 408 2147 σόν
445 2113 562 2166 μου.

1848 2095 2042 2148 exaudi
2068 2111 2171 2150 me.

245 2186 298 2240 G.
332 2188 452 2240 Ὅτι
481 2187 727 2252 ἐξέλιπον
751 2189 881 2240 ὡσεὶ
914 2187 1116 2248 καπνὸς
1140 2187 1194 2238 αἱ
1223 2185 1423 2256 ἡμέραι
1457 2203 1558 2255 μου
1579 2200 1595 2216 ο

1917 2184 1971 2237 6.
2007 2184 2145 2249 Quia
2184 2184 2502 2241 defecerunt
2540 2185 2682 2240 sicut
2707 2185 2891 2242 fumus
2924 2186 3042 2241 dies
3066 2186 3214 2240 mei:

247 2279 298 2332 7.
332 2280 440 2331 Καὶ
472 2279 538 2332 τὰ
581 2280 713 2331 ὀστᾶ
759 2295 857 2348 μου
891 2278 1022 2331 ὡσεὶ
1051 2277 1278 2348 φρύγιον
1311 2276 1742 2347 συνεφρύγησαν.

1556 2293 1742 2346 γησαν.
1923 2276 1974 2332 7.
2009 2276 2074 2332 Ει
2102 2292 2224 2332 ossa
2251 2293 2372 2332 mea
2400 2279 2542 2333 sicut
2571 2277 2837 2332 cremium
2863 2286 3143 2332 aruerunt.

1299 2431 1676 2486 ATHANASII
1708 2430 2300 2488 INTERPRETATIO.

247 2589 335 2644 13.
364 2591 437 2644 Οὐ
464 2588 696 2661 κατῴκει
729 2589 806 2660 (1)
830 2591 886 2644 ἐν
913 2591 980 2659 τῇ
1009 2587 1204 2658 καρδίᾳ
1235 2603 1336 2656 μου
1367 2585 1629 2658 λογισμὸς
1648 2585 1742 2638 τοῦ

1931 2587 2013 2640 l3.
2049 2585 2166 2641 Non
2194 2585 2476 2642 habitabat
2517 2587 2572 2641 in
2612 2588 2776 2643 corde
2814 2603 2938 2643 meo
2975 2588 3242 2643 diabolica
3278 2589 3419 2659 cosi-

163 2681 439 2734 διαϐόλου
478 2679 483 2690 ’
1856 2680 2004 2733 tatio.

245 2770 345 2823 14.‘
392 2767 807 2839 ’Υποτιθέμενός
860 2785 946 2838 μοι
996 2767 1322 2836 ἐνθυμήσεις
1381 2766 1598 2828 ἀδίκους
1649 2765 1749 2817 οὐκ

1929 2771 2017 2822 14.
2057 2769 2368 2838 Subjicteus
2427 2773 2563 2826 mihi
2620 2773 2978 2844 cogitationes
3029 2771 3260 2843 injustas
3313 2789 3421 2826 non

165 2862 395 2928 ἴσχυσεν
429 2861 486 2912 ἐν
514 2861 578 2930 τῇ
604 2859 814 2928 διανοίᾳ
845 2876 967 2928 μου.

1854 2861 2139 2929 praevaluit
2160 2863 2214 2914 in
2240 2871 2421 2917 mente
2440 2879 2579 2917 mea.

243 2951 336 3006 15.
372 2951 458 3002 Ἐν
489 2951 597 3021 γὰρ
624 2953 690 3020 τῇ
722 2949 902 3020 χάριτί
930 2966 1022 3001 σου
1049 2948 1412 3018 φωτιζόμενον
1437 2946 1514 3016 (2)
1544 2944 1748 3006 πάντας

1927 2951 2014 3006 15.
2049 2953 2187 3006 Nam
2207 2955 2382 3023 gratia
2412 2966 2500 3008 tua
2544 2955 2879 3008 illuminatus
2919 2970 3109 3010 omnes
3151 2971 3245 3010 eos
3280 2971 3424 3010 mor-

161 3043 372 3103 αὐτοὺς
403 3043 626 3112 νεκροὺς
652 3042 906 3094 ἀπέλυον.

859 3058 906 3094 ν.
1853 3046 1978 3097 tuos
2011 3043 2052 3073 ’ί
2089 3043 2446 3097 dimittebam.

243 3134 334 3189 16.
368 3133 471 3185 Τοῦ
504 3132 802 3202 ἀπορρῖψαι
847 3134 910 3183 ἐκ
958 3132 1034 3201 (5)
1076 3132 1174 3200 τῆς
1205 3130 1429 3201 καρδίας
1478 3147 1575 3200 μου
1610 3128 1742 3180 πάν-

1925 3132 2013 3185 16.
2049 3130 2118 3185 Ut
2139 3134 2459 3202 projicerem
2489 3149 2553 3188 ex
2576 3135 2741 3190 corde
2769 3151 2890 3190 meo
2920 3151 3110 3190 omnes
3134 3145 3420 3205 opcrantes

163 3244 269 3289 τας
304 3226 429 3287 τοὺς
456 3223 856 3294 ἐργαζομένους
887 3224 986 3294 τὴν
1032 3224 1283 3294 ἀνομίαν,
1314 3223 1408 3276 καὶ
1440 3222 1616 3284 πάσας
1648 3221 1743 3283 τὰς

1852 3222 2212 3293 iniquitatem,
2253 3234 2306 3279 et
2350 3240 2541 3281 omnes
2582 3227 2939 3296 cogitationes
2985 3227 3418 3282 adversariarum

162 3317 499 3386 ἐνθυμήσεις
532 3315 637 3369 τῶν
667 3315 924 3370 ἐναντίων
955 3316 1252 3385 δυνάμεων.

614 3335 637 3369 ν
667 3315 924 3370 ἐναντίων
955 3316 1252 3385 δυνάμεων.
1773 3349 1814 3404 C
1851 3323 2201 3385 potestatum.

255 3451 320 3500 Ἠ
356 3449 688 3518 προκειμένη
722 3447 1000 3518 ἐπιγραφὴ
1028 3447 1272 3518 περιέχει
1300 3445 1377 3516 (ί)
1401 3461 1413 3474 ·
1443 3443 1762 3514 Ιζοοσευχὴ
1797 3446 1876 3513 τῷ
1901 3449 2140 3519 πτωχῷ,
2171 3452 2414 3505 τουτέστι
2445 3452 2522 3518 τῷ
2547 3453 2890 3523 ἁμαρτωλῷ.
2925 3449 3080 3506 Εἶτα·
3110 3454 3253 3507 ὅταν
3280 3455 3424 3522 dani-

163 3548 378 3613 διάσῃ,
417 3546 613 3598 ὡσανεὶ
643 3546 768 3598 ὅταν
811 3549 890 3606 είς
937 3544 1242 3611 ἀπόγνωσιν
1285 3542 1413 3613 ἔλθῃ
1448 3541 1672 3593 ἐαυτοῦ·
1716 3543 1814 3596 καὶ
1853 3545 2131 3598 ἐναντίον
2159 3549 2379 3615 Κυρίου
2410 3549 2604 3617 ἐκχέει
2647 3549 2760 3617 τὴν
2791 3549 3001 3616 δέησιν
3033 3550 3248 3605 αὐτοῦ’
3285 3551 3425 3619 λέγω

163 3640 233 3707 δὴ
273 3637 564 3707 μετανοῶν,
592 3637 674 3704 ἐφ’
703 3631 898 3708 οἷσπερ
932 3635 1145 3707 ἐκρίψει
1186 3633 1374 3686 ἑαυτὸν
1403 3635 1488 3686 ἐπ’
1522 3633 1749 3703 ἐδάφους
1770 3677 1784 3700 ,
1813 3639 1906 3688 καὶ
1952 3636 2088 3707 μετὰ
2115 3637 2362 3709 δακρύων
2407 3639 2640 3710 ίσχυρῶν
2671 3641 2763 3692 καὶ
2793 3643 3114 3711 στεναγμῶν
3140 3643 3424 3715 ἀλαλήτων

165 3732 572 3801 ἐξομολογεῖται
599 3731 674 3801 τῷ
699 3730 886 3802 Κυρίῳ
912 3733 972 3783 οὐ
1003 3731 1260 3800 σχήματι,
1295 3727 1407 3782 ἀλλ’
1440 3725 1619 3799 ἔργοις
1645 3728 1737 3780 καὶ
1771 3726 1966 3797 λόγοις.

242 3846 460 3902 Titulus
495 3847 815 3917 praepositus
835 3844 1111 3900 continet:
1144 3843 1331 3898 Oratio
1377 3843 1619 3912 pauperi,
1653 3841 1760 3898 hoc
1800 3857 1887 3899 est
1916 3847 2201 3915 peccatori.
2236 3847 2439 3901 Deinde
2472 3865 2484 3900 :
2528 3864 2644 3900 cum
2679 3846 2870 3898 anxius
2903 3846 3083 3914 fuerit,
3113 3846 3335 3914 perinde
3361 3864 3424 3901 ac

165 3944 214 3995 si
245 3943 453 3995 diceret
485 3956 609 3995 cum
636 3941 691 3993 in
712 3939 1149 4009 desperationem
1177 3937 1263 3992 sui
1292 3937 1408 4005 ipse
1427 3937 1638 3991 venerit
1671 3947 1751 3991 :et
1777 3956 1956 3994 coram
1984 3941 2210 3997 Domino
2227 3944 2472 4012 effuderit
2496 3947 2908 4012 deprecationem
2936 3963 3107 4011 suam,
3129 3948 3419 4015 pos-nitens,

165 4037 419 4102 inquam,
451 4051 663 4100 eorum,
686 4049 786 4103 pro
806 4034 1004 4102 quibus
1025 4033 1263 4101 seipsum
1290 4032 1588 4099 prosternit
1614 4047 1778 4103 super
1808 4045 2034 4101 terram,
2059 4047 2111 4092 et
2142 4055 2264 4092 cum
2298 4041 2554 4108 laerymis
2577 4025 2790 4107 validis,
2814 4053 2868 4096 et
2892 4043 3180 4112 gemitibus
3205 4042 3419 4096 inenar-

167 4127 443 4182 ialtilibus
483 4127 772 4183 conﬁtetur
796 4129 1026 4184 Domino
1057 4146 1165 4185 non
1202 4131 1390 4185 habitu
1423 4132 1692 4200 corporis,
1721 4134 1816 4188 sed
1843 4136 2022 4190 verbis
2056 4145 2110 4189 et
2136 4137 2412 4205 Operibus.

246 4219 298 4271 1.
331 4216 523 4287 Κύριε,
553 4216 928 4281 είσελθέτωείς
944 4219 1011 4270 τὰ
1029 4213 1142 4271 ὦτά
1158 4236 1248 4271 σου
1269 4221 1302 4290 ἡ
1326 4222 1597 4291 προσευχὴ
1618 4237 1740 4290 μου.

1929 4226 1976 4278 1.
2011 4224 2258 4293 Domine,
2289 4226 2626 4296 ingrediatur
2655 4228 2708 4281 in
2746 4234 2903 4283 aures
2931 4239 3052 4286 tuas
3074 4229 3248 4286 oratio
3278 4248 3415 4286 mea.

239 4309 299 4361 ἓ.
331 4308 442 4377 Τῆς
467 4309 688 4377 καρδίας
716 4326 816 4379 μου
841 4311 868 4362 ὁ
899 4310 1216 4379 στεναγμός.

1024 4310 1216 4379 αγμός.
1923 4317 1976 4369 2.
2007 4317 2254 4372 Gemitus
2283 4319 2462 4372 cordis
2487 4320 2611 4374 mei.

242 4402 300 4454 5.
334 4400 434 4452 Διά
459 4401 554 4463 τὰς
587 4401 860 4471 ἁμαρτίας
891 4420 1010 4471 μου.

1923 4409 1976 4462 5.
2006 4407 2235 4477 PrOpter
2263 4415 2482 4477 peccata
2506 4423 2644 4462 mea.

241 4492 298 4544 4.
335 4492 508 4545 Μόνον
548 4491 861 4562 Θλιϐόμενον
894 4492 1255 4565 (θλιϐόμενος]
1284 4493 1360 4565 (5)
1391 4493 1568 4566 βοήσω
1610 4497 1745 4566 πρὸς

1551 4515 1568 4548 J
1610 4497 1745 4566 πρὸς
1926 4500 1982 4553 4.
2016 4499 2225 4564 Solum,
2262 4513 2384 4552 cum
2417 4499 2666 4566 tribulor,
2695 4500 2941 4554 clamabo
2969 4502 3036 4556 ad
3067 4511 3138 4556 te.

169 4599 254 4633 σε.

246 4674 300 4726 5.
336 4673 618 4743 Συντὸμως
645 4673 929 4746 πλήρωσον
965 4692 1066 4745 μου
1094 4674 1194 4745 τὴν
1226 4677 1459 4746 αἴτησιν.
1776 4651 1822 4706 D

1776 4651 1822 4706 Β
1924 4679 1978 4734 5.
2010 4677 2308 4733 Confestim
2334 4678 2496 4747 imple
2527 4677 2839 4747 petitionem
2872 4694 3067 4734 meam.

243 4762 300 4814 6.
333 4762 451 4814 ’Ότι
483 4764 539 4814 ἐν
573 4764 814 4834 ἁμαρτίᾳ
843 4766 917 4834 (6)
949 4765 1252 4835 γεγήρακα.

1200 4783 1252 4819 α.
1923 4769 1977 4825 6.
2015 4770 2152 4835 Quia
2180 4772 2232 4825 in
2255 4784 2474 4840 peccato
2507 4772 2787 4826 consenui.

245 4852 300 4903 7.
342 4851 447 4905 Καὶ
495 4857 526 4924 ἡ
569 4855 718 4924 ἰσχύς
763 4855 837 4924 (7)
885 4873 986 4926 μου
1029 4857 1414 4925 συγκέκαυται,
1451 4859 1541 4914 καὶ
1572 4875 1740 4930 μεμε-

1925 4858 1978 4909 7.
2013 4857 2079 4912 Et
2128 4859 2303 4912 virtus
2337 4874 2456 4912 mea
2487 4859 2770 4913 combusta
2803 4867 2904 4921 est,
2942 4867 2996 4912 et
3023 4859 3302 4929 denigrata
3338 4871 3420 4914 est

169 4945 410 4998 λάνωται
436 4945 568 4997 ὡσεὶ
592 4947 864 5017 φρύγανον
899 4948 1003 5000 ὑπὸ
1034 4949 1130 5017 τῆς
1162 4950 1453 5020 ἁμαρτίας.

1090 4950 1130 5017 is
1162 4950 1453 5020 ἁμαρτίας.
1855 4964 1883 5002 a
1926 4959 2169 5017 peccato,
2202 4950 2367 5003 veluti
2393 4951 2677 5005 cremium.

246 5059 291 5087 ¹¹
327 5057 522 5126 Epltes.
548 5075 606 5127 ιι,
638 5060 691 5117 1.

409 5074 522 5112 nes.
548 5075 606 5127 ιι,
638 5074 691 5117 1.

373 5074 404 5126 p
1122 5151 1429 5213 Addenda
1472 5161 1530 5214 et
1575 5153 1950 5232 corrigenda
1981 5170 2058 5212 ex
2090 5152 2228 5212 cod.
2263 5152 2462 5212 Vatic.

244 5295 321 5371 (1A)
349 5294 699 5371 Ιςατιξικῃσεν.
1844 5300 1921 5370 τῷ
1948 5300 2289 5371 ἁμαρτωλῷ)
2327 5301 2454 5352 ὅταν
2484 5299 2772 5371 ἁκηδιάσῃ,
2791 5298 3004 5371 λὼσανε]
3028 5298 3154 5371 ὅταν
3182 5297 3308 5368 ἔλθῃ
3340 5305 3419 5366 εἰς

251 5363 740 5450 φωτιζόμενος.
793 5437 805 5450 _
1080 5440 1090 5450 _
1197 5449 1202 5450 γ
1331 5441 1342 5450 _
1421 5441 1433 5450 _
1476 5441 1484 5450 .
1549 5441 1560 5450 _
1701 5444 1710 5450 _
1847 5363 2176 5450 ἐπίγνωσιν·
2228 5363 2347 5450 εἶτα
2404 5363 2676 5450 μετανοῶν
2718 5363 2936 5450 Ely-.015,
2973 5367 3239 5450 ἔπραξεν,

247 5437 324 5503 (3)
361 5436 501 5510 Δ’ᾼπὸ
540 5439 658 5510 τῆςΔ
683 5437 844 5505 paulo
894 5451 1014 5506 post
1046 5440 1211 5510 Adeest
1251 5441 1377 5503 καί,
1404 5441 1596 5494 deinde
1667 5444 1746 5504 εἰς

1847 5436 2056 5506 ἑαυτόν,
2109 5453 2236 5504 etc.,
2271 5436 2724 5510 ἐξομολογήσεται
2763 5436 2848 5508 τῷ
2896 5436 3084 5507 Κυρίῳ
3131 5436 3310 5507 ἔργω,
3342 5436 3415 5494 ὀὐ

177 5507 276 5590 τὸν¹
319 5505 508 5590 αἰῶνα.
537 5505 818 5576 δυνάμεων
860 5505 956 5576 pro
998 5507 1106 5561 τῶν
1156 5511 1409 5563 ἐναντίων
1441 5511 1741 5580 δυνάμεων,
1847 5505 2103 5590 σχήματι,
2136 5515 2229 5590 καὶ
2257 5505 2416 5590 λόγω.

181 5576 433 5651 scd__ve_t_._
461 5575 552 5651 a_lt_.
591 5566 770 5651 lectio.
860 5566 874 5576 ’
911 5647 954 5651 _V
1578 5566 1587 5580 ’
1730 5566 1740 5572 ’

1578 5566 1587 5580 ’
1730 5566 1740 5572 ⁷
1881 5566 1991 5650 “('31)
2019 5566 2340 5651 Φωτίζομαί
2364 5566 2574 5650 βοῆσαι.

228 5644 332 5724 ,(4)
374 5644 558 5726 Ἠηδιά
590 5649 710 5726 τῆς.
740 5647 1105 5726 κινναϐάρεως
1130 5651 1422 5726 -.περιέχε-ι·
1470 5651 1740 5726 προσευχὴ
2033 5644 2371 5726 ξᾼμαρτίαιςξ

185 5716 259 5780 τῷ
286 5716 502 5796 πτωχῷ,
533 5716 658 5796 ὅταν
687 5716 980 5796 ἀκηδιάσῃ,
1009 5722 1099 5796 καὶ
1127 5716 1540 5789 ἐναντιΚυρέου
1575 5716 1740 5791 ἐκχέῄ
1918 5716 1992 5789 (7)
2038 5716 2210 5793 Ἰσχὺς
2260 5723 2357 5792 τῆς
2389 5724 2564 5793 ψυχῆς
2613 5741 2709 5793 μου
2736 5767 2748 5789 ,
2803 5735 2903 5780 etc.
2962 5725 3103 5778 Ὠσεὶ
3145 5723 3414 5795 φρύγανον

183 5789 282 5853 τὴν
333 5786 513 5854 δέησιν
561 5787 752 5840 αὑτοῦ·
784 5786 1078 5858 ’προσευχὴ
1121 5791 1196 5858 τῷ
1243 5786 1457 5861 πτωχιῖῖ,
1494 5786 1738 5844 τουτέστῖ
1847 5786 2056 5848 desunt.
