4018 6444
641 312 775 366 1079

707 429 761 479 8.
788 426 1082 483 Percussus
1108 447 1228 485 sum
1266 441 1325 486 ut
1357 432 1563 502 fenum,

702 516 757 571 9.
785 516 849 570 Et
874 521 1017 574 aruit
1053 538 1146 574 cor
1175 540 1354 579 Illelllll
1394 547 1407 581 :

702 609 788 664 10.
822 610 958 677 Quia
990 614 1190 671 oblitus
1214 634 1332 672 5qu
1366 622 1653 677 comedere
1678 642 1873 695 panem
1909 648 2100 687 meum.

703 702 790 756 11.
822 703 868 757 Α
899 721 1031 761 voce
1058 709 1291 778 gemitus
1330 716 1432 767 mei
1475 716 1703 772 adbazsit
1733 736 1795 775 os
1836 738 2015 778 meum
2053 731 2209 782 carni

632 806 783 848 meze.

705 886 786 942 1‘2.
817 888 1025 945 Similis
1061 888 1239 947 factus
1274 910 1394 948 sum
1434 897 1679 963 pelicauo
1700 903 2009 962 solitudinis
2038 928 2049 961 :

701 976 785 1031 15.
816 976 1015 1034 Factus
1047 997 1167 1035 sum
1196 984 1336 1039 sicut
1356 992 1664 1057 nycticorax
1702 992 1755 1047 in
1795 998 2091 1061 domicilio.

698 1067 782 1121 14.
820 1068 1069 1140 \‘igilavi,
1093 1082 1148 1127 et
1174 1073 1351 1130 laetus
1372 1092 1493 1132 sum
1523 1082 1665 1137 sicut
1694 1098 1885 1153 passer
1922 1091 2202 1148 solitarius

630 1159 683 1213 iu
715 1169 876 1217 tecto.

698 1254 784 1310 15.
810 1253 945 1309 Tota
980 1256 1067 1313 die
1092 1259 1493 1329 exprobrabant
1528 1266 1661 1320 milii
1696 1267 1901 1325 inimici
1933 1274 2035 1328 mei
2070 1295 2081 1328 :

696 1346 784 1402 16.
822 1345 890 1403 Ει
933 1349 1024 1418 qui
1081 1350 1378 1407 laudabant
1437 1370 1524 1411 me
1571 1357 1855 1416 adversum
1908 1381 1995 1419 me
2051 1366 2203 1435 jura-

625 1437 777 1493 baut.

696 1527 782 1579 17.
827 1526 964 1594 Quia
1029 1530 1266 1587 cinerem
1320 1542 1578 1605 tanquam
1639 1553 1834 1608 mrtem
1899 1545 2198 1601 manduca-

627 1615 750 1669 bam
784 1636 797 1671 :

696 1707 783 1761 18.
816 1706 879 1762 Et
906 1718 1092 1778 potum
1125 1726 1306 1765 meum
1338 1727 1463 1768 cum
1496 1713 1620 1770 ﬂetu
1656 1717 1973 1774 miscebam.

693 1798 781 1853 19.
816 1799 861 1852 Α
888 1797 1027 1855 facie
1056 1801 1149 1856 ira:
1172 1811 1296 1867 tua},
1331 1812 1386 1857 et
1411 1806 1799 1876 indignationis
1830 1818 1936 1863 tuae
1968 1828 1983 1841 ο

689 1889 781 1943 20.
814 1890 951 1957 Quia
985 1892 1204 1948 elevans
1231 1894 1449 1951 allisisti
1481 1912 1587 1951 me.

694 1982 783 2035 2|.
810 1981 933 2038 Dies
963 1984 1066 2038 mei
1098 1985 1241 2040 sicut
1268 1986 1459 2042 umbra
1485 1989 1893 2044 declinaverunt
1928 2011 1943 2043 :

693 2077 783 2130 ἓξ.
819 2075 885 2131 Ει
915 2093 1015 2149 ego
1044 2078 1188 2133 sicut
1212 2078 1395 2133 fenum
1429 2084 1570 2135 arui.

689 2169 780 2225 23.
817 2170 898 2225 Tu
930 2180 1141 2239 autem,
1164 2172 1419 2243 Domine,
1450 2175 1502 2229 in
1530 2183 1794 2230 teternum
1838 2190 2125 2246 pcrmanes
2151 2187 2166 2227 :

1477 324 1532 379 S.
1576 328 1941 388 ATllANASlI
1982 336 2137 396 OPP.
2171 340 2352 401 PARS
2390 345 2475 401 ΙΙΙ.
2512 379 2579 391 -
2624 348 3039 410 ΕΧΕΟΕἸΊΕΑ.

3760 374 3781 425 1
3794 375 3891 430 080

2236 466 2281 523 Α
2383 460 2436 515 8.
2474 461 2750 537 Ἑπλήγην
2782 466 2911 521 ὡσεὶ
2948 471 3157 541 χόρτος,

2377 552 2429 603 9.
2457 553 2565 604 Καὶ
2594 552 2865 625 ἐξηράνθη
2900 559 2933 628 ἡ
2970 560 3166 630 καρδία
3194 579 3317 633 μαψ

2379 642 2465 695 10.
2502 645 2623 698 Ὅτι
2655 647 3000 720 ἐπελαθόμην
3028 651 3123 705 τοῦ
3151 660 3342 723 φαγεῖν
3374 658 3463 710 τὸν
3494 660 3661 729 άρτον
3698 683 3821 733 μου.

2380 734 2463 788 11.
2493 736 2626 789 Ἀπὸ
2665 740 2850 810 φωνῆς
2896 742 2988 793 τοῦ
3039 748 3340 817 στεναγμοῦ
3390 768 3492 820 μου
3526 754 3798 827 ἐκολλήθη
3833 757 3892 809 τὸ

2304 823 2494 877 ὀστοῦν
2535 844 2637 896 μου
2669 832 2733 899 τῇ
2769 833 2931 901 σαρκξ
2959 850 3083 902 μου.

2376 918 2461 973 12.
2499 920 2796 994 Ὠμοιώθην
2828 925 3082 981 πελεκᾶνι
3109 929 3358 1003 ἐρημικῷ
3377 950 3391 961 ·

2377 1010 2464 1063 15.
2494 1011 2789 1085 Ἐγενήοην
2820 1016 2952 1070 ὡσεὶ
2980 1022 3303 1092 νυκτικῦραξ
3329 1028 3388 1077 ἐν
3415 1028 3706 1099 οἱκοπέδῳ.

2376 1102 2463 1156 11.
2496 1105 2870 1177 ’Πγρύπνησα,
2915 1111 3010 1162 καὶ
3054 1113 3322 1185 ἐγενόμην
3366 1118 3441 1181 ὡς
3480 1122 3765 1192 στρουθίον
3795 1144 3886 1193 μοι

2303 1193 2462 1257 νάζον
2496 1196 2589 1250 ἐπὶ
2615 1197 2862 1269 δώματος
2887 1199 3194 1274 [ἐγενήθην,
3220 1215 3348 1270 etc.,
3376 1209 3633 1284 δὼματι].

2376 1288 2462 1341 15.
2494 1289 2661 1360 Ὅλην
2690 1292 2789 1363 τὴν
2815 1293 3030 1365 ἡμέραν
3059 1295 3331 1362 ὠνείδιζόν
3360 1318 3426 1370 με
3455 1304 3502 1353 οξ
3534 1304 3724 1375 ἐχθροί
3752 1325 3851 1377 μου
3871 1327 3883 1336 ·

2376 1379 2460 1433 16.
2500 1381 2609 1433 Καὶ
2642 1383 2688 1433 οἱ
2715 1384 3060 1449 ἐπαινοῦντές
3090 1404 3153 1457 με
3185 1391 3304 1442 κατ’
3338 1392 3471 1461 ἐμοῦ
3502 1392 3745 1464 ὤμνυον.

2375 1555 2461 1607 ﬂ.
2496 1556 2616 1609 Ὀτι
2649 1558 2839 1611 σποδὸν
2865 1559 2995 1613 ὡσεὶ
3027 1562 3189 1633 άρτον
3214 1564 3441 1634 ἔφαγον·

2374 1714 2460 1768 18.
2496 1716 2604 1768 Καὶ
2630 1716 2691 1768 τὸ
2721 1716 2873 1788 πόμα
2903 1736 3003 1788 μου
3032 1721 3167 1791 μετὰ
3197 1722 3476 1795 κλαυθμοῦ
3508 1729 3765 1800 ἐκίρνων.

2230 1812 2270 1865 Β
2376 1805 2604 1859 19.⁹Απὸ
2623 1811 2914 1879 προσώπου
2933 1810 3030 1879 τῆς
3046 1811 3212 1883 ὀργῆς
3230 1831 3346 1878 σου,
3360 1817 3558 1869 καὶτοῦ
3574 1819 3755 1890 θυμοῦ
3771 1837 3885 1874 σου-

2371 1897 2460 1950 20.
2488 1898 2609 1951 ’Ὁτι
2636 1900 2846 1971 ἐπάρας
2877 1902 3217 1973 κατέῤῥαξάς
3247 1923 3334 1976 με.

2369 1989 2461 2042 21.
2490 1992 2553 2042 Αἱ
2584 1991 2787 2063 ἡμέραι
2820 2010 2920 2062 μου
2949 1995 3081 2048 ὡσεὶ
3109 1996 3237 2049 σκιὰ
3269 1998 3560 2070 ἒκλίθησαν
3581 2020 3596 2033 ο

2368 2080 2459 2132 29..
2494 2080 2663 2149 Κάγὼ
2690 2082 2821 2135 ὡσεὶ
2854 2084 3043 2154 χόρτος
3077 2088 3397 2161 ἐξηράνθην.

2369 2170 2462 2225 25.
2498 2172 2569 2225 Σὺ
2600 2173 2675 2238 δὲ,
2702 2174 3009 2246 Κύριεςείς
3036 2178 3131 2232 τὸν
3161 2180 3332 2236 αἰῶνα
3361 2183 3577 2255 μένεις.

1744 2371 2116 2426 ATHANASII
2165 2371 2748 2429 lNTERPRETATlO.

689 2528 741 2580 8.
780 2525 999 2581 Concidi
1030 2527 1347 2582 vulneratus
1380 2544 1411 2583 a
1439 2537 1680 2599 peccato.

685 2623 739 2675 9.
771 2620 907 2686 Quia
932 2621 1103 2690 gratia
1132 2621 1367 2689 Spiritus
1397 2622 1474 2673 tui
1511 2636 1617 2675 non
1649 2628 1767 2675 erat
1800 2620 1855 2674 in
1886 2637 1991 2675 me.

689 2800 777 2852 10.
810 2798 1077 2865 Quoniam
1101 2800 1309 2870 neglexi
1334 2800 1586 2855 ineditari
1618 2801 1672 2856 in
1710 2801 1826 2871 lege
1850 2809 1964 2855 tua.

692 2886 778 2943 11.
810 2885 892 2942 01)
924 2888 1183 2958 gemitum
1228 2900 1590 2959 consumptus
1619 2907 1763 2957 sum,
1795 2898 1850 2945 et
1876 2904 2003 2946 ossa
2040 2890 2195 2960 peni-

618 2988 705 3033 tus
737 2979 908 3034 evasi.

686 3068 775 3125 12.
808 3070 979 3125 Sicuti
1011 3071 1291 3141 pelicanus
1346 3071 1399 3125 in
1450 3072 1570 3127 loco
1617 3071 1771 3127 arido
1818 3071 2189 3143 deprehensus

615 3160 840 3213 omnino
882 3162 1246 3227 consumitur,
1270 3161 1347 3217 ita
1379 3170 1432 3216 et
1465 3176 1565 3233 ego
1601 3171 1959 3232 consumptus
1988 3176 2108 3216 sum
2132 3162 2185 3215 in

615 3261 860 3322 peccato,
894 3268 1017 3308 cum
1048 3255 1223 3325 gratia
1248 3264 1338 3309 tua
1367 3253 1500 3308 mihi
1525 3255 1763 3308 deesset.

687 3346 771 3399 15.
800 3342 1125 3417 Nycticorax
1158 3348 1211 3399 in
1239 3345 1478 3401 tenebris
1511 3346 1675 3417 degit.
1708 3354 1763 3401 et
1796 3346 1849 3399 in
1878 3354 2036 3400 nocte
2078 3345 2187 3400 cla-

616 3445 765 3489 mat:
804 3436 875 3490 ita
913 3436 1098 3507 igitur,
1129 3436 1324 3506 inquit,
1353 3445 1408 3491 et
1438 3451 1539 3507 ego
1587 3452 1814 3491 manens
1846 3438 1900 3490 in
1949 3436 2187 3491 tenebris

612 3527 841 3595 peccati,
866 3527 1087 3597 plorans
1114 3528 1314 3583 clamo.

686 3618 772 3673 M.
810 3618 1008 3674 Multos
1051 3620 1398 3675 insidiatores
1441 3621 1602 3675 habet
1644 3636 1835 3691 passer
1879 3620 2185 3683 solitarius,

612 3721 867 3775 anguem,
899 3716 954 3762 et
978 3707 1346 3765 abominanda
1388 3710 1685 3779 reptilium,
1708 3718 1763 3764 et
1801 3709 1969 3764 multa
1992 3710 2185 3765 volati—

614 3798 746 3850 lium
778 3815 794 3864 ;
827 3800 881 3852 in
918 3801 1027 3853 ictu
1067 3801 1232 3868 igitur
1261 3800 1405 3855 oculi
1435 3816 1690 3855 somnum
1728 3801 1843 3872 ipse
1868 3802 2032 3873 capit,
2056 3804 2184 3873 quia

611 3891 1001 3960 circumspicit,
1065 3906 1133 3947 ne
1205 3892 1493 3949 insidiator
1552 3893 1751 3964 aliquis
1808 3895 1855 3948 ei
1929 3911 2185 3966 superve-

612 3981 764 4036 niat:
805 3982 879 4038 ita
926 3984 1112 4053 igitur,
1152 3984 1347 4054 inquit,
1388 3994 1442 4041 et
1486 4000 1587 4056 ego
1615 4001 1764 4041 eram
1799 3987 2084 4054 sollicitus,
2116 4002 2185 4043 ne

612 4071 792 4140 aliqua
822 4071 1258 4129 adversariarum
1288 4082 1616 4141 notestatum
1652 4074 1709 4129 in
1735 4090 1821 4131 me
1846 4077 2097 4133 irrueret.

683 4252 769 4307 15.
802 4251 1141 4311 lncessanter
1167 4257 1443 4316 damones
1467 4268 1659 4316 contra
1686 4276 1773 4317 me
1787 4262 2177 4333 gloriabatur.

683 4344 769 4399 16.
807 4344 873 4401 Ει
915 4350 1008 4419 qui
1052 4350 1207 4420 prius
1249 4352 1557 4421 gaudebant
1602 4369 1723 4409 mea
1772 4356 2177 4427 prodigalitatc,

2369 2532 2421 2584 8.
2456 2533 2736 2590 Συνέπεσα
2762 2537 2989 2606 πληγεὶς
3011 2540 3115 2594 ὑπὸ
3139 2541 3237 2611 τῆς
3265 2542 3561 2613 ἁμαρτίας.

2366 2624 2418 2677 9.
2443 2624 2576 2677 Ἀπὸ
2599 2625 2691 2678 τοῦ
2713 2628 2871 2700 χάριν
2894 2630 2969 2698 (1)
2994 2631 3085 2683 τοῦ
3105 2632 3418 2705 Πνεύματός
3443 2652 3532 2689 σου
3559 2638 3635 2710 μὴ
3659 2636 3802 2695 εἶναι
3824 2644 3883 2695 ἐν

2294 2716 2436 2786 ἐμοί.

2370 2811 2453 2865 10.
2489 2813 2610 2866 Ὀτι
2636 2815 2885 2888 ἠμέλησα
2919 2816 2995 2887 (2)
3032 2818 3261 2891 μελετᾷν
3294 2822 3351 2873 ἐν
3376 2822 3455 2893 τῷ
3486 2826 3639 2897 νόμῳ
3665 2846 3786 2883 σου.

2367 2903 2453 2956 11.
2495 2904 2626 2957 ’Δπὺ
2676 2904 2769 2959 τοῦ
2817 2907 3094 2973 στενάζειν
3140 2927 3207 2980 με
3250 2910 3545 2985 ἐξετάκην,
3603 2920 3699 2971 καὶ
3742 2921 3873 2981 ὅλως

2295 2992 2478 3047 όστέον
2503 2996 2718 3065 γέγονα.

2366 3079 2454 3140 12.
2489 3088 2697 3159 Ὥσπερ
2717 3092 2746 3141 ό
2764 3090 2998 3143 πελεκάν
3022 3090 3098 3161 (5)
3126 3093 3184 3144 ἐν
3213 3093 3425 3165 ἀνύδρῳ
3444 3096 3597 3166 τόπῳ
3624 3099 3873 3169 εὑρεθεὶς

2290 3177 2427 3240 ὅλως
2454 3180 2851 3249 κατατήκεται,
2885 3179 3057 3245 οὕτως
3092 3182 3247 3252 κάγὼ
3284 3188 3679 3261 κατανηλώθην
3714 3194 3773 3246 ἐν
3806 3196 3870 3262 τῇ

2290 3267 2557 3338 ἁμαρτίᾳ,
2586 3268 2685 3337 τῆς
2714 3269 2931 3340 χάριτός
2956 3287 3047 3323 σου
3081 3272 3156 3341 μὴ
3189 3272 3356 3341 οὔσης
3385 3277 3442 3328 ἐν
3466 3279 3592 3346 ἐμοί

2361 3358 2449 3411 15.
2494 3360 2554 3411 '0
2580 3359 2904 3430 νυκτικόραξ
2932 3362 2989 3411 ἐν
3036 3362 3216 3414 σκότει
3262 3364 3456 3431 διάγει,
3494 3367 3592 3420 καὶ
3621 3370 3681 3421 ἐν
3715 3372 3874 3424 νυκτὶ

2290 3449 2386 3520 βοᾷ
2407 3468 2419 3481 ·
2465 3448 2639 3514 οὕτως
2670 3448 2784 3519 οὖν,
2816 3452 2993 3521 λέγει,
3028 3453 3212 3524 κάγὼ,
3245 3456 3304 3507 ἐν
3340 3458 3521 3512 σκότει
3555 3461 3657 3531 τῆς
3694 3465 3876 3536 ἀμαρ-

2286 3541 2407 3603 τίας
2430 3540 2526 3607 ὢν,
2559 3542 2879 3616 ὀδυρόμενος
2912 3545 3036 3615 βοῶ.

2359 3635 2447 3689 14.
2482 3634 2717 3700 Πολλοὺς
2765 3638 3084 3703 ἐπιϐούλους
3131 3640 3245 3711 ἔχει
3294 3642 3355 3695 τὸ
3402 3646 3722 3715 στρουθίον,
3777 3651 3875 3701 τὸν

2285 3725 2441 3795 ὅφιν,
2468 3728 2563 3781 καὶ
2600 3727 2670 3781 τὰ
2718 3730 2938 3799 μυσαρὰ
2977 3731 3085 3785 τῶν
3126 3733 3388 3804 ἑρπετῶν,
3417 3737 3511 3789 καὶ
3557 3738 3729 3791 πολλὰ
3759 3743 3870 3793 τῶν

2286 3816 2577 3869 πετεινῶνσ
2622 3818 2678 3871 ἐν
2712 3821 2844 3890 ῥιπῇ
2878 3815 2971 3873 οὖν
3002 3822 3280 3893 ὀφθαλμοῦ
3315 3826 3459 3879 ἐστιν
3491 3830 3518 3880 ό
3563 3828 3733 3894 ὕπνος
3772 3835 3873 3886 αὐ-

2284 3906 2399 3970 τοῦ,
2433 3907 2519 3961 διὰ
2545 3908 2607 3961 τδ
2650 3909 3071 3979 περιδλέπεσθαι
3100 3912 3231 3967 αὐτὸ
3268 3917 3344 3986 μή
3376 3933 3459 3979 τις
3488 3918 3597 3970 τῶν
3638 3923 3866 3977 ἐπιὸοὑο

2285 3996 2391 4050 λων
2422 3996 2497 4067 (4)
2532 3996 2748 4067 ἔρχεται
2791 3999 2878 4053 ἐπ’
2920 4001 3103 4071 αὐτῷ·
3144 4002 3317 4067 οὕτως
3361 4001 3474 4071 οὖν,
3501 4007 3675 4077 λέγει,
3710 4014 3870 4081 κάγὼ

2284 4089 2432 4159 ἥμην
2459 4090 2756 4159 μεριμνῶν,
2794 4092 2868 4161 μή
2915 4110 2999 4156 τις
3031 4095 3293 4167 ὲπιρῤῐψῃ
3336 4115 3425 4168 μοι
3462 4100 3573 4152 τῶν
3599 4104 3867 4157 ἐναντίων

2283 4179 2581 4249 δυνάμεων.

2356 4272 2442 4325 15.
2468 4273 2785 4338 ’Δπαύστως
2810 4275 2859 4327 οἱ
2884 4275 3134 4347 δαίμονες
3168 4282 3585 4353 κατεκαυχῶντό
3618 4303 3724 4355 μου
3760 4289 3858 4358 (5).

2355 4365 2440 4419 16.
2472 4366 2583 4420 Καὶ
2622 4368 2672 4419 οἱ
2704 4369 2763 4420 τὸ
2792 4369 3054 4441 πρότερον
3098 4374 3382 4445 χαίροντες
3418 4376 3511 4430 ἐπὶ
3551 4381 3617 4449 τῇ
3649 4380 3864 4451 ἀσωτίᾳ⁵

609 4446 729 4505 post
759 4436 875 4492 haec
911 4453 996 4494 me
1023 4440 1323 4496 irridebaut
1350 4441 1614 4511 dicentes,
1656 4460 1725 4501 ue
1755 4444 1825 4500 ita
1867 4445 2015 4515 (iam,
2058 4453 2178 4503 tan-
2209 4464 2255 4519 ι)
2286 4475 2294 4528 ι

2325 4473 2409 4521 ου,
2438 4456 2577 4528 μετά
2602 4456 2773 4511 ταῦτα
2802 4436 3241 4533 κατεγέλων-μου
3263 4436 3532 4533 λέγοντεςο
3563 4436 3755 4534 όδτως
3787 4440 3860 4543 μέ]

607 4542 771 4595 quam
800 4527 927 4583 iste.

680 4614 766 4667 17.
802 4615 857 4670 1η
883 4616 1201 4686 ρωηίιεοιὶε
1230 4636 1372 4676 mea.

684 4704 767 4761 18.
812 4706 1128 4766 Deﬂuebaut
1172 4711 1425 4782 lacrymte
1469 4731 1603 4771 mea:
1636 4715 1693 4770 in
1742 4724 1930 4787 potum
1971 4733 2176 4784 meum,

608 4812 730 4849 cum
758 4797 1031 4855 bibebam.

682 4888 767 4942 {9.
798 4888 935 4954 Quia
970 4895 1219 4963 cognosi,
1252 4896 1398 4965 quod
1425 4908 1706 4954 aversatus
1734 4915 1793 4955 es
1824 4916 1928 4954 mc.

676 4976 765 5030 20.
805 4976 869 5032 Et
897 4981 1041 5049 quod
1076 4983 1354 5051 projccisti
1386 5001 1470 5039 me
1491 5002 1519 5039 a
1547 4996 1617 5041 te.

675 5070 769 5135 2|,
796 5070 889 5124 9.3.
916 5071 991 5125 Eo
1017 5074 1159 5143 quod
1187 5088 1293 5129 non
1324 5077 1578 5133 haberem
1611 5079 1994 5149 pinguedinem
2025 5098 2179 5153 aquae

608 5161 793 5226 gratia:
828 5173 933 5216 tua:

673 5252 767 5307 23.
800 5253 1146 5310 Immortalis.

2276 4549 2541 4620 γένωμαι,
2573 4549 2649 4614 ὡς
2679 4544 2853 4615 οὗτος.

2350 4638 2436 4691 17.
2472 4638 2562 4691 Ἐν
2593 4642 2658 4711 τῇ
2699 4642 2953 4712 μετανοίᾳ
2990 4660 3113 4713 μου.

2353 4729 2433 4783 13.
2468 4731 2740 4803 Κατέρῤει
2785 4731 2851 4785 τὰ
2897 4732 3107 4805 δάκρυά
3142 4754 3244 4806 μου
3287 4740 3345 4791 ἐν
3379 4738 3459 4811 τῷ
3487 4740 3702 4810 πόματί
3732 4762 3857 4814 μου.

2276 4818 2351 4881 ῶς
2381 4818 2583 4873 ἔπινον.

2350 4910 2435 4963 19.
2466 4912 2564 4965 Διά
2588 4912 2649 4965 τὸ
2669 4914 2965 4982 ἐπιγνῶναι
2994 4935 3082 4987 με,
3112 4919 3193 4971 ὄτι
3226 4921 3586 4993 ἀπεστράφης
3620 4943 3711 4995 με.

2346 5000 2436 5054 20.
2470 5002 2582 5054 Καὶ
2605 5004 2687 5055 ὅτι
2717 5005 3027 5077 ἀπέρριψας
3059 5026 3125 5077 με
3159 5010 3266 5062 ἀπὸ
3296 5010 3411 5065 σοῦ.

2344 5090 2546 5155 21,22.
2581 5090 2656 5161 (6)
2700 5094 2834 5146 Ἀπὸ
2876 5094 2969 5147 τοῦ
3023 5097 3098 5169 μὴ
3140 5098 3284 5169 ἔχειν
3352 5119 3421 5172 με
3474 5105 3708 5176 πιότητα
3759 5106 3853 5160 τοῦ

2278 5178 2467 5242 ὓδατος
2495 5180 2595 5249 τῆς
2621 5183 2839 5251 χάριτός
2870 5203 2983 5241 σου.

2344 5269 2433 5323 25.
2472 5272 2529 5309 Ἀ
2544 5271 2797 5343 φθαρτος.

1554 5374 1858 5436 Addenda
1890 5386 1947 5437 et
1979 5380 2350 5459 corrigenda
2392 5400 2468 5443 ex
2520 5386 2662 5448 cod.
2696 5388 2893 5449 Vatic.

678 5531 753 5601 (ί)
786 5534 897 5601 Τήν
930 5538 1105 5601 χάριν.

678 5534 753 5601 (ll
786 5534 897 5657 Τᾶν
930 5538 1105 5658 ξάριν.
1274 5611 1295 5620 _

678 5597 755 5677 ἐξ)
866 5604 927 5677 Θέ
964 5624 1069 5675 ησα
1102 5608 1357 5677 μελετων.

679 5674 755 5739 (3)
787 5674 1101 5740 Πελεκάνος.

681 5744 755 5814 (4i
795 5746 1120 5803 Ἐπιδούλων
1147 5749 1327 5817 αὐτοῦ,
1362 5762 1461 5806 rte.
1500 5755 1667 5808 Κάνώ
1706 5774 1807 5811 nou
1852 5760 2061 5827 legitur.

2350 5552 2424 5621 (δ)
2450 5554 2574 5609 Μοί.

2353 5624 2427 5708 (6,)
2592 5627 2681 5708 21.
2744 5628 3062 5708 ’.δνωφελεϊς
3114 5651 3202 5704 μοι
3265 5637 3576 5705 γεγόνασιν.
3638 5638 3717 5708 IS-
3754 5642 3845 5701 22,

2294 5696 2441 5761 ’Λπό,
2473 5707 2597 5761 ctc.,
2632 5699 2807 5768 ἐαυτῷ
2842 5702 3091 5765 πιότητα.
