4018 6464
625 358 761 414 1085
1465 358 1520 411 S.
1562 358 1936 413 ATllANASll
1973 358 2125 414 OPP.
2164 358 2212 415 P.

2271 359 2343 414 KS
2382 358 2469 414 ΙΙΙ,
2497 389 2567 399 -
2602 355 3008 412 ΕΧΕΟΕΤΙΟΑ.
3724 345 3858 398 1084

689 471 776 524 41.
816 469 879 523 Ut
905 470 1223 523 annuntient
1256 471 1309 523 in
1340 470 1467 524 Sion
1503 488 1697 524 nomen
1725 473 1957 527 Domini.
2220 486 2269 539 Α

2220 486 2269 539 Α
2365 475 2452 529 41.
2489 473 2593 525 Τοῦ
2617 472 2932 540 ἀναγγεῖλαι
2958 471 3015 521 ὲν
3037 467 3173 522 Σιὼν
3198 467 3257 519 τὸ
3278 467 3446 536 ὄνομα
3471 465 3682 535 Κυρίου
3702 505 3717 530 ,

692 561 781 618 42.
819 560 882 613 Et
916 561 1129 615 laudem
1157 562 1276 631 ejus
1302 561 1353 614 in
1385 560 1741 620 Hierusalem.

2368 567 2454 622 4:2.
2489 565 2595 617 Kal
2622 564 2722 633 τὴν
2759 565 2961 616 αἵνεσιν
2985 560 3146 615 αὑτοῦ
3170 562 3227 612 ὲν
3262 557 3633 629 Ἰερουσαλήμ.

693 651 780 704 43.
815 650 872 705 In
906 653 1274 706 conveniendo
1314 653 1543 721 populos
1571 653 1622 705 in
1661 669 1849 720 unum,
1885 663 1938 708 et
1962 670 2113 724 reges
2139 666 2194 710 ut

2364 659 2452 712 45.
2491 660 2577 711 Ἑν
2624 655 2700 725 τῷ
2749 651 3169 721 ὲπισυναχθῆναι
3225 649 3385 718 λαοὺς
3435 649 3526 701 ὲτέι
3576 649 3639 700 τὸ
3689 649 3856 710 αὐτὸ,

622 744 862 796 serviant
899 743 1153 801 Domino.

2295 747 2434 819 [καὶ]
2469 747 2543 819 (a)
2574 745 2812 816 βασιλεῖς
2844 741 2935 794 τοῦ
2963 741 3227 793 δουλεύειν
3257 739 3334 810 τῷ
3365 740 3574 810 Κυρίῳ.

691 836 779 890 44.
814 837 1114 905 Respondit
1139 841 1185 892 ei
1222 839 1276 892 in
1307 839 1391 891 via
1420 839 1636 894 virtutis
1659 855 1771 893 suze
1809 860 1820 894 :

2361 839 2456 893 44.
2489 837 2791 908 Ἀπεκρίθη
2818 836 2964 904 αὐτῷ
2995 837 3051 888 ἐν
3074 833 3179 903 ὀδῷ
3210 832 3391 902 ἰσχύος
3412 831 3575 885 αὑτοῦ
3599 847 3616 864 °

689 926 777 979 45.
810 925 1139 981 Paucitatem
1170 928 1378 982 dierum
1414 944 1660 982 meorum
1695 931 1882 983 nuntia
1915 930 2069 983 mihi.

2361 930 2450 982 45.
2483 929 2594 1000 Τὴν
2607 929 2893 997 ὀλιγότητα
2911 927 3018 978 τῶν
3048 926 3150 994 ὴμε
3163 923 3268 995 ρῶν
3289 941 3389 993 μου
3402 924 3726 991 ἀνάγγειλόν
3747 942 3852 993 μοι.

687 1015 774 1068 46.
809 1014 885 1070 Ne
912 1033 1130 1072 revoces
1159 1034 1246 1072 me
1271 1018 1325 1071 in
1363 1019 1588 1073 dimidio
1633 1021 1846 1073 dierum
1890 1036 2136 1074 meorum
2172 1035 2187 1073 :

2172 1035 2187 1073 :
2360 1017 2448 1071 46.
2485 1019 2575 1086 Μὴ
2614 1015 2894 1087 ἀναγάγῃς
2931 1031 2996 1084 με
3030 1015 3087 1064 ὲν
3111 1011 3295 1082 ἡμίσει
3329 1012 3548 1082 ἡμερῶν
3583 1030 3686 1082 μου
3713 1030 3727 1044 ·

688 1108 776 1160 47.
806 1107 860 1162 ln
891 1111 1294 1178 generationem
1323 1112 1731 1179 generationum
1768 1112 1895 1165 anni
1930 1113 2028 1165 tui.

1770 1112 1895 1165 anni
1930 1113 2028 1165 tui.
2359 1109 2446 1162 47.
2495 1110 2581 1160 ’Ev
2605 1109 2766 1176 γενεᾷ
2799 1106 2999 1174 γενεῶν
3030 1105 3097 1157 τὰ
3124 1104 3216 1174 ἐτη
3243 1121 3357 1157 σου.

687 1197 774 1250 48.
812 1198 970 1252 Initio
1001 1209 1079 1262 tu,
1119 1200 1364 1264 Domine,
1396 1210 1602 1254 terram
1636 1200 1874 1256 fundasti
1907 1220 1921 1255 :

2359 1199 2445 1251 48.
2481 1201 2616 1251 Κατ’
2650 1198 2822 1268 ἀρχὰς
2858 1199 2943 1262 σὺ,
2969 1195 3162 1266 Κύριε,
3189 1194 3287 1257 τὴν
3312 1194 3416 1264 γῆν
3449 1194 3818 1263 ἐθεμελίωσας
3840 1210 3853 1225 ·

688 1285 776 1340 49.
811 1286 876 1341 Et
904 1302 1066 1356 opera
1092 1305 1348 1343 manuum
1381 1298 1597 1343 tuarum
1626 1298 1752 1345 sunt
1785 1271 1928 1345 calli.

2358 1289 2444 1342 49.
2473 1289 2582 1342 Kal
2611 1289 2872 1361 ἐργατῶν
2905 1286 3103 1358 χειρῶν
3142 1285 3233 1338 σού
3270 1287 3404 1338 εἰσιν
3434 1288 3482 1338 oi
3507 1287 3750 1357 οὐρανοί.

691 1377 775 1432 50.
805 1378 909 1446 Ipsi
941 1382 1195 1449 peribunt
1227 1402 1238 1436 :
1265 1391 1319 1435 tu
1350 1391 1533 1436 autem
1567 1398 1852 1452 permanes
1886 1402 1898 1436 :

2360 1380 2444 1435 50.
2479 1381 2642 1432 Αὐτοὶ
2667 1378 3019 1432 ἀπολοῦνταν
3046 1378 3110 1430 σὺ
3139 1377 3194 1429 δὲ
3217 1376 3507 1446 διαμένεις·

690 1469 776 1521 51.
813 1469 876 1523 Et
897 1487 1087 1527 omnes
1117 1475 1257 1527 sicut
1287 1479 1664 1529 vestimentum
1703 1483 2061 1528 veterascent.

2356 1469 2442 1522 5|.
2472 1471 2580 1521 Kal
2601 1469 2800 1531 πάντες
2833 1469 2908 1530 ὡς
2935 1468 3146 1538 ἱμάτιον
3180 1467 3667 1537 παλαιωθήσονται.

688 1560 776 1616 52.
810 1560 874 1615 Ει
904 1566 1044 1618 sicut
1069 1566 1402 1634 opertorium
1433 1576 1612 1621 vertes
1644 1582 1758 1631 eos,
1793 1576 1847 1620 et
1893 1566 2186 1620 mutabun-

2360 1563 2447 1615 52.
2484 1564 2594 1615 Kal
2628 1562 2762 1613 ὡσεὶ
2795 1559 3136 1631 περιῦόλαιον
3164 1559 3356 1625 ἑλίξεις
3387 1559 3604 1622 αὐτοὺς,
3636 1559 3731 1612 καὶ
3765 1561 3857 1612 ἁλ-

619 1660 746 1706 tur:

2286 1651 2424 1722 λαγή
2434 1669 2611 1704 σονται
2638 1668 2652 1681 ·

684 1743 774 1796 55.
804 1743 882 1798 Tu
911 1755 1092 1799 autem
1123 1747 1263 1802 idem
1297 1748 1412 1817 ipse
1437 1763 1516 1814 es,
1543 1757 1598 1802 et
1629 1747 1759 1803 anni
1797 1748 1876 1802 tui
1905 1764 2013 1803 non
2049 1748 2176 1803 deﬁ-

2359 1739 2443 1793 55.
2475 1741 2545 1792 Σὺ
2576 1739 2633 1792 δὲ
2670 1741 2698 1792 ὁ
2731 1737 2891 1800 αὐτὸς
2933 1735 3002 1804 εῐ,
3051 1738 3146 1790 καὶ
3176 1735 3246 1789 τὰ
3278 1735 3372 1807 ἐτη
3422 1754 3514 1790 σου
3550 1738 3651 1790 οὐκ
3687 1738 3857 1790 ἐκλεί-

614 1833 776 1886 cient.
2214 1821 2262 1880 Β
2288 1830 2501 1899 ψουσιν.

690 1925 778 1979 54.
805 1925 924 1979 Filii
951 1943 1230 1983 servorum
1264 1940 1482 1985 tuorum
1511 1931 1834 1986 habitabunt
1857 1950 1869 1984 :

2359 1918 2446 1971 54.
2484 1921 2545 1971 Οἱ
2573 1919 2679 1970 υἱοὶ
2704 1917 2811 1970 τῶν
2837 1916 3038 1970 δούλων
3068 1934 3162 1970 σου
3194 1916 3677 1989 κατασκηνὼσουσε
3701 1934 3715 1946 ·

2362 2011 2448 2063 55.
2481 2010 2592 2061 Kal
2633 2009 2693 2061 τὸ
2741 2009 2961 2079 σπέρμα
2996 2009 3172 2060 αὐτῶν
3209 2012 3286 2072 εἰς
3317 2011 3407 2062 τὸν
3440 2009 3612 2062 αἰῶνα
3657 2027 3854 2061 κατευ-

2280 2101 2616 2160 θυνθήσεται.

683 2015 770 2068 55.
799 2016 864 2071 Et
891 2033 1073 2074 semen
1108 2036 1297 2076 eorum
1323 2023 1376 2076 in
1400 2023 1658 2077 saeculum
1692 2024 1972 2092 dirigetur.

684 2275 755 2344 (a)
792 2277 943 2334 Vers.
981 2281 1068 2344 43,
1105 2283 1212 2334 Kal
1241 2280 1498 2350 βασιλεῖς,
1531 2291 1634 2336 etc.
1659 2281 1792 2336 Vers
1810 2283 1900 2346 44,
1950 2282 2269 2352 Ἀπεκρίθη,
2310 2290 2416 2336 etc.

1727 2435 2104 2489 ATHANASll
2146 2433 2736 2489 INTERPRETATIO.

678 2588 762 2640 41.
801 2587 870 2644 Ut
904 2592 1287 2660 praedicaretur
1345 2595 1399 2648 in
1448 2599 1652 2652 mundo
1705 2605 2052 2666 peccatorum
2095 2610 2180 2649 re-

2349 2595 2436 2650 41,
2475 2595 2579 2648 Τοῦ
2605 2595 2944 2666 κηρυχθῆναι
2972 2596 3029 2648 ὲν
3051 2597 3118 2666 τῇ
3156 2595 3445 2667 οἰκουμένῃ
3461 2595 3655 2662 ἄφεσιν
3675 2597 3852 2667 ἁμαρο

608 2678 798 2731 missio
823 2680 876 2732 in
901 2683 1118 2736 nomine
1156 2682 1369 2736 Domini
1402 2686 1573 2739 nostri
1606 2684 1734 2741 Jesu
1761 2684 1987 2740 Christi.

2274 2687 2404 2740 τιῶν
2425 2691 2481 2740 ἐν
2515 2687 2592 2758 τῷ
2617 2690 2839 2758 ὀνόματι
2865 2687 2957 2741 τοῦ
2984 2688 3186 2758 Κυρίου
3213 2685 3368 2757 ἡμῶν
3395 2684 3571 2756 Ἰησοῦ
3586 2687 3843 2758 Χριστοῦ.

676 2770 765 2823 42.
796 2769 852 2824 In
876 2788 1108 2841 superna
1135 2772 1491 2829 Hierusalem.

2344 2779 2431 2833 42.
2471 2781 2558 2830 Ἐν
2578 2783 2644 2849 τῇ
2675 2781 2786 2832 ἀνω
2829 2778 3199 2849 Ἰερουσαλήμ.

679 2859 768 2915 43.
803 2861 859 2916 In
891 2867 1262 2920 conveniendo
1284 2877 1469 2936 gentes
1493 2885 1588 2937 per
1611 2867 2071 2938 praedicationem.

2346 2869 2434 2924 45.
2481 2869 2568 2922 Ἐν
2600 2870 2677 2939 τῷ
2709 2870 2881 2923 ἐλθεῖν
2911 2868 2998 2921 διὰ
3028 2870 3120 2922 τοῦ
3153 2870 3507 2941 κηρύγματος
3535 2874 3604 2926 τὰ
3630 2872 3783 2942 ἔθνη.

679 2953 766 3008 44.
797 2956 1468 3028 Auscultaveruntgentcs
1503 2959 1731 3014 Domino
1762 2961 2031 3016 credendo
2061 2977 2177 3032 pas-

2345 2960 2432 3014 44.
2471 2960 2546 3030 (1)
2608 2962 2953 3030 ’Υπήκουσαν
3002 2961 3068 3013 τὰ
3114 2960 3238 3030 ἔθνη
3289 2962 3367 3030 τῷ
3409 2964 3598 3032 Κυρίῳ
3668 2964 3844 3015 πίστει

605 3043 813 3100 sionem
849 3049 986 3116 ejus.

2272 3051 2364 3102 τοῦ
2400 3052 2602 3115 πάθους
2627 3052 2813 3105 αὑτοῦ.

671 3136 758 3189 45.
786 3137 1031 3193 Concede
1055 3140 1206 3205 mihi,
1239 3149 1291 3194 te
1317 3141 1599 3212 deprecor,
1625 3153 1684 3197 ut
1708 3159 1932 3212 prorsus
1953 3160 2177 3213 persua-

2341 3143 2430 3197 45.
2464 3145 2664 3212 Δέομαί
2699 3161 2810 3206 σου,
2854 3144 2942 3206 δός
2982 3162 3069 3214 μοι
3108 3145 3608 3216 πληροφορηθῆναι,
3656 3148 3739 3200 ὄτι
3789 3150 3839 3199 ai

603 3245 747 3291 sum,
785 3240 1102 3302 certumque
1137 3234 1388 3300 habeam,
1432 3253 1636 3306 paucos
1683 3253 1804 3292 esse
1847 3237 1964 3292 dies
2013 3239 2173 3308 hujus

1847 3237 1964 3292 dies
2013 3239 2173 3308 hujus
2270 3235 2472 3306 ἡμέραι
2504 3234 2597 3286 τοῦ
2631 3235 2824 3297 αἰῶνος
2855 3235 3041 3287 τούτου
3067 3235 3241 3287 ὀλίγαι
3264 3235 3416 3287 εἰσίν.

602 3323 803 3374 εωριιιὶ.

671 3413 759 3464 46.
786 3411 862 3467 Ne
893 3429 978 3467 me
1013 3416 1309 3471 transferas
1351 3419 1418 3472 ab
1452 3419 1555 3473 hoc
1582 3421 1805 3485 mundo,
1849 3423 2167 3493 priusquam
2196 3396 2242 3456 δ

2345 3414 2430 3466 46.
2459 3417 2547 3486 Μή
2581 3434 2647 3486 με
2680 3419 3022 3488 μεταστήσῃς
3049 3417 3156 3469 ἀπὸ
3182 3415 3274 3468 τοῦ
3307 3417 3513 3487 κόσμου
3544 3416 3737 3470 τούτου
3771 3418 3844 3487 μὴ

602 3502 935 3569 impleverim
962 3517 1225 3577 praecepta
1259 3519 1368 3563 tua.

2276 3504 2632 3561 τελειώσαντά
2666 3525 2731 3577 με
2765 3507 2860 3570 τὰς
2893 3507 3111 3568 ἐντολάς
3147 3523 3261 3561 σου.

672 3594 758 3647 47,
790 3594 1136 3663 Sempiterni.

2343 3596 2431 3648 47.
2467 3597 2539 3666 (ἓ)
2576 3597 2950 3666 Ἀτελεύτητα.

668 3680 756 3734 48.
797 3679 966 3738 Natus
999 3700 1056 3736 es
1090 3685 1140 3736 in
1173 3694 1338 3738 terra.

2347 3687 2433 3738 48.
2480 3687 2735 3757 Ἐτέχθης
2769 3690 2859 3739 ἐπὶ
2891 3686 2988 3757 τῆς
3009 3688 3132 3756 γῆς.

670 3769 758 3822 49.
787 3769 892 3835 Qui
924 3772 979 3824 in
1010 3788 1105 3826 eos
1136 3783 1449 3842 assumptus
1480 3791 1558 3831 es.

2341 3779 2429 3833 49.
2465 3779 2570 3832 Τοῦ
2601 3779 2998 3850 ἀναληφθέντος
3030 3783 3085 3831 ὲν
3114 3780 3312 3841 αὐτοῖς.

668 3858 756 3912 50.
780 3858 958 3914 Novos
991 3872 1170 3915 autem
1203 3865 1389 3926 caelos,
1419 3875 1473 3919 et
1503 3883 1696 3920 novam
1739 3877 1939 3922 terram
1969 3885 2164 3929 exsuc-

2341 3864 2428 3918 50.
2464 3867 2698 3928 Καινοὺς
2720 3867 2776 3920 δὲ
2803 3868 3082 3937 οὐρανοὺς,
3125 3868 3217 3920 καὶ
3247 3869 3436 3939 καινὴν
3475 3869 3578 3938 γῆν
3614 3876 3842 3942 προσδο-

597 3960 808 4004 ctamus
841 3951 994 4020 juxta
1019 3958 1167 4006 tuam
1197 3956 1636 4023 promissionem.

2269 3956 2454 4024 κῶμεν
2480 3957 2617 4010 κατὰ
2651 3957 2711 4008 τὸ
2737 3957 3056 4028 ἐπάγγελμα
3085 3958 3269 4013 αὑτοῦ.

670 4040 756 4094 51.
791 4040 1241 4112 Corrumpcntur.

2338 4045 2422 4098 51.
2453 4046 2996 4117 Καταφθαρήσονται.

671 4129 756 4182 52.
795 4129 1076 4200 Tanquam
1102 4133 1237 4187 liber
1267 4135 1388 4188 θα)Ιὶ
1424 4135 1786 4194 involventur.

2329 4137 2414 4190 5‘2.
2447 4137 2835 4208 Εἱληθήσονται
2867 4138 2943 4208 (5)
2968 4140 3015 4190 οἱ
3044 4138 3260 4210 οὐρανοὶ
3285 4140 3358 4202 ὡς
3384 4141 3604 4210 βιϐλίον.

671 4218 758 4270 55.
796 4217 878 4272 Tu
936 4228 1118 4273 autem
1165 4232 1215 4276 et
1269 4223 1440 4279 factus
1489 4226 1671 4292 homo,
1705 4228 1845 4283 idem
1890 4245 1948 4283 es
1988 4232 2162 4300 qualis

2336 4226 2421 4279 55.
2457 4228 2525 4279 Σὺ
2548 4228 2601 4279 δὲ
2630 4229 2721 4280 καὶ
2753 4229 3042 4298 γενόμενος
3074 4228 3148 4298 (4)
3174 4228 3452 4299 ἄνθρωπος
3497 4233 3525 4283 ὁ
3580 4231 3740 4292 αὐτὸς
3789 4227 3841 4283 εἴ

597 4323 740 4371 cras,
774 4317 828 4362 et
855 4311 996 4363 sicut
1019 4311 1228 4366 dierum
1253 4315 1578 4384 principium
1615 4333 1724 4371 non
1764 4320 1947 4384 habes,
1973 4322 2041 4374 ita
2065 4338 2160 4377 ne-

2266 4319 2445 4379 ὁποῖος
2468 4314 2553 4387 ἧς,
2588 4320 2679 4371 καὶ
2704 4319 2890 4389 ὥσπερ
2933 4318 3104 4390 ἀρχὴν
3153 4319 3370 4390 ⁴ἡμερῶν
3407 4321 3508 4373 οὐκ
3551 4322 3715 4391 ἔχεις,
3746 4322 3840 4374 οὖ-

595 4413 700 4465 que
729 4399 850 4451 vitae
879 4401 1062 4454 linem.

2266 4423 2372 4470 τως
2397 4409 2517 4460 οὐδὲ
2547 4408 2689 4480 ζωῆς
2719 4409 2887 4472 τέλος.

664 4488 751 4541 54.
789 4489 890 4554 Qui
921 4503 1048 4546 sunt
1080 4509 1172 4562 per
1209 4493 1366 4551 [idem
1395 4498 1486 4551 lilii
1528 4502 1933 4568 pmphetarnm,
1963 4514 2014 4558 et
2041 4521 2162 4575 apo-

2337 4499 2424 4552 54.
2456 4501 2520 4554 Οἱ
2555 4500 2644 4553 διὰ
2686 4501 2784 4571 τῆς
2829 4499 3064 4562 πίστεως
3100 4501 3205 4552 υἱοὶ
3243 4501 3347 4554 τῶν
3391 4505 3690 4575 προφητῶν
3742 4509 3837 4560 καὶ

593 4580 855 4634 stolorum
891 4583 1211 4639 habitabant
1245 4588 1297 4640 in
1336 4605 1567 4658 superna
1591 4591 1947 4648 Hierusalem.

2265 4591 2371 4643 τῶν
2398 4592 2711 4644 ἀποστόλων
2740 4591 3251 4662 κατασκηνώσουσιν
3281 4594 3338 4646 ὲν
3376 4596 3441 4662 τῇ
3471 4593 3584 4646 ἄνω
3634 4595 3837 4665 Ἰερου-

2269 4681 2400 4750 σαλή
2411 4699 2468 4750 μ.

665 4757 751 4809 53.
784 4757 847 4810 Ει
877 4775 1038 4827 opera
1068 4762 1293 4831 justitiae
1324 4779 1510 4820 eorum
1549 4768 1941 4837 permanebunt
1971 4769 2024 4822 in
2058 4785 2158 4824 sm-
2193 4751 2236 4804 Ῐ)

2335 4773 2422 4824 55.
2453 4773 2562 4824 Καὶ
2589 4773 2654 4826 τὰ
2695 4774 2830 4843 ἔργα
2872 4774 2968 4842 τῆς
3016 4773 3357 4844 δικαιοσύνης
3399 4773 3576 4828 αὐτῶν
3625 4777 3707 4839 είς
3737 4776 3831 4828 τὸν

592 4849 774 4901 culum
803 4852 1214 4919 sempiternum.

2263 4863 2619 4934 ἀτελεύτητον
2647 4867 2818 4918 αἰῶνα
2853 4869 3020 4936 μενεῖ.

1593 5039 1844 5100 ddenda
1887 5047 1947 5102 et
1977 5045 2352 5122 corrigenda
2389 5064 2467 5107 ex
2500 5045 2640 5108 cod.
2672 5045 2872 5108 Vatie.

629 5195 740 5275 -(l)
767 5193 839 5277 'N.
876 5197 965 5251 44.
1154 5204 1276 5281 τοὺς
1311 5201 1682 5281 ἕασιλεῖςῌτοῇ
1741 5208 2020 5262 δουλεῦσαι
2075 5207 2162 5261 διὰ

1855 5209 2020 5262 ιεῦσαι
2075 5207 2162 5261 διὰ
2329 5211 2404 5278 (‘2)
2435 5209 2498 5263 N.
2530 5210 2619 5272 47,
2646 5210 2731 5262 48.
2771 5209 2830 5264 '0
2852 5210 3062 5281 τεχθεὶς
3086 5211 3176 5263 ἐπὶ
3199 5211 3295 5281 τῆς
3321 5211 3442 5278 γῆς.

594 5271 689 5350 τῇς
720 5271 949 5350 πίστεως
971 5271 1047 5338 τῷ
1080 5271 1284 5341 Κυρίῳ.
1310 5273 1372 5326 Ν.
1409 5274 1493 5329 45.
1537 5277 1901 5347 ’λ’πήκουσαν,
1938 5294 2068 5348 etc.,
2103 5283 2160 5332 ἐν
2330 5271 2404 5348 (ὅ)
2440 5281 2786 5349 Εἰλιγήσεται
2813 5283 2842 5334 ὁ
2873 5271 3099 5350 οὖρανδς
3124 5281 3197 5343 ὡς
3222 5271 3443 5350 βιϐλίον.

592 5337 660 5403 τῇ
689 5337 886 5390 πίστει.
1023 5337 1029 5338 ⁷
1170 5337 1181 5341 ⁷
1238 5337 1248 5341 ⁷
1665 5337 1675 5347 ’
1887 5337 1898 5343 ’
2055 5337 2067 5348 ’
2443 5337 2762 5421 Γενᾶμένος.
