4018 6438
625 327 754 379 1087
1466 340 1523 395 S.
1566 342 1936 401 ATHANASH
1977 349 2129 407 OPP.
2166 354 2208 408 P

2290 354 2346 411 lS
2385 360 2469 413 ill.
2510 387 2579 400 ο-
2621 358 3029 419 EXECETICA.
3742 374 3877 429 1088

692 464 779 519 19.
818 463 935 518 Non
978 470 1270 525 secundum
1317 474 1632 544 iniquitates
1682 490 1897 537 nostras
1944 482 2190 555 [peccata
2223 476 2267 528 Α

2369 470 2455 525 19.
2488 473 2562 524 Οὐ
2600 475 2740 528 κατὰ
2765 477 2864 541 τὰς
2890 479 3119 551 ἀνομίας
3146 479 3164 551 [
3190 481 3492 554 ἁμαρτίας]
3518 485 3678 555 ἡμῶν
3696 488 3881 557 inab;-

625 558 829 627 nostra]
862 557 987 613 fecit
1013 562 1171 616 nobis
1199 582 1212 617 :

1013 562 1171 616 nobis
1199 582 1212 617 :
2292 576 2383 612 σεν
2413 563 2543 631 ἡμῖν
2566 580 2577 592 ⁸

685 646 773 700 20.
805 645 988 717 Neque
1017 652 1317 706 secundum
1354 664 1575 724 peccata
1619 669 1804 714 nostra
1847 660 2186 733 [iniquitates

2359 651 2446 705 20.
2481 654 2615 707 Οὐδὲ
2670 656 2813 709 κατὰ
2877 658 2975 721 τὰς
3021 662 3299 733 ἁμαρτίας
3355 660 3667 735 [ἀνομίας]
3719 667 3874 737 ἡμῶν

620 748 833 793 nostras
872 742 1123 796 retribuit
1166 744 1341 799 nobis.

1268 744 1341 799 .is.
2288 741 2669 797 ἁνταπέδωκεν
2703 749 2855 817 ἡμῖν.

681 827 769 883 21.
799 831 1068 896 Quoniam
1106 836 1404 890 secundum
1436 836 1777 893 altitudinem
1807 842 1929 895 coeli
1950 858 1978 896 a
2015 854 2181 908 terra,

2355 832 2444 885 21.
2484 834 2605 887 Ὅτι
2635 837 2775 889 κατὰ
2798 838 2859 890 τὸ
2891 837 3024 907 ὕψος
3047 841 3140 894 τοῦ
3170 843 3399 913 οὐρανοῦ
3421 844 3531 898 ἀπὸ
3561 844 3663 914 τῆς
3689 846 3812 916 γῆς.

680 917 771 972 22.
803 919 1191 976 Corroboravit
1236 922 1497 980 Dominus
1546 927 1980 985 misericordiam
2026 948 2183 987 suam

2355 922 2443 977 22.
2486 926 2859 996 Ἐκραταίωσε
2897 931 3100 1002 Κύριος
3141 933 3201 985 τὸ
3233 934 3385 999 ἔλεος
3414 936 3581 990 αὐτοῦ
3623 937 3719 989 ἐπὶ
3750 940 3872 1001 τοὶς

614 1022 776 1077 super
803 1010 1050 1065 timentes
1082 1028 1160 1067 se.

2286 1014 2658 1087 φοϐουμένους
2680 1020 2857 1075 αὐτόν.

678 1103 771 1155 25.
804 1099 1074 1168 Quantum
1098 1105 1262 1160 distat
1289 1116 1443 1161 ortus
1474 1108 1542 1162 ab
1576 1110 1880 1173 occidente,

2356 1106 2447 1161 23.
2484 1108 2730 1163 Καθὸσον
2748 1112 3043 1182 ἀπέχουσιν
3066 1116 3323 1170 ἀνατολαὶ
3348 1116 3457 1172 ἀπὸ
3474 1116 3728 1189 δυσμῶν,

678 1192 768 1246 2d.
800 1191 979 1265 Longe
1005 1194 1133 1251 fecit
1162 1212 1191 1250 a
1222 1197 1380 1252 nobis
1413 1199 1725 1269 iniquitates
1753 1213 1990 1260 nostras.

2354 1196 2444 1249 2-1.
2487 1199 2825 1270 Ἐμάκρυνεν
2856 1204 2948 1270 ἀφ’
2972 1203 3131 1273 ἡμῶν
3152 1206 3250 1269 τὰς
3282 1208 3513 1278 ἀνομίας
3546 1207 3726 1279 ἡμῶν.

677 1283 765 1337 25.
803 1283 1085 1349 Quomodo
1112 1287 1403 1343 miseretur
1430 1300 1583 1359 pater
1614 1292 1847 1348 ﬁliorum
1884 1313 1897 1349 :

1799 1310 1847 1348 m
1884 1313 1897 1349 :
2354 1286 2445 1340 25.
2484 1288 2681 1353 Καθὼς
2714 1292 2971 1362 οἰκτείρει
2997 1298 3178 1366 πατὴρ
3208 1297 3386 1361 υἱούς·

675 1375 762 1429 26.
800 1375 1051 1433 Misertus
1081 1389 1165 1434 est
1193 1378 1453 1437 Dominus
1485 1384 1803 1439 timentibus
1828 1401 1906 1442 se.

2352 1378 2445 1435 26.
2495 1380 2809 1452 ’ῼκτείρησε
2836 1386 3041 1456 Κύριος
3062 1389 3190 1451 τοὺς
3219 1389 3589 1460 φοὸουμὲνους
3625 1391 3818 1449 αὐτόν.

674 1466 763 1520 27.
791 1467 1058 1533 Quoniam
1088 1472 1201 1540 ipse
1238 1475 1491 1543 cognovit
1532 1475 1847 1546 ﬁgmentum
1878 1489 2127 1535 nostrum
2162 1500 2175 1535 :

1936 1489 2127 1535 ,διε-ειη]
2162 1500 2175 1535 ε
2348 1469 2438 1525 27.
2472 1472 2595 1524 Ὅτι
2626 1474 2788 1537 αὐτὸς
2816 1476 2958 1544 ἔγνω
2985 1480 3046 1531 τὸ
3080 1479 3302 1552 πλάσμα
3334 1482 3485 1553 ἡμῶν
3510 1500 3523 1512 ·

673 1558 761 1612 28.
792 1559 1125 1617 Reeordatus
1154 1572 1256 1629 est,
1294 1566 1553 1634 quoniam
1590 1567 1768 1635 pulvis
1798 1585 2012 1625 sumus.

1687 1569 1768 1623 vis
1798 1585 2012 1625 sumus,
2351 1561 2440 1615 28.
2491 1564 2789 1636 Ἐμνήσθη,
2815 1569 2895 1621 ὅτι
2931 1569 3059 1639 χοῦς
3086 1573 3271 1642 ἐσμεν.

672 1651 762 1705 29.
799 1650 971 1708 Homo
997 1655 1136 1710 sicut
1168 1654 1350 1711 fenum
1382 1657 1498 1712 dies
1528 1659 1685 1727 ejus:

2357 1652 2448 1706 29.
2480 1654 2800 1725 Ἀνθρωπος
2836 1660 2967 1713 ὡσεὶ
2996 1663 3189 1733 χόρτος
3219 1665 3273 1716 αἱ
3313 1663 3519 1735 ἡμέραι
3549 1664 3719 1718 αὑτοῦ
3747 1681 3762 1696 ⁶

671 1740 759 1797 50.
783 1742 1064 1813 Tanquam
1092 1746 1193 1801 ﬁos
1220 1749 1336 1817 agri
1366 1750 1447 1803 sic
1469 1748 1753 1805 eﬁlorebit.

2350 1745 2439 1798 30.
2489 1746 2633 1800 Ὠσεὶ
2660 1749 2820 1815 ἄνθος
2853 1752 2947 1805 τοῦ
2981 1754 3153 1826 ἀγροῦ
3178 1755 3350 1819 οὕτως
3380 1756 3688 1827 ὲξανθήσει.

672 1835 761 1888 51.
789 1835 1061 1901 Quoniam
1088 1838 1313 1908 spiritus
1358 1844 1708 1911 pertransibit
1745 1844 1797 1898 in
1831 1845 1943 1912 illo,
1977 1854 2031 1901 et
2072 1863 2181 1903 non
2211 1830 2255 1885 Β

2352 1831 2443 1885 51.
2476 1833 2599 1886 Ὅτι
2630 1838 2846 1908 πνεῦμα
2877 1840 3091 1912 διῆλθεν
3132 1847 3189 1897 ὲν
3225 1845 3394 1915 αὐτῷ,
3425 1848 3518 1899 καὶ
3557 1847 3657 1916 οὐχ
3693 1847 3866 1918 ὑπάρ-

602 1926 861 1982 suhsistet
894 1947 905 1981 :
2281 1919 2358 1985 εει
2389 1938 2402 1951 ’

670 2015 759 2070 52.
798 2016 861 2070 Ει
891 2033 995 2072 ηοη
1028 2031 1323 2090 cognoscet
1354 2025 1589 2093 amplius
1612 2027 1792 2081 locum
1818 2044 2000 2086 suum.

2348 2010 2435 2065 52.
2475 2013 2587 2066 Kal.
2612 2013 2714 2066 οὐκ
2736 2015 3100 2086 ἐπιγνώσεται
3131 2019 3212 2074 ἔτι
3238 2022 3330 2077 τὸν
3368 2026 3530 2077 τόπον
3563 2025 3754 2081 αὐτοῦ.

670 2108 758 2161 55.
790 2110 1162 2167 Misericordia
1214 2124 1395 2169 autem
1452 2115 1665 2172 Domini
1719 2119 1789 2174 ab
1837 2129 2066 2187 aeterno,
2126 2130 2180 2177 et

2345 2101 2430 2155 33.
2470 2104 2541 2156 Τὸ
2566 2105 2623 2157 δὲ
2659 2106 2807 2171 ἔλεος
2833 2108 2928 2163 τοῦ
2979 2111 3189 2184 Κυρίου
3240 2114 3348 2168 ἀπὸ
3396 2116 3489 2169 τοῦ
3536 2117 3740 2183 αἰῶνος
3776 2119 3863 2173 καὶ

604 2215 772 2267 usque
802 2201 853 2254 in
886 2213 1148 2259 a:ternum
1177 2222 1341 2275 super
1370 2208 1624 2264 timentes
1653 2226 1802 2265 eum.

2274 2193 2379 2257 ἕως
2402 2194 2494 2246 τοῦ
2529 2196 2723 2260 αἰῶνος
2747 2200 2839 2252 ἐπὶ
2860 2204 2985 2267 τοὺς
3010 2204 3384 2275 φοϐουμένους
3416 2208 3599 2261 αὐτόν.

668 2289 757 2345 54.
788 2290 1085 2362 Etjustitia
1114 2296 1260 2351 illius
1292 2298 1346 2351 in
1382 2299 1523 2355 ﬁlios
1553 2300 1811 2366 ﬁliorum,

2349 2285 2436 2338 54.
2468 2288 2577 2339 Καὶ
2600 2289 2631 2359 ή
2657 2289 2967 2363 δικαιοσύνη
2999 2296 3162 2348 αὑτοῦ
3205 2298 3298 2349 ἐπὶ
3332 2299 3467 2361 υἱοῖς
3492 2300 3648 2365 υίῶν,

670 2382 760 2436 55.
794 2382 891 2440 His
918 2388 1009 2455 qui
1041 2399 1261 2443 servant
1284 2398 1664 2445 testamentum
1695 2394 1834 2464 ejus,

2346 2378 2435 2431 35.
2468 2379 2592 2443 Τοῖς
2619 2381 2950 2449 φυλάσσουσι
2981 2386 3079 2457 τὴν
3106 2388 3372 2461 διαθήκην
3405 2393 3571 2446 αὑτοῦ
3602 2435 3616 2459 ,

673 2472 764 2530 56.
794 2472 859 2528 Ει
882 2491 1151 2534 memores
1186 2491 1314 2535 sunt
1338 2483 1717 2539 mandatorum
1759 2486 1954 2554 ipsius,
1986 2488 2051 2541 ad
2098 2487 2177 2543 fa-

2346 2467 2434 2522 36.
2474 2470 2582 2523 Καὶ
2615 2476 2985 2545 μεμνημένοις
3009 2476 3120 2531 τῶν
3137 2481 3365 2534 ἐντολῶν
3383 2482 3571 2547 αὑτοῦ,
3594 2485 3691 2538 τοῦ
3709 2490 3862 2559 ποιῆ-

600 2564 848 2617 ciendum
881 2582 962 2619 ea.
2278 2573 2368 2609 σαι
2396 2560 2585 2622 αὺτάἶθ

666 2650 752 2704 57.
786 2650 1050 2711 Dominus
1088 2657 1140 2709 in
1175 2658 1313 2712 caelo
1344 2661 1557 2729 paravit
1589 2662 1772 2717 sedem
1795 2678 1949 2720 suam
1977 2685 1989 2720 :

2342 2646 2427 2700 37.
2456 2647 2659 2719 Κύριος
2677 2654 2733 2706 ὲν
2749 2652 2826 2723 τῷ
2846 2654 3061 2727 οὐρανῷ
3078 2660 3343 2729 ἡτοίμασε
3358 2662 3448 2716 τὸν
3462 2664 3653 2735 Θρόνον
3673 2669 3856 2723 αὑτοῦ·

661 2742 749 2797 58.
784 2742 849 2797 Ει
878 2761 1102 2816 regnum
1130 2749 1297 2818 ipsius
1328 2754 1583 2809 omnibus
1612 2753 1953 2811 dominatur.

2339 2739 2426 2792 58.
2460 2742 2625 2811 Καὶή
2662 2743 2906 2811 βασιλεία
2936 2748 3103 2801 αὐτοῦ
3133 2752 3351 2806 πάντων
3384 2753 3659 2821 δεσπόζει.

662 2834 749 2888 59.
780 2834 1083 2895 Benedicite
1106 2840 1357 2907 Domino,
1387 2860 1578 2901 omnes
1602 2847 1778 2917 angeli
1810 2848 1952 2916 ejus,

2342 2829 2430 2885 39.
2470 2830 2753 2902 Εὑλογεῖτε
2775 2835 2864 2889 τὸν
2888 2838 3114 2910 Κύριον,
3135 2841 3335 2907 πάντες
3354 2844 3406 2898 oi
3428 2846 3655 2917 ἄγγελοι
3668 2853 3859 2919 αὑτοῦ,

661 2926 749 2981 40.
783 2928 1037 2987 Potentes
1062 2934 1259 2990 virtute
1290 2935 1555 2991 facientes
1580 2938 1807 2992 verbum
1831 2939 2000 3005 illius,

2346 2922 2433 2977 40.
2464 2925 2688 2979 Δυνατοὶ
2715 2928 2859 2998 ίσχύῐ
2894 2930 3178 3015 ποιοῦντες
3213 2936 3305 2989 τὸν
3331 2935 3492 3007 λόγον
3517 2942 3714 3011 αὑτοῦ,

1712 3114 2087 3171 ATHANASH
2138 3118 2717 3178 lNTERPRETATlO.

664 3272 753 3329 19.
784 3269 899 3328 Νοη
952 3273 1154 3329 oblitus
1204 3284 1289 3329 est
1329 3279 1526 3345 nostri,
1575 3281 2037 3349 quemadmodum
2072 3299 2171 3340 nos
2198 3294 2239 3350 (ζ

2346 3284 2431 3340 19.
2460 3283 2574 3339 υὸκ
2601 3286 2896 3342 ἐπελάθετο
2945 3290 3121 3361 ἡμῶν,
3164 3290 3347 3357 καθὼς
3382 3296 3549 3366 ἡμεῖς
3593 3301 3860 3361 ἐπελαθὺ-

588 3365 708 3421 eius
737 3366 888 3421 obliti
922 3380 1114 3420 sumus
1145 3365 1198 3417 in
1235 3368 1496 3433 peccatis.

2273 3375 2413 3445 μεθα
2445 3373 2614 3429 αὑτιῦ
2638 3380 2695 3430 ἐν
2727 3382 2847 3443 ταῖς
2882 3382 3197 3453 ἁμαρτίαις.

657 3458 747 3512 20.
777 3457 965 3529 Neque
994 3459 1070 3513 ita
1101 3457 1246 3523 fecit,
1279 3460 1742 3529 quemadmodum
1774 3465 1922 3537 digni
1952 3484 2164 3536 sumus,

2337 3472 2426 3527 20.
2454 3472 2588 3525 υὲιὲ
2618 3474 2797 3539 καθὼς
2844 3476 2983 3540 ἄξιοί
3030 3477 3198 3549 ἐσμεν
3247 3477 3339 3533 τοῦ
3371 3479 3733 3557 βδελυχθῆναι
3764 3491 3861 3543 ἀπ’

590 3564 646 3605 ιιι
682 3566 780 3605 nos
812 3552 925 3621 ipse
956 3550 1384 3607 abominaretur.

2267 3564 2453 3630 αὑτοῦ,
2476 3564 2576 3619 οὐκ
2600 3569 2821 3639 ἐποίησε
2849 3568 3025 3622 τοῦτο.

655 3642 745 3705 21,
776 3642 864 3696 22.
914 3642 1237 3697 lmmensam
1282 3654 1336 3698 et
1372 3645 1805 3715 investigabilem
1848 3652 2165 3708 misericor-

2336 3656 2426 3719 21,
2452 3657 2547 3710 22.
2589 3658 2918 3731 Ἀμέτρητον
2949 3662 3044 3714 καὶ
3085 3664 3490 3735 ἀνεξιχνίαστον
3535 3670 3861 3744 ιδωρήσατο

586 3734 728 3788 diam
760 3736 1021 3806 elargitus
1050 3744 1134 3790 est
1167 3735 1487 3793 timentibus
1521 3756 1667 3797 eum.

2265 3748 2412 3811 ἔλεος
2442 3752 2516 3820 (l)
2551 3768 2613 3803 το
2639 3770 2667 3815 ς
2696 3752 3049 3821 φοϐουμένοις
3076 3734 3257 3810 αὐτόν.

655 3826 745 3890 25,
780 3825 867 3879 24.
904 3824 1014 3882 Nos
1044 3827 1191 3881 enim
1227 3827 1364 3883 lucis
1402 3830 1543 3888 ﬁlios
1573 3833 1773 3901 ell‘ecit,
1808 3848 2030 3907 peccata
2067 3855 2165 3895 au-

2335 3846 2424 3903 23,
2459 3840 2549 3892 24.
2595 3841 2771 3911 Ἡμᾶς
2797 3846 2905 3914 γὰρ
2949 3846 3100 3908 υἱοὺς
3136 3845 3312 3914 φωτὸς
3348 3847 3625 3914 ἀνέδειξε,
3665 3851 3768 3915 τὰς
3800 3853 3856 3907 δὲ

588 3930 693 3972 tem
729 3929 914 3973 nostra
941 3920 1189 3975 dissolvit
1217 3922 1266 3975 iu
1292 3922 1583 3992 baptismo.

2266 3934 2540 4005 ἁμαρτίας
2568 3934 2723 4005 ἡμῶν
2754 3936 3047 3990 κατέλυσεν
3081 3938 3137 3989 ὲν
3170 3936 3247 4008 τῷ
3280 3938 3640 4011 βαπτίσματι.

655 4012 746 4073 25,
776 4012 864 4067 26.
900 4011 1126 4083 Propter
1158 4014 1537 4073 miserationes
1571 4022 1689 4089 ejus
1726 4037 1923 4090 passus
1953 4032 2036 4079 est
2068 4040 2165 4095 pro

2335 4032 2426 4095 25,
2458 4032 2547 4087 26.
2568 4031 2714 4104 [Διὰ]
2735 4033 2814 4086 Τὰ
2846 4033 3131 4105 σπλάγχνα
3161 4035 3326 4089 αὑτοῦ
3364 4036 3569 4091 ἔπαθον
3597 4039 3678 4111 (2)
3707 4042 3852 4112 ὑπὲρ

586 4104 764 4158 nobis.

2268 4125 2300 4193 ἡ
2309 4124 2443 4193 μῶν.

654 4193 744 4257 27,
777 4193 865 4247 28.
899 4192 1167 4258 Quoniam
1200 4204 1344 4250 terra
1373 4206 1426 4252 et
1456 4198 1633 4267 pulvis
1660 4216 1869 4257 sumus.

1765 4218 1869 4257 lus.
2291 4192 2297 4193 “
2334 4212 2541 4275 27,28.
2577 4215 2697 4267 Ὅτι
2728 4214 2800 4284 γῆ
2828 4215 2921 4268 και
2951 4215 3141 4278 σποδός
3167 4216 3352 4287 ἐσμεν.

654 4284 744 4337 29.
775 4282 1133 4348 Germinavit,
1161 4284 1364 4351 ﬁoruit,
1397 4292 1631 4344 exaruit.

2333 4306 2424 4360 29.
2462 4282 2825 4379 ’E6chz'qeev
2862 4309 2958 4377 (3),
2989 4282 3247 4380 ἦνθησεν,
3272 4310 3564 4383 ἐξηράνθη.

653 4374 742 4427 50.
777 4374 1020 4438 Diteseit,
1051 4385 1105 4431 et
1132 4378 1471 4447 gloriﬁcatur
1496 4381 1547 4434 in
1578 4384 1685 4438 vita
1724 4401 1842 4441 sua.

2334 4394 2424 4449 30.
2462 4374 2727 4461 Πλουτεί,
2755 4399 2849 4451 καὶ
2872 4374 3157 4463 δοξάζεται
3183 4400 3241 4454 ὲν
3271 4374 3482 4473 vitam
3518 4374 3705 4458 αὑτοῦ.

653 4464 744 4519 51.
774 4466 1043 4531 Quoniam
1087 4469 1314 4535 angelus
1359 4475 1746 4541 superveniens
1788 4480 1993 4549 accepit
2039 4483 2153 4538 aui~

2332 4489 2419 4543 3|.
2454 4489 2578 4541 Ὀτι
2626 4490 2857 4559 ἄγγελος
2911 4478 3143 4556 ἐπιστὰς
3186 4492 3263 4565 (ι)
3301 4464 3482 4564 ,ἔλαϐέ
3519 4495 3621 4567 τὴν
3669 4498 3851 4568 ψυχὴν

586 4569 728 4610 mam
760 4558 930 4623 illius,
972 4568 1026 4612 et
1056 4560 1277 4615 defecit.

2266 4579 2453 4645 αὐτοῦ,
2483 4582 2578 4633 καὶ
2601 4581 2865 4645 ἐξέλιπεν.

654 4649 741 4701 32.
772 4647 836 4701 Et
866 4666 969 4702 non
1004 4652 1239 4719 amplius
1263 4654 1574 4707 revertitur.
2188 4667 2231 4723 ι)

2188 4667 2231 4723 D
2330 4671 2417 4729 32.
2452 4672 2555 4725 Καὶ
2584 4674 2683 4726 οὐκ
2817 4674 2896 4728 ἔτι
2926 4676 3345 4748 ὑποπρέφεται.

651 4740 739 4793 55.
769 4740 973 4806 Gratia,
1009 4751 1063 4796 et
1097 4743 1404 4815 benignitas
1428 4750 1566 4818 ejus.

2328 4764 2414 4818 55.
2462 4766 2525 4818 Ἠ
2554 4740 2837 4837 χάρις’έαὶ
2863 4771 2895 4839 ὴ
2929 4740 3301 4841 φιλανόρῷπία
3333 4772 3519 4826 αὐτοῦ.

651 4832 740 4885 54.
771 4832 836 4886 Et
863 4836 1153 4889 retributio
1177 4837 1317 4907 ejus.

2324 4857 2411 4911 54.
2450 4832 2704 4932 Καὶ-ίϐᾇὴ
2743 4832 3136 4932 μισθατιοδοσία
3152 4864 3316 4917 αὑτοῦ

650 4924 739 4989 55,
774 4925 861 4979 36.
898 4924 1015 4991 His,
1042 4929 1134 4997 qui
1162 4931 1211 4983 ei
1249 4930 1626 5001 beneplaeent.

2331 4949 2420 5011 33,
2452 4949 2541 5005 36.
2568 4924 3102 5027 Toig'e't'iapsctoﬁatv
3137 4956 3303 5028 αὐτῷ.

651 5019 739 5072 57.
774 5017 994 5087 Habuit,
1021 5034 1075 5076 et
1107 5024 1289 5080 habet.

2330 5042 2421 5095 37.
2452 5039 2598 5113 Εἶχε,
2633 5046 2726 5099 καὶ
2749 5017 2876 5116 ἔχει.

650 5111 739 5165 58.
774 5110 1124 5181 leestibus,
1148 5128 1200 5170 et
1230 5121 1601 5188 terrestribus,
1640 5133 1693 5177 et
1716 5123 1926 5179 inferis.

2328 5132 2418 5185 38.
2452 5110 2843 5204 ‘Enoupatviuiv,
2881 5138 2974 5190 καὶ
3008 5140 3289 5209 ἐπιγείων,
3317 5143 3409 5195 καὶ
3443 5144 3839 5216 καταχθονίων.

649 5207 740 5270 59,
766 5206 851 5261 40.
886 5208 1214 5265 Obedientes
1245 5212 1292 5264 ei
1325 5212 1375 5265 in
1409 5213 1687 5269 omnibus.

2328 5222 2419 5285 39,
2452 5222 2540 5278 40.
2576 5226 2640 5275 Ol
2676 5225 3041 5291 ὑπακούοντες
3069 5206 3216 5299 αυτῷ
3246 5231 3325 5293 είς
3352 5231 3550 5286 πάντα.

1532 5368 1840 5430 Addenda
1891 5380 1951 5431 et
1980 5374 2353 5455 corrigenda
2387 5394 2465 5438 ex
2505 5379 2645 5440 eod.
2673 5380 2873 5442 Vatic.

2253 5633 2267 5635 _
2454 5548 2559 5601 Καὶ
2602 5550 2701 5601 οὐκ
2763 5552 3069 5625 ἐπιστραφῇ
3127 5554 3224 5609 οὐκ
3268 5557 3345 5610 ἔτι
3388 5560 3446 5612 ὲν
3494 5559 3575 5631 τῷ
3630 5579 3826 5635 κοσμφ

651 5602 1035 5686 t2)"§3:105v.
1222 5676 1240 5686 _
1547 5680 1563 5686 Δ
1818 5682 1837 5686 _
1935 5685 1939 5686 γ
1993 5683 2002 5686 _
2248 5602 2437 5686 τοῦτίρ.
