4018 6482
140 437 282 491 4089
1088 427 1176 481 DE
1213 427 1486 482 TITULIS
1526 425 1727 481 PSALR

1786 425 1949 481 MU}!
1985 457 2055 468 —
2095 424 2287 480 PSAL.
2327 425 2460 481 CIII.
3238 423 3373 479 1090

212 550 306 603 41.
328 544 433 599 Τοῦ
461 543 687 598 ἀκοῦσαι
712 543 811 613 τῆς
845 540 1028 609 φωνῆς
1058 540 1164 592 τῶν
1197 539 1369 607 λόγων
1402 538 1586 592 αὑτοῦ.
1740 543 1783 598 Α

1574 579 1586 590 .
1740 543 1783 598 Α
1880 537 1965 589 41.
2003 536 2080 590 Ad
2105 535 2425 590 audiendam
2454 549 2637 589 vocem
2671 549 2983 589 sermonum
3012 534 3152 603 ejus.

211 641 306 693 42.
326 638 608 704 Εὑλογεῖτε
619 634 709 687 τόν
734 632 957 705 Κύριον,
977 634 1146 685 πᾶσαι
1170 634 1224 686 αἱ
1244 632 1501 701 δυνάμεις
1524 628 1710 692 αὑτοῦ,

1628 628 1710 692 οὖ,
1884 627 1971 680 49..
2001 627 2304 681 Benedicite
2328 625 2580 686 Domino,
2609 641 2796 679 omnes
2819 626 3046 678 virtutes
3072 625 3212 691 ejus.

216 731 305 784 45.
338 726 651 799 Λειτουργοὶ
677 724 863 789 αὑτοῦ,
893 727 947 778 οἱ
982 724 1058 795 (a)
1089 726 1367 788 ποιοῦντες
1399 724 1459 776 τὸ
1499 722 1712 792 θέλημα

1669 739 1712 774 ,α
1883 718 1971 773 45.
2003 718 2231 772 Ministri
2253 717 2393 787 ejus,
2427 716 2518 785 qui
2548 715 2727 770 facitis
2759 715 3087 769 voluntatem
3116 711 3256 783 ejus.

138 837 336 875 αυτου.

214 909 307 962 44.
333 910 614 975 Εὐλογεῖτε
638 905 727 958 τὸν
748 904 972 976 Κύριον,
999 904 1176 957 πάντα
1200 902 1270 955 τὰ
1298 902 1435 972 ἔργα
1464 899 1651 966 αὐτοῦ,

1567 899 1651 966 οὗ,
1884 900 1971 953 44.
1998 900 2300 955 Benedicite
2334 898 2581 964 Domino,
2606 900 2789 953 omnia
2814 913 2976 968 opera
3009 897 3150 966 ejus,

216 1000 307 1053 45.
350 1001 437 1052 Ἐν
470 1000 631 1052 παντὶ
662 997 812 1068 τόπῳ
834 997 935 1067 τῆς
962 995 1278 1058 δεσποτείας
1300 994 1465 1048 αὑτοῦ
1488 1009 1500 1023 ·

1405 994 1465 1047 οὗ
1488 1009 1500 1023 ·
1885 993 1972 1046 45.
2009 996 2065 1047 ln
2096 994 2238 1048 omni
2273 994 2390 1048 loco
2413 993 2798 1048 dominationis
2832 992 2950 1060 ejus
2977 1008 2990 1043 :

220 1091 311 1145 46.
341 1090 583 1158 Εύλόγει,
604 1091 636 1159 ἡ
660 1088 802 1160 ψυχή
829 1106 952 1157 μου,
982 1089 1071 1142 τὸν
1105 1088 1329 1158 Κύριον.

1885 1086 1972 1141 46.
2000 1087 2249 1153 Benedic,
2285 1089 2464 1140 anima
2497 1102 2637 1151 mea,
2670 1084 2921 1139 Domino.

148 1202 402 1271 Ψαλμὸς
426 1200 506 1265 τῷ
534 1200 730 1265 Δαϐὶδ,
760 1200 909 1268 ὑπὲρ
936 1199 1045 1267 τῆς
1070 1199 1175 1252 τοῦ
1210 1199 1439 1267 κόσμου
1489 1195 1717 1250 avorti-

1554 1195 1717 1249 κγτά·
2067 1197 2310 1252 Psalmus
2336 1197 2505 1251 David
2534 1214 2627 1265 pro
2656 1199 2916 1251 creatione
2938 1195 3141 1248 mundi.

447 1308 600 1357 σεως
624 1289 983 1363 [γενέσεως].
1028 1293 1201 1345 ΨΑΛ.
1234 1289 1366 1343 PI".

1234 1289 1366 1343 PI”.
2394 1289 2599 1346 ΡδΑι..
2625 1289 2791 1345 CIII.

222 1384 272 1436 Ι.
309 1383 553 1451 Εὐλόγει,
582 1384 615 1454 ἡ
646 1383 789 1453 ψυχή
824 1400 944 1454 μου,
970 1382 1059 1435 τὸν
1084 1381 1287 1453 Κύριον
1312 1397 1326 1411 '

1888 1383 1939 1435 1.
1978 1380 2229 1446 Benedic,
2265 1381 2445 1435 anima
2474 1398 2614 1446 mea,
2656 1382 2885 1436 Domino
2921 1399 2933 1434 :

218 1476 275 1529 2.
314 1475 483 1546 Κύριε
520 1478 547 1529 ό
587 1475 720 1538 Θεός
757 1492 878 1546 μου,
921 1473 1288 1545 ὲμεγαλύνθης
1326 1469 1715 1544 [ἐμεγαλύνθη]

1886 1474 1939 1527 2.
1978 1472 2202 1528 Domine
2240 1472 2383 1530 Deus
2426 1491 2603 1542 meus,
2652 1476 3029 1547 magniﬁcatus
3065 1490 3124 1530 es
3156 1472 3380 1546 [magni-

144 1568 384 1636 σφόδρα.

1818 1567 2012 1622 licatus
2042 1566 2146 1640 est]
2178 1568 2540 1622 vehementer.

220 1660 275 1713 3.
326 1658 734 1730 Ἐξομολόγησιν
759 1659 851 1713 καὶ
880 1657 1350 1730 μεγαλοπρέπειαν
1386 1657 1616 1711 ὲνεδύσω
1636 1674 1651 1688 ο

1447 1657 1616 1710 εδύσω
1636 1674 1651 1688 ο
1890 1659 1939 1711 '5.
1973 1659 2381 1715 Conlessronem
2416 1668 2468 1714 et
2494 1660 2740 1713 decorem
2767 1658 2991 1713 induisti
3020 1675 3034 1713 :

230 1750 284 1802 4.
319 1749 774 1820 Ἀναϐαλλόμενος
805 1749 918 1818 φῶς
943 1749 1018 1811 ὡς
1040 1749 1275 1817 ἱμάτιον.

1889 1750 1942 1805 4.
1975 1752 2220 1807 Amic-tus
2254 1751 2460 1806 lumine
2488 1751 2628 1805 sicut
2657 1750 2995 1804 vestimento.

220 1840 274 1893 5.
312 1840 595 1892 Ἐκτείνων
622 1841 713 1894 τὸν
727 1840 951 1911 οὐρανὸν
966 1840 1096 1892 ὡσεὶ
1117 1840 1298 1911 δέρῤιν
1326 1856 1341 1872 ⁸
1745 1890 1789 1946 Β

1745 1890 1789 1946 Β
1973 1844 2278 1900 Extendens
2304 1845 2500 1900 caelum
2538 1844 2679 1898 sicut
2702 1843 2891 1912 pellem
2922 1860 2933 1896 :

216 1928 269 1980 6.
320 1928 378 1980 Ὀ
412 1931 688 1997 στεγάζων
713 1932 769 1983 ὲν
798 1929 953 1983 ὕδασι
978 1929 1046 1982 τὰ
1073 1930 1297 2001 ὑπερῷα
1326 1930 1510 1985 αὑτοῦ.
1746 1928 1789 1946 ’³

1387 1930 1510 1985 ιτοῦ.
1746 1928 1789 1946 ⁸³
1888 1936 1941 1993 6.
1978 1937 2077 2002 Qui
2110 1937 2238 2007 tegit
2264 1938 2318 1990 in
2349 1938 2505 2006 aquis
2534 1935 2810 2005 superiora
2837 1934 2974 2003 ejus.

218 2020 272 2070 7.
314 2019 372 2072 Ὀ
400 2020 571 2083 τιθεὶς
594 2019 729 2090 νέιρη
756 2018 853 2091 τὴν
880 2020 1128 2075 ἐπίϐασιν
1162 2020 1325 2074 αὑτοῦ
1347 2036 1360 2050 ⁸

1883 2028 1933 2081 7.
1970 2027 2072 2094 Qui
2104 2030 2256 2099 ponit
2285 2028 2457 2083 nubes
2489 2044 2775 2084 ascensum
2817 2041 2977 2081 suum
3018 2044 3030 2078 :

222 2134 301 2205 (a)
334 2138 394 2189 Οἱ
422 2150 530 2190 non
564 2135 782 2206 legitur.

1263 2295 1635 2352 ATIIANASII
1688 2296 2272 2354 INTERPRETATIO.

216 2419 309 2481 42,
338 2419 427 2473 45.
468 2417 804 2481 Ἐπίσκοποι,
835 2414 1213 2487 πρεσϐύτεροι,
1241 2415 1477 2472 διάκονοι
1503 2418 1717 2472 ποιούν-

1885 2420 1973 2482 42,
2004 2419 2092 2474 45.
2144 2414 2431 2487 Episcopi,
2476 2412 2811 2486 presbyteri,
2861 2410 3075 2467 diaconi
3129 2409 3391 2466 facientes

136 2528 239 2573 τες
272 2511 333 2562 τὸ
358 2509 567 2579 θέλημα
589 2509 773 2562 αὐτοῦ.

725 2509 773 2562 ὖ.
1814 2511 2147 2565 voluntatem
2172 2510 2312 2579 ejus.

218 2599 410 2653 44-46.
460 2599 746 2668 Εὑλογεῖτε
801 2598 892 2652 τὸν
952 2597 1169 2671 Κύριον,
1224 2600 1422 2664 πάντες
1454 2602 1503 2653 οἱ
1539 2603 1718 2655 πιστοὶ

1886 2599 2077 2655 44-46.
2115 2598 2422 2654 Benedicite
2452 2596 2701 2662 Domino,
2741 2610 2930 2649 omnes
2963 2594 3145 2648 {idvles
3170 2594 3291 2663 ejus
3336 2595 3388 2647 in

138 2689 314 2745 αὑτοῦ
348 2693 406 2744 ὲν
435 2692 597 2744 παντὶ
618 2691 787 2762 τόπῳ,
816 2693 872 2745 ὲν
900 2684 943 2758 ᾧ
972 2694 1109 2744 εἰσιν
1142 2693 1187 2743 ol
1218 2692 1523 2745 διδάσκαλοι
1549 2694 1641 2746 καὶ
1671 2694 1719 2746 οἱ

1818 2694 1966 2748 omni
1993 2692 2132 2755 loco,
2166 2691 2225 2749 in.
2263 2705 2371 2760 quo
2410 2696 2537 2744 sunt
2570 2686 2833 2757 magistri,
2865 2695 2917 2740 et
2952 2686 3188 2740 ministri
3216 2687 3389 2739 dono-

136 2784 386 2837 διάκονοι
414 2782 519 2835 τῶν
552 2782 905 2852 χαρισμάτων
940 2780 1124 2834 αὑτοῦ.
1167 2781 1381 2852 Ὠσπερ
1428 2783 1537 2854 γὰρ
1568 2785 1641 2853 (1)
1672 2785 1722 2837 οἱ

1822 2800 1942 2839 rum
1974 2784 2113 2853 ejus.
2144 2781 2277 2836 Nam
2306 2781 2765 2851 quemadmodum
2806 2794 2958 2850 reges
3007 2778 3169 2847 hujus
3200 2777 3390 2831 mundi

140 2876 241 2929 τοῦ
255 2876 458 2945 κόσμου
476 2874 662 2926 τούτου
677 2872 914 2941 βασιλεῖς
933 2872 989 2923 ὲν
1003 2875 1113 2935 τοῖς
1132 2871 1336 2936 τόποις,
1357 2875 1411 2925 ὲν
1436 2869 1516 2937 οἷς
1532 2876 1725 2928 δεσπόι

1823 2877 1875 2931 in
1907 2877 2061 2939 locis,
2108 2877 2161 2929 in
2197 2875 2398 2944 quibus
2450 2873 2823 2933 dominantur,
2865 2872 3204 2927 constituunt
3240 2871 3392 2925 viros

142 2970 323 3033 ζουσι,
344 2966 638 3020 καθιστῶσι
656 2966 732 3036 (2)
748 2966 875 3028 τοὺς
910 2964 1116 3017 ἑαυτῶν
1150 2967 1375 3029 πιστοὺς
1398 2966 1725 3037 ἄνδρας,ού-

1822 2968 1923 3022 sibi
1949 2966 2156 3030 ﬁdeles,
2186 2967 2257 3020 ita
2303 2967 2463 3022 etiam
2496 2965 2758 3018 Dominus
2793 2965 2846 3016 in
2880 2964 3035 3028 locis,
3066 2979 3203 3032 quos
3244 2964 3394 3016 novit

138 3075 255 3120 τως
272 3057 365 3111 καὶ
381 3061 409 3109 ό
431 3055 627 3128 Κύριος
645 3057 724 3118 εἰς
742 3054 833 3117 οὓς
848 3051 955 3107 οἶδε
977 3054 1175 3116 τόπους
1199 3055 1280 3107 ὅτι
1299 3055 1395 3123 τῆς
1410 3053 1724 3117 δεσποτείας

1826 3073 1946 3113 esse
1988 3056 2378 3112 dominationis
2426 3072 2559 3123 sum,
2600 3056 2932 3110 habitatores
2973 3054 3254 3110 constituit
3291 3054 3391 3108 sibi

139 3148 314 3201 αὑτοῦ
339 3150 465 3210 εἱσι,
498 3150 621 3211 τοὺς
673 3148 897 3207 ἑαυτοὺς
941 3144 1162 3206 πιστοὺς
1195 3145 1409 3207 οἰκέτας
1440 3144 1726 3215 καθίστησι

1827 3150 2030 3211 ﬁdeles.
2062 3158 2122 3204 ut
2144 3150 2523 3204 administrent
2561 3164 2681 3217 quae
2715 3150 2779 3201 ad
2808 3149 2924 3216 ipsa
2949 3148 3065 3202 loca
3099 3146 3392 3216 pertinent,

138 3242 371 3293 διοικεῖν
399 3240 465 3291 τὰ
492 3241 548 3290 ὲν
577 3240 759 3299 αὐτοῖς
784 3239 897 3298 τοῖς
946 3236 1156 3299 τόποις,
1189 3234 1328 3288 ὥστε
1366 3236 1473 3289 ἀπὸ
1512 3236 1619 3289 τῶν
1653 3236 1725 3306 (5)

1257 3253 1328 3287 ne
1366 3236 1473 3289 ἀπὸ
1512 3236 1619 3289 τῶν
1653 3236 1731 3306 (5)
1828 3250 1888 3295 ut
1917 3256 1947 3296 a
1972 3242 2105 3296 locis
2136 3241 2434 3296 dominatio
2464 3248 2844 3311 cognoscatur.

138 3331 329 3382 τόπων
355 3331 388 3399 ἠ
424 3328 708 3379 δεσποτεία
732 3324 1078 3396 γνωρίζεται.

226 3443 295 3495 Ἦ
330 3439 660 3511 προκειμένη
701 3439 977 3511 ἐπιγραφὴ
1012 3437 1249 3509 περιέχει
1283 3436 1357 3507 (4)
1384 3455 1396 3468 '
1440 3438 1553 3507 Τῆς
1587 3438 1693 3493 τοῦ
1720 3440 1953 3509 κόσμου
1979 3441 2268 3511 γενέσεως
2296 3441 2698 3507 ἀνεπίγραφος
2731 3441 2865 3507 παρ’
2910 3440 3212 3508 Ἑϐραίοις,
3243 3456 3398 3492 τουτ-

143 3534 297 3587 έστιν
340 3535 429 3586 ὅτε
472 3534 576 3595 πᾶς
609 3534 637 3585 ό
666 3533 866 3601 κόσμος
895 3531 1345 3602 ἀνεκαινοποιήθη
1378 3531 1483 3585 τῶν
1509 3532 1696 3586 ὲθνῶν.
1720 3530 1873 3598 Εἶτα,
1904 3532 1984 3599 τῷ
2015 3535 2213 3598 Δαόὶδ,
2248 3536 2381 3606 ὅπερ
2422 3533 2781 3605 ἑρμηνεύεται
2822 3532 2901 3598 τῷ
2933 3533 3117 3597 ἱκανῷ
3153 3532 3227 3602 τῇ
3272 3550 3395 3602 χει-

136 3631 202 3695 ρὶ
230 3628 329 3696 (5),
359 3626 437 3679 τῶ
464 3626 575 3695 Υῑῷ
597 3625 688 3677 τοῦ
716 3624 871 3676 Θεοῦ.
912 3618 1067 3683 Εἶτα,
1098 3624 1501 3690 ἀνεπίγραφος
1527 3626 1662 3692 παρ’
1702 3626 2012 3693 Ἑϐραίοις,
2036 3626 2235 3679 ὡσανεὶ
2266 3627 2359 3679 τὸν
2390 3626 2697 3696 λαλήσαντα
2720 3627 2777 3678 ἐν
2811 3624 2888 3695 τῷ
2923 3625 3119 3696 ψαλμῷ
3149 3625 3239 3679 τὸν
3270 3624 3404 3678 Υἱὸν

144 3717 243 3770 τοῦ
276 3715 412 3769 Θεοῦ
445 3715 545 3768 οὐκ
566 3714 770 3767 οἴδασιν
799 3714 847 3765 οἱ
901 3710 1163 3782 Ἑϐραῖοι.

220 3806 437 3861 Titulus
470 3806 794 3875 prmpositus
826 3804 1113 3858 continet:
1150 3801 1257 3856 Pro
1296 3803 1481 3857 mundi
1524 3806 1788 3859 creatione
1838 3805 2087 3860 Psalmus
2129 3807 2299 3861 David
2342 3809 2453 3862 sine
2504 3809 2658 3863 titulo
2708 3810 2846 3879 apud
2894 3809 3162 3875 Hebraeos,
3190 3811 3297 3870 hoc
3317 3825 3399 3868 est

146 3902 375 3971 quando
415 3901 650 3955 mundus
681 3900 967 3956 universus
1010 3899 1254 3969 gentium
1285 3909 1578 3955 renovatus
1607 3909 1709 3955 est.
1738 3900 1942 3956 Deinde
1966 3902 2157 3967 David,
2201 3906 2344 3973 quod
2376 3905 2757 3973 interpretatur
2784 3921 2941 3958 manu
2970 3907 3117 3973 forti,
3149 3908 3398 3977 (scilicet)

150 3995 247 4051 Dei
274 3995 430 4052 Filio.
461 3996 660 4051 Deinde
691 4013 706 4049 :
738 3996 850 4049 sine
875 3995 1029 4049 titulo
1055 3995 1197 4065 apud
1236 3992 1509 4061 Hebrteos,
1541 3997 1761 4065 perinde
1788 4013 1852 4052 ac
1882 3999 1928 4055 si
1958 4000 2162 4054 diceret
2191 4019 2203 4053 :
2234 4000 2328 4055 Dei
2359 4000 2580 4067 Filium,
2615 4002 2708 4071 qui
2740 4003 2953 4059 locutus
2983 4018 3067 4059 est
3087 4005 3140 4058 in
3166 4006 3401 4072 psalmo,

149 4088 365 4144 Hebraei
405 4104 512 4143 non
542 4096 829 4143 noverunt.

225 4184 276 4238 1.
307 4182 506 4255 Διηγοῦ
534 4183 711 4237 πάντα
738 4182 836 4253 (6),
866 4182 1007 4254 ἅπερ
1034 4182 1289 4253 ἐποίησεν
1320 4185 1400 4245 εἰς
1422 4182 1724 4238 ἀπόλαυσιν

1896 4190 1947 4243 I.
1979 4187 2146 4242 Narra
2176 4188 2383 4255 omnia,
2409 4203 2530 4258 quae
2568 4188 2715 4258 fecit,
2751 4189 2817 4243 ad
2849 4197 2998 4243 tuam
3028 4188 3382 4260 voluptatem.

152 4277 282 4330 σήν.

316 4364 604 4431 Ἐπεδείξω
626 4364 705 4436 (7)
728 4363 789 4417 τὸ
818 4363 978 4434 σοφὸν
1007 4363 1101 4417 καὶ
1132 4363 1354 4417 δυνατὸν
1389 4364 1477 4418 διὰ
1501 4363 1608 4416 τῶν
1634 4361 1728 4434 ἔρ-

1894 4367 1948 4422 2.
1979 4364 2272 4422 Ostendisti
2328 4368 2671 4438 sapientiam,
2720 4378 2773 4423 et
2810 4371 3105 4440 potentiam
3146 4374 3397 4441 operibus

149 4477 270 4528 των
310 4471 425 4510 σου.

372 4474 425 4510 υ.
1829 4461 1959 4514 tuis.

232 4551 284 4599 3.
322 4548 424 4600 Τὸν
452 4547 580 4602 λαὸν
604 4546 712 4601 τῶν
740 4547 910 4617 ἁγίων
933 4548 1327 4619 περιέ-ποιήσω.
1759 4586 1803 4640 D

1759 4586 1803 4640 Β
1900 4554 1951 4607 5.
1978 4550 2244 4621 Populum
2274 4561 2585 4605 sanctorum
2618 4552 2975 4621 acquisivisti.

231 4642 279 4695 4.
324 4639 670 4711 Ἐμπροσθεν
703 4638 777 4711 (8)
807 4639 914 4692 τῶν
940 4639 1195 4710 μαθητῶν
1226 4636 1390 4692 αὑτοῦ
1424 4637 1629 4707 γέγονε
1655 4636 1727 4690 τὰ
1760 4636 1792 4640 ⁷

1900 4644 1951 4697 4.
1993 4642 2189 4698 Coram
2238 4643 2518 4711 discipulis
2576 4646 2691 4699 suis
2735 4647 3039 4700 vestimenta
3083 4652 3195 4715 ejus
3252 4650 3400 4718 facta

154 4732 357 4800 Ιμάτια
391 4728 577 4782 αὑτοῦ
608 4728 818 4790 λευκὰ,
865 4728 944 4794 ὡς
985 4727 1050 4781 τὸ
1098 4726 1243 4796 φῶς.
1294 4725 1733 4796 Προϐαλλόμενος

1828 4747 1947 4792 sunt
1980 4738 2122 4797 alba.
2153 4739 2287 4791 sicut
2318 4738 2410 4791 ltta:
2432 4738 2497 4791 ¹¹.
2537 4735 2919 4793 Circumdatus
2947 4738 3173 4811 singulis
3195 4743 3399 4795 sanctis

154 4824 387 4884 Ξκαστος
421 4818 916 4890 [Περιϐαλλόμενος
937 4818 1185 4889 ἕκαστον)
1217 4816 1331 4868 ιτῶν
1369 4818 1539 4887 ἁγίων
1567 4815 1732 4870 αὑτοῦ

901 4818 1185 4889 ῖὲκαστονέ
1217 4816 1331 4868 ’τῶν
1369 4818 1539 4887 ἁγίων
1567 4815 1732 4870 αὑτοῦ
1832 4831 1945 4884 suis
1968 4829 2128 4883 veluti
2155 4839 2488 4898 tegumento.

154 4916 231 4967 ὡς
267 4913 499 4967 σκέπην.

203 4932 231 4978 ς
267 4931 499 4983 σκέπην.

228 5006 285 5068 5,
314 5005 365 5057 6.
414 5006 470 5058 '0
492 5003 739 5075 βοήθειαν
776 5004 1028 5075 παρέχων
1072 5004 1131 5057 ὲν
1172 5006 1284 5067 τοῖς
1319 5002 1495 5056 ἔθνεσι
1533 5001 1601 5055 τὰ
1640 5019 1735 5072 χα-

1904 5008 1955 5073 5,
1985 5009 2039 5062 6.
2073 5008 2174 5075 Qui
2208 5008 2259 5060 in
2291 5008 2553 5063 auxilium
2586 5009 2787 5078 pratbet
2826 5010 3075 5080 gentibus
3109 5011 3249 5067 dona
3277 5027 3399 5068 sua.

161 5097 402 5167 ρίσματα
426 5097 612 5149 αὑτοῦ.

230 5190 284 5241 7.
329 5189 388 5240 ’0
409 5187 723 5258 ἐμϐατεύων
743 5189 822 5250 εἰς
846 5188 970 5249 τοὺς
996 5187 1183 5255 ἁγίους
1215 5187 1406 5240 αὐτοῦ.

1293 5187 1406 5240 τοῦ.
1902 5183 1953 5238 7.
1988 5186 2089 5250 Qui
2116 5184 2358 5239 ascendit
2390 5184 2443 5237 in
2478 5194 2696 5239 sanctos
2729 5200 2880 5240 suos.

314 5280 499 5335 Matth.
534 5296 663 5345 xvu,
688 5280 747 5335 2.

1106 5350 1409 5411 Addenda
1441 5356 1500 5410 et
1530 5347 1900 5430 corrigenda
1937 5364 2016 5408 ex
2056 5345 2197 5407 cod.
2243 5342 2448 5406 Vatic.

230 5476 311 5540 Η)
341 5474 454 5543 Γάρ
483 5474 654 5528 deest.

1892 5474 1966 5541 (5)
2001 5474 2177 5543 Χειρὶ,
2210 5472 2457 5525 τουτέστι
2482 5470 2579 5541 τῷ,
2609 5482 2712 5526 etc.

228 5544 307 5605 (Ξ)
344 5543 448 5596 Καὶ
474 5544 818 5597 καθιστῶσιν.
1891 5544 1966 5608 (6)
2008 5545 2211 5604 Πάντα,
2243 5544 2363 5606 ὅσα,
2406 5551 2511 5596 etc.

231 5616 307 5685 (ξ)
344 5615 779 5685 Οἰκονομούντων
805 5614 1088 5685 τδνντόπον
1124 5615 1181 5685 ἡ,
1215 5624 1318 5669 etc.

722 5632 779 5667 ον
805 5614 1088 5685 τδνντόπον
1124 5615 1181 5685 ἡ,
1215 5624 1318 5669 etc.
1892 5615 1967 5685 (7)
2001 5612 2309 5685 ςξέπιδείξω.

231 5680 309 5755 (4)
330 5684 419 5755 -Ἡ
447 5680 661 5754 athe;
703 5683 1072 5755 κινναϐάρεως
1117 5680 1358 5753 περιέχει
1387 5703 1400 5713 ·
1457 5685 1566 5737 Et)
1618 5686 1715 5754 τῆς
1892 5680 2285 5755 (8)ῌΝ.ῌ4.Ὂτε
2312 5687 2367 5755 εν
2394 5680 2471 5755 τῷ
2497 5680 2611 5751 δρει
2642 5680 3038 5755 μετεμορφώθη
3067 5683 3400 5755 ἔμπροσθεν,

155 5752 248 5805 τοῦ
278 5753 482 5825 κόσμου
508 5752 793 5822 γενέσεως.
829 5756 871 5808 Τ
874 5754 917 5824 ᾧ
936 5752 1124 5821 Δαϐὶδ,
1154 5752 1427 5809 τουτέστιν
1466 5756 1555 5808 ὅτε
1587 5752 1712 5818 πᾶς,
1819 5752 1943 5825 etc.
1964 5752 2026 5805 N.
2063 5752 2113 5815 5,
2142 5752 2600 5825 Προϐαλζόμενος,
2629 5752 2863 5825 etc.._tb;
2898 5752 3129 5825 σκέπην.
3170 5754 3231 5807 Ν.
3273 5755 3403 5809 6.Ὁ

155 5836 261 5879 etc.
383 5821 393 5825 ⁷
525 5821 528 5822 ⁷
890 5821 899 5824 ’

1824 5823 2097 5895 βοήθειαν.
2125 5821 2229 5878 etc.
2268 5821 2333 5875 N.
2366 5821 2431 5877 7.
2464 5822 2520 5875 '0
2544 5821 2885 5891 ἐμϐατεύων,
2922 5834 3023 5878 etc.
