4018 6444
622 353 748 411 1091
1461 352 1515 408 S.

691 472 742 524 8.
774 469 875 537 Qui
912 469 1152 523 ambulat
1173 484 1335 539 super
1368 485 1574 539 pennas
1600 481 1905 523 ventorum.

691 562 743 613 9.
780 560 880 628 Qui
923 561 1051 615 facit
1082 561 1303 630 angelos
1330 576 1460 615 suos
1491 562 1720 630 spiritus
1754 579 1767 615 :

696 654 779 706 10.
815 652 879 707 Et
926 653 1208 708 ministros
1271 667 1400 708 suos
1456 653 1598 723 ignis
1654 652 1857 723 [ignem
1911 651 2194 723 urentem]

622 742 918 800 ﬂammam.

697 838 775 889 ll.
806 836 906 902 Qui
934 836 1170 892 fundasti
1190 846 1391 891 terram
1413 852 1576 906 super
1610 837 1962 890 stabilitatem
1992 849 2149 891 suam
2180 853 2193 889 :

694 928 927 983 lisNon
969 930 1317 983 inclinabitur
1342 928 1395 982 in
1425 928 1683 983 saeculum
1713 929 1923 982 saeculi.

693 1021 779 1073 15.
805 1019 1048 1090 Abyssus
1080 1020 1221 1073 sicut
1248 1020 1633 1073 vestimentum
1662 1020 1896 1073 amictus
1919 1017 2037 1087 ejus
2074 1035 2087 1070 :

692 1109 777 1163 11.
813 1110 988 1179 Super
1017 1121 1229 1165 montes
1261 1111 1486 1164 stabunt
1517 1125 1692 1177 aquze.

693 1202 778 1255 15.
816 1202 894 1255 Ab
922 1202 1294 1271 increpatione
1327 1212 1418 1257 tua
1445 1202 1653 1272 fugient
1686 1219 1698 1254 :

692 1293 779 1345 16.
816 1295 859 1345 A
890 1310 1020 1347 voce
1045 1294 1265 1347 tonitrui
1296 1295 1372 1348 tui
1400 1294 1792 1348 formidabunt.

691 1377 778 1431 17.
808 1376 1123 1431 Ascendunt
1153 1388 1386 1442 montes,
1417 1387 1470 1431 ct
1503 1376 1841 1431 descendunt
1864 1374 2066 1443 campi,

690 1469 777 1523 18.
813 1469 867 1522 ln
898 1472 1098 1535 locum,
1130 1486 1289 1540 quem
1318 1470 1559 1524 fundasti
1580 1470 1682 1523 eis.

692 1560 780 1614 19.
813 1560 1128 1616 Terminum
1154 1562 1405 1631 posuisti,
1440 1577 1601 1631 quem
1638 1575 1747 1615 non
1777 1555 2195 1627 transgredien-

619 1666 707 1709 tlll'
736 1673 750 1708 Ξ

688 1747 779 1800 20.
812 1744 1000 1818 Neque
1026 1755 1411 1801 convertentur
1442 1744 1654 1815 operire
1683 1754 1910 1799 terram.

1558 348 1926 407 ATHANASII
1969 351 2120 405 OPP.
2161 348 2341 403 PARS
2384 350 2466 404 Ill.
2509 381 2579 392 -—
2622 348 3030 407 HXEGETICA.

2218 475 2264 529 Α
2362 468 2413 521 8.
2462 468 2518 521 '0
2558 468 2874 539 περιπατῶν
2898 468 2990 520 ἐπὶ
3024 467 3310 538 πτερύγιον
3349 468 3595 531 ἀνέμων.

3753 347 3888 400 1092

2369 562 2421 614 9.
2464 562 2523 613 '0
2554 560 2723 613 ποιῶν
2745 563 2868 624 τοὺς
2895 560 3160 629 ἀγγέλους
3189 561 3353 614 αὐτοῦ
3389 563 3683 632 πνεύματα
3707 579 3720 591 ·

2369 654 2455 705 10.
2490 653 2599 706 Καὶ
2628 654 2754 715 τοὺς
2786 652 3129 725 λειτουργοὺς
3167 653 3329 708 αὐτοῦ
3373 656 3543 725 πυρὸς
3570 654 3589 726 [
3613 655 3728 726 πῦρ
3764 655 3891 723 φλέ-

2299 762 2392 813 γον
2420 744 2432 814 ]
2466 744 2659 812 φλόγα.

2373 836 2459 888 11.
2504 836 2561 887 Ὀ
2590 834 2855 905 θεμελιίύν
2873 835 2969 904 τὴν
3001 837 3105 906 γῆν
3129 836 3221 890 ἐπὶ
3242 837 3338 907 τὴν
3360 838 3662 906 ἀσφάλειαν
3691 840 3887 905 αὖτῆς*

2371 931 2455 981 1:3.
2484 929 2557 980 Ηὺ
2591 928 2910 997 κλιθήσεται
2935 931 3013 991 εἰς
3034 930 3124 981 τὸν
3147 928 3315 983 αἰῶνα
3345 931 3437 983 τοῦ
3473 932 3701 995 αἰῶνος.

2370 1018 2455 1071 15.
2490 1019 2756 1083 ’Λϐυσσος
2779 1020 2855 1082 ὡς
2886 1020 3097 1089 ἱμάτιον
3142 1020 3202 1072 τὸ
3236 1020 3580 1091 περιϐόλαιον
3614 1022 3789 1077 αὑτοῦ
3820 1038 3837 1051 °

2370 1104 2457 1158 14.
2508 1107 2631 1158 Ἐπὶ
2660 1106 2767 1160 τῶν
2792 1107 2961 1178 ὀρέων
2992 1108 3277 1177 στήσονται
3307 1109 3488 1162 ὕδατα.

2370 1193 2455 1247 15.
2499 1195 2629 1247 Ἀπὸ
2657 1194 3028 1266 ἐπιτιμήσεως
3052 1212 3144 1249 σου
3178 1197 3496 1264 φεύξονται·

2370 1286 2456 1338 16.
2502 1287 2632 1339 Ἀπὸ
2664 1288 2846 1357 φωνῆς
2877 1287 3103 1359 βροντῆς
3142 1306 3234 1341 σου
3262 1289 3641 1345 δειλιάσουσιν.

2368 1376 2452 1429 17.
2485 1378 2891 1430 ’Λναδαίνουσιν
2912 1378 3035 1450 ὅρη,
3071 1380 3164 1432 καὶ
3191 1381 3580 1436 καταϐαίνουσι
3611 1384 3799 1447 πεδία,

2370 1467 2453 1521 18.
2489 1467 2580 1530 Εἰς
2609 1468 2701 1520 τὸν
2723 1471 2905 1532 τόπον,
2935 1470 2992 1522 ὃν
3024 1469 3394 1541 ἐθεμελίωσας
3429 1474 3591 1527 αὐτὰ.

2368 1559 2455 1613 19.
2487 1560 2672 1630 Ὅριον
2701 1559 2844 1625 ἔθου,
2871 1561 2899 1613 ὂ
2931 1562 2991 1613 οὺ
3024 1562 3469 1633 παρελεύσονται⁸

2366 1736 2454 1789 20.
2480 1738 2613 1792 Οὐδὲ
2637 1740 3027 1811 ἐπιστρέφουσι
3059 1740 3297 1811 καλῦψαι
3319 1742 3415 1814 τὴν
3436 1744 3559 1815 γῆν.

1750 1918 2128 1975 ATIIANASII
2170 1916 2758 1974 INTERPRETATIO.

690 2108 743 2167 8.
767 2108 868 2175 Qui
891 2107 1189 2161 inambulat
1216 2107 1267 2161 in
1298 2105 1557 2161 cordibus
1587 2104 1984 2175 apostolorum.

692 2201 745 2263 9.
777 2201 865 2257 10.
896 2198 1240 2255 Manifestum
1289 2198 1505 2268 quidem
1550 2207 1651 2262 est,
1694 2196 1837 2267 quod
1872 2195 2045 2251 sancti
2079 2194 2196 2265 ejus

623 2293 847 2361 spiritus
875 2300 1020 2357 sunt,
1048 2301 1101 2345 et
1136 2292 1365 2345 virtutes
1398 2290 1771 2344 ministrantes
1803 2288 1851 2340 ei
1885 2286 2025 2356 ignis
2045 2293 2195 2339 sunt.

632 2386 1015 2439 Verumtamen
1052 2401 1246 2439 sensus
1274 2383 1600 2452 allegoricus
1638 2382 1745 2435 boc
1775 2378 2064 2450 signiﬁcat,
2102 2379 2195 2448 qni

624 2474 754 2529 facit
788 2477 1172 2529 annuntiantes
1217 2475 1549 2527 voluntatem
1593 2488 1747 2527 suam
1792 2470 2102 2541 spirituales
2142 2478 2197 2524 et

623 2565 1065 2621 administrantes
1100 2566 1204 2621 sibi
1232 2566 1407 2635 ignem
1451 2564 1858 2620 comburentem
1881 2570 2075 2616 contra
2103 2560 2197 2614 ad-

622 2657 893 2710 versarias
918 2663 1231 2725 potestates.
1265 2653 1583 2708 Versiculus
1614 2662 1794 2706 autem
1816 2694 1830 2717 ,
1866 2651 1920 2705 in
1970 2665 2079 2721 quo
2113 2658 2198 2704 est

625 2745 730 2800 hoc
764 2747 979 2815 signum
1006 2745 1242 2800 limnisci
1277 2745 1379 2799 sub
1417 2744 1632 2798 duobus
1664 2742 1850 2815 [super
1876 2743 1984 2797 duo
2032 2740 2191 2812 sigla]

621 2834 731 2899 OB,
790 2836 857 2890 ad
902 2837 1239 2906 septuaginta
1273 2837 1411 2891 duos
1466 2835 1795 2905 interpretes
1857 2835 2112 2905 pertinet,
2142 2842 2197 2887 et

622 2944 718 2998 per
750 2930 1087 2999 particulam,
1115 2946 1234 3000 quae
1264 2938 1385 2999 post
1416 2928 1750 2983 versiculum
1798 2937 1902 2989 est,
1966 2926 2191 2991 indicat;

624 3034 719 3088 per
747 3020 884 3073 duas
913 3028 1095 3073 autem
1133 3019 1455 3088 punctiones
1480 3058 1493 3081 ,
1526 3017 1639 3071 sive
1674 3024 1893 3084 puncta,
1926 3016 2032 3071 duo
2064 3015 2194 3087 juga

625 3108 755 3182 [duo
799 3111 967 3181 sigla,
999 3126 1094 3163 seu
1150 3121 1308 3165 notas
1356 3108 1811 3181 compendiarias]
1856 3110 2194 3179 septuaginta

621 3201 855 3254 duorum
906 3202 1257 3270 interpretum
1283 3203 1550 3273 significat
1582 3203 1685 3270 (α).

693 3292 778 3345 11.
807 3291 908 3359 Qui
934 3294 1193 3349 mundum
1220 3294 1461 3349 fundasti
1487 3297 1539 3348 in
1576 3294 1678 3349 tide
1705 3294 1846 3364 ejus.

691 3471 779 3526 12.
815 3471 987 3526 Porta!
1008 3472 1151 3525 enim
1181 3471 1336 3526 inferi
1372 3488 1480 3527 non
1508 3472 1891 3543 {praevalebunt
1929 3471 2196 3528 adversus
2224 3444 2267 3501 θ

623 3564 781 3618 ﬁdem
818 3573 989 3616 tuam.

693 3654 780 3709 15.
806 3652 1229 3711 Justiticationes
1268 3655 1387 3725 ejus
1421 3656 1583 3727 sicut}
1609 3656 1997 3711 vestimentum
2039 3659 2197 3714 dicit.

693 3746 778 3802 1-1.
808 3746 865 3800 ln
912 3748 1144 3802 adventu
1196 3750 1578 3818 prophetarum
1631 3749 1951 3803 restiterunt
2003 3765 2195 3805 eorum

624 3839 887 3895 doctrina:
914 3838 1208 3893 daemones.

694 3929 781 3982 15.
813 3930 857 3981 Δ
890 3944 1137 3984 sermone
1158 3936 1337 3983 autem
1359 3928 1624 3985 adventus
1652 3930 1728 3984 tui
1755 3930 2195 4001 dissipabuntur.

693 4113 781 4169 16.
812 4114 856 4165 Α
884 4128 1012 4167 voce
1035 4111 1287 4182 praecepti
1315 4110 1390 4164 tui
1413 4110 1819 4181 dispergentnr.

694 4292 778 4345 17.
805 4290 1010 4346 Elevati
1045 4298 1172 4347 sunt
1198 4290 1339 4345 sicut
1370 4300 1601 4355 montes,
1638 4298 1692 4344 et
1715 4290 1963 4359 dejecisti
2001 4306 2096 4347 eos
2128 4293 2168 4347 ir

624 4394 843 4437 terram.

693 4478 777 4531 18.
815 4477 871 4529 In
902 4476 1099 4546 ignem,
1123 4488 1283 4542 quem
1309 4470 1622 4541 praeparasti
1656 4470 1761 4525 eis.

694 4566 779 4620 19.
810 4565 957 4619 Diem
984 4563 1195 4633 judicii,
1222 4577 1387 4631 quam
1422 4577 1528 4614 non
1562 4561 1935 4630 praeteribunt.

2228 2109 2271 2163 Β
2372 2101 2426 2156 8.
2463 2102 2521 2153 Ὀ
2551 2100 2943 2172 ἐμπεριπατῶν
2967 2103 3044 2164 εἰς
3060 2101 3157 2165 τὰς
3176 2102 3397 2174 καρδίας
3413 2104 3521 2157 τῶν
3540 2106 3880 2162 ἀποστόλων.

2368 2193 2422 2254 9,
2460 2193 2545 2247 10.
2586 2194 2753 2263 Δῆλον
2805 2193 2904 2264 μέν
2951 2194 3121 2259 ἐστιν,
3167 2196 3247 2248 ὅτι
3298 2199 3345 2248 οἱ
3398 2198 3544 2264 ἆγιοι
3590 2199 3668 2267 (1)
3719 2202 3881 2255 αὐτοῦ

2298 2283 2593 2352 Πνεύματά
2623 2285 2750 2348 εἱσι,
2782 2286 2874 2337 καὶ
2895 2286 2947 2337 αἱ
2973 2284 3231 2355 δυνάμεις
3258 2287 3314 2339 αἱ
3345 2286 3421 2357 (Ξ)
3459 2288 3875 2361 λειτουργοῦσαι

2296 2375 2443 2445 αὐτῷ
2467 2375 2579 2446 πῦρ
2624 2377 2780 2427 εἰσιν.
2813 2376 3003 2446 Ὅμως
3058 2380 3091 2448 ἡ
3138 2378 3340 2450 θεωρία
3394 2381 3552 2435 τοῦτο
3584 2384 3770 2451 λέγει·
3827 2386 3882 2439 Ὀ

2297 2467 2467 2519 ποιῶν
2490 2468 2615 2531 τοὺς
2640 2469 3063 2537 ἀναγγέλλοντας
3091 2468 3237 2540 τὺ(5)
3254 2472 3498 2543 βούλημα
3524 2475 3694 2529 αὑτοῦ
3720 2495 3882 2531 πνευ-

2300 2560 2584 2629 ματικους,
2613 2561 2850 2623 καὶτοὺς
2878 2562 3324 2631 λειτουργοῦντας
3351 2565 3499 2633 αὐτῷ
3536 2568 3651 2637 πῦρ
3684 2570 3881 2637 φλέγον

2296 2650 2438 2704 κατὰ
2478 2650 2587 2704 τῶν
2644 2652 2899 2707 ἐναντίων
2946 2654 3248 2723 δυνάμεων.
3303 2654 3360 2708 'U
3391 2655 3572 2727 στίχος
3622 2660 3681 2711 δὲ
3707 2699 3723 2722 ,
3754 2664 3813 2713 ὲν

2296 2741 2411 2795 ἐστι
2438 2742 2498 2795 τὸ
2523 2746 2749 2813 σημεῖον
2780 2746 2937 2798 τοῦτο
2953 2746 3048 2799 τοῦ
3084 2746 3406 2817 λημνίσκου,
3442 2750 3547 2803 ὑπὸ
3575 2750 3671 2805 δύο
3702 2753 3883 2822 ζυγῶν

2296 2824 2341 2897 ᾧ
2361 2830 2525 2904 [ὑπὲρ
2551 2833 2642 2886 δύο
2664 2833 2885 2905 σιγλῶν]
2909 2837 3018 2888 τῶν
3058 2836 3155 2890 OB’
3170 2840 3516 2908 ὲρμηνευτῶν
3543 2842 3883 2913 εἴρηται.)ιώ

2294 2922 2382 2975 διὰ
2412 2924 2514 2994 μὲν
2548 2925 2646 2994 τῆς
2674 2926 2909 2995 κεραίας
2937 2928 3036 2998 τῆς
3069 2926 3204 2998 μετὰ
3231 2928 3321 2983 τὸν
3358 2930 3539 3001 στίχον
3574 2934 3729 3003 δηλοί
3796 2937 3881 2989 διὰ

2294 3014 2351 3067 δὲ
2387 3014 2493 3067 τῶν
2522 3016 2614 3069 δύο
2664 3017 2904 3088 στιγμῶν
2933 3020 3051 3090 ἦτοι
3084 3021 3338 3093 νύγματα
3367 3021 3743 3098 [νυγμάτων],
3784 3029 3882 3089 τὰς

2294 3104 2388 3159 δύο
2411 3104 2579 3174 ζυγὰς
2600 3106 2847 3180 [σίγλας]
2880 3109 2988 3163 τῶν
3022 3111 3368 3183 ἐρμηνευτῶν
3416 3116 3719 3186 ἐσήμανεν.
3793 3118 3880 3172 Ita

2296 3198 2351 3249 in
2386 3196 2516 3250 Cod.
2551 3215 2647 3251 ms.
2683 3198 2847 3253 Barb.

2366 3287 2450 3340 11.
2494 3288 2551 3341 Ὀ
2585 3289 2673 3342 τὸν
2716 3291 2918 3361 κόσμον
2980 3292 3318 3363 θεμελιώσας
3362 3298 3420 3349 ὲν
3467 3298 3545 3367 (4)
3585 3302 3656 3371 τῇ
3702 3301 3885 3354 πίστει

2299 3395 2486 3432 αυτου.

2372 3470 2457 3524 12.
2492 3470 2662 3526 Πύλαι
2697 3472 2805 3545 γὰρ
2834 3474 2958 3545 ᾅδου
2990 3488 3051 3528 ου
3082 3477 3466 3547 κατισχύσουσι
3504 3480 3608 3551 τῆς
3639 3483 3883 3547 πίστεως

2295 3563 2483 3617 αὑτοῦ.

2368 3657 2454 3709 15.
2490 3656 2569 3709 Τὰ
2601 3656 2945 3728 δικαιώματα
2976 3659 3139 3713 αὐτοῦ
3173 3661 3249 3724 ὡς
3283 3662 3496 3732 ἱμάτιον
3524 3665 3702 3734 λέγει.

2368 3748 2456 3801 14.
2499 3749 2619 3800 Ἐπὶ
2646 3749 2746 3818 τῆς
2777 3751 3076 3822 παρουσίας
3100 3752 3206 3805 τῶν
3242 3756 3536 3826 προφητῶν
3557 3758 3884 3814 ἀνθίσταντο

2295 3840 2361 3907 τῇ
2388 3837 2705 3910 διδασκαλίᾳ
2731 3840 2909 3893 αὐτῶν
2932 3842 2982 3892 οἱ
3007 3842 3281 3911 δαίμονες.

2369 3930 2454 3982 15.
2500 3930 2632 3983 Ἀπὸ
2660 3930 2716 3982 δὲ
2744 3931 2819 4002 (5)
2841 3932 2934 3985 τοῦ
2977 3933 3137 4002 λόγου
3171 3936 3272 4006 τῆς
3301 3939 3603 4003 παοουσίας
3629 3958 3728 3994 σου
3746 3943 3871 4013 depa—

2297 4024 2407 4084 νεῖς
2425 4022 2766 4093 γενήσονται.

2369 4112 2454 4165 16.
2489 4113 2624 4166 Ἀπὸ
2653 4114 2842 4185 φωνῆς
2883 4115 2977 4169 τοῦ
3028 4117 3449 4189 προστάγματός
3493 4139 3589 4175 σου
3625 4124 3878 4195 διαλυθή-

2296 4221 2499 4258 σονται.

2366 4294 2449 4346 17.
2494 4294 2818 4366 ’Υψώθησαν
2850 4297 2925 4361 ὡς
2954 4297 3075 4369 ὅρη,
3120 4300 3213 4352 καὶ
3241 4302 3539 4367 κατέϐαλες
3568 4304 3771 4371 αὐτοὺς
3799 4308 3875 4372 είς

2292 4383 2389 4453 τὴν
2426 4386 2547 4454 γῆν.

2364 4475 2447 4528 18.
2486 4476 2578 4539 Εἰς
2599 4479 2660 4531 τὸ
2682 4478 2813 4550 πῦρ,
2837 4480 2866 4531 ὂ
2889 4481 3190 4550 ἡτοίμασας
3224 4483 3424 4546 αὐτοῖς.

2363 4565 2448 4620 19.
2477 4567 2585 4637 Τὴν
2612 4571 2818 4641 ἡμέραν
2850 4572 2948 4640 τῆς
2969 4572 3221 4641 κρίσεως,
3245 4574 3310 4642 ἦν
3332 4574 3429 4642 οὐχ
3446 4574 3868 4646 ὑπερδήσονται.

686 4657 777 4712 20.
813 4656 993 4727 Neque
1017 4666 1350 4711 revertentur
1363 4652 1429 4707 ad
1449 4652 1835 4706 dominandum
1862 4654 1914 4706 in
1944 4654 2182 4708 bomini-

2357 4657 2447 4713 20.
2462 4660 2597 4713 Οὐδὲ
2619 4662 2941 4715 ἁναλύσουσι
2981 4663 3265 4734 κυριεῦσαι
3288 4665 3364 4735 (6)
3385 4666 3497 4718 τῶν
3540 4668 3870 4740 ἀνθρώπων.

621 4746 743 4803 bus.

1576 4886 1877 4951 Addenda
1908 4895 1969 4947 et
2014 4891 2389 4971 corrigenda
2428 4914 2505 4959 ex
2536 4898 2678 4960 cod.
2706 4898 2910 4962 Vatic.

721 5080 773 5149 1)
804 5080 1073 5149 Ἄγγελοι.

714 5152 771 5216 2)
804 5151 888 5207 Αἱ.
926 5155 1093 5203 deest.

713 5222 767 5287 7))
796 5220 884 5289 Τῷ
914 5220 1070 5289 βουλή
1080 5236 1226 5289 ματι.

716 5292 767 5362 4)
808 5287 928 5343 Ἐ’πὶ
961 5287 1401 5360 τὴνασιράλειαν
1439 5288 1619 5341 αὑτοῦ.
1674 5287 1796 5341 Mel.
1849 5288 1942 5342 all.
1988 5289 2151 5343 lectio

2298 5084 2387 5137 ubi
2422 5094 2601 5139 tamen
2630 5087 2915 5154 legendum
2946 5089 3159 5145 videtur
3194 5090 3287 5144 σοῦ
3322 5107 3431 5147 non
3461 5094 3652 5147 αὑτοῦ.

2368 5155 2443 5227 (3)
2477 5157 2541 5208 Δέ
2568 5174 2671 5227 non
2712 5160 2925 5227 legitur.

2364 5226 2438 5295 (6)
2470 5228 2551 5279 Κυ
2561 5226 2781 5281 οιεῦσαιί
2795 5230 2974 5283 πάλιν.

693 5450 769 5524 (α)
804 5444 1483 5524 Notetsibiuuusquisque,
1515 5444 1588 5497 vel
1607 5444 1867 5524 juceutem
1900 5443 2112 5524 lineam,
2144 5444 2221 5498 vel
2248 5445 2409 5524 siqua.
2432 5446 2724 5524 radiantia,
2751 5448 2805 5502 id
2826 5460 2925 5513 est,
2956 5451 3131 5524 obelos
3160 5468 3246 5515 +,
3281 5454 3357 5507 vel
3388 5456 3640 5509 astericos
3681 5459 3774 5524 Χ,
3815 5468 3862 5513 ει

622 5518 909 5595 ubicunque
943 5516 1124 5595 uiderit
1172 5516 1911 5595 virqulaut‘+.prqieerlentem
1956 5516 2113 5595 ab‘eu
2155 5532 2315 5595 usque
2341 5516 2541 5595 ηις-ὀίω
2576 5530 2788 5585 puncta,
2820 5536 2936 5588 qua:
2966 5523 3346 5595 impressum“,
3388 5528 3523 5577 sciat
3554 5528 3609 5579 in
3648 5516 3866 5595 scp‘t'rm-

623 5590 767 5657 ginta
795 5582 1198 5637 translatoribus
1222 5586 1336 5653 plus
1368 5586 1563 5657 haberi.
1610 5582 1706 5637 Ubi
1739 5593 1910 5657 autem
1949 5584 2114 5657 uellit:
2146 5585 2547 5657 similitudinem
2576 5582 2925 5655 perspexerit,
2957 5591 3020 5643 de
3041 5582 3284 5645 Ilicbrtris
3316 5582 3665 5649 uoluminibus
3703 5582 3859 5650 eddi—

624 5652 732 5709 tum
758 5659 985 5731 noverit,
1006 5672 1149 5725 mque
1179 5674 1334 5731 usque
1373 5657 1439 5707 ad
1463 5656 1567 5731 duo
1591 5654 1991 5731 pititcta,_ju.rtq
2030 5652 2397 5731 Theodotionis
2424 5652 2687 5731 άιιηιᾴεξαι
2707 5652 3022 5731 editionem,
3050 5663 3140 5731 qui
3173 5664 3513 5729 simplicitate
3538 5672 3794 5723 sermOuis
3826 5683 3859 5723 ο

623 5728 951 5796 sepltttigittla
974 5724 1339 5796 interpretibus
1366 5743 1466 5780 non
1488 5725 1777 5779 discordat.
1808 5724 2020 5779 Przefa't.
2058 5726 2227 5781 sancti
2258 5724 2478 5779 llieron.
2510 5728 2574 5780 ad
2611 5729 2759 5783 l’aul.
2794 5739 2845 5785 et
2871 5724 3129 5787 Eustocb.
3154 5734 3209 5787 in
3243 5724 3442 5798 f‘salt.,
3470 5746 3574 5791 etc.
