  <div class='ocr_page' id='page_1' title='image "/cluster/home/n/w/nwhite01/storage/ocr_20150623/27/ien.35556001660521/558.png"; bbox 0 0 4018 6454; ppageno 0'>
   <div class='ocr_carea' id='block_1_1' title="bbox 193 375 1780 454">
    <p class='ocr_par' dir='ltr' id='par_1_1' title="bbox 193 375 1779 438">
     <span class='ocr_line' id='line_1_1' title="bbox 193 375 1779 438; baseline 0.005 -9"><span class='ocrx_word' id='word_1_1' title='bbox 193 375 334 431; x_wconf 73' lang='grc'>1093</span> <span class='ocrx_word' id='word_1_2' title='bbox 1114 379 1199 432; x_wconf 84' lang='lat' dir='ltr'>DE</span> <span class='ocrx_word' id='word_1_3' title='bbox 1240 379 1514 435; x_wconf 85' lang='lat' dir='ltr'>TITULIS</span> <span class='ocrx_word' id='word_1_4' title='bbox 1555 381 1779 438; x_wconf 75' lang='lat' dir='ltr'>PSALM</span> 
     </span>
    </p>
   </div>
   <div class='ocr_carea' id='block_1_2' title="bbox 1845 375 3432 454">
    <p class='ocr_par' dir='ltr' id='par_1_2' title="bbox 1845 387 3432 454">
     <span class='ocr_line' id='line_1_2' title="bbox 1845 387 3432 454; baseline 0.009 -14"><span class='ocrx_word' id='word_1_5' title='bbox 1845 387 2001 445; x_wconf 71' lang='lat' dir='ltr'>RUM.</span> <span class='ocrx_word' id='word_1_6' title='bbox 2048 423 2115 431; x_wconf 91' lang='lat'><strong>—</strong></span> <span class='ocrx_word' id='word_1_7' title='bbox 2147 393 2336 448; x_wconf 69' lang='lat' dir='ltr'><strong>PSAL.</strong></span> <span class='ocrx_word' id='word_1_8' title='bbox 2378 395 2513 448; x_wconf 81' lang='lat' dir='ltr'><strong>Clll.</strong></span> <span class='ocrx_word' id='word_1_9' title='bbox 3296 399 3432 454; x_wconf 77' lang='grc'><strong>1094</strong></span> 
     </span>
    </p>
   </div>
   <div class='ocr_carea' id='block_1_3' title="bbox 261 504 1848 587">
    <p class='ocr_par' dir='ltr' id='par_1_3' title="bbox 261 504 1846 587">
     <span class='ocr_line' id='line_1_3' title="bbox 261 504 1846 587; baseline 0.006 -26"><span class='ocrx_word' id='word_1_10' title='bbox 261 508 353 561; x_wconf 89' lang='grc'><strong>21.</strong></span> <span class='ocrx_word' id='word_1_11' title='bbox 388 509 446 561; x_wconf 86' lang='lat'>&#39;0</span> <span class='ocrx_word' id='word_1_12' title='bbox 477 508 880 575; x_wconf 78' lang='grc' dir='ltr'>ὲξαποστὲλλων</span> <span class='ocrx_word' id='word_1_13' title='bbox 909 512 1092 581; x_wconf 81' lang='grc' dir='ltr'>πηγὰς</span> <span class='ocrx_word' id='word_1_14' title='bbox 1116 515 1172 566; x_wconf 87' lang='grc' dir='ltr'>ἐν</span> <span class='ocrx_word' id='word_1_15' title='bbox 1198 516 1489 587; x_wconf 73' lang='grc' dir='ltr'>φάραγξινο</span> <span class='ocrx_word' id='word_1_16' title='bbox 1801 504 1846 560; x_wconf 77' lang='grc' dir='ltr'>Α</span> 
     </span>
    </p>
   </div>
   <div class='ocr_carea' id='block_1_4' title="bbox 1508 504 3095 587">
    <p class='ocr_par' dir='ltr' id='par_1_4' title="bbox 1801 504 3095 572">
     <span class='ocr_line' id='line_1_4' title="bbox 1801 504 3095 572; baseline 0.002 -13"><span class='ocrx_word' id='word_1_17' title='bbox 1801 504 1846 560; x_wconf 80' lang='grc' dir='ltr'>Α</span> <span class='ocrx_word' id='word_1_18' title='bbox 1941 506 2030 559; x_wconf 83' lang='grc'>21.</span> <span class='ocrx_word' id='word_1_19' title='bbox 2061 507 2161 572; x_wconf 88' lang='lat' dir='ltr'>Qui</span> <span class='ocrx_word' id='word_1_20' title='bbox 2187 507 2388 562; x_wconf 89' lang='lat' dir='ltr'><strong>emittis</strong></span> <span class='ocrx_word' id='word_1_21' title='bbox 2418 507 2595 561; x_wconf 89' lang='lat' dir='ltr'><strong>fontes</strong></span> <span class='ocrx_word' id='word_1_22' title='bbox 2629 505 2682 560; x_wconf 91' lang='lat' dir='ltr'>in</span> <span class='ocrx_word' id='word_1_23' title='bbox 2713 507 3051 562; x_wconf 82' lang='lat' dir='ltr'>convallibus</span> <span class='ocrx_word' id='word_1_24' title='bbox 3083 525 3095 561; x_wconf 87' lang='lat'>:</span> 
     </span>
    </p>
   </div>
   <div class='ocr_carea' id='block_1_5' title="bbox 262 598 1849 674">
    <p class='ocr_par' dir='ltr' id='par_1_5' title="bbox 262 600 1631 674">
     <span class='ocr_line' id='line_1_5' title="bbox 262 600 1631 674; baseline 0.009 -23"><span class='ocrx_word' id='word_1_25' title='bbox 262 600 354 652; x_wconf 87' lang='grc'>22.</span> <span class='ocrx_word' id='word_1_26' title='bbox 382 600 510 653; x_wconf 83' lang='grc' dir='ltr'>Ἀνὰ</span> <span class='ocrx_word' id='word_1_27' title='bbox 542 602 704 670; x_wconf 79' lang='grc' dir='ltr'>μέσον</span> <span class='ocrx_word' id='word_1_28' title='bbox 727 602 836 655; x_wconf 90' lang='grc' dir='ltr'>τῶν</span> <span class='ocrx_word' id='word_1_29' title='bbox 860 604 1031 674; x_wconf 83' lang='grc' dir='ltr'>ὀρέων</span> <span class='ocrx_word' id='word_1_30' title='bbox 1063 606 1422 661; x_wconf 86' lang='grc' dir='ltr'>διελεύσονται</span> <span class='ocrx_word' id='word_1_31' title='bbox 1448 608 1631 663; x_wconf 76' lang='grc' dir='ltr'>ὕδατα.</span> 
     </span>
    </p>
   </div>
   <div class='ocr_carea' id='block_1_6' title="bbox 1842 598 3429 674">
    <p class='ocr_par' dir='ltr' id='par_1_6' title="bbox 1943 598 3429 672">
     <span class='ocr_line' id='line_1_6' title="bbox 1943 598 3429 672; baseline 0.004 -21"><span class='ocrx_word' id='word_1_32' title='bbox 1943 598 2031 653; x_wconf 80' lang='grc'>22.</span> <span class='ocrx_word' id='word_1_33' title='bbox 2061 598 2202 653; x_wconf 88' lang='lat' dir='ltr'><strong>lnter</strong></span> <span class='ocrx_word' id='word_1_34' title='bbox 2244 600 2478 654; x_wconf 92' lang='lat' dir='ltr'><strong>medium</strong></span> <span class='ocrx_word' id='word_1_35' title='bbox 2512 600 2774 654; x_wconf 75' lang='lat' dir='ltr'><strong>montium</strong></span> <span class='ocrx_word' id='word_1_36' title='bbox 2810 600 3219 669; x_wconf 74' lang='lat' dir='ltr'>pertransibunt</span> <span class='ocrx_word' id='word_1_37' title='bbox 3254 617 3429 672; x_wconf 64' lang='lat' dir='ltr'><strong>aqum.</strong></span> 
     </span>
    </p>
   </div>
   <div class='ocr_carea' id='block_1_7' title="bbox 262 689 1849 771">
    <p class='ocr_par' dir='ltr' id='par_1_7' title="bbox 262 691 1455 771">
     <span class='ocr_line' id='line_1_7' title="bbox 262 691 1455 771; baseline 0.008 -29"><span class='ocrx_word' id='word_1_38' title='bbox 262 691 357 744; x_wconf 83' lang='grc'>25.</span> <span class='ocrx_word' id='word_1_39' title='bbox 382 693 634 746; x_wconf 84' lang='grc' dir='ltr'>Ποτιοῦσι</span> <span class='ocrx_word' id='word_1_40' title='bbox 660 696 837 749; x_wconf 86' lang='grc' dir='ltr'>πάντα</span> <span class='ocrx_word' id='word_1_41' title='bbox 863 697 931 750; x_wconf 79' lang='grc' dir='ltr'>τὰ</span> <span class='ocrx_word' id='word_1_42' title='bbox 963 696 1125 767; x_wconf 81' lang='grc' dir='ltr'>θηρία</span> <span class='ocrx_word' id='word_1_43' title='bbox 1146 698 1240 751; x_wconf 89' lang='grc' dir='ltr'>τοῦ</span> <span class='ocrx_word' id='word_1_44' title='bbox 1264 700 1455 771; x_wconf 76' lang='grc' dir='ltr'>ἀγροῦο</span> 
     </span>
    </p>
   </div>
   <div class='ocr_carea' id='block_1_8' title="bbox 1379 689 2966 771">
    <p class='ocr_par' dir='ltr' id='par_1_8' title="bbox 1379 689 2966 762">
     <span class='ocr_line' id='line_1_8' title="bbox 1379 689 2966 762; baseline -0.006 -10"><span class='ocrx_word' id='word_1_45' title='bbox 1379 700 1455 752; x_wconf 76' lang='grc' dir='ltr'>οῦο</span> <span class='ocrx_word' id='word_1_46' title='bbox 1941 690 2031 745; x_wconf 79' lang='grc'>23.</span> <span class='ocrx_word' id='word_1_47' title='bbox 2069 689 2337 745; x_wconf 86' lang='lat' dir='ltr'><strong>Potabunt</strong></span> <span class='ocrx_word' id='word_1_48' title='bbox 2361 705 2551 746; x_wconf 89' lang='lat' dir='ltr'><strong>omnes</strong></span> <span class='ocrx_word' id='word_1_49' title='bbox 2594 692 2779 747; x_wconf 68' lang='lat' dir='ltr'><strong>bestiae</strong></span> <span class='ocrx_word' id='word_1_50' title='bbox 2808 693 2921 762; x_wconf 86' lang='lat' dir='ltr'><strong>agri</strong></span> <span class='ocrx_word' id='word_1_51' title='bbox 2956 733 2966 744; x_wconf 94' lang='lat'><strong>.</strong></span> 
     </span>
    </p>
   </div>
   <div class='ocr_carea' id='block_1_9' title="bbox 263 778 1850 858">
    <p class='ocr_par' dir='ltr' id='par_1_9' title="bbox 263 782 1513 858">
     <span class='ocr_line' id='line_1_9' title="bbox 263 782 1513 858; baseline 0.008 -25"><span class='ocrx_word' id='word_1_52' title='bbox 263 782 355 834; x_wconf 73' lang='grc'>21.</span> <span class='ocrx_word' id='word_1_53' title='bbox 380 784 766 853; x_wconf 79' lang='grc' dir='ltr'>Προσδέξονται</span> <span class='ocrx_word' id='word_1_54' title='bbox 792 786 1008 857; x_wconf 79' lang='grc' dir='ltr'>δναγροι</span> <span class='ocrx_word' id='word_1_55' title='bbox 1034 790 1112 851; x_wconf 82' lang='grc' dir='ltr'>είς</span> <span class='ocrx_word' id='word_1_56' title='bbox 1129 789 1285 858; x_wconf 76' lang='grc' dir='ltr'>δίψαν</span> <span class='ocrx_word' id='word_1_57' title='bbox 1315 791 1513 845; x_wconf 82' lang='grc' dir='ltr'>αὐτῶν.</span> 
     </span>
    </p>
   </div>
   <div class='ocr_carea' id='block_1_10' title="bbox 1444 778 3031 858">
    <p class='ocr_par' dir='ltr' id='par_1_10' title="bbox 1444 778 3031 851">
     <span class='ocr_line' id='line_1_10' title="bbox 1444 778 3031 851; baseline 0.007 -24"><span class='ocrx_word' id='word_1_58' title='bbox 1444 792 1513 845; x_wconf 56' lang='grc' dir='ltr'>δν,</span> <span class='ocrx_word' id='word_1_59' title='bbox 1940 779 2028 833; x_wconf 69' lang='grc'><strong>24.</strong></span> <span class='ocrx_word' id='word_1_60' title='bbox 2060 778 2460 849; x_wconf 80' lang='lat' dir='ltr'><strong>Exspectabunt</strong></span> <span class='ocrx_word' id='word_1_61' title='bbox 2488 782 2677 851; x_wconf 77' lang='lat' dir='ltr'><strong>onagri</strong></span> <span class='ocrx_word' id='word_1_62' title='bbox 2705 782 2760 836; x_wconf 90' lang='lat' dir='ltr'>in</span> <span class='ocrx_word' id='word_1_63' title='bbox 2791 783 2877 837; x_wconf 91' lang='lat' dir='ltr'><strong>siti</strong></span> <span class='ocrx_word' id='word_1_64' title='bbox 2912 797 3031 838; x_wconf 88' lang='lat' dir='ltr'><strong>sua.</strong></span> 
     </span>
    </p>
   </div>
   <div class='ocr_carea' id='block_1_11' title="bbox 261 869 1848 956">
    <p class='ocr_par' dir='ltr' id='par_1_11' title="bbox 261 872 1769 956">
     <span class='ocr_line' id='line_1_11' title="bbox 261 872 1769 956; baseline 0.01 -33"><span class='ocrx_word' id='word_1_65' title='bbox 261 872 354 924; x_wconf 70' lang='grc'><strong>23.</strong></span> <span class='ocrx_word' id='word_1_66' title='bbox 382 873 497 926; x_wconf 82' lang='grc' dir='ltr'>Ἐπ’</span> <span class='ocrx_word' id='word_1_67' title='bbox 528 876 666 929; x_wconf 76' lang='grc' dir='ltr'>αὐτὰ</span> <span class='ocrx_word' id='word_1_68' title='bbox 717 877 785 929; x_wconf 81' lang='grc' dir='ltr'>τὰ</span> <span class='ocrx_word' id='word_1_69' title='bbox 839 878 1058 932; x_wconf 77' lang='grc' dir='ltr'>πετεινὰ</span> <span class='ocrx_word' id='word_1_70' title='bbox 1090 878 1181 931; x_wconf 83' lang='grc' dir='ltr'>τοῦ</span> <span class='ocrx_word' id='word_1_71' title='bbox 1228 880 1456 949; x_wconf 85' lang='grc' dir='ltr'>ούρανοῦ</span> <span class='ocrx_word' id='word_1_72' title='bbox 1490 899 1769 956; x_wconf 85' lang='grc' dir='ltr'>κατασκη-</span> 
     </span>
    </p>
   </div>
   <div class='ocr_carea' id='block_1_12' title="bbox 1559 869 3146 956">
    <p class='ocr_par' dir='ltr' id='par_1_12' title="bbox 1562 869 3146 956">
     <span class='ocr_line' id='line_1_12' title="bbox 1562 869 3146 956; baseline 0.001 -30"><span class='ocrx_word' id='word_1_73' title='bbox 1562 900 1769 956; x_wconf 76' lang='grc' dir='ltr'>τασκη-</span> <span class='ocrx_word' id='word_1_74' title='bbox 1938 871 2029 927; x_wconf 79' lang='grc'>25.</span> <span class='ocrx_word' id='word_1_75' title='bbox 2064 869 2236 941; x_wconf 88' lang='lat' dir='ltr'><strong>Super</strong></span> <span class='ocrx_word' id='word_1_76' title='bbox 2257 887 2320 926; x_wconf 90' lang='lat' dir='ltr'>ea</span> <span class='ocrx_word' id='word_1_77' title='bbox 2349 873 2596 928; x_wconf 78' lang='lat' dir='ltr'><strong>volucres</strong></span> <span class='ocrx_word' id='word_1_78' title='bbox 2626 873 2749 929; x_wconf 71' lang='lat' dir='ltr'><strong>coeli</strong></span> <span class='ocrx_word' id='word_1_79' title='bbox 2781 873 3105 928; x_wconf 89' lang='lat' dir='ltr'><strong>habitabunt</strong></span> <span class='ocrx_word' id='word_1_80' title='bbox 3135 893 3146 928; x_wconf 90' lang='lat'>:</span> 
     </span>
    </p>
   </div>
   <div class='ocr_carea' id='block_1_13' title="bbox 186 980 389 1015">
    <p class='ocr_par' dir='ltr' id='par_1_13' title="bbox 186 980 389 1015">
     <span class='ocr_line' id='line_1_13' title="bbox 186 980 389 1015; baseline 0.01 -2"><span class='ocrx_word' id='word_1_81' title='bbox 186 980 389 1015; x_wconf 70' lang='grc' dir='ltr'>νιοσει*</span> 
     </span>
    </p>
   </div>
   <div class='ocr_carea' id='block_1_14' title="bbox 260 1046 1847 1134">
    <p class='ocr_par' dir='ltr' id='par_1_14' title="bbox 260 1056 1557 1134">
     <span class='ocr_line' id='line_1_14' title="bbox 260 1056 1557 1134; baseline 0.009 -27"><span class='ocrx_word' id='word_1_82' title='bbox 260 1056 351 1108; x_wconf 83' lang='grc'>26.</span> <span class='ocrx_word' id='word_1_83' title='bbox 384 1056 478 1109; x_wconf 86' lang='grc' dir='ltr'>Ἐκ</span> <span class='ocrx_word' id='word_1_84' title='bbox 512 1057 679 1126; x_wconf 80' lang='grc' dir='ltr'>μέσου</span> <span class='ocrx_word' id='word_1_85' title='bbox 711 1059 818 1111; x_wconf 91' lang='grc' dir='ltr'>τῶν</span> <span class='ocrx_word' id='word_1_86' title='bbox 852 1062 1065 1132; x_wconf 86' lang='grc' dir='ltr'>πετρῶν</span> <span class='ocrx_word' id='word_1_87' title='bbox 1093 1061 1321 1114; x_wconf 83' lang='grc' dir='ltr'>δώσουσι</span> <span class='ocrx_word' id='word_1_88' title='bbox 1352 1064 1557 1134; x_wconf 82' lang='grc' dir='ltr'>φωνήν.</span> 
     </span>
    </p>
   </div>
   <div class='ocr_carea' id='block_1_15' title="bbox 1481 1046 3068 1134">
    <p class='ocr_par' dir='ltr' id='par_1_15' title="bbox 1481 1046 3068 1134">
     <span class='ocr_line' id='line_1_15' title="bbox 1481 1046 3068 1134; baseline 0.006 -41"><span class='ocrx_word' id='word_1_89' title='bbox 1481 1064 1557 1134; x_wconf 51' lang='grc' dir='ltr'>ἣν.</span> <span class='ocrx_word' id='word_1_90' title='bbox 1938 1046 2028 1102; x_wconf 78' lang='grc'>26.</span> <span class='ocrx_word' id='word_1_91' title='bbox 2063 1047 2137 1101; x_wconf 88' lang='lat' dir='ltr'>De</span> <span class='ocrx_word' id='word_1_92' title='bbox 2157 1047 2331 1102; x_wconf 87' lang='lat' dir='ltr'><strong>medio</strong></span> <span class='ocrx_word' id='word_1_93' title='bbox 2358 1056 2635 1115; x_wconf 86' lang='lat' dir='ltr'><strong>petrarum</strong></span> <span class='ocrx_word' id='word_1_94' title='bbox 2658 1048 2862 1102; x_wconf 86' lang='lat' dir='ltr'><strong>dabunt</strong></span> <span class='ocrx_word' id='word_1_95' title='bbox 2891 1063 3068 1103; x_wconf 89' lang='lat' dir='ltr'><strong>voces.</strong></span> 
     </span>
    </p>
   </div>
   <div class='ocr_carea' id='block_1_16' title="bbox 262 1138 1849 1221">
    <p class='ocr_par' dir='ltr' id='par_1_16' title="bbox 262 1144 1487 1221">
     <span class='ocr_line' id='line_1_16' title="bbox 262 1144 1487 1221; baseline 0.008 -25"><span class='ocrx_word' id='word_1_96' title='bbox 262 1144 354 1198; x_wconf 77' lang='grc'>27.</span> <span class='ocrx_word' id='word_1_97' title='bbox 392 1145 634 1209; x_wconf 74' lang='grc' dir='ltr'>Ποτίζων</span> <span class='ocrx_word' id='word_1_98' title='bbox 663 1148 761 1218; x_wconf 79' lang='grc' dir='ltr'>ὅρη</span> <span class='ocrx_word' id='word_1_99' title='bbox 790 1148 854 1201; x_wconf 82' lang='grc' dir='ltr'>ἐκ</span> <span class='ocrx_word' id='word_1_100' title='bbox 874 1150 983 1202; x_wconf 89' lang='grc' dir='ltr'>τῶν</span> <span class='ocrx_word' id='word_1_101' title='bbox 1007 1151 1273 1221; x_wconf 80' lang='grc' dir='ltr'>ὑπερῴων</span> <span class='ocrx_word' id='word_1_102' title='bbox 1303 1152 1487 1206; x_wconf 82' lang='grc' dir='ltr'>αὐτοῦ.</span> 
     </span>
    </p>
   </div>
   <div class='ocr_carea' id='block_1_17' title="bbox 1556 1138 3143 1221">
    <p class='ocr_par' dir='ltr' id='par_1_17' title="bbox 1936 1138 3143 1208">
     <span class='ocr_line' id='line_1_17' title="bbox 1936 1138 3143 1208; baseline 0.003 -17"><span class='ocrx_word' id='word_1_103' title='bbox 1936 1138 2025 1191; x_wconf 82' lang='grc'>27.</span> <span class='ocrx_word' id='word_1_104' title='bbox 2065 1138 2267 1207; x_wconf 82' lang='lat' dir='ltr'><strong>Rigans</strong></span> <span class='ocrx_word' id='word_1_105' title='bbox 2293 1148 2505 1193; x_wconf 85' lang='lat' dir='ltr'><strong>montes</strong></span> <span class='ocrx_word' id='word_1_106' title='bbox 2526 1141 2592 1193; x_wconf 91' lang='lat' dir='ltr'>de</span> <span class='ocrx_word' id='word_1_107' title='bbox 2622 1138 2991 1208; x_wconf 84' lang='lat' dir='ltr'><strong>superioribus</strong></span> <span class='ocrx_word' id='word_1_108' title='bbox 3013 1139 3143 1195; x_wconf 85' lang='lat' dir='ltr'><strong>suis.</strong></span> 
     </span>
    </p>
   </div>
   <div class='ocr_carea' id='block_1_18' title="bbox 258 1229 1845 1317">
    <p class='ocr_par' dir='ltr' id='par_1_18' title="bbox 258 1236 1767 1317">
     <span class='ocr_line' id='line_1_18' title="bbox 258 1236 1767 1317; baseline 0.009 -29"><span class='ocrx_word' id='word_1_109' title='bbox 258 1236 349 1289; x_wconf 85' lang='grc'><strong>28.</strong></span> <span class='ocrx_word' id='word_1_110' title='bbox 386 1237 518 1289; x_wconf 83' lang='grc' dir='ltr'>Ἀπὸ</span> <span class='ocrx_word' id='word_1_111' title='bbox 552 1239 764 1310; x_wconf 91' lang='grc' dir='ltr'>καρποῦ</span> <span class='ocrx_word' id='word_1_112' title='bbox 815 1240 924 1294; x_wconf 86' lang='grc' dir='ltr'>τῶν</span> <span class='ocrx_word' id='word_1_113' title='bbox 970 1242 1145 1314; x_wconf 84' lang='grc' dir='ltr'>ἐργων</span> <span class='ocrx_word' id='word_1_114' title='bbox 1192 1261 1286 1297; x_wconf 90' lang='grc' dir='ltr'>σου</span> <span class='ocrx_word' id='word_1_115' title='bbox 1345 1245 1767 1317; x_wconf 84' lang='grc' dir='ltr'>χορτασθήσεται</span> 
     </span>
    </p>
   </div>
   <div class='ocr_carea' id='block_1_19' title="bbox 1835 1229 3422 1317">
    <p class='ocr_par' dir='ltr' id='par_1_19' title="bbox 1933 1229 3422 1302">
     <span class='ocr_line' id='line_1_19' title="bbox 1933 1229 3422 1302; baseline 0.001 -19"><span class='ocrx_word' id='word_1_116' title='bbox 1933 1230 2023 1285; x_wconf 83' lang='grc'><strong>28.</strong></span> <span class='ocrx_word' id='word_1_117' title='bbox 2056 1229 2130 1285; x_wconf 91' lang='lat' dir='ltr'>De</span> <span class='ocrx_word' id='word_1_118' title='bbox 2164 1230 2341 1285; x_wconf 84' lang='lat' dir='ltr'><strong>fructu</strong></span> <span class='ocrx_word' id='word_1_119' title='bbox 2377 1245 2604 1302; x_wconf 82' lang='lat' dir='ltr'><strong>cperum</strong></span> <span class='ocrx_word' id='word_1_120' title='bbox 2656 1241 2874 1286; x_wconf 89' lang='lat' dir='ltr'><strong>tuorum</strong></span> <span class='ocrx_word' id='word_1_121' title='bbox 2929 1231 3212 1286; x_wconf 83' lang='lat' dir='ltr'><strong>satiabitur</strong></span> <span class='ocrx_word' id='word_1_122' title='bbox 3262 1239 3422 1286; x_wconf 87' lang='lat' dir='ltr'><strong>terra.</strong></span> 
     </span>
    </p>
   </div>
   <div class='ocr_carea' id='block_1_20' title="bbox 184 1342 354 1395">
    <p class='ocr_par' dir='ltr' id='par_1_20' title="bbox 184 1342 354 1395">
     <span class='ocr_line' id='line_1_20' title="bbox 184 1342 354 1395; baseline -0.006 0"><span class='ocrx_word' id='word_1_123' title='bbox 184 1342 217 1395; x_wconf 75' lang='grc' dir='ltr'>ο</span> <span class='ocrx_word' id='word_1_124' title='bbox 258 1343 354 1395; x_wconf 76' lang='grc' dir='ltr'>γη.</span> 
     </span>
    </p>
   </div>
   <div class='ocr_carea' id='block_1_21' title="bbox 258 1409 2887 1494">
    <p class='ocr_par' dir='ltr' id='par_1_21' title="bbox 258 1409 2887 1494">
     <span class='ocr_line' id='line_1_21' title="bbox 258 1409 2887 1494; baseline 0.002 -25"><span class='ocrx_word' id='word_1_125' title='bbox 258 1416 348 1469; x_wconf 78' lang='grc'><strong>29.</strong></span> <span class='ocrx_word' id='word_1_126' title='bbox 385 1418 442 1470; x_wconf 88' lang='lat'>&#39;0</span> <span class='ocrx_word' id='word_1_127' title='bbox 469 1418 833 1482; x_wconf 77' lang='grc' dir='ltr'>ὲξανατέλλων</span> <span class='ocrx_word' id='word_1_128' title='bbox 861 1421 1051 1492; x_wconf 87' lang='grc' dir='ltr'>χόρτον</span> <span class='ocrx_word' id='word_1_129' title='bbox 1077 1424 1187 1486; x_wconf 80' lang='grc' dir='ltr'>τοῖς</span> <span class='ocrx_word' id='word_1_130' title='bbox 1210 1424 1452 1494; x_wconf 75' lang='grc' dir='ltr'>κτήνεσι,</span> <span class='ocrx_word' id='word_1_131' title='bbox 1934 1411 2023 1466; x_wconf 64' lang='grc' dir='ltr'>ἓ9·</span> <span class='ocrx_word' id='word_1_132' title='bbox 2056 1410 2369 1466; x_wconf 73' lang='grc' dir='ltr'>Ρΐοάιιοθῐιε</span> <span class='ocrx_word' id='word_1_133' title='bbox 2401 1410 2582 1465; x_wconf 64' lang='lat' dir='ltr'><strong>fenum</strong></span> <span class='ocrx_word' id='word_1_134' title='bbox 2605 1409 2887 1479; x_wconf 72' lang='grc' dir='ltr'>Ῑυωθηιῖε-</span> 
     </span>
    </p>
   </div>
   <div class='ocr_carea' id='block_1_22' title="bbox 254 1499 1841 1586">
    <p class='ocr_par' dir='ltr' id='par_1_22' title="bbox 254 1507 1494 1586">
     <span class='ocr_line' id='line_1_22' title="bbox 254 1507 1494 1586; baseline 0.006 -25"><span class='ocrx_word' id='word_1_135' title='bbox 254 1507 345 1561; x_wconf 85' lang='grc'>50.</span> <span class='ocrx_word' id='word_1_136' title='bbox 373 1509 480 1562; x_wconf 86' lang='lat' dir='ltr'><strong>Kal</strong></span> <span class='ocrx_word' id='word_1_137' title='bbox 509 1509 670 1581; x_wconf 89' lang='grc' dir='ltr'>χλόην</span> <span class='ocrx_word' id='word_1_138' title='bbox 701 1514 766 1581; x_wconf 82' lang='grc' dir='ltr'>τῇ</span> <span class='ocrx_word' id='word_1_139' title='bbox 803 1511 1015 1583; x_wconf 74' lang='grc' dir='ltr'>δουλείᾳ</span> <span class='ocrx_word' id='word_1_140' title='bbox 1036 1514 1144 1566; x_wconf 90' lang='grc' dir='ltr'>τῶν</span> <span class='ocrx_word' id='word_1_141' title='bbox 1172 1514 1494 1586; x_wconf 86' lang='grc' dir='ltr'>ἀνθρώπων.</span> 
     </span>
    </p>
   </div>
   <div class='ocr_carea' id='block_1_23' title="bbox 1381 1499 2968 1586">
    <p class='ocr_par' dir='ltr' id='par_1_23' title="bbox 1381 1499 2968 1568">
     <span class='ocr_line' id='line_1_23' title="bbox 1381 1499 2968 1568; baseline -0.005 -7"><span class='ocrx_word' id='word_1_142' title='bbox 1381 1532 1494 1568; x_wconf 71' lang='grc' dir='ltr'>των,</span> <span class='ocrx_word' id='word_1_143' title='bbox 1934 1504 2020 1556; x_wconf 84' lang='lat'>50.</span> <span class='ocrx_word' id='word_1_144' title='bbox 2048 1502 2113 1555; x_wconf 88' lang='lat' dir='ltr'><strong>Et</strong></span> <span class='ocrx_word' id='word_1_145' title='bbox 2138 1501 2356 1554; x_wconf 89' lang='lat' dir='ltr'><strong>herbam</strong></span> <span class='ocrx_word' id='word_1_146' title='bbox 2387 1500 2631 1554; x_wconf 86' lang='lat' dir='ltr'><strong>servituti</strong></span> <span class='ocrx_word' id='word_1_147' title='bbox 2666 1499 2968 1554; x_wconf 86' lang='lat' dir='ltr'><strong>hominum.</strong></span> 
     </span>
    </p>
   </div>
   <div class='ocr_carea' id='block_1_24' title="bbox 250 1592 1837 1677">
    <p class='ocr_par' dir='ltr' id='par_1_24' title="bbox 250 1599 1361 1677">
     <span class='ocr_line' id='line_1_24' title="bbox 250 1599 1361 1677; baseline -0.013 -26"><span class='ocrx_word' id='word_1_148' title='bbox 250 1599 341 1653; x_wconf 81' lang='grc'><strong>51.</strong></span> <span class='ocrx_word' id='word_1_149' title='bbox 376 1599 480 1652; x_wconf 88' lang='grc' dir='ltr'>Τοῦ</span> <span class='ocrx_word' id='word_1_150' title='bbox 515 1601 800 1673; x_wconf 78' lang='grc' dir='ltr'>ἐξαγαγεῖν</span> <span class='ocrx_word' id='word_1_151' title='bbox 822 1603 983 1671; x_wconf 82' lang='grc' dir='ltr'>ἄρτον</span> <span class='ocrx_word' id='word_1_152' title='bbox 1012 1606 1077 1658; x_wconf 83' lang='grc' dir='ltr'>ἐκ</span> <span class='ocrx_word' id='word_1_153' title='bbox 1108 1606 1210 1676; x_wconf 79' lang='grc' dir='ltr'>τῆς</span> <span class='ocrx_word' id='word_1_154' title='bbox 1237 1607 1361 1677; x_wconf 73' lang='grc' dir='ltr'>γῆς.</span> 
     </span>
    </p>
   </div>
   <div class='ocr_carea' id='block_1_25' title="bbox 1277 1592 2864 1677">
    <p class='ocr_par' dir='ltr' id='par_1_25' title="bbox 1277 1592 2864 1677">
     <span class='ocr_line' id='line_1_25' title="bbox 1277 1592 2864 1677; baseline -0.011 -15"><span class='ocrx_word' id='word_1_155' title='bbox 1277 1607 1361 1677; x_wconf 80' lang='grc' dir='ltr'>ἧς’</span> <span class='ocrx_word' id='word_1_156' title='bbox 1935 1594 2022 1647; x_wconf 84' lang='grc'>51.</span> <span class='ocrx_word' id='word_1_157' title='bbox 2060 1592 2130 1647; x_wconf 89' lang='lat' dir='ltr'><strong>Ut</strong></span> <span class='ocrx_word' id='word_1_158' title='bbox 2154 1592 2354 1647; x_wconf 89' lang='lat' dir='ltr'><strong>educas</strong></span> <span class='ocrx_word' id='word_1_159' title='bbox 2378 1607 2569 1662; x_wconf 89' lang='lat' dir='ltr'><strong>panem</strong></span> <span class='ocrx_word' id='word_1_160' title='bbox 2591 1592 2656 1645; x_wconf 93' lang='lat' dir='ltr'>de</span> <span class='ocrx_word' id='word_1_161' title='bbox 2680 1600 2821 1645; x_wconf 91' lang='lat' dir='ltr'><strong>terra</strong></span> <span class='ocrx_word' id='word_1_162' title='bbox 2851 1609 2864 1643; x_wconf 89' lang='lat'>:</span> 
     </span>
    </p>
   </div>
   <div class='ocr_carea' id='block_1_26' title="bbox 250 1682 3011 1769">
    <p class='ocr_par' dir='ltr' id='par_1_26' title="bbox 250 1682 3011 1769">
     <span class='ocr_line' id='line_1_26' title="bbox 250 1682 3011 1769; baseline -0.001 -24"><span class='ocrx_word' id='word_1_163' title='bbox 250 1693 342 1745; x_wconf 81' lang='grc'>52.</span> <span class='ocrx_word' id='word_1_164' title='bbox 376 1694 485 1746; x_wconf 80' lang='grc' dir='ltr'>Καὶ</span> <span class='ocrx_word' id='word_1_165' title='bbox 511 1690 652 1757; x_wconf 77' lang='grc' dir='ltr'>οἶνος</span> <span class='ocrx_word' id='word_1_166' title='bbox 680 1695 959 1765; x_wconf 80' lang='grc' dir='ltr'>εὐφραίνει</span> <span class='ocrx_word' id='word_1_167' title='bbox 992 1698 1219 1769; x_wconf 85' lang='grc' dir='ltr'>καρδίαν</span> <span class='ocrx_word' id='word_1_168' title='bbox 1248 1696 1554 1769; x_wconf 82' lang='grc' dir='ltr'>ἀνθρώπου.</span> <span class='ocrx_word' id='word_1_169' title='bbox 1932 1688 2020 1741; x_wconf 70' lang='lat'>59--</span> <span class='ocrx_word' id='word_1_170' title='bbox 2054 1686 2119 1740; x_wconf 81' lang='grc' dir='ltr'>Ει</span> <span class='ocrx_word' id='word_1_171' title='bbox 2150 1685 2337 1739; x_wconf 76' lang='grc' dir='ltr'>νῘΠΙΙη]</span> <span class='ocrx_word' id='word_1_172' title='bbox 2368 1684 2603 1739; x_wconf 65' lang='grc' dir='ltr'>ιᾶὶιίίίοοῑ</span> <span class='ocrx_word' id='word_1_173' title='bbox 2629 1699 2722 1738; x_wconf 74' lang='grc'>001·</span> <span class='ocrx_word' id='word_1_174' title='bbox 2752 1682 3011 1738; x_wconf 72' lang='lat' dir='ltr'><strong>hominis-</strong></span> 
     </span>
    </p>
   </div>
   <div class='ocr_carea' id='block_1_27' title="bbox 256 1774 1843 1860">
    <p class='ocr_par' dir='ltr' id='par_1_27' title="bbox 256 1785 1831 1860">
     <span class='ocr_line' id='line_1_27' title="bbox 256 1785 1831 1860; baseline 0.008 -23"><span class='ocrx_word' id='word_1_175' title='bbox 256 1785 348 1838; x_wconf 81' lang='lat'>33.</span> <span class='ocrx_word' id='word_1_176' title='bbox 381 1785 486 1837; x_wconf 87' lang='grc' dir='ltr'>Τοῦ</span> <span class='ocrx_word' id='word_1_177' title='bbox 524 1786 768 1858; x_wconf 85' lang='grc' dir='ltr'>ίλαρῦναι</span> <span class='ocrx_word' id='word_1_178' title='bbox 798 1788 1087 1858; x_wconf 87' lang='grc' dir='ltr'>πρόσωπον</span> <span class='ocrx_word' id='word_1_179' title='bbox 1119 1791 1175 1843; x_wconf 82' lang='grc' dir='ltr'>ὲν</span> <span class='ocrx_word' id='word_1_180' title='bbox 1207 1789 1385 1860; x_wconf 81' lang='grc' dir='ltr'>ἐλαίῳ·</span> <span class='ocrx_word' id='word_1_181' title='bbox 1792 1848 1831 1860; x_wconf 80' lang='lat'>__</span> 
     </span>
    </p>
   </div>
   <div class='ocr_carea' id='block_1_28' title="bbox 1334 1774 2921 1860">
    <p class='ocr_par' dir='ltr' id='par_1_28' title="bbox 1334 1774 2921 1860">
     <span class='ocr_line' id='line_1_28' title="bbox 1334 1774 2921 1860; baseline -0.006 -23"><span class='ocrx_word' id='word_1_182' title='bbox 1334 1807 1385 1860; x_wconf 64' lang='grc' dir='ltr'>ρ·</span> <span class='ocrx_word' id='word_1_183' title='bbox 1792 1848 1831 1860; x_wconf 75' lang='lat'><strong><em>_</em></strong></span> <span class='ocrx_word' id='word_1_184' title='bbox 1932 1780 2022 1833; x_wconf 85' lang='lat'>33.</span> <span class='ocrx_word' id='word_1_185' title='bbox 2050 1775 2121 1831; x_wconf 91' lang='lat' dir='ltr'><strong>Ut</strong></span> <span class='ocrx_word' id='word_1_186' title='bbox 2144 1777 2410 1831; x_wconf 81' lang='lat' dir='ltr'><strong>exhilaret</strong></span> <span class='ocrx_word' id='word_1_187' title='bbox 2442 1774 2635 1830; x_wconf 89' lang='lat' dir='ltr'><strong>faciem</strong></span> <span class='ocrx_word' id='word_1_188' title='bbox 2671 1776 2723 1829; x_wconf 92' lang='lat' dir='ltr'>in</span> <span class='ocrx_word' id='word_1_189' title='bbox 2754 1775 2875 1830; x_wconf 90' lang='lat' dir='ltr'><strong>oleo</strong></span> <span class='ocrx_word' id='word_1_190' title='bbox 2908 1793 2921 1828; x_wconf 93' lang='lat'>:</span> 
     </span>
    </p>
   </div>
   <div class='ocr_carea' id='block_1_29' title="bbox 252 1848 1839 1952">
    <p class='ocr_par' dir='ltr' id='par_1_29' title="bbox 252 1848 1834 1952">
     <span class='ocr_line' id='line_1_29' title="bbox 252 1848 1834 1952; baseline 0.001 -21"><span class='ocrx_word' id='word_1_191' title='bbox 252 1878 345 1934; x_wconf 66' lang='grc'><strong>54.</strong></span> <span class='ocrx_word' id='word_1_192' title='bbox 371 1881 478 1932; x_wconf 80' lang='lat' dir='ltr'>Kal</span> <span class='ocrx_word' id='word_1_193' title='bbox 500 1848 662 1950; x_wconf 74' lang='grc' dir='ltr'>ἄρτος</span> <span class='ocrx_word' id='word_1_194' title='bbox 691 1848 917 1950; x_wconf 80' lang='grc' dir='ltr'>καρδίαν</span> <span class='ocrx_word' id='word_1_195' title='bbox 950 1880 1235 1952; x_wconf 82' lang='grc' dir='ltr'>ἀνθρώπου</span> <span class='ocrx_word' id='word_1_196' title='bbox 1267 1848 1529 1951; x_wconf 72' lang='grc' dir='ltr'>στηρίξει.</span> <span class='ocrx_word' id='word_1_197' title='bbox 1791 1848 1834 1904; x_wconf 81' lang='grc' dir='ltr'>Β</span> 
     </span>
    </p>
   </div>
   <div class='ocr_carea' id='block_1_30' title="bbox 1412 1848 2999 1952">
    <p class='ocr_par' dir='ltr' id='par_1_30' title="bbox 1412 1848 2999 1943">
     <span class='ocr_line' id='line_1_30' title="bbox 1412 1848 2999 1943; baseline -0.008 -12"><span class='ocrx_word' id='word_1_198' title='bbox 1412 1877 1529 1943; x_wconf 79' lang='grc' dir='ltr'>ίζει.</span> <span class='ocrx_word' id='word_1_199' title='bbox 1791 1848 1834 1904; x_wconf 80' lang='grc' dir='ltr'><strong>Β</strong></span> <span class='ocrx_word' id='word_1_200' title='bbox 1933 1870 2020 1923; x_wconf 72' lang='grc'><strong>54.</strong></span> <span class='ocrx_word' id='word_1_201' title='bbox 2049 1868 2115 1922; x_wconf 84' lang='lat' dir='ltr'>Et</span> <span class='ocrx_word' id='word_1_202' title='bbox 2140 1868 2293 1938; x_wconf 87' lang='lat' dir='ltr'><strong>panis</strong></span> <span class='ocrx_word' id='word_1_203' title='bbox 2318 1882 2412 1922; x_wconf 92' lang='lat' dir='ltr'>cor</span> <span class='ocrx_word' id='word_1_204' title='bbox 2440 1867 2675 1921; x_wconf 88' lang='lat' dir='ltr'><strong>hominis</strong></span> <span class='ocrx_word' id='word_1_205' title='bbox 2699 1866 2999 1921; x_wconf 85' lang='lat' dir='ltr'><strong>confirmet.</strong></span> 
     </span>
    </p>
   </div>
   <div class='ocr_carea' id='block_1_31' title="bbox 251 1956 1838 2043">
    <p class='ocr_par' dir='ltr' id='par_1_31' title="bbox 251 1971 1464 2043">
     <span class='ocr_line' id='line_1_31' title="bbox 251 1971 1464 2043; baseline 0.002 -20"><span class='ocrx_word' id='word_1_206' title='bbox 251 1971 340 2024; x_wconf 81' lang='lat'><strong>35.</strong></span> <span class='ocrx_word' id='word_1_207' title='bbox 379 1972 848 2043; x_wconf 83' lang='grc' dir='ltr'>Χορτασθήσονται</span> <span class='ocrx_word' id='word_1_208' title='bbox 876 1973 945 2026; x_wconf 81' lang='grc' dir='ltr'>τὰ</span> <span class='ocrx_word' id='word_1_209' title='bbox 978 1974 1107 2039; x_wconf 81' lang='grc' dir='ltr'>ξύλα</span> <span class='ocrx_word' id='word_1_210' title='bbox 1134 1975 1228 2027; x_wconf 88' lang='grc' dir='ltr'>τοῦ</span> <span class='ocrx_word' id='word_1_211' title='bbox 1261 1974 1464 2037; x_wconf 81' lang='grc' dir='ltr'>πεδίου,</span> 
     </span>
    </p>
   </div>
   <div class='ocr_carea' id='block_1_32' title="bbox 1261 1956 2848 2043">
    <p class='ocr_par' dir='ltr' id='par_1_32' title="bbox 1261 1956 2848 2037">
     <span class='ocr_line' id='line_1_32' title="bbox 1261 1956 2848 2037; baseline -0.011 -10"><span class='ocrx_word' id='word_1_212' title='bbox 1261 1974 1464 2037; x_wconf 82' lang='grc' dir='ltr'>πεδίου,</span> <span class='ocrx_word' id='word_1_213' title='bbox 1930 1959 2019 2013; x_wconf 87' lang='grc'>55.</span> <span class='ocrx_word' id='word_1_214' title='bbox 2058 1957 2457 2012; x_wconf 86' lang='lat' dir='ltr'><strong>Saturabuntur</strong></span> <span class='ocrx_word' id='word_1_215' title='bbox 2479 1958 2623 2026; x_wconf 90' lang='lat' dir='ltr'><strong>ligna</strong></span> <span class='ocrx_word' id='word_1_216' title='bbox 2651 1956 2848 2024; x_wconf 89' lang='lat' dir='ltr'><strong>campi.</strong></span> 
     </span>
    </p>
   </div>
   <div class='ocr_carea' id='block_1_33' title="bbox 252 2048 1839 2135">
    <p class='ocr_par' dir='ltr' id='par_1_33' title="bbox 252 2062 1501 2135">
     <span class='ocr_line' id='line_1_33' title="bbox 252 2062 1501 2135; baseline 0.002 -21"><span class='ocrx_word' id='word_1_217' title='bbox 252 2062 342 2115; x_wconf 88' lang='lat'>36.</span> <span class='ocrx_word' id='word_1_218' title='bbox 389 2066 452 2117; x_wconf 80' lang='grc' dir='ltr'>Δί</span> <span class='ocrx_word' id='word_1_219' title='bbox 481 2064 658 2135; x_wconf 79' lang='grc' dir='ltr'>κέδροι</span> <span class='ocrx_word' id='word_1_220' title='bbox 680 2064 772 2118; x_wconf 87' lang='grc' dir='ltr'>τοῦ</span> <span class='ocrx_word' id='word_1_221' title='bbox 803 2065 1055 2129; x_wconf 79' lang='grc' dir='ltr'>Λιϐάνου,</span> <span class='ocrx_word' id='word_1_222' title='bbox 1087 2066 1152 2129; x_wconf 82' lang='grc' dir='ltr'>ἀς</span> <span class='ocrx_word' id='word_1_223' title='bbox 1184 2065 1501 2135; x_wconf 81' lang='grc' dir='ltr'>ἐφύτευσας.</span> 
     </span>
    </p>
   </div>
   <div class='ocr_carea' id='block_1_34' title="bbox 1416 2048 3003 2135">
    <p class='ocr_par' dir='ltr' id='par_1_34' title="bbox 1416 2048 3003 2128">
     <span class='ocr_line' id='line_1_34' title="bbox 1416 2048 3003 2128; baseline -0.011 -11"><span class='ocrx_word' id='word_1_224' title='bbox 1416 2082 1501 2128; x_wconf 79' lang='grc' dir='ltr'>ἀς.</span> <span class='ocrx_word' id='word_1_225' title='bbox 1930 2052 2019 2107; x_wconf 90' lang='grc'>56.</span> <span class='ocrx_word' id='word_1_226' title='bbox 2056 2052 2120 2106; x_wconf 87' lang='lat' dir='ltr'><strong>Et</strong></span> <span class='ocrx_word' id='word_1_227' title='bbox 2146 2051 2292 2107; x_wconf 88' lang='lat' dir='ltr'><strong>cedri</strong></span> <span class='ocrx_word' id='word_1_228' title='bbox 2320 2048 2532 2113; x_wconf 82' lang='lat' dir='ltr'><strong>Libani,</strong></span> <span class='ocrx_word' id='word_1_229' title='bbox 2556 2065 2693 2119; x_wconf 89' lang='lat' dir='ltr'><strong>quas</strong></span> <span class='ocrx_word' id='word_1_230' title='bbox 2726 2049 3003 2118; x_wconf 71' lang='lat' dir='ltr'><strong>plantavit.</strong></span> 
     </span>
    </p>
   </div>
   <div class='ocr_carea' id='block_1_35' title="bbox 251 2141 1838 2230">
    <p class='ocr_par' dir='ltr' id='par_1_35' title="bbox 251 2153 1261 2230">
     <span class='ocr_line' id='line_1_35' title="bbox 251 2153 1261 2230; baseline 0.003 -20"><span class='ocrx_word' id='word_1_231' title='bbox 251 2153 342 2210; x_wconf 81' lang='lat'>&#39;57.</span> <span class='ocrx_word' id='word_1_232' title='bbox 373 2158 520 2210; x_wconf 82' lang='grc' dir='ltr'>Ἐκεῖ</span> <span class='ocrx_word' id='word_1_233' title='bbox 549 2158 804 2230; x_wconf 84' lang='grc' dir='ltr'>στρουθία</span> <span class='ocrx_word' id='word_1_234' title='bbox 836 2158 1261 2213; x_wconf 79' lang='grc' dir='ltr'>ἐννοσσεύσουσι·</span> 
     </span>
    </p>
   </div>
   <div class='ocr_carea' id='block_1_36' title="bbox 1273 2141 2860 2230">
    <p class='ocr_par' dir='ltr' id='par_1_36' title="bbox 1933 2141 2860 2214">
     <span class='ocr_line' id='line_1_36' title="bbox 1933 2141 2860 2214; baseline -0.006 -13"><span class='ocrx_word' id='word_1_235' title='bbox 1933 2142 2023 2201; x_wconf 88' lang='lat'>37.</span> <span class='ocrx_word' id='word_1_236' title='bbox 2055 2142 2168 2198; x_wconf 83' lang='lat' dir='ltr'><strong>Illic</strong></span> <span class='ocrx_word' id='word_1_237' title='bbox 2188 2159 2435 2214; x_wconf 84' lang='lat' dir='ltr'><strong>passeres</strong></span> <span class='ocrx_word' id='word_1_238' title='bbox 2465 2141 2818 2197; x_wconf 82' lang='lat' dir='ltr'><strong>uidiﬁcabunt</strong></span> <span class='ocrx_word' id='word_1_239' title='bbox 2848 2158 2860 2195; x_wconf 94' lang='lat'><strong>:</strong></span> 
     </span>
    </p>
   </div>
   <div class='ocr_carea' id='block_1_37' title="bbox 1293 2278 2312 2352">
    <p class='ocr_par' dir='ltr' id='par_1_37' title="bbox 1293 2278 2312 2352">
     <span class='ocr_line' id='line_1_37' title="bbox 1293 2278 2312 2352; baseline -0.017 1"><span class='ocrx_word' id='word_1_240' title='bbox 1293 2291 1671 2352; x_wconf 81' lang='lat' dir='ltr'>ATHANASII</span> <span class='ocrx_word' id='word_1_241' title='bbox 1721 2278 2312 2348; x_wconf 79' lang='lat' dir='ltr'>INTERPRETATIO.</span> 
     </span>
    </p>
   </div>
   <div class='ocr_carea' id='block_1_38' title="bbox 244 2431 1831 2524">
    <p class='ocr_par' dir='ltr' id='par_1_38' title="bbox 244 2443 1757 2524">
     <span class='ocr_line' id='line_1_38' title="bbox 244 2443 1757 2524; baseline -0.005 -11"><span class='ocrx_word' id='word_1_242' title='bbox 244 2461 339 2514; x_wconf 83' lang='grc'><strong>21.</strong></span> <span class='ocrx_word' id='word_1_243' title='bbox 382 2460 442 2513; x_wconf 89' lang='lat'>&#39;0</span> <span class='ocrx_word' id='word_1_244' title='bbox 466 2457 867 2524; x_wconf 77' lang='grc' dir='ltr'>ὲξαποστὲλλων</span> <span class='ocrx_word' id='word_1_245' title='bbox 900 2454 1024 2517; x_wconf 79' lang='grc' dir='ltr'>τοὺς</span> <span class='ocrx_word' id='word_1_246' title='bbox 1059 2454 1386 2519; x_wconf 84' lang='grc' dir='ltr'>ἀποστόλους</span> <span class='ocrx_word' id='word_1_247' title='bbox 1405 2456 1484 2519; x_wconf 76' lang='grc' dir='ltr'>εἰς</span> <span class='ocrx_word' id='word_1_248' title='bbox 1512 2443 1582 2509; x_wconf 61' lang='grc' dir='ltr'>τά</span> <span class='ocrx_word' id='word_1_249' title='bbox 1610 2453 1757 2524; x_wconf 78' lang='grc' dir='ltr'>ἔθνη.</span> 
     </span>
    </p>
   </div>
   <div class='ocr_carea' id='block_1_39' title="bbox 1405 2431 2992 2524">
    <p class='ocr_par' dir='ltr' id='par_1_39' title="bbox 1405 2431 2992 2524">
     <span class='ocr_line' id='line_1_39' title="bbox 1405 2431 2992 2524; baseline -0.015 -13"><span class='ocrx_word' id='word_1_250' title='bbox 1405 2456 1484 2519; x_wconf 75' lang='grc' dir='ltr'>εἰς</span> <span class='ocrx_word' id='word_1_251' title='bbox 1512 2443 1582 2509; x_wconf 69' lang='grc' dir='ltr'>τᾶ</span> <span class='ocrx_word' id='word_1_252' title='bbox 1610 2453 1757 2524; x_wconf 77' lang='grc' dir='ltr'>ἔθνη.</span> <span class='ocrx_word' id='word_1_253' title='bbox 1924 2444 2015 2499; x_wconf 75' lang='grc'>21.</span> <span class='ocrx_word' id='word_1_254' title='bbox 2048 2441 2152 2509; x_wconf 87' lang='lat' dir='ltr'><strong>Qui</strong></span> <span class='ocrx_word' id='word_1_255' title='bbox 2184 2437 2386 2496; x_wconf 90' lang='lat' dir='ltr'><strong>emittis</strong></span> <span class='ocrx_word' id='word_1_256' title='bbox 2412 2433 2689 2506; x_wconf 87' lang='lat' dir='ltr'><strong>apostolos</strong></span> <span class='ocrx_word' id='word_1_257' title='bbox 2708 2431 2761 2486; x_wconf 92' lang='lat' dir='ltr'>in</span> <span class='ocrx_word' id='word_1_258' title='bbox 2788 2441 2992 2504; x_wconf 80' lang='lat' dir='ltr'><strong>gentes.</strong></span> 
     </span>
    </p>
   </div>
   <div class='ocr_carea' id='block_1_40' title="bbox 242 2523 1829 2624">
    <p class='ocr_par' dir='ltr' id='par_1_40' title="bbox 242 2523 1732 2624">
     <span class='ocr_line' id='line_1_40' title="bbox 242 2523 1732 2624; baseline -0.005 -17"><span class='ocrx_word' id='word_1_259' title='bbox 242 2552 335 2607; x_wconf 81' lang='grc'>22.</span> <span class='ocrx_word' id='word_1_260' title='bbox 363 2552 693 2624; x_wconf 77' lang='grc' dir='ltr'>Ἀνάμέσον</span> <span class='ocrx_word' id='word_1_261' title='bbox 746 2548 855 2603; x_wconf 89' lang='grc' dir='ltr'>τῶν</span> <span class='ocrx_word' id='word_1_262' title='bbox 902 2547 1071 2602; x_wconf 77' lang='grc' dir='ltr'>ἐθνῶν</span> <span class='ocrx_word' id='word_1_263' title='bbox 1121 2546 1478 2600; x_wconf 83' lang='grc' dir='ltr'>διελεύσονται</span> <span class='ocrx_word' id='word_1_264' title='bbox 1517 2549 1565 2600; x_wconf 84' lang='grc' dir='ltr'>οἱ</span> <span class='ocrx_word' id='word_1_265' title='bbox 1596 2523 1732 2615; x_wconf 83' lang='grc' dir='ltr'>εὑαγ</span> 
     </span>
    </p>
   </div>
   <div class='ocr_carea' id='block_1_41' title="bbox 1824 2523 3411 2624">
    <p class='ocr_par' dir='ltr' id='par_1_41' title="bbox 1921 2523 3411 2599">
     <span class='ocr_line' id='line_1_41' title="bbox 1921 2523 3411 2599; baseline -0.008 -9"><span class='ocrx_word' id='word_1_266' title='bbox 1921 2536 2012 2590; x_wconf 74' lang='grc'><strong>22.</strong></span> <span class='ocrx_word' id='word_1_267' title='bbox 2046 2534 2149 2587; x_wconf 88' lang='lat' dir='ltr'><strong>Per</strong></span> <span class='ocrx_word' id='word_1_268' title='bbox 2170 2531 2406 2585; x_wconf 91' lang='lat' dir='ltr'><strong>medium</strong></span> <span class='ocrx_word' id='word_1_269' title='bbox 2436 2527 2675 2599; x_wconf 85' lang='lat' dir='ltr'><strong>gentium</strong></span> <span class='ocrx_word' id='word_1_270' title='bbox 2707 2523 3111 2595; x_wconf 90' lang='lat' dir='ltr'><strong>pertransibunt</strong></span> <span class='ocrx_word' id='word_1_271' title='bbox 3148 2523 3411 2594; x_wconf 71' lang='lat' dir='ltr'><strong>praedica-</strong></span> 
     </span>
    </p>
   </div>
   <div class='ocr_carea' id='block_1_42' title="bbox 178 2621 1765 2712">
    <p class='ocr_par' dir='ltr' id='par_1_42' title="bbox 178 2621 542 2712">
     <span class='ocr_line' id='line_1_42' title="bbox 178 2621 542 2712; baseline 0 -16"><span class='ocrx_word' id='word_1_272' title='bbox 178 2644 440 2712; x_wconf 69' lang='grc' dir='ltr'>τελισταί.</span> <span class='ocrx_word' id='word_1_273' title='bbox 534 2621 542 2624; x_wconf 23' lang='grc' dir='ltr'><strong>ν</strong></span> 
     </span>
    </p>
   </div>
   <div class='ocr_carea' id='block_1_43' title="bbox 743 2621 2330 2712">
    <p class='ocr_par' dir='ltr' id='par_1_43' title="bbox 1853 2621 2330 2693">
     <span class='ocr_line' id='line_1_43' title="bbox 1853 2621 2330 2693; baseline -0.019 -11"><span class='ocrx_word' id='word_1_274' title='bbox 1853 2636 2002 2683; x_wconf 86' lang='lat' dir='ltr'><strong>tores</strong></span> <span class='ocrx_word' id='word_1_275' title='bbox 2032 2621 2330 2693; x_wconf 79' lang='lat' dir='ltr'><strong>Evangelii.</strong></span> 
     </span>
    </p>
   </div>
   <div class='ocr_carea' id='block_1_44' title="bbox 242 2704 1829 2802">
    <p class='ocr_par' dir='ltr' id='par_1_44' title="bbox 242 2729 1761 2802">
     <span class='ocr_line' id='line_1_44' title="bbox 242 2729 1761 2802; baseline -0.005 -13"><span class='ocrx_word' id='word_1_276' title='bbox 242 2735 334 2789; x_wconf 80' lang='grc'>25.</span> <span class='ocrx_word' id='word_1_277' title='bbox 388 2736 491 2788; x_wconf 75' lang='grc' dir='ltr'>Τὸν</span> <span class='ocrx_word' id='word_1_278' title='bbox 539 2733 696 2802; x_wconf 74' lang='grc' dir='ltr'>λόγον</span> <span class='ocrx_word' id='word_1_279' title='bbox 756 2730 851 2784; x_wconf 86' lang='grc' dir='ltr'>τοῦ</span> <span class='ocrx_word' id='word_1_280' title='bbox 900 2729 1288 2799; x_wconf 78' lang='grc' dir='ltr'>εὐαγγελιστοῦ</span> <span class='ocrx_word' id='word_1_281' title='bbox 1339 2731 1415 2802; x_wconf 76' lang='grc'>(1)</span> <span class='ocrx_word' id='word_1_282' title='bbox 1466 2729 1761 2802; x_wconf 82' lang='grc' dir='ltr'>κηρύξουσι</span> 
     </span>
    </p>
   </div>
   <div class='ocr_carea' id='block_1_45' title="bbox 1823 2704 3410 2802">
    <p class='ocr_par' dir='ltr' id='par_1_45' title="bbox 1923 2704 3410 2778">
     <span class='ocr_line' id='line_1_45' title="bbox 1923 2704 3410 2778; baseline -0.006 -7"><span class='ocrx_word' id='word_1_283' title='bbox 1923 2718 2014 2773; x_wconf 80' lang='grc'>25.</span> <span class='ocrx_word' id='word_1_284' title='bbox 2063 2716 2383 2770; x_wconf 90' lang='lat' dir='ltr'><strong>Sermonem</strong></span> <span class='ocrx_word' id='word_1_285' title='bbox 2428 2706 2702 2778; x_wconf 76' lang='lat' dir='ltr'><strong>Evangelii</strong></span> <span class='ocrx_word' id='word_1_286' title='bbox 2744 2704 3117 2777; x_wconf 69' lang='lat' dir='ltr'><strong>praedicabunt</strong></span> <span class='ocrx_word' id='word_1_287' title='bbox 3155 2706 3410 2762; x_wconf 86' lang='lat' dir='ltr'><strong>omnibus</strong></span> 
     </span>
    </p>
   </div>
   <div class='ocr_carea' id='block_1_46' title="bbox 170 2804 1757 2895">
    <p class='ocr_par' dir='ltr' id='par_1_46' title="bbox 170 2824 1019 2895">
     <span class='ocr_line' id='line_1_46' title="bbox 170 2824 1019 2895; baseline -0.004 -15"><span class='ocrx_word' id='word_1_288' title='bbox 170 2831 311 2880; x_wconf 71' lang='grc' dir='ltr'>πᾶσι</span> <span class='ocrx_word' id='word_1_289' title='bbox 337 2830 448 2890; x_wconf 80' lang='grc' dir='ltr'>τοῖς</span> <span class='ocrx_word' id='word_1_290' title='bbox 473 2827 648 2880; x_wconf 75' lang='grc' dir='ltr'>ἔθνεσι</span> <span class='ocrx_word' id='word_1_291' title='bbox 675 2824 767 2878; x_wconf 86' lang='grc' dir='ltr'>τοῦ</span> <span class='ocrx_word' id='word_1_292' title='bbox 795 2825 1019 2895; x_wconf 85' lang='grc' dir='ltr'>κόσμου.</span> 
     </span>
    </p>
   </div>
   <div class='ocr_carea' id='block_1_47' title="bbox 745 2804 2332 2895">
    <p class='ocr_par' dir='ltr' id='par_1_47' title="bbox 745 2804 2332 2895">
     <span class='ocr_line' id='line_1_47' title="bbox 745 2804 2332 2895; baseline -0.014 -17"><span class='ocrx_word' id='word_1_293' title='bbox 745 2824 767 2877; x_wconf 81' lang='grc' dir='ltr'>ῦ</span> <span class='ocrx_word' id='word_1_294' title='bbox 795 2825 1019 2895; x_wconf 85' lang='grc' dir='ltr'>κόσμου.</span> <span class='ocrx_word' id='word_1_295' title='bbox 1852 2808 2103 2879; x_wconf 88' lang='lat' dir='ltr'><strong>gentibus</strong></span> <span class='ocrx_word' id='word_1_296' title='bbox 2124 2804 2332 2857; x_wconf 91' lang='lat' dir='ltr'><strong>mundi.</strong></span> 
     </span>
    </p>
   </div>
   <div class='ocr_carea' id='block_1_48' title="bbox 236 2888 1823 2991">
    <p class='ocr_par' dir='ltr' id='par_1_48' title="bbox 236 2888 1750 2991">
     <span class='ocr_line' id='line_1_48' title="bbox 236 2888 1750 2991; baseline -0.002 -20"><span class='ocrx_word' id='word_1_297' title='bbox 236 2917 326 2971; x_wconf 68' lang='grc'>24.</span> <span class='ocrx_word' id='word_1_298' title='bbox 360 2888 748 2991; x_wconf 82' lang='grc' dir='ltr'>Προσδέξονται</span> <span class='ocrx_word' id='word_1_299' title='bbox 773 2917 841 2972; x_wconf 79' lang='grc' dir='ltr'>τὰ</span> <span class='ocrx_word' id='word_1_300' title='bbox 869 2888 993 2987; x_wconf 72' lang='grc' dir='ltr'>ἔθνη</span> <span class='ocrx_word' id='word_1_301' title='bbox 1024 2916 1084 2969; x_wconf 77' lang='grc' dir='ltr'>τὸ</span> <span class='ocrx_word' id='word_1_302' title='bbox 1104 2916 1363 2988; x_wconf 84' lang='grc' dir='ltr'>κήρυγμα</span> <span class='ocrx_word' id='word_1_303' title='bbox 1391 2917 1471 2979; x_wconf 83' lang='grc' dir='ltr'>εἰς</span> <span class='ocrx_word' id='word_1_304' title='bbox 1505 2914 1750 2986; x_wconf 85' lang='grc' dir='ltr'>ἀπάντη-</span> 
     </span>
    </p>
   </div>
   <div class='ocr_carea' id='block_1_49' title="bbox 1826 2888 3413 2991">
    <p class='ocr_par' dir='ltr' id='par_1_49' title="bbox 1919 2888 3413 2964">
     <span class='ocr_line' id='line_1_49' title="bbox 1919 2888 3413 2964; baseline -0.005 -11"><span class='ocrx_word' id='word_1_305' title='bbox 1919 2897 2011 2953; x_wconf 67' lang='grc'>21.</span> <span class='ocrx_word' id='word_1_306' title='bbox 2048 2895 2449 2963; x_wconf 82' lang='lat' dir='ltr'><strong>Exspectabunt</strong></span> <span class='ocrx_word' id='word_1_307' title='bbox 2487 2899 2673 2964; x_wconf 85' lang='lat' dir='ltr'><strong>gentes</strong></span> <span class='ocrx_word' id='word_1_308' title='bbox 2712 2890 3146 2961; x_wconf 69' lang='lat' dir='ltr'><strong>pmdicationem</strong></span> <span class='ocrx_word' id='word_1_309' title='bbox 3187 2890 3240 2944; x_wconf 91' lang='lat' dir='ltr'>in</span> <span class='ocrx_word' id='word_1_310' title='bbox 3263 2888 3413 2945; x_wconf 81' lang='lat' dir='ltr'><strong>refri-</strong></span> 
     </span>
    </p>
   </div>
   <div class='ocr_carea' id='block_1_50' title="bbox 167 2987 1754 3082">
    <p class='ocr_par' dir='ltr' id='par_1_50' title="bbox 167 2987 1297 3082">
     <span class='ocr_line' id='line_1_50' title="bbox 167 2987 1297 3082; baseline -0.002 -18"><span class='ocrx_word' id='word_1_311' title='bbox 167 3029 257 3065; x_wconf 86' lang='grc' dir='ltr'>σιν</span> <span class='ocrx_word' id='word_1_312' title='bbox 283 3011 360 3081; x_wconf 78' lang='lat'>(2)</span> <span class='ocrx_word' id='word_1_313' title='bbox 392 2987 495 3064; x_wconf 76' lang='grc' dir='ltr'>τῶν</span> <span class='ocrx_word' id='word_1_314' title='bbox 524 3010 730 3082; x_wconf 76' lang='grc' dir='ltr'>ψυχῶν.</span> <span class='ocrx_word' id='word_1_315' title='bbox 1163 2987 1188 2988; x_wconf 58' lang='grc'><strong><em>⁷⁷</em></strong></span> <span class='ocrx_word' id='word_1_316' title='bbox 1294 2987 1297 2988; x_wconf 31' lang='grc' dir='ltr'>ί</span> 
     </span>
    </p>
   </div>
   <div class='ocr_carea' id='block_1_51' title="bbox 826 2987 2413 3082">
    <p class='ocr_par' dir='ltr' id='par_1_51' title="bbox 1163 2987 2413 3061">
     <span class='ocr_line' id='line_1_51' title="bbox 1163 2987 2413 3061; baseline -0.008 -13"><span class='ocrx_word' id='word_1_317' title='bbox 1163 2987 1188 2988; x_wconf 47' lang='grc'><strong><em>⁷⁷</em></strong></span> <span class='ocrx_word' id='word_1_318' title='bbox 1294 2987 1297 2988; x_wconf 49' lang='grc'><strong><em>⁷</em></strong></span> <span class='ocrx_word' id='word_1_319' title='bbox 1854 2990 2058 3061; x_wconf 89' lang='lat' dir='ltr'><strong>gerium</strong></span> <span class='ocrx_word' id='word_1_320' title='bbox 2084 2987 2413 3041; x_wconf 88' lang='lat' dir='ltr'><strong>animarum.</strong></span> 
     </span>
    </p>
   </div>
   <div class='ocr_carea' id='block_1_52' title="bbox 235 3071 1822 3171">
    <p class='ocr_par' dir='ltr' id='par_1_52' title="bbox 235 3071 1749 3171">
     <span class='ocr_line' id='line_1_52' title="bbox 235 3071 1749 3171; baseline -0.004 -14"><span class='ocrx_word' id='word_1_321' title='bbox 235 3071 483 3158; x_wconf 63' lang='grc' dir='ltr'><strong>25.”Επ’</strong></span> <span class='ocrx_word' id='word_1_322' title='bbox 685 3101 754 3154; x_wconf 88' lang='grc' dir='ltr'>τά</span> <span class='ocrx_word' id='word_1_323' title='bbox 802 3100 929 3171; x_wconf 75' lang='grc' dir='ltr'>ἔθνη</span> <span class='ocrx_word' id='word_1_324' title='bbox 954 3100 1269 3170; x_wconf 80' lang='grc' dir='ltr'>κατοικήσει</span> <span class='ocrx_word' id='word_1_325' title='bbox 1319 3098 1388 3151; x_wconf 90' lang='grc' dir='ltr'>τά</span> <span class='ocrx_word' id='word_1_326' title='bbox 1429 3097 1749 3169; x_wconf 86' lang='grc' dir='ltr'>χαρίσματα</span> 
     </span>
    </p>
   </div>
   <div class='ocr_carea' id='block_1_53' title="bbox 1700 3071 3287 3171">
    <p class='ocr_par' dir='ltr' id='par_1_53' title="bbox 1700 3071 3287 3151">
     <span class='ocr_line' id='line_1_53' title="bbox 1700 3071 3287 3151; baseline -0.004 -16"><span class='ocrx_word' id='word_1_327' title='bbox 1700 3114 1749 3151; x_wconf 69' lang='grc' dir='ltr'>τα</span> <span class='ocrx_word' id='word_1_328' title='bbox 1919 3084 2014 3140; x_wconf 73' lang='lat'>25.</span> <span class='ocrx_word' id='word_1_329' title='bbox 2047 3081 2223 3151; x_wconf 89' lang='lat' dir='ltr'><strong>Super</strong></span> <span class='ocrx_word' id='word_1_330' title='bbox 2252 3078 2397 3148; x_wconf 83' lang='lat' dir='ltr'><strong>ipsas</strong></span> <span class='ocrx_word' id='word_1_331' title='bbox 2428 3082 2613 3145; x_wconf 84' lang='lat' dir='ltr'><strong>gentes</strong></span> <span class='ocrx_word' id='word_1_332' title='bbox 2638 3071 2962 3128; x_wconf 80' lang='lat' dir='ltr'><strong>habitabant</strong></span> <span class='ocrx_word' id='word_1_333' title='bbox 2985 3072 3105 3142; x_wconf 85' lang='lat' dir='ltr'><strong>ejus</strong></span> <span class='ocrx_word' id='word_1_334' title='bbox 3126 3071 3287 3128; x_wconf 82' lang='lat' dir='ltr'><strong>dona.</strong></span> 
     </span>
    </p>
   </div>
   <div class='ocr_carea' id='block_1_54' title="bbox 165 3194 361 3251">
    <p class='ocr_par' dir='ltr' id='par_1_54' title="bbox 165 3194 361 3251">
     <span class='ocr_line' id='line_1_54' title="bbox 165 3194 361 3251; baseline 0.005 -2"><span class='ocrx_word' id='word_1_335' title='bbox 165 3194 361 3251; x_wconf 78' lang='grc' dir='ltr'>αὐτοῦ.</span> 
     </span>
    </p>
   </div>
   <div class='ocr_carea' id='block_1_55' title="bbox 234 3278 1750 3357">
    <p class='ocr_par' dir='ltr' id='par_1_55' title="bbox 234 3278 1750 3357">
     <span class='ocr_line' id='line_1_55' title="bbox 234 3278 1750 3357; baseline -0.007 -15"><span class='ocrx_word' id='word_1_336' title='bbox 234 3288 327 3342; x_wconf 87' lang='grc'>26.</span> <span class='ocrx_word' id='word_1_337' title='bbox 357 3285 453 3341; x_wconf 89' lang='grc' dir='ltr'>Ἐκ</span> <span class='ocrx_word' id='word_1_338' title='bbox 486 3286 648 3357; x_wconf 87' lang='grc' dir='ltr'>μέσου</span> <span class='ocrx_word' id='word_1_339' title='bbox 674 3284 782 3339; x_wconf 89' lang='grc' dir='ltr'>τῶν</span> <span class='ocrx_word' id='word_1_340' title='bbox 802 3282 1037 3356; x_wconf 83' lang='grc' dir='ltr'>καρδιῶν</span> <span class='ocrx_word' id='word_1_341' title='bbox 1087 3280 1264 3336; x_wconf 81' lang='grc' dir='ltr'>αὐτῶν</span> <span class='ocrx_word' id='word_1_342' title='bbox 1313 3278 1623 3345; x_wconf 79' lang='grc' dir='ltr'>δοξάσουσιν</span> <span class='ocrx_word' id='word_1_343' title='bbox 1652 3278 1750 3333; x_wconf 80' lang='grc' dir='ltr'>αὖ·</span> 
     </span>
    </p>
   </div>
   <div class='ocr_carea' id='block_1_56' title="bbox 164 3381 384 3451">
    <p class='ocr_par' dir='ltr' id='par_1_56' title="bbox 164 3381 384 3451">
     <span class='ocr_line' id='line_1_56' title="bbox 164 3381 384 3451; baseline -0.005 -17"><span class='ocrx_word' id='word_1_344' title='bbox 164 3382 258 3434; x_wconf 83' lang='grc' dir='ltr'>τόν</span> <span class='ocrx_word' id='word_1_345' title='bbox 288 3381 384 3451; x_wconf 74' lang='grc' dir='ltr'>(δ).</span> 
     </span>
    </p>
   </div>
   <div class='ocr_carea' id='block_1_57' title="bbox 236 3462 1741 3539">
    <p class='ocr_par' dir='ltr' id='par_1_57' title="bbox 236 3462 1741 3539">
     <span class='ocr_line' id='line_1_57' title="bbox 236 3462 1741 3539; baseline -0.007 -12"><span class='ocrx_word' id='word_1_346' title='bbox 236 3472 328 3527; x_wconf 85' lang='grc'><strong>27.</strong></span> <span class='ocrx_word' id='word_1_347' title='bbox 354 3470 592 3536; x_wconf 75' lang='grc' dir='ltr'>Ποτίζων</span> <span class='ocrx_word' id='word_1_348' title='bbox 620 3470 688 3524; x_wconf 84' lang='grc' dir='ltr'>τὰ</span> <span class='ocrx_word' id='word_1_349' title='bbox 710 3468 838 3539; x_wconf 72' lang='grc' dir='ltr'>ἔθνη</span> <span class='ocrx_word' id='word_1_350' title='bbox 854 3468 927 3539; x_wconf 74' lang='grc'>(4)</span> <span class='ocrx_word' id='word_1_351' title='bbox 952 3468 1013 3520; x_wconf 82' lang='grc' dir='ltr'>ὲκ</span> <span class='ocrx_word' id='word_1_352' title='bbox 1038 3466 1145 3520; x_wconf 90' lang='grc' dir='ltr'>τῶν</span> <span class='ocrx_word' id='word_1_353' title='bbox 1164 3464 1515 3536; x_wconf 84' lang='grc' dir='ltr'>χαρισμάτων</span> <span class='ocrx_word' id='word_1_354' title='bbox 1554 3462 1741 3517; x_wconf 76' lang='grc' dir='ltr'>αὑτοῦ.</span> 
     </span>
    </p>
   </div>
   <div class='ocr_carea' id='block_1_58' title="bbox 234 3559 1741 3632">
    <p class='ocr_par' dir='ltr' id='par_1_58' title="bbox 234 3559 1741 3632">
     <span class='ocr_line' id='line_1_58' title="bbox 234 3559 1741 3632; baseline -0.007 -14"><span class='ocrx_word' id='word_1_355' title='bbox 234 3564 327 3618; x_wconf 76' lang='grc'>28.</span> <span class='ocrx_word' id='word_1_356' title='bbox 361 3564 494 3615; x_wconf 82' lang='grc' dir='ltr'>’Δπὸ</span> <span class='ocrx_word' id='word_1_357' title='bbox 547 3565 648 3632; x_wconf 79' lang='grc' dir='ltr'>τῆς</span> <span class='ocrx_word' id='word_1_358' title='bbox 703 3560 923 3630; x_wconf 80' lang='grc' dir='ltr'>χάριτος</span> <span class='ocrx_word' id='word_1_359' title='bbox 979 3559 1085 3610; x_wconf 91' lang='grc' dir='ltr'>τῶν</span> <span class='ocrx_word' id='word_1_360' title='bbox 1160 3559 1595 3628; x_wconf 83' lang='grc' dir='ltr'>προσταγμάτων</span> <span class='ocrx_word' id='word_1_361' title='bbox 1651 3573 1741 3607; x_wconf 92' lang='grc' dir='ltr'>σου</span> 
     </span>
    </p>
   </div>
   <div class='ocr_carea' id='block_1_59' title="bbox 163 3649 1278 3725">
    <p class='ocr_par' dir='ltr' id='par_1_59' title="bbox 163 3649 1278 3725">
     <span class='ocr_line' id='line_1_59' title="bbox 163 3649 1278 3725; baseline -0.006 -17"><span class='ocrx_word' id='word_1_362' title='bbox 163 3654 639 3725; x_wconf 79' lang='grc' dir='ltr'>ὲμπλησθήσονται</span> <span class='ocrx_word' id='word_1_363' title='bbox 672 3654 728 3706; x_wconf 80' lang='grc' dir='ltr'>αἱ</span> <span class='ocrx_word' id='word_1_364' title='bbox 758 3651 928 3722; x_wconf 66' lang='grc' dir='ltr'>ψυχαὶ</span> <span class='ocrx_word' id='word_1_365' title='bbox 957 3650 1063 3703; x_wconf 87' lang='grc' dir='ltr'>τῶν</span> <span class='ocrx_word' id='word_1_366' title='bbox 1089 3649 1278 3703; x_wconf 76' lang='grc' dir='ltr'>ἐθνῶν.</span> 
     </span>
    </p>
   </div>
   <div class='ocr_carea' id='block_1_60' title="bbox 228 3739 1495 3817">
    <p class='ocr_par' dir='ltr' id='par_1_60' title="bbox 228 3739 1495 3817">
     <span class='ocr_line' id='line_1_60' title="bbox 228 3739 1495 3817; baseline -0.007 -17"><span class='ocrx_word' id='word_1_367' title='bbox 228 3746 321 3802; x_wconf 85' lang='grc'><strong>29.</strong></span> <span class='ocrx_word' id='word_1_368' title='bbox 364 3746 424 3798; x_wconf 87' lang='lat' dir='ltr'>&#39;U</span> <span class='ocrx_word' id='word_1_369' title='bbox 456 3744 732 3817; x_wconf 86' lang='grc' dir='ltr'>μαραίνων</span> <span class='ocrx_word' id='word_1_370' title='bbox 755 3744 845 3797; x_wconf 79' lang='grc' dir='ltr'>τὸν</span> <span class='ocrx_word' id='word_1_371' title='bbox 867 3742 1093 3796; x_wconf 86' lang='grc' dir='ltr'>πλοῦτον</span> <span class='ocrx_word' id='word_1_372' title='bbox 1123 3740 1229 3794; x_wconf 85' lang='grc' dir='ltr'>τῶν</span> <span class='ocrx_word' id='word_1_373' title='bbox 1260 3739 1495 3793; x_wconf 78' lang='grc' dir='ltr'>ἀσεϐῶν.</span> 
     </span>
    </p>
   </div>
   <div class='ocr_carea' id='block_1_61' title="bbox 231 3828 1741 3909">
    <p class='ocr_par' dir='ltr' id='par_1_61' title="bbox 231 3828 1741 3909">
     <span class='ocr_line' id='line_1_61' title="bbox 231 3828 1741 3909; baseline -0.007 -17"><span class='ocrx_word' id='word_1_374' title='bbox 231 3837 323 3893; x_wconf 86' lang='grc'>50.</span> <span class='ocrx_word' id='word_1_375' title='bbox 371 3838 481 3891; x_wconf 76' lang='grc' dir='ltr'>Καὶ</span> <span class='ocrx_word' id='word_1_376' title='bbox 546 3832 953 3909; x_wconf 80' lang='grc' dir='ltr'>[ὲξανατέλλων]</span> <span class='ocrx_word' id='word_1_377' title='bbox 1015 3832 1086 3887; x_wconf 91' lang='grc' dir='ltr'>τά</span> <span class='ocrx_word' id='word_1_378' title='bbox 1132 3832 1525 3903; x_wconf 80' lang='grc' dir='ltr'>προστάγματα</span> <span class='ocrx_word' id='word_1_379' title='bbox 1580 3828 1741 3883; x_wconf 80' lang='grc' dir='ltr'>αὐτοῦ</span> 
     </span>
    </p>
   </div>
   <div class='ocr_carea' id='block_1_62' title="bbox 160 3921 1742 4000">
    <p class='ocr_par' dir='ltr' id='par_1_62' title="bbox 160 3921 1742 4000">
     <span class='ocr_line' id='line_1_62' title="bbox 160 3921 1742 4000; baseline -0.005 -19"><span class='ocrx_word' id='word_1_380' title='bbox 160 3932 286 3993; x_wconf 76' lang='grc' dir='ltr'>ταῖς</span> <span class='ocrx_word' id='word_1_381' title='bbox 313 3928 531 4000; x_wconf 77' lang='grc' dir='ltr'>ψυχαῖς,</span> <span class='ocrx_word' id='word_1_382' title='bbox 567 3929 793 3991; x_wconf 75' lang='grc' dir='ltr'>καὶτοῖς</span> <span class='ocrx_word' id='word_1_383' title='bbox 827 3926 1010 3997; x_wconf 84' lang='grc' dir='ltr'>μέλεσι</span> <span class='ocrx_word' id='word_1_384' title='bbox 1040 3923 1146 3977; x_wconf 90' lang='grc' dir='ltr'>τῶν</span> <span class='ocrx_word' id='word_1_385' title='bbox 1199 3922 1589 3992; x_wconf 86' lang='grc' dir='ltr'>ὲπεγνωκότων</span> <span class='ocrx_word' id='word_1_386' title='bbox 1642 3921 1742 3992; x_wconf 81' lang='grc' dir='ltr'>τὴν</span> 
     </span>
    </p>
   </div>
   <div class='ocr_carea' id='block_1_63' title="bbox 158 4020 447 4092">
    <p class='ocr_par' dir='ltr' id='par_1_63' title="bbox 158 4020 447 4092">
     <span class='ocr_line' id='line_1_63' title="bbox 158 4020 447 4092; baseline 0.007 -21"><span class='ocrx_word' id='word_1_387' title='bbox 158 4020 447 4092; x_wconf 73' lang='grc' dir='ltr'>ἀλήθειαν.</span> 
     </span>
    </p>
   </div>
   <div class='ocr_carea' id='block_1_64' title="bbox 229 4100 1416 4180">
    <p class='ocr_par' dir='ltr' id='par_1_64' title="bbox 229 4100 1416 4180">
     <span class='ocr_line' id='line_1_64' title="bbox 229 4100 1416 4180; baseline -0.008 -13"><span class='ocrx_word' id='word_1_388' title='bbox 229 4112 321 4167; x_wconf 85' lang='lat'><strong>3|.</strong></span> <span class='ocrx_word' id='word_1_389' title='bbox 347 4111 419 4163; x_wconf 88' lang='grc' dir='ltr'>Τὸ</span> <span class='ocrx_word' id='word_1_390' title='bbox 441 4108 692 4180; x_wconf 79' lang='grc' dir='ltr'>σύστημα</span> <span class='ocrx_word' id='word_1_391' title='bbox 719 4107 827 4160; x_wconf 89' lang='grc' dir='ltr'>τῶν</span> <span class='ocrx_word' id='word_1_392' title='bbox 850 4104 1287 4159; x_wconf 84' lang='grc' dir='ltr'>πεπιστευκότων</span> 
     </span>
    </p>
   </div>
   <div class='ocr_carea' id='block_1_65' title="bbox 227 4196 1096 4273">
    <p class='ocr_par' dir='ltr' id='par_1_65' title="bbox 227 4196 1096 4273">
     <span class='ocr_line' id='line_1_65' title="bbox 227 4196 1096 4273; baseline -0.009 -16"><span class='ocrx_word' id='word_1_393' title='bbox 227 4203 319 4258; x_wconf 88' lang='grc'>52.</span> <span class='ocrx_word' id='word_1_394' title='bbox 359 4203 418 4256; x_wconf 91' lang='lat'>&#39;0</span> <span class='ocrx_word' id='word_1_395' title='bbox 450 4201 650 4273; x_wconf 81' lang='grc' dir='ltr'>Κύριος</span> <span class='ocrx_word' id='word_1_396' title='bbox 679 4198 834 4271; x_wconf 80' lang='grc' dir='ltr'>ἡμῶν</span> <span class='ocrx_word' id='word_1_397' title='bbox 871 4196 1096 4269; x_wconf 89' lang='grc' dir='ltr'>Ἰησοῦς.</span> 
     </span>
    </p>
   </div>
   <div class='ocr_carea' id='block_1_66' title="bbox 221 4283 1739 4364">
    <p class='ocr_par' dir='ltr' id='par_1_66' title="bbox 221 4283 1739 4364">
     <span class='ocr_line' id='line_1_66' title="bbox 221 4283 1739 4364; baseline -0.009 -17"><span class='ocrx_word' id='word_1_398' title='bbox 221 4296 314 4348; x_wconf 84' lang='grc'>55.</span> <span class='ocrx_word' id='word_1_399' title='bbox 346 4292 451 4346; x_wconf 84' lang='grc' dir='ltr'>Τοῦ</span> <span class='ocrx_word' id='word_1_400' title='bbox 486 4290 770 4364; x_wconf 88' lang='grc' dir='ltr'>πληρῶσαι</span> <span class='ocrx_word' id='word_1_401' title='bbox 796 4289 895 4359; x_wconf 81' lang='grc' dir='ltr'>τῆς</span> <span class='ocrx_word' id='word_1_402' title='bbox 933 4289 1152 4359; x_wconf 86' lang='grc' dir='ltr'>χάριτος</span> <span class='ocrx_word' id='word_1_403' title='bbox 1187 4283 1350 4337; x_wconf 82' lang='grc' dir='ltr'>αὐτοῦ</span> <span class='ocrx_word' id='word_1_404' title='bbox 1384 4284 1561 4336; x_wconf 79' lang='grc' dir='ltr'>πᾶσαν</span> <span class='ocrx_word' id='word_1_405' title='bbox 1606 4299 1739 4354; x_wconf 89' lang='grc' dir='ltr'>καρ-</span> 
     </span>
    </p>
   </div>
   <div class='ocr_carea' id='block_1_67' title="bbox 155 4379 846 4451">
    <p class='ocr_par' dir='ltr' id='par_1_67' title="bbox 155 4379 846 4451">
     <span class='ocr_line' id='line_1_67' title="bbox 155 4379 846 4451; baseline -0.003 -14"><span class='ocrx_word' id='word_1_406' title='bbox 155 4385 275 4437; x_wconf 82' lang='grc' dir='ltr'>δίαν</span> <span class='ocrx_word' id='word_1_407' title='bbox 301 4385 359 4436; x_wconf 86' lang='grc' dir='ltr'>ὲν</span> <span class='ocrx_word' id='word_1_408' title='bbox 388 4381 466 4451; x_wconf 83' lang='grc' dir='ltr'>τῷ</span> <span class='ocrx_word' id='word_1_409' title='bbox 491 4381 630 4433; x_wconf 78' lang='grc' dir='ltr'>ἐλέει</span> <span class='ocrx_word' id='word_1_410' title='bbox 662 4379 846 4435; x_wconf 84' lang='grc' dir='ltr'>αὑτοῦ.</span> 
     </span>
    </p>
   </div>
   <div class='ocr_carea' id='block_1_68' title="bbox 229 4461 1736 4543">
    <p class='ocr_par' dir='ltr' id='par_1_68' title="bbox 229 4461 1736 4543">
     <span class='ocr_line' id='line_1_68' title="bbox 229 4461 1736 4543; baseline -0.009 -17"><span class='ocrx_word' id='word_1_411' title='bbox 229 4472 321 4527; x_wconf 74' lang='grc'><strong>54.</strong></span> <span class='ocrx_word' id='word_1_412' title='bbox 366 4471 426 4525; x_wconf 87' lang='lat'>&#39;0</span> <span class='ocrx_word' id='word_1_413' title='bbox 456 4470 774 4543; x_wconf 75' lang='grc' dir='ltr'>ἐπουράνιος</span> <span class='ocrx_word' id='word_1_414' title='bbox 810 4468 974 4540; x_wconf 81' lang='grc' dir='ltr'>ἄρτος</span> <span class='ocrx_word' id='word_1_415' title='bbox 1003 4464 1077 4537; x_wconf 89' lang='grc'>(6)</span> <span class='ocrx_word' id='word_1_416' title='bbox 1116 4466 1144 4517; x_wconf 87' lang='grc' dir='ltr'><strong>ὀ</strong></span> <span class='ocrx_word' id='word_1_417' title='bbox 1194 4462 1397 4533; x_wconf 83' lang='grc' dir='ltr'>Κύριος</span> <span class='ocrx_word' id='word_1_418' title='bbox 1421 4461 1578 4533; x_wconf 80' lang='grc' dir='ltr'>ἡμῶν</span> <span class='ocrx_word' id='word_1_419' title='bbox 1635 4462 1736 4532; x_wconf 84' lang='grc' dir='ltr'>’1η-</span> 
     </span>
    </p>
   </div>
   <div class='ocr_carea' id='block_1_69' title="bbox 1916 3250 3402 3324">
    <p class='ocr_par' dir='ltr' id='par_1_69' title="bbox 1916 3250 3402 3324">
     <span class='ocr_line' id='line_1_69' title="bbox 1916 3250 3402 3324; baseline -0.007 -11"><span class='ocrx_word' id='word_1_420' title='bbox 1916 3260 2006 3315; x_wconf 76' lang='grc'><strong>26.</strong></span> <span class='ocrx_word' id='word_1_421' title='bbox 2030 3259 2074 3313; x_wconf 85' lang='grc' dir='ltr'><strong>Ε</strong></span> <span class='ocrx_word' id='word_1_422' title='bbox 2100 3256 2279 3312; x_wconf 88' lang='lat' dir='ltr'><strong>medio</strong></span> <span class='ocrx_word' id='word_1_423' title='bbox 2301 3254 2549 3313; x_wconf 89' lang='lat' dir='ltr'><strong>cordium</strong></span> <span class='ocrx_word' id='word_1_424' title='bbox 2582 3268 2808 3309; x_wconf 90' lang='lat' dir='ltr'><strong>suorum</strong></span> <span class='ocrx_word' id='word_1_425' title='bbox 2850 3250 3229 3324; x_wconf 85' lang='lat' dir='ltr'><strong>gloriﬁcabunt</strong></span> <span class='ocrx_word' id='word_1_426' title='bbox 3258 3265 3402 3304; x_wconf 89' lang='lat' dir='ltr'><strong>eum.</strong></span> 
     </span>
    </p>
   </div>
   <div class='ocr_carea' id='block_1_70' title="bbox 1915 3428 2895 3503">
    <p class='ocr_par' dir='ltr' id='par_1_70' title="bbox 1915 3428 2895 3503">
     <span class='ocr_line' id='line_1_70' title="bbox 1915 3428 2895 3503; baseline -0.009 -14"><span class='ocrx_word' id='word_1_427' title='bbox 1915 3433 2007 3491; x_wconf 69' lang='lat'>27.</span> <span class='ocrx_word' id='word_1_428' title='bbox 2038 3431 2242 3503; x_wconf 81' lang='lat' dir='ltr'><strong>Rigans</strong></span> <span class='ocrx_word' id='word_1_429' title='bbox 2270 3440 2455 3501; x_wconf 83' lang='lat' dir='ltr'><strong>gentes</strong></span> <span class='ocrx_word' id='word_1_430' title='bbox 2482 3429 2548 3485; x_wconf 89' lang='lat' dir='ltr'>de</span> <span class='ocrx_word' id='word_1_431' title='bbox 2576 3428 2736 3484; x_wconf 89' lang='lat' dir='ltr'><strong>donis</strong></span> <span class='ocrx_word' id='word_1_432' title='bbox 2760 3428 2895 3483; x_wconf 87' lang='lat' dir='ltr'><strong>suis.</strong></span> 
     </span>
    </p>
   </div>
   <div class='ocr_carea' id='block_1_71' title="bbox 1913 3516 3405 3589">
    <p class='ocr_par' dir='ltr' id='par_1_71' title="bbox 1913 3516 3405 3589">
     <span class='ocr_line' id='line_1_71' title="bbox 1913 3516 3405 3589; baseline -0.005 -10"><span class='ocrx_word' id='word_1_433' title='bbox 1913 3524 2002 3580; x_wconf 81' lang='lat'>28.</span> <span class='ocrx_word' id='word_1_434' title='bbox 2038 3524 2222 3581; x_wconf 86' lang='lat' dir='ltr'><strong>Gratia</strong></span> <span class='ocrx_word' id='word_1_435' title='bbox 2250 3525 2627 3579; x_wconf 89' lang='lat' dir='ltr'><strong>mandatorum</strong></span> <span class='ocrx_word' id='word_1_436' title='bbox 2661 3532 2875 3575; x_wconf 89' lang='lat' dir='ltr'><strong>tuorum</strong></span> <span class='ocrx_word' id='word_1_437' title='bbox 2902 3516 3405 3589; x_wconf 81' lang='lat' dir='ltr'><strong>implebunturani—</strong></span> 
     </span>
    </p>
   </div>
   <div class='ocr_carea' id='block_1_72' title="bbox 1843 3618 2239 3687">
    <p class='ocr_par' dir='ltr' id='par_1_72' title="bbox 1843 3618 2239 3687">
     <span class='ocr_line' id='line_1_72' title="bbox 1843 3618 2239 3687; baseline -0.005 -16"><span class='ocrx_word' id='word_1_438' title='bbox 1843 3633 1947 3671; x_wconf 73' lang='lat' dir='ltr'><strong>ma:</strong></span> <span class='ocrx_word' id='word_1_439' title='bbox 1977 3618 2239 3687; x_wconf 86' lang='lat' dir='ltr'><strong>gentium.</strong></span> 
     </span>
    </p>
   </div>
   <div class='ocr_carea' id='block_1_73' title="bbox 1910 3702 3175 3771">
    <p class='ocr_par' dir='ltr' id='par_1_73' title="bbox 1910 3702 3175 3771">
     <span class='ocr_line' id='line_1_73' title="bbox 1910 3702 3175 3771; baseline -0.003 -12"><span class='ocrx_word' id='word_1_440' title='bbox 1910 3706 2001 3762; x_wconf 80' lang='grc'><strong>29.</strong></span> <span class='ocrx_word' id='word_1_441' title='bbox 2033 3705 2362 3761; x_wconf 84' lang='lat' dir='ltr'><strong>Marcescere</strong></span> <span class='ocrx_word' id='word_1_442' title='bbox 2393 3705 2596 3760; x_wconf 78' lang='lat' dir='ltr'><strong>faciens</strong></span> <span class='ocrx_word' id='word_1_443' title='bbox 2623 3703 2838 3758; x_wconf 85' lang='lat' dir='ltr'><strong>divitias</strong></span> <span class='ocrx_word' id='word_1_444' title='bbox 2865 3702 3175 3771; x_wconf 84' lang='lat' dir='ltr'><strong>impiorum.</strong></span> 
     </span>
    </p>
   </div>
   <div class='ocr_carea' id='block_1_74' title="bbox 1913 3789 3403 3862">
    <p class='ocr_par' dir='ltr' id='par_1_74' title="bbox 1913 3789 3403 3862">
     <span class='ocr_line' id='line_1_74' title="bbox 1913 3789 3403 3862; baseline -0.005 -12"><span class='ocrx_word' id='word_1_445' title='bbox 1913 3795 2000 3850; x_wconf 88' lang='lat'><strong>30.</strong></span> <span class='ocrx_word' id='word_1_446' title='bbox 2025 3794 2090 3848; x_wconf 89' lang='lat' dir='ltr'><strong>Et</strong></span> <span class='ocrx_word' id='word_1_447' title='bbox 2130 3795 2330 3850; x_wconf 67' lang='lat' dir='ltr'><strong>exoriri</strong></span> <span class='ocrx_word' id='word_1_448' title='bbox 2380 3794 2583 3850; x_wconf 84' lang='lat' dir='ltr'><strong>faciens</strong></span> <span class='ocrx_word' id='word_1_449' title='bbox 2611 3801 2873 3862; x_wconf 65' lang='lat' dir='ltr'><strong>praecepta</strong></span> <span class='ocrx_word' id='word_1_450' title='bbox 2912 3806 3009 3845; x_wconf 88' lang='lat' dir='ltr'>sua</span> <span class='ocrx_word' id='word_1_451' title='bbox 3051 3789 3269 3853; x_wconf 87' lang='lat' dir='ltr'><strong>animis,</strong></span> <span class='ocrx_word' id='word_1_452' title='bbox 3320 3789 3403 3842; x_wconf 83' lang='lat' dir='ltr'><strong>in-</strong></span> 
     </span>
    </p>
   </div>
   <div class='ocr_carea' id='block_1_75' title="bbox 1844 3882 3159 3957">
    <p class='ocr_par' dir='ltr' id='par_1_75' title="bbox 1844 3882 3159 3957">
     <span class='ocr_line' id='line_1_75' title="bbox 1844 3882 3159 3957; baseline -0.006 -16"><span class='ocrx_word' id='word_1_453' title='bbox 1844 3887 2120 3956; x_wconf 87' lang='lat' dir='ltr'><strong>ternisque</strong></span> <span class='ocrx_word' id='word_1_454' title='bbox 2142 3886 2393 3942; x_wconf 85' lang='lat' dir='ltr'><strong>sensibus</strong></span> <span class='ocrx_word' id='word_1_455' title='bbox 2421 3884 2825 3957; x_wconf 89' lang='lat' dir='ltr'><strong>agnoscentium</strong></span> <span class='ocrx_word' id='word_1_456' title='bbox 2855 3882 3159 3937; x_wconf 82' lang='lat' dir='ltr'><strong>veritatem.</strong></span> 
     </span>
    </p>
   </div>
   <div class='ocr_carea' id='block_1_76' title="bbox 1911 4057 2912 4132">
    <p class='ocr_par' dir='ltr' id='par_1_76' title="bbox 1911 4057 2912 4132">
     <span class='ocr_line' id='line_1_76' title="bbox 1911 4057 2912 4132; baseline -0.006 -16"><span class='ocrx_word' id='word_1_457' title='bbox 1911 4062 2001 4116; x_wconf 77' lang='lat' dir='ltr'>3i.</span> <span class='ocrx_word' id='word_1_458' title='bbox 2040 4060 2524 4132; x_wconf 85' lang='lat' dir='ltr'><strong>Congregationem</strong></span> <span class='ocrx_word' id='word_1_459' title='bbox 2551 4057 2912 4113; x_wconf 82' lang='lat' dir='ltr'><strong>credentium.</strong></span> 
     </span>
    </p>
   </div>
   <div class='ocr_carea' id='block_1_77' title="bbox 1911 4151 2725 4220">
    <p class='ocr_par' dir='ltr' id='par_1_77' title="bbox 1911 4151 2725 4220">
     <span class='ocr_line' id='line_1_77' title="bbox 1911 4151 2725 4220; baseline -0.001 -12"><span class='ocrx_word' id='word_1_460' title='bbox 1911 4155 2000 4209; x_wconf 80' lang='grc'>52.</span> <span class='ocrx_word' id='word_1_461' title='bbox 2040 4154 2301 4211; x_wconf 91' lang='lat' dir='ltr'><strong>Dominus</strong></span> <span class='ocrx_word' id='word_1_462' title='bbox 2329 4163 2521 4220; x_wconf 41' lang='lat' dir='ltr'><strong>noster.</strong></span> <span class='ocrx_word' id='word_1_463' title='bbox 2542 4151 2725 4208; x_wconf 81' lang='lat' dir='ltr'><strong>Jesus.</strong></span> 
     </span>
    </p>
   </div>
   <div class='ocr_carea' id='block_1_78' title="bbox 1909 4238 3398 4316">
    <p class='ocr_par' dir='ltr' id='par_1_78' title="bbox 1909 4238 3398 4316">
     <span class='ocr_line' id='line_1_78' title="bbox 1909 4238 3398 4316; baseline -0.006 -15"><span class='ocrx_word' id='word_1_464' title='bbox 1909 4246 2001 4301; x_wconf 85' lang='lat'>33.</span> <span class='ocrx_word' id='word_1_465' title='bbox 2027 4245 2098 4301; x_wconf 92' lang='lat' dir='ltr'><strong>Ut</strong></span> <span class='ocrx_word' id='word_1_466' title='bbox 2125 4247 2344 4316; x_wconf 88' lang='lat' dir='ltr'><strong>impleat</strong></span> <span class='ocrx_word' id='word_1_467' title='bbox 2368 4245 2535 4316; x_wconf 84' lang='lat' dir='ltr'><strong>gratia</strong></span> <span class='ocrx_word' id='word_1_468' title='bbox 2568 4259 2665 4299; x_wconf 82' lang='lat' dir='ltr'>sua</span> <span class='ocrx_word' id='word_1_469' title='bbox 2704 4257 2795 4298; x_wconf 86' lang='lat' dir='ltr'>cor</span> <span class='ocrx_word' id='word_1_470' title='bbox 2822 4240 3067 4296; x_wconf 89' lang='lat' dir='ltr'><strong>omnium</strong></span> <span class='ocrx_word' id='word_1_471' title='bbox 3095 4240 3151 4293; x_wconf 87' lang='lat' dir='ltr'>in</span> <span class='ocrx_word' id='word_1_472' title='bbox 3185 4238 3398 4293; x_wconf 84' lang='lat' dir='ltr'><strong>miseri-</strong></span> 
     </span>
    </p>
   </div>
   <div class='ocr_carea' id='block_1_79' title="bbox 1839 4336 2242 4405">
    <p class='ocr_par' dir='ltr' id='par_1_79' title="bbox 1839 4336 2242 4405">
     <span class='ocr_line' id='line_1_79' title="bbox 1839 4336 2242 4405; baseline 0 -16"><span class='ocrx_word' id='word_1_473' title='bbox 1839 4336 2023 4390; x_wconf 90' lang='lat' dir='ltr'><strong>cordia</strong></span> <span class='ocrx_word' id='word_1_474' title='bbox 2051 4336 2242 4405; x_wconf 88' lang='lat' dir='ltr'><strong>ipsius.</strong></span> 
     </span>
    </p>
   </div>
   <div class='ocr_carea' id='block_1_80' title="bbox 1906 4416 3328 4497">
    <p class='ocr_par' dir='ltr' id='par_1_80' title="bbox 1906 4416 3328 4497">
     <span class='ocr_line' id='line_1_80' title="bbox 1906 4416 3328 4497; baseline -0.006 -16"><span class='ocrx_word' id='word_1_475' title='bbox 1906 4426 1994 4481; x_wconf 75' lang='grc'>54.</span> <span class='ocrx_word' id='word_1_476' title='bbox 2028 4425 2436 4497; x_wconf 72' lang='lat' dir='ltr'><strong>Supercmlestis</strong></span> <span class='ocrx_word' id='word_1_477' title='bbox 2458 4424 2614 4495; x_wconf 89' lang='lat' dir='ltr'><strong>panis</strong></span> <span class='ocrx_word' id='word_1_478' title='bbox 2645 4420 2906 4477; x_wconf 89' lang='lat' dir='ltr'><strong>Dominus</strong></span> <span class='ocrx_word' id='word_1_479' title='bbox 2937 4427 3121 4475; x_wconf 90' lang='lat' dir='ltr'><strong>noster</strong></span> <span class='ocrx_word' id='word_1_480' title='bbox 3148 4416 3328 4474; x_wconf 71' lang='lat' dir='ltr'><strong>Iesus.</strong></span> 
     </span>
    </p>
   </div>
   <div class='ocr_carea' id='block_1_81' title="bbox 158 4584 312 4620">
    <p class='ocr_par' dir='ltr' id='par_1_81' title="bbox 158 4584 312 4620">
     <span class='ocr_line' id='line_1_81' title="bbox 158 4584 312 4620; baseline -0.006 -1"><span class='ocrx_word' id='word_1_481' title='bbox 158 4584 312 4620; x_wconf 76' lang='grc' dir='ltr'>σους.</span> 
     </span>
    </p>
   </div>
   <div class='ocr_carea' id='block_1_82' title="bbox 226 4583 1813 4740">
    <p class='ocr_par' dir='ltr' id='par_1_82' title="bbox 226 4583 1810 4740">
     <span class='ocr_line' id='line_1_82' title="bbox 226 4583 1810 4740; baseline -0.009 -28"><span class='ocrx_word' id='word_1_482' title='bbox 226 4583 319 4711; x_wconf 52' lang='grc' dir='ltr'>ἓ.</span> <span class='ocrx_word' id='word_1_483' title='bbox 357 4655 429 4708; x_wconf 82' lang='grc' dir='ltr'>Τὸ</span> <span class='ocrx_word' id='word_1_484' title='bbox 460 4654 658 4725; x_wconf 82' lang='grc' dir='ltr'>πλῆθος</span> <span class='ocrx_word' id='word_1_485' title='bbox 690 4652 795 4707; x_wconf 92' lang='grc' dir='ltr'>τῶν</span> <span class='ocrx_word' id='word_1_486' title='bbox 844 4650 1013 4720; x_wconf 85' lang='grc' dir='ltr'>ἁγίων</span> <span class='ocrx_word' id='word_1_487' title='bbox 1046 4648 1153 4702; x_wconf 87' lang='grc' dir='ltr'>τῶν</span> <span class='ocrx_word' id='word_1_488' title='bbox 1185 4647 1259 4719; x_wconf 88' lang='lat'>(7)</span> <span class='ocrx_word' id='word_1_489' title='bbox 1299 4644 1505 4717; x_wconf 86' lang='grc' dir='ltr'>πλῆρες</span> <span class='ocrx_word' id='word_1_490' title='bbox 1558 4643 1731 4713; x_wconf 78' lang='grc' dir='ltr'>ἔργων</span> <span class='ocrx_word' id='word_1_491' title='bbox 1766 4686 1810 4740; x_wconf 78' lang='lat' dir='ltr'>D</span> 
     </span>
    </p>
   </div>
   <div class='ocr_carea' id='block_1_83' title="bbox 1811 4583 3398 4740">
    <p class='ocr_par' dir='ltr' id='par_1_83' title="bbox 1910 4640 3398 4714">
     <span class='ocr_line' id='line_1_83' title="bbox 1910 4640 3398 4714; baseline -0.002 -16"><span class='ocrx_word' id='word_1_492' title='bbox 1910 4644 1997 4698; x_wconf 83' lang='lat'><strong>35.</strong></span> <span class='ocrx_word' id='word_1_493' title='bbox 2032 4644 2320 4701; x_wconf 80' lang='lat' dir='ltr'><strong>Multitudo</strong></span> <span class='ocrx_word' id='word_1_494' title='bbox 2374 4655 2685 4701; x_wconf 87' lang='lat' dir='ltr'><strong>sanctorum</strong></span> <span class='ocrx_word' id='word_1_495' title='bbox 2742 4643 2895 4714; x_wconf 88' lang='lat' dir='ltr'><strong>plena</strong></span> <span class='ocrx_word' id='word_1_496' title='bbox 2940 4640 3193 4712; x_wconf 88' lang='lat' dir='ltr'><strong>operibus</strong></span> <span class='ocrx_word' id='word_1_497' title='bbox 3242 4640 3398 4695; x_wconf 81' lang='lat' dir='ltr'><strong>bonis</strong></span> 
     </span>
    </p>
   </div>
   <div class='ocr_carea' id='block_1_84' title="bbox 152 4736 1739 4820">
    <p class='ocr_par' dir='ltr' id='par_1_84' title="bbox 152 4739 1400 4820">
     <span class='ocr_line' id='line_1_84' title="bbox 152 4739 1400 4820; baseline -0.01 -16"><span class='ocrx_word' id='word_1_498' title='bbox 152 4749 380 4820; x_wconf 89' lang='grc' dir='ltr'>ἀγαθῶν</span> <span class='ocrx_word' id='word_1_499' title='bbox 411 4746 834 4818; x_wconf 84' lang='grc' dir='ltr'>χορτασθήσεται</span> <span class='ocrx_word' id='word_1_500' title='bbox 853 4744 951 4813; x_wconf 84' lang='grc' dir='ltr'>τῆς</span> <span class='ocrx_word' id='word_1_501' title='bbox 971 4742 1192 4813; x_wconf 80' lang='grc' dir='ltr'>χάριτος</span> <span class='ocrx_word' id='word_1_502' title='bbox 1213 4739 1400 4793; x_wconf 81' lang='grc' dir='ltr'>αὑτοῦ.</span> 
     </span>
    </p>
   </div>
   <div class='ocr_carea' id='block_1_85' title="bbox 969 4736 2556 4820">
    <p class='ocr_par' dir='ltr' id='par_1_85' title="bbox 971 4736 2556 4813">
     <span class='ocr_line' id='line_1_85' title="bbox 971 4736 2556 4813; baseline -0.002 -19"><span class='ocrx_word' id='word_1_503' title='bbox 971 4742 1192 4813; x_wconf 81' lang='grc' dir='ltr'>χάριτος</span> <span class='ocrx_word' id='word_1_504' title='bbox 1213 4739 1400 4793; x_wconf 82' lang='grc' dir='ltr'>αὑτοῦ.</span> <span class='ocrx_word' id='word_1_505' title='bbox 1767 4736 1799 4740; x_wconf 56' lang='grc'><em>⁷</em></span> <span class='ocrx_word' id='word_1_506' title='bbox 1839 4736 2126 4791; x_wconf 86' lang='lat' dir='ltr'><strong>satiabitur</strong></span> <span class='ocrx_word' id='word_1_507' title='bbox 2152 4739 2325 4810; x_wconf 84' lang='lat' dir='ltr'><strong>gratia</strong></span> <span class='ocrx_word' id='word_1_508' title='bbox 2366 4738 2556 4807; x_wconf 89' lang='lat' dir='ltr'><strong>ipsius.</strong></span> 
     </span>
    </p>
   </div>
   <div class='ocr_carea' id='block_1_86' title="bbox 220 4822 1807 4907">
    <p class='ocr_par' dir='ltr' id='par_1_86' title="bbox 220 4828 1731 4907">
     <span class='ocr_line' id='line_1_86' title="bbox 220 4828 1731 4907; baseline -0.012 -10"><span class='ocrx_word' id='word_1_509' title='bbox 220 4842 311 4897; x_wconf 85' lang='lat'>36.</span> <span class='ocrx_word' id='word_1_510' title='bbox 340 4843 403 4895; x_wconf 83' lang='grc' dir='ltr'>Οί</span> <span class='ocrx_word' id='word_1_511' title='bbox 434 4839 585 4895; x_wconf 71' lang='grc' dir='ltr'>αὐτοὶ</span> <span class='ocrx_word' id='word_1_512' title='bbox 610 4839 751 4907; x_wconf 82' lang='grc' dir='ltr'>ἆγιοι</span> <span class='ocrx_word' id='word_1_513' title='bbox 777 4837 1029 4907; x_wconf 85' lang='grc' dir='ltr'>ἀσηπτοι,</span> <span class='ocrx_word' id='word_1_514' title='bbox 1058 4834 1149 4886; x_wconf 75' lang='grc' dir='ltr'>καὶ</span> <span class='ocrx_word' id='word_1_515' title='bbox 1178 4832 1410 4905; x_wconf 71' lang='grc' dir='ltr'>καθαροὶ</span> <span class='ocrx_word' id='word_1_516' title='bbox 1440 4833 1505 4901; x_wconf 81' lang='grc' dir='ltr'>τῇ</span> <span class='ocrx_word' id='word_1_517' title='bbox 1533 4828 1731 4899; x_wconf 79' lang='grc' dir='ltr'>καρδίᾳ</span> 
     </span>
    </p>
   </div>
   <div class='ocr_carea' id='block_1_87' title="bbox 1809 4822 3396 4907">
    <p class='ocr_par' dir='ltr' id='par_1_87' title="bbox 1904 4822 3396 4899">
     <span class='ocr_line' id='line_1_87' title="bbox 1904 4822 3396 4899; baseline -0.003 -18"><span class='ocrx_word' id='word_1_518' title='bbox 1904 4827 1987 4881; x_wconf 84' lang='grc'><strong>56.</strong></span> <span class='ocrx_word' id='word_1_519' title='bbox 2017 4828 2123 4899; x_wconf 89' lang='lat' dir='ltr'><strong>Ipsi</strong></span> <span class='ocrx_word' id='word_1_520' title='bbox 2163 4831 2335 4885; x_wconf 87' lang='lat' dir='ltr'><strong>sancti</strong></span> <span class='ocrx_word' id='word_1_521' title='bbox 2384 4826 2846 4895; x_wconf 90' lang='lat' dir='ltr'><strong>incorruptibiles,</strong></span> <span class='ocrx_word' id='word_1_522' title='bbox 2898 4833 2953 4880; x_wconf 91' lang='lat' dir='ltr'>et</span> <span class='ocrx_word' id='word_1_523' title='bbox 2999 4823 3183 4878; x_wconf 91' lang='lat' dir='ltr'><strong>mundi</strong></span> <span class='ocrx_word' id='word_1_524' title='bbox 3231 4822 3396 4878; x_wconf 90' lang='lat' dir='ltr'><strong>corde</strong></span> 
     </span>
    </p>
   </div>
   <div class='ocr_carea' id='block_1_88' title="bbox 150 4914 1737 5001">
    <p class='ocr_par' dir='ltr' id='par_1_88' title="bbox 150 4923 1731 5001">
     <span class='ocr_line' id='line_1_88' title="bbox 150 4923 1731 5001; baseline -0.008 -15"><span class='ocrx_word' id='word_1_525' title='bbox 150 4937 202 4987; x_wconf 84' lang='grc' dir='ltr'>οἱ</span> <span class='ocrx_word' id='word_1_526' title='bbox 224 4932 580 5001; x_wconf 80' lang='grc' dir='ltr'>φυτευθέντες</span> <span class='ocrx_word' id='word_1_527' title='bbox 600 4932 656 4983; x_wconf 83' lang='grc' dir='ltr'>ὲν</span> <span class='ocrx_word' id='word_1_528' title='bbox 698 4930 764 4999; x_wconf 76' lang='grc' dir='ltr'>τῇ</span> <span class='ocrx_word' id='word_1_529' title='bbox 807 4926 985 4980; x_wconf 88' lang='grc' dir='ltr'>πίστει</span> <span class='ocrx_word' id='word_1_530' title='bbox 1012 4924 1159 4995; x_wconf 71' lang='grc' dir='ltr'>παρὰ</span> <span class='ocrx_word' id='word_1_531' title='bbox 1211 4924 1305 4978; x_wconf 86' lang='grc' dir='ltr'>τοῦ</span> <span class='ocrx_word' id='word_1_532' title='bbox 1358 4924 1582 4995; x_wconf 80' lang='grc' dir='ltr'>Κυρίου.</span> <span class='ocrx_word' id='word_1_533' title='bbox 1629 4923 1731 4977; x_wconf 83' lang='grc' dir='ltr'>Λί-</span> 
     </span>
    </p>
   </div>
   <div class='ocr_carea' id='block_1_89' title="bbox 1807 4914 3394 5001">
    <p class='ocr_par' dir='ltr' id='par_1_89' title="bbox 1833 4914 3394 4987">
     <span class='ocr_line' id='line_1_89' title="bbox 1833 4914 3394 4987; baseline -0.003 -16"><span class='ocrx_word' id='word_1_534' title='bbox 1833 4918 2057 4987; x_wconf 88' lang='lat' dir='ltr'><strong>plantati</strong></span> <span class='ocrx_word' id='word_1_535' title='bbox 2086 4922 2138 4974; x_wconf 94' lang='lat' dir='ltr'>in</span> <span class='ocrx_word' id='word_1_536' title='bbox 2167 4921 2272 4975; x_wconf 84' lang='lat' dir='ltr'><strong>fide</strong></span> <span class='ocrx_word' id='word_1_537' title='bbox 2297 4936 2327 4975; x_wconf 90' lang='lat' dir='ltr'>a</span> <span class='ocrx_word' id='word_1_538' title='bbox 2350 4919 2599 4974; x_wconf 88' lang='lat' dir='ltr'><strong>Domino.</strong></span> <span class='ocrx_word' id='word_1_539' title='bbox 2630 4918 2861 4972; x_wconf 74' lang='lat' dir='ltr'><strong>Libanus</strong></span> <span class='ocrx_word' id='word_1_540' title='bbox 2896 4917 3039 4970; x_wconf 91' lang='lat' dir='ltr'><strong>enim</strong></span> <span class='ocrx_word' id='word_1_541' title='bbox 3072 4914 3394 4983; x_wconf 85' lang='lat' dir='ltr'><strong>interpreta-</strong></span> 
     </span>
    </p>
   </div>
   <div class='ocr_carea' id='block_1_90' title="bbox 152 5003 1739 5092">
    <p class='ocr_par' dir='ltr' id='par_1_90' title="bbox 152 5013 1730 5092">
     <span class='ocr_line' id='line_1_90' title="bbox 152 5013 1730 5092; baseline -0.008 -14"><span class='ocrx_word' id='word_1_542' title='bbox 152 5028 337 5089; x_wconf 74' lang='grc' dir='ltr'>6ανος</span> <span class='ocrx_word' id='word_1_543' title='bbox 386 5022 492 5092; x_wconf 80' lang='grc' dir='ltr'>γὰρ</span> <span class='ocrx_word' id='word_1_544' title='bbox 535 5016 878 5086; x_wconf 72' lang='grc' dir='ltr'>λευκασμὸς</span> <span class='ocrx_word' id='word_1_545' title='bbox 920 5014 1297 5087; x_wconf 81' lang='grc' dir='ltr'>ἑρμηνεύεται,</span> <span class='ocrx_word' id='word_1_546' title='bbox 1353 5016 1489 5085; x_wconf 81' lang='grc' dir='ltr'>ὅπερ</span> <span class='ocrx_word' id='word_1_547' title='bbox 1523 5014 1668 5067; x_wconf 77' lang='grc' dir='ltr'>ἐστὶν</span> <span class='ocrx_word' id='word_1_548' title='bbox 1702 5013 1730 5065; x_wconf 86' lang='grc' dir='ltr'><em>ὁ</em></span> 
     </span>
    </p>
   </div>
   <div class='ocr_carea' id='block_1_91' title="bbox 1805 5003 3392 5092">
    <p class='ocr_par' dir='ltr' id='par_1_91' title="bbox 1832 5003 3392 5084">
     <span class='ocr_line' id='line_1_91' title="bbox 1832 5003 3392 5084; baseline -0.003 -22"><span class='ocrx_word' id='word_1_549' title='bbox 1832 5018 1923 5064; x_wconf 91' lang='lat' dir='ltr'>tur</span> <span class='ocrx_word' id='word_1_550' title='bbox 1962 5013 2249 5079; x_wconf 80' lang='lat' dir='ltr'><strong>dealbatio,</strong></span> <span class='ocrx_word' id='word_1_551' title='bbox 2280 5014 2427 5084; x_wconf 91' lang='lat' dir='ltr'><strong>quod</strong></span> <span class='ocrx_word' id='word_1_552' title='bbox 2470 5011 2724 5067; x_wconf 87' lang='lat' dir='ltr'><strong>convenit</strong></span> <span class='ocrx_word' id='word_1_553' title='bbox 2765 5008 3019 5074; x_wconf 89' lang='lat' dir='ltr'><strong>Domino,</strong></span> <span class='ocrx_word' id='word_1_554' title='bbox 3056 5008 3147 5077; x_wconf 90' lang='lat' dir='ltr'>qui</span> <span class='ocrx_word' id='word_1_555' title='bbox 3182 5003 3392 5060; x_wconf 84' lang='lat' dir='ltr'><strong>dealbat</strong></span> 
     </span>
    </p>
   </div>
   <div class='ocr_carea' id='block_1_92' title="bbox 150 5108 2042 5185">
    <p class='ocr_par' dir='ltr' id='par_1_92' title="bbox 150 5108 2042 5185">
     <span class='ocr_line' id='line_1_92' title="bbox 150 5108 2042 5185; baseline -0.006 -14"><span class='ocrx_word' id='word_1_556' title='bbox 150 5116 359 5185; x_wconf 79' lang='grc' dir='ltr'>Κύριος</span> <span class='ocrx_word' id='word_1_557' title='bbox 396 5118 423 5168; x_wconf 86' lang='grc' dir='ltr'>ὁ</span> <span class='ocrx_word' id='word_1_558' title='bbox 446 5112 742 5167; x_wconf 85' lang='grc' dir='ltr'>λευκαίνων</span> <span class='ocrx_word' id='word_1_559' title='bbox 763 5108 837 5179; x_wconf 89' lang='grc'>(8)</span> <span class='ocrx_word' id='word_1_560' title='bbox 874 5112 1099 5173; x_wconf 86' lang='grc' dir='ltr'>πάντας.</span> <span class='ocrx_word' id='word_1_561' title='bbox 1828 5116 2042 5160; x_wconf 90' lang='lat' dir='ltr'><strong>omnes.</strong></span> 
     </span>
    </p>
   </div>
   <div class='ocr_carea' id='block_1_93' title="bbox 222 5195 1809 5276">
    <p class='ocr_par' dir='ltr' id='par_1_93' title="bbox 222 5202 1159 5276">
     <span class='ocr_line' id='line_1_93' title="bbox 222 5202 1159 5276; baseline -0.006 -15"><span class='ocrx_word' id='word_1_562' title='bbox 222 5208 314 5262; x_wconf 87' lang='lat'>37.</span> <span class='ocrx_word' id='word_1_563' title='bbox 340 5207 420 5260; x_wconf 89' lang='grc' dir='ltr'>Τά</span> <span class='ocrx_word' id='word_1_564' title='bbox 450 5205 576 5276; x_wconf 81' lang='grc' dir='ltr'>ἔθνη</span> <span class='ocrx_word' id='word_1_565' title='bbox 609 5206 666 5258; x_wconf 77' lang='grc' dir='ltr'>ὲν</span> <span class='ocrx_word' id='word_1_566' title='bbox 694 5204 804 5264; x_wconf 85' lang='grc' dir='ltr'>τοῖς</span> <span class='ocrx_word' id='word_1_567' title='bbox 825 5202 1159 5265; x_wconf 84' lang='grc' dir='ltr'>ἀποστόλοις.</span> 
     </span>
    </p>
   </div>
   <div class='ocr_carea' id='block_1_94' title="bbox 1037 5195 2624 5276">
    <p class='ocr_par' dir='ltr' id='par_1_94' title="bbox 1037 5195 2624 5266">
     <span class='ocr_line' id='line_1_94' title="bbox 1037 5195 2624 5266; baseline -0.006 -11"><span class='ocrx_word' id='word_1_568' title='bbox 1037 5207 1159 5265; x_wconf 79' lang='grc' dir='ltr'>λοις.</span> <span class='ocrx_word' id='word_1_569' title='bbox 1901 5199 1989 5253; x_wconf 82' lang='grc'><strong>57.</strong></span> <span class='ocrx_word' id='word_1_570' title='bbox 2033 5197 2233 5253; x_wconf 87' lang='lat' dir='ltr'><strong>Gentes</strong></span> <span class='ocrx_word' id='word_1_571' title='bbox 2258 5198 2313 5251; x_wconf 93' lang='lat' dir='ltr'>in</span> <span class='ocrx_word' id='word_1_572' title='bbox 2342 5195 2624 5266; x_wconf 87' lang='lat' dir='ltr'><strong>apostolis.</strong></span> 
     </span>
    </p>
   </div>
   <div class='ocr_carea' id='block_1_95' title="bbox 1103 5353 2445 5436">
    <p class='ocr_par' dir='ltr' id='par_1_95' title="bbox 1103 5353 2445 5436">
     <span class='ocr_line' id='line_1_95' title="bbox 1103 5353 2445 5436; baseline -0.001 -17"><span class='ocrx_word' id='word_1_573' title='bbox 1103 5359 1408 5421; x_wconf 79' lang='lat' dir='ltr'><strong>Addenda</strong></span> <span class='ocrx_word' id='word_1_574' title='bbox 1464 5364 1524 5420; x_wconf 88' lang='lat' dir='ltr'>et</span> <span class='ocrx_word' id='word_1_575' title='bbox 1556 5355 1929 5436; x_wconf 79' lang='lat' dir='ltr'><strong>corrigenda</strong></span> <span class='ocrx_word' id='word_1_576' title='bbox 1959 5373 2039 5419; x_wconf 79' lang='lat' dir='ltr'><strong>ex</strong></span> <span class='ocrx_word' id='word_1_577' title='bbox 2069 5355 2209 5417; x_wconf 90' lang='lat' dir='ltr'><strong>cod.</strong></span> <span class='ocrx_word' id='word_1_578' title='bbox 2244 5353 2445 5417; x_wconf 85' lang='lat' dir='ltr'><strong>Vatic.</strong></span> 
     </span>
    </p>
   </div>
   <div class='ocr_carea' id='block_1_96' title="bbox 224 5483 1811 5561">
    <p class='ocr_par' dir='ltr' id='par_1_96' title="bbox 224 5490 1321 5561">
     <span class='ocr_line' id='line_1_96' title="bbox 224 5490 1321 5561; baseline -0.002 -16"><span class='ocrx_word' id='word_1_579' title='bbox 224 5494 299 5561; x_wconf 89' lang='grc'><strong>(1)</strong></span> <span class='ocrx_word' id='word_1_580' title='bbox 328 5490 655 5560; x_wconf 79' lang='grc' dir='ltr'>Εὐαγγελίου</span> <span class='ocrx_word' id='word_1_581' title='bbox 688 5491 1006 5561; x_wconf 84' lang='grc' dir='ltr'>ποιήσαντες</span> <span class='ocrx_word' id='word_1_582' title='bbox 1036 5491 1187 5553; x_wconf 68' lang='grc' dir='ltr'>πᾶσι,</span> <span class='ocrx_word' id='word_1_583' title='bbox 1218 5500 1321 5545; x_wconf 83' lang='lat' dir='ltr'><strong>etc.</strong></span> 
     </span>
    </p>
   </div>
   <div class='ocr_carea' id='block_1_97' title="bbox 920 5483 2507 5561">
    <p class='ocr_par' dir='ltr' id='par_1_97' title="bbox 920 5483 2507 5561">
     <span class='ocr_line' id='line_1_97' title="bbox 920 5483 2507 5561; baseline -0.004 -20"><span class='ocrx_word' id='word_1_584' title='bbox 920 5507 1006 5552; x_wconf 84' lang='grc' dir='ltr'>τες</span> <span class='ocrx_word' id='word_1_585' title='bbox 1036 5491 1187 5553; x_wconf 68' lang='grc' dir='ltr'>πᾶσι,</span> <span class='ocrx_word' id='word_1_586' title='bbox 1218 5500 1321 5545; x_wconf 87' lang='lat' dir='ltr'><strong>etc.</strong></span> <span class='ocrx_word' id='word_1_587' title='bbox 1994 5485 2167 5561; x_wconf 47' lang='grc' dir='ltr'>ῥύτὸς</span> <span class='ocrx_word' id='word_1_588' title='bbox 2186 5499 2289 5561; x_wconf 80' lang='lat' dir='ltr'><strong>_pro</strong></span> <span class='ocrx_word' id='word_1_589' title='bbox 2321 5483 2507 5552; x_wconf 73' lang='grc' dir='ltr'>ἄρτος.</span> 
     </span>
    </p>
   </div>
   <div class='ocr_carea' id='block_1_98' title="bbox 221 5536 3386 5631">
    <p class='ocr_par' dir='ltr' id='par_1_98' title="bbox 221 5536 3386 5631">
     <span class='ocr_line' id='line_1_98' title="bbox 221 5536 3386 5631; baseline -0.009 -7"><span class='ocrx_word' id='word_1_590' title='bbox 323 5536 907 5616; x_wconf 30' lang='lat' dir='ltr'>unum</span> <span class='ocrx_word' id='word_1_591' title='bbox 929 5536 1004 5552; x_wconf 45' lang='grc' dir='ltr'>η’</span> <span class='ocrx_word' id='word_1_592' title='bbox 1221 5536 1321 5545; x_wconf 46' lang='lat'>“&#39;-</span> <span class='ocrx_word' id='word_1_593' title='bbox 1993 5536 2065 5607; x_wconf 66' lang='grc' dir='ltr'>Τό</span> <span class='ocrx_word' id='word_1_594' title='bbox 2088 5536 2372 5624; x_wconf 37' lang='grc' dir='ltr'>πλῆρεςξ</span> <span class='ocrx_word' id='word_1_595' title='bbox 2405 5536 2533 5619; x_wconf 80' lang='lat' dir='ltr'><strong>etc.,</strong></span> <span class='ocrx_word' id='word_1_596' title='bbox 2568 5548 3033 5622; x_wconf 82' lang='grc' dir='ltr'>χορτασθήσονται</span> <span class='ocrx_word' id='word_1_597' title='bbox 3080 5544 3179 5615; x_wconf 81' lang='grc' dir='ltr'>τῆς</span> <span class='ocrx_word' id='word_1_598' title='bbox 3226 5536 3386 5616; x_wconf 65' lang='grc' dir='ltr'>χάρι-</span> 
     </span>
    </p>
   </div>
   <div class='ocr_carea' id='block_1_99' title="bbox 220 5626 2046 5769">
    <p class='ocr_par' dir='ltr' id='par_1_99' title="bbox 220 5626 2046 5769">
     <span class='ocr_line' id='line_1_99' title="bbox 220 5626 2046 5699; baseline -0.004 -14"><span class='ocrx_word' id='word_1_599' title='bbox 220 5626 277 5699; x_wconf 74' lang='grc'>(5</span> <span class='ocrx_word' id='word_1_600' title='bbox 327 5634 431 5685; x_wconf 71' lang='grc' dir='ltr'>Τὸν</span> <span class='ocrx_word' id='word_1_601' title='bbox 462 5631 613 5683; x_wconf 68' lang='grc' dir='ltr'>Θεὸν.</span> <span class='ocrx_word' id='word_1_602' title='bbox 1810 5626 1902 5689; x_wconf 83' lang='grc' dir='ltr'>τός</span> <span class='ocrx_word' id='word_1_603' title='bbox 1932 5643 2046 5679; x_wconf 89' lang='grc' dir='ltr'>σου.</span> 
     </span>
     <span class='ocr_line' id='line_1_100' title="bbox 220 5634 2046 5769; baseline -0.004 -14"><span class='ocrx_word' id='word_1_604' title='bbox 220 5634 298 5769; x_wconf 49' lang='grc' dir='ltr'>(ιζ</span> <span class='ocrx_word' id='word_1_605' title='bbox 333 5705 492 5769; x_wconf 87' lang='grc' dir='ltr'>Ὀρη.</span> <span class='ocrx_word' id='word_1_606' title='bbox 915 5768 922 5769; x_wconf 17' lang='lat'><em>7</em></span> <span class='ocrx_word' id='word_1_607' title='bbox 1890 5695 1964 5769; x_wconf 82' lang='grc'>(8)</span> <span class='ocrx_word' id='word_1_608' title='bbox 1994 5698 2046 5750; x_wconf 76' lang='lat' dir='ltr'><strong>At</strong></span> 
     </span>
    </p>
   </div>
   <div class='ocr_carea' id='block_1_100' title="bbox 333 5694 2322 5773">
    <p class='ocr_par' dir='ltr' id='par_1_100' title="bbox 333 5694 2322 5773">
     <span class='ocr_line' id='line_1_101' title="bbox 333 5694 2322 5773; baseline -0.004 -18"><span class='ocrx_word' id='word_1_609' title='bbox 333 5705 492 5773; x_wconf 87' lang='grc' dir='ltr'>Ὀρη.</span> <span class='ocrx_word' id='word_1_610' title='bbox 652 5770 661 5773; x_wconf 87' lang='lat'>_</span> <span class='ocrx_word' id='word_1_611' title='bbox 802 5770 811 5773; x_wconf 86' lang='lat'><em>_</em></span> <span class='ocrx_word' id='word_1_612' title='bbox 834 5769 847 5773; x_wconf 86' lang='lat'>_</span> <span class='ocrx_word' id='word_1_613' title='bbox 900 5768 924 5773; x_wconf 85' lang='lat'><em>_</em></span> <span class='ocrx_word' id='word_1_614' title='bbox 1890 5695 1964 5769; x_wconf 89' lang='lat'>(8)</span> <span class='ocrx_word' id='word_1_615' title='bbox 1994 5694 2322 5750; x_wconf 79' lang='grc' dir='ltr'>Αευκαίνων.</span> 
     </span>
    </p>
   </div>
   <div class='ocr_carea' id='block_1_101' title="bbox 219 5703 982 5844">
    <p class='ocr_par' dir='ltr' id='par_1_101' title="bbox 219 5703 982 5844">
     <span class='ocr_line' id='line_1_102' title="bbox 219 5703 924 5844; baseline -0.006 -89"><span class='ocrx_word' id='word_1_616' title='bbox 219 5703 296 5844; x_wconf 53' lang='grc' dir='ltr'>μ)</span> <span class='ocrx_word' id='word_1_617' title='bbox 333 5705 492 5773; x_wconf 88' lang='grc' dir='ltr'>Ὀρη.</span> <span class='ocrx_word' id='word_1_618' title='bbox 650 5770 662 5787; x_wconf 47' lang='lat'><strong><em>&#39;</em></strong></span> <span class='ocrx_word' id='word_1_619' title='bbox 900 5768 924 5780; x_wconf 72' lang='lat'>_</span> 
     </span>
     <span class='ocr_line' id='line_1_103' title="bbox 247 5769 982 5844; baseline -0.003 -19"><span class='ocrx_word' id='word_1_620' title='bbox 247 5772 299 5844; x_wconf 83' lang='lat'>5)</span> <span class='ocrx_word' id='word_1_621' title='bbox 332 5773 770 5826; x_wconf 77' lang='grc' dir='ltr'>Πεπιστευκοτων</span> <span class='ocrx_word' id='word_1_622' title='bbox 798 5769 982 5823; x_wconf 67' lang='grc' dir='ltr'>ἑθνων.</span> 
     </span>
    </p>
   </div>
  </div>
