4018 6438
563 329 704 387 1095

630 447 719 500 38.
759 448 936 501 Ει-οόὶἰ
964 447 1160 503 domus
1191 448 1300 502 dux
1333 457 1418 503 est
1445 464 1658 503 eorum.

629 538 718 591 59.
754 538 958 593 Montes
981 540 1179 594 excelsi
1208 541 1384 594 cervis
1416 559 1432 593 :

632 630 719 682 40.
748 628 905 684 Petra
932 631 1195 700 refugium
1227 632 1529 701 leporibus.

631 720 719 773 4|.
752 720 901 774 Fecit
930 723 1113 775 lunam
1151 723 1204 776 in
1242 733 1482 793 tempora
1518 742 1531 777 :

632 816 720 869 42.
756 815 846 871 Sol
870 817 1125 885 cognovit
1150 830 1404 871 occasum
1430 832 1612 871 suum.

630 908 721 964 43.
750 908 984 963 l'osuisti
1018 908 1264 963 tenebras
1288 918 1342 963 et
1368 907 1508 963 facta
1534 917 1619 963 est
1639 925 1741 963 nos
1772 928 1788 961 τ

632 1002 719 1055 44.
756 1001 811 1055 In
837 1002 951 1071 ipsa
980 1002 1386 1071 pertransibunt
1408 1016 1598 1055 omnes
1629 1000 1815 1055 bestia:
1844 1000 2018 1055 silvae.

634 1174 723 1228 45.
753 1174 930 1228 Catuli
961 1174 1179 1229 leonum
1205 1175 1483 1246 rugientes
1508 1184 1568 1230 ut
1603 1176 1835 1248 rapient,

634 1266 723 1322 46.
758 1267 818 1321 Et
844 1278 1089 1337 quaerant
1115 1284 1143 1322 a
1168 1267 1280 1322 Deo
1313 1284 1493 1323 escam
1526 1270 1654 1326 sibi.

636 1359 722 1412 47.
754 1358 916 1415 Ortus
938 1369 1021 1415 est
1046 1361 1147 1424 sol,
1174 1370 1227 1415 et
1262 1361 1571 1431 congregati
1604 1370 1731 1415 sunt
1755 1381 1770 1415 :

636 1450 723 1505 48.
759 1450 819 1502 Et
846 1452 898 1504 in
929 1452 1201 1506 cubilibus
1224 1453 1340 1507 suis
1368 1453 1805 1508 collocabuntur.

635 1542 722 1595 49.
761 1542 938 1597 Exibit
977 1544 1138 1598 homo
1165 1545 1230 1599 ad
1266 1561 1405 1614 opus
1442 1558 1628 1611 suum,

637 1633 725 1689 50.
760 1634 821 1688 Et
856 1635 920 1688 ad
946 1635 1313 1703 operationem
1345 1652 1500 1690 suam
1526 1650 1699 1705 usque
1728 1634 1793 1689 ad
1828 1650 2129 1705 vesperam.

635 1726 723 1783 51.
757 1726 929 1793 Quam
975 1728 1319 1798 magniﬁcata
1354 1736 1482 1781 sunt
1528 1742 1692 1781 onera
1723 1736 1834 1789 tua,
1863 1726 2091 1783 Domine
2120 1748 2133 1781 :

1405 332 1460 386 S.
1504 330 1874 386 ATHANASH
1909 330 2058 386 OPP.
2102 330 2280 385 ρΑιιε.
2320 329 2405 386 Ill.
2445 360 2511 370 —-
2551 328 2966 384 EXEGETICA.

3692 326 3842 387 1096

2162 456 2207 510 Α
2307 446 2393 500 58.
2433 446 2537 498 Τοῦ
2572 438 2854 517 ἐρωδιοῦὴ
2885 446 3133 499 κατοικία
3168 448 3377 516 ἡγεῖται
3410 446 3615 501 αὐτῶν.

2304 538 2391 591 59.
2433 539 2570 607 ὐρη
2604 538 2671 590 τὰ
2700 537 2881 607 ὑψηλὰ
2902 540 3023 600 ταῖς
3058 538 3296 605 ἐλάφοις

2302 627 2388 680 40.
2427 628 2613 697 Πέτρα
2641 628 2931 699 καταφυγὴ
2958 632 3073 692 τοῖς
3100 628 3354 696 λαγωοῖς.

2303 720 2389 773 41.
2422 720 2678 789 Ἐποίησε
2715 720 2942 791 σελήνην
2979 723 3057 783 είς
3080 721 3320 789 καιρούς

2303 809 2395 863 42.
2443 810 2501 861 ὐ
2527 808 2677 879 ἥλιος
2714 809 2856 877 ἔγνω
2886 809 2985 880 τὴν
3034 810 3183 863 δύσιν
3210 811 3397 865 αὑτοῦ.

2303 897 2391 953 43.
2429 898 2592 949 Ἐθου
2627 897 2837 960 σκότος,
2862 898 2957 951 καὶ
2995 900 3211 967 ἑγένετο
3234 900 3351 965 νύξ·

2303 990 2390 1043 44.
2417 992 2508 1044 ‘Ev
2561 990 2697 1060 αὐτῇ
2745 988 3109 1045 διελεύσονται
3172 992 3349 1045 πάντα
3403 993 3471 1047 τὰ
3520 994 3689 1066 θηρία
3742 995 3839 1047 τοῦ

2224 1082 2458 1155 δρυμοῦ.

2307 1174 2395 1228 45.
2420 1174 2655 1245 Σκύμνοι
2678 1173 2981 1245 ὠρυόμενοι
3007 1175 3100 1229 τοῦ
3129 1177 3397 1249 ἁρπάσαι,

2310 1265 2398 1318 46.
2424 1267 2533 1319 Kai.
2564 1265 2798 1335 ζητῆσαι
2834 1266 2984 1337 παρὰ
3009 1266 3087 1337 τῷ
3110 1266 3228 1338 Θεῷ
3264 1267 3467 1338 βρῶσιν
3520 1269 3735 1332 αὐτοῖς.

2303 1357 2391 1411 47.
2423 1356 2718 1411 Ἀνὲτειλεν
2737 1360 2766 1411 ό
2800 1358 2973 1429 ἥλιος,
3003 1357 3095 1411 καὶ
3120 1359 3487 1431 συνήχθησαν*

2306 1448 2392 1501 48.
2421 1449 2530 1502 Καὶ
2552 1452 2631 1512 είς
2652 1449 2752 1512 τὰς
2778 1450 3018 1522 μάνδρας
3040 1450 3221 1504 αὐτῶν
3251 1453 3729 1524 κοιτασθήσονται.

2304 1542 2388 1596 49.
2428 1541 2798 1608 Ἐξελεύσεται
2832 1542 3116 1613 ἄνθρωπος
3142 1545 3233 1597 ἐπὶ
3253 1544 3315 1597 τὸ
3344 1543 3503 1615 ἔργον
3533 1544 3728 1598 αὑτοῦ.

2304 1632 2394 1685 50.
2431 1633 2539 1684 Καὶ
2572 1634 2665 1685 ἑπὶ
2689 1631 2786 1702 τὴν
2822 1633 3085 1701 ἐργασίαν
3114 1632 3279 1686 αὑτοῦ
3321 1633 3427 1697 ἑως
3458 1635 3730 1707 ἑσπέρας.

2305 1724 2394 1779 51.
2442 1726 2527 1787 Ὠς
2561 1724 2901 1795 ἑμεγαλύνθη
2933 1726 3002 1778 τὰ
3032 1725 3166 1797 ἔργα
3194 1742 3310 1790 σου,
3342 1727 3538 1797 Κύριεο

1682 1900 2059 1956 ATHANASII
2112 1899 2699 1956 INTERPRETATIO.

638 2058 727 2114 38.
760 2057 945 2111 Erodii
969 2060 1351 2127 interpretatur
1374 2059 1707 2128 imperantis.
1727 2056 1783 2111 lu
1808 2057 2142 2112 habitatione
2175 2071 2214 2126 Β

2314 2056 2404 2111 38.
2436 2056 2716 2124 Ἐρωδιοῦ
2742 2058 2818 2128 (1)
2865 2057 3227 2128 ἑρμηνεύεται
3279 2058 3705 2129 κατάρχοντος.
3727 2061 3834 2115 τοῦ

569 2150 735 2223 igitur
788 2151 1003 2205 Domini
1072 2151 1392 2221 imperantis
1442 2151 1636 2206 merito
1692 2150 1926 2221 apostoli
1970 2152 2140 2204 duces

570 2252 701 2297 sunt
723 2244 985 2313 gentium.

639 2336 727 2392 59.
767 2334 1013 2390 Mandata
1060 2335 1301 2391 ccelestia
1357 2332 1809 2389 iuterlicientibus
1874 2340 2140 2385 venenata

568 2428 848 2483 animalia.

638 2522 723 2576 40.
755 2520 1015 2576 Dominus
1040 2518 1359 2580 humilibus.
1389 2526 1441 2572 et
1463 2516 1850 2582 mansuetis,et
1873 2516 2141 2586 promptis

569 2616 636 2669 ad
668 2611 1117 2683 proﬁciscendum
1146 2610 1411 2683 refugium
1445 2617 1547 2665 est.

640 2705 727 2768 4|,
760 2703 850 2758 42.
882 2702 1146 2758 Dominus
1178 2703 1397 2756 locutus
1430 2699 1599 2754 estde
1630 2708 1805 2754 morte
1834 2713 1956 2753 sua.

638 2796 727 2852 43.
761 2794 999 2851 Posuisti
1040 2794 1293 2849 tenebras
1319 2793 1371 2845 in
1412 2806 1681 2863 synagoga
1716 2800 1935 2860 propter
1966 2790 2143 2845 incre-

570 2888 847 2943 dulitatem
871 2902 1099 2942 eorum:
1134 2885 1282 2939 nocti
1310 2885 1455 2938 enim
1492 2899 1591 2953 per
1630 2884 1949 2954 prophetam
2000 2883 2140 2936 assi-

571 2982 771 3035 milasti
798 2995 941 3036 eam.

640 3069 728 3123 44.
758 3070 814 3123 In
840 3068 1077 3124 tenebris
1100 3068 1300 3137 degunt
1329 3064 1500 3120 Judtei
1532 3082 1640 3119 non
1663 3064 1949 3120 credentes
1970 3066 2067 3119 illi.

640 3247 729 3312 45,
763 3246 849 3301 46.
875 3244 1074 3301 Gentes
1100 3246 1339 3300 clamant
1366 3244 1433 3299 ad
1466 3242 1658 3307 Deum,
1700 3252 1759 3298 ut
1788 3243 2002 3313 rapiant
2024 3242 2144 3311 ejus

569 3356 819 3413 regnum.
876 3338 1096 3393 Catulos
1151 3338 1286 3392 dixit
1331 3348 1544 3407 gentes,
1598 3336 1857 3407 quoniam
1906 3334 2141 3399 catulus,

2241 2149 2445 2217 Κυρίου
2474 2144 2567 2201 οὖν
2589 2151 2954 2221 κατάρχοντος
2974 2154 3040 2221 τῇ
3065 2151 3338 2222 κατοικία,
3364 2152 3589 2216 εἰκότως
3611 2156 3661 2205 οἱ
3692 2156 3834 2206 ἀπό-

2243 2241 2415 2292 στολοι
2444 2242 2700 2310 ἡγοῦνται
2731 2243 2841 2296 τῶν
2875 2242 3066 2297 ἑθνῶν.

2311 2328 2400 2382 59.
2431 2330 2495 2381 Αἱ
2523 2330 2731 2383 ἐντολαὶ
2772 2332 2829 2384 at
2868 2332 3186 2405 ἑπουράνιαι
3207 2331 3286 2404 (2)
3308 2336 3419 2397 τοῖς
3452 2334 3742 2406 ἀναιροῦσι
3771 2338 3839 2389 τὰ

2245 2420 2424 2473 ἰοϐόλα
2454 2420 2561 2473 τῶν
2591 2420 2815 2493 θηρίων.

2318 2513 2404 2569 40.
2441 2515 2497 2567 Ὁ
2533 2515 2737 2585 Κύριος
2779 2515 2853 2586 (5)
2877 2519 2989 2580 τοῖς
3028 2522 3322 2584 ταπεινοῖς,
3358 2521 3453 2574 καὶ
3482 2522 3704 2592 πραέσι,
3743 2526 3839 2577 καὶ

2243 2607 2545 2681 προθύμοις
2576 2610 2669 2661 ἑπὶ
2697 2610 2796 2679 τὴν
2822 2610 3046 2681 πορείαν
3084 2614 3374 2684 καταςυγὴ
3410 2616 3667 2686 ὑπάρχει.

2314 2700 2401 2762 41,
2422 2699 2508 2754 42.
2540 2701 2597 2753 '0
2617 2700 2813 2773 Κύριος
2834 2703 2985 2772 ἔλεγε
3006 2703 3080 2775 (4)
3105 2706 3230 2776 περὶ
3255 2706 3349 2759 τοῦ
3368 2706 3601 2761 θανάτου
3646 2710 3836 2765 αὐτοῦ.

2308 2790 2396 2844 45.
2430 2791 2595 2843 Ἐθου
2653 2793 2841 2855 σκότος
2896 2797 2954 2847 ὲν
2983 2798 3047 2865 τῇ
3100 2804 3387 2871 συναγωγῇ
3420 2800 3508 2854 διὰ
3555 2802 3654 2872 τὴν
3707 2806 3841 2857 ἀπι-

2246 2876 2395 2929 στίαν
2430 2877 2649 2931 αὐτῶν·
2711 2881 2866 2933 νυκτὶ
2924 2882 3035 2953 γὰρ
3084 2883 3375 2955 ὠμοίωσας
3419 2890 3496 2959 (5)
3550 2894 3720 2965 αὐτὴν
3753 2897 3844 2950 διὰ

2242 2969 2335 3022 τοῦ
2371 2972 2672 3043 προφήτου.

2314 3060 2404 3115 44.
2460 3062 2549 3114 Ἐν
2593 3063 2774 3118 σκότει
2821 3065 3155 3121 διατελοῦσιν
3208 3071 3257 3123 oi
3297 3073 3653 3141 ἀπειθοῦντες
3685 3080 3843 3150 αύτῷ

2245 3147 2507 3202 Ἰουδαῖοι.

2318 3241 2407 3303 45,
2462 3241 2549 3295 46.
2605 3242 2680 3312 (6)
2713 3244 2793 3297 Τὰ
2823 3246 2947 3317 ἔθνη
3007 3249 3171 3317 βοῶσι
3218 3254 3354 3317 πρὸς
3409 3256 3500 3310 τὸν
3554 3258 3691 3313 Θεὸν
3743 3263 3842 3315 τοῦ

2246 3331 2490 3402 ἁρπάσαι
2522 3333 2619 3404 τὴν
2644 3334 2921 3403 βασιλείαν
2970 3340 3156 3394 αὐτοῦ.
3201 3346 3517 3414 Σκύμνους
3546 3351 3741 3423 εἴρηκε
3773 3357 3845 3408 τὰ

572 3433 791 3505 quando
818 3441 977 3485 natus
1007 3439 1111 3495 est,
1153 3434 1293 3483 intra
1332 3440 1443 3483 tres
1464 3430 1582 3483 dies
1618 3429 1807 3483 oculos
1839 3428 2033 3497 aperit.
2071 3428 2142 3481 ita
2172 3425 2212 3479 C

2270 3424 2411 3517 ἔρνη,
2442 3426 2628 3517 ἐπειδὴ
2662 3429 2690 3480 ό
2720 3429 2978 3500 σκύμνος,
3002 3433 3090 3485 ὅτε
3120 3435 3307 3507 τεχθῇ,
3337 3437 3426 3491 διὰ
3471 3442 3641 3513 τριῶν
3696 3448 3844 3517 ἠμε-

569 3527 735 3581 etiam
757 3532 941 3592 gentes
963 3536 1055 3590 per
1076 3521 1309 3575 triduam
1334 3521 1903 3575 commemorationem
1932 3518 2145 3574 Domini

574 3617 629 3670 in
660 3616 930 3683 baptismo
958 3614 1135 3668 visum
1178 3622 1519 3682 receperunt.
1545 3612 1680 3668 Nam
1713 3615 1766 3668 in
1803 3613 1977 3668 tribus
2016 3613 2147 3667 sub-

574 3705 935 3762 mersionibus
966 3704 1218 3775 baptismi
1268 3714 1377 3759 tres
1441 3714 1628 3759 noctes
1678 3708 1870 3759 mortis
1933 3704 2147 3759 Domini

574 3805 1052 3869 repraesentantur,
1088 3794 1347 3864 quoniam
1396 3794 1449 3848 in
1485 3794 1863 3849 submersione
1906 3794 2042 3847 nihil
2073 3794 2149 3847 vi-

574 3892 703 3946 dere
736 3897 967 3960 possunt
1014 3898 1271 3957 tanquam
1321 3886 1374 3940 in
1421 3897 1600 3948 nocte,
1642 3887 1694 3939 in
1741 3885 1917 3940 tribus
1964 3892 2149 3939 autem

574 3982 973 4039 emersionihus
995 3979 1249 4050 baptismi
1277 3989 1388 4034 tres
1422 3979 1537 4033 dies
1573 3976 1792 4031 Domini
1831 3976 2151 4046 exprimun-

576 4086 683 4138 tur.
726 4074 985 4145 quoniam
1030 4074 1177 4127 velut
1228 4074 1282 4125 in
1330 4071 1418 4126 die
1472 4079 1667 4125 cuncta
1711 4070 2063 4129 conspiciunt
2094 4067 2147 4121 in

575 4169 925 4224 emersione:
960 4168 1073 4221 hac
1093 4166 1259 4219 catuli
1296 4173 1376 4219 est
1402 4163 1801 4234 interpretatio.

646 4349 733 4402 47.
764 4344 1077 4402 Resurrexit
1101 4343 1382 4409 Dominus,
1411 4350 1465 4397 et
1495 4340 1863 4404 crediderunt,
1896 4347 1952 4395 et
1985 4353 2151 4393 vene-

577 4451 702 4494 runt
730 4441 795 4495 ad
830 4455 953 4493 eum
987 4438 1038 4491 in
1073 4436 1164 4491 Dei
1196 4436 1483 4491 Ecelesias.

560 4562 563 4563 ν
646 4528 733 4583 48.
758 4497 827 4583 Et
856 4530 907 4581 in
939 4528 1153 4582 aeternis
1186 4528 1537 4597 requietibus.

647 4621 736 4675 49.
774 4620 1014 4688 Quisque
1046 4620 1281 4673 ﬁdelium
1328 4627 1571 4689 prompte
1613 4618 1851 4687 seipsum
1890 4616 2065 4671 tradet
2091 4615 2146 4669 in

576 4712 760 4767 divina
786 4710 1058 4765 mandata.

647 4804 737 4858 50.
770 4801 836 4855 Et
869 4803 921 4855 in
952 4816 1112 4872 opera
1144 4800 1371 4870 justitize
1403 4816 1576 4872 usque
1608 4800 1671 4855 ad
1700 4800 2139 4855 consummatio-

579 4914 724 4953 nent.

648 4990 736 5043 51.
770 4989 943 5055 Quam
964 4985 1472 5055 superabundaruut
1498 4985 1639 5039 dona
1675 4994 1787 5039 tua.

2248 3516 2357 3585 ρῶν
2376 3516 2690 3571 ἀναϐλέπειο
2712 3518 2881 3584 οῦτως
2898 3518 2990 3575 οῦν
3015 3525 3109 3577 καὶ
3133 3525 3201 3579 τὰ
3235 3526 3360 3599 ἔθνη
3384 3530 3471 3584 διὰ
3491 3533 3590 3603 τῆς
3612 3552 3738 3608 τριη
3749 3541 3848 3608 μέ-

2251 3624 2342 3678 pou
2369 3612 2690 3682 μεμνήσεως
2721 3612 2814 3665 τοῦ
2840 3612 3037 3685 Κυρίου
3071 3619 3128 3670 ἑν
3153 3618 3231 3689 τῷ
3259 3620 3596 3695 βαπτίσματι
3625 3631 3845 3685 ἀνέϐλε-

2246 3701 2373 3769 ψαν.
2400 3703 2489 3754 Ἐν
2512 3702 2619 3775 γὰρ
2650 3707 2770 3767 ταῖς
2807 3710 2953 3778 τρισὶ
2978 3710 3305 3766 καταδύσεσι
3334 3716 3427 3769 τοῦ
3463 3718 3846 3792 βαπτίσματος

2246 3792 2345 3855 τὰς
2398 3796 2546 3863 τρεῖς
2599 3796 2799 3859 νύκτας
2842 3798 2936 3850 τοῦ
2996 3799 3227 3856 θανάτου
3268 3804 3466 3877 Κυρίου
3521 3813 3842 3881 μιμοῦνται,

2248 3885 2435 3955 ἐπειδὴ
2467 3888 2523 3939 ἑν
2573 3891 2641 3959 τῇ
2690 3890 2981 3945 καταδύσει
3008 3894 3161 3961 οὐδὲν
3202 3897 3454 3954 δύνανται
3512 3903 3733 3973 βλέπειν
3788 3912 3845 3962 ἐν

2248 3978 2418 4030 νυκτί·
2451 3980 2507 4032 ὲν
2535 3979 2590 4033 δὲ
2622 3984 2741 4046 ταῖς
2791 3985 2969 4055 τρισὶν
3016 3986 3307 4044 ἀναλύσεσι
3332 3994 3430 4046 τοῦ
3461 3995 3845 4070 βαπτίσματος

2248 4066 2346 4129 τὰς
2366 4072 2512 4139 τρεῖς
2538 4070 2753 4143 ἡμέρας
2803 4072 2897 4124 τοῦ
2932 4073 3132 4145 Κυρίου
3183 4079 3492 4150 μιμοῦνται,
3523 4066 3717 4158 ἐπειδὴ
3767 4066 3845 4151 ὡς

2248 4160 2305 4253 ἑν
2332 4163 2397 4230 τῇ
2426 4161 2611 4233 ἡμέρα
2634 4163 2811 4217 πάντα
2854 4167 3159 4239 καθορῶσιν
3205 4172 3264 4223 ἑν
3294 4176 3359 4243 τῇ
3392 4175 3668 4231 ἀναλύσει·
3701 4179 3843 4253 αῦτη

2247 4249 2338 4307 οὖν
2358 4254 2625 4324 ἑρμηνεία
2650 4256 2755 4310 τοῦ
2801 4260 3101 4329 σκύμνου.

2320 4346 2406 4439 47.
2438 4346 2659 4419 Ἀνέστη
2690 4351 2717 4403 ὁ
2744 4349 2961 4422 Κύριος,
3017 4356 3111 4407 καὶ
3162 4358 3513 4425 ἐπίστευσαν,
3557 4364 3655 4418 καὶ
3709 4362 3841 4439 ἦλθε

2251 4437 2385 4507 πρὸς
2415 4439 2573 4497 αὐτὸν
2602 4442 2680 4504 είς
2700 4442 2798 4506 τὰς
2832 4444 2925 4497 τοῦ
2951 4446 3086 4499 Θεοῦ
3130 4450 3474 4523 Ἐκκλησίας.

2318 4528 2404 4582 48.
2434 4529 2535 4582 Καὶ
2567 4532 2647 4594 εἰς
2672 4534 2769 4596 τὰς
2795 4535 3047 4600 αἰωνίους
3070 4539 3427 4605 ἀναπαύσεις.

2320 4620 2406 4674 49.
2442 4624 2557 4686 Πᾶς
2580 4623 2691 4676 τῶν
2719 4626 2924 4679 πιστῶν
2962 4630 3258 4702 προθύμως
3298 4634 3467 4706 ἐπιδῷ
3508 4638 3705 4695 ἑαυτὸν
3760 4648 3843 4711 si;

2250 4714 2319 4768 τὰ
2344 4720 2742 4789 προστάγματα
2772 4719 2866 4773 τοῦ
2900 4720 3059 4778 Θεοῦ.

2323 4808 2410 4863 50.
2438 4808 2543 4863 Καὶ
2566 4810 2659 4863 ἐπὶ
2678 4811 2744 4865 τὰ
2773 4812 2911 4883 ἔργα
2959 4816 3058 4885 τῆς
3080 4816 3425 4885 δικαιοσύνης
3452 4821 3559 4887 ἕως
3592 4826 3694 4898 τῆς
3717 4845 3845 4883 om.

2252 4900 2461 4964 τελείας

2327 4992 2417 5046 51.
2457 4994 2546 5056 Ὠς
2572 4994 3044 5067 ὑπερεπλεόνασαν
3090 5003 3166 5073 (7)
3201 5005 3269 5059 τά
3305 5009 3621 5083 χαρίσματά
3653 5033 3776 5073 σου.

1525 5122 1836 5185 Addenda
1864 5128 1925 5183 et
1956 5121 2329 5201 corrigenda
2374 5144 2453 5187 ex
2488 5134 2629 5191 cod.
2677 5131 2883 5194 Vatic.

643 5248 718 5317 (1)
752 5247 1027 5317 Ἐρωδιοῦ,
1083 5256 1211 5309 etc.,
1244 5246 1335 5299 τοῦ
1390 5248 1751 5316 κατάρχοντος
1784 5248 1817 5316 ἡ
1864 5247 2137 5312 κατοικία,

578 5319 851 5373 τουτέστιν
876 5322 922 5369 οἱ
951 5317 1255 5379 ἀπόστολοι,
1290 5328 1393 5371 etc.

653 5391 727 5457 (2)
763 5389 1127 5457 Ἑπουράνιοι.

654 5393 707 5457 (2
763 5393 1127 5457 Ἐπουράνιοι.

654 5393 729 5528 (3r;
769 5461 824 5512 Ὀ
857 5456 1104 5527 Χριστός.
1136 5469 1264 5523 etc.,
1290 5458 1562 5528 ὑπάρχων.

657 5531 731 5594 (4)
758 5531 1074 5599 llpoé).s~;sv.

680 5600 731 5666 5)
757 5599 1161 5670 γ’ῼμομοίωσας.

680 5602 731 5666 5)
771 5602 1161 5670 Ὡμομοίωσας.

653 5602 727 5738 (6)
755 5668 817 5723 Ν.
861 5671 945 5723 45.
1001 5669 1078 5721 Τὰ
1131 5670 1276 5741 ἔθνη,
1321 5679 1425 5723 etc.
1488 5670 1719 5742 Σκύμνοι
1746 5669 2011 5742 εἴρηκεν,
2044 5679 2148 5727 etc.

580 5739 798 5812 Ἐπειδὴ
834 5743 959 5811 γάρ,
994 5754 1120 5806 etc.,
1152 5739 1431 5812 μιμήσεως
1476 5742 1567 5795 τοῦ
1605 5739 1839 5812 Κυρίου,
1881 5739 2023 5805 etc.,
2057 5742 2152 5794 τοῦ

2242 5250 2471 5335 θανάτου
2504 5252 2616 5337 Δτοῦ
2656 5253 2881 5337 βορίου,
2936 5259 3322 5337 εαξη-δύναται
3360 5265 3602 5335 βλέπειν,
3644 5272 3724 5337 ῶς
3783 5279 3842 5328 ἑν

2620 5324 2972 5412 ’,ἀναδύσεσιν
2997 5329 3146 5412 τοῦ...
3165 5341 3295 5412 etc.,
3347 5339 3623 5412 tv‘ﬁpip;
3660 5320 3842 5398 πάντι

2245 5391 2823 5488 ff?:?32‘3°“-.(£‘9a"‘
2846 5398 2920 5488 ,εἷ’
2950 5400 3067 5488 ‘2!!-
3102 5391 3293 5488 βᾳτῡί
3330 5391 3839 5488 χεθοςρῶξῖνίέἷέῆ

2245 5414 2581 5472 καυαιρωσιν
2618 5414 2739 5463 (teg.
2770 5414 2823 5447 tu
2866 5414 2920 5449 tn
2950 5414 3067 5451 coa.
3102 5414 3267 5455 Baro.
3330 5414 3466 5460 καθο
3516 5414 3637 5465 ”σιν
3692 5418 3749 5467 ὲν
3774 5421 3836 5488 τῆ

2245 5461 2523 5546 άναςόυσει,
2561 5474 2681 5546 ἐξα.
2717 5462 2781 5518 Ν.
2836 5466 2922 5546 46..
3114 5471 3269 5540 λόγια
3306 5477 3398 5529 τοῦ
3449 5427 3605 5535 ἕέῗνῦ.
3746 5482 3836 5541 47.

2246 5532 2469 5601 Ἀνέστη
2503 5534 2530 5583 ὁ
2560 5533 2782 5657 ξίύὲιος,
2828 5537 2921 5588 καὶ
2977 5532 3300 5596 ἐπίστευσαν
3328 5550 3409 5611 είς
3437 5532 3712 5609 amt—NI

2247 5604 2339 5657 Et:
2365 5604 2461 5657 τὰς
2494 5620 2586 5655 του
2683 5605 2772 5657 εοῦ
2816 5609 3163 5657 Ἐκκλησίας-
3198 5616 3289 5657 καὶ
3320 5620 3401 5657 περ
3449 5622 3549 5657 ημιι.
3582 5626 3839 5657 -ι,-...ι,-..

2247 5604 2339 5686 Ei;
2365 5604 2461 5686 τὰς
2494 5604 2586 5655 τοῦ
2634 5604 2785 5686 9303
2816 5609 3164 5686 ‘Etgxlqsiag,
3198 5616 3289 5667 καὶ
3320 5604 3403 5681 εἰς
3449 5622 3549 5686 τὰς

2248 5672 2599 5744 ἀναπαύσεις.
2630 5673 2693 5729 N.
2723 5676 2805 5728 49.
2835 5679 2973 5744 ηας,
3004 5671 3161 5739 ac."
3381 5671 3398 5681 -
3463 5671 3840 5701 v—-.—-—v---.

2318 5742 2395 5812 (7)
2436 5742 3037 5818 ’Υπερεπλεόνασεν,τ.
3073 5772 3126 5819 χ.
3157 5772 3205 5808 σ.
3243 5759 3438 5818 Κυριι.
