4018 6468
195 377 342 433 i097
1110 378 1197 432 DE
1238 377 1514 433 TITULIS
1551 377 2000 438 PSALMORUM.
2043 413 2110 421 —
2148 381 2344 436 PSAL.
2386 381 2517 438 CIII.
3290 387 3422 442 I098

270 493 363 549 52.
391 491 575 546 Πάντα
602 491 660 543 ὲν
691 507 850 562 σοφίᾳ
873 493 1146 562 ἐποίησας·
1798 503 1845 554 Α

1798 503 1845 554 Α
1938 496 2028 550 52.
2056 495 2248 549 Omnia
2284 496 2335 549 in
2368 496 2632 566 sapientia
2661 494 2834 549 fecisti
2867 515 2879 550 :

271 585 364 640 55.
403 582 720 654 Ἐπληρώθη
749 585 782 654 η
807 585 876 654 γῆ
905 585 1000 654 τῆς
1025 584 1249 646 κτίσεώς
1282 601 1392 638 σου.

1940 586 2027 640 55.
2055 585 2271 654 lmpleta
2297 597 2379 640 est
2406 596 2550 638 terra
2589 585 2931 654 possessione
2965 595 3077 639 tua.

274 676 365 732 54.
401 675 548 746 Δῦτη
577 679 610 745 ἡ
639 675 880 729 θάλασσα
907 678 938 745 ή
972 676 1180 746 μεγάλη
1206 677 1298 730 καὶ
1329 676 1652 746 εὐρύχωρος·

1940 679 2027 732 ει.
2059 678 2171 733 Hoc
2207 695 2355 734 mare
2396 695 2672 748 magnum,
2705 687 2758 732 et
2788 679 3086 748 spatiosum
3131 679 3425 733 manibus:

272 767 363 823 55.
389 769 536 821 Ἐκεῖ
566 767 768 838 ἑρπετὰ
791 761 865 820 ὧν
893 769 992 820 οὐκ
1018 768 1162 821 ἔστιν
1190 768 1442 839 ἀριθμὸς,

1941 771 2028 825 55.
2066 772 2177 826 Illic
2211 772 2444 840 reptilia,
2475 786 2706 840 quorum
2744 788 2848 824 non
2878 780 2963 826 est
2992 786 3270 837 numerus,

275 859 364 913 56.
401 858 520 913 Ζῶα
550 857 718 929 μικρὰ
747 857 883 928 μετὰ
914 859 1185 928 μεγάλων.

1940 863 2028 918 56.
2060 864 2329 917 Animalia
2356 864 2550 933 pusilla
2574 879 2697 918 cum
2734 862 2968 934 magnis.

273 951 365 1004 57.
405 951 545 1002 Ἐκεῖ
582 949 740 1001 πλοῖα
764 949 1204 1020 διαπορεύονται·

1939 955 2027 1008 57.
2053 954 2164 1009 Illic
2188 971 2351 1010 naves
2385 963 2801 1025 pel-transeunt:

273 1042 364 1096 58.
400 1042 622 1112 Δράκων
669 1036 852 1104 οὗτος,
906 1040 964 1092 ὃν
991 1039 1230 1102 ἔπλασας
1270 1040 1556 1109 ἐμπαίζειν
1598 1041 1765 1111 αὐτῷ.

1940 1047 2026 1100 58.
2061 1047 2234 1100 Draco
2255 1047 2377 1111 iste,
2406 1062 2566 1116 quem
2615 1045 2861 1100 formasti
2889 1045 2954 1099 ad
2994 1043 3323 1098 illudendum
3353 1045 3424 1098 ei.

274 1133 366 1188 59.
399 1135 580 1186 Πάντα
609 1134 743 1204 πρὸς
771 1132 829 1184 σὲ
864 1131 1203 1202 προσδοκῶσι
1233 1131 1412 1185 δοῦναι
1438 1133 1535 1204 τὴν
1564 1135 1767 1206 τροφὴν

1940 1140 2026 1193 59.
2059 1139 2251 1193 Omnia
2279 1155 2307 1192 a
2345 1149 2395 1193 te
2426 1146 2745 1209 exspectant
2770 1148 2830 1193 ut
2857 1139 2952 1193 des
2978 1153 3160 1193 escam
3186 1140 3423 1207 ipsorum

193 1227 383 1281 αὐτῶν
415 1225 640 1298 [αὐτοῖς]
664 1227 743 1288 είς
764 1223 1014 1294 εὔκαιρον
1031 1241 1043 1255 ο

852 1241 1014 1294 ιαιρον
1031 1241 1043 1255 ο
1871 1229 2047 1302 [ipsis]
2075 1231 2129 1284 in
2162 1239 2401 1299 tempore
2427 1249 2439 1286 :

275 1319 366 1374 60.
397 1320 587 1382 Δόντος
621 1336 711 1371 σου
750 1319 949 1380 αὐτοῖς,
986 1315 1347 1380 συλλέξουσιν.

1192 1333 1347 1370 ιυσιν.
1939 1321 2029 1375 60.
2057 1321 2227 1376 Dante
2266 1332 2316 1376 te
2345 1322 2471 1387 illis,
2505 1321 2779 1392 colligent.

273 1408 363 1463 6|.
419 1407 749 1474 Ἀνοίξαντός
792 1424 884 1459 σου
918 1404 997 1476 [δέ
1030 1402 1147 1476 σου]
1179 1404 1277 1476 τὴν
1304 1408 1460 1478 χεῖρα
1482 1448 1496 1470 ,
1532 1407 1598 1460 τὰ
1632 1405 1769 1478 σύμ-

1938 1415 2026 1469 61.
2055 1415 2337 1484 Aperiente
2381 1412 2608 1487 [autem]
2646 1422 2698 1468 te
2737 1428 2981 1476 manum,
3024 1412 3206 1466 omnia
3237 1409 3426 1480 imple-

194 1518 382 1554 παντα
413 1501 810 1572 πλησθήσονται
839 1497 1200 1569 χρηστότητος
1217 1515 1229 1527 ·

778 1516 810 1552 ιι
839 1497 1229 1569 χρηστότητος·
1868 1507 2069 1563 buntur
2099 1508 2365 1564 bonitate.

272 1593 363 1648 6?...
399 1593 861 1663 Ἀποστρὲψαντος
879 1591 935 1644 δέ
968 1606 1060 1642 σου
1087 1589 1147 1641 τὸ
1168 1588 1475 1660 πρόσωπον,
1501 1589 1769 1662 ταραχθέν-

1698 1591 1769 1644 Ιΰ·
1937 1598 2026 1652 62.
2054 1598 2341 1652 Avertente
2371 1605 2552 1652 autem
2581 1606 2634 1653 te
2658 1595 2884 1662 faciem,
2903 1597 3285 1652 turbabuntur.

195 1702 409 1738 σονται.
3267 1704 3269 1706 ’

271 1776 360 1830 63.
405 1773 733 1836 Ἀντανελετς
758 1773 819 1826 τὸ
846 1771 1061 1843 πνεῦμα
1083 1770 1280 1834 αὐτῶν,
1311 1768 1405 1821 καὶ
1432 1765 1762 1836 ἐκλείψουσιο

1617 1782 1762 1819 ουσιο
1937 1751 2026 1806 65.
2058 1750 2283 1807 Auferes
2316 1751 2567 1822 spiritum
2597 1767 2808 1816 eorum,
2833 1761 2887 1807 et
2911 1751 3160 1807 deficient
3190 1791 3203 1805 .

273 1867 361 1920 64.
392 1867 500 1920 Καὶ
525 1868 605 1929 είς
640 1863 729 1917 τὸν
761 1864 887 1934 χοῦν
913 1841 1092 1915 αὐτῶν
1120 1858 1554 1931 ὲπιστρέψουσιν.
1796 1851 1838 1906 Β

1524 1875 1554 1908 ι,
1796 1851 1838 1906 Β
1935 1841 2022 1897 64.
2053 1841 2119 1896 Ει
2151 1842 2204 1896 in
2246 1843 2518 1911 pulverem
2553 1859 2713 1900 suum
2747 1854 3111 1899 revertentur.

274 1959 364 2014 65,
409 1933 814 2024 Ἐξαποστελετς
836 1955 896 2009 τδ
922 1953 1146 2025 Πνεδμά
1174 1971 1266 2006 σου
1287 1992 1302 2017 ,
1334 1952 1426 2004 καὶ
1449 1947 1765 2018 κτισθήσον-
1943 1934 2029 1990 65.
2059 1933 2284 1990 Emittes
2307 1934 2568 2004 Spiritum
2601 1945 2774 2002 tuum,
2805 1944 2860 1990 ct
2887 1936 3209 1991 creabuntur

195 2068 295 2105 ται
319 2068 331 2081 ⁸

275 2143 365 2197 66.
393 2143 503 2196 Καὶ
534 2143 866 2203 ἁνακαινιεῖς
893 2136 954 2192 τὸ
978 2139 1264 2210 πρόσωπον
1297 2134 1395 2205 τῆς
1426 2134 1550 2202 γῆς.

1297 2134 1395 2205 τῆς
1426 2134 1550 2202 γῆς.
1941 2137 2030 2192 66.
2059 2135 2124 2190 Et
2151 2137 2437 2192 renovabis
2469 2137 2661 2191 faciem
2685 2143 2858 2192 terraa.

269 2236 360 2288 67.
402 2235 552 2288 Ἦτω
586 2235 619 2306 ὴ
649 2231 773 2297 δόξα
803 2230 1002 2302 Κυρίου
1037 2231 1114 2292 είς
1145 2229 1268 2292 τοὺς
1296 2226 1527 2288 αἰῶνας·

1350 2226 1527 2288 πῶνας’
1942 2229 2031 2283 67.
2065 2227 2146 2283 Sit
2171 2228 2337 2298 gloria
2372 2227 2584 2283 Domini
2610 2228 2663 2281 in
2691 2229 2891 2282 smcula
2922 2244 2937 2280 :

271 2329 362 2383 68.
392 2327 833 2398 Εὑφρανθήτεται
876 2324 1075 2394 Κύριος
1111 2321 1203 2375 ἐπὶ
1229 2322 1339 2381 τοί-ς
1375 2317 1554 2389 έργοις
1582 2313 1763 2366 αὐτοῦ.

1582 2313 1763 2366 αὐτοῦ.
1941 2317 2031 2370 68.
2058 2316 2343 2372 Laatabitur
2365 2317 2628 2373 Dominus
2655 2319 2709 2372 in
2739 2318 2993 2387 operibus
3026 2316 3160 2372 suis.

273 2421 363 2476 69.
405 2421 463 2473 '0
493 2418 799 2472 ἐπιϐλέπων
829 2417 921 2469 ἐπὶ
949 2415 1045 2487 τὴν
1078 2415 1180 2484 γῆν
1205 2453 1221 2480 ,
1265 2411 1360 2465 καὶ
1394 2407 1559 2464 ποιιῖιν
1600 2405 1767 2475 αὐτὴν

1733 2422 1767 2474 ιν
1943 2407 2032 2463 69.
2064 2408 2165 2476 Qui
2191 2410 2409 2479 respicit
2435 2419 2656 2474 terram,
2684 2420 2738 2464 et
2767 2411 2894 2466 facit
2917 2425 3038 2466 eam
3071 2420 3320 2468 tremere.

194 2514 448 2586 τρέμειν.

1319 2699 1685 2758 ATIIANASII
1725 2697 2306 2754 INTERPRETATIO.

271 2915 364 2971 52.
391 2914 573 2968 Πάντα
598 2915 665 2967 τὰ
688 2911 996 2984 χαρίσματὰ
1028 2927 1117 2963 σου
1140 2910 1196 2963 ὲν
1218 2912 1282 2980 τῇ
1307 2908 1668 2975 πολυποικίλῳ
1686 2924 1777 2960 σου

1948 2910 2037 2964 52.
2065 2909 2258 2965 Omnia
2289 2909 2430 2964 dona
2476 2918 2589 2974 tua,
2625 2925 2679 2962 in
2717 2908 3011 2964 multifaria
3046 2919 3136 2966 tua
3166 2914 3427 2984 sapientia

197 3006 365 3076 σοφίᾳ.
395 3004 722 3074 κατήρτισας
751 3003 848 3071 (I).

578 3019 722 3065 τισας
751 3003 848 3071 (I).
1875 3002 2165 3070 perfecisti.

273 3095 362 3152 55.
401 3095 460 3148 Ὀ
486 3093 686 3164 κόσμος
727 3093 804 3164 (2)
829 3093 935 3145 τῶν
974 3090 1141 3160 ἁγίων
1167 3105 1280 3142 σου.

1084 3108 1141 3143 υν
1167 3105 1280 3142 σου.
1941 3096 2026 3150 55,
2056 3095 2286 3149 Mundus
2309 3095 2511 3149 sanctis
2548 3095 2671 3149 tuis.

271 3189 360 3242 54.
405 3187 469 3240 Ἦ
495 3186 807 3257 οἰκουμένη.

1940 3185 2026 3237 δι.
2054 3182 2213 3238 Orbis
2241 3195 2527 3237 terrarum.

270 3281 362 3335 55.
391 3281 452 3333 Οί
484 3279 754 3350 δαίμονες.
1799 3289 1842 3350 C

1799 3289 1842 3350 (ζ
1945 3275 2031 3329 55.
2063 3273 2361 3328 Dat-mones.

270 3372 358 3426 56.
391 3373 452 3425 Οί
473 3372 567 3425 ἁνθ
579 3381 765 3442 ρωποι.

753 3408 765 3422 .
1942 3366 2030 3419 56.
2067 3365 2340 3420 llomines.

271 3467 359 3520 57.
391 3469 452 3519 Οἱ
485 3467 624 3533 ἅγιοι
671 3465 884 3534 ἔχοντες
939 3463 996 3514 ὲν
1041 3461 1218 3522 αὐτοῖς
1273 3459 1346 3528 (5)
1376 3459 1443 3511 τὰ
1479 3457 1632 3524 λόγια
1668 3454 1762 3507 τοῦ

1940 3459 2030 3512 57.
2063 3456 2247 3510 Sancti
2287 3455 2544 3510 habentes
2596 3456 2647 3509 in
2704 3455 2896 3526 seipsis
2945 3457 3156 3527 eloquia
3201 3458 3319 3528 Der,
3374 3471 3427 3519 et

193 3557 357 3621 Θεοῦ,
381 3557 474 3610 καὶ
494 3556 585 3610 διὰ
601 3555 708 3610 τῶν
725 3555 798 3626 (4)
821 3552 1109 3624 τρέφοντες
1138 3559 1198 3603 τὸ
1234 3552 1387 3621 γένος
1425 3548 1533 3602 τῶν
1558 3545 1765 3617 ἀνθρώ-

1248 3552 1387 3621 τὲνος
1425 3548 1533 3602 τῶν
1558 3545 1765 3617 ἀνθρώ-
1870 3548 2070 3605 eisdem
2094 3551 2299 3604 alentes
2325 3549 2619 3602 humanum
2647 3564 2835 3616 genus.

197 3667 339 3704 πων.

273 3740 360 3795 58.
377 3739 436 3794 '0
462 3736 700 3803 διάϐολος
720 3738 749 3790 6
763 3735 838 3806 (5)
861 3733 1322 3804 καταπαιζόμενος
1348 3730 1450 3783 ὑπὸ
1471 3730 1574 3782 τῶν
1596 3728 1764 3798 ἁγίων

1428 3730 1574 3782 tu:ch
1596 3728 1764 3798 ἁγίων
1939 3722 2028 3778 58.
2064 3721 2320 3778 Diabolus
2344 3720 2567 3777 delusus
2599 3738 2629 3776 a
2655 3724 2858 3779 sanctis
2890 3724 3015 3780 tuis.

200 3847 320 3885 σου.

272 3923 358 3978 59.
391 3921 434 3973 Τ
440 3921 474 3973 ἀ
506 3919 632 3987 ἔθνη
666 3917 1050 3986 ἀπεκδέχονται
1091 3914 1188 3968 τὴν
1219 3913 1366 3984 παρᾶ
1404 3913 1496 3965 σοῦ
1538 3921 1762 3983 τροφην,

1941 3906 2028 3960 59.
2058 3903 2255 3959 Gentes
2293 3916 2608 3974 exspectant
2649 3921 2678 3959 a
2735 3916 2786 3961 te
2833 3922 3034 3975 escam,
3085 3925 3248 3979 quam
3295 3912 3423 3983 ipsis

195 4017 266 4088 ἣν
302 4016 485 4077 αὐτοῖς
510 4011 698 4075 δώσεις
731 4013 786 4063 ὲν
815 4011 1024 4080 είρήνη.
1869 3997 2023 4088 dabis
2057 3997 2108 4050 in
2133 4011 2282 4066 pace.

271 4106 359 4162 60.
387 4103 686 4166 Δεδωκότος
714 4119 803 4157 σου
835 4101 1015 4163 αὐτοῖς
1039 4137 1052 4163 ,
1085 4098 1181 4161 τὰς
1215 4095 1430 4158 ἐντολάς
1466 4111 1557 4147 σου
1586 4095 1762 4160 δέξον-

1939 4084 2025 4143 60.
2057 4088 2198 4143 Cum
2237 4097 2295 4143 tu
2317 4086 2528 4142 dederis
2560 4087 2693 4157 ipsis
2716 4089 2967 4144 mandata
2992 4101 3102 4153 tua,
3131 4091 3421 4162 excipient.

195 4219 310 4256 ται.

270 4292 358 4346 61.
385 4287 800 4361 Φανερώσαντος
840 4283 894 4339 δέ
925 4302 1016 4338 σου
1065 4284 1155 4337 τὸν
1186 4281 1389 4352 Κύρων
1423 4281 1548 4334 Υίὸν
1571 4320 1585 4343 ,
1628 4282 1656 4334 6
1687 4280 1762 4349 (6)

1938 4288 2025 4343 6t.
2066 4285 2444 4343 Manifestante
2497 4296 2677 4342 autem
2742 4298 2793 4343 te
2848 4288 3134 4346 Dominum
3193 4293 3421 4365 Filium,

193 4385 400 4455 κόσμος
425 4399 518 4436 σου
535 4379 900 4451 πλησθήσεται
917 4377 1009 4431 τοῦ
1030 4374 1343 4446 Πνεύματός
1363 4391 1454 4427 σου
1475 4373 1568 4426 τοῦ
1587 4373 1761 4440 ἁγίου.

1748 4411 1761 4425 ο
1872 4383 2106 4438 mundus
2139 4391 2265 4450 tuus
2298 4379 2604 4451 implebitur
2633 4376 2838 4450 Spiritu
2868 4393 3056 4436 sancto
3078 4394 3191 4440 tuo.
3331 4433 3335 4436 λ

268 4474 358 4529 62.
400 4473 534 4526 Ἀπὸ
559 4472 666 4526 τῶν
707 4469 971 4524 Ἰουδαίων
1015 4468 1453 4540 ἀποστρέψαντος
1494 4465 1553 4518 τὺ
1595 4466 1760 4536 πρόσ-

1938 4475 2026 4530 62.
2061 4475 2345 4529 Avertcnte
2372 4480 2427 4529 te
2454 4471 2644 4530 faciem
2678 4481 2828 4529 tuam
2865 4489 2896 4528 a
2937 4475 3136 4532 Judmis
3178 4475 3244 4533 ad
3281 4479 3422 4535 nihi-

191 4567 343 4620 ωπόν
374 4583 498 4629 σου,
528 4567 606 4627 είς
637 4561 935 4634 ἀφανισμὸν
973 4560 1183 4614 ἔσονται
1212 4560 1306 4630 (7).

744 4561 935 4633 ,νισμὺν
973 4560 1183 4614 ισονται
1212 4560 1306 4630 (7).
1870 4567 1980 4622 lum
2005 4565 2331 4635 redigentur.

264 4654 354 4709 65.
377 4652 560 4726 Λὰὄῃς
582 4654 680 4725 τὴν
699 4653 855 4724 χάριν
881 4652 973 4704 ἀπ’
989 4649 1188 4714 αὐτῶν,
1217 4649 1309 4702 καὶ
1329 4646 1754 4719 διαλυθήσονται.
1790 4652 1835 4707 D

1615 4664 1754 4700 νται.
1790 4652 1835 4707 D
1933 4656 2024 4712 65.
2049 4656 2274 4710 Auferes
2305 4656 2531 4726 gratiam
2562 4655 2632 4712 ab
2664 4656 2816 4726 ipsis,
2843 4667 2896 4712 et
2935 4659 3202 4728 peribunt.

265 4745 355 4799 64.
387 4746 497 4797 Καὶ
524 4746 582 4797 ἐν
613 4746 679 4814 τῇ
711 4743 952 4815 ἁμαρτίᾳ
989 4740 1167 4794 αὐτῶν
1191 4741 1594 4810 ὲναπομὲνωσιν
1625 4738 1726 4810 (8).

1417 4741 1594 4793 ίνωσιν
1625 4738 1726 4810 (8).
1932 4749 2021 4804 64.
2051 4747 2118 4803 Et
2144 4750 2197 4803 in
2229 4758 2448 4819 peceato
2463 4764 2565 4804 suo
2595 4750 3004 4821 permanebunt.

264 4834 354 4889 65.
398 4836 519 4888 Ἐπὶ
551 4837 676 4899 τοὺς
710 4835 1060 4897 πιστεύοντας
1087 4833 1168 4895 είς
1203 4831 1286 4886 σέ.

1141 4851 1168 4895 ς
1203 4831 1286 4886 σέ.
1933 4835 2021 4892 65.
2048 4836 2223 4906 Super
2258 4837 2540 4893 credentes
2567 4839 2622 4893 in
2653 4852 2728 4894 te.

263 4927 352 4982 66.
372 4927 481 4982 Kal.
496 4926 815 4990 ἁνανδώσεις
838 4927 933 4998 τὴν
951 4927 1185 4981 διάνοιαν
1201 4925 1301 4995 τῆς
1318 4923 1542 4996 καρδίας
1561 4924 1760 4977 αὐτῶν.

1561 4924 1760 4977 αὐτῶν.
1933 4929 2020 4984 66.
2056 4928 2121 4982 Et
2145 4931 2432 4984 reum-abis
2465 4941 2698 4987 mentem
2721 4931 2900 4988 cordis
2931 4945 3141 4987 eorum.

264 5017 355 5082 67,
388 5018 475 5073 68.
504 5020 579 5090 (9)
606 5020 730 5082 Τοῖς
756 5018 951 5086 ἁγίοις.

883 5035 951 5082 ις.
1933 5020 2021 5085 67,
2051 5019 2140 5076 68.
2165 5018 2223 5074 In
2247 5022 2469 5077 sanctis.

266 5109 352 5164 69.
385 5111 509 5164 Ἐπὶ
535 5112 595 5163 τὸ
630 5111 880 5181 σύστημα
909 5107 1022 5164 τῶν
1045 5109 1336 5182 δαιμόνων.

1045 5109 1336 5182 δαιμόνων.
1933 5109 2020 5166 69.
2047 5110 2362 5166 Damonum
2395 5121 2616 5169 castum.

1142 5284 1448 5348 Addenda
1493 5289 1553 5346 et
1580 5279 1953 5360 corrigenda
1983 5302 2065 5348 ex
2110 5286 2252 5349 cod.
2279 5287 2476 5350 Vatic.

371 5455 705 5534 Eacﬁpetqa.
734 5525 749 5534 _
829 5523 844 5534 _
1928 5461 2009 5534 (6)
2039 5462 2143 5517 Τδν
2165 5463 2295 5518 Υίόν
2324 5480 2416 5518 σου
2441 5503 2455 5526 ,
2484 5463 2536 5527 6,
2567 5472 2671 5518 etc.

724 5525 755 5581 6
781 5523 1002 5593 κόσμος,
1032 5539 1135 5584 etc.
2034 5534 2072 5586 Γ
2075 5536 2372 5605 ενήσονται.

320 5597 340 5664 )
381 5595 640 5676 Ἐαυτοίς.
689 5595 697 5597 ἡ
2042 5595 2511 5697 Ἑνείπορείνωσιν.

324 5665 339 5697 ἱ
373 5665 448 5697 Δι’
481 5666 658 5697 “fw...”
1933 5673 2006 5697 lnt
2033 5673 2072 5697 Μ
2140 5676 2184 5697 ιιι
2267 5676 2287 5697 Α
2309 5675 2493 5697 __.',-_-

288 5455 342 5523 I)
371 5455 705 5526 Κατήρτισα.

284 5525 341 5589 2)
377 5523 700 5611 ξεπληρὼθη
724 5525 755 5581 6
781 5523 1002 5593 κόσμος,
1032 5539 1135 5584 etc.

280 5733 336 5804 5)
370 5735 430 5788 '0
462 5736 628 5788 deest.

1928 5461 2009 5532 (6)
2039 5462 2143 5517 Τδν
2165 5463 2295 5518 Υίόν
2324 5480 2416 5518 σου
2441 5503 2455 5526 ,
2484 5463 2536 5527 6,
2567 5472 2671 5518 etc.

1929 5531 2007 5598 (7)
2034 5534 2372 5605 Γενήσονται.

1932 5601 2007 5666 (8)
2042 5605 2511 5697 Ἐναπορείνωσιν.

1931 5673 2008 5740 (9)
2030 5673 2072 5725 Ν
2140 5676 2184 5701 ⁸⁵⁸
2255 5675 2573 5737 Λπαύστως.
2624 5674 2690 5731 Ν.
2721 5674 2807 5732 68.
2837 5676 2961 5740 Τοῖς
2987 5675 3175 5743 ἁγίοις.

497 5751 628 5788 δεδι.

470 5836 734 5895 Ριτιιοι..
783 5835 827 5895 G
841 5855 872 5893 ιι
886 5879 899 5893 .
949 5835 1206 5897 XXVII.
3031 5837 3105 5898 35
