4018 6448
581 354 714 408 1099
1421 352 1478 408 S.
1514 352 1882 409 ATHANASII
1921 355 2070 412 OPP.
2119 355 2298 411 PARS
2336 355 2422 411 lll.
2464 388 2530 398 —-
2571 355 2979 415 EXEGETICA.
3695 370 3847 426 1100

647 467 737 524 70.
765 468 868 536 Qui
896 467 1064 536 tangit
1092 473 1300 520 montes
1332 473 1385 520 et
1421 464 1708 535 lumigant.
2176 476 2222 532 Α

2176 476 2222 532 Α
2319 469 2405 523 70.
2446 471 2501 523 '0
2527 471 2828 541 ἁπτόμενος
2863 473 2968 525 τῶν
2995 473 3200 544 ὀρέων,
3237 477 3330 529 καὶ
3362 480 3750 545 καπνίζοντα.

650 561 736 616 71.
773 561 1015 614 Cantabo
1043 557 1272 611 Domino
1306 558 1357 610 in
1392 560 1497 611 vita
1526 573 1646 612 mea
1685 578 1699 612 :

2327 562 2413 617 71.
2448 563 2598 633 ’ᾼσω
2621 563 2700 633 τῷ
2729 565 2917 634 Κυρίῳ
2945 567 3003 617 ἐν
3039 569 3104 636 τῇ
3144 568 3254 639 ζωῇ
3284 587 3383 639 μου
3407 588 3418 600 ·

648 651 736 705 72.
773 651 1001 705 Psallam
1040 649 1150 704 Deo
1180 664 1302 703 meo
1324 650 1564 718 quandiu
1593 664 1737 704 sum.

2323 653 2411 706 72.
2448 653 2615 706 Ψαλῶ
2646 654 2722 724 τῷ
2748 656 2865 726 Θεῷ
2897 673 3000 726 μου
3033 660 3136 721 ἓως
3166 660 3414 732 ὑπάρχω.

651 741 735 796 75.
777 741 1085 796 Jucundum
1117 733 1195 794 'sit
1221 740 1268 793 ei
1295 740 1572 810 eloquium
1607 755 1787 793 meum
1818 757 1830 793 :

1818 757 1830 793 :
2324 745 2410 800 73.
2459 746 2737 818 Ἦδυνθείη
2763 747 2913 818 αὐτῷ
2950 751 2981 820 ἡ
3007 749 3227 822 διαλογή
3259 771 3361 824 μου
3390 772 3401 786 ·

652 835 735 889 74.
769 835 877 904 Ego
901 850 1032 889 vero
1063 834 1371 888 delectabor
1407 834 1460 886 in
1499 833 1746 888 Domino.

2323 836 2408 889 74.
2454 836 2593 906 Ἐγὼ
2620 837 2677 891 δὲ
2704 839 3146 912 εὐφρανθήσομαι
3177 845 3266 896 ἐπὶ
3300 845 3378 916 τῷ
3408 848 3616 920 Κυρίῳ.

647 928 736 981 75.
770 928 1031 983 Deliciant
1062 936 1373 996 peccatores
1401 942 1429 980 a
1465 935 1626 990 terra,

2323 930 2408 984 75.
2449 930 2776 985 Ἐκλεῑποιεν
2805 934 3122 1005 ἁμαρτωλοὶ
3148 935 3254 988 άπὸ
3283 938 3380 1008 τῆς
3406 939 3544 1010 γῆς,,

649 1020 737 1073 76.
773 1020 836 1073 Ει
858 1020 1025 1089 iniqui
1063 1020 1136 1073 ita
1170 1029 1227 1072 ut
1257 1034 1362 1072 non
1393 1018 1506 1074 sint
1538 1037 1550 1072 :

2317 1020 2405 1074 76.
2437 1023 2545 1074 Καὶ
2574 1021 2785 1092 ἄνομοι,
2811 1021 2950 1075 ὥστε
2987 1026 3059 1095 μὴ
3097 1027 3361 1098 ὑπάρχειν
3391 1029 3588 1093 αὐτούς

648 1112 736 1169 77.
775 1112 1016 1178 Benedic,
1036 1113 1217 1166 anima
1253 1128 1391 1173 mea,
1411 1110 1661 1168 Domino.

2323 1111 2407 1166 77.
2443 1113 2686 1182 Εὑλόγει,
2720 1115 2753 1184 ή
2783 1114 2926 1186 ψυχή
2972 1134 3094 1186 μου,
3123 1118 3215 1171 τὸν
3250 1120 3473 1192 Κύριον.

1022 1223 1272 1278 Alleluia.
1313 1223 1509 1280 PSAL.
1543 1221 1695 1277 CIV.

2659 1227 3036 1294 Ἀλληλούῖα.
3100 1233 3270 1284 ΨΑΛ.
3316 1235 3437 1288 ΡΔ’.

650 1316 699 1370 1.
733 1315 1072 1371 Conlitemini
1103 1315 1353 1379 Domino,
1388 1325 1441 1370 et
1481 1317 1730 1370 invocale
1764 1331 1959 1370 nomen
1987 1316 2143 1386 ejus:

2320 1315 2370 1368 1.
2417 1315 2851 1387 Ἐξομολογείσοε
2882 1321 2958 1391 τῷ
2995 1322 3187 1393 Κυρίῳ
3209 1364 3223 1386 ,
3259 1330 3350 1378 καὶ
3378 1326 3739 1382 ἐπικαλεῖσθε
3784 1330 3847 1383 τὸ

648 1409 701 1463 ἓ.
741 1409 1073 1462 Annuntiate
1136 1409 1276 1463 inter
1347 1417 1532 1480 gentes
1581 1424 1745 1478 opera
1806 1408 2147 1480 [rnagnalia]

1070 1435 1073 1457 ι
1136 1409 1276 1463 inter
1347 1417 1532 1480 gentes
1581 1424 1745 1478 opera
1806 1408 2147 1480 [magnalia]
2248 1404 2417 1477 ὄνομα
2456 1408 2657 1460 αὑτοῦ·

580 1516 717 1568 εμιε,
2315 1499 2371 1553 2.
2419 1501 2812 1570 Ἀπαγγείλατε
2839 1505 2896 1557 ὲν
2929 1509 3045 1568 τοῖς
3070 1505 3247 1560 ἔθνεσι
3268 1509 3336 1561 τὰ
3359 1509 3496 1580 ἔργα
3528 1513 3728 1569 αὑτοῦ.

649 1593 699 1645 5.
732 1592 958 1645 Cautate
983 1592 1055 1658 ei,
1085 1603 1138 1647 et
1175 1593 1388 1663 psallite
1409 1595 1455 1648 ei
1487 1593 1724 1666 [laudate
1749 1594 1900 1667 eum]
1933 1616 1943 1650 :

1783 1594 1900 1667 um]
1933 1616 1943 1650 ε
2319 1592 2371 1646 5.
2415 1594 2618 1664 ’ᾼσατε
2649 1595 2816 1666 αὐτῷ,
2845 1598 2938 1649 καὶ
2967 1597 3172 1666 ψάλατε
3203 1602 3369 1672 αὐτῷ.

647 1679 698 1733 4.
728 1679 951 1735 Narrate
975 1683 1157 1737 omnia
1184 1684 1457 1738 “mirabilia
1486 1687 1628 1754 ejus.

2317 1683 2368 1738 4.
2403 1686 2745 1756 Διηγήσασθε
2777 1688 2954 1742 πάντα
2980 1690 3048 1743 τὰ
3079 1689 3357 1762 θαυμάσια
3387 1696 3550 1749 αὐτοῦ
3575 1715 3588 1727 ’

651 1772 697 1825 5.
737 1772 1051 1828 Laudamini
1081 1775 1133 1828 in
1165 1785 1356 1830 sancto
1388 1775 1661 1850 [nomine]
1694 1778 1819 1848 ejus
1851 1799 1862 1832 :
2179 1836 2221 1860 ἢ

2179 1836 2221 1860 ἢ
2318 1776 2370 1830 5.
2415 1778 2752 1834 Ἐπαινεῖσοε
2786 1782 2850 1833 ἐν
2870 1781 2947 1852 τῷ
2980 1784 3118 1853 ἁγίῳ
3151 1783 3419 1860 [ὀνόματι]
3449 1789 3618 1842 αὑτοῦ
3641 1808 3656 1823 ο

645 1864 695 1917 6.
731 1863 961 1920 ιειειιιτ
993 1881 1088 1921 cor
1117 1870 1475 1936 quzercntium
1509 1869 1819 1924 Dominum.
2179 1836 2222 1892 Β

2179 1836 2222 1892 Β
2319 1866 2372 1921 6.
2400 1868 2767 1941 Εὑφρανθήτω
2796 1836 2992 1945 καρδία
3025 1836 3700 1951 ξηιτοέἱντιυν-τὸνῂΚιόριον.

647 1955 696 2008 7.
727 1956 960 2022 Quaerite
993 1956 1304 2022 Dominum,
1335 1969 1388 2014 et
1417 1962 1818 2015 conlirmamini
1847 1979 1861 2013 :

2323 1960 2374 2013 7.
2404 1963 2685 2032 Ζητήσατε
2711 1965 2802 2017 τὸν
2829 1966 3054 2038 Κύριον,
3085 1970 3178 2023 καὶ
3207 1972 3586 2044 κραταιώθητε
3607 1990 3618 2001 '

645 2049 678 2103 8
729 2049 963 2115 Quaerite
996 2049 1184 2106 faciem
1208 2052 1327 2122 ejus
1356 2069 1587 2122 semper.

2318 2052 2370 2107 8.
2404 2055 2681 2125 Ζητήσατε
2711 2057 2770 2110 τὸ
2805 2059 3094 2130 πρόσωπον
3120 2062 3282 2116 αὑτοῦ
3313 2064 3628 2129 διαπαντός.

646 2140 697 2194 9.
729 2139 1047 2196 Mementote
1081 2142 1409 2198 mirabilium
1439 2144 1580 2214 ejus,
1608 2161 1732 2215 qua:
1764 2143 1908 2212 fecit,

2312 2147 2364 2202 9.
2393 2148 2683 2220 vacrO-qta
2719 2151 2826 2205 τῶν
2876 2151 3195 2208 θαυμασίων
3227 2155 3390 2208 αὑτοῦ
3414 2195 3427 2220 ,
3466 2151 3540 2210 ὧν
3576 2159 3837 2229 ἐποίησε,

1689 2351 2060 2408 ATHANASII
2102 2354 2688 2412 INTERPBETATIO.

643 2543 729 2597 70.
764 2546 863 2611 Qui
893 2547 1000 2601 urit
1027 2545 1334 2600 contrarias
1356 2552 1670 2611 potestates,
1701 2553 1754 2597 et
1796 2542 2072 2600 deficiunt.

2315 2543 2400 2598 70.
2445 2543 2503 2597 '0
2538 2543 2748 2613 φλέγων
2781 2545 2880 2608 τὰς
2913 2547 3157 2610 ἐναντίας
3190 2547 3446 2617 δυνάμεις
3521 2551 3616 2603 καὶ
3650 2551 3837 2603 ἐκλει-

2243 2654 2455 2691 πουσιν.

641 2721 728 2779 71.
755 2725 811 2775 In
846 2722 1030 2777 futuro
1055 2723 1275 2778 szrculo.

2312 2729 2402 2783 71.
2431 2729 2521 2782 Ἐν
2557 2729 2635 2799 τῷ
2669 2730 2910 2800 μέλλοντι
2936 2733 3111 2785 αἰῶνι.

643 2815 727 2870 72.
764 2815 816 2868 In
841 2817 1086 2885 praesenti
1122 2824 1388 2883 tempore.

1383 2857 1388 2868 .
2310 2821 2396 2874 72.
2439 2823 2528 2873 Ἐν
2552 2821 2629 2891 τῷ
2671 2821 2764 2873 νῦν
2796 2822 2970 2876 αἰῶνι.

643 2907 725 2962 73.
754 2908 988 2964 Placebit
1012 2909 1110 2978 ipsi
1137 2908 1377 2962 laudatio
1405 2921 1546 2961 mea.

2315 2912 2401 2967 75.
2437 2913 2648 2984 Ἀρέσει
2681 2913 2828 2984 αὑτῷ
2859 2916 2891 2983 ἡ
2921 2914 3214 2985 ὑμνο).ογία
3250 2934 3369 2988 μου.

647 3001 732 3054 74.
767 3002 1048 3057 Gaudebo.

2321 3004 2406 3056 74.
2451 3005 2795 3076 Χαρήσομαι.

643 3089 728 3144 75.
764 3089 1045 3144 Daemones
1085 3104 1113 3142 a
1149 3099 1290 3142 terra
1319 3095 1656 3154 sanctorum,
1705 3088 1862 3159 cujus
1899 3089 2146 3145 heredes

2311 3093 2399 3145 75.
2423 3095 2483 3145 Ol
2510 3094 2758 3163 δαίμονες
2782 3097 2888 3150 άπὸ
2907 3098 3005 3170 τῆς
3027 3098 3131 3169 γῆς
3155 3099 3262 3152 τῶν
3282 3099 3455 3168 άγίων
3475 3096 3544 3172 ἦς
3570 3102 3837 3172 μέλλουσι

575 3181 672 3250 ipsi
700 3179 864 3235 futuri
889 3191 1033 3235 sunt.

1030 3223 1033 3232 .
2242 3185 2342 3253 κλη
2351 3202 2471 3256 ρονο
2476 3187 2617 3256 μεῖν.

644 3273 726 3326 76.
753 3273 1087 3328 Adversarize
1111 3281 1422 3342 potestates,
1453 3283 1506 3327 et
1525 3273 1617 3343 qui
1642 3275 1749 3328 illis
1789 3275 2069 3329 obediunt.

2312 3279 2398 3332 76.
2424 3279 2485 3331 Al
2517 3280 2755 3332 ἐναντίαι
2778 3280 3052 3352 δυνάμεις,
3081 3284 3175 3337 καὶ
3200 3285 3248 3336 οι
3275 3285 3586 3356 πειθόμενοι
3613 3288 3831 3352 αὐτ-οξ.

642 3365 726 3419 77.
755 3364 1032 3419 Glorilica.

2317 3371 2405 3424 77.
2440 3369 2716 3440 Δοξολόγει
2752 3373 2849 3442 (1).

644 3544 710 3597 Ἣ
746 3543 1075 3616 προκειμένη
1105 3545 1381 3618 ἐπιγραφὴ
1426 3547 1666 3618 περιέχει
1708 3548 1786 3615 (2)
1807 3563 1820 3577 ·
1871 3550 2246 3616 ⁹Α.ι.ὶη.ιούϊα,
2267 3549 2456 3620 αἶνος,
2474 3552 2611 3625 ὅπερ
2643 3554 3006 3625 ἑρμηνεύεται
3028 3557 3246 3611 (κινεῖτε
3276 3560 3380 3612 τὸν
3409 3563 3552 3616 ὄντα
3578 3566 3754 3622 Θεόν.

642 3635 851 3692 Titulus
872 3638 1191 3708 pmpositns
1221 3640 1493 3698 continet:
1526 3639 1779 3704 Alleluia,
1808 3640 1954 3706 laus,
1986 3643 2134 3711 quod
2165 3645 2549 3716 interpretatur
2574 3646 2791 3699 laudate
2821 3663 2961 3712 cum,
2990 3650 3078 3716 qut
3105 3648 3242 3702 Deus
3262 3660 3359 3705 est.

644 3797 693 3851 1.
728 3795 988 3850 Enarrate
1013 3807 1230 3866 peccata
1258 3806 1434 3851 vestra
1467 3796 1716 3864 Domino,
1757 3810 1906 3856 orate
1942 3817 2086 3856 eum.
2161 3808 2203 3863 C

2309 3803 2359 3856 1.
2391 3804 2828 3878 Ἐξαγορεύονται
2875 3808 3349 3883 [Ἐξαγορεύεσθε]
3382 3812 3458 3884 (3)
3502 3812 3598 3877 τὰς
3633 3817 3832 3891 ἁμαρ-

638 3891 692 3941 2.
721 3887 1012 3943 Pnedicate
1046 3890 1296 3958 gentibus
1328 3900 1594 3961 praecepta
1629 3893 1770 3962 ejus.

2244 3896 2363 3959 τίας
2395 3898 2541 3968 ἡμᾶς
2568 3898 2644 3970 τῷ
2678 3901 2887 3972 Κυρίῳ,
2914 3902 3222 3956 ἱκετεύσατε
3247 3904 3423 3957 αὐτόν.

639 3979 682 4030 5,
724 3979 1063 4036 Exsultantes
1088 3983 1382 4052 gloriﬁcate
1397 3999 1542 4038 eum.

2312 3987 2365 4041 2.
2393 3990 2677 4061 Κηρύξατε
2699 3997 2808 4056 τοῖς
2827 3994 2901 4064 (4)
2927 3994 3101 4048 ἔθνεσι
3123 3995 3188 4049 τὰ
3211 3997 3604 4068 προστάγματα
3627 4002 3829 4058 αὑτοῦ.

641 4069 690 4122 ι.
719 4072 984 4136 Quoniam
1017 4088 1141 4127 cum
1182 4072 1323 4127 Deus
1376 4084 1538 4137 esset,
1580 4086 1795 4145 propter
1827 4090 1925 4130 nos
1961 4075 2140 4132 factus

1838 4090 1925 4130 nos
1961 4075 2140 4132 factus
2310 4083 2362 4136 5.
2404 4084 2822 4156 Ἀγαλλιώμενοι
2849 4089 3104 4154 δοξάσατε
3135 4089 3212 4159 (5)
3242 4093 3425 4146 αὐτόν.

569 4173 651 4215 est
702 4163 862 4217 homo
914 4181 1138 4217 manens
1182 4163 1342 4227 Deus,
1389 4174 1442 4219 et
1484 4182 1675 4234 passus
1722 4176 1827 4231 est,
1866 4177 1919 4222 et
1958 4184 2141 4223 resur-

2310 4175 2362 4228 4.
2393 4176 2534 4239 "Ott,
2560 4178 2689 4240 Θεὸς
2718 4179 2814 4244 ὢν,
2837 4181 3025 4250 γέγονε
3053 4184 3117 4236 δι’
3144 4185 3292 4254 ἡμᾶς
3315 4183 3599 4254 ἄνθρωπος
3623 4189 3833 4257 μείνας

570 4253 728 4316 rexit,
757 4264 809 4308 et
842 4264 1156 4322 assumptus
1198 4266 1279 4309 est
1328 4255 1470 4311 unde
1505 4268 1723 4328 propter
1767 4275 1865 4315 nos
1908 4259 2137 4316 descen-

2244 4267 2369 4331 Θεὸς
2394 4307 2408 4329 ,
2443 4270 2537 4323 καὶ
2564 4270 2794 4324 πέπονθε
2819 4315 2833 4336 ,
2865 4274 2957 4326 καὶ
2987 4253 3220 4344 ἀνέστη,
3258 4276 3352 4328 καὶ
3385 4253 3660 4351 ἀνελήφθῇ
3691 4253 3831 4336 δοερ

569 4348 701 4401 deus
732 4362 834 4399 non
863 4347 1037 4400 fuerat
1061 4357 1363 4416 separatus.
1781 4403 1794 4417 ,

1781 4403 1794 4417 ,
2238 4358 2302 4411 δι’
2340 4361 2484 4430 ἡμᾶς
2519 4361 2790 4415 κατελθὼν
2823 4366 2922 4417 οὐκ
2961 4366 3250 4438 ἐχωρίσθη.

641 4439 694 4491 5.
719 4438 794 4491 Ex
825 4440 962 4493 bona
991 4448 1167 4494 vestra
1212 4442 1623 4497 conversatione
1671 4442 2019 4500 honorabiles
2062 4445 2139 4500 si-

2311 4449 2362 4503 5.
2419 4451 2514 4503 Ἐκ
2553 4452 2652 4521 τῆς
2693 4452 2864 4523 καλῆς
2905 4455 3057 4524 ὑμῶν
3097 4457 3427 4530 ἐπιστροφῆς
3474 4458 3682 4530 ἔντιμοι
3731 4466 3829 4530 γί-

569 4533 660 4595 tis,
691 4541 743 4584 et
771 4530 880 4585 Deo
904 4541 958 4584 et
992 4531 1325 4588 hominibus.

2239 4541 2392 4593 νεσθε
2420 4541 2513 4611 (6),
2555 4543 2648 4596 καὶ
2685 4544 2801 4614 Θεῷ
2835 4546 2928 4600 καὶ
2959 4547 3281 4618 ἀνθρώποις.

639 4623 1037 4694 6.1mplebitur
1095 4625 1285 4694 Spiritu
1334 4641 1428 4680 cor
1470 4629 1804 4684 credentium
1856 4630 1912 4685 in
1956 4629 2139 4685 Domi-

2311 4632 2363 4686 6.
2391 4634 2764 4706 Ιῐλησθήσεται
2788 4636 3092 4708 πνεύματος
3119 4640 3314 4712 καρδία
3342 4645 3706 4700 πιστευόντων
3737 4651 3825 4713 εἰς

570 4726 722 4769 num.

2238 4726 2328 4779 τὸν
2361 4726 2585 4797 Κύριον.

638 4809 690 4861 7.
727 4806 941 4861 Credite
971 4808 1022 4860 in
1049 4806 1240 4870 Deum,
1266 4817 1320 4862 et
1342 4810 1744 4868 eonfortamini.

2310 4816 2358 4869 7.
2392 4818 2722 4874 Πιστεύσατε
2771 4823 2849 4885 εἰς
2885 4823 2975 4875 τὸν
3019 4824 3150 4878 Θεὸν
3180 4827 3289 4898 (7),
3323 4829 3418 4881 καὶ
3447 4829 3824 4902 δυναμοῦσθε.

638 4901 691 4953 8.
725 4898 995 4954 Postulate
1023 4899 1252 4970 gratiam
1295 4901 1466 4971 ipsius
1494 4903 1888 4958 indesinenter.

2308 4908 2360 4961 8.
2390 4909 2692 4981 Δίτήσασθε
2723 4914 2823 4985 τὴν
2848 4915 3004 4986 χάριν
3035 4919 3198 4972 αὑτοῦ
3230 4898 3606 4986 ἀδιαλείπτως.

637 4989 691 5043 9.
722 4988 776 5041 In
818 4991 1131 5044 memoriam
1185 5000 1453 5058 revocate,
1497 4993 1962 5061 quemadmodum
2006 5011 2131 5065 per-

2307 4996 2358 5049 9.
2408 4997 2740 5071 ’Υπόμνησιν
2770 5003 2981 5069 λάϐετε,
3008 5005 3083 5070 ὡς
3117 5007 3326 5078 διῆλθεν
3348 5011 3687 5079 εὐεργετῶν,
3719 5017 3824 5070 καὶ

569 5078 819 5131 transivit
870 5077 1234 5143 benefaciens,
1278 5091 1331 5135 et
1380 5097 1580 5137 sanans
1630 5097 1843 5149 omnes,
1882 5084 1977 5138 oui
2027 5085 2132 5139 sub

2241 5085 2467 5157 ἰώμενος
2499 5091 2671 5144 πάντα
2691 5109 2706 5121 °
2737 5095 2862 5157 τοὺς
2900 5077 3527 5171 καταδυναστευομένους
3575 5103 3681 5158 ὑπὸ
3715 5108 3821 5164 τοῦ

569 5177 833 5240 potestate
858 5180 1011 5224 erant
1036 5171 1257 5227 diaboli.

914 5180 1011 5224 ‘ant
1036 5171 1257 5227 diaboli.
2166 5183 2209 5237 D
2233 5179 2501 5235 διαϐόλου.

1512 5350 1822 5412 Addenda
1850 5360 1911 5414 et
1940 5354 2314 5435 corrigenda
2351 5377 2429 5419 ex
2476 5361 2617 5421 cod.
2647 5361 2846 5423 Vatic.

745 5535 1059 5624 ᾼΙοξολργεξ
1096 5623 1121 5624 η
1152 5623 1155 5624 ν
1250 5605 1342 5624 “77
1446 5623 1449 5624 ν
1626 5609 1638 5624 θ
2315 5549 2388 5624 (5)
2413 5550 2835 5624 Ἀγαλλιώμενος
2859 5553 3041 5623 δόξαζε
3068 5595 3082 5618 ,
3111 5565 3218 5613 etc.

656 5605 710 5686 ἓ)
847 5606 932 5658 διὰ
964 5608 1062 5688 τῆς
1091 5605 1746 5688 κινναδάρειυς-περιέχε-ι.
1859 5681 1871 5688 _
2416 5605 2658 5678 Γενέσθαι,

657 5626 710 5686 Ξ)
774 5626 818 5658 η
847 5626 932 5658 οια
964 5626 1062 5688 της
1091 5626 1746 5688 κινναοαρεως-περιεχει.

657 5692 708 5761 ,ῃ
740 5675 1202 5761 ξξξαγορευοντες,
1235 5687 1337 5735 etc.
1371 5678 1541 5748 ὑμων,
1569 5691 1675 5736 etc.
1698 5681 1984 5754 ἱκετεύιτε,
2022 5695 2126 5743 etc.

1047 5626 1062 5668 ;
1091 5626 1455 5679 κινναοαρεως
1484 5626 1746 5681 περιεχει.
2312 5626 2365 5688 (6
2416 5626 2634 5676 Γενέσθε

1047 5692 1202 5744 ›ντες,
1235 5687 1337 5735 etc.
1371 5677 1541 5748 ὑμῶν,
1569 5691 1675 5736 etc.
1698 5681 1984 5754 ἱκετεύιτε,
2022 5695 2126 5743 etc.
2307 5626 2386 5761 (7;
2415 5691 2634 5760 Κύριον.

635 5744 708 5812 (4)
745 5746 831 5797 Ἐν
854 5744 980 5810 τοῖς.
