4018 6468
174 370 326 424 1101
1109 376 1196 430 DE
1236 379 1512 437 TITULIS
1551 385 1761 442 PSALM

1855 390 1991 447 lUM.
2034 394 2315 453 —PS.\L.
2357 399 2491 457 CIV.
3308 413 3442 467 I102

263 486 352 542 10.
380 487 457 542 Τὰ
481 489 677 560 τέρατα
706 492 869 546 αὐτοῦ
893 532 907 556 ,
944 492 1035 547 καὶ
1073 496 1139 549 τὰ
1166 500 1406 568 κρίματα
1436 504 1529 556 τοῦ
1562 509 1762 577 στόμα-
1795 518 1839 571 Α

1500 504 1529 556 ὖ
1562 509 1762 577 στόμα-
1795 518 1839 571 Α
1940 514 2023 568 10.
2054 514 2303 590 Prodigia
2342 524 2482 591 ejus,
2512 524 2785 593 etjudicia
2810 524 2923 580 oris
2945 523 3083 594 ejus.

168 596 281 645 τος
320 596 508 636 αυτου.

263 673 347 726 11.
382 676 607 747 Σπέρμα
648 678 895 750 Ἀϐραὰμ
924 680 1100 734 δοῦλοι
1132 683 1318 747 αὑτοῦ,

1307 723 1318 747 ,
1936 698 2019 749 II.
2051 697 2245 754 Semen
2277 703 2549 757 Abraham
2583 708 2724 761 servi
2757 708 2894 778 ejus,

261 765 349 821 12.
389 767 505 819 Υἱοὶ
550 769 740 821 Ἰακὼϐ
771 771 1015 825 ἐκλεκτοὶ
1048 774 1235 827 αὑτοῦ.

1128 774 1235 827 τοῦ.
1940 787 2021 842 I2.
2052 786 2173 843 Filii
2203 788 2373 846 Jacob
2401 795 2553 847 electi
2576 795 2715 863 ejus.

258 855 347 909 15.
384 858 551 920 Αὐτὸς
591 858 795 929 Κύριος
835 863 863 913 ό
895 860 1025 922 Θεὸς
1060 860 1250 931 ἡμῶν,

1932 878 2017 933 IS.
2050 880 2167 949 Ipse
2198 884 2460 940 Dominus
2487 855 2626 941 Deus
2662 897 2865 953 noster,

258 948 348 1001 14.
397 950 483 1000 Ἐν
513 951 658 1021 πάσῃ
692 954 756 1021 τῇ
790 955 859 1023 γῇ
895 953 961 1005 τὰ
989 955 1229 1025 κρίματα
1264 955 1448 1013 αὑτοῦ.

1372 955 1448 1013 οὗ.
1930 968 2016 1022 14.
2050 971 2106 1024 In
2141 971 2393 1029 universa
2429 985 2569 1030 terra
2592 977 2796 1046 judicia
2821 978 2959 1047 ejus.

252 1039 343 1093 15.
386 1040 659 1113 Ἐμνήσθη
689 1047 768 1107 εἰς
798 1045 887 1097 τὸν
917 1049 1088 1101 αἰῶνα
1122 1049 1381 1122 διαθήκης
1408 1052 1592 1120 αὐτοῦ,

1930 1060 2014 1113 15.
2053 1060 2256 1117 Memor
2290 1063 2393 1119 fuit
2417 1068 2469 1121 in
2494 1070 2749 1123 smeulum
2784 1073 3089 1123 testamenti
3118 1069 3222 1133 sui,

250 1131 339 1187 16.
373 1133 567 1201 Λόγου.
595 1129 654 1187 οὗ
682 1137 983 1192 ἐνετείλατο
1013 1142 1090 1203 εἰς
1128 1140 1305 1210 χιλίας
1335 1146 1544 1212 γενεάς.

1928 1146 2015 1200 16.
2052 1146 2233 1215 Verbi,
2257 1155 2401 1221 quod
2436 1158 2713 1212 mandavit
2753 1159 2807 1212 in
2848 1159 2993 1214 mille
3020 1129 3417 1230 generationes.

252 1223 341 1277 17.
376 1227 473 1277 ⁸ον
503 1226 706 1280 διέθετο
741 1228 815 1299 τῷ
851 1231 1119 1303 Ἀδραὰμ,

1926 1240 2013 1294 17.
2039 1243 2195 1309 Quod
2221 1246 2493 1315 disposuit
2518 1250 2816 1315 Abraham,

246 1314 336 1368 18.
374 1318 481 1371 Καὶ
508 1318 599 1370 τοῦ
633 1320 794 1389 ὅρκου
827 1323 990 1375 αὑτοῦ
1026 1324 1104 1395 τῷ
1142 1326 1346 1382 Ἰσαάκ.

1149 1326 1346 1382 Ἰσαάκ.
1924 1332 2009 1389 18.
2041 1333 2104 1387 Et
2126 1336 2417 1403 juramenti
2447 1342 2527 1392 sui
2568 1338 2736 1395 Isaac.

246 1408 336 1463 19.
370 1411 478 1463 Ka‘t
510 1410 738 1481 ἔστησεν
774 1414 936 1466 αὐτὸν
963 1415 1039 1485 τῷ
1076 1417 1266 1470 Ἰακὼό
1296 1421 1373 1483 είς
1406 1421 1729 1493 πρόσταγμα

1536 1438 1729 1493 πταῖμα
1922 1423 2008 1478 19.
2038 1423 2102 1478 Ει
2130 1428 2317 1481 statuit
2343 1429 2468 1483 illud
2490 1427 2657 1485 Jacob
2686 1432 2738 1484 in
2770 1441 3123 1501 praeceptum,

239 1500 334 1554 20.
370 1503 476 1554 Kal.
500 1502 579 1572 τῷ
625 1504 839 1573 Ἰσραὴλ
868 1508 948 1569 εἰς
975 1506 1243 1580 διαθήκην
1272 1510 1506 1563 αἰώνιον.

1920 1516 2011 1570 20.
2044 1517 2109 1571 Et
2132 1520 2293 1575 Israel
2324 1523 2377 1576 in
2405 1500 2787 1578 testamentum
2822 1535 3108 1581 aeternum.

238 1592 331 1646 21.
367 1595 553 1661 Λέγων
628 1596 717 1647 Σοὶ
752 1595 906 1649 δώσω
933 1597 1031 1668 τὴν
1063 1603 1166 1670 γῆν
1197 1602 1415 1655 Χαναάν
1453 1619 1467 1633 ο

1918 1602 2007 1656 21.
2044 1603 2278 1661 Dicens:
2312 1605 2431 1663 Tibi
2454 1611 2596 1665 dabo
2630 1621 2830 1667 terram
2856 1614 3138 1680 Chanaan,

236 1684 331 1737 22.
356 1686 649 1757 Σχοίνισμα
680 1687 1039 1760 κληρονομίας
1074 1692 1247 1762 ὑμῶν.

1916 1694 2005 1747 22.
2044 1695 2367 1754 Funiculum
2409 1702 2741 1759 liaareditatis
2766 1715 2962 1759 vestrae

234 1778 327 1832 25.
377 1779 462 1831 Ἐν
492 1779 567 1849 τῷ
597 1776 733 1833 εἶναι
764 1782 959 1845 αὐτοὺς
992 1783 1210 1854 ἀριθμῷ
1243 1785 1486 1855 βραχεῖς,

1442 1802 1486 1851 ς,
1916 1785 2002 1838 23.
2038 1786 2175 1841 Cum
2205 1802 2388 1844 essent
2416 1793 2516 1861 ipsi
2552 1811 2779 1849 numero
2811 1798 3029 1861 modici,

232 1868 324 1921 24.
373 1870 705 1938 Ὀλιγοστοὺς
734 1875 826 1925 καὶ
857 1875 1151 1943 παροίκους
1175 1878 1231 1927 ὲν
1262 1876 1419 1948 αὐτῇ.
1772 1877 1815 1933 Β

1262 1876 1419 1948 αὐτῇ.
1772 1877 1815 1933 Β
1913 1874 2002 1929 24.
2039 1875 2357 1935 Paucissimi
2382 1893 2435 1937 et
2463 1885 2653 1940 incolae
2686 1889 2825 1957 ejus.

229 1959 326 2013 25.
349 1962 455 2014 Καὶ
478 1962 690 2033 διῆλθεν
723 1964 782 2028 ἐξ
815 1964 998 2027 ἔθνους
1031 1968 1111 2027 είς
1136 1966 1285 2030 ἔθνος
1306 1986 1321 1998 ο

1918 1967 2007 2022 25.
2044 1969 2107 2023 Et
2135 1975 2568 2041 pertransierunt
2597 1979 2663 2032 de
2693 1990 2849 2049 gente
2878 1984 2931 2036 in
2964 1995 3178 2054 gentem
3207 2003 3222 2043 :

231 2053 324 2106 26.
352 2053 459 2105 Καὶ
486 2056 549 2106 ὲκ
580 2054 855 2123 βασιλείας
890 2056 968 2117 είς
993 2056 1118 2107 λαὸν
1155 2057 1363 2127 ἕτερον.

1917 2061 2002 2115 26.
2040 2061 2104 2117 Et
2131 2064 2198 2119 de
2222 2081 2388 2136 regno
2419 2069 2485 2121 ad
2513 2072 2770 2139 populum
2802 2053 3054 2131 alterum.

1279 2255 1648 2313 ATHANASII
1690 2260 2275 2326 INTERPRETATIO.

231 2404 318 2461 10.
341 2405 406 2458 Αἱ
438 2407 605 2474 ἰάσεις
639 2412 731 2464 καὶ
753 2414 808 2464 αἱ
831 2412 1168 2466 διδασκαλίαι
1197 2412 1292 2467 τοῦ
1315 2413 1474 2485 λόγου
1502 2419 1601 2487 τῆς
1632 2419 1730 2487 χα-

1906 2422 1993 2476 10.
2033 2424 2376 2497 Sanationes,
2422 2444 2474 2486 et
2512 2432 2773 2490 doctrina:
2816 2438 2965 2494 verbi
2998 2447 3186 2513 gratiae
3232 2450 3404 2520 ipsius

145 2513 305 2565 ριτος
338 2498 502 2551 αὑτοῦ
531 2503 632 2571 (1).

224 2588 311 2641 11.
342 2592 404 2643 01
431 2595 610 2645 πιστοὶ
643 2597 718 2655 ὡς
747 2595 1020 2664 Ἀϐραάμ.

1915 2599 1995 2655 11.
2026 2601 2236 2660 Fideles
2268 2607 2406 2661 sicut
2439 2611 2732 2668 Abraham.

226 2680 310 2736 12.
343 2684 406 2733 0i
441 2683 725 2736 ἁπόστολο.
759 2686 832 2748 ὼς
858 2685 1049 2739 Ἰακὼϐ
1070 2726 1083 2751 ,
1110 2687 1357 2741 τουτέστι
1402 2690 1631 2763 καθαροὶ
1663 2694 1729 2763 τῇ

1906 2695 1991 2748 12.
2029 2695 2277 2759 Apostoli
2326 2701 2464 2755 sicut
2502 2700 2691 2759 Jacob.
2728 2709 2829 2763 hoc
2873 2720 2956 2764 est
2993 2714 3181 2769 mundi
3208 2718 3408 2778 corde:

140 2774 371 2843 καρδίᾳ.

222 2865 311 2919 15.
353 2866 410 2919 ’0
442 2866 498 2933 ἐξ
522 2868 695 2941 ἀρχῆς
726 2869 885 2933 αὐτὸς
913 2870 1004 2923 καὶ
1035 2871 1125 2922 ἐπὶ
1152 2872 1253 2940 γῆς
1278 2872 1461 2940 ὀφθείς

1904 2867 1993 2923 15.
2023 2871 2123 2936 Qui
2150 2888 2177 2925 a
2211 2876 2498 2946 principio,
2538 2879 2676 2934 idem
2715 2892 2767 2936 et
2792 2882 2843 2936 in
2875 2896 3017 2942 terra
3043 2891 3191 2945 visus
3213 2902 3313 2948 est.

223 2959 311 3012 H.
348 2960 428 3013 Τὰ
460 2962 516 3013 ὲν
549 2965 658 3024 τοῖς
708 2962 1058 3028 Εὑαγγελίοις
1094 2964 1487 3034 προστάγματα
1538 2967 1723 3023 αὑτοῦ.

1902 2959 1988 3013 14.
2024 2960 2295 3033 Praecepta
2318 2966 2457 3035 ejus,
2479 2984 2600 3037 qua
2623 2969 2675 3023 in
2700 2969 3004 3045 Evangeliis
3027 2984 3377 3036 continentur

224 3051 309 3106 15.
338 3053 685 3124 Ἐπλήρωσεν
706 3056 765 3106 ὲν
786 3055 961 3127 καιρῷ
990 3056 1201 3127 ἐσχάτῳ
1221 3056 1286 3110 τὰ
1309 3060 1435 3129 περὶ
1455 3059 1553 3129 τῆς
1580 3060 1730 3130 βασι-

1902 3050 1986 3103 15.
2018 3051 2256 3119 Implevit
2279 3057 2333 3109 in
2364 3067 2605 3128 tempore
2633 3064 2934 3119 novissimo
2969 3082 3091 3136 qua:
3125 3070 3192 3124 de
3229 3086 3398 3141 reguo

137 3142 301 3207 λείας
329 3144 517 3198 αὑτοῦ.

1830 3155 1930 3194 suo
1960 3145 2305 3210 promiserat.

216 3236 306 3289 16.
344 3237 480 3306 Περὶ
509 3236 601 3290 τοῦ
626 3238 830 3303 πάθους
859 3241 1042 3297 αὐτοῦ.
1069 3235 1131 3295 οὗ
1160 3244 1419 3313 προέλεγε
1448 3245 1569 3297 καθ’
1593 3247 1724 3301 ἑκά-

1902 3230 1989 3286 16.
2019 3230 2093 3286 De
2124 3236 2374 3301 paSsione
2407 3253 2527 3305 sua,
2564 3258 2726 3311 quam
2772 3247 3024 3316 praedixit
3066 3252 3119 3306 in
3167 3256 3397 3327 singulis

138 3344 283 3398 στην
310 3329 499 3396 γενεὰν
526 3330 614 3383 διὰ
641 3329 749 3382 τῶν
776 3331 1088 3402 προφητῶν.

1752 3348 1800 3410 c
1830 3325 2269 3394 generationibus
2299 3344 2392 3398 per
2422 3333 2737 3401 prophetas.

218 3420 310 3473 17.
342 3419 462 3472 Ὅτι
496 3416 615 3473 εἶπε
643 3420 719 3489 τῷ
746 3420 1030 3491 ’Δϐραάμο
1070 3423 1259 3475 Ἔσται
1290 3423 1351 3476 τὸ
1385 3427 1603 3497 σπέρμα
1633 3444 1728 3481 σου

1903 3414 1987 3472 17.
2018 3417 2287 3483 Quoniam
2332 3421 2469 3476 dixit
2506 3424 2779 3485 Abraham
2817 3444 2836 3488 :
2875 3428 2990 3486 Erit
3029 3448 3213 3492 semen
3242 3445 3394 3496 tuum

139 3511 221 3575 ὼς
254 3511 326 3564 τὰ
363 3510 538 3581 ἄστρα
581 3511 672 3565 τοῦ
707 3512 937 3579 οὐρανοῦ
969 3512 1048 3583 τῷ
1087 3513 1281 3582 πλήθει
1312 3515 1407 3567 καὶ
1446 3516 1525 3586 τῷ
1568 3517 1724 3585 φωτί.

1446 3516 1525 3586 τῷ
1568 3517 1724 3585 φωτί,
1828 3506 1967 3561 sicut
1997 3520 2143 3563 astra
2164 3512 2285 3565 ειειί
2318 3516 2677 3579 multitudine,
2712 3529 2763 3574 et
2794 3521 2912 3577 Iuee
2942 3524 3007 3579 ³³.

222 3600 309 3655 18.
341 3603 451 3655 Kal.
484 3604 583 3672 τὴν
620 3603 799 3659 πίστιν
835 3605 981 3676 αὑτῷ
1013 3606 1089 3677 τῷ
1118 3606 1231 3677 λαῷ
1260 3608 1356 3679 τῆς
1389 3608 1608 3680 χάριτος
1648 3610 1725 3679 (5)

1898 3596 1984 3651 18.
2017 3597 2081 3653 Ει
2106 3600 2260 3654 fidem
2294 3604 2465 3657 eidem
2494 3608 2695 3675 populo
2724 3611 2908 3679 gratire
2940 3610 3188 3690 [lastitize]
3224 3636 3239 3683 ;
3271 3636 3392 3674 nam

137 3692 391 3767 [χαρᾶς1-
416 3695 615 3767 Ὅρκος
664 3696 771 3767 γὰρ
818 3696 999 3761 πίστις
1039 3698 1208 3755 εστιν.
1235 3698 1517 3754 Ἰακὼϐδὲ
1550 3701 1723 3771 ιρμη-

1819 3688 2189 3757 juramentum
2240 3694 2371 3749 tldes
2414 3706 2516 3751 est.
2555 3696 2720 3752 Iacob
2768 3711 2947 3758 autem
3008 3688 3395 3779 interpretatur

142 3787 365 3841 γεύεται
400 3787 595 3854 χάρις.

432 3787 595 3854 τάρις.
1824 3783 2019 3851 gratia.

221 3807 272 3839 ΙΞ
349 3807 365 3839 ι
442 3807 479 3839 ιι
520 3807 595 3843 ιο.

221 3807 447 3927 1911K:
475 3807 791 3945 ἐπλήρωσεν
828 3876 994 3947 αὐτὴν
1022 3876 1317 3933 ἀσάλευτον
1358 3881 1456 3951 τὴν
1482 3881 1689 3949 ὲπαγγε
1709 3910 1721 3921 -

1824 3807 2020 3851 grana.

1894 3873 1979 3926 I9.
2013 3872 2078 3927 Et
2108 3875 2347 3946 implevit
2377 3878 2549 3947 ipsam
2603 3882 3105 3942 incommutabilem
3155 3894 3388 3959 promis-

135 3968 261 4019 λίαν
290 3965 388 4035 τῆς
416 3964 649 4030 πίστεως
678 3967 755 4036 τῷ
783 3967 897 4037 λαῷ
933 3966 1011 4037 τῷ
1036 3967 1107 4022 τὰ
1138 3968 1265 4041 τέλη
1302 3970 1408 4022 τῶν
1451 3971 1721 4025 Ἰουδαίων

1822 3965 2027 4018 sionem
2058 3966 2179 4020 lidei
2205 3971 2402 4038 populo
2425 3972 2694 4029 delinenti
2718 3979 3015 4034 novissima
3047 3980 3382 4041 Judaioruni.

138 4058 491 4126 κατασχόντι.

204 4148 297 4221 29.
329 4150 587 4221 καὶτοῖς
640 4151 958 4216 ἀποστόλοις
1024 4154 1118 4205 καὶ
1174 4155 1285 4216 τοῖς
1339 4154 1515 4223 ἁγίοις
1582 4156 1716 4209 πᾶσι

1889 4144 1978 4198 20.
2017 4144 2082 4198 Et
2122 4148 2385 4213 apostolis
2432 4160 2485 4204 et
2536 4153 2741 4209 sanctis
2782 4156 3037 4213 omnibus
3078 4159 3385 4218 videntibus

131 4244 250 4303 τοῖς
272 4241 469 4311 όρῶσιν
493 4242 651 4294 αὑτὸν
677 4245 735 4295 ἐν
760 4242 1063 4313 ὁμοιώματι
1110 4244 1205 4296 ἀνθ
1215 4243 1431 4313 ρώπων,
1471 4246 1564 4297 καὶ
1584 4248 1714 4314 ὁμο-

1817 4251 1942 4291 eum
1986 4238 2037 4291 in
2090 4239 2501 4297 similitudinem
2554 4245 2834 4301 hominum
2887 4258 2941 4303 et
2997 4252 3381 4311 conﬁtentibus

130 4330 387 4398 λογοῦσιν
415 4331 596 4395 αὐτὸν,
628 4331 702 4394 ὡς
746 4331 877 4384 Θεὸν
905 4332 981 4401 (4)
1035 4336 1155 4384 κατ’
1179 4333 1385 4395 οὐσίαν,
1438 4332 1624 4404 ὥσπερ
1678 4338 1712 4387 ό

1816 4345 1939 4383 eum
1968 4340 2025 4383 ut
2053 4330 2216 4385 Deum
2254 4337 2547 4389 secundum
2579 4340 2894 4405 essentiam,
2920 4344 3377 4411 quemadmodum

146 4422 390 4489 Ἰσραὴλ
416 4420 570 4489 ὀρῶν
590 4422 697 4476 τὸν
725 4424 893 4477 Θεόν.

1818 4420 1986 4475 Israel
2009 4423 2185 4477 videns
2220 4425 2383 4477 Deum
2416 4428 2817 4495 interpretatur.

206 4513 296 4566 2|.
326 4513 514 4580 Λέγων
545 4512 622 4582 τῷ
651 4513 798 4584 χορῷ
831 4514 938 4566 τῶν
972 4514 1283 4567 ἀποστόλων
1311 4533 1323 4543 ·
1376 4516 1534 4585 ’Υμῖν
1557 4513 1712 4568 δώσω

1884 4517 1967 4568 2t.
2002 4514 2192 4571 Dieens
2210 4519 2376 4572 choro
2398 4522 2760 4589 apostolorum
2784 4542 2797 4580 :
2820 4524 2982 4581 Vobis
3000 4527 3140 4584 dabo
3160 4546 3374 4588 omnem

134 4603 317 4655 πάντα
337 4602 427 4654 τὸν
450 4604 652 4672 κόσμον
678 4602 787 4655 τῶν
818 4602 1011 4656 ἐθνῶν.
1037 4604 1275 4657 Χαναὰν
1290 4604 1396 4674 γὰρ
1418 4604 1713 4675 ἑρμηνεύε-

1815 4608 2073 4658 mundum
2098 4607 2360 4676 gentium.
2387 4608 2658 4664 Clianaam
2680 4615 2823 4667 enim
2863 4616 3247 4687 interpretatur
3281 4624 3376 4675 ad-

130 4710 223 4747 ται
240 4693 602 4761 προσκυνῶν
622 4694 737 4763 τὴν
756 4695 829 4765 (5)
857 4695 1129 4763 ἀνομίαν,
1148 4696 1283 4765 ὅπερ
1305 4691 1443 4765 ἦσαν
1470 4697 1534 4748 τὰ
1557 4696 1702 4769 ἔθνη.

1399 4713 1443 4748 ιν
1470 4697 1534 4748 τὰ
1557 4696 1702 4769 ἔθνη.
1738 4719 1782 4771 ο
1813 4711 1968 4749 orans
1995 4698 2345 4768 iniquitatem,
2376 4701 2567 4770 quales
2598 4714 2751 4758 erant
2780 4716 2986 4775 gentes.

203 4784 295 4839 22.
350 4785 678 4856 Ἀπὲραντον
699 4787 898 4856 πλῆθος
936 4787 1034 4857 τῆς
1066 4786 1428 4858 κληρονομίας
1458 4786 1631 4858 ὑμῶν.

1879 4787 1970 4840 2‘2.
1997 4788 2262 4842 lnlinitam
2291 4793 2687 4847 multitudinem
2720 4796 3055 4855 hereditatis
3083 4809 3278 4857 vestrae

206 4876 297 4930 23.
330 4871 508 4930 Ἦσαν
537 4879 645 4949 γὰρ
671 4878 898 4932 δώδεκα.

1875 4880 1964 4933 25.
2004 4882 2169 4934 Erant
2194 4883 2337 4936 enim
2360 4884 2667 4941 duodecim.

201 4961 291 5015 24.
342 4962 577 5027 ’ἰδιώτας
600 4964 675 5035 τῷ
701 4966 862 5036 λόγῳ,
898 4966 991 5019 καὶ
1020 4967 1263 5035 πτωχοὺς
1298 4967 1353 5018 ὲν
1384 4968 1461 5037 τῷ
1487 4968 1699 5039 κόσμῳ.

1620 4987 1699 5039 .ῳ.
1868 4972 1956 5025 24.
1988 4974 2248 5029 Sermone
2277 4977 2515 5046 imperiti
2546 4989 2598 5032 et
2628 4994 2893 5049 pauperes
2923 4982 2977 5036 in
3005 4984 3207 5038 mundo

202 5052 292 5106 25.
326 5055 706 5125 Κηρῡσσοντες
730 5057 826 5128 τὴν
854 5057 1127 5127 βασιλείαν
1150 5058 1239 5110 τοῦ
1273 5058 1409 5111 Θεοῦ
1445 5059 1543 5130 (6).

1173 5058 1239 5110 ποῦ
1273 5058 1409 5111 Θεοῦ
1445 5059 1543 5130 (6).
1867 5065 1955 5119 25.
1990 5065 2353 5122 Ρτειξάίεοηιθε
2386 5084 2613 5139 regnum
2652 5070 2760 5125 Dei.

200 5144 289 5199 28.
322 5146 432 5198 Καὶ
461 5147 524 5197 ὲκ
542 5146 636 5198 τοῦ
664 5148 791 5201 λαοῦ
815 5150 922 5201 τῶν
960 5150 1227 5203 Ἰουδαίων
1255 5149 1468 5219 διῆλθον
1496 5150 1633 5219 κηρύ
1645 5168 1701 5202 σ-

1867 5157 1954 5209 26.
1988 5157 2052 5210 Ει
2102 5158 2169 5211 de
2210 5160 2412 5227 popqu
2461 5159 2774 5218 Judaaorum
2824 5175 3259 5234 pertransnerunt
3300 5166 3365 5223 ad

134 5252 316 5299 σοντες
349 5237 430 5300 εις
455 5238 525 5291 τὰ
553 5237 701 5310 ἔθνη.

1799 5248 2199 5315 praedicandum
2230 5249 2281 5302 in
2309 5250 2558 5321 gentibus

201 5371 245 5402 "
283 5370 419 5426 Gen.
448 5390 537 5437 xv,
566 5374 599 5427 5
631 5390 644 5438 ;
687 5391 796 5441 xvr,
832 5374 919 5426 10.

1077 5470 1379 5532 Addenda
1418 5479 1479 5532 et
1514 5470 1883 5549 corrigenda
1916 5489 1993 5532 ex
2041 5471 2181 5532 cod.
2214 5473 2411 5535 Vatic.

216 5616 267 5689 1)
297 5616 531 5689 ξάριτός
561 5635 673 5672 σου.
742 5687 750 5689 ξ
1870 5621 1945 5689 (4)
1976 5623 2067 5684 Εἰς
2092 5620 2244 5686 Θεὸν,
2278 5633 2383 5678 etc.

216 5616 267 5685 1)
297 5616 531 5687 Χάριτός
561 5635 673 5672 σου.

193 5616 269 5770 1⁵3)
302 5686 556 5770 sum;
592 5690 697 5770 ﬁs
720 5687 918 5770 ὥῑιθηι.
1248 5763 1285 5770 .-
1372 5762 1380 5770 .
1468 5759 1518 5770 -.
1614 5769 1617 5770 ,

1870 5621 1945 5689 (4)
1976 5623 2067 5684 Εἰς
2092 5620 2244 5686 Θεόν,
2278 5639 2293 5675 ε

720 5687 918 5770 ὢῑθηι.
1248 5763 1285 5770 .-
1372 5762 1380 5770 .
1468 5759 1518 5770 -.
1614 5769 1617 5770 ,
1868 5691 2293 5770 (élrﬁrdsesh

196 5756 270 5820 (ὅ)
289 5756 461 5810 Αὑτοῦ
489 5756 566 5827 τῷ
597 5756 711 5830 λαῷ
736 5756 834 5831 τῆς
858 5756 1095 5833 χάριτος,
1116 5762 1431 5829 ειε.,’1σαὰκ
1463 5759 1543 5829 δέ,
1576 5769 1681 5818 etc.
1868 5761 1941 5832 (6)
1966 5756 2097 5813 θεὸῦ
2129 5764 2206 5824 εἰς
2227 5762 2401 5817 πάντα
2435 5765 2502 5818 τὰ
2531 5764 2681 5842 ἔθνη.
