4018 6460
642 331 779 390 1105
1483 332 1538 383 S.
1580 329 1941 385 ATIIANASII
1982 331 2130 389 OPP.
2174 332 2350 390 PARS
2388 336 2473 390 ιιι.
2516 334 3021 391 —-EXEGETIC.\.
3749 338 3886 393 1164

712 452 779 505 27
838 448 953 503 Non
979 446 1192 517 reliquit
1225 447 1497 501 hominem
1539 459 1731 499 nocere
1763 445 1876 499 eis:
2229 460 2274 507 Α

2229 460 2274 507 Α
2369 449 2457 502 27.
2489 451 2601 503 Οὐκ
2631 450 2839 518 ἀφῆκεν
2865 451 3148 520 ἄνθρωπον
3169 451 3423 523 ἀδικῆσαι
3452 452 3656 516 αὐτούς
3681 472 3696 485 ·

710 544 800 597 28.
828 540 893 593 Et
919 538 1179 608 corripuit
1206 553 1302 607 pro
1329 538 1408 591 eis
1438 552 1609 606 reges.

2371 541 2460 595 28.
2495 542 2601 593 Καὶ
2630 540 2851 611 ήλεγξεν
2873 541 3013 612 ὑπὲρ
3041 542 3218 594 αὐτῶν
3248 541 3510 612 βασιλεῖς.

709 633 798 689 ‘29.
835 630 1006 685 Nolite
1034 639 1250 697 tangere
1287 628 1522 683 christos
1559 644 1709 685 meos
1733 672 1747 685 .

2369 632 2459 685 29.
2495 634 2584 701 Μὴ
2622 633 2856 687 ἅπτεσθε
2888 633 2996 686 τῶν
3030 635 3262 705 χριστῶν
3291 653 3392 705 μου
3418 653 3431 666 ο

713 721 799 777 30.
838 722 897 774 Et
932 722 983 774 in
1013 719 1288 789 prophetis
1319 718 1452 771 meis
1484 719 1650 772 nolite
1679 718 1991 789 malignari.

2370 723 2457 778 30.
2494 724 2603 776 Kal.
2636 725 2695 776 ἐν
2721 727 2834 787 τοῖς
2864 727 3169 794 προφήταις
3198 742 3299 795 μου
3332 728 3407 796 μὴ
3435 729 3835 798 πονηρεύεσθε.

712 812 799 865 51.
837 812 899 865 Et
926 811 1135 864 vocavit
1172 809 1367 863 famem
1391 825 1555 878 super
1586 821 1823 865 terrain:

2370 811 2457 864 3l.
2496 814 2603 866 Kal.
2636 813 2859 867 ἐκάλεσε
2884 814 3039 885 λιμὸν
3068 816 3159 867 ἐπὶ
3188 814 3284 886 τὴν
3313 816 3416 886 γῆν

712 904 799 958 3'2.
836 902 1005 956 Omne
1037 906 1434 955 ﬁrmamentum
1458 902 1615 972 panis
1643 902 1916 957 contrivit.

1905 943 1916 955 .
2372 902 2460 956 52.
2493 904 2608 955 Πᾶν
2640 906 2914 976 στήριγμα
2946 905 3111 975 ἄρτου
3150 904 3488 976 συνέτριψεν.

713 997 798 1050 '53.
836 996 976 1049 Misit
997 1004 1122 1049 ante
1151 1010 1245 1049 eos
1279 995 1496 1048 virum:

2371 994 2457 1047 33.
2501 995 2839 1048 Ἀπέστειλεν
2872 996 3175 1069 ἔμπροσθεν
3196 996 3374 1051 αὐτῶν
3407 996 3701 1068 ἄνθρωπον

714 1088 784 1141 54
832 1086 889 1140 In
912 1102 1122 1142 servum
1156 1084 1492 1141 venundatus
1522 1094 1605 1141 est
1625 1082 1846 1156 Ioseph.

1723 1085 1846 1156 eph.
2370 1085 2454 1137 54.
2490 1086 2583 1147 Εἰς
2616 1085 2799 1139 δοῦλον
2833 1088 3045 1158 ἐπράθη
3089 1089 3307 1158 Ἰωσήφ.

716 1181 804 1233 55.
836 1178 1264 1232 lluntiliavcrunt
1295 1177 1347 1230 in
1377 1179 1733 1248 compedibus
1768 1177 1928 1246 pedes
1958 1176 2114 1247 ejus’

2372 1174 2459 1228 35.
2502 1176 2899 1229 Ἑταπείνωσαν
2928 1179 2984 1229 ὲν
3012 1177 3197 1238 πέδαις
3222 1180 3346 1243 τοὺς
3371 1179 3539 1243 πόδας
3564 1178 3742 1233 αὐτοῦ
3759 1194 3778 1211 ⁸

714 1270 803 1324 36.
837 1267 1060 1322 Ferrum
1096 1270 1408 1337 pertransiit
1435 1270 1672 1323 animam
1708 1268 1847 1338 ejus.

1803 1284 1847 1321 s.
2368 1265 2456 1319 36.
2489 1265 2710 1337 Σίδηρον
2731 1267 2944 1339 διῆλθεν
2968 1271 3000 1340 ή
3032 1269 3177 1340 ψυχὴ
3198 1270 3382 1324 αὑτοῦ.

714 1359 800 1413 37.
833 1358 1010 1412 Donec
1039 1359 1245 1411 veniret
1268 1359 1487 1412 verbum
1520 1359 1676 1427 ejus:

2368 1356 2456 1409 37.
2488 1354 2658 1425 Μέχρι
2691 1356 2783 1409 τοῦ
2813 1357 2985 1411 ἐλθεῖν
3014 1360 3102 1412 τὸν
3131 1360 3285 1429 λόγον
3313 1360 3497 1415 αὑτοῦ.

713 1449 801 1503 '58.
838 1448 1123 1517 Eloquium
1153 1447 1365 1501 Domini
1394 1447 1741 1501 inﬂammavit
1772 1461 1919 1501 eum.

2366 1447 2455 1501 38.
2488 1447 2561 1499 Τὸ
2588 1447 2765 1516 λόγιον
2790 1450 2990 1519 Κυρίου
3023 1451 3303 1522 ὲπύρωσεν
3341 1452 3524 1505 αὐτόν.

714 1541 799 1594 59.
836 1539 980 1593 Misit
1004 1555 1118 1601 rex,
1143 1548 1197 1593 et
1216 1540 1375 1594 solvit
1404 1555 1563 1593 eum:

2368 1538 2456 1592 39.
2496 1539 2806 1593 Ἀπέστειλε
2844 1540 3113 1610 βασιλεὺς,
3150 1542 3243 1595 καὶ
3278 1542 3464 1594 ἔλυσεν
3492 1541 3695 1595 αὐτόν’

713 1632 799 1685 ιι).
831 1629 1085 1699 Princeps
1119 1631 1296 1700 populi
1332 1640 1386 1683 et
1408 1630 1613 1685 dimisit
1639 1646 1780 1685 eum.

2370 1628 2456 1683 40.
2493 1633 2709 1704 Ἀρχων
2738 1632 2890 1700 λαοῦ,
2924 1634 3015 1686 καὶ
3044 1632 3256 1703 ἀφῆκεν
3305 1635 3486 1689 αὐτόν.

712 1724 800 1775 Η.
833 1721 1125 1776 Constituit
1156 1737 1279 1775 eum
1315 1719 1600 1774 Dominum
1627 1720 1823 1775 domus
1853 1734 1989 1783 suae,

2369 1722 2457 1778 41.
2489 1726 2833 1797 Κατέστησεν
2866 1726 3025 1780 αὐτὸν
3052 1726 3252 1796 Κύριον
3273 1726 3365 1779 τοῦ
3396 1729 3543 1779 οἴκου
3576 1722 3776 1791 αὑτοε,

714 1813 800 1865 £2.
841 1812 903 1866 Et
935 1813 1232 1882 principem
1268 1814 1446 1866 omnis
1475 1811 1838 1881 possessionis
1868 1826 2001 1866 suae.

2366 1814 2453 1868 42.
2481 1816 2589 1867 Καὶ
2617 1817 2853 1887 ἄρχοντα
2892 1817 3074 1885 πάσης
3107 1819 3203 1887 τῆς
3229 1818 3470 1887 κτήσεως
3507 1816 3695 1871 αὑτοῦ.

715 1905 797 1959 45.
838 1902 905 1960 Ut
931 1907 1167 1960 erudiret
1205 1904 1476 1974 principes
1502 1903 1621 1972 ejus
1655 1905 1796 1959 sicut
1826 1903 2199 1973 semetipsum,

2367 1902 2455 1957 45.
2491 1903 2596 1957 Τοῦ
2620 1905 2903 1959 παιδεῦσαι
2924 1906 3049 1968 τοὺς
3078 1906 3340 1977 ἄρχοντας
3362 1906 3527 1959 αὐτοῦ
3548 1908 3625 1969 ὠς
3653 1906 3884 1971 ἑαυτὸν,

1757 2039 2137 2095 ATHANASII
2182 2036 2758 2099 lNTERl‘llETATlO.

713 2215 800 2271 27.
835 2213 949 2269 Non
976 2217 1193 2287 reliquit
1225 2218 1533 2287 quempiam
1568 2229 1775 2279 eorum,
1807 2215 1900 2284 qui
1936 2224 2062 2269 tunc
2095 2215 2196 2267 im-
2227 2218 2269 2272 Β

2365 2208 2454 2263 27.
2488 2209 2600 2262 Οὐκ
2639 2209 2816 2279 ἀφῆκέ
2852 2226 2972 2263 τινα
3009 2210 3114 2263 τῶν
3144 2211 3265 2261 τότε
3323 2208 3669 2280 κρατούντων
3705 2222 3884 2260 κατα-

642 2309 850 2387 perium
879 2308 1213 2372 obtinebant,
1248 2319 1306 2363 ut
1340 2310 1615 2379 apostolos
1648 2317 1992 2377 superarent.

1571 2324 1615 2363 )s
1648 2317 1992 2377 superarent.
2300 2299 2653 2354 δυναστεῦσαι
2686 2302 2791 2352 τῶν
2826 2299 3158 2353 ἀποστόλων.

709 2399 795 2454 28.
836 2397 1096 2453 Herodem
1128 2409 1179 2454 et
1214 2398 1480 2455 Neronem
1512 2398 1807 2454 interfecit.

2366 2393 2456 2446 28.
2508 2393 2753 2461 Ἡρώδην
2778 2394 2871 2445 καὶ
2900 2392 3125 2461 Νέρωνα
3158 2390 3513 2452 ἐθανάτωσεν.

708 2490 799 2544 29.
830 2490 1137 2557 Apostolus.

2367 2483 2455 2536 29.
2495 2483 2613 2536 Τῶν
2643 2483 2972 2535 ἀποστόλων.

710 2577 797 2631 50.
831 2579 993 2630 Erant
1045 2578 1189 2630 enim
1241 2576 1400 2629 iidem
1440 2575 1671 2645 apostoli
1703 2577 1864 2630 etiam
1898 2576 2196 2645 prophetae,

2368 2574 2455 2627 30.
2482 2568 2660 2625 Ἦσαν
2693 2572 2800 2643 γὰρ
2838 2574 2885 2625 οί
2918 2574 3071 2626 αὐτοὶ
3110 2572 3394 2626 ἀπόστολοι
3426 2572 3520 2625 καὶ
3570 2573 3885 2645 προφῆται,

642 2668 1023 2721 annuntiantes
1050 2682 1169 2735 qua:
1196 2667 1375 2720 futura
1412 2677 1537 2721 sunt
1569 2668 1619 2719 in
1652 2682 1816 2737 regno
1840 2667 2127 2723 caelorum.

2300 2661 2543 2729 λέγοντες
2575 2662 2640 2713 τὰ
2673 2662 2932 2731 μέλλοντα
2961 2664 3017 2715 ὲν
3038 2664 3102 2731 τῇ
3129 2660 3376 2732 βασιλείᾳ
3401 2660 3509 2713 τῶν
3534 2660 3809 2731 οὐρανῶν.

710 2758 800 2811 3|.
832 2755 886 2809 ln
936 2756 1271 2828 Synagogam
1306 2757 1483 2810 intulit
1516 2772 1621 2809 non
1671 2754 1865 2811 famem
1901 2757 2076 2826 panis,
2106 2756 2198 2811 sed

2370 2754 2455 2807 3|.
2500 2754 2585 2803 Ἑν
2624 2756 2689 2823 τῇ
2736 2756 3022 2824 συναγωγῇ
3081 2754 3312 2823 ἤνεγκεν
3363 2755 3422 2806 οὐ
3473 2754 3633 2823 λιμὸν
3675 2754 3885 2825 ἄρτου,

641 2847 836 2903 famem
867 2847 1118 2903 audiendi
1157 2849 1374 2901 verbum
1406 2846 1617 2900 Domini
1643 2848 1706 2898 ⁸⁸.

2299 2843 2433 2897 ἀλλὰ
2463 2842 2616 2912 λιμὸν
2645 2843 2739 2896 τοῦ
2773 2843 3002 2897 ἀκοῦσαι
3030 2842 3183 2911 λόγον
3213 2845 3416 2915 Κυρίου
3452 2844 3548 2915 (1).

708 2939 795 2994 52.
826 2937 1051 2994 Omnem
1087 2953 1275 2992 eorum
1327 2938 1654 2991 mundanam
1704 2937 2008 2992 doctrinam
2054 2939 2201 2993 dedit

2367 2934 2454 2987 52.
2491 2935 2676 2987 Πᾶσαν
2707 2934 2882 2987 αὐτῶν
2932 2934 3027 3005 τὴν
3059 2935 3406 2990 διδασκαλίαν
3454 2937 3551 3007 τὴν
3600 2938 3888 3011 κοσμικὴν

642 3031 695 3085 in
730 3031 1108 3100 perditionem.

2302 3027 2381 3090 εἰς
2406 3026 2709 3096 ἀφανισμὸν
2729 3026 2945 3080 ἔδωκεν.

711 3122 799 3175 55.
834 3118 959 3173 Fuit
987 3120 1138 3174 homo
1161 3120 1352 3174 missus
1379 3136 1411 3175 α
1430 3118 1556 3185 Deo,
1577 3121 1662 3173 cui
1688 3136 1871 3174 nomen
1894 3131 2007 3174 erat
2034 3119 2200 3174 Joan-

2370 3119 2459 3172 33.
2513 3118 2772 3182 Ἐγένετο
2832 3118 3140 3185 ἄνθρωπος
3204 3118 3660 3189 ἀπεσταλμένος
3712 3123 3888 3189 παρὰ

642 3229 729 3266 im
747 3213 813 3264 ".
2302 3209 2469 3272 Θεοῦ,
2493 3208 2677 3277 ὄνομα
2702 3206 2863 3273 αὐτῷ
2898 3208 3182 3275 Ἰωάννης

710 3304 797 3359 54.
830 3302 1135 3357 Humanum
1166 3318 1335 3371 genus
1357 3302 1633 3355 venditum
1666 3311 1779 3355 erat
1803 3303 1856 3355 in
1885 3302 2199 3356 servitutem

2370 3299 2458 3352 54.
2489 3298 2562 3351 Τὸ
2586 3299 2739 3366 γένος
2769 3298 2875 3350 τῶν
2912 3298 3215 3369 ἀνθρώπων
3261 3301 3342 3363 είς
3388 3298 3631 3353 δουλείαν
3674 3297 3747 3371 ἦν
3778 3319 3885 3356 πι-

641 3388 710 3449 ab
743 3396 910 3447 Adam
955 3394 1025 3445 ob
1072 3400 1350 3461 peccatum
1383 3407 1547 3445 :nam
1592 3390 1783 3461 Ioseph
1816 3392 2201 3462 interpretatur

2300 3387 2579 3458 πραμένος
2623 3386 2699 3458 (2)
2739 3390 2804 3458 τῇ
2844 3389 3086 3460 ἁμαρτίᾳ
3130 3390 3239 3443 ἀπὸ
3272 3390 3366 3444 τοῦ
3406 3390 3609 3461 ’Δδάμ·
3646 3394 3881 3463 Ἰωσὴφ

642 3484 847 3537 addidi.

2232 3541 2266 3550 _
2302 3480 2408 3549 γὰρ
2447 3478 2800 3550 ἑρμηνεύεται
2833 3479 3196 3547 προσέθηκα.

712 3578 797 3630 55.
836 3576 1170 3630 Domueruut
1200 3575 1519 3630 adversaria:
1555 3586 1849 3646 poteStates
1891 3591 2061 3647 genus
2098 3576 2200 3629 liu-
2225 3541 2267 3597 ο

2313 3541 2323 3547 Ι
2372 3541 2457 3622 55.
2478 3541 2488 3550 ’
2510 3541 2814 3636 ζεδάμασαν
2853 3541 3093 3622 ἐναντίαι
3121 3569 3196 3639 (5)
3224 3568 3478 3638 δυνάμεις
3507 3570 3568 3621 τὸ
3586 3572 3746 3638 γένος
3766 3572 3884 3627 τῶν

640 3684 859 3723 manum
890 3668 1127 3737 peccalo.

2302 3657 2602 3729 ἀνθρώπων
2626 3660 2692 3727 τῇ
2727 3659 2990 3730 ἁμαρτίᾳ.

712 3758 798 3809 56.
852 3756 908 3809 In
961 3765 1187 3810 mortem
1220 3755 1409 3809 incidit
1458 3757 1637 3809 anima
1687 3756 1925 3810 universi
1978 3757 2199 3811 humani

2372 3750 2459 3803 36.
2497 3750 2588 3811 Εἰς
2620 3749 2846 3802 θάνατον
2880 3750 3148 3804 ἐπέπεσεν
3185 3752 3262 3823 (4)
3298 3755 3331 3825 ὴ
3370 3753 3515 3826 ψυχὴ
3548 3755 3751 3820 παντὸς
3780 3757 3880 3810 τοῦ

640 3847 875 3917 generis.

2299 3841 2487 3909 γένους
2516 3840 2623 3893 τῶν
2649 3840 2970 3912 ἀνθρώπων.

711 3937 799 3992 57.
828 3937 1004 3993 Donec
1032 3937 1179 3992 venit
1210 3937 1515 4009 unigenitus
1540 3935 1705 3993 Filius
1730 3937 1839 3992 Dei.

2368 3933 2455 3987 37.
2478 3934 2619 3998 Ἕως
2644 3929 2703 3987 οὗ
2733 3929 2893 4004 ἦλθεν
2924 3936 2952 3985 ὁ
2987 3936 3278 4007 μονογενὴς
3302 3937 3429 3999 Υίὸς
3455 3936 3549 3989 τοῦ
3581 3938 3740 3992 Θεοῦ.

710 4028 798 4085 58.
832 4028 1085 4084 Doctrina
1116 4042 1171 4085 et
1189 4029 1453 4085 adventus
1480 4028 1692 4084 Domini
1716 4028 1997 4083 inundavit
2029 4044 2198 4098 genus

2367 4026 2455 4080 38.
2500 4026 2562 4077 Ἦ
2587 4026 2771 4095 διδαχὴ
2803 4026 2895 4078 καὶ
2922 4028 2955 4095 ἡ
2986 4027 3259 4097 παρουσία
3292 4028 3385 4081 τοῦ
3421 4028 3627 4099 Κυρίου
3664 4030 3876 4084 ἑκαθά-

644 4122 961 4174 humanum.

2302 4133 2417 4187 ρισε
2441 4116 2500 4168 τὸ
2531 4117 2684 4183 γένος
2708 4116 2815 4169 τῶν
2838 4116 3156 4186 ἀνθρώπων.

711 4211 797 4265 59.
828 4209 986 4265 Pater
1018 4209 1211 4264 Filium
1244 4211 1414 4277 misit,
1446 4219 1499 4265 et
1525 4210 1687 4265 solvit
1719 4218 1894 4264 totum
1934 4210 2197 4264 mundum

2366 4208 2454 4264 39.
2498 4208 2555 4260 '0
2576 4208 2764 4279 Πατὴρ
2788 4209 2877 4261 τὸν
2901 4210 3026 4263 Υἱδν
3046 4210 3352 4273 ἀπέστειλε,
3388 4213 3478 4265 καί
3503 4210 3661 4265 ἔλυσε
3689 4214 3878 4268 πάντα

642 4318 670 4354 a
695 4303 925 4370 peccatis
951 4304 1079 4356 suis.

2297 4300 2386 4353 τὸν
2410 4300 2611 4371 κόσμον
2636 4301 2744 4353 ἀπὸ
2769 4301 2877 4353 τῶν
2899 4300 3181 4372 ἁμαρτιῶν
3220 4302 3419 4357 αὐτῶν.

709 4391 793 4445 40.
835 4391 1055 4447 Liberos
1083 4393 1231 4478 ipsos
1267 4392 1443 4447 eﬂ’ecit
1488 4408 1518 4447 a
1560 4394 1931 4447 dominatione
1968 4394 2192 4463 peccati.

2367 4391 2456 4446 40.
2512 4392 2856 4463 Ἐλευθέρους
2910 4392 3107 4455 αὐτοὺς
3155 4392 3421 4461 πεποίηκε
3478 4392 3572 4446 τοῦ
3614 4396 3872 4465 κυριεύε-

2301 4480 2421 4535 σθαι
2455 4481 2533 4553 (5)
2564 4483 2668 4535 ὑπὸ
2694 4483 2795 4551 τῆς
2816 4483 3129 4553 ἁμαρτίας.Ι

714 4570 799 4625 41.
835 4570 993 4625 Pater
1024 4572 1216 4625 Filium
1245 4587 1403 4627 suum
1432 4570 1731 4625 declaravit
1770 4571 2053 4626 Dominum
2078 4587 2198 4625 om-

2364 4573 2453 4632 41,
2494 4574 2553 4625 '0
2582 4574 2769 4646 Πατὴρ
2795 4573 3027 4639 ἀνέδειξε
3052 4574 3143 4626 τὸν
3170 4574 3298 4628 Υίὺν
3317 4573 3481 4629 αὐτοῦ
3505 4574 3713 4647 Κύριον
3738 4579 3877 4631 πάν-

641 4660 790 4717 nium
822 4671 1155 4725 sanctorum,
1186 4671 1240 4716 et
1278 4662 1448 4716 dixit:
1489 4662 1589 4715 Hic
1610 4672 1688 4715 est
1732 4660 1907 4716 Filius
1946 4679 2087 4717 meus
2115 4665 2197 4717 di-

2296 4681 2402 4717 των
2421 4663 2528 4716 τῶν
2570 4665 2759 4733 ἁγίων,
2805 4666 2898 4718 καὶ
2934 4666 3183 4737 εἴρηκεν,
3232 4667 3307 4730 ὼς
3345 4664 3533 4734 Οὗτός
3568 4668 3647 4737 (6)
3696 4670 3876 4723 ἐστιν

642 4756 823 4820 lectus,
859 4757 1029 4822 ipsum
1053 4753 1252 4807 audite.

2297 4758 2329 4808 ό
2363 4756 2493 4821 Υἱός
2521 4774 2639 4824 μου
2665 4760 2698 4810 ὁ
2720 4757 3042 4826 ἀγαπητὸς,
3066 4759 3252 4813 αὑτοῦ
3276 4759 3543 4813 ἀκούετε.

708 4847 793 4902 42.
830 4845 1131 4914 Principem
1161 4853 1214 4899 et
1240 4842 1639 4898 Dominatorem
1680 4845 1863 4898 omnis
1894 4844 2056 4900 simul
2080 4861 2193 4901 οων
2226 4867 2270 4925 ι)

2366 4846 2454 4900 42.
2490 4848 2755 4919 Ἄρχοντα
2817 4849 2909 4902 καὶ
2956 4848 3304 4922 ὲξουσιαστὴν
3354 4850 3533 4921 πάσης
3584 4850 3720 4921 ὀμοῦ
3771 4852 3870 4921 τῆς

646 4939 787 4995 lestis
811 4948 863 4993 et
888 4936 1181 5000 terrestris,
1205 4945 1257 4991 et
1293 4934 1517 4991 inferna;
1550 4944 1831 4991 creaturae.

2299 4938 2641 5007 ιπουρανίου,
2667 4939 2758 4991 καὶ
2797 4939 3075 5007 ἐπιγείων,
3118 4941 3210 4994 καὶ
3237 4940 3602 5011 καταχθονίων
3635 4942 3713 5011 (7)
3747 4941 3870 4997 κτι-

2306 5042 2461 5079 σεως.

705 5113 792 5165 45.
828 5109 1112 5181 Apostolos
1130 5093 1281 5178 ejus.

2306 5042 2340 5079 σ
2448 5068 2461 5079 .

2340 5042 2451 5172 Ἥ.
2489 5118 2625 5181 Τοὺς
2659 5117 2984 5181 ἀποστόλους
3009 5118 3192 5173 αὑτοῦ.

704 5232 751 5263 ’θ
788 5232 955 5284 Amos
981 5242 1103 5291 vni,
1140 5226 1225 5279 11.
1312 5225 1359 5259 ⁸⁵
1386 5222 1545 5279 Joan.
1582 5241 1617 5290 I,
1646 5222 1703 5279 6.

1571 5320 1877 5383 Addenda
1916 5327 1978 5385 et
2007 5323 2383 5404 corrigenda
2430 5340 2508 5386 ex
2534 5325 2676 5387 cod.
2711 5325 2889 5388 Vstic

704 5487 954 5558 (1)8206.
1059 5555 1066 5558 _
1519 5552 1556 5558 ﬂ
2471 5486 2575 5538 Τοῦ
2616 5488 2690 5556 μὴ
2720 5488 3087 5558 κυριεύεσθαι.

704 5549 777 5629 (2)
809 5555 1181 5629 Πεπραμένον,
1208 5563 1335 5616 etc.,
1366 5552 1719 5623 προσέθηκα.
2485 5549 2893 5629 ’Ϋᾼγίώνίαὺτοᾱ
2924 5556 3157 5629 είρηκῴς
3186 5549 3416 5629 ὀὗτος.
3451 5571 3561 5616 etc.

703 5627 778 5698 (⁷5)
803 5632 866 5681 Δί
900 5627 1158 5699 ἐναντίαι.
1274 5694 1315 5699 _
1349 5692 1374 5699 _
1416 5694 1428 5699 _
2371 5627 2446 5698 (7)
2492 5628 2784 5695 Ἐπιγείου,
2812 5630 2903 5681 καὶ
2925 5628 3301 5699 καταχθονίου,
3330 5637 3436 5682 etc.

698 5692 771 5773 (4)
808 5698 1123 5763 ’Υιιτέπεσεν⁹
1144 5706 1245 5751 etc.
1273 5692 1375 5747 Τοῦ
1400 5694 1563 5750 deest.
