4018 6470
146 417 301 478 1103
1053 425 1140 479 DE
1180 425 1456 483 TITULIS
1493 427 1948 489 PSALMORUM.
1986 462 2054 472 —
2098 432 2291 488 PSAL.
2323 433 2459 489 CIV.
3277 440 3406 496 H06

229 535 321 590 44.
360 535 469 590 Καὶ
498 536 624 601 τοὺς
650 537 1053 610 πρεσϐυτέρως
1084 540 1251 595 αὑτοῦ
1287 543 1522 611 σοφίσαι.
1765 551 1812 608 Α

1501 584 1522 598 η.
1765 551 1812 608 Α
1910 548 2000 601 44.
2039 547 2106 602 Et
2129 564 2288 604 senes
2320 549 2440 618 ejus
2479 549 2816 618 prudentiam
2849 551 3088 607 doceret.

229 624 323 681 45.
358 626 466 680 Καὶ
494 627 742 698 εἰσῆλθεν
789 630 1007 700 Ἰσραὴλ
1039 633 1119 695 είς
1147 631 1422 701 Αἴγυπτον
1441 650 1456 664 ⁸

1403 653 1422 686 ν
1441 650 1456 664 ⁸
1909 641 1996 695 45.
2036 641 2102 694 Et
2131 641 2355 696 intravit
2383 640 2548 696 Israel
2581 643 2632 695 in
2657 640 2948 714 Egyptum
2978 662 2990 698 :

227 717 320 773 46.
355 718 465 771 Καὶ
487 719 697 773 ,Ἰακὼϐ
731 721 1059 793 παρῴκησεν
1091 725 1149 776 ὲν
1178 727 1247 794 γῇ
1280 723 1427 795 Χάμ.
1623 735 1627 739 ”

1623 735 1627 739 ’
1910 734 1996 788 46.
2029 731 2094 787 Ει
2124 732 2292 788 Jacob
2324 734 2508 789 accola
2541 734 2643 790 fuit
2672 739 2725 789 lu
2757 745 2897 790 terra
2926 735 3118 790 Cham.

227 807 321 862 47.
356 810 465 862 Καὶ
496 809 698 881 ηὔξησε
723 812 813 865 τὸν
845 813 973 868 λαὸν
995 815 1161 868 αὐτοῦ
1196 815 1398 887 σφόδρα
1417 831 1430 843 ⁶

1907 826 1996 879 47.
2028 827 2093 880 Et
2128 828 2276 881 auxit
2314 828 2569 897 pepulum
2603 844 2763 882 suum
2800 830 3186 884 vehementer:

226 898 321 954 48.
351 901 457 954 Καὶ
489 903 855 973 ὲκραταίωσεν
887 906 1050 959 αὐτὸν
1080 907 1217 978 ὑπὲρ
1240 908 1366 971 τοὺς
1394 905 1619 978 ἐχθροὺς
1642 909 1734 960 αύ-

1574 923 1619 969 δς
1642 909 1734 960 αὖ·
1907 915 1995 969 48.
2031 915 2095 970 Ει
2123 917 2360 970 tirmavit
2389 932 2513 972 eum
2548 933 2710 987 super
2738 918 2992 974 inimicos
3023 919 3161 988 ejus.

145 1007 275 1042 του.

229 1081 320 1136 40.
357 1081 702 1161 Μετέστρεψε
748 1087 846 1155 τὴν
897 1087 1121 1159 καρδίαν
1164 1088 1331 1142 αὐτοῦ
1363 1090 1456 1143 τοῦ
1508 1093 1732 1164 μισῆσαι

1907 1088 1992 1143 49.
2025 1088 2303 1142 Convertit
2329 1105 2426 1145 cor
2456 1091 2575 1161 ejus
2603 1102 2660 1147 ut
2684 1090 2861 1146 odiret
2889 1094 3147 1164 populum
3176 1095 3295 1167 ejus
3321 1116 3334 1152 :

145 1171 248 1224 τδν
275 1172 405 1225 λαὸν
431 1173 592 1226 αὑτοῦ
609 1190 624 1205 ο

228 1262 318 1318 50.
356 1264 461 1317 Τοῦ
500 1264 799 1320 ὼλιοῦσθαι
833 1269 891 1320 ἐν
922 1272 1033 1332 τοῖς
1060 1269 1264 1332 δούλοις
1299 1270 1483 1323 αὑτοῦ.

1420 1271 1483 1322 r3.
1903 1268 1991 1322 50.
2032 1269 2095 1322 Et
2121 1269 2306 1323 dolum
2339 1268 2542 1324 faceret
2576 1270 2628 1323 in
2654 1285 2840 1325 servos
2869 1271 3007 1339 ejus.

228 1353 320 1409 5L
361 1355 739 1420 Ἐξαπέστειλε
773 1359 1012 1430 Μωῦσῆν
1039 1361 1130 1413 τὸν
1161 1360 1342 1413 δοῦλον
1367 1361 1552 1425 αὑτοῦ,

1286 1377 1342 1412 ον
1367 1361 1552 1425 αὑτοῦ,
1900 1357 1990 1411 51.
2028 1357 2174 1412 Misit
2196 1356 2416 1430 Moysen
2443 1373 2661 1412 servum
2691 1375 2871 1424 suum,

228 1443 317 1498 52.
357 1444 580 1515 Ἀαρὼν,
621 1447 678 1500 ὃν
711 1448 994 1514 ἐξελέξατο
1019 1449 1214 1520 ἐαυτῷ.

1171 1449 1214 1520 ᾖ.
1901 1446 1989 1502 ὕῖ.
2021 1447 2223 1512 Aaron,
2253 1464 2415 1517 quem
2445 1449 2610 1518 elegit
2639 1449 2758 1503 sibi.

229 1533 317 1589 53.
355 1535 545 1589 Ἐθετο
566 1537 624 1589 ὲν
656 1538 837 1600 αὐτοῖς
854 1539 981 1603 τοὺς
1003 1539 1194 1608 λόγους
1231 1540 1338 1593 τῶν
1371 1540 1610 1612 σημείων
1634 1542 1729 1594 αύ-

1583 1558 1610 1592 ν
1634 1542 1729 1594 αύ-
1899 1538 1988 1592 55.
2020 1537 2211 1594 Posuit
2233 1539 2285 1593 in
2315 1539 2396 1594 eis
2418 1540 2581 1594 verba
2610 1539 2890 1610 signorum
2918 1555 3167 1605 suorum,

140 1641 271 1690 του,

225 1716 315 1771 54.
347 1718 456 1770 Καὶ
480 1717 588 1792 τῶν
614 1718 858 1789 τεράτων
884 1720 1046 1773 αὐτοῦ
1074 1722 1131 1773 ὲν
1159 1724 1227 1790 γῇ
1258 1722 1404 1792 Χάμ.

1896 1719 1984 1775 54.
2015 1717 2082 1772 Ει
2111 1718 2488 1790 prodigiorum
2513 1734 2740 1774 suorum
2778 1720 2830 1772 in
2857 1731 3000 1778 terra
3028 1721 3219 1777 Cham.

224 1807 314 1861 55.
356 1789 733 1873 Ἐξαπέστειλε
765 1809 955 1873 σκότος
986 1811 1079 1863 καὶ¹
1113 1812 1438 1864 ἐσκότασεν’

1320 1789 1438 1864 σενο
1896 1811 1984 1867 55.
2018 1810 2164 1866 Misit
2193 1789 2446 1865 tenebras
2474 1819 2530 1865 et
2554 1812 2870 1869 obscuravit
2897 1833 2907 1866 :

223 1894 316 1950 56.
351 1897 470 1950 Ὀτι
497 1898 911 1967 παρεπίκραναν
940 1899 1067 1962 τοὺς
1108 1899 1297 1968 λόγους
1330 1901 1515 1955 αὐτοῦ.
1759 1893 1800 1947 Β

1759 1893 1800 1947 Β
1899 1902 1988 1957 56.
2019 1901 2158 1968 Quia
2187 1901 2654 1956 exacerbaverunt
2677 1919 2960 1960 sermones
2995 1921 3161 1960 suos:

222 1987 313 2043 57.
343 1989 691 2060 Μετέστρεψε
719 1989 787 2043 τὰ
815 1989 985 2044 ὕδατα
1013 1991 1191 2044 αὐτῶν
1217 1994 1296 2057 είς
1323 1989 1460 2065 αἷμα
1479 2010 1492 2022 ο

1898 1992 1984 2046 57.
2023 1991 2304 2048 Convertit
2338 2007 2510 2061 aquas
2538 2009 2726 2048 eorum
2760 1994 2813 2048 in
2846 1996 3207 2066 sanguinem:

221 2080 314 2136 58.
349 2081 458 2134 Καὶ
487 2081 773 2136 ἀπέκτεινε
793 2083 920 2146 τοὺς
951 2084 1138 2154 ἰχθύας
1171 2086 1369 2140 αὐτῶν.

1171 2086 1369 2140 αὐτῶν.
1899 2083 1986 2138 58.
2021 2082 2088 2137 Ει
2111 2084 2312 2140 occidit
2334 2084 2511 2154 pisces
2540 2101 2751 2140 eorum.

222 2171 309 2226 59.
357 2172 633 2243 Ἐξεῖρψεν
665 2175 698 2244 ἡ
734 2174 803 2243 γῆ
834 2173 1014 2228 αὐτῶν
1047 2175 1352 2245 βατράχους

1193 2175 1352 2244 άχους
1898 2173 1985 2230 59.
2023 2174 2202 2229 Edidit
2227 2186 2369 2230 terra
2397 2192 2590 2231 eorum
2622 2193 2780 2232 ranas

220 2264 311 2320 60.
353 2265 443 2318 Ἐν
468 2268 580 2328 τοῖς
608 2265 876 2333 ταμιείοις
904 2264 1010 2317 τῶν
1042 2265 1305 2335 βασιλέων
1338 2266 1537 2320 αὐτῶν.

1391 2266 1537 2319 ᾶτῶν.
1893 2266 1982 2321 60.
2015 2266 2072 2321 ln
2095 2267 2465 2337 penetralibus
2495 2284 2682 2339 regum
2711 2269 2978 2339 ipsorum.

1281 2403 1648 2459 ATllANASll
1697 2402 2282 2460 INTERPRETATIO.

217 2563 308 2618 44.
339 2564 451 2617 Καὶ
486 2564 814 2628 επισκόπους
852 2567 945 2618 καὶ
988 2564 1391 2635 πρεσϐυτέρους
1427 2565 1483 2616 ἐν
1526 2562 1714 2631 πλήθει

1891 2563 1978 2618 44.
2017 2563 2080 2617 Ει
2121 2565 2404 2635 episcopos
2451 2575 2504 2618 et
2553 2565 2898 2636 presbyteros
2950 2567 3003 2620 in
3061 2567 3397 2642 plenitudine

137 2656 244 2728 τῆς
279 2656 356 2727 (l)
389 2657 606 2728 χάριτος
639 2656 825 2711 αὐτοῦ.

582 2675 606 2720 ς
639 2656 825 2711 αὑτοῦ.
1819 2654 2007 2723 gratim
2034 2670 2169 2708 suae.

214 2747 306 2802 45.
353 2748 411 2801 Ὀ
434 2748 591 2818 χορὸς
619 2749 726 2800 τῶν
751 2747 1060 2800 ἀποστόλων
1093 2749 1338 2818 εἰσῆλθεν
1364 2750 1420 2802 ὲν
1451 2752 1514 2820 τῇ
1543 2749 1717 2818 Θλίψει

1888 2745 1970 2798 45.
2005 2746 2218 2800 Chorus
2251 2747 2629 2816 apostolorum
2655 2747 2940 2819 ingressus
2966 2758 3049 2802 est
3077 2747 3130 2802 in
3168 2751 3397 2804 tribula-

137 2837 238 2892 τοῦ
274 2838 502 2907 κόσμου.
551 2839 793 2905 Ἰσραὴλ
831 2837 938 2909 γὰρ
988 2840 1349 2910 ἑρμηνεύεται
1391 2841 1537 2907 νοῦς
1566 2841 1719 2910 ὁρῶν

1819 2837 2020 2893 tionem
2039 2839 2247 2891 mundi.
2271 2839 2448 2894 Israel
2470 2841 2614 2895 enim
2643 2841 3030 2910 interpretatur
3057 2857 3196 2896 mens
3215 2843 3391 2896 ridens

138 2930 252 2984 τὸν
285 2930 451 2993 Θεὸν,
487 2930 622 3000 ὅπερ
654 2925 791 3000 ἦσαν
815 2933 862 2984 οί
896 2932 1200 2986 ἀπόστολοι.
1233 2933 1529 3002 Αἴγυπτος
1550 2935 1606 2988 δὲ
1630 2936 1717 3004 ἐρ-

1823 2928 2007 2993 Deum,
2038 2930 2226 2999 quales
2249 2940 2406 2985 erant
2448 2933 2702 3003 apostoli.
2733 2932 2996 3004 ZEgypms
3021 2944 3200 2990 autem
3232 2938 3393 2992 inter-

139 3022 438 3092 μηνεύεται
462 3023 685 3090 θλίψις.

1817 3025 2062 3086 pretatur
2098 3017 2398 3072 tribulatio.

211 3113 302 3167 46.
352 3114 410 3165 Ὀ
441 3114 568 3177 Υίδς
597 3114 689 3167 τοῦ
719 3115 853 3168 θεοῦ
882 3116 1212 3187 παρῴκησεν
1244 3117 1302 3168 ἐν
1324 3114 1398 3187 τῷ
1435 3117 1643 3188 κόσμῳ.

1369 3114 1398 3187 ξ)
1435 3117 1643 3188 κόσμῳ,
1888 3108 1972 3163 46.
2012 3109 2183 3164 Filius
2217 3109 2312 3164 Dei
2345 3111 2613 3165 habitavit
2643 3111 2696 3165 in
2733 3114 2956 3166 mundo.

215 3206 303 3258 47.
336 3207 443 3260 Καὶ
469 3209 764 3277 κατήρτισε
786 3209 910 3271 τοὺς
933 3209 1120 3276 ἁγίους
1163 3208 1348 3264 αὑτοῦ.

1167 3208 1348 3264 αὑτοῦ,
1887 3201 1973 3256 47.
2009 3201 2074 3255 Ει
2104 3202 2329 3272 perfecit
2358 3212 2576 3257 sanctos
2603 3219 2754 3258 suos.

251 3298 302 3349 νζ.
355 3298 632 3366 Ἑνίσχυσε
663 3300 788 3363 τοὺς
821 3300 1009 3368 ἁγίους
1040 3301 1180 3373 ὑπὲρ
1212 3301 1308 3362 τὰς
1343 3301 1587 3366 ἐναντίας
1623 3304 1714 3357 δυ-

1887 3296 1977 3349 48.
2011 3295 2402 3350 Corroboravit
2433 3305 2655 3353 sanctos
2682 3314 2843 3368 super
2876 3299 3220 3357 adversariae
3251 3311 3395 3372 pote-

137 3390 245 3441 νέ..
267 3405 353 3450 .ις.

1817 3396 2002 3443 states.

211 3505 237 3525 η
287 3519 301 3530 .
350 3481 697 3551 Ἀπεστράῳη
726 3479 786 3533 τδ
831 3479 982 3544 ἔθνος
1023 3481 1130 3534 τῶν
1172 3481 1436 3534 Ἰουδαίων
1485 3482 1572 3535 διὰ
1618 3483 1714 3554 τὴν

1886 3479 1973 3533 40.
2008 3479 2305 3535 Aversatus
2326 3489 2412 3535 est
2435 3491 2647 3550 gentem
2668 3480 2976 3536 Iudaeorum
3006 3492 3223 3552 propter
3237 3500 3391 3538 suam

134 3573 236 3624 ἀπι
284 3572 402 3624 τίαν
431 3573 629 3626 αὐτῶν.

627 3616 629 3625 ,
1818 3570 2214 3625 inﬁdelitatem.

217 3664 306 3718 50.
356 3662 573 3734 Ἐπειδὴ
607 3661 973 3717 ὲδολιεύσαντο
998 3663 1135 3717 κατά
1159 3663 1266 3716 τῶν
1293 3661 1582 3735 προφητῶν
1621 3663 1716 3717 αύ-

1887 3662 1971 3716 50.
2029 3659 2296 3727 Quoniam
2344 3661 2498 3717 dolos
2570 3662 2818 3719 tecerunt
2868 3675 3054 3721 contra
3100 3667 3390 3738 prophetas

133 3771 257 3807 του.

1817 3767 1969 3806 SUOS.

214 3845 302 3898 5·Ι.
353 3844 729 3909 Ἐξαπέστειλε
785 3845 878 3899 τὸν
951 3847 1107 3916 χορὸν
1178 3847 1284 3900 τῶν
1357 3847 1549 3900 ἁλιέων
1614 3846 1711 3917 (2).

1886 3843 1976 3897 51.
2013 3842 2158 3898 Misit
2180 3843 2407 3898 chorum
2428 3845 2783 3913 piscatorum.
2817 3845 3024 3917 Moyses
3052 3848 3195 3902 enim
3223 3850 3389 3903 inter-

134 3931 406 4001 Μωῦσῆς
434 3933 928 4004 γάρ.ἒρμηνεύεται
976 3935 1280 4004 ἀναίρεσις
1323 3935 1423 4005 ἀφ’
1475 3937 1710 4000 ὕδατος.

1815 3945 2058 4005 pretatur
2086 3938 2374 4004 assumptio
2402 3937 2465 3989 ab
2490 3955 2644 4006 aqua.
2676 3937 2716 3991 E
2741 3956 2887 3993 mare
2914 3943 3178 4012 siquidem
3207 3953 3391 3997 sustu-

148 4024 287 4076 Ἀπὸ
318 4024 426 4099 γᾲρ
452 4025 550 4094 τῆς
575 4025 848 4095 Θαλάσσης
891 4027 1131 4080 ἀνείλετο
1173 4030 1296 4091 τοὺς
1343 4029 1672 4091 ἀποστόλους
1698 4047 1710 4059 ·

1347 4029 1672 4091 ἀποστόλους
1698 4047 1710 4059 ·
1815 4029 1877 4082 lit
1906 4027 2182 4097 apostolos
2211 4043 2223 4079 :
2258 4037 2415 4081 erant
2447 4030 2588 4082 enim
2618 4031 2934 4099 piscatores.

134 4109 277 4184 ἦσαν
306 4084 414 4184 γὰίρ
437 4115 625 4178 ἁλεεῖς.

212 4205 301 4257 52.
352 4204 577 4284 Ἀιφῲγ
634 4207 994 4276 ἑρμηνεύεται
1050 4207 1183 4275 ὄρος
1236 4207 1572 4277 δυνάμενος
1615 4211 1711 4278 (5),

1886 4205 1975 4260 5‘2.
2003 4205 2184 4258 Aaron
2223 4205 2610 4276 interpretatur
2643 4223 2789 4259 mons
2843 4209 3074 4273 virtutis,
3103 4210 3280 4278 qualis
3307 4217 3391 4266 est

134 4299 278 4369 ὅπερ
312 4298 458 4351 ἐστὶν
485 4299 516 4368 ἠ
554 4300 846 4370 Ἐκκλησία
875 4299 981 4353 τῶν
1013 4300 1239 4365 πιστῶν,
1271 4302 1337 4370 ἢν
1392 4305 1710 4374 περιεποιή-

1818 4295 2058 4353 Ecclesia
2115 4295 2376 4365 ﬁdelium,
2409 4313 2571 4366 quam
2624 4300 2958 4368 comparavit
2992 4300 3093 4355 sibi
3128 4303 3390 4373 sanguine

137 4408 274 4443 σατο
298 4390 385 4443 διὰ
407 4390 500 4442 τοῦ
532 4391 667 4443 ἰδίου·
686 4393 937 4460 αἵματος.
1813 4406 1933 4445 suo.
2200 4450 2202 4452 _

212 4482 302 4535 55.
333 4481 413 4534 Τὰ
447 4483 847 4553 προστάγματα
875 4485 1039 4537 αὐτοῦ
1068 4484 1218 4537 ἔθετο
1237 4486 1293 4536 ὲν
1333 4485 1409 4554 τῷ
1440 4486 1570 4555 λαῷ.

1367 4485 1409 4554 ῷ
1440 4486 1570 4555 λαῷ.
1882 4484 1974 4539 55.
2006 4481 2276 4548 Ρταξοεριο
2307 4495 2403 4533 sua
2437 4480 2617 4548 posuit
2653 4480 2704 4534 in
2734 4482 2948 4549 populo.

214 4573 305 4627 54.
337 4575 450 4626 Καὶ
482 4573 592 4627 τῶν
625 4576 963 4646 παθημάτων
1003 4577 1165 4629 αὐτοῦ
1196 4618 1208 4640 ,
1253 4571 1326 4628 ὧν
1357 4578 1614 4647 ὑπέμεινε
1649 4581 1711 4649 τῇ

1882 4575 1970 4627 54.
2013 4571 2076 4625 Ει
2099 4574 2415 4641 passionum
2440 4588 2689 4636 suarum,
2710 4588 2846 4640 quas
2865 4590 3059 4642 passus
3073 4585 3156 4628 est
3177 4575 3230 4629 in
3255 4591 3383 4630 con-

140 4665 218 4734 (4)
269 4671 558 4738 συναγωγῇ
606 4669 714 4721 τῶν
762 4669 1046 4739 τολμηρῶν
1079 4670 1399 4741 ἀνθρώπων.
1443 4665 1568 4740 Χὶὶμ
1605 4671 1714 4741 γάρ

1811 4665 2126 4735 gregatione
2156 4664 2443 4718 audacium
2483 4665 2788 4718 hominum.
2827 4663 2994 4720 Cltam
3025 4669 3168 4722 enim
3209 4672 3388 4722 audax

139 4759 439 4827 τολμηρὸς
475 4759 855 4830 ἑρμηνεύεται.

625 4759 855 4813 νεύεται.
1813 4760 2212 4826 interpretatur.

211 4848 302 4900 55.
345 4848 432 4900 Ἐν
455 4851 520 4919 τῇ
563 4854 849 4921 συναγωγῇ
879 4851 1057 4905 αὐτῶν
1089 4852 1177 4906 διὰ
1202 4870 1300 4924 την
1326 4853 1580 4907 ἀπιστίαν
1612 4854 1713 4906 αύ-

1882 4850 1970 4904 55.
2001 4847 2056 4902 ln
2087 4848 2566 4918 congregationem
2597 4865 2786 4904 eorum
2821 4859 3040 4920 propter
3074 4865 3265 4905 eorum
3302 4853 3386 4905 in-

138 4938 270 4991 τῶν.

1812 4943 2152 4998 ﬁdelitatem.

213 5026 301 5082 56.
338 5028 462 5081 Ὀτι
493 5030 594 5083 οὐκ
630 5030 898 5098 ἐφύλαξαν
921 5032 986 5085 τὰ
1009 5032 1406 5103 προστάγματα
1437 5032 1622 5086 αὐτοῦ.

1595 5033 1622 5084 i.
1882 5034 1970 5089 56.
2002 5033 2136 5102 Quia
2167 5045 2273 5086 non
2308 5031 2723 5088 custodiverunt
2747 5033 2866 5100 ejus
2898 5045 3182 5103 przecepta.

212 5117 301 5172 57.
349 5118 624 5188 Ἀφείλετο
647 5122 825 5175 αὐτῶν
851 5124 950 5193 τὴν
995 5124 1175 5194 χάριν,
1207 5124 1296 5177 καὶ
1336 5123 1484 5178 είασε
1517 5125 1713 5187 αὐτοὺς

1880 5127 1971 5181 57.
2002 5124 2237 5182 Abstulit
2254 5127 2336 5180 eis
2355 5125 2611 5194 gratiam,
2655 5134 2711 5180 et
2758 5127 3005 5196 permisit
3045 5142 3139 5182 eos
3184 5126 3387 5182 servire

141 5208 414 5263 δουλεύειν
443 5214 510 5289 τῇ
539 5212 797 5284 ἁμαρτίᾳ.

462 5214 510 5289 τᾼῇ
539 5212 797 5284 ἁμαρτίᾳ.
1808 5228 2049 5289 peccato.

213 5300 300 5354 58.
331 5302 442 5364 Τάς
466 5283 640 5374 ίζνυχάς
660 5283 839 5358 αὐτῶν
869 5305 966 5369 τάς
999 5307 1055 5359 ὲν
1081 5307 1267 5377 κόσμῳ
1286 5309 1362 5378 (5)
1389 5307 1709 5378 νηχομένας.

1478 5307 1709 5378 [ομένας.
1878 5308 1968 5363 58.
1997 5309 2220 5364 Animas
2248 5323 2435 5362 eorum
2469 5308 2522 5361 in
2556 5308 2761 5364 mundo
2792 5318 3065 5367 natantes.

212 5392 300 5446 59.
336 5395 401 5446 Al
424 5395 639 5464 καρδίαι
668 5399 845 5450 αὐτῶν
866 5399 962 5463 τὰς
985 5399 1276 5469 ἐπιθυμίας
1291 5401 1396 5452 τῶν
1420 5400 1708 5470 δαιμόνων.

1671 5418 1708 5458 δ.
1877 5403 1965 5455 59.
2000 5401 2175 5455 Corda
2201 5415 2391 5455 eorum
2422 5401 2897 5470 eoncupiscentias
2925 5403 3258 5458 dazmonum.

208 5483 297 5539 60.
341 5485 430 5537 Ἐν
461 5487 581 5548 ταῖς
610 5486 869 5551 διανοίαις
896 5490 1002 5543 τῶν
1033 5491 1308 5560 ἀρχόντων
1332 5492 1530 5545 αὐτῶν.

1371 5492 1530 5545 ύτῶν.
1880 5492 1965 5546 60.
2003 5492 2060 5545 In
2097 5492 2373 5546 mentibus
2403 5493 2710 5562 principum
2744 5508 2957 5548 eorum.

1090 5609 1394 5671 Addenda
1427 5617 1486 5671 et
1518 5611 1890 5691 corrigenda
1932 5629 2005 5671 ex
2039 5611 2178 5671 cod.
2213 5609 2413 5670 Yatic.

325 5705 778 5782 Ἑμπλῆσαιρῆθ
817 5722 920 5766 etc.

709 5711 778 5778 ἧς,
817 5722 920 5766 etc.
1885 5715 1960 5782 (5)
1988 5714 2296 5781 Δυνάμεως.

231 5771 285 5834 2)
333 5771 574 5857 Ἀλιέων,
715 5771 972 5852 ’Μωῦσῆς
1034 5783 1389 5856 ἑρμηνεύεται
1437 5785 1710 5857 ἀναίρεσις
2001 5786 2087 5857 Ἐν
2116 5771 2200 5857 {ﬁ-

147 5841 352 5909 ὕδατος,
383 5857 489 5902 etc.
524 5849 778 5917 ἀνήλατο,
807 5861 906 5905 etv.
933 5841 962 5852 ’”
1064 5841 1075 5856 ’
1104 5841 1112 5855 ’
1165 5841 1176 5855 ’
1566 5841 1575 5857 ³
1694 5841 1706 5849 ⁷

1064 5841 1112 5856 ”
1165 5841 1176 5855 ’
1566 5841 1575 5857 ’
1694 5841 1706 5849 ⁷
2007 5856 2092 5910 Ἐν
2236 5854 2443 5926 κόσμῳ.
