4018 6452
630 335 765 395 “07
1475 346 1533 399 S.
1579 346 1945 402 ATHANASII
1990 353 2138 408 OPP.
2179 354 2360 411 PARS
2401 359 2484 412 ΙΙΙ.
2527 393 2592 402 -
2632 362 3042 418 EXEGETICA.
3755 366 3906 422 H08

696 458 782 510 6|.
827 456 990 524 Dixit,
1021 469 1074 512 et
1104 462 1248 515 venit
1271 464 1595 534 ccenorny’ia,
2224 485 2264 534 Α

2224 485 2264 534 Α
2369 476 2454 530 61.
2500 475 2654 538 ETa-.5,
2689 480 2780 532 καὶ
2809 476 2936 550 ἦλθε
2969 479 3248 550 κυνόμυια,

695 548 784 602 62.
819 549 885 602 Et
915 550 1157 620 ciniplies
1188 553 1241 606 in
1265 555 1518 610 omnibus
1558 556 1756 611 ﬁnibus
1779 573 1992 612 eorum.

2363 568 2450 623 62.
2495 572 2601 623 Καὶ
2633 576 2856 635 σκνῖπες
2885 573 2942 624 ἐν
2974 575 3102 625 πᾶσι
3126 577 3236 636 τοῖς
3261 573 3425 644 ὁρίοις
3457 574 3655 631 αὐτῶν.

696 638 782 694 65.
823 640 1015 696 Posuit
1045 643 1256 712 pluvias
1283 661 1469 700 eorum
1511 648 1848 716 grandinem,

2365 663 2450 716 65.
2473 663 2661 716 Ἐθετο
2693 665 2790 728 τὰς
2826 665 3023 736 βροχὰς
3046 667 3222 719 αὐτῶν
3255 638 3530 737 χαλαζαν,’

693 728 780 785 64.
824 729 1001 800 Ignem
1035 734 1442 789 comburentem
1478 737 1530 790 in
1575 746 1713 792 terra
1751 740 2011 807 ipsorum.

1888 756 2011 792 'llm-
2365 753 2452 807 64.
2498 755 2614 825 Πῦρ
2639 728 2972 824 καταφλέγον
3001 760 3058 810 ἐν
3088 761 3151 828 τῇ
3184 728 3475 830 γῇηαὺτων.

697 819 785 875 65.
827 820 893 875 Ει
936 827 1208 894 percussit
1251 827 1436 882 vineas
1471 844 1660 883 eorum
1693 840 1746 884 et
1792 833 2051 887 ficulneas
2097 851 2191 889 eo-

2367 843 2454 898 65.
2497 846 2605 897 Καὶ
2628 845 2862 911 ἐπάταξε
2887 845 2984 909 τὰς
3018 847 3294 918 ἀμπέλους
3325 848 3503 900 αὐτῶν
3528 847 3626 898 καὶ
3651 844 3764 906 τὰς
3796 860 3895 899 σν-

630 927 746 967 rum
780 930 792 965 2

2296 935 2397 996 xi;
2423 933 2599 986 αὐτῶν
2615 952 2627 963 ·

698 1000 785 1053 66.
827 999 893 1055 Ει
925 1004 1182 1058 contrivit
1215 1020 1375 1061 omne
1405 1008 1608 1078 lignum
1652 1011 1841 1065 ﬁnium
1885 1026 2095 1066 eorum.

2045 1029 2095 1066 ιι.
2367 1025 2454 1078 66.
2499 1026 2606 1078 Καὶ
2632 1027 2915 1098 συνέτριψε
2949 1030 3055 1083 πᾶν
3088 1028 3240 1093 ξύλον
3259 1030 3406 1100 ὁρίου
3430 1029 3632 1084 αὐτῶν.

696 1094 784 1147 67.
821 1094 986 1159 Dixit,
1021 1108 1075 1150 et
1103 1099 1248 1152 venit
1281 1101 1507 1164 locusta,

2363 1117 2452 1171 67.
2493 1114 2644 1184 Εἷπε,
2674 1121 2764 1172 καὶ
2797 1094 2957 1190 ἦλθεν
2982 1122 3158 1192 ὰκρὶς,

694 1186 779 1241 68.
821 1186 885 1240 Et
916 1189 1176 1253 bruchus,
1215 1191 1372 1260 cujus
1408 1208 1514 1246 non
1543 1202 1659 1248 erat
1687 1210 1969 1248 numerus.

1887 1212 1969 1248 IIS-
2366 1209 2455 1262 68.
2499 1211 2606 1262 Καὶ
2639 1186 2883 1282 βροῦχος,
2915 1208 2973 1266 οὗ
3006 1186 3104 1266 οιίκ
3131 1186 3197 1283 ἦν
3227 1212 3474 1283 ἀριθμός.

694 1279 780 1332 69.
827 1279 889 1334 Et
921 1283 1157 1336 comedit
1180 1298 1339 1336 omne
1366 1284 1548 1338 fenum
1574 1287 1629 1340 in
1661 1294 1804 1340 terra
1836 1302 2023 1340 eorum
2049 1286 2189 1359 [om-

2358 1301 2446 1354 69.
2492 1303 2600 1356 Ka‘t
2937 1306 3112 1360 πάντα
3137 1273 3325 1375 γάρτον
3353 1273 3409 1357 ἐν
3432 1307 3496 1374 τῇ
3525 1306 3595 1374 γῇ
3622 1302 3847 1356 αὐτῶν·

626 1385 745 1422 nem
782 1370 1014 1427 fructum
1052 1384 1208 1430 terra:
1239 1376 1486 1448 eorum]:

697 1462 782 1517 70.
821 1463 885 1517 Et
932 1468 1166 1521 comedit
1223 1484 1438 1523 onmem
1483 1470 1718 1524 fructum
1780 1479 1938 1525 terrae
1999 1485 2186 1526 eorum

2363 1479 2448 1533 70.
2490 1482 2600 1532 Και
2618 1481 2890 1549 κατέφαγε
2911 1481 3085 1534 πάντα
3100 1481 3188 1534 τὸν
3205 1498 3274 1534 κα
3284 1479 3413 1552 ρπδν
3428 1479 3526 1548 τῆς
3541 1479 3646 1548 γῆς
3665 1478 3887 1532 αὐτῶν.

625 1547 808 1621 [omne
844 1553 1023 1608 fenum
1069 1558 1120 1610 in
1155 1570 1297 1613 terra
1350 1561 1587 1633 eorum].

696 1644 781 1698 7l.
830 1648 893 1700 lit
947 1653 1214 1717 percussit
1256 1669 1415 1708 omne
1467 1655 1886 1726 primogenitum
1945 1655 2000 1709 in
2045 1663 2186 1707 terra

2361 1657 2445 1710 7i.
2487 1658 2594 1710 Καὶ
2625 1657 2858 1723 ἐπάταξε
2894 1659 3001 1711 πᾶν
3040 1656 3380 1728 πρωτότοκον
3402 1659 3457 1710 ἐν
3482 1660 3547 1728 τῇ
3573 1660 3643 1727 γῇ
3666 1656 3889 1710 αὐτῶν

622 1747 809 1789 eorum
839 1739 913 1810 [in
948 1751 1087 1794 terra
1114 1742 1354 1816 Aigypti]
1383 1764 1395 1800 :

693 1837 776 1890 72.
826 1837 1098 1892 Primitias
1126 1840 1305 1891 omnis
1330 1837 1533 1894 laboris
1568 1854 1781 1893 eorum.
2223 1824 2264 1877 Β

2223 1824 2264 1877 Β
2366 1837 2449 1889 72.
2481 1837 2763 1907 Ἀπαρχὴν
2793 1835 2990 1898 παντὸς
3021 1837 3179 1888 πόνου
3210 1834 3407 1890 αὐτῶν.

693 1928 779 1983 75.
807 1928 889 2006 .Et
920 1930 1107 1983 eduxit
1140 1944 1234 1981 eos
1266 1929 1317 1981 in
1357 1938 1581 1997 argento
1619 1937 1671 1982 et
1702 1944 1836 1982 auro
1863 1947 1875 1980 :

2360 1927 2446 1980 73.
2488 1926 2598 1978 Καὶ
2622 1925 2889 1996 ἐξήγαγεν
2922 1925 3118 1986 αὐτοὺς
3153 1925 3208 1975 ἐν
3237 1923 3484 1994 ἀργυρίῳ
3511 1922 3608 1974 καὶ
3638 1921 3884 1990 χρυσίῳ.

695 2018 779 2096 ττι.
835 2020 897 2072 Et
928 2036 1032 2072 non
1069 2029 1185 2072 erat
1221 2020 1272 2072 in
1308 2020 1557 2074 tribubus
1594 2035 1778 2074 eorum
1813 2020 2080 2072 inlirmus.

2361 2018 2446 2071 74.
2489 2019 2598 2070 Καὶ
2623 2019 2722 2069 οὐκ
2744 2013 2810 2087 ἦν
2841 2019 2898 2069 ἐν
2923 2017 3042 2078 ταῖς
3073 2016 3265 2083 φυλαῖς
3299 2013 3476 2067 αὐτῶν
3507 2013 3534 2064 ὁ
3567 2009 3849 2065 ἀσθενῶν.

691 2111 779 2165 73.
822 2107 1022 2165 Laetata
1057 2120 1140 2163 est
1173 2108 1440 2180 Egyptus
1483 2127 1534 2163 in
1581 2112 1918 2178 proiectione
1957 2127 2190 2165 eorum:

2124 2127 2145 2163 [ι
2176 2128 2190 2165 :
2361 2107 2447 2159 75.
2491 2105 2780 2177 Εὑφράνθη
2815 2107 3082 2172 Αἴγυπτος
3115 2107 3173 2157 ἐν
3203 2107 3268 2175 τῇ
3299 2104 3458 2172 ἐξόδῳ
3487 2101 3665 2155 αὐτῶν
3694 2119 3711 2134 ε

694 2199 780 2253 76.
821 2199 957 2266 Quia
989 2202 1235 2255 incubuit
1259 2202 1421 2254 timor
1447 2217 1634 2254 eorum
1671 2217 1834 2270 super
1863 2216 1978 2255 eos.

2362 2198 2447 2250 76.
2465 2199 2585 2250 Ὀτι
2612 2198 2878 2249 ἐπέπεσεν
2899 2201 2926 2249 ό
2952 2197 3115 2262 φόϐος
3148 2197 3325 2249 αὐτῶν
3356 2198 3441 2247 ἐπ’
3469 2192 3693 2255 αεξρτοῦς.

693 2290 778 2346 77.
817 2291 1084 2360 Expandit
1115 2292 1311 2345 nubem
1346 2293 1400 2344 in
1449 2293 1846 2359 protectionem
1891 2292 2011 2346 eis:

2368 2287 2454 2342 77.
2495 2288 2784 2339 Διεπέτασε
2811 2287 3035 2354 νεφέλην
3061 2288 3137 2348 εἰς
3177 2286 3382 2355 σκέπην
3414 2287 3594 2346 αὐτοῖς
3615 2299 3632 2315 ⁶

693 2374 776 2426 78.
822 2374 884 2426 Et
915 2378 1088 2444 ignem
1117 2385 1174 2427 ut
1204 2376 1405 2428 luceret
1435 2376 1514 2428 cis
1551 2391 1647 2443 per
1673 2387 1908 2434 noctem.

2368 2378 2452 2430 78.
2495 2379 2602 2430 Καί
2631 2377 2739 2447 πῦρ
2764 2376 2856 2429 τοῦ
2886 2377 3114 2444 φωτίσαι
3138 2376 3316 2438 αὐτοῖς
3338 2375 3434 2445 τὴν
3463 2375 3656 2436 νύκτα..

694 2464 779 2521 79.
820 2463 1118 2532 Petierunt,
1141 2475 1195 2520 et
1218 2467 1365 2521 venit
1391 2467 1642 2523 coturnix
1669 2485 1683 2521 :

2372 2467 2457 2520 79.
2477 2469 2743 2538 ᾚτησαν,
2775 2469 2868 2522 καί
2897 2463 3058 2537 ἦλθεν
3089 2467 3473 2538 ὀρτυγομήτρα
3495 2482 3511 2499 ·

1742 2643 2116 2699 ATIIANASII
2172 2642 2748 2698 INTERPRETATIO.

690 2802 778 2855 6i.
822 2801 1089 2867 Permisit,
1125 2813 1178 2855 et
1210 2812 1474 2856 venerunt
1515 2812 1701 2871 gentes
1727 2811 1915 2855 contra
1951 2801 2117 2870 ipsos.

2358 2797 2445 2852 6l.
2488 2798 2861 2869 Συνεχὼρησε,
2890 2800 2980 2850 καὶ
3007 2793 3137 2867 ἦλθε
3167 2799 3232 2849 τὰ.
3259 2796 3383 2866 ἔθνη
3409 2797 3524 2848 κατ’
3557 2795 3774 2851 αὐτῶν.

692 2893 778 2947 6‘2.
832 2891 895 2946 Et
925 2894 1076 2963 plaga
1109 2893 1427 2947 insanabilis
1471 2909 1634 2961 super
1662 2909 1850 2947 eorum
1882 2892 2115 2946 animas.

2359 2891 2444 2944 6‘2.
2489 2890 2593 2944 Καὶ
2628 2891 2807 2961 πληγὴ
2847 2891 3064 2952 ἀνίατος
3097 2889 3190 2941 ἐπὶ
3231 2889 3326 2951 τὰς
3350 2887 3524 2956 ψυχὰς
3557 2888 3771 2941 αὐτῶν.

689 2986 775 3038 63.
829 2984 1066 3055 Reliquit
1093 3001 1187 3040 eos
1216 2985 1435 3038 obedire
1465 2985 1726 3038 doctrina:
1762 2983 2094 3037 dmmunum.

2357 2983 2446 3036 65.
2489 2983 2683 3035 Εἰάσεν
2717 2985 2910 3046 αὐτοὺς
2940 2981 3122 3052 διδαχῇ
3161 2981 3236 3050 (1)
3276 2979 3384 3032 τῶν
3429 2980 3700 3048 δαιμόνων
3757 2980 3879 3032 πεί-

2289 3073 2494 3127 θεσοαι.

689 3162 777 3215 64.
822 3162 1121 3223 Diabolum,
1151 3164 1240 3231 qui
1277 3164 1616 3232 consumpsit
1665 3178 1852 3217 eorum
1882 3173 2115 3231 gentem.
2213 3199 2255 3257 ο

2224 3199 2255 3257 C
2363 3167 2449 3221 64.
2493 3167 2593 3219 Τὸν
2620 3166 2860 3219 διάϐολον
2883 3165 3309 3232 καταφθείροντα
3334 3165 3394 3218 τὸ
3422 3163 3569 3226 ἔθνος
3596 3164 3811 3216 αὐτῶν.

689 3252 777 3306 65.
820 3254 1043 3307 Animas
1074 3270 1283 3316 eorum,
1314 3255 1440 3322 quia
1480 3252 1831 3308 infructil‘eraa
1873 3250 2183 3306 manebant.
2221 3250 2255 3257 '

2360 3260 2445 3316 65.
2490 3261 2598 3323 Τὰς
2629 3258 2803 3330 ψυχὰς
2827 3257 3022 3318 αὐτῶν,
3047 3256 3228 3326 ἐπειδὴ
3251 3258 3482 3327 ἄκαρποι
3513 3256 3705 3326 ἔμενον
3735 3256 3842 3321 (2).

691 3345 778 3402 66.
819 3348 1046 3400 Omnem
1105 3349 1377 3402 hominem
1425 3364 1610 3402 earum
1659 3349 1897 3401 tribuum
1949 3344 2184 3400 fructum

2363 3352 2452 3404 66.
2498 3352 2682 3404 Πάντα
2706 3349 2987 3419 ἄνθρωπον
3015 3347 3118 3401 τῶν
3141 3347 3322 3417 φυλῶν
3354 3347 3530 3400 αὐτῶν
3561 3347 3635 3415 μὴ
3665 3364 3859 3416 καρπο

622 3455 728 3496 non
762 3441 1044 3501 ferentem,

990 3456 1044 3501 n,
2292 3443 2577 3514 φοροῦντα.

691 3537 776 3590 67.
821 3535 1093 3597 Permisit,
1129 3543 1187 3587 ut
1215 3537 1460 3588 venirent
1488 3544 1674 3604 gentes
1715 3532 1975 3589 adversus
2000 3547 2114 3587 eos.

2361 3535 2447 3588 67.
2492 3535 2570 3588 Τὰ
2603 3533 2728 3604 ἔθνη
2767 3535 3141 3604 συνεχώρησεν
3183 3530 3354 3584 ἐλθεῖν
3382 3531 3514 3599 πρὸς
3553 3530 3717 3582 αὐτόν
3758 3530 3877 3583 ταῦ-

2289 3626 2436 3695 τούς]
2474 3627 2570 3693 (ὅ).

691 3715 777 3768 68.
822 3715 966 3771 Gens
1016 3715 1389 3768 Romanorum
1439 3714 1592 3768 valde
1625 3729 1720 3768 eos
1752 3727 1978 3766 numero
2026 3726 2185 3767 cxce-

2364 3716 2451 3769 68.
2498 3717 2569 3768 Τὸ
2599 3716 2748 3778 ἔθνος
2782 3716 2888 3768 τῶν
2927 3711 3212 3783 Ῥωμαίων
3249 3711 3377 3764 λαὸν
3419 3710 3744 3764 ἐκλείποντα
3799 3712 3878 3782 (4)

621 3806 778 3860 dens.
2289 3805 2433 3879 [λίαν
2460 3805 2730 3876 ἐκλεῖπον)
2767 3804 2979 3866 αὐτούς.

690 3895 778 3958 69,
813 3892 898 3948 70.
938 3893 1179 3947 Perdidit
1206 3909 1418 3946 omnem
1449 3909 1632 3949 eorum
1670 3904 1906 3964 gentem.

2361 3896 2448 3960 6!),
2477 3895 2560 3948 70.
2593 3895 3015 3964 Ἑξωλόορευσεν
3046 3893 3188 3944 ἅπαν
3224 3891 3300 3956 (5)
3336 3891 3394 3943 τὸ
3434 3890 3580 3951 ἔθνος
3624 3889 3837 3946 αὐτῶν.

690 3987 778 4039 71.
825 3984 888 4036 Et
945 3986 1141 4038 occidit
1200 3999 1412 4037 onmem
1456 3986 1702 4038 Judaeum
1751 3985 1803 4038 in
1852 3983 2186 4051 Jerusalem;

2358 3987 2419 4040 Ἠ
2436 4028 2447 4038 .
2477 3987 2585 4038 Καὶ
2601 3985 2856 4053 ἐφόνευσε
2877 3984 3048 4036 πάντα
3063 3983 3310 4035 Ἰουδαῖον
3327 3983 3383 4032 ἐν
3395 3983 3458 4051 τῇ
3475 3981 3538 4031 Ίε
3549 3981 3792 4052 ρουσαλή
3803 4002 3841 4051 μ

623 4077 795 4148 ipsum
826 4077 970 4129 cnim
1010 4076 1266 4145 populum
1301 4073 1578 4145 Scriptura
1628 4075 2050 4146 primogenitum
2085 4089 2186 4128 an-

2293 4076 2462 4128 Δύτον
2496 4074 2603 4147 γὰρ
2633 4076 2722 4127 τὸν
2753 4074 2878 4128 λαὸν
2908 4075 2940 4143 ἡ
2979 4072 3167 4144 Γραφὴ
3201 4072 3536 4144 πρωτότοκον
3561 4071 3714 4138 ἔλεγε
3740 4075 3871 4144 πρό-

623 4173 704 4223 lca
736 4168 894 4222 dixit.

879 4207 894 4222 .
2293 4183 2346 4222 τε
2358 4183 2466 4238 ρον.

694 4258 781 4310 7‘2.
824 4257 960 4311 Cum
1012 4256 1145 4325 ipsis
1175 4256 1502 4325 primoribus
1537 4253 1926 4310 interfecerunt
1971 4269 2188 4310 omnem

2361 4257 2448 4309 79..
2483 4255 2615 4308 Ἀπὺ
2663 4254 2769 4308 τῶν
2816 4255 3047 4327 πρώτων
3095 4253 3270 4309 αὐτῶν
3307 4254 3598 4321 ἐφόνευσαν
3651 4255 3766 4304 πᾶν
3815 4257 3872 4308 τὸ

620 4364 808 4403 eorum
839 4346 1262 4403 multitudinem.

1122 4363 1262 4403 nem.
2291 4348 2491 4418 πλῆθος
2516 4347 2709 4400 αὐτῶν.

691 4441 776 4496 73.
817 4439 1030 4495 Judzeos
1079 4449 1256 4493 antem
1289 4439 1388 4508 ipsi
1456 4439 1736 4494 credentes
1770 4437 1958 4492 eduxit
2003 4451 2067 4490 ex
2101 4434 2190 4492 Je—

2363 4439 2449 4491 75.
2492 4440 2628 4502 Τοὺς
2654 4439 2708 4491 δὲ
2736 4440 3127 4504 πιστεύσαντας
3175 4438 3322 4508 αὐτῷ
3355 4437 3642 4501 Ἰουδαίους
3669 4439 3870 4508 ἐξήγαο

625 4532 858 4586 rusalem
889 4531 942 4582 in
979 4530 1150 4593 gratia
1179 4545 1302 4588 sua.

2221 4545 2263 4599 υ
2292 4547 2386 4599 γεν
2422 4532 2484 4584 ἐκ
2507 4531 2605 4599 τῆς
2646 4531 2998 4602 Ἰερουσαλὴμ
3033 4532 3090 4583 ἐν
3117 4534 3181 4602 τῇ
3211 4531 3392 4601 χάριτι
3424 4529 3610 4583 αὑτοῦ.

693 4621 776 4676 74.
821 4623 885 4674 Ει
917 4621 1098 4674 nullus
1120 4619 1428 4674 Judzeorum
1450 4619 1783 4674 credentium
1813 4621 2064 4675 inventus
2081 4629 2185 4685 est,

2362 4623 2448 4676 74.
2499 4624 2607 4676 Καὶ
2653 4624 2748 4691 οὐχ
2795 4624 2990 4694 εὑρέθη
3036 4641 3118 4686 τις
3147 4625 3253 4676 τῶν
3281 4623 3690 4676 πιστευσάντων
3731 4623 3862 4678 Ἰου-

620 4714 712 4782 qui
747 4713 1059 4766 vulneratus
1085 4710 1247 4765 fuerit
1271 4711 1323 4763 in
1362 4710 1524 4764 bello.

2288 4714 2449 4767 δαίων
2474 4716 2501 4766 ό
2528 4713 2755 4782 πληγεὶς
2787 4715 2843 4766 ἐν
2878 4713 2956 4783 τῷ
2992 4713 3229 4784 πολέμῳ.

695 4805 778 4859 75.
825 4804 878 4858 In
903 4821 1092 4859 eorum
1127 4803 1369 4858 interitu.

2362 4805 2447 4859 75.
2474 4804 2594 4858 Ἐπὶ
2621 4807 2686 4875 τῇ
2719 4805 2795 4873 (6)
2826 4805 3070 4876 ἀπωλείᾳ
3104 4806 3302 4860 αὐτῶν.

691 4895 775 4948 76.
819 4896 953 4960 Quia
980 4893 1484 4947 custodiebanteos.

2367 4896 2450 4949 76.
2468 4897 2589 4948 Ὅτι
2613 4896 2970 4966 ἐφρουροῦντο
2995 4897 3068 4964 (7)
3094 4896 3309 4961 αὐτούς.

693 4986 777 5039 77.
822 4985 1086 5056 Expandit
1121 4985 1382 5038 auxilium
1424 4999 1580 5036 suum
1628 4983 2008 5038 credentibus:

2363 4986 2451 5040 77.
2492 4986 2601 5056 Τὴν
2624 4985 2873 5056 βοήθειαν
2893 4986 3054 5039 αὑτοῦ
3072 4987 3290 5056 ἦπλωσε
3300 4990 3410 5050 τοῖς
3428 4988 3743 5042 πιστεύουσι
3762 4987 3851 5058 (8)·

690 5073 776 5130 78.
820 5074 1060 5130 Gratiam
1104 5092 1281 5136 suam,
1319 5086 1376 5128 ut
1404 5086 1666 5127 mundum
1701 5074 2052 5136 illuminaret.

2363 5077 2450 5133 78.
2492 5077 2602 5148 Τὴν
2629 5078 2785 5148 χάριν
2815 5077 2890 5148 (9)
2919 5078 3079 5131 αὐτοῦ
3114 5078 3344 5146 φωτίσαι
3373 5079 3462 5132 τὸν
3490 5080 3715 5151 κόσμον.

692 5170 777 5225 79.
818 5168 1072 5224 Ctelestia
1102 5185 1197 5224 sua
1233 5171 1373 5222 dona
1413 5166 1559 5221 dedit
1591 5166 1835 5222 ﬁdelibus
1868 5187 1881 5220 :

2364 5168 2449 5223 79.
2490 5169 2570 5221 Τὰ
2600 5171 2909 5240 χαρίσματα
2936 5170 3097 5224 αὑτοῦ
3124 5170 3290 5224 ἐδωκε
3321 5174 3429 5235 τοῖς
3454 5175 3664 5236 πιστοῖς
3688 5191 3701 5203 ·

1574 5327 1876 5391 Addenda
1906 5337 1968 5390 et
2000 5328 2370 5408 corrigenda
2404 5351 2479 5391 ex
2511 5330 2652 5392 cod.
2703 5331 2900 5392 Vatic.

691 5452 766 5523 (ί)
807 5453 882 5521 τῇ
913 5451 1096 5523 διδακῇ
2353 5453 2430 5521 (6)
2457 5447 2544 5502 ἐν

689 5520 764 5582 (Ξ)
804 5520 1094 5592 Διέμενονξ
1455 5590 1465 5592 _
1554 5591 1560 5592 γ
2352 5520 2428 5590 (7)
2457 5521 2788 5592 Ἐφοϐοὖντο.

691 5592 766 5656 (Si
812 5590 975 5644 Αὐτόν
1004 5595 1162 5646 liabet
1183 5593 1344 5645 etiam
1371 5590 1492 5646 cod.
1523 5591 1642 5645 Vat.

1453 5590 1492 5646 l.
1523 5591 1642 5645 Vat.
2354 5593 2428 5659 (8)
2469 5591 2639 5644 Αὑτοῦ
2664 5595 2774 5651 τοῖς
2816 5593 3040 5650 πιστοῖς.

692 5663 766 5735 (ᾗ)
794 5663 1119 5735 ’ξκλίχοντι
1151 5662 1307 5716 Forte
1333 5663 1612 5733 legendum
1643 5659 2036 5733 ὲκλιγνεύοντα.

1451 5663 1612 5717 nduni
1643 5659 2036 5733 ὲκλιγνεύοντα.
2354 5665 2428 5728 (SM
2471 5662 2576 5715 Καὶ
2603 5661 2696 5735 τὴν
2722 5661 2898 5733 χάριν,
2933 5672 3033 5714 etc.

693 5729 767 5802 (ὅ)
810 5729 1009 5788 Πάντέι.
