  <div class='ocr_page' id='page_1' title='image "/cluster/home/n/w/nwhite01/storage/ocr_20150623/27/ien.35556001660521/566.png"; bbox 0 0 4018 6472; ppageno 0'>
   <div class='ocr_carea' id='block_1_1' title="bbox 216 394 3466 476">
    <p class='ocr_par' dir='ltr' id='par_1_1' title="bbox 216 394 3466 476">
     <span class='ocr_line' id='line_1_1' title="bbox 216 394 3466 476; baseline 0.008 -27"><span class='ocrx_word' id='word_1_1' title='bbox 216 394 368 451; x_wconf 72' lang='grc'>1109</span> <span class='ocrx_word' id='word_1_2' title='bbox 1144 401 1230 456; x_wconf 81' lang='lat' dir='ltr'><strong>DE</strong></span> <span class='ocrx_word' id='word_1_3' title='bbox 1277 402 1546 460; x_wconf 89' lang='lat' dir='ltr'><strong>TITULIS</strong></span> <span class='ocrx_word' id='word_1_4' title='bbox 1583 407 2035 466; x_wconf 76' lang='lat' dir='ltr'><strong>PSALMORUM.</strong></span> <span class='ocrx_word' id='word_1_5' title='bbox 2073 441 2142 452; x_wconf 88' lang='lat'><strong>--</strong></span> <span class='ocrx_word' id='word_1_6' title='bbox 2179 409 2370 466; x_wconf 69' lang='lat' dir='ltr'><strong>PSAL.</strong></span> <span class='ocrx_word' id='word_1_7' title='bbox 2411 410 2522 466; x_wconf 79' lang='lat' dir='ltr'><strong>CV.</strong></span> <span class='ocrx_word' id='word_1_8' title='bbox 3333 421 3466 476; x_wconf 81' lang='lat' dir='ltr'><strong>mo</strong></span> 
     </span>
    </p>
   </div>
   <div class='ocr_carea' id='block_1_2' title="bbox 295 510 1882 612">
    <p class='ocr_par' dir='ltr' id='par_1_2' title="bbox 295 510 1875 584">
     <span class='ocr_line' id='line_1_2' title="bbox 295 510 1875 584; baseline 0.007 -21"><span class='ocrx_word' id='word_1_9' title='bbox 295 510 390 564; x_wconf 88' lang='grc'><strong>80.</strong></span> <span class='ocrx_word' id='word_1_10' title='bbox 432 512 538 564; x_wconf 85' lang='lat' dir='ltr'><strong>Kal</strong></span> <span class='ocrx_word' id='word_1_11' title='bbox 568 511 987 584; x_wconf 79' lang='grc' dir='ltr'>ἄρτον⁶ούρανοῦ</span> <span class='ocrx_word' id='word_1_12' title='bbox 1022 514 1312 584; x_wconf 71' lang='grc' dir='ltr'><strong>ἐνέπλησεν</strong></span> <span class='ocrx_word' id='word_1_13' title='bbox 1345 518 1557 583; x_wconf 79' lang='grc' dir='ltr'>αὐτούς.</span> <span class='ocrx_word' id='word_1_14' title='bbox 1829 529 1875 583; x_wconf 78' lang='grc' dir='ltr'><strong>Α</strong></span> 
     </span>
    </p>
   </div>
   <div class='ocr_carea' id='block_1_3' title="bbox 1885 510 3472 612">
    <p class='ocr_par' dir='ltr' id='par_1_3' title="bbox 1970 522 3472 612">
     <span class='ocr_line' id='line_1_3' title="bbox 1970 522 3472 612; baseline 0.01 -36"><span class='ocrx_word' id='word_1_15' title='bbox 1970 523 2058 577; x_wconf 98' lang='grc'><strong>80.</strong></span> <span class='ocrx_word' id='word_1_16' title='bbox 2081 522 2142 576; x_wconf 83' lang='lat' dir='ltr'><strong>Et</strong></span> <span class='ocrx_word' id='word_1_17' title='bbox 2155 539 2294 593; x_wconf 91' lang='lat' dir='ltr'><strong>pane</strong></span> <span class='ocrx_word' id='word_1_18' title='bbox 2307 525 2429 582; x_wconf 66' lang='grc' dir='ltr'>ειειί</span> <span class='ocrx_word' id='word_1_19' title='bbox 2445 526 2810 581; x_wconf 80' lang='lat' dir='ltr'><strong>saturavitcos</strong></span> <span class='ocrx_word' id='word_1_20' title='bbox 2825 527 3038 601; x_wconf 88' lang='lat' dir='ltr'><strong>[panem</strong></span> <span class='ocrx_word' id='word_1_21' title='bbox 3056 531 3172 585; x_wconf 76' lang='lat' dir='ltr'><strong>caeli</strong></span> <span class='ocrx_word' id='word_1_22' title='bbox 3189 531 3331 588; x_wconf 89' lang='lat' dir='ltr'><strong>dedit</strong></span> <span class='ocrx_word' id='word_1_23' title='bbox 3344 535 3472 612; x_wconf 80' lang='lat' dir='ltr'><strong>eis].</strong></span> 
     </span>
    </p>
   </div>
   <div class='ocr_carea' id='block_1_4' title="bbox 296 603 1883 688">
    <p class='ocr_par' dir='ltr' id='par_1_4' title="bbox 296 603 1588 677">
     <span class='ocr_line' id='line_1_4' title="bbox 296 603 1588 677; baseline 0.005 -21"><span class='ocrx_word' id='word_1_24' title='bbox 296 603 390 656; x_wconf 79' lang='lat'><strong>81.</strong></span> <span class='ocrx_word' id='word_1_25' title='bbox 431 603 688 675; x_wconf 77' lang='grc' dir='ltr'>Διέρρηξε</span> <span class='ocrx_word' id='word_1_26' title='bbox 719 605 944 677; x_wconf 77' lang='grc' dir='ltr'>πέτραν,</span> <span class='ocrx_word' id='word_1_27' title='bbox 969 605 1063 658; x_wconf 76' lang='grc' dir='ltr'>καὶ</span> <span class='ocrx_word' id='word_1_28' title='bbox 1087 607 1364 677; x_wconf 77' lang='grc' dir='ltr'>ὲρῤύησαν</span> <span class='ocrx_word' id='word_1_29' title='bbox 1393 609 1554 662; x_wconf 77' lang='grc' dir='ltr'>ὕδατα</span> <span class='ocrx_word' id='word_1_30' title='bbox 1577 629 1588 640; x_wconf 88' lang='grc'><strong>·</strong></span> 
     </span>
    </p>
   </div>
   <div class='ocr_carea' id='block_1_5' title="bbox 1616 603 3203 688">
    <p class='ocr_par' dir='ltr' id='par_1_5' title="bbox 1976 615 3203 688">
     <span class='ocr_line' id='line_1_5' title="bbox 1976 615 3203 688; baseline 0.008 -19"><span class='ocrx_word' id='word_1_31' title='bbox 1976 615 2067 671; x_wconf 78' lang='lat' dir='ltr'><strong>8i.</strong></span> <span class='ocrx_word' id='word_1_32' title='bbox 2111 615 2352 685; x_wconf 86' lang='lat' dir='ltr'><strong>Disrupit</strong></span> <span class='ocrx_word' id='word_1_33' title='bbox 2380 626 2606 684; x_wconf 78' lang='lat' dir='ltr'><strong>petram,</strong></span> <span class='ocrx_word' id='word_1_34' title='bbox 2640 627 2693 672; x_wconf 90' lang='lat' dir='ltr'><strong>et</strong></span> <span class='ocrx_word' id='word_1_35' title='bbox 2716 619 2984 673; x_wconf 77' lang='lat' dir='ltr'><strong>[luxerunt</strong></span> <span class='ocrx_word' id='word_1_36' title='bbox 3011 637 3164 688; x_wconf 72' lang='lat' dir='ltr'><strong>aquae</strong></span> <span class='ocrx_word' id='word_1_37' title='bbox 3190 643 3203 679; x_wconf 90' lang='lat'><strong>:</strong></span> 
     </span>
    </p>
   </div>
   <div class='ocr_carea' id='block_1_6' title="bbox 299 693 1886 782">
    <p class='ocr_par' dir='ltr' id='par_1_6' title="bbox 299 693 1484 770">
     <span class='ocr_line' id='line_1_6' title="bbox 299 693 1484 770; baseline 0.005 -23"><span class='ocrx_word' id='word_1_38' title='bbox 299 693 393 748; x_wconf 78' lang='lat'><strong>82.</strong></span> <span class='ocrx_word' id='word_1_39' title='bbox 423 695 826 768; x_wconf 84' lang='grc' dir='ltr'>Ἐπορεύθησαν</span> <span class='ocrx_word' id='word_1_40' title='bbox 861 700 920 750; x_wconf 86' lang='grc' dir='ltr'>ὲν</span> <span class='ocrx_word' id='word_1_41' title='bbox 953 698 1201 769; x_wconf 79' lang='grc' dir='ltr'><strong>ἀνύδροις</strong></span> <span class='ocrx_word' id='word_1_42' title='bbox 1233 701 1484 770; x_wconf 86' lang='grc' dir='ltr'>ποταμοί.</span> 
     </span>
    </p>
   </div>
   <div class='ocr_carea' id='block_1_7' title="bbox 1736 693 3323 782">
    <p class='ocr_par' dir='ltr' id='par_1_7' title="bbox 1975 707 3323 782">
     <span class='ocr_line' id='line_1_7' title="bbox 1975 707 3323 782; baseline 0.007 -21"><span class='ocrx_word' id='word_1_43' title='bbox 1975 707 2067 763; x_wconf 77' lang='lat'><strong>82.</strong></span> <span class='ocrx_word' id='word_1_44' title='bbox 2107 709 2370 763; x_wconf 82' lang='lat' dir='ltr'><strong>Abierunt</strong></span> <span class='ocrx_word' id='word_1_45' title='bbox 2393 708 2479 780; x_wconf 86' lang='lat' dir='ltr'><strong>[Et</strong></span> <span class='ocrx_word' id='word_1_46' title='bbox 2506 709 2771 782; x_wconf 85' lang='lat' dir='ltr'><strong>abierunt]</strong></span> <span class='ocrx_word' id='word_1_47' title='bbox 2804 713 2854 764; x_wconf 92' lang='lat' dir='ltr'><strong>in</strong></span> <span class='ocrx_word' id='word_1_48' title='bbox 2894 713 3052 768; x_wconf 83' lang='lat' dir='ltr'><strong>siccis</strong></span> <span class='ocrx_word' id='word_1_49' title='bbox 3085 715 3323 775; x_wconf 83' lang='lat' dir='ltr'><strong>ﬂumina.</strong></span> 
     </span>
    </p>
   </div>
   <div class='ocr_carea' id='block_1_8' title="bbox 300 787 1887 865">
    <p class='ocr_par' dir='ltr' id='par_1_8' title="bbox 300 787 1610 859">
     <span class='ocr_line' id='line_1_8' title="bbox 300 787 1610 859; baseline 0.005 -19"><span class='ocrx_word' id='word_1_50' title='bbox 300 787 392 840; x_wconf 81' lang='lat'><strong>83.</strong></span> <span class='ocrx_word' id='word_1_51' title='bbox 413 789 534 840; x_wconf 77' lang='grc' dir='ltr'><strong>Ὀτι</strong></span> <span class='ocrx_word' id='word_1_52' title='bbox 561 788 803 859; x_wconf 76' lang='grc' dir='ltr'><strong>ἐμνήσθη</strong></span> <span class='ocrx_word' id='word_1_53' title='bbox 827 789 921 842; x_wconf 78' lang='grc' dir='ltr'>τοῦ</span> <span class='ocrx_word' id='word_1_54' title='bbox 945 788 1100 858; x_wconf 82' lang='grc' dir='ltr'>λόγου</span> <span class='ocrx_word' id='word_1_55' title='bbox 1123 790 1214 843; x_wconf 76' lang='grc' dir='ltr'><strong>τοῦ</strong></span> <span class='ocrx_word' id='word_1_56' title='bbox 1248 793 1400 859; x_wconf 85' lang='grc' dir='ltr'>ἁγίου</span> <span class='ocrx_word' id='word_1_57' title='bbox 1427 794 1610 858; x_wconf 81' lang='grc' dir='ltr'>αὑτοῦ,</span> 
     </span>
    </p>
   </div>
   <div class='ocr_carea' id='block_1_9' title="bbox 1645 787 3232 865">
    <p class='ocr_par' dir='ltr' id='par_1_9' title="bbox 1976 798 3232 865">
     <span class='ocr_line' id='line_1_9' title="bbox 1976 798 3232 865; baseline 0.007 -14"><span class='ocrx_word' id='word_1_58' title='bbox 1976 799 2070 852; x_wconf 79' lang='lat'><strong>83.</strong></span> <span class='ocrx_word' id='word_1_59' title='bbox 2110 798 2376 865; x_wconf 82' lang='lat' dir='ltr'><strong>Quoniam</strong></span> <span class='ocrx_word' id='word_1_60' title='bbox 2405 815 2615 854; x_wconf 89' lang='lat' dir='ltr'><strong>memor</strong></span> <span class='ocrx_word' id='word_1_61' title='bbox 2642 801 2742 855; x_wconf 81' lang='lat' dir='ltr'><strong>fuit</strong></span> <span class='ocrx_word' id='word_1_62' title='bbox 2781 804 2926 856; x_wconf 75' lang='lat' dir='ltr'><strong>verbi</strong></span> <span class='ocrx_word' id='word_1_63' title='bbox 2950 807 3121 859; x_wconf 89' lang='lat' dir='ltr'><strong>saneti</strong></span> <span class='ocrx_word' id='word_1_64' title='bbox 3151 808 3232 860; x_wconf 90' lang='lat' dir='ltr'><strong>sui</strong></span> 
     </span>
    </p>
   </div>
   <div class='ocr_carea' id='block_1_10' title="bbox 299 877 1886 964">
    <p class='ocr_par' dir='ltr' id='par_1_10' title="bbox 299 877 1541 952">
     <span class='ocr_line' id='line_1_10' title="bbox 299 877 1541 952; baseline 0.006 -21"><span class='ocrx_word' id='word_1_65' title='bbox 299 877 392 932; x_wconf 72' lang='grc'>84.</span> <span class='ocrx_word' id='word_1_66' title='bbox 433 878 539 932; x_wconf 85' lang='grc' dir='ltr'>Τοῦ</span> <span class='ocrx_word' id='word_1_67' title='bbox 575 882 707 952; x_wconf 81' lang='grc' dir='ltr'>πρὸς</span> <span class='ocrx_word' id='word_1_68' title='bbox 750 881 999 952; x_wconf 73' lang='grc' dir='ltr'>Ἀϐραὰμ</span> <span class='ocrx_word' id='word_1_69' title='bbox 1025 881 1115 934; x_wconf 80' lang='grc' dir='ltr'><strong>τὸν</strong></span> <span class='ocrx_word' id='word_1_70' title='bbox 1143 881 1325 936; x_wconf 82' lang='grc' dir='ltr'>δοῦλον</span> <span class='ocrx_word' id='word_1_71' title='bbox 1357 883 1541 938; x_wconf 77' lang='grc' dir='ltr'>αὑτοῦ.</span> 
     </span>
    </p>
   </div>
   <div class='ocr_carea' id='block_1_11' title="bbox 1751 877 3338 964">
    <p class='ocr_par' dir='ltr' id='par_1_11' title="bbox 1981 890 3338 964">
     <span class='ocr_line' id='line_1_11' title="bbox 1981 890 3338 964; baseline 0.009 -20"><span class='ocrx_word' id='word_1_72' title='bbox 1981 891 2069 948; x_wconf 65' lang='grc'><strong>84.</strong></span> <span class='ocrx_word' id='word_1_73' title='bbox 2107 890 2259 956; x_wconf 89' lang='lat' dir='ltr'><strong>Quod</strong></span> <span class='ocrx_word' id='word_1_74' title='bbox 2287 892 2474 946; x_wconf 85' lang='lat' dir='ltr'><strong>habuit</strong></span> <span class='ocrx_word' id='word_1_75' title='bbox 2505 891 2570 945; x_wconf 91' lang='lat' dir='ltr'><strong>ad</strong></span> <span class='ocrx_word' id='word_1_76' title='bbox 2597 893 2866 948; x_wconf 83' lang='lat' dir='ltr'><strong>Abraham</strong></span> <span class='ocrx_word' id='word_1_77' title='bbox 2898 912 3121 964; x_wconf 87' lang='lat' dir='ltr'><strong>puerum</strong></span> <span class='ocrx_word' id='word_1_78' title='bbox 3159 915 3338 957; x_wconf 88' lang='lat' dir='ltr'><strong>suum.</strong></span> 
     </span>
    </p>
   </div>
   <div class='ocr_carea' id='block_1_12' title="bbox 302 969 1889 1054">
    <p class='ocr_par' dir='ltr' id='par_1_12' title="bbox 302 969 1749 1044">
     <span class='ocr_line' id='line_1_12' title="bbox 302 969 1749 1044; baseline 0.005 -21"><span class='ocrx_word' id='word_1_79' title='bbox 302 969 391 1024; x_wconf 71' lang='lat'><strong>83.</strong></span> <span class='ocrx_word' id='word_1_80' title='bbox 434 972 541 1024; x_wconf 97' lang='lat' dir='ltr'><strong>Kal</strong></span> <span class='ocrx_word' id='word_1_81' title='bbox 579 973 811 1041; x_wconf 80' lang='grc' dir='ltr'>ἐξήγαγε</span> <span class='ocrx_word' id='word_1_82' title='bbox 839 972 929 1025; x_wconf 78' lang='grc' dir='ltr'>τὸν</span> <span class='ocrx_word' id='word_1_83' title='bbox 961 972 1088 1026; x_wconf 84' lang='grc' dir='ltr'>λαὸν</span> <span class='ocrx_word' id='word_1_84' title='bbox 1119 973 1282 1027; x_wconf 75' lang='grc' dir='ltr'>αὑτοῦ</span> <span class='ocrx_word' id='word_1_85' title='bbox 1317 976 1375 1028; x_wconf 82' lang='grc' dir='ltr'>ὲν</span> <span class='ocrx_word' id='word_1_86' title='bbox 1403 976 1716 1044; x_wconf 80' lang='grc' dir='ltr'><strong>ἀγαλλιάσει</strong></span> <span class='ocrx_word' id='word_1_87' title='bbox 1735 993 1749 1007; x_wconf 80' lang='grc'><strong><em>⁸</em></strong></span> 
     </span>
    </p>
   </div>
   <div class='ocr_carea' id='block_1_13' title="bbox 1769 969 3356 1054">
    <p class='ocr_par' dir='ltr' id='par_1_13' title="bbox 1980 983 3356 1054">
     <span class='ocr_line' id='line_1_13' title="bbox 1980 983 3356 1054; baseline 0.009 -17"><span class='ocrx_word' id='word_1_88' title='bbox 1980 985 2068 1039; x_wconf 83' lang='lat'><strong>85.</strong></span> <span class='ocrx_word' id='word_1_89' title='bbox 2108 983 2172 1036; x_wconf 79' lang='lat' dir='ltr'><strong>Et</strong></span> <span class='ocrx_word' id='word_1_90' title='bbox 2195 984 2381 1039; x_wconf 81' lang='lat' dir='ltr'><strong>eduxit</strong></span> <span class='ocrx_word' id='word_1_91' title='bbox 2405 985 2661 1054; x_wconf 87' lang='lat' dir='ltr'><strong>populum</strong></span> <span class='ocrx_word' id='word_1_92' title='bbox 2693 1001 2850 1040; x_wconf 90' lang='lat' dir='ltr'><strong>suum</strong></span> <span class='ocrx_word' id='word_1_93' title='bbox 2884 989 2937 1041; x_wconf 90' lang='lat' dir='ltr'><strong>in</strong></span> <span class='ocrx_word' id='word_1_94' title='bbox 2965 992 3356 1050; x_wconf 74' lang='lat' dir='ltr'><strong>exsultatione:</strong></span> 
     </span>
    </p>
   </div>
   <div class='ocr_carea' id='block_1_14' title="bbox 300 1063 1887 1141">
    <p class='ocr_par' dir='ltr' id='par_1_14' title="bbox 300 1063 1660 1141">
     <span class='ocr_line' id='line_1_14' title="bbox 300 1063 1660 1141; baseline 0.005 -25"><span class='ocrx_word' id='word_1_95' title='bbox 300 1063 392 1117; x_wconf 82' lang='lat'><strong>86.</strong></span> <span class='ocrx_word' id='word_1_96' title='bbox 435 1065 542 1116; x_wconf 90' lang='lat' dir='ltr'><strong>Kal</strong></span> <span class='ocrx_word' id='word_1_97' title='bbox 577 1065 705 1128; x_wconf 80' lang='grc' dir='ltr'>τοὺς</span> <span class='ocrx_word' id='word_1_98' title='bbox 739 1065 1026 1129; x_wconf 71' lang='grc' dir='ltr'>ἐκλεκτοὺς</span> <span class='ocrx_word' id='word_1_99' title='bbox 1051 1065 1213 1119; x_wconf 76' lang='grc' dir='ltr'>αὑτοῦ</span> <span class='ocrx_word' id='word_1_100' title='bbox 1242 1069 1301 1120; x_wconf 85' lang='grc' dir='ltr'>ὲν</span> <span class='ocrx_word' id='word_1_101' title='bbox 1336 1067 1660 1141; x_wconf 77' lang='grc' dir='ltr'><strong>εὐφροσύνῃ.</strong></span> 
     </span>
    </p>
   </div>
   <div class='ocr_carea' id='block_1_15' title="bbox 1286 1063 2873 1141">
    <p class='ocr_par' dir='ltr' id='par_1_15' title="bbox 1286 1067 2873 1141">
     <span class='ocr_line' id='line_1_15' title="bbox 1286 1067 2873 1141; baseline 0.009 -22"><span class='ocrx_word' id='word_1_102' title='bbox 1286 1084 1301 1119; x_wconf 74' lang='grc' dir='ltr'><strong><em>ρ</em></strong></span> <span class='ocrx_word' id='word_1_103' title='bbox 1336 1067 1660 1141; x_wconf 77' lang='grc' dir='ltr'><strong>εὐφροσύνῃ.</strong></span> <span class='ocrx_word' id='word_1_104' title='bbox 1977 1076 2066 1134; x_wconf 79' lang='grc' dir='ltr'><strong>8ίί,</strong></span> <span class='ocrx_word' id='word_1_105' title='bbox 2105 1075 2167 1128; x_wconf 84' lang='lat' dir='ltr'><strong>Et</strong></span> <span class='ocrx_word' id='word_1_106' title='bbox 2211 1076 2413 1132; x_wconf 88' lang='lat' dir='ltr'><strong>electos</strong></span> <span class='ocrx_word' id='word_1_107' title='bbox 2436 1092 2568 1133; x_wconf 76' lang='lat' dir='ltr'><strong>suos</strong></span> <span class='ocrx_word' id='word_1_108' title='bbox 2593 1077 2643 1131; x_wconf 86' lang='lat' dir='ltr'><strong>in</strong></span> <span class='ocrx_word' id='word_1_109' title='bbox 2674 1078 2873 1135; x_wconf 66' lang='lat' dir='ltr'><strong>laetitia.</strong></span> 
     </span>
    </p>
   </div>
   <div class='ocr_carea' id='block_1_16' title="bbox 299 1155 1886 1244">
    <p class='ocr_par' dir='ltr' id='par_1_16' title="bbox 299 1155 1424 1229">
     <span class='ocr_line' id='line_1_16' title="bbox 299 1155 1424 1229; baseline 0.002 -21"><span class='ocrx_word' id='word_1_110' title='bbox 299 1155 388 1208; x_wconf 86' lang='lat'><strong>87.</strong></span> <span class='ocrx_word' id='word_1_111' title='bbox 432 1156 539 1208; x_wconf 90' lang='lat' dir='ltr'><strong>Kal</strong></span> <span class='ocrx_word' id='word_1_112' title='bbox 576 1156 776 1210; x_wconf 76' lang='grc' dir='ltr'>ἔδωκεν</span> <span class='ocrx_word' id='word_1_113' title='bbox 803 1159 983 1220; x_wconf 71' lang='grc' dir='ltr'>αὐτοῖς</span> <span class='ocrx_word' id='word_1_114' title='bbox 1009 1157 1192 1229; x_wconf 82' lang='grc' dir='ltr'>χώρας</span> <span class='ocrx_word' id='word_1_115' title='bbox 1225 1157 1393 1212; x_wconf 85' lang='grc' dir='ltr'><strong>ὲθνῶν</strong></span> <span class='ocrx_word' id='word_1_116' title='bbox 1412 1177 1424 1189; x_wconf 69' lang='grc' dir='ltr'><em>υ</em></span> 
     </span>
    </p>
   </div>
   <div class='ocr_carea' id='block_1_17' title="bbox 1458 1155 3045 1244">
    <p class='ocr_par' dir='ltr' id='par_1_17' title="bbox 1976 1169 3045 1244">
     <span class='ocr_line' id='line_1_17' title="bbox 1976 1169 3045 1244; baseline 0.007 -23"><span class='ocrx_word' id='word_1_117' title='bbox 1976 1170 2065 1223; x_wconf 86' lang='grc'><strong>87.</strong></span> <span class='ocrx_word' id='word_1_118' title='bbox 2108 1169 2170 1223; x_wconf 85' lang='lat' dir='ltr'><strong>Et</strong></span> <span class='ocrx_word' id='word_1_119' title='bbox 2188 1170 2335 1224; x_wconf 89' lang='lat' dir='ltr'><strong>dedit</strong></span> <span class='ocrx_word' id='word_1_120' title='bbox 2364 1171 2468 1226; x_wconf 86' lang='lat' dir='ltr'><strong>illis</strong></span> <span class='ocrx_word' id='word_1_121' title='bbox 2501 1172 2743 1240; x_wconf 81' lang='lat' dir='ltr'><strong>regiones</strong></span> <span class='ocrx_word' id='word_1_122' title='bbox 2769 1175 3005 1244; x_wconf 84' lang='lat' dir='ltr'><strong>gentium</strong></span> <span class='ocrx_word' id='word_1_123' title='bbox 3032 1194 3045 1230; x_wconf 90' lang='lat'><strong>:</strong></span> 
     </span>
    </p>
   </div>
   <div class='ocr_carea' id='block_1_18' title="bbox 300 1247 1887 1336">
    <p class='ocr_par' dir='ltr' id='par_1_18' title="bbox 300 1247 1554 1322">
     <span class='ocr_line' id='line_1_18' title="bbox 300 1247 1554 1322; baseline 0.001 -21"><span class='ocrx_word' id='word_1_124' title='bbox 300 1247 392 1301; x_wconf 87' lang='lat'><strong>88.</strong></span> <span class='ocrx_word' id='word_1_125' title='bbox 434 1248 542 1301; x_wconf 87' lang='lat' dir='ltr'><strong>Kal</strong></span> <span class='ocrx_word' id='word_1_126' title='bbox 581 1249 774 1312; x_wconf 83' lang='grc' dir='ltr'>πόνους</span> <span class='ocrx_word' id='word_1_127' title='bbox 812 1249 956 1303; x_wconf 78' lang='grc' dir='ltr'>λαῶν</span> <span class='ocrx_word' id='word_1_128' title='bbox 989 1249 1554 1322; x_wconf 69' lang='grc' dir='ltr'>κατεκληρονόμησαν.</span> 
     </span>
    </p>
   </div>
   <div class='ocr_carea' id='block_1_19' title="bbox 1599 1247 3186 1336">
    <p class='ocr_par' dir='ltr' id='par_1_19' title="bbox 1973 1262 3186 1336">
     <span class='ocr_line' id='line_1_19' title="bbox 1973 1262 3186 1336; baseline 0.005 -18"><span class='ocrx_word' id='word_1_129' title='bbox 1973 1263 2062 1318; x_wconf 89' lang='lat'><strong>88.</strong></span> <span class='ocrx_word' id='word_1_130' title='bbox 2104 1262 2168 1317; x_wconf 85' lang='lat' dir='ltr'><strong>Et</strong></span> <span class='ocrx_word' id='word_1_131' title='bbox 2201 1265 2413 1318; x_wconf 88' lang='lat' dir='ltr'><strong>labores</strong></span> <span class='ocrx_word' id='word_1_132' title='bbox 2455 1266 2774 1335; x_wconf 90' lang='lat' dir='ltr'><strong>populorum</strong></span> <span class='ocrx_word' id='word_1_133' title='bbox 2813 1269 3186 1336; x_wconf 84' lang='lat' dir='ltr'><strong>possederunt.</strong></span> 
     </span>
    </p>
   </div>
   <div class='ocr_carea' id='block_1_20' title="bbox 299 1339 1886 1428">
    <p class='ocr_par' dir='ltr' id='par_1_20' title="bbox 299 1339 1690 1411">
     <span class='ocr_line' id='line_1_20' title="bbox 299 1339 1690 1411; baseline 0.002 -19"><span class='ocrx_word' id='word_1_134' title='bbox 299 1339 391 1392; x_wconf 89' lang='lat'><strong>89.</strong></span> <span class='ocrx_word' id='word_1_135' title='bbox 410 1341 595 1402; x_wconf 79' lang='grc' dir='ltr'>Ὅπως</span> <span class='ocrx_word' id='word_1_136' title='bbox 625 1339 690 1392; x_wconf 85' lang='grc' dir='ltr'>ἂν</span> <span class='ocrx_word' id='word_1_137' title='bbox 724 1339 997 1409; x_wconf 75' lang='grc' dir='ltr'>φυλάξωσι</span> <span class='ocrx_word' id='word_1_138' title='bbox 1021 1341 1087 1393; x_wconf 79' lang='grc' dir='ltr'>τὰ</span> <span class='ocrx_word' id='word_1_139' title='bbox 1119 1339 1462 1411; x_wconf 81' lang='grc' dir='ltr'>δικαιώματα</span> <span class='ocrx_word' id='word_1_140' title='bbox 1493 1342 1658 1394; x_wconf 78' lang='grc' dir='ltr'>αὑτοῦ</span> <span class='ocrx_word' id='word_1_141' title='bbox 1678 1359 1690 1371; x_wconf 88' lang='grc'>·</span> 
     </span>
    </p>
   </div>
   <div class='ocr_carea' id='block_1_21' title="bbox 1563 1339 3150 1428">
    <p class='ocr_par' dir='ltr' id='par_1_21' title="bbox 1567 1342 3150 1428">
     <span class='ocr_line' id='line_1_21' title="bbox 1567 1342 3150 1428; baseline 0.009 -27"><span class='ocrx_word' id='word_1_142' title='bbox 1567 1342 1658 1394; x_wconf 80' lang='grc' dir='ltr'>τοῦ</span> <span class='ocrx_word' id='word_1_143' title='bbox 1678 1359 1690 1371; x_wconf 90' lang='lat'>&#39;</span> <span class='ocrx_word' id='word_1_144' title='bbox 1973 1355 2063 1411; x_wconf 80' lang='lat'><strong>89.</strong></span> <span class='ocrx_word' id='word_1_145' title='bbox 2109 1353 2176 1409; x_wconf 91' lang='lat' dir='ltr'><strong>Ut</strong></span> <span class='ocrx_word' id='word_1_146' title='bbox 2219 1356 2524 1410; x_wconf 72' lang='lat' dir='ltr'><strong>custodiant</strong></span> <span class='ocrx_word' id='word_1_147' title='bbox 2550 1357 2964 1426; x_wconf 84' lang='lat' dir='ltr'><strong>justilicationes</strong></span> <span class='ocrx_word' id='word_1_148' title='bbox 2991 1361 3110 1428; x_wconf 83' lang='lat' dir='ltr'><strong>ejus</strong></span> <span class='ocrx_word' id='word_1_149' title='bbox 3139 1380 3150 1414; x_wconf 89' lang='lat'>:</span> 
     </span>
    </p>
   </div>
   <div class='ocr_carea' id='block_1_22' title="bbox 300 1431 1887 1522">
    <p class='ocr_par' dir='ltr' id='par_1_22' title="bbox 300 1431 1436 1506">
     <span class='ocr_line' id='line_1_22' title="bbox 300 1431 1436 1506; baseline 0.002 -20"><span class='ocrx_word' id='word_1_150' title='bbox 300 1431 391 1486; x_wconf 88' lang='lat'><strong>90.</strong></span> <span class='ocrx_word' id='word_1_151' title='bbox 433 1432 542 1484; x_wconf 86' lang='lat' dir='ltr'><strong>Kal</strong></span> <span class='ocrx_word' id='word_1_152' title='bbox 571 1434 664 1485; x_wconf 80' lang='grc' dir='ltr'>τὸν</span> <span class='ocrx_word' id='word_1_153' title='bbox 689 1433 852 1503; x_wconf 90' lang='grc' dir='ltr'>νόμον</span> <span class='ocrx_word' id='word_1_154' title='bbox 882 1433 1046 1487; x_wconf 77' lang='grc' dir='ltr'>αὑτοῦ</span> <span class='ocrx_word' id='word_1_155' title='bbox 1074 1435 1436 1506; x_wconf 74' lang='grc' dir='ltr'>ὲκζητήσωσι.</span> 
     </span>
    </p>
   </div>
   <div class='ocr_carea' id='block_1_23' title="bbox 1618 1431 3205 1522">
    <p class='ocr_par' dir='ltr' id='par_1_23' title="bbox 1973 1445 3205 1522">
     <span class='ocr_line' id='line_1_23' title="bbox 1973 1445 3205 1522; baseline 0.006 -24"><span class='ocrx_word' id='word_1_156' title='bbox 1973 1445 2063 1499; x_wconf 87' lang='grc'><strong>90.</strong></span> <span class='ocrx_word' id='word_1_157' title='bbox 2103 1445 2166 1499; x_wconf 80' lang='lat' dir='ltr'><strong>Et</strong></span> <span class='ocrx_word' id='word_1_158' title='bbox 2198 1446 2368 1516; x_wconf 88' lang='lat' dir='ltr'><strong>legem</strong></span> <span class='ocrx_word' id='word_1_159' title='bbox 2406 1447 2524 1516; x_wconf 89' lang='lat' dir='ltr'><strong>ejus</strong></span> <span class='ocrx_word' id='word_1_160' title='bbox 2555 1448 2834 1517; x_wconf 86' lang='lat' dir='ltr'><strong>requirant</strong></span> <span class='ocrx_word' id='word_1_161' title='bbox 2860 1446 3205 1522; x_wconf 73' lang='lat' dir='ltr'><strong>[requirent].</strong></span> 
     </span>
    </p>
   </div>
   <div class='ocr_carea' id='block_1_24' title="bbox 663 1549 3022 1618">
    <p class='ocr_par' dir='ltr' id='par_1_24' title="bbox 663 1549 3022 1618">
     <span class='ocr_line' id='line_1_24' title="bbox 663 1549 3022 1618; baseline 0.007 -17"><span class='ocrx_word' id='word_1_162' title='bbox 663 1549 1045 1615; x_wconf 61' lang='lat' dir='ltr'><strong>’AJJnJouIa.</strong></span> <span class='ocrx_word' id='word_1_163' title='bbox 1079 1553 1252 1604; x_wconf 83' lang='grc' dir='ltr'>ΨΑΛ.</span> <span class='ocrx_word' id='word_1_164' title='bbox 1282 1552 1412 1602; x_wconf 81' lang='lat' dir='ltr'><strong>PE&#39;.</strong></span> <span class='ocrx_word' id='word_1_165' title='bbox 2353 1559 2599 1614; x_wconf 80' lang='lat' dir='ltr'><strong>Alleluia.</strong></span> <span class='ocrx_word' id='word_1_166' title='bbox 2658 1558 2856 1615; x_wconf 75' lang='lat' dir='ltr'><strong>PSAL.</strong></span> <span class='ocrx_word' id='word_1_167' title='bbox 2908 1560 3022 1618; x_wconf 82' lang='lat' dir='ltr'><strong>CV.</strong></span> 
     </span>
    </p>
   </div>
   <div class='ocr_carea' id='block_1_25' title="bbox 301 1637 1888 1721">
    <p class='ocr_par' dir='ltr' id='par_1_25' title="bbox 301 1637 1572 1713">
     <span class='ocr_line' id='line_1_25' title="bbox 301 1637 1572 1713; baseline -0.004 -20"><span class='ocrx_word' id='word_1_168' title='bbox 301 1637 352 1693; x_wconf 71' lang='grc'><strong>1.</strong></span> <span class='ocrx_word' id='word_1_169' title='bbox 385 1640 820 1710; x_wconf 80' lang='grc' dir='ltr'>Ἑξομολογεῖσθε</span> <span class='ocrx_word' id='word_1_170' title='bbox 849 1640 927 1710; x_wconf 83' lang='grc' dir='ltr'>τῷ</span> <span class='ocrx_word' id='word_1_171' title='bbox 959 1641 1165 1712; x_wconf 83' lang='grc' dir='ltr'>Κυρίῳ,</span> <span class='ocrx_word' id='word_1_172' title='bbox 1197 1642 1276 1693; x_wconf 69' lang='grc' dir='ltr'><strong>ὅτι</strong></span> <span class='ocrx_word' id='word_1_173' title='bbox 1307 1642 1572 1713; x_wconf 72' lang='grc' dir='ltr'>χρηστόςο</span> 
     </span>
    </p>
   </div>
   <div class='ocr_carea' id='block_1_26' title="bbox 1637 1637 3224 1721">
    <p class='ocr_par' dir='ltr' id='par_1_26' title="bbox 1978 1649 3224 1721">
     <span class='ocr_line' id='line_1_26' title="bbox 1978 1649 3224 1721; baseline 0.005 -17"><span class='ocrx_word' id='word_1_174' title='bbox 1978 1652 2027 1705; x_wconf 80' lang='grc' dir='ltr'><strong>Ι.</strong></span> <span class='ocrx_word' id='word_1_175' title='bbox 2061 1649 2402 1705; x_wconf 76' lang='lat' dir='ltr'><strong>Conlitemini</strong></span> <span class='ocrx_word' id='word_1_176' title='bbox 2436 1650 2683 1712; x_wconf 89' lang='lat' dir='ltr'><strong>Domino.</strong></span> <span class='ocrx_word' id='word_1_177' title='bbox 2710 1655 2966 1721; x_wconf 88' lang='lat' dir='ltr'><strong>quoniam</strong></span> <span class='ocrx_word' id='word_1_178' title='bbox 3013 1656 3184 1710; x_wconf 85' lang='lat' dir='ltr'><strong>bonus</strong></span> <span class='ocrx_word' id='word_1_179' title='bbox 3211 1697 3224 1710; x_wconf 95' lang='lat'><strong>.</strong></span> 
     </span>
    </p>
   </div>
   <div class='ocr_carea' id='block_1_27' title="bbox 295 1732 1882 1817">
    <p class='ocr_par' dir='ltr' id='par_1_27' title="bbox 295 1732 1396 1796">
     <span class='ocr_line' id='line_1_27' title="bbox 295 1732 1396 1796; baseline 0.002 -12"><span class='ocrx_word' id='word_1_180' title='bbox 295 1732 492 1785; x_wconf 75' lang='grc' dir='ltr'>2.Ὂτι</span> <span class='ocrx_word' id='word_1_181' title='bbox 522 1734 602 1795; x_wconf 82' lang='grc' dir='ltr'><strong>είς</strong></span> <span class='ocrx_word' id='word_1_182' title='bbox 632 1733 723 1784; x_wconf 81' lang='grc' dir='ltr'>τὸν</span> <span class='ocrx_word' id='word_1_183' title='bbox 756 1734 926 1786; x_wconf 81' lang='grc' dir='ltr'><strong>αἰῶνα</strong></span> <span class='ocrx_word' id='word_1_184' title='bbox 957 1732 1016 1785; x_wconf 86' lang='grc' dir='ltr'>τὸ</span> <span class='ocrx_word' id='word_1_185' title='bbox 1041 1733 1186 1796; x_wconf 79' lang='grc' dir='ltr'>ἕλεος</span> <span class='ocrx_word' id='word_1_186' title='bbox 1215 1733 1396 1786; x_wconf 78' lang='grc' dir='ltr'>αὑτοῦ.</span> 
     </span>
    </p>
   </div>
   <div class='ocr_carea' id='block_1_28' title="bbox 1683 1732 3270 1817">
    <p class='ocr_par' dir='ltr' id='par_1_28' title="bbox 1971 1743 3270 1817">
     <span class='ocr_line' id='line_1_28' title="bbox 1971 1743 3270 1817; baseline 0.005 -22"><span class='ocrx_word' id='word_1_187' title='bbox 1971 1744 2026 1798; x_wconf 72' lang='lat'><strong>2.</strong></span> <span class='ocrx_word' id='word_1_188' title='bbox 2070 1743 2336 1809; x_wconf 87' lang='lat' dir='ltr'><strong>Quoniam</strong></span> <span class='ocrx_word' id='word_1_189' title='bbox 2369 1745 2421 1797; x_wconf 92' lang='lat' dir='ltr'><strong>in</strong></span> <span class='ocrx_word' id='word_1_190' title='bbox 2451 1746 2706 1800; x_wconf 68' lang='lat' dir='ltr'><strong>smeulum</strong></span> <span class='ocrx_word' id='word_1_191' title='bbox 2739 1745 3103 1801; x_wconf 76' lang='lat' dir='ltr'><strong>misericordia</strong></span> <span class='ocrx_word' id='word_1_192' title='bbox 3133 1747 3270 1817; x_wconf 84' lang='lat' dir='ltr'><strong>ejus.</strong></span> 
     </span>
    </p>
   </div>
   <div class='ocr_carea' id='block_1_29' title="bbox 296 1823 1883 1926">
    <p class='ocr_par' dir='ltr' id='par_1_29' title="bbox 296 1823 1875 1926">
     <span class='ocr_line' id='line_1_29' title="bbox 296 1823 1875 1926; baseline 0 -48"><span class='ocrx_word' id='word_1_193' title='bbox 296 1823 351 1878; x_wconf 79' lang='lat'><strong>3.</strong></span> <span class='ocrx_word' id='word_1_194' title='bbox 393 1823 488 1886; x_wconf 79' lang='grc' dir='ltr'>Τίς</span> <span class='ocrx_word' id='word_1_195' title='bbox 518 1823 739 1892; x_wconf 80' lang='grc' dir='ltr'><strong>λαλήσει</strong></span> <span class='ocrx_word' id='word_1_196' title='bbox 767 1826 864 1887; x_wconf 75' lang='grc' dir='ltr'>τὰς</span> <span class='ocrx_word' id='word_1_197' title='bbox 893 1825 1209 1888; x_wconf 76' lang='grc' dir='ltr'>δυναστείας</span> <span class='ocrx_word' id='word_1_198' title='bbox 1237 1824 1329 1878; x_wconf 76' lang='grc' dir='ltr'>τοῦ</span> <span class='ocrx_word' id='word_1_199' title='bbox 1365 1825 1602 1896; x_wconf 73' lang='grc' dir='ltr'>κυρίους</span> <span class='ocrx_word' id='word_1_200' title='bbox 1835 1871 1875 1926; x_wconf 74' lang='grc' dir='ltr'><strong>Β</strong></span> 
     </span>
    </p>
   </div>
   <div class='ocr_carea' id='block_1_30' title="bbox 1503 1823 3090 1926">
    <p class='ocr_par' dir='ltr' id='par_1_30' title="bbox 1503 1827 3090 1926">
     <span class='ocr_line' id='line_1_30' title="bbox 1503 1827 3090 1926; baseline 0.009 -49"><span class='ocrx_word' id='word_1_201' title='bbox 1503 1827 1602 1889; x_wconf 69' lang='lat' dir='ltr'><strong>Teo;</strong></span> <span class='ocrx_word' id='word_1_202' title='bbox 1835 1871 1875 1926; x_wconf 73' lang='grc' dir='ltr'><strong>Β</strong></span> <span class='ocrx_word' id='word_1_203' title='bbox 1976 1834 2028 1887; x_wconf 82' lang='grc'>5.</span> <span class='ocrx_word' id='word_1_204' title='bbox 2077 1834 2210 1899; x_wconf 92' lang='lat' dir='ltr'><strong>Quis</strong></span> <span class='ocrx_word' id='word_1_205' title='bbox 2242 1835 2493 1904; x_wconf 83' lang='lat' dir='ltr'><strong>loquetur</strong></span> <span class='ocrx_word' id='word_1_206' title='bbox 2536 1837 2808 1905; x_wconf 81' lang='lat' dir='ltr'><strong>potentias</strong></span> <span class='ocrx_word' id='word_1_207' title='bbox 2840 1836 3090 1892; x_wconf 83' lang='lat' dir='ltr'><strong>Domini?</strong></span> 
     </span>
    </p>
   </div>
   <div class='ocr_carea' id='block_1_31' title="bbox 297 1913 1884 1999">
    <p class='ocr_par' dir='ltr' id='par_1_31' title="bbox 297 1913 1875 1986">
     <span class='ocr_line' id='line_1_31' title="bbox 297 1913 1875 1986; baseline 0.002 -18"><span class='ocrx_word' id='word_1_208' title='bbox 297 1913 352 1968; x_wconf 77' lang='grc'><strong>4.</strong></span> <span class='ocrx_word' id='word_1_209' title='bbox 381 1915 674 1979; x_wconf 76' lang='grc' dir='ltr'>Ἀκουστὰς</span> <span class='ocrx_word' id='word_1_210' title='bbox 707 1919 918 1986; x_wconf 76' lang='grc' dir='ltr'>ποιήσει</span> <span class='ocrx_word' id='word_1_211' title='bbox 953 1917 1128 1979; x_wconf 78' lang='grc' dir='ltr'>πάσας</span> <span class='ocrx_word' id='word_1_212' title='bbox 1153 1917 1250 1979; x_wconf 69' lang='grc' dir='ltr'><strong>τὰς</strong></span> <span class='ocrx_word' id='word_1_213' title='bbox 1279 1917 1507 1979; x_wconf 79' lang='grc' dir='ltr'>αἰνέσεις</span> <span class='ocrx_word' id='word_1_214' title='bbox 1534 1916 1692 1970; x_wconf 76' lang='grc' dir='ltr'>αὑτοῦ</span> <span class='ocrx_word' id='word_1_215' title='bbox 1717 1935 1732 1984; x_wconf 87' lang='lat'><strong>;</strong></span> <span class='ocrx_word' id='word_1_216' title='bbox 1836 1913 1875 1926; x_wconf 79' lang='grc'><em>”</em></span> 
     </span>
    </p>
   </div>
   <div class='ocr_carea' id='block_1_32' title="bbox 1506 1913 3093 1999">
    <p class='ocr_par' dir='ltr' id='par_1_32' title="bbox 1506 1913 3093 1999">
     <span class='ocr_line' id='line_1_32' title="bbox 1506 1913 3093 1999; baseline 0.009 -30"><span class='ocrx_word' id='word_1_217' title='bbox 1506 1916 1732 1984; x_wconf 74' lang='grc' dir='ltr'>αὐτοῦς</span> <span class='ocrx_word' id='word_1_218' title='bbox 1836 1913 1875 1926; x_wconf 80' lang='grc'><strong>“’</strong></span> <span class='ocrx_word' id='word_1_219' title='bbox 1973 1926 2025 1979; x_wconf 83' lang='grc'><strong>4.</strong></span> <span class='ocrx_word' id='word_1_220' title='bbox 2071 1926 2297 1980; x_wconf 82' lang='lat' dir='ltr'><strong>Auditas</strong></span> <span class='ocrx_word' id='word_1_221' title='bbox 2322 1927 2477 1980; x_wconf 80' lang='lat' dir='ltr'><strong>faciet</strong></span> <span class='ocrx_word' id='word_1_222' title='bbox 2511 1943 2699 1983; x_wconf 84' lang='lat' dir='ltr'><strong>omnes</strong></span> <span class='ocrx_word' id='word_1_223' title='bbox 2733 1930 2917 1984; x_wconf 84' lang='lat' dir='ltr'><strong>laudes</strong></span> <span class='ocrx_word' id='word_1_224' title='bbox 2937 1929 3093 1999; x_wconf 73' lang='lat' dir='ltr'><strong>ejus?</strong></span> 
     </span>
    </p>
   </div>
   <div class='ocr_carea' id='block_1_33' title="bbox 299 2005 1886 2095">
    <p class='ocr_par' dir='ltr' id='par_1_33' title="bbox 299 2005 1801 2079">
     <span class='ocr_line' id='line_1_33' title="bbox 299 2005 1801 2079; baseline 0.004 -21"><span class='ocrx_word' id='word_1_225' title='bbox 299 2005 352 2058; x_wconf 82' lang='lat'><strong>5.</strong></span> <span class='ocrx_word' id='word_1_226' title='bbox 394 2007 665 2078; x_wconf 80' lang='grc' dir='ltr'>Μακάριοι</span> <span class='ocrx_word' id='word_1_227' title='bbox 685 2009 732 2060; x_wconf 85' lang='grc' dir='ltr'><strong>οἱ</strong></span> <span class='ocrx_word' id='word_1_228' title='bbox 757 2008 1118 2076; x_wconf 72' lang='grc' dir='ltr'>φυλάσσοντες</span> <span class='ocrx_word' id='word_1_229' title='bbox 1143 2009 1343 2079; x_wconf 82' lang='grc' dir='ltr'>κρίσιν,</span> <span class='ocrx_word' id='word_1_230' title='bbox 1366 2010 1458 2062; x_wconf 71' lang='grc' dir='ltr'><strong>καὶ</strong></span> <span class='ocrx_word' id='word_1_231' title='bbox 1483 2009 1558 2079; x_wconf 81' lang='grc' dir='ltr'><strong>(α)</strong></span> <span class='ocrx_word' id='word_1_232' title='bbox 1585 2011 1801 2064; x_wconf 79' lang='grc' dir='ltr'>ποιοῦν-</span> 
     </span>
    </p>
   </div>
   <div class='ocr_carea' id='block_1_34' title="bbox 1881 2005 3468 2095">
    <p class='ocr_par' dir='ltr' id='par_1_34' title="bbox 1972 2017 3468 2095">
     <span class='ocr_line' id='line_1_34' title="bbox 1972 2017 3468 2095; baseline 0.005 -23"><span class='ocrx_word' id='word_1_233' title='bbox 1972 2018 2024 2073; x_wconf 89' lang='grc'>5.</span> <span class='ocrx_word' id='word_1_234' title='bbox 2066 2017 2213 2074; x_wconf 87' lang='lat' dir='ltr'><strong>Beati</strong></span> <span class='ocrx_word' id='word_1_235' title='bbox 2244 2021 2335 2090; x_wconf 89' lang='lat' dir='ltr'><strong>qui</strong></span> <span class='ocrx_word' id='word_1_236' title='bbox 2383 2021 2694 2075; x_wconf 89' lang='lat' dir='ltr'><strong>custodiunt</strong></span> <span class='ocrx_word' id='word_1_237' title='bbox 2735 2019 3029 2090; x_wconf 61' lang='lat' dir='ltr'><strong>judicium.</strong></span> <span class='ocrx_word' id='word_1_238' title='bbox 3055 2033 3110 2078; x_wconf 90' lang='lat' dir='ltr'><strong>et</strong></span> <span class='ocrx_word' id='word_1_239' title='bbox 3145 2021 3344 2079; x_wconf 75' lang='lat' dir='ltr'><strong>faciunt</strong></span> <span class='ocrx_word' id='word_1_240' title='bbox 3378 2024 3468 2095; x_wconf 85' lang='lat' dir='ltr'><strong>ju-</strong></span> 
     </span>
    </p>
   </div>
   <div class='ocr_carea' id='block_1_35' title="bbox 225 2097 1812 2183">
    <p class='ocr_par' dir='ltr' id='par_1_35' title="bbox 225 2097 1200 2170">
     <span class='ocr_line' id='line_1_35' title="bbox 225 2097 1200 2170; baseline 0.004 -22"><span class='ocrx_word' id='word_1_241' title='bbox 225 2109 318 2160; x_wconf 69' lang='grc' dir='ltr'>τίς</span> <span class='ocrx_word' id='word_1_242' title='bbox 342 2097 684 2169; x_wconf 80' lang='grc' dir='ltr'>δικαιοσύνην</span> <span class='ocrx_word' id='word_1_243' title='bbox 718 2101 775 2152; x_wconf 81' lang='grc' dir='ltr'>ὲν</span> <span class='ocrx_word' id='word_1_244' title='bbox 811 2100 969 2154; x_wconf 73' lang='grc' dir='ltr'>παντὶ</span> <span class='ocrx_word' id='word_1_245' title='bbox 1003 2099 1200 2170; x_wconf 80' lang='grc' dir='ltr'><strong>καιρῷ.</strong></span> 
     </span>
    </p>
   </div>
   <div class='ocr_carea' id='block_1_36' title="bbox 1063 2097 2650 2183">
    <p class='ocr_par' dir='ltr' id='par_1_36' title="bbox 1063 2099 2650 2183">
     <span class='ocr_line' id='line_1_36' title="bbox 1063 2099 2650 2183; baseline -0.002 -13"><span class='ocrx_word' id='word_1_246' title='bbox 1063 2099 1200 2170; x_wconf 72' lang='grc' dir='ltr'><strong>ιιρῷο</strong></span> <span class='ocrx_word' id='word_1_247' title='bbox 1904 2112 2104 2166; x_wconf 73' lang='lat' dir='ltr'><strong>stitiam</strong></span> <span class='ocrx_word' id='word_1_248' title='bbox 2133 2113 2186 2166; x_wconf 93' lang='lat' dir='ltr'><strong>in</strong></span> <span class='ocrx_word' id='word_1_249' title='bbox 2213 2113 2360 2168; x_wconf 92' lang='lat' dir='ltr'><strong>omni</strong></span> <span class='ocrx_word' id='word_1_250' title='bbox 2390 2122 2650 2183; x_wconf 91' lang='lat' dir='ltr'><strong>tempore.</strong></span> 
     </span>
    </p>
   </div>
   <div class='ocr_carea' id='block_1_37' title="bbox 297 2233 1892 2314">
    <p class='ocr_par' dir='ltr' id='par_1_37' title="bbox 297 2233 1892 2314">
     <span class='ocr_line' id='line_1_37' title="bbox 297 2233 1892 2314; baseline 0.006 -26"><span class='ocrx_word' id='word_1_251' title='bbox 297 2235 375 2306; x_wconf 81' lang='grc' dir='ltr'><strong>(α)</strong></span> <span class='ocrx_word' id='word_1_252' title='bbox 412 2233 562 2292; x_wconf 84' lang='lat' dir='ltr'><strong>Vers.</strong></span> <span class='ocrx_word' id='word_1_253' title='bbox 587 2238 639 2292; x_wconf 89' lang='lat'><strong>6.</strong></span> <span class='ocrx_word' id='word_1_254' title='bbox 668 2239 774 2292; x_wconf 88' lang='lat' dir='ltr'><strong>Kal</strong></span> <span class='ocrx_word' id='word_1_255' title='bbox 807 2238 1106 2306; x_wconf 77' lang='grc' dir='ltr'>ποιοῦντες,</span> <span class='ocrx_word' id='word_1_256' title='bbox 1130 2249 1236 2297; x_wconf 93' lang='lat' dir='ltr'><strong>etc.</strong></span> <span class='ocrx_word' id='word_1_257' title='bbox 1279 2239 1338 2293; x_wconf 56' lang='grc' dir='ltr'>δ’.</span> <span class='ocrx_word' id='word_1_258' title='bbox 1375 2241 1422 2293; x_wconf 88' lang='grc'><strong>7.</strong></span> <span class='ocrx_word' id='word_1_259' title='bbox 1461 2242 1758 2314; x_wconf 73' lang='grc' dir='ltr'>Μνήσοητι,</span> <span class='ocrx_word' id='word_1_260' title='bbox 1791 2257 1892 2299; x_wconf 87' lang='lat' dir='ltr'><strong>etc.</strong></span> 
     </span>
    </p>
   </div>
   <div class='ocr_carea' id='block_1_38' title="bbox 1352 2425 2350 2488">
    <p class='ocr_par' dir='ltr' id='par_1_38' title="bbox 1352 2425 2350 2488">
     <span class='ocr_line' id='line_1_38' title="bbox 1352 2425 2350 2488; baseline 0.008 -10"><span class='ocrx_word' id='word_1_261' title='bbox 1352 2425 1730 2480; x_wconf 74' lang='lat' dir='ltr'><strong>ATIIANASII</strong></span> <span class='ocrx_word' id='word_1_262' title='bbox 1772 2427 2350 2488; x_wconf 73' lang='lat' dir='ltr'><strong>lNTERPRETATIO.</strong></span> 
     </span>
    </p>
   </div>
   <div class='ocr_carea' id='block_1_39' title="bbox 301 2575 1888 2674">
    <p class='ocr_par' dir='ltr' id='par_1_39' title="bbox 301 2575 1807 2656">
     <span class='ocr_line' id='line_1_39' title="bbox 301 2575 1807 2656; baseline 0.007 -29"><span class='ocrx_word' id='word_1_263' title='bbox 301 2575 390 2629; x_wconf 89' lang='lat'><strong>80.</strong></span> <span class='ocrx_word' id='word_1_264' title='bbox 432 2576 534 2628; x_wconf 83' lang='grc' dir='ltr'><strong>Τὸν</strong></span> <span class='ocrx_word' id='word_1_265' title='bbox 565 2579 692 2632; x_wconf 77' lang='grc' dir='ltr'>Υίὸν</span> <span class='ocrx_word' id='word_1_266' title='bbox 731 2581 895 2635; x_wconf 78' lang='grc' dir='ltr'>αὑτοῦ</span> <span class='ocrx_word' id='word_1_267' title='bbox 938 2582 1029 2635; x_wconf 81' lang='grc' dir='ltr'>τὸν</span> <span class='ocrx_word' id='word_1_268' title='bbox 1077 2585 1334 2654; x_wconf 79' lang='grc' dir='ltr'>μονογενῆ</span> <span class='ocrx_word' id='word_1_269' title='bbox 1371 2585 1565 2640; x_wconf 82' lang='grc' dir='ltr'>εδωκεν</span> <span class='ocrx_word' id='word_1_270' title='bbox 1592 2585 1668 2656; x_wconf 88' lang='grc' dir='ltr'><strong>(ι)</strong></span> <span class='ocrx_word' id='word_1_271' title='bbox 1727 2588 1807 2651; x_wconf 68' lang='grc' dir='ltr'>εὶς</span> 
     </span>
    </p>
   </div>
   <div class='ocr_carea' id='block_1_40' title="bbox 1844 2575 3431 2674">
    <p class='ocr_par' dir='ltr' id='par_1_40' title="bbox 1975 2590 3431 2674">
     <span class='ocr_line' id='line_1_40' title="bbox 1975 2590 3431 2674; baseline 0.01 -31"><span class='ocrx_word' id='word_1_272' title='bbox 1975 2590 2062 2644; x_wconf 88' lang='grc'>80.</span> <span class='ocrx_word' id='word_1_273' title='bbox 2101 2591 2296 2646; x_wconf 88' lang='lat' dir='ltr'><strong>Filium</strong></span> <span class='ocrx_word' id='word_1_274' title='bbox 2324 2609 2484 2647; x_wconf 88' lang='lat' dir='ltr'><strong>suum</strong></span> <span class='ocrx_word' id='word_1_275' title='bbox 2519 2597 2853 2666; x_wconf 81' lang='lat' dir='ltr'><strong>unigenitum</strong></span> <span class='ocrx_word' id='word_1_276' title='bbox 2894 2598 3042 2653; x_wconf 87' lang='lat' dir='ltr'><strong>dedit</strong></span> <span class='ocrx_word' id='word_1_277' title='bbox 3087 2600 3137 2653; x_wconf 90' lang='lat' dir='ltr'><strong>in</strong></span> <span class='ocrx_word' id='word_1_278' title='bbox 3175 2604 3431 2674; x_wconf 80' lang='lat' dir='ltr'><strong>participa</strong></span> 
     </span>
    </p>
   </div>
   <div class='ocr_carea' id='block_1_41' title="bbox 228 2667 1815 2740">
    <p class='ocr_par' dir='ltr' id='par_1_41' title="bbox 228 2667 668 2740">
     <span class='ocr_line' id='line_1_41' title="bbox 228 2667 668 2740; baseline 0.018 -23"><span class='ocrx_word' id='word_1_279' title='bbox 228 2667 536 2738; x_wconf 65' lang='grc' dir='ltr'>μετάληψιν</span> <span class='ocrx_word' id='word_1_280' title='bbox 571 2672 668 2740; x_wconf 69' lang='grc' dir='ltr'>(τι).</span> 
     </span>
    </p>
   </div>
   <div class='ocr_carea' id='block_1_42' title="bbox 540 2667 2127 2740">
    <p class='ocr_par' dir='ltr' id='par_1_42' title="bbox 571 2672 2127 2740">
     <span class='ocr_line' id='line_1_42' title="bbox 571 2672 2127 2740; baseline 0.009 -17"><span class='ocrx_word' id='word_1_281' title='bbox 571 2672 668 2740; x_wconf 81' lang='lat' dir='ltr'>(a).</span> <span class='ocrx_word' id='word_1_282' title='bbox 1903 2683 2127 2739; x_wconf 89' lang='lat' dir='ltr'><strong>tionem.</strong></span> 
     </span>
    </p>
   </div>
   <div class='ocr_carea' id='block_1_43' title="bbox 298 2761 1885 2852">
    <p class='ocr_par' dir='ltr' id='par_1_43' title="bbox 298 2761 1808 2842">
     <span class='ocr_line' id='line_1_43' title="bbox 298 2761 1808 2842; baseline 0.007 -28"><span class='ocrx_word' id='word_1_283' title='bbox 298 2761 386 2814; x_wconf 83' lang='lat'><strong>8|.</strong></span> <span class='ocrx_word' id='word_1_284' title='bbox 429 2765 536 2835; x_wconf 76' lang='grc' dir='ltr'><strong>Τὴν</strong></span> <span class='ocrx_word' id='word_1_285' title='bbox 563 2765 801 2834; x_wconf 80' lang='grc' dir='ltr'>πλευρὰν</span> <span class='ocrx_word' id='word_1_286' title='bbox 819 2766 912 2818; x_wconf 76' lang='grc' dir='ltr'>τοῦ</span> <span class='ocrx_word' id='word_1_287' title='bbox 945 2764 1076 2817; x_wconf 86' lang='grc' dir='ltr'><strong>Υἱοῦ</strong></span> <span class='ocrx_word' id='word_1_288' title='bbox 1119 2766 1283 2819; x_wconf 78' lang='grc' dir='ltr'>αὐτοῦ</span> <span class='ocrx_word' id='word_1_289' title='bbox 1315 2766 1394 2837; x_wconf 72' lang='grc'><strong>(2)</strong></span> <span class='ocrx_word' id='word_1_290' title='bbox 1421 2766 1676 2842; x_wconf 78' lang='grc' dir='ltr'>διήνοιξε,</span> <span class='ocrx_word' id='word_1_291' title='bbox 1710 2770 1808 2824; x_wconf 74' lang='grc' dir='ltr'>καὶ</span> 
     </span>
    </p>
   </div>
   <div class='ocr_carea' id='block_1_44' title="bbox 1876 2761 3463 2852">
    <p class='ocr_par' dir='ltr' id='par_1_44' title="bbox 1969 2774 3463 2852">
     <span class='ocr_line' id='line_1_44' title="bbox 1969 2774 3463 2852; baseline 0.009 -23"><span class='ocrx_word' id='word_1_292' title='bbox 1969 2774 2059 2835; x_wconf 82' lang='grc'><strong>81.</strong></span> <span class='ocrx_word' id='word_1_293' title='bbox 2103 2775 2272 2833; x_wconf 72' lang='lat' dir='ltr'><strong>Latus</strong></span> <span class='ocrx_word' id='word_1_294' title='bbox 2329 2777 2450 2833; x_wconf 84' lang='lat' dir='ltr'><strong>Filii</strong></span> <span class='ocrx_word' id='word_1_295' title='bbox 2516 2779 2601 2834; x_wconf 92' lang='lat' dir='ltr'><strong>sui</strong></span> <span class='ocrx_word' id='word_1_296' title='bbox 2662 2782 2892 2850; x_wconf 87' lang='lat' dir='ltr'><strong>aperuit,</strong></span> <span class='ocrx_word' id='word_1_297' title='bbox 2953 2791 3007 2836; x_wconf 90' lang='lat' dir='ltr'><strong>et</strong></span> <span class='ocrx_word' id='word_1_298' title='bbox 3065 2794 3252 2852; x_wconf 87' lang='lat' dir='ltr'><strong>potum</strong></span> <span class='ocrx_word' id='word_1_299' title='bbox 3320 2786 3463 2842; x_wconf 91' lang='lat' dir='ltr'><strong>dedit</strong></span> 
     </span>
    </p>
   </div>
   <div class='ocr_carea' id='block_1_45' title="bbox 225 2855 1812 2928">
    <p class='ocr_par' dir='ltr' id='par_1_45' title="bbox 225 2855 815 2928">
     <span class='ocr_line' id='line_1_45' title="bbox 225 2855 815 2928; baseline 0.005 -20"><span class='ocrx_word' id='word_1_300' title='bbox 225 2855 445 2909; x_wconf 68' lang='grc' dir='ltr'>ἱπότιςε</span> <span class='ocrx_word' id='word_1_301' title='bbox 475 2857 564 2908; x_wconf 88' lang='grc' dir='ltr'>τὸν</span> <span class='ocrx_word' id='word_1_302' title='bbox 595 2856 815 2928; x_wconf 79' lang='grc' dir='ltr'>κόσμον.</span> 
     </span>
    </p>
   </div>
   <div class='ocr_carea' id='block_1_46' title="bbox 537 2855 2124 2928">
    <p class='ocr_par' dir='ltr' id='par_1_46' title="bbox 539 2856 2124 2928">
     <span class='ocr_line' id='line_1_46' title="bbox 539 2856 2124 2928; baseline 0.011 -21"><span class='ocrx_word' id='word_1_303' title='bbox 539 2875 564 2906; x_wconf 91' lang='grc' dir='ltr'><strong>ν</strong></span> <span class='ocrx_word' id='word_1_304' title='bbox 595 2856 815 2928; x_wconf 79' lang='grc' dir='ltr'>κόσμον.</span> <span class='ocrx_word' id='word_1_305' title='bbox 1900 2871 2124 2924; x_wconf 86' lang='lat' dir='ltr'><strong>mundo.</strong></span> 
     </span>
    </p>
   </div>
   <div class='ocr_carea' id='block_1_47' title="bbox 298 2945 1885 3037">
    <p class='ocr_par' dir='ltr' id='par_1_47' title="bbox 298 2945 1798 3022">
     <span class='ocr_line' id='line_1_47' title="bbox 298 2945 1798 3022; baseline 0.007 -23"><span class='ocrx_word' id='word_1_306' title='bbox 298 2946 390 3000; x_wconf 60' lang='grc' dir='ltr'><strong>εξ.</strong></span> <span class='ocrx_word' id='word_1_307' title='bbox 417 2945 818 3018; x_wconf 66' lang='grc' dir='ltr'>Ἐπορεύθτπσαν</span> <span class='ocrx_word' id='word_1_308' title='bbox 852 2951 908 3002; x_wconf 78' lang='grc' dir='ltr'>ὲν</span> <span class='ocrx_word' id='word_1_309' title='bbox 934 2953 1046 3014; x_wconf 83' lang='grc' dir='ltr'>τοῖς</span> <span class='ocrx_word' id='word_1_310' title='bbox 1069 2951 1274 3004; x_wconf 76' lang='grc' dir='ltr'>ἔθνεσιν</span> <span class='ocrx_word' id='word_1_311' title='bbox 1308 2955 1356 3006; x_wconf 85' lang='grc' dir='ltr'><strong>οί</strong></span> <span class='ocrx_word' id='word_1_312' title='bbox 1391 2953 1798 3022; x_wconf 81' lang='grc' dir='ltr'>εὐαγγελισταί.</span> 
     </span>
    </p>
   </div>
   <div class='ocr_carea' id='block_1_48' title="bbox 1700 2945 3287 3037">
    <p class='ocr_par' dir='ltr' id='par_1_48' title="bbox 1700 2956 3287 3037">
     <span class='ocr_line' id='line_1_48' title="bbox 1700 2956 3287 3037; baseline 0.009 -28"><span class='ocrx_word' id='word_1_313' title='bbox 1700 2956 1798 3013; x_wconf 72' lang='grc' dir='ltr'>ταί.</span> <span class='ocrx_word' id='word_1_314' title='bbox 1977 2959 2066 3015; x_wconf 70' lang='lat'><strong>82.</strong></span> <span class='ocrx_word' id='word_1_315' title='bbox 2108 2961 2370 3018; x_wconf 81' lang='lat' dir='ltr'><strong>Abierunt</strong></span> <span class='ocrx_word' id='word_1_316' title='bbox 2399 2963 2450 3016; x_wconf 95' lang='lat' dir='ltr'><strong>in</strong></span> <span class='ocrx_word' id='word_1_317' title='bbox 2479 2974 2661 3034; x_wconf 81' lang='lat' dir='ltr'><strong>gentes</strong></span> <span class='ocrx_word' id='word_1_318' title='bbox 2694 2963 2965 3037; x_wconf 72' lang='lat' dir='ltr'><strong>Evangelii</strong></span> <span class='ocrx_word' id='word_1_319' title='bbox 2995 2983 3287 3037; x_wconf 70' lang='lat' dir='ltr'><strong>pi&#39;mcones.</strong></span> 
     </span>
    </p>
   </div>
   <div class='ocr_carea' id='block_1_49' title="bbox 303 3034 1890 3122">
    <p class='ocr_par' dir='ltr' id='par_1_49' title="bbox 303 3034 1798 3119">
     <span class='ocr_line' id='line_1_49' title="bbox 303 3034 1798 3119; baseline 0.005 -27"><span class='ocrx_word' id='word_1_320' title='bbox 303 3040 390 3104; x_wconf 75' lang='grc'><strong>85,</strong></span> <span class='ocrx_word' id='word_1_321' title='bbox 427 3040 514 3094; x_wconf 66' lang='grc'>84.</span> <span class='ocrx_word' id='word_1_322' title='bbox 546 3041 620 3110; x_wconf 83' lang='grc'>(5)</span> <span class='ocrx_word' id='word_1_323' title='bbox 664 3034 737 3093; x_wconf 76' lang='grc' dir='ltr'>οὗ</span> <span class='ocrx_word' id='word_1_324' title='bbox 785 3043 1147 3111; x_wconf 75' lang='grc' dir='ltr'>ἐπηγγείλατο</span> <span class='ocrx_word' id='word_1_325' title='bbox 1180 3043 1352 3110; x_wconf 86' lang='grc' dir='ltr'>λέγων</span> <span class='ocrx_word' id='word_1_326' title='bbox 1390 3046 1466 3114; x_wconf 76' lang='grc' dir='ltr'>τῷ</span> <span class='ocrx_word' id='word_1_327' title='bbox 1513 3046 1798 3119; x_wconf 62' lang='grc' dir='ltr'>Ἀδραάξν</span> 
     </span>
    </p>
   </div>
   <div class='ocr_carea' id='block_1_50' title="bbox 1877 3034 3464 3122">
    <p class='ocr_par' dir='ltr' id='par_1_50' title="bbox 1975 3034 3464 3122">
     <span class='ocr_line' id='line_1_50' title="bbox 1975 3034 3464 3122; baseline 0.003 -19"><span class='ocrx_word' id='word_1_328' title='bbox 1975 3048 2067 3116; x_wconf 77' lang='lat'><strong>83,</strong></span> <span class='ocrx_word' id='word_1_329' title='bbox 2099 3051 2186 3106; x_wconf 70' lang='lat'><strong>84.</strong></span> <span class='ocrx_word' id='word_1_330' title='bbox 2229 3051 2382 3118; x_wconf 91' lang='lat' dir='ltr'><strong>Quod</strong></span> <span class='ocrx_word' id='word_1_331' title='bbox 2433 3054 2760 3122; x_wconf 84' lang='lat' dir='ltr'><strong>promiserat</strong></span> <span class='ocrx_word' id='word_1_332' title='bbox 2809 3034 3078 3110; x_wconf 75' lang='lat' dir='ltr'><strong>Abraham</strong></span> <span class='ocrx_word' id='word_1_333' title='bbox 3123 3057 3306 3114; x_wconf 87' lang='lat' dir='ltr'><strong>dicens</strong></span> <span class='ocrx_word' id='word_1_334' title='bbox 3339 3098 3353 3111; x_wconf 90' lang='lat'><strong>.</strong></span> <span class='ocrx_word' id='word_1_335' title='bbox 3406 3056 3464 3109; x_wconf 88' lang='lat' dir='ltr'><strong>In</strong></span> 
     </span>
    </p>
   </div>
   <div class='ocr_carea' id='block_1_51' title="bbox 240 3130 1827 3218">
    <p class='ocr_par' dir='ltr' id='par_1_51' title="bbox 240 3130 1727 3210">
     <span class='ocr_line' id='line_1_51' title="bbox 240 3130 1727 3210; baseline 0.007 -26"><span class='ocrx_word' id='word_1_336' title='bbox 240 3130 333 3185; x_wconf 83' lang='lat' dir='ltr'><strong>‘Ev</strong></span> <span class='ocrx_word' id='word_1_337' title='bbox 357 3134 421 3202; x_wconf 78' lang='grc' dir='ltr'>τῇ</span> <span class='ocrx_word' id='word_1_338' title='bbox 455 3133 631 3185; x_wconf 86' lang='grc' dir='ltr'>πίστει</span> <span class='ocrx_word' id='word_1_339' title='bbox 659 3151 751 3185; x_wconf 90' lang='grc' dir='ltr'><strong>σου</strong></span> <span class='ocrx_word' id='word_1_340' title='bbox 786 3134 1233 3205; x_wconf 73' lang='grc' dir='ltr'>εὐλογηθήσονται</span> <span class='ocrx_word' id='word_1_341' title='bbox 1274 3137 1451 3189; x_wconf 73' lang='grc' dir='ltr'>πάντα</span> <span class='ocrx_word' id='word_1_342' title='bbox 1477 3138 1543 3189; x_wconf 79' lang='grc' dir='ltr'><strong>τα</strong></span> <span class='ocrx_word' id='word_1_343' title='bbox 1583 3137 1727 3210; x_wconf 77' lang='grc' dir='ltr'>ἔθνη.</span> 
     </span>
    </p>
   </div>
   <div class='ocr_carea' id='block_1_52' title="bbox 1491 3130 3078 3218">
    <p class='ocr_par' dir='ltr' id='par_1_52' title="bbox 1491 3137 3078 3218">
     <span class='ocr_line' id='line_1_52' title="bbox 1491 3137 3078 3218; baseline 0.01 -30"><span class='ocrx_word' id='word_1_344' title='bbox 1491 3138 1543 3189; x_wconf 77' lang='grc' dir='ltr'><strong>ια</strong></span> <span class='ocrx_word' id='word_1_345' title='bbox 1583 3137 1727 3210; x_wconf 76' lang='grc' dir='ltr'>ἔθνη.</span> <span class='ocrx_word' id='word_1_346' title='bbox 1906 3140 2012 3197; x_wconf 81' lang='lat' dir='ltr'><strong>ﬁde</strong></span> <span class='ocrx_word' id='word_1_347' title='bbox 2041 3152 2131 3196; x_wconf 90' lang='lat' dir='ltr'><strong>tua</strong></span> <span class='ocrx_word' id='word_1_348' title='bbox 2165 3145 2550 3199; x_wconf 86' lang='lat' dir='ltr'><strong>benedicentur</strong></span> <span class='ocrx_word' id='word_1_349' title='bbox 2583 3162 2769 3202; x_wconf 86' lang='lat' dir='ltr'><strong>omnes</strong></span> <span class='ocrx_word' id='word_1_350' title='bbox 2798 3159 2984 3218; x_wconf 83' lang='lat' dir='ltr'><strong>gentes</strong></span> <span class='ocrx_word' id='word_1_351' title='bbox 3014 3151 3078 3203; x_wconf 80' lang='lat'><strong>“.</strong></span> 
     </span>
    </p>
   </div>
   <div class='ocr_carea' id='block_1_53' title="bbox 303 3223 1890 3306">
    <p class='ocr_par' dir='ltr' id='par_1_53' title="bbox 303 3223 1873 3306">
     <span class='ocr_line' id='line_1_53' title="bbox 303 3223 1873 3306; baseline 0.007 -31"><span class='ocrx_word' id='word_1_352' title='bbox 303 3223 388 3276; x_wconf 83' lang='grc'>85.</span> <span class='ocrx_word' id='word_1_353' title='bbox 419 3223 510 3275; x_wconf 87' lang='grc' dir='ltr'>Ἐκ</span> <span class='ocrx_word' id='word_1_354' title='bbox 544 3223 636 3276; x_wconf 73' lang='grc' dir='ltr'>τοῦ</span> <span class='ocrx_word' id='word_1_355' title='bbox 664 3224 864 3295; x_wconf 84' lang='grc' dir='ltr'>κόσμου</span> <span class='ocrx_word' id='word_1_356' title='bbox 897 3225 1084 3279; x_wconf 85' lang='grc' dir='ltr'>τούτου</span> <span class='ocrx_word' id='word_1_357' title='bbox 1121 3229 1243 3291; x_wconf 79' lang='grc' dir='ltr'>τοὺς</span> <span class='ocrx_word' id='word_1_358' title='bbox 1271 3233 1491 3293; x_wconf 69' lang='grc' dir='ltr'>πιστοὺς</span> <span class='ocrx_word' id='word_1_359' title='bbox 1520 3231 1682 3284; x_wconf 83' lang='grc' dir='ltr'>αὐτοῦ</span> <span class='ocrx_word' id='word_1_360' title='bbox 1712 3234 1802 3306; x_wconf 83' lang='grc' dir='ltr'><strong>ὲρ-</strong></span> <span class='ocrx_word' id='word_1_361' title='bbox 1835 3292 1873 3306; x_wconf 48' lang='grc' dir='ltr'><strong><em>Α</em></strong></span> 
     </span>
    </p>
   </div>
   <div class='ocr_carea' id='block_1_54' title="bbox 1634 3223 3221 3306">
    <p class='ocr_par' dir='ltr' id='par_1_54' title="bbox 1634 3231 3221 3306">
     <span class='ocr_line' id='line_1_54' title="bbox 1634 3231 3221 3306; baseline 0.008 -22"><span class='ocrx_word' id='word_1_362' title='bbox 1634 3231 1682 3284; x_wconf 78' lang='grc' dir='ltr'><strong>&gt;ῦ</strong></span> <span class='ocrx_word' id='word_1_363' title='bbox 1712 3234 1802 3306; x_wconf 81' lang='grc' dir='ltr'><strong>ὲρ-</strong></span> <span class='ocrx_word' id='word_1_364' title='bbox 1835 3292 1873 3306; x_wconf 48' lang='grc' dir='ltr'><strong><em>Α</em></strong></span> <span class='ocrx_word' id='word_1_365' title='bbox 1976 3234 2066 3290; x_wconf 83' lang='lat'><strong>85.</strong></span> <span class='ocrx_word' id='word_1_366' title='bbox 2106 3235 2182 3290; x_wconf 80' lang='lat' dir='ltr'><strong>Ex</strong></span> <span class='ocrx_word' id='word_1_367' title='bbox 2213 3236 2316 3291; x_wconf 90' lang='lat' dir='ltr'><strong>hoc</strong></span> <span class='ocrx_word' id='word_1_368' title='bbox 2346 3239 2550 3292; x_wconf 88' lang='lat' dir='ltr'><strong>mundo</strong></span> <span class='ocrx_word' id='word_1_369' title='bbox 2574 3237 2759 3293; x_wconf 81' lang='lat' dir='ltr'><strong>ﬁdeles</strong></span> <span class='ocrx_word' id='word_1_370' title='bbox 2797 3255 2926 3295; x_wconf 89' lang='lat' dir='ltr'><strong>suos</strong></span> <span class='ocrx_word' id='word_1_371' title='bbox 2959 3243 3221 3297; x_wconf 73' lang='lat' dir='ltr'><strong>liberavit.</strong></span> 
     </span>
    </p>
   </div>
   <div class='ocr_carea' id='block_1_55' title="bbox 226 3313 453 3388">
    <p class='ocr_par' dir='ltr' id='par_1_55' title="bbox 226 3313 453 3388">
     <span class='ocr_line' id='line_1_55' title="bbox 226 3313 453 3388; baseline 0.009 -22"><span class='ocrx_word' id='word_1_372' title='bbox 226 3313 453 3388; x_wconf 76' lang='grc' dir='ltr'>ῥύσατο.</span> 
     </span>
    </p>
   </div>
   <div class='ocr_carea' id='block_1_56' title="bbox 301 3408 1888 3489">
    <p class='ocr_par' dir='ltr' id='par_1_56' title="bbox 301 3408 1383 3484">
     <span class='ocr_line' id='line_1_56' title="bbox 301 3408 1383 3484; baseline 0.006 -23"><span class='ocrx_word' id='word_1_373' title='bbox 301 3408 390 3462; x_wconf 86' lang='grc'><strong>86.</strong></span> <span class='ocrx_word' id='word_1_374' title='bbox 432 3409 540 3462; x_wconf 88' lang='lat' dir='ltr'><strong>Kal</strong></span> <span class='ocrx_word' id='word_1_375' title='bbox 573 3411 698 3472; x_wconf 75' lang='grc' dir='ltr'>τοὺς</span> <span class='ocrx_word' id='word_1_376' title='bbox 722 3411 906 3478; x_wconf 80' lang='grc' dir='ltr'>ἁγίους</span> <span class='ocrx_word' id='word_1_377' title='bbox 936 3414 1100 3466; x_wconf 82' lang='grc' dir='ltr'>αὑτοῦ</span> <span class='ocrx_word' id='word_1_378' title='bbox 1128 3417 1184 3467; x_wconf 81' lang='grc' dir='ltr'>ὲν</span> <span class='ocrx_word' id='word_1_379' title='bbox 1219 3415 1383 3484; x_wconf 73' lang='grc' dir='ltr'>χαρᾷ.</span> 
     </span>
    </p>
   </div>
   <div class='ocr_carea' id='block_1_57' title="bbox 1321 3408 2908 3489">
    <p class='ocr_par' dir='ltr' id='par_1_57' title="bbox 1321 3415 2908 3489">
     <span class='ocr_line' id='line_1_57' title="bbox 1321 3415 2908 3489; baseline 0.004 -21"><span class='ocrx_word' id='word_1_380' title='bbox 1321 3415 1383 3483; x_wconf 66' lang='grc' dir='ltr'><strong>μᾷ.</strong></span> <span class='ocrx_word' id='word_1_381' title='bbox 1973 3415 2059 3470; x_wconf 88' lang='grc'>86.</span> <span class='ocrx_word' id='word_1_382' title='bbox 2102 3415 2167 3470; x_wconf 86' lang='lat' dir='ltr'><strong>Et</strong></span> <span class='ocrx_word' id='word_1_383' title='bbox 2197 3427 2416 3472; x_wconf 89' lang='lat' dir='ltr'><strong>sanctos</strong></span> <span class='ocrx_word' id='word_1_384' title='bbox 2451 3433 2581 3473; x_wconf 88' lang='lat' dir='ltr'><strong>suos</strong></span> <span class='ocrx_word' id='word_1_385' title='bbox 2615 3419 2670 3472; x_wconf 92' lang='lat' dir='ltr'><strong>in</strong></span> <span class='ocrx_word' id='word_1_386' title='bbox 2695 3419 2908 3489; x_wconf 74' lang='lat' dir='ltr'><strong>gaudio.</strong></span> 
     </span>
    </p>
   </div>
   <div class='ocr_carea' id='block_1_58' title="bbox 303 3499 1890 3579">
    <p class='ocr_par' dir='ltr' id='par_1_58' title="bbox 303 3499 1228 3572">
     <span class='ocr_line' id='line_1_58' title="bbox 303 3499 1228 3572; baseline 0.004 -19"><span class='ocrx_word' id='word_1_387' title='bbox 303 3499 392 3553; x_wconf 89' lang='grc'><strong>87.</strong></span> <span class='ocrx_word' id='word_1_388' title='bbox 433 3500 543 3562; x_wconf 74' lang='grc' dir='ltr'>Τὰς</span> <span class='ocrx_word' id='word_1_389' title='bbox 572 3503 820 3564; x_wconf 85' lang='grc' dir='ltr'>αἰωνίους</span> <span class='ocrx_word' id='word_1_390' title='bbox 845 3503 1102 3556; x_wconf 80' lang='grc' dir='ltr'>ἁνέπαλιν</span> <span class='ocrx_word' id='word_1_391' title='bbox 1131 3503 1228 3572; x_wconf 71' lang='grc'><strong>(4).</strong></span> 
     </span>
    </p>
   </div>
   <div class='ocr_carea' id='block_1_59' title="bbox 1080 3499 2667 3579">
    <p class='ocr_par' dir='ltr' id='par_1_59' title="bbox 1080 3503 2667 3579">
     <span class='ocr_line' id='line_1_59' title="bbox 1080 3503 2667 3579; baseline 0.004 -23"><span class='ocrx_word' id='word_1_392' title='bbox 1080 3525 1102 3556; x_wconf 88' lang='grc' dir='ltr'><strong>ν</strong></span> <span class='ocrx_word' id='word_1_393' title='bbox 1131 3503 1228 3572; x_wconf 71' lang='grc'><strong>(4).</strong></span> <span class='ocrx_word' id='word_1_394' title='bbox 1973 3508 2062 3561; x_wconf 90' lang='lat'><strong>87.</strong></span> <span class='ocrx_word' id='word_1_395' title='bbox 2105 3507 2327 3562; x_wconf 70' lang='lat' dir='ltr'><strong>AZtcrna</strong></span> <span class='ocrx_word' id='word_1_396' title='bbox 2369 3509 2667 3579; x_wconf 78' lang='lat' dir='ltr'><strong>refrigeria.</strong></span> 
     </span>
    </p>
   </div>
   <div class='ocr_carea' id='block_1_60' title="bbox 303 3590 1890 3664">
    <p class='ocr_par' dir='ltr' id='par_1_60' title="bbox 303 3590 1093 3664">
     <span class='ocr_line' id='line_1_60' title="bbox 303 3590 1093 3664; baseline 0.006 -20"><span class='ocrx_word' id='word_1_397' title='bbox 303 3591 390 3644; x_wconf 85' lang='lat'><em>88.</em></span> <span class='ocrx_word' id='word_1_398' title='bbox 432 3590 541 3654; x_wconf 80' lang='grc' dir='ltr'>Τὰς</span> <span class='ocrx_word' id='word_1_399' title='bbox 573 3593 737 3662; x_wconf 75' lang='grc' dir='ltr'>μονὰς</span> <span class='ocrx_word' id='word_1_400' title='bbox 769 3595 874 3646; x_wconf 87' lang='grc' dir='ltr'>τῶν</span> <span class='ocrx_word' id='word_1_401' title='bbox 902 3598 1093 3664; x_wconf 80' lang='grc' dir='ltr'>ἁγίων.</span> 
     </span>
    </p>
   </div>
   <div class='ocr_carea' id='block_1_61' title="bbox 1198 3590 2785 3664">
    <p class='ocr_par' dir='ltr' id='par_1_61' title="bbox 1970 3596 2785 3654">
     <span class='ocr_line' id='line_1_61' title="bbox 1970 3596 2785 3654; baseline 0.005 -5"><span class='ocrx_word' id='word_1_402' title='bbox 1970 3598 2058 3652; x_wconf 91' lang='lat'><strong>88.</strong></span> <span class='ocrx_word' id='word_1_403' title='bbox 2100 3596 2427 3653; x_wconf 83' lang='lat' dir='ltr'><strong>Sanctorum</strong></span> <span class='ocrx_word' id='word_1_404' title='bbox 2459 3602 2785 3654; x_wconf 88' lang='lat' dir='ltr'><strong>mansiones.</strong></span> 
     </span>
    </p>
   </div>
   <div class='ocr_carea' id='block_1_62' title="bbox 304 3683 1891 3764">
    <p class='ocr_par' dir='ltr' id='par_1_62' title="bbox 304 3683 1801 3763">
     <span class='ocr_line' id='line_1_62' title="bbox 304 3683 1801 3763; baseline 0.006 -27"><span class='ocrx_word' id='word_1_405' title='bbox 304 3683 391 3738; x_wconf 88' lang='lat'><strong>89.</strong></span> <span class='ocrx_word' id='word_1_406' title='bbox 420 3685 812 3758; x_wconf 79' lang='grc' dir='ltr'>’Δτελευτήτως</span> <span class='ocrx_word' id='word_1_407' title='bbox 845 3689 1171 3760; x_wconf 80' lang='grc' dir='ltr'>διαμένωσιν</span> <span class='ocrx_word' id='word_1_408' title='bbox 1329 3693 1406 3756; x_wconf 80' lang='grc' dir='ltr'><strong>είς</strong></span> <span class='ocrx_word' id='word_1_409' title='bbox 1438 3692 1496 3746; x_wconf 81' lang='grc' dir='ltr'>τὸ</span> <span class='ocrx_word' id='word_1_410' title='bbox 1522 3692 1801 3763; x_wconf 79' lang='grc' dir='ltr'>βάπτισμα</span> 
     </span>
    </p>
   </div>
   <div class='ocr_carea' id='block_1_63' title="bbox 1874 3683 3461 3764">
    <p class='ocr_par' dir='ltr' id='par_1_63' title="bbox 1970 3689 3461 3764">
     <span class='ocr_line' id='line_1_63' title="bbox 1970 3689 3461 3764; baseline 0.007 -21"><span class='ocrx_word' id='word_1_411' title='bbox 1970 3689 2061 3744; x_wconf 84' lang='grc'><strong>89.</strong></span> <span class='ocrx_word' id='word_1_412' title='bbox 2104 3691 2160 3744; x_wconf 93' lang='lat' dir='ltr'><strong>ln</strong></span> <span class='ocrx_word' id='word_1_413' title='bbox 2186 3692 2576 3761; x_wconf 87' lang='lat' dir='ltr'><strong>sempiternum</strong></span> <span class='ocrx_word' id='word_1_414' title='bbox 2603 3701 2954 3762; x_wconf 90' lang='lat' dir='ltr'><strong>permaneant</strong></span> <span class='ocrx_word' id='word_1_415' title='bbox 2978 3693 3029 3746; x_wconf 92' lang='lat' dir='ltr'><strong>in</strong></span> <span class='ocrx_word' id='word_1_416' title='bbox 3060 3693 3151 3748; x_wconf 90' lang='lat' dir='ltr'><strong>Dei</strong></span> <span class='ocrx_word' id='word_1_417' title='bbox 3176 3693 3461 3764; x_wconf 86' lang='lat' dir='ltr'><strong>baptismo.</strong></span> 
     </span>
    </p>
   </div>
   <div class='ocr_carea' id='block_1_64' title="bbox 225 3774 519 3833">
    <p class='ocr_par' dir='ltr' id='par_1_64' title="bbox 225 3774 519 3833">
     <span class='ocr_line' id='line_1_64' title="bbox 225 3774 519 3833; baseline 0.007 -3"><span class='ocrx_word' id='word_1_418' title='bbox 225 3774 325 3830; x_wconf 77' lang='grc' dir='ltr'>τοῦ</span> <span class='ocrx_word' id='word_1_419' title='bbox 362 3776 519 3833; x_wconf 82' lang='grc' dir='ltr'>Θεοῦ.</span> 
     </span>
    </p>
   </div>
   <div class='ocr_carea' id='block_1_65' title="bbox 304 3871 1891 3950">
    <p class='ocr_par' dir='ltr' id='par_1_65' title="bbox 304 3871 1806 3950">
     <span class='ocr_line' id='line_1_65' title="bbox 304 3871 1806 3950; baseline 0.005 -25"><span class='ocrx_word' id='word_1_420' title='bbox 304 3871 392 3925; x_wconf 88' lang='grc'>90.</span> <span class='ocrx_word' id='word_1_421' title='bbox 423 3872 532 3925; x_wconf 88' lang='lat' dir='ltr'><strong>Kal</strong></span> <span class='ocrx_word' id='word_1_422' title='bbox 565 3872 656 3926; x_wconf 84' lang='grc' dir='ltr'>τὸν</span> <span class='ocrx_word' id='word_1_423' title='bbox 695 3873 856 3945; x_wconf 90' lang='grc' dir='ltr'>νόμον</span> <span class='ocrx_word' id='word_1_424' title='bbox 898 3875 1063 3929; x_wconf 77' lang='grc' dir='ltr'>αὑτοῦ</span> <span class='ocrx_word' id='word_1_425' title='bbox 1099 3877 1563 3949; x_wconf 74' lang='grc' dir='ltr'>ὲξακριὸὡσαντες</span> <span class='ocrx_word' id='word_1_426' title='bbox 1587 3877 1806 3950; x_wconf 83' lang='grc' dir='ltr'>πληρώ-</span> 
     </span>
    </p>
   </div>
   <div class='ocr_carea' id='block_1_66' title="bbox 1878 3871 3465 3950">
    <p class='ocr_par' dir='ltr' id='par_1_66' title="bbox 1971 3871 3465 3944">
     <span class='ocr_line' id='line_1_66' title="bbox 1971 3871 3465 3944; baseline 0.002 -19"><span class='ocrx_word' id='word_1_427' title='bbox 1971 3874 2060 3925; x_wconf 83' lang='lat'><strong>90.</strong></span> <span class='ocrx_word' id='word_1_428' title='bbox 2105 3871 2169 3925; x_wconf 84' lang='lat' dir='ltr'><strong>Et</strong></span> <span class='ocrx_word' id='word_1_429' title='bbox 2238 3872 2408 3940; x_wconf 84' lang='lat' dir='ltr'><strong>legem</strong></span> <span class='ocrx_word' id='word_1_430' title='bbox 2456 3872 2575 3942; x_wconf 88' lang='lat' dir='ltr'><strong>ejus</strong></span> <span class='ocrx_word' id='word_1_431' title='bbox 2629 3881 2879 3927; x_wconf 83' lang='lat' dir='ltr'><strong>accurate</strong></span> <span class='ocrx_word' id='word_1_432' title='bbox 2925 3889 2988 3928; x_wconf 89' lang='lat' dir='ltr'><strong>ac</strong></span> <span class='ocrx_word' id='word_1_433' title='bbox 3034 3875 3314 3944; x_wconf 85' lang='lat' dir='ltr'><strong>diligenter</strong></span> <span class='ocrx_word' id='word_1_434' title='bbox 3372 3875 3465 3928; x_wconf 85' lang='lat' dir='ltr'><strong>int-</strong></span> 
     </span>
    </p>
   </div>
   <div class='ocr_carea' id='block_1_67' title="bbox 229 3966 1816 4034">
    <p class='ocr_par' dir='ltr' id='par_1_67' title="bbox 229 3978 412 4018">
     <span class='ocr_line' id='line_1_67' title="bbox 229 3978 412 4018; baseline 0.011 -2"><span class='ocrx_word' id='word_1_435' title='bbox 229 3978 412 4018; x_wconf 82' lang='grc' dir='ltr'>σουσι.</span> 
     </span>
    </p>
   </div>
   <div class='ocr_carea' id='block_1_68' title="bbox 1219 3966 2806 4034">
    <p class='ocr_par' dir='ltr' id='par_1_68' title="bbox 1901 3966 2097 4034">
     <span class='ocr_line' id='line_1_68' title="bbox 1901 3966 2097 4034; baseline 0.005 -16"><span class='ocrx_word' id='word_1_436' title='bbox 1901 3966 2097 4034; x_wconf 86' lang='lat' dir='ltr'><strong>pleanl.</strong></span> 
     </span>
    </p>
   </div>
   <div class='ocr_carea' id='block_1_69' title="bbox 316 4075 3212 4150">
    <p class='ocr_par' dir='ltr' id='par_1_69' title="bbox 316 4075 3212 4150">
     <span class='ocr_line' id='line_1_69' title="bbox 316 4075 3212 4150; baseline 0.001 -22"><span class='ocrx_word' id='word_1_437' title='bbox 316 4076 382 4128; x_wconf 86' lang='grc' dir='ltr'>Ἡ</span> <span class='ocrx_word' id='word_1_438' title='bbox 415 4077 746 4147; x_wconf 84' lang='grc' dir='ltr'>προκειμένη</span> <span class='ocrx_word' id='word_1_439' title='bbox 776 4077 1052 4150; x_wconf 73' lang='grc' dir='ltr'>ἐπιγραφὴ</span> <span class='ocrx_word' id='word_1_440' title='bbox 1085 4079 1322 4149; x_wconf 81' lang='grc' dir='ltr'>περιέχει</span> <span class='ocrx_word' id='word_1_441' title='bbox 1355 4079 1430 4148; x_wconf 90' lang='grc'><strong>(6)</strong></span> <span class='ocrx_word' id='word_1_442' title='bbox 1453 4098 1465 4110; x_wconf 69' lang='grc' dir='ltr'><strong>ο</strong></span> <span class='ocrx_word' id='word_1_443' title='bbox 1486 4080 1858 4146; x_wconf 73' lang='grc' dir='ltr'><strong>Ἅλληλούΐα,</strong></span> <span class='ocrx_word' id='word_1_444' title='bbox 1901 4076 2037 4146; x_wconf 84' lang='grc' dir='ltr'>ὅπερ</span> <span class='ocrx_word' id='word_1_445' title='bbox 2075 4075 2435 4146; x_wconf 80' lang='grc' dir='ltr'>ἑρμηνεύεται</span> <span class='ocrx_word' id='word_1_446' title='bbox 2470 4075 2685 4129; x_wconf 82' lang='grc' dir='ltr'>αἱνεῖτε</span> <span class='ocrx_word' id='word_1_447' title='bbox 2730 4077 2836 4129; x_wconf 75' lang='grc' dir='ltr'><strong>τὸν</strong></span> <span class='ocrx_word' id='word_1_448' title='bbox 2870 4077 3012 4131; x_wconf 76' lang='grc' dir='ltr'>ὄντα</span> <span class='ocrx_word' id='word_1_449' title='bbox 3048 4080 3212 4132; x_wconf 79' lang='grc' dir='ltr'><strong>Θεόν.</strong></span> 
     </span>
    </p>
   </div>
   <div class='ocr_carea' id='block_1_70' title="bbox 315 4166 2843 4242">
    <p class='ocr_par' dir='ltr' id='par_1_70' title="bbox 315 4166 2843 4242">
     <span class='ocr_line' id='line_1_70' title="bbox 315 4166 2843 4242; baseline 0 -20"><span class='ocrx_word' id='word_1_450' title='bbox 315 4166 522 4224; x_wconf 64' lang='lat' dir='ltr'><strong>titulus</strong></span> <span class='ocrx_word' id='word_1_451' title='bbox 551 4171 832 4240; x_wconf 87' lang='lat' dir='ltr'><strong>appositus</strong></span> <span class='ocrx_word' id='word_1_452' title='bbox 877 4172 1118 4226; x_wconf 91' lang='lat' dir='ltr'><strong>continet</strong></span> <span class='ocrx_word' id='word_1_453' title='bbox 1157 4189 1171 4226; x_wconf 88' lang='lat'><strong>:</strong></span> <span class='ocrx_word' id='word_1_454' title='bbox 1201 4172 1464 4234; x_wconf 78' lang='lat' dir='ltr'><strong>Alleluia;</strong></span> <span class='ocrx_word' id='word_1_455' title='bbox 1492 4172 1636 4242; x_wconf 89' lang='lat' dir='ltr'><strong>quod</strong></span> <span class='ocrx_word' id='word_1_456' title='bbox 1670 4171 2057 4240; x_wconf 87' lang='lat' dir='ltr'><strong>interpretatur</strong></span> <span class='ocrx_word' id='word_1_457' title='bbox 2080 4168 2292 4222; x_wconf 80' lang='lat' dir='ltr'><strong>laudate</strong></span> <span class='ocrx_word' id='word_1_458' title='bbox 2321 4185 2439 4221; x_wconf 82' lang='lat' dir='ltr'><strong>eum</strong></span> <span class='ocrx_word' id='word_1_459' title='bbox 2465 4170 2554 4238; x_wconf 85' lang='lat' dir='ltr'><strong>qui</strong></span> <span class='ocrx_word' id='word_1_460' title='bbox 2583 4168 2723 4222; x_wconf 78' lang='lat' dir='ltr'><strong>Deus</strong></span> <span class='ocrx_word' id='word_1_461' title='bbox 2746 4178 2843 4222; x_wconf 78' lang='lat' dir='ltr'><strong>est.</strong></span> 
     </span>
    </p>
   </div>
   <div class='ocr_carea' id='block_1_71' title="bbox 391 4289 1978 4366">
    <p class='ocr_par' dir='ltr' id='par_1_71' title="bbox 391 4289 1883 4366">
     <span class='ocr_line' id='line_1_71' title="bbox 391 4289 1883 4366; baseline 0.001 -22"><span class='ocrx_word' id='word_1_462' title='bbox 391 4289 770 4358; x_wconf 82' lang='grc' dir='ltr'>Ἐξαγγείλατε</span> <span class='ocrx_word' id='word_1_463' title='bbox 815 4290 962 4362; x_wconf 83' lang='grc' dir='ltr'><strong>αὑτῷ</strong></span> <span class='ocrx_word' id='word_1_464' title='bbox 1008 4292 1106 4356; x_wconf 81' lang='grc' dir='ltr'>τὰς</span> <span class='ocrx_word' id='word_1_465' title='bbox 1141 4294 1410 4366; x_wconf 84' lang='grc' dir='ltr'>προτέρας</span> <span class='ocrx_word' id='word_1_466' title='bbox 1440 4296 1496 4349; x_wconf 84' lang='grc' dir='ltr'>ὲν</span> <span class='ocrx_word' id='word_1_467' title='bbox 1523 4297 1587 4365; x_wconf 80' lang='grc' dir='ltr'>τῇ</span> <span class='ocrx_word' id='word_1_468' title='bbox 1618 4293 1808 4364; x_wconf 83' lang='grc' dir='ltr'>ἀγνοίᾳ</span> <span class='ocrx_word' id='word_1_469' title='bbox 1841 4297 1883 4351; x_wconf 90' lang='lat' dir='ltr'><strong>D</strong></span> 
     </span>
    </p>
   </div>
   <div class='ocr_carea' id='block_1_72' title="bbox 1878 4289 3465 4366">
    <p class='ocr_par' dir='ltr' id='par_1_72' title="bbox 1878 4289 3465 4362">
     <span class='ocr_line' id='line_1_72' title="bbox 1878 4289 3465 4362; baseline 0.004 -22"><span class='ocrx_word' id='word_1_470' title='bbox 1878 4309 1883 4340; x_wconf 67' lang='grc' dir='ltr'><strong>ι</strong></span> <span class='ocrx_word' id='word_1_471' title='bbox 1984 4292 2035 4346; x_wconf 81' lang='grc'>1.</span> <span class='ocrx_word' id='word_1_472' title='bbox 2078 4290 2366 4346; x_wconf 84' lang='lat' dir='ltr'><strong>Enuntiate</strong></span> <span class='ocrx_word' id='word_1_473' title='bbox 2400 4290 2503 4360; x_wconf 91' lang='lat' dir='ltr'><strong>ipsi</strong></span> <span class='ocrx_word' id='word_1_474' title='bbox 2564 4289 2774 4360; x_wconf 84' lang='lat' dir='ltr'><strong>priores</strong></span> <span class='ocrx_word' id='word_1_475' title='bbox 2797 4299 3005 4345; x_wconf 82' lang='lat' dir='ltr'><strong>vestras</strong></span> <span class='ocrx_word' id='word_1_476' title='bbox 3035 4290 3293 4354; x_wconf 88' lang='lat' dir='ltr'><strong>actiones,</strong></span> <span class='ocrx_word' id='word_1_477' title='bbox 3331 4305 3465 4362; x_wconf 71' lang='lat' dir='ltr'><strong>quas</strong></span> 
     </span>
    </p>
   </div>
   <div class='ocr_carea' id='block_1_73' title="bbox 233 4381 1820 4455">
    <p class='ocr_par' dir='ltr' id='par_1_73' title="bbox 233 4383 1199 4454">
     <span class='ocr_line' id='line_1_73' title="bbox 233 4383 1199 4454; baseline 0 -16"><span class='ocrx_word' id='word_1_478' title='bbox 233 4383 391 4454; x_wconf 79' lang='grc' dir='ltr'>ὑμῶν</span> <span class='ocrx_word' id='word_1_479' title='bbox 423 4383 667 4454; x_wconf 81' lang='grc' dir='ltr'>πράξεις,</span> <span class='ocrx_word' id='word_1_480' title='bbox 695 4386 777 4438; x_wconf 81' lang='grc' dir='ltr'>ὅτι</span> <span class='ocrx_word' id='word_1_481' title='bbox 803 4384 1006 4453; x_wconf 82' lang='grc' dir='ltr'>ἀγαθός</span> <span class='ocrx_word' id='word_1_482' title='bbox 1032 4387 1199 4440; x_wconf 73' lang='grc' dir='ltr'>ἐστιν.</span> 
     </span>
    </p>
   </div>
   <div class='ocr_carea' id='block_1_74' title="bbox 1735 4381 3322 4455">
    <p class='ocr_par' dir='ltr' id='par_1_74' title="bbox 1908 4381 3322 4455">
     <span class='ocr_line' id='line_1_74' title="bbox 1908 4381 3322 4455; baseline -0.002 -16"><span class='ocrx_word' id='word_1_483' title='bbox 1908 4386 1960 4439; x_wconf 91' lang='lat' dir='ltr'><strong>in</strong></span> <span class='ocrx_word' id='word_1_484' title='bbox 1987 4384 2288 4455; x_wconf 81' lang='lat' dir='ltr'><strong>ignorantia</strong></span> <span class='ocrx_word' id='word_1_485' title='bbox 2323 4381 2693 4446; x_wconf 88' lang='lat' dir='ltr'><strong>commisistis,</strong></span> <span class='ocrx_word' id='word_1_486' title='bbox 2726 4381 2982 4452; x_wconf 89' lang='lat' dir='ltr'><strong>quoniam</strong></span> <span class='ocrx_word' id='word_1_487' title='bbox 3023 4382 3198 4436; x_wconf 89' lang='lat' dir='ltr'><strong>bonus</strong></span> <span class='ocrx_word' id='word_1_488' title='bbox 3223 4392 3322 4437; x_wconf 88' lang='lat' dir='ltr'><strong>est.</strong></span> 
     </span>
    </p>
   </div>
   <div class='ocr_carea' id='block_1_75' title="bbox 306 4471 1893 4542">
    <p class='ocr_par' dir='ltr' id='par_1_75' title="bbox 306 4475 1354 4542">
     <span class='ocr_line' id='line_1_75' title="bbox 306 4475 1354 4542; baseline 0.002 -13"><span class='ocrx_word' id='word_1_489' title='bbox 306 4476 360 4529; x_wconf 72' lang='grc'><strong>2.</strong></span> <span class='ocrx_word' id='word_1_490' title='bbox 400 4477 512 4530; x_wconf 84' lang='lat' dir='ltr'><strong>Kal</strong></span> <span class='ocrx_word' id='word_1_491' title='bbox 540 4475 880 4530; x_wconf 83' lang='grc' dir='ltr'>ἀδιάλειπτον</span> <span class='ocrx_word' id='word_1_492' title='bbox 909 4479 968 4531; x_wconf 84' lang='grc' dir='ltr'>τὸ</span> <span class='ocrx_word' id='word_1_493' title='bbox 995 4478 1139 4542; x_wconf 77' lang='grc' dir='ltr'>ἕλεος</span> <span class='ocrx_word' id='word_1_494' title='bbox 1169 4477 1354 4531; x_wconf 74' lang='grc' dir='ltr'>αὑτοῦ.</span> 
     </span>
    </p>
   </div>
   <div class='ocr_carea' id='block_1_76' title="bbox 1530 4471 3117 4542">
    <p class='ocr_par' dir='ltr' id='par_1_76' title="bbox 1975 4471 3117 4540">
     <span class='ocr_line' id='line_1_76' title="bbox 1975 4471 3117 4540; baseline -0.004 -12"><span class='ocrx_word' id='word_1_495' title='bbox 1975 4474 2030 4528; x_wconf 75' lang='lat'><strong>2.</strong></span> <span class='ocrx_word' id='word_1_496' title='bbox 2074 4473 2139 4528; x_wconf 87' lang='lat' dir='ltr'><strong>Et</strong></span> <span class='ocrx_word' id='word_1_497' title='bbox 2163 4471 2546 4527; x_wconf 82' lang='lat' dir='ltr'><strong>indefectibilis</strong></span> <span class='ocrx_word' id='word_1_498' title='bbox 2572 4472 2948 4526; x_wconf 84' lang='lat' dir='ltr'><strong>misericordia</strong></span> <span class='ocrx_word' id='word_1_499' title='bbox 2979 4471 3117 4540; x_wconf 87' lang='lat' dir='ltr'><strong>ejus.</strong></span> 
     </span>
    </p>
   </div>
   <div class='ocr_carea' id='block_1_77' title="bbox 307 4563 1894 4643">
    <p class='ocr_par' dir='ltr' id='par_1_77' title="bbox 307 4569 1810 4643">
     <span class='ocr_line' id='line_1_77' title="bbox 307 4569 1810 4643; baseline 0 -21"><span class='ocrx_word' id='word_1_500' title='bbox 307 4569 363 4629; x_wconf 75' lang='lat'><strong>3,</strong></span> <span class='ocrx_word' id='word_1_501' title='bbox 390 4569 442 4621; x_wconf 74' lang='grc'>4.</span> <span class='ocrx_word' id='word_1_502' title='bbox 491 4569 587 4631; x_wconf 91' lang='grc' dir='ltr'>Τίς</span> <span class='ocrx_word' id='word_1_503' title='bbox 626 4569 824 4640; x_wconf 81' lang='grc' dir='ltr'>δυνηθῇ</span> <span class='ocrx_word' id='word_1_504' title='bbox 859 4569 1218 4642; x_wconf 78' lang='grc' dir='ltr'>διηγήσασθαι</span> <span class='ocrx_word' id='word_1_505' title='bbox 1251 4571 1409 4641; x_wconf 88' lang='grc' dir='ltr'>μόνον</span> <span class='ocrx_word' id='word_1_506' title='bbox 1451 4569 1550 4632; x_wconf 84' lang='grc' dir='ltr'><strong>τὰς</strong></span> <span class='ocrx_word' id='word_1_507' title='bbox 1596 4571 1810 4643; x_wconf 81' lang='grc' dir='ltr'>εὐεργε-</span> 
     </span>
    </p>
   </div>
   <div class='ocr_carea' id='block_1_78' title="bbox 1878 4563 3465 4643">
    <p class='ocr_par' dir='ltr' id='par_1_78' title="bbox 1976 4563 3465 4634">
     <span class='ocr_line' id='line_1_78' title="bbox 1976 4563 3465 4634; baseline -0.001 -14"><span class='ocrx_word' id='word_1_508' title='bbox 1976 4566 2032 4630; x_wconf 80' lang='lat'><strong>3,</strong></span> <span class='ocrx_word' id='word_1_509' title='bbox 2073 4564 2129 4620; x_wconf 73' lang='grc'><strong>4.</strong></span> <span class='ocrx_word' id='word_1_510' title='bbox 2169 4563 2303 4633; x_wconf 86' lang='lat' dir='ltr'><strong>Quis</strong></span> <span class='ocrx_word' id='word_1_511' title='bbox 2355 4565 2551 4634; x_wconf 89' lang='lat' dir='ltr'><strong>poterit</strong></span> <span class='ocrx_word' id='word_1_512' title='bbox 2594 4579 2816 4620; x_wconf 86' lang='lat' dir='ltr'><strong>narrare</strong></span> <span class='ocrx_word' id='word_1_513' title='bbox 2859 4563 3033 4619; x_wconf 88' lang='lat' dir='ltr'><strong>solum</strong></span> <span class='ocrx_word' id='word_1_514' title='bbox 3089 4563 3465 4618; x_wconf 80' lang='lat' dir='ltr'><strong>beneﬁcentias</strong></span> 
     </span>
    </p>
   </div>
   <div class='ocr_carea' id='block_1_79' title="bbox 234 4654 1821 4734">
    <p class='ocr_par' dir='ltr' id='par_1_79' title="bbox 234 4657 1811 4734">
     <span class='ocr_line' id='line_1_79' title="bbox 234 4657 1811 4734; baseline 0.003 -22"><span class='ocrx_word' id='word_1_515' title='bbox 234 4657 361 4721; x_wconf 83' lang='grc' dir='ltr'>σίας</span> <span class='ocrx_word' id='word_1_516' title='bbox 409 4658 502 4712; x_wconf 81' lang='grc' dir='ltr'>τοῦ</span> <span class='ocrx_word' id='word_1_517' title='bbox 550 4660 776 4731; x_wconf 83' lang='grc' dir='ltr'>Κυρίου,</span> <span class='ocrx_word' id='word_1_518' title='bbox 812 4660 877 4724; x_wconf 75' lang='grc' dir='ltr'>ἃς</span> <span class='ocrx_word' id='word_1_519' title='bbox 927 4663 1155 4732; x_wconf 82' lang='grc' dir='ltr'>παρέχει</span> <span class='ocrx_word' id='word_1_520' title='bbox 1206 4666 1317 4727; x_wconf 80' lang='grc' dir='ltr'>τοῖς</span> <span class='ocrx_word' id='word_1_521' title='bbox 1364 4659 1688 4734; x_wconf 81' lang='grc' dir='ltr'>ἀνθρώποις,</span> <span class='ocrx_word' id='word_1_522' title='bbox 1728 4663 1811 4716; x_wconf 79' lang='grc' dir='ltr'>ἵνα</span> 
     </span>
    </p>
   </div>
   <div class='ocr_carea' id='block_1_80' title="bbox 1879 4654 3466 4734">
    <p class='ocr_par' dir='ltr' id='par_1_80' title="bbox 1909 4654 3466 4727">
     <span class='ocr_line' id='line_1_80' title="bbox 1909 4654 3466 4727; baseline -0.001 -16"><span class='ocrx_word' id='word_1_523' title='bbox 1909 4657 2149 4724; x_wconf 89' lang='lat' dir='ltr'><strong>Domini,</strong></span> <span class='ocrx_word' id='word_1_524' title='bbox 2183 4671 2322 4726; x_wconf 84' lang='lat' dir='ltr'><strong>quas</strong></span> <span class='ocrx_word' id='word_1_525' title='bbox 2343 4656 2545 4727; x_wconf 65' lang='lat' dir='ltr'><strong>praebet</strong></span> <span class='ocrx_word' id='word_1_526' title='bbox 2570 4655 2903 4717; x_wconf 70' lang='lat' dir='ltr'><strong>horninibus.</strong></span> <span class='ocrx_word' id='word_1_527' title='bbox 2937 4664 2994 4710; x_wconf 90' lang='lat' dir='ltr'><strong>ut</strong></span> <span class='ocrx_word' id='word_1_528' title='bbox 3028 4654 3310 4710; x_wconf 87' lang='lat' dir='ltr'><strong>audientes</strong></span> <span class='ocrx_word' id='word_1_529' title='bbox 3351 4655 3466 4710; x_wconf 88' lang='lat' dir='ltr'><strong>lau-</strong></span> 
     </span>
    </p>
   </div>
   <div class='ocr_carea' id='block_1_81' title="bbox 235 4749 1822 4822">
    <p class='ocr_par' dir='ltr' id='par_1_81' title="bbox 235 4749 1130 4822">
     <span class='ocr_line' id='line_1_81' title="bbox 235 4749 1130 4822; baseline 0.001 -18"><span class='ocrx_word' id='word_1_530' title='bbox 235 4749 530 4814; x_wconf 78' lang='grc' dir='ltr'>ἁκούοντες</span> <span class='ocrx_word' id='word_1_531' title='bbox 563 4751 800 4822; x_wconf 83' lang='grc' dir='ltr'>ὑμνῶσιν</span> <span class='ocrx_word' id='word_1_532' title='bbox 831 4752 906 4822; x_wconf 91' lang='grc'><strong>(7)</strong></span> <span class='ocrx_word' id='word_1_533' title='bbox 928 4753 1090 4805; x_wconf 77' lang='grc' dir='ltr'>αὐτόν</span> <span class='ocrx_word' id='word_1_534' title='bbox 1115 4795 1130 4819; x_wconf 83' lang='grc'><strong><em>,</em></strong></span> 
     </span>
    </p>
   </div>
   <div class='ocr_carea' id='block_1_82' title="bbox 636 4749 2223 4822">
    <p class='ocr_par' dir='ltr' id='par_1_82' title="bbox 636 4750 2223 4822">
     <span class='ocr_line' id='line_1_82' title="bbox 636 4750 2223 4822; baseline -0.001 -19"><span class='ocrx_word' id='word_1_535' title='bbox 636 4751 800 4805; x_wconf 41' lang='grc' dir='ltr'>γνῶσιν</span> <span class='ocrx_word' id='word_1_536' title='bbox 831 4752 906 4822; x_wconf 91' lang='grc'><strong>(7)</strong></span> <span class='ocrx_word' id='word_1_537' title='bbox 928 4753 1090 4805; x_wconf 77' lang='grc' dir='ltr'>αὐτόν</span> <span class='ocrx_word' id='word_1_538' title='bbox 1115 4795 1130 4819; x_wconf 83' lang='grc'><strong><em>,</em></strong></span> <span class='ocrx_word' id='word_1_539' title='bbox 1906 4751 2032 4808; x_wconf 84' lang='lat' dir='ltr'><strong>deut</strong></span> <span class='ocrx_word' id='word_1_540' title='bbox 2059 4750 2223 4806; x_wconf 74' lang='lat' dir='ltr'><strong>eum?</strong></span> 
     </span>
    </p>
   </div>
   <div class='ocr_carea' id='block_1_83' title="bbox 310 4839 1897 4916">
    <p class='ocr_par' dir='ltr' id='par_1_83' title="bbox 310 4841 1808 4916">
     <span class='ocr_line' id='line_1_83' title="bbox 310 4841 1808 4916; baseline 0 -20"><span class='ocrx_word' id='word_1_541' title='bbox 310 4841 364 4896; x_wconf 91' lang='lat'><strong>5.</strong></span> <span class='ocrx_word' id='word_1_542' title='bbox 399 4842 478 4911; x_wconf 92' lang='lat'>(8)</span> <span class='ocrx_word' id='word_1_543' title='bbox 517 4842 792 4913; x_wconf 79' lang='grc' dir='ltr'>Μακάριοι</span> <span class='ocrx_word' id='word_1_544' title='bbox 829 4845 879 4896; x_wconf 92' lang='grc' dir='ltr'><strong>οί</strong></span> <span class='ocrx_word' id='word_1_545' title='bbox 925 4844 1288 4909; x_wconf 83' lang='grc' dir='ltr'>πιστεύοντες,</span> <span class='ocrx_word' id='word_1_546' title='bbox 1326 4845 1408 4900; x_wconf 79' lang='grc' dir='ltr'>ὅτι</span> <span class='ocrx_word' id='word_1_547' title='bbox 1451 4844 1562 4898; x_wconf 80' lang='grc' dir='ltr'>ἔστι</span> <span class='ocrx_word' id='word_1_548' title='bbox 1610 4845 1808 4916; x_wconf 86' lang='grc' dir='ltr'>κρίσις,</span> 
     </span>
    </p>
   </div>
   <div class='ocr_carea' id='block_1_84' title="bbox 1882 4839 3469 4916">
    <p class='ocr_par' dir='ltr' id='par_1_84' title="bbox 1978 4839 3469 4912">
     <span class='ocr_line' id='line_1_84' title="bbox 1978 4839 3469 4912; baseline -0.002 -15"><span class='ocrx_word' id='word_1_549' title='bbox 1978 4843 2032 4898; x_wconf 83' lang='lat'><strong>5.</strong></span> <span class='ocrx_word' id='word_1_550' title='bbox 2074 4841 2224 4898; x_wconf 88' lang='lat' dir='ltr'><strong>Beati</strong></span> <span class='ocrx_word' id='word_1_551' title='bbox 2275 4841 2579 4906; x_wconf 86' lang='lat' dir='ltr'><strong>credentes,</strong></span> <span class='ocrx_word' id='word_1_552' title='bbox 2629 4840 2773 4911; x_wconf 89' lang='lat' dir='ltr'><strong>quod</strong></span> <span class='ocrx_word' id='word_1_553' title='bbox 2833 4845 2918 4895; x_wconf 86' lang='lat' dir='ltr'><strong>est</strong></span> <span class='ocrx_word' id='word_1_554' title='bbox 2960 4839 3246 4912; x_wconf 81' lang='lat' dir='ltr'><strong>judicium,</strong></span> <span class='ocrx_word' id='word_1_555' title='bbox 3297 4847 3354 4895; x_wconf 88' lang='lat' dir='ltr'><strong>et</strong></span> <span class='ocrx_word' id='word_1_556' title='bbox 3387 4839 3469 4895; x_wconf 75' lang='lat' dir='ltr'><strong>fa—</strong></span> 
     </span>
    </p>
   </div>
   <div class='ocr_carea' id='block_1_85' title="bbox 235 4933 1822 5007">
    <p class='ocr_par' dir='ltr' id='par_1_85' title="bbox 235 4933 1811 5007">
     <span class='ocr_line' id='line_1_85' title="bbox 235 4933 1811 5007; baseline -0.001 -19"><span class='ocrx_word' id='word_1_557' title='bbox 235 4935 332 4988; x_wconf 80' lang='grc' dir='ltr'>καὶ</span> <span class='ocrx_word' id='word_1_558' title='bbox 365 4933 642 5001; x_wconf 82' lang='grc' dir='ltr'>ποιοῦντες</span> <span class='ocrx_word' id='word_1_559' title='bbox 687 4934 1048 5006; x_wconf 84' lang='grc' dir='ltr'>δικαιοσύνην,</span> <span class='ocrx_word' id='word_1_560' title='bbox 1091 4936 1184 4991; x_wconf 78' lang='grc' dir='ltr'>καὶ</span> <span class='ocrx_word' id='word_1_561' title='bbox 1227 4937 1418 5000; x_wconf 80' lang='grc' dir='ltr'>νυκτὸς</span> <span class='ocrx_word' id='word_1_562' title='bbox 1466 4938 1560 4992; x_wconf 76' lang='grc' dir='ltr'>καὶ</span> <span class='ocrx_word' id='word_1_563' title='bbox 1600 4936 1811 5007; x_wconf 77' lang='grc' dir='ltr'>ἡμέρας</span> 
     </span>
    </p>
   </div>
   <div class='ocr_carea' id='block_1_86' title="bbox 1876 4933 3463 5007">
    <p class='ocr_par' dir='ltr' id='par_1_86' title="bbox 1913 4933 3463 5006">
     <span class='ocr_line' id='line_1_86' title="bbox 1913 4933 3463 5006; baseline -0.001 -16"><span class='ocrx_word' id='word_1_564' title='bbox 1913 4937 2115 4992; x_wconf 89' lang='lat' dir='ltr'><strong>cientes</strong></span> <span class='ocrx_word' id='word_1_565' title='bbox 2135 4934 2427 5006; x_wconf 78' lang='lat' dir='ltr'><strong>justitiam,</strong></span> <span class='ocrx_word' id='word_1_566' title='bbox 2453 4945 2507 4990; x_wconf 86' lang='lat' dir='ltr'><strong>et</strong></span> <span class='ocrx_word' id='word_1_567' title='bbox 2537 4945 2694 4990; x_wconf 88' lang='lat' dir='ltr'><strong>nocte</strong></span> <span class='ocrx_word' id='word_1_568' title='bbox 2720 4949 2785 4991; x_wconf 86' lang='lat' dir='ltr'><strong>ac</strong></span> <span class='ocrx_word' id='word_1_569' title='bbox 2805 4933 2892 4990; x_wconf 88' lang='lat' dir='ltr'><strong>die</strong></span> <span class='ocrx_word' id='word_1_570' title='bbox 2931 4933 3128 4988; x_wconf 90' lang='lat' dir='ltr'><strong>bonum</strong></span> <span class='ocrx_word' id='word_1_571' title='bbox 3157 4939 3463 5003; x_wconf 72' lang='lat' dir='ltr'><strong>operantcs.</strong></span> 
     </span>
    </p>
   </div>
   <div class='ocr_carea' id='block_1_87' title="bbox 241 5025 778 5094">
    <p class='ocr_par' dir='ltr' id='par_1_87' title="bbox 241 5025 778 5094">
     <span class='ocr_line' id='line_1_87' title="bbox 241 5025 778 5094; baseline 0.006 -16"><span class='ocrx_word' id='word_1_572' title='bbox 241 5025 530 5089; x_wconf 71' lang='grc' dir='ltr'>ποιοῦντες</span> <span class='ocrx_word' id='word_1_573' title='bbox 556 5025 778 5094; x_wconf 86' lang='grc' dir='ltr'>ἀγαθόν.</span> 
     </span>
    </p>
   </div>
   <div class='ocr_carea' id='block_1_88' title="bbox 317 5164 2523 5316">
    <p class='ocr_par' dir='ltr' id='par_1_88' title="bbox 317 5164 2523 5316">
     <span class='ocr_line' id='line_1_88' title="bbox 317 5164 2523 5316; baseline 0.013 -50"><span class='ocrx_word' id='word_1_574' title='bbox 317 5165 364 5196; x_wconf 56' lang='grc'><strong><em>’⁸</em></strong></span> <span class='ocrx_word' id='word_1_575' title='bbox 390 5164 526 5219; x_wconf 64' lang='lat' dir='ltr'><strong>Gen&#39;</strong></span> <span class='ocrx_word' id='word_1_576' title='bbox 561 5183 702 5228; x_wconf 52' lang='lat' dir='ltr'><strong>“ﬂ,</strong></span> <span class='ocrx_word' id='word_1_577' title='bbox 735 5164 816 5224; x_wconf 49' lang='lat'><strong>‘8&#39;</strong></span> <span class='ocrx_word' id='word_1_578' title='bbox 1188 5237 1494 5300; x_wconf 81' lang='lat' dir='ltr'><strong>Addenda</strong></span> <span class='ocrx_word' id='word_1_579' title='bbox 1527 5245 1585 5299; x_wconf 91' lang='lat' dir='ltr'><strong>et</strong></span> <span class='ocrx_word' id='word_1_580' title='bbox 1631 5235 2007 5316; x_wconf 80' lang='lat' dir='ltr'><strong>corrigenda</strong></span> <span class='ocrx_word' id='word_1_581' title='bbox 2045 5252 2118 5296; x_wconf 82' lang='lat' dir='ltr'><strong>ex</strong></span> <span class='ocrx_word' id='word_1_582' title='bbox 2153 5252 2293 5298; x_wconf 79' lang='lat' dir='ltr'><strong>con.</strong></span> <span class='ocrx_word' id='word_1_583' title='bbox 2329 5233 2523 5295; x_wconf 78' lang='lat' dir='ltr'><strong>Vatic.</strong></span> 
     </span>
    </p>
   </div>
   <div class='ocr_carea' id='block_1_89' title="bbox 309 5378 3072 5462">
    <p class='ocr_par' dir='ltr' id='par_1_89' title="bbox 309 5378 3072 5462">
     <span class='ocr_line' id='line_1_89' title="bbox 309 5378 3072 5462; baseline -0 -30"><span class='ocrx_word' id='word_1_584' title='bbox 418 5378 656 5462; x_wconf 64' lang='grc' dir='ltr'>Ἔδωκεν</span> <span class='ocrx_word' id='word_1_585' title='bbox 675 5381 887 5462; x_wconf 68' lang='grc' dir='ltr'>αὐτοῖς,</span> <span class='ocrx_word' id='word_1_586' title='bbox 926 5391 1032 5440; x_wconf 86' lang='lat' dir='ltr'><strong>etc.</strong></span> <span class='ocrx_word' id='word_1_587' title='bbox 2165 5382 2385 5462; x_wconf 41' lang='lat' dir='ltr'><strong>ala-~31;</strong></span> <span class='ocrx_word' id='word_1_588' title='bbox 2411 5379 2779 5450; x_wconf 76' lang='grc' dir='ltr'>κινναϐάρεως</span> <span class='ocrx_word' id='word_1_589' title='bbox 2811 5379 3072 5451; x_wconf 83' lang='grc' dir='ltr'>περιέχει.</span> 
     </span>
    </p>
   </div>
   <div class='ocr_carea' id='block_1_90' title="bbox 312 5449 1899 5536">
    <p class='ocr_par' dir='ltr' id='par_1_90' title="bbox 312 5449 1458 5536">
     <span class='ocr_line' id='line_1_90' title="bbox 312 5449 1458 5536; baseline 0 0"><span class='ocrx_word' id='word_1_590' title='bbox 312 5449 391 5536; x_wconf 63' lang='grc' dir='ltr'><strong>ιε)</strong></span> <span class='ocrx_word' id='word_1_591' title='bbox 428 5451 819 5536; x_wconf 57' lang='grc' dir='ltr'><strong>άὺξεῦβὲξεει-</strong></span> <span class='ocrx_word' id='word_1_592' title='bbox 890 5523 937 5536; x_wconf 88' lang='lat'><strong>-.</strong></span> <span class='ocrx_word' id='word_1_593' title='bbox 985 5523 1046 5536; x_wconf 67' lang='grc' dir='ltr'>η.</span> <span class='ocrx_word' id='word_1_594' title='bbox 1111 5524 1177 5536; x_wconf 59' lang='grc' dir='ltr'>η</span> <span class='ocrx_word' id='word_1_595' title='bbox 1241 5523 1293 5536; x_wconf 58' lang='grc' dir='ltr'><strong>,κ</strong></span> <span class='ocrx_word' id='word_1_596' title='bbox 1433 5523 1458 5536; x_wconf 90' lang='grc'><strong>-</strong></span> 
     </span>
    </p>
   </div>
   <div class='ocr_carea' id='block_1_91' title="bbox 1805 5449 3392 5536">
    <p class='ocr_par' dir='ltr' id='par_1_91' title="bbox 1977 5449 3392 5536">
     <span class='ocr_line' id='line_1_91' title="bbox 1977 5449 3392 5536; baseline 0 0"><span class='ocrx_word' id='word_1_597' title='bbox 1977 5449 2387 5536; x_wconf 60' lang='grc' dir='ltr'><strong>ςΖὶἹῖμνέὖῗεν·</strong></span> <span class='ocrx_word' id='word_1_598' title='bbox 2435 5521 2445 5536; x_wconf 87' lang='grc'><strong><em>,</em></strong></span> <span class='ocrx_word' id='word_1_599' title='bbox 2646 5449 2651 5450; x_wconf 25' lang='grc' dir='ltr'><strong>ί</strong></span> <span class='ocrx_word' id='word_1_600' title='bbox 2871 5449 2897 5536; x_wconf 53' lang='grc'>.”</span> <span class='ocrx_word' id='word_1_601' title='bbox 3183 5519 3229 5536; x_wconf 84' lang='grc'><strong>..</strong></span> <span class='ocrx_word' id='word_1_602' title='bbox 3280 5517 3309 5536; x_wconf 65' lang='grc' dir='ltr'>η</span> <span class='ocrx_word' id='word_1_603' title='bbox 3359 5520 3392 5536; x_wconf 89' lang='grc'><strong>.,</strong></span> 
     </span>
    </p>
   </div>
   <div class='ocr_carea' id='block_1_92' title="bbox 309 5517 1896 5599">
    <p class='ocr_par' dir='ltr' id='par_1_92' title="bbox 309 5517 1482 5599">
     <span class='ocr_line' id='line_1_92' title="bbox 309 5517 1482 5599; baseline 0.004 -27"><span class='ocrx_word' id='word_1_604' title='bbox 518 5521 606 5585; x_wconf 81' lang='grc'><strong>85,</strong></span> <span class='ocrx_word' id='word_1_605' title='bbox 637 5517 730 5599; x_wconf 70' lang='grc' dir='ltr'><strong>ρῦ,</strong></span> <span class='ocrx_word' id='word_1_606' title='bbox 755 5533 860 5578; x_wconf 88' lang='lat' dir='ltr'><strong>etc.</strong></span> <span class='ocrx_word' id='word_1_607' title='bbox 889 5523 956 5577; x_wconf 90' lang='lat' dir='ltr'><strong>N.</strong></span> <span class='ocrx_word' id='word_1_608' title='bbox 985 5523 1074 5589; x_wconf 70' lang='grc'><strong>84,</strong></span> <span class='ocrx_word' id='word_1_609' title='bbox 1110 5524 1200 5580; x_wconf 80' lang='lat'><strong>85.</strong></span> <span class='ocrx_word' id='word_1_610' title='bbox 1241 5523 1334 5577; x_wconf 82' lang='grc' dir='ltr'>Ἐκ</span> <span class='ocrx_word' id='word_1_611' title='bbox 1367 5523 1482 5578; x_wconf 77' lang='grc' dir='ltr'>τοῦ.</span> 
     </span>
    </p>
   </div>
   <div class='ocr_carea' id='block_1_93' title="bbox 1882 5517 3469 5599">
    <p class='ocr_par' dir='ltr' id='par_1_93' title="bbox 1977 5517 3469 5599">
     <span class='ocr_line' id='line_1_93' title="bbox 1977 5517 3469 5599; baseline -0.004 -23"><span class='ocrx_word' id='word_1_612' title='bbox 1977 5517 2062 5599; x_wconf 77' lang='lat'>(8)</span> <span class='ocrx_word' id='word_1_613' title='bbox 2095 5517 2165 5575; x_wconf 66' lang='grc' dir='ltr'><strong>Ν.</strong></span> <span class='ocrx_word' id='word_1_614' title='bbox 2204 5524 2261 5585; x_wconf 83' lang='lat'><strong>5.</strong></span> <span class='ocrx_word' id='word_1_615' title='bbox 2290 5521 2563 5599; x_wconf 68' lang='grc' dir='ltr'>Μακάριοι</span> <span class='ocrx_word' id='word_1_616' title='bbox 2607 5536 2776 5599; x_wconf 72' lang='lat' dir='ltr'><strong>usque</strong></span> <span class='ocrx_word' id='word_1_617' title='bbox 2821 5521 2885 5575; x_wconf 88' lang='lat' dir='ltr'><strong>ad</strong></span> <span class='ocrx_word' id='word_1_618' title='bbox 2909 5520 3127 5599; x_wconf 30' lang='grc' dir='ltr'>,κρίσις</span> <span class='ocrx_word' id='word_1_619' title='bbox 3183 5519 3248 5573; x_wconf 81' lang='grc' dir='ltr'><strong>Ν.</strong></span> <span class='ocrx_word' id='word_1_620' title='bbox 3359 5519 3469 5571; x_wconf 75' lang='grc' dir='ltr'><strong>Καὶ</strong></span> 
     </span>
    </p>
   </div>
   <div class='ocr_carea' id='block_1_94' title="bbox 305 5589 1892 5660">
    <p class='ocr_par' dir='ltr' id='par_1_94' title="bbox 305 5589 788 5660">
     <span class='ocr_line' id='line_1_94' title="bbox 305 5589 788 5660; baseline 0.01 -19"><span class='ocrx_word' id='word_1_621' title='bbox 305 5589 386 5660; x_wconf 73' lang='grc'><strong>(4)</strong></span> <span class='ocrx_word' id='word_1_622' title='bbox 415 5590 788 5655; x_wconf 82' lang='grc' dir='ltr'>Ἀναπαύσεις.</span> 
     </span>
    </p>
   </div>
   <div class='ocr_carea' id='block_1_95' title="bbox 1880 5589 3467 5660">
    <p class='ocr_par' dir='ltr' id='par_1_95' title="bbox 1902 5589 3467 5660">
     <span class='ocr_line' id='line_1_95' title="bbox 1902 5589 3467 5660; baseline -0.003 -13"><span class='ocrx_word' id='word_1_623' title='bbox 1902 5589 2115 5657; x_wconf 79' lang='grc' dir='ltr'>νυκτός,</span> <span class='ocrx_word' id='word_1_624' title='bbox 2141 5605 2245 5648; x_wconf 89' lang='lat' dir='ltr'><strong>etc.</strong></span> <span class='ocrx_word' id='word_1_625' title='bbox 2271 5592 2331 5645; x_wconf 84' lang='grc' dir='ltr'>τὸ</span> <span class='ocrx_word' id='word_1_626' title='bbox 2356 5589 2572 5660; x_wconf 69' lang='grc' dir='ltr'>ἀγαθόν.</span> <span class='ocrx_word' id='word_1_627' title='bbox 2609 5589 2806 5646; x_wconf 71' lang='lat' dir='ltr'><strong>DeSuut</strong></span> <span class='ocrx_word' id='word_1_628' title='bbox 2839 5591 2931 5644; x_wconf 71' lang='grc' dir='ltr'>καὶ</span> <span class='ocrx_word' id='word_1_629' title='bbox 2962 5589 3234 5654; x_wconf 78' lang='grc' dir='ltr'>ποιοῦντες</span> <span class='ocrx_word' id='word_1_630' title='bbox 3267 5589 3467 5643; x_wconf 69' lang='lat' dir='ltr'><strong>azmo-</strong></span> 
     </span>
    </p>
   </div>
   <div class='ocr_carea' id='block_1_96' title="bbox 309 5657 2087 5734">
    <p class='ocr_par' dir='ltr' id='par_1_96' title="bbox 309 5657 2087 5734">
     <span class='ocr_line' id='line_1_96' title="bbox 309 5657 2087 5734; baseline 0.002 -20"><span class='ocrx_word' id='word_1_631' title='bbox 309 5657 390 5729; x_wconf 82' lang='lat'>(5)</span> <span class='ocrx_word' id='word_1_632' title='bbox 428 5663 801 5732; x_wconf 87' lang='grc' dir='ltr'>Διαμείνωσιν.</span> <span class='ocrx_word' id='word_1_633' title='bbox 1902 5663 2087 5734; x_wconf 83' lang='grc' dir='ltr'>σύνην.</span> 
     </span>
    </p>
   </div>
   <div class='ocr_carea' id='block_1_97' title="bbox 309 5805 1896 5881">
    <p class='ocr_par' dir='ltr' id='par_1_97' title="bbox 309 5805 1896 5881">
     <span class='ocr_line' id='line_1_97' title="bbox 309 5805 1896 5881; baseline 0.003 -24"><span class='ocrx_word' id='word_1_634' title='bbox 309 5805 391 5876; x_wconf 84' lang='lat' dir='ltr'>(a)</span> <span class='ocrx_word' id='word_1_635' title='bbox 435 5806 766 5880; x_wconf 74' lang='grc' dir='ltr'>Μεταληψις,</span> <span class='ocrx_word' id='word_1_636' title='bbox 799 5813 1092 5865; x_wconf 77' lang='lat' dir='ltr'><strong>communio</strong></span> <span class='ocrx_word' id='word_1_637' title='bbox 1125 5827 1217 5866; x_wconf 80' lang='lat' dir='ltr'><strong>seu</strong></span> <span class='ocrx_word' id='word_1_638' title='bbox 1258 5807 1601 5881; x_wconf 84' lang='lat' dir='ltr'><strong>participatio</strong></span> <span class='ocrx_word' id='word_1_639' title='bbox 1629 5806 1896 5864; x_wconf 78' lang='lat' dir='ltr'><strong>Eucharis</strong></span> 
     </span>
    </p>
   </div>
   <div class='ocr_carea' id='block_1_98' title="bbox 912 5805 2499 5881">
    <p class='ocr_par' dir='ltr' id='par_1_98' title="bbox 918 5805 2499 5881">
     <span class='ocr_line' id='line_1_98' title="bbox 918 5805 2499 5881; baseline -0.004 -17"><span class='ocrx_word' id='word_1_640' title='bbox 918 5813 1092 5865; x_wconf 83' lang='lat' dir='ltr'><strong>munia</strong></span> <span class='ocrx_word' id='word_1_641' title='bbox 1125 5827 1217 5866; x_wconf 80' lang='lat' dir='ltr'><strong>seu</strong></span> <span class='ocrx_word' id='word_1_642' title='bbox 1258 5807 1601 5881; x_wconf 85' lang='lat' dir='ltr'><strong>participatio</strong></span> <span class='ocrx_word' id='word_1_643' title='bbox 1629 5806 2000 5864; x_wconf 76' lang='lat' dir='ltr'><strong>Eucharistize.</strong></span> <span class='ocrx_word' id='word_1_644' title='bbox 2035 5806 2156 5862; x_wconf 75' lang='lat' dir='ltr'><strong>Yid.</strong></span> <span class='ocrx_word' id='word_1_645' title='bbox 2191 5806 2315 5860; x_wconf 71' lang='lat' dir='ltr'><strong>Lex.</strong></span> <span class='ocrx_word' id='word_1_646' title='bbox 2355 5805 2499 5860; x_wconf 87' lang='lat' dir='ltr'><strong>Suic.</strong></span> 
     </span>
    </p>
   </div>
  </div>
