4018 6470
143 430 304 485 1115
1082 433 1168 486 DE
1209 432 1485 489 TlTULlS
1524 435 1969 490 PSALMORL'M.
2012 468 2080 478 —
2111 435 2305 490 PSAL.
2345 433 2455 489 CV.
3260 436 3401 496 HM

224 551 321 606 22.
357 549 654 617 Ἕκάλυψεν
684 548 826 619 ὕδωρ
858 551 982 611 τοὺς
1009 549 1287 612 θλίϐοντας
1312 550 1535 612 αὐτούς·
1765 558 1802 611 Α

1355 550 1535 612 mo;-
1765 558 1802 611 Α
1904 548 1994 604 22.
2037 548 2262 616 Operuit
2291 563 2430 618 aqua
2465 546 2780 602 tribulantes
2809 563 2942 604 eos:

233 643 328 695 25.
357 636 449 702 Εἷς
482 640 539 704 ἐξ
570 641 744 692 αὐτῶν
770 641 865 708 οὐχ
891 639 1206 708 ὑπελείφθη.

1901 642 1990 696 25.
2034 641 2186 696 Unus
2221 656 2287 694 ex
2320 642 2398 694 eis
2432 652 2538 694 non
2572 641 2849 694 remansit.

231 732 323 786 2i.
361 731 468 784 Kal.
494 731 814 783 ἐπίστευσαν
840 731 916 800 τῷ
946 731 1087 801 λόγῳ
1116 730 1298 786 αὑτοῦ.

1903 735 1990 788 24.
2040 734 2104 786 Ει
2132 733 2479 788 crediderunt
2502 732 2665 785 verbo
2697 733 2815 801 ejus
2844 730 3072 804 [verbis]
3104 751 3116 786 :

224 820 321 875 25.
351 822 458 874 Καὶ
488 817 625 894 ᾖσαν
651 821 748 891 τὴν
775 823 979 873 αἴνεσιν
1003 821 1188 875 αὐτοῦ.

1900 824 1991 878 25.
2045 824 2109 878 Ει
2147 825 2459 878 cecinerunt
2499 824 2710 877 laudem
2753 823 3131 894 [laudaverunt
3159 822 3396 898 laudem]

1834 918 1970 988 ejus.
2723 921 2725 924 ’

233 998 324 1051 26.
366 998 678 1067 Ἐτάχυναν,
710 998 1032 1051 ἐπελάθοντο
1055 999 1161 1052 τῶν
1187 1000 1362 1070 ἔργων
1394 1000 1556 1053 αὐτοῦ
1577 1017 1589 1030 °

1904 1009 1995 1064 26.
2040 1009 2161 1062 Cito
2194 1007 2462 1070 iecerunt,
2493 1007 2646 1061 obliti
2681 1015 2805 1061 sunt
2835 1022 3058 1075 operum
3098 1007 3253 1076 ejus:

237 1089 330 1141 27.
359 1091 466 1158 Οὐχ
492 1089 784 1157 ὑπέμειναν
809 1088 906 1160 τὴν
943 1089 1131 1159 βουλὴν
1164 1090 1350 1146 αὑτοῦ.

1909 1101 1995 1154 27.
2039 1101 2098 1153 Et
2142 1116 2248 1154 non
2280 1101 2658 1155 sustinuerunt
2689 1100 2976 1153 consilium
3018 1098 3158 1167 ejus.

233 1181 328 1234 28.
359 1184 466 1233 Kal.
500 1181 848 1250 ἐπεθύμησαν
876 1182 1166 1252 ἐπιθυμίαν
1198 1185 1254 1234 ἐν
1284 1187 1347 1254 τῇ
1381 1185 1591 1255 ἐρήμῳο

1903 1194 1990 1247 28.
2035 1193 2099 1247 Ει
2123 1194 2513 1261 concupierunt
2539 1191 3034 1260 concupiscentiam
3063 1189 3115 1242 in
3149 1188 3395 1242 deserto;

233 1271 325 1324 29.
357 1273 462 1324 Καὶ
491 1272 780 1342 ἐπείρασαν
811 1273 899 1324 τὸν
929 1273 1058 1325 Θεὸν
1083 1276 1140 1326 ἐν
1175 1274 1406 1344 ἀνύδρῳ.

1905 1285 1995 1341 29.
2034 1284 2098 1338 Et
2132 1293 2480 1338 tentarerunt
2520 1281 2684 1336 Deum
2733 1282 2784 1334 in
2834 1281 3120 1351 inaquoso.

237 1365 329 1417 50.
367 1367 473 1417 Kal.
506 1365 703 1418 ἔδωκεν
735 1365 916 1426 αὐτοῖς
944 1365 1004 1416 τὸ
1039 1367 1244 1436 αἴτημα
1274 1366 1448 1418 αὐτῶν
1473 1381 1487 1396 ο

1479 1381 1487 1396 ’
1903 1376 1991 1430 50.
2047 1374 2111 1428 Et
2142 1376 2289 1430 dedit
2316 1375 2395 1428 eis
2430 1375 2741 1441 petitionem
2781 1374 3020 1442 ipsorum
3055 1392 3066 1427 :

237 1456 330 1509 51.
372 1456 743 1522 Ἐξαπέστειλε
770 1457 1085 1529 πλησμονὴν
1112 1461 1189 1520 είς
1215 1458 1308 1520 τάς
1331 1458 1506 1528 ψυχὰς
1536 1457 1728 1511 αὐτῶν.

1536 1457 1728 1511 αὐτῶν.
1904 1465 1993 1518 51.
2046 1464 2190 1518 Misit
2217 1464 2551 1517 saturitatem
2583 1464 2634 1515 in
2670 1462 2880 1515 animas
2911 1477 3119 1522 eorum.

230 1547 323 1600 52.
355 1549 460 1599 Καὶ
486 1547 840 1619 παρὼργισαν
856 1549 944 1601 τὸν
971 1550 1203 1618 Μωῦσῆν
1223 1550 1276 1601 ἐν
1292 1552 1357 1618 τῇ
1393 1549 1729 1620 παρεμϐολῇ,

1478 1549 1729 1620 ρεμϐολῇ,
1903 1553 1993 1606 52.
2035 1552 2098 1606 Et
2125 1554 2470 1606 irritaret-unt
2498 1551 2715 1622 Moysen
2747 1552 2800 1604 in
2834 1553 3029 1606 caStris
3049 1589 3065 1615 ,

232 1641 326 1693 55.
357 1641 456 1693 Τὸν
483 1643 559 1710 (a)
595 1640 803 1712 Ἀαρὼν
835 1642 926 1694 τὸν
961 1643 1113 1709 ἅγιον
1148 1642 1372 1711 Κυρίου.

1183 1642 1372 1711 ζυρίου.
1905 1646 1993 1699 55.
2039 1645 2216 1699 Aaron
2254 1658 2501 1700 Sanctum
2536 1645 2770 1701 Domini.

235 1733 326 1785 5-1.
369 1733 611 1803 Ὴνοίχθη
647 1736 678 1802 ἡ
713 1735 803 1803 γῆ,
831 1735 923 1787 καὶ
957 1736 1183 1787 κατέπιε
1208 1735 1416 1786 Δαθάνο

1907 1740 1992 1794 54.
2038 1740 2238 1808 Aperta
2259 1752 2341 1794 cst
2372 1752 2534 1805 terra,
2561 1750 2612 1792 et
2634 1739 2915 1808 deglutirit
2939 1734 3148 1790 Dathan
3177 1755 3189 1790 :

231 1826 324 1879 55.
359 1827 462 1877 Καὶ
493 1827 756 1895 ἐκάλυψεν
782 1829 871 1879 ἐπὶ
894 1826 990 1896 τὴν
1017 1827 1332 1898 συναγωγὴν
1367 1827 1641 1900 Ἀϐειρὼν.

1904 1832 1993 1885 55.
2036 1832 2098 1885 Ει
2127 1835 2340 1901 operuit
2367 1849 2529 1900 super
2557 1834 3027 1902 congregationem
3068 1830 3292 1885 Ahirou.

233 1917 324 1970 56.
367 1919 474 1971 Ka‘t
501 1918 767 1988 ἐξεκαύθη
805 1918 914 1988 πῦρ
944 1919 1001 1969 ἐν
1034 1921 1096 1988 τῇ
1135 1922 1420 1990 συναγωγῇ
1449 1918 1626 1973 αὐτῶν
1646 1936 1658 1950 ·

1586 1936 1658 1971 ιν·
1908 1919 1998 1978 56.
2041 1921 2104 1974 Et
2126 1923 2329 1977 exarsit
2375 1923 2516 1992 ignis
2558 1922 2612 1976 in
2646 1936 2914 1991 synagoga
2946 1936 3130 1975 eorum
3155 1957 3173 1975 .

238 2011 330 2064 57.
357 2011 490 2074 mea
523 2010 849 2081 κατέφλεξεν
877 2010 1250 2082 ἁμαρτωλούς.
1771 2009 1814 2062 Β

1771 2009 1814 2062 Β
1923 2013 2013 2069 57.
2053 2013 2291 2070 Flamma
2318 2013 2618 2070 combussit
2657 2021 2987 2084 peccatores.

238 2154 312 2226 (a)
346 2156 447 2208 Τόν
477 2154 644 2212 deest.

1281 2309 1662 2366 ATHANASII
1703 2304 2291 2366 INTERPRETATIO.

235 2473 330 2535 22,
356 2471 446 2525 25.
473 2471 684 2532 Πάντας
713 2469 818 2540 γὰρ
846 2465 1160 2540 συνέτριψεν
1181 2468 1275 2522 ἐπὶ
1303 2468 1396 2521 τοῦ
1425 2468 1632 2531 ὓδατος.

1533 2487 1632 2531 τος.
1904 2465 1996 2530 22,
2036 2467 2126 2521 25.
2181 2464 2383 2520 Omnes
2411 2462 2554 2516 enim
2584 2460 2837 2517 contrivit
2868 2461 2920 2512 in
2963 2475 3120 2529 aqua.

238 2561 331 2614 ει.
373 2562 436 2612 Οἱ
468 2557 851 2628 βαπτισθέντες
885 2557 1208 2612 ἐπίστευσαν
1234 2561 1346 2620 τοῖς
1379 2558 1583 2630 ῥηθεῖσι
1612 2559 1738 2628 παρ’

1903 2560 1994 2613 24.
2034 2557 2297 2627 Baptizati
2356 2565 2537 2610 autem
2593 2553 2940 2609 crediderunt
2986 2568 3045 2606 ea
3100 2567 3220 2621 quae
3263 2551 3403 2607 dicta

161 2651 336 2708 αὑτοῦ
378 2652 434 2703 ἐν
465 2654 574 2712 τοῖς
600 2650 951 2717 Εὑαγγελίοις
979 2652 1105 2719 περὶ
1131 2650 1228 2718 τῆς
1254 2649 1618 2718 ἀποκειμένης
1644 2647 1739 2717 βα-

1837 2658 1965 2705 sunt
1991 2650 2041 2703 in
2074 2648 2378 2718 Erangeliis
2405 2647 2470 2700 de
2497 2661 2663 2715 regno
2694 2646 2976 2708 caelorum,
3009 2645 3150 2714 quod
3197 2644 3276 2698 eis
3324 2661 3407 2698 re-

161 2745 282 2795 σιλε
293 2743 376 2806 ίας
404 2743 508 2795 τῶν
538 2743 596 2795 ού
607 2743 798 2812 ρανῶν.

609 2743 798 2812 ρανῶν.
1837 2745 2071 2814 positum
2098 2751 2196 2797 est.

238 2835 331 2888 25.
370 2837 477 2888 Καὶ
507 2835 760 2899 ἐδόξασαν
790 2834 970 2886 αὐτόν.

1913 2837 2003 2889 25.
2047 2834 2110 2888 Et
2137 2834 2576 2903 gloriﬁcaverunt
2598 2847 2742 2886 eum.

236 2924 327 2978 26.
369 2926 426 2978 ’0
456 2925 578 2986 λαὸς
611 2924 717 2975 τῶν
753 2923 1017 2976 Ἰουδαίων

1910 2928 2001 2980 26.
2052 2926 2289 2993 Populus
2325 2924 2656 2976 Jttda'orum.

238 3016 327 3068 27.
362 3016 435 3067 υὺ
463 3016 734 3084 διέμειναν
771 3016 828 3068 ἐν
850 3015 928 3085 τῷ
955 3016 1100 3085 νόμῳ
1148 3015 1240 3067 καὶ
1267 3016 1387 3077 ταῖς
1414 3015 1616 3083 φωναῖς
1637 3014 1742 3067 τῶν

1913 3018 2005 3072 27.
2047 3016 2162 3072 Non
2196 3023 2608 3085 permanserunt
2649 3015 2703 3067 in
2733 3014 2849 3084 lege
2900 3020 2954 3065 et
2991 3013 3148 3066 dictis
3180 3009 3407 3080 prophe-

160 3109 485 3180 προφητῶν,

458 3128 485 3160 ν.
1845 3123 2045 3166 tarum.

236 3199 330 3254 28.
387 3200 496 3251 Καὶ
548 3198 742 3268 μᾶλλον
791 3198 1081 3267 ἠγάπησαν
1137 3197 1234 3266 τὴν
1302 3195 1598 3248 ἀπόλαυσιν
1648 3195 1738 3248 τοῦ

1913 3202 2002 3256 28.
2045 3200 2109 3254 Et
2137 3200 2309 3270 magis
2345 3199 2651 3254 dilexerunt
2683 3197 2870 3252 mundi
2906 3195 3068 3262 hujus
3091 3191 3404 3248 oblectatio-

163 3291 377 3363 κόσμου
409 3291 614 3344 τούτου.

409 3291 614 3344 τούτου.
1772 3273 1813 3329 C
1847 3308 1990 3344 nem.

238 3386 329 3439 29.
362 3385 469 3437 Kal.
507 3384 802 3454 ἐπείρασαν
835 3384 924 3435 τὸν
956 3383 1086 3435 Θεὸν
1123 3384 1178 3434 ἐν
1213 3385 1330 3443 ταῖς
1368 3380 1612 3450 καρδίαις
1648 3382 1744 3432 αύ-

1912 3383 2000 3437 29.
2044 3382 2107 3436 Ει
2163 3389 2508 3436 tentarerunt
2586 3380 2753 3436 Deum
2827 3382 2880 3434 in
2918 3381 3176 3436 cordibus
3220 3377 3408 3434 eorum

162 3476 277 3528 τῶν
324 3479 442 3540 ταῖς
489 3476 561 3545 μὴ
601 3475 848 3544 ἐχούσαις
898 3478 1055 3544 χάριν
1087 3473 1219 3525 Θεοῦ
1245 3512 1258 3536 ,
1293 3472 1538 3540 λέγοντες
1567 3473 1740 3542 αὐτῷ·

1844 3475 2068 3545 gratiam
2101 3472 2194 3526 Dei
2229 3487 2334 3525 non
2373 3467 2716 3536 habentibus,
2764 3471 3011 3526 dicentes
3054 3471 3197 3540 ipsi:
3247 3469 3406 3522 Votu-

165 3568 402 3634 Σημεῖοτ
451 3568 705 3634 θέλομεν
737 3566 884 3618 ἰδεῖν
911 3566 1026 3619 ἀπὸ
1059 3566 1195 3618 σοῦ.

1059 3566 1195 3618 σοῦ.
1845 3583 1959 3619 mus
1988 3583 2019 3617 α
2059 3577 2104 3618 te
2134 3566 2524 3634 signumvidere
2557 3567 2641 3616 η’.

241 3657 330 3710 50.
365 3660 540 3727 Ὅπερ
577 3660 652 3726 (1)
689 3656 976 3726 ἠθέλησαν.

966 3697 976 3708 .
1917 3657 2006 3709 50.
2051 3656 2204 3720 Quod
2242 3656 2547 3709 voluerunt.

240 3746 332 3800 51.
378 3747 470 3798 Ἐκ
496 3746 600 3798 τῶν
646 3746 806 3799 πέντε
847 3745 921 3814 (2)
957 3745 1155 3814 ἄρτων,
1193 3744 1285 3798 καὶ
1327 3742 1486 3796 πάλιν
1525 3743 1589 3794 ἐκ
1637 3741 1742 3794 τῶν

1915 3749 2004 3802 51.
2045 3747 2294 3816 Quinque
2325 3749 2572 3816 panibus,
2605 3761 2656 3800 et
2694 3763 2884 3801 rursus
2950 3754 3152 3814 septem
3199 3745 3411 3799 satiavit

166 3838 310 3892 ἑπτα
343 3837 631 3909 ἐχόρτασεν
662 3838 873 3900 αὐτούς.
1844 3856 1938 3894 eos
1975 3841 2038 3893 ’⁷.

276 3931 332 3994 2,
373 3933 458 3984 55.
524 3931 598 4000 (5)
645 3932 753 3983 Καί
800 3931 1090 4000 ἐπέμειναν
1167 3928 1588 3999 παροργίζοντες
1655 3927 1743 3980 τδν

1914 3933 2002 3997 52,
2049 3933 2136 3986 55.
2181 3932 2245 3984 Et
2277 3941 2759 4000 perseveraverunt
2803 3931 3078 3984 irritantcs
3111 3926 3306 3982 Filium
3357 3926 3409 3978 in

169 4023 301 4076 Υίὺν
342 4025 398 4074 ἐν
433 4023 508 4092 τῷ
539 4025 748 4091 κόσμῳ.
785 4021 1044 4088 Μωϋσῆς
1072 4021 1179 4091 γὰρ
1211 4021 1565 4090 ἑρμηνεύεται
1598 4020 1740 4073 ἀνά-

1845 4025 2067 4078 mundo.
2107 4024 2311 4092 Moyses
2335 4024 2478 4077 enim
2511 4025 2896 4090 interpretatur
2925 4023 3236 4089 assumptio,
3268 4021 3410 4088 quod

167 4117 359 4180 ληψις
379 4154 393 4176 ,
438 4114 572 4184 ὅπερ
598 4114 745 4166 ἐστὶν
787 4117 816 4168 ὁ
854 4115 978 4177 Υἱὸς
1007 4115 1098 4167 τοῦ
1125 4114 1280 4177 Θεοῦ,
1311 4115 1584 4182 ἀνελήφθη
1616 4114 1740 4181 γὰρ.

1845 4117 2097 4170 convenit
2124 4116 2216 4170 Dei
2248 4115 2404 4178 Filio,
2434 4116 2524 4184 qui
2560 4124 2872 4183 assumptus
2904 4123 3004 4167 est.
3041 4117 3216 4166 Aaron
3252 4113 3416 4165 inter-

183 4205 400 4274 Ἀαρὼν
434 4205 790 4275 ἑρμηνεύεται
817 4207 953 4274 ὄρος
988 4207 1291 4274 δυνάμεως
1316 4222 1329 4236 ·
1361 4205 1448 4258 τὸν
1485 4201 1576 4258 οῦν
1618 4205 1744 4257 raw

1848 4215 2088 4272 pretatur
2135 4223 2280 4258 mons
2337 4206 2580 4258 virtutis:
2635 4205 2818 4272 itaque
2866 4204 3136 4272 signiﬁcat
3177 4201 3269 4255 Dei
3321 4200 3413 4253 Fi-

168 4297 265 4350 τοῦ
298 4297 433 4349 Θεοῦ
457 4298 625 4364 λέγει,
660 4299 748 4349 τὸν
772 4298 913 4351 κατά
941 4297 1100 4367 φύσιν
1127 4299 1300 4364 ᾶγιον.

1845 4297 1999 4361 lium,
2028 4297 2118 4364 qui
2155 4297 2452 4350 secundum
2486 4306 2731 4348 naturam
2766 4307 2988 4348 sanctus
3028 4303 3133 4347 est.

245 4391 335 4443 54.
381 4390 626 4459 Ἦνοίχθη
657 4393 688 4460 ἡ
715 4390 858 4461 ψυχὴ
889 4391 995 4443 τῶν
1025 4391 1392 4443 ἀπειθούντων
1425 4405 1500 4457 τῳ
1533 4385 1740 4455 Κυρίῳ,

1915 4388 2002 4440 54.
2053 4386 2250 4454 Aperta
2278 4397 2359 4439 est
2409 4388 2587 4438 anima
2628 4402 2734 4438 non
2787 4385 3274 4454 obtemperantium
3308 4383 3415 4438 Do-

170 4484 264 4535 καὶ
296 4482 487 4535 ἐλαὸεν
517 4485 740 4544 ἑαυτοὺς
766 4485 863 4553 τὴν
887 4485 1157 4555 ἁμαρτίαν
1263 4481 1524 4552 ἁμαρτία]
1543 4481 1738 4532 αὐτῶν·

1845 4478 2012 4537 mino.
2041 4486 2093 4530 et
2122 4487 2399 4545 peccatum
2431 4494 2616 4530 eorum
2643 4479 2881 4544 suscepit
2914 4479 3096 4545 ipsos;
3137 4491 3261 4529 nam
3292 4475 3408 4528 Da-

168 4575 370 4627 Δαθὰν
400 4573 505 4645 γὰρ
539 4577 738 4642 κρίσις
769 4574 1055 4643 δεδομένη
1093 4572 1451 4646 ἑρμηνεύεται
1483 4573 1577 4639 (ι).

1344 4590 1451 4624 εται
1483 4573 1577 4639 (ι).
1781 4615 1822 4666 D
1852 4572 1976 4623 than
2007 4571 2269 4637 judicium
2297 4571 2482 4622 datum
2527 4571 2931 4637 interpretatur.

242 4667 334 4720 55.
401 4668 664 4735 Ἀϐειρὼν
738 4669 1097 4738 ἑρμηνεύεται
1151 4666 1417 4733 πατέρων
1469 4662 1745 4732 ὑψηλῶν.
1782 4655 1817 4666 υ

1921 4662 2007 4715 55.
2046 4662 2242 4714 Abiron
2281 4662 2668 4729 interpretatur
2716 4669 2864 4727 pater
2915 4656 3169 4711 excelsus.
3219 4655 3416 4711 Pecca-

183 4756 483 4824 Ἐκάλυψεν
525 4754 616 4810 οὖν
662 4760 693 4826 ἡ
745 4759 989 4827 ἁμαρτία
1045 4757 1140 4827 τὴν
1177 4755 1496 4824 συναγωγὴν
1544 4754 1602 4806 τὸ
1653 4754 1748 4822 μὲν

1849 4760 1960 4803 ιιιιη
2023 4752 2187 4820 igitur
2240 4751 2528 4819 cooperuit
2583 4765 2912 4820 synagogam
2981 4758 3139 4802 antea
3193 4747 3412 4801 Patrum

173 4847 391 4916 πρῶτον
440 4849 546 4900 τῶν
601 4849 859 4918 Πατέρων
914 4849 1022 4900 τῶν
1068 4850 1258 4917 ἁγίων,
1317 4847 1605 4918 [δεύτερον
1658 4842 1749 4916 δὲ]

1848 4853 2184 4908 sanctorum,
2218 4844 2488 4913 et_dcinde
2530 4843 2830 4910 principum
2873 4857 3083 4899 eorum.
3113 4840 3205 4910 qui
3236 4855 3415 4895 cxczr-

171 4942 280 4991 τῶν
307 4940 580 5009 ἀρχόντων
611 4941 684 5011 (5)
715 4942 824 4994 τῶν
851 4942 1291 5010 τετυφλωμένων.

546 4959 580 4993 ιν
611 4941 684 5011 (5)
715 4942 824 4994 τῶν
851 4942 1291 5010 τετυφλωμένων.
1849 4936 1955 4988 cati
1986 4945 2133 4989 sunt.

245 5030 332 5085 56.
350 5033 458 5084 Ka‘t
483 5031 803 5085 ἐπλεόνασεν
834 5035 865 5102 ή
899 5034 1141 5103 ἁμαρτία
1162 5035 1218 5083 ἐν
1241 5035 1304 5102 τῇ
1335 5030 1528 5104 καρδίᾳ
1547 5026 1744 5082 αὐτῶν.

1688 5046 1744 5080 ιν.
1923 5025 2010 5079 56.
2062 5027 2126 5080 Ει
2153 5026 2448 5079 abundavit
2476 5035 2752 5095 peccatum
2786 5027 2837 5079 in
2873 5027 3036 5080 corde
3067 5043 3275 5084 eorum.

247 5121 333 5175 57.
369 5123 478 5175 Ka‘.
502 5123 700 5194 ἀνομία
732 5123 1106 5193 κατηνάλωσεν
1135 5124 1348 5186 αὐτούς.

1320 5141 1348 5177 τ.
1927 5118 2018 5172 57.
2061 5117 2126 5170 Ει
2156 5118 2412 5187 iniquitas
2440 5119 2777 5188 consumpsit
2813 5135 2907 5173 eos

267 5274 538 5330 "‘Matth.
573 5293 669 5338 xu,
705 5279 793 5332 52.
876 5279 917 5308 ³⁷
963 5279 1152 5333 Matth.
1201 5296 1310 5344 xw,
1361 5279 1465 5344 16;
1508 5294 1597 5339 xv,
1650 5278 1752 5342 54;
1787 5275 1854 5328 Mt

1361 5279 1465 5344 16;
1508 5294 1597 5339 xv,
1650 5278 1752 5342 54;
1787 5275 1952 5328 Marc.
1980 5291 2068 5333 Vl.
2103 5275 2204 5342 58;
2240 5293 2357 5340 un,
2388 5277 2450 5341 l;
2493 5275 2648 5333 Juan.
2687 5295 2775 5331 vt.
2838 5277 2921 5331 l0.

1125 5434 1430 5494 Addenda
1463 5443 1522 5492 et
1557 5435 1932 5512 corrigenda
1967 5451 2043 5493 ex
2085 5434 2225 5493 cod.
2266 5435 2464 5495 Vatie.

247 5605 321 5671 Η)
348 5605 458 5658 Kal.
490 5604 685 5658 ἔδωκεν
717 5605 896 5666 αὐτοῖς
921 5604 1074 5672 ὅπερ,
1107 5614 1210 5658 etc.
1919 5606 1996 5671 (4)
2030 5606 2257 5658 Ἐλαϐον
2324 5608 2407 5676 eq.‘
2455 5607 2682 5669 ἑαυτοὺς
2741 5618 2838 5675 την
2885 5605 3156 5676 αμαρτίαν
3208 5604 3407 5659 αὐτῶν.

243 5676 322 5749 (2)
351 5676 521 5749 μέντε
551 5677 678 5749 γάρ.
732 5747 738 5749 _
1017 5743 1029 5749 _
1049 5745 1078 5749 __
1218 5744 1241 5749 _
1296 5745 1318 5749 _
1394 5744 1415 5749 _
1733 5746 1744 5749 _
1848 5676 2022 5749 Δαθάν
2041 5677 2760 5749 χάρέρμηνεύεται-κρίσις
2784 5678 3058 5746 δεδομένη.

243 5746 322 5818 (5)
459 5745 546 5799 52.
576 5743 694 5818 Καῇ
726 5747 893 5818 ἐέᾕπ.
917 5761 969 5818 τ.
1133 5744 1244 5818 τοῦ
1283 5744 1418 5818 Θεοῦ
1455 5761 1630 5818 usque
1683 5746 1744 5800 ad
1899 5747 1992 5818 (5)
2038 5743 2135 5797 Ί“ὺ’
2158 5743 2230 5799 δὲ’
2257 5743 2505 5817 δεύτερον
2554 5743 2796 5817 βούλεται
2829 5751 2860 5817 ἡ
2895 5743 3154 5817 ἑρμηνεία
3181 5745 3285 5796 τῶν
3317 5745 3416 5818 ἁρ-

173 5815 450 5887 ἀνελήφθη
487 5818 612 5886 γάρ.
653 5813 715 5869 Ν.
754 5816 838 5869 55.
885 5813 1090 5886 Ἀαρὼν
1127 5815 1171 5868 ἐ.
1201 5815 1245 5868 ὅ.
1279 5814 1518 5879 δυνατόν,
1546 5825 1646 5868 etc.
1851 5816 2070 5886 κόπων,
2103 5826 2204 5872 etc.
