4018 6454
639 347 774 404 “l5
1466 350 1524 406 S.
1566 351 1937 410 ATHANASII
1978 357 2129 412 UPP.
2174 355 2352 411 PARS
2393 354 2480 410 Ill.
2523 382 2593 394 —
2636 351 3046 406 EXEGETICA.
3759 343 3908 401 1116

706 464 794 522 38.
840 466 904 520 Et
935 467 1173 522 iecerunt
1198 468 1420 522 vitulum
1455 471 1506 523 in
1538 470 1752 528 Choreb
1783 493 1796 529 :
2225 486 2270 538 Α

2225 486 2270 538 Α
2371 476 2458 529 '58.
2491 475 2599 529 Kal.
2628 473 2886 541 ἐποίησαν
2917 473 3112 543 μόσχον
3143 473 3199 525 ἐν
3225 472 3453 543 Χωρήσ·

671 559 793 613 ί59.
840 559 904 612 Et
949 561 1312 614 adoraverunt
1365 564 1632 633 sculptile.

2369 565 2455 618 59.
2488 565 2599 616 Kal.
2631 562 3043 632 προσεκύνησαν
3077 561 3156 630 τῷ
3185 561 3428 631 γλυπτῷ.

709 649 796 705 40.
861 649 921 704 Ει
947 660 1294 705 mutaverunt
1320 653 1545 722 gloriam
1575 673 1731 711 suam

2372 657 2458 710 40.
2493 657 2600 709 Kal.
2629 654 2925 725 ⁴ἢλλτίιξαντο
2954 656 3050 724 τὴν
3082 653 3238 720 δόξαν
3271 652 3433 706 αὐτοῦ

706 744 796 798 41.
841 739 895 795 In
935 743 1347 798 similitudinem
1375 747 1526 800 vituli
1556 749 1892 802 comedentis
1922 748 2126 802 fenum.

2118 789 2126 802 .
2372 748 2457 802 41.
2499 748 2587 800 Ἑν
2617 746 2918 816 ὁμοιώματι
2952 748 3152 817 μόσχου
3181 747 3448 807 ἐσθίοντος
3483 743 3705 816 χόρτον.

710 832 799 889 42.
839 831 903 886 Et
924 833 1076 890 obliti
1105 846 1232 889 sunt
1263 835 1450 900 Deum,
1493 839 1587 907 qui
1618 840 1844 894 salvavit
1869 857 1962 894 eos
1989 860 2000 893 :

2369 839 2456 892 42.
2486 840 2594 892 Καὶ
2623 841 2694 910 (a)
2727 838 3050 891 ἐπελάθοντο
3078 837 3169 891 τοῦ
3198 837 3331 890 Θεοῦ
3361 836 3451 890 τοῦ
3480 835 3764 900 σώζοντος
3802 833 3900 888 αὐ-

2300 946 2455 992 τουςο

707 1015 794 1069 43.
835 1014 936 1080 Qui
963 1015 1088 1070 fecit
1111 1019 1378 1088 magnalia
1408 1021 1460 1073 in
1491 1019 1745 1091 (Egypto,

2370 1020 2458 1072 45.
2490 1019 2596 1072 Τοῦ
2629 1021 2952 1089 ποιήσαντος
2985 1017 3197 1086 μεγάλα
3222 1018 3281 1070 ἐν
3307 1019 3588 1087 Δίγυπτῳ,

704 1107 794 1161 44.
838 1107 1096 1162 Mirabilia
1127 1111 1179 1162 in
1206 1118 1349 1164 terra
1377 1111 1571 1176 Cham,
1999 1171 2005 1176 _

1561 1151 1571 1176 ,
1999 1171 2005 1176 _
2371 1110 2460 1164 44.
2490 1111 2780 1181 Θαυμάσια
2809 1114 2867 1164 ἐν
2899 1111 2969 1180 γῇ
2998 1109 3148 1179 Χὰμ,

708 1200 794 1254 45.
831 1199 1115 1256 Terribilia
1146 1204 1197 1256 in
1229 1206 1363 1258 mari
1397 1205 1598 1262 Rubro.

2369 1207 2458 1260 45.
2485 1205 2693 1276 Φοϐερά
2723 1206 2813 1258 ἐπὶ
2841 1205 3112 1275 θαλάσσης
3146 1202 3427 1274 Ἐρυθρᾶς.

707 1293 794 1348 46.
845 1293 908 1348 Ει
935 1295 1069 1349 dixit
1097 1306 1155 1348 ιιι
1188 1297 1521 1366 disperderet
1541 1317 1636 1353 eos
1670 1320 1684 1354 :

2368 1297 2456 1352 46.
2490 1297 2597 1350 Kal
2618 1293 2735 1349 εἷπε
2766 1294 2857 1349 τοῦ
2883 1294 3256 1367 ἐξολοθρεῦσαι
3285 1294 3477 1356 αὐτούς
3495 1308 3509 1322 ·

709 1381 796 1436 47.
839 1381 894 1435 Si
922 1400 1028 1436 non
1060 1383 1271 1455 Moyses
1296 1387 1499 1441 electus
1523 1389 1642 1454 ejus

2368 1391 2458 1446 47.
2491 1391 2552 1442 El
2592 1390 2664 1460 μὴ
2699 1390 2932 1459 Μωῦσῆς
2962 1390 2990 1442 6
3023 1385 3274 1448 ἐκλεκτὸς
3307 1384 3466 1438 αὑτοῦ

707 1474 793 1527 48.
837 1473 1089 1529 Stetisset
1139 1477 1192 1529 in
1231 1477 1600 1532 contractione
1636 1480 1686 1533 in
1724 1492 2013 1550 canspectu
2059 1483 2198 1551 ejus,

2072 1483 2198 1551 ejus,
2367 1482 2457 1535 48.
2487 1484 2558 1549 (b)
2593 1484 2760 1551 Ἔστη
2797 1485 2851 1534 ὲν
2878 1483 2942 1550 τῇ
2976 1479 3197 1550 Θραύσει
3223 1477 3448 1530 ἐνώπιον
3473 1474 3659 1539 αὑτοῦ,

705 1566 791 1618 49.
838 1565 906 1620 Ut
933 1579 1198 1623 averteret
1224 1571 1357 1624 iram
1379 1572 1520 1641 ejus,
1558 1589 1622 1627 ne
1656 1574 1988 1642 disperderet
2013 1592 2130 1630 eos.

2368 1573 2455 1626 49.
2506 1571 2608 1625 Τοῦ
2658 1573 2996 1643 ἀποστρέψαι
3038 1571 3127 1623 τὸν
3171 1569 3338 1638 θυμὸν
3378 1567 3576 1630 αὑτοῦ,
3637 1565 3745 1618 τοῦ
3816 1563 3892 1637 μὴ

2293 1663 2476 1730 ἐξολοθ
2487 1663 2576 1734 ρεῦ
2587 1681 2673 1715 σαι
2704 1663 2917 1726 αὐτούς.

706 1740 792 1795 50.
827 1740 890 1795 Et
907 1759 1003 1811 pro
1021 1744 1188 1799 nihilo
1213 1745 1518 1800 habuerunt
1536 1757 1732 1801 terram
1752 1748 2190 1807 desiderabilem:

1926 1749 2190 1807 :rabilem:
2365 1757 2453 1810 50.
2482 1757 2590 1810 Kal
2624 1756 2984 1820 ἐξουδένωσαν
3011 1756 3113 1825 γῆν
3143 1753 3513 1822 ἐπιθυμητήν·

705 1832 791 1886 51.
829 1831 944 1888 Non
979 1838 1328 1891 crediderunt
1361 1839 1528 1893 verbo
1557 1842 1696 1908 ejus.
2230 1834 2270 1890 Β

2230 1834 2270 1890 Β
2370 1845 2455 1900 51.
2492 1847 2603 1898 Οὐκ
2632 1846 2954 1899 ἐπίστευσαν
2980 1845 3059 1915 τῷ
3086 1845 3228 1914 λόγῳ
3252 1844 3316 1896 αὖ
3330 1842 3433 1895 τοῦ.

707 1919 793 1975 52.
836 1923 898 1977 Et
925 1939 1402 1984 murmuraverunt
1440 1929 1898 2004 lmurmurabant]
1930 1935 1984 1988 in
2013 1936 2193 1990 taber-

2370 1937 2456 1991 52.
2491 1939 2600 1989 Kal.
2627 1939 2932 2006 ἐγόγγυσαν
2964 1935 3306 2009 [ἐγόγγυζον]
3338 1938 3393 1987 ἐν
3425 1937 3535 1996 τοῖς
3571 1929 3889 2001 σκοτώμα-

636 2014 846 2069 naculis
875 2018 988 2072 suis
1014 2037 1027 2072 :

2301 2046 2382 2083 σιν
2415 2027 2592 2082 αὐτῶν
2611 2044 2626 2060 ·

706 2150 782 2220 (a)
814 2152 919 2207 Kal
945 2153 1112 2209 deest.
2372 2161 2447 2231 (b)
2481 2160 2634 2216 Vers.
2662 2160 2729 2215 48
2755 2160 2993 2216 omissus
3014 2169 3095 2214 est
3122 2161 3190 2214 ab
3217 2161 3442 2230 antiquo
3477 2161 3781 2232 scriptore.

1764 2337 2135 2394 ATHANASII
2176 2339 2732 2396 INTERPRETATIO

705 2478 792 2533 58.
836 2477 901 2531 Et
931 2476 1173 2532 fecerunt
1199 2479 1300 2533 sibi
1336 2480 1469 2550 ipsis
1499 2495 1589 2533 cor
1616 2479 1877 2548 insipiens
1917 2481 1971 2532 in
2004 2479 2202 2533 mentis

2367 2478 2453 2533 58.
2492 2479 2599 2532 Καὶ
2629 2478 2889 2549 ἐποίησαν
2922 2478 3132 2541 ἑαυτοῖς
3161 2476 3416 2530 ἀσύνετον
3461 2478 3686 2550 καρδίαν
3726 2482 3790 2533 ἐν
3821 2485 3887 2551 τῇ

636 2585 748 2624 sua:
776 2569 1156 2624 obcmcatione.
1203 2568 1406 2625 Choreb
1435 2573 1580 2626 enim
1610 2573 1998 2641 interpretatur
2027 2575 2201 2626 exsic-

2303 2569 2543 2638 πηρώσει
2570 2569 2667 2638 τῆς
2691 2569 2925 2631 διανοίας
2955 2568 3154 2622 αὐτῶν.
3194 2567 3404 2636 Χωρὴϐ
3429 2570 3536 2638 γὰρ
3571 2572 3890 2641 ἑρμηνεύε-

635 2663 791 2720 catio.
826 2663 1002 2732 qualis
1031 2673 1115 2718 cst
1139 2666 1379 2719 caecitas.

2298 2677 2384 2712 ται
2419 2660 2746 2728 ξηριισμὸς,
2780 2661 2914 2730 ὅπερ
2950 2661 3062 2711 ἐστὶ
3095 2661 3358 2730 πήρωσις.

704 2753 790 2806 59.
853 2752 917 2806 Et
946 2755 996 2806 in
1026 2755 1338 2808 servitutem
1371 2755 1574 2809 redacti
1607 2765 1734 2808 sunt
1767 2772 1797 2809 a
1830 2766 2068 2825 peccato.

1784 2773 1797 2809 ι
1830 2766 2068 2825 peccat",
2370 2752 2456 2804 50.
2482 2752 2590 2803 Kal
2617 2749 2985 2819 ἐδουλώθησαν
3017 2753 3081 2820 τῇ
3110 2751 3371 2822 ἁμαρτίᾳ.

703 2844 788 2898 40.
831 2842 895 2898 Ει
923 2847 1148 2914 gloriam
1181 2847 1502 2909 intellectus,
1547 2865 1705 2918 quem
1750 2851 1895 2904 dedit
1925 2852 2003 2905 eis
2037 2850 2196 2913 Deus,
2227 2877 2269 2935 ο

2374 2841 2458 2894 40.
2491 2843 2595 2894 Καὶ
2628 2844 2725 2911 τὴν
2772 2843 2846 2911 (Ι)
2895 2842 3050 2905 δόξαν
3091 2843 3190 2911 τῆς
3224 2843 3524 2906 συνέσεως,
3563 2837 3630 2914 ἧς
3675 2842 3889 2896 ἔδωκεν

638 2945 1133 2990 transmutaverunt
1171 2941 1222 2992 in
1269 2949 1501 2994 mentem
1538 2942 1846 3010 reprobam.

2239 2932 2258 2935 ⁷
2304 2933 2482 2996 αὐτοῖς
2508 2936 2535 2985 6
2563 2932 2711 2996 Θεὸς,
2739 2932 3029 3003 μετέϐαλον
3058 2936 3136 2996 εἰς
3163 2934 3414 3002 ἀδόκιμον
3445 2934 3585 2988 νοῦν.

707 3029 793 3084 41.
831 3029 895 3083 Et
944 3031 1229 3085 assimilati
1305 3042 1431 3085 sunt
1477 3034 1726 3100 jumento
1786 3034 2081 3102 insipienti,
2149 3045 2198 3090 et

2373 3025 2458 3077 41.
2503 3026 2609 3078 Kal
2644 3024 3002 3098 ὼμοιὼθησαν
3029 3027 3214 3095 κτήνει
3248 3026 3512 3096 ἀσυνέτῳ,
3556 3028 3650 3079 καὶ
3683 3026 3888 3096 ὥσπερ

636 3122 1091 3188 quemadmodum
1129 3123 1258 3175 illud
1304 3122 1488 3176 fenum
1532 3124 1663 3184 edit,
1720 3125 1865 3193 quod
1917 3127 1969 3178 in
2025 3127 2200 3196 ignem

2303 3117 2483 3169 ἐκεῖνα
2529 3117 2718 3188 χόρτον
2747 3118 2912 3171 ἐσθίει
2951 3118 3041 3171 τὸν
3074 3119 3153 3181 εἰς
3179 3117 3239 3170 τὸ
3271 3117 3380 3188 πῦρ
3410 3117 3762 3188 βαλλόμενον,
3793 3120 3887 3171 οῦ-

638 3216 891 3274 mittitur.
940 3217 1011 3268 ita
1046 3224 1099 3269 et
1130 3215 1216 3269 isti
1267 3227 1546 3283 peccatum
1594 3219 1919 3286 suscipiunt,
1970 3220 2200 3287 quodin

2301 3225 2408 3270 τως
2450 3209 2542 3261 καὶ
2565 3205 2708 3260 οὗτοι
2733 3209 2831 3277 τὴν
2856 3209 3129 3280 ἁμαρτίαν
3162 3208 3636 3279 μεταλαμϐάνουσι
3667 3212 3777 3281 τὴν
3809 3215 3888 3275 εἰς

637 3305 1073 3360 combustionem
1111 3305 1416 3375 projicitur.

1290 3305 1416 3359 itur.
2304 3298 2496 3353 καῦσιν
2531 3299 2877 3369 βαλλομένην.

707 3398 795 3453 49..
837 3398 902 3452 Ει
941 3400 1091 3454 obliti
1125 3409 1250 3454 sunt
1284 3398 1621 3454 Salvatorem
1663 3398 1872 3453 mundi.

2373 3392 2461 3445 42.
2497 3393 2606 3444 Καὶ
2640 3390 2957 3444 ἐπελάθοντο
2988 3391 3081 3443 τοῦ
3105 3391 3353 3463 Σωτῆρος
3381 3390 3473 3444 τοῦ
3499 3392 3732 3461 κόσμου.

709 3494 795 3546 45.
845 3493 947 3557 Qui
980 3507 1172 3560 magna
1207 3491 1332 3545 fecit
1375 3493 1426 3544 in
1464 3492 1708 3547 tenebris
1755 3491 1979 3557 mundi;
2028 3489 2201 3561 digg-

2374 3483 2458 3537 45.
2506 3484 2611 3536 Τοῦ
2658 3487 2976 3556 ποιήσαντος
3030 3484 3239 3555 μεγαλα
3290 3485 3348 3536 ἐν
3408 3483 3483 3553 τῷ
3538 3486 3721 3537 σκότει
3791 3486 3888 3539 τοῦ

636 3595 755 3653 plus
782 3586 924 3637 enim
965 3584 1188 3638 tenebrae
1233 3585 1640 3654 interpretatur.

2304 3576 2526 3644 κόσμου.
2556 3576 2852 3645 Αἴγυπτος
2885 3578 2991 3648 γὰρ
3022 3579 3245 3642 σκότος
3279 3578 3638 3648 ἑρμηνεύεται
3668 3578 3775 3648 (2).

705 3674 792 3727 44.
831 3673 887 3727 In
932 3689 1202 3744 synagoga
1243 3673 1577 3729 Iudaeorum.
1613 3674 1779 3729 Cham
1829 3677 1972 3730 enim
2022 3674 2203 3728 audax

2373 3665 2460 3717 44.
2514 3666 2601 3717 Ἐν
2650 3669 2715 3737 τῇ
2768 3669 3055 3735 συναγωγῇ
3099 3666 3207 3718 τῶν
3262 3667 3550 3721 Ἰουδαίων.
3598 3667 3728 3735 Χὰμ
3775 3669 3886 3739 γὰρ

637 3765 1040 3836 interpretatur,
1075 3766 1254 3836 qualis
1301 3778 1385 3821 est
1415 3765 1728 3822 Judaeorum
1774 3769 2028 3836 populus.

2303 3759 2599 3827 τολμηρὸς
2634 3759 3014 3831 ἑρμηνεύεται,
3051 3761 3187 3830 ὅπερ
3217 3759 3362 3812 ἐστὶν
3390 3762 3418 3812 ὁ
3445 3760 3572 3822 λαὸς
3601 3760 3712 3813 τῶν
3753 3762 3885 3816 Ἰου-

2303 3849 2483 3903 δαίων.

704 3945 788 4000 45.
836 3943 1120 3999 Terribilia
1153 3945 1206 3998 in
1238 3947 1440 4001 mundo
1480 3946 1812 4017 iniquitatis.

2375 3943 2463 3996 45.
2491 3942 2696 4014 Φοόερὰ
2723 3945 2779 3997 ἐν
2811 3943 2886 4014 τῷ
2917 3943 3105 4014 κόσμῳ
3131 3944 3233 4014 τῆς
3258 3942 3484 4016 ἀνομίας

704 4037 792 4092 46.
833 4036 898 4089 Ει
932 4038 1067 4091 dixit
1095 4038 1266 4102 Pater,
1293 4049 1351 4093 ut
1383 4039 1720 4108 disperderet
1743 4054 1853 4091 eos.

2374 4037 2460 4091 46.
2495 4039 2603 4090 Καὶ
2639 4034 2790 4091 εἶπεν
2832 4040 2859 4091 6
2889 4037 3078 4108 Πατὴρ
3109 4037 3203 4090 τοῦ
3239 4037 3618 4108 ἐξολοθρεῦσαι
3660 4036 3883 4100 αὐτούς.

704 4130 793 4195 47,
832 4129 920 4184 48.
961 4129 1078 4185 Nisi
1123 4130 1293 4187 Filius
1359 4132 1478 4201 ejus
1529 4135 1767 4187 stetisset
1815 4133 1870 4184 in
1919 4147 2079 4186 cruce
2122 4131 2202 4185 di-

2376 4132 2464 4193 47,
2507 4132 2595 4185 48.
2651 4133 2712 4183 El
2758 4131 2831 4201 μὴ
2878 4133 2905 4184 ό
2952 4132 3077 4194 Υἱὸς
3127 4132 3293 4184 αὑτοῦ
3348 4132 3477 4199 ἔστη
3526 4131 3600 4199 (5)
3648 4133 3743 4184 ἐπὶ
3793 4133 3885 4186 τοῦ

637 4236 764 4276 cens
792 4240 804 4275 :
842 4221 1030 4286 Pater,
1060 4223 1270 4277 dimitte
1300 4223 1431 4289 illis,
1465 4239 1570 4276 non
1594 4224 1733 4277 enim
1768 4225 1942 4276 sciunt
1963 4224 2091 4294 quid
2122 4224 2205 4293 fa—

2307 4223 2543 4295 Σταυροῦ
2573 4223 2744 4291 λέγων
2775 4241 2786 4253 ·
2821 4223 3011 4292 Πάτερ
3031 4267 3044 4289 ,
3087 4225 3236 4292 ἄφες
3266 4222 3502 4289 αὐτοῖς’
3533 4224 3607 4276 οὐ
3647 4224 3759 4293 γὰρ
3799 4226 3885 4276 οἵ·

633 4312 778 4364 ciunt
813 4311 877 4366 "'.

2298 4318 2438 4372 δασι
2469 4319 2526 4370 τι
2559 4316 2856 4370 ποιοῦσιν.

706 4402 794 4456 49.
839 4401 910 4457 Ut
937 4414 1204 4460 averteret
1247 4407 1382 4461 iram
1425 4406 1569 4479 ejus,
1604 4423 1671 4461 ne
1705 4407 2039 4476 disperderet
2086 4423 2202 4462 eos.

2368 4411 2457 4465 49.
2505 4410 2693 4472 Ὅπως
2744 4409 3058 4480 ἀποστρέψῃ
3101 4409 3192 4462 τὸν
3231 4408 3400 4480 Θυμδν
3448 4407 3614 4460 αὐτοῦ
3665 4407 3761 4460 τοῦ
3813 4407 3885 4478 μὴ

637 4493 842 4564 Moyses
870 4497 1014 4550 enim
1052 4500 1342 4568 assumptio
1383 4499 1792 4568 interpretatur,
1826 4498 1972 4568 quod
2001 4514 2204 4553 conve-

2300 4498 2674 4570 ἐξολοορεῦσαι
2703 4498 2918 4558 αὐτούς.
2949 4499 3211 4567 Μωυσῆς
3236 4501 3344 4569 γὰρ
3375 4499 3682 4566 ἀνάληψις
3714 4501 3887 4570 ἑρμη-

635 4589 717 4642 nit
744 4587 974 4645 Domino
1003 4601 1189 4648 nostro
1215 4592 1366 4662 Jesu,
1401 4596 1494 4665 qui
1527 4605 1843 4665 assumptus
1867 4601 1972 4650 est.

2300 4593 2536 4656 νεὺεται,
2558 4594 2695 4666 ὅπερ
2718 4595 2864 4647 ἐστὶν
2885 4597 2913 4647 6
2934 4593 3138 4666 Κύριος
3165 4593 3322 4666 ἡμῶν
3353 4593 3576 4665 Ἰησοῦς·
3603 4593 3883 4664 ἀνελήφθη

2302 4689 2428 4755 γάρ.

709 4761 796 4816 50.
838 4764 1117 4836 Deiparam
1159 4766 1381 4823 Mariam
1414 4770 1632 4839 injuriis
1668 4769 1987 4835 allicientes,
2018 4779 2072 4824 et
2101 4767 2204 4823 Do~

2302 4705 2373 4742 να
2416 4729 2428 4740 .

2314 4733 2325 4755 ⁸
2494 4778 2605 4848 Τὴν
2635 4777 2894 4832 Θεοτόκον
2924 4777 3141 4849 Μαρίαν
3167 4773 3546 4840 ὀνειδίζοντες,
3579 4776 3658 4847 τῷ
3694 4776 3884 4848 Κυρίῳ

639 4859 787 4912 mino
817 4859 883 4913 de
919 4859 1033 4928 ipsa
1066 4861 1308 4916 dicentes
1353 4881 1366 4917 :
1420 4861 1532 4916 Nos
1565 4878 1630 4916 ea:
1685 4862 2038 4932 fornicatione
2092 4862 2208 4915 nati

2304 4871 2431 4942 περὶ
2477 4872 2643 4942 αὐτῆς
2680 4870 2773 4924 καὶ
2806 4869 3086 4938 λέγοντες·
3140 4867 3327 4938 Ἡμεῖς
3369 4869 3437 4921 ἐκ
3486 4869 3774 4935 πορνείας
3811 4869 3882 4920 οὐ

637 4966 738 5001 mm
755 4966 933 5004 sumus
949 4952 1012 5006 ".

2304 4961 2722 5030 γεγεννήμεθα.

711 5038 796 5090 51.
836 5036 952 5092 Νοιι
984 5041 1354 5106 crediderunt,
1385 5044 1526 5113 quod
1573 5044 1744 5100 Filius
1779 5046 1868 5099 Dei
1899 5053 2065 5100 esset.

2375 5055 2463 5107 51.
2491 5055 2603 5106 Οὐκ
2625 5053 2966 5115 ἐπίστευσαν,
2991 5054 3072 5105 ὅτι
3100 5054 3129 5105 6
3159 5053 3282 5114 Υἱός
3311 5053 3425 5105 ἐστι
3454 5051 3548 5104 τοῦ
3582 5050 3741 5104 Θεοῦ.

710 5128 796 5185 52.
846 5127 1317 5188 Murmuraverunt
1348 5135 1401 5188 in
1444 5151 1500 5190 se
1536 5138 1667 5207 ipsis
1693 5137 1974 5193 dicentes:
2017 5136 2203 5192 Nonne

2370 5145 2458 5198 52.
2500 5144 2825 5212 Ἐγόγγυζον
2858 5144 2979 5197 καθ’
3007 5146 3228 5208 ἑαυτοὺς
3261 5145 3540 5214 λέγοντεςο
3573 5137 3877 5214 Οὐχοῦτός

640 5221 722 5272 hic
770 5232 845 5274 est
895 5224 1035 5291 fabri
1081 5225 1226 5294 ﬁlius
1278 5228 1371 5281 ³⁸7

2301 5237 2468 5289 ἐστιν
2497 5239 2528 5290 ὀ
2558 5234 2663 5288 τοῦ
2695 5235 2970 5300 τέκτονος
3009 5237 3171 5301 vide;

736 5353 758 5382 ⁸
786 5352 916 5416 Luc.
944 5373 1096 5423 χχιιι,
1143 5358 1231 5413 54.
1315 5361 1358 5392 ¹⁹
1411 5361 1573 5418 Joan.
1608 5380 1698 5418 vm
1725 5406 1739 5424 .
1768 5366 1851 5418 41.
1939 5367 1983 5397 ⁸ο
2034 5365 2224 5422 Matth.
2259 5385 2323 5421 χιι

1411 5361 1573 5418 Joan.
1608 5380 1698 5418 vm
1725 5406 1739 5424 .
1768 5366 1851 5418 41.
1939 5367 1983 5397 ⁸ο
2034 5365 2224 5422 Matth.
2259 5384 2392 5433 χιιι,
2568 5366 2724 5422 Joan.
2763 5383 2847 5430 γι,
2885 5367 2970 5420 42.

1594 5531 1896 5593 Addenda
1929 5542 1983 5591 et
2021 5535 2391 5614 corrigenda
2422 5551 2497 5593 ex
2537 5533 2674 5592 cod.
2725 5531 2922 5591 \‘atic.

720 5668 807 5750 (1.)Δ
953 5670 1037 5750 4οζ
1097 5674 1202 5725 Kal
1249 5677 1342 5743 τήν
1432 5688 1556 5743 ctc.,
1605 5695 1774 5750 usque
1823 5679 1887 5734 ad
1936 5679 2196 5750 ἁσδνὲτῳ.

1609 5695 1774 5750 usque
1823 5679 1887 5734 ad
1936 5679 2196 5750 ἁσδνὲτῳ.
2381 5677 2456 5750 (2)
2496 5675 2880 5750 Ἐρμηνεύεται
2917 5672 3196 5750 σκότωσις.

654 5736 696 5791 Ν
752 5739 835 5792 41.
869 5741 973 5793 Καὶ
1005 5742 1208 5816 ὥσπερ,
1235 5736 1334 5801 etc.
1546 5736 1555 5743 ’
1687 5736 1701 5750 ⁸
2151 5736 2161 5750 ’

1546 5736 1555 5743 1
1687 5736 1701 5750 ⁸
2151 5736 2161 5750 ’
2389 5736 2466 5816 (5)
2497 5736 2676 5812 "Earl;
2710 5763 2811 5799 non
2851 5746 3061 5813 legitur.
