4018 6456
202 397 333 452 Mil
1131 392 1217 447 DE
1256 394 1529 452 TITULIS
1564 394 2015 453 PSALMORUM.
2054 428 2121 439 -—
2157 397 2353 455 PSAL.
2400 397 2536 455 CVI.
3307 409 3447 464 Hii.

260 498 349 555 88.
386 500 675 564 Πλεονάκις
709 500 974 573 ὲρῤύσατο
1001 504 1217 583 αὐτούς·
1800 516 1845 573 Α

1072 506 1217 568 τοῦς·
1800 516 1845 573 Α
1944 510 2031 565 88.
2062 509 2213 581 Saepe
2245 512 2493 567 liberavit
2519 529 2615 568 eos
2646 556 2657 569 .

261 590 351 644 89.
413 592 575 644 Αὐτοὶ
621 591 677 645 δέ
727 595 1143 665 παρεπίκραναν
1189 600 1350 652 αὑτὸν
1403 614 1459 652 εν
1488 617 1554 670 τῃ
1607 603 1769 672 βουλῇ

1947 601 2032 655 89.
2068 602 2174 673 Ipsi
2224 613 2404 659 autem
2455 607 2915 664 exacerbaverunt
2954 625 3080 666 eum
3127 610 3183 667 in
3214 614 3447 671 consilio

194 683 370 742 ιὺτῶν
386 702 399 715 ·

1876 709 1977 749 δυο
2003 713 2015 748 ε

261 776 351 828 90.
381 775 484 829 Kal
508 774 948 847 ἐταπεινώθησαν
979 778 1037 831 ἐν
1064 782 1182 841 ταῖς
1209 781 1461 849 ἀνομίαις
1494 782 1697 835 αὐτῶν.

1657 800 1697 835 ι.
1946 786 2034 839 90.
2068 784 2131 840 Et
2157 786 2423 842 liumiliati
2458 798 2585 844 sunt
2613 792 2665 846 in
2702 792 3081 863 iniquitatibus
3108 797 3244 851 suis.

261 869 352 924 91.
382 869 483 923 Kal
503 865 609 923 εἶδε
641 870 842 941 Κύριος
868 872 925 924 ἐν
952 870 1028 941 τῷ
1060 870 1334 926 θλίϐεσθαι
1382 874 1597 936 αὐτούς·

1945 880 2032 933 91.
2065 880 2126 935 Et
2163 881 2289 935 vidit
2323 882 2601 946 Dominus,
2629 901 2753 939 cum
2786 888 2884 956 ipsi
2916 891 3341 948 triliularentur:

261 961 353 1018 92.
395 964 481 1016 Ἐν
506 962 581 1033 τῷ
618 964 779 1017 αὑτὸν
810 964 1123 1021 εἰσακοῦσαι
1152 966 1251 1033 τῆς
1272 966 1507 1037 δεήσεως
1531 968 1731 1022 αὐτῶν.

1345 968 1507 1037 ήσεως
1531 968 1731 1022 αὐτῶν.
1943 972 2030 1027 9Ξ.
2062 974 2125 1029 Et
2164 976 2366 1030 audivit
2395 980 2694 1033 orationem
2724 996 2932 1035 eorum.

262 1054 351 1109 95.
390 1053 491 1107 Kal
520 1054 760 1126 ἐμνήσθη
787 1055 885 1125 τῆς
913 1056 1177 1128 διαθήκης
1211 1059 1396 1111 αὑτοῦ·

1944 1068 2031 1121 95.
2072 1067 2137 1122 Et
2168 1084 2375 1123 memor
2402 1068 2505 1124 fuit
2536 1074 2839 1126 testamenti
2868 1075 2951 1127 sui
2981 1093 2992 1128 :

262 1146 352 1201 96.
390 1144 492 1200 Kal
517 1147 853 1218 μετεμελήθη
886 1148 1026 1202 κατὰ
1067 1150 1127 1202 τὸ
1179 1150 1383 1221 πλῆθος
1429 1151 1520 1203 τοῦ
1581 1152 1764 1216 ἐλέους

1941 1158 2029 1212 94.
2087 1158 2152 1212 Et
2197 1160 2451 1229 paenituit
2508 1177 2632 1216 eum
2689 1165 2986 1218 secundum
3036 1166 3436 1226 multitudinem

186 1237 382 1293 αὑτοῦ.

1871 1250 2257 1306 ηιίδθτίροιιιιίιε
2292 1269 2422 1307 suae.

262 1333 350 1387 95.
384 1332 487 1387 Kal
515 1332 711 1387 ἔδωκεν
738 1333 933 1395 αὐτοὺς
955 1334 1034 1397 είς
1066 1336 1401 1407 οἰκτιρμοὺς,

1387 1376 1401 1399 ,
1937 1340 2026 1394 95.
2064 1339 2127 1394 Et
2158 1342 2305 1396 dedit
2332 1358 2427 1398 eos
2457 1345 2510 1398 in
2545 1346 2967 1414 misericordias,

261 1425 351 1479 96.
415 1425 683 1479 Ἐναντίον
746 1426 960 1479 πάντων
1031 1427 1138 1481 τῶν
1208 1429 1764 1499 αἰχμαλωτευσάντων

1706 1450 1764 1486 ον
1940 1431 2028 1487 96.
2060 1432 2116 1487 1η
2152 1448 2447 1506 conspectu
2479 1440 2744 1506 omnium,
2782 1443 2874 1512 qui
2905 1455 3153 1513 ceperant
3179 1462 3293 1505 eos.

183 1517 406 1580 αὐτούς.

259 1610 349 1665 97.
377 1611 555 1663 Σῶσον
582 1611 748 1681 ἡμᾶς,
778 1609 941 1682 Κύριε
971 1613 997 1663 6
1029 1611 1159 1675 Θεὸς
1183 1614 1336 1683 ἡμῶν
1372 1629 1385 1645 ·

1941 1612 2029 1668 97.
2065 1611 2254 1670 Salvos
2281 1632 2377 1671 nos
2409 1616 2512 1681 fac,
2550 1618 2777 1676 Domine
2815 1621 2955 1678 Deus
2988 1636 3204 1684 noster:

262 1706 352 1759 98.
390 1706 498 1757 Kal
532 1706 898 1774 ἐπισυνάγαγε
934 1708 1079 1776 ἡμᾶς
1102 1708 1164 1759 ἐκ
1199 1707 1305 1760 τῶν
1338 1708 1508 1761 ἐθνῶν
1533 1724 1547 1739 ο

1437 1708 1508 1761 ῶν
1533 1724 1547 1739 ο
1935 1706 2024 1760 98.
2058 1706 2123 1761 Et
2151 1725 2416 1779 congrega
2444 1727 2545 1766 nos
2574 1714 2641 1767 de
2676 1715 2983 1771 nationibus
3011 1736 3024 1772 :

261 1800 349 1854 99.
378 1798 482 1850 Τοῦ
502 1796 993 1869 ἐξομολογήσασθαι
1021 1799 1098 1869 τῷ
1125 1799 1346 1870 ὀνόματί
1373 1817 1463 1852 σου
1494 1799 1571 1871 τῷ
1593 1801 1753 1872 ἁγίῳ·

1534 1799 1753 1872 ῷὰγίῳ·
1936 1796 2024 1851 99.
2060 1796 2125 1851 Ut
2151 1800 2506 1855 contiteamur
2533 1806 2735 1858 nomini
2760 1816 2951 1863 sancto
2991 1818 3121 1865 tuo:

262 1888 384 1943 100.
420 1890 525 1943 Τοῦ
551 1891 919 1961 ἐγκαυχᾶσθαι
948 1893 1004 1944 ἐν
1023 1894 1086 1962 τῇ
1112 1893 1311 1944 αἰνέσει
1345 1909 1457 1946 σου.
1786 1876 1833 1935 Β

1298 1910 1311 1944 ι
1345 1909 1457 1946 σου.
1786 1876 1833 1935 Β
1930 1889 2051 1956 100.
2087 1892 2149 1943 Et
2173 1892 2465 1960 gloriemur
2490 1895 2546 1948 in
2587 1896 2743 1952 laude
2770 1909 2882 1953 tua.

260 1980 381 2035 101.
418 1982 719 2052 Εὐλογητὸς
767 1982 1019 2054 Κύριοςὸ
1050 1982 1181 2044 Θεὸς
1222 1982 1468 2053 Ἰσραήλ·

1930 1984 2051 2037 101.
2075 1982 2396 2041 Benedictus
2427 1986 2686 2044 Dominus
2717 1990 2859 2046 Deus
2884 1992 3046 2048 Israel
3073 2015 3086 2050 :

257 2071 381 2125 102.
420 2072 550 2125 Ἀπὸ
570 2072 662 2125 τοῦ
685 2073 875 2136 αίῶνος
902 2074 996 2125 καὶ
1026 2073 1129 2133 ἕως
1152 2070 1244 2123 τοῦ
1273 2073 1488 2134 αἰῶνος.

1481 2113 1488 2126 .
1930 2076 2050 2129 109.
2085 2076 2127 2126 Α
2154 2077 2373 2141 saeculo,
2407 2086 2461 2131 et
2498 2095 2668 2148 usque
2707 2081 2757 2133 iu
2788 2085 3068 2137 saeculum.

256 2161 378 2217 103.
410 2164 519 2217 Kal
558 2167 671 2235 ἐρεῖ
700 2166 804 2228 πᾶς
837 2165 865 2214 6
896 2164 1019 2225 λαός
1040 2182 1052 2193 ·
1087 2163 1318 2225 Γένοιτο,
1349 2164 1577 2231 γένοιτο.

1575 2209 1577 2217 ,
1929 2168 2049 2221 105.
2084 2166 2146 2221 Et
2176 2168 2317 2224 dicet
2349 2173 2529 2225 omnis
2568 2174 2799 2241 p0pulus
2828 2194 2839 2228 :
2878 2174 3013 2243 Fiat,
3050 2180 3162 2234 liat.

575 2281 947 2347 Ἁλληλούῖα.
1005 2282 1175 2334 ΨΑΑ.
1226 2282 1364 2347 pq".

2293 2284 2545 2341 Alleluia.
2592 2287 2796 2344 PSAL.
2833 2291 2983 2347 CVI.

250 2370 305 2425 1.
349 2370 781 2442 Ἐξομολογεῖσθε
815 2372 891 2443 τῷ
918 2373 1125 2445 Κυρίῳ,
1161 2375 1243 2426 ὅτι
1274 2373 1509 2445 χρηστός
1532 2388 1547 2405 ο

1532 2388 1547 2405 ο
1929 2374 1979 2426 1.
2009 2374 2355 2433 Conﬁtemini
2393 2379 2644 2448 Domino,
2677 2387 2934 2454 quoniam
2965 2389 3105 2443 bonv

1294 2550 1662 2606 ATHANASII
1720 2550 2300 2611 INTERPRETATIO.

248 2709 335 2764 88.
374 2710 640 2776 Πολλάκις
675 2727 1048 2781 συνεχωρησεν
1077 2710 1295 2773 αὐτούς.

1103 2710 1295 2773 ιὺτούς.
1923 2708 2013 2765 88.
2047 2711 2200 2783 Saepe
2227 2713 2555 2770 condonavit
2591 2716 2690 2771 eis.

247 2801 331 2857 89.
382 2804 543 2857 Αὐτοὶ
595 2804 650 2857 δὲ
701 2803 1047 2876 παρώργιζον
1098 2804 1259 2858 αὑτὸν
1310 2806 1367 2858 ἐν
1410 2808 1478 2876 τῇ
1530 2804 1759 2879 ἀπιστίᾳ

1923 2800 2011 2855 89.
2043 2802 2149 2873 Ipsi
2203 2816 2385 2861 autem
2437 2809 2789 2863 irritaverant
2838 2825 2964 2867 cum
3005 2813 3061 2870 in
3110 2817 3422 2882 inlidentate

171 2895 375 2950 αὐτῶν.
1850 2905 1972 2947 sua.

246 2988 337 3043 90.
372 2987 471 3043 Kal
500 2986 874 3060 κατενόησάν
898 3006 1042 3052 τινες
1071 2988 1274 3043 αὐτῶν.

1921 2989 2009 3045 90.
2050 2988 2113 3042 Et
2141 2988 2306 3058 aliqui
2335 3003 2522 3043 eorum
2551 2994 2863 3061 compuncti
2897 3006 3042 3052 sunt.

244 3079 331 3134 91.
370 3078 506 3142 Τοὺς
534 3080 609 3149 (1)
641 3079 1008 3149 λυπουμένους
1035 3080 1233 3135 αὐτῶν.
1776 3111 1821 3173 c

1007 3080 1233 3135 αὐτῶν.
1776 3111 1821 3173 c
1921 3080 2009 3137 91.
2045 3080 2194 3150 Ipsos
2219 3082 2594 3137 contristatos.

242 3169 328 3222 92.
358 3167 461 3222 Kal
517 3170 783 3243 δεομένων
830 3170 1008 3224 αὐτῶν
1052 3171 1187 3243 πρὸς
1221 3172 1382 3226 αὑτὸν
1431 3176 1751 3250 είσήκονσεν
1785 3167 1820 3173 ν

1785 3167 1820 3173 ⁷
1926 3174 2015 3231 92.
2050 3174 2117 3229 Et
2144 3175 2557 3230 deprecantibus
2588 3175 2719 3245 ipsis
2747 3177 2917 3243 illum,
2946 3181 3219 3242 exaudivit
3250 3203 3361 3244 eos.

168 3261 370 3315 αὐτῶν.

240 3352 327 3408 93.
352 3353 457 3409 Kal
476 3357 741 3430 ἐμνήσθη,
776 3360 856 3412 ὅτι
911 3360 1006 3413 xal
1037 3360 1189 3415 αὐτοὶ
1236 3361 1456 3434 σπέρμα
1500 3364 1747 3437 Ἀϐρααμ

1925 3391 2011 3445 95.
2046 3388 2113 3444 Ει
2139 3389 2455 3446 recordatus
2482 3402 2586 3459 est,
2626 3397 2771 3466 quod
2802 3408 2850 3453 et
2882 3400 2984 3471 ipsi
3029 3421 3216 3467 semen
3247 3414 3421 3472 Abra-

161 3446 295 3500 εισι.

236 3540 324 3595 94.
357 3539 458 3593 Kal
480 3541 897 3615 ἐσπλαγχνίσθη.

235 3633 323 3687 95.
360 3632 461 3685 Kal
484 3633 680 3687 ἔδωκεν
710 3638 903 3701 αὐτοὺς
933 3638 1012 3700 είς
1049 3639 1340 3709 ἐπίγνωσιν
1364 3641 1545 3707 ἐλέους
1573 3643 1669 3712 (2).

235 3726 321 3781 96.
358 3724 457 3778 Kal
496 3727 864 3783 ἐναντιοῦσθαι
918 3733 1032 3795 τοῖς
1060 3732 1277 3804 δαίμοσι
1329 3738 1438 3799 τοῖς
1466 3738 1743 3808 αἰχμαλω-

156 3819 415 3872 τεύσασιν
448 3820 662 3883 αὐτούς.

230 3911 318 3965 97.
350 3912 449 3965 Kal
477 3914 571 3966 τοῦ
605 3914 729 3985 βοᾷν
758 3917 893 3987 πρὸς
918 3915 1078 3968 αὑτὸν
1106 3916 1191 3971 διὰ
1218 3918 1310 3972 τοῦ
1344 3918 1735 3994 βαπτίσματος·

155 4000 325 4073 Κύριε
351 4006 378 4056 6
406 4005 535 4068 Θεὸς
567 4006 740 4076 ἡμῶν.

1854 3482 1980 3537 bam
2009 3490 2156 3535 sunt.

1923 3574 2009 3627 94.
2048 3573 2110 3629 Ει
2144 3575 2398 3634 misertus
2420 3589 2521 3635 est.

1922 3664 2011 3721 95.
2045 3667 2109 3720 Et
2136 3669 2283 3722 dedit
2309 3686 2405 3727 eos
2436 3671 2491 3727 in
2523 3674 2886 3746 cegnitionem
2922 3684 3324 3748 misericordiae.

1920 3758 2008 3813 96.
2042 3758 2101 3813 Et
2138 3776 2438 3831 repugnare
2469 3762 2804 3823 daemonibus
2835 3759 3201 3845 redigentibus
3235 3799 3328 3841 cos
3359 3788 3413 3843 in

1848 3852 2236 3921 captivitatem.

1918 3944 2006 3998 97.
2045 3942 2107 3998 Et
2135 3944 2373 4000 clamare
2408 3946 2476 4001 ad
2505 3962 2629 4003 eum
2664 3967 2760 4022 per
2786 3953 3113 4027 baptismum
3145 3980 3159 4018 :
3188 3964 3414 4026 Domine

1846 4030 1989 4087 Deus
2024 4042 2225 4087 noster.

226 4094 315 4150 98.
363 4097 454 4149 Ἐκ
487 4097 561 4166 (ἦ)
596 4098 701 4151 τῶν
734 4102 989 4155 ἐναντίων
1019 4102 1324 4175 δυνάμεων.

1249 4122 1324 4158 υνο
1913 4124 2003 4178 98.
2036 4123 2113 4178 Ex
2141 4127 2430 4183 contrariis
2458 4134 2836 4200 potestatibus.

225 4184 314 4240 99.
351 4186 458 4249 Τὰς
481 4190 751 4259 ἁμαρτίας
778 4191 955 4261 ήμῶν.

908 4210 955 4247 ν·
1914 4217 2000 4272 99.
2034 4216 2260 4274 Peccata
2290 4184 2495 4276 nostra.

226 4277 351 4332 100.
398 4280 482 4331 Ἐν
518 4282 591 4351 (4)
622 4286 732 4344 τοῖς
757 4284 1139 4354 προστάγμασι
1177 4304 1296 4341 σου.

1006 4284 1139 4382 Itali“
1177 4304 1296 4382 σο-υο
1337 4379 1349 4382 _
1914 4309 2033 4364 100.
2064 4309 2119 4364 In
2151 4314 2431 4382 praeceptis
2462 4314 2585 4369 tuis.

226 4367 348 4420 101.
383 4369 683 4439 Εὐλογητὸς
714 4373 915 4443 Κύριος
942 4378 971 4427 ὀ
1016 4375 1148 4439 Θεὸς
1181 4378 1289 4431 τῶν
1329 4379 1579 4435 διανοιων
1615 4382 1725 4436 τῶν

226 4455 550 4482 -3...-.'..._-.-.
592 4477 642 4482 _-
695 4462 763 4482 τ-
808 4464 936 4482 μοι.
1004 4460 1027 4482 γ
1077 4468 1118 4482 m
1157 4467 1181 4477 ~
1324 4470 1334 4482 .
1431 4474 1442 4482 .
1649 4475 1659 4482 .

1910 4401 2030 4455 101.
2069 4367 2388 4459 Benedictits
2415 4367 2702 4464 Dominus
2752 4410 2893 4468 Deus
2939 4420 3196 4476 mentium
3233 4429 3408 4482 conli-

146 4455 551 4524 ὁμολογούντων
588 4477 667 4523 σε,
692 4462 770 4514 ὄτι
807 4464 939 4527 Θεὸς
974 4460 1042 4519 εἴ.
1077 4467 1248 4521 Τοῦτο
1277 4470 1385 4543 γὰρ
1425 4474 1723 4546 ἑρμηνεύε-

146 4558 236 4583 tn:
286 4548 491 4583 "Rha-‘1!)
558 4552 702 4583 μηδ-
736 4553 889 4583 Ant...
915 4556 1022 4583 -.ιη
1056 4557 1125 4583 Im
1160 4562 1305 4583 0-1--

2124 4455 2131 4456 ,
2195 4455 2237 4457 γε
2281 4455 2384 4459 -.τκ-
2437 4455 2702 4464 -ννν--η-ν
2752 4455 2893 4468 -ννυυ
2939 4455 3196 4476 nubi-IIII!"
3233 4455 3408 4482 υυιιιι·

1832 4493 2055 4545 tentium
2121 4502 2171 4546 te
2236 4491 2406 4548 Deum
2471 4512 2612 4554 esse.
2666 4503 2738 4555 Ita
2801 4507 2945 4561 enim
3024 4508 3408 4583 interpretatur

144 4558 240 4600 ται
286 4548 520 4620 Ἰσραὴλ,
558 4552 702 4618 νοῦς
733 4553 889 4622 ὀρῶν
915 4556 1022 4610 τὸν
1054 4557 1127 4626 (5)
1158 4562 1324 4617 Θεόν.

1054 4557 1127 4626 (5)
1158 4562 1324 4617 Θεόνο
1836 4580 2020 4645 lsrael,
2050 4599 2191 4636 mens
2224 4585 2402 4639 videns

222 4637 343 4693 102.
398 4642 528 4695 Ἀπὸ
548 4644 639 4697 τοῦ
671 4647 863 4709 αίῶνος
894 4650 987 4702 καὶ
1021 4654 1099 4713 είς
1127 4653 1215 4704 τὸν
1250 4655 1529 4724 μέλλοντα.

1518 4696 1529 4710 .
1905 4637 2028 4725 102⁷.
2060 4673 2105 4724 Α
2135 4679 2384 4743 praesenti
2417 4681 2638 4748 saeculo,
2669 4695 2721 4738 et
2754 4685 2808 4739 in
2844 4684 3105 4746 futurum.

222 4729 344 4786 105.
374 4734 484 4787 Καὶ
513 4737 619 4799 πᾶς
651 4740 679 4790 6
716 4737 842 4803 λαὸς
887 4740 996 4795 τῶν
1039 4745 1246 4797 πιστῶν
1280 4746 1425 4816 λέγει
1447 4765 1460 4779 ·
1507 4750 1679 4823 Ἀμήν
1708 4791 1723 4816 ,

148 4822 317 4895 ἁμήν.

1901 4763 2021 4818 103.
2050 4762 2114 4819 Et
2135 4729 2423 4824 iniivrersus
2465 4729 2701 4829 ﬁdelidm
2731 4729 3171 4848 populus-dign
3206 4789 3399 4856 Amen,

190 4842 317 4895 iniv-

1832 4870 2008 4908 amen.

156 4941 303 5088 08::
316 4944 644 5030 προκειμένη
672 4946 949 5023 ἐπιγραφὴ
976 4952 1237 5023 περιέχει·
1278 4954 1655 5028 numera,
1684 4962 1817 5036 ὅπερ
1842 4967 2223 5039 ἑρμηνεύεται,
2246 4970 2553 5041 αἱνέσατε,
2579 4980 2679 5033 καὶ
2696 4980 2771 5053 (6)
2789 4984 3101 5056 ὐμνήσατε
3125 4991 3230 5047 τὸν
3252 4994 3398 5051 ὄντα

217 5126 433 5183 Titulus
471 5134 792 5201 praepositus
818 5135 1060 5190 continet
1098 5155 1111 5191 :
1139 5138 1393 5208 Alleluia,
1445 5144 1588 5213 quod
1620 5145 2032 5218 interpretatur,
2084 5152 2327 5224 laudate,
2354 5166 2402 5212 et
2429 5159 2664 5217 eaaltate
2706 5181 2844 5230 eum,
2870 5174 2961 5238 qui
2985 5171 3122 5228 Deus
3145 5186 3243 5231 est.

214 5240 239 5297 1
292 5242 369 5315 (7)
392 5247 774 5317 Προσαγὰγετε
801 5250 900 5315 τὰς
925 5250 1099 5323 ψυχὰς
1127 5254 1279 5325 ὑμῶν
1302 5256 1377 5327 τῷ
1411 5258 1619 5330 Κυρίῳ.

1355 5256 1377 5327 gi
1411 5258 1619 5330 Κυρίῳ.
1902 5265 1951 5319 1.
1983 5265 2185 5323 Aﬂerte
2216 5270 2429 5328 animas
2459 5283 2665 5332 vestras
2695 5277 2942 5336 Domino.

1091 5388 1395 5456 Addenda
1420 5403 1487 5457 'et
1522 5396 1897 5476 corrigenda
1952 5416 2031 5459 ex
2064 5402 2202 5463 cod.
2240 5405 2441 5466 Vatic.

230 5502 283 5570 1)
314 5504 420 5559 Kal
444 5502 548 5559 εῐδε
573 5507 770 5581 Κύριος
796 5510 952 5575 τούς,
984 5522 1090 5568 etc.

229 5573 285 5647 ξ.)
314 5577 537 5630 Ἐλθεῖν.

1820 5523 1957 5647 καφ)
2004 5528 2069 5580 Ἠ
2104 5526 2192 5580 διὰ
2236 5530 2333 5599 τῆς
2369 5534 2741 5605 κινναϐάρεως
2781 5541 3045 5611 περιέχει,
3080 5552 3183 5601 etc.
3230 5546 3395 5610 Deest

225 5636 1087 5751 il5.3:ifziit’fzszfﬁsdeér»
1123 5667 1226 5712 ειε-
1804 5733 1812 5749 .

2086 5671 2135 5726 1.
2190 5672 2603 5744 Προσαγέιγετε,
2656 5695 2828 5749 usque
2864 5682 2928 5736 ad
2991 5685 3159 5741 ἐστιν.
3207 5687 3279 5743 Ν.
3332 5690 3392 5751 2.

310 5717 425 5800 Τοῦ
458 5713 826 5800 ἐγκαυχᾶσθαι
857 5713 918 5777 ἓν
963 5713 1084 5780 etc.
1804 5733 1818 5751 ¹

499 5713 826 5791 τκαυχᾶσθαι
857 5713 918 5777 ἓν
963 5713 1084 5780 ⁷(31.0.

201 5784 277 5853 l5)
310 5789 422 5842 Τόν
443 5784 615 5847 deest.
