4018 6490
140 439 290 498 1125
1044 433 1128 486 DE
1165 430 1441 485 TITULIS
1480 425 1929 483 PS.\LM()IlUM.
1971 455 2036 467 —-
2075 423 2278 480 PSAL.
2311 423 2444 480 CVI.
3237 426 3366 479 1126

221 551 305 604 19.
343 549 695 616 Καθημένους
732 544 788 596 ὲν
817 559 993 595 σκοτει
1021 545 1114 596 καὶ
1139 544 1265 595 exii
1291 541 1541 604 θανάτου,
1729 548 1772 598 Α

1729 548 1772 598 Α
1874 539 1955 592 l9.
1990 539 2245 592 Sedentes
2281 538 2331 590 in
2366 535 2601 591 tenebris
2634 544 2683 588 et
2719 535 2908 588 umbra
2945 534 3149 599 mortis.

213 640 305 694 20.
340 636 750 707 Πεπεδημένους
783 637 840 687 ὲν
872 635 1113 703 πτωχείᾳ
1141 635 1232 685 καὶ
1272 633 1493 702 σιδήρῳ.

1370 635 1493 702 ῇρῳ.
1879 630 1968 684 20.
2014 629 2232 683 Vinctos
2260 630 2313 682 in
2349 627 2690 683 mendicitate
2717 635 2769 679 et
2795 625 2957 680 ferro.

219 732 309 784 21.
337 731 457 782 Ὀτι
486 727 898 798 παρεπίκραναν
937 727 1004 778 τὰ
1037 726 1190 792 λόγια
1217 725 1308 778 τοῦ
1347 726 1480 779 Θεοῦ
1505 742 1514 753 ·

1444 726 1480 779 ,ὖ
1505 742 1514 753 ·
1881 719 1969 772 21.
1995 717 2132 784 Quia
2164 720 2623 773 exacerbaverunt
2646 717 2859 787 eloquia
2896 716 2989 772 Dei
3018 736 3031 771 :

217 821 308 875 22.
337 820 443 871 Kal
477 836 571 888 την
604 817 795 887 βουλὴν
826 817 914 870 τοῦ
953 816 1201 886 Ὑψίστου
1228 819 1569 886 παρώξυναν.

1470 835 1569 872 ραν.
1877 810 1965 864 22.
2000 809 2064 864 Et
2087 813 2372 866 consilium
2399 811 2660 866 Altissimi
2689 811 3057 864 irritaverunt.

213 910 304 963 25.
337 911 443 962 Kal
473 905 807 976 ἐταπεινώθη
829 909 886 959 ὲν
909 907 1093 968 κόποις
1123 908 1154 975 ή
1191 906 1383 976 καρδία
1410 908 1590 961 αὐτῶν
1612 922 1625 936 ·

1879 902 1948 955 25
2005 900 2068 954 Et
2117 901 2460 956 burniliatum
2494 913 2575 958 est
2608 902 2661 954 in
2705 901 2985 956 laboribus
3012 916 3106 956 cor
3138 897 3364 972 [anima]

1809 1006 1998 1046 eorum
2034 1010 2049 1044 ἓ

217 1091 306 1144 24.
356 1088 704 1156 Ἠσθένησαν,
738 1087 827 1138 καὶ
848 1087 946 1139 οὐκ
976 1081 1042 1156 ἦν
1073 1086 1101 1137 ὁ
1124 1085 1348 1156 βοηθῶν.

1879 1085 1968 1138 24.
2003 1084 2256 1139 lnlirmati
2291 1095 2437 1153 sunt,
2468 1102 2566 1142 nec
2592 1097 2709 1142 erat
2746 1087 2839 1157 qui
2877 1085 3171 1155 adiuvaret.

219 1182 309 1236 25.
339 1181 447 1234 Kal
479 1179 777 1242 ὲκέκοαξαν
812 1179 945 1248 πρὸς
985 1177 1187 1247 Κύριον
1232 1179 1288 1230 ὲν
1320 1177 1398 1247 τῷ
1437 1177 1711 1232 θλίϐεσθαι

1878 1177 1967 1231 25.
2018 1177 2082 1232 Et
2130 1179 2498 1234 clamaverunt
2540 1180 2607 1232 ad
2643 1179 2927 1234 Dominum
2975 1194 3100 1234 cum
3141 1179 3365 1232 tributa-

149 1273 351 1336 αὐτούς
370 1288 383 1302 ·

1810 1283 1995 1327 rentur
2022 1293 2034 1328 ζ

220 1363 309 1418 26.
338 1363 443 1415 Kal
476 1363 539 1415 ἐκ
564 1358 667 1412 τῶν
696 1357 947 1426 ἀναγκῶν
974 1357 1151 1411 αὐτῶν
1179 1355 1382 1411 ἔσωσεν
1413 1357 1628 1421 αὐτούς.

1879 1363 1969 1419 26.
1997 1364 2060 1419 Et
2084 1365 2150 1420 de
2174 1367 2582 1422 necessitatibus
2605 1382 2793 1422 eorum
2818 1367 3043 1423 salvavit
3070 1365 3361 1440 [liberavit]

1808 1468 1924 1509 COS.

221 1536 310 1589 27.
347 1537 452 1590 Kal
476 1535 738 1605 ἐξήγαγεν
765 1534 957 1596 αὐτοὺς
986 1535 1050 1587 ὲκ
1077 1531 1300 1598 σκάτους
1323 1531 1418 1587 καὶ
1442 1533 1597 1594 σκιᾶς
1619 1531 1712 1584 θα-

1876 1546 1964 1600 27.
2003 1546 2068 1601 Et
2099 1547 2285 1604 eduxit
2316 1563 2411 1605 eos
2447 1549 2513 1616 de
2542 1550 2778 1606 tenebris
2803 1560 2854 1605 et
2887 1549 3076 1604 umbra
3105 1549 3328 1603 mortis:

142 1645 313 1680 νατου
333 1644 346 1656 ⁸

214 1721 304 1776 28.
339 1720 445 1774 Kal
478 1719 599 1780 τοὺς
623 1717 854 1789 δεσμοὺς
884 1716 1066 1774 αὐτῶν
1092 1715 1397 1787 διέρρηξεν.

1232 1715 1397 1787 ⁵’τὶ-ξεν-
1879 1727 1969 1780 28.
2015 1727 2075 1781 Et
2109 1730 2318 1784 vincula
2348 1746 2536 1786 eorum
2572 1733 2819 1801 disrupit.

218 1813 307 1866 29.
349 1810 957 1880 Ἐξομολογησάσθωσαν
981 1809 1057 1881 τῷ
1079 1809 1265 1881 Κυρίῳ
1289 1807 1357 1862 τὰ
1378 1806 1500 1878 ὲλέη
1527 1805 1708 1868 αὑτοῦ,
1744 1885 1779 1893 ῃ

1612 1805 1708 1868 τοῦ,
1744 1885 1779 1893 _
1881 1818 1970 1871 29.
1999 1819 2369 1875 Confiteantur
2397 1821 2627 1877 Domino
2657 1823 3036 1878 misericordiae
3061 1822 3199 1893 ejus,

222 1903 311 1958 50.
347 1904 456 1954 Kal
485 1900 553 1952 τὰ
577 1900 849 1971 θαυμάσια
881 1900 1043 1954 αὐτοῦ
1070 1902 1182 1964 τοῖς
1215 1899 1347 1960 υἱοῖς
1377 1895 1483 1951 τῶν
1506 1895 1711 1967 ἀνθρώ-
1743 1885 1782 1938 Β

1397 1895 1483 1951 ῖῶν
1506 1895 1711 1967 ἀνθρώ-
1743 1885 1782 1938 Β
1879 1908 1948 1960 50
2000 1907 2063 1963 Ει
2090 1911 2356 1965 mirabilia
2385 1912 2500 1982 ejus
2529 1913 2653 1968 ﬁliis
2685 1915 2984 1966 hominum.

143 2005 267 2048 πων
278 2035 290 2048 .

216 2086 305 2140 51.
338 2086 459 2138 Ὀτι
490 2082 771 2155 συνέτριψε
798 2081 968 2143 πύλας
995 2079 1202 2151 χαλκᾶς
1222 2093 1243 2113 ο

1875 2085 1962 2140 51.
1997 2087 2132 2153 Quia
2166 2091 2419 2145 contrivit
2447 2102 2628 2160 portas
2654 2107 2828 2147 aereas
2853 2110 2865 2146 :

219 2177 308 2231 52.
344 2177 452 2230 Καὶ
488 2175 710 2247 μοχλοὺς
735 2174 985 2244 σιδηροῦς
1014 2171 1357 2225 συνέθλασεν.

1240 2187 1357 2225 σεν.
1875 2177 1962 2230 52.
2005 2178 2069 2232 Et
2103 2189 2282 2235 vectes
2316 2181 2519 2236 ferreos
2546 2181 2827 2251 confregit.

218 2271 310 2324 55.
350 2267 691 2323 Ἀντελάὅετο
724 2266 901 2318 αὐτῶν
928 2265 987 2330 ἐξ
1004 2264 1123 2318 ὁδοῦ
1152 2264 1378 2335 ἀνομίας
1406 2264 1583 2317 αὐτῶν

1562 2284 1583 2316 ν
1875 2268 1962 2322 53.
1998 2269 2243 2340 Suscepit
2273 2287 2367 2327 eos
2383 2273 2450 2327 de
2482 2273 2562 2326 via
2600 2274 2901 2341 iniquitatis
2922 2289 3108 2328 eorum
3141 2296 3149 2329 :

215 2364 306 2417 54.
339 2362 435 2415 Διὰ
462 2362 566 2433 γὰρ
594 2361 692 2423 τὰς
719 2359 944 2430 ἀνομίας
969 2355 1147 2410 αὐτῶν
1167 2355 1602 2427 ἐταπεινώθησαν

1885 2357 1975 2411 54.
2012 2357 2237 2430 Propter
2270 2362 2564 2432 injustitias
2594 2353 2736 2417 enim
2765 2378 2893 2418 suas
2927 2364 3190 2418 bumiliati
3214 2373 3356 2419 sunt.

216 2455 307 2507 55.
338 2455 449 2506 Πᾶν
485 2452 677 2523 βρῶμα
700 2451 1013 2516 ὲϐδελύξατο
1049 2450 1082 2521 ἠ
1110 2449 1255 2521 ψυχὴ
1286 2448 1464 2501 αὐτῶν
1491 2464 1503 2476 ⁸

1888 2449 1975 2503 55.
2010 2449 2234 2507 Omnem
2262 2469 2442 2508 escam
2473 2454 2777 2509 abominata
2807 2463 2885 2510 est
2921 2456 3100 2509 anima
3132 2467 3317 2510 eorum
3347 2499 3359 2510 .

217 2544 307 2596 56.
339 2543 445 2596 Καὶ
469 2543 701 2614 ἤγγισαν
721 2541 823 2605 ἓως
862 2540 968 2594 τῶν
997 2540 1178 2592 πυλῶν
1200 2535 1303 2592 τοῖ
1314 2537 1560 2592 Θανάτου.

1882 2541 1970 2596 36.
2036 2542 2099 2597 Ει
2171 2547 2734 2620 appropinquaverunt
2808 2563 2977 2624 usque
3040 2546 3105 2610 ad
3181 2556 3362 2626 portas

1817 2647 2029 2692 mortis.

1259 2762 1629 2818 ATHANASII
1672 2765 2254 2832 INTERPRETATIO.

219 2887 306 2942 19.
354 2885 817 2956 Ἐγκεκλεισμένοι
846 2883 920 2954 (ι)
954 2886 1009 2937 ὲν
1048 2887 1114 2954 τῇ
1153 2884 1392 2956 ἁμαρτία
1426 2883 1518 2936 τοῦ
1554 2885 1710 2940 θανά-

1232 2884 1392 2956 αρτία
1426 2883 1518 2936 τοῦ
1554 2885 1710 2940 θανά·
1884 2893 1970 2949 l9.
1999 2892 2238 2950 Inclusos
2269 2896 2320 2949 in
2355 2905 2580 2966 peccato
2611 2898 2819 2953 mortis.

143 2995 240 3032 του
252 3018 264 3031 .

214 3067 306 3122 20.
361 3068 758 3139 Ῥερημμένους
788 3062 1259 3135 [Πεπεδημένουν]
1290 3067 1347 3116 ὲν
1374 3065 1569 3135 θλίψει,
1611 3065 1706 3119 καὶ
1734 3102 1775 3158 c

1773 3105 1775 3152 ὲ
1877 3065 1966 3119 20.
1997 3066 2218 3121 Fractos
2243 3065 2627 3141 [compeditos]
2660 3067 3028 3136 tribulatione,
3073 3081 3126 3123 et
3173 3068 3360 3126 dolore

143 3157 309 3229 ὀδύνῃ
342 3157 554 3228 ίσχυρᾷ.

417 3157 554 3228 [υρᾷ.
1744 3155 1771 3158 ’
1813 3155 2004 3211 valido.

213 3249 308 3304 21.
345 3249 466 3301 Ὅτι
493 3247 705 3300 ἐναντία
725 3245 831 3300 τῶν
850 3247 1021 3315 λόγων
1049 3245 1138 3300 τοῦ
1165 3245 1298 3299 Θεοῦ
1350 3248 1706 3317 πεποιήκασι.

1879 3248 1969 3301 21.
2003 3247 2270 3312 Quoniam
2303 3251 2573 3304 contraria
2603 3249 2943 3304 sermonibus
2972 3248 3064 3304 Dei
3098 3251 3356 3305 fecerunt.

215 3341 307 3395 22.
336 3339 428 3412 Μὴ
459 3343 778 3410 ποιήσαντες
804 3338 865 3392 τὸ
889 3337 1098 3408 θέλημα
1125 3337 1309 3391 αὑτοῦ.

1879 3339 1968 3394 22.
1993 3338 2108 3394 Νοη
2137 3340 2397 3394 facientes
2423 3340 2754 3395 voluntatem
2794 3341 2932 3410 ejus.

215 3434 307 3488 25.
348 3431 640 3498 Ἐδουλώθη
662 3434 719 3485 ὲν
744 3433 982 3502 ἁμαρτία
1022 3432 1096 3500 (2)
1137 3432 1169 3501 ὴ
1195 3429 1388 3498 καρδία
1413 3429 1614 3482 αὐτῶν.

1566 3447 1614 3481 ν.
1879 3432 1967 3486 25.
2002 3432 2357 3503 Subjugatum
2384 3442 2466 3486 est
2492 3431 2545 3486 in
2576 3440 2793 3502 peccato
2822 3449 2914 3486 cor
2941 3447 3153 3496 eorum,

214 3524 308 3578 24.
344 3525 408 3574 Δί
446 3523 615 3592 ψυχαὶ
654 3521 829 3573 αὐτῶν
856 3519 1177 3588 ἡσθένησαν,
1219 3519 1313 3571 καὶ
1356 3519 1527 3580 οὐδεὶς
1561 3519 1710 3588 ἴσχυε

1880 3522 1968 3576 24.
2006 3521 2072 3575 Ει
2116 3523 2310 3575 animae
2359 3538 2547 3576 eorum
2597 3523 2880 3578 inﬁrmata
2936 3533 3080 3590 sunt,
3116 3532 3172 3578 et
3203 3537 3360 3577 nemo

145 3619 414 3690 βοηθῆσαι
443 3620 644 3679 αὐτοῖς.

1811 3616 1987 3684 potuit
2016 3615 2096 3669 eis
2128 3615 2402 3668 auxiliari.
2423 3645 2426 3648 ι

218 3712 310 3765 25.
341 3711 449 3764 Kal
480 3707 776 3780 ἐδεήθησαν
808 3708 864 3758 ὲν
898 3708 977 3777 τῷ
1003 3703 1345 3776 κυριευεσθαι
1389 3705 1581 3768 αυτοὺς
1609 3703 1713 3758 ὑπὸ

1879 3707 1970 3762 25.
2005 3706 2070 3762 Et
2100 3707 2370 3777 deprecati
2416 3716 2561 3769 sunt,
2606 3721 2728 3760 cum
2783 3706 2837 3761 in
2873 3723 2966 3761 cos
2997 3707 3363 3762 dominaretur

144 3805 246 3875 τῆς
285 3800 578 3874 ἁμαρτίας.

526 3818 578 3864 ς,
1803 3804 2113 3866 peccatum.

217 3893 310 3948 26.
345 3892 451 3945 Kal
472 3894 540 3944 ἐκ
561 3890 668 3944 τῶν
689 3887 1011 3960 ἀκαθάρτων
1046 3884 1370 3957 πνευμάτων
1391 3884 1594 3939 ἔσωσεν
1615 3887 1716 3940 αι’)-

1588 3887 1716 3940 ιαὺ-
1881 3887 1969 3942 26.
2008 3887 2072 3942 Et
2090 3903 2156 3942 ex
2184 3886 2478 3943 immundis
2500 3887 2780 3957 spiritibus
2812 3888 3036 3943 salvavit
3063 3901 3175 3943 eos.

144 4005 296 4049 τους.

217 4078 310 4133 27.
347 4071 460 4144 Τῆς
486 4073 731 4139 ἐξουσίας
761 4073 855 4125 τοῦ
888 4069 1155 4125 διαϐόλου.

1034 4071 1155 4123 .λου.
1882 4063 1972 4119 27.
2003 4062 2077 4116 Ex
2113 4063 2312 4117 diaboli
2340 4071 2621 4132 potestate.

215 4165 311 4223 28.
346 4165 454 4220 Kal
500 4165 595 4228 τὰς
631 4161 920 4232 ἐπιθυμίας
943 4162 1040 4225 τὰς
1083 4175 1321 4230 πονηρας
1353 4173 1416 4212 εκ
1443 4175 1550 4211 των
1580 4175 1717 4230 καρ-

1886 4154 1976 4210 28.
2007 4152 2074 4210 Et
2101 4154 2316 4224 disiecit
2348 4154 2621 4224 improbas
2657 4154 3118 4222 concupiscentias
3164 4171 3229 4210 ex
3268 4171 3362 4212 eo-

143 4259 279 4314 διῶν
309 4258 485 4312 αὐτῶν
512 4254 835 4325 ἀπέρριψεν.

643 4254 835 4325 ιριψεν.
1815 4264 1933 4302 rum
1959 4249 2230 4304 cordibus.

218 4350 312 4404 29.
361 4349 724 4419 Ἀνυμνήσατε
755 4346 832 4413 (5)
860 4345 927 4398 τὰ
951 4343 1072 4412 ὲλέη
1098 4340 1192 4395 τοῦ
1225 4341 1450 4412 Κυρίου.

1349 4341 1450 4396 ίου.
1883 4340 1972 4395 29.
2009 4339 2249 4395 Laudate
2278 4339 2675 4394 misericordias
2704 4338 2934 4394 Domini.

219 4441 310 4496 50.
341 4440 450 4492 Kal
471 4438 815 4510 διηγήσονται
839 4435 934 4508 τὴν
956 4433 1260 4505 ἀμέτρητον
1310 4431 1471 4485 αὑτοῦ
1523 4431 1710 4499 φιλαν-
1745 4442 1789 4497 ι)

1745 4442 1789 4497 υ
1884 4427 1972 4480 50.
2006 4425 2070 4480 Et
2093 4428 2390 4482 narrabunt
2414 4428 2731 4481 immensam
2765 4427 2883 4497 ejus
2909 4427 3308 4498 benignitatem.

149 4535 422 4588 θοωπίαν.

221 4554 422 4587 ωπιαν.

185 4554 314 4679 ρ5ὶ.
349 4624 471 4675 Ὀτι
505 4620 786 4692 συνέτριψε
811 4617 907 4681 τὰς
930 4616 1176 4677 ἐναντίας
1205 4613 1481 4683 δυνάμεις.

1880 4601 1970 4654 51.
2001 4598 2270 4666 Quoniam
2303 4601 2556 4656 contrivit
2583 4605 2923 4656 adversarlas
2944 4610 3256 4670 potestates.

220 4716 310 4770 52.
344 4714 451 4767 Kal
468 4713 592 4774 τοὺς
620 4713 882 4783 ἄρχοντας
912 4707 1004 4761 τοῦ
1054 4706 1282 4770 σκότους
1316 4703 1414 4774 τῆς
1445 4703 1716 4775 ἁμαρτίας

1659 4721 1716 4768 ις
1881 4692 1967 4747 52.
2001 4693 2065 4746 Ει
2093 4693 2324 4762 perdidit
2350 4693 2620 4764 principes
2652 4696 2992 4749 tenebrarum
3021 4695 3246 4764 peccati.

150 4807 454 4861 ἀπώλεσεν.

222 4899 312 4953 55.
359 4897 655 4969 Ἐρῤύσατο
678 4894 869 4957 αὐτοὺς
903 4895 966 4946 ὲκ
1005 4889 1102 4962 τῆς
1145 4887 1490 4957 ἀναστροφῆς
1536 4883 1713 4939 αὐτῶν

1881 4866 1968 4920 55.
2003 4865 2273 4921 Liberavit
2307 4881 2403 4922 eos
2444 4882 2512 4922 ex
2547 4867 2793 4936 improba
2841 4881 3029 4922 eorum
3078 4881 3363 4920 conversa-

186 4991 210 5002 -
243 5008 250 5009 ,
290 5006 363 5009 ,μ
1813 4967 1979 5009 llOlle.

152 4991 253 5061 τῆς
285 4991 543 5059 πονηρᾶς.

223 5080 314 5136 54.
349 5079 446 5132 Διὰ
471 5080 577 5151 γὰρ
599 5076 695 5140 τὰς
718 5074 941 5146 ἀνομίας
973 5071 1153 5129 αὐτῶν
1185 5069 1573 5140 ἐδουλώθησαν.

1884 5047 1972 5101 54.
2001 5044 2131 5100 Nam
2163 5047 2216 5100 in
2250 5049 2562 5102 servitutem
2608 5047 2810 5103 redacti
2860 5056 2988 5103 sunt
3023 5055 3239 5119 propter
3270 5062 3362 5102 eo-

1814 5154 1934 5192 rum
1967 5139 2294 5207 iniquitates.

223 5252 317 5306 55.
371 5249 727 5320 Ἐξετακησαν
787 5252 843 5302 αί
887 5246 1054 5317 ψυχαὶ
1105 5244 1279 5298 αὐτῶν
1328 5245 1419 5297 καὶ
1463 5241 1710 5309 ἀπεγνώα

1887 5229 1974 5283 55.
2003 5230 2408 5284 Coiitabucrunt
2462 5230 2654 5284 anima
2704 5245 2891 5284 eorum
2941 5237 2994 5284 et
3042 5228 3362 5298 desperave—

161 5342 386 5413 σθησαν.
1819 5331 1964 5413 runt.

227 5409 318 5487 56.
349 5433 488 5495 Ἕως
523 5432 598 5501 (4)
630 5430 729 5500 τῆς
749 5430 1050 5482 συντελείας
1077 5429 1204 5481 παο*
1229 5425 1405 5494 ὀλίγον
1435 5426 1464 5477 ὁ
1487 5422 1713 5485 θάνατος

1889 5411 1976 5468 56.
2029 5411 2215 5482 Usque
2276 5413 2341 5466 ad
2400 5412 2916 5469 consummationem
2973 5411 3132 5483 paulo
3187 5409 3364 5464 minus

163 5524 441 5580 ὶιυοίευσε
479 5524 584 5576 τῶν
616 5521 933 5594 ἀνθρώπων.

1823 5521 1972 5560 mors
2004 5503 2276 5558 dominata
2305 5515 2389 5558 est
2411 5505 2462 5558 in
2497 5505 2820 5560 hominibus.

1098 5627 1404 5693 Addenda
1432 5633 1492 5689 et
1540 5621 1911 5703 corrigenda
1939 5637 2018 5681 ex
2052 5619 2193 5680 cod.
2229 5618 2423 5679 Vatic.

231 5748 279 5818 (ε
292 5763 309 5818 )
349 5747 872 5818 ἘγκεκΑεισμὲνους.
1984 5739 2122 5818 -ᾉνυ
2131 5736 2363 5818 μνρῦσιν.

231 5763 279 5812 (ι
354 5763 872 5818 ἰγκεκλεισμενους.
1882 5763 1957 5806 ιο)
2017 5763 2273 5806 ιιινυμνυυι

231 5763 311 5889 (3;
353 5818 682 5890 Ἀμαρτίαις.
1884 5809 1959 5878 (ι)
1984 5808 2125 5870 Ἕως
2148 5807 2273 5878 γάρ.
