4018 6460
591 342 726 398 1127
1464 330 1520 382 S.
1563 323 1933 380 ATHANASII
1981 323 2133 377 OPP.
2187 321 2366 376 PARS
2404 321 2491 374 ill.
2537 348 2604 360 —
2645 317 3060 376 EXEGETICA.
3722 316 3882 370 “‘28

695 458 748 512 7.
784 455 848 510 Et
873 455 1239 509 clamaverunt
1263 451 1329 506 ad
1349 449 1638 504 Dominum
1669 463 1793 502 cuin
1824 444 2160 501 tribularen-
2196 454 2242 507 Α

2354 444 2425 497 57.
2468 442 2577 496 Καὶ
2622 440 2924 512 ὲκέκραξαν
2973 440 3109 512 πρὸς
3136 439 3337 509 Κύριον
3369 441 3425 491 ὲν
3471 435 3550 508 τῷ
3577 435 3889 490 θλίϐεσθαι

589 560 681 608 ll"
709 567 724 603 ξ
2271 555 2301 590 α

2354 554 2463 599 τους
2492 552 2504 563 ⁸

660 645 751 699 58.
777 641 842 697 Et
868 643 933 697 de
968 637 1384 695 necessitatibus
1411 648 1603 690 eorum
1636 631 1884 686 liberavit
1917 646 2039 685 eos.

2354 628 2430 682 58.
2473 627 2582 680 Καὶ
2607 628 2671 680 ὲκ
2704 626 2812 680 τῶν
2844 625 3100 695 ἀναγκῶν
3135 624 3312 679 αὐτῶν
3349 623 3557 676 ἔσωσεν
3593 620 3840 684 αὐτούς.

662 734 746 792 59.
779 734 922 788 Misit
948 734 1174 787 verbum
1207 744 1391 792 suum,
1422 737 1476 782 et
1504 724 1717 780 sanavit
1745 739 1839 778 eos
1868 739 1882 775 :

2354 721 2428 772 59.
2459 716 2768 771 Ἀπέστειλε
2800 716 2892 770 τὸν
2919 716 3074 784 λόγον
3095 714 3280 776 αὑτοῦ,
3304 714 3398 768 καὶ
3423 712 3616 765 ἰάσατο
3639 709 3884 771 αὐτούς·

658 826 747 879 40.
781 823 846 877 Ει
869 823 1070 892 eripuit
1100 836 1195 875 eos
1221 819 1286 873 de
1314 816 1718 872 interitionibus
1742 827 1962 868 eorum.

2354 811 2432 865 10.
2473 810 2584 864 Καὶ
2609 809 2876 881 ἐρῤύσατο
2898 809 3094 870 αὐτοὺς
3118 809 3181 860 ὲκ
3200 806 3306 860 τῶν
3325 803 3638 874 διαφθορῶν
3662 803 3884 855 αὐτῶν.

664 915 756 969 41.
785 912 1158 967 Conliteantur
1183 909 1414 964 Domino
1448 905 1838 960 misericordiae
1866 900 2017 974 ejus,

2354 904 2432 956 il.
2460 900 3077 972 Ἐξομολογησάσθωσαν
3113 899 3189 968 τῷ
3216 899 3406 969 Κυρίῳ
3425 899 3492 950 τά
3517 897 3647 965 ὲλέη
3679 896 3752 948 αὖ
3765 892 3886 954 τοῦ,

664 1007 751 1062 42.
788 1006 853 1059 Et
884 1004 1152 1059 mirabilia
1181 1002 1300 1071 ejus
1324 1001 1451 1055 [iliis
1487 999 1797 1053 hominum.

2354 996 2435 1050 42.
2479 997 2588 1049 Καὶ
2623 995 2693 1048 τά
2727 994 3009 1066 θαυμάσια
3041 992 3205 1046 αὐτοῦ
3233 994 3345 1054 τοῖς
3365 992 3501 1053 υἱοῖς
3521 989 3633 1042 τῶν
3657 987 3890 1058 ἀνθρώ-

2277 1103 2396 1143 πων
2405 1133 2416 1143 .

669 1185 759 1239 45.
795 1182 859 1237 Et
881 1181 1187 1238 sacriﬁcent
1217 1180 1266 1234 ei
1302 1179 1631 1234 sacriﬁcium
1662 1177 1870 1243 laudis,

2354 1182 2436 1236 45.
2479 1183 2587 1236 Καὶ
2621 1181 2936 1235 θυσάτωσαν
2971 1178 3120 1250 αὑτῴ
3150 1179 3338 1232 θυσίαν
3366 1179 3652 1241 αἰνέσεωςο

674 1277 764 1332 44.
797 1277 863 1331 Et
890 1274 1216 1330 annuntient
1239 1288 1403 1344 opera
1429 1276 1547 1343 ejus
1577 1273 1632 1326 in
1655 1269 2048 1327 exsultatione.

2354 1270 2437 1324 44.
2478 1270 2589 1324 Καὶ
2621 1269 3092 1339 ὲξαγγειλάτωσαν
3119 1268 3187 1322 τὰ
3216 1269 3354 1340 ἔργα
3387 1268 3552 1322 αὐτοῦ
3600 1269 3663 1321 ὲν
3706 1265 3890 1333 ἀγαλ-

2279 1360 2482 1414 λιάσει.

673 1455 762 1510 45.
798 1453 900 1519 Qui
927 1451 1264 1508 descendunt
1296 1450 1352 1504 in
1383 1465 1535 1504 mare
1566 1449 1619 1503 in
1647 1449 1902 1513 navibus,

2354 1453 2440 1506 45.
2482 1453 2546 1505 Οἱ
2585 1452 3004 1517 καταϐαίνοντες
3030 1455 3109 1517 εἰς
3134 1450 3409 1508 Θάλασσαν
3433 1455 3490 1505 ὲν
3516 1452 3762 1515 πλοίοις,

671 1548 760 1602 46.
795 1547 1073 1601 Facientes
1104 1545 1474 1615 Operationem
1507 1543 1561 1595 in
1591 1543 1751 1612 aquis
1777 1544 1983 1598 multis.

2354 1547 2439 1600 46.
2481 1545 2770 1609 Ποιοῦντες
2797 1547 3059 1618 ἐργασίαν
3094 1548 3150 1600 ὲν
3185 1547 3337 1600 ὕδασι
3367 1546 3606 1609 πολλοῖς.

672 1641 761 1694 4⁸7.
791 1639 893 1710 Ipsi
922 1639 1175 1692 viderunt
1198 1652 1360 1707 opera
1394 1633 1632 1699 Domini,

2354 1638 2442 1690 47.
2483 1638 2649 1690 Αὐτοὶ
2677 1633 2817 1690 εἶδον
2843 1637 3102 1710 [εἴδοσαν]
3131 1635 3200 1692 τά
3227 1639 3362 1710 ἔργα
3391 1640 3624 1710 Κυρίου,

676 1731 765 1785 48.
801 1730 864 1784 Et
898 1729 1164 1783 mirabilia
1195 1729 1312 1795 ejus
1345 1727 1397 1779 in
1429 1723 1725 1794 profundo.

2355 1731 2444 1785 48.
2485 1731 2594 1785 Καὶ
2617 1731 2686 1784 τά
2714 1731 2994 1801 θαυμάσια
3022 1732 3185 1784 αὑτοῦ
3216 1733 3272 1784 ὲν
3297 1732 3374 1803 τῷ
3405 1731 3574 1802 βυθῷ.

672 1824 762 1877 49.
793 1823 954 1886 Dixit,
983 1834 1034 1877 et
1059 1821 1206 1877 stetit
1239 1820 1461 1889 spiritus
1491 1816 1741 1888 procellas
1768 1833 1782 1870 :
2216 1843 2265 1904 Β

2359 1818 2445 1874 49.
2487 1815 2644 1886 Εἷπε,
2681 1821 2774 1873 καὶ
2803 1821 2932 1892 έστη
2974 1820 3190 1890 πνεῦμα
3221 1822 3563 1889 καταιγίδος·

677 1916 765 1970 50.
797 1914 862 1968 Et
889 1914 1109 1969 exaltati
1137 1921 1267 1967 sunt
1296 1911 1495 1965 ﬂuctus
1529 1910 1673 1979 ejus.

2360 1911 2448 1966 50.
2490 1912 2601 1965 Καὶ
2636 1911 2823 1986 ὑψώθη
2857 1914 2924 1967 τὰ
2950 1913 3166 1984 κύματα
3196 1914 3387 1984 αὐτῆς.

681 2009 769 2064 51.
805 2007 1119 2063 Ascendunt
1151 2021 1323 2074 usque
1352 2005 1419 2059 ad
1453 2005 1624 2059 (τάξιος
1652 2019 1667 2055 :

2361 2004 2447 2057 5i.
2477 2004 2879 2058 Ἀναϐαίνουσιν
2911 2006 3016 2069 ἓως
3050 2007 3154 2060 τῶν
3180 2007 3421 2079 οὐρανῶν
3445 2023 3458 2036 ·

681 2101 769 2156 52.
801 2100 864 2154 Ει
895 2099 1230 2156 descendunt
1257 2112 1429 2166 usque
1455 2095 1522 2150 ad
1551 2095 1779 2165 abyssos
1811 2111 1823 2144 :

2361 2094 2447 2146 52.
2490 2097 2601 2149 Καὶ
2625 2096 3044 2150 καταϐαίνουσιν
3066 2097 3170 2161 ἓως
3201 2098 3309 2150 τῶν
3336 2095 3594 2151 ἀϐύσσων
3613 2113 3627 2128 ·

1742 2209 2114 2265 ATHANASII
2156 2209 2741 2270 INTERPRETATIO.

680 2331 769 2388 57.
799 2329 1183 2384 Clamaverunt
1225 2327 1290 2380 ad
1333 2324 1624 2380 Dominum
1652 2336 1704 2380 et
1745 2325 1911 2381 Deum
1945 2341 2068 2381 cum
2098 2325 2192 2380 de-

2360 2326 2446 2380 57.
2472 2327 2799 2399 Ἀνεδόησαν
2841 2330 2976 2399 πρὸς
3017 2332 3219 2402 Κύριον
3259 2332 3354 2385 καὶ
3389 2332 3521 2386 Θεὸν
3568 2334 3647 2403 (1)
3700 2335 3764 2387 ὲν
3810 2340 3894 2408 τῷ

613 2425 917 2480 tinerentur
950 2433 979 2470 a
1013 2417 1249 2486 peccatis
1277 2418 1412 2471 suis.
2294 2435 2301 2466 ε

2354 2417 2613 2487 ›νέχεσθαι
2641 2419 2839 2483 αὐτοὺς
2865 2421 2970 2473 ὑπὸ
3006 2421 3114 2473 τῶν
3146 2421 3428 2491 ἁμαρτιῶν
3454 2423 3658 2476 αὐτῶν.

681 2511 769 2568 58.
795 2508 862 2562 Et
886 2508 951 2563 de
982 2507 1218 2576 potentia
1242 2505 1444 2560 diaboli
1474 2505 1705 2560 salvavit
1737 2520 1852 2559 eos.

2361 2509 2449 2563 58.
2479 2511 2587 2562 Καὶ
2606 2513 2670 2564 ὲκ
2689 2511 2796 2563 τῶν
2816 2511 2908 2564 τοῦ
2927 2511 3170 2565 διαϐόλου
3192 2512 3521 2566 δυναστειῶν
3546 2514 3764 2568 ἔσωσεν
3787 2519 3891 2572 αὖ·

2290 2598 2436 2663 τούς.

685 2685 774 2740 ‘59.
805 2683 949 2738 Misit
992 2682 1158 2736 Deum
1193 2679 1429 2736 Verbum
1461 2679 1641 2743 Pater,
1675 2691 1730 2734 et
1759 2678 2024 2734 transﬁxo
2072 2695 2193 2749 ejus

2366 2692 2452 2746 59.
2473 2689 2784 2746 Ἀπέστειλε
2810 2694 2900 2747 τὸν
2924 2694 3057 2748 Θεὸν
3079 2696 3250 2764 Λόγον
3273 2697 3300 2749 ὁ
3331 2699 3481 2768 Πατὴ
3489 2716 3541 2770 ρ,
3565 2700 3659 2753 καὶ
3687 2717 3899 2772 κεντη-

618 2777 790 2833 latere
821 2791 919 2832 nos
951 2789 1142 2830 omnes
1185 2774 1363 2828 sanati
1406 2788 1632 2836 sumus,
1671 2780 1732 2827 ut
1765 2771 1944 2842 inquit
1980 2771 2189 2825 Isaias:
2298 2791 2301 2822 ε

2354 2786 2482 2847 ἱντος
2531 2785 2695 2837 αὑτοῦ
2738 2786 2836 2857 τὴν
2880 2785 3117 2858 πλευρὰν
3161 2790 3320 2859 ἡμεῖς
3360 2790 3558 2852 πάντες
3625 2792 3896 2863 ίάθημεν,

621 2867 805 2922 Litore
832 2865 946 2935 ejus
979 2879 1157 2919 omnes
1184 2864 1360 2916 sanati
1390 2878 1570 2916 sumus
1595 2861 1659 2915 ³³.

2354 2895 2373 2940 ς
2409 2877 2634 2941 Ἡσαΐας
2661 2877 2841 2947 λέγει·
2875 2878 2958 2945 Τῷ
2974 2878 3217 2950 μώλωπι
3244 2880 3431 2935 αὑτοῦ
3455 2880 3682 2947 πάντες
3723 2861 3899 2949 ἰάθη-

2295 2985 2408 3038 μεν
2433 2967 2532 3038 (Ξ).

695 3038 783 3091 40.
810 3032 946 3090 Nam
983 3041 1156 3088 morte
1180 3047 1278 3087 sua
1312 3031 1568 3086 contrivit
1591 3039 1844 3085 mortem.
2295 3031 2301 3038 '

2370 3031 2458 3115 40.
2493 3031 2590 3130 7Τῷ
2611 3060 2720 3132 γάρ
2741 3061 2954 3133 Θανάτῳ
2975 3062 3137 3116 αὐτοῦ
3158 3061 3249 3116 τὸν
3275 3061 3504 3116 θάνατον
3537 3061 3898 3135 συνέτριψεν.

692 3143 777 3197 41.
813 3139 1207 3196 Glorilicahunt
1239 3134 1644 3192 misericordias
1666 3133 1806 3204 ejus.
2227 3136 2270 3192 (ς

2374 3151 2462 3205 41.
2503 3150 2796 3216 Δοξάσουσι
2829 3154 2905 3222 (5)
2933 3153 3002 3206 τά
3032 3153 3156 3224 ὲλέη
3183 3151 3368 3207 αὑτοῦ.

694 3235 782 3288 42.
828 3233 892 3287 Ει
919 3231 1223 3286 narrabunt
1256 3228 1381 3283 [iliis
1408 3227 1713 3290 hominum,
1744 3223 1889 3294 quod
1920 3223 1974 3276 in
2005 3221 2198 3277 simili-

2372 3244 2460 3298 42.
2503 3244 2613 3296 Καὶ
2645 3221 2990 3316 διηγήσονται
3014 3248 3126 3309 τοῖς
3145 3221 3288 3309 -υἱοῖς
3317 3245 3425 3298 τῶν
3459 3245 3904 3318 ἀνθρώπων,ὃτι

627 3327 868 3380 tudinem
910 3332 1154 3376 nostram
1206 3317 1385 3373 factus
1408 3317 1474 3380 “,
1508 3330 1703 3386 passus
1731 3322 1816 3368 est
1845 3320 2065 3383 propter
2100 3325 2200 3365 nos

2354 3356 2360 3381 ν
2405 3335 2709 3406 ὁμοιώματι
2763 3336 2921 3407 ἡμῶν
2967 3337 3254 3409 γενόμενος
3297 3337 3527 3392 πέπονθε
3568 3317 3636 3391 δι’
3664 3340 3822 3409 ἡμᾶς
3875 3343 3906 3393 δ

629 3417 772 3472 Deus
796 3415 1051 3475 Verbum,
1083 3421 1138 3466 et
1159 3415 1473 3465 resurrexit.

2354 3429 2434 3492 εὸς
2469 3429 2659 3497 Λόγος,
2695 3429 2789 3482 καὶ
2816 3429 3034 3500 ἀνέστη.

699 3510 785 3563 45.
817 3505 880 3561 Et
907 3504 1205 3560 laudabunt
1230 3517 1354 3557 eum
1385 3502 1439 3556 in
1465 3500 1724 3555 cordibus
1747 3497 1884 3553 suis.

2374 3519 2463 3573 45.
2510 3519 2618 3572 Καὶ
2655 3497 3056 3590 ἀνυμνήσουσιν
3075 3517 3150 3590 (4)
3179 3519 3341 3572 αὑτὸν
3376 3519 3434 3573 ὲν
3473 3523 3593 3584 ταῖς
3637 3520 3905 3590 καρδίαις

2304 3611 2504 3668 αὐτῶν.

2375 3705 2464 3758 44.
2498 3705 2606 3756 Καὶ
2638 3705 2987 3775 διηγήσονται
3010 3703 3076 3756 τὰ
3110 3705 3406 3776 παθήματα
3431 3706 3597 3761 αὐτοῦ
3622 3749 3637 3773 ,
3671 3709 3774 3760 καὶ
3798 3709 3908 3777 τὴν

2309 3798 2623 3862 ἀνάστασιν,
2657 3797 3000 3869 καυχώμενοι
3034 3799 3127 3853 καὶ
3153 3800 3455 3871 χαίροντες.

2379 3891 2467 3944 45.
2506 3892 2568 3943 Ui
2606 3891 2899 3945 ἀπόστολοι
2938 3892 3215 3962 λέγοντες·
3271 3893 3433 3964 Ἡμῖν
3482 3892 3551 3948 δὲ
3596 3892 3686 3964 μὴ
3729 3888 3774 3966 ᾗ
3824 3895 3907 3963 (5)

2310 3984 2646 4053 καυχᾶσθαι
2676 3987 2729 4038 εὶ
2761 3986 2841 4054 μὴ
2875 3987 2945 4040 ἐν
2969 3985 3048 4052 τῷ
3080 3986 3319 4057 σταυρῷ
3348 3988 3452 4043 τοῦ
3478 3987 3708 4056 Κυρίου
3731 3988 3910 4060 ἡμῶν

2326 4074 2528 4143 Ἰησοῦ
2560 4075 2838 4143 Χριστοῦ.

713 4147 797 4203 46.
831 4145 998 4199 Erant
1026 4143 1171 4198 enim
1205 4141 1523 4211 piscatores.

2383 4141 2668 4222 tam...
2694 4168 2800 4240 γάρ
2832 4169 2996 4233 ἁλιεῖς
3019 4168 3118 4240 (6).

709 4237 794 4292 47.
845 4234 971 4290 Suis
1021 4233 1197 4289 oculis
1241 4239 1642 4301 conspexerunt
1673 4233 1983 4300 passionem
2033 4239 2088 4285 et
2128 4246 2215 4285 re-

2387 4260 2477 4315 47.
2516 4233 2790 4314 Λυτόπται
2837 4233 3090 4330 γεγόνασι
3137 4261 3244 4314 τῶν
3293 4261 3638 4333 παθημάτων
3673 4261 3757 4334 (7)
3810 4267 3911 4317 καὶ

638 4337 1055 4388 surrecttonem.

2354 4354 2415 4424 ἧς
2439 4354 2810 4417 ἀναστάσεως.

714 4424 801 4478 48.
832 4422 968 4476 Cum
1003 4419 1318 4489 navigarent
1360 4418 1413 4470 in
1453 4416 1728 4484 regionem
1770 4415 2210 4470 Gaoarenorum.

2497 4446 2623 4499 Ὀτε
2657 4415 2846 4500 ἔπλεον
2873 4448 2952 4511 είς
2977 4445 3074 4519 τὴν
3099 4447 3282 4520 χώραν
3309 4446 3417 4500 τῶν
3442 4446 3798 4518 Γαδαρηνῶν.

714 4517 802 4570 49.
877 4512 1081 4584 Spiritu
1139 4510 1391 4581 praecepti
1451 4507 1572 4575 ejus
1630 4508 1909 4564 descendit
1973 4509 2210 4578 procella
2247 4505 2290 4559 D

2386 4539 2473 4592 49.
2516 4537 2606 4608 Τῷ
2652 4505 2947 4609 Πνεῦματι⁷
2985 4505 3079 4593 τοῦ
3264 4505 3692 4611 προστάγματος
3738 4542 3912 4595 αὑτοῦ

639 4617 810 4664 venti.

2354 4632 2527 4704 ιατέὸη
2559 4632 2754 4703 λαῖλαψ
2782 4634 3005 4705 ἀνέμου.

716 4699 806 4754 50.
847 4696 990 4752 Mare
1016 4697 1306 4752 excitatum
1340 4705 1441 4751 est.

2394 4722 2484 4781 50.
2517 4696 2839 4796 amna...
2868 4696 2944 4796 ('9)
2977 4727 3011 4796 ἡ
3037 4724 3298 4780 θάλασσα.

714 4788 803 4843 51.
836 4787 903 4843 Ει
930 4788 1147 4844 coibant
1171 4784 1653 4860 [conscendebant]
1685 4785 1884 4841 ﬂuctus
1915 4785 1969 4841 in
2001 4801 2219 4842 navem.

2395 4815 2482 4870 5|.
2525 4784 2980 4870 Kai'aavﬁabtov
2999 4784 3367 4890 ’[συνέδαινον]
3400 4814 3468 4871 τὰ
3487 4814 3714 4889 κύματα
3749 4821 3830 4884 εἰς
3852 4821 3915 4873 τὺ

2325 4911 2523 4961 πλοῖον.

717 4994 806 5051 52.
839 4993 902 5049 Et
935 4993 1364 5064 complebantur,
1395 5005 1449 5049 et
1475 4994 1733 5048 commoti
1767 5003 1915 5047 sunt.

2393 5000 2480 5056 52.
2523 5001 2631 5055 Καὶ
2663 4993 3113 5072 συνεπληροῦντο,
3151 5003 3242 5055 καὶ
3275 5002 3605 5074 ἐκινήθησαν
3631 5003 3771 5072 (10).

756 5109 802 5141 ³³
825 5107 928 5164 lsa.
960 5123 1082 5174 uti,
1115 5110 1167 5163 5.
1244 5109 1288 5142 ³⁸
1317 5107 1552 5179 Philipp.
1590 5125 1651 5168 ιι.
1689 5107 1738 5160 7.
1816 5106 1859 5137 ³⁵
1889 5104 2068 5161 Galat.
2099 5120 2176 5174 Vt,
2214 5108 2301 5164 14.

1605 5221 1906 5283 Addenda
1933 5231 1992 5282 et
2023 5224 2400 5302 corrigenda
2435 5243 2512 5286 ex
2571 5225 2710 5287 cod.
2747 5225 2950 5286 Vatic.

703 3687 789 3742 44.
838 3684 902 3738 Ει
943 3683 1242 3737 narrabunt
1273 3680 1561 3749 passiones
1587 3677 1728 3748 ejus,
1759 3686 1814 3732 et
1846 3677 2206 3732 resurrectio-

632 3796 781 3842 nem,
805 3779 1098 3847 gloriantes
1131 3784 1183 3828 et
1211 3775 1524 3844 gaudentes.

704 3871 791 3926 45.
825 3869 1066 3938 Apostoli
1098 3866 1340 3921 dicentes
1369 3884 1381 3920 :
1414 3865 1580 3919 Nobis
1602 3875 1784 3919 autem
1810 3867 1949 3920 absit
1984 3866 2206 3937 gloriari

633 3968 739 4022 nisi
767 3966 818 4018 in
853 3979 1005 4017 cruce
1045 3961 1253 4015 Domini
1285 3961 1452 4014 nostri
1485 3958 1615 4013 leam
1637 3960 1837 4013 Christi
1864 3960 1928 4013 ³⁵.

753 5354 804 5423 1)
843 5351 986 5424 Πρὸς
1011 5351 1103 5424 τον
1130 5351 1286 5417 Θεὸν,
1314 5362 1427 5424 ett}.
1484 5421 1507 5424 _
1553 5423 1557 5424 ν
1597 5421 1607 5424 Α
2123 5421 2171 5424 Η
2404 5352 2478 5423 (6)
2514 5348 2740 5424 Ἀλιεῖςξ
2772 5353 2920 5423 ὅμως
2962 5353 3056 5424 καὶ
3093 5353 3148 5404 ὲν
3180 5355 3291 5416 τοῖς
3333 5350 3543 5407 ἔθνεσιν
3593 5353 3926 5422 ιποιήσσνεο

747 5421 820 5500 2)Δ
841 5421 1206 5500 Κὲντηθέιζεος
1247 5421 1340 5500 to}?
1376 5421 1510 5474 Θεοῦ
1531 5421 1710 5500 ᾼόγου
1737 5438 1859 5500 την,
1881 5430 2010 5483 elc.,
2039 5421 2227 5500 καθὼς
2336 5421 2594 5500 ἐργασίαν
2617 5421 2847 5500 πολλὴν,
2883 5423 3250 5500 κηρύσσοντες
3276 5424 3478 5486 αὐτοῖς.

664 5490 913 5556 Ἡσαΐας,
950 5490 1053 5547 etc.
1091 5493 1179 5563 Τῷ
1218 5492 1440 5563 μώλωπι
1486 5490 1647 5545 αὑτοῦ
1686 5490 1801 5546 τοῦ
1829 5492 2228 5556 ἀποσταλέντος
2368 5490 2481 5562 ’(7)
2526 5490 2872 5564 Παθημάτων
2909 5490 3093 5552 αὑτοῦ.
3127 5504 3212 5550 etc

656 5566 827 5631 Λόγου
852 5567 1010 5633 ἡμεῖς
1041 5563 1238 5627 πάντες
1272 5564 1522 5635 ἰάθημεν.
2406 5566 2480 5634 (8)
2520 5565 2591 5617 Τὸ
2625 5564 2847 5633 Πνεῦμα
2878 5564 2990 5627 τοῦ,
3027 5577 3131 5620 etc.

827 5635 1166 5715 Αθξάσωσιν.
2526 5637 2632 5715 ῐεαὶ
2663 5635 2981 5715 διηγείρετο.

729 5707 807 5846 μ)
827 5705 1198 5775 ’Δνυμνοῦσιεδ
2410 5706 2518 5778 (10)
2543 5705 2924 5761 Ἰἰκινδύνιυον.

757 5776 808 5847 5)
851 5774 965 5846 Eii}.

757 5792 808 5846 δ)
851 5792 965 5846 ιιιη.
