4018 6454
199 380 351 437 1129
1129 392 1218 447 ΒΕ
1253 394 1525 452 TITULIS
1563 397 1786 452 PSALM

1858 399 2015 455 ΚΒΜ.
2049 433 2116 444 —-
2153 403 2348 459 PSAL.
2382 406 2515 462 CVI.
3309 423 3445 478 1130

279 502 370 554 55.
399 503 463 554 Ἡ
489 503 635 574 ψυχὴ
669 504 847 558 αὐτῶν
879 507 936 560 ἐν
961 513 1149 574 κακοῖς
1178 512 1423 581 ἐτήκετο.
1813 525 1860 581 Α

1813 525 1860 581 Α
1962 519 2048 572 53.
2089 519 2283 576 Anima
2312 538 2500 578 eorum
2533 526 2585 579 in
2623 529 2779 583 malis
2803 531 3131 588 tabescebat.

281 592 371 644 54.
402 594 830 666 Ἐταράχθησαν,
865 599 1231 670 ἐσαλεύθησαν
1260 603 1334 665 ὡς
1360 605 1387 655 ὀ
1424 603 1634 673 μεθύων
1655 622 1668 634 ⁸

1957 611 2048 666 54.
2078 611 2299 669 Turbati
2328 626 2471 673 sunt.
2501 631 2553 672 et
2581 621 2710 676 moti
2744 633 2874 678 sunt
2896 624 3038 679 sicut
3068 625 3250 680 ebrius
3279 642 3291 679 :

277 682 368 734 55.
409 685 518 736 Kal
554 685 701 738 πᾶσα
731 689 762 756 ἡ
791 689 951 757 σοφία
977 690 1154 743 αὐτῶν
1184 693 1477 764 κατεπόθη.

1959 702 2048 757 55.
2077 703 2142 758 Et
2171 707 2349 762 omnis
2377 710 2642 779 sapientia
2666 728 2856 768 eorum
2884 716 3138 772 devorata
3170 729 3272 774 est.

277 772 365 826 56.
408 775 517 828 Kal.
569 775 870 847 ἐκέκραξαν
917 781 1052 850 πρὸς
1090 782 1293 854 Κύριον
1322 787 1380 837 ἐν
1404 785 1481 854 τῷ
1505 785 1777 842 θλίϐεσθαι

1959 794 2048 847 56.
2105 795 2172 850 Et
2211 772 2583 857 clamaverunt
2627 805 2693 858 ad
2723 804 3015 863 Dominum
3046 826 3169 865 cum
3221 813 3446 866 trilutla-

199 879 402 927 αυτους
421 882 434 894 ·

1886 895 2073 940 rentur
2097 903 2109 938 :

273 957 366 1011 57.
407 958 514 1010 Kal
542 959 605 1012 ἐκ
627 960 736 1013 τῶν
768 962 1021 1030 ἀναγκῶν
1053 965 1232 1018 αὐτῶν
1263 967 1528 1038 ἐξήγαγεν
1559 972 1772 1035 αὐτούς.

1662 973 1772 1035 ούς.
1955 978 2045 1033 57.
2071 979 2136 1033 Et
2163 982 2229 1036 de
2253 984 2668 1043 necessitatibus
2695 1004 2883 1045 eorum
2916 994 3103 1049 eduxit
3131 1011 3246 1052 eos.

273 1047 362 1101 58.
403 1049 514 1102 Kal
544 1051 774 1117 ἐπέταξε
806 1057 870 1124 τῇ
902 1057 1192 1124 καταιγίδι,
1217 1059 1309 1111 καὶ
1332 1058 1460 1130 ἔστη
1483 1064 1561 1124 εἰς
1580 1059 1770 1134 αὔραν·

1736 1083 1770 1116 ι·
1952 1068 2039 1122 58.
2073 1069 2138 1125 Ει
2168 1075 2440 1130 mandavit
2465 1080 2732 1147 procellae,
2765 1092 2820 1137 et
2845 1085 2990 1140 stetit
3015 1087 3067 1140 in
3094 1103 3282 1142 auram
3312 1109 3323 1142 :

279 1137 362 1192 59.
410 1141 520 1193 Kal
555 1142 814 1214 ἐσίγησαν
851 1145 919 1198 τὰ
947 1146 1167 1218 κύματα
1198 1151 1388 1218 αὐτῆς.

1212 1151 1388 1218 ιιὺτῆς.
1946 1158 2036 1213 59.
2063 1159 2129 1216 Et
2148 1163 2414 1219 siluerunt
2441 1166 2637 1224 ﬂuctus
2661 1170 2799 1240 ejus.

270 1227 360 1282 60.
404 1232 511 1283 Kal
542 1233 947 1307 εὐφράνθησαν,
972 1239 1054 1290 ὅτι
1087 1239 1366 1310 ἡσύχασαν
1389 1257 1403 1270 °

1400 1259 1403 1268 '
1949 1253 2037 1308 60.
2073 1255 2138 1310 Et
2167 1258 2327 1313 la-tati
2351 1269 2497 1328 sunt,
2525 1264 2651 1332 quia
2680 1227 2946 1321 siluerunt
2973 1286 2987 1321 :

270 1321 357 1374 6L
399 1322 507 1375 Kal
535 1323 814 1397 ὡδήγησεν
858 1328 1053 1393 αὐτοὺς
1096 1331 1188 1382 ἐπὶ
1234 1330 1428 1402 λιμένα
1469 1332 1771 1403 θελήματος

1745 1353 1771 1398 ς
1951 1346 2036 1400 61.
2079 1347 2141 1403 Ει
2172 1351 2391 1406 deduxit
2418 1368 2511 1409 eos
2546 1355 2597 1409 in
2627 1366 2843 1425 portum
2874 1360 3172 1416 voluntatis
3200 1379 3328 1417 sure.

194 1428 264 1462 αυ
274 1427 387 1464 του.

265 1504 356 1558 62.
382 1506 999 1579 Ἐξομολογησάσθωσαν
1023 1511 1100 1584 τῷ
1125 1514 1314 1585 Κυρίῳ
1342 1515 1410 1568 τά
1432 1516 1556 1585 ἐλέη
1579 1518 1766 1580 αὑτοῦ,

1693 1518 1766 1580 9'3.
1946 1528 2036 1583 62.
2067 1529 2441 1588 Conﬁteantur
2469 1534 2700 1592 Domino
2733 1540 3121 1598 misericordiae
3140 1543 3280 1613 ejus,

264 1597 356 1653 65.
370 1600 478 1651 Kal.
491 1600 558 1653 τὰ
574 1600 850 1673 θαυμάσια
863 1603 1027 1658 αὑτοῦ
1044 1608 1157 1669 τοῖς
1172 1608 1306 1670 υἱοῖς
1320 1608 1428 1660 τῶν
1443 1609 1764 1680 ἀνθρώπων.

1457 1609 1764 1680 ὶνϐρὼπων.
1943 1621 2031 1674 63.
2057 1619 2124 1675 Et
2149 1622 2420 1678 mirabilia
2445 1626 2564 1697 ejus
2589 1629 2712 1684 liliis
2743 1631 3044 1689 hominum.

265 1689 354 1741 64.
383 1688 783 1756 ’Υψωσάτωσαν
812 1693 974 1746 αὐτὸν
1005 1697 1062 1747 ἐν
1095 1696 1360 1768 ἐκκλησία
1387 1698 1514 1752 λαοῦ
1536 1717 1549 1729 ·

1454 1699 1514 1791 οὗ
1536 1717 1549 1729 ·
1940 1710 2029 1765 64.
2058 1709 2306 1770 Exaltent
2333 1688 2546 1772 eumvin
2570 1720 2798 1775 ecclesia
2829 1723 3041 1791 plebis:

265 1777 353 1830 65.
395 1779 504 1832 Καὶ
533 1781 591 1832 ἐν
623 1781 859 1853 καθέδρα
875 1783 1259 1854 πρεσϐυτέρων
1280 1787 1648 1842 αἰνεσάτωσαν
1666 1792 1764 1843 αὐ-

1623 1807 1648 1842 ν
1666 1792 1764 1843 αὐ-
1935 1799 2024 1855 65.
2050 1802 2115 1857 Et
2145 1803 2199 1858 in
2230 1806 2484 1862 cathedra
2513 1808 2788 1864 seniorum
2820 1777 3038 1868 laudent
3061 1830 3205 1869 eum.

187 1869 304 1924 τόν.
1803 1893 1845 1947 Β

263 1959 353 2016 66.
373 1960 565 2015 Ἔθετο
597 1967 878 2035 ποταμοὺς
902 1967 983 2029 εἰς
1008 1967 1104 2040 έρη
1113 1985 1212 2038 μον
1233 1985 1245 1999 ·

1935 1977 2022 2032 66.
2058 1983 2249 2037 Posuit
2280 1983 2504 2040 ﬂumina
2541 1987 2596 2041 in
2627 1989 2898 2044 desertum
2927 2008 2940 2042 :

262 2053 351 2107 67.
392 2056 504 2108 Kal
528 2055 795 2123 διεξόδους
820 2059 1029 2114 ὑδάτων
1059 2063 1140 2126 εἰς
1167 2062 1347 2132 δίψαν.

1317 2080 1347 2118 ι.
1935 2071 2021 2125 67.
2055 2071 2121 2127 Et
2154 2076 2332 2132 exitus
2362 2093 2626 2148 aquarum
2660 2082 2712 2135 in
2739 2082 2904 2136 sitim.

259 2145 352 2199 68.
392 2147 498 2218 Γῆν
527 2151 875 2221 καρποφόρον
904 2152 985 2214 είς
1006 2151 1207 2224 ἅλμην,

1935 2160 2025 2217 68.
2053 2161 2277 2220 Terram
2301 2145 2634 2225 fructiferam
2669 2172 2721 2226 in
2759 2174 3113 2246 salsuginem,

259 2235 349 2290 69.
393 2236 468 2308 (a)
498 2239 628 2291 Ἀπὸ
655 2241 852 2304 κακίας
882 2241 992 2294 τῶν
1023 2244 1421 2298 κατοικούντων
1450 2247 1506 2298 ἐν
1535 2247 1692 2318 αὐτῇ.

1382 2262 1421 2298 ιν
1450 2247 1506 2298 ἐν
1535 2247 1692 2318 αὐτῇ.
1937 2251 2025 2307 69.
2059 2258 2103 2307 Α
2129 2258 2332 2313 malitia
2361 2260 2778 2319 inhabitantium
2807 2267 2863 2320 in
2887 2235 2969 2321 εἴη.

259 2328 348 2384 70.
370 2330 559 2385 Ἔθετο
587 2332 790 2406 ἔρημον
817 2337 896 2397 είς
922 2335 1116 2406 λίμνας
1151 2338 1356 2393 ὑδάτων
1380 2358 1392 2369 ·

1939 2345 2023 2400 70.
2054 2346 2242 2405 Posuit
2271 2351 2545 2409 desertum
2583 2357 2633 2410 in
2665 2367 2855 2428 stagna
2880 2374 3142 2428 aquarum

257 2445 337 2517 (a)
369 2443 521 2500 Vers.
557 2445 647 2514 69,
681 2447 764 2514 70,
797 2448 885 2513 7i,
914 2450 1018 2505 sub
1051 2451 1211 2506 unico
1241 2462 1530 2507 comment.

1310 2610 1679 2667 ATHANASII
1727 2613 2306 2674 INTERPRETATIO.

253 2769 348 2824 53.
370 2769 767 2842 Ἐφοδήθησαν,
797 2773 890 2826 καὶ
923 2771 1359 2847 ὠλιγοψύχησαν.

1926 2777 2015 2833 55.
2052 2778 2117 2832 Et
2147 2780 2464 2847 timuerunt,
2498 2790 2550 2836 et
2583 2783 2765 2838 animo
2795 2785 2985 2856 dejecti
3014 2798 3157 2846 sunt.

251 2859 341 2914 54.
383 2861 493 2914 Kal
514 2863 572 2913 ἐν
599 2861 770 2930 ἀγῶνι
799 2863 966 2935 πολλῇ
995 2865 1192 2934 γέγονα
1220 2867 1319 2938 (1).

1280 2870 1319 2934 ).
1926 2870 2015 2926 54.
2050 2869 2114 2926 Et
2138 2873 2193 2926 in
2226 2888 2398 2944 agone
2426 2874 2595 2928 multo
2625 2874 2856 2931 fuerunt.

252 2952 344 3007 55.
384 2952 493 3005 Kal
523 2953 673 3006 πᾶσα
703 2956 735 3024 ἡ
759 2955 926 3025 τέχνη
955 2956 1132 3009 αὐτῶν
1160 2957 1366 3028 ἡττήθη
1398 2959 1502 3011 ὑπὸ
1517 2959 1611 3012 τοῦ
1635 2958 1758 3013 κλύ-

1926 2962 2016 3017 55.
2037 2961 2104 3017 Et
2122 2963 2302 3018 omnis
2320 2979 2410 3019 ars
2437 2979 2622 3020 eorum
2651 2977 2897 3036 superata
2921 2979 3004 3023 est
3023 2985 3053 3024 a
3083 2981 3416 3043 tempestate.

176 3042 348 3105 δωνος
367 3060 382 3075 '
412 3038 553 3115 ἦσαν
574 3045 682 3116 γὰρ
710 3045 898 3109 ἁλιεῖς.

1855 3064 2009 3110 erant
2031 3057 2175 3110 enim
2206 3057 2525 3126 piscatores.

252 3134 342 3188 56.
375 3135 483 3187 Kal
508 3135 742 3206 ἐϐόησαν
767 3137 903 3209 πρὸς
931 3137 1021 3191 τὸν
1045 3138 1254 3211 Ἰησοῦν
1272 3158 1284 3170 ·
1309 3141 1506 3208 Κύριε,
1550 3140 1755 3195 σῶσον
1781 3178 1822 3234 c

1928 3149 2016 3202 56.
2041 3147 2107 3202 Et
2141 3149 2513 3204 clamaverunt
2535 3153 2600 3205 ad
2625 3152 2841 3208 Jesum:
2871 3155 3108 3221 Domine,
3134 3161 3279 3214 salva
3301 3177 3415 3223 nos,

175 3229 212 3293 ἡ
213 3227 356 3296 μᾶς,
384 3229 789 3297 ἀπολλύμεθα.

589 3229 789 3297 ύμεθα.
1787 3227 1822 3234 “
1857 3241 2087 3308 perimus
2113 3241 2176 3293 ⁸⁸.

247 3318 338 3370 57.
374 3318 483 3371 Kal
529 3319 595 3372 ἐκ
626 3319 732 3374 τῶν
777 3320 1036 3392 κυμάτων
1079 3323 1174 3376 καὶ
1213 3321 1309 3376 τοῦ
1353 3322 1610 3387 λαίλαπος
1657 3323 1750 3376 τοῦ

1927 3331 2017 3385 57.
2067 3329 2135 3387 Et
2171 3347 2238 3389 ex
2275 3331 2528 3390 ﬂuctibus
2569 3347 2622 3390 et
2663 3339 2805 3391 venti
2836 3341 3066 3408 procella
3124 3345 3418 3400 sublevavit

171 3409 380 3478 ἀνέμου
414 3410 694 3482 ἐξήγειρεν
721 3412 798 3483 (2)
830 3413 1026 3476 αὐτούς
1857 3437 1973 3480 eos.

244 3501 337 3554 58.
360 3500 689 3573 Ἐπετίμησε
721 3503 829 3574 γὰρ
853 3504 931 3574 τῷ
955 3505 1164 3576 ἀνέμῳ,
1199 3505 1293 3558 καὶ
1321 3505 1617 3567 ἐπαύσατο,
1657 3506 1749 3558 καὶ

1927 3514 2015 3568 58.
2045 3513 2347 3586 Increpavit
2379 3520 2523 3573 enim
2559 3532 2800 3587 ventum,
2829 3533 2882 3578 et.
2906 3525 3130 3594 quievit,
3159 3537 3212 3581 et
3240 3529 3415 3583 solum

171 3591 338 3660 μόνον
373 3588 544 3666 αὖραν
571 3597 829 3665 παρεῖχεν
855 3596 932 3658 είς
960 3593 1222 3664 άνάψυξιν
1248 3595 1450 3657 αὐτοῖς.

1372 3597 1450 3657 ιῑς-
1854 3619 2042 3658 auram
2076 3607 2257 3661 emisit
2291 3607 2347 3662 in
2376 3622 2565 3664 eorum
2600 3611 2959 3682 refrigerium.

242 3685 334 3739 59.
376 3686 484 3739 Kal
517 3685 751 3755 ἐγένετο
779 3685 1014 3756 γαλήνη
1036 3684 1291 3756 μεγάλη.

1925 3694 2013 3749 59.
2045 3694 2113 3749 Et
2144 3697 2289 3764 facta
2316 3707 2394 3752 est
2422 3701 2784 3770 tranquillitas
2811 3718 3001 3771 magna
3018 3704 3082 3756 ³⁷.

242 3776 336 3831 60.
377 3777 486 3832 Kal
537 3777 886 3849 ἐπλήσθησαν
927 3779 1170 3849 χάριτος,
1219 3778 1300 3831 ὅτι
1351 3776 1428 3846 (5)
1488 3776 1747 3846 διεσώθη-

1923 3785 2012 3844 60.
2041 3787 2105 3843 Et
2133 3790 2334 3860 impleti
2385 3799 2512 3846 sunt
2545 3793 2742 3862 gaudio
2773 3833 2789 3860 ,
2823 3795 3082 3865 quoniam
3113 3795 3248 3850 salvi
3282 3794 3412 3851 facti

169 3885 294 3923 σαν.

1853 3891 1997 3935 sunt.

241 3959 333 4014 61.
369 3959 760 4013 Κατέπλευσαν
785 3959 894 4031 γὰρ
918 3961 997 4024 εἰς
1025 3960 1123 4030 τὴν
1155 3958 1338 4029 χώραν
1367 3959 1477 4012 τῶν
1505 3959 1749 4032 Γαδαρη-

1921 3974 2009 4026 61.
2027 3971 2424 4044 Navigaverunt
2444 3975 2589 4030 enim
2613 3976 2667 4030 in
2689 3978 2962 4050 regionem
2981 3978 3409 4036 Gadarcnorum.

165 4068 298 4106 νων.

237 4140 328 4195 62.
368 4143 725 4213 Διηγήσονται
758 4143 814 4196 ἐν
841 4142 1158 4215 Εὐαγγελίῳ
1192 4143 1289 4215 (4).

1192 4143 1289 4215 (4).
1914 4145 2005 4201 62.
2043 4145 2350 4202 Narrabunt
2379 4149 2434 4203 in
2464 4149 2776 4222 Evangelia.

236 4237 332 4294 65.
366 4238 476 4290 Kal
501 4236 641 4290 αὐτὰ
663 4235 732 4290 τὰ
758 4236 1036 4307 θαυμάσια
1060 4236 1225 4290 αὐτοῦ
1273 4236 1369 4289 σὺν
1393 4237 1506 4300 τοῖς
1537 4234 1742 4300 λοιποῖς

1920 4239 2006 4294 65.
2038 4239 2104 4295 Ει
2129 4240 2243 4297 haec
2269 4242 2535 4298 mirabilia
2565 4243 2706 4315 ejus,
2729 4255 2783 4301 et
2813 4246 2920 4302 alia
2949 4248 3074 4304 ﬁliis
3098 4248 3402 4308 hominum.

157 4332 281 4392 τοῖς
314 4327 389 4400 (5)
426 4331 562 4390 υἱοῖς
584 4327 690 4381 τῶν
719 4327 1035 4399 ἀνθρώπων.

233 4421 325 4476 64.
366 4421 657 4488 Δοξάσουσι
692 4421 852 4473 αὐτὸν
893 4421 982 4474 διὰ
1023 4421 1114 4475 τοῦ
1161 4422 1511 4495 κηρύγματος
1543 4425 1600 4475 ὲν
1628 4425 1738 4485 τοῖς

1915 4421 2004 4477 64.
2033 4420 2421 4478 Gloriﬁcabunt
2449 4436 2574 4477 eum
2600 4437 2696 4492 per
2727 4424 3165 4493 praedicationem
3190 4428 3244 4482 in
3271 4443 3403 4498 gen-

159 4515 392 4569 ἔθνεσιν.

1771 4538 1813 4592 ι)
1845 4514 2008 4570 tibus.

231 4609 321 4662 65.
357 4608 466 4663 Kal
505 4609 564 4661 ἐν
598 4609 663 4678 τῇ
694 4605 995 4660 ἀναπαύσει
1022 4606 1130 4659 τῶν
1167 4606 1337 4659 ἀνίων
1366 4604 1737 4659 αἰνεσάτωσαν

1568 4622 1737 4658 τωσαν
1907 4603 1994 4659 65.
2024 4605 2090 4660 Et
2118 4604 2172 4659 in
2200 4604 2387 4659 reauie
2417 4613 2732 4661 sanctorum
2760 4605 2981 4660 laudent
3005 4621 3155 4662 eum.

157 4702 344 4756 αὐτόν.

229 4792 320 4847 66.
363 4791 474 4856 Τὰς
501 4790 672 4860 φυλὰς
691 4790 801 4843 τῶν
831 4789 1122 4843 Ἰουδαίων.

981 4789 1122 4843 ιίων.
1904 4786 1992 4840 66.
2021 4785 2218 4841 Tribus
2237 4785 2568 4842 Judieurum.

225 4885 317 4940 67.
359 4885 469 4939 Kal
511 4882 618 4938 ἀπὸ
657 4881 766 4936 τῶν
809 4883 1045 4955 καρδιῶν
1082 4881 1260 4935 αὐτῶν
1304 4881 1498 4954 ἀφελεῖ
1524 4881 1600 4950 (6)
1633 4881 1733 4952 τὴν

1903 4877 1990 4932 6'7.
2043 4879 2106 4931 Et
2139 4895 2168 4932 e
2217 4878 2472 4933 cordibus
2510 4893 2698 4932 eorum
2735 4877 2939 4934 auferet
2981 4879 3208 4949 gratiam
3243 4896 3396 4938 suam

153 4977 316 5047 χάριν
342 4973 506 5028 αὑτοῦ
533 4973 621 5027 διὰ
653 4972 749 5044 τὴν
785 4973 1038 5026 ἀπιστίαν
1070 4972 1273 5025 αὐτῶν.

1109 4972 1273 5025 ὑτῶν.
1830 4981 2050 5040 propter
2081 4987 2269 5026 eorum
2305 4971 2695 5026 infidelitatem.

221 5068 313 5132 68,
341 5067 430 5122 69.
462 5067 573 5137 Τὴν
598 5066 914 5137 συναγωγὴν
950 5065 1047 5135 τὴν
1067 5066 1308 5119 ἄτεκνον.

1138 5080 1308 5118 εκνον.
1900 5064 1991 5129 68,
2021 5063 2107 5116 69.
2144 5063 2481 5134 Synagogam
2510 5064 2725 5119 sterilen

221 5157 314 5218 70,
342 5155 427 5207 71.
456 5155 566 5207 Kal
591 5155 688 5218 τὰς
718 5154 942 5224 καρδίας
971 5155 1150 5205 αὐτῶν
1194 5151 1380 5226 βρύειν
1423 5152 1521 5222 τὴν
1567 5153 1724 5222 χάριν

1901 5155 1988 5217 70,
2035 5155 2118 5208 71.
2164 5155 2230 5209 Ει
2281 5157 2446 5210 corda
2491 5171 2682 5211 eorum
2726 5166 2782 5209 ιιι
2825 5155 3125 5226 germinent
3163 5156 3388 5224 gratiam

147 5247 338 5303 αὑτοῦ.

1830 5262 2004 5300 suam.

291 5361 338 5392 ³⁸
362 5360 551 5415 Matth.
579 5377 697 5428 Vin,
726 5360 814 5415 25.
895 5361 936 5392 ³⁷
965 5360 1098 5416 lbid.
1131 5359 1221 5414 26.

1101 5514 1406 5578 Addenda
1450 5523 1510 5577 et
1545 5515 1918 5593 corrigenda
1949 5533 2028 5576 ex
2058 5515 2196 5575 cod.
2234 5514 2434 5576 Vatic.

323 5639 640 5718 εχόνασιν.
1998 5639 2309 5718 ἰξύαγγελίῳ
2341 5645 2406 5693 τά
2438 5639 2562 5709 ἐλὲη
2596 5639 2781 5693 αὑτοῦ.

214 5708 295 5777 (2)
323 5708 643 5779 Ἑξήγαγεν,
669 5720 772 5763 etc.

746 5727 772 5762 ,υ
1882 5711 1959 5779 (ὅ)
2007 5708 2134 5773 Τοῖς
2165 5708 2333 5764 deest.

209 5779 290 5849 (5)
330 5780 439 5831 Kal
465 5779 858 5850 ἐπληρώθησαν
889 5784 1079 5852 χαρᾶς,
1110 5785 1209 5844 ὅτι,
1242 5793 1342 5837 etc.
1881 5781 1956 5850 (6)
1981 5781 2238 5856 Ἀιρεῖλεν.

465 5873 737 5934 Ρηιιοι..
797 5874 912 5934 Gn.
967 5878 1222 5938 KXVll.

3027 5872 3101 5927 36
