4018 6462
602 360 729 418 “Si
1455 359 1511 413 S.
1555 357 1927 414 ATHANASII
1966 360 2115 416 OPP.
2159 358 2341 416 PARS
2383 360 2465 417 ill.
2507 392 2577 402 --
2618 363 3033 423 EXEGETICA.
3742 368 3891 428 1132

666 479 757 530 71.
783 475 847 530 Et
870 484 1070 530 terram
1097 477 1213 530 sine
1242 491 1381 545 aqua
1404 476 1457 530 in
1487 478 1665 532 exitus
1690 492 1977 548 aquarum.
2199 491 2246 544 Α

2199 491 2246 544 Α
2344 480 2427 532 7|.
2472 482 2580 533 Kal
2605 481 2710 551 γῆν
2738 484 2961 554 ἄνυδρον
2988 487 3069 549 είς
3095 484 3359 551 διεξόδους
3390 487 3624 541 ὑδάτων.

673 568 759 623 72.
788 569 852 623 Et
873 569 1157 623 collocavit
1190 570 1300 624 illic
1328 571 1633 625 esurientes
1661 588 1673 622 :

2341 571 2426 624 72.
2468 574 2579 627 Kal
2606 574 2909 644 κατῴκισεν
2937 579 3053 630 ἐκεῖ
3078 578 3385 641 πεινῶντας
3405 595 3419 609 ’

672 662 759 713 75.
797 661 863 714 Ει
890 661 1287 715 constituerunt
1315 660 1564 716 civitates
1594 660 1970 715 habitationis.

2339 663 2426 719 75.
2468 666 2577 718 Kal
2607 668 3001 737 συνεστήσαντο
3028 668 3212 733 πόλεις
3245 671 3624 731 κατοικεσίας.

668 755 755 807 7L.
770 752 834 807 Et
853 755 1258 808 seminaverunt
1277 762 1519 818 anros,et
1541 753 1922 822 plantaverunt
1946 754 2162 808 vineas:

2339 756 2426 812 74.
2467 758 2576 811 Kal
2604 758 2863 830 ἕσπειραν
2896 761 3123 835 ἀγροὺς,
3141 762 3235 816 καὶ
3252 762 3561 831 ἐφύτευσαν
3604 763 3858 832 ἀμπελῶ

2270 864 2363 911 νας
2378 865 2393 879 ⁸

664 928 748 982 75.
779 928 843 983 Ει
880 930 1123 983 fecerunt
1157 928 1391 984 fructum
1421 931 1742 987 nativitatis.

2339 941 2423 994 75.
2466 941 2578 994 Kal
2605 942 2866 1014 ἐποίησαν
2889 945 3102 1018 καρπὸν
3132 950 3500 1019 γεννήματος.

673 1020 756 1074 76.
780 1020 846 1075 Et
867 1020 1139 1075 benedixit
1163 1021 1263 1089 eis,
1293 1031 1345 1075 et
1376 1022 1718 1091 multiplicati
1747 1032 1875 1077 sunt
1907 1022 2116 1096 [nimis]
2148 1044 2160 1079 :

2338 1030 2423 1084 76.
2468 1032 2580 1087 Kal
2607 1033 2900 1105 εὐλόγησεν
2916 1037 3133 1103 αὐτοὺς,
3152 1038 3247 1091 καὶ
3264 1037 3686 1109 ὲπληθύνθησαν
3711 1036 3881 1110 [σφο-

2267 1121 2417 1195 δρα]’

666 1198 752 1251 77.
788 1198 853 1253 Et
874 1199 1114 1269 iumenta
1144 1217 1331 1257 eorum
1370 1217 1477 1256 non
1504 1201 1811 1258 minoravit.

2338 1214 2425 1271 77.
2465 1218 2576 1272 Kal
2606 1218 2672 1272 τὰ
2698 1220 2874 1291 κτήνη
2903 1221 3083 1275 αὐτῶν
3108 1222 3206 1276 οὐκ
3237 1223 3554 1295 ὲσμίκρυνε.

660 1292 749 1347 78.
784 1291 849 1347 Et
874 1294 1032 1363 pauci
1064 1293 1192 1349 facti
1218 1304 1365 1361 sunt,
1392 1305 1446 1350 et
1475 1297 1653 1351 vexati
1688 1308 1835 1354 sunt.

2336 1309 2425 1364 78.
2467 1313 2577 1365 Kal
2610 1312 2988 1386 ὠλιγώθησαν,
3017 1316 3112 1369 καὶ
3151 1291 3512 1387 ὲκακῶθησαν

664 1384 748 1438 79.
776 1385 819 1437 A
854 1387 1200 1441 tribulatione
1224 1388 1487 1443 malorum
1512 1401 1566 1445 et
1599 1392 1807 1445 dolore.

2336 1402 2423 1457 79.
2472 1403 2603 1456 Ἀπὸ
2641 1384 2873 1473 θλίψεως
2905 1408 3092 1461 κακῶν
3129 1410 3222 1462 και
3254 1384 3467 1479 ὀδύνης.

663 1477 751 1529 80.
774 1477 953 1532 Etl‘usa
983 1488 1066 1533 est
1088 1479 1419 1549 contemptio
1442 1498 1605 1552 super
1631 1482 1904 1552 principes
1933 1499 2121 1538 eorum
2148 1503 2159 1537 :

2336 1490 2423 1547 80.
2457 1493 2715 1566 Ἐξεχύθη
2748 1496 3095 1561 ὲξουδένωσις
3125 1501 3211 1552 ἐπ’
3243 1477 3515 1571 ἄρχοντας
3544 1499 3739 1552 αὐτῶν
3770 1500 3873 1566 (σ)⁶

662 1568 748 1621 81.
779 1569 845 1623 Ει
869 1586 1052 1625 errare
1080 1570 1205 1627 fecit
1233 1588 1328 1628 eos
1363 1574 1417 1627 in
1446 1574 1615 1640 invio,
1646 1584 1701 1630 et
1732 1591 1839 1630 non
1867 1576 1921 1629 in
1948 1578 2052 1632 via.

2337 1584 2425 1638 81.
2456 1587 2565 1639 Kal
2586 1587 2891 1659 ἐπλάνησεν
2923 1590 3122 1652 αὐτοὺς
3152 1592 3210 1643 ὲν
3244 1568 3458 1661 ἀϐάτῳ,
3493 1591 3588 1643 καὶ
3608 1591 3715 1661 οὐχ
3744 1591 3874 1661 ὁδῷ.

660 1660 747 1712 82.
778 1661 840 1715 Ει
867 1662 1073 1732 adjuvit
1096 1679 1385 1733 pauperem
1413 1666 1478 1720 de
1507 1666 1689 1736 inopia
1722 1684 1734 1718 :

2338 1676 2427 1729 82.
2466 1677 2574 1729 Kal
2606 1678 2872 1749 ἐϐοήθησε
2905 1681 3099 1752 πένητι
3127 1684 3193 1735 ὲκ
3224 1660 3499 1753 πτωχείας
3518 1699 3531 1713 ·

662 1750 748 1805 83.
778 1745 842 1805 Ει
868 1754 1049 1822 posuit
1080 1755 1221 1809 sicut
1254 1771 1381 1811 oves
1408 1755 1666 1814 familias.

2334 1768 2423 1823 85.
2461 1770 2571 1823 Kal
2603 1745 2758 1824 ἔθετο
2794 1745 2870 1835 ῶς
2894 1745 3144 1843 πρόϐατα
3174 1745 3430 1845 πατριᾶς.

659 1843 746 1896 84.
779 1843 1050 1899 Videbunt
1082 1848 1235 1913 recti,
1265 1858 1317 1902 et
1347 1849 1705 1905 laetabuntur:
2196 1869 2239 1924 Β

2196 1869 2239 1924 Β
2338 1859 2426 1914 84.
2470 1861 2729 1930 Ὄψονται
2761 1862 2960 1926 εὐθεῖς,
2990 1864 3086 1916 καὶ
3122 1843 3619 1936 εὐφρανθήσονταιο

660 1937 749 1990 85.
783 1935 849 1989 Et
878 1939 1056 1993 omnis
1085 1940 1339 2009 iniquitas
1367 1942 1627 2012 Oppilabit
1650 1958 1713 1999 es
1744 1959 1928 1999 suum.

2336 1950 2423 2005 85.
2473 1954 2583 2007 Kal
2614 1956 2763 2008 πᾶσα
2818 1954 3018 2026 ἀνομία
3051 1935 3323 2027 ὲμφράξει
3352 1935 3413 2010 τδ
3446 1958 3623 2030 στόμα
3660 1957 3874 2031 αὐτῆς.

657 2026 746 2080 86.
776 2026 909 2092 Quis
936 2031 1152 2099 sapiens
1180 2042 1235 2085 et
1258 2033 1526 2089 custodiet
1554 2034 1704 2089 haec?

2338 2042 2424 2097 86.
2463 2046 2557 2109 Τίς
2591 2047 2753 2117 σοφὸς
2785 2048 2877 2101 καὶ⁵
2909 2047 3139 2117 φυλάξει
3173 2026 3375 2117 ταῦτας

661 2116 749 2171 87.
775 2118 840 2175 Ει
873 2121 1132 2194 intelliget
1158 2124 1561 2183 misericordias
1585 2126 1842 2183 Domini?

2338 2134 2427 2189 87.
2457 2138 2567 2191 Kal
2598 2116 2891 2211 συνήσουσι
2921 2116 2990 2194 τὰ
3016 2140 3140 2213 ὲλὲη
3170 2141 3264 2195 τοῦ
3304 2141 3546 2213 Κυρίους

660 2274 737 2345 (α)
763 2274 953 2330 Αὐτῶν
983 2278 1153 2334 deest.

1705 2439 2084 2497 ATIIANASII
2122 2439 2723 2501 INTERPRETATIO.

659 2710 745 2764 79.
780 2710 1176 2766 Multitudinem
1208 2709 1451 2780 gentium
1478 2710 1532 2764 in
1557 2709 1818 2767 Ecclesia.

2330 2714 2417 2769 72.
2459 2714 2533 2769 Τὸ
2562 2716 2765 2789 πλῆθος
2793 2718 2902 2772 τῶν
2926 2718 3099 2775 ἐθνῶν
3122 2719 3182 2776 ὲν
3210 2723 3278 2793 τῇ
3307 2722 3637 2797 Ἐκκλησία.

654 2800 747 2853 75.
781 2799 981 2853 Eorum
1014 2799 1197 2855 corda.

2330 2806 2417 2861 75.
2459 2807 2570 2869 Τὰς
2596 2809 2823 2879 καρδίας
2848 2809 3050 2866 αὐτῶν.

658 2892 747 2946 7t.
779 2893 1021 2962 Apostoli
1053 2893 1215 2949 corda
1244 2895 1510 2965 gentium.

2327 2897 2416 2951 74.
2459 2900 2523 2952 Οἱ
2553 2900 2839 2955 ἀπόστολοι
2863 2902 2963 2967 τὰς
2995 2903 3226 2976 καρδίας
3248 2906 3357 2961 τῶν
3392 2908 3582 2963 ἐθνῶν.

655 2982 741 3038 75.
772 2982 969 3038 Gentes
1007 2983 1245 3038 fructum
1275 2985 1523 3055 justitiae.

2330 2989 2417 3043 75.
2460 2990 2542 3043 Τὰ
2565 2992 2691 3063 ἔθνη
2723 2993 2937 3067 καρπὸν
2961 2997 3330 3067 δικαιοσύνης.

652 3073 740 3126 76.
765 3071 997 3129 Fideles.

2334 3080 2420 3136 76.
2461 3083 2599 3147 Τοὺς
2630 3085 2876 3149 πιστούς.

657 3165 743 3219 77.
770 3162 835 3218 Ει
862 3164 1092 3219 humiles
1116 3166 1255 3220 inter
1282 3181 1398 3233 eos,
1422 3175 1474 3221 et
1494 3167 1653 3225 mites
1673 3184 1777 3224 non
1798 3172 2153 3227 contemnsit.

2299 3258 2307 3260 _
2342 3172 2427 3226 77.
2469 3176 2578 3227 Kal
2601 3178 2729 3241 τοὺς
2754 3180 3044 3243 ταπεινοὺς
3076 3182 3278 3250 αὐτῶν,
3302 3186 3395 3239 καὶ
3426 3186 3505 3259 (1)
3532 3194 3741 3260 πραεῖς
3766 3194 3872 3247 οὐκ

2262 3258 2633 3324 ἐξουδένωσεν.

663 3341 743 3398 78.
779 3342 1015 3411 Populus
1039 3341 1374 3397 Judaeorum.

2334 3351 2421 3406 78.
2452 3353 2510 3407 '0
2543 3354 2670 3421 λαὸς
2698 3356 2807 3413 τῶν
2839 3359 3133 3417 Ἰουδαίων.

659 3432 738 3489 79.
765 3436 808 3486 Α
840 3434 1191 3487 tribulatione
1220 3432 1513 3498 malorum,
1534 3442 1587 3486 et
1618 3432 1848 3500 doloris,
1868 3450 2034 3505 quam
2070 3434 2155 3489 in-

2330 3444 2419 3500 79.
2450 3447 2587 3501 Ἀπὸ
2630 3448 2864 3521 θλίψεως
2894 3453 2973 3524 (9.)
3028 3455 3214 3510 κακῶν
3255 3458 3351 3512 καὶ
3394 3461 3493 3532 τῆς
3530 3461 3735 3534 ὀδύνης
3761 3470 3868 3537 τῆς

584 3530 822 3584 tulerunt
852 3526 932 3582 eis
961 3533 1165 3595 gentes,
1194 3540 1316 3596 qua:
1345 3525 1397 3578 in
1429 3540 1524 3581 eos
1554 3526 1851 3582 dominata:
1882 3537 2031 3583 sunt.

2280 3538 2556 3610 γενομένης
2571 3542 2756 3607 αὐτοῖς
2780 3544 2934 3616 παρὰ
2955 3544 3065 3602 τῶν
3093 3549 3264 3604 ὲθνῶν
3296 3551 3406 3606 τῶν
3443 3525 3867 3627 κυριεύσαντῶν

2260 3628 2479 3693 αὐτούς.

656 3706 742 3761 80.
774 3705 1111 3761 σιυιὶωοτυῐη.
2326 3721 2415 3779 80.
2446 3722 2566 3778 Τῶν
2599 3726 2891 3782 Ἰουδαίων.

656 3800 744 3853 8|.
791 3797 858 3849 Et
904 3797 1124 3852 demisit
1166 3811 1262 3852 eos
1304 3797 1554 3851 incedere
1598 3799 1656 3853 in
1707 3799 2153 3871 concupiscentia

2326 3815 2415 3869 81.
2445 3818 2553 3869 Kal
2599 3817 2782 3871 εἴασεν
2832 3820 3031 3885 αὐτοὺς
3060 3826 3129 3895 τῇ
3160 3824 3425 3899 ἐπιθυμίᾳ
3458 3828 3566 3881 τῶν
3604 3831 3864 3902 καρδιῶν

583 3891 827 3947 cordium
864 3905 1114 3945 suorum.

2255 3906 2433 3959 αὐτῶν
2460 3908 2534 3974 (5)
2560 3908 2908 3981 πορεύεσθαι.

652 3984 738 4039 82.
767 3982 1032 4050 Populum
1065 3998 1131 4035 ex
1164 3982 1436 4052 gentibus.

2326 3996 2413 4051 82.
2449 3998 2538 4069 Τῷ
2569 4000 2643 4070 (4)
2678 3998 2737 4066 ἐξ
2764 4001 2933 4057 ἐθνῶν
2962 4004 3101 4078 λαῷ.

651 4075 737 4129 85.
771 4073 989 4129 Gentes.

2326 4090 2413 4144 8‘5.
2446 4092 2525 4144 Τὰ
2554 4092 2703 4163 ἔθνη.

652 4168 739 4222 84.
777 4167 989 4221 Sancta
1024 4166 1251 4222 virtutes
1300 4166 1603 4238 gaudentes
1633 4168 1993 4226 clamabunt:
2024 4171 2151 4227 Glo-

2324 4181 2413 4237 84.
2448 4185 2513 4236 At
2548 4185 2701 4253 ἅγιαι
2730 4186 2989 4257 δυνάμεις
3022 4191 3345 4262 χαιρόμεναι
3376 4193 3613 4263 βοὴσωσι
3639 4213 3653 4227 ο
3687 4200 3858 4264 Δόξα

578 4260 658 4312 ria
691 4260 741 4313 in
770 4258 1048 4314 altissimis
1076 4258 1204 4322 Deo,
1238 4270 1286 4314 et
1317 4263 1371 4315 in
1406 4270 1547 4317 terra
1576 4279 1684 4331 pax
1707 4263 1773 4331 ³⁸,
1811 4276 1915 4319 etc.

2270 4274 2323 4325 ἓν
2350 4277 2633 4344 ὑψίστοις
2672 4278 2792 4345 Θεῷ
2819 4280 2917 4333 καὶ
2948 4258 3053 4335 ἐπί
3246 4258 3583 4356 εὶρήὲη75),
3613 4290 3712 4343 καὶ
3775 4258 3857 4347 τὰ

2257 4364 2405 4434 ἑξῆς.

650 4434 736 4490 85.
770 4434 836 4488 Et
868 4436 1049 4489 omnis
1083 4440 1362 4491 contraria
1411 4447 1655 4508 potestas
1700 4441 1925 4497 confusa
1975 4452 2151 4497 conti-

2322 4456 2410 4510 85.
2463 4459 2574 4511 Kal
2628 4464 2775 4514 πᾶσα
2822 4463 3043 4519 ἐναντία
3094 4464 3326 4539 δύναμις
3380 4473 3854 4543 καταισχυνθεῖσα

574 4536 755 4583 cescct
778 4542 899 4581 cum
926 4542 1019 4582 sua
1048 4527 1315 4583 doctrina.

2254 4549 2520 4602 παύσεται
2553 4552 2690 4621 μετὰ
2714 4553 2814 4623 τῆς
2837 4554 3056 4627 διδαχῆς
3088 4527 3266 4611 αὐτῶν
3302 4527 3400 4626 ίϐ).

646 4618 735 4683 86,
785 4619 873 4673 87.
924 4617 1045 4673 Non
1089 4620 1257 4675 dicit:
1292 4623 1426 4688 Quis
1461 4624 1679 4693 sapiens
1712 4625 1876 4695 hujus
1910 4627 2145 4681 mundi?

2321 4640 2408 4702 86,
2444 4640 2532 4693 87.
2553 4617 2647 4695 ὀὐ
2680 4617 2859 4712 λέ-ίειδ
2892 4617 2986 4711 Tt}
3013 4617 3180 4718 σοφὸς
3222 4617 3316 4704 τού
3362 4617 3566 4724 κόσμου
3599 4658 3848 4726 τούτους

570 4714 663 4768 sed
695 4712 821 4785 quis
858 4714 1094 4782 repletus
1128 4716 1391 4784 sapientia
1416 4716 1759 4782 abscondita,
1811 4730 1870 4773 ut
1904 4730 2142 4775 mentem

2260 4730 2385 4783 ἀλλὰ
2404 4732 2503 4800 τῆς
2522 4734 3021 4810 ἀποκεκρυμμένης
3040 4712 3231 4811 σοφίας
3252 4744 3335 4807 τίς
3354 4712 3847 4819 ἐμπεπλησμένος;

572 4817 726 4857 suam
787 4802 1033 4857 advertat
1062 4802 1129 4857 ad
1160 4819 1252 4870 ea,
1287 4819 1409 4874 qua:
1452 4804 1541 4861 hic
1584 4807 1726 4862 dicta
1762 4818 1925 4873 sunt,
1962 4820 2016 4864 et
2045 4827 2140 4867 co-

2265 4821 2339 4874 ἴνα
2368 4822 2580 4896 πρόσχῃ
2613 4828 2677 4897 τῇ
2712 4802 2921 4900 διανοίᾳ
3164 4802 3336 4888 ταῦτα
3360 4802 3430 4890 τιὰ
3457 4839 3578 4910 εἱρη

573 4902 794 4963 gnoscat
848 4894 1256 4951 misericordias
1297 4895 1516 4953 Domini
1552 4900 1869 4967 immensas,
1902 4912 1956 4956 et
1990 4902 2140 4958 inve-

2264 4912 2444 4977 ιαῦθα,
2476 4894 2577 4968 καί
2600 4894 2806 4989 ὲττιγνῷ
2832 4894 2906 4974 τά
3081 4894 3175 4979 τδῦ
3212 4927 3417 4980 Κυοίου
3446 4894 3525 4982 τὲι⁸
3550 4894 3851 4998 αξιέτοπτα

571 4986 890 5056 sdgabdes?

2256 5005 2347 5056 καὶ
2376 5006 2788 5079 ἁνεξιχνίαστα;

678 5167 721 5200 ³³
755 5167 885 5222 Luc.
915 5186 971 5231 ιι,
1007 5167 1089 5221 id.

1525 5329 1831 5393 Addenda
1876 5342 1935 5395 et
1967 5350 2337 5412 corrigenda
2384 5354 2463 5399 ex
2500 5340 2638 5401 cod.
2675 5340 2875 5405 Vatic.

756 5490 1057 5575 I‘a'nswobq
1086 5492 1162 5560 τῷ
1189 5489 1482 5575 πνεύματι.
1511 5510 1625 5555 και,
1663 5506 1791 5575 etc._
2320 5503 2395 5575 (ό)
2426 5503 2522 5575 Τῷ
2552 5505 2665 5575 λαῷ
2694 5507 2803 5559 τῶν
2833 5509 2892 5573 ἐξ
2925 5510 3112 5567 ἐθνων.

647 5558 724 5699 (ἓξ
755 5558 1013 5628 Θλίψεων,
1050 5558 1180 5625 ειοζ,
1216 5562 1622 5629 κυριευσάντων
1654 5564 1851 5619 αὐτῶν.
2420 5558 2647 5657 Εἰρήνης
2681 5581 2737 5632 ἐν
2762 5558 3333 5651 ἀνθρῶττοιςεύδοκία.

647 5628 702 5697 (5
754 5626 909 5685 Deest
938 5647 1157 5684 murta.
2320 5644 2393 5699 (6)
2424 5644 2620 5699 Αὑτης.

646 5626 722 5699 (5)
754 5626 909 5685 DeeSt
938 5647 1157 5684 amzaa.
1297 5626 1303 5629 ἦ

1032 5647 1157 5684 ma.
1297 5626 1303 5629 8
2424 5626 2619 5715 Αὗτῆςί
