2009 3233
85 200 161 228 1133

123 302 151 329 1.
170 302 280 337 Ἐτοίμη
293 304 310 338 ὴ
323 303 420 339 καρδία
436 312 497 339 μου,
510 305 524 330 ό
535 304 610 336 Θεὸς,
626 305 720 341 ἑτοίμη
733 306 796 342 (α)ή
811 315 877 342 καρ-

80 347 131 373 δία
151 357 200 382 μου
210 357 217 364 ·

120 392 151 419 2.
171 393 289 428 Ἀσομαι
302 393 349 420 καὶ
364 392 442 427 ψαλῶ
458 393 487 419 ἐν
500 395 533 429 τῇ
551 394 614 430 δόξῃ
626 402 688 429 μου.

120 437 150 464 5.
174 438 355 474 Ἐξεγέρθητι,
371 439 387 474 ὴ
404 438 467 472 δόξα
484 447 550 474 μου⁶

120 482 153 510 4.
172 483 357 519 Ἐξεγέρθητι,
369 484 517 520 ψαλτήριον
529 485 576 512 καὶ
590 485 690 520 κιθάρα
698 495 705 501 ·

119 529 150 556 5.
173 529 402 565 Ἐξεγερθήσομαι
415 529 525 566 ὄρθρου,

119 573 149 599 6.
169 573 415 609 Ἐξομολογήσομαί
432 582 473 601 σοι
489 574 519 601 ὲν
531 574 616 609 λαοῖς,
631 576 732 611 Κύριεε

120 619 149 646 ’1.
165 619 249 646 Ψαλῶ
262 628 303 646 σοι
316 621 345 647 ὲν
356 620 472 648 ἔθνεσιν.

120 666 149 691 8.
167 665 228 692 Ὅτι
246 665 316 700 μέγα
335 666 428 693 ἐπάνω
444 665 499 693 τῶν
514 667 637 703 οὐρανῶν
661 668 691 694 τὸ
716 668 788 699 ἔλεός
807 677 853 694 σου

119 710 148 737 9.
164 710 219 736 Καὶ
230 711 282 743 ἓως
294 711 349 738 τῶν
364 710 482 746 νεφελῶν
493 713 510 748 ή
526 712 638 748 ἀλήθειά
652 721 709 739 σου.

120 757 165 784 10.
186 757 323 793 ’Υψώθητι
340 758 386 785 ἐπὶ
399 758 462 790 τοὺς
477 758 618 794 οὐρανοὺς,
633 759 648 785 ό
659 758 739 790 6:6;-

120 806 165 833 11.
185 806 241 833 Καὶ
255 806 301 832 ἐπὶ
313 807 403 833 πᾶσαν
422 805 471 842 τὴν
486 806 538 842 γῆν
553 807 570 841 ἡ
586 805 648 839 δόξα
672 815 727 833 σου.

119 853 165 880 12.
182 854 276 884 Ὅπως
290 852 324 879 ἂν
340 852 475 888 ρυσθῶσιν
490 854 514 879 οἱ
530 852 666 887 ἀγαπητοί
683 861 728 879 σου

119 898 165 926 13.
183 898 274 926 Σῶσον
289 900 322 934 τῇ
337 898 413 934 δεξιᾷ
430 907 476 925 σου
486 918 494 931 ,
512 899 558 926 καὶ
573 899 724 926 ὲπάκουσόν
740 907 799 935 μου.

119 945 164 972 1-1.
184 945 213 971 '0
229 944 295 976 Θεὸς
309 944 439 980 ἐλάλησεν
456 945 484 971 ὲν
497 944 535 980 τῷ
548 945 616 980 ἁγίῳ
632 945 714 972 αὑτοῦ
724 953 731 960 ⁸

118 989 163 1016 15.
187 989 400 1025 Ὑψωθήσωμαι,
417 991 464 1016 καὶ
479 990 612 1026 διαμεριῶ
626 991 741 1026 Σίκιμα·

118 1046 158 1082 (α)
176 1046 254 1075 Vers.
269 1047 297 1080 2,
318 1047 439 1083 Ἐτοίμη,
450 1054 517 1082 etc.,
533 1049 597 1085 δόξῃ
614 1057 676 1085 μου.

546 202 591 230 DE
611 203 748 231 TlTULlS
767 203 1141 236 PSALMORUM.—PSAL.
1157 207 1239 238 CVII.

88 256 166 291 ’ῼδὴ
196 258 317 292 ψαλμὸς
340 256 487 294 [ψαλμοῦ]
506 257 546 291 τῷ
567 259 665 286 Δαϐίδ.
696 261 783 287 ΨΑΛ.
811 262 876 288 PZ'.
893 266 916 294 Α

1644 214 1712 241 1151

1023 263 1162 292 Canticum
1182 266 1277 300 psalmi
1296 265 1390 293 David.
1411 266 1509 294 PSAL.
1522 267 1615 295 CVII.

968 308 991 334 1.
1003 307 1130 336 Paratum
1143 318 1189 338 cor
1202 318 1302 344 meum,
1315 311 1397 344 Deus,
1409 320 1534 347 paratum
1547 323 1592 340 cor
1605 322 1709 341 meum:

964 397 991 423 2.
1009 396 1130 425 Cantabo
1144 403 1171 425 et
1185 399 1296 434 psallam
1311 401 1338 427 in
1352 401 1437 436 gloria
1453 410 1523 429 mea.

963 442 991 471 5.
1006 442 1136 479 Exsurge.
1151 445 1235 479 gloria
1254 454 1312 473 mea
1328 454 1337 472 :

963 488 991 515 ι.
1009 488 1139 525 Exsurge,
1157 491 1314 525 psalterium
1328 497 1355 520 et
1367 493 1471 521 cithara
1484 502 1493 520 :

963 535 990 561 5.
1008 534 1158 571 Exsurgam
1173 537 1302 566 diluculo.

962 580 990 607 6.
1004 577 1158 609 Conﬁtebor
1174 584 1221 611 tibi
1233 584 1261 611 in
1275 586 1393 620 populis,
1407 586 1519 614 Domine
1531 597 1539 614 ι

963 627 988 652 7.
1006 627 1038 654 Et
1053 628 1166 663 psallam
1178 629 1225 657 tibi
1239 630 1266 658 in
1279 632 1446 660 nationibus.

962 672 988 699 8.
1002 672 1071 706 Quia
1087 682 1184 710 magna
1199 679 1241 704 est
1254 684 1335 712 super
1348 678 1431 706 cmlns
1446 680 1630 709 misericordia
1644 685 1705 709 tua:

961 720 987 746 9.
1002 719 1034 746 Et
1050 728 1135 755 usque
1150 721 1183 748 ad
1200 723 1285 751 nubes
1301 724 1400 752 veritas
1417 729 1472 752 tua.

962 764 995 791 10
1017 765 1143 794 Exaltare
1156 775 1238 803 super
1253 769 1353 801 celos,
1369 769 1441 797 Deus
1456 780 1462 796 :

961 810 1005 838 11.
1022 811 1053 839 Et
1068 820 1149 848 super
1164 821 1271 842 omnem
1287 819 1386 842 terram
1401 816 1486 851 gloria
1504 822 1558 845 tua.

961 856 1002 883 12.
1022 856 1057 884 Ut
1072 858 1221 887 liberentur
1235 860 1325 888 dilecti
1339 862 1377 888 tui
1390 869 1397 887 :

961 901 1003 929 15.
1022 902 1133 931 Salvum
1149 905 1191 932 fac
1202 906 1312 934 dextera
1328 911 1384 940 tua,
1399 913 1426 934 et
1439 909 1536 935 exaudi
1551 916 1603 936 me.

962 947 1002 974 11.
1022 948 1093 977 Deus
1111 950 1219 979 locutus
1233 955 1275 979 est
1290 953 1317 979 in
1333 958 1428 980 sanclo
1443 962 1495 982 suo
1511 962 1517 980 ε

960 993 1003 1020 15.
1022 994 1176 1029 Exaltabor,
1190 1002 1216 1025 et
1229 997 1346 1025 dividam
1361 997 1509 1026 Sichimam

644 1125 832 1154 ATHANASII
854 1126 1146 1155 INTERPRETATIO.

122 1201 157 1228 Ἦ
171 1201 338 1237 προκειμένη
355 1202 496 1238 ἐπιγραφὴ
521 1202 645 1239 περιέχει
659 1203 717 1239 (1)·
746 1204 815 1239 ’ῼόὴ
830 1203 952 1239 ψαλμοῦ
966 1203 1006 1236 τῷ
1017 1204 1116 1238 Δαϐιδ,
1129 1206 1198 1241 ὅπερ
1210 1206 1390 1242 ἑρμηνεύεται
1403 1208 1434 1234 τδ
1445 1207 1522 1245 ᾆσμα
1533 1209 1579 1237 τοῦ
1593 1210 1700 1246 ψαλμοῦ

74 1246 122 1280 τῷ
136 1248 229 1281 ἱκανῷ
247 1248 284 1283 τῇ
296 1250 385 1284 χειρὶ,
399 1250 522 1277 τουτέστι
533 1250 574 1286 τῷ
588 1250 645 1286 Υῑῷ
661 1250 709 1278 τοῦ
728 1251 796 1279 Θεοῦ
812 1251 862 1288 (2).

116 1306 226 1334 Titulus
237 1307 399 1342 praepositus
412 1307 535 1336 continet
549 1317 555 1335 :
569 1307 709 1335 Canticum
724 1311 822 1344 psalmi
836 1311 931 1342 Dauid,
948 1310 1021 1345 quod
1035 1310 1237 1344 interpretatur,
1254 1310 1397 1340 Canticum
1414 1314 1511 1347 psalmi
1530 1324 1608 1343 manu
1622 1318 1699 1352 forti!

75 1352 135 1380 hoc
148 1357 193 1380 est
206 1351 253 1379 Dei
269 1351 349 1379 Filio.

115 1411 143 1437 1.
161 1411 208 1442 Είς
219 1410 249 1436 τὸ
264 1409 422 1442 δοξάζεσθαι
439 1410 476 1447 (3)
490 1410 539 1447 τὴν
558 1411 637 1448 χάριν
651 1421 709 1439 σου.

113 1456 142 1482 2.
161 1456 207 1482 Ἐν
220 1455 379 1490 ἀγαλλιάσει
393 1455 444 1491 τῆς
460 1457 570 1492 χάριτός
586 1466 633 1484 σου
647 1458 726 1493 ψαλῶ
741 1459 790 1494 (4).

113 1499 142 1526 3.
157 1498 234 1526 Ἐλθὲ
246 1500 275 1526 ἐν
292 1501 324 1535 τῇ
340 1499 443 1535 διανοίᾳ
457 1509 519 1535 μου,
530 1502 545 1527 ό
558 1502 625 1534 Θεός
637 1502 686 1538 (5).

113 1544 142 1571 4.
160 1545 216 1572 Καὶ
229 1545 384 1573 διανίστασο
397 1547 435 1582 (6)
450 1547 481 1573 τὺ
498 1547 606 1583 πνεῦμά
623 1557 674 1583 μου
693 1549 742 1576 σὺν
759 1551 792 1584 τῇ
808 1550 867 1576 δια-

74 1589 140 1626 νοίᾳ
156 1599 218 1625 μου.

114 1612 142 1662 5':
153 1612 237 1662 Γοταν
247 1636 368 1673 φωτίσῃς
380 1646 413 1673 με
423 1637 468 1664 διὰ
477 1638 525 1674 τῆς
533 1638 643 1674 χάριτός
656 1648 711 1673 σου,
720 1640 779 1668 τότε
793 1641 868 1677 ὲξερ-
881 1612 901 1640 c

76 1679 197 1715 θήσομαι
214 1680 252 1716 (7)
273 1682 306 1717 τῇ
320 1682 429 1718 καρδίᾳ.

113 1725 141 1752 ϐ.
156 1726 316 1762 ’Δνυμνήσω
331 1736 361 1753 σε
375 1728 404 1753 ὲν
416 1727 501 1759 λαοῖς,
515 1729 611 1763 Κύριε.

112 1771 141 1798 7.
157 1771 266 1803 Δοξάσω
282 1780 312 1798 σε
333 1773 363 1799 ὲν
381 1774 437 1805 τοῖς
449 1773 562 1800 ἔθνεσιν.

112 1817 140 1844 8.
157 1817 310 1853 Διηγοῦμεν
325 1818 364 1854 (8)
379 1820 472 1851 πᾶσιν,
489 1820 530 1846 ὃτι
544 1820 629 1852 πολὺς
639 1821 653 1847 ό
666 1822 760 1856 μισθὸς
772 1823 786 1849 ό
798 1823 866 1850 ἀπο-

74 1861 205 1897 κείμενος
217 1865 273 1895 τοϊς
287 1863 416 1897 ἀγαπῶσι
431 1873 472 1891 σε.

111 1908 139 1936 9.
157 1909 213 1935 Καὶ
238 1910 255 1945 ὴ
278 1909 430 1944 ἐπαγγελία
444 1911 499 1938 τῶν
521 1911 671 1947 μελλόντων
689 1912 798 1947 ἀγαθῶν
814 1914 866 1946 ἕως

71 1953 132 1980 τῶν
147 1953 233 1987 ἁγίων
248 1954 287 1989 (9)
300 1954 355 1982 τῶν
369 1957 579 1991 κεχωρισμένων
591 1958 624 1984 ὲκ
636 1958 685 1994 τῆς
700 1958 762 1993 γῆς.

111 2000 157 2026 10.
175 2000 358 2036 Ἀναλήφθητι
371 2002 416 2028 ἐπὶ
431 2003 495 2034 τοὺς
510 2003 658 2038 οὐρανοὺς,
672 2004 686 2030 ό
701 2004 776 2037 Θεός.

114 2045 157 2073 11.
176 2046 231 2073 Καὶ
244 2046 290 2073 ἐπὶ
306 2047 394 2074 πάντα
403 2048 437 2074 τὰ
447 2048 510 2085 ἔθνη
524 2049 555 2075 τὺ
567 2049 697 2085 κήρυγμα
711 2050 765 2077 τῶν
778 2051 865 2087 παθη-

74 2092 172 2128 μάτων
189 2101 236 2120 σου
255 2093 322 2129 (10).

110 2139 155 2167 12.
172 2140 204 2165 Οί
216 2140 388 2172 πιστεύοντες
402 2142 441 2173 εις
455 2141 497 2168 σέ.

111 2184 156 2212 15.
175 2185 343 2212 Ἐπάκουσόν
366 2195 427 2222 μου,
442 2186 490 2213 καὶ
504 2186 589 2213 σῶσον
600 2188 633 2223 τῆ
651 2188 723 2223 ἰσχύϊ
738 2197 796 2216 σου.

110 2229 156 2257 11.
174 2230 275 2256 Λοιπδν
291 2231 305 2257 ό
319 2230 385 2262 Θεδς
404 2231 490 2265 Λόγος
506 2232 680 2268 ἀποκρίνεται
694 2232 739 2259 διὰ
753 2233 801 2259 τοῦ
815 2242 861 2269 χο-

74 2275 124 2311 ροῦ
137 2276 194 2302 τῶν
207 2276 354 2312 προφητῶν
367 2285 375 2292 ο

110 2322 155 2349 15.
170 2322 252 2350 ὀταν
270 2323 419 2359 σταυρωθῶ
431 2343 439 2356 ,
462 2324 523 2352 τότε
547 2324 651 2357 πάντας
671 2325 735 2357 τοὺς
751 2326 864 2358 πιστοὺς

72 2368 183 2394 ἑλκύσω
198 2368 267 2403 πρὸς
283 2369 410 2404 ἐμαυτόν.
434 2370 540 2405 Σίκιμα
562 2371 616 2406 γὰρ
637 2372 815 2408 ἑρμηνεύεται
842 2373 861 2406 ἡ

71 2414 282 2441 ἀναϐαίνουσα
292 2434 300 2447 ,
326 2415 465 2442 τουτέστιν
478 2417 495 2451 ἡ
519 2416 549 2448 ἐξ
563 2416 647 2443 ὲθνῶν
662 2417 826 2453 Ἐκκλησία·
844 2419 860 2454 ἢ

71 2459 155 2486 πάλιν
175 2460 192 2495 ἡ
207 2459 327 2486 ποθοῦσα
341 2459 414 2496 ψυχὴ
426 2461 472 2487 τὸν
483 2461 602 2497 Κύριον
616 2462 726 2498 χωρίζει
741 2463 794 2499 γὰρ
805 2463 860 2499 (11)

70 2506 104 2531 ἐκ
119 2504 168 2531 τοῦ
185 2504 304 2539 κόσμου·
322 2505 339 2540 ἢ
364 2505 445 2533 πάλιν
466 2505 540 2533 ἔστιν
557 2506 644 2539 ἄλλως
664 2506 800 2543 θεωρῆσαι
813 2508 859 2534 τὸν

70 2549 175 2585 Κύριον
188 2549 316 2583 λέγοντα,
330 2550 372 2576 ὅτι
388 2550 471 2576 Ὅταν
483 2551 640 2586 σταυρωθῶ,
653 2552 686 2579 τὰ
702 2552 859 2588 χαρίσματα

71 2603 123 2628 μου
137 2594 288 2630 διαμερίσω
299 2596 356 2627 τοῖς
372 2595 544 2623 πιστεύουσιν
558 2597 598 2629 είς
612 2597 672 2632 ἐμέ.

956 1405 981 1433 1.
997 1406 1036 1433 Ad
1053 1405 1255 1441 gloriﬁcandam
1271 1407 1386 1443 gratiam
1400 1415 1484 1436 tuam.

954 1451 981 1478 2.
996 1451 1025 1479 lu
1042 1453 1222 1480 exsultatione
1237 1454 1331 1488 gratiae
1348 1459 1401 1482 tua!
1417 1455 1540 1490 psallam.

954 1497 981 1524 3.
997 1497 1064 1525 Veni
1080 1498 1106 1526 in
1123 1504 1241 1526 mentem
1255 1507 1355 1531 meam,
1370 1499 1441 1528 Deus

954 1544 979 1571 ι.
995 1543 1027 1570 Ει
1041 1552 1163 1579 assurge,
1179 1546 1292 1580 spiritus
1309 1553 1386 1574 meus
1398 1553 1459 1573 cum
1478 1551 1568 1575 mente
1584 1555 1653 1575 mea-

953 1634 981 1661 5.
990 1634 1058 1661 Cum
1074 1634 1240 1663 illuminabis
1253 1643 1295 1662 me
1307 1636 1393 1670 gratia
1406 1640 1463 1670 tua,
1473 1641 1538 1665 tunc
1552 1645 1696 1673 exsurgam

917 1680 1008 1708 corde.

952 1725 978 1751 6.
994 1725 1123 1753 Laudabo
1139 1730 1164 1753 te
1177 1725 1204 1753 in
1220 1726 1336 1761 populis,
1352 1726 1474 1754 Domine.

952 1770 978 1796 7.
990 1770 1151 1799 Glorilicabo
1162 1776 1189 1799 te
1206 1772 1232 1798 in
1248 1772 1382 1806 gentibus.

951 1816 978 1843 8.
993 1816 1170 1845 Narrabimus
1186 1818 1313 1846 omnibus
1323 1838 1332 1851 ,
1348 1819 1477 1853 quoniam
1493 1821 1577 1847 multa
1592 1828 1696 1850 merces

916 1862 1034 1896 reposita
1050 1867 1092 1890 est
1106 1863 1279 1898 diligentibus
1295 1868 1330 1891 te.

950 1909 977 1936 9.
994 1909 1026 1936 Et
1043 1910 1188 1944 promissio
1216 1909 1370 1937 futurorum
1395 1912 1527 1939 bonorum
1550 1920 1637 1948 usque
1661 1913 1696 1941 ad

916 1958 1034 1986 sanctos,
1048 1954 1094 1988 qui
1107 1955 1224 1989 separati
1240 1958 1303 1982 sunt
1318 1962 1333 1982 a
1347 1960 1428 1982 terra.

950 1999 994 2026 10.
1010 1999 1133 2027 Asceude
1147 2008 1228 2036 super
1243 2000 1337 2034 ccelos,
1351 2001 1431 2029 Deus.

950 2046 993 2073 11.
1005 2045 1038 2073 Et
1051 2054 1132 2080 super
1144 2054 1240 2074 omnes
1254 2052 1348 2082 gentes
1362 2048 1520 2082 praedicatio
1534 2049 1694 2084 passionum

915 2097 1033 2119 tuarum.

951 2138 992 2165 l2.
1010 2137 1156 2166 Credentes
1167 2139 1196 2165 ln
1211 2143 1246 2166 te.

949 2183 993 2210 13.
1008 2182 1110 2210 Exaudi
1125 2191 1179 2215 me,
1194 2189 1221 2211 et
1236 2184 1309 2211 salva
1326 2184 1481 2212 fortitudine
1495 2190 1551 2212 tua.

951 2228 992 2255 11.
1011 2227 1111 2256 Deinde
1128 2227 1199 2256 Deus
1215 2228 1332 2256 Verbum
1352 2230 1496 2264 respondet
1516 2238 1564 2265 per
1578 2231 1692 2259 chorum

879 2281 902 2308 ι)
914 2274 1107 2309 prophetarum
1126 2284 1132 2301 :

947 2321 991 2348 15.
1013 2320 1082 2347 Cum
1103 2321 1250 2348 cruciﬁxus
1274 2321 1367 2355 fuero,
1395 2326 1459 2350 tunc
1479 2331 1573 2352 omnes
1599 2324 1691 2352 ﬁdeles

911 2367 1016 2394 traham
1036 2367 1069 2393 ad
1086 2374 1129 2393 me
1146 2367 1245 2401 ipsum.
1271 2366 1388 2395 Sichima
1404 2368 1475 2396 enim
1499 2369 1691 2404 interpretatur

909 2413 1061 2443 ascendam.
1084 2413 1136 2440 hoc
1154 2418 1197 2440 est
1209 2412 1329 2441 Ecclesia
1345 2421 1376 2441 ex
1393 2414 1534 2449 gentibus;
1554 2420 1601 2442 aut
1611 2415 1689 2442 aliter

910 2458 1001 2486 anima
1028 2458 1186 2486 desiderans
1218 2458 1380 2491 Dominum,
1415 2460 1517 2487 secedit
1550 2461 1622 2488 enim
1654 2462 1688 2489 de

911 2505 1030 2538 mundo;
1045 2509 1091 2531 aut
1112 2504 1210 2531 iterum
1231 2504 1285 2532 alio
1303 2504 1384 2532 modo
1397 2505 1540 2541 allegorice
1559 2507 1687 2542 explicari

911 2551 969 2579 haec
988 2555 1102 2586 possunt
1122 2551 1154 2579 de
1177 2551 1290 2579 Domino
1312 2552 1418 2580 dicente
1436 2561 1443 2579 :
1458 2553 1526 2581 Cum
1543 2553 1689 2582 cruciﬁxus

909 2597 997 2630 fuero,
1007 2597 1125 2625 dividam
1138 2598 1208 2625 dona
1225 2606 1284 2626 mea
1299 2599 1471 2627 credentibus
1489 2599 1516 2626 in
1530 2607 1583 2628 me.

545 2673 699 2705 Addenda
719 2678 749 2705 et
762 2673 951 2713 corrigenda
966 2683 1006 2704 ex
1021 2674 1092 2705 cod.
1110 2674 1210 2705 Vatic.

105 2735 145 2772 (1)
209 2734 253 2772 διὰ
264 2735 313 2772 si;
328 2735 511 2772 κινναϐάρεως
526 2735 657 2772 περιέχει.

106 2770 144 2806 (2)
165 2769 233 2806 θεοῦ
247 2769 364 2806 εἴρηται.

106 2805 143 2839 (3)
157 2804 299 2837 Δέξασθαι.

116 2839 145 2875 1)
161 2839 255 2875 ill/.14)
272 2847 325 2866 non
344 2840 451 2875 legitur.

160 2873 262 2909 Καρδίᾳ
277 2883 338 2909 μου,
353 2873 443 2906 όθιός
459 2883 518 2910 μου.

117 2908 145 2944 6)
158 2908 341 2944 Διαναστησω.

1000 2737 1227 2777 ῌξεγερθήσομαι.

942 2772 980 2805 (8)
995 2772 1185 2806 Διηγούμενος.

941 2806 978 2839 (9)
1002 2807 1098 2839 ’Λγίων
1118 2816 1173 2833 σου.

942 2841 996 2875 (10)
1012 2841 1146 2875 Metili]:th
1164 2851 1219 2868 σου.

943 2876 996 2912 (11)
1013 2877 1068 2913 Γάρ
1082 2877 1175 2913 αὐτὴν.
