4018 6482
160 394 307 450 1137
1092 398 1182 454 DE
1223 399 1499 456 'l‘lTULlS
1537 399 2288 458 PSALMORL'M.—PSAL.
2323 401 2506 456 CVIII.
3291 406 3430 468 H38

235 513 329 568 99.
377 514 464 566 Ἐν
494 513 572 585 τῷ
605 513 725 585 Θεῷ
753 514 1052 585 ποιήσομεν
1097 516 1349 588 δύναμιν,
1780 524 1822 580 Α

1274 535 1349 582 ιν,
1780 524 1826 580 Α
1923 519 2015 573 29.
2048 517 2104 572 In
2139 517 2248 573 Deo
2276 517 2542 574 faciemus
2562 518 2819 575 virtutem
2848 539 2861 575 :

233 609 328 662 30.
360 608 468 660 Καὶ
494 605 656 670 αὐτὸς
684 607 1026 675 ὲξουδενώσει
1051 610 1177 673 τοὺς
1207 611 1435 682 ἐχθροὺς
1467 612 1644 682 ἡμῶν.

1927 609 2014 665 '50.
2052 607 2118 663 Et
2142 610 2254 680 ipse
2284 608 2352 664 ad
2387 609 2618 664 nihilum
2643 611 2874 667 deducet
2906 611 3160 668 inimicos
3183 625 3425 674 nostros.

243 721 353 785 Εἰς
383 718 449 772 τὸ
478 718 670 783 τέλος·
705 719 947 788 ψαλμὸς
987 718 1064 785 τῷ
1088 719 1284 774 Δαϐίδ.
1325 723 1499 776 ΨΑΛ.
1533 725 1665 777 PII'.

1995 723 2062 778 In
2095 725 2250 794 ﬁnem
2279 740 2298 778 :
2324 724 2576 778 Psalmus
2610 723 2800 780 David.
2828 724 3036 782 PSAL.
3067 725 3287 782 CVIII.

240 830 294 884 1.
339 831 397 884 Ὀ
417 830 572 894 Θεὸς,
604 830 702 901 τὴν
734 830 940 884 αῖνεσίν
977 849 1078 902 μου
1119 832 1193 904 μὴ
1221 835 1662 907 παρασιωπήσῃς
1683 853 1698 867 ·

1433 835 1662 907 ωπήσῃς
1683 853 1698 867 ·
1926 836 1977 888 1.
2011 834 2174 902 Deus,
2201 836 2416 892 laudem
2454 852 2631 892 meam
2662 853 2728 893 ne
2754 839 3019 895 tacueris:

237 922 297 975 2.
325 924 451 977 Ὅτι
487 923 659 994 στόμα
690 923 1014 995 ἀμαρτωλοῦ
1038 964 1052 988 ,
1102 926 1197 978 καὶ
1247 926 1422 997 στόμα
1459 926 1630 980 δολίου
1665 929 1751 981 ἐπ’

1925 926 1980 980 2.
2011 927 2149 994 Quia
2172 943 2235 983 os
2259 933 2585 999 peccatoris,
2606 939 2659 986 et
2689 946 2753 987 os
2779 930 2956 987 dolosi
2977 945 3140 1003 super
3162 948 3249 989 me
3275 949 3431 1006 aper-

158 1011 274 1080 ιμὲ
303 1012 550 1082 ἠνοίχθη.

516 1030 550 1082 ι.
1855 1028 1969 1074 tum
2001 1031 2103 1076 cst.

238 1107 296 1160 5.
338 1104 635 1177 Ἑλὰλησαν
659 1109 777 1160 κατ’
798 1106 932 1178 ἐμοῦ
957 1106 1182 1179 γλώσσῃ
1211 1109 1362 1179 δολία
1384 1127 1395 1138 ·

1926 1111 1979 1165 3.
2016 1109 2207 1166 Loculi
2232 1123 2361 1168 sunt
2390 1115 2684 1171 adversum
2716 1129 2804 1170 me
2830 1115 3016 1186 lingua
3039 1115 3230 1172 dolosa
3255 1136 3268 1172 :

240 1199 301 1253 4.
337 1199 446 1251 Καὶ
478 1199 657 1267 λόγοις
687 1199 878 1270 μίσους
903 1199 1220 1254 ἐκύκλωσαν
1248 1219 1314 1271 με
1339 1220 1351 1232 ·

1927 1203 1978 1256 4.
2013 1202 2078 1256 Ει
2105 1205 2451 1260 sermonibus
2486 1206 2596 1260 odii
2629 1205 3104 1262 circumdederunt
3125 1221 3254 1263 me:

241 1292 302 1348 5.
335 1293 445 1346 Καὶ
472 1292 822 1364 ὲπολέμησάν
873 1310 939 1363 με
974 1293 1202 1364 δωρεάν.

1927 1295 1980 1349 5.
2017 1294 2082 1348 Et
2105 1306 2555 1366 expugnaverunt
2583 1312 2669 1353 me
2695 1300 2881 1368 gratis.

239 1384 300 1438 6.
337 1384 482 1438 ’Λντὶ
513 1383 608 1438 τοῦ
643 1385 866 1454 ἀγαπᾷν
894 1402 960 1456 με
995 1385 1331 1439 ὲνδιέδαλλόν
1367 1405 1434 1458 με
1455 1405 1468 1418 ·

1926 1387 1980 1441 6.
2013 1386 2118 1441 Pro
2142 1403 2206 1443 eo
2235 1397 2296 1442 ut
2320 1404 2406 1444 me
2440 1389 2749 1461 diligerent,
2784 1391 3142 1448 detrahebant
3167 1391 3336 1447 mihi:

240 1476 300 1531 7.
343 1473 484 1544 Ἐγὼ
506 1475 561 1529 δὲ
594 1477 1005 1549 προσηυχὸμην.

1929 1479 1980 1532 7.
2016 1480 2127 1550 Ego
2156 1490 2334 1536 autem
2363 1482 2608 1538 orabam.

240 1566 300 1620 8.
327 1569 436 1621 Καὶ
461 1567 644 1621 ἔθεντο
671 1569 794 1622 κατ’
822 1568 958 1641 ἐμοῦ
993 1570 1138 1625 κακά
1168 1571 1288 1624 ἀντὶ
1313 1571 1530 1640 ἀγαθῶν
1562 1589 1574 1602 ·

1928 1575 1983 1630 8.
2021 1574 2088 1628 Et
2118 1588 2420 1645 posuerunt
2455 1577 2743 1632 adversum
2790 1592 2878 1633 me
2924 1577 3066 1632 mala
3106 1592 3208 1650 pro
3238 1578 3427 1636 bonis:

241 1663 298 1715 9.
333 1663 443 1716 Kal.
473 1664 629 1732 μῖσος
650 1665 772 1717 ἀντὶ
800 1663 901 1734 τῆς
926 1663 1258 1735 ἀγαπήσεώς
1285 1683 1410 1734 μου.

1312 1683 1410 1720 ιου.
1929 1667 1982 1722 9.
2015 1665 2081 1721 Et
2105 1666 2288 1721 odium
2319 1681 2418 1736 pro
2440 1667 2731 1723 dilectione
2758 1684 2899 1725 mea.

245 1755 334 1809 10.
367 1755 728 1826 Κατάστησον
757 1758 842 1808 ἐπ’
866 1756 1030 1810 αὑτὸν
1056 1757 1383 1829 ἁμαρτωλὸν
1404 1773 1419 1787 ·

1934 1757 2021 1814 l0.
2053 1757 2337 1815 Constitue
2369 1775 2535 1830 super
2562 1774 2687 1815 eum
2717 1770 3095 1831 peccatorem:

247 1849 337 1905 11.
373 1851 483 1904 Καὶ
513 1851 760 1915 διάϐολος
795 1853 975 1922 στήτω
997 1852 1062 1905 ὲκ
1094 1851 1285 1916 δεξιῶν
1307 1850 1472 1905 αὑτοῦ
1790 1866 1834 1920 Β

1421 1850 1472 1904 οὗ
1790 1866 1834 1920 Β
1935 1854 2020 1908 ll.
2050 1852 2115 1907 Et
2146 1853 2397 1909 diabolus
2427 1861 2531 1909 stet
2563 1868 2594 1907 a
2628 1853 2837 1908 dextris
2868 1855 3008 1925 ejus.

245 1941 336 1994 12.
381 1943 468 1996 Ἐν
490 1943 568 2014 τῷ
597 1943 878 2014 κρίνεσθαι
915 1936 1098 2012 αὑτὸν,
1152 1943 1358 2009 ἐξέλθοι
1394 1943 1751 1997 καταδεδικα-

1704 1960 1751 1996 ι-
1933 1944 2018 1998 l2.
2050 1943 2186 1998 Cum
2214 1944 2494 2014 judicatur
2519 1943 2657 2012 ipse,
2685 1955 2841 2001 exeat
2861 1946 3291 2003 condemnatus.

166 2032 373 2106 σμένος
402 2049 414 2063 ·

1308 2218 1683 2274 ATHANASII
1735 2213 2321 2272 INTERPRETA'IIO.

245 2397 338 2453 9.9.
386 2398 472 2450 Ἐν
533 2396 609 2468 τῷ
664 2396 782 2468 Θεῷ
817 2397 905 2451 διὰ
960 2395 1060 2468 τῆς
1101 2396 1337 2460 πίστεως
1388 2395 1617 2463 δύναμιν
1664 2395 1765 2447 θῶ-

1664 2395 1765 2447 θῶ-
1939 2391 2032 2449 29.
2065 2391 2125 2448 In
2151 2390 2264 2449 Deo
2285 2407 2382 2464 per
2411 2390 2570 2447 ﬁdem
2596 2391 2853 2446 virtutem
2883 2388 3222 2461 reponimus.

221 2510 281 2544 εν
339 2490 361 2544 1
403 2529 413 2544 .

169 2511 215 2562 μ
247 2491 340 2636 3οῗ
367 2492 476 2637 Kal
496 2582 658 2646 αὐτὸς
678 2581 924 2645 ἀσθενεῖς
946 2584 1164 2652 ποιήσει
1182 2582 1308 2644 τοὺς
1325 2580 1552 2652 ἐχθροὺς
1578 2575 1755 2650 ἡμῶν.

1712 2594 1755 2632 ν.
1938 2573 2031 2631 30.
2056 2574 2122 2631 Et
2147 2575 2265 2646 ipse
2293 2573 2542 2628 inﬁrmos
2571 2574 2757 2630 reddet
2782 2573 3036 2630 inimicos
3049 2568 3299 2632 'nostros.

263 2757 328 2810 'll
361 2757 697 2829 προκειμένη
733 2758 1014 2828 ἐπιγραφὴ
1044 2759 1289 2828 περιέχει
1321 2758 1399 2827 (2)
1423 2773 1438 2787 ο
1469 2758 1597 2808 Ὅτι
1625 2756 1660 2809 ό
1686 2754 1930 2826 ψαλμὸς
1957 2756 2046 2819 εις
2072 2753 2145 2808 τὰ
2166 2752 2309 2822 τέλη
2330 2753 2556 2822 εἴρηται
2585 2753 2702 2808 τῶν
2727 2755 3082 2824 μελλόντων
3100 2755 3442 2826 συμϐήσειυ

168 2850 259 2917 τῷ
283 2850 468 2916 ἱκανῴ
499 2849 575 2919 τῇ
597 2851 769 2920 χειρὶ,
812 2851 1056 2903 τουτέστι
1083 2849 1160 2920 τῷ
1201 2848 1312 2919 Υἱῴ
1344 2848 1438 2902 τοῦ
1472 2847 1629 2902 Θεοῦ.

259 2941 477 3000 Titulus
507 2945 832 3016 pmpositus
860 2945 1105 3000 continet
1133 2963 1144 2998 :
1174 2943 1326 3008 Quod
1357 2941 1606 2996 Psalmus
1638 2942 1816 2998 dictus
1847 2950 1925 3000 est
1953 2945 2020 2999 de
2055 2942 2123 2998 iis
2153 2953 2272 3010 quae
2307 2939 2361 2991 in
2396 2937 2496 2991 ﬁne
2516 2945 2762 2992 eventura
2784 2949 2932 2994 erant
2963 2955 3124 2994 manu
3150 2939 3300 3009 forti,
3341 2941 3440 2995 hoc

176 3053 274 3097 est
297 3041 393 3097 Dei
418 3039 577 3096 Filio.

257 3218 305 3270 l.
349 3218 408 3268 '0
441 3216 571 3280 Θεὸς
619 3218 647 3268 ὁ
697 3215 888 3286 Πατήρ
926 3232 1051 3286 μου,
1082 3216 1110 3267 ὁ
1152 3214 1310 3285 μόνος
1353 3231 1420 3285 με
1450 3211 1756 3281 γινώσκων,
1785 3218 1829 3276 C

1929 3211 1981 3267 1.
2015 3209 2160 3268 Deus
2188 3211 2347 3268 Pater
2375 3227 2552 3280 meus,
2577 3211 2672 3282 qui
2697 3211 2848 3268 solus
2876 3226 2963 3266 me
2986 3213 3295 3283 cognoscis,
3325 3214 3444 3284 glu-

173 3309 281 3379 τὴν
315 3306 474 3371 δόξαν
509 3325 606 3378 μου
637 3308 954 3379 φανέρωσον
979 3308 1063 3370 τίς
1099 3307 1356 3379 ὑπάρχει.

1279 3324 1356 3378 μει.
1866 3301 2006 3357 riam
2034 3317 2212 3357 meam
2242 3300 2531 3356 manifesta
2558 3300 2735 3370 qualis
2762 3307 2866 3354 est.

251 3401 309 3455 2.
349 3401 469 3453 ’Ότι
497 3400 570 3463 ὼς
608 3399 705 3454 ἕνα
732 3399 842 3452 τῶν
865 3399 1168 3472 ἀνθρώπων
1190 3392 1346 3462 οὗτος
1378 3402 1408 3452 ὁ
1444 3397 1766 3472 ἁμαρτωλὸς

1939 3395 1995 3450 2.
2033 3393 2303 3460 Quoniam
2328 3392 2497 3448 veluti
2549 3392 2617 3446 ad
2667 3406 2837 3445 unum
2886 3405 2952 3446 ex
2989 3392 3322 3457 hominibus,
3370 3394 3443 3448 ita

173 3494 206 3544 ὁ
244 3493 321 3559 (5)
385 3490 581 3552 Ἰούδας
616 3491 754 3559 μετά
802 3490 952 3542 δόλου
983 3487 1147 3560 ἦλθεν
1199 3490 1422 3560 φιλῆσαί
1469 3508 1537 3559 με
1561 3489 1760 3558 λέγων·

1867 3496 2122 3556 peccator
2154 3485 2323 3541 Judas
2365 3501 2488 3540 cum
2540 3485 2666 3541 dolo
2695 3485 2843 3540 venit
2867 3485 2935 3539 ad
2972 3484 3327 3541 osculandum
3357 3502 3441 3540 me

178 3581 384 3648 Χαῖρε,
416 3580 636 3634 Ῥαϐϐί.

1868 3577 2054 3631 dicens
2078 3594 2092 3630 ε
2125 3577 2252 3643 Ave,
2282 3574 2450 3629 Rabbi
2475 3577 2540 3630 ⁸⁹.

257 3674 310 3727 5.
350 3671 612 3725 Συνέθετο
649 3670 787 3742 μετὰ
811 3671 920 3724 τῶν
969 3671 1235 3725 Ἰουδαίων
1269 3674 1455 3724 λαοετν
1489 3672 1566 3738 (4)
1595 3669 1762 3743 ἀργύ-

1940 3669 1993 3724 5.
2024 3667 2291 3722 Convenit
2311 3683 2438 3723 cum
2459 3667 2665 3723 ludatis
2689 3675 2974 3738 argentum
3005 3668 3075 3722 ab
3096 3669 3178 3725 eis
3201 3669 3446 3741 accipere

182 3784 280 3837 ρια
312 3765 440 3836 παρ’
471 3765 669 3827 αὐτῶν,
712 3764 808 3817 καὶ
837 3765 1170 3835 παραδοῦναί
1203 3782 1291 3835 με.

753 3764 808 3817 a‘t
837 3765 1170 3835 παραδοῦναί
1203 3782 1291 3835 με.
1871 3769 1933 3816 ut
1967 3777 2052 3816 me
2076 3763 2340 3817 traderet.

260 3860 312 3913 4.
347 3861 458 3913 Καὶ
497 3858 914 3928 βουλευσάμενοι
950 3858 1268 3912 ὲκύκλωσάν
1306 3876 1391 3929 με.

1942 3857 1996 3913 4.
2029 3857 2096 3913 Ει
2125 3857 2261 3913 inito
2287 3856 2518 3913 consilio
2542 3855 3019 3912 circumdederunt
3054 3872 3160 3912 me.

264 3953 314 4004 Pi.
354 3951 464 4004 Kal.
501 3951 638 4020 μετά
666 3950 839 4016 ξύλων
867 3952 960 4003 καὶ
997 3950 1280 4021 μαχαιρῶν
1329 3951 1575 4015 ἐλθόντες
1608 3951 1774 4022 ἐκρά-

1939 3951 1992 4006 5.
2033 3950 2247 4006 Etcum
2289 3949 2525 4005 fustibus
2568 3957 2623 4004 et
2650 3949 2845 4018 gladiis
2878 3950 3160 4006 venientes
3195 3964 3446 4017 compre-

185 4042 366 4112 τησάν
393 4058 459 4112 με
483 4041 702 4105 ἀδίκως.

1873 4044 2182 4100 henderunt
2214 4058 2301 4099 me
2329 4042 2549 4113 injuste.

264 4137 318 4188 ti.
367 4134 541 4206 ’Υπὲρ
571 4127 644 4187 ὧν
664 4133 895 4203 ὤφειλον
924 4134 1142 4205 ἀγαπᾷν
1191 4152 1259 4206 με
1286 4175 1301 4201 ,
1331 4136 1412 4189 ὅτι
1458 4136 1582 4200 τοὺς
1615 4135 1776 4190 ἀσθε-

1943 4135 1998 4190 6.
2025 4133 2130 4190 Pro
2161 4135 2228 4189 iis
2263 4135 2334 4189 ob
2363 4150 2485 4205 quae
2514 4134 2778 4188 debebant
2804 4148 2891 4188 me
2910 4133 3154 4204 diligere,
3183 4133 3331 4204 quod
3358 4150 3450 4191 eo-

186 4228 417 4290 νοῦντας
448 4227 626 4280 αὐτῶν
662 4227 922 4298 ἰασάμην,
945 4228 1285 4298 κατηγόρουν
1308 4245 1407 4299 μου
1443 4228 1543 4298 (5).

1443 4228 1543 4298 (5).
1875 4244 1995 4283 rum
2033 4227 2278 4282 inﬁrmos
2300 4226 2510 4291 sanavi,
2540 4225 2869 4282 accusabant
2902 4240 3009 4280 me.

266 4321 321 4372 7.
373 4319 516 4388 Ἐγὼ
543 4319 598 4372 δὲ
626 4320 1019 4390 προσηυχόμην
1038 4319 1208 4372 τύπον
1229 4323 1338 4383 τοῖς
1372 4321 1640 4392 μαθηταῖς
1674 4338 1774 4392 μου

1952 4321 2004 4374 7.
2037 4317 2150 4389 Ego
2180 4328 2360 4374 autem
2407 4318 2654 4382 orabam,
2698 4317 3006 4386 exemplum
3036 4317 3283 4387 pra-hens
3313 4320 3450 4375 meis

186 4412 371 4474 διδοὺς
409 4413 466 4463 ὲν
494 4410 671 4482 καιρῷ
705 4410 1018 4483 πειρασμοῦ
1051 4411 1223 4476 οὕτως
1246 4413 1668 4484 προσεύχεσθαι.

1879 4410 2164 4481 discipulis
2197 4418 2442 4479 tempore
2472 4407 2840 4462 tribulationis
2869 4407 3121 4462 similiter
3147 4422 3325 4464 orare.

265 4504 319 4559 8.
358 4504 466 4557 Καὶ
497 4501 703 4575 ῶρισαν
730 4505 1080 4577 ἀναιρεθῆναί
1123 4523 1193 4577 με
1237 4507 1358 4560 ἀντὶ
1383 4506 1489 4559 τῶν
1516 4506 1736 4576 ἀγαθῶν
1757 4547 1772 4574 ,
1808 4567 1843 4577 ,λ

1949 4504 2003 4559 8.
2041 4502 2107 4557 Et
2150 4510 2456 4557 statuerunt
2496 4516 2582 4556 me
2637 4500 2942 4556 interﬁcere
2989 4514 3090 4570 pro
3132 4499 3291 4555 bonis
3330 4515 3453 4572 qua:

191 4591 272 4650 ὧν
296 4595 384 4649 ἀεὶ
421 4567 697 4666 παρέσχον
728 4567 933 4659 αὐτοίς.
979 4567 991 4577 ’
1124 4567 1138 4577 ’
1564 4567 1575 4576 Ι
1758 4567 1769 4574 υ

864 4567 933 4659 ξς.
979 4567 991 4577 ’
1124 4567 1138 4577 ’
1564 4567 1575 4576 Ι
1758 4567 1769 4574 ’
1806 4567 1850 4622 D
1880 4610 2097 4666 semper
2121 4595 2202 4651 eis
2227 4594 2451 4665 praebui.

267 4688 319 4741 9.
361 4687 470 4739 Καὶ
505 4688 628 4740 ἀντί
653 4688 754 4759 τῆς
775 4689 1015 4760 ἀγάπης,
1043 4683 1112 4761 ἦς
1147 4689 1260 4763 ἐγὼ
1291 4689 1558 4759 ἠγάπησα
1585 4691 1782 4755 αὐτοὺς

1948 4691 2002 4745 9.
2029 4687 2096 4743 Et
2119 4704 2218 4760 pro
2245 4687 2538 4744 dilectione
2574 4701 2682 4759 qua
2721 4701 2817 4745 eos
2862 4703 2964 4761 ego
2994 4688 3180 4756 dilexi,
3210 4687 3338 4742 odio
3370 4702 3454 4742 me

193 4781 298 4851 (ϐ),
322 4780 548 4849 ἐμίσουν
576 4797 664 4850 με.

623 4797 664 4836 ε.
1881 4780 2210 4837 habuerunt.

271 4873 362 4937 10,
418 4871 504 4927 11.
555 4873 794 4944 Ἀρχέτω
848 4875 1052 4939 αὑτοῦ,
1112 4873 1207 4928 κα).
1281 4873 1623 4944 κυριευσάτω
1687 4873 1782 4926 ἀπ’

1954 4869 2041 4938 l0,
2079 4871 2164 4924 ll.
2190 4868 2248 4923 In
2297 4882 2364 4923 eo
2410 4866 2700 4938 imperium
2742 4882 2807 4923 ac
2834 4865 3262 4923 dominationem
3301 4877 3456 4918 exer-

197 4967 378 5037 ὰρχῆς
407 4963 484 5034 (7)
511 4965 834 5036 ἁμαρτωλὸς
858 4967 885 5018 ὀ
911 4965 1174 5028 διάϐολος.

1879 4971 1998 5021 ceat
2021 4963 2292 5028 diabolus,
2326 4960 2418 5031 qui
2454 4959 2558 5015 fuit
2590 4960 2660 5015 ab
2685 4959 2843 5014 initio
2869 4968 3144 5029 peccator.

275 5055 364 5108 i2.
404 5054 833 5125 Ἀναπολόγητος
861 5055 1002 5109 ἔστω
1024 5058 1083 5113 ὲν
1109 5058 1175 5129 τῇ
1194 5054 1379 5129 ἡμέρᾳ
1396 5054 1498 5127 τῆς
1528 5056 1760 5128 κρίσεως

1399 5054 1498 5127 τῆς
1528 5056 1760 5128 κρίσεως
1953 5056 2041 5112 l2.
2073 5054 2467 5113 lnexcusabilis
2487 5054 2559 5110 sit
2587 5053 2641 5108 in
2668 5054 2755 5109 die
2777 5052 2986 5126 judicii.

276 5238 322 5270 ⁸³
358 5236 546 5292 Matth.
583 5254 731 5304 “VI,
765 5237 852 5293 49.

1156 5379 1464 5464 Addenda
1502 5387 1564 5444 et
1596 5379 1970 5461 corrigenda
1999 5397 2080 5444 ex
2106 5381 2249 5444 cod.
2287 5377 2483 5440 Vatic.

278 5547 359 5622 (ἓ)
389 5546 826 5622 Αρηαμωθῶμενο
889 5621 898 5622 ί
925 5619 931 5622 _
1244 5620 1252 5622 _

810 5588 826 5603 .
889 5619 931 5622 ﬂ
1244 5620 1252 5622 _
1953 5550 2028 5622 (4)
2063 5550 2393 5622 Λαμὸἀνειν.

279 5605 454 5698 ζεδῇιί
480 5605 1487 5698 ἒιᾶ.τῆςξκιχνοξδάρξωξτξεριέκει·Εις
1521 5622 1773 5698 raras.
1953 5605 2032 5698 ἐξ)
2068 5605 2190 5698 Μοὶ-
2266 5694 2276 5698 _
2381 5605 2389 5606 ί
2462 5684 2488 5698 -
2562 5688 2573 5698 .
2644 5685 2655 5698 ,
2894 5683 2907 5698 .
2985 5681 2997 5696 .

279 5635 358 5687 (2}
408 5635 454 5672 ιι
480 5635 569 5674 οια
589 5635 691 5743 τὲς
714 5635 1082 5691 κινναοαρεως
1103 5635 1342 5692 περιέχει
1361 5638 1372 5650 ·
1394 5635 1487 5686 Et;
1521 5635 1579 5676 το
1602 5635 1773 5685 τεΑος,
1953 5635 2032 5692 (ὃ)
2068 5635 2190 5675 Μοι.
2985 5681 2997 5696 ι
3171 5677 3184 5695 ,

205 5689 422 5772 ψαλμὸς
445 5690 524 5772 τῶ
552 5693 631 5744 Aa
670 5691 736 5746 ίδ.
769 5692 936 5746 Τοῦτο
950 5689 1043 5746 οὖν
1064 5690 1232 5762 δηλοῖ,
1261 5693 1402 5760 Ὅτι,
1427 5703 1531 5749 etc.
1558 5693 1777 5763 Συμὸή-
2073 5694 2430 5772 ’ἀγαπήσεως
2457 5684 2524 5772 ᾖς
2554 5685 2817 5772 vim?“
2851 5683 3045 5745 αὐτους
3088 5683 3219 5751 ἐγω,
3255 5686 3359 5735 CW-

209 5763 409 5833 σεσραι
431 5763 528 5831 τῷ,
553 5775 659 5817 etc.

1959 5763 2036 5833 (7)
2067 5763 2241 5816 Αὑτοῦ
2271 5765 2299 5815 ὁ
2334 5763 2426 5816 ἀπ’
2454 5763 2646 5830 ἀρχῆς,
2677 5765 2778 5812 etc.

281 5831 360 5902 (3)
398 5831 450 5884 Ὀ
478 5834 648 5888 deest.
