4018 6460
639 333 774 390 1159
1477 337 1531 390 S.
1575 339 1949 395 ATHANASII
1989 338 2143 394 OPP.
2180 339 2359 393 PARS
2389 338 2476 394 lll.
2518 369 2588 380 -—
2623 340 3036 400 EXEGETICA.
3757 356 3890 407 1140

711 450 795 504 15.
825 451 892 505 Et
921 450 1095 505 oratio
1127 451 1246 522 ejus
1275 450 1369 504 fiat
1391 466 1446 505 In
1476 464 1781 522 peccatum.
2223 461 2270 516 Α

2368 455 2454 508 15.
2491 456 2596 509 Καὶ
2621 459 2653 527 ἡ
2684 460 2961 531 προσευχὴ
2982 461 3149 514 αὑτοῦ
3177 465 3420 532 γενέσθω
3441 468 3524 530 εἰς
3561 469 3866 540 ἁμαρτίαν.

711 541 794 595 11.
824 540 984 595 Fiant
1014 542 1127 597 dies
1152 542 1273 612 ejus
1297 544 1456 614 pauci
1484 559 1500 597 :

2378 546 2461 599 H.
2499 547 2537 598 Γ
2540 548 2890 619 ενηθήτωσαν
2918 552 2974 604 αἱ
3004 554 3209 624 ἡμέραι
3237 555 3401 608 αὑτοῦ
3435 557 3616 626 ὀλίγαι

713 633 793 686 15.
831 632 894 686 Et
927 633 1295 703 episcopatum
1327 635 1445 704 ejus
1466 638 1697 708 accipiat
1724 639 1879 693 alter.

2377 638 2459 691 15.
2500 639 2609 692 Καὶ
2632 640 2730 711 τὴν
2759 641 3062 713 ἐπισκοπὴν
3087 644 3251 698 αὐτοῦ
3285 645 3438 699 λὰὀοι
3459 649 3669 718 ἕτερος.

709 721 792 772 16.
824 718 980 772 Fiant
1008 720 1101 774 ﬁlii
1131 721 1251 790 ejus
1273 723 1502 792 orphani
1527 742 1539 778 :

2376 728 2458 781 16.
2489 731 2882 801 Γενηθήτωσαν
2911 735 2960 785 οἱ
2987 735 3092 786 υἱοὶ
3115 736 3279 790 αὐτοῦ
3312 738 3571 808 ὀρφανοί·

705 812 787 864 17.
817 810 883 864 Et
909 828 1046 866 uxor
1071 813 1191 883 ejus
1221 815 1398 869 vidua.

2374 821 2458 875 17.
2489 824 2597 876 Καὶ
2629 825 2661 894 ἡ
2696 825 2831 895 γυνὴ
2852 825 3014 879 αὐτοῦ
3041 829 3202 898 χήρα.

709 904 789 957 18.
820 903 1082 959 Nutantes
1136 907 1533 964 transferantur
1587 910 1681 964 lilii
1728 910 1846 981 ejus
1887 921 1942 966 et
1985 912 2194 965 mendi-

2376 912 2458 965 18.
2499 913 2853 985 Σαλευὸμενοι
2890 919 3384 989 μεταναστήτωσαν
3430 923 3478 973 οἱ
3530 922 3644 975 υἱοὶ
3695 924 3881 987 αὐτοῦ,

636 1004 792 1050 rent:

2304 1005 2394 1056 καὶ
2418 1005 2892 1076 ἐπαιτησάτωσαν·

709 1089 788 1141 19.
821 1087 1117 1157 Ejiciantur
1141 1091 1208 1146 de
1234 1093 1663 1150 habitationibus
1685 1096 1820 1152 suis.

2372 1094 2457 1148 19.
2493 1095 2945 1168 Ἐκϐληθήτωσαν
2969 1100 3033 1151 ἐκ
3061 1101 3168 1153 τῶν
3195 1101 3494 1155 οἰκοπέδων
3533 1105 3748 1157 αὐτῶν.

696 1176 788 1229 20.
821 1176 1102 1233 Scrutatur
1122 1179 1396 1237 lenerator
1419 1199 1636 1240 omnem
1659 1187 2014 1243 substantiam
2041 1189 2189 1246 eius:

2368 1186 2455 1239 20.
2504 1187 2940 1260 Ἐξερευνησάτω
2966 1191 3248 1262 δανειστὴς
3287 1195 3466 1247 πάντα
3493 1237 3507 1260 ,
3554 1197 3664 1250 ὅσα
3699 1198 3880 1270 ὑπαρ-

2302 1291 2383 1344 χει
2419 1292 2567 1344 αυτῳ
2588 1293 2601 1305 ο

697 1357 783 1412 21.
813 1356 879 1414 Et
909 1360 1168 1430 diripiant
1191 1363 1352 1417 alieni
1384 1364 1600 1421 labores
1624 1366 1764 1436 ejus.

2367 1365 2428 1417 21
2443 1406 2455 1418 .
2476 1367 2582 1418 Καὶ
2594 1367 3045 1438 διαρπασάτωσαν
3062 1372 3326 1445 ἀλλότριοι
3338 1377 3462 1438 τοὺς
3480 1377 3680 1441 πόνους
3693 1379 3878 1432 αὐτοῦ.

696 1451 784 1504 22.
819 1449 937 1506 Non
961 1455 1032 1509 sit
1062 1454 1138 1508 illi
1164 1454 1379 1523 adjutor

2369 1455 2458 1508 22.
2491 1458 2579 1529 Μὴ
2614 1458 2908 1530 ὑπαρξάτω
2935 1461 3083 1532 αὐτῷ
3115 1463 3492 1536 ἀντιλήπτωρ·

693 1545 784 1597 25.
823 1543 930 1599 Nec
960 1545 1031 1599 sit
1051 1546 1142 1615 qui
1177 1547 1501 1600 misereatur
1526 1547 1742 1616 pupillis
1771 1548 1910 1618 ejus.

2365 1549 2453 1602 25.
2480 1551 2632 1618 Μηδὲ
2655 1552 2937 1623 γενηθήτω
2955 1554 3255 1624 οἰκτίρμων
3275 1560 3387 1620 τοῖς
3406 1558 3667 1626 ὀρφανοῖς
3694 1560 3878 1614 αὑτοῦ.

696 1635 785 1687 2ί.
817 1635 976 1690 Fiant
1010 1637 1122 1691 nati
1148 1636 1267 1706 ejus
1295 1637 1349 1691 in
1383 1639 1692 1692 interitum:

2364 1640 2454 1693 24.
2491 1641 2775 1712 Γενηθήτω
2801 1643 2870 1696 τὰ
2896 1643 3065 1697 τέκνα
3095 1645 3262 1698 αὑτοῦ
3285 1649 3364 1710 είς
3394 1647 3780 1720 ἐξολόθρευσιν
3799 1667 3814 1682 ο

693 1725 782 1777 25.
821 1724 877 1780 In
912 1728 1256 1796 generatione
1288 1745 1395 1784 una
1427 1729 1671 1784 deleatur
1701 1745 1896 1785 nomen
1927 1731 2068 1803 ejus.

2363 1729 2450 1782 25.
2494 1731 2579 1782 Ἑν
2610 1734 2770 1803 γενεᾷ
2808 1735 2904 1802 μιᾷ
2928 1734 3273 1805 ἐξαλειφθείη
3300 1736 3358 1789 τὸ
3382 1738 3553 1808 ὄνομα
3596 1739 3791 1792 αὐτοῦ.

689 1815 779 1869 26.
817 1818 874 1871 ln
899 1820 1216 1874 memoriam
1241 1820 1425 1876 redeat
1454 1821 1713 1892 iniquitas
1749 1834 1960 1893 patrum
1984 1825 2103 1894 ejus
2140 1827 2190 1880 in
2225 1821 2265 1875 Β

2362 1822 2451 1875 26.
2498 1823 2957 1896 Ἀναμνησθείηὴ
3004 1826 3201 1896 ἀνομία
3255 1827 3365 1880 τῶν
3413 1829 3671 1901 πατέρων
3714 1832 3879 1884 αὑτοῦ

624 1920 909 1976 conspectu
945 1908 1156 1963 Domini
1180 1929 1193 1963 :

1148 1912 1156 1962 i
1180 1929 1193 1963 :
2294 1914 2474 1968 ἔναντι
2499 1917 2702 1987 Κυρίου
2724 1935 2735 1947 ·

691 2000 778 2051 27.
812 1998 875 2054 Ει
900 2010 1175 2068 peccatum
1211 2003 1401 2057 matris
1426 2003 1546 2074 ejus
1576 2021 1683 2059 non
1713 2007 1980 2063 deleatur.

2361 2011 2451 2064 27.
2485 2013 2595 2064 Καὶ
2625 2015 2657 2082 ἡ
2685 2014 2926 2085 ἁμαρτία
2954 2017 3052 2087 τῆς
3090 2021 3296 2089 μητρὸς
3343 2020 3509 2072 αὐτοῦ
3558 2024 3636 2092 μὴ
3668 2024 3880 2086 ἐξαλει-

2297 2103 2474 2172 φοείη.

688 2177 775 2231 28.
807 2178 963 2233 Fiant
990 2190 1176 2236 contra
1205 2181 1496 2238 Dominum
1531 2200 1742 2255 semper
1777 2204 1790 2239 :

2359 2192 2448 2246 28.
2479 2191 2868 2262 Γενηθήτωσαν
2895 2197 3136 2250 ἐναντίον
3163 2197 3367 2270 Κυρίου
3389 2198 3687 2264 διαπαντὸς
3719 2220 3734 2232 ·

689 2270 777 2324 29.
812 2269 878 2324 Et
905 2272 1175 2342 dispereat
1202 2274 1271 2330 de
1304 2285 1450 2330 terra
1488 2279 1750 2331 memoria
1782 2292 1991 2332 eorum.

2356 2283 2445 2337 29.
2465 2282 2574 2334 Ka‘t
2595 2283 2773 2347 ἐξολοθ
2783 2287 2998 2359 ρευθείη
3015 2289 3079 2340 ἐκ
3099 2289 3202 2359 γῆς
3220 2269 3278 2342 ab
3299 2291 3644 2361 μνημόσυνον
3662 2293 3875 2348 αὐτῶν.

687 2362 775 2416 50.
810 2360 913 2416 Pro
935 2379 1002 2418 eo
1029 2365 1171 2434 quod
1205 2380 1315 2419 non
1347 2375 1432 2421 est
1461 2367 1781 2422 recordatus
1808 2366 1988 2422 facere
2015 2369 2178 2423 mise-

2015 2369 2178 2423 tnise-
2355 2373 2443 2426 50.
2485 2372 2630 2428 Ἀνθ’
2655 2368 2729 2428 ὧν
2761 2374 2862 2429 οὐκ
2882 2378 3127 2450 ἐμνήσθη
3154 2360 3377 2450 ποιῆσαι
3398 2380 3544 2444 ἕλεος
3561 2399 3576 2413 ·

619 2452 909 2507 ricordiatn
932 2472 946 2506 :

1749 2683 2118 2742 ATHANASII
2156 2684 2730 2745 INTERPRETATIO.

686 2881 769 2939 13.
806 2881 872 2936 Et
901 2898 997 2938 cor
1028 2884 1148 2952 ejus
1177 2886 1270 2939 liat
1293 2886 1346 2939 in
1371 2887 1643 2942 tenebras.

2350 2891 2432 2946 15.
2464 2893 2573 2945 Kal.
2599 2896 2630 2964 ἡ
2661 2893 2854 2966 καρδία
2882 2897 3046 2950 αὑτοῦ
3076 2897 3315 2966 γενέσθω
3336 2902 3417 2965 είς
3449 2903 3654 2964 σκότος.

684 2970 769 3022 14.
804 2970 1003 3026 Eadem
1031 2972 1176 3026 enim
1204 2973 1290 3028 die
1316 2975 1508 3029 abiens
1537 2990 1596 3031 se
1623 2978 1924 3048 suspendit.

2347 2981 2431 3035 H.
2468 2984 2788 3059 Αὑθήμερον
2817 2988 2922 3059 γὰρ
2951 2990 3200 3042 ἀπελθὼν
3235 2992 3537 3061 ἀπήγξατο.

680 3063 760 3120 15.
795 3062 1074 3130 Matthias,
1101 3081 1211 3121 non
1243 3074 1422 3120 autem
1459 3067 1802 3138 publicanus.

1597 3069 1802 3125 icanus.
2347 3073 2429 3126 l5.
2459 3076 2728 3141 Ματθίας,
2753 3078 2852 3148 οὐχ
2877 3081 2906 3131 ὁ
2929 3079 3184 3150 τελώνης.

675 3153 763 3208 16.
791 3153 966 3224 Opera
991 3155 1113 3225 ejus
1148 3155 1383 3210 inutilia.

2348 3162 2432 3215 16.
2467 3165 2547 3217 Τὰ
2571 3167 2706 3236 ἔργα
2728 3169 2889 3220 αὑτοῦ
2926 3170 3132 3238 μάταια
3163 3170 3259 3241 (1).

676 3243 768 3297 17.
801 3243 864 3297 Ει
898 3245 1080 3298 anima
1105 3245 1224 3314 ejus
1257 3245 1495 3317 direpta-
2202 3292 2242 3346 Ω

2202 3292 2242 3346 c
2347 3253 2430 3307 17.
2467 3256 2576 3308 Καὶ
2610 3256 2812 3328 ἡψυχὴ
2841 3259 3006 3312 αὑτοῦ
3039 3261 3467 3337 διαρπαζομένη.

677 3333 762 3389 18.
791 3335 850 3388 In
875 3345 1114 3406 egestate
1142 3337 1448 3394 intellectus
1478 3355 1636 3396 mens
1658 3343 1778 3410 ejus
1804 3343 2082 3399 consistat.
2205 3333 2242 3346 ν

2346 3345 2432 3399 18.
2481 3347 2567 3400 Ἐν
2594 3347 2770 3419 ἐνδείᾳ
2792 3350 3059 3415 συνέσεως
3087 3333 3514 3410 καταστῶσιν-αἱ
3538 3359 3744 3428 φρένες
3775 3363 3869 3416 αῖ.-

2273 3454 2385 3489 του.

678 3512 762 3566 19.
798 3511 1026 3566 Excidat
1052 3512 1122 3567 ab
1152 3513 1271 3582 ipso
1303 3530 1457 3569 mens
1491 3515 1610 3585 ejus
1639 3517 1709 3571 ob
1735 3518 2008 3587 improbas
2039 3537 2168 3574 con-

2344 3527 2407 3580 l9
2468 3527 2917 3601 Ἐκϐληθήτωσαν
2941 3532 3039 3584 ἀπ’
3064 3533 3229 3587 αὑτοῦ
3254 3536 3309 3587 αἱ
3340 3535 3535 3606 φρένες
3556 3537 3734 3590 αὐτοῦ
3755 3542 3863 3592 ὑπὸ

603 3603 964 3659 cuniscentias
987 3602 1217 3661 adnatas
1247 3603 1303 3658 in
1330 3605 1492 3660 corde
1523 3621 1644 3660 suo.

2274 3619 2375 3674 τῶν
2401 3622 2458 3674 ἐν
2478 3624 2545 3692 τῇ
2577 3622 2778 3695 καρδίᾳ
2802 3623 2967 3677 αὐτοῦ
2989 3626 3288 3696 τεχθέντων
3313 3602 3563 3700 πονηρῶν
3608 3632 3861 3706 ἐνθυμή-

2271 3726 2425 3762 σεων.

669 3782 757 3835 20.
785 3778 1002 3835 Nullum
1031 3789 1312 3852 peceatum
1354 3781 1475 3836 eius
1504 3782 1835 3837 condonabit
1877 3781 2162 3838 Dominus.

2334 3799 2424 3853 20.
2457 3801 2742 3875 Μηδεμίαν
2781 3805 3054 3877 ἁμαρτίαν
3093 3805 3170 3878 (2)
3218 3807 3381 3862 αὑτοῦ
3414 3812 3772 3882 συγχωρήσει
3832 3821 3857 3868 ό

2267 3890 2491 3962 Κύριος.

667 3957 752 4011 21.
788 3956 852 4012 Et
909 3957 1235 4012 adversaria;
1281 3967 1573 4028 potestates
1625 3959 2050 4016 dominabuntur
2110 3965 2161 4018 in

2332 3956 2419 4037 21.
2457 3985 2566 4038 Καὶ
2592 3984 2668 4057 (ὅ)
2697 3988 2752 4040 al
2787 3989 3026 4044 ἐναντίαι
3049 3989 3310 4062 δυνάμεις
3349 3997 3853 4066 κατακυριεύσουσι

597 4050 777 4104 anima
804 4057 858 4104 et
881 4049 1140 4104 membris
1172 4050 1310 4119 ejus.

2264 4072 2358 4140 τῆς
2390 4069 2566 4143 ψυχῆς
2588 4049 2682 4128 καὶ
2704 4076 2813 4129 τῶν
2845 4077 3020 4147 μελῶν
3055 4049 3237 4134 aurci).

667 4142 757 4195 22.
793 4139 985 4196 Nullus
1008 4141 1058 4196 ei
1083 4141 1295 4208 adjutor
1323 4143 1646 4199 inveniatur.

1885 4239 1893 4242 _
2329 4161 2417 4214 22.
2449 4139 2650 4234 Μηδεὶς
2680 4139 2875 4237 εὑρεθῇ
2906 4167 3096 4238 βοηθὸς
3131 4161 3437 4242 astant).

664 4233 752 4287 25.
790 4229 976 4302 Neque
1006 4231 1270 4288 Dominus
1300 4236 1623 4290 misereatur
1662 4237 1830 4291 ullius
1883 4239 2158 4309 improba-

2330 4253 2420 4307 25.
2457 4229 2607 4326 Μηδὲ
2635 4229 2948 4331 οἰκτειρησῃ
2965 4229 3001 4312 ὁ.
3023 4229 3226 4333 Κίὸριός
3256 4282 3308 4317 τι
3467 4267 3648 4339 ἔργων
3670 4269 3845 4324 αὐτοῦ

597 4343 717 4381 rum
745 4326 864 4396 ejus
887 4326 1182 4382 actionum.

1075 4342 1182 4381 um.
2257 4346 2365 4400 τῶν
2393 4347 2662 4419 πονηρῶν.

667 4419 754 4473 ει.
782 4417 957 4489 Opera
989 4419 1129 4489 ejus.

1456 4515 1464 4516 ί
2325 4438 2414 4493 24.
2448 4417 2692 4514 Τὰήέργα
2722 4443 2885 4496 αὐτοῦ
2923 4444 3019 4516 (5).

660 4512 750 4565 25.
789 4511 982 4566 Statim
1009 4527 1073 4566 ex
1105 4512 1243 4568 libro
1271 4513 1583 4570 viventium.

2323 4531 2410 4586 25.
2442 4511 2782 4605 παραχρῆμα
2810 4539 2876 4590 ἐκ
3031 4538 3210 4609 βίϐλου
3243 4538 3344 4610 τῆς
3371 4540 3532 4610 ζωῆς.

661 4605 750 4659 26.
784 4604 1004 4660 Patrum
1045 4605 1184 4676 ejus,
1213 4607 1304 4676 qui
1352 4607 1405 4661 in
1436 4624 1620 4665 eremo
1664 4627 1877 4682 semper
1922 4612 2149 4670 Domino
2184 4633 2224 4685 ο

2319 4624 2407 4678 26.
2443 4625 2564 4678 Τῶν
2595 4628 2854 4699 Πατέρων
2883 4604 3048 4685 αὐτοθ
3084 4631 3192 4686 τῶν
3229 4604 3381 4703 ἐνιπῇ
3423 4604 3620 4705 ἐρήμῳ
3679 4636 3839 4690 ἐναν-

589 4694 856 4753 aJversati
881 4707 1027 4754 sunt.

2256 4716 2551 4787 τιουμένων
2575 4719 2660 4771 ἀεὶ
2691 4694 2769 4790 τῷ
2800 4722 3004 4794 Κυρίῳ.

657 4790 744 4843 27.
783 4789 1096 4863 Synagogaz.

2319 4808 2408 4861 27.
2448 4808 2557 4879 Τῆς
2589 4789 2934 4882 συναγωγῆς.

649 4880 737 4934 28.
773 4879 929 4937 Fiant
954 4898 1164 4953 semper
1188 4885 1447 4940 contrarii
1476 4885 1722 4941 Domino.

2315 4899 2402 4953 28.
2435 4879 2919 4976 Γενηθήτωσαν-(θ)
2941 4909 3028 4961 ἀεὶ
3060 4908 3461 4980 ἐναντιούμενοι
3499 4909 3579 4980 τῷ
3608 4911 3828 4982 Κυρίῳ.

656 4973 744 5026 29.
781 4972 846 5027 Et
902 4974 1172 5043 dispereat
1228 4978 1295 5034 de
1340 4988 1481 5034 terra
1540 4980 1830 5036 viventium
1883 4988 2143 5041 memoria

2319 4992 2406 5046 εξ).
2438 4972 2646 5065 Καὶ(7)
2674 4972 3078 5070 ἐξολοορευθείη
3121 5002 3188 5054 ἐκ
3229 4972 3327 5071 τῆξ
3350 5002 3456 5073 γῆς
3473 4972 3584 5055 τῶν
3605 4972 3831 5068 mea...

583 5065 940 5132 pervicacium
972 5065 1299 5123 Judazerum.

2249 5083 2308 5134 τὸ
2345 5087 2688 5156 μνημόσυνον
2725 5092 2831 5142 τῶν
2860 5065 3230 5147 απειθουντων
3264 5065 3554 5150 ’1ουδαίων.

649 5156 737 5209 56.
771 5154 875 5212 Pro
909 5172 976 5213 eo
1006 5161 1149 5230 quod
1176 5162 1247 5215 ita
1283 5163 1553 5232 cogitavit.

2318 5175 2403 5229 50.
2440 5154 2592 5230 νἋνθ¹
2625 5174 2698 5233 ὧν
2719 5181 2889 5246 οὕτως
2915 5187 3247 5258 ἐπενοήσατο
3275 5188 3349 5258 (8)

1521 5359 1827 5425 Addenda
1867 5371 1928 5425 et
1957 5367 2328 5446 corrigenda
2360 5389 2440 5432 ex
2487 5373 2625 5435 cod.
2661 5377 2859 5437 Vatic.

1316 5593 1327 5596 _
2306 5525 2381 5592 (5)
2413 5527 2606 5587 Αὑτοῦ,
2650 5529 2816 5596 λέγει.

751 5573 1241 5664 Δαμαρτίαν,
1277 5593 1380 5634 etc.

1184 5596 1241 5642 εν,
1277 5593 1380 5634 etc.
2303 5573 2379 5664 6)
2406 5573 2771 5653 Γενέσθωσαν.

645 5642 1080 5733 έῖδὲἔφίέθξεέίέ
1143 5716 1207 5733 .-
1313 5720 1326 5733 .
1381 5720 1404 5732 -

1150 5716 1166 5733 .
1182 5718 1207 5730 -
1313 5720 1326 5733 .
1381 5720 1404 5732 -
2305 5642 2737 5733 ὶῆ’)ἰί-ὶι’ί’ὀὲἷέεἷξ

643 5712 714 5781 (4)
743 5713 1006 5786 Εὑρεθείη
1039 5716 1246 5794 βοηθῶν
1269 5720 1434 5791 αὐτῷ.
2301 5712 2391 5809 (sy
2423 5712 2785 5809 ’λῖἕτὶνῖῆἕᾱῖςο
