4018 6504
158 446 299 500 1141
1089 438 1178 492 DE
1215 436 1489 494 TITULIS
1524 433 1972 490 PSALMOBUM.
2006 463 2076 475 -——
2114 430 2304 485 PSAL.
2345 428 2526 485 CVIII.
3266 427 3407 485 1142

236 558 323 614 51.
360 555 467 612 Kal
490 554 811 620 κατεδίωξεν
838 555 1123 625 ἄνθρωπον
1147 555 1355 624 πένητα
1384 554 1478 607 καὶ
1503 552 1735 621 πτωχὸν,
1767 557 1814 612 Α

1912 546 2004 602 51.
2036 545 2101 600 Et
2130 552 2448 616 persecutus
2478 552 2564 599 est
2598 544 2874 600 hominem
2902 545 3117 615 inopem
3146 552 3201 599 et
3247 560 3401 598 men-

1842 640 2047 705 dictum,

235 733 325 786 32.
357 730 465 784 Kal
484 727 953 797 κατανενυγμένον
976 728 1042 796 τῇ
1071 725 1269 796 καρδία
1293 725 1386 777 τοῦ
1411 722 1738 776 θανατῶσαι.

1498 722 1738 776 ιατῶσαι·
1917 732 2004 787 32.
2042 732 2107 785 Et
2134 738 2521 800 compunctum
2552 727 2717 783 corde
2741 728 3085 783 mortiﬁcare.

236 824 328 877 55.
356 823 465 875 Kal
491 820 745 890 ἠγάπησε
780 818 1050 889 κατάραν,
1074 818 1169 870 καὶ
1200 816 1317 887 ἣξει
1338 815 1515 886 αὐτῷ’

1911 824 2000 879 55.
2033 822 2098 877 Ει
2127 822 2316 877 dilexit
2343 820 2805 884 maledictionem,
2836 828 2891 876 et
2911 821 3088 875 veniet
3110 820 3158 873 ei
3184 839 3198 874 :

236 914 326 969 54.
356 914 465 967 Kal
493 914 593 966 οὐκ
622 910 890 982 ἠθέλησεν
917 909 1168 978 εὐλογίαν
1194 948 1208 973 ,
1245 910 1340 961 καὶ
1374 906 1745 979 μακρυνθήσε-

1912 915 2007 972 54.
2032 915 2099 970 Et
2120 915 2297 971 noluit
2313 913 2766 976 benedictionem,
2796 921 2850 968 et
2870 912 3207 983 elongabitur
3233 913 3301 965 ab
3324 926 3407 967 eo.

162 1022 260 1057 ται
288 1005 381 1056 ἀπ’
413 1002 599 1056 αὑτοῦ.

243 1097 329 1151 55.
366 1098 474 1149 Kal
510 1094 802 1148 ἐνεδύσατο
828 1093 1073 1166 κατάραν
1094 1093 1169 1156 ὡς
1193 1093 1403 1163 ἱμάτιον
1427 1108 1439 1121 ·

1915 1096 2003 1150 55.
2038 1094 2105 1149 Et
2135 1094 2314 1149 induit
2346 1093 2782 1148 maledictionem
2825 1093 2966 1148 sicut
2990 1093 3369 1148 vestimentum
3396 1108 3408 1144 :

242 1186 331 1240 56.
364 1185 474 1238 Kal
500 1184 751 1254 εἰσῆλθεν
780 1183 911 1235 ὡσεὶ
957 1181 1099 1253 ὕδωρ
1133 1183 1212 1244 εἰς
1240 1180 1308 1233 τὰ
1335 1180 1538 1248 ἔγκατα
1560 1176 1746 1233 αὐτοῦ·

1666 1176 1746 1231 οὗ·
1918 1186 2005 1241 56.
2038 1185 2104 1240 Et
2134 1185 2356 1240 intravit
2389 1184 2533 1240 sicut
2555 1199 2697 1255 aqua
2727 1184 2782 1238 in
2813 1184 3070 1239 interiora
3100 1185 3253 1255 ejus:

243 1279 332 1331 57.
362 1278 469 1330 Kal
492 1276 623 1329 ὡσεὶ
654 1276 836 1328 ἔλαιον
864 1276 921 1327 ἐν
951 1278 1063 1337 τοῖς
1087 1274 1299 1337 ὀστέοις
1326 1271 1510 1327 αὑτοῦ.

1411 1271 1510 1327 τοῦ,
1920 1278 2010 1333 37.
2046 1276 2113 1331 Et
2138 1278 2281 1331 sicut
2314 1277 2495 1331 oleum
2524 1277 2578 1330 in
2613 1275 2832 1331 ossibus
2864 1275 2998 1345 ejus.

250 1368 338 1423 33.
374 1368 660 1438 Γενηθήτω
694 1366 841 1438 αὑτῴ
862 1367 938 1430 ὡς
972 1365 1183 1437 ἱμάτιον
1210 1365 1239 1418 ὃ
1268 1363 1670 1435 περιϐάλλεται·

1924 1368 2013 1424 38.
2048 1368 2167 1423 Fiat
2198 1369 2247 1424 ei
2276 1370 2417 1425 sicut
2446 1370 2834 1424 vestimentum
2869 1385 2979 1439 quo
3002 1369 3243 1438 operitur
3267 1387 3279 1422 :

249 1460 335 1515 39.
379 1459 483 1512 Kal
514 1458 646 1511 ὡσεὶ
674 1458 818 1529 ζώνη
845 1460 911 1529 ἢν
933 1456 1222 1519 διαπαντὸς
1249 1456 1661 1528 περιζώννυται.

1637 1497 1661 1509 ..
1925 1460 2014 1515 59.
2056 1459 2123 1513 Ει
2148 1460 2289 1515 sicut
2321 1476 2459 1516 zona
2487 1476 2595 1530 qua
2620 1476 2836 1531 semper
2861 1460 3224 1533 prmcingitur.

248 1550 338 1603 40.
374 1549 542 1603 Τοῦτο
566 1551 629 1603 τὸ
658 1550 815 1621 ἔργον
839 1548 945 1603 τῶν
991 1548 1442 1603 ὲνδιαὸαλλόντων
1489 1567 1555 1619 με
1608 1548 1757 1618 παρὰ

1926 1550 2015 1605 4υ.
2051 1549 2166 1607 Hoc
2216 1566 2353 1622 opus
2384 1567 2595 1617 eorum,
2626 1552 2721 1622 qui
2757 1552 3054 1608 detrahunt
3098 1552 3233 1607 mihi
3278 1549 3417 1621 apud

172 1639 405 1712 Κυρίου,

1857 1641 2170 1707 Dominum,

252 1730 340 1785 41.
397 1730 501 1785 Kal
551 1730 660 1785 τῶν
704 1730 1009 1786 λαλούντων
1063 1733 1276 1805 πονηρὰ
1329 1732 1467 1786 κατὰ
1522 1733 1620 1803 τῆς
1659 1732 1759 1802 ψυ-

1929 1732 2017 1787 41.
2058 1729 2124 1784 Ει
2171 1730 2265 1801 qui
2323 1731 2626 1803 loquuntur
2680 1735 2823 1789 mala
2872 1732 3133 1790 adversus
3183 1732 3418 1787 animam

161 1825 282 1895 ﬁ;
325 1840 445 1894 μου.

1863 1839 2056 1878 meam.

258 1916 345 1971 42.
370 1914 474 1967 Kal
496 1914 580 1979 σὺ,
607 1913 779 1987 Κύριε
796 1915 993 1987 Κύριε,
1012 1915 1236 1986 ποίησον
1270 1917 1384 1986 μετ’
1401 1914 1535 1986 ἐμοῦ
1568 1915 1755 1988 [ἔλεος]
1791 1904 1833 1961 Β

1929 1915 2014 1968 42.
2047 1913 2113 1968 Et
2136 1924 2213 1979 tu,
2250 1915 2479 1971 Domine
2522 1913 2771 1983 Domine,
2804 1916 2894 1973 fac
2938 1931 3153 1972 mecum
3191 1914 3425 1970 [miseri-

178 2007 370 2059 Ξνεκεν
401 2005 495 2059 τοῦ
536 2006 797 2077 ὀνόματός
823 2022 938 2059 σου’

1865 2005 2131 2079 cordiam]
2159 2015 2377 2078 propter
2413 2022 2608 2063 nomen
2650 2017 2834 2062 tuum:

259 2099 347 2153 45.
384 2100 508 2153 Ὅτι
536 2100 769 2171 χρηστὸν
804 2098 863 2152 τὸ
888 2098 1031 2162 ἔλεός
1067 2114 1158 2151 σου
1190 2096 1431 2170 [Κύριε].

1934 2096 2022 2150 45.
2054 2096 2194 2162 Quia
2222 2098 2411 2153 suavis
2432 2098 2804 2154 misericordia
2829 2111 2921 2153 tua
2956 2097 3229 2172 [Domine]

262 2190 348 2243 44.
386 2189 573 2244 Ῥῦσαί
609 2208 697 2261 με,
724 2191 805 2243 ὃτι
827 2191 1037 2259 πτωχὸς
1069 2189 1163 2242 καί
1202 2188 1369 2260 πένης
1395 2188 1511 2258 εἰμὶ
1539 2186 1666 2257 ἐγώ·

1933 2186 2023 2240 44.
2059 2185 2251 2242 Libera
2276 2204 2361 2243 me
2386 2189 2512 2257 quia
2534 2203 2740 2260 egenus
2763 2198 2818 2244 et
2846 2204 3051 2260 pauper
3076 2204 3177 2258 ego
3203 2204 3354 2244 sum:

265 2282 353 2335 45.
390 2282 498 2335 Kal
533 2283 567 2352 ἡ
591 2280 785 2352 καρδία
815 2298 914 2351 μου
944 2279 1268 2350 τετάρακται
1297 2279 1447 2342 ἐντός
1481 2296 1582 2348 μου

1944 2279 2035 2333 45.
2065 2278 2131 2333 Et
2157 2294 2252 2335 cor
2283 2296 2463 2335 meum
2492 2282 2873 2337 conturbatum
2902 2292 2987 2337 est
3016 2282 3155 2336 intra
3185 2297 3286 2335 me.

264 2373 351 2428 46.
386 2375 527 2426 Ὠσεὶ
552 2373 677 2427 σκιὰ
702 2375 758 2427 ὲν
781 2372 858 2443 τῷ
887 2373 1129 2426 ἐκκλῖναι
1155 2370 1342 2442 αὐτὴν,
1380 2370 1766 2445 ἀντανῃρέθην·

1720 2387 1766 2425 ν·
1935 2368 2023 2423 46.
2058 2367 2208 2424 Sicut
2236 2371 2426 2425 umbra
2454 2386 2578 2425 cum
2609 2370 2862 2436 declinat,
2901 2372 3115 2427 ablatus
3144 2387 3267 2427 cum
3294 2390 3306 2425 :

265 2465 352 2518 47.
394 2463 768 2534 Ἐξετινάχθην
798 2462 928 2516 ὡσεὶ
958 2461 1197 2534 ἀκρίδες.

1936 2458 2027 2513 47.
2061 2458 2126 2513 Et
2147 2474 2415 2516 excussus
2445 2477 2566 2516 sum
2595 2461 2738 2516 sicut
2764 2461 3004 2517 locustae.

1321 2633 1698 2689 ATHANASII
1740 2633 2326 2695 INTERPRETATIO.

274 2795 363 2849 3|.
403 2794 514 2848 Kal
535 2790 824 2855 κατεδίωξε
850 2789 941 2843 τὸν
965 2789 1218 2842 πλούσιον
1245 2789 1335 2841 τὸν
1370 2788 1436 2842 δι’
1465 2790 1611 2860 ἡμᾶς
1633 2806 1778 2841 πτω-

1947 2791 2036 2844 51.
2069 2789 2135 2845 Ει
2176 2802 2501 2862 persecutus
2530 2804 2614 2849 est
2650 2794 2869 2849 divitem
2913 2802 3131 2866 propter
3176 2810 3276 2852 nos
3309 2813 3438 2867 pau-

194 2886 491 2957 χεύσαντα.

1873 2899 2055 2953 percm
2098 2883 2319 2939 factum.

275 2978 365 3032 33.
400 2977 503 3030 Τὸν
530 2976 702 3046 πρᾷον
731 2977 797 3045 τῇ
821 2973 1035 3046 καρδίᾳ.

871 2973 1035 3046 ιρδίᾳ.
1946 2977 2031 3030 32.
2072 2975 2250 3030 Mitem
2280 2976 2458 3031 corde.

276 3070 363 3122 55.
392 3068 497 3121 Καὶ
522 3068 554 3137 ἡ
584 3066 773 3135 ἀγάπη
802 3065 875 3135 (1)
914 3065 1165 3129 θάνατον,
1200 3066 1294 3117 καὶ
1318 3062 1437 3135 ἣξει
1466 3065 1669 3126 αὐτοῖς.

1431 3082 1437 3116 ι
1466 3065 1669 3126 αὐτοῖς.
1940 3066 2030 3119 55.
2068 3065 2133 3120 Ει
2163 3066 2352 3121 dilexit
2381 3074 2635 3137 mortem,
2665 3078 2719 3123 et
2747 3068 2926 3123 veniet
2950 3069 3018 3123 ei.

277 3160 364 3215 54.
398 3159 507 3213 Kal
550 3159 650 3211 οὐκ
688 3156 920 3227 ἠθέλησε
953 3158 1052 3227 τὴν
1082 3154 1298 3209 αἰώνιον
1322 3153 1486 3226 ζωὴν,
1521 3154 1614 3207 καὶ
1642 3154 1774 3207 ἀπο-
1800 3188 1844 3246 c

1707 3169 1774 3206 εο-
1800 3188 1844 3246 c
1944 3157 2033 3210 54.
2068 3156 2131 3211 Et
2156 3157 2329 3211 noluit
2357 3159 2521 3213 vitam
2546 3169 2823 3225 aeternam,
2846 3168 2899 3215 et
2924 3158 3099 3214 aberit
3120 3157 3189 3212 ab
3213 3173 3294 3213 eo.

205 3254 465 3321 στήσεται
489 3250 583 3302 ἀπ’
609 3248 795 3303 αὑτοῦ.

278 3342 367 3397 55.
393 3342 495 3394 Τὸν
524 3341 751 3394 θάνατον
774 3340 849 3404 ὡς
878 3340 1111 3411 ἱμάτιον.

1952 3340 2040 3393 55.
2070 3338 2295 3393 Mortem
2328 3350 2387 3394 ut
2413 3341 2811 3395 vestimentum.

280 3434 370 3488 56.
413 3433 655 3502 Πρηνὴς
680 3432 789 3502 γὰρ
814 3433 1132 3501 γενόμενος
1155 3429 1420 3497 ἐλάκτισε
1441 3427 1652 3499 μέσος,
1681 3427 1777 3480 καὶ

1956 3434 2043 3487 56.
2082 3432 2145 3486 Ει
2178 3449 2456 3502 suspensus
2504 3434 2699 3503 crepuit
2743 3433 2945 3487 medius
2966 3472 2981 3498 ,
3004 3441 3052 3486 et
3100 3430 3297 3500 diffusa
3326 3439 3443 3483 sunt

206 3527 467 3594 ἐξεχύθη
489 3523 684 3577 πάντα
715 3524 787 3577 τὰ
813 3522 1140 3591 σπλάγχνα
1172 3519 1377 3573 αὑτοῦ.

919 3522 1140 3591 κάγχνα
1172 3519 1377 3573 αὑτοῦ.
1888 3528 2063 3579 omnia
2087 3528 2284 3580 viscera
2306 3528 2417 3595 ejus
2441 3526 2506 3580 ‘°.

284 3618 373 3671 57.
406 3614 706 3686 Περιεχύθη
731 3616 758 3667 ὁ
781 3613 1005 3677 θάνατος
1039 3614 1097 3664 ὲν
1132 3614 1242 3674 τοῖς
1271 3609 1487 3681 μέλεσιν
1522 3607 1708 3661 αὑτοῦ.

1960 3616 2047 3671 57.
2082 3614 2497 3671 Circumdiﬂ'usa
2523 3623 2606 3670 est
2638 3630 2784 3669 mors
2814 3613 2868 3666 in
2893 3611 3152 3666 membris
3178 3611 3315 3679 ejus.

285 3709 374 3764 38.
414 3707 592 3760 Ἔστω
628 3706 742 3777 μετ’
785 3704 949 3761 αὐτοῦ
994 3702 1081 3758 διὰ
1115 3703 1311 3767 παντὸς
1367 3704 1399 3773 ὴ
1432 3701 1506 3772 (2)
1542 3700 1785 3771 ἁμαρτία

1961 3708 2049 3762 58.
2080 3706 2162 3763 Sit
2204 3724 2329 3763 cum
2381 3708 2500 3778 ipso
2529 3722 2743 3778 semper
2784 3715 3063 3777 peccatum
3105 3701 3450 3759 circumdatis

212 3819 283 3854 πε
292 3799 694 3873 ριπτυσσομὲνη
723 3799 904 3852 αὐτόν.
1892 3816 2039 3855 eum.

288 3895 376 3951 39.
407 3892 774 3965 Περισφίγγου
803 3893 877 3961 (5)
904 3890 1065 3944 αὑτὸν
1085 3888 1190 3942 ἀει.

1968 3894 2056 3949 59.
2090 3893 2422 3965 Coangustet
2441 3908 2567 3948 eum
2599 3906 2829 3961 semper.

288 3988 379 4044 40.
416 3987 586 4039 Τοῦτο
610 3984 850 4054 γενέσθω
878 3984 971 4036 ἐπὶ
1024 3983 1115 4035 τὸν
1157 3979 1398 4035 διάϐολον
1421 3978 1511 4031 καὶ
1542 3976 1666 4039 τοὺς
1694 3976 1791 4043 ἀγ-

1719 3991 1791 4043 ιγ·
1958 3987 2051 4042 40.
2076 3985 2189 4041 Hoc
2215 3988 2309 4039 tlat
2332 3994 2519 4041 contra
2539 3982 2815 4039 diabolum
2847 3990 2901 4036 et
2924 3978 3143 4050 angelos
3173 3978 3306 4049 ejus.

216 4081 412 4150 τέλους
439 4077 621 4133 αὑτοῦ.

292 4172 382 4225 41.
411 4172 520 4224 Kal
558 4165 745 4241 [κατὰ]
774 4166 879 4221 τῶν
921 4165 1175 4219 ἐναντίων
1196 4162 1498 4231 δυνάμεων,
1525 4157 1631 4209 τῶν
1665 4173 1795 4226 συμ-

1971 4168 2058 4220 41.
2088 4164 2154 4218 Et
2174 4160 2411 4237 [contra]
2426 4158 2769 4217 adversarias
2794 4166 3106 4228 potestates,
3128 4170 3249 4225 qua:
3270 4155 3457 4209 ineunt

221 4261 622 4332 ϐουλευομένων
653 4256 947 4313 ἀπολέσθαι
979 4255 1053 4326 (4)
1082 4254 1179 4325 τὴν
1214 4251 1388 4322 ψυχήν
1422 4266 1543 4319 μου.

1422 4266 1543 4319 μου.
1902 4261 2153 4325 consilia,
2183 4269 2241 4313 ut
2276 4258 2505 4328 perdant
2529 4257 2765 4311 animam
2796 4268 2992 4308 meam.

301 4354 387 4409 42.
410 4352 514 4407 Καὶ
538 4352 623 4415 σὺ,
658 4349 824 4420 Κύριε
857 4347 1044 4419 Κύριε,
1078 4345 1241 4399 ὅτιτὸ
1270 4344 1441 4413 ἔννομά
1475 4356 1567 4393 σου
1611 4337 1795 4407 φιλάν-

1969 4356 2058 4410 42.
2093 4354 2159 4408 Ει
2187 4363 2265 4421 tu,
2286 4352 2511 4406 Domine
2540 4347 2784 4413 Domine,
2807 4345 3061 4416 quoniam
3084 4355 3280 4397 nomen
3306 4346 3458 4393 tuum

225 4450 446 4519 Θρωπον
470 4443 683 4513 λέγεται
739 4441 833 4495 καὶ
860 4440 1030 4506 ἐστὶν,
1053 4436 1225 4499 οὓτως
1256 4434 1351 4489 καὶ
1403 4431 1623 4502 ποίησον
1681 4428 1797 4499 μετ’

1767 4428 1797 4479 τ’
1904 4448 2200 4517 benignum
2223 4445 2441 4506 dicitur,
2471 4448 2525 4496 et
2558 4448 2659 4505 est,
2689 4439 2762 4492 ita
2793 4437 2957 4492 etiam
2986 4435 3069 4489 Iac
3096 4446 3309 4487 mecum
3341 4449 3354 4484 :

224 4537 364 4600 ἑ.μοῦ
379 4554 392 4568 ⁵
1830 4544 1876 4600 Ῑ)

417 4630 540 4682 Ὀτι
563 4624 763 4696 ἀγαθὸν
788 4622 849 4677 τὸ
868 4620 1011 4684 ἔλεός
1037 4636 1150 4674 σου.
1830 4560 1847 4600 Ι

1830 4560 1876 4600 υ
1974 4630 2068 4685 45.
2097 4625 2365 4694 Quoniam
2395 4622 2539 4677 bona
2571 4616 2941 4674 misericordia
2971 4623 3082 4668 tua.

300 4723 390 4778 44.
430 4720 619 4775 Ῥὖσαί
654 4736 743 4789 με,
788 4718 870 4771 ὅτι
901 4714 1113 4785 πτωχός
1140 4713 1278 4783 εἰμι,
1308 4710 1403 4764 καὶ
1454 4705 1622 4775 πένης
1651 4704 1710 4758 ὲν
1740 4706 1807 4775 τῇ

1978 4720 2065 4775 44.
2103 4717 2295 4772 Libera
2315 4730 2423 4780 me,
2446 4712 2702 4784 quoniam
2726 4707 3009 4763 mendicus
3038 4711 3095 4759 et
3114 4715 3320 4773 pauper
3344 4713 3465 4755 sum

231 4816 381 4887 ἰσχύϊ
406 4816 503 4885 τῆς
524 4812 700 4883 ψυχῆς
734 4827 853 4881 μου.

1909 4817 1961 4871 in
1995 4810 2311 4868 fortitudine
2338 4808 2533 4864 anima:
2560 4818 2707 4859 mea}.

305 4885 395 4962 45.
426 4906 531 4961 Καὶ
562 4908 596 4977 ὴ
630 4902 825 4975 καρδία
858 4918 958 4973 μου
981 4900 1035 4951 ὲν
1053 4896 1221 4965 ἀγῶνι
1252 4892 1427 4965 πολλῷ
1454 4890 1807 4959 καθέστηκενο

1693 4903 1807 4941 κεΨ
1981 4908 2071 4961 45.
2102 4904 2167 4958 Et
2192 4919 2286 4958 cor
2314 4915 2495 4956 meum
2527 4898 2580 4952 in
2605 4910 2778 4966 agone
2810 4893 2981 4948 multo
3005 4885 3276 4944 constitit:

306 5000 396 5055 46.
442 4976 839 5067 Ἀσθενησάσης
887 4990 1055 5060 αὐτῆς
1094 4988 1188 5043 καὶ
1240 4984 1563 5053 ὲκκλινάσης
1592 4978 1801 5053 [Ἀσθε-

1979 4999 2069 5053 46.
2100 4998 2280 5067 Ipsum
2305 5000 2486 5049 autem
2511 4989 2865 5049 intlrmatum,
2893 4991 2947 5039 et
2968 4981 3246 5049 delapsum
3276 4976 3331 5030 in
3351 4988 3470 5044 pec-

235 5095 480 5163 νήσασαν
517 5089 686 5158 αὐτὴν
714 5084 809 5139 καὶ
866 5078 1210 5151 ἐκκλίνασαν]
1252 5080 1332 5140 εἰς
1366 5074 1642 5145 ἁμαρτίαν
1678 5071 1804 5124 ὲθα-

1027 5078 1210 5151 νασαν]
1252 5080 1332 5140 εις
1366 5074 1642 5145 ἁμαρτίαν
1678 5071 1804 5124 ἔθα·
1912 5105 2093 5150 catum
2119 5089 2278 5146 morti
2307 5085 2614 5151 tradidisti.,

235 5187 484 5244 νάτωσας
510 5178 608 5249 (5).

311 5277 401 5330 4Ἱ.
427 5271 767 5343 Κατερρῑφην
809 5269 918 5323 ἀπὸ
944 5266 1052 5321 τῶν
1098 5263 1297 5335 ἀερίων
1344 5258 1664 5324 πνευμάτων
1700 5254 1806 5309 τῶν

1986 5274 2077 5328 47.
2112 5269 2394 5340 Projectus
2416 5279 2536 5319 sum
2566 5262 2635 5319 ab
2656 5260 2817 5316 aeriis
2850 5255 3144 5313 immundis
3169 5248 3466 5325 spiritibus.

240 5369 585 5439 ἀκαθάρτων.

315 5490 361 5520 ιο
392 5486 510 5540 Act.
539 5500 578 5549 ι,
610 5478 697 5535 18.
1191 5561 1496 5626 Addenda
1537 5566 1598 5622 et
1655 5550 2029 5629 corrigenda
2076 5563 2149 5607 ex
2203 5543 2344 5606 cod.
2370 5540 2571 5603 vatio,

1976 5698 2052 5764 (4)
2092 5693 2394 5750 Ἀπολέσαι.

320 5731 401 5838 ἐξ)
439 5726 774 5838 $132.36.“,
803 5729 930 5781 ac"
965 5716 1131 5784 αὐτῷ.
1976 5716 2063 5838 Κὲ)
2094 5716 2604 5834 ὣέῗτῗνσῖμαρτῑαν
2634 5747 2966 5820 ὲθανατὼθη.

325 5797 401 5869 (2)
437 5797 689 5869 ζζιέάεειι.

327 5860 403 5939 (5)
437 5867 541 5920 Kal
570 5860 1021 5937 περισφίγγουσα,
1054 5864 1156 5911 etc.
