4018 6442
555 349 692 405 {MS
1395 347 1452 402 S.
1491 349 1864 404 ATHANASll
1908 349 2059 405 OPP.
2101 349 2282 404 PARS
2318 349 2404 404 Ιίι.
2444 381 2516 392 —
2555 350 2965 407 EXEGETICA.
3686 355 3826 411 1144

623 469 710 523 48.
744 468 930 524 Genua
962 485 1080 524 mea
1109 470 1380 526 inlirmata
1411 481 1540 526 sunt
1570 488 1602 526 a
1626 472 1837 542 jejunio
1863 491 1876 526 :
2148 487 2198 538 Α

2148 487 2198 538 Α
2295 472 2383 526 48.
2422 472 2504 524 Τὰ
2533 472 2731 540 γόνατά
2765 490 2866 542 μου
2891 471 3197 541 ἡσθένησαν
3227 472 3335 524 ἀπὺ
3360 471 3640 542 νηστείας·

627 563 715 615 49.
752 562 816 616 Et
850 577 980 618 caro
1011 579 1126 616 mea
1164 563 1452 618 immutata
1473 574 1553 619 est
1578 577 1797 634 propter
1826 567 2026 620 oleum.

1919 583 2026 620 um.
2303 565 2388 619 49.
2423 563 2529 617 Kal
2559 567 2592 634 ἡ
2624 563 2759 635 σάρξ
2794 581 2894 633 μου
2921 562 3184 634 ἠλλοιώθη
3213 563 3280 616 δι’
3311 564 3506 617 ἔλαιον.

628 653 713 706 50.
753 655 816 708 Et
842 669 941 723 ego
970 653 1147 708 factus
1174 670 1295 708 sum
1328 655 1685 725 opprobrium
1713 655 1819 712 illis
1859 676 1871 711 :

1733 657 1819 712 llis
1859 676 1871 711 :
2305 655 2391 708 50.
2416 653 2582 723 Κάγὼ
2609 654 2872 725 ἐγενήθην
2899 653 3097 718 ὄνειδος
3119 655 3319 717 αὐτοῖς·

627 745 717 796 51.
749 742 1008 798 Viderunt
1037 760 1126 800 me
1151 754 1205 799 et
1235 755 1523 800 moverunt
1549 747 1726 817 capita
1759 765 1878 803 sua.

2305 746 2391 800 51.
2423 746 2646 800 Εἶδοσάν
2678 763 2767 817 με,
2797 746 3092 800 ἐσάλευσαν
3111 746 3349 815 κεφαλὰς
3380 747 3585 802 αὐτῶν.

629 832 718 887 52.
749 835 958 905 Adjuva
989 851 1094 902 me,
1124 834 1352 892 Domine
1384 836 1526 892 Deus
1555 854 1741 895 meus:

2307 839 2395 892 59..
2428 837 2704 909 Βοήθησόν
2744 857 2853 909 μοι,
2885 839 3056 909 Κύριε
3086 841 3113 891 ὁ
3144 839 3274 903 Θεός
3302 857 3423 909 μου·

631 925 720 978 55.
755 925 819 980 Et
863 928 1073 983 salvum
1112 943 1197 983 me
1241 928 1326 984 fac
1366 930 1667 986 secundum
1699 933 2127 988 misericordiam

1805 933 2127 987 ericordiam
2308 932 2394 984 55.
2429 929 2532 983 Kal
2564 930 2735 984 σῶσόν
2767 947 2833 1001 με
2859 929 3000 984 κατὰ
3028 930 3089 982 τὺ
3111 929 3256 993 ἔλεός
3277 949 3389 984 σου.

563 1028 728 1072 tuam.

633 1111 720 1164 5i.
749 1111 813 1164 Et
837 1113 1011 1168 sciant
1037 1114 1165 1183 quia
1198 1130 1396 1171 manus
1424 1125 1514 1170 tua
1548 1118 1696 1173 haec:

2309 1113 2398 1166 54.
2427 1111 2530 1165 Kal
2562 1111 2852 1181 γνώτωσαν
2893 1112 2974 1163 ὅτι
3006 1113 3038 1182 ἡ
3064 1111 3184 1182 χείρ
3207 1127 3298 1164 σου
3330 1111 3492 1184 αὕτη·

633 1201 724 1256 55.
761 1203 824 1256 Et
854 1213 932 1268 tu,
965 1204 1215 1270 Domine,
1251 1205 1430 1262 fecisti
1459 1223 1602 1264 eam.

2316 1207 2400 1260 55.
2427 1205 2531 1259 Kal
2557 1206 2644 1268 σὺ,
2680 1205 2873 1277 Κύριε,
2908 1206 3167 1275 ἐποίησας
3193 1209 3382 1278 αὑτήν.

635 1294 724 1348 56.
761 1293 1082 1350 Maledicent
1107 1297 1204 1358 illi,
1233 1305 1289 1352 et
1311 1307 1367 1353 tu
1399 1299 1717 1354 benedices:

2312 1299 2398 1352 56.
2425 1297 2831 1370 Καταράσονται
2855 1299 3026 1363 αὐτοὶ,
3052 1299 3145 1352 καὶ
3169 1301 3232 1352 σὺ
3284 1299 3629 1370 εὐλογήσεις·

636 1385 722 1442 57.
756 1384 861 1452 Qui
891 1388 1183 1458 insurgunt
1205 1390 1258 1444 in
1287 1406 1374 1446 me
1409 1391 1849 1446 confundantur:

2313 1391 2397 1443 57.
2429 1393 2492 1442 υἱ
2523 1389 2945 1459 ἐπανιστάμενοί
2984 1407 3074 1460 μοι
3104 1390 3575 1460 αἰσχυνθήτωσαν·

637 1479 726 1533 58.
757 1477 960 1534 Servus
986 1488 1171 1535 autem
1197 1491 1324 1538 tuus
1350 1484 1637 1538 laetabitur.

2314 1482 2397 1535 58.
2447 1481 2505 1533 '0
2529 1481 2585 1533 δὲ
2612 1480 2799 1544 δοῦλός
2823 1498 2914 1534 σου
2944 1483 3392 1554 εὐφρανθήσεται.

637 1570 724 1626 59.
759 1569 1058 1624 luduantur
1087 1575 1179 1642 qui
1215 1573 1508 1629 detrahunt
1546 1575 1700 1637 mihi,
1735 1575 1940 1644 pudore
1969 1594 1982 1629 :

2315 1576 2398 1629 59.
2433 1573 2873 1628 Ἐνδυσάσοωσαν
2903 1577 2951 1626 οί
2983 1575 3410 1638 ὲνδιαϐἀλλοντές
3438 1592 3508 1645 με
3534 1577 3809 1645 ἐντροπὴν

637 1659 726 1715 60.
759 1660 825 1714 Et
850 1662 1166 1730 operiantur
1194 1663 1338 1718 sicut
1364 1663 1601 1734 diploide
1627 1664 1950 1721 confusione
1975 1681 2092 1720 sua.

2311 1667 2397 1720 60.
2463 1664 2562 1719 Kal
2605 1665 3086 1736 περιϐαλέσθωσαν
3131 1667 3206 1728 ὡς
3259 1665 3502 1719 διπλοίδα
3567 1666 3833 1736 αἰσχύνην

2242 1759 2438 1814 αὐτῶν.

642 1856 727 1909 61.
766 1855 1075 1911 Conlitebor
1104 1855 1335 1911 Domino
1370 1859 1532 1914 nimis
1567 1861 1619 1912 in
1652 1873 1747 1913 ore
1775 1873 1932 1913 meo:
2178 1845 2218 1897 Β

2316 1852 2404 1905 61.
2481 1849 2973 1922 Ἐξομολογήσομαι
3033 1849 3110 1921 τῷ
3154 1851 3341 1922 Κυρίῳ
3404 1852 3616 1922 σφόδρα
3676 1849 3835 1917 ἐντῷ

2244 1945 2470 2014 στόματί
2507 1961 2629 2014 μουο

640 2033 728 2086 62.
766 2033 830 2088 Et
854 2035 906 2088 in
933 2036 1112 2090 medio
1137 2037 1430 2091 multorqu
1457 2036 1688 2090 laudabo
1705 2050 1846 2090 eum.

2311 2038 2400 2091 62.
2432 2035 2535 2089 Kal
2563 2038 2620 2087 ὲν
2653 2035 2804 2104 μέσῳ
2829 2033 3035 2086 πολλῶν
3065 2034 3262 2087 αἰνέσω
3297 2034 3475 2086 αὐτόν.

642 2127 730 2180 63.
761 2125 896 2192 Quia
920 2128 1092 2182 astitit
1117 2142 1148 2180 a
1176 2129 1378 2183 dextris
1407 2130 1681 2198 pauperis,

2309 2131 2398 2184 65.
2421 2130 2544 2182 Ὅτι
2587 2126 2833 2197 παρέστη
2866 2126 2928 2178 ὲκ
2953 2126 3140 2190 δεξιῶν
3166 2127 3416 2197 πένητος,

643 2214 732 2270 64.
771 2214 842 2270 Ut
869 2215 1072 2272 salvam
1115 2216 1318 2273 faceret
1346 2235 1376 2272 a
1411 2220 1865 2292 persequentibus
1897 2222 2137 2277 animam

2311 2223 2400 2276 ιιι.
2445 2220 2552 2274 Τοῦ
2613 2219 2786 2273 σῶσαι
2836 2218 2900 2270 ἐκ
2959 2217 3069 2272 τῶν
3116 2220 3563 2274 καταδιωκόντων
3608 2218 3712 2287 τὴν
3739 2217 3839 2287 eo-

573 2325 692 2368 mea
700 2325 749 2363 Ill

2241 2318 2344 2388 χήν
2377 2334 2497 2387 μου.

1703 2469 2078 2528 ATHANASII
2121 2469 2706 2528 INTERPRETATIO.

648 2635 737 2687 .58.
765 2631 1031 2688 Maceravi
1062 2648 1148 2687 me
1182 2633 1359 2703 ipsum
1393 2633 1445 2687 iu
1477 2633 1701 2704 jejuniis
1735 2633 2000 2689 conﬁtens
2031 2633 2145 2688 tibi.

2315 2632 2402 2686 48.
2447 2631 2703 2704 Ἐξέτηξα
2735 2631 2973 2704 ἐμαυτὸν
3014 2648 3073 2685 εν
3123 2630 3201 2703 (1)
3254 2631 3528 2700 νηστείαις
3574 2631 3839 2701 ὶξομοιο-

2251 2724 2509 2792 γούμενός
2531 2741 2633 2778 σοι.

648 2805 736 2861 49.
771 2805 837 2862 Et
879 2804 1021 2861 facta
1063 2814 1147 2861 est
1200 2808 1408 2877 species
1457 2822 1576 2861 mea
1621 2817 1881 2878 tanquam
1927 2805 2147 2868 mortui,

2254 2743 2341 2792 γου
2350 2743 2509 2794 μενος
2531 2743 2633 2778 σοι.

2315 2813 2403 2866 49.
2427 2810 2533 2864 Kal
2553 2812 2774 2880 γέγονεν
2828 2814 2862 2884 ἡ
2897 2813 3041 2867 εἰδέα
3081 2831 3181 2885 μου
3207 2813 3339 2866 ὡσεὶ
3387 2811 3608 2883 νεκροῦ,
3647 2811 3742 2863 διὰ
3779 2811 3841 2862 τὸ

577 2911 638 2954 ιιι
663 2901 1094 2956 misericordiam
1127 2916 1156 2954 a
1189 2909 1240 2955 te
1265 2915 1653 2970 consequerer.

1373 2915 1653 2970 sequerer.
2246 2903 2533 2974 ἐλεηθῆναί
2563 2921 2629 2975 με
2657 2904 2807 2977 παρὰ
2841 2904 2953 2958 σοῦ.

648 2991 740 3046 50.
770 2990 836 3046 Ει
887 2991 1054 3046 veluti
1101 2991 1400 3046 ludibrium
1450 3005 1538 3044 me
1583 2989 1788 3044 habent
1824 2988 2148 3044 adversaria:

2318 2996 2404 3051 50.
2432 2994 2537 3049 Kal
2557 2996 2633 3060 ὡς
2673 2996 2871 3060 ὄνειδός
2924 3014 2990 3067 με
3023 2997 3097 3067 (2)
3130 2996 3344 3066 ἔχουσιν
3388 2998 3445 3050 αἱ
3473 2997 3718 3050 ἐναντίαι
3754 2997 3846 3049 δυ-

581 3091 876 3150 potestates
908 3080 1154 3135 videntes
1176 3095 1262 3135 me
1291 3080 1346 3134 in
1375 3081 1712 3150 poenitentia.

1652 3083 1712 3134 ia.
2177 3069 2222 3129 (ἶ
2255 3088 2445 3159 νάμεις
2466 3089 2673 3160 ὀρῶσαί
2698 3107 2764 3161 με
2785 3091 2842 3143 ὲν
2868 3093 2934 3161 τῇ
2962 3090 3239 3160 μετανοίᾳ.

651 3173 740 3227 51.
775 3170 842 3227 Ει
872 3171 1201 3241 aspicientes
1227 3171 1504 3226 minantur
1531 3172 1682 3227 mihi.

2325 3180 2413 3234 51.
2449 3179 2555 3234 Kal
2604 3180 2888 3249 βλέποντες
2917 3182 2992 3252 (5)
3022 3181 3299 3234 ἀπειλοῠσί
3329 3199 3437 3251 μοι.

651 3265 738 3319 52.
773 3265 1034 3334 lmpugna
1069 3265 1414 3334 insurgentes
1449 3263 1501 3317 in
1535 3279 1640 3318 me.

2327 3273 2416 3327 52.
2450 3274 2767 3346 Πολέμησον
2794 3274 2920 3336 τοὺς
2945 3273 3408 3342 ἐπανισταμένους
3440 3289 3549 3342 μοι.

651 3358 740 3413 55.
774 3358 1121 3412 lmmensam.

2326 3365 2412 3419 55.
2446 3365 2521 3435 (4)
2552 3366 2625 3418 Τὸ
2655 3365 2976 3436 ἀμέτρητον.

652 3449 741 3504 54.
769 3447 835 3502 Et
873 3456 1235 3518 cognoscant,
1275 3448 1420 3516 quod
1465 3462 1660 3502 manus
1709 3458 1801 3502 tua
1841 3455 2015 3518 potest
2066 3464 2153 3502 me

2326 3456 2413 3512 54.
2441 3455 2547 3509 Kal
2577 3454 2891 3523 ὲπιγνῶσιν,
2923 3453 3004 3506 ὅτι
3031 3454 3064 3523 ἡ
3089 3451 3209 3524 χείρ
3234 3468 3326 3503 σου
3386 3449 3610 3504 δύναται
3638 3446 3850 3520 βοηθῆ-

585 3542 841 3610 adjuvare
861 3548 916 3594 et
945 3540 1171 3594 salvare.

2256 3567 2362 3612 ναι,
2411 3550 2506 3602 καὶ
2539 3547 2710 3600 σῶσαί
2742 3563 2827 3617 με.

655 3632 744 3686 55.
780 3631 847 3686 Et
880 3639 955 3688 tu.
983 3628 1227 3698 Domine,
1263 3632 1576 3702 praeparasti
1608 3647 1727 3687 eam
1764 3633 1819 3687 in
1861 3635 2147 3691 auxilium.

2328 3643 2416 3698 55.
2473 3640 2598 3709 Kal_
2634 3642 2720 3707 ab,
2773 3638 2946 3708 Κύριε
3002 3637 3100 3708 (5),
3144 3635 3483 3706 ηὕτρέπισας
3534 3634 3708 3706 αὐτὴν
3766 3637 3849 3697 είς

2291 3736 2526 3789 οήθειαν.

655 3814 744 3868 56.
780 3811 975 3866 Volent
1022 3826 1110 3864 me
1137 3811 1381 3879 perdere,
1417 3818 1472 3864 et
1495 3817 1554 3864 tu
1591 3825 1676 3865 me
1701 3811 1943 3866 servabis
1977 3812 2030 3865 in
2066 3827 2150 3867 sa-

2358 3737 2526 3788 θειαν.

2261 3737 2414 3881 pM56.
2447 3824 2741 3896 Θελήσουσι
2772 3821 3073 3877 ἀπολέσθαι
3126 3839 3215 3891 με,
3251 3821 3344 3874 καὶ
3371 3821 3436 3873 σὺ
3460 3823 3848 3892 περιποιήσεις

589 3912 774 3965 lutem.

2259 3935 2325 3990 με
2352 3919 2431 3980 είς
2465 3916 2753 3990 σωτηρίαν.

657 4004 746 4060 57.
774 4001 920 4057 Nihil
969 4010 1217 4072 potentes
1253 3999 1385 4054 mihi
1414 3998 1594 4055 facere
1641 3997 1964 4054 adversaria:
2005 4008 2156 4069 pote-

2328 4009 2414 4062 57.
2441 4007 2622 4079 Μηδὲν
2647 4006 2932 4076 δυνάμενοι
2973 4003 3194 4075 ποιῆσαί
3237 4019 3325 4073 μοι
3356 4000 3433 4072 (6)
3489 4003 3546 4053 al
3595 4004 3846 4056 ἐναντίαι

589 4105 757 4151 States
781 4091 1206 4150 confundantur.

2257 4101 2511 4170 δυνάμεις
2528 4098 2990 4170 αίσχυνθήτωσαν.

660 4185 748 4241 58.
779 4185 889 4255 Ego
922 4191 1128 4250 autem,
1157 4189 1212 4238 et
1257 4180 1439 4237 omnis
1488 4195 1678 4236 servus
1731 4191 1861 4236 tuus
1889 4181 2157 4235 laetabitur

2329 4190 2416 4244 58.
2461 4188 2600 4258 Ἐγὼ
2632 4189 2688 4241 δὲ
2715 4189 2805 4241 καὶ
2828 4189 2935 4250 πᾶς
2965 4184 3150 4248 δοῦλός
3206 4202 3299 4238 σου
3347 4184 3848 4256 εὐφρανθησὸμεθα

592 4280 647 4334 in
674 4280 849 4350 gratia
878 4287 992 4332 tua.

2259 4283 2314 4334 ὲν
2350 4285 2416 4353 τῇ
2461 4279 2642 4352 χάριτί
2671 4296 2784 4332 σου.

661 4373 750 4426 59.
774 4372 1059 4444 Principes
1091 4373 1300 4427 mundi.
2194 4438 2222 4444 _

2194 4438 2222 4444 _
2332 4373 2418 4428 59.
2449 4373 2511 4424 Οἱ
2539 4371 2797 4442 ἄρχοντες
2818 4366 2911 4421 τοῦ
2941 4367 3145 4439 κόσμου
3185 4365 3281 4438 (7).

660 4467 748 4521 60.
777 4438 1114 4523 Adversariaa
1140 4473 1456 4538 potestates.
2189 4438 2233 4492 Ῑ)

2189 4438 2233 4492 D
2331 4465 2420 4519 60.
2452 4464 2518 4516 Ai
2548 4438 2786 4515 ἐναντίαι
2807 4438 3083 4530 δυνάμεις.

661 4559 749 4612 6L
778 4557 1117 4615 lnocssanter
1157 4556 1458 4614 confitebor
1500 4555 1729 4612 salutem
1774 4552 1910 4609 mihi
1960 4551 2156 4608 factam

2332 4556 2421 4610 61.
2464 4554 2782 4616 ’Λπαύστως
2839 4552 3158 4623 ὁμολογήσω
3210 4549 3309 4621 τὴν
3370 4547 3522 4620 παρὰ
3573 4547 3670 4601 τοῦ
3706 4549 3847 4602 Θεοῦ

590 4667 621 4704 a
646 4650 778 4706 Deo.
2268 4665 2355 4718 μοι
2383 4645 2459 4716 (8)
2492 4645 2787 4715 γενομένην
2819 4643 3110 4716 σωτηρίαν.

655 4742 740 4795 62.
777 4741 844 4796 Et
868 4757 1033 4813 super
1059 4741 1243 4797 omnia
1272 4740 1508 4796 laudabo
1530 4754 1680 4796 eum.

2333 4737 2420 4792 62.
2447 4735 2552 4790 Kal
2585 4737 2679 4789 ἐπὶ
2705 4737 2921 4789 πάντων
2945 4735 3236 4805 ἀνυμνήσω
3266 4730 3447 4785 αὐτόν.

661 4833 749 4888 65.
781 4833 1052 4899 Quoniam
1097 4833 1272 4888 astitit
1313 4842 1603 4902 protegens
1648 4843 1758 4898 me,
1783 4838 1839 4885 et
1884 4842 1993 4882 non
2037 4843 2159 4898 per-

2331 4827 2420 4882 65.
2451 4828 2575 4880 ’Ὁτι
2604 4827 2846 4898 παρέστη
2891 4823 3277 4896 ὑπερασπίζων
3323 4839 3446 4892 μου,
3479 4821 3576 4873 καὶ
3608 4821 3686 4890 μὴ
3715 4836 3847 4873 συν-

593 4925 816 4980 mittens
867 4923 1176 4993 quempiam
1223 4939 1288 4978 ex
1335 4923 1402 4978 iis
1443 4922 1538 4990 qui
1577 4921 1712 4976 mihi
1759 4921 2159 4977 insidiabantur

2264 4919 2456 4992 χωρῶν
2486 4937 2606 4974 τινα
2637 4919 2744 4971 τῶν
2789 4916 3092 4972 ἐπιϐούλων
3123 4933 3224 4986 μου
3275 4913 3576 4985 πλησιάσαι
3614 4930 3705 4982 μοι
3745 4913 3842 4980 (9).

592 5019 658 5070 ad
693 5031 780 5069 me
808 5015 1086 5070 accedere.

660 5105 748 5159 65.
783 5104 850 5160 Ut
878 5107 1131 5161 liberaret
1156 5121 1187 5159 a
1218 5105 1511 5160 contrariis
1533 5105 1895 5176 potestatibus
1917 5105 2154 5158 animam

2334 5102 2422 5156 64.
2451 5099 2557 5154 Τοῦ
2583 5095 2958 5170 λυτρώσασθαι
2994 5097 3058 5148 ὲκ
3104 5091 3214 5146 τῶν
3252 5089 3506 5145 ἐναντίων
3555 5085 3845 5155 δυνάμεων

594 5211 791 5252 tineam.

2262 5195 2362 5264 τὴν
2382 5193 2557 5263 ψυχήν
2589 5208 2709 5262 μου.

1541 5338 1845 5399 Addenda
1885 5345 1946 5397 et
1997 5333 2370 5411 corrigenda
2396 5350 2474 5395 ex
2507 5330 2648 5393 cod.
2678 5329 2880 5390 Vatic.

668 5495 743 5562 (ί)
771 5493 873 5546 Kal
900 5491 1204 5555 ὲξετείναξα
1234 5489 1421 5542 ἑαυτὸν
1448 5489 1523 5552 ἐν,
1551 5497 1676 5550 etc.,
1715 5487 1839 5541 mel.
1872 5484 2145 5558 Ἐξέτηξα.
2437 5483 2507 5562 ξὺ
2537 5479 2665 5562 γὰρ,
2698 5477 2901 5555 Κύριεζ
2915 5468 3320 5562 εαξη-βοήθειαν
3369 5466 3459 5520 καὶ
3505 5463 3806 5533 σωτηρίαν.

772 5543 1012 5615 Rivius.“
1046 5543 1185 5631 PE-r
1512 5543 1523 5552 '
1667 5543 1676 5550 ’
1943 5543 1959 5550 ’
2045 5543 2089 5558 ﬂ
2443 5543 2751 5631 ἑυνᾶμεναι
2781 5543 3005 5614 ποιῆσαί
3036 5558 3120 5612 με.

691 5621 743 5699 5)
778 5621 1070 5694 Βλέποντέξ
1125 5649 1212 5700 με.
1309 5697 1318 5700 Α
1791 5697 1825 5700 __
1872 5699 1877 5700 γ
2094 5696 2116 5700 μ
2439 5621 2693 5700 Ξκότους.

692 5693 742 5768 4)
769 5703 829 5757 Ν.
859 5705 946 5755 53.
979 5693 1065 5755 54.
1116 5693 1186 5756 Τὸ
1210 5697 1538 5767 ἀμέτρητον
1587 5701 1750 5755 dccst.
1791 5697 1892 5751 Kal
1924 5696 2128 5764 ἐπιγνῶ
2439 5693 2575 5768 lupo.

599 5762 702 5844 ocv‘,
730 5762 864 5832 ἐιε..
895 5773 1152 5854 βοηθῆσαι
1182 5762 1273 5826 κέὶ
1300 5762 1485 5823 σῶσαι.
2029 5762 2037 5764 -

957 5773 1152 5854 ηθῆσαι
1182 5762 1273 5826 κέὶ
1300 5762 1485 5823 σῶσαι.
2029 5762 2037 5764 -
2334 5763 2409 5833 (9)
2442 5762 2543 5814 Με.
