  <div class='ocr_page' id='page_1' title='image "/cluster/home/n/w/nwhite01/storage/ocr_20150623/27/ien.35556001660521/584.png"; bbox 0 0 4018 6470; ppageno 0'>
   <div class='ocr_carea' id='block_1_1' title="bbox 162 397 328 455">
    <p class='ocr_par' dir='ltr' id='par_1_1' title="bbox 162 397 328 455">
     <span class='ocr_line' id='line_1_1' title="bbox 162 397 328 455; baseline 0.024 -4"><span class='ocrx_word' id='word_1_1' title='bbox 162 397 328 455; x_wconf 71' lang='grc'><strong>1145</strong></span> 
     </span>
    </p>
   </div>
   <div class='ocr_carea' id='block_1_2' title="bbox 499 515 1455 587">
    <p class='ocr_par' dir='ltr' id='par_1_2' title="bbox 499 515 1455 587">
     <span class='ocr_line' id='line_1_2' title="bbox 499 515 1455 587; baseline 0.005 -16"><span class='ocrx_word' id='word_1_2' title='bbox 499 516 743 587; x_wconf 50' lang='lat' dir='ltr'><strong>tuanec</strong></span> <span class='ocrx_word' id='word_1_3' title='bbox 772 515 853 583; x_wconf 76' lang='grc' dir='ltr'><strong>τῷ</strong></span> <span class='ocrx_word' id='word_1_4' title='bbox 896 518 1091 573; x_wconf 83' lang='grc' dir='ltr'>Δαϐίδ.</span> <span class='ocrx_word' id='word_1_5' title='bbox 1131 523 1299 575; x_wconf 53' lang='lat' dir='ltr'><strong>eum.</strong></span> <span class='ocrx_word' id='word_1_6' title='bbox 1328 525 1455 576; x_wconf 72' lang='grc' dir='ltr'>μοι.</span> 
     </span>
    </p>
   </div>
   <div class='ocr_carea' id='block_1_3' title="bbox 251 604 1769 683">
    <p class='ocr_par' dir='ltr' id='par_1_3' title="bbox 251 604 1769 683">
     <span class='ocr_line' id='line_1_3' title="bbox 251 604 1769 683; baseline 0.005 -24"><span class='ocrx_word' id='word_1_7' title='bbox 251 608 309 661; x_wconf 86' lang='grc'><strong>1.</strong></span> <span class='ocrx_word' id='word_1_8' title='bbox 347 604 514 662; x_wconf 82' lang='grc' dir='ltr'>Εἶπεν</span> <span class='ocrx_word' id='word_1_9' title='bbox 561 610 590 662; x_wconf 86' lang='grc' dir='ltr'><strong>ό</strong></span> <span class='ocrx_word' id='word_1_10' title='bbox 619 609 821 682; x_wconf 80' lang='grc' dir='ltr'>Κύριος</span> <span class='ocrx_word' id='word_1_11' title='bbox 850 611 928 683; x_wconf 82' lang='grc' dir='ltr'><strong>τῷ</strong></span> <span class='ocrx_word' id='word_1_12' title='bbox 981 613 1173 683; x_wconf 82' lang='grc' dir='ltr'>Κυρίῳ</span> <span class='ocrx_word' id='word_1_13' title='bbox 1207 630 1330 683; x_wconf 70' lang='lat' dir='ltr'><strong>p.00-</strong></span> <span class='ocrx_word' id='word_1_14' title='bbox 1364 613 1546 668; x_wconf 83' lang='grc' dir='ltr'><strong>Κάθου</strong></span> <span class='ocrx_word' id='word_1_15' title='bbox 1573 616 1638 668; x_wconf 88' lang='grc' dir='ltr'><strong>ἐκ</strong></span> <span class='ocrx_word' id='word_1_16' title='bbox 1682 615 1769 667; x_wconf 89' lang='grc' dir='ltr'>δε-</span> 
     </span>
    </p>
   </div>
   <div class='ocr_carea' id='block_1_4' title="bbox 158 698 463 771">
    <p class='ocr_par' dir='ltr' id='par_1_4' title="bbox 158 698 463 771">
     <span class='ocr_line' id='line_1_4' title="bbox 158 698 463 771; baseline 0 -17"><span class='ocrx_word' id='word_1_17' title='bbox 158 698 312 766; x_wconf 79' lang='grc' dir='ltr'>ξιῶν</span> <span class='ocrx_word' id='word_1_18' title='bbox 340 718 463 771; x_wconf 86' lang='grc' dir='ltr'>μου·</span> 
     </span>
    </p>
   </div>
   <div class='ocr_carea' id='block_1_5' title="bbox 245 794 1770 871">
    <p class='ocr_par' dir='ltr' id='par_1_5' title="bbox 245 794 1770 871">
     <span class='ocr_line' id='line_1_5' title="bbox 245 794 1770 871; baseline 0.006 -25"><span class='ocrx_word' id='word_1_19' title='bbox 245 794 310 847; x_wconf 70' lang='lat'><strong>2.</strong></span> <span class='ocrx_word' id='word_1_20' title='bbox 344 795 487 858; x_wconf 85' lang='grc' dir='ltr'><strong>Ἕως</strong></span> <span class='ocrx_word' id='word_1_21' title='bbox 516 794 582 849; x_wconf 75' lang='grc' dir='ltr'>ἂν</span> <span class='ocrx_word' id='word_1_22' title='bbox 608 795 687 850; x_wconf 89' lang='grc' dir='ltr'><strong>θῶ</strong></span> <span class='ocrx_word' id='word_1_23' title='bbox 734 798 862 861; x_wconf 85' lang='grc' dir='ltr'>τοὺς</span> <span class='ocrx_word' id='word_1_24' title='bbox 913 797 1141 871; x_wconf 80' lang='grc' dir='ltr'>ἐχθρούς</span> <span class='ocrx_word' id='word_1_25' title='bbox 1198 818 1293 853; x_wconf 91' lang='grc' dir='ltr'>σου</span> <span class='ocrx_word' id='word_1_26' title='bbox 1325 801 1611 855; x_wconf 81' lang='grc' dir='ltr'>ὑποπόδιον</span> <span class='ocrx_word' id='word_1_27' title='bbox 1661 801 1770 855; x_wconf 87' lang='grc' dir='ltr'><strong>τῶν</strong></span> 
     </span>
    </p>
   </div>
   <div class='ocr_carea' id='block_1_6' title="bbox 162 885 513 941">
    <p class='ocr_par' dir='ltr' id='par_1_6' title="bbox 162 885 513 941">
     <span class='ocr_line' id='line_1_6' title="bbox 162 885 513 941; baseline 0.014 -5"><span class='ocrx_word' id='word_1_28' title='bbox 162 885 362 939; x_wconf 78' lang='grc' dir='ltr'>ποδῶν</span> <span class='ocrx_word' id='word_1_29' title='bbox 398 904 491 941; x_wconf 91' lang='grc' dir='ltr'><strong>σου</strong></span> <span class='ocrx_word' id='word_1_30' title='bbox 502 930 513 940; x_wconf 94' lang='grc'>.</span> 
     </span>
    </p>
   </div>
   <div class='ocr_carea' id='block_1_7' title="bbox 244 977 1768 1051">
    <p class='ocr_par' dir='ltr' id='par_1_7' title="bbox 244 977 1768 1051">
     <span class='ocr_line' id='line_1_7' title="bbox 244 977 1768 1051; baseline 0.005 -21"><span class='ocrx_word' id='word_1_31' title='bbox 244 977 307 1032; x_wconf 80' lang='lat'><strong>5.</strong></span> <span class='ocrx_word' id='word_1_32' title='bbox 347 978 568 1032; x_wconf 78' lang='grc' dir='ltr'>Ῥάὸδον</span> <span class='ocrx_word' id='word_1_33' title='bbox 605 978 891 1051; x_wconf 85' lang='grc' dir='ltr'>δυνάμεως</span> <span class='ocrx_word' id='word_1_34' title='bbox 923 980 1275 1048; x_wconf 76' lang='grc' dir='ltr'>ἐξαποστελεῖ</span> <span class='ocrx_word' id='word_1_35' title='bbox 1319 1000 1401 1036; x_wconf 91' lang='grc' dir='ltr'><strong>σοι</strong></span> <span class='ocrx_word' id='word_1_36' title='bbox 1457 983 1661 1048; x_wconf 82' lang='grc' dir='ltr'><strong>Κύριος</strong></span> <span class='ocrx_word' id='word_1_37' title='bbox 1704 985 1768 1037; x_wconf 80' lang='grc' dir='ltr'><strong>ἐκ</strong></span> 
     </span>
    </p>
   </div>
   <div class='ocr_carea' id='block_1_8' title="bbox 160 1066 357 1121">
    <p class='ocr_par' dir='ltr' id='par_1_8' title="bbox 160 1066 357 1121">
     <span class='ocr_line' id='line_1_8' title="bbox 160 1066 357 1121; baseline 0.005 -1"><span class='ocrx_word' id='word_1_38' title='bbox 160 1066 323 1121; x_wconf 81' lang='grc' dir='ltr'>Σιών</span> <span class='ocrx_word' id='word_1_39' title='bbox 342 1084 357 1098; x_wconf 81' lang='grc'><strong><em>⁸</em></strong></span> 
     </span>
    </p>
   </div>
   <div class='ocr_carea' id='block_1_9' title="bbox 243 1158 1633 1237">
    <p class='ocr_par' dir='ltr' id='par_1_9' title="bbox 243 1158 1633 1237">
     <span class='ocr_line' id='line_1_9' title="bbox 243 1158 1633 1237; baseline 0.006 -25"><span class='ocrx_word' id='word_1_40' title='bbox 243 1159 307 1214; x_wconf 73' lang='grc'><strong>4.</strong></span> <span class='ocrx_word' id='word_1_41' title='bbox 338 1158 442 1214; x_wconf 75' lang='grc' dir='ltr'><strong>Καὶ</strong></span> <span class='ocrx_word' id='word_1_42' title='bbox 474 1163 841 1235; x_wconf 86' lang='grc' dir='ltr'>κατακυρίευε</span> <span class='ocrx_word' id='word_1_43' title='bbox 874 1164 933 1216; x_wconf 78' lang='grc' dir='ltr'><strong>ἐν</strong></span> <span class='ocrx_word' id='word_1_44' title='bbox 959 1165 1108 1234; x_wconf 79' lang='grc' dir='ltr'>μέσῳ</span> <span class='ocrx_word' id='word_1_45' title='bbox 1141 1164 1248 1217; x_wconf 85' lang='grc' dir='ltr'><strong>τῶν</strong></span> <span class='ocrx_word' id='word_1_46' title='bbox 1281 1165 1490 1237; x_wconf 77' lang='grc' dir='ltr'>ἐχθρῶν</span> <span class='ocrx_word' id='word_1_47' title='bbox 1519 1183 1633 1221; x_wconf 92' lang='grc' dir='ltr'>σου.</span> 
     </span>
    </p>
   </div>
   <div class='ocr_carea' id='block_1_10' title="bbox 243 1250 1765 1327">
    <p class='ocr_par' dir='ltr' id='par_1_10' title="bbox 243 1250 1765 1327">
     <span class='ocr_line' id='line_1_10' title="bbox 243 1250 1765 1327; baseline 0.003 -23"><span class='ocrx_word' id='word_1_48' title='bbox 243 1250 305 1306; x_wconf 74' lang='lat'><strong>5.</strong></span> <span class='ocrx_word' id='word_1_49' title='bbox 345 1251 499 1305; x_wconf 81' lang='grc' dir='ltr'><strong>Μετὰ</strong></span> <span class='ocrx_word' id='word_1_50' title='bbox 527 1252 623 1305; x_wconf 83' lang='grc' dir='ltr'>σοῦ</span> <span class='ocrx_word' id='word_1_51' title='bbox 655 1254 688 1324; x_wconf 79' lang='grc' dir='ltr'>ὴ</span> <span class='ocrx_word' id='word_1_52' title='bbox 722 1253 865 1325; x_wconf 83' lang='grc' dir='ltr'>ἀρχὴ</span> <span class='ocrx_word' id='word_1_53' title='bbox 915 1255 972 1306; x_wconf 87' lang='grc' dir='ltr'><strong>ἐν</strong></span> <span class='ocrx_word' id='word_1_54' title='bbox 1001 1254 1182 1324; x_wconf 78' lang='grc' dir='ltr'>ἡμέρᾳ</span> <span class='ocrx_word' id='word_1_55' title='bbox 1216 1254 1316 1325; x_wconf 82' lang='grc' dir='ltr'>τῆς</span> <span class='ocrx_word' id='word_1_56' title='bbox 1341 1256 1625 1327; x_wconf 85' lang='grc' dir='ltr'>δυνάμεώς</span> <span class='ocrx_word' id='word_1_57' title='bbox 1648 1274 1765 1324; x_wconf 90' lang='grc' dir='ltr'>σου,</span> 
     </span>
    </p>
   </div>
   <div class='ocr_carea' id='block_1_11' title="bbox 240 1341 1426 1417">
    <p class='ocr_par' dir='ltr' id='par_1_11' title="bbox 240 1341 1426 1417">
     <span class='ocr_line' id='line_1_11' title="bbox 240 1341 1426 1417; baseline 0.003 -20"><span class='ocrx_word' id='word_1_58' title='bbox 240 1341 302 1397; x_wconf 85' lang='grc'><strong>6.</strong></span> <span class='ocrx_word' id='word_1_59' title='bbox 344 1343 430 1396; x_wconf 87' lang='grc' dir='ltr'>Ἐν</span> <span class='ocrx_word' id='word_1_60' title='bbox 461 1346 582 1407; x_wconf 84' lang='grc' dir='ltr'>ταῖς</span> <span class='ocrx_word' id='word_1_61' title='bbox 608 1344 956 1417; x_wconf 78' lang='grc' dir='ltr'><strong>λαμπρότησι</strong></span> <span class='ocrx_word' id='word_1_62' title='bbox 980 1346 1088 1399; x_wconf 87' lang='grc' dir='ltr'><strong>τῶν</strong></span> <span class='ocrx_word' id='word_1_63' title='bbox 1116 1347 1287 1416; x_wconf 84' lang='grc' dir='ltr'>ἁγίων</span> <span class='ocrx_word' id='word_1_64' title='bbox 1314 1364 1426 1401; x_wconf 91' lang='grc' dir='ltr'>σου·</span> 
     </span>
    </p>
   </div>
   <div class='ocr_carea' id='block_1_12' title="bbox 241 1436 1617 1515">
    <p class='ocr_par' dir='ltr' id='par_1_12' title="bbox 241 1436 1617 1515">
     <span class='ocr_line' id='line_1_12' title="bbox 241 1436 1617 1515; baseline 0.005 -27"><span class='ocrx_word' id='word_1_65' title='bbox 241 1436 303 1491; x_wconf 91' lang='lat'><strong>7.</strong></span> <span class='ocrx_word' id='word_1_66' title='bbox 351 1436 446 1490; x_wconf 87' lang='grc' dir='ltr'><strong>Ἐκ</strong></span> <span class='ocrx_word' id='word_1_67' title='bbox 478 1438 712 1511; x_wconf 83' lang='grc' dir='ltr'>γαστρὸς</span> <span class='ocrx_word' id='word_1_68' title='bbox 746 1438 849 1510; x_wconf 87' lang='grc' dir='ltr'>πρὸ</span> <span class='ocrx_word' id='word_1_69' title='bbox 892 1439 1198 1511; x_wconf 69' lang='grc' dir='ltr'>Ἑωσφόρου</span> <span class='ocrx_word' id='word_1_70' title='bbox 1240 1440 1506 1515; x_wconf 82' lang='grc' dir='ltr'>ἐγέννησά</span> <span class='ocrx_word' id='word_1_71' title='bbox 1539 1458 1617 1495; x_wconf 88' lang='grc' dir='ltr'><strong>σε.</strong></span> 
     </span>
    </p>
   </div>
   <div class='ocr_carea' id='block_1_13' title="bbox 242 1528 1557 1603">
    <p class='ocr_par' dir='ltr' id='par_1_13' title="bbox 242 1528 1557 1603">
     <span class='ocr_line' id='line_1_13' title="bbox 242 1528 1557 1603; baseline 0.003 -21"><span class='ocrx_word' id='word_1_72' title='bbox 242 1528 303 1584; x_wconf 89' lang='grc'><strong>8.</strong></span> <span class='ocrx_word' id='word_1_73' title='bbox 340 1530 543 1601; x_wconf 87' lang='grc' dir='ltr'>Ὠμοσε</span> <span class='ocrx_word' id='word_1_74' title='bbox 571 1530 793 1603; x_wconf 83' lang='grc' dir='ltr'>Κύριος,</span> <span class='ocrx_word' id='word_1_75' title='bbox 824 1531 917 1584; x_wconf 81' lang='grc' dir='ltr'>καὶ</span> <span class='ocrx_word' id='word_1_76' title='bbox 940 1531 1001 1584; x_wconf 87' lang='grc' dir='ltr'><strong>ού</strong></span> <span class='ocrx_word' id='word_1_77' title='bbox 1035 1531 1557 1603; x_wconf 77' lang='grc' dir='ltr'>μεταμεληθήσεταιο</span> 
     </span>
    </p>
   </div>
   <div class='ocr_carea' id='block_1_14' title="bbox 245 1623 1767 1698">
    <p class='ocr_par' dir='ltr' id='par_1_14' title="bbox 245 1623 1767 1698">
     <span class='ocr_line' id='line_1_14' title="bbox 245 1623 1767 1698; baseline 0.003 -23"><span class='ocrx_word' id='word_1_78' title='bbox 245 1623 305 1676; x_wconf 87' lang='grc'><strong>9.</strong></span> <span class='ocrx_word' id='word_1_79' title='bbox 336 1624 612 1696; x_wconf 74' lang='grc' dir='ltr'>Σὺίερεὺς</span> <span class='ocrx_word' id='word_1_80' title='bbox 657 1625 735 1696; x_wconf 85' lang='grc' dir='ltr'><strong>(α)</strong></span> <span class='ocrx_word' id='word_1_81' title='bbox 799 1627 880 1689; x_wconf 89' lang='grc' dir='ltr'><strong>είς</strong></span> <span class='ocrx_word' id='word_1_82' title='bbox 914 1626 1004 1679; x_wconf 82' lang='grc' dir='ltr'>τὸν</span> <span class='ocrx_word' id='word_1_83' title='bbox 1052 1626 1243 1691; x_wconf 81' lang='grc' dir='ltr'><strong>αἰῶνα,</strong></span> <span class='ocrx_word' id='word_1_84' title='bbox 1278 1626 1423 1680; x_wconf 87' lang='grc' dir='ltr'>κατά</span> <span class='ocrx_word' id='word_1_85' title='bbox 1464 1626 1561 1698; x_wconf 82' lang='grc' dir='ltr'>τὴν</span> <span class='ocrx_word' id='word_1_86' title='bbox 1614 1625 1767 1692; x_wconf 79' lang='grc' dir='ltr'>τάξιν</span> 
     </span>
    </p>
   </div>
   <div class='ocr_carea' id='block_1_15' title="bbox 158 1715 537 1786">
    <p class='ocr_par' dir='ltr' id='par_1_15' title="bbox 158 1715 537 1786">
     <span class='ocr_line' id='line_1_15' title="bbox 158 1715 537 1786; baseline 0 -17"><span class='ocrx_word' id='word_1_87' title='bbox 158 1715 537 1786; x_wconf 82' lang='grc' dir='ltr'>Μελχισεδέκ.</span> 
     </span>
    </p>
   </div>
   <div class='ocr_carea' id='block_1_16' title="bbox 1035 400 2461 465">
    <p class='ocr_par' dir='ltr' id='par_1_16' title="bbox 1035 400 2461 465">
     <span class='ocr_line' id='line_1_16' title="bbox 1035 400 2461 465; baseline 0.006 -10"><span class='ocrx_word' id='word_1_88' title='bbox 1035 400 1125 456; x_wconf 87' lang='lat' dir='ltr'><strong>DE</strong></span> <span class='ocrx_word' id='word_1_89' title='bbox 1166 401 1443 459; x_wconf 80' lang='lat' dir='ltr'><strong>TITULIS</strong></span> <span class='ocrx_word' id='word_1_90' title='bbox 1490 403 1940 463; x_wconf 75' lang='lat' dir='ltr'><strong>PSALMORUM.</strong></span> <span class='ocrx_word' id='word_1_91' title='bbox 1980 438 2050 448; x_wconf 89' lang='lat'><strong>—</strong></span> <span class='ocrx_word' id='word_1_92' title='bbox 2086 407 2281 465; x_wconf 84' lang='lat' dir='ltr'><strong>PSAL.</strong></span> <span class='ocrx_word' id='word_1_93' title='bbox 2323 408 2461 464; x_wconf 76' lang='lat' dir='ltr'><strong>CIX.</strong></span> 
     </span>
    </p>
   </div>
   <div class='ocr_carea' id='block_1_17' title="bbox 1795 527 1843 583">
    <p class='ocr_par' dir='ltr' id='par_1_17' title="bbox 1795 527 1843 583">
     <span class='ocr_line' id='line_1_17' title="bbox 1795 527 1843 583; baseline 0 0"><span class='ocrx_word' id='word_1_94' title='bbox 1795 527 1843 583; x_wconf 76' lang='grc' dir='ltr'><strong>Α</strong></span> 
     </span>
    </p>
   </div>
   <div class='ocr_carea' id='block_1_18' title="bbox 3308 414 3445 469">
    <p class='ocr_par' dir='ltr' id='par_1_18' title="bbox 3308 414 3445 469">
     <span class='ocr_line' id='line_1_18' title="bbox 3308 414 3445 469; baseline 0.007 -1"><span class='ocrx_word' id='word_1_95' title='bbox 3308 414 3445 469; x_wconf 76' lang='grc'><strong>1146</strong></span> 
     </span>
    </p>
   </div>
   <div class='ocr_carea' id='block_1_19' title="bbox 2226 522 3089 582">
    <p class='ocr_par' dir='ltr' id='par_1_19' title="bbox 2226 522 3089 582">
     <span class='ocr_line' id='line_1_19' title="bbox 2226 522 3089 582; baseline 0.005 -5"><span class='ocrx_word' id='word_1_96' title='bbox 2226 522 2472 579; x_wconf 79' lang='lat' dir='ltr'><strong>Psalmus</strong></span> <span class='ocrx_word' id='word_1_97' title='bbox 2498 523 2686 579; x_wconf 78' lang='lat' dir='ltr'><strong>Dauid.</strong></span> <span class='ocrx_word' id='word_1_98' title='bbox 2704 524 2907 580; x_wconf 81' lang='lat' dir='ltr'><strong><em>PSAL.</em></strong></span> <span class='ocrx_word' id='word_1_99' title='bbox 2938 525 3089 582; x_wconf 79' lang='lat' dir='ltr'><strong>CIX.</strong></span> 
     </span>
    </p>
   </div>
   <div class='ocr_carea' id='block_1_20' title="bbox 1940 613 3443 675">
    <p class='ocr_par' dir='ltr' id='par_1_20' title="bbox 1940 613 3443 675">
     <span class='ocr_line' id='line_1_20' title="bbox 1940 613 3443 675; baseline 0.004 -7"><span class='ocrx_word' id='word_1_100' title='bbox 1940 614 1990 668; x_wconf 97' lang='grc'><strong>1.</strong></span> <span class='ocrx_word' id='word_1_101' title='bbox 2026 613 2170 669; x_wconf 81' lang='lat' dir='ltr'><strong>Dixit</strong></span> <span class='ocrx_word' id='word_1_102' title='bbox 2211 614 2474 671; x_wconf 85' lang='lat' dir='ltr'><strong>Dominus</strong></span> <span class='ocrx_word' id='word_1_103' title='bbox 2513 614 2744 672; x_wconf 92' lang='lat' dir='ltr'><strong>Domino</strong></span> <span class='ocrx_word' id='word_1_104' title='bbox 2781 632 2903 673; x_wconf 86' lang='lat' dir='ltr'><strong>meo</strong></span> <span class='ocrx_word' id='word_1_105' title='bbox 2945 616 3129 675; x_wconf 86' lang='lat' dir='ltr'><strong>:Sede.</strong></span> <span class='ocrx_word' id='word_1_106' title='bbox 3159 633 3191 673; x_wconf 86' lang='lat' dir='ltr'><strong>a</strong></span> <span class='ocrx_word' id='word_1_107' title='bbox 3235 618 3443 674; x_wconf 75' lang='lat' dir='ltr'><strong>dextris</strong></span> 
     </span>
    </p>
   </div>
   <div class='ocr_carea' id='block_1_21' title="bbox 1866 724 2041 762">
    <p class='ocr_par' dir='ltr' id='par_1_21' title="bbox 1866 724 2041 762">
     <span class='ocr_line' id='line_1_21' title="bbox 1866 724 2041 762; baseline 0.006 -1"><span class='ocrx_word' id='word_1_108' title='bbox 1866 724 2003 762; x_wconf 85' lang='lat' dir='ltr'><strong>mets</strong></span> <span class='ocrx_word' id='word_1_109' title='bbox 2030 728 2041 762; x_wconf 71' lang='grc' dir='ltr'><strong><em>Σ</em></strong></span> 
     </span>
    </p>
   </div>
   <div class='ocr_carea' id='block_1_22' title="bbox 1935 796 3442 872">
    <p class='ocr_par' dir='ltr' id='par_1_22' title="bbox 1935 796 3442 872">
     <span class='ocr_line' id='line_1_22' title="bbox 1935 796 3442 872; baseline 0.005 -22"><span class='ocrx_word' id='word_1_110' title='bbox 1935 796 1991 851; x_wconf 76' lang='grc'><strong>2.</strong></span> <span class='ocrx_word' id='word_1_111' title='bbox 2024 796 2206 852; x_wconf 86' lang='lat' dir='ltr'><strong>Donec</strong></span> <span class='ocrx_word' id='word_1_112' title='bbox 2234 812 2434 868; x_wconf 89' lang='lat' dir='ltr'><strong>ponam</strong></span> <span class='ocrx_word' id='word_1_113' title='bbox 2478 797 2734 855; x_wconf 88' lang='lat' dir='ltr'><strong>inimicos</strong></span> <span class='ocrx_word' id='word_1_114' title='bbox 2765 809 2888 857; x_wconf 87' lang='lat' dir='ltr'><strong>tuos</strong></span> <span class='ocrx_word' id='word_1_115' title='bbox 2916 800 3208 857; x_wconf 86' lang='lat' dir='ltr'><strong>scabellum</strong></span> <span class='ocrx_word' id='word_1_116' title='bbox 3242 802 3442 872; x_wconf 86' lang='lat' dir='ltr'><strong>pedum</strong></span> 
     </span>
    </p>
   </div>
   <div class='ocr_carea' id='block_1_23' title="bbox 1868 896 2107 939">
    <p class='ocr_par' dir='ltr' id='par_1_23' title="bbox 1868 896 2107 939">
     <span class='ocr_line' id='line_1_23' title="bbox 1868 896 2107 939; baseline 0 0"><span class='ocrx_word' id='word_1_117' title='bbox 1868 896 2107 939; x_wconf 74' lang='lat' dir='ltr'><strong>lllOl‘lllll.</strong></span> 
     </span>
    </p>
   </div>
   <div class='ocr_carea' id='block_1_24' title="bbox 1938 988 3440 1062">
    <p class='ocr_par' dir='ltr' id='par_1_24' title="bbox 1938 988 3440 1062">
     <span class='ocr_line' id='line_1_24' title="bbox 1938 988 3440 1062; baseline 0.004 -19"><span class='ocrx_word' id='word_1_118' title='bbox 1938 990 1993 1044; x_wconf 80' lang='lat'><strong>5.</strong></span> <span class='ocrx_word' id='word_1_119' title='bbox 2052 988 2270 1062; x_wconf 74' lang='lat' dir='ltr'><strong>Vir-gain</strong></span> <span class='ocrx_word' id='word_1_120' title='bbox 2331 991 2549 1049; x_wconf 85' lang='lat' dir='ltr'><strong>virtutis</strong></span> <span class='ocrx_word' id='word_1_121' title='bbox 2608 994 2820 1050; x_wconf 87' lang='lat' dir='ltr'><strong>emittet</strong></span> <span class='ocrx_word' id='word_1_122' title='bbox 2886 994 2984 1050; x_wconf 92' lang='lat' dir='ltr'><strong>tibi</strong></span> <span class='ocrx_word' id='word_1_123' title='bbox 3048 992 3309 1050; x_wconf 87' lang='lat' dir='ltr'><strong>Dominus</strong></span> <span class='ocrx_word' id='word_1_124' title='bbox 3373 1010 3440 1049; x_wconf 76' lang='lat' dir='ltr'><strong>ex</strong></span> 
     </span>
    </p>
   </div>
   <div class='ocr_carea' id='block_1_25' title="bbox 1867 1081 2032 1138">
    <p class='ocr_par' dir='ltr' id='par_1_25' title="bbox 1867 1081 2032 1138">
     <span class='ocr_line' id='line_1_25' title="bbox 1867 1081 2032 1138; baseline 0 -1"><span class='ocrx_word' id='word_1_125' title='bbox 1867 1081 1999 1138; x_wconf 90' lang='lat' dir='ltr'><strong>Sion</strong></span> <span class='ocrx_word' id='word_1_126' title='bbox 2018 1099 2032 1137; x_wconf 91' lang='lat'><strong>:</strong></span> 
     </span>
    </p>
   </div>
   <div class='ocr_carea' id='block_1_26' title="bbox 1936 1177 3348 1237">
    <p class='ocr_par' dir='ltr' id='par_1_26' title="bbox 1936 1177 3348 1237">
     <span class='ocr_line' id='line_1_26' title="bbox 1936 1177 3348 1237; baseline 0.004 -6"><span class='ocrx_word' id='word_1_127' title='bbox 1936 1177 1991 1232; x_wconf 76' lang='grc'><strong>4.</strong></span> <span class='ocrx_word' id='word_1_128' title='bbox 2030 1177 2096 1231; x_wconf 84' lang='lat' dir='ltr'><strong>Et</strong></span> <span class='ocrx_word' id='word_1_129' title='bbox 2122 1178 2407 1236; x_wconf 85' lang='lat' dir='ltr'><strong>dominare</strong></span> <span class='ocrx_word' id='word_1_130' title='bbox 2441 1181 2496 1234; x_wconf 92' lang='lat' dir='ltr'><strong>in</strong></span> <span class='ocrx_word' id='word_1_131' title='bbox 2527 1180 2710 1236; x_wconf 91' lang='lat' dir='ltr'><strong>medio</strong></span> <span class='ocrx_word' id='word_1_132' title='bbox 2734 1180 3080 1235; x_wconf 90' lang='lat' dir='ltr'><strong>inimicorum</strong></span> <span class='ocrx_word' id='word_1_133' title='bbox 3108 1190 3348 1237; x_wconf 88' lang='lat' dir='ltr'><strong>tuorum.</strong></span> 
     </span>
    </p>
   </div>
   <div class='ocr_carea' id='block_1_27' title="bbox 1941 1267 3192 1339">
    <p class='ocr_par' dir='ltr' id='par_1_27' title="bbox 1941 1267 3192 1339">
     <span class='ocr_line' id='line_1_27' title="bbox 1941 1267 3192 1339; baseline 0.005 -19"><span class='ocrx_word' id='word_1_134' title='bbox 1941 1267 1994 1321; x_wconf 86' lang='lat'><strong>5.</strong></span> <span class='ocrx_word' id='word_1_135' title='bbox 2031 1267 2230 1323; x_wconf 83' lang='lat' dir='ltr'><strong>Tecum</strong></span> <span class='ocrx_word' id='word_1_136' title='bbox 2256 1270 2583 1339; x_wconf 84' lang='lat' dir='ltr'><strong>principium</strong></span> <span class='ocrx_word' id='word_1_137' title='bbox 2612 1270 2665 1324; x_wconf 92' lang='lat' dir='ltr'><strong>in</strong></span> <span class='ocrx_word' id='word_1_138' title='bbox 2701 1271 2788 1325; x_wconf 90' lang='lat' dir='ltr'><strong>die</strong></span> <span class='ocrx_word' id='word_1_139' title='bbox 2814 1271 3032 1325; x_wconf 83' lang='lat' dir='ltr'><strong>virtutis</strong></span> <span class='ocrx_word' id='word_1_140' title='bbox 3056 1280 3192 1337; x_wconf 67' lang='lat' dir='ltr'><strong>tuae,</strong></span> 
     </span>
    </p>
   </div>
   <div class='ocr_carea' id='block_1_28' title="bbox 1938 1357 3123 1428">
    <p class='ocr_par' dir='ltr' id='par_1_28' title="bbox 1938 1357 3123 1428">
     <span class='ocr_line' id='line_1_28' title="bbox 1938 1357 3123 1428; baseline 0.003 -17"><span class='ocrx_word' id='word_1_141' title='bbox 1938 1357 1988 1413; x_wconf 88' lang='lat'><strong>6.</strong></span> <span class='ocrx_word' id='word_1_142' title='bbox 2022 1357 2080 1411; x_wconf 92' lang='lat' dir='ltr'><strong>In</strong></span> <span class='ocrx_word' id='word_1_143' title='bbox 2113 1359 2495 1428; x_wconf 90' lang='lat' dir='ltr'><strong>splendoribus</strong></span> <span class='ocrx_word' id='word_1_144' title='bbox 2518 1372 2829 1415; x_wconf 88' lang='lat' dir='ltr'><strong>sanctorum</strong></span> <span class='ocrx_word' id='word_1_145' title='bbox 2863 1370 3081 1415; x_wconf 90' lang='lat' dir='ltr'><strong>tuorum</strong></span> <span class='ocrx_word' id='word_1_146' title='bbox 3109 1379 3123 1415; x_wconf 91' lang='lat'>:</span> 
     </span>
    </p>
   </div>
   <div class='ocr_carea' id='block_1_29' title="bbox 1940 1448 3075 1523">
    <p class='ocr_par' dir='ltr' id='par_1_29' title="bbox 1940 1448 3075 1523">
     <span class='ocr_line' id='line_1_29' title="bbox 1940 1448 3075 1523; baseline 0.004 -21"><span class='ocrx_word' id='word_1_147' title='bbox 1940 1449 1992 1503; x_wconf 90' lang='lat'><strong>7.</strong></span> <span class='ocrx_word' id='word_1_148' title='bbox 2024 1448 2102 1503; x_wconf 77' lang='lat' dir='ltr'><strong>Ex</strong></span> <span class='ocrx_word' id='word_1_149' title='bbox 2130 1460 2285 1505; x_wconf 91' lang='lat' dir='ltr'><strong>utero</strong></span> <span class='ocrx_word' id='word_1_150' title='bbox 2310 1460 2436 1506; x_wconf 91' lang='lat' dir='ltr'><strong>ante</strong></span> <span class='ocrx_word' id='word_1_151' title='bbox 2467 1450 2781 1507; x_wconf 82' lang='lat' dir='ltr'><strong>Luciferum</strong></span> <span class='ocrx_word' id='word_1_152' title='bbox 2814 1453 2973 1523; x_wconf 82' lang='lat' dir='ltr'><strong>genui</strong></span> <span class='ocrx_word' id='word_1_153' title='bbox 3004 1462 3075 1506; x_wconf 89' lang='lat' dir='ltr'><strong>te.</strong></span> 
     </span>
    </p>
   </div>
   <div class='ocr_carea' id='block_1_30' title="bbox 1938 1540 3259 1614">
    <p class='ocr_par' dir='ltr' id='par_1_30' title="bbox 1938 1540 3259 1614">
     <span class='ocr_line' id='line_1_30' title="bbox 1938 1540 3259 1614; baseline 0 -17"><span class='ocrx_word' id='word_1_154' title='bbox 1938 1543 1991 1597; x_wconf 93' lang='lat'><strong>8.</strong></span> <span class='ocrx_word' id='word_1_155' title='bbox 2025 1540 2238 1597; x_wconf 86' lang='lat' dir='ltr'><strong>Juravit</strong></span> <span class='ocrx_word' id='word_1_156' title='bbox 2263 1541 2551 1609; x_wconf 89' lang='lat' dir='ltr'><strong>Dominus,</strong></span> <span class='ocrx_word' id='word_1_157' title='bbox 2577 1553 2632 1599; x_wconf 91' lang='lat' dir='ltr'><strong>et</strong></span> <span class='ocrx_word' id='word_1_158' title='bbox 2657 1559 2765 1599; x_wconf 91' lang='lat' dir='ltr'><strong>non</strong></span> <span class='ocrx_word' id='word_1_159' title='bbox 2791 1544 3072 1614; x_wconf 65' lang='lat' dir='ltr'><strong>paenitebit</strong></span> <span class='ocrx_word' id='word_1_160' title='bbox 3100 1558 3259 1599; x_wconf 86' lang='lat' dir='ltr'><strong>eum:</strong></span> 
     </span>
    </p>
   </div>
   <div class='ocr_carea' id='block_1_31' title="bbox 1936 1635 3438 1694">
    <p class='ocr_par' dir='ltr' id='par_1_31' title="bbox 1936 1635 3438 1694">
     <span class='ocr_line' id='line_1_31' title="bbox 1936 1635 3438 1694; baseline 0 -3"><span class='ocrx_word' id='word_1_161' title='bbox 1936 1639 1987 1691; x_wconf 86' lang='lat'><strong>9.</strong></span> <span class='ocrx_word' id='word_1_162' title='bbox 2019 1636 2101 1690; x_wconf 88' lang='lat' dir='ltr'><strong>Tu</strong></span> <span class='ocrx_word' id='word_1_163' title='bbox 2124 1651 2183 1692; x_wconf 91' lang='lat' dir='ltr'><strong>es</strong></span> <span class='ocrx_word' id='word_1_164' title='bbox 2207 1638 2464 1694; x_wconf 80' lang='lat' dir='ltr'><strong>sacerdos</strong></span> <span class='ocrx_word' id='word_1_165' title='bbox 2491 1639 2547 1693; x_wconf 92' lang='lat' dir='ltr'><strong>in</strong></span> <span class='ocrx_word' id='word_1_166' title='bbox 2575 1646 2836 1693; x_wconf 64' lang='lat' dir='ltr'><strong>aeternum</strong></span> <span class='ocrx_word' id='word_1_167' title='bbox 2862 1637 3161 1693; x_wconf 88' lang='lat' dir='ltr'><strong>secundum</strong></span> <span class='ocrx_word' id='word_1_168' title='bbox 3193 1635 3438 1692; x_wconf 86' lang='lat' dir='ltr'><strong>ordinem</strong></span> 
     </span>
    </p>
   </div>
   <div class='ocr_carea' id='block_1_32' title="bbox 1868 1724 2293 1783">
    <p class='ocr_par' dir='ltr' id='par_1_32' title="bbox 1868 1724 2293 1783">
     <span class='ocr_line' id='line_1_32' title="bbox 1868 1724 2293 1783; baseline 0.012 -5"><span class='ocrx_word' id='word_1_169' title='bbox 1868 1724 2268 1783; x_wconf 85' lang='lat' dir='ltr'><strong>Melchisedech</strong></span> <span class='ocrx_word' id='word_1_170' title='bbox 2280 1769 2293 1783; x_wconf 97' lang='lat'><strong>.</strong></span> 
     </span>
    </p>
   </div>
   <div class='ocr_carea' id='block_1_33' title="bbox 251 1828 1759 1910">
    <p class='ocr_par' dir='ltr' id='par_1_33' title="bbox 251 1828 1757 1905">
     <span class='ocr_line' id='line_1_33' title="bbox 251 1828 1757 1905; baseline 0.005 -21"><span class='ocrx_word' id='word_1_171' title='bbox 251 1830 329 1903; x_wconf 88' lang='lat' dir='ltr'><strong>(a)</strong></span> <span class='ocrx_word' id='word_1_172' title='bbox 362 1831 497 1887; x_wconf 87' lang='lat' dir='ltr'><strong>Cod.</strong></span> <span class='ocrx_word' id='word_1_173' title='bbox 526 1833 600 1886; x_wconf 81' lang='grc' dir='ltr'><strong>Σὺ</strong></span> <span class='ocrx_word' id='word_1_174' title='bbox 633 1828 685 1887; x_wconf 81' lang='grc' dir='ltr'><strong>εἴ</strong></span> <span class='ocrx_word' id='word_1_175' title='bbox 713 1833 982 1904; x_wconf 83' lang='grc' dir='ltr'>βασιλεύς.</span> <span class='ocrx_word' id='word_1_176' title='bbox 1013 1833 1138 1905; x_wconf 79' lang='lat' dir='ltr'><strong>Leg.</strong></span> <span class='ocrx_word' id='word_1_177' title='bbox 1200 1834 1396 1904; x_wconf 79' lang='grc' dir='ltr'>ἱερεύς,</span> <span class='ocrx_word' id='word_1_178' title='bbox 1435 1844 1494 1889; x_wconf 90' lang='lat' dir='ltr'><strong>ut</strong></span> <span class='ocrx_word' id='word_1_179' title='bbox 1543 1844 1757 1892; x_wconf 89' lang='lat' dir='ltr'><strong>constat</strong></span> 
     </span>
    </p>
   </div>
   <div class='ocr_carea' id='block_1_34' title="bbox 1882 1828 2630 1910">
    <p class='ocr_par' dir='ltr' id='par_1_34' title="bbox 1888 1841 2630 1910">
     <span class='ocr_line' id='line_1_34' title="bbox 1888 1841 2630 1910; baseline -0.001 -17"><span class='ocrx_word' id='word_1_180' title='bbox 1888 1849 2182 1894; x_wconf 88' lang='lat' dir='ltr'><strong>comment.</strong></span> <span class='ocrx_word' id='word_1_181' title='bbox 2216 1855 2313 1895; x_wconf 92' lang='lat' dir='ltr'><strong>seu</strong></span> <span class='ocrx_word' id='word_1_182' title='bbox 2349 1841 2630 1910; x_wconf 85' lang='lat' dir='ltr'><strong>interpret.</strong></span> 
     </span>
    </p>
   </div>
   <div class='ocr_carea' id='block_1_35' title="bbox 1310 1976 2315 2035">
    <p class='ocr_par' dir='ltr' id='par_1_35' title="bbox 1310 1976 2315 2035">
     <span class='ocr_line' id='line_1_35' title="bbox 1310 1976 2315 2035; baseline 0.004 -5"><span class='ocrx_word' id='word_1_183' title='bbox 1310 1976 1685 2033; x_wconf 81' lang='lat' dir='ltr'><strong>ATIIANASll</strong></span> <span class='ocrx_word' id='word_1_184' title='bbox 1724 1976 2315 2035; x_wconf 75' lang='lat' dir='ltr'><strong>INTERPRETATIO.</strong></span> 
     </span>
    </p>
   </div>
   <div class='ocr_carea' id='block_1_36' title="bbox 257 2089 3440 2168">
    <p class='ocr_par' dir='ltr' id='par_1_36' title="bbox 257 2089 3440 2168">
     <span class='ocr_line' id='line_1_36' title="bbox 257 2089 3440 2168; baseline 0 -25"><span class='ocrx_word' id='word_1_185' title='bbox 257 2089 325 2143; x_wconf 85' lang='lat' dir='ltr'><strong>&#39;H</strong></span> <span class='ocrx_word' id='word_1_186' title='bbox 357 2091 693 2162; x_wconf 82' lang='grc' dir='ltr'><strong>προκειμένη</strong></span> <span class='ocrx_word' id='word_1_187' title='bbox 721 2092 998 2164; x_wconf 81' lang='grc' dir='ltr'>ἐπιγραφὴ</span> <span class='ocrx_word' id='word_1_188' title='bbox 1039 2092 1281 2164; x_wconf 84' lang='grc' dir='ltr'><strong>περιέχει</strong></span> <span class='ocrx_word' id='word_1_189' title='bbox 1312 2092 1413 2165; x_wconf 79' lang='grc'><strong>(1)⁶</strong></span> <span class='ocrx_word' id='word_1_190' title='bbox 1454 2093 1701 2163; x_wconf 73' lang='grc' dir='ltr'>Ψαλμὸς</span> <span class='ocrx_word' id='word_1_191' title='bbox 1722 2092 1801 2160; x_wconf 84' lang='grc' dir='ltr'><strong>τῷ</strong></span> <span class='ocrx_word' id='word_1_192' title='bbox 1826 2094 2027 2160; x_wconf 77' lang='grc' dir='ltr'>Δαὸὶδ,</span> <span class='ocrx_word' id='word_1_193' title='bbox 2062 2096 2201 2167; x_wconf 82' lang='grc' dir='ltr'>ὅπερ</span> <span class='ocrx_word' id='word_1_194' title='bbox 2256 2096 2638 2168; x_wconf 79' lang='grc' dir='ltr'>ἑρμηνεύεται,</span> <span class='ocrx_word' id='word_1_195' title='bbox 2686 2093 2759 2157; x_wconf 84' lang='grc' dir='ltr'>ὡς</span> <span class='ocrx_word' id='word_1_196' title='bbox 2808 2090 3067 2155; x_wconf 78' lang='grc' dir='ltr'><strong>πολλάκις</strong></span> <span class='ocrx_word' id='word_1_197' title='bbox 3120 2089 3440 2161; x_wconf 79' lang='grc' dir='ltr'>εἰρήκαμεν,</span> 
     </span>
    </p>
   </div>
   <div class='ocr_carea' id='block_1_37' title="bbox 169 2180 1890 2255">
    <p class='ocr_par' dir='ltr' id='par_1_37' title="bbox 169 2180 1890 2255">
     <span class='ocr_line' id='line_1_37' title="bbox 169 2180 1890 2255; baseline 0.001 -19"><span class='ocrx_word' id='word_1_198' title='bbox 169 2180 431 2250; x_wconf 75' lang='grc' dir='ltr'>Ψαλμὸς</span> <span class='ocrx_word' id='word_1_199' title='bbox 460 2180 540 2247; x_wconf 85' lang='grc' dir='ltr'><strong>τῷ</strong></span> <span class='ocrx_word' id='word_1_200' title='bbox 574 2180 757 2247; x_wconf 79' lang='grc' dir='ltr'><strong>ἱκανῷ</strong></span> <span class='ocrx_word' id='word_1_201' title='bbox 787 2181 861 2250; x_wconf 74' lang='grc' dir='ltr'>τῇ</span> <span class='ocrx_word' id='word_1_202' title='bbox 887 2182 1055 2251; x_wconf 74' lang='grc' dir='ltr'>χειρὶ,</span> <span class='ocrx_word' id='word_1_203' title='bbox 1090 2184 1338 2237; x_wconf 83' lang='grc' dir='ltr'><strong>τουτέστι</strong></span> <span class='ocrx_word' id='word_1_204' title='bbox 1362 2185 1440 2254; x_wconf 80' lang='grc' dir='ltr'><strong>τῷ</strong></span> <span class='ocrx_word' id='word_1_205' title='bbox 1476 2185 1588 2255; x_wconf 83' lang='grc' dir='ltr'>Υἱῴ</span> <span class='ocrx_word' id='word_1_206' title='bbox 1613 2184 1707 2238; x_wconf 79' lang='grc' dir='ltr'>τοῦ</span> <span class='ocrx_word' id='word_1_207' title='bbox 1732 2185 1890 2243; x_wconf 82' lang='grc' dir='ltr'>θεοῦ.</span> 
     </span>
    </p>
   </div>
   <div class='ocr_carea' id='block_1_38' title="bbox 246 2279 3441 2356">
    <p class='ocr_par' dir='ltr' id='par_1_38' title="bbox 246 2279 3441 2356">
     <span class='ocr_line' id='line_1_38' title="bbox 246 2279 3441 2356; baseline 0.001 -23"><span class='ocrx_word' id='word_1_208' title='bbox 246 2279 471 2333; x_wconf 86' lang='lat' dir='ltr'><strong>Titulus</strong></span> <span class='ocrx_word' id='word_1_209' title='bbox 513 2280 838 2350; x_wconf 71' lang='lat' dir='ltr'><strong>praepositus</strong></span> <span class='ocrx_word' id='word_1_210' title='bbox 879 2280 1155 2336; x_wconf 87' lang='lat' dir='ltr'><strong>continet:</strong></span> <span class='ocrx_word' id='word_1_211' title='bbox 1195 2280 1444 2336; x_wconf 75' lang='lat' dir='ltr'><strong>Psalmus</strong></span> <span class='ocrx_word' id='word_1_212' title='bbox 1496 2281 1689 2347; x_wconf 75' lang='lat' dir='ltr'><strong>David,</strong></span> <span class='ocrx_word' id='word_1_213' title='bbox 1735 2284 1881 2353; x_wconf 91' lang='lat' dir='ltr'><strong>quod</strong></span> <span class='ocrx_word' id='word_1_214' title='bbox 1927 2284 2337 2356; x_wconf 80' lang='lat' dir='ltr'><strong>interpretatur,</strong></span> <span class='ocrx_word' id='word_1_215' title='bbox 2370 2293 2432 2339; x_wconf 93' lang='lat' dir='ltr'><strong>ut</strong></span> <span class='ocrx_word' id='word_1_216' title='bbox 2456 2283 2655 2353; x_wconf 60' lang='lat' dir='ltr'><strong>sapius</strong></span> <span class='ocrx_word' id='word_1_217' title='bbox 2681 2283 2941 2347; x_wconf 80' lang='lat' dir='ltr'><strong>diximus,</strong></span> <span class='ocrx_word' id='word_1_218' title='bbox 2995 2280 3239 2335; x_wconf 78' lang='lat' dir='ltr'><strong>Psalmus</strong></span> <span class='ocrx_word' id='word_1_219' title='bbox 3279 2296 3441 2335; x_wconf 80' lang='lat' dir='ltr'><strong>manu</strong></span> 
     </span>
    </p>
   </div>
   <div class='ocr_carea' id='block_1_39' title="bbox 162 2367 873 2441">
    <p class='ocr_par' dir='ltr' id='par_1_39' title="bbox 162 2367 873 2441">
     <span class='ocr_line' id='line_1_39' title="bbox 162 2367 873 2441; baseline -0.003 -16"><span class='ocrx_word' id='word_1_220' title='bbox 162 2372 329 2441; x_wconf 79' lang='lat' dir='ltr'><strong>forti,</strong></span> <span class='ocrx_word' id='word_1_221' title='bbox 354 2368 460 2422; x_wconf 89' lang='lat' dir='ltr'><strong>hoc</strong></span> <span class='ocrx_word' id='word_1_222' title='bbox 483 2378 569 2423; x_wconf 86' lang='lat' dir='ltr'><strong>est</strong></span> <span class='ocrx_word' id='word_1_223' title='bbox 596 2368 689 2421; x_wconf 89' lang='lat' dir='ltr'><strong>Dei</strong></span> <span class='ocrx_word' id='word_1_224' title='bbox 717 2367 873 2423; x_wconf 88' lang='lat' dir='ltr'><strong>Filio.</strong></span> 
     </span>
    </p>
   </div>
   <div class='ocr_carea' id='block_1_40' title="bbox 243 2457 1759 2538">
    <p class='ocr_par' dir='ltr' id='par_1_40' title="bbox 243 2457 1759 2532">
     <span class='ocr_line' id='line_1_40' title="bbox 243 2457 1759 2532; baseline -0.004 -16"><span class='ocrx_word' id='word_1_225' title='bbox 243 2465 297 2516; x_wconf 92' lang='grc'><strong>1.</strong></span> <span class='ocrx_word' id='word_1_226' title='bbox 329 2458 496 2515; x_wconf 84' lang='grc' dir='ltr'>Εἶπεν</span> <span class='ocrx_word' id='word_1_227' title='bbox 527 2463 556 2515; x_wconf 84' lang='grc' dir='ltr'><strong>ό</strong></span> <span class='ocrx_word' id='word_1_228' title='bbox 604 2460 795 2532; x_wconf 77' lang='grc' dir='ltr'><strong>Πατὴρ</strong></span> <span class='ocrx_word' id='word_1_229' title='bbox 827 2459 904 2531; x_wconf 77' lang='grc' dir='ltr'><strong>τῷ</strong></span> <span class='ocrx_word' id='word_1_230' title='bbox 960 2458 1352 2530; x_wconf 79' lang='grc' dir='ltr'>ἐξαγοράσαντί</span> <span class='ocrx_word' id='word_1_231' title='bbox 1392 2476 1458 2529; x_wconf 89' lang='grc' dir='ltr'><strong>με</strong></span> <span class='ocrx_word' id='word_1_232' title='bbox 1491 2457 1568 2530; x_wconf 85' lang='grc' dir='ltr'><strong>τῷ</strong></span> <span class='ocrx_word' id='word_1_233' title='bbox 1594 2459 1759 2530; x_wconf 83' lang='grc' dir='ltr'><strong>τιμίῳ</strong></span> 
     </span>
    </p>
   </div>
   <div class='ocr_carea' id='block_1_41' title="bbox 1882 2457 3442 2538">
    <p class='ocr_par' dir='ltr' id='par_1_41' title="bbox 1936 2462 3442 2538">
     <span class='ocr_line' id='line_1_41' title="bbox 1936 2462 3442 2538; baseline 0.003 -23"><span class='ocrx_word' id='word_1_234' title='bbox 1936 2462 1989 2516; x_wconf 90' lang='grc'><strong>1.</strong></span> <span class='ocrx_word' id='word_1_235' title='bbox 2029 2462 2175 2520; x_wconf 82' lang='lat' dir='ltr'><strong>Dixit</strong></span> <span class='ocrx_word' id='word_1_236' title='bbox 2226 2464 2388 2521; x_wconf 87' lang='lat' dir='ltr'><strong>Pater</strong></span> <span class='ocrx_word' id='word_1_237' title='bbox 2415 2468 2487 2535; x_wconf 89' lang='lat' dir='ltr'><strong>ei,</strong></span> <span class='ocrx_word' id='word_1_238' title='bbox 2514 2467 2606 2538; x_wconf 89' lang='lat' dir='ltr'><strong>qui</strong></span> <span class='ocrx_word' id='word_1_239' title='bbox 2638 2483 2727 2523; x_wconf 90' lang='lat' dir='ltr'><strong>me</strong></span> <span class='ocrx_word' id='word_1_240' title='bbox 2765 2465 2994 2522; x_wconf 83' lang='lat' dir='ltr'><strong>redemit</strong></span> <span class='ocrx_word' id='word_1_241' title='bbox 3035 2464 3278 2535; x_wconf 90' lang='lat' dir='ltr'><strong>pretioso</strong></span> <span class='ocrx_word' id='word_1_242' title='bbox 3313 2480 3442 2520; x_wconf 88' lang='lat' dir='ltr'><strong>san-</strong></span> 
     </span>
    </p>
   </div>
   <div class='ocr_carea' id='block_1_42' title="bbox 160 2551 1760 2627">
    <p class='ocr_par' dir='ltr' id='par_1_42' title="bbox 160 2551 1760 2627">
     <span class='ocr_line' id='line_1_42' title="bbox 160 2551 1760 2627; baseline -0.003 -18"><span class='ocrx_word' id='word_1_243' title='bbox 160 2554 368 2627; x_wconf 77' lang='grc' dir='ltr'>αἴματι</span> <span class='ocrx_word' id='word_1_244' title='bbox 403 2552 589 2607; x_wconf 77' lang='grc' dir='ltr'>αὐτοῦ’</span> <span class='ocrx_word' id='word_1_245' title='bbox 617 2552 818 2608; x_wconf 79' lang='grc' dir='ltr'>Κάθου</span> <span class='ocrx_word' id='word_1_246' title='bbox 838 2553 907 2607; x_wconf 85' lang='grc' dir='ltr'><strong>ἐκ</strong></span> <span class='ocrx_word' id='word_1_247' title='bbox 939 2551 1154 2617; x_wconf 81' lang='grc' dir='ltr'>δεξιῶν</span> <span class='ocrx_word' id='word_1_248' title='bbox 1175 2569 1296 2622; x_wconf 84' lang='grc' dir='ltr'><strong>μου</strong></span> <span class='ocrx_word' id='word_1_249' title='bbox 1324 2552 1420 2624; x_wconf 74' lang='grc'><strong>(2),</strong></span> <span class='ocrx_word' id='word_1_250' title='bbox 1442 2552 1530 2605; x_wconf 83' lang='grc' dir='ltr'><strong>ἴνα</strong></span> <span class='ocrx_word' id='word_1_251' title='bbox 1561 2553 1760 2614; x_wconf 82' lang='grc' dir='ltr'>πάντες</span> 
     </span>
    </p>
   </div>
   <div class='ocr_carea' id='block_1_43' title="bbox 162 2645 1681 2720">
    <p class='ocr_par' dir='ltr' id='par_1_43' title="bbox 162 2645 1681 2720">
     <span class='ocr_line' id='line_1_43' title="bbox 162 2645 1681 2720; baseline 0 -18"><span class='ocrx_word' id='word_1_252' title='bbox 162 2648 398 2719; x_wconf 87' lang='grc' dir='ltr'>γνῶσιν,</span> <span class='ocrx_word' id='word_1_253' title='bbox 424 2650 503 2702; x_wconf 85' lang='grc' dir='ltr'><strong>ὅτι</strong></span> <span class='ocrx_word' id='word_1_254' title='bbox 527 2648 591 2702; x_wconf 78' lang='grc' dir='ltr'><strong>σὺ</strong></span> <span class='ocrx_word' id='word_1_255' title='bbox 620 2645 670 2701; x_wconf 75' lang='grc' dir='ltr'><strong>εἶ</strong></span> <span class='ocrx_word' id='word_1_256' title='bbox 700 2650 733 2720; x_wconf 83' lang='grc' dir='ltr'>ἡ</span> <span class='ocrx_word' id='word_1_257' title='bbox 759 2648 886 2714; x_wconf 82' lang='grc' dir='ltr'>δόξα</span> <span class='ocrx_word' id='word_1_258' title='bbox 920 2666 1041 2720; x_wconf 89' lang='grc' dir='ltr'>μου.</span> <span class='ocrx_word' id='word_1_259' title='bbox 1680 2650 1681 2653; x_wconf 60' lang='grc'><em>“</em></span> 
     </span>
    </p>
   </div>
   <div class='ocr_carea' id='block_1_44' title="bbox 242 2738 1759 2812">
    <p class='ocr_par' dir='ltr' id='par_1_44' title="bbox 242 2738 1759 2812">
     <span class='ocr_line' id='line_1_44' title="bbox 242 2738 1759 2812; baseline -0.003 -17"><span class='ocrx_word' id='word_1_260' title='bbox 242 2742 299 2795; x_wconf 74' lang='grc'><strong>2.</strong></span> <span class='ocrx_word' id='word_1_261' title='bbox 331 2742 477 2805; x_wconf 85' lang='grc' dir='ltr'><strong>Ἕως</strong></span> <span class='ocrx_word' id='word_1_262' title='bbox 503 2740 568 2794; x_wconf 79' lang='grc' dir='ltr'>ἂν</span> <span class='ocrx_word' id='word_1_263' title='bbox 590 2743 640 2794; x_wconf 92' lang='grc' dir='ltr'><strong>οί</strong></span> <span class='ocrx_word' id='word_1_264' title='bbox 668 2741 862 2812; x_wconf 80' lang='grc' dir='ltr'><strong>ἀέριοι,</strong></span> <span class='ocrx_word' id='word_1_265' title='bbox 885 2742 979 2794; x_wconf 79' lang='grc' dir='ltr'><strong>καὶ</strong></span> <span class='ocrx_word' id='word_1_266' title='bbox 1009 2740 1259 2808; x_wconf 81' lang='grc' dir='ltr'><strong>ἐπίγειοι,</strong></span> <span class='ocrx_word' id='word_1_267' title='bbox 1295 2740 1389 2793; x_wconf 78' lang='grc' dir='ltr'><strong>καὶ</strong></span> <span class='ocrx_word' id='word_1_268' title='bbox 1417 2738 1759 2809; x_wconf 81' lang='grc' dir='ltr'>καταχθόνιοι</span> 
     </span>
    </p>
   </div>
   <div class='ocr_carea' id='block_1_45' title="bbox 163 2830 1757 2903">
    <p class='ocr_par' dir='ltr' id='par_1_45' title="bbox 163 2830 1757 2903">
     <span class='ocr_line' id='line_1_45' title="bbox 163 2830 1757 2903; baseline -0.001 -18"><span class='ocrx_word' id='word_1_269' title='bbox 163 2832 269 2902; x_wconf 82' lang='grc' dir='ltr'><strong>ἐχθ</strong></span> <span class='ocrx_word' id='word_1_270' title='bbox 279 2832 362 2903; x_wconf 92' lang='grc' dir='ltr'>ροί</span> <span class='ocrx_word' id='word_1_271' title='bbox 380 2848 472 2883; x_wconf 89' lang='grc' dir='ltr'><strong>σου</strong></span> <span class='ocrx_word' id='word_1_272' title='bbox 490 2832 619 2899; x_wconf 90' lang='grc' dir='ltr'>γόνυ</span> <span class='ocrx_word' id='word_1_273' title='bbox 633 2831 907 2901; x_wconf 78' lang='grc' dir='ltr'>κάμψουσι</span> <span class='ocrx_word' id='word_1_274' title='bbox 928 2830 1200 2900; x_wconf 85' lang='grc' dir='ltr'>δεδεμένοι</span> <span class='ocrx_word' id='word_1_275' title='bbox 1221 2831 1438 2902; x_wconf 83' lang='grc' dir='ltr'><strong>δεσμοῖς</strong></span> <span class='ocrx_word' id='word_1_276' title='bbox 1454 2830 1530 2900; x_wconf 85' lang='grc'><strong>(⁸5)</strong></span> <span class='ocrx_word' id='word_1_277' title='bbox 1547 2830 1757 2893; x_wconf 81' lang='grc' dir='ltr'><strong>ἀϊδίοις,</strong></span> 
     </span>
    </p>
   </div>
   <div class='ocr_carea' id='block_1_46' title="bbox 164 2921 1762 2996">
    <p class='ocr_par' dir='ltr' id='par_1_46' title="bbox 164 2921 1762 2996">
     <span class='ocr_line' id='line_1_46' title="bbox 164 2921 1762 2996; baseline -0.001 -20"><span class='ocrx_word' id='word_1_278' title='bbox 164 2924 681 2994; x_wconf 78' lang='grc' dir='ltr'>ἐξομολογούμενοι,</span> <span class='ocrx_word' id='word_1_279' title='bbox 712 2924 793 2978; x_wconf 85' lang='grc' dir='ltr'>ὅτι</span> <span class='ocrx_word' id='word_1_280' title='bbox 815 2924 982 2989; x_wconf 82' lang='grc' dir='ltr'>ὅντως</span> <span class='ocrx_word' id='word_1_281' title='bbox 1018 2921 1216 2996; x_wconf 81' lang='grc' dir='ltr'>Κύριος</span> <span class='ocrx_word' id='word_1_282' title='bbox 1260 2922 1463 2995; x_wconf 82' lang='grc' dir='ltr'>Ἰησοῦς</span> <span class='ocrx_word' id='word_1_283' title='bbox 1489 2924 1568 2986; x_wconf 86' lang='grc' dir='ltr'><strong>είς</strong></span> <span class='ocrx_word' id='word_1_284' title='bbox 1604 2921 1762 2987; x_wconf 79' lang='grc' dir='ltr'>δόξαν</span> 
     </span>
    </p>
   </div>
   <div class='ocr_carea' id='block_1_47' title="bbox 162 3014 761 3087">
    <p class='ocr_par' dir='ltr' id='par_1_47' title="bbox 162 3014 761 3087">
     <span class='ocr_line' id='line_1_47' title="bbox 162 3014 761 3087; baseline 0.008 -20"><span class='ocrx_word' id='word_1_285' title='bbox 162 3014 268 3069; x_wconf 81' lang='grc' dir='ltr'><strong>τοῦ</strong></span> <span class='ocrx_word' id='word_1_286' title='bbox 303 3015 496 3069; x_wconf 78' lang='grc' dir='ltr'>ἑαυτοῦ</span> <span class='ocrx_word' id='word_1_287' title='bbox 528 3016 761 3087; x_wconf 84' lang='grc' dir='ltr'><strong>Πατρός.</strong></span> 
     </span>
    </p>
   </div>
   <div class='ocr_carea' id='block_1_48' title="bbox 246 3105 1762 3179">
    <p class='ocr_par' dir='ltr' id='par_1_48' title="bbox 246 3105 1762 3179">
     <span class='ocr_line' id='line_1_48' title="bbox 246 3105 1762 3179; baseline -0.004 -17"><span class='ocrx_word' id='word_1_288' title='bbox 246 3110 301 3162; x_wconf 82' lang='grc'><strong>5.</strong></span> <span class='ocrx_word' id='word_1_289' title='bbox 358 3109 445 3161; x_wconf 90' lang='grc' dir='ltr'><strong>Ἐν</strong></span> <span class='ocrx_word' id='word_1_290' title='bbox 476 3109 700 3178; x_wconf 85' lang='grc' dir='ltr'>δυνάμει</span> <span class='ocrx_word' id='word_1_291' title='bbox 727 3109 822 3161; x_wconf 71' lang='grc' dir='ltr'><strong>καὶ</strong></span> <span class='ocrx_word' id='word_1_292' title='bbox 847 3107 1065 3179; x_wconf 77' lang='grc' dir='ltr'>ἐξουσία</span> <span class='ocrx_word' id='word_1_293' title='bbox 1106 3107 1314 3177; x_wconf 78' lang='grc' dir='ltr'><strong>μεγάλῃ</strong></span> <span class='ocrx_word' id='word_1_294' title='bbox 1347 3105 1626 3158; x_wconf 80' lang='grc' dir='ltr'><strong>ἐλεύσεται</strong></span> <span class='ocrx_word' id='word_1_295' title='bbox 1654 3106 1762 3158; x_wconf 82' lang='grc' dir='ltr'>ἀπὸ</span> 
     </span>
    </p>
   </div>
   <div class='ocr_carea' id='block_1_49' title="bbox 165 3197 1759 3273">
    <p class='ocr_par' dir='ltr' id='par_1_49' title="bbox 165 3197 1759 3273">
     <span class='ocr_line' id='line_1_49' title="bbox 165 3197 1759 3273; baseline -0.003 -19"><span class='ocrx_word' id='word_1_296' title='bbox 165 3200 268 3254; x_wconf 76' lang='grc' dir='ltr'><strong>τοῦ</strong></span> <span class='ocrx_word' id='word_1_297' title='bbox 310 3201 542 3271; x_wconf 80' lang='grc' dir='ltr'><strong>Πατρός·</strong></span> <span class='ocrx_word' id='word_1_298' title='bbox 581 3199 735 3253; x_wconf 79' lang='grc' dir='ltr'><strong>Σιὼν</strong></span> <span class='ocrx_word' id='word_1_299' title='bbox 766 3199 875 3273; x_wconf 88' lang='grc' dir='ltr'>γὰρ</span> <span class='ocrx_word' id='word_1_300' title='bbox 906 3198 1281 3271; x_wconf 63' lang='grc' dir='ltr'><strong>ιἑρμηνεύεται</strong></span> <span class='ocrx_word' id='word_1_301' title='bbox 1326 3200 1532 3263; x_wconf 81' lang='grc' dir='ltr'><strong>τόπος,</strong></span> <span class='ocrx_word' id='word_1_302' title='bbox 1554 3197 1688 3250; x_wconf 84' lang='grc' dir='ltr'>ὅπου</span> <span class='ocrx_word' id='word_1_303' title='bbox 1720 3197 1759 3265; x_wconf 75' lang='grc' dir='ltr'><em>ὴ</em></span> 
     </span>
    </p>
   </div>
   <div class='ocr_carea' id='block_1_50' title="bbox 166 3292 401 3361">
    <p class='ocr_par' dir='ltr' id='par_1_50' title="bbox 166 3292 401 3361">
     <span class='ocr_line' id='line_1_50' title="bbox 166 3292 401 3361; baseline -0.004 -15"><span class='ocrx_word' id='word_1_304' title='bbox 166 3292 401 3361; x_wconf 74' lang='grc' dir='ltr'>σκηνή.</span> 
     </span>
    </p>
   </div>
   <div class='ocr_carea' id='block_1_51' title="bbox 246 3382 1762 3455">
    <p class='ocr_par' dir='ltr' id='par_1_51' title="bbox 246 3382 1762 3455">
     <span class='ocr_line' id='line_1_51' title="bbox 246 3382 1762 3455; baseline -0.001 -20"><span class='ocrx_word' id='word_1_305' title='bbox 246 3384 299 3437; x_wconf 76' lang='grc'><strong>4.</strong></span> <span class='ocrx_word' id='word_1_306' title='bbox 334 3382 436 3436; x_wconf 74' lang='grc' dir='ltr'><strong>Καὶ</strong></span> <span class='ocrx_word' id='word_1_307' title='bbox 464 3382 802 3453; x_wconf 80' lang='grc' dir='ltr'><strong>βασιλεύσεις</strong></span> <span class='ocrx_word' id='word_1_308' title='bbox 837 3382 914 3454; x_wconf 74' lang='grc'><strong>(4)</strong></span> <span class='ocrx_word' id='word_1_309' title='bbox 942 3382 1311 3455; x_wconf 83' lang='grc' dir='ltr'>ἁτελευτήτως</span> <span class='ocrx_word' id='word_1_310' title='bbox 1364 3382 1505 3435; x_wconf 81' lang='grc' dir='ltr'>κατά</span> <span class='ocrx_word' id='word_1_311' title='bbox 1532 3382 1640 3435; x_wconf 85' lang='grc' dir='ltr'><strong>τῶν</strong></span> <span class='ocrx_word' id='word_1_312' title='bbox 1669 3383 1762 3452; x_wconf 86' lang='grc' dir='ltr'>ἐχ-</span> 
     </span>
    </p>
   </div>
   <div class='ocr_carea' id='block_1_52' title="bbox 166 3474 472 3547">
    <p class='ocr_par' dir='ltr' id='par_1_52' title="bbox 166 3474 472 3547">
     <span class='ocr_line' id='line_1_52' title="bbox 166 3474 472 3547; baseline -0.007 -18"><span class='ocrx_word' id='word_1_313' title='bbox 166 3474 324 3547; x_wconf 79' lang='grc' dir='ltr'>θρῶν</span> <span class='ocrx_word' id='word_1_314' title='bbox 358 3491 472 3527; x_wconf 92' lang='grc' dir='ltr'>σου.</span> 
     </span>
    </p>
   </div>
   <div class='ocr_carea' id='block_1_53' title="bbox 248 3564 1764 3638">
    <p class='ocr_par' dir='ltr' id='par_1_53' title="bbox 248 3564 1764 3638">
     <span class='ocr_line' id='line_1_53' title="bbox 248 3564 1764 3638; baseline -0.005 -16"><span class='ocrx_word' id='word_1_315' title='bbox 248 3569 301 3622; x_wconf 88' lang='grc'><strong>5.</strong></span> <span class='ocrx_word' id='word_1_316' title='bbox 331 3565 676 3638; x_wconf 82' lang='grc' dir='ltr'>Ἐμπροσθέν</span> <span class='ocrx_word' id='word_1_317' title='bbox 701 3582 792 3618; x_wconf 89' lang='grc' dir='ltr'>σου</span> <span class='ocrx_word' id='word_1_318' title='bbox 819 3566 847 3617; x_wconf 85' lang='grc' dir='ltr'>ὁ</span> <span class='ocrx_word' id='word_1_319' title='bbox 876 3565 1105 3636; x_wconf 84' lang='grc' dir='ltr'><strong>σταυρὸς</strong></span> <span class='ocrx_word' id='word_1_320' title='bbox 1132 3564 1225 3617; x_wconf 82' lang='grc' dir='ltr'><strong>τοῦ</strong></span> <span class='ocrx_word' id='word_1_321' title='bbox 1250 3564 1451 3627; x_wconf 77' lang='grc' dir='ltr'>πάθους</span> <span class='ocrx_word' id='word_1_322' title='bbox 1480 3581 1572 3616; x_wconf 89' lang='grc' dir='ltr'>σου</span> <span class='ocrx_word' id='word_1_323' title='bbox 1616 3566 1673 3615; x_wconf 85' lang='grc' dir='ltr'><strong>ἐν</strong></span> <span class='ocrx_word' id='word_1_324' title='bbox 1697 3566 1764 3635; x_wconf 77' lang='grc' dir='ltr'>τῇ</span> 
     </span>
    </p>
   </div>
   <div class='ocr_carea' id='block_1_54' title="bbox 167 3656 1195 3733">
    <p class='ocr_par' dir='ltr' id='par_1_54' title="bbox 167 3656 1195 3733">
     <span class='ocr_line' id='line_1_54' title="bbox 167 3656 1195 3733; baseline 0.001 -21"><span class='ocrx_word' id='word_1_325' title='bbox 167 3660 362 3733; x_wconf 77' lang='grc' dir='ltr'>ἡμέρα</span> <span class='ocrx_word' id='word_1_326' title='bbox 381 3660 479 3731; x_wconf 79' lang='grc' dir='ltr'>τῆς</span> <span class='ocrx_word' id='word_1_327' title='bbox 503 3658 711 3723; x_wconf 80' lang='grc' dir='ltr'>ἐνδόξου</span> <span class='ocrx_word' id='word_1_328' title='bbox 746 3675 839 3711; x_wconf 88' lang='grc' dir='ltr'>σου</span> <span class='ocrx_word' id='word_1_329' title='bbox 874 3656 1195 3729; x_wconf 79' lang='grc' dir='ltr'>παρουσίας.</span> 
     </span>
    </p>
   </div>
   <div class='ocr_carea' id='block_1_55' title="bbox 244 3747 1587 3821">
    <p class='ocr_par' dir='ltr' id='par_1_55' title="bbox 244 3747 1587 3821">
     <span class='ocr_line' id='line_1_55' title="bbox 244 3747 1587 3821; baseline -0.003 -16"><span class='ocrx_word' id='word_1_330' title='bbox 244 3752 298 3806; x_wconf 85' lang='grc'>6.</span> <span class='ocrx_word' id='word_1_331' title='bbox 331 3752 499 3805; x_wconf 88' lang='grc' dir='ltr'>Ὅταν</span> <span class='ocrx_word' id='word_1_332' title='bbox 522 3752 572 3804; x_wconf 88' lang='grc' dir='ltr'><strong>οί</strong></span> <span class='ocrx_word' id='word_1_333' title='bbox 593 3748 738 3820; x_wconf 82' lang='grc' dir='ltr'>ἆγιοί</span> <span class='ocrx_word' id='word_1_334' title='bbox 763 3767 855 3804; x_wconf 85' lang='grc' dir='ltr'><strong>σου</strong></span> <span class='ocrx_word' id='word_1_335' title='bbox 881 3748 1245 3821; x_wconf 69' lang='grc' dir='ltr'>ἐκλάμψουσιν</span> <span class='ocrx_word' id='word_1_336' title='bbox 1268 3748 1343 3812; x_wconf 86' lang='grc' dir='ltr'>ὡς</span> <span class='ocrx_word' id='word_1_337' title='bbox 1365 3750 1394 3801; x_wconf 88' lang='grc' dir='ltr'>ὁ</span> <span class='ocrx_word' id='word_1_338' title='bbox 1420 3747 1587 3819; x_wconf 69' lang='grc' dir='ltr'>ἥλιος.</span> 
     </span>
    </p>
   </div>
   <div class='ocr_carea' id='block_1_56' title="bbox 1861 2556 3445 2627">
    <p class='ocr_par' dir='ltr' id='par_1_56' title="bbox 1861 2556 3445 2627">
     <span class='ocr_line' id='line_1_56' title="bbox 1861 2556 3445 2627; baseline 0.003 -16"><span class='ocrx_word' id='word_1_339' title='bbox 1861 2556 2025 2625; x_wconf 87' lang='lat' dir='ltr'><strong>guine</strong></span> <span class='ocrx_word' id='word_1_340' title='bbox 2054 2574 2154 2613; x_wconf 93' lang='lat' dir='ltr'><strong>suo</strong></span> <span class='ocrx_word' id='word_1_341' title='bbox 2181 2579 2194 2613; x_wconf 91' lang='lat'><strong>:</strong></span> <span class='ocrx_word' id='word_1_342' title='bbox 2229 2559 2361 2616; x_wconf 84' lang='lat' dir='ltr'><strong>Sede</strong></span> <span class='ocrx_word' id='word_1_343' title='bbox 2399 2580 2432 2615; x_wconf 89' lang='lat' dir='ltr'><strong>a</strong></span> <span class='ocrx_word' id='word_1_344' title='bbox 2460 2565 2663 2618; x_wconf 74' lang='lat' dir='ltr'><strong>dextris</strong></span> <span class='ocrx_word' id='word_1_345' title='bbox 2696 2564 2845 2627; x_wconf 73' lang='lat' dir='ltr'><strong>meis,</strong></span> <span class='ocrx_word' id='word_1_346' title='bbox 2892 2569 2951 2617; x_wconf 90' lang='lat' dir='ltr'><strong>ut</strong></span> <span class='ocrx_word' id='word_1_347' title='bbox 2988 2576 3180 2617; x_wconf 90' lang='lat' dir='ltr'><strong>omnes</strong></span> <span class='ocrx_word' id='word_1_348' title='bbox 3212 2568 3445 2617; x_wconf 80' lang='lat' dir='ltr'><strong>noscant</strong></span> 
     </span>
    </p>
   </div>
   <div class='ocr_carea' id='block_1_57' title="bbox 1860 2649 2656 2723">
    <p class='ocr_par' dir='ltr' id='par_1_57' title="bbox 1860 2649 2656 2723">
     <span class='ocr_line' id='line_1_57' title="bbox 1860 2649 2656 2723; baseline 0.013 -23"><span class='ocrx_word' id='word_1_349' title='bbox 1860 2649 2119 2717; x_wconf 88' lang='lat' dir='ltr'><strong>quoniam</strong></span> <span class='ocrx_word' id='word_1_350' title='bbox 2150 2660 2207 2705; x_wconf 93' lang='lat' dir='ltr'><strong>tu</strong></span> <span class='ocrx_word' id='word_1_351' title='bbox 2235 2667 2294 2707; x_wconf 89' lang='lat' dir='ltr'><strong>es</strong></span> <span class='ocrx_word' id='word_1_352' title='bbox 2320 2654 2490 2723; x_wconf 90' lang='lat' dir='ltr'><strong>gloria</strong></span> <span class='ocrx_word' id='word_1_353' title='bbox 2514 2671 2656 2710; x_wconf 87' lang='lat' dir='ltr'><strong>mea.</strong></span> 
     </span>
    </p>
   </div>
   <div class='ocr_carea' id='block_1_58' title="bbox 1930 2738 3440 2800">
    <p class='ocr_par' dir='ltr' id='par_1_58' title="bbox 1930 2738 3440 2800">
     <span class='ocr_line' id='line_1_58' title="bbox 1930 2738 3440 2800; baseline 0.001 -8"><span class='ocrx_word' id='word_1_354' title='bbox 1930 2738 1983 2793; x_wconf 74' lang='lat'><strong>2.</strong></span> <span class='ocrx_word' id='word_1_355' title='bbox 2014 2738 2195 2796; x_wconf 92' lang='lat' dir='ltr'><strong>Donec</strong></span> <span class='ocrx_word' id='word_1_356' title='bbox 2228 2744 2371 2798; x_wconf 81' lang='lat' dir='ltr'><strong>aerei</strong></span> <span class='ocrx_word' id='word_1_357' title='bbox 2404 2753 2459 2798; x_wconf 90' lang='lat' dir='ltr'><strong>et</strong></span> <span class='ocrx_word' id='word_1_358' title='bbox 2486 2753 2776 2800; x_wconf 77' lang='lat' dir='ltr'><strong>terrestres</strong></span> <span class='ocrx_word' id='word_1_359' title='bbox 2814 2754 2869 2800; x_wconf 92' lang='lat' dir='ltr'><strong>et</strong></span> <span class='ocrx_word' id='word_1_360' title='bbox 2909 2743 3204 2799; x_wconf 78' lang='lat' dir='ltr'><strong>infernales</strong></span> <span class='ocrx_word' id='word_1_361' title='bbox 3235 2740 3440 2797; x_wconf 89' lang='lat' dir='ltr'><strong>inimici</strong></span> 
     </span>
    </p>
   </div>
   <div class='ocr_carea' id='block_1_59' title="bbox 1861 2831 3442 2904">
    <p class='ocr_par' dir='ltr' id='par_1_59' title="bbox 1861 2831 3442 2904">
     <span class='ocr_line' id='line_1_59' title="bbox 1861 2831 3442 2904; baseline 0.005 -21"><span class='ocrx_word' id='word_1_362' title='bbox 1861 2831 1939 2884; x_wconf 92' lang='lat' dir='ltr'><strong>tui</strong></span> <span class='ocrx_word' id='word_1_363' title='bbox 1965 2848 2103 2900; x_wconf 88' lang='lat' dir='ltr'><strong>genu</strong></span> <span class='ocrx_word' id='word_1_364' title='bbox 2141 2832 2359 2889; x_wconf 87' lang='lat' dir='ltr'><strong>ﬂectent</strong></span> <span class='ocrx_word' id='word_1_365' title='bbox 2387 2836 2553 2891; x_wconf 86' lang='lat' dir='ltr'><strong>vincti</strong></span> <span class='ocrx_word' id='word_1_366' title='bbox 2581 2839 2815 2894; x_wconf 85' lang='lat' dir='ltr'><strong>vinculis</strong></span> <span class='ocrx_word' id='word_1_367' title='bbox 2845 2839 3085 2904; x_wconf 71' lang='lat' dir='ltr'><strong>mternis,</strong></span> <span class='ocrx_word' id='word_1_368' title='bbox 3120 2838 3442 2892; x_wconf 88' lang='lat' dir='ltr'><strong>conlitentes</strong></span> 
     </span>
    </p>
   </div>
   <div class='ocr_carea' id='block_1_60' title="bbox 1861 2920 3437 2998">
    <p class='ocr_par' dir='ltr' id='par_1_60' title="bbox 1861 2920 3437 2998">
     <span class='ocr_line' id='line_1_60' title="bbox 1861 2920 3437 2998; baseline 0.004 -26"><span class='ocrx_word' id='word_1_369' title='bbox 1861 2920 1990 2989; x_wconf 84' lang='lat' dir='ltr'><strong>quia</strong></span> <span class='ocrx_word' id='word_1_370' title='bbox 2018 2936 2144 2977; x_wconf 84' lang='lat' dir='ltr'><strong>vere</strong></span> <span class='ocrx_word' id='word_1_371' title='bbox 2170 2932 2251 2979; x_wconf 88' lang='lat' dir='ltr'><strong>est</strong></span> <span class='ocrx_word' id='word_1_372' title='bbox 2283 2922 2553 2982; x_wconf 89' lang='lat' dir='ltr'><strong>Dominus</strong></span> <span class='ocrx_word' id='word_1_373' title='bbox 2588 2926 2748 2983; x_wconf 81' lang='lat' dir='ltr'><strong>Jesus</strong></span> <span class='ocrx_word' id='word_1_374' title='bbox 2782 2928 2836 2982; x_wconf 89' lang='lat' dir='ltr'><strong>in</strong></span> <span class='ocrx_word' id='word_1_375' title='bbox 2862 2928 3033 2998; x_wconf 79' lang='lat' dir='ltr'><strong>gloria</strong></span> <span class='ocrx_word' id='word_1_376' title='bbox 3065 2926 3239 2980; x_wconf 86' lang='lat' dir='ltr'><strong>Patris</strong></span> <span class='ocrx_word' id='word_1_377' title='bbox 3268 2926 3437 2980; x_wconf 77' lang='lat' dir='ltr'><strong>sui&quot;.</strong></span> 
     </span>
    </p>
   </div>
   <div class='ocr_carea' id='block_1_61' title="bbox 1934 3094 3439 3172">
    <p class='ocr_par' dir='ltr' id='par_1_61' title="bbox 1934 3094 3439 3172">
     <span class='ocr_line' id='line_1_61' title="bbox 1934 3094 3439 3172; baseline 0 -22"><span class='ocrx_word' id='word_1_378' title='bbox 1934 3097 1988 3151; x_wconf 83' lang='grc'><strong>5.</strong></span> <span class='ocrx_word' id='word_1_379' title='bbox 2021 3094 2079 3152; x_wconf 92' lang='lat' dir='ltr'><strong>ln</strong></span> <span class='ocrx_word' id='word_1_380' title='bbox 2117 3099 2316 3155; x_wconf 89' lang='lat' dir='ltr'><strong>virtute</strong></span> <span class='ocrx_word' id='word_1_381' title='bbox 2344 3110 2400 3155; x_wconf 91' lang='lat' dir='ltr'><strong>et</strong></span> <span class='ocrx_word' id='word_1_382' title='bbox 2430 3111 2701 3171; x_wconf 78' lang='lat' dir='ltr'><strong>potestate</strong></span> <span class='ocrx_word' id='word_1_383' title='bbox 2741 3117 2936 3172; x_wconf 84' lang='lat' dir='ltr'><strong>magna</strong></span> <span class='ocrx_word' id='word_1_384' title='bbox 2974 3102 3150 3156; x_wconf 79' lang='lat' dir='ltr'><strong>veniet</strong></span> <span class='ocrx_word' id='word_1_385' title='bbox 3198 3114 3228 3153; x_wconf 93' lang='lat' dir='ltr'><strong>a</strong></span> <span class='ocrx_word' id='word_1_386' title='bbox 3259 3096 3439 3151; x_wconf 82' lang='lat' dir='ltr'><strong>Patre.</strong></span> 
     </span>
    </p>
   </div>
   <div class='ocr_carea' id='block_1_62' title="bbox 1864 3185 3439 3262">
    <p class='ocr_par' dir='ltr' id='par_1_62' title="bbox 1864 3185 3439 3262">
     <span class='ocr_line' id='line_1_62' title="bbox 1864 3185 3439 3262; baseline 0.002 -23"><span class='ocrx_word' id='word_1_387' title='bbox 1864 3185 1995 3240; x_wconf 84' lang='lat' dir='ltr'><strong>Sion</strong></span> <span class='ocrx_word' id='word_1_388' title='bbox 2011 3188 2157 3243; x_wconf 91' lang='lat' dir='ltr'><strong>enim</strong></span> <span class='ocrx_word' id='word_1_389' title='bbox 2186 3190 2577 3262; x_wconf 86' lang='lat' dir='ltr'><strong>interpretatur</strong></span> <span class='ocrx_word' id='word_1_390' title='bbox 2600 3193 2743 3246; x_wconf 79' lang='lat' dir='ltr'><strong>locus</strong></span> <span class='ocrx_word' id='word_1_391' title='bbox 2774 3194 2865 3248; x_wconf 93' lang='lat' dir='ltr'><strong>ubi</strong></span> <span class='ocrx_word' id='word_1_392' title='bbox 2891 3204 2974 3248; x_wconf 91' lang='lat' dir='ltr'><strong>est</strong></span> <span class='ocrx_word' id='word_1_393' title='bbox 2996 3190 3439 3246; x_wconf 77' lang='lat' dir='ltr'><strong>Tabernaculum.</strong></span> 
     </span>
    </p>
   </div>
   <div class='ocr_carea' id='block_1_63' title="bbox 1936 3369 3447 3445">
    <p class='ocr_par' dir='ltr' id='par_1_63' title="bbox 1936 3369 3447 3445">
     <span class='ocr_line' id='line_1_63' title="bbox 1936 3369 3447 3445; baseline 0.003 -21"><span class='ocrx_word' id='word_1_394' title='bbox 1936 3371 1988 3425; x_wconf 76' lang='grc'><strong>4.</strong></span> <span class='ocrx_word' id='word_1_395' title='bbox 2019 3371 2087 3427; x_wconf 85' lang='lat' dir='ltr'><strong>Et</strong></span> <span class='ocrx_word' id='word_1_396' title='bbox 2134 3374 2389 3445; x_wconf 82' lang='lat' dir='ltr'><strong>regnabis</strong></span> <span class='ocrx_word' id='word_1_397' title='bbox 2440 3374 2496 3431; x_wconf 91' lang='lat' dir='ltr'><strong>in</strong></span> <span class='ocrx_word' id='word_1_398' title='bbox 2548 3383 2813 3431; x_wconf 61' lang='lat' dir='ltr'><strong>aeternum</strong></span> <span class='ocrx_word' id='word_1_399' title='bbox 2868 3373 3132 3429; x_wconf 80' lang='lat' dir='ltr'><strong>adversus</strong></span> <span class='ocrx_word' id='word_1_400' title='bbox 3187 3369 3447 3428; x_wconf 84' lang='lat' dir='ltr'><strong>inimin</strong></span> 
     </span>
    </p>
   </div>
   <div class='ocr_carea' id='block_1_64' title="bbox 1867 3472 2011 3517">
    <p class='ocr_par' dir='ltr' id='par_1_64' title="bbox 1867 3472 2011 3517">
     <span class='ocr_line' id='line_1_64' title="bbox 1867 3472 2011 3517; baseline -0.007 -1"><span class='ocrx_word' id='word_1_401' title='bbox 1867 3472 2011 3517; x_wconf 89' lang='lat' dir='ltr'><strong>tuos.</strong></span> 
     </span>
    </p>
   </div>
   <div class='ocr_carea' id='block_1_65' title="bbox 1936 3552 3443 3625">
    <p class='ocr_par' dir='ltr' id='par_1_65' title="bbox 1936 3552 3443 3625">
     <span class='ocr_line' id='line_1_65' title="bbox 1936 3552 3443 3625; baseline -0.001 -17"><span class='ocrx_word' id='word_1_402' title='bbox 1936 3554 1989 3608; x_wconf 85' lang='lat'><strong>5.</strong></span> <span class='ocrx_word' id='word_1_403' title='bbox 2025 3554 2165 3608; x_wconf 82' lang='lat' dir='ltr'><strong>Ante</strong></span> <span class='ocrx_word' id='word_1_404' title='bbox 2194 3560 2246 3607; x_wconf 86' lang='lat' dir='ltr'><strong>te</strong></span> <span class='ocrx_word' id='word_1_405' title='bbox 2278 3568 2410 3608; x_wconf 81' lang='lat' dir='ltr'><strong>crux</strong></span> <span class='ocrx_word' id='word_1_406' title='bbox 2446 3555 2717 3623; x_wconf 88' lang='lat' dir='ltr'><strong>passionis</strong></span> <span class='ocrx_word' id='word_1_407' title='bbox 2756 3564 2861 3610; x_wconf 74' lang='lat' dir='ltr'><strong>tua:</strong></span> <span class='ocrx_word' id='word_1_408' title='bbox 2899 3556 2954 3609; x_wconf 89' lang='lat' dir='ltr'><strong>in</strong></span> <span class='ocrx_word' id='word_1_409' title='bbox 2988 3555 3075 3609; x_wconf 88' lang='lat' dir='ltr'><strong>die</strong></span> <span class='ocrx_word' id='word_1_410' title='bbox 3104 3553 3325 3625; x_wconf 75' lang='lat' dir='ltr'><strong>gloriosi</strong></span> <span class='ocrx_word' id='word_1_411' title='bbox 3361 3552 3443 3607; x_wconf 89' lang='lat' dir='ltr'><strong>tui</strong></span> 
     </span>
    </p>
   </div>
   <div class='ocr_carea' id='block_1_66' title="bbox 1866 3644 2149 3698">
    <p class='ocr_par' dir='ltr' id='par_1_66' title="bbox 1866 3644 2149 3698">
     <span class='ocr_line' id='line_1_66' title="bbox 1866 3644 2149 3698; baseline -0.004 0"><span class='ocrx_word' id='word_1_412' title='bbox 1866 3644 2149 3698; x_wconf 81' lang='lat' dir='ltr'><strong>adventus.</strong></span> 
     </span>
    </p>
   </div>
   <div class='ocr_carea' id='block_1_67' title="bbox 1936 3732 3259 3805">
    <p class='ocr_par' dir='ltr' id='par_1_67' title="bbox 1936 3732 3259 3805">
     <span class='ocr_line' id='line_1_67' title="bbox 1936 3732 3259 3805; baseline 0.002 -16"><span class='ocrx_word' id='word_1_413' title='bbox 1936 3736 1989 3789; x_wconf 86' lang='lat'><strong>6.</strong></span> <span class='ocrx_word' id='word_1_414' title='bbox 2022 3734 2252 3802; x_wconf 83' lang='lat' dir='ltr'><strong>Quando</strong></span> <span class='ocrx_word' id='word_1_415' title='bbox 2286 3733 2459 3789; x_wconf 89' lang='lat' dir='ltr'><strong>sancti</strong></span> <span class='ocrx_word' id='word_1_416' title='bbox 2490 3734 2566 3788; x_wconf 92' lang='lat' dir='ltr'><strong>tui</strong></span> <span class='ocrx_word' id='word_1_417' title='bbox 2602 3732 2886 3805; x_wconf 80' lang='lat' dir='ltr'><strong>fulgebunt</strong></span> <span class='ocrx_word' id='word_1_418' title='bbox 2915 3738 3055 3793; x_wconf 92' lang='lat' dir='ltr'><strong>sicut</strong></span> <span class='ocrx_word' id='word_1_419' title='bbox 3086 3738 3168 3792; x_wconf 91' lang='lat' dir='ltr'><strong>sol</strong></span> <span class='ocrx_word' id='word_1_420' title='bbox 3193 3738 3259 3791; x_wconf 73' lang='grc' dir='ltr'><strong>δ’.</strong></span> 
     </span>
    </p>
   </div>
   <div class='ocr_carea' id='block_1_68' title="bbox 247 3818 1759 3916">
    <p class='ocr_par' dir='ltr' id='par_1_68' title="bbox 247 3818 1759 3916">
     <span class='ocr_line' id='line_1_68' title="bbox 247 3818 1759 3916; baseline -0.003 -18"><span class='ocrx_word' id='word_1_421' title='bbox 247 3845 300 3899; x_wconf 86' lang='grc'><strong>7.</strong></span> <span class='ocrx_word' id='word_1_422' title='bbox 342 3846 430 3898; x_wconf 82' lang='grc' dir='ltr'>Ἐν</span> <span class='ocrx_word' id='word_1_423' title='bbox 458 3844 583 3916; x_wconf 75' lang='grc' dir='ltr'>ἐμοὶ</span> <span class='ocrx_word' id='word_1_424' title='bbox 611 3818 678 3916; x_wconf 64' lang='grc' dir='ltr'>ἧς</span> <span class='ocrx_word' id='word_1_425' title='bbox 704 3844 789 3897; x_wconf 78' lang='grc' dir='ltr'><strong>ἀεὶ</strong></span> <span class='ocrx_word' id='word_1_426' title='bbox 814 3844 908 3913; x_wconf 86' lang='grc' dir='ltr'><strong>ἀφ’</strong></span> <span class='ocrx_word' id='word_1_427' title='bbox 931 3837 992 3897; x_wconf 74' lang='grc' dir='ltr'>οὗ</span> <span class='ocrx_word' id='word_1_428' title='bbox 1018 3818 1273 3915; x_wconf 56' lang='grc' dir='ltr'>ηρξάμην</span> <span class='ocrx_word' id='word_1_429' title='bbox 1315 3818 1665 3913; x_wconf 85' lang='grc' dir='ltr'>δημιουργεῖν</span> <span class='ocrx_word' id='word_1_430' title='bbox 1693 3838 1759 3893; x_wconf 88' lang='grc' dir='ltr'><strong>τά</strong></span> 
     </span>
    </p>
   </div>
   <div class='ocr_carea' id='block_1_69' title="bbox 1882 3818 3443 3916">
    <p class='ocr_par' dir='ltr' id='par_1_69' title="bbox 1938 3826 3443 3898">
     <span class='ocr_line' id='line_1_69' title="bbox 1938 3826 3443 3898; baseline 0.001 -17"><span class='ocrx_word' id='word_1_431' title='bbox 1938 3828 1989 3881; x_wconf 87' lang='lat'><strong>7.</strong></span> <span class='ocrx_word' id='word_1_432' title='bbox 2024 3826 2080 3881; x_wconf 90' lang='lat' dir='ltr'><strong>In</strong></span> <span class='ocrx_word' id='word_1_433' title='bbox 2110 3843 2195 3881; x_wconf 91' lang='lat' dir='ltr'><strong>me</strong></span> <span class='ocrx_word' id='word_1_434' title='bbox 2222 3841 2347 3882; x_wconf 88' lang='lat' dir='ltr'><strong>cras</strong></span> <span class='ocrx_word' id='word_1_435' title='bbox 2377 3841 2615 3894; x_wconf 88' lang='lat' dir='ltr'><strong>semper,</strong></span> <span class='ocrx_word' id='word_1_436' title='bbox 2640 3842 2703 3881; x_wconf 75' lang='lat' dir='ltr'><strong>ex</strong></span> <span class='ocrx_word' id='word_1_437' title='bbox 2744 3843 2854 3898; x_wconf 90' lang='lat' dir='ltr'><strong>quo</strong></span> <span class='ocrx_word' id='word_1_438' title='bbox 2881 3828 3021 3897; x_wconf 73' lang='lat' dir='ltr'><strong>ccepi</strong></span> <span class='ocrx_word' id='word_1_439' title='bbox 3046 3842 3233 3881; x_wconf 90' lang='lat' dir='ltr'><strong>creare</strong></span> <span class='ocrx_word' id='word_1_440' title='bbox 3258 3827 3443 3882; x_wconf 85' lang='lat' dir='ltr'><strong>omnia</strong></span> 
     </span>
    </p>
   </div>
   <div class='ocr_carea' id='block_1_70' title="bbox 169 3927 1762 4003">
    <p class='ocr_par' dir='ltr' id='par_1_70' title="bbox 169 3927 1762 4003">
     <span class='ocr_line' id='line_1_70' title="bbox 169 3927 1762 4003; baseline -0.001 -18"><span class='ocrx_word' id='word_1_441' title='bbox 169 3934 355 3985; x_wconf 78' lang='grc' dir='ltr'>πάντα</span> <span class='ocrx_word' id='word_1_442' title='bbox 381 3932 470 3986; x_wconf 67' lang='grc' dir='ltr'>διὰ</span> <span class='ocrx_word' id='word_1_443' title='bbox 508 3931 623 3985; x_wconf 76' lang='grc' dir='ltr'>σοῦ’</span> <span class='ocrx_word' id='word_1_444' title='bbox 674 3932 996 4003; x_wconf 81' lang='grc' dir='ltr'><strong>ὲφανὲρωσά</strong></span> <span class='ocrx_word' id='word_1_445' title='bbox 1031 3948 1112 3997; x_wconf 90' lang='grc' dir='ltr'>σε,</span> <span class='ocrx_word' id='word_1_446' title='bbox 1167 3932 1249 3985; x_wconf 85' lang='grc' dir='ltr'><strong>ὃτι</strong></span> <span class='ocrx_word' id='word_1_447' title='bbox 1305 3927 1471 4002; x_wconf 75' lang='grc' dir='ltr'>εἶχον,</span> <span class='ocrx_word' id='word_1_448' title='bbox 1502 3932 1597 3984; x_wconf 73' lang='grc' dir='ltr'><strong>καὶ</strong></span> <span class='ocrx_word' id='word_1_449' title='bbox 1653 3930 1762 4001; x_wconf 76' lang='grc' dir='ltr'><strong>ἔχω</strong></span> 
     </span>
    </p>
   </div>
   <div class='ocr_carea' id='block_1_71' title="bbox 170 4022 726 4093">
    <p class='ocr_par' dir='ltr' id='par_1_71' title="bbox 170 4022 726 4093">
     <span class='ocr_line' id='line_1_71' title="bbox 170 4022 726 4093; baseline 0 -18"><span class='ocrx_word' id='word_1_450' title='bbox 170 4024 307 4076; x_wconf 83' lang='grc' dir='ltr'>Υίδν</span> <span class='ocrx_word' id='word_1_451' title='bbox 337 4026 394 4075; x_wconf 83' lang='grc' dir='ltr'><strong>ἐν</strong></span> <span class='ocrx_word' id='word_1_452' title='bbox 427 4023 504 4093; x_wconf 83' lang='lat'><strong>(5)</strong></span> <span class='ocrx_word' id='word_1_453' title='bbox 526 4022 726 4093; x_wconf 77' lang='grc' dir='ltr'>ἐαυτῷ.</span> 
     </span>
    </p>
   </div>
   <div class='ocr_carea' id='block_1_72' title="bbox 246 4115 1765 4189">
    <p class='ocr_par' dir='ltr' id='par_1_72' title="bbox 246 4115 1765 4189">
     <span class='ocr_line' id='line_1_72' title="bbox 246 4115 1765 4189; baseline 0.001 -20"><span class='ocrx_word' id='word_1_454' title='bbox 246 4116 302 4170; x_wconf 92' lang='grc'><strong>8.</strong></span> <span class='ocrx_word' id='word_1_455' title='bbox 341 4115 533 4169; x_wconf 86' lang='grc' dir='ltr'>Ἐθετο</span> <span class='ocrx_word' id='word_1_456' title='bbox 562 4117 590 4168; x_wconf 83' lang='grc' dir='ltr'>ὁ</span> <span class='ocrx_word' id='word_1_457' title='bbox 634 4116 825 4189; x_wconf 82' lang='grc' dir='ltr'><strong>Πατὴρ</strong></span> <span class='ocrx_word' id='word_1_458' title='bbox 867 4116 1059 4188; x_wconf 81' lang='grc' dir='ltr'>βουλὴν</span> <span class='ocrx_word' id='word_1_459' title='bbox 1092 4117 1386 4171; x_wconf 83' lang='grc' dir='ltr'>ἀσάλευτον</span> <span class='ocrx_word' id='word_1_460' title='bbox 1416 4117 1507 4171; x_wconf 78' lang='grc' dir='ltr'><strong>καὶ</strong></span> <span class='ocrx_word' id='word_1_461' title='bbox 1558 4116 1765 4188; x_wconf 80' lang='grc' dir='ltr'>ἀμετά-</span> 
     </span>
    </p>
   </div>
   <div class='ocr_carea' id='block_1_73' title="bbox 172 4208 398 4280">
    <p class='ocr_par' dir='ltr' id='par_1_73' title="bbox 172 4208 398 4280">
     <span class='ocr_line' id='line_1_73' title="bbox 172 4208 398 4280; baseline -0.004 -19"><span class='ocrx_word' id='word_1_462' title='bbox 172 4208 398 4280; x_wconf 76' lang='grc' dir='ltr'>ὅλητον.</span> 
     </span>
    </p>
   </div>
   <div class='ocr_carea' id='block_1_74' title="bbox 244 4294 1764 4373">
    <p class='ocr_par' dir='ltr' id='par_1_74' title="bbox 244 4294 1764 4373">
     <span class='ocr_line' id='line_1_74' title="bbox 244 4294 1764 4373; baseline -0.001 -19"><span class='ocrx_word' id='word_1_463' title='bbox 244 4300 300 4354; x_wconf 92' lang='lat'><strong>9.</strong></span> <span class='ocrx_word' id='word_1_464' title='bbox 334 4300 406 4353; x_wconf 84' lang='grc' dir='ltr'><strong>Σὺ</strong></span> <span class='ocrx_word' id='word_1_465' title='bbox 435 4294 486 4353; x_wconf 74' lang='grc' dir='ltr'><strong>εἴ</strong></span> <span class='ocrx_word' id='word_1_466' title='bbox 528 4299 695 4365; x_wconf 82' lang='grc' dir='ltr'>ὅντως</span> <span class='ocrx_word' id='word_1_467' title='bbox 744 4301 922 4373; x_wconf 78' lang='grc' dir='ltr'>ἱερεὺς</span> <span class='ocrx_word' id='word_1_468' title='bbox 958 4300 1183 4372; x_wconf 84' lang='grc' dir='ltr'>ἀληθὴς,</span> <span class='ocrx_word' id='word_1_469' title='bbox 1217 4301 1247 4353; x_wconf 86' lang='grc' dir='ltr'><strong>ό</strong></span> <span class='ocrx_word' id='word_1_470' title='bbox 1286 4300 1532 4371; x_wconf 81' lang='grc' dir='ltr'>καθάρας</span> <span class='ocrx_word' id='word_1_471' title='bbox 1588 4300 1764 4353; x_wconf 83' lang='grc' dir='ltr'>πάντα</span> 
     </span>
    </p>
   </div>
   <div class='ocr_carea' id='block_1_75' title="bbox 171 4390 1763 4464">
    <p class='ocr_par' dir='ltr' id='par_1_75' title="bbox 171 4390 1763 4464">
     <span class='ocr_line' id='line_1_75' title="bbox 171 4390 1763 4464; baseline -0.002 -20"><span class='ocrx_word' id='word_1_472' title='bbox 171 4392 266 4444; x_wconf 87' lang='grc' dir='ltr'>τὸν</span> <span class='ocrx_word' id='word_1_473' title='bbox 286 4390 415 4442; x_wconf 89' lang='grc' dir='ltr'>λαόν</span> <span class='ocrx_word' id='word_1_474' title='bbox 446 4407 538 4443; x_wconf 90' lang='grc' dir='ltr'>σου</span> <span class='ocrx_word' id='word_1_475' title='bbox 569 4391 645 4460; x_wconf 88' lang='grc'><strong>(6)</strong></span> <span class='ocrx_word' id='word_1_476' title='bbox 678 4392 787 4444; x_wconf 83' lang='grc' dir='ltr'><strong>ἀπὸ</strong></span> <span class='ocrx_word' id='word_1_477' title='bbox 808 4391 916 4444; x_wconf 89' lang='grc' dir='ltr'><strong>τῶν</strong></span> <span class='ocrx_word' id='word_1_478' title='bbox 941 4392 1224 4464; x_wconf 88' lang='grc' dir='ltr'>άμαρτιῶν</span> <span class='ocrx_word' id='word_1_479' title='bbox 1252 4391 1433 4445; x_wconf 80' lang='grc' dir='ltr'>αὑτοῦ·</span> <span class='ocrx_word' id='word_1_480' title='bbox 1464 4392 1523 4444; x_wconf 80' lang='grc' dir='ltr'><strong>οὐ</strong></span> <span class='ocrx_word' id='word_1_481' title='bbox 1553 4390 1763 4461; x_wconf 81' lang='grc' dir='ltr'><strong>δεήσεις</strong></span> 
     </span>
    </p>
   </div>
   <div class='ocr_carea' id='block_1_76' title="bbox 170 4480 1763 4554">
    <p class='ocr_par' dir='ltr' id='par_1_76' title="bbox 170 4480 1763 4554">
     <span class='ocr_line' id='line_1_76' title="bbox 170 4480 1763 4554; baseline -0.002 -19"><span class='ocrx_word' id='word_1_482' title='bbox 170 4482 207 4551; x_wconf 77' lang='grc' dir='ltr'>ἢ</span> <span class='ocrx_word' id='word_1_483' title='bbox 254 4480 465 4545; x_wconf 77' lang='grc' dir='ltr'>ἱκεσίας</span> <span class='ocrx_word' id='word_1_484' title='bbox 520 4482 889 4553; x_wconf 84' lang='grc' dir='ltr'>ποιησάμενος</span> <span class='ocrx_word' id='word_1_485' title='bbox 914 4484 1049 4554; x_wconf 89' lang='grc' dir='ltr'>πρός</span> <span class='ocrx_word' id='word_1_486' title='bbox 1096 4500 1239 4546; x_wconf 86' lang='grc' dir='ltr'>τινα,</span> <span class='ocrx_word' id='word_1_487' title='bbox 1293 4483 1429 4537; x_wconf 81' lang='grc' dir='ltr'>ἀλλὰ</span> <span class='ocrx_word' id='word_1_488' title='bbox 1470 4482 1547 4553; x_wconf 81' lang='grc' dir='ltr'><strong>τῷ</strong></span> <span class='ocrx_word' id='word_1_489' title='bbox 1594 4480 1763 4552; x_wconf 86' lang='grc' dir='ltr'>τιμίῳ</span> 
     </span>
    </p>
   </div>
   <div class='ocr_carea' id='block_1_77' title="bbox 171 4576 1764 4648">
    <p class='ocr_par' dir='ltr' id='par_1_77' title="bbox 171 4576 1764 4648">
     <span class='ocr_line' id='line_1_77' title="bbox 171 4576 1764 4648; baseline -0.001 -18"><span class='ocrx_word' id='word_1_490' title='bbox 171 4578 371 4647; x_wconf 77' lang='grc' dir='ltr'>αἵματι</span> <span class='ocrx_word' id='word_1_491' title='bbox 393 4576 602 4640; x_wconf 89' lang='grc' dir='ltr'>πάντας</span> <span class='ocrx_word' id='word_1_492' title='bbox 646 4576 967 4648; x_wconf 87' lang='grc' dir='ltr'>καθαρίσας.</span> <span class='ocrx_word' id='word_1_493' title='bbox 1004 4576 1077 4630; x_wconf 87' lang='grc' dir='ltr'>Τὸ</span> <span class='ocrx_word' id='word_1_494' title='bbox 1128 4576 1206 4641; x_wconf 84' lang='grc' dir='ltr'>δὲ,</span> <span class='ocrx_word' id='word_1_495' title='bbox 1249 4578 1399 4631; x_wconf 82' lang='grc' dir='ltr'>κατὰ</span> <span class='ocrx_word' id='word_1_496' title='bbox 1446 4577 1561 4645; x_wconf 81' lang='grc' dir='ltr'><strong>τὴν</strong></span> <span class='ocrx_word' id='word_1_497' title='bbox 1592 4576 1764 4641; x_wconf 80' lang='grc' dir='ltr'>τάξιν</span> 
     </span>
    </p>
   </div>
   <div class='ocr_carea' id='block_1_78' title="bbox 172 4665 1762 4739">
    <p class='ocr_par' dir='ltr' id='par_1_78' title="bbox 172 4665 1762 4739">
     <span class='ocr_line' id='line_1_78' title="bbox 172 4665 1762 4739; baseline -0.002 -18"><span class='ocrx_word' id='word_1_498' title='bbox 172 4665 576 4736; x_wconf 77' lang='grc' dir='ltr'>Μελχισεδὲκ,</span> <span class='ocrx_word' id='word_1_499' title='bbox 613 4666 801 4719; x_wconf 79' lang='grc' dir='ltr'>τοῦτον</span> <span class='ocrx_word' id='word_1_500' title='bbox 835 4666 949 4737; x_wconf 71' lang='grc' dir='ltr'>ἔχει</span> <span class='ocrx_word' id='word_1_501' title='bbox 1000 4668 1094 4720; x_wconf 87' lang='grc' dir='ltr'><strong>τὸν</strong></span> <span class='ocrx_word' id='word_1_502' title='bbox 1138 4668 1357 4739; x_wconf 88' lang='grc' dir='ltr'>τρόπον.</span> <span class='ocrx_word' id='word_1_503' title='bbox 1385 4667 1610 4739; x_wconf 86' lang='grc' dir='ltr'>Πρῶτον</span> <span class='ocrx_word' id='word_1_504' title='bbox 1663 4666 1762 4736; x_wconf 88' lang='grc' dir='ltr'>μὲν</span> 
     </span>
    </p>
   </div>
   <div class='ocr_carea' id='block_1_79' title="bbox 169 4752 1760 4828">
    <p class='ocr_par' dir='ltr' id='par_1_79' title="bbox 169 4752 1760 4828">
     <span class='ocr_line' id='line_1_79' title="bbox 169 4752 1760 4828; baseline -0.001 -18"><span class='ocrx_word' id='word_1_505' title='bbox 169 4757 201 4810; x_wconf 85' lang='grc' dir='ltr'>ὀ</span> <span class='ocrx_word' id='word_1_506' title='bbox 229 4752 564 4822; x_wconf 82' lang='grc' dir='ltr'>Μελχισεδὲκ</span> <span class='ocrx_word' id='word_1_507' title='bbox 590 4754 769 4825; x_wconf 82' lang='grc' dir='ltr'>ίερεὺς</span> <span class='ocrx_word' id='word_1_508' title='bbox 800 4755 1078 4827; x_wconf 83' lang='grc' dir='ltr'>ἀνεδείχθη</span> <span class='ocrx_word' id='word_1_509' title='bbox 1106 4757 1203 4810; x_wconf 84' lang='grc' dir='ltr'>ούκ</span> <span class='ocrx_word' id='word_1_510' title='bbox 1239 4758 1304 4811; x_wconf 80' lang='grc' dir='ltr'><strong>ἐκ</strong></span> <span class='ocrx_word' id='word_1_511' title='bbox 1326 4758 1424 4828; x_wconf 78' lang='grc' dir='ltr'>τῆς</span> <span class='ocrx_word' id='word_1_512' title='bbox 1477 4756 1646 4828; x_wconf 73' lang='grc' dir='ltr'>φυλῆς</span> <span class='ocrx_word' id='word_1_513' title='bbox 1666 4754 1760 4809; x_wconf 80' lang='grc' dir='ltr'><strong>τοῦ</strong></span> 
     </span>
    </p>
   </div>
   <div class='ocr_carea' id='block_1_80' title="bbox 173 4844 1761 4921">
    <p class='ocr_par' dir='ltr' id='par_1_80' title="bbox 173 4844 1761 4921">
     <span class='ocr_line' id='line_1_80' title="bbox 173 4844 1761 4921; baseline 0.002 -22"><span class='ocrx_word' id='word_1_514' title='bbox 173 4844 308 4899; x_wconf 80' lang='grc' dir='ltr'><strong>Λευῖ</strong></span> <span class='ocrx_word' id='word_1_515' title='bbox 337 4845 439 4915; x_wconf 77' lang='grc' dir='ltr'>τῆς</span> <span class='ocrx_word' id='word_1_516' title='bbox 469 4846 762 4918; x_wconf 85' lang='grc' dir='ltr'>ίερατείας,</span> <span class='ocrx_word' id='word_1_517' title='bbox 798 4849 985 4921; x_wconf 81' lang='grc' dir='ltr'>ὥσπερ</span> <span class='ocrx_word' id='word_1_518' title='bbox 1014 4846 1136 4902; x_wconf 74' lang='grc' dir='ltr'>οὔτε</span> <span class='ocrx_word' id='word_1_519' title='bbox 1170 4852 1199 4903; x_wconf 88' lang='grc' dir='ltr'><strong>ό</strong></span> <span class='ocrx_word' id='word_1_520' title='bbox 1249 4848 1465 4920; x_wconf 82' lang='grc' dir='ltr'>Κύριος,</span> <span class='ocrx_word' id='word_1_521' title='bbox 1498 4851 1586 4903; x_wconf 80' lang='grc' dir='ltr'><strong>ὅτε</strong></span> <span class='ocrx_word' id='word_1_522' title='bbox 1611 4850 1761 4902; x_wconf 75' lang='grc' dir='ltr'>εὐδό-</span> 
     </span>
    </p>
   </div>
   <div class='ocr_carea' id='block_1_81' title="bbox 173 4939 1758 5015">
    <p class='ocr_par' dir='ltr' id='par_1_81' title="bbox 173 4939 1758 5015">
     <span class='ocr_line' id='line_1_81' title="bbox 173 4939 1758 5015; baseline 0.003 -24"><span class='ocrx_word' id='word_1_523' title='bbox 173 4954 343 5009; x_wconf 82' lang='grc' dir='ltr'>κησεν</span> <span class='ocrx_word' id='word_1_524' title='bbox 376 4940 468 4992; x_wconf 75' lang='grc' dir='ltr'>ἐπὶ</span> <span class='ocrx_word' id='word_1_525' title='bbox 495 4939 596 5010; x_wconf 87' lang='grc' dir='ltr'>τῆς</span> <span class='ocrx_word' id='word_1_526' title='bbox 621 4941 726 5010; x_wconf 86' lang='grc' dir='ltr'>γῆς</span> <span class='ocrx_word' id='word_1_527' title='bbox 752 4942 1030 5014; x_wconf 83' lang='grc' dir='ltr'>τεχθῆναι,</span> <span class='ocrx_word' id='word_1_528' title='bbox 1059 4944 1160 4996; x_wconf 88' lang='grc' dir='ltr'>οὐκ</span> <span class='ocrx_word' id='word_1_529' title='bbox 1188 4945 1251 4996; x_wconf 83' lang='grc' dir='ltr'><strong>ἐκ</strong></span> <span class='ocrx_word' id='word_1_530' title='bbox 1271 4943 1365 4996; x_wconf 81' lang='grc' dir='ltr'><strong>τοῦ</strong></span> <span class='ocrx_word' id='word_1_531' title='bbox 1391 4943 1521 4996; x_wconf 84' lang='grc' dir='ltr'><strong>Λευῖ</strong></span> <span class='ocrx_word' id='word_1_532' title='bbox 1544 4943 1758 5015; x_wconf 78' lang='grc' dir='ltr'>ἐτέχθη·</span> 
     </span>
    </p>
   </div>
   <div class='ocr_carea' id='block_1_82' title="bbox 172 5031 1757 5106">
    <p class='ocr_par' dir='ltr' id='par_1_82' title="bbox 172 5031 1757 5106">
     <span class='ocr_line' id='line_1_82' title="bbox 172 5031 1757 5106; baseline 0.003 -23"><span class='ocrx_word' id='word_1_533' title='bbox 172 5031 427 5103; x_wconf 83' lang='grc' dir='ltr'>δεύτερον</span> <span class='ocrx_word' id='word_1_534' title='bbox 460 5031 517 5084; x_wconf 81' lang='grc' dir='ltr'>δὲ</span> <span class='ocrx_word' id='word_1_535' title='bbox 541 5032 640 5095; x_wconf 86' lang='grc' dir='ltr'><strong>τάς</strong></span> <span class='ocrx_word' id='word_1_536' title='bbox 663 5031 913 5098; x_wconf 82' lang='grc' dir='ltr'>δεκάτας,</span> <span class='ocrx_word' id='word_1_537' title='bbox 942 5035 1008 5098; x_wconf 77' lang='grc' dir='ltr'>ἃς</span> <span class='ocrx_word' id='word_1_538' title='bbox 1051 5034 1223 5089; x_wconf 79' lang='grc' dir='ltr'>ἐδίδου</span> <span class='ocrx_word' id='word_1_539' title='bbox 1252 5034 1281 5086; x_wconf 86' lang='grc' dir='ltr'><strong><em>ὁ</em></strong></span> <span class='ocrx_word' id='word_1_540' title='bbox 1311 5036 1489 5106; x_wconf 78' lang='grc' dir='ltr'>ἱερεὺς</span> <span class='ocrx_word' id='word_1_541' title='bbox 1516 5034 1594 5106; x_wconf 83' lang='grc' dir='ltr'><strong>τῷ</strong></span> <span class='ocrx_word' id='word_1_542' title='bbox 1616 5035 1757 5106; x_wconf 82' lang='grc' dir='ltr'><strong>Θεῷ,</strong></span> 
     </span>
    </p>
   </div>
   <div class='ocr_carea' id='block_1_83' title="bbox 173 5121 1757 5199">
    <p class='ocr_par' dir='ltr' id='par_1_83' title="bbox 173 5121 1757 5199">
     <span class='ocr_line' id='line_1_83' title="bbox 173 5121 1757 5199; baseline 0.003 -24"><span class='ocrx_word' id='word_1_543' title='bbox 173 5121 376 5185; x_wconf 84' lang='grc' dir='ltr'>ταύτας</span> <span class='ocrx_word' id='word_1_544' title='bbox 407 5123 777 5193; x_wconf 82' lang='grc' dir='ltr'>προσήνεγκεν</span> <span class='ocrx_word' id='word_1_545' title='bbox 804 5124 1052 5196; x_wconf 75' lang='grc' dir='ltr'><strong>Ἀϐραὰμ</strong></span> <span class='ocrx_word' id='word_1_546' title='bbox 1073 5124 1150 5195; x_wconf 81' lang='grc' dir='ltr'><strong>τῷ</strong></span> <span class='ocrx_word' id='word_1_547' title='bbox 1166 5124 1519 5195; x_wconf 82' lang='grc' dir='ltr'>Μελχισεδέκ.</span> <span class='ocrx_word' id='word_1_548' title='bbox 1540 5127 1757 5199; x_wconf 81' lang='grc' dir='ltr'>Ἐπειδὴ</span> 
     </span>
    </p>
   </div>
   <div class='ocr_carea' id='block_1_84' title="bbox 174 5211 1760 5288">
    <p class='ocr_par' dir='ltr' id='par_1_84' title="bbox 174 5211 1760 5288">
     <span class='ocr_line' id='line_1_84' title="bbox 174 5211 1760 5288; baseline 0.004 -22"><span class='ocrx_word' id='word_1_549' title='bbox 174 5214 319 5267; x_wconf 76' lang='grc' dir='ltr'>κατὰ</span> <span class='ocrx_word' id='word_1_550' title='bbox 349 5211 526 5267; x_wconf 86' lang='grc' dir='ltr'>πάντα</span> <span class='ocrx_word' id='word_1_551' title='bbox 554 5213 722 5269; x_wconf 82' lang='grc' dir='ltr'>τύπον</span> <span class='ocrx_word' id='word_1_552' title='bbox 750 5213 945 5287; x_wconf 72' lang='grc' dir='ltr'>ἔφερεν</span> <span class='ocrx_word' id='word_1_553' title='bbox 972 5219 1000 5270; x_wconf 89' lang='grc' dir='ltr'>ὁ</span> <span class='ocrx_word' id='word_1_554' title='bbox 1019 5217 1353 5288; x_wconf 84' lang='grc' dir='ltr'>Μελχισεδὲκ</span> <span class='ocrx_word' id='word_1_555' title='bbox 1400 5219 1489 5271; x_wconf 75' lang='grc' dir='ltr'>τὸν</span> <span class='ocrx_word' id='word_1_556' title='bbox 1519 5218 1645 5270; x_wconf 75' lang='grc' dir='ltr'>Υίδν</span> <span class='ocrx_word' id='word_1_557' title='bbox 1664 5218 1760 5272; x_wconf 78' lang='grc' dir='ltr'><strong>τοῦ</strong></span> 
     </span>
    </p>
   </div>
   <div class='ocr_carea' id='block_1_85' title="bbox 172 5306 331 5361">
    <p class='ocr_par' dir='ltr' id='par_1_85' title="bbox 172 5306 331 5361">
     <span class='ocr_line' id='line_1_85' title="bbox 172 5306 331 5361; baseline 0.019 -3"><span class='ocrx_word' id='word_1_558' title='bbox 172 5306 308 5361; x_wconf 74' lang='grc' dir='ltr'><strong>Θεοῦ</strong></span> <span class='ocrx_word' id='word_1_559' title='bbox 317 5348 331 5361; x_wconf 92' lang='grc'><strong>.</strong></span> 
     </span>
    </p>
   </div>
   <div class='ocr_carea' id='block_1_86' title="bbox 250 5419 1481 5493">
    <p class='ocr_par' dir='ltr' id='par_1_86' title="bbox 250 5419 1481 5493">
     <span class='ocr_line' id='line_1_86' title="bbox 250 5419 1481 5493; baseline 0.006 -20"><span class='ocrx_word' id='word_1_560' title='bbox 250 5422 291 5452; x_wconf 72' lang='grc' dir='ltr'>δ¹</span> <span class='ocrx_word' id='word_1_561' title='bbox 317 5419 550 5491; x_wconf 84' lang='lat' dir='ltr'><strong>Philipp.</strong></span> <span class='ocrx_word' id='word_1_562' title='bbox 581 5436 640 5487; x_wconf 88' lang='lat' dir='ltr'><strong>ll,</strong></span> <span class='ocrx_word' id='word_1_563' title='bbox 671 5421 756 5488; x_wconf 85' lang='grc'><strong>10,</strong></span> <span class='ocrx_word' id='word_1_564' title='bbox 790 5422 875 5476; x_wconf 85' lang='grc'><strong>11.</strong></span> <span class='ocrx_word' id='word_1_565' title='bbox 949 5423 992 5454; x_wconf 74' lang='grc'><strong>⁴⁵²</strong></span> <span class='ocrx_word' id='word_1_566' title='bbox 1021 5421 1211 5478; x_wconf 83' lang='lat' dir='ltr'><strong>Matth.</strong></span> <span class='ocrx_word' id='word_1_567' title='bbox 1242 5440 1361 5493; x_wconf 77' lang='lat' dir='ltr'><strong>xm,</strong></span> <span class='ocrx_word' id='word_1_568' title='bbox 1393 5425 1481 5481; x_wconf 74' lang='grc'><strong>45.</strong></span> 
     </span>
    </p>
   </div>
   <div class='ocr_carea' id='block_1_87' title="bbox 1863 3914 3440 3987">
    <p class='ocr_par' dir='ltr' id='par_1_87' title="bbox 1863 3914 3440 3987">
     <span class='ocr_line' id='line_1_87' title="bbox 1863 3914 3440 3987; baseline -0.001 -15"><span class='ocrx_word' id='word_1_569' title='bbox 1863 3933 1958 3987; x_wconf 89' lang='lat' dir='ltr'><strong>per</strong></span> <span class='ocrx_word' id='word_1_570' title='bbox 1988 3926 2038 3971; x_wconf 90' lang='lat' dir='ltr'><strong>te</strong></span> <span class='ocrx_word' id='word_1_571' title='bbox 2064 3936 2077 3973; x_wconf 92' lang='lat'>:</span> <span class='ocrx_word' id='word_1_572' title='bbox 2111 3914 2451 3971; x_wconf 83' lang='lat' dir='ltr'><strong>manilestavi</strong></span> <span class='ocrx_word' id='word_1_573' title='bbox 2491 3928 2541 3970; x_wconf 89' lang='lat' dir='ltr'><strong>te</strong></span> <span class='ocrx_word' id='word_1_574' title='bbox 2572 3916 2718 3985; x_wconf 87' lang='lat' dir='ltr'><strong>quod</strong></span> <span class='ocrx_word' id='word_1_575' title='bbox 2750 3917 3017 3972; x_wconf 84' lang='lat' dir='ltr'><strong>habebam</strong></span> <span class='ocrx_word' id='word_1_576' title='bbox 3047 3926 3101 3972; x_wconf 88' lang='lat' dir='ltr'><strong>et</strong></span> <span class='ocrx_word' id='word_1_577' title='bbox 3136 3916 3312 3972; x_wconf 87' lang='lat' dir='ltr'><strong>habeo</strong></span> <span class='ocrx_word' id='word_1_578' title='bbox 3348 3915 3440 3971; x_wconf 88' lang='lat' dir='ltr'><strong>Fi-</strong></span> 
     </span>
    </p>
   </div>
   <div class='ocr_carea' id='block_1_88' title="bbox 1865 4007 2380 4075">
    <p class='ocr_par' dir='ltr' id='par_1_88' title="bbox 1865 4007 2380 4075">
     <span class='ocr_line' id='line_1_88' title="bbox 1865 4007 2380 4075; baseline -0.002 -14"><span class='ocrx_word' id='word_1_579' title='bbox 1865 4008 1995 4062; x_wconf 91' lang='lat' dir='ltr'><strong>lium</strong></span> <span class='ocrx_word' id='word_1_580' title='bbox 2036 4008 2089 4061; x_wconf 92' lang='lat' dir='ltr'><strong>in</strong></span> <span class='ocrx_word' id='word_1_581' title='bbox 2123 4022 2208 4060; x_wconf 90' lang='lat' dir='ltr'><strong>me</strong></span> <span class='ocrx_word' id='word_1_582' title='bbox 2242 4007 2380 4075; x_wconf 92' lang='lat' dir='ltr'><strong>ipso.</strong></span> 
     </span>
    </p>
   </div>
   <div class='ocr_carea' id='block_1_89' title="bbox 1932 4096 3443 4171">
    <p class='ocr_par' dir='ltr' id='par_1_89' title="bbox 1932 4096 3443 4171">
     <span class='ocr_line' id='line_1_89' title="bbox 1932 4096 3443 4171; baseline 0.002 -19"><span class='ocrx_word' id='word_1_583' title='bbox 1932 4100 1983 4153; x_wconf 91' lang='lat'><strong>8.</strong></span> <span class='ocrx_word' id='word_1_584' title='bbox 2018 4098 2205 4152; x_wconf 87' lang='lat' dir='ltr'><strong>Posuit</strong></span> <span class='ocrx_word' id='word_1_585' title='bbox 2236 4096 2397 4151; x_wconf 82' lang='lat' dir='ltr'><strong>Pater</strong></span> <span class='ocrx_word' id='word_1_586' title='bbox 2424 4096 2758 4152; x_wconf 77' lang='lat' dir='ltr'><strong>voluntatem</strong></span> <span class='ocrx_word' id='word_1_587' title='bbox 2790 4098 3125 4155; x_wconf 87' lang='lat' dir='ltr'><strong>immobilem</strong></span> <span class='ocrx_word' id='word_1_588' title='bbox 3147 4110 3311 4171; x_wconf 88' lang='lat' dir='ltr'><strong>atque</strong></span> <span class='ocrx_word' id='word_1_589' title='bbox 3341 4102 3443 4156; x_wconf 85' lang='lat' dir='ltr'><strong>im-</strong></span> 
     </span>
    </p>
   </div>
   <div class='ocr_carea' id='block_1_90' title="bbox 1864 4190 2205 4247">
    <p class='ocr_par' dir='ltr' id='par_1_90' title="bbox 1864 4190 2205 4247">
     <span class='ocr_line' id='line_1_90' title="bbox 1864 4190 2205 4247; baseline -0.015 0"><span class='ocrx_word' id='word_1_590' title='bbox 1864 4190 2205 4247; x_wconf 87' lang='lat' dir='ltr'><strong>mutabilem.</strong></span> 
     </span>
    </p>
   </div>
   <div class='ocr_carea' id='block_1_91' title="bbox 1934 4295 3443 4366">
    <p class='ocr_par' dir='ltr' id='par_1_91' title="bbox 1934 4295 3443 4366">
     <span class='ocr_line' id='line_1_91' title="bbox 1934 4295 3443 4366; baseline 0.003 -14"><span class='ocrx_word' id='word_1_591' title='bbox 1934 4295 2075 4352; x_wconf 87' lang='lat' dir='ltr'><strong>9.&#39;l‘u</strong></span> <span class='ocrx_word' id='word_1_592' title='bbox 2103 4312 2163 4351; x_wconf 90' lang='lat' dir='ltr'><strong>es</strong></span> <span class='ocrx_word' id='word_1_593' title='bbox 2188 4297 2373 4366; x_wconf 85' lang='lat' dir='ltr'><strong>utique</strong></span> <span class='ocrx_word' id='word_1_594' title='bbox 2403 4295 2662 4351; x_wconf 88' lang='lat' dir='ltr'><strong>sacerdos</strong></span> <span class='ocrx_word' id='word_1_595' title='bbox 2690 4310 2874 4363; x_wconf 72' lang='lat' dir='ltr'><strong>verus,</strong></span> <span class='ocrx_word' id='word_1_596' title='bbox 2902 4297 3207 4355; x_wconf 89' lang='lat' dir='ltr'><strong>emundans</strong></span> <span class='ocrx_word' id='word_1_597' title='bbox 3225 4315 3443 4356; x_wconf 88' lang='lat' dir='ltr'><strong>omnem</strong></span> 
     </span>
    </p>
   </div>
   <div class='ocr_carea' id='block_1_92' title="bbox 1864 4385 3443 4460">
    <p class='ocr_par' dir='ltr' id='par_1_92' title="bbox 1864 4385 3443 4460">
     <span class='ocr_line' id='line_1_92' title="bbox 1864 4385 3443 4460; baseline 0.003 -17"><span class='ocrx_word' id='word_1_598' title='bbox 1864 4390 2123 4459; x_wconf 86' lang='lat' dir='ltr'><strong>populum</strong></span> <span class='ocrx_word' id='word_1_599' title='bbox 2154 4398 2307 4442; x_wconf 88' lang='lat' dir='ltr'><strong>tuum</strong></span> <span class='ocrx_word' id='word_1_600' title='bbox 2340 4404 2370 4441; x_wconf 92' lang='lat' dir='ltr'><strong>a</strong></span> <span class='ocrx_word' id='word_1_601' title='bbox 2395 4385 2631 4457; x_wconf 85' lang='lat' dir='ltr'><strong>peccatis</strong></span> <span class='ocrx_word' id='word_1_602' title='bbox 2657 4387 2796 4453; x_wconf 91' lang='lat' dir='ltr'><strong>suis,</strong></span> <span class='ocrx_word' id='word_1_603' title='bbox 2831 4404 3008 4459; x_wconf 83' lang='lat' dir='ltr'><strong>neque</strong></span> <span class='ocrx_word' id='word_1_604' title='bbox 3028 4390 3443 4460; x_wconf 85' lang='lat' dir='ltr'><strong>deprecationes</strong></span> 
     </span>
    </p>
   </div>
   <div class='ocr_carea' id='block_1_93' title="bbox 1864 4478 3443 4553">
    <p class='ocr_par' dir='ltr' id='par_1_93' title="bbox 1864 4478 3443 4553">
     <span class='ocr_line' id='line_1_93' title="bbox 1864 4478 3443 4553; baseline 0.003 -19"><span class='ocrx_word' id='word_1_605' title='bbox 1864 4489 1957 4534; x_wconf 89' lang='lat' dir='ltr'><strong>aut</strong></span> <span class='ocrx_word' id='word_1_606' title='bbox 1984 4480 2409 4550; x_wconf 86' lang='lat' dir='ltr'><strong>supplicationes</strong></span> <span class='ocrx_word' id='word_1_607' title='bbox 2438 4478 2647 4534; x_wconf 80' lang='lat' dir='ltr'><strong>faciens</strong></span> <span class='ocrx_word' id='word_1_608' title='bbox 2672 4479 2739 4534; x_wconf 89' lang='lat' dir='ltr'><strong>ad</strong></span> <span class='ocrx_word' id='word_1_609' title='bbox 2769 4479 3029 4549; x_wconf 88' lang='lat' dir='ltr'><strong>aliquem,</strong></span> <span class='ocrx_word' id='word_1_610' title='bbox 3057 4483 3152 4537; x_wconf 89' lang='lat' dir='ltr'><strong>sed</strong></span> <span class='ocrx_word' id='word_1_611' title='bbox 3196 4484 3443 4553; x_wconf 84' lang='lat' dir='ltr'><strong>pretioso</strong></span> 
     </span>
    </p>
   </div>
   <div class='ocr_carea' id='block_1_94' title="bbox 1864 4570 3442 4642">
    <p class='ocr_par' dir='ltr' id='par_1_94' title="bbox 1864 4570 3442 4642">
     <span class='ocr_line' id='line_1_94' title="bbox 1864 4570 3442 4642; baseline 0.001 -14"><span class='ocrx_word' id='word_1_612' title='bbox 1864 4574 2129 4642; x_wconf 79' lang='lat' dir='ltr'><strong>sanguine</strong></span> <span class='ocrx_word' id='word_1_613' title='bbox 2161 4586 2353 4625; x_wconf 84' lang='lat' dir='ltr'><strong>omnes</strong></span> <span class='ocrx_word' id='word_1_614' title='bbox 2374 4572 2703 4627; x_wconf 89' lang='lat' dir='ltr'><strong>emundans.</strong></span> <span class='ocrx_word' id='word_1_615' title='bbox 2735 4570 2870 4626; x_wconf 89' lang='lat' dir='ltr'><strong>Illud</strong></span> <span class='ocrx_word' id='word_1_616' title='bbox 2898 4583 3116 4627; x_wconf 90' lang='lat' dir='ltr'><strong>autem:</strong></span> <span class='ocrx_word' id='word_1_617' title='bbox 3146 4576 3442 4629; x_wconf 77' lang='lat' dir='ltr'><strong>secundum</strong></span> 
     </span>
    </p>
   </div>
   <div class='ocr_carea' id='block_1_95' title="bbox 1864 4660 3440 4733">
    <p class='ocr_par' dir='ltr' id='par_1_95' title="bbox 1864 4660 3440 4733">
     <span class='ocr_line' id='line_1_95' title="bbox 1864 4660 3440 4733; baseline 0 -14"><span class='ocrx_word' id='word_1_618' title='bbox 1864 4666 2100 4719; x_wconf 69' lang='lat' dir='ltr'><strong>ordinem</strong></span> <span class='ocrx_word' id='word_1_619' title='bbox 2126 4660 2505 4717; x_wconf 82' lang='lat' dir='ltr'><strong>Melchisedech</strong></span> <span class='ocrx_word' id='word_1_620' title='bbox 2541 4681 2571 4733; x_wconf 78' lang='grc' dir='ltr'>,ο</span> <span class='ocrx_word' id='word_1_621' title='bbox 2625 4662 2679 4714; x_wconf 89' lang='lat' dir='ltr'><strong>in</strong></span> <span class='ocrx_word' id='word_1_622' title='bbox 2714 4661 2860 4715; x_wconf 89' lang='lat' dir='ltr'><strong>hunc</strong></span> <span class='ocrx_word' id='word_1_623' title='bbox 2893 4662 3119 4717; x_wconf 89' lang='lat' dir='ltr'><strong>modum</strong></span> <span class='ocrx_word' id='word_1_624' title='bbox 3149 4679 3209 4718; x_wconf 90' lang='lat' dir='ltr'><strong>se</strong></span> <span class='ocrx_word' id='word_1_625' title='bbox 3256 4664 3440 4720; x_wconf 87' lang='lat' dir='ltr'><strong>habet.</strong></span> 
     </span>
    </p>
   </div>
   <div class='ocr_carea' id='block_1_96' title="bbox 1862 4753 3443 4826">
    <p class='ocr_par' dir='ltr' id='par_1_96' title="bbox 1862 4753 3443 4826">
     <span class='ocr_line' id='line_1_96' title="bbox 1862 4753 3443 4826; baseline 0.001 -15"><span class='ocrx_word' id='word_1_626' title='bbox 1862 4756 2106 4811; x_wconf 83' lang='lat' dir='ltr'><strong>Primum</strong></span> <span class='ocrx_word' id='word_1_627' title='bbox 2140 4755 2361 4826; x_wconf 91' lang='lat' dir='ltr'><strong>quidem</strong></span> <span class='ocrx_word' id='word_1_628' title='bbox 2390 4753 2781 4809; x_wconf 81' lang='lat' dir='ltr'><strong>Melchisedech</strong></span> <span class='ocrx_word' id='word_1_629' title='bbox 2810 4755 3069 4810; x_wconf 90' lang='lat' dir='ltr'><strong>sacerdos</strong></span> <span class='ocrx_word' id='word_1_630' title='bbox 3098 4756 3443 4813; x_wconf 85' lang='lat' dir='ltr'><strong>renuntiatus</strong></span> 
     </span>
    </p>
   </div>
   <div class='ocr_carea' id='block_1_97' title="bbox 1860 4845 3441 4916">
    <p class='ocr_par' dir='ltr' id='par_1_97' title="bbox 1860 4845 3441 4916">
     <span class='ocr_line' id='line_1_97' title="bbox 1860 4845 3441 4916; baseline 0.001 -13"><span class='ocrx_word' id='word_1_631' title='bbox 1860 4858 1963 4913; x_wconf 88' lang='lat' dir='ltr'><strong>est,</strong></span> <span class='ocrx_word' id='word_1_632' title='bbox 1996 4862 2105 4902; x_wconf 83' lang='lat' dir='ltr'><strong>non</strong></span> <span class='ocrx_word' id='word_1_633' title='bbox 2138 4863 2203 4903; x_wconf 82' lang='lat' dir='ltr'><strong>ex</strong></span> <span class='ocrx_word' id='word_1_634' title='bbox 2242 4847 2385 4901; x_wconf 87' lang='lat' dir='ltr'><strong>tribu</strong></span> <span class='ocrx_word' id='word_1_635' title='bbox 2417 4845 2545 4899; x_wconf 87' lang='lat' dir='ltr'><strong>Levi</strong></span> <span class='ocrx_word' id='word_1_636' title='bbox 2575 4845 2938 4911; x_wconf 88' lang='lat' dir='ltr'><strong>sacerdotali,</strong></span> <span class='ocrx_word' id='word_1_637' title='bbox 2977 4850 3441 4916; x_wconf 86' lang='lat' dir='ltr'><strong>quemadmodum</strong></span> 
     </span>
    </p>
   </div>
   <div class='ocr_carea' id='block_1_98' title="bbox 1864 4936 3441 5010">
    <p class='ocr_par' dir='ltr' id='par_1_98' title="bbox 1864 4936 3441 5010">
     <span class='ocr_line' id='line_1_98' title="bbox 1864 4936 3441 5010; baseline 0.001 -17"><span class='ocrx_word' id='word_1_638' title='bbox 1864 4955 2040 5010; x_wconf 83' lang='lat' dir='ltr'><strong>neque</strong></span> <span class='ocrx_word' id='word_1_639' title='bbox 2069 4938 2359 5004; x_wconf 89' lang='lat' dir='ltr'><strong>Dominus,</strong></span> <span class='ocrx_word' id='word_1_640' title='bbox 2392 4953 2517 4991; x_wconf 88' lang='lat' dir='ltr'><strong>cum</strong></span> <span class='ocrx_word' id='word_1_641' title='bbox 2545 4938 2595 4991; x_wconf 94' lang='lat' dir='ltr'><strong>ei</strong></span> <span class='ocrx_word' id='word_1_642' title='bbox 2627 4936 2834 5006; x_wconf 87' lang='lat' dir='ltr'><strong>placuit</strong></span> <span class='ocrx_word' id='word_1_643' title='bbox 2863 4939 3016 4993; x_wconf 90' lang='lat' dir='ltr'><strong>nasci</strong></span> <span class='ocrx_word' id='word_1_644' title='bbox 3046 4938 3102 4993; x_wconf 89' lang='lat' dir='ltr'><strong>in</strong></span> <span class='ocrx_word' id='word_1_645' title='bbox 3135 4948 3299 5005; x_wconf 88' lang='lat' dir='ltr'><strong>terra,</strong></span> <span class='ocrx_word' id='word_1_646' title='bbox 3332 4956 3441 4995; x_wconf 89' lang='lat' dir='ltr'><strong>non</strong></span> 
     </span>
    </p>
   </div>
   <div class='ocr_carea' id='block_1_99' title="bbox 1860 5029 3445 5099">
    <p class='ocr_par' dir='ltr' id='par_1_99' title="bbox 1860 5029 3445 5099">
     <span class='ocr_line' id='line_1_99' title="bbox 1860 5029 3445 5099; baseline 0.001 -13"><span class='ocrx_word' id='word_1_647' title='bbox 1860 5048 1925 5086; x_wconf 78' lang='lat' dir='ltr'><strong>ex</strong></span> <span class='ocrx_word' id='word_1_648' title='bbox 1958 5032 2102 5086; x_wconf 92' lang='lat' dir='ltr'><strong>tribu</strong></span> <span class='ocrx_word' id='word_1_649' title='bbox 2140 5030 2269 5085; x_wconf 91' lang='lat' dir='ltr'><strong>Levi</strong></span> <span class='ocrx_word' id='word_1_650' title='bbox 2306 5039 2469 5085; x_wconf 89' lang='lat' dir='ltr'><strong>natus</strong></span> <span class='ocrx_word' id='word_1_651' title='bbox 2501 5040 2582 5084; x_wconf 92' lang='lat' dir='ltr'><strong>est</strong></span> <span class='ocrx_word' id='word_1_652' title='bbox 2612 5048 2624 5082; x_wconf 90' lang='lat'><strong>:</strong></span> <span class='ocrx_word' id='word_1_653' title='bbox 2657 5029 2855 5083; x_wconf 90' lang='lat' dir='ltr'><strong>deinde</strong></span> <span class='ocrx_word' id='word_1_654' title='bbox 2880 5030 3144 5095; x_wconf 90' lang='lat' dir='ltr'><strong>decimas,</strong></span> <span class='ocrx_word' id='word_1_655' title='bbox 3181 5046 3319 5099; x_wconf 85' lang='lat' dir='ltr'><strong>quas</strong></span> <span class='ocrx_word' id='word_1_656' title='bbox 3348 5033 3445 5087; x_wconf 87' lang='lat' dir='ltr'><strong>da-</strong></span> 
     </span>
    </p>
   </div>
   <div class='ocr_carea' id='block_1_100' title="bbox 1863 5120 3443 5187">
    <p class='ocr_par' dir='ltr' id='par_1_100' title="bbox 1863 5120 3443 5187">
     <span class='ocr_line' id='line_1_100' title="bbox 1863 5120 3443 5187; baseline 0 -8"><span class='ocrx_word' id='word_1_657' title='bbox 1863 5126 1955 5179; x_wconf 89' lang='lat' dir='ltr'><strong>bat</strong></span> <span class='ocrx_word' id='word_1_658' title='bbox 1988 5126 2247 5179; x_wconf 87' lang='lat' dir='ltr'><strong>sacerdos</strong></span> <span class='ocrx_word' id='word_1_659' title='bbox 2279 5122 2413 5187; x_wconf 88' lang='lat' dir='ltr'><strong>Deo,</strong></span> <span class='ocrx_word' id='word_1_660' title='bbox 2450 5121 2550 5176; x_wconf 89' lang='lat' dir='ltr'><strong>bas</strong></span> <span class='ocrx_word' id='word_1_661' title='bbox 2594 5120 2794 5175; x_wconf 87' lang='lat' dir='ltr'><strong>obtulit</strong></span> <span class='ocrx_word' id='word_1_662' title='bbox 2832 5122 3113 5176; x_wconf 81' lang='lat' dir='ltr'><strong>Abraham</strong></span> <span class='ocrx_word' id='word_1_663' title='bbox 3159 5122 3443 5179; x_wconf 79' lang='lat' dir='ltr'><strong>Melchise-</strong></span> 
     </span>
    </p>
   </div>
   <div class='ocr_carea' id='block_1_101' title="bbox 1866 5213 3442 5287">
    <p class='ocr_par' dir='ltr' id='par_1_101' title="bbox 1866 5213 3442 5287">
     <span class='ocr_line' id='line_1_101' title="bbox 1866 5213 3442 5287; baseline -0.001 -14"><span class='ocrx_word' id='word_1_664' title='bbox 1866 5216 2001 5273; x_wconf 91' lang='lat' dir='ltr'><strong>dech</strong></span> <span class='ocrx_word' id='word_1_665' title='bbox 2022 5218 2080 5268; x_wconf 74' lang='lat'><strong>&quot;.</strong></span> <span class='ocrx_word' id='word_1_666' title='bbox 2106 5213 2372 5279; x_wconf 88' lang='lat' dir='ltr'><strong>Quoniam</strong></span> <span class='ocrx_word' id='word_1_667' title='bbox 2395 5214 2449 5269; x_wconf 92' lang='lat' dir='ltr'><strong>in</strong></span> <span class='ocrx_word' id='word_1_668' title='bbox 2470 5216 2725 5271; x_wconf 89' lang='lat' dir='ltr'><strong>omnibus</strong></span> <span class='ocrx_word' id='word_1_669' title='bbox 2763 5215 2995 5287; x_wconf 82' lang='lat' dir='ltr'><strong>ﬁguram</strong></span> <span class='ocrx_word' id='word_1_670' title='bbox 3044 5216 3265 5286; x_wconf 81' lang='lat' dir='ltr'><strong>gerebat</strong></span> <span class='ocrx_word' id='word_1_671' title='bbox 3312 5216 3442 5272; x_wconf 76' lang='lat' dir='ltr'><strong>Mel-</strong></span> 
     </span>
    </p>
   </div>
   <div class='ocr_carea' id='block_1_102' title="bbox 1873 5309 2476 5365">
    <p class='ocr_par' dir='ltr' id='par_1_102' title="bbox 1873 5309 2476 5365">
     <span class='ocr_line' id='line_1_102' title="bbox 1873 5309 2476 5365; baseline 0.005 -3"><span class='ocrx_word' id='word_1_672' title='bbox 1873 5309 2165 5365; x_wconf 89' lang='lat' dir='ltr'><strong>chisedech</strong></span> <span class='ocrx_word' id='word_1_673' title='bbox 2202 5309 2323 5364; x_wconf 90' lang='lat' dir='ltr'><strong>Filii</strong></span> <span class='ocrx_word' id='word_1_674' title='bbox 2360 5310 2476 5365; x_wconf 91' lang='lat' dir='ltr'><strong>Dei.</strong></span> 
     </span>
    </p>
   </div>
   <div class='ocr_carea' id='block_1_103' title="bbox 1562 5422 2034 5490">
    <p class='ocr_par' dir='ltr' id='par_1_103' title="bbox 1562 5422 2034 5490">
     <span class='ocr_line' id='line_1_103' title="bbox 1562 5422 2034 5490; baseline 0.002 -13"><span class='ocrx_word' id='word_1_675' title='bbox 1562 5426 1603 5456; x_wconf 59' lang='lat'><strong>‘3</strong></span> <span class='ocrx_word' id='word_1_676' title='bbox 1633 5424 1769 5479; x_wconf 78' lang='lat' dir='ltr'><strong>Gen.</strong></span> <span class='ocrx_word' id='word_1_677' title='bbox 1805 5438 1917 5490; x_wconf 81' lang='lat' dir='ltr'><strong>xw,</strong></span> <span class='ocrx_word' id='word_1_678' title='bbox 1945 5422 2034 5478; x_wconf 75' lang='grc'><strong>20.</strong></span> 
     </span>
    </p>
   </div>
   <div class='ocr_carea' id='block_1_104' title="bbox 1126 5513 2477 5594">
    <p class='ocr_par' dir='ltr' id='par_1_104' title="bbox 1126 5513 2477 5594">
     <span class='ocr_line' id='line_1_104' title="bbox 1126 5513 2477 5594; baseline 0 -19"><span class='ocrx_word' id='word_1_679' title='bbox 1126 5517 1434 5579; x_wconf 84' lang='lat' dir='ltr'><strong>Addenda</strong></span> <span class='ocrx_word' id='word_1_680' title='bbox 1484 5525 1544 5579; x_wconf 90' lang='lat' dir='ltr'><strong>et</strong></span> <span class='ocrx_word' id='word_1_681' title='bbox 1579 5516 1958 5594; x_wconf 76' lang='lat' dir='ltr'><strong>corrigenda</strong></span> <span class='ocrx_word' id='word_1_682' title='bbox 1991 5531 2070 5575; x_wconf 82' lang='lat' dir='ltr'><strong>ex</strong></span> <span class='ocrx_word' id='word_1_683' title='bbox 2107 5513 2247 5575; x_wconf 92' lang='lat' dir='ltr'><strong>cod.</strong></span> <span class='ocrx_word' id='word_1_684' title='bbox 2281 5516 2477 5577; x_wconf 74' lang='lat' dir='ltr'><strong>Vatic.</strong></span> 
     </span>
    </p>
   </div>
   <div class='ocr_carea' id='block_1_105' title="bbox 246 5611 1335 5747">
    <p class='ocr_par' dir='ltr' id='par_1_105' title="bbox 246 5611 1335 5747">
     <span class='ocr_line' id='line_1_105' title="bbox 246 5611 1335 5747; baseline 0.002 -82"><span class='ocrx_word' id='word_1_685' title='bbox 246 5612 325 5747; x_wconf 63' lang='grc'><strong>(1)</strong></span> <span class='ocrx_word' id='word_1_686' title='bbox 363 5611 429 5665; x_wconf 85' lang='grc' dir='ltr'><strong>Ἦ</strong></span> <span class='ocrx_word' id='word_1_687' title='bbox 457 5612 544 5666; x_wconf 71' lang='grc' dir='ltr'>διὰ</span> <span class='ocrx_word' id='word_1_688' title='bbox 566 5614 663 5684; x_wconf 73' lang='grc' dir='ltr'>τῆς</span> <span class='ocrx_word' id='word_1_689' title='bbox 686 5612 1053 5683; x_wconf 75' lang='grc' dir='ltr'>κινναϐάρεως</span> <span class='ocrx_word' id='word_1_690' title='bbox 1078 5614 1335 5685; x_wconf 80' lang='grc' dir='ltr'>περιέχει.</span> 
     </span>
     <span class='ocr_line' id='line_1_106' title="bbox 246 5682 1293 5747; baseline 0.002 -10"><span class='ocrx_word' id='word_1_691' title='bbox 246 5682 304 5747; x_wconf 81' lang='lat'><strong>(2</strong></span> <span class='ocrx_word' id='word_1_692' title='bbox 355 5684 561 5738; x_wconf 87' lang='lat' dir='ltr'><strong>Desunt</strong></span> <span class='ocrx_word' id='word_1_693' title='bbox 603 5684 799 5740; x_wconf 76' lang='grc' dir='ltr'>Κάθου</span> <span class='ocrx_word' id='word_1_694' title='bbox 821 5684 888 5736; x_wconf 75' lang='grc' dir='ltr'><strong>ἐκ</strong></span> <span class='ocrx_word' id='word_1_695' title='bbox 921 5683 1133 5747; x_wconf 74' lang='grc' dir='ltr'>δεξιῶν</span> <span class='ocrx_word' id='word_1_696' title='bbox 1161 5702 1293 5747; x_wconf 81' lang='grc' dir='ltr'>μου.</span> 
     </span>
    </p>
   </div>
   <div class='ocr_carea' id='block_1_106' title="bbox 267 5682 1293 5754">
    <p class='ocr_par' dir='ltr' id='par_1_106' title="bbox 267 5682 1293 5754">
     <span class='ocr_line' id='line_1_107' title="bbox 267 5682 1293 5754; baseline 0.002 -17"><span class='ocrx_word' id='word_1_697' title='bbox 267 5682 325 5754; x_wconf 73' lang='grc'><strong>2)</strong></span> <span class='ocrx_word' id='word_1_698' title='bbox 355 5684 561 5738; x_wconf 87' lang='lat' dir='ltr'><strong>Desunt</strong></span> <span class='ocrx_word' id='word_1_699' title='bbox 603 5682 799 5740; x_wconf 76' lang='grc' dir='ltr'>Κάθου</span> <span class='ocrx_word' id='word_1_700' title='bbox 821 5684 888 5736; x_wconf 75' lang='grc' dir='ltr'><strong>ἐκ</strong></span> <span class='ocrx_word' id='word_1_701' title='bbox 921 5683 1133 5749; x_wconf 74' lang='grc' dir='ltr'>δεξιῶν</span> <span class='ocrx_word' id='word_1_702' title='bbox 1151 5682 1293 5754; x_wconf 60' lang='grc' dir='ltr'>μοι).</span> 
     </span>
    </p>
   </div>
   <div class='ocr_carea' id='block_1_107' title="bbox 269 5753 618 5823">
    <p class='ocr_par' dir='ltr' id='par_1_107' title="bbox 269 5753 618 5823">
     <span class='ocr_line' id='line_1_108' title="bbox 269 5753 618 5823; baseline 0.003 -17"><span class='ocrx_word' id='word_1_703' title='bbox 269 5753 324 5823; x_wconf 80' lang='grc'><strong>3)</strong></span> <span class='ocrx_word' id='word_1_704' title='bbox 350 5754 618 5823; x_wconf 80' lang='grc' dir='ltr'>Δεσμίοις.</span> 
     </span>
    </p>
   </div>
   <div class='ocr_carea' id='block_1_108' title="bbox 269 5824 625 5881">
    <p class='ocr_par' dir='ltr' id='par_1_108' title="bbox 269 5824 625 5881">
     <span class='ocr_line' id='line_1_109' title="bbox 269 5824 625 5881; baseline -0.011 0"><span class='ocrx_word' id='word_1_705' title='bbox 269 5824 325 5881; x_wconf 60' lang='grc'><strong>4)</strong></span> <span class='ocrx_word' id='word_1_706' title='bbox 347 5824 625 5879; x_wconf 79' lang='grc' dir='ltr'>Βασίλευε.</span> 
     </span>
    </p>
   </div>
   <div class='ocr_carea' id='block_1_109' title="bbox 1926 5614 2337 5684">
    <p class='ocr_par' dir='ltr' id='par_1_109' title="bbox 1926 5614 2337 5684">
     <span class='ocr_line' id='line_1_110' title="bbox 1926 5614 2337 5684; baseline 0.002 -17"><span class='ocrx_word' id='word_1_707' title='bbox 1926 5614 2004 5684; x_wconf 79' lang='grc'><strong>(5)</strong></span> <span class='ocrx_word' id='word_1_708' title='bbox 2046 5615 2139 5665; x_wconf 75' lang='grc' dir='ltr'><strong>Ἐν</strong></span> <span class='ocrx_word' id='word_1_709' title='bbox 2154 5614 2337 5684; x_wconf 87' lang='lat' dir='ltr'><strong>deest.</strong></span> 
     </span>
    </p>
   </div>
   <div class='ocr_carea' id='block_1_110' title="bbox 1937 5682 3438 5754">
    <p class='ocr_par' dir='ltr' id='par_1_110' title="bbox 1937 5682 3438 5754">
     <span class='ocr_line' id='line_1_111' title="bbox 1937 5682 3438 5754; baseline -0.001 -19"><span class='ocrx_word' id='word_1_710' title='bbox 1937 5682 2011 5751; x_wconf 82' lang='grc'><strong>(6)</strong></span> <span class='ocrx_word' id='word_1_711' title='bbox 2066 5683 2206 5736; x_wconf 81' lang='grc' dir='ltr'>Λαὸν</span> <span class='ocrx_word' id='word_1_712' title='bbox 2228 5682 2390 5736; x_wconf 72' lang='grc' dir='ltr'><strong>αὑτοῦ</strong></span> <span class='ocrx_word' id='word_1_713' title='bbox 2418 5686 2470 5739; x_wconf 81' lang='grc' dir='ltr'>ά.</span> <span class='ocrx_word' id='word_1_714' title='bbox 2494 5702 2543 5738; x_wconf 89' lang='grc' dir='ltr'>τ.</span> <span class='ocrx_word' id='word_1_715' title='bbox 2574 5687 2627 5738; x_wconf 77' lang='grc' dir='ltr'><strong>ἁ.</strong></span> <span class='ocrx_word' id='word_1_716' title='bbox 2675 5686 2761 5737; x_wconf 78' lang='grc' dir='ltr'><strong>αὑ.</strong></span> <span class='ocrx_word' id='word_1_717' title='bbox 2814 5685 3024 5754; x_wconf 79' lang='grc' dir='ltr'>δεήσεις</span> <span class='ocrx_word' id='word_1_718' title='bbox 3061 5683 3286 5746; x_wconf 73' lang='grc' dir='ltr'>ἱκεσίας,</span> <span class='ocrx_word' id='word_1_719' title='bbox 3312 5694 3438 5745; x_wconf 73' lang='lat' dir='ltr'><strong>etc.,</strong></span> 
     </span>
    </p>
   </div>
   <div class='ocr_carea' id='block_1_111' title="bbox 1865 5753 3441 5825">
    <p class='ocr_par' dir='ltr' id='par_1_111' title="bbox 1865 5753 3441 5825">
     <span class='ocr_line' id='line_1_112' title="bbox 1865 5753 3441 5825; baseline 0.001 -20"><span class='ocrx_word' id='word_1_720' title='bbox 1865 5753 1941 5825; x_wconf 55' lang='grc' dir='ltr'><strong>τῷ</strong></span> <span class='ocrx_word' id='word_1_721' title='bbox 1972 5755 2135 5825; x_wconf 76' lang='grc' dir='ltr'>τιμίῳ</span> <span class='ocrx_word' id='word_1_722' title='bbox 2167 5771 2258 5806; x_wconf 91' lang='grc' dir='ltr'>σου</span> <span class='ocrx_word' id='word_1_723' title='bbox 2282 5756 2470 5823; x_wconf 75' lang='grc' dir='ltr'>αἵματι</span> <span class='ocrx_word' id='word_1_724' title='bbox 2496 5758 2670 5809; x_wconf 80' lang='grc' dir='ltr'>πάντα</span> <span class='ocrx_word' id='word_1_725' title='bbox 2715 5753 3068 5825; x_wconf 78' lang='grc' dir='ltr'>ἐκαθάρισας,</span> <span class='ocrx_word' id='word_1_726' title='bbox 3097 5766 3223 5818; x_wconf 64' lang='grc' dir='ltr'>τις..</span> <span class='ocrx_word' id='word_1_727' title='bbox 3255 5754 3441 5824; x_wconf 75' lang='grc' dir='ltr'><strong>ὥσπερ</strong></span> 
     </span>
    </p>
   </div>
   <div class='ocr_carea' id='block_1_112' title="bbox 1862 5806 3009 5896">
    <p class='ocr_par' dir='ltr' id='par_1_112' title="bbox 1862 5806 3009 5896">
     <span class='ocr_line' id='line_1_113' title="bbox 1862 5806 3009 5896; baseline 0.003 -19"><span class='ocrx_word' id='word_1_728' title='bbox 1862 5806 2253 5896; x_wconf 61' lang='grc' dir='ltr'>οὖτοςᾝύριος,</span> <span class='ocrx_word' id='word_1_729' title='bbox 2282 5806 2412 5891; x_wconf 60' lang='lat' dir='ltr'><strong>etc...</strong></span> <span class='ocrx_word' id='word_1_730' title='bbox 2441 5826 2531 5877; x_wconf 72' lang='grc' dir='ltr'><strong>τοῦ</strong></span> <span class='ocrx_word' id='word_1_731' title='bbox 2581 5825 2699 5878; x_wconf 59' lang='lat' dir='ltr'><strong>fici</strong></span> <span class='ocrx_word' id='word_1_732' title='bbox 2733 5825 2823 5877; x_wconf 70' lang='grc' dir='ltr'><strong>τοῦ</strong></span> <span class='ocrx_word' id='word_1_733' title='bbox 2852 5806 3009 5881; x_wconf 55' lang='grc' dir='ltr'>θεοῦ.</span> 
     </span>
    </p>
   </div>
  </div>
