4018 6460
563 321 702 374 1147
1392 322 1457 376 S.
1488 320 1863 376 ATHANASII
1904 319 2056 376 OPP.
2099 317 2281 372 PARS
2321 315 2494 370 lll.—
2521 315 2938 372 EXEGETICA.
3686 316 3833 370 1148

632 437 718 493 10.
750 437 1012 493 Dominus
1041 453 1072 492 a
1103 438 1307 494 dextris
1342 441 1450 494 tuis
1483 439 1750 512 confregit
1803 441 1856 495 in
1905 441 1992 495 die
2041 441 2132 492 irae
2162 445 2202 499 Α

2311 434 2396 492 10,
2439 434 2643 505 Κύριος
2668 436 2731 486 ἑκ
2753 431 2944 498 δεξιῶν
2970 449 3066 486 σου
3095 431 3416 486 συνέθλασεν
3441 430 3519 502 (α)
3547 431 3606 484 ἓν
3637 431 3837 501 ήμερα

559 543 676 585 sum
710 545 881 599 reges.

2235 526 2402 597 ὀργῆς
2435 525 2598 578 αὑτοῦ
2628 525 2883 595 βασιλεῖς.

636 618 718 672 11.
751 616 1021 673 .ludieabit
1053 620 1107 673 in
1140 620 1473 688 nationibus,
1505 623 1748 693 implebit
1781 624 2010 679 ruinas:

2309 617 2395 670 11.
2431 615 2618 687 Κρινεῖ
2646 619 2704 668 ἑν
2727 618 2840 677 τοῖς
2862 614 3060 681 ἔθνεσι,
3095 613 3372 686 πληρώσει
3395 611 3676 687 πτώματα
3697 626 3714 642 ·

637 711 720 764 12.
752 709 1155 781 Conquassabit
1185 714 1361 784 capita
1391 716 1444 769 in
1476 723 1618 771 terra
1652 719 1969 773 multorum.

1899 734 1969 771 In.
2308 709 2396 764 12.
2429 707 2722 762 Συνθλάσει
2753 706 2993 778 κεφαλὰς
3018 707 3109 760 ἐπὶ
3133 707 3237 777 γῆς
3263 704 3486 759 πολλῶν.

634 809 722 864 15.
759 809 832 863 De
869 820 1106 865 torrente
1141 813 1194 864 in
1226 813 1310 866 via
1342 813 1489 867 bibet
1517 832 1530 868 :

2308 801 2394 855 15.
2440 801 2534 854 Ἐκ
2561 801 2862 872 χειμάρρου
2887 801 2946 852 ἑν
2982 797 3087 870 6δῴ
3118 799 3327 852 πίεταιο

637 903 723 958 li.
753 901 1045 973 Propterea
1070 906 1330 960 exaltabit
1353 915 1535 976 caput.

2307 889 2393 944 ﬂ.
2424 890 2522 943 Διὰ
2551 889 2709 943 τοῦτο
2740 889 2944 961 ὑψώσει
2970 889 3229 961 κεφαλήν.

1030 996 1280 1051 Alleluia.
1329 997 1532 1052 PSAL.
1563 997 1678 1053 CX.

2651 983 3032 1052 Ἀλληλούτα.
3079 985 3228 1037 ΨΑΛ
3240 1023 3253 1037 .
3281 983 3394 1034 Pl’.

634 1084 685 1140 1.
719 1082 1029 1141 Conlitebor
1064 1088 1181 1152 tibi,
1208 1087 1455 1154 Domine,
1491 1092 1542 1144 in
1574 1101 1691 1146 toto
1717 1092 1884 1151 corde
1905 1107 2030 1150 meo
2050 1111 2063 1123 '

2308 1074 2360 1126 ί·
2403 1074 2478 1144 (ὁ)
2522 1074 3016 1146 Ἐξομολογήσομαί
3042 1092 3145 1141 σοι,
3173 1073 3364 1143 Κύριε,
3403 1072 3462 1125 ἑν
3485 1071 3585 1144 ὅλῃ
3614 1071 3832 1142 καρδίᾳ.

2241 1183 2340 1236 μου
2365 1182 2380 1196 ⁸

631 1259 686 1312 2.
718 1257 775 1312 In
803 1261 1032 1318 consilio
1060 1263 1334 1334 justorum
1369 1277 1423 1322 et
1449 1272 1894 1342 congregatione.

1790 1287 1894 1332 me.
2305 1257 2362 1310 9..
2404 1257 2494 1310 Ἐν
2524 1258 2684 1330 βουλῇ
2720 1258 2923 1312 εύθέων
2948 1259 3041 1313 καὶ
3069 1258 3377 1329 συναγωγῇ.

632 1350 685 1405 5.
717 1349 908 1422 Magna
931 1369 1096 1425 opera
1119 1355 1363 1426 Domini,

2305 1348 2360 1402 5.
2395 1348 2620 1416 Μεγὰλα
2645 1349 2714 1403 τὰ
2741 1347 2876 1421 ἔργα
2906 1348 3107 1420 Κυρίου

630 1440 684 1494 4.
717 1440 996 1513 Exquisita
1029 1448 1085 1501 in
1114 1464 1306 1508 omnes
1343 1453 1650 1509 voluntates
1679 1455 1820 1525 ejus.

2307 1439 2361 1492 4.
2409 1438 2809 1510 Ἐξεζητημένα
2838 1440 2920 1504 είς
2941 1440 3120 1493 πάντα
3143 1438 3214 1491 τὰ
3235 1435 3516 1508 θελήματα
3548 1434 3747 1490 αὐτοῦ.

639 1531 692 1588 5.
721 1536 1010 1593 Confessio
1042 1550 1095 1595 et
1129 1543 1530 1613 magniﬁcentia
1560 1561 1700 1615 opus
1731 1547 1892 1616 ejus:

2308 1525 2362 1582 5.
2411 1527 2824 1601 Ἐξομολόγησις
2883 1532 2977 1583 καὶ
3034 1527 3479 1600 μεγαλοπρέπεια
3533 1527 3596 1581 τὸ
3655 1527 3834 1598 ἔργον

2237 1635 2402 1674 αυτου
2411 1639 2424 1651 ⁸

631 1727 684 1781 6.
721 1726 786 1782 Et
808 1729 1018 1798 justitia
1042 1732 1162 1802 ejus
1188 1745 1371 1789 manet
1402 1735 1456 1790 in
1494 1739 1755 1794 saeculum
1783 1742 1988 1797 saeculi.
2174 1801 2179 1802 ,

2310 1709 2363 1763 6.
2403 1709 2506 1764 Kal.
2539 1714 2571 1782 ἡ
2601 1711 2914 1783 δικαιοσύνη
2945 1711 3110 1765 αὐτοῦ
3142 1711 3293 1782 μένει
3314 1713 3393 1774 είς
3414 1710 3503 1764 τὸν
3528 1709 3708 1764 αίῶνα
3731 1710 3828 1762 τοῦ

2164 1801 2206 1852 Β
2235 1799 2452 1864 αἰῶνος.

635 1880 710 1972 (ρ)
740 1880 898 1972 Xers.
926 1884 1011 1972 11,
1036 1887 1530 1972 Συνέθλασενηειο.
1575 1894 1855 1972 versa”,
1889 1898 2093 1970 Κρινεῖ,
2142 1917 2222 1962 etc

1443 1902 1530 1972 etc.
1575 1894 1855 1972 Ver-3:12,
1889 1898 2093 1970 Κρινεῖ,
2142 1917 2247 1962 etc.
2290 1909 2445 1966 Ἶρι-ε.
2477 1913 2564 1972 15,
2591 1915 2903 1972 Συνθλὰσει.
2927 1927 3030 1972 etc.

633 1950 707 2023 (b)
739 1950 796 2006 ln
833 1969 1005 2026 marg.
1043 1959 1110 2011 ad
1134 1974 1276 2014 vers.
1311 1950 1591 2032 l,'legitur
1626 1950 2100 2037 *AaacpZaH‘véEé’.

2135 1950 2248 2033 ξ’ἔί
2285 1950 3105 2057 ῖιῇθξ’ἶά”ξὲῖὲ’ῗὶἶ”ἰ“’ἆᾙὲλ;
3134 1987 3202 2042 ad
3237 2001 3378 2044 vers.
3419 1988 3473 2052 5,
3513 1988 3711 2041 Δὰλεθ.

1685 2123 2065 2183 ΑΤΗΑΝΑδιι
2107 2130 2694 2195 INTERPRETATIO.

634 2271 719 2325 10.
758 2270 838 2324 Tu
865 2287 896 2325 a
929 2272 1135 2328 dextris
1164 2274 1359 2342 Patris,
1394 2284 1448 2329 et
1475 2275 1714 2346 Spiritus
1741 2289 1968 2335 sanctus
2004 2294 2131 2340 tuus

2313 2293 2400 2347 10.
2435 2295 2505 2348 Σὺ
2533 2296 2596 2346 ἑκ
2631 2294 2821 2360 δεξιῶν
2859 2296 2953 2350 τοῦ
2999 2298 3232 2370 Πατρδς,
3267 2299 3361 2352 καὶ
3390 2298 3451 2350 τὸ
3475 2298 3708 2369 11νεῦμὰ
3732 2316 3829 2352 σου

566 2379 596 2418 a
629 2364 834 2417 dextris
857 2365 1001 2431 tuis;
1032 2364 1239 2435 Spiritu
1262 2369 1409 2422 enim
1442 2371 1555 2424 oris
1583 2370 1704 2439 ejus
1732 2373 1920 2442 perdet
1953 2377 2136 2431 Domi-

2248 2375 2300 2428 τὸ
2341 2378 2495 2447 ἅγιον
2539 2381 2604 2431 ἑκ
2641 2378 2832 2444 δεξιῶν
2877 2397 2970 2434 σου
3006 2364 3132 2451 (1)·’
3158 2382 3238 2452 τῷ
3275 2383 3382 2454 γὰρ
3423 2383 3500 2452 (2)
3540 2364 3835 2453 Πνεύματι

565 2470 671 2509 nus
702 2454 982 2508 diabolum
1015 2466 1069 2509 et
1100 2463 1399 2526 potestates
1430 2458 1552 2528 ejus
1588 2459 1652 2514 “.

2250 2459 2334 2513 τοῦ
2363 2462 2629 2533 στόματος
2668 2464 2836 2518 αὐτοῦ
2863 2464 3134 2518 ἀναλώσει
3167 2468 3196 2519 ὁ
3228 2465 3429 2537 Κύριος
3457 2469 3549 2521 τὸν
3576 2468 3837 2523 διάϐολον

2243 2546 2336 2597 καὶ
2371 2547 2468 2609 τὰς
2501 2546 2751 2612 ἐξουσίας
2769 2547 2956 2603 αὑτοῦ.

644 2628 726 2682 11.
754 2627 938 2686 Faciet
971 2631 1269 2688 vindictam
1317 2652 1368 2688 .n
1413 2636 1734 2694 nationibus
1763 2638 1831 2704 “,
1862 2649 1915 2695 et
1954 2655 2146 2697 omnes

2321 2634 2406 2688 11.
2440 2635 2663 2708 Ποιήσει
2695 2637 2972 2709 ἐκδίκησιν
3014 2637 3072 2690 ἑν
3113 2641 3227 2700 τοῖς
3275 2637 3472 2703 ἔθνεσι,
3503 2640 3596 2691 καὶ
3644 2642 3835 2705 πάσας

569 2722 905 2792 principatus
932 2724 1138 2780 inimici
1163 2729 1532 2783 mortiﬁcabit.

2244 2726 2339 2782 τοῦ
2369 2727 2564 2799 ἑχθροῦ
2593 2729 2692 2793 τὰς
2720 2730 2894 2800 ἁρχὰς
2921 2729 3240 2783 θανατώσει.

642 2813 726 2867 12.
765 2813 1102 2871 Dazmonum.

2318 2821 2407 2875 l2.
2441 2819 2562 2872 Τῶν
2590 2820 2880 2890 δαιμόνων.

639 2908 723 2961 15.
754 2906 828 2962 Ex
863 2909 1212 2964 multitudine
1245 2912 1486 2980 gentium
1533 2913 1587 2966 in
1617 2914 1722 2969 ﬁde
1761 2915 1911 2970 bibet
1954 2932 2144 2972 eorum

2321 2909 2406 2965 15.
2453 2912 2546 2963 Ἐκ
2574 2911 2666 2964 τοῦ
2703 2910 2939 2982 πλήθους
2965 2910 3073 2964 τῶν
3098 2911 3265 2965 ἐθνῶν
3298 2912 3356 2965 ὲν
3384 2915 3448 2983 τῇ
3481 2915 3660 2966 πίστει
3706 2915 3841 2967 πίε-

571 3000 827 3054 salutem.

2247 3020 2339 3058 ται
2371 3004 2469 3075 τὴν
2509 3005 2784 3075 σωτηρίαν
2818 3003 3016 3060 αὐτῶν.

641 3091 727 3146 14.
761 3091 1050 3163 Propterea
1085 3096 1378 3165 pristinum
1413 3098 1777 3168 principatum
1821 3115 1989 3171 super
2019 3115 2143 3155 om-

2323 3097 2410 3152 14.
2437 3098 2537 3150 Διὰ
2582 3097 2741 3150 τοῦτο
2773 3097 2870 3166 τὴν
2903 3097 3176 3167 προτέραν
3213 3098 3385 3168 ἀρχὴν
3433 3095 3574 3148 κατὰ
3608 3098 3843 3149 πάντων

572 3186 658 3238 nia
701 3202 822 3254 qua:
865 3188 920 3240 in
972 3196 1113 3242 terra
1158 3198 1305 3256 sunt,
1357 3200 1410 3243 et
1441 3199 1764 3259 potestatem
1797 3207 1960 3261 quam
1993 3193 2143 3249 dedit

2253 3188 2358 3242 τῶν
2386 3188 2480 3241 ἐπὶ
2509 3187 2607 3257 τῆς
2627 3187 2732 3257 γῆς
2760 3187 2856 3240 καὶ
2899 3187 3177 3252 ἑξουσίαν,
3211 3188 3276 3258 ἢν
3314 3187 3514 3241 ἔδωκεν
3561 3190 3688 3257 ἡμῖν
3742 3191 3840 3242 ἐπὶ

570 3280 728 3334 nobis
760 3281 815 3334 in
852 3281 1048 3346 Adam,
1075 3297 1271 3337 rursus
1298 3282 1457 3337 nobis
1489 3284 1761 3339 restituet.

2247 3281 2341 3336 τοῦ
2382 3281 2574 3353 Ἀδὰμ,
2605 3281 2764 3336 πάλιν
2793 3281 3240 3352 ἀποκατέστησεν
3275 3282 3352 3350 (5)
3389 3284 3538 3352 ἡμῖν.

581 3436 644 3488 Ἠ
677 3436 1007 3508 προκειμένη
1034 3437 1312 3510 ἐπιγραφὴ
1337 3439 1577 3511 περιέχει
1609 3441 1683 3510 (4)
1704 3456 1719 3471 ο
1754 3440 2127 3508 Ἁλληλούτα,
2154 3440 2292 3510 ὅπερ
2333 3434 2695 3509 ἑρμηνεύεται
2727 3435 3025 3501 αὶνέσατε,
3055 3434 3385 3506 ὐμνήσατε,
3415 3452 3630 3503 narra,
3655 3436 3839 3494 Θεον.

679 3527 891 3584 Titulus
923 3532 1246 3600 praepositus
1275 3535 1517 3587 continet
1545 3553 1557 3587 :
1584 3535 1660 3604 (α)
1697 3534 1952 3601 Alleluia,
1984 3533 2129 3604 quod
2158 3533 2568 3602 interpretatur,
2605 3530 2822 3583 laudate
2846 3542 2895 3582 et
2920 3529 3150 3583 excitate
3180 3545 3298 3582 eum
3329 3529 3418 3598 qui
3443 3527 3584 3582 Deus
3609 3538 3708 3582 est.

643 3624 692 3676 1.
725 3624 859 3678 Cum
883 3639 1100 3693 coepero
1126 3625 1295 3696 loqui,
1333 3627 1469 3680 nihil
1499 3629 1689 3682 celabo
1715 3643 1906 3682 eorum
1941 3643 2064 3698 qua:
2093 3627 2144 3680 in
2174 3631 2216 3690 C

2323 3623 2377 3678 1.
2397 3622 2489 3677 Ἐν
2515 3621 2592 3693 τῷ
2613 3620 2880 3693 ἄρξασθαί
2913 3639 2980 3692 με
3004 3621 3182 3674 λαλεῖν
3209 3621 3307 3692 (5),
3331 3621 3429 3674 οὑκ
3448 3622 3762 3692 ἀποκρύψω
3789 3644 3843 3680 τι

571 3717 730 3770 corde
762 3731 882 3770 meo
914 3724 1064 3770 sunt.

2248 3711 2357 3769 τῶν
2383 3713 2439 3766 ἑν
2470 3715 2535 3783 τῇ
2560 3711 2755 3782 καρδία
2785 3728 2906 3782 μου.

645 3809 698 3861 2.
737 3806 875 3862 Cum
909 3798 1386 3877 cougrcgabunlur
1418 3808 1589 3863 sancti
1632 3808 1685 3862 in
1718 3809 1806 3863 die
1827 3808 2041 3878 judicii.

2320 3803 2376 3858 2.
2408 3806 2500 3858 Ἐν
2523 3805 2600 3875 τῷ
2627 3804 3056 3875 ὲπισυναχθῆναι
3086 3805 3211 3868 τοὺς
3245 3804 3431 3874 ἁγίους
3458 3805 3513 3857 ὲν
3542 3807 3610 3875 τῇ
3647 3806 3848 3878 ἡμέρᾳ

2252 3896 2353 3967 τῆς
2379 3897 2633 3966 κρίσεως.

643 3981 694 4032 5.
727 3977 916 4046 Magna
943 3981 1088 4034 enim
1111 3995 1300 4035 eorum
1331 3983 1618 4037 retributio
1653 3998 1683 4036 a
1717 3981 1973 4037 Domino.
2010 3979 2149 4036 Nam

2327 3988 2381 4041 5.
2413 3989 2638 4057 Μεγάλη
2667 3991 2700 4060 ἡ
2726 3989 3080 4053 ἁνταπόδοσις
3102 3987 3268 4042 αὐτοῦ
3297 3988 3511 4061 [αὐτῶν
3529 3989 3549 4062 ]
3567 3991 3724 4062 παρὰ
3745 3992 3845 4045 τοῦ

577 4072 703 4127 (ἱειή
734 4070 918 4144 [Bella]
948 4073 1336 4143 interpretatur
1373 4073 1542 4139 lacus,
1576 4074 1721 4144 quod
1756 4083 1841 4129 est
1874 4075 2082 4128 ltetitia.

2258 4076 2458 4149 Κυρίου
2489 4078 2585 4150 (6).
2615 4078 2688 4131 Τὸ
2716 4079 2821 4150 γὰρ
2849 4079 2978 4146 Γὴθ
3020 4077 3038 4150 [
3061 4078 3166 4150 Βὴθ
3187 4077 3206 4150 ]
3230 4078 3584 4149 ἑρμηνεύεται
3619 4083 3843 4147 ληνός,

2252 4171 2388 4241 ὅπερ
2408 4172 2553 4223 ἐστὶν
2586 4171 2911 4242 εὐφροσύνη.

647 4257 701 4310 4.
733 4255 969 4310 Probata
999 4271 1162 4326 opera
1198 4265 1513 4312 sanctorum
1551 4259 1602 4311 in
1635 4273 1827 4314 omnes
1850 4258 2159 4311 voluntates

2325 4260 2377 4314 Il.
2409 4261 2859 4332 Δεδοκιμασμένα
2888 4259 2955 4313 τὰ
2987 4259 3124 4332 ἔργα
3155 4259 3264 4312 τῶν
3291 4259 3463 4327 ἁγίων
3487 4261 3628 4313 κατὰ
3658 4261 3839 4314 πάντα

579 4345 816 4401 Domini.
842 4347 977 4401 Illud
1011 4349 1155 4402 enim
1201 4348 1370 4402 Gimel
1417 4351 1809 4421 interpretatur
1857 4349 2154 4414 retributio,

2254 4352 2323 4405 τὰ
2351 4353 2632 4425 θελήματα
2662 4353 2754 4406 τοῦ
2788 4353 3008 4425 Κυρίου.
3042 4353 3115 4406 Τὸ
3142 4353 3250 4425 γὰρ
3276 4351 3478 4421 Γαμὲν
3505 4353 3580 4422 (7)
3619 4352 3838 4426 [Γίμελ]

580 4443 788 4496 scilicet
817 4443 1152 4513 operationis
1176 4451 1511 4498 sanctorum.

2260 4446 2620 4518 ἑρμηνεύεται
2669 4445 3095 4512 ἀνταπόδοσις,
3135 4444 3380 4498 τουτέστι
3410 4446 3503 4498 τοῦ
3531 4444 3695 4516 ἔργου
3729 4447 3842 4499 τῶν

2266 4537 2454 4606 ἁγίων.

649 4623 701 4677 5.
734 4622 838 4688 Qui
883 4622 1089 4677 inventi
1129 4633 1256 4678 sunt
1289 4625 1345 4678 in
1382 4623 1765 4680 misericordia
1815 4631 1869 4678 et
1917 4620 2042 4683 ﬁde,
2068 4633 2159 4674 os-

2337 4629 2389 4684 5.
2423 4631 2484 4682 Οί
2515 4631 2573 4682 ὲν
2619 4627 2955 4701 ἐλεημοσύνη
3010 4628 3106 4682 καὶ
3156 4627 3336 4682 πίστει
3381 4629 3696 4700 εὑρεθέντες
3749 4631 3843 4684 τοῦ

578 4716 719 4768 tensi
751 4724 879 4769 sunt
904 4714 1119 4771 Domini
1157 4731 1298 4770 esse.

2266 4722 2472 4792 Κυρίου
2497 4721 2888 4792 ἀνεδείχθησαν
2910 4722 2925 4778 ί
2933 4720 3009 4790 8).

654 4806 705 4861 6.
735 4809 798 4861 Et
826 4817 1144 4864 sanctorum
1178 4806 1467 4863 multitudo
1496 4811 1678 4859 manet
1708 4803 1764 4858 in
1799 4803 2102 4859 aeternitate
2131 4823 2143 4858 :
2179 4827 2224 4881 ι)

2317 4813 2369 4868 6.
2405 4813 2510 4868 Kal.
2527 4815 2589 4867 τὸ
2631 4813 2833 4885 πλῆθος
2865 4812 2975 4866 τῶν
3021 4812 3192 4880 ἁγίων
3238 4811 3388 4883 μένει
3419 4812 3803 4883 ἁτελευτήτως
3831 4829 3844 4841 ·

582 4900 696 4954 haec
724 4901 869 4955 enim
903 4910 986 4958 est
1016 4901 1408 4972 interpretatio.

2256 4906 2293 4973 ἡ
2324 4904 2536 4977 [αὕτη]
2573 4905 2649 4976 (9)
2685 4905 2793 4978 γὰρ
2818 4904 3081 4976 ἑρμηνεία
3111 4903 3276 4957 ἐστίν.

652 5015 698 5045 ⁸⁸
724 5013 767 5069 ll
805 5013 997 5071 Thess.
1030 5031 1090 5082 ιι,
1130 5016 1183 5070 8.
1262 5017 1307 5047 ⁸⁵
1332 5013 1477 5069 Psal.
1510 5029 1691 5078 crux,
1720 5012 1775 5068 7.

1532 5103 1841 5165 Addenda
1889 5109 1951 5164 et
1995 5104 2372 5183 corrigenda
2405 5121 2482 5164 ex
2515 5102 2655 5165 cod.
2689 5103 2891 5164 Vatic.

660 5227 737 5292 (l)
770 5229 984 5297 Πατρὺς
1009 5229 1149 5282 κατὰ
1175 5228 1234 5280 τὸ
1259 5225 1482 5296 Πνεῧμὰ
1509 5243 1602 5278 σου
1629 5224 1691 5276 τὸ
1717 5225 1892 5292 ἅγιον,
1910 5224 2004 5277 καὶ
2030 5222 2165 5276 αὐτὸ
2270 5225 2330 5276 τὸ
2352 5226 2408 5297 ’ᾼ
2420 5225 2525 5297 σὰφ
2550 5223 2690 5294 ἁρχὴ
2716 5223 2998 5297 σώματος..

590 5298 653 5350 ἐκ
673 5297 863 5361 δεξιῶν
893 5292 1010 5351 σου.
1410 5292 1419 5296 “
2341 5295 2420 5364 (6)
2453 5292 2654 5357 Αὑτοῖξ
2675 5292 2825 5364 παρὰ
2855 5292 3074 5414 Κυὲρίου.
3135 5360 3159 5372 η

664 5369 738 5414 l2)
771 5367 831 5414 Ν-
867 5369 952 5414 11-
986 5369 1075 5414 Ti?)
1103 5370 1232 5414 Ὺάο-
1268 5377 1396 5414 ριο..
1429 5366 1578 5414 deest
1614 5375 1716 5414 art.
1749 5366 1799 5414 ὁ.
2343 5365 2418 5414 (7)
2448 5363 2651 5414 Γαμέλ.
2677 5373 2805 5414 etc..
2829 5363 2897 5414 τὰ
2961 5379 3064 5414 ογα
3095 5378 3159 5413 τα

664 5360 831 5438 (ἳγΝ.
867 5369 952 5420 11.
986 5369 1075 5437 Τῷ
1103 5370 1232 5438 γάρ,
1268 5377 1397 5429 etc.,
1429 5366 1578 5420 deest
1614 5375 1716 5418 art.
1749 5366 1799 5418 ὁ.

2343 5360 2418 5438 (ἶ)
2448 5363 2652 5438 Γαμέλ,
2677 5360 2805 5438 ιδιά..
2829 5363 2897 5415 τὰ
2927 5360 3201 5438 ἑργαᾼτῶν
3229 5360 3417 5438 ἁγίων.

668 5427 743 5507 (5)
776 5427 1266 5507 Ἀποκαταστήσει.
1331 5506 1336 5507 γ
1386 5427 1392 5429 ⁵
1662 5504 1670 5507 _
2007 5502 2019 5507 _
2344 5427 2419 5504 (8)
2450 5427 2880 5504 Ἀνεδείχθησαν.
2931 5427 3099 5486 Ᾰὰλεθ
3144 5433 3251 5501 γὰρ
3279 5427 3670 5499 ἑρμηνεύεται
3715 5429 3850 5507 ἀνά-

672 5502 744 5576 (6)
777 5509 842 5560 Ἡ
867 5508 957 5560 διὰ
989 5508 1088 5574 τῆς
1119 5502 1487 5577 κινναϐάρεως
1519 5504 1791 5575 περιέχει,
1833 5512 1967 5568 etc.,
1999 5502 2173 5573 ὑμνη-
2279 5502 2470 5577 κρίσις.
2605 5573 2615 5577 _
2746 5502 2755 5504 ⁷
2917 5571 2928 5577 _
3085 5569 3106 5577 _
3773 5506 3780 5513 ’

602 5569 845 5647 σατείτδν
875 5579 1003 5630 ὅντα
1027 5569 1180 5633 Θεόν.
1353 5569 1363 5577 ’
1595 5569 1606 5575 ’
1906 5642 1918 5647 _
2039 5569 2049 5573 “
2117 5569 2140 5647 μ’
2312 5569 2422 5647 ’(9)
2461 5577 2525 5626 Ἢ
2559 5573 2666 5644 γὰρ
2696 5571 3053 5643 ἑρμηνεύεται
3083 5569 3250 5622 ἑστιν.

675 5646 749 5721 (5)
783 5648 971 5701 Λαλεῖν
1006 5665 1092 5719 με,
1126 5658 1255 5713 etc.,
1284 5647 1478 5718 καρδίᾳ
1514 5663 1634 5717 μου’
1682 5642 2044 5715 ἑρμηνεύεται
2069 5641 2178 5706 γὰρ

679 5763 754 5841 (α)
795 5763 1042 5822 l’salmus
1083 5767 1183 5823 iste
1223 5773 1305 5821 est
1333 5780 1552 5821 carmen
1597 5763 2018 5834 alplialicticum.
2054 5758 2174 5815 Vid.
2207 5755 2426 5811 Hieron.
2464 5755 2515 5807 in
2551 5753 2773 5806 I’rwfat.
2801 5752 2852 5804 in
2893 5749 2984 5804 lib.
3015 5749 3135 5819 Reg.
3161 5758 3215 5804 et
3247 5749 3314 5803 al.
3337 5747 3453 5803 Scr.
