4018 6456
136 393 308 450 11⁴9
1114 396 1202 448 DE
1247 395 1520 450 TITL'LIS
1560 395 1723 451 PSAL

1814 395 2002 451 )RUM.
2039 426 2109 437 —
2146 393 2346 451 PSAL.
2385 393 2498 448 CX.
3265 392 3401 451 1150

229 514 296 566 7.
329 513 534 567 Μνείαν
563 515 854 584 ἐποιήσατο
886 514 993 568 τῶν
1027 515 1346 585 θαυμασίων
1380 514 1564 576 αὑτοῦ,
1767 527 1814 582 Α

1494 514 1564 576 >6,
1767 527 1814 582 Α
1916 513 1962 566 7.
1996 511 2304 564 Memoriam
2335 509 2459 564 fecit
2483 510 2806 564 mirabilium
2837 526 3081 572 suorum,

227 606 296 660 8.
344 606 617 676 Ἐλεὴμων
648 609 740 658 κα)Ι
765 608 1061 678 οἰκτίρμων
1088 609 1114 659 ό
1145 605 1358 678 Κύριος·

1912 604 1966 658 8.
2005 603 2308 657 Misericors
2340 612 2392 656 et
2423 604 2708 656 miserator
2737 601 3034 656 Dominus:

227 699 299 752 9.
336 699 548 769 Τροφὴν
571 699 736 751 ἔδωκε
776 703 888 762 τοῖς
931 699 1284 768 φοϐουμένοις
1313 698 1491 750 αὐτόν.

1216 717 1284 762 δις
1313 698 1491 750 αὐτόν.
1906 695 1957 748 9.
1993 695 2180 747 Escam
2205 693 2352 747 dedit
2382 693 2696 747 timentibus
2727 708 2803 746 se.

235 789 332 843 10.
370 791 754 861 Μνησθήσεται
785 794 863 854 εἰς
884 793 975 844 τὸν
1003 792 1173 845 αἰῶνα
1202 791 1464 860 διαθήκης
1499 789 1660 842 αὑτοῦ
1684 805 1699 819 ’

1634 789 1660 841 6
1684 805 1699 819 ο
1909 785 1993 840 10.
2033 783 2236 840 Memor
2265 786 2369 838 erit
2394 785 2447 838 in
2475 785 2734 838 saeculum
2771 786 3075 838 testamenti
3101 786 3184 838 sui
3209 803 3221 838 :

237 883 332 936 11.
371 886 543 956 ’ἰσχὺν
569 879 744 957 ἔργων
771 885 932 938 αὑτοῦ
965 884 1249 955 ἀνήγγειλε
1296 883 1373 954 τῷ
1410 883 1523 952 λαῷ
1551 883 1736 948 αὑτοῦ,

1906 878 1991 930 11.
2025 876 2288 930 Virtutem
2315 891 2541 946 operum
2570 890 2794 930 suorum
2821 875 3166 928 annuntiabit
3204 877 3403 945 populo

1838 983 1960 1028 SUO,

242 1062 336 1115 12.
371 1061 475 1114 Τοῦ
505 1060 685 1115 δοῦναι
719 1063 897 1123 αὐτοῖς
936 1059 1295 1129 κληρονομίαν
1326 1056 1516 1110 ἐθνῶν.

1445 1056 1516 1110 3v.
1911 1056 1997 1110 12.
2029 1056 2100 1112 Ut
2128 1056 2218 1111 det
2249 1056 2354 1111 illis
2377 1056 2741 1111 baareditatem
2770 1057 3032 1126 gentium,

238 1153 332 1208 13.
373 1155 546 1225 Ἔργα
577 1151 772 1223 χειρῶν
801 1151 963 1206 αὐτοῦ
995 1150 1220 1220 ἀλήθεια
1243 1149 1335 1202 καὶ
1364 1147 1558 1219 κρίσις.

1912 1150 1996 1202 15.
2034 1148 2206 1218 Opera
2233 1165 2491 1204 manuum
2522 1150 2661 1219 ejus,
2696 1151 2890 1205 veritas
2910 1160 2963 1204 et
2988 1150 3271 1220 judicium.

241 1248 334 1300 14.
364 1248 559 1301 Πισταὶ
587 1249 756 1299 πᾶσαι
785 1247 840 1299 αἱ
867 1245 1074 1297 ἐντολαὶ
1096 1243 1258 1295 αὑτοῦ
1286 1262 1299 1274 ο

1909 1243 1997 1298 14.
2029 1241 2232 1297 Fidelia
2264 1243 2448 1297 omnia
2477 1244 2730 1298 mandata
2761 1242 2878 1312 ejus
2917 1262 2927 1296 :

243 1340 334 1392 15.
376 1338 793 1410 Ἐστηριγμέναι
816 1340 895 1400 εἰς
916 1337 1009 1388 τὸν
1043 1335 1212 1390 αἰῶνα
1231 1335 1323 1387 τοῦ
1358 1333 1551 1394 αἰῶνος
1576 1350 1587 1362 ⁶

1358 1333 1551 1394 αἰῶνος
1576 1350 1587 1362 ο
1912 1335 1995 1390 15.
2025 1334 2352 1390 Conﬁrmata
2388 1337 2440 1389 in
2473 1337 2729 1391 saeculum
2759 1338 2939 1391 saeculi

241 1432 334 1485 16.
372 1431 742 1502 Πεποιημέναι
769 1432 824 1482 ἐν
855 1429 1082 1498 ἀληθεία
1111 1428 1206 1480 καὶ
1228 1425 1499 1494 εὐθύτητι.
1557 1414 1561 1419 ’

1312 1425 1499 1494 ιύτητι.
1557 1414 1561 1419 ’
1913 1426 1994 1482 16.
2026 1426 2188 1480 Facta
2223 1428 2275 1481 in
2304 1429 2528 1482 veritate
2557 1437 2611 1482 et
2633 1429 2899 1497 aequitate.

244 1526 334 1578 17.
373 1524 655 1595 Λύτρωσιν
679 1520 963 1576 ἀπέστειλε
997 1518 1324 1591 [ἀπέστειλε
1353 1516 1571 1586 Κύριος,
1603 1523 1736 1584 etc.J

1906 1517 1992 1572 17,
2027 1517 2476 1588 Redemptionem
2505 1521 2654 1575 misit
2684 1519 2854 1592 [misit
2883 1519 3170 1592 Dominus]
3201 1534 3398 1589 popu.o

149 1616 248 1686 τῷ
283 1616 396 1685 λαῷ
417 1615 578 1668 αὑτοῦ
611 1631 626 1646 ο

392 1641 396 1662 ι
417 1615 578 1668 αὑτοῦ
611 1631 626 1646 ο
1837 1625 1938 1664 suo
1968 1624 1979 1659 :

241 1708 332 1761 18.
378 1705 707 1759 Ἐνετείλατο
731 1705 810 1766 εἰς
840 1703 932 1756 τὸν
963 1701 1131 1754 αἰῶνα
1162 1699 1424 1769 διαθήκην
1463 1697 1623 1754 αὑτοῦ
1651 1714 1665 1728 ο

1909 1702 1997 1756 18.
2031 1700 2304 1756 Mandavit
2332 1704 2386 1757 in
2417 1713 2677 1758 aeternum
2708 1713 3087 1760 testamentum
3115 1721 3306 1758 suum:

244 1801 332 1854 19.
372 1801 558 1867 ’Ἀγιον
583 1797 678 1852 καὶ
711 1796 937 1866 φοϐερὸν
959 1795 1018 1846 τὸ
1038 1793 1208 1864 ὄνομα
1230 1791 1414 1845 αὑτοῦ.

1908 1791 1994 1846 19.
2025 1791 2282 1846 Sanctum
2313 1801 2366 1847 et
2394 1794 2634 1848 terribile
2666 1810 2860 1848 nomen
2896 1794 3031 1864 ejus.

238 1887 330 1940 20.
375 1888 541 1959 Ἀρχὴ
566 1886 755 1955 σοφίας
789 1884 952 1954 φόϐος
983 1883 1182 1957 Κυρίου
1209 1900 1222 1913 ·
1766 1901 1808 1956 Β

1766 1901 1808 1956 Β
1904 1881 1996 1935 20.
2023 1881 2242 1938 Initium
2274 1886 2551 1955 sapientia:
2584 1887 2746 1940 timor
2771 1885 3023 1942 Domini:

237 1976 330 2028 21.
359 1976 577 2039 Σύνεσις
606 1976 662 2027 δὲ
702 1975 878 2044 ἀγαθὴ
910 1975 1043 2026 πᾶσι
1072 1975 1180 2034 τοῖς
1211 1969 1453 2023 ποιοῦσιν
1491 1971 1660 2041 αὑτήν
1680 1988 1693 2000 ο

1907 1974 1996 2028 21.
2031 1974 2336 2031 Intellectus
2369 1977 2545 2031 bonus
2574 1977 2828 2032 omnibus
2870 1977 3193 2033 facientibus
3235 1993 3396 2034 eam:

237 2067 329 2122 22.
374 2069 436 2121 Ἡ
453 2067 658 2131 αἷνεσις
672 2066 832 2120 αὑτοῦ
857 2066 1004 2136 μένει
1025 2082 1046 2116 ε
1059 2066 1104 2126 ἱς
1119 2065 1208 2116 τὸν
1226 2063 1394 2116 αἰῶνα
1409 2062 1503 2115 τοῦ
1521 2062 1730 2126 αἰῶνος.

1628 2079 1730 2126 νος.
1904 2065 1993 2118 22.
2018 2064 2279 2120 Laudatio
2303 2068 2422 2138 ejus
2445 2078 2623 2123 manet
2649 2068 2703 2120 in
2732 2069 2986 2122 saeculum
3019 2070 3215 2124 saeculi.

1283 2238 1658 2292 ATUANASH
1698 2237 2285 2297 INTERPRETATIO.

238 2404 294 2458 7.
329 2403 783 2474 Ἐμνημόνευσεν,
817 2401 889 2463 ὡς
937 2401 1159 2470 προεῖπε
1196 2399 1284 2452 διὰ
1309 2399 1414 2452 τῶν
1440 2399 1732 2469 προφητῶν

1909 2401 1958 2454 7.
1994 2400 2326 2458 Recordatus
2352 2414 2454 2468 est,
2488 2415 2545 2458 ut
2591 2405 2838 2474 prmdixit
2872 2421 2967 2475 per
2991 2422 3120 2461 suos
3160 2409 3398 2476 prophe-

155 2494 361 2561 αὐτοῦ,
393 2494 586 2559 ἐλθεῖν,
620 2493 715 2547 καὶ
733 2493 807 2562 (1)
832 2492 919 2545 διὰ
947 2492 1056 2544 τῶν
1083 2490 1420 2562 παθημάτων
1443 2491 1607 2545 αὑτοῦ
1632 2491 1734 2542 σῶ-

1700 2512 1734 2540 ι-
1839 2505 1946 2559 tas,
1981 2496 2188 2560 venire,
2218 2506 2268 2552 et
2290 2513 2386 2567 per
2409 2499 2715 2567 passionem
2744 2514 2898 2554 suam
2934 2500 3143 2554 salvare
3173 2516 3287 2556 nos.

157 2606 262 2642 σαι
299 2588 464 2658 ἡμᾶς.

239 2680 294 2734 8.
329 2680 483 2750 Ἐλεή
494 2695 608 2749 μων
632 2678 740 2748 γὰρ
773 2678 865 2731 καὶ
890 2678 1189 2747 οἰκτίρμων
1213 2676 1447 2746 ὑπάρχει
1467 2678 1496 2728 ό
1515 2674 1730 2746 Κύριος.

1704 2694 1730 2735 ς.
1905 2674 1960 2728 8.
1986 2673 2295 2730 Misericors
2330 2674 2473 2728 enim
2509 2684 2560 2729 et
2588 2676 2871 2729 miserator
2901 2685 2982 2730 est
3009 2676 3291 2734 Dominus.

239 2773 294 2826 9.
342 2771 561 2824 Ἑαυτὸν
591 2769 700 2840 γὰρ
721 2768 947 2839 τροφὴν,
978 2768 1073 2820 καὶ
1097 2767 1164 2820 τὰ
1195 2767 1350 2834 λόγια
1375 2766 1539 2820 αὑτοῦ
1567 2767 1731 2820 ἔδωκε

1907 2766 1960 2819 9.
1996 2764 2064 2820 Se
2095 2767 2271 2834 ipsum
2309 2767 2454 2820 enim
2483 2766 2534 2820 iu
2562 2783 2764 2831 escam,
2807 2778 2861 2821 et
2887 2768 3100 2839 eloquia
3129 2785 3226 2824 sua
3255 2772 3399 2826 dedit

157 2867 280 2927 τοῖς
303 2861 654 2933 φοϐουμένοις
676 2861 859 2914 αὐτόν.

738 2861 859 2914 βιόν.
1836 2858 2151 2912 timentibus
2181 2874 2325 2912 eum.

245 2957 332 3010 10.
373 2955 751 3018 Ἀδιαλείπτως
789 2954 1154 3025 μνησθήσεται
1183 2951 1289 3005 τῶν
1333 2953 1505 3022 ἁγίων
1543 2952 1726 3006 αὑτοῦ.

1911 2950 1996 3004 10.
2028 2950 2396 3005 lndesinenter
2415 2954 2789 3008 recordabitur
2815 2963 3124 3009 sanctorum
3152 2971 3397 3010 suorum.

241 3048 328 3102 11.
363 3049 476 3117 Τὴν
507 3047 732 3116 δύναμιν
761 3045 868 3097 τῶν
899 3043 1130 3114 Γραφῶν
1161 3043 1238 3113 (2)
1275 3043 1383 3097 τῶν
1412 3044 1730 3115 προλεχθέν-

1905 3040 1992 3096 11.
2035 3039 2296 3098 Virtutem
2325 3042 2452 3116 [hoc
2480 3055 2564 3101 est
2596 3061 2854 3100 arcanum
2883 3044 3129 3118 sensum]
3153 3048 3399 3117 Scriptu-

155 3159 274 3194 των
298 3138 606 3209 ἐφανέρωσε
635 3138 746 3198 τοῖς
783 3135 1098 3197 ἀποστόλοις
1125 3132 1311 3187 αὐτοῦ.

1831 3146 2014 3186 rarum
2049 3133 2114 3187 de
2165 3134 2228 3186 iis
2275 3151 2395 3203 quae
2447 3137 2701 3204 praedicta
2757 3135 2998 3203 fuerunt,
3030 3136 3399 3193 maniiestavit

1833 3227 2097 3297 apostolis
2127 3227 2262 3281 suis.

241 3322 326 3375 12.
353 3319 460 3374 Τοῦ
485 3319 663 3373 δοῦναι
694 3319 806 3382 τοῖς
831 3317 1148 3380 ἀποστόλοις
1175 3315 1427 3380 ἐξουσίαν
1449 3316 1731 3388 κυριεῦσαι

1905 3318 1992 3375 12.
2029 3316 2097 3372 Ut
2133 3318 2286 3373 daret
2311 3321 2568 3390 apostolis
2597 3329 2916 3389 potestatem
2947 3320 3261 3375 dominandi
3291 3337 3388 3375 su-

159 3416 256 3468 διὰ
281 3415 358 3485 (3)
388 3414 482 3468 τοῦ
510 3413 862 3486 κηρύγματος
891 3414 1106 3466 πάντων
1127 3413 1236 3466 τῶν
1263 3411 1451 3466 ἐθνῶν.

1378 3411 1451 3466 ὒν.
1833 3424 1929 3479 per
1956 3425 2144 3465 omnes
2174 3421 2360 3479 gentes
2387 3427 2482 3480 per
2509 3412 2965 3481 praedicationem.

241 3506 327 3561 15.
363 3507 443 3560 Τὰ
475 3507 609 3576 ἔργα
639 3506 746 3559 τῶν
781 3506 1093 3558 ἀποστόλων
1121 3503 1284 3556 αὐτοῦ
1323 3503 1506 3564 πίστις
1535 3503 1630 3557 καὶ
1656 3504 1731 3557 δι-

1656 3504 1731 3557 διο
1908 3501 1991 3554 l3.
2022 3501 2196 3571 Opera
2224 3504 2592 3572 apostolorum
2619 3503 2740 3570 ejus
2765 3502 2897 3557 fides
2930 3512 2982 3557 et
3000 3502 3225 3573 jnstitia.

162 3596 427 3666 καιοσύνη
438 3637 450 3650 .

243 3689 330 3742 14.
374 3686 619 3757 ’Δληθεῖς
645 3687 700 3739 αἱ
729 3686 1049 3756 ἐπαγγελίαι
1079 3684 1265 3740 αὐτοϋ.
1762 3673 1803 3729 C

1183 3684 1265 3740 οὗ.
1762 3673 1803 3729 C
1911 3681 1997 3735 H.
2029 3680 2182 3737 Vera:
2213 3683 2608 3752 promissiones
2631 3684 2768 3753 ejus.

242 3780 327 3834 15.
359 3779 460 3834 Καὶ
492 3779 878 3852 ἀμεταμέλητα
901 3779 971 3832 τὰ
994 3779 1305 3851 χαρίσματα
1338 3775 1504 3831 αὐτοῦ
1531 3777 1632 3848 (4).

1379 3775 1504 3831 ὖτοῦ
1531 3777 1632 3848 (4).
1904 3775 1988 3828 15.
2027 3773 2092 3827 Et
2125 3776 2240 3830 sine
2269 3775 2582 3846 pamiteutia
2604 3776 2744 3829 dona
2779 3776 2966 3845 ipsius.

243 3873 328 3926 16.
360 3869 779 3942 Κατηρτισμένα
806 3870 980 3940 (5).ἐν
1007 3870 1188 3923 πίστει
1230 3870 1323 3923 καὶ
1371 3869 1702 3940 δικαιοσύνῃ.

1248 3870 1323 3923 cat
1371 3869 1702 3940 δικαιοσύνῃ.
1909 3867 1997 3921 16.
2024 3865 2270 3922 Perfecta
2299 3869 2351 3921 in
2395 3867 2496 3922 lide
2527 3878 2582 3922 et
2608 3868 2835 3937 justitia.

238 3963 326 4017 17.
368 3964 425 4016 '0
459 3964 650 4033 Πατὴρ
676 3962 766 4016 τὸν
809 3961 936 4016 Υίὸν
965 3961 1128 4017 αὑτοῦ
1173 3960 1264 4014 τὸν
1306 3961 1570 4033 μονογενῆ
1610 3961 1737 4014 ἐδω-

1903 3959 1992 4012 17.
2040 3957 2200 4012 Pater
2253 3959 2447 4014 Filium
2495 3976 2654 4014 suum
2699 3959 3040 4029 unigenitum
3091 3958 3240 4014 dedit
3298 3973 3395 4028 pro

161 4074 262 4108 κεν
291 4054 430 4123 ὑπὲρ
452 4054 550 4125 τῆς
576 4054 669 4106 τοῦ
705 4055 909 4124 κόσμου
945 4055 1109 4123 ζωῆς.

586 4054 669 4106 τοῦ
705 4055 909 4124 κόσμου
945 4055 1109 4123 ζωῆς.
1832 4052 2016 4106 mundi
2047 4053 2173 4106 vita.

241 4147 324 4201 18.
368 4145 696 4200 Ἑνετείλατο
733 4148 844 4208 τοῖς
874 4146 1219 4199 πιστεύουσιν
1261 4144 1410 4216 αὐτῷ
1440 4145 1731 4214 φυλάσσειν

1912 4145 1997 4199 18.
2026 4145 2287 4217 Prazcepit
2331 4145 2671 4202 credentibus
2716 4145 2764 4199 ei
2817 4143 3090 4199 custodire
3141 4140 3394 4195 mandata

160 4239 231 4290 τὰ
256 4239 656 4308 προστάγματα
685 4235 870 4290 αὑτοῦ.
1836 4255 1955 4294 sua.

238 4329 326 4384 19.
364 4329 609 4393 Ἔνδοξον
632 4332 743 4392 τοῖς
773 4329 949 4398 ἁγίοις
982 4336 1074 4382 και
1103 4329 1329 4399 φοϐερὸν
1361 4332 1474 4392 τοῖς
1515 4330 1730 4400 δαίμοσι

1908 4330 1997 4385 19.
2050 4330 2361 4386 Gloriosum
2407 4330 2630 4394 sanctis,
2679 4340 2730 4384 et
2779 4327 3016 4383 terribile
3057 4325 3393 4381 daemonibus

160 4423 225 4476 τὸ
246 4422 420 4493 ὄνομα
442 4421 624 4475 αὐτοῦ.

610 4462 624 4474 .
1835 4436 2031 4476 nomen
2058 4421 2195 4490 ejus.

232 4514 328 4568 20.
356 4513 466 4568 Kal
487 4515 650 4587 ἀρχαὶ
679 4514 754 4587 (6)
799 4515 1032 4578 πίστεως
1061 4515 1121 4568 τὸ
1146 4515 1447 4586 φοϐηθῆναι
1483 4515 1574 4568 τὸν
1617 4513 1725 4567 Κύ-

1554 4533 1574 4568 ν
1617 4513 1725 4567 Κύ-
1906 4515 1996 4571 20.
2031 4515 2096 4570 Ει
2128 4515 2337 4570 initium
2368 4515 2488 4570 lidei
2520 4514 2711 4568 timere
2733 4511 3018 4567 Dominum
3047 4509 3141 4580 (a).

161 4625 302 4676 pzov.

231 4698 322 4751 21.
355 4698 529 4769 Χάρις
559 4698 615 4751 δὲ
638 4699 952 4770 Πνεύματος
981 4699 1135 4769 ἁγίου
1170 4700 1287 4755 ἐστὶ
1319 4702 1453 4754 πᾶσι
1493 4705 1605 4764 τοῖς
1631 4719 1725 4770 φο-

1905 4692 1994 4745 21.
2033 4691 2216 4747 Gratia
2247 4701 2425 4747 autem
2461 4692 2696 4762 Spiritus
2734 4689 2905 4747 sancti
2927 4699 3009 4744 est
3041 4687 3290 4743 omnibus
3323 4686 3393 4738 ti-

159 4791 256 4844 ϐου
265 4791 445 4860 μένοις
471 4791 562 4844 τὸν
586 4790 800 4860 Κύριον.

1831 4787 2102 4842 mentibus
2125 4787 2433 4843 Dominum.

230 4879 321 4934 22.
350 4879 726 4952 ’Δτελεύτητος
761 4881 908 4952 μένει
936 4882 1011 4953 (7)
1044 4887 1078 4954 ἦ
1124 4884 1326 4945 αῖνεσις
1376 4882 1468 4936 τοῦ
1503 4880 1720 4937 Κυρίου.
1753 4899 1805 4953 D

1409 4882 1468 4936 οὖ
1503 4880 1720 4937 Κυρίου.
1753 4899 1805 4953 D
1904 4879 1992 4935 22.
2023 4877 2150 4932 Sine
2175 4879 2278 4933 ﬁne
2309 4889 2488 4932 manet
2520 4876 2756 4931 laudatio
2783 4872 2995 4928 Domini

1112 5059 1424 5121 Addenda
1456 5068 1516 5121 et
1553 5057 1926 5139 corrigenda
1959 5076 2038 5120 ex
2076 5056 2214 5118 cod.
2243 5055 2444 5117 Vatia.

231 5220 309 5288 (1)
336 5213 434 5272 Ὧν
461 5225 715 5291 προεῖπεν
745 5223 792 5276 δ.
824 5239 875 5275 τ.
902 5240 958 5277 1:.
994 5223 1085 5276 τοῦ
1111 5223 1302 5292 ἐλεεῖν,
1332 5222 1444 5290 καί,
1473 5234 1600 5288 etc.,
1623 5240 1724 5276 σω-
1904 5220 1979 5293 (4)
2010 5221 2427 5293 ξᾼμεταμέλητα
2456 5221 2561 5293 γὰρ
2586 5220 2652 5273 τὰ
2683 5219 2988 5289 χαρίσματα
3008 5224 3100 5270 τοῦ
3132 5217 3280 5276 Θεοῦ,

231 5237 309 5288 (ι)
346 5237 434 5272 υν
461 5238 715 5291 προειπεν
745 5237 792 5276 ο.
824 5239 875 5275 τ.
902 5240 958 5277 1:.
994 5241 1085 5276 του
1111 5237 1302 5292 ἐλεεῖν,
1332 5237 1444 5290 και,
1473 5237 1600 5288 etc.,
1623 5240 1724 5276 σω-

159 5290 319 5367 θῆναι
345 5293 511 5367 figi;
581 5362 604 5367 _
688 5363 729 5367 __
951 5363 960 5367 Δ
1108 5365 1115 5367 ξ
1142 5364 1153 5367 _
1599 5362 1622 5367 _
1706 5364 1713 5367 _

902 5240 958 5277 1:.
994 5241 1085 5276 του
1111 5237 1302 5292 ἐλεεῖν,
1332 5237 1444 5290 και,
1473 5237 1600 5288 etc.,
1623 5240 1724 5276 σω-
1904 5237 1979 5284 (4)
2021 5237 2427 5343 Ἀμεταμελὲτα
2456 5239 2462 5250 ·

951 5363 960 5367 -
1108 5364 1153 5367 ξ,
1599 5362 1622 5367 _
1706 5364 1713 5367 _
1901 5292 1975 5367 (ἓξ)
2010 5291 2326 5367 ἰξατηρτισμ
2359 5311 2462 5346 ναι,

233 5363 310 5434 (‘3’)
345 5362 645 5434 Πρρφςτῶν
679 5363 818 5433 (leg.
857 5363 1034 5432 potius
1065 5364 1282 5420 videtur
1321 5362 1722 5434 προφητειῶν.)

1105 5364 1282 5420 idetur
1321 5362 1722 5434 προφητειῶν.)
1900 5361 1974 5434 (θ)
2012 5361 2201 5434 Ἀρχῆ.
2222 5373 2361 5434 etc.,
2395 5363 2494 5416 καί
2524 5370 2577 5416 et
2603 5363 2685 5414 τό.

229 5431 634 5502 (3)41ddeest.
777 5431 791 5433 ⁷
862 5431 869 5432 ί
1366 5431 1375 5434 ⁷
1444 5431 1499 5434 η
1706 5431 1709 5432 ν

780 5431 791 5433 ’
862 5431 869 5432 “
1366 5431 1375 5434 ⁷
1444 5431 1499 5434 ⁷⁷
1706 5431 1709 5432 ⁷
1900 5431 1975 5501 (7)
2007 5431 2180 5485 Μένει
2201 5433 2367 5487 deest.

233 5645 311 5716 (a)
349 5646 524 5700 Aliam
574 5646 727 5700 aﬂ‘ert
768 5646 902 5703 Dan.
947 5645 1214 5702 Barbarus
1255 5650 1774 5720 interpretationem,
1822 5665 1940 5723 qua:
1975 5658 2056 5706 est
2098 5650 2323 5722 Didymi.
