4018 6442
627 365 754 421 1151
1462 361 1520 414 S.
1563 355 1934 410 ATHANASII
1974 354 2123 409 ΟΡΡ.
2166 351 2346 409 PARS
2384 349 2469 405 ill.
2511 378 2579 389 —
2617 346 3026 404 EXEGETICA.
3738 343 3877 400 “52

1062 479 1305 532 Alleluia.
1337 473 1539 529 PSAL.
1578 473 1666 528 CX
1680 471 1728 526 1.
2210 480 2263 536 Α

2210 480 2263 536 Α
2680 467 3049 533 mmmam.
3099 465 3270 517 ‘I'AA.
3320 466 3477 518 PIA'.

699 572 746 624 1.
775 569 974 624 Beatus
1001 569 1101 632 vir,
1134 569 1227 638 qui
1265 568 1416 621 timet
1453 565 1742 644 Dominum
1771 582 1786 621 :

2362 559 2410 611 l.
2440 557 2727 626 Μακάριος
2760 555 2897 625 ἀνὴρ
2929 556 2956 606 6
2983 551 3316 623 φοϐούμενος
3343 552 3433 606 τὸν
3477 551 3682 623 Κύριον
3706 569 3719 583 ·

694 660 748 714 9..
785 658 839 712 ιη
869 659 1137 713 mandatis
1168 659 1287 727 ejus
1323 658 1464 711 volet
1484 643 1674 711 nimis.

2357 650 2411 702 Ξ.
2464 649 2549 700 Ἐν
2573 650 2694 710 ταῖς
2732 645 2972 708 ἐντολαῖς
2998 643 3162 696 αὑτοῦ
3191 644 3406 714 θελήσει
3437 643 3669 713 σφόδρα.

695 752 748 807 3.
780 752 970 806 Potens
1005 752 1060 804 in
1095 759 1236 805 terra
1262 749 1364 804 erit
1399 765 1582 804 semen
1613 749 1764 816 ejus:

2357 741 2408 793 5.
2443 738 2673 791 Δυνατδν
2708 739 2764 790 ἐν
2797 739 2862 807 τῇ
2887 739 2956 807 γῇ
2990 735 3140 789 ἔσται
3176 736 3237 789 τὸ
3264 737 3484 806 σπέρμα
3515 735 3688 789 αὑτοῦ
3709 754 3722 766 ο

693 845 746 898 6.
775 844 1062 898 Generatio
1094 853 1363 897 rectorum
1393 842 1762 896 benedicetur.

1709 857 1762 894 ir.
2355 833 2410 887 ι.
2435 829 2599 884 Γενεὰ
2626 829 2826 882 εύθέων
2853 828 3296 899 εύλογηθήσεται.

698 939 748 992 5.
781 938 962 992 Gloria
995 947 1048 991 et
1074 937 1272 991 divitiae
1304 937 1359 989 in
1389 936 1552 990 domo
1584 934 1702 1003 ejus
1731 952 1744 987 :

2358 923 2408 976 5.
2443 922 2579 986 Δόξα
2607 921 2702 974 καὶ
2732 921 2957 983 πλοῦτος
2989 923 3045 973 ὲν
3069 920 3148 989 τῷ
3177 920 3310 991 οἴκῳ
3332 920 3517 974 αὐτοῦ·

695 1033 750 1087 6.
781 1030 845 1085 Et
863 1031 1072 1100 justitia
1098 1031 1216 1101 ejus
1248 1040 1430 1084 manet
1456 1028 1510 1082 in
1536 1027 1795 1083 saeculum
1821 1022 2029 1082 seculi.

2356 1015 2406 1069 6.
2441 1015 2549 1069 Kal.
2577 1016 2610 1085 ἡ
2640 1010 2951 1082 δικαιοσύνη
2977 1011 3141 1066 αὐτοῦ
3177 1012 3327 1083 μένει
3351 1015 3426 1077 είς
3453 1012 3544 1066 τὸν
3568 1013 3748 1067 αἰῶνα
3780 1012 3873 1069 τοῦ

2286 1106 2504 1169 αἰῶνος.

694 1213 746 1265 7.
779 1211 1036 1266 Exortum
1070 1218 1153 1265 est
1176 1209 1230 1262 in
1261 1207 1498 1262 tenebris
1523 1205 1702 1259 lumen
1733 1201 1913 1256 rectis.

2356 1199 2406 1250 7.
2452 1195 2812 1262 Ἐξανέτειλεν
2837 1195 2895 1250 ἓν
2919 1196 3096 1250 σκότει
3124 1198 3239 1266 φῶς
3271 1200 3381 1260 τοῖς
3411 1197 3655 1251 εύθέσιν’

697 1307 749 1359 8.
785 1304 1088 1359 Misericors
1115 1313 1170 1355 et
1200 1301 1488 1354 miserator
1514 1307 1566 1352 et
1585 1297 1764 1366 justus
1791 1311 1805 1346 :

2355 1289 2407 1343 8.
2437 1291 2715 1360 Ἐλεήμων
2745 1290 2838 1343 καὶ
2857 1290 3156 1360 οἰκτίρμων
3182 1291 3277 1342 καὶ
3302 1290 3527 1354 δίκαιος.

695 1401 744 1453 9.
776 1396 1057 1452 Jucundus
1082 1395 1163 1449 vir
1184 1394 1274 1464 qui
1301 1393 1589 1446 miseretur
1611 1398 1664 1442 et
1692 1385 2037 1441 commodat:

2025 1404 2037 1438 :
2355 1382 2407 1436 9.
2442 1382 2687 1453 Χρηστὸς
2713 1382 2852 1453 ἀνὴρ
2880 1384 2909 1434 6
2939 1383 3219 1453 οἰκτείρων
3244 1383 3337 1435 καὶ
3368 1382 3577 1452 κιχρῶν
3595 1401 3610 1415 ⁸

693 1489 778 1540 10.
810 1485 1069 1556 Disponet
1091 1497 1371 1540 sermones
1401 1496 1532 1535 suos
1562 1479 1616 1532 in
1635 1477 1842 1547 judicio
1867 1493 1881 1530 :

2356 1472 2441 1526 10.
2473 1475 2828 1544 Οἰκονομήσει
2855 1474 2978 1536 τοὺς
3007 1474 3194 1542 λόγους
3224 1474 3386 1528 αὑτοῦ
3415 1475 3473 1528 ὲν
3507 1475 3725 1546 κρίσει·

693 1578 778 1630 ll.
807 1575 943 1642 Quia
971 1577 1023 1628 in
1050 1585 1308 1629 internum
1343 1587 1449 1625 non
1473 1567 1930 1625 commovebitur.

2355 1566 2440 1619 11.
2475 1567 2596 1619 ’Ότι
2619 1567 2698 1629 εἰς
2729 1566 2822 1618 τὸν
2847 1565 3018 1618 αἰῶνα
3047 1565 3108 1617 ού
3142 1565 3551 1636 σαλευθήσεται.

693 1671 780 1722 12.
814 1671 871 1723 In
903 1672 1161 1722 memoria
1188 1675 1387 1721 salerni:
1416 1665 1518 1719 erit
1544 1663 1766 1732 justus:

2355 1658 2442 1712 12.
2476 1660 2569 1722 El;
2607 1657 2946 1729 μνημόσυνον
2978 1655 3194 1710 αἰώνιον
3228 1659 3378 1714 ἔσται
3406 1659 3645 1724 δίκαιος·

697 1764 780 1817 15.
818 1762 899 1815 Ab
925 1761 1200 1815 auditione
1223 1759 1363 1812 mala
1393 1772 1497 1810 non
1531 1754 1764 1810 timebit.

2359 1749 2444 1803 15.
2493 1749 2623 1802 Ἀπὸ
2650 1749 2818 1820 ἀκοῆς
2851 1751 3092 1819 πονηρᾶς
3124 1752 3185 1804 ού
3223 1749 3609 1822 φοϐηθήσεται.

697 1856 779 1908 lt.
813 1854 1066 1908 Paratum
1097 1867 1191 1908 cor
1215 1852 1333 1921 ejus
1361 1863 1582 1921 sperare
1610 1848 1664 1902 in
1705 1846 1934 1901 Domino
1962 1863 1974 1898 :
2215 1860 2264 1914 Β

2359 1841 2447 1894 14.
2495 1840 2716 1912 Ἐτοίμη
2747 1842 2781 1912 η
2810 1840 3011 1911 καρδία
3041 1842 3207 1895 αὑτοῦ
3239 1843 3478 1907 ἐλπίζειν
3517 1844 3613 1895 ὲπὶ
3637 1843 3866 1914 Κύριον·

694 1947 779 1999 15.
810 1945 1195 2000 Contirmatum
1241 1952 1324 1997 est
1347 1955 1444 1996 cor
1465 1939 1605 2010 ejus,
1631 1953 1739 1993 non
1770 1937 1978 1992 timebit

2364 1933 2451 1988 15.
2491 1934 2841 2005 Ἐστήρικται
2874 1935 2907 2004 ἡ
2934 1933 3128 2004 καρδία
3154 1933 3339 1997 αὑτοῦ,
3367 1935 3427 1987 ού
3461 1935 3536 2007 μὴ
3563 1935 3805 2007 φοϐηθῇ.

1737 2111 2110 2169 ATIIANASII
2147 2108 2732 2167 INTERPRETATIO.

705 2280 768 2336 'il
823 2281 1150 2351 προκειμένη
1187 2281 1468 2352 ἐπιγραφὴ
1501 2273 1744 2349 περιέχει
1765 2274 1838 2344 (1)
1865 2291 1878 2304 ·
1913 2271 2287 2340 Ἁλληλοωα,
2319 2270 2456 2341 ὅπερ
2500 2267 2859 2341 ἑρμηνεύεται
2888 2268 3166 2322 αὶνέσατε
3191 2308 3205 2334 ,
3242 2269 3556 2337 ὑμνήσατε
3585 2267 3700 2322 τὸν
3728 2269 3869 2323 ὄντα

627 2378 734 2430 (lsd
741 2395 793 2430 ν.

687 2470 911 2525 Titulus
940 2467 1263 2538 praepositus
1296 2465 1571 2522 continet:
1602 2462 1857 2530 Alleluia,
1894 2464 2038 2533 quod
2074 2463 2482 2528 interpretatur,
2509 2459 2727 2512 laudate
2759 2465 2810 2512 et
2842 2461 3073 2511 exaltare
3097 2473 3216 2511 eum
3242 2458 3331 2527 qui
3361 2458 3503 2512 Deus
3533 2469 3638 2516 est.

699 2657 747 2709 l.
780 2654 915 2720 Quia
946 2655 1180 2710 abstinet
1213 2653 1280 2707 ab
1313 2651 1463 2706 omni
1490 2649 1658 2704 malo.

2361 2643 2412 2699 1.
2445 2643 2567 2695 Ὅτι
2599 2638 2886 2708 ἀφίσταται
2913 2638 3022 2692 ἀπὸ
3042 2639 3242 2701 παντὸς
3268 2636 3458 2694 κακοῦ.

692 2748 747 2799 2.
782 2747 972 2800 Studet
1003 2746 1226 2814 implere
1249 2744 1370 2812 ejus
1401 2751 1688 2813 praecepta.

2357 2733 2412 2786 2.
2439 2730 2736 2795 Σπουδάζει
2766 2729 3049 2802 πληρῶσαι
3081 2730 3176 2793 τὰς
3206 2729 3426 2792 ἐντολὰς
3453 2730 3644 2784 αὑτοῦ.

693 2837 745 2890 5.
775 2835 831 2890 ln
862 2846 1005 2891 terra
1046 2835 1341 2890 viventium
1381 2833 1618 2904 pretiosa
1642 2838 1804 2886 erunt
1843 2843 2005 2899 opera
2039 2828 2178 2899 ejus.

2356 2825 2408 2878 3.
2452 2824 2542 2875 Ἐν
2572 2825 2639 2892 τῇ
2683 2825 2752 2892 γῇ
2797 2822 2903 2873 τῶν
2937 2820 3152 2884 ζώντων
3186 2821 3341 2890 τίμια
3382 2821 3598 2876 ἔσονται
3623 2823 3694 2876 τὰ
3732 2825 3868 2895 ἔργα

2288 2914 2476 2968 αὐτοῦ.

695 3014 747 3067 4.
774 3015 990 3070 Chorus
1022 3029 1233 3078 eorum,
1262 3014 1353 3083 qui
1383 3011 1547 3067 corde
1580 3008 1766 3062 mundi
1800 3015 1945 3071 sunt,
1980 3006 2182 3077 gloriﬁ-

2360 3005 2412 3060 4.
2463 3005 2581 3058 Τῶν
2622 3002 2870 3076 καθαρῶν
2916 3006 2981 3074 τῇ
3025 3003 3222 3076 καρδίᾳ
3259 3006 3288 3057 6
3325 3005 3486 3075 χορὸς
3537 3005 3861 3076 δοξασθήσε-

621 3107 849 3160 rabitur.
2210 3136 2252 3193 C
2288 3113 2398 3149 ται.

690 3199 744 3252 5.
777 3195 968 3252 Omnis
992 3195 1161 3267 gratia
1187 3203 1238 3248 et
1265 3192 1474 3263 justitia
1507 3194 1561 3247 in
1586 3202 1733 3248 sorte
1760 3202 2095 3247 sanctorum.
2217 3185 2252 3193 ⁷

2358 3187 2409 3239 5.
2438 3187 2595 3239 Πᾶσα
2642 3187 2800 3256 χάρις
2848 3189 2942 3238 καὶ
2983 3185 3294 3260 δικαιοσύνη
3337 3188 3396 3241 ὲν
3437 3187 3516 3260 τῷ
3542 3190 3735 3261 κλήρῳ
3763 3190 3865 3244 τῶν

2287 3275 2478 3342 ἁγίων.

685 3370 738 3424 6.
773 3369 838 3422 Et
865 3385 1050 3423 eorum
1082 3369 1367 3421 retributio
1391 3369 1743 3435 sempiterna.

2355 3365 2406 3418 6.
2437 3365 2513 3434 (2)
2541 3366 2649 3418 Kal
2673 3367 2706 3434 ἠ
2739 3365 3128 3436 μισθαποδοσία
3151 3367 3328 3420 αὐτῶν
3354 3368 3734 3439 ἁτελεύτητος.

684 3462 736 3517 7.
771 3459 1021 3516 Ostendit
1055 3459 1107 3510 in
1136 3458 1341 3512 mundo
1371 3459 1576 3513 sanctis
1606 3457 1802 3512 Filium
1833 3473 2015 3513 suum.

2352 3457 2404 3510 7.
2424 3456 2714 3522 Ἀνέδειξεν
2732 3460 2788 3510 ὲν
2803 3456 2879 3528 τῷ
2896 3457 3085 3529 κόσμῳ
3101 3462 3214 3521 τοῖς
3229 3457 3405 3527 ἁγίοις
3421 3459 3511 3512 τὸν
3532 3459 3662 3512 Υίὸν
3679 3460 3859 3513 αὑτοῦ.

689 3555 743 3613 8.
769 3553 820 3606 9.
857 3551 1038 3605 Bonus
1069 3551 1168 3614 vir,
1197 3552 1288 3620 qui
1309 3553 1358 3605 in
1388 3555 1652 3607 cliaritate
1672 3554 2037 3608 communicat
2059 3569 2182 3609 cum

2351 3551 2403 3614 8,
2434 3551 2487 3605 9.
2518 3551 2592 3620 (5)
2623 3549 2850 3618 Ἀγαθὺς
2883 3551 3022 3622 ἀνὴρ
3053 3554 3080 3604 6
3110 3553 3166 3604 ὲν
3195 3552 3385 3624 ἀγάπῃ
3432 3553 3756 3622 μεταδιδοὺς
3791 3555 3863 3624 τῷ

617 3644 864 3722 proximo
890 3657 990 3698 suo
1015 3643 1177 3704 dona,
1213 3657 1334 3712 quae
1363 3645 1464 3700 ius:
1503 3660 1532 3697 a
1561 3642 1672 3698 Deo
1695 3645 1819 3698 data
1857 3655 2007 3699 sunt.

2283 3643 2509 3711 πλησίον
2563 3641 2760 3706 αὐτοῦ,
2808 3641 2874 3693 ὲκ
2925 3642 3020 3694 τοῦ
3086 3643 3419 3712 χαρίσματος
3465 3643 3558 3696 τοῦ
3619 3645 3863 3708 δοθέντος

2283 3732 2432 3801 αύτῷ
2465 3732 2614 3803 παρὰ
2643 3731 2735 3784 τοῦ
2773 3731 2930 3788 Θεοῦ.

697 3806 776 3858 10.
813 3804 962 3859 Dicet
983 3806 1126 3856 enim
1153 3805 1384 3858 Domino
1416 3807 1467 3859 in
1489 3806 1696 3875 judicio
1721 3826 1733 3861 :
1764 3810 2008 3871 Domine,
2031 3813 2182 3877 quin-

2353 3824 2438 3878 10.
2473 3824 2634 3891 Λέγει
2679 3823 2787 3895 γὰρ
2829 3822 2906 3892 τῷ
2949 3823 3138 3895 Κυρίῳ
3183 3825 3240 3876 ὲν
3282 3826 3348 3895 τῇ
3397 3825 3577 3894 κρίσει
3603 3842 3617 3856 ·
3660 3828 3857 3893 Κύριε,

617 3913 712 3948 (ωε
740 3895 934 3947 talenta
960 3893 1232 3947 tradidisti
1273 3896 1422 3961 mihi,
1449 3912 1562 3950 ecce
1590 3898 1701 3951 alia
1730 3899 1954 3968 quinque
1979 3899 2179 3953 talenta

2282 3915 2462 3967 πέντε
2494 3893 2765 3966 τάλαντα
2792 3931 2894 3982 μοι
2941 3893 3447 3980 παρέδωκαςίῖδε
3478 3915 3643 3968 ἄλλα
3685 3916 3861 3970 πέντε

620 3989 854 4040 lucratus
886 4005 1001 4043 sum
1035 3981 1098 4036 “.

2282 4003 2548 4057 τάλαντα
2575 3981 2890 4070 ἐκέρδησα.

684 4082 766 4136 11.
801 4079 1054 4151 lmpletus
1079 4090 1162 4136 est
1187 4082 1329 4136 enim
1356 4082 1549 4149 gaudio
1574 4089 1628 4135 et
1655 4083 1948 4137 exsultabit
1973 4085 2072 4152 (a).

2352 4093 2434 4149 11.
2475 4094 2837 4166 Πεπλήρωται
2863 4094 2970 4165 γὰρ
2999 4097 3190 4165 χαρᾶς,
3215 4096 3307 4149 καὶ
3333 4097 3744 4164 ἁγαλλιάσεται.

687 4173 772 4226 12.
810 4174 959 4229 Dicet
990 4175 1135 4228 enim
1186 4174 1287 4242 ipsi
1335 4172 1595 4227 Dominus
1626 4192 1638 4228 :
1674 4172 1838 4244 Euge,
1872 4191 2012 4228 serve
2055 4177 2182 4228 bone

2351 4185 2436 4239 12.
2477 4183 2639 4253 Λέγει
2669 4184 2777 4256 γὰρ
2813 4185 2889 4253 (4)
2935 4185 3084 4256 αὐτῷ
3111 4189 3139 4240 6
3181 4187 3402 4258 Κύριος⁸
3436 4183 3595 4256 Εὖγε
3618 4229 3634 4252 ,
3678 4189 3862 4243 δοῦλε

612 4275 661 4317 et
688 4265 882 4332 ﬁdelis,
909 4267 1036 4334 quia
1065 4281 1222 4332 super
1243 4281 1415 4332 pauca
1439 4263 1590 4332 fuisti
1610 4265 1802 4332 ﬁdelis,
1835 4282 1993 4334 supra
2011 4267 2180 4321 multa

2281 4275 2490 4345 ἀγαθὲ,
2521 4277 2617 4330 καὶ
2651 4277 2850 4344 πιστὲ,
2883 4277 2982 4330 ἐπὶ
3013 4278 3187 4346 ὀλίγα
3208 4274 3282 4347 ἧς
3310 4279 3545 4344 πιστὸς,
3573 4280 3674 4332 ἐπὶ
3703 4285 3851 4334 πολ-

616 4365 664 4410 te
689 4358 1024 4420 constituam,
1048 4357 1189 4409 intra
1223 4357 1276 4409 in
1303 4353 1555 4427 gaudium
1583 4354 1794 4410 Domini
1825 4359 1900 4410 tui
1931 4360 1996 4412 ⁸⁷.

2279 4368 2405 4424 λῶν
2433 4384 2506 4421 σε
2549 4367 2932 4434 καταστήσωο
2977 4368 3214 4422 εἴσελθε
3258 4371 3345 4434 εις
3377 4369 3488 4436 τὴν
3524 4371 3723 4438 χαρὰν
3755 4370 3859 4424 τοῦ

2209 4483 2254 4537 D
2284 4462 2505 4529 Κυρίου
2539 4476 2676 4515 σου.

693 4535 772 4588 15.
802 4533 918 4589 Non
944 4537 1177 4606 amplius
1204 4535 1350 4590 enim
1385 4535 1487 4590 erit
1513 4535 1563 4590 ei
1588 4536 1958 4593 adversarius.
2209 4533 2242 4537 ⁷

2209 4533 2242 4537 —
2351 4552 2436 4606 13.
2465 4551 2578 4603 υύκ
2602 4551 2682 4603 ἔτι
2716 4549 2825 4622 γὰρ
2854 4549 3033 4604 ἔσεται
3057 4552 3085 4603 6
3117 4550 3489 4620 ἀντικείμενος
3523 4551 3695 4622 αὐτῷ.

687 4626 772 4679 14.
803 4624 1058 4681 Paratum
1097 4638 1180 4684 est
1223 4643 1437 4700 semper
1467 4643 1563 4685 cor
1600 4629 1722 4700 ejus
1754 4631 1821 4684 ad
1855 4629 2176 4700 placendum

2351 4642 2436 4695 H.
2465 4641 2836 4714 Ηύτρὲπισται
2881 4640 3108 4694 πάντοτε
3137 4642 3171 4710 ὴ
3224 4639 3416 4710 καρδία
3461 4639 3630 4694 αὑτοῦ
3663 4642 3748 4706 εἰς
3781 4642 3852 4714 (5)

615 4718 747 4774 Deo.
2281 4733 2636 4804 εὐαρέστησιν
2668 4730 2764 4786 τοῦ
2789 4731 2947 4786 Θεοῦ.

685 4812 770 4865 15.
799 4810 1102 4869 Perfectum
1132 4813 1466 4890 [fundatum]
1493 4826 1577 4875 est
1599 4833 1694 4876 cor
1719 4820 1838 4891 ejus
1869 4819 1922 4874 in
1941 4817 2072 4876 Deo.

2352 4823 2439 4877 15.
2488 4823 2842 4878 Τετελείωται
2878 4820 3310 4895 [τεθεμελίωται]
3352 4823 3386 4894 ή
3437 4822 3641 4896 καρδία
3690 4825 3852 4878 αὐτοῦ

2281 4917 2340 4968 ὲν
2367 4914 2443 4985 τῷ
2473 4914 2610 4984 Θεῷ.

679 5015 724 5046 ⁸⁸
751 5015 935 5072 Matth.
970 5035 1096 5084 xxv,
1128 5021 1212 5074 20.
1293 5024 1333 5053 ⁸⁷
1370 5023 1499 5080 ibid.
1530 5023 1620 5080 2i.

1553 5197 1857 5266 Addenda
1889 5207 1947 5261 et
1981 5202 2353 5280 corrigenda
2388 5225 2462 5267 ex
2513 5207 2655 5270 cod.
2691 5205 2892 5268 Vatic.

871 5314 1083 5402 ξξᾶητῆξ
1101 5320 1468 5402 κξννᾳυάρεςωέ
1489 5324 1778 5402 περιέχει.-
1836 5394 1877 5402 __
1940 5395 1961 5402 _
2289 5326 2647 5402 __(6_)_N._H_.
2671 5328 2851 5402 _Aéyat
2897 5328 3034 5402 γᾴρ,
3065 5336 3169 5402 etc.
3218 5325 3417 5402 N312.
3455 5327 3571 5402 ob;
3603 5327 3708 5390 ἔτι,
3743 5337 3844 5383 ctc.

679 5384 757 5468 ιε)
963 5386 1022 5468 τε.
1042 5382 1170 5467 riui.
1194 5382 1730 5468 εις-έάςέλερέοςξξς
1754 5394 2042 5468 ἀνέδειξεν,

2136 5411 2172 5450 3.
2280 5382 2364 5450 Ν)
2390 5382 2473 5450 15.
2504 5382 2863 5468 Πεπλήρωται
3024 5382 3203 5467 ’χαρᾶς
3233 5399 3326 5452 καὶ
3348 5382 3723 5464 ἀγαλλιάσεωξ

680 5453 756 5535 (υὸ)
786 5453 856 5505 Ν.
887 5457 939 5506 8.
984 5455 1187 5527 Κύριος
1227 5461 1256 5511 6
1297 5461 1448 5525 Θεός.
1493 5462 1563 5516 Ν.
1598 5453 1651 5518 9.
1685 5453 1910 5532 ’Ᾱγαθὺς
1947 5453 2084 5537 ἆνῆρ
2117 5469 2174 5518 ὲν

607 5521 794 5594 ἁγαπῃ
825 5527 983 5590 Bson,
1010 5537 1113 5580 etc.

1110 5474 1187 5520 ιος
1227 5461 1256 5511 6
1297 5461 1448 5525 Θεός.
1493 5462 1563 5516 Ν.
1598 5453 1651 5518 9.
1685 5453 1910 5532 ’Ᾱγαθὸς
1947 5453 2084 5537 ἆνῆρ
2117 5469 2174 5518 ὲν
2350 5468 2424 5537 (5)
2456 5469 2547 5530 Εἰς
2580 5453 2692 5538 τήνί

677 5687 762 5774 (gl
783 5690 1084 5774 Comment.
1117 5696 1212 5749 sub
1261 5715 1402 5751 num.
1454 5698 1532 5759 ll,
1576 5697 1911 5774 nonulcgitur
1949 5698 2167 5774 in‘codq
2220 5701 2307 5753 sed
2333 5707 2504 5753 ca‘stat
2536 5699 2755 5767 inferius
2787 5697 2855 5750 ad
2902 5714 2952 5750 η.
3017 5697 3100 5766 15,
3131 5706 3180 5751 ει
3210 5697 3291 5751 hic
3335 5695 3527 5766 lrgitur
3562 5709 3838 5751 continent.

605 5771 662 5816 π.
698 5759 783 5824 12,
817 5773 864 5815 ct
895 5765 972 5819 ita
1000 5767 1238 5822 deim'evs
1273 5781 1585 5836 ura'postero
1614 5759 1812 5836 ordine,
1854 5781 1905 5821 ut
1945 5759 2157 5824 ridetur.
