4018 6504
545 401 684 463 1155

614 525 669 579 9.
702 522 836 590 Quis
860 523 1000 578 sicut
1029 521 1290 578 Dominus
1314 522 1457 580 Deus
1484 525 1712 580 noster?

618 613 704 667 10.
734 612 836 678 Qui
869 613 923 665 in
955 612 1078 667 altis
1109 613 1354 667 habitat:

622 707 703 758 ll.
741 703 805 758 Et
832 704 1057 758 humilia
1102 704 1322 773 respicit
1352 702 1600 774 [respicit
1648 713 1702 758 et
1743 704 1851 758 alta
1892 721 1920 758 a
1981 721 2120 777 onge

544 794 873 869 cognoscit],

616 888 700 943 η.
736 887 793 941 In
819 889 957 942 coelo
987 886 1112 941 etin
1144 894 1313 941 terra.

620 982 699 1036 15.
735 980 1016 1035 Suscitans
1050 997 1079 1034 a
1108 990 1254 1035 terra
1291 980 1535 1048 inopem.

616 1073 701 1125 H.
734 1073 798 1128 Et
831 1074 896 1127 de
929 1083 1170 1128 stercore
1204 1073 1421 1142 erigens
1450 1086 1763 1141 pauperem,

619 1163 701 1218 15.
732 1164 801 1219 Ut
824 1166 1053 1220 collocet
1087 1178 1211 1219 eum
1241 1178 1365 1218 cum
1398 1163 1762 1233 principibus,

615 1256 702 1311 16.
738 1256 875 1311 Cum
905 1256 1243 1325 principibus
1278 1255 1460 1325 populi
1489 1256 1597 1310 sui.

612 1348 695 1402 17.
726 1347 828 1415 Qui
860 1350 1103 1402 habitare
1129 1346 1258 1403 facit
1291 1346 1535 1402 sterilem
1565 1347 1619 1402 in
1652 1347 1836 1413 domo,

614 1442 699 1497 18.
726 1440 949 1495 Matrem
978 1441 1031 1494 in
1061 1440 1186 1495 ﬁliis
1214 1440 1511 1495 laetantem.

1058 1553 1307 1609 Alleluia.
1354 1553 1555 1610 CXIII

619 1648 669 1704 1.
711 1647 768 1701 in
798 1647 947 1702 exitu
976 1648 1143 1702 Israel
1173 1649 1239 1702 de
1268 1646 1527 1719 Egypto,

612 1741 666 1795 2.
709 1739 912 1795 Domus
950 1740 1118 1795 Jacob
1159 1741 1227 1796 de
1250 1742 1453 1812 populo
1481 1741 1737 1797 barbaro.

615 1834 668 1888 5.
713 1832 880 1887 Facta
906 1844 988 1887 est
1016 1830 1202 1887 Judaza
1235 1833 1598 1888 sanctiﬁcatio
1641 1833 1805 1904 ejus:

614 1929 666 1981 Α.
717 1926 883 1981 Israel
910 1935 1152 1997 potestas
1177 1926 1323 1996 ejus.

616 2020 668 2075 5.
710 2018 855 2075 Mare
885 2020 1019 2075 vidit
1051 2030 1106 2076 et
1155 2019 1289 2091 fugit
1318 2037 1331 2075 :

1367 404 1424 459 S.
1466 404 1841 461 ATHANASII
1880 406 2030 462 OPP.
2070 404 2253 461 PARS
2292 408 2379 463 lll.
2422 440 2489 450 --
2530 409 2946 466 EXEGETICA.

2143 533 2190 587 Α
2287 528 2337 581 9.
2372 529 2467 593 Τίς
2498 529 2574 592 ὡς
2601 528 2800 600 Κύριος
2825 533 2853 584 ό
2876 530 3008 595 Θεὸς
3038 532 3227 603 ὴμῶν;

3674 417 3833 476 1156

2293 620 2375 675 10.
2423 622 2481 673 Ὀ
2510 622 2567 675 ἑν
2600 621 2822 692 ὑψηλοῖς
2850 626 3117 677 κατοικῶν
3142 643 3155 656 ·

2292 712 2377 766 11.
2406 715 2513 766 Kal
2532 713 2604 766 τὰ
2626 716 2857 768 ταπεινά
2886 717 3097 788 ἑφορῶν
3121 716 3378 791 [ὲφορῶν,
3408 721 3499 773 καὶ
3522 721 3590 774 τὰ

2222 805 2329 858 ἀπὸ
2368 806 2637 879 μακρόθεν
2668 807 3034 880 γιγνώσκων],

2293 898 2378 952 12.
2426 900 2513 953 Ἐν
2542 900 2619 971 τῷ
2653 902 2866 974 οὐρανῷ
2894 904 2987 958 καὶ
3012 906 3071 957 ἑν
3097 907 3163 976 τῇ
3199 909 3270 978 γῇ
3290 923 3302 935 ·

2293 991 2380 1044 15.
2423 991 2479 1044 '0
2508 993 2737 1064 ἐγείρων
2764 995 2871 1048 ἀπὸ
2900 994 3003 1065 γῆς
3040 996 3273 1068 πτωχὸν,

2295 1082 2378 1137 14.
2407 1084 2516 1135 Καὶ
2547 1084 2655 1137 ἀπὸ
2684 1085 2913 1157 κοπρίας
2951 1084 3167 1155 ἀνυψῶν
3194 1087 3420 1158 πένητα,

2296 1174 2377 1229 15.
2418 1174 2523 1228 T05
2559 1177 2779 1231 καθίσαι
2806 1177 2971 1233 αὐτὸν
3000 1178 3137 1249 μετὰ
3163 1180 3459 1251 ἀρχόντων,

2296 1268 2381 1325 16.
2419 1270 2575 1323 Μετά
2611 1272 2886 1343 ἀρχόντων
2919 1272 3048 1326 λαοῦ
3075 1273 3262 1328 αὐτοῦ.

2298 1359 2380 1413 17.
2424 1361 2480 1415 Ὀ
2507 1361 2834 1427 κατοικίζων
2857 1365 3075 1438 στείραν
3105 1368 3163 1419 ἑν
3198 1367 3351 1437 οἴκῳ,

2298 1452 2382 1507 18.
2412 1455 2637 1527 Μητέρα
2665 1456 2757 1509 ἐπὶ
2786 1456 2996 1522 τέκνοις
3029 1459 3480 1530 εὐφραινομένην.

2738 1548 3111 1618 Ἀλληλοὺΐα.
3142 1553 3306 1606 PII".

2299 1640 2347 1696 1.
2390 1641 2477 1693 'Ev
2510 1640 2674 1712 ἐξόδῳ
2707 1642 2924 1714 Ἰσραὴλ
2950 1643 3008 1709 ἐξ
3033 1644 3333 1711 Αἰγύπτου,

2295 1735 2349 1788 2.
2378 1736 2541 1788 Oi'xou
2577 1733 2768 1788 Ἰακὼὸ
2798 1740 2862 1790 ἐκ
2896 1737 3025 1791 λαοῦ
3063 1738 3359 1811 βαρϐάρου.

2298 1829 2348 1883 5.
2390 1829 2647 1901 Ἐγενήθη
2685 1830 2914 1883 Ἰουδαία
2943 1832 3188 1902 ἀγίασμα
3208 1831 3403 1885 αὐτοῦ·

2302 1920 2350 1973 4.
2391 1920 2603 1993 Ἰσραὴλ
2637 1922 2855 1988 ἐξουσία
2884 1922 3071 1976 αὐτοῦ.

2300 2012 2349 2066 5.
2395 2013 2457 2065 Ἠ
2486 2012 2727 2067 θάλασσα
2757 2009 2864 2066 εἶδε
2895 2014 2989 2066 καὶ
3014 2013 3212 2083 ἔφυγεν
3232 2032 3246 2045 ·

1663 2134 2043 2191 ATHANASII
2085 2127 2680 2186 INTERPRETATIO.

617 2229 765 2284 9-11.
795 2227 950 2295 Quod
984 2228 1037 2281 in
1076 2228 1215 2282 ccelo
1262 2226 1513 2282 habitans
1557 2226 1796 2281 humiles
1842 2236 1898 2281 et
1927 2240 2125 2296 pecca-

545 2333 691 2378 tores
716 2320 853 2376 adeo
888 2317 1099 2373 dilexit.

614 2414 700 2468 12.
729 2411 833 2479 Qui
870 2412 925 2465 in
957 2409 1097 2465 caelo
1132 2425 1383 2477 manens,
1412 2417 1467 2464 et
1495 2410 1549 2464 in
1579 2420 1780 2465 terram
1812 2410 2058 2467 advenit.

618 2509 706 2569 15,
736 2506 824 2563 14.
859 2504 963 2571 Qui
1003 2519 1176 2574 genus
1212 2504 1537 2567 humanum,
1566 2504 1714 2574 quod
1741 2504 2013 2560 ceciderat
2057 2503 2127 2557 ob

546 2612 791 2654 terrenas
813 2606 866 2652 et
896 2596 1190 2667 ﬁagitiosas
1230 2596 1738 2665 concupiscentias,
1790 2594 2124 2660 sublevavit,

544 2699 599 2743 et
624 2688 850 2759 gloriam
876 2688 926 2741 ei
952 2686 1178 2740 donavit
1207 2685 1543 2755 adoptionis.

616 2781 699 2838 15.
731 2779 803 2835 Ut
854 2780 1095 2849 dignum
1124 2776 1329 2832 faceret
1360 2793 1534 2848 genus
1576 2777 1878 2833 humanum
1910 2777 2126 2834 deliciis

543 2874 887 2944 angelorum.

620 2968 705 3023 16.
729 2967 865 3023 Cum
899 2969 1124 3033 sanctis,
1154 2969 1250 3039 qui
1284 2977 1416 3024 sunt
1443 2985 1569 3023 cum
1603 2970 1812 3039 angelis
1841 2969 1977 3023 suis.

624 3124 705 3179 17.
738 3124 1089 3181 lntroducens
1117 3140 1213 3195 per
1236 3124 1398 3181 ﬁdem
1422 3124 1723 3183 Ecclesiam
1753 3127 1999 3199 gentium
2029 3143 2126 3183 an—

547 3227 631 3271 tea
660 3217 744 3272 inf
744 3218 1081 3274 ructiferam.

622 3310 705 3365 18.
730 3309 785 3364 lu
807 3327 1098 3381 supernam
1121 3311 1461 3367 Hierusalem
1483 3312 1536 3365 in
1555 3313 1762 3368 sanctis
1776 3315 2122 3383 gaudentem.

2303 2219 2451 2273 9~11.
2490 2220 2611 2272 Ὅτι
2654 2222 2713 2273 ὲν
2746 2220 2823 2292 τῷ
2870 2222 3084 2295 οὐρανῷ
3133 2222 3401 2277 κατοικῶν
3446 2226 3573 2288 τοὺς
3620 2242 3826 2283 ταπει-

2233 2311 2355 2375 νοὺς
2384 2312 2476 2364 καὶ
2501 2312 2857 2382 ἁμαρτωλοὺς
2881 2313 3055 2379 οὕτως
3086 2316 3394 2387 ἠγάπησεν.

2306 2401 2391 2455 12.
2432 2402 2490 2454 Ὁ
2522 2403 2580 2454 ὲν
2606 2401 2682 2473 τῷ
2704 2403 2917 2475 οὐρανῷ
2944 2403 3021 2457 ὣν
3049 2406 3141 2458 καὶ
3163 2407 3257 2460 ἐπὶ
3284 2407 3389 2477 γῆς
3412 2410 3824 2480 παραγέγονεν.

2306 2496 2392 2558 15,
2418 2495 2501 2550 14.
2538 2497 2596 2548 '0
2620 2496 2699 2548 τὸ
2721 2496 2876 2563 γένος
2912 2498 3020 2551 τῶν
3047 2498 3351 2570 ἀνθρώπων
3377 2503 3442 2554 ἑκ
3466 2502 3574 2556 τῶν
3608 2506 3828 2575 γηΐνων

2236 2587 2331 2640 καὶ
2350 2587 2574 2642 ἀσώτων
2597 2588 2900 2660 ἐπιθυμιῶν
2922 2590 3087 2643 πεσὸν
3111 2591 3441 2662 ἀναστήσας,
3466 2594 3559 2646 καὶ
3579 2594 3827 2661 δοξάσας

2231 2679 2319 2733 διὰ
2350 2681 2449 2751 τῆς
2479 2680 2772 2746 υἱοθεσίας.

2304 2772 2389 2826 15.
2423 2772 2529 2825 Τοῦ
2561 2772 2791 2837 ἀξιῶσαι
2821 2775 2881 2826 τὸ
2902 2775 3059 2842 γένος
3082 2774 3189 2830 τῶν
3225 2775 3529 2847 ἀνθρώπων
3550 2776 3650 2848 τῆς
3678 2779 3825 2833 ἀνα-

2235 2860 2485 2925 παύσεως
2507 2861 2615 2914 τῶν
2642 2862 2906 2930 ἀγγέλων.

2302 2954 2390 3009 16.
2415 2953 2571 3009 Μετά
2586 2954 2693 3008 τῶν
2714 2955 2881 3023 ἀγίων
2894 2955 3001 3009 τῶν
3016 2956 3281 3009 συνόντων
3296 2961 3406 3022 τοῖς
3426 2959 3602 3027 ἁγίοις
3623 2958 3827 3030 [ἀγγίο

2231 3046 2367 3119 λοις]
2396 3047 2580 3103 αὐτοῦ.

2305 3140 2393 3195 17.
2429 3142 2489 3194 '0
2532 3141 2631 3212 τὴν
2677 3142 3003 3213 Ἐκκλησίαν
3042 3144 3153 3198 τῶν
3196 3144 3367 3201 ἐθνῶν
3414 3144 3513 3218 τὴν
3546 3148 3826 3220 πρότερον

2236 3230 2483 3302 ἄκαρπον
2511 3232 2746 3302 εἰσάγων
2782 3228 2871 3287 διὰ
2902 3236 3001 3305 τῆς
3034 3237 3290 3301 πίστεως.

2306 3323 2390 3377 18.
2416 3321 2527 3395 Τὴν
2546 3324 2657 3378 ἄνω
2684 3324 3034 3397 Ἰερουσαλὴμ
3055 3327 3350 3398 χαίρουσαν
3372 3330 3463 3383 ἐπὶ
3481 3334 3592 3395 τοῖς
3613 3333 3824 3401 ἁγίοις.

624 3405 689 3456 Ἠ
716 3404 1047 3475 προκειμένη
1082 3405 1359 3476 ἐπιγραφὴ
1382 3406 1622 3477 περιέχει
1651 3405 1758 3478 (1)·
1800 3408 2175 3477 Ἀλληλούΐα,
2207 3417 2236 3468 ὃ
2262 3419 2434 3485 ἑστιν,
2463 3419 2683 3474 αἱνεῖτε
2720 3420 2829 3473 τὸν
2856 3420 3001 3475 ὄντα
3035 3421 3201 3476 Θεόν.

620 3498 835 3554 Titulus
864 3501 1192 3570 prazpositus
1219 3500 1464 3556 continet
1494 3520 1507 3556 :
1541 3502 1799 3570 Alleluia,
1830 3505 1935 3560 hoc
1964 3516 2066 3571 est,
2104 3508 2321 3565 laudate
2346 3529 2464 3566 eum
2493 3514 2583 3584 qui
2610 3512 2751 3568 Deus
2781 3525 2879 3571 est.

616 3615 666 3670 1.
711 3613 883 3669 Israel
916 3616 1304 3687 interpretatur
1330 3620 1553 3689 populus
1597 3621 1755 3691 fortis
1784 3639 1802 3676 :
1852 3623 2119 3696 zEgypms
2149 3612 2177 3671 ί

2298 3611 2348 3664 1.
2404 3611 2653 3680 Ἰσραὴλ
2700 3614 3062 3685 ἑρμηνεύεται
3109 3618 3260 3683 λαὸς
3301 3621 3592 3689 ἰσχυρός·
3639 3623 3825 3691 Αἴγυ-

543 3719 722 3763 antem
753 3708 1129 3765 obtenebratio.
1162 3710 1298 3765 Dum
1331 3713 1500 3782 igitur
1536 3713 1749 3769 liberati
1782 3724 1914 3770 sunt
1941 3716 2128 3773 ﬁdeles

542 3817 572 3853 a
608 3802 848 3855 tenebris
880 3802 1112 3871 peccati.

616 3891 668 3944 2.
709 3890 976 3946 Fidelium
1025 3896 1329 3949 tenentium
1361 3906 1627 3953 extrema.
1660 3898 1829 3954 Iacob
1870 3902 2016 3956 enim
2049 3902 2130 3957 in-

543 3993 874 4053 terprelatur
904 3995 1079 4040 tenens
1106 3999 1345 4041 extrema
1371 4005 1387 4042 :
1421 3990 1555 4045 illud
1596 4000 1803 4057 autem,
1840 4010 1905 4047 ex
1934 3995 2129 4063 populo

543 4076 790 4141 barbaro,
821 4086 1009 4132 notum
1041 4090 1124 4133 est
1146 4078 1486 4153 [signiﬁcat],
1519 4084 1666 4153 quod
1694 4084 1868 4141 ﬁdelis
1896 4086 2130 4155 populus

542 4169 828 4237 egrediens
861 4186 890 4224 e
922 4172 1161 4226 tenebris
1202 4174 1431 4228 recessit
1464 4190 1495 4228 a
1525 4175 1775 4232 barbaris
1795 4218 1810 4242 ,
1843 4178 1948 4233 hoc
1988 4190 2073 4235 est
2098 4196 2127 4234 a

542 4261 839 4315 contrariis
861 4264 1247 4331 potestatibus.

621 4353 675 4412 5.
713 4352 779 4407 Ει
807 4355 1025 4409 demum
1062 4355 1307 4413 Ecclesia
1360 4357 1499 4415 facta
1533 4369 1618 4416 est
1664 4362 1714 4416 ei
1763 4363 2127 4421 sanctiﬁcatio

542 4459 636 4513 per
665 4446 1027 4515 baptismum;
1053 4448 1246 4504 Judwa
1271 4451 1472 4507 dicitur
1502 4464 1790 4524 propterea
1821 4459 1969 4526 quod
2002 4474 2127 4528 gra-

543 4538 620 4591 tia
650 4538 702 4591 in
735 4539 851 4608 ipsa
879 4549 963 4595 est
993 4540 1110 4603 Dei.
1142 4543 1237 4613 qui
1277 4542 1536 4614 dignatus
1560 4555 1646 4602 est
1682 4562 1747 4601 ex
1777 4546 1916 4602 Juda
1950 4551 2124 4605 nasci.

544 4626 858 4685 Secundum
889 4644 1069 4689 autem
1115 4636 1357 4691 nominis
1397 4638 1901 4708 interpretationem
1934 4641 2127 4696 ludam

540 4721 933 4792 interpretatur
975 4727 1228 4795 con/item
1272 4727 1399 4787 Deo.
1432 4730 1569 4785 Cum
1596 4732 1767 4803 igitur
1798 4735 1981 4789 anima
2015 4734 2128 4792 Deo

542 4813 849 4879 conﬁtetur,
883 4814 945 4869 ﬁt
985 4817 1102 4886 ipsa
1132 4818 1407 4877 confessio
1442 4822 1830 4890 sanctiﬁcatio,
1882 4841 1949 4881 eo
1978 4828 2126 4898 quod

542 4903 865 4960 auferantur
901 4918 1147 4978 peccata.

607 5064 661 5119 4.
704 5064 768 5121 Ει
820 5068 921 5122 viri
980 5070 1226 5127 videntes
1272 5072 1479 5143 Deum,
1521 5077 1625 5133 hoc
1665 5088 1783 5146 est,
1830 5086 2109 5152 apostoli,

542 5159 813 5228 principes
845 5160 966 5229 ejus
1001 5180 1016 5217 :
1068 5164 1143 5219 ita
1187 5166 1333 5220 enim
1374 5167 1769 5238 interpretatur
1812 5172 2003 5241 Israel,
2037 5180 2117 5232 uir

541 5250 720 5303 videns
754 5250 945 5309 Deum.

600 5340 651 5393 5.
697 5342 1001 5400 ldololatria
1040 5346 1178 5417 fugit
1201 5352 1390 5408 videns
1417 5352 1588 5409 Deum
1616 5357 1669 5411 in
1702 5368 1870 5419 terra.

2231 3716 2380 3771 πτος
2416 3706 2473 3758 δὲ
2502 3704 2576 3778 (Ξ)
2609 3707 2906 3775 σκότωσις
2926 3727 2939 3738 ’
2982 3710 3041 3764 ἑν
3070 3710 3146 3781 τῷ
3173 3708 3266 3765 οὖν
3291 3713 3418 3777 τοὺς
3457 3715 3821 3780 πιστεύοντας

2234 3796 2498 3867 ρυσθῆναι
2522 3800 2585 3851 ἑκ
2614 3800 2709 3852 τοῦ
2745 3802 2970 3864 σκότους
2994 3803 3094 3873 τῆς
3115 3805 3412 3876 ἁμαρτίας.

2300 3887 2354 3942 2.
2396 3888 2517 3942 Τῶν
2553 3890 2761 3945 πιστῶν
2800 3893 2908 3945 τῶν
2933 3897 3316 3967 κατασχόντων
3344 3899 3412 3952 τά
3439 3899 3666 3970 ἔσχατα.
3705 3903 3821 3956 Ἰα-

2232 3980 2356 4035 κὼϐ
2395 3981 2505 4055 γάρ
2553 3985 2914 4057 ἑρμηνεύεται
2952 3990 3184 4058 κρατῶν
3225 3992 3491 4061 ἕσχατιν
3541 3996 3605 4049 τὸ
3642 3996 3718 4059 δὲ,
3748 3998 3821 4050 ἐκ

2230 4077 2383 4132 λαοῦ
2418 4079 2729 4148 βαρϐάρου
2754 4120 2769 4144 ,
2815 4081 2971 4152 δῆλον
3015 4081 3209 4157 [δηλοῖ]
3259 4085 3342 4138 ὅτι
3386 4085 3416 4135 ὁ
3454 4088 3646 4152 πιστὸς
3684 4090 3819 4151 λαὸς

2231 4166 2465 4232 ἐξελθὼν
2498 4170 2562 4222 ἑκ
2604 4169 2696 4223 τοῦ
2732 4172 2956 4237 σκότους
3008 4174 3322 4247 ἀνεχώρησε
3355 4177 3463 4231 τῶν
3497 4178 3819 4252 βαρϐάρων,

2230 4261 2473 4314 τουτέστι
2506 4262 2613 4314 τῶν
2645 4264 2905 4319 ἐναντίων
2930 4267 3234 4337 δυνάμεων.

2300 4353 2353 4406 5.
2383 4354 2492 4407 Καὶ
2522 4355 2705 4409 λοιπὸν
2733 4357 2942 4425 γίνεται
2978 4360 3127 4432 αὐτῷ
3170 4364 3203 4433 ἠ
3243 4363 3539 4435 Ἐκκλησία
3570 4366 3824 4439 ἀγίασμα

2229 4441 2318 4494 διὰ
2358 4444 2453 4496 τοῦ
2495 4445 2893 4517 βαπτίσματος.
2936 4450 3195 4505 Ἰουδαία
3238 4451 3457 4520 λέγεται
3498 4454 3589 4507 διὰ
3623 4457 3687 4509 τὸ
3721 4460 3820 4528 τὴν

2230 4535 2389 4607 χάριν
2416 4533 2555 4591 εἷναι
2581 4541 2638 4590 ἐν
2657 4540 2795 4610 αὐτῇ
2820 4542 2912 4595 τοῦ
2940 4544 3375 4610 καταξιώσαντος
3395 4546 3532 4601 Θεοῦ
3560 4548 3622 4614 ἑξ
3645 4550 3819 4605 Ἰούδα

2228 4630 2503 4703 τεχθῆναι.
2531 4633 2689 4688 Κατά
2715 4635 2771 4687 δὲ
2801 4635 2898 4707 τὴν
2924 4638 3217 4708 ἑρμηνείαν
3241 4639 3337 4693 τοῦ
3364 4640 3631 4712 ὀνόματος
3667 4648 3815 4699 Ἰου-

2228 4721 2368 4777 δαία
2405 4724 2767 4796 ἑρμηνεύεται
2804 4727 2925 4793 Θεῷ
2952 4729 3504 4801 ἐξομολογούμενος
3533 4734 3814 4801 (5).”Οταν

2225 4809 2321 4867 οὖν
2353 4816 2498 4887 ψυχὴ
2532 4817 2652 4890 Θεῷ
2678 4821 3164 4893 ἐξομολογήσεται,
3211 4824 3420 4893 γίνεται
3460 4826 3600 4898 αὐτὴ
3648 4830 3683 4899 ἡ
3731 4830 3818 4895 ἑξ-

2229 4907 2554 4979 ομολόγησις
2604 4913 2849 4985 ἀγίασμα
2896 4914 2984 4968 διὰ
3034 4916 3134 4987 τῆς
3175 4918 3519 4989 ἀφαιρέσεως
3570 4920 3649 4988 (4)
3707 4921 3816 4974 τῶν

2156 5029 2199 5082 D
2229 5000 2533 5073 ἁμαρτιῶν.

2296 5094 2351 5148 4.
2384 5096 2493 5147 Καὶ
2520 5098 2566 5149 οἱ
2602 5098 2791 5169 ἄνδρες
2817 5101 2867 5152 οἱ
2893 5100 3127 5169 ὁρῶντες
3159 5102 3292 5157 Θεὸν
3324 5103 3437 5172 (5),
3470 5106 3722 5160 τουτέστι
3765 5109 3812 5159 οἱ

2226 5186 2551 5251 ἀπόστολοι,
2582 5190 2840 5261 ἄρχοντες
2882 5194 3045 5245 αὐτοῦ
3068 5212 3081 5223 ·
3119 5194 3276 5247 τοῦτο
3311 5194 3419 5267 γὰρ
3446 5198 3811 5268 ἑρμηνεύεται

2244 5276 2506 5346 Ἰσραὴλ,
2538 5280 2693 5349 ἀνὴρ
2723 5280 2878 5349 ὀρῶν
2902 5284 3067 5337 Θεόν.

2296 5370 2349 5427 5.
2369 5372 2431 5425 Ἠ
2462 5372 2872 5445 εἰδωλολατρεία
2896 5374 3096 5446 ἔφυγεν
3124 5376 3306 5431 ἰδοῦσα
3325 5376 3458 5432 Θεὸν
3475 5379 3569 5433 tul
3590 5378 3699 5450 γῆς
3717 5379 3809 5451 (6).

1488 5477 1795 5542 Addenda
1847 5490 1905 5544 et
1947 5485 2325 5566 corrigenda
2373 5508 2452 5552 ex
2484 5493 2624 5555 cod.
2655 5494 2853 5556 Vatic.

611 5614 687 5683 (1)
714 5618 786 5701 ’Ἡ
814 5617 900 5671 διὰ
925 5621 1019 5701 τῆς
1050 5622 1420 5701 κινναεξάρεως
1451 5630 1691 5700 περιέχει
1713 5650 1725 5664 ι
1773 5633 2113 5701 Ἀλληλούῖα,

536 5683 676 5756 ὅπερ
710 5683 1068 5756 ἑρμηνεύεται
1100 5683 1321 5756 αἰνεῖτὲ,
1350 5683 1453 5752 etc.

612 5703 676 5809 is:
710 5703 1068 5756 ερμηνευεται
1100 5703 1321 5756 αινεῐτε,

612 5758 627 5821 (
668 5756 687 5820 )
720 5758 1194 5827 Δὲγὲρμηνεύεται.
1226 5775 1330 5821 elc.

613 5827 691 5895 (ὅ)
728 5826 1077 5897 Ἐξομολογον
1088 5833 1241 5901 μένη.

2299 5639 2377 5707 (ι)
2417 5640 2708 5707 Ἀιρὲσεως.

2301 5710 2378 5779 (5)
2409 5710 2510 5761 Τὸν
2542 5712 2694 5775 Θεόν,
2732 5724 2834 5767 elc.

2301 5786 2376 5851 (ὕ)
2402 5779 2505 5835 Τὸν
2528 5783 2660 5838 Θεὸν
2687 5785 2779 5837 ἐπὶ
2810 5784 2907 5854 τῆς
2940 5784 3065 5854 γῆς.
