4018 6480
174 417 320 472 1157

247 534 300 585 6.
342 533 398 584 '0
436 529 702 601 Ἰορδάνης
733 528 977 600 ἐστράφη
1013 528 1093 589 είς
1117 529 1186 581 τὰ
1217 527 1411 580 ὀπίσω.

249 625 298 676 7.
333 622 414 673 Τά
439 621 539 692 ὅρη
566 621 892 690 ἐσκίρτησαν
922 619 1054 672 ὡσεὶ
1090 621 1268 690 κριοίο

245 716 301 769 8.
337 715 447 767 Καὶ
475 717 522 766 οἱ
559 714 738 783 βουνοὶ
769 713 843 776 ῶς
876 713 1038 784 ἀρνία
1073 713 1381 784 προϐάτων.

243 805 299 859 9.
331 806 394 858 Τί
431 805 512 858 σοί
538 807 676 866 ἐστι,
714 804 983 866 θάλασσα,
1013 806 1094 857 ὅτι
1129 804 1368 872 ἕφυγες;

247 899 335 951 10.
368 897 475 949 Καὶ
508 898 594 958 σὺ,
641 896 900 966 Ἰορδάνη,
934 897 1013 949 ὃτι
1049 897 1323 967 ἐστράφης
1350 898 1429 958 είς
1453 896 1519 950 τὰ
1551 896 1757 958 (iniam;

248 985 334 1036 11.
365 983 446 1037 Τὰ
471 984 593 1054 ὅρη,
619 985 698 1036 ὅτι
728 986 1092 1056 ἐσκιρτήσατε
1122 987 1254 1038 ὡσεὶ
1288 987 1460 1057 κριοί;

245 1076 334 1128 12.
369 1076 476 1129 Καὶ
509 1077 557 1128 οί
596 1076 776 1144 βουνοὶ
807 1077 883 1138 ὡς
910 1078 1074 1146 ἀρνία
1105 1078 1394 1147 προϐάτων
1421 1095 1434 1142 ;

251 1169 333 1221 15.
377 1168 510 1222 ’Δπὸ
537 1168 830 1239 προσώπου
864 1169 1070 1240 Κυρίου
1100 1169 1367 1240 ἐσαλεύθη
1402 1173 1433 1240 ή
1470 1170 1562 1240 γῆ,

244 1262 333 1312 11.
377 1261 508 1312 Ἀπὸ
543 1259 838 1331 πρώσοπου
865 1260 957 1312 τοῦ
986 1260 1119 1313 Θεοῦ
1157 1261 1349 1316 Ἰακώϐ
1371 1277 1384 1289 ·

243 1353 328 1407 15.
352 1354 458 1406 Τοῦ
485 1353 815 1423 στρέψαντος
843 1353 941 1424 τὴν
972 1354 1178 1425 πέτραν
1203 1356 1282 1418 εἰς
1302 1354 1498 1424 λίμνας
1520 1355 1753 1417 ὑδάτων.

243 1446 330 1498 16.
362 1446 471 1500 Καὶ
500 1447 598 1516 τὴν
627 1447 932 1517 ἀκρότομον
963 1448 1042 1510 εἰς
1076 1447 1256 1517 πηγάς
1288 1447 1518 1504 ὑδάτων.

242 1539 328 1590 17.
362 1540 452 1609 Μὴ
485 1540 635 1608 ἡμῖν,
663 1537 860 1607 Κύριε,
901 1536 975 1608 μὴ
1001 1540 1154 1609 ἡμῖν,

242 1631 328 1684 18.
373 1630 510 1683 Ἀλλ’
536 1632 568 1701 ἢ
603 1629 680 1701 τῷ
707 1630 935 1700 ὀνόματί
963 1648 1055 1683 σου
1082 1632 1170 1694 δὸς
1196 1631 1375 1695 δόξαν.

243 1722 331 1776 19.
371 1723 492 1774 Ἐπὶ
524 1721 602 1792 τῷ
636 1721 775 1774 ἐλέει
808 1739 901 1775 σου
933 1722 1026 1774 καὶ
1050 1725 1113 1792 τῇ
1141 1723 1370 1793 ἀληθείᾳ
1405 1740 1496 1776 σου
1517 1738 1531 1751 ⁸

239 1807 332 1862 20.
369 1811 593 1880 Μήποτε
640 1809 836 1863 εἴπωσι
884 1809 954 1862 τὰ
999 1809 1126 1880 ἔθνη
1155 1827 1169 1841 ·
1220 1811 1330 1864 Ποῦ
1381 1814 1529 1864 ἐστιν
1562 1813 1589 1863 ὁ
1623 1811 1754 1876 Θεὸς

164 1901 352 1954 αὐτῶν
376 1918 390 1964 ;

1085 409 1171 463 DE
1211 408 1371 466 TITU
1425 407 1485 462 IS
1520 404 1972 461 PSALMORUM.
2016 437 2085 448 ——
2125 405 2319 460 PSAL.
2363 406 2546 462 CXIII.

1788 536 1832 590 Α
1928 527 1982 586 6.
2020 525 2272 583 Jordanis
2301 541 2600 583 conversus
2642 539 2724 583 est
2768 537 3086 584 retrorsum.

3303 410 3446 472 1158

1940 617 1990 671 7.
2034 617 2242 672 Montes
2271 619 2682 673 exsultavernnt
2715 630 2770 674 ut
2798 621 2996 676 arietes
3033 640 3045 672 :

1941 709 1996 762 8.
2037 707 2103 762 Et
2133 709 2299 763 colles
2333 709 2476 763 sicut
2505 710 2630 779 agni
2663 711 2866 766 ovium.

1936 800 1989 853 9.
2027 800 2164 865 Quid
2201 809 2285 855 est
2317 801 2437 866 tibi,
2475 818 2644 865 mare,
2688 805 2832 872 quod
2865 804 3087 874 fugisti?

1941 892 2024 946 10.
2063 892 2124 945 Et
2153 904 2229 958 tu,
2253 892 2525 959 Jordanis,
2543 898 2668 965 quia
2695 913 2993 954 conversus
3014 916 3072 954 es
3091 910 3385 956 retrorsum
3409 901 3432 955 2

1941 983 2026 1038 11.
2070 983 2303 1049 Montes,
2327 987 2453 1055 quia
2491 989 2811 1043 exsultastis
2835 991 2975 1045 sicut
3001 993 3231 1048 arietes?

1938 1075 2024 1128 19..
2062 1075 2124 1128 Et
2149 1079 2312 1132 colles
2348 1080 2490 1134 sicut
2525 1080 2651 1151 agni
2681 1083 2903 1135 Ovinm?

1939 1168 2022 1220 15.
2066 1170 2109 1220 Α
2143 1167 2278 1223 faeie
2309 1169 2525 1226 Domini
2563 1183 2708 1227 mota
2741 1182 2825 1228 est
2859 1183 3025 1241 terra,

1938 1257 2022 1312 14.
2063 1261 2105 1311 Α
2131 1258 2268 1315 faeie
2295 1261 2386 1316 Dei
2421 1262 2591 1319 Jacob
2614 1283 2664 1320 :-

1937 1351 2021 1404 15.
2072 1351 2174 1417 Qui
2217 1357 2483 1410 convertit
2517 1368 2725 1426 petram
2783 1359 2836 1412 in
2892 1368 3082 1431 stagna
3147 1377 3437 1431 aquarum,

1937 1443 2021 1496 16.
2066 1443 2129 1497 Et.
2159 1462 2345 1514 rupem
2382 1450 2431 1501 in
2469 1447 2645 1505 fontes
2689 1467 2977 1521 aquarum.

1937 1535 2022 1592 17.
2065 1533 2182 1590 Non
2218 1540 2399 1604 nobis,
2438 1540 2684 1606 Domine,
2722 1561 2831 1598 non
2868 1545 3050 1614 nobis,

1934 1621 2020 1681 18.
2063 1629 2167 1684 Sed
2193 1633 2400 1685 nomini
2431 1641 2524 1688 tuo
2555 1635 2621 1689 da
2657 1636 2908 1701 gloriam.

1934 1721 2020 1774 19.
2063 1720 2237 1792 Super
2283 1725 2658 1782 misericordia
2689 1739 2779 1783 tua
2811 1741 2865 1784 et
2895 1732 3120 1787 veritate
3156 1741 3246 1786 tua
3277 1751 3290 1786 :

1930 1815 2025 1870 20.
2069 1816 2362 1888 Nequando
2411 1821 2599 1876 dicant
2643 1837 2851 1894 gentes,
2903 1827 2994 1881 ubi
3029 1837 3110 1882 est
3146 1827 3289 1882 Deus
3342 1843 3434 1883 eo-

1786 1903 1833 1958 B
1863 1908 2031 1960 rum?

1299 2057 1679 2113 ATHANASII
1723 2059 2311 2124 INTERPRETATIO.

239 2209 296 2264 ϐ.
338 2208 396 2262 '0
420 2210 494 2279 (1)
535 2209 800 2282 Ἰορδάνης
828 2210 1189 2281 ἑρμηνεύεται
1223 2210 1296 2279 τῇ
1329 2211 1596 2281 ἐσχάτῳ’
1623 2213 1755 2283 πλῆ-

163 2307 263 2366 θος
295 2297 387 2356 οὖν
420 2302 526 2354 τῶν
572 2301 740 2356 ἐθνῶν
780 2301 1125 2374 ἀνεχώρησεν
1175 2305 1284 2358 ἀπὸ
1330 2305 1428 2375 τῆς
1474 2304 1757 2359 εἰδωλολα-

161 2391 390 2458 τρείας,
425 2392 518 2442 καὶ
553 2387 682 2460 ἦλθε
715 2392 851 2462 πρὸς
883 2391 974 2444 τὸν
1007 2392 1064 2458 ἐξ
1102 2394 1277 2464 ἀρχῆς
1309 2396 1618 2466 Δεσπότην,
1662 2399 1756 2450 καὶ

163 2483 514 2553 Δημιουργὸν
541 2482 771 2553 Ἰησοῦν.

240 2573 295 2627 7.
341 2576 404 2627 Οί
440 2577 714 2646 προφῆται
759 2576 1085 2646 ἀγάλλονται
1134 2580 1229 2632 καὶ
1275 2580 1366 2632 ἐπὶ
1407 2582 1474 2652 τῇ
1529 2580 1604 2651 (ἳ)
1640 2581 1758 2634 ἐπι-

166 2668 380 2736 στροφῇ
409 2666 516 2718 τῶν
542 2667 711 2722 ἐθνῶν
738 2684 751 2698 ⁸

241 2755 295 2810 8.
316 2759 427 2811 Καὶ
455 2760 503 2810 οἱ
529 2761 592 2810 ἐκ
608 2760 717 2811 τῶν
740 2761 1031 2830 προφητῶν
1052 2762 1451 2827 ἀνατείλαντες,
1479 2764 1756 2818 τουτέστιν

161 2849 216 2902 οἱ
251 2849 537 2902 ἀπόστολοι
566 2849 754 2924 ὥσπερ
780 2852 828 2904 οἱ
859 2851 1035 2921 βουνοὶ
1062 2855 1125 2907 ἐκ
1152 2855 1259 2907 τῶν
1282 2855 1474 2926 ὀρέων.

241 2942 296 2997 9.
329 2941 394 2994 Τί
429 2943 509 2995 σοί
534 2944 681 2996 ἐστιν
706 2987 720 3011 ,
763 2944 1176 3018 εἰδωλολατρεία
1195 2987 1209 3012 ,
1239 2948 1321 3000 ὅτι
1350 2947 1550 3017 ἔφυγες
1570 2989 1585 3013 ,
1619 2950 1757 3021 ὅπερ

168 3035 264 3085 ἐπὶ
292 3033 397 3086 τῶν
432 3035 726 3106 προερητῶν
757 3038 856 3089 οὐκ
884 3038 1174 3108 ἐποίησας;

242 3125 332 3179 10.
368 3127 476 3178 Καὶ
506 3127 662 3198 ὑμεῖς
681 3169 696 3192 ,
731 3128 800 3181 τά
845 3129 973 3202 ἔθνη
1004 3131 1200 3196 πάντα,
1227 3133 1309 3185 ὃτι
1340 3133 1612 3205 ἀπέστητε
1649 3133 1759 3189 ἀπὸ

165 3220 268 3290 τῆς
297 3217 736 3293 εἰδωλολατρείας
759 3238 772 3287 ;

245 3312 330 3366 11.
350 3313 460 3366 Καὶ
487 3313 662 3383 ὑμεῖς,
686 3315 734 3366 οἱ
758 3317 1055 3387 προφῆται,
1081 3319 1162 3371 ὅτι
1192 3317 1364 3382 οὕτως
1385 3317 1716 3386 ἀγαλλιᾶσθε
1740 3338 1754 3385 ;

242 3405 328 3458 12.
366 3405 596 3476 Ὁμοίως
640 3409 732 3460 καὶ
775 3410 954 3481 ὑμεῖς,
995 3411 1044 3464 οἱ
1068 3413 1131 3464 ἐκ
1159 3412 1266 3463 τῶν
1293 3412 1588 3483 προφητῶν
1617 3412 1756 3466 άπό-

169 3493 374 3555 στολοι,
414 3495 467 3545 τί
499 3493 672 3558 οὕτως
696 3498 949 3567 χαίρετε;

242 3586 332 3638 15.
377 3585 542 3656 Ὀμοῦ
587 3587 643 3639 δὲ
678 3588 877 3652 πάντες
931 3591 1349 3662 ἀποκρίνονται·
1378 3594 1413 3666 ή
1459 3591 1558 3666 μὲν
1603 3593 1755 3648 εἰδω-

167 3677 455 3750 λολατρεία
476 3680 878 3753 ἀποδυρομένη,
897 3683 968 3735 τὰ
994 3683 1050 3736 δέ
1081 3683 1230 3756 έθνη,
1256 3684 1350 3739 καὶ
1383 3687 1431 3740 oi
1455 3686 1752 3758 προφῆται,

167 3773 262 3825 καὶ
292 3776 340 3825 ot
372 3774 661 3828 ἀπόστολοι
694 3777 974 3847 χαίροντες
1007 3777 1227 3849 βοῶσιν.
1251 3782 1353 3846 ὅτι,
1379 3782 1636 3852 ὀφθέντος
1659 3783 1753 3838 τοῦ

165 3865 306 3918 Θεοῦ
336 3867 428 3918 ἐπὶ
467 3868 566 3938 τῆς
598 3868 722 3938 γῆς,
755 3870 956 3934 πάντες
999 3872 1367 3945 μετετέθησαν
1400 3877 1480 3938 είς
1509 3876 1607 3948 τὴν
1638 3878 1755 3930 ἐπί-

165 3974 372 4026 γνωσιν
403 3960 593 4015 αὑτοῦ.

242 4050 329 4103 14.
361 4050 493 4102 Ἀπὸ
520 4050 620 4120 τῆς
649 4053 949 4121 παρουσίας
969 4053 1063 4107 τοῦ
1092 4054 1227 4107 Θεοῦ
1261 4056 1629 4128 κηρυχθέντος

181 4139 395 4195 Ἰακὼό
421 4140 528 4212 γὰρ
564 4143 929 4212 ἑρμηνεύεται
957 4145 1134 4213 ἀκοή.

243 4233 330 4286 15.
377 4233 482 4286 Τοῦ
546 4235 945 4305 μεταϐαλόντος
1003 4237 1078 4306 (4)
1134 4236 1231 4309 τὴν
1277 4237 1481 4308 λιθίνην
1523 4238 1752 4309 καρδίαν

167 4325 280 4379 τῶν
304 4326 474 4379 ἐθνῶν
503 4330 582 4390 είς
605 4329 705 4399 τὴν
731 4329 890 4400 χάριν
911 4348 922 4359 ·
943 4329 1204 4395 Δυνατὸς
1225 4329 1336 4398 γάρ
1356 4332 1525 4384 ἐστιν
1541 4335 1572 4384 ὀ
1588 4331 1751 4397 Θεὸς,

171 4417 352 4482 καθὼς
381 4414 532 4473 εἶπεν
552 4419 570 4492 [
587 4420 858 4491 Ἰωάννης,
885 4423 1093 4494 ἐγεῖραι
1113 4421 1300 4494 τέκνα]
1326 4422 1428 4493 υἱῷ
1446 4439 1458 4452 ⁸
1481 4425 1753 4492 Ἕγειρον

167 4510 353 4562 τέκνα
380 4508 456 4574 τῷ
489 4510 734 4582 Ἀϐραὰμ
761 4513 830 4566 ἐκ
858 4511 974 4565 τῶν
995 4514 1182 4568 λίθων
1205 4515 1453 4567 τούτων.

240 4602 330 4658 16.
374 4604 483 4655 Καὶ
525 4606 623 4675 τὴν
669 4604 1042 4677 σκληροτάτην
1075 4605 1256 4660 αὐτῶν
1295 4606 1536 4660 διάνοιαν
1571 4609 1653 4671 είς
1683 4605 1752 4660 τά

165 4693 480 4766 χάρίσματα
507 4697 692 4752 αὑτοῦ.

241 4789 326 4842 17.
356 4791 467 4860 Οὐχ
491 4792 566 4844 ὅτ’
594 4791 734 4858 ἄξιοί
767 4793 958 4863 ἐσμεν,
982 4793 1140 4846 τοῦτο
1171 4792 1251 4864 (5)
1280 4792 1540 4862 ἐποίησας
1565 4794 1605 4855 ’Ξ

241 4881 329 4936 18.
371 4846 508 4935 Ἀλλ’
540 4884 627 4936 ἵνα
642 4846 874 4956 ὸοεασθιῇ
900 4846 962 4940 τὸ
990 4846 1301 4957 ὅνομάκσόυ,
1327 4846 1741 4956 ὅτιιφιλάνθρω-
1780 4846 1826 4901 D

169 4991 271 5037 πος
300 4972 394 5027 καὶ
425 4975 672 5046 ἐλεήμων
705 4972 772 5032 εἶ.

241 5065 326 5120 19.
363 5066 461 5120 Διά
491 5067 550 5119 τὸ
582 5068 729 5132 ἔλεός
760 5085 852 5122 σου
878 5069 972 5122 καὶ
1000 5069 1098 5140 τὴν
1126 5069 1385 5142 ἀλήθεάιν
1420 5085 1536 5122 σου.

237 5158 327 5213 9.0.
359 5158 474 5212 'Iva.
509 5159 584 5230 μὴ
615 5163 996 5231 καυχήσωνται
1020 5164 1076 5215 αἱ
1102 5163 1340 5216 ἐναντίαι
1370 5163 1627 5233 δυνάμεις
1649 5158 1744 5215 λέ-

166 5267 361 5320 γουσαι
381 5266 393 5279 ·
425 5249 534 5302 Ποῦ
566 5252 712 5304 ἐστιν
738 5254 768 5305 ὁ
791 5251 923 5316 Θεὸς
949 5255 977 5306 ὁ
1010 5254 1238 5324 ποιήσας
1272 5252 1471 5316 αὐτούς
1497 5269 1511 5318 ;

238 5385 285 5418 ι’
315 5385 504 5440 Matth.
533 5402 617 5453 tu,
663 5388 718 5444 9.

1925 2218 1976 2272 6.
2017 2216 2272 2271 Iordanis
2317 2218 2704 2289 interpretatur
2735 2223 2788 2275 in
2827 2234 3062 2280 extremo
3089 2241 3108 2277 :
3135 2227 3431 2283 multitudo

1858 2309 2026 2381 igitur
2061 2309 2299 2380 gentium
2338 2313 2564 2367 secessit
2602 2313 2671 2366 ab
2717 2315 3048 2380 idololatria,
3084 2330 3137 2373 et
3181 2322 3330 2375 venit
3364 2323 3430 2375 ad

1857 2402 2140 2472 antiquum
2179 2401 2490 2470 Dominum,
2517 2416 2573 2460 et
2601 2404 2914 2462 Creatorem
2942 2408 3150 2465 Jesum.

1931 2583 1981 2637 7.
2023 2582 2308 2654 Propheta:
2375 2584 2653 2639 exsultant
2728 2585 2893 2640 etiam
2948 2587 3004 2641 in
3071 2588 3432 2646 conversione

1858 2675 2132 2746 gentium:

1927 2766 1980 2824 8.
2023 2768 2089 2822 Et
2121 2769 2214 2838 qui
2241 2784 2307 2823 ex
2352 2769 2628 2839 prophetis
2675 2769 2780 2824 orti
2831 2777 2980 2836 sunt,
3035 2770 3140 2824 hoc
3168 2780 3254 2825 est
3299 2785 3434 2840 apo-

1859 2858 1980 2913 stoli
2015 2859 2156 2913 sicut
2188 2859 2357 2913 colles
2395 2873 2462 2912 ex
2493 2859 2794 2914 montibus.

1930 2950 1984 3004 9.
2025 2949 2164 3017 Quid
2215 2959 2299 3004 est
2339 2950 2457 3012 tibi,
2487 2949 2812 3016 idololatria,
2849 2950 2994 3020 quod
3043 2948 3248 3022 fugisti,
3286 2951 3432 3023 quod

1858 3043 1962 3098 sul)
1987 3043 2266 3112 prophetis
2297 3058 2408 3097 non
2453 3042 2629 3098 fecisti
2653 3044 2677 3097 ?

1932 3132 2016 3186 10.
2061 3132 2126 3187 Et
2157 3149 2277 3201 vos,
2320 3143 2505 3204 gentes
2540 3151 2752 3201 omnes,
2799 3135 2944 3205 quod
2982 3136 3327 3193 abscessistis
3365 3139 3434 3192 ab

1859 3225 2163 3280 idololatria
2187 3225 2211 3278 ?

1934 3318 2022 3372 11.
2067 3316 2132 3372 Ει
2162 3333 2282 3380 vos.
2306 3318 2604 3389 prophetae,
2639 3319 2785 3390 quod
2817 3321 2951 3376 adeo
2981 3321 3330 3377 exsultastis?

1934 3410 2020 3464 l2.
2062 3409 2324 3466 Similiter
2366 3413 2529 3466 etiam
2575 3427 2692 3478 vos,
2728 3414 2822 3484 qui
2866 3429 2932 3468 ex
2981 3415 3260 3483 prophetis
3300 3415 3433 3470 estis

1783 3501 1828 3562 C
1861 3503 2115 3571 apostoli,
2145 3518 2243 3556 cur
2272 3503 2345 3555 ita
2387 3503 2677 3571 gaudetis?

1927 3593 2014 3646 15.
2060 3591 2234 3647 Simul
2281 3608 2472 3648 omnes
2525 3593 2901 3663 respondent:
2957 3595 3261 3650 idololatria
3307 3596 3431 3666 qui—

1854 3683 1978 3739 dem
2029 3684 2369 3749 lamentans,
2427 3694 2615 3755 gentes
2672 3697 2877 3747 autem,
2926 3694 2981 3740 et
3035 3687 3330 3756 prophetat,
3381 3697 3434 3741 et

1855 3776 2089 3846 apostoli
2138 3777 2436 3848 gaudentes
2494 3776 2755 3843 clamant,
2813 3776 3097 3847 quoniam,
3139 3786 3434 3847 apparento

1857 3869 1968 3925 Deo
2020 3871 2073 3924 in
2111 3879 2276 3933 terra.
2311 3885 2502 3925 omnes
2548 3871 2797 3925 translati
2830 3879 2959 3926 sunt
3002 3871 3057 3925 in
3092 3870 3211 3940 ejus
3245 3868 3433 3939 cogni-

1855 3962 2078 4014 tionem.

1929 4051 2016 4104 M.
2051 4050 2134 4104 Ah
2163 4050 2395 4104 adventu
2427 4048 2543 4116 Dei,
2578 4049 2670 4119 qui
2708 4051 3063 4104 annuntiatus
3093 4058 3218 4105 est:
3262 4049 3429 4104 Iacob

1855 4143 2001 4195 enim
2045 4142 2437 4213 interpretatur
2467 4143 2693 4197 auditio.

1929 4235 2016 4289 15.
2065 4233 2168 4300 Qui
2221 4245 2552 4290 transmutat
2615 4234 2828 4306 lapidea
2873 4236 3115 4306 gentium
3161 4236 3324 4290 corda
3375 4235 3429 4289 in

1856 4329 2085 4397 gratiam
2123 4346 2133 4377 :
2169 4327 2431 4392 Quoniam
2464 4338 2644 4396 potens
2677 4338 2754 4382 est
2781 4327 2943 4393 Deus,
2975 4329 3432 4397 quemadmodum

1854 4420 1990 4474 dixit
2014 4418 2252 4475 Joannes
2277 4462 2292 4486 ,
2335 4421 2594 4474 suscitare
2639 4421 2780 4490 ﬁlios
2821 4421 3090 4473 Abraham
3134 4422 3197 4473 de
3235 4422 3433 4490 lapidi-

1857 4513 1951 4565 bus
1986 4513 2104 4565 istis
2144 4512 2212 4566 "’.

1928 4602 2015 4657 16.
2061 4601 2125 4658 Et
2153 4602 2505 4658 durissimam
2525 4603 2742 4658 illarum
2772 4611 3008 4659 mentem
3035 4604 3090 4658 in
3120 4604 3240 4674 ejus
3263 4604 3429 4659 dona.

1927 4783 2014 4840 17.
2055 4780 2174 4838 Non
2209 4783 2335 4854 quia
2368 4799 2467 4839 nos
2499 4784 2647 4855 digni
2679 4784 2875 4848 simus,
2901 4784 3006 4838 hoc
3034 4781 3213 4837 fecisti
3247 4799 3262 4835 :

1927 4876 2013 4932 18.
2057 4875 2163 4930 Sed
2204 4886 2266 4931 ut
2312 4876 2642 4946 glorificetur
2686 4892 2883 4931 nomen
2936 4884 3114 4942 tuum,
3171 4875 3430 4946 quoniam

1848 4969 2116 5040 benignus
2147 4977 2201 5023 et
2237 4969 2554 5023 misericors
2603 4985 2683 5023 es.

1919 5062 2006 5117 19.
2028 5061 2254 5132 Propter
2275 5061 2698 5116 misericordiam
2721 5069 2867 5116 tuam
2884 5072 2937 5118 et
2956 5063 3232 5118 veritatem
3260 5069 3429 5117 tuam.

1915 5155 2008 5211 20.
2047 5153 2128 5209 Ne
2170 5155 2473 5225 glorientur
2524 5154 2851 5210 adversariae
2896 5165 3194 5225 potestates
3241 5155 3431 5210 dicen-

1847 5258 1930 5304 tes
1956 5267 1970 5303 :
2004 5247 2098 5302 ubi
2128 5257 2211 5303 est
2237 5246 2379 5302 Deus
2409 5248 2502 5317 qui
2541 5245 2669 5302 fecit
2695 5247 2828 5303 eos?

1122 5484 1426 5545 Addenda
1462 5490 1522 5545 et
1553 5477 1932 5559 corrigenda
1975 5494 2055 5539 ex
2091 5477 2230 5538 cod.
2267 5477 2472 5538 Vatic.

174 5620 640 5756 δοξυωὲῗρδάνης
685 5621 1044 5695 ἑρμηνεύεται
1091 5628 1159 5700 γῆ
1208 5630 1433 5702 ἐσχάτη.
1488 5633 1560 5686 Tt
1609 5629 1747 5700 πλῆ-

359 5759 743 5826 ’Λγαλλιῶνται
773 5763 861 5815 ἐπὶ
889 5767 976 5835 τῆ,
1003 5774 1108 5823 etc.

239 5758 320 5902 ἓ)
350 5829 457 5882 Τοῦ
490 5832 872 5902 κηρυχθέντος.
928 5822 937 5836 ’

263 5829 320 5901 5)
350 5829 457 5882 Τοῦ
490 5832 872 5902 κηρυχθέντος.

1930 5619 2005 5689 (4)
2039 5622 2479 5686 Μεταόάλλοντος
2501 5664 2515 5686 ,
2549 5634 2679 5687 etc.,
2713 5623 2811 5704 τῂν
2849 5623 3007 5747 χάθριν
3060 5620 3224 5675 αὑτοῦ
3246 5663 3260 5686 ,
3296 5631 3430 5683 etc..

1930 5691 2032 5747 θὼς
2063 5689 2214 5744 εἶπεν
2252 5695 2533 5747 Ἰωάννης·
2577 5695 2669 5747 Ἐκ
2707 5711 2813 5746 των
2890 5696 2903 5746 ί
2941 5713 3014 5747 ων
3048 5691 3253 5746 τούτων
3286 5693 3430 5747 ἐγεῖ-

1852 5691 2032 5753 καθὼς
2063 5689 2214 5744 εἶπεν
2252 5695 2533 5762 Ἰωάννης·
2577 5695 2669 5748 Ἐκ
2707 5689 2813 5746 τῶν
2849 5689 3014 5748 λίθων
3048 5691 3253 5746 τούτων
3286 5693 3431 5760 ἐγεῖ-

1851 5762 2138 5834 ραι-τέκνα
2164 5763 2241 5834 τῷ
2276 5763 2545 5834 Ἀϐραάμ.

1923 5831 1999 5902 (5)
2031 5831 2247 5903 Ἐσμὲν,
2288 5831 2458 5904 Κύριε
2479 5831 2499 5863 ·’
2520 5837 2618 5902 οὐκ
2638 5836 2718 5888 ὅτι
2743 5834 2884 5901 ἄξιοί
2910 5832 3296 5904 ἐσμεν,τοῦτο,
3318 5841 3426 5886 etc.
