  <div class='ocr_page' id='page_1' title='image "/cluster/home/n/w/nwhite01/storage/ocr_20150623/27/ien.35556001660521/591.png"; bbox 0 0 4018 6474; ppageno 0'>
   <div class='ocr_carea' id='block_1_1' title="bbox 619 363 3892 434">
    <p class='ocr_par' dir='ltr' id='par_1_1' title="bbox 619 363 3892 434">
     <span class='ocr_line' id='line_1_1' title="bbox 619 363 3892 434; baseline 0.004 -14"><span class='ocrx_word' id='word_1_1' title='bbox 619 365 754 421; x_wconf 75' lang='lat'><strong>“59</strong></span> <span class='ocrx_word' id='word_1_2' title='bbox 1459 364 1516 421; x_wconf 87' lang='lat' dir='ltr'><em>S.</em></span> <span class='ocrx_word' id='word_1_3' title='bbox 1558 363 1929 419; x_wconf 80' lang='lat' dir='ltr'><strong>ATHANASII</strong></span> <span class='ocrx_word' id='word_1_4' title='bbox 1968 365 2120 422; x_wconf 84' lang='lat' dir='ltr'><strong>OPP.</strong></span> <span class='ocrx_word' id='word_1_5' title='bbox 2162 365 2340 422; x_wconf 73' lang='lat' dir='ltr'><strong>PARS</strong></span> <span class='ocrx_word' id='word_1_6' title='bbox 2381 367 2466 421; x_wconf 89' lang='lat' dir='ltr'><strong>lll.</strong></span> <span class='ocrx_word' id='word_1_7' title='bbox 2511 400 2578 409; x_wconf 94' lang='lat'><strong><em>—</em></strong></span> <span class='ocrx_word' id='word_1_8' title='bbox 2611 369 3020 424; x_wconf 66' lang='lat' dir='ltr'><strong>EXEGETICA.</strong></span> <span class='ocrx_word' id='word_1_9' title='bbox 3765 377 3892 434; x_wconf 78' lang='lat'><strong>“60</strong></span> 
     </span>
    </p>
   </div>
   <div class='ocr_carea' id='block_1_2' title="bbox 687 480 2274 567">
    <p class='ocr_par' dir='ltr' id='par_1_2' title="bbox 687 480 2259 546">
     <span class='ocr_line' id='line_1_2' title="bbox 687 480 2259 546; baseline 0.003 -11"><span class='ocrx_word' id='word_1_10' title='bbox 687 483 777 535; x_wconf 92' lang='lat'><strong>2|.</strong></span> <span class='ocrx_word' id='word_1_11' title='bbox 825 480 966 537; x_wconf 86' lang='lat' dir='ltr'><strong>Deus</strong></span> <span class='ocrx_word' id='word_1_12' title='bbox 995 489 1173 536; x_wconf 91' lang='lat' dir='ltr'><strong>autem</strong></span> <span class='ocrx_word' id='word_1_13' title='bbox 1219 490 1404 536; x_wconf 97' lang='lat' dir='ltr'><strong>noster</strong></span> <span class='ocrx_word' id='word_1_14' title='bbox 1429 480 1484 534; x_wconf 90' lang='lat' dir='ltr'><strong>in</strong></span> <span class='ocrx_word' id='word_1_15' title='bbox 1527 481 1666 535; x_wconf 64' lang='lat' dir='ltr'><strong>coelo</strong></span> <span class='ocrx_word' id='word_1_16' title='bbox 1699 490 1753 536; x_wconf 84' lang='lat' dir='ltr'><strong>et</strong></span> <span class='ocrx_word' id='word_1_17' title='bbox 1793 483 1844 536; x_wconf 90' lang='lat' dir='ltr'><strong>in</strong></span> <span class='ocrx_word' id='word_1_18' title='bbox 1879 492 2043 546; x_wconf 84' lang='lat' dir='ltr'><strong>terra,</strong></span> <span class='ocrx_word' id='word_1_19' title='bbox 2217 491 2259 545; x_wconf 81' lang='grc' dir='ltr'>Α</span> 
     </span>
    </p>
   </div>
   <div class='ocr_carea' id='block_1_3' title="bbox 2241 480 3828 567">
    <p class='ocr_par' dir='ltr' id='par_1_3' title="bbox 2241 485 3828 567">
     <span class='ocr_line' id='line_1_3' title="bbox 2241 485 3828 567; baseline 0.007 -31"><span class='ocrx_word' id='word_1_20' title='bbox 2241 492 2259 545; x_wconf 65' lang='grc' dir='ltr'><strong>ι</strong></span> <span class='ocrx_word' id='word_1_21' title='bbox 2358 485 2446 537; x_wconf 83' lang='lat'><strong>2|.</strong></span> <span class='ocrx_word' id='word_1_22' title='bbox 2492 487 2548 534; x_wconf 83' lang='lat' dir='ltr'><strong>&#39;O</strong></span> <span class='ocrx_word' id='word_1_23' title='bbox 2575 486 2629 538; x_wconf 77' lang='grc' dir='ltr'><strong>δέ</strong></span> <span class='ocrx_word' id='word_1_24' title='bbox 2654 486 2785 550; x_wconf 77' lang='grc' dir='ltr'>Θεὸς</span> <span class='ocrx_word' id='word_1_25' title='bbox 2817 488 2973 557; x_wconf 76' lang='grc' dir='ltr'>ἡμῶν</span> <span class='ocrx_word' id='word_1_26' title='bbox 3002 491 3056 540; x_wconf 78' lang='grc' dir='ltr'><strong>ἐν</strong></span> <span class='ocrx_word' id='word_1_27' title='bbox 3086 488 3394 561; x_wconf 76' lang='grc' dir='ltr'>τῷούρανῷ</span> <span class='ocrx_word' id='word_1_28' title='bbox 3427 493 3521 546; x_wconf 72' lang='grc' dir='ltr'><strong>καὶ</strong></span> <span class='ocrx_word' id='word_1_29' title='bbox 3547 496 3605 546; x_wconf 82' lang='grc' dir='ltr'><strong>ἐν</strong></span> <span class='ocrx_word' id='word_1_30' title='bbox 3639 499 3704 564; x_wconf 62' lang='grc' dir='ltr'>τῇ</span> 
     </span>
    </p>
   </div>
   <div class='ocr_carea' id='block_1_4' title="bbox 688 571 2275 653">
    <p class='ocr_par' dir='ltr' id='par_1_4' title="bbox 688 571 1762 643">
     <span class='ocr_line' id='line_1_4' title="bbox 688 571 1762 643; baseline 0.001 -18"><span class='ocrx_word' id='word_1_31' title='bbox 688 573 779 626; x_wconf 90' lang='lat'><strong>22.</strong></span> <span class='ocrx_word' id='word_1_32' title='bbox 823 571 1017 627; x_wconf 85' lang='lat' dir='ltr'><strong>Omnia</strong></span> <span class='ocrx_word' id='word_1_33' title='bbox 1046 587 1388 643; x_wconf 65' lang='lat' dir='ltr'><strong>quaecunque</strong></span> <span class='ocrx_word' id='word_1_34' title='bbox 1421 573 1593 627; x_wconf 86' lang='lat' dir='ltr'><strong>voluit</strong></span> <span class='ocrx_word' id='word_1_35' title='bbox 1617 573 1762 628; x_wconf 82' lang='lat' dir='ltr'><strong>fecit.</strong></span> 
     </span>
    </p>
   </div>
   <div class='ocr_carea' id='block_1_5' title="bbox 1779 571 3366 653">
    <p class='ocr_par' dir='ltr' id='par_1_5' title="bbox 2361 578 3366 653">
     <span class='ocr_line' id='line_1_5' title="bbox 2361 578 3366 653; baseline 0.007 -24"><span class='ocrx_word' id='word_1_36' title='bbox 2361 578 2450 630; x_wconf 80' lang='lat'><em>2&#39;2.</em></span> <span class='ocrx_word' id='word_1_37' title='bbox 2489 579 2676 632; x_wconf 77' lang='grc' dir='ltr'>Πάντα</span> <span class='ocrx_word' id='word_1_38' title='bbox 2705 580 2804 632; x_wconf 81' lang='grc' dir='ltr'><strong>ὅσα</strong></span> <span class='ocrx_word' id='word_1_39' title='bbox 2837 581 3096 650; x_wconf 71' lang='grc' dir='ltr'>ἠθέλησεν</span> <span class='ocrx_word' id='word_1_40' title='bbox 3127 584 3366 653; x_wconf 77' lang='grc' dir='ltr'>ἐποίησε.</span> 
     </span>
    </p>
   </div>
   <div class='ocr_carea' id='block_1_6' title="bbox 687 665 2274 750">
    <p class='ocr_par' dir='ltr' id='par_1_6' title="bbox 687 665 2056 736">
     <span class='ocr_line' id='line_1_6' title="bbox 687 665 2056 736; baseline 0.001 -18"><span class='ocrx_word' id='word_1_41' title='bbox 687 666 777 719; x_wconf 78' lang='lat'><em>25.</em></span> <span class='ocrx_word' id='word_1_42' title='bbox 821 665 1122 720; x_wconf 87' lang='lat' dir='ltr'><strong>Simulacra</strong></span> <span class='ocrx_word' id='word_1_43' title='bbox 1151 666 1392 736; x_wconf 72' lang='lat' dir='ltr'><strong>gentium</strong></span> <span class='ocrx_word' id='word_1_44' title='bbox 1424 675 1710 735; x_wconf 82' lang='lat' dir='ltr'><strong>argentum</strong></span> <span class='ocrx_word' id='word_1_45' title='bbox 1751 674 1806 721; x_wconf 90' lang='lat' dir='ltr'><strong>et</strong></span> <span class='ocrx_word' id='word_1_46' title='bbox 1840 680 2056 732; x_wconf 86' lang='lat' dir='ltr'><strong>aurum,</strong></span> 
     </span>
    </p>
   </div>
   <div class='ocr_carea' id='block_1_7' title="bbox 2224 665 3811 750">
    <p class='ocr_par' dir='ltr' id='par_1_7' title="bbox 2362 668 3811 750">
     <span class='ocr_line' id='line_1_7' title="bbox 2362 668 3811 750; baseline 0.009 -29"><span class='ocrx_word' id='word_1_47' title='bbox 2362 668 2449 722; x_wconf 85' lang='lat'><em>25.</em></span> <span class='ocrx_word' id='word_1_48' title='bbox 2483 670 2561 722; x_wconf 79' lang='grc' dir='ltr'>Τὰ</span> <span class='ocrx_word' id='word_1_49' title='bbox 2584 669 2776 722; x_wconf 77' lang='grc' dir='ltr'>εἴδωλα</span> <span class='ocrx_word' id='word_1_50' title='bbox 2799 671 2906 724; x_wconf 79' lang='grc' dir='ltr'>τῶν</span> <span class='ocrx_word' id='word_1_51' title='bbox 2934 671 3103 724; x_wconf 79' lang='grc' dir='ltr'>ἐθνῶν</span> <span class='ocrx_word' id='word_1_52' title='bbox 3132 673 3411 745; x_wconf 55' lang='grc' dir='ltr'>ἀργύριον</span> <span class='ocrx_word' id='word_1_53' title='bbox 3433 677 3527 730; x_wconf 65' lang='grc' dir='ltr'><strong>καὶ</strong></span> <span class='ocrx_word' id='word_1_54' title='bbox 3561 681 3762 750; x_wconf 63' lang='grc' dir='ltr'>χρυσία</span> <span class='ocrx_word' id='word_1_55' title='bbox 3775 697 3811 745; x_wconf 73' lang='grc'><strong>),</strong></span> 
     </span>
    </p>
   </div>
   <div class='ocr_carea' id='block_1_8' title="bbox 686 758 2273 835">
    <p class='ocr_par' dir='ltr' id='par_1_8' title="bbox 686 758 1630 828">
     <span class='ocr_line' id='line_1_8' title="bbox 686 758 1630 828; baseline 0.002 -17"><span class='ocrx_word' id='word_1_56' title='bbox 686 759 774 812; x_wconf 70' lang='lat' dir='ltr'><strong>2i.</strong></span> <span class='ocrx_word' id='word_1_57' title='bbox 821 758 995 828; x_wconf 87' lang='lat' dir='ltr'><strong>Opera</strong></span> <span class='ocrx_word' id='word_1_58' title='bbox 1028 775 1286 813; x_wconf 86' lang='lat' dir='ltr'><strong>manuum</strong></span> <span class='ocrx_word' id='word_1_59' title='bbox 1323 758 1630 813; x_wconf 86' lang='lat' dir='ltr'><strong>hominum.</strong></span> 
     </span>
    </p>
   </div>
   <div class='ocr_carea' id='block_1_9' title="bbox 1653 758 3240 835">
    <p class='ocr_par' dir='ltr' id='par_1_9' title="bbox 2280 761 3240 835">
     <span class='ocr_line' id='line_1_9' title="bbox 2280 761 3240 835; baseline 0.006 -23"><span class='ocrx_word' id='word_1_60' title='bbox 2280 825 2283 827; x_wconf 7' lang='grc' dir='ltr'><em>ἓ</em></span> <span class='ocrx_word' id='word_1_61' title='bbox 2361 761 2449 813; x_wconf 62' lang='grc'><strong>24.</strong></span> <span class='ocrx_word' id='word_1_62' title='bbox 2483 763 2658 832; x_wconf 72' lang='grc' dir='ltr'>Ἔργα</span> <span class='ocrx_word' id='word_1_63' title='bbox 2692 762 2888 832; x_wconf 81' lang='grc' dir='ltr'>χειρῶν</span> <span class='ocrx_word' id='word_1_64' title='bbox 2917 763 3240 835; x_wconf 79' lang='grc' dir='ltr'>ἀνθρώπων.</span> 
     </span>
    </p>
   </div>
   <div class='ocr_carea' id='block_1_10' title="bbox 685 851 2272 932">
    <p class='ocr_par' dir='ltr' id='par_1_10' title="bbox 685 851 1752 920">
     <span class='ocr_line' id='line_1_10' title="bbox 685 851 1752 920; baseline -0.002 -15"><span class='ocrx_word' id='word_1_65' title='bbox 685 853 773 905; x_wconf 77' lang='lat'><em>25.</em></span> <span class='ocrx_word' id='word_1_66' title='bbox 816 851 890 905; x_wconf 87' lang='lat' dir='ltr'><strong>Os</strong></span> <span class='ocrx_word' id='word_1_67' title='bbox 926 851 1144 912; x_wconf 81' lang='lat' dir='ltr'><strong>habent,</strong></span> <span class='ocrx_word' id='word_1_68' title='bbox 1186 859 1239 904; x_wconf 88' lang='lat' dir='ltr'><strong>et</strong></span> <span class='ocrx_word' id='word_1_69' title='bbox 1268 865 1378 903; x_wconf 91' lang='lat' dir='ltr'><strong>non</strong></span> <span class='ocrx_word' id='word_1_70' title='bbox 1414 851 1752 920; x_wconf 79' lang='lat' dir='ltr'><strong>loquentur:</strong></span> 
     </span>
    </p>
   </div>
   <div class='ocr_carea' id='block_1_11' title="bbox 1924 851 3511 932">
    <p class='ocr_par' dir='ltr' id='par_1_11' title="bbox 2360 854 3511 932">
     <span class='ocr_line' id='line_1_11' title="bbox 2360 854 3511 932; baseline 0.008 -26"><span class='ocrx_word' id='word_1_71' title='bbox 2360 854 2452 908; x_wconf 71' lang='lat'><em>25.</em></span> <span class='ocrx_word' id='word_1_72' title='bbox 2488 855 2670 925; x_wconf 82' lang='grc' dir='ltr'>Στόμα</span> <span class='ocrx_word' id='word_1_73' title='bbox 2703 856 2903 926; x_wconf 79' lang='grc' dir='ltr'>ἔχουσι,</span> <span class='ocrx_word' id='word_1_74' title='bbox 2939 857 3032 911; x_wconf 72' lang='grc' dir='ltr'><strong>καὶ</strong></span> <span class='ocrx_word' id='word_1_75' title='bbox 3062 860 3120 910; x_wconf 75' lang='grc' dir='ltr'><strong>οὐ</strong></span> <span class='ocrx_word' id='word_1_76' title='bbox 3153 859 3474 932; x_wconf 74' lang='grc' dir='ltr'><strong>λαλήσουσιν</strong></span> <span class='ocrx_word' id='word_1_77' title='bbox 3499 881 3511 893; x_wconf 91' lang='grc'><strong>·</strong></span> 
     </span>
    </p>
   </div>
   <div class='ocr_carea' id='block_1_12' title="bbox 690 942 2277 1023">
    <p class='ocr_par' dir='ltr' id='par_1_12' title="bbox 690 942 1812 1008">
     <span class='ocr_line' id='line_1_12' title="bbox 690 942 1812 1008; baseline -0.001 -11"><span class='ocrx_word' id='word_1_78' title='bbox 690 945 781 997; x_wconf 84' lang='lat'><em>26.</em></span> <span class='ocrx_word' id='word_1_79' title='bbox 824 943 1025 998; x_wconf 90' lang='lat' dir='ltr'><strong>Oculos</strong></span> <span class='ocrx_word' id='word_1_80' title='bbox 1059 944 1277 1008; x_wconf 87' lang='lat' dir='ltr'><strong>habent,</strong></span> <span class='ocrx_word' id='word_1_81' title='bbox 1305 951 1361 998; x_wconf 84' lang='lat' dir='ltr'><strong>ct</strong></span> <span class='ocrx_word' id='word_1_82' title='bbox 1389 959 1497 997; x_wconf 90' lang='lat' dir='ltr'><strong>non</strong></span> <span class='ocrx_word' id='word_1_83' title='bbox 1529 942 1812 997; x_wconf 77' lang='lat' dir='ltr'><strong>videbunt.</strong></span> 
     </span>
    </p>
   </div>
   <div class='ocr_carea' id='block_1_13' title="bbox 2005 942 3592 1023">
    <p class='ocr_par' dir='ltr' id='par_1_13' title="bbox 2361 947 3592 1023">
     <span class='ocr_line' id='line_1_13' title="bbox 2361 947 3592 1023; baseline 0.006 -23"><span class='ocrx_word' id='word_1_84' title='bbox 2361 947 2449 1000; x_wconf 82' lang='lat' dir='ltr'><em>2G.</em></span> <span class='ocrx_word' id='word_1_85' title='bbox 2490 947 2827 1017; x_wconf 71' lang='grc' dir='ltr'>Ὀφθαλμοὺς</span> <span class='ocrx_word' id='word_1_86' title='bbox 2864 949 3067 1019; x_wconf 79' lang='grc' dir='ltr'>έχουσι,</span> <span class='ocrx_word' id='word_1_87' title='bbox 3102 953 3198 1004; x_wconf 71' lang='grc' dir='ltr'><strong>καὶ</strong></span> <span class='ocrx_word' id='word_1_88' title='bbox 3226 955 3323 1005; x_wconf 72' lang='grc' dir='ltr'><strong>οὐκ</strong></span> <span class='ocrx_word' id='word_1_89' title='bbox 3349 955 3592 1023; x_wconf 62' lang='grc' dir='ltr'>ὄψονται.</span> 
     </span>
    </p>
   </div>
   <div class='ocr_carea' id='block_1_14' title="bbox 680 1035 2267 1110">
    <p class='ocr_par' dir='ltr' id='par_1_14' title="bbox 680 1035 1764 1100">
     <span class='ocr_line' id='line_1_14' title="bbox 680 1035 1764 1100; baseline 0.001 -14"><span class='ocrx_word' id='word_1_90' title='bbox 680 1036 769 1087; x_wconf 75' lang='lat'><em>27.</em></span> <span class='ocrx_word' id='word_1_91' title='bbox 815 1036 988 1089; x_wconf 76' lang='lat' dir='ltr'><strong>Aures</strong></span> <span class='ocrx_word' id='word_1_92' title='bbox 1017 1037 1241 1100; x_wconf 87' lang='lat' dir='ltr'><strong>habent,</strong></span> <span class='ocrx_word' id='word_1_93' title='bbox 1274 1045 1330 1090; x_wconf 91' lang='lat' dir='ltr'><strong>ct</strong></span> <span class='ocrx_word' id='word_1_94' title='bbox 1356 1051 1464 1090; x_wconf 91' lang='lat' dir='ltr'><strong>non</strong></span> <span class='ocrx_word' id='word_1_95' title='bbox 1498 1035 1722 1088; x_wconf 89' lang='lat' dir='ltr'><strong>audient</strong></span> <span class='ocrx_word' id='word_1_96' title='bbox 1751 1053 1764 1088; x_wconf 93' lang='lat'><strong>:</strong></span> 
     </span>
    </p>
   </div>
   <div class='ocr_carea' id='block_1_15' title="bbox 1894 1035 3481 1110">
    <p class='ocr_par' dir='ltr' id='par_1_15' title="bbox 2361 1037 3481 1110">
     <span class='ocr_line' id='line_1_15' title="bbox 2361 1037 3481 1110; baseline 0.003 -16"><span class='ocrx_word' id='word_1_97' title='bbox 2361 1041 2448 1094; x_wconf 85' lang='lat'><em>27.</em></span> <span class='ocrx_word' id='word_1_98' title='bbox 2477 1037 2614 1092; x_wconf 84' lang='grc' dir='ltr'>Ὦτα</span> <span class='ocrx_word' id='word_1_99' title='bbox 2643 1039 2844 1110; x_wconf 77' lang='grc' dir='ltr'>έχουσι,</span> <span class='ocrx_word' id='word_1_100' title='bbox 2874 1043 2966 1094; x_wconf 76' lang='grc' dir='ltr'><strong>καὶ</strong></span> <span class='ocrx_word' id='word_1_101' title='bbox 2996 1043 3095 1095; x_wconf 68' lang='grc' dir='ltr'>οὐκ</span> <span class='ocrx_word' id='word_1_102' title='bbox 3125 1043 3448 1097; x_wconf 82' lang='grc' dir='ltr'>ἀκούσονται</span> <span class='ocrx_word' id='word_1_103' title='bbox 3469 1062 3481 1074; x_wconf 94' lang='grc'><strong>·</strong></span> 
     </span>
    </p>
   </div>
   <div class='ocr_carea' id='block_1_16' title="bbox 680 1124 2267 1208">
    <p class='ocr_par' dir='ltr' id='par_1_16' title="bbox 680 1124 1805 1194">
     <span class='ocr_line' id='line_1_16' title="bbox 680 1124 1805 1194; baseline 0.003 -16"><span class='ocrx_word' id='word_1_104' title='bbox 680 1126 768 1178; x_wconf 85' lang='lat'><strong>28.</strong></span> <span class='ocrx_word' id='word_1_105' title='bbox 811 1124 978 1181; x_wconf 80' lang='lat' dir='ltr'><strong>Nares</strong></span> <span class='ocrx_word' id='word_1_106' title='bbox 1007 1128 1226 1194; x_wconf 82' lang='lat' dir='ltr'><strong>habent,</strong></span> <span class='ocrx_word' id='word_1_107' title='bbox 1260 1136 1312 1182; x_wconf 91' lang='lat' dir='ltr'><strong>et</strong></span> <span class='ocrx_word' id='word_1_108' title='bbox 1336 1141 1445 1180; x_wconf 87' lang='lat' dir='ltr'><strong>non</strong></span> <span class='ocrx_word' id='word_1_109' title='bbox 1478 1126 1805 1181; x_wconf 89' lang='lat' dir='ltr'><strong>odorabunt.</strong></span> 
     </span>
    </p>
   </div>
   <div class='ocr_carea' id='block_1_17' title="bbox 2099 1124 3686 1208">
    <p class='ocr_par' dir='ltr' id='par_1_17' title="bbox 2360 1132 3686 1208">
     <span class='ocr_line' id='line_1_17' title="bbox 2360 1132 3686 1208; baseline 0.007 -24"><span class='ocrx_word' id='word_1_110' title='bbox 2360 1133 2447 1185; x_wconf 84' lang='lat'><em>23.</em></span> <span class='ocrx_word' id='word_1_111' title='bbox 2485 1134 2664 1195; x_wconf 86' lang='grc' dir='ltr'>Ῥῖνας</span> <span class='ocrx_word' id='word_1_112' title='bbox 2697 1132 2899 1202; x_wconf 78' lang='grc' dir='ltr'>ἔχουσι,</span> <span class='ocrx_word' id='word_1_113' title='bbox 2931 1135 3024 1186; x_wconf 73' lang='grc' dir='ltr'><strong>καὶ</strong></span> <span class='ocrx_word' id='word_1_114' title='bbox 3057 1136 3159 1188; x_wconf 74' lang='grc' dir='ltr'><strong>οὐκ</strong></span> <span class='ocrx_word' id='word_1_115' title='bbox 3189 1136 3686 1208; x_wconf 79' lang='grc' dir='ltr'>ὀσφρανθήσονται.</span> 
     </span>
    </p>
   </div>
   <div class='ocr_carea' id='block_1_18' title="bbox 680 1217 2267 1300">
    <p class='ocr_par' dir='ltr' id='par_1_18' title="bbox 680 1217 1859 1289">
     <span class='ocr_line' id='line_1_18' title="bbox 680 1217 1859 1289; baseline 0.002 -19"><span class='ocrx_word' id='word_1_116' title='bbox 680 1219 770 1271; x_wconf 88' lang='lat'><strong>29.</strong></span> <span class='ocrx_word' id='word_1_117' title='bbox 811 1217 1000 1273; x_wconf 84' lang='lat' dir='ltr'><strong>Manus</strong></span> <span class='ocrx_word' id='word_1_118' title='bbox 1037 1219 1257 1284; x_wconf 81' lang='lat' dir='ltr'><strong>habent,</strong></span> <span class='ocrx_word' id='word_1_119' title='bbox 1302 1228 1356 1274; x_wconf 87' lang='lat' dir='ltr'><strong>et</strong></span> <span class='ocrx_word' id='word_1_120' title='bbox 1385 1234 1492 1273; x_wconf 87' lang='lat' dir='ltr'><strong>non</strong></span> <span class='ocrx_word' id='word_1_121' title='bbox 1521 1219 1818 1289; x_wconf 80' lang='lat' dir='ltr'><strong>palpabunt</strong></span> <span class='ocrx_word' id='word_1_122' title='bbox 1848 1237 1859 1272; x_wconf 91' lang='lat'><strong><em>:</em></strong></span> 
     </span>
    </p>
   </div>
   <div class='ocr_carea' id='block_1_19' title="bbox 1969 1217 3556 1300">
    <p class='ocr_par' dir='ltr' id='par_1_19' title="bbox 2360 1226 3556 1300">
     <span class='ocr_line' id='line_1_19' title="bbox 2360 1226 3556 1300; baseline 0.004 -21"><span class='ocrx_word' id='word_1_123' title='bbox 2360 1226 2447 1280; x_wconf 87' lang='lat'><strong>29.</strong></span> <span class='ocrx_word' id='word_1_124' title='bbox 2482 1227 2683 1298; x_wconf 84' lang='grc' dir='ltr'>Χεῖρας</span> <span class='ocrx_word' id='word_1_125' title='bbox 2707 1227 2908 1298; x_wconf 74' lang='grc' dir='ltr'>έχουσι,</span> <span class='ocrx_word' id='word_1_126' title='bbox 2939 1229 3033 1280; x_wconf 72' lang='grc' dir='ltr'><strong>καὶ</strong></span> <span class='ocrx_word' id='word_1_127' title='bbox 3059 1229 3119 1280; x_wconf 79' lang='grc' dir='ltr'><strong>ού</strong></span> <span class='ocrx_word' id='word_1_128' title='bbox 3147 1228 3527 1300; x_wconf 75' lang='grc' dir='ltr'>ψηλαφήσουσι</span> <span class='ocrx_word' id='word_1_129' title='bbox 3545 1249 3556 1261; x_wconf 89' lang='grc'><strong>·</strong></span> 
     </span>
    </p>
   </div>
   <div class='ocr_carea' id='block_1_20' title="bbox 689 1311 2276 1394">
    <p class='ocr_par' dir='ltr' id='par_1_20' title="bbox 689 1311 1879 1378">
     <span class='ocr_line' id='line_1_20' title="bbox 689 1311 1879 1378; baseline -0.002 -12"><span class='ocrx_word' id='word_1_130' title='bbox 689 1311 776 1366; x_wconf 81' lang='lat'><strong>50.</strong></span> <span class='ocrx_word' id='word_1_131' title='bbox 815 1311 983 1367; x_wconf 80' lang='lat' dir='ltr'><strong>Pedes</strong></span> <span class='ocrx_word' id='word_1_132' title='bbox 1009 1313 1227 1378; x_wconf 87' lang='lat' dir='ltr'><strong>habent,</strong></span> <span class='ocrx_word' id='word_1_133' title='bbox 1256 1322 1311 1367; x_wconf 88' lang='lat' dir='ltr'><strong>et</strong></span> <span class='ocrx_word' id='word_1_134' title='bbox 1340 1329 1450 1368; x_wconf 93' lang='lat' dir='ltr'><strong>non</strong></span> <span class='ocrx_word' id='word_1_135' title='bbox 1478 1313 1841 1368; x_wconf 87' lang='lat' dir='ltr'><strong>ambulabunt</strong></span> <span class='ocrx_word' id='word_1_136' title='bbox 1869 1331 1879 1364; x_wconf 96' lang='lat'><strong>:</strong></span> 
     </span>
    </p>
   </div>
   <div class='ocr_carea' id='block_1_21' title="bbox 2037 1311 3624 1394">
    <p class='ocr_par' dir='ltr' id='par_1_21' title="bbox 2360 1318 3624 1394">
     <span class='ocr_line' id='line_1_21' title="bbox 2360 1318 3624 1394; baseline 0.003 -22"><span class='ocrx_word' id='word_1_137' title='bbox 2360 1320 2446 1372; x_wconf 87' lang='lat'><strong>50.</strong></span> <span class='ocrx_word' id='word_1_138' title='bbox 2482 1319 2654 1382; x_wconf 83' lang='grc' dir='ltr'>Πόδας</span> <span class='ocrx_word' id='word_1_139' title='bbox 2681 1318 2886 1389; x_wconf 78' lang='grc' dir='ltr'>ἔχουσι,</span> <span class='ocrx_word' id='word_1_140' title='bbox 2913 1320 3006 1372; x_wconf 73' lang='grc' dir='ltr'><strong>καὶ</strong></span> <span class='ocrx_word' id='word_1_141' title='bbox 3034 1321 3094 1373; x_wconf 84' lang='grc' dir='ltr'><strong>οὐ</strong></span> <span class='ocrx_word' id='word_1_142' title='bbox 3127 1325 3624 1394; x_wconf 58' lang='grc' dir='ltr'><strong>περιπατήσουσιν</strong></span> 
     </span>
    </p>
   </div>
   <div class='ocr_carea' id='block_1_22' title="bbox 681 1402 2268 1485">
    <p class='ocr_par' dir='ltr' id='par_1_22' title="bbox 681 1402 1763 1475">
     <span class='ocr_line' id='line_1_22' title="bbox 681 1402 1763 1475; baseline 0.003 -20"><span class='ocrx_word' id='word_1_143' title='bbox 681 1404 770 1459; x_wconf 86' lang='lat'><strong>5|.</strong></span> <span class='ocrx_word' id='word_1_144' title='bbox 802 1402 914 1456; x_wconf 83' lang='lat' dir='ltr'><strong>Non</strong></span> <span class='ocrx_word' id='word_1_145' title='bbox 948 1404 1262 1458; x_wconf 89' lang='lat' dir='ltr'><strong>clamabunt</strong></span> <span class='ocrx_word' id='word_1_146' title='bbox 1295 1405 1348 1458; x_wconf 92' lang='lat' dir='ltr'><strong>in</strong></span> <span class='ocrx_word' id='word_1_147' title='bbox 1386 1414 1608 1475; x_wconf 78' lang='lat' dir='ltr'><strong>gutture</strong></span> <span class='ocrx_word' id='word_1_148' title='bbox 1641 1419 1763 1460; x_wconf 90' lang='lat' dir='ltr'><strong>suo.</strong></span> 
     </span>
    </p>
   </div>
   <div class='ocr_carea' id='block_1_23' title="bbox 2024 1402 3611 1485">
    <p class='ocr_par' dir='ltr' id='par_1_23' title="bbox 2359 1410 3611 1485">
     <span class='ocr_line' id='line_1_23' title="bbox 2359 1410 3611 1485; baseline 0.004 -21"><span class='ocrx_word' id='word_1_149' title='bbox 2359 1410 2447 1464; x_wconf 91' lang='lat'><em>5|.</em></span> <span class='ocrx_word' id='word_1_150' title='bbox 2476 1412 2550 1464; x_wconf 78' lang='grc' dir='ltr'><strong>Οὐ</strong></span> <span class='ocrx_word' id='word_1_151' title='bbox 2581 1412 2919 1482; x_wconf 79' lang='grc' dir='ltr'>φωνήσουσιν</span> <span class='ocrx_word' id='word_1_152' title='bbox 2949 1415 3006 1465; x_wconf 88' lang='grc' dir='ltr'><strong>ἐν</strong></span> <span class='ocrx_word' id='word_1_153' title='bbox 3033 1412 3110 1483; x_wconf 86' lang='grc' dir='ltr'>τῷ</span> <span class='ocrx_word' id='word_1_154' title='bbox 3140 1412 3374 1485; x_wconf 79' lang='grc' dir='ltr'>λάρυγγι</span> <span class='ocrx_word' id='word_1_155' title='bbox 3407 1416 3611 1470; x_wconf 76' lang='grc' dir='ltr'>αὐτῶν.</span> 
     </span>
    </p>
   </div>
   <div class='ocr_carea' id='block_1_24' title="bbox 681 1493 2268 1578">
    <p class='ocr_par' dir='ltr' id='par_1_24' title="bbox 681 1493 2184 1569">
     <span class='ocr_line' id='line_1_24' title="bbox 681 1493 2184 1569; baseline -0.001 -21"><span class='ocrx_word' id='word_1_156' title='bbox 681 1496 767 1549; x_wconf 76' lang='lat'><em>52.</em></span> <span class='ocrx_word' id='word_1_157' title='bbox 804 1494 1022 1551; x_wconf 87' lang='lat' dir='ltr'><strong>Similes</strong></span> <span class='ocrx_word' id='word_1_158' title='bbox 1053 1497 1161 1550; x_wconf 86' lang='lat' dir='ltr'><strong>illis</strong></span> <span class='ocrx_word' id='word_1_159' title='bbox 1194 1496 1322 1550; x_wconf 85' lang='lat' dir='ltr'><strong>ﬁant</strong></span> <span class='ocrx_word' id='word_1_160' title='bbox 1348 1496 1558 1569; x_wconf 75' lang='lat' dir='ltr'><strong>[Neque</strong></span> <span class='ocrx_word' id='word_1_161' title='bbox 1585 1497 1729 1550; x_wconf 90' lang='lat' dir='ltr'><strong>enim</strong></span> <span class='ocrx_word' id='word_1_162' title='bbox 1757 1504 1840 1551; x_wconf 90' lang='lat' dir='ltr'><strong>est</strong></span> <span class='ocrx_word' id='word_1_163' title='bbox 1870 1493 2095 1564; x_wconf 83' lang='lat' dir='ltr'><strong>spiritus</strong></span> <span class='ocrx_word' id='word_1_164' title='bbox 2133 1495 2184 1547; x_wconf 93' lang='lat' dir='ltr'><strong>in</strong></span> 
     </span>
    </p>
   </div>
   <div class='ocr_carea' id='block_1_25' title="bbox 2293 1493 3880 1578">
    <p class='ocr_par' dir='ltr' id='par_1_25' title="bbox 2359 1504 3880 1578">
     <span class='ocr_line' id='line_1_25' title="bbox 2359 1504 3880 1578; baseline 0 -20"><span class='ocrx_word' id='word_1_165' title='bbox 2359 1504 2446 1558; x_wconf 82' lang='lat'><strong>52.</strong></span> <span class='ocrx_word' id='word_1_166' title='bbox 2502 1504 2716 1574; x_wconf 86' lang='grc' dir='ltr'>Ὅμοιοι</span> <span class='ocrx_word' id='word_1_167' title='bbox 2779 1505 2960 1567; x_wconf 72' lang='grc' dir='ltr'>αὐτοῖς</span> <span class='ocrx_word' id='word_1_168' title='bbox 3015 1504 3256 1572; x_wconf 79' lang='grc' dir='ltr'><strong>γένοιντο</strong></span> <span class='ocrx_word' id='word_1_169' title='bbox 3327 1504 3496 1576; x_wconf 83' lang='grc' dir='ltr'>[ούδέ</span> <span class='ocrx_word' id='word_1_170' title='bbox 3567 1508 3684 1578; x_wconf 79' lang='grc' dir='ltr'>γάρ</span> <span class='ocrx_word' id='word_1_171' title='bbox 3740 1511 3880 1560; x_wconf 77' lang='grc' dir='ltr'>ἐστιν</span> 
     </span>
    </p>
   </div>
   <div class='ocr_carea' id='block_1_26' title="bbox 611 1586 2198 1668">
    <p class='ocr_par' dir='ltr' id='par_1_26' title="bbox 611 1586 2184 1660">
     <span class='ocr_line' id='line_1_26' title="bbox 611 1586 2184 1660; baseline -0.002 -18"><span class='ocrx_word' id='word_1_172' title='bbox 611 1605 704 1642; x_wconf 83' lang='lat' dir='ltr'><strong>ore</strong></span> <span class='ocrx_word' id='word_1_173' title='bbox 730 1590 973 1658; x_wconf 89' lang='lat' dir='ltr'><strong>ipsorum</strong></span> <span class='ocrx_word' id='word_1_174' title='bbox 1001 1608 1014 1644; x_wconf 92' lang='lat'>:</span> <span class='ocrx_word' id='word_1_175' title='bbox 1047 1589 1251 1645; x_wconf 88' lang='lat' dir='ltr'><strong>similes</strong></span> <span class='ocrx_word' id='word_1_176' title='bbox 1284 1589 1504 1643; x_wconf 90' lang='lat' dir='ltr'><strong>illorum</strong></span> <span class='ocrx_word' id='word_1_177' title='bbox 1535 1588 1687 1660; x_wconf 77' lang='lat' dir='ltr'><strong>liam]</strong></span> <span class='ocrx_word' id='word_1_178' title='bbox 1723 1589 1818 1658; x_wconf 85' lang='lat' dir='ltr'><strong>qui</strong></span> <span class='ocrx_word' id='word_1_179' title='bbox 1849 1586 2061 1642; x_wconf 81' lang='lat' dir='ltr'><strong>faciunt</strong></span> <span class='ocrx_word' id='word_1_180' title='bbox 2100 1603 2184 1653; x_wconf 80' lang='lat' dir='ltr'><strong>ea,</strong></span> 
     </span>
    </p>
   </div>
   <div class='ocr_carea' id='block_1_27' title="bbox 2290 1586 3877 1668">
    <p class='ocr_par' dir='ltr' id='par_1_27' title="bbox 2290 1597 3877 1668">
     <span class='ocr_line' id='line_1_27' title="bbox 2290 1597 3877 1668; baseline 0.003 -20"><span class='ocrx_word' id='word_1_181' title='bbox 2290 1597 2506 1668; x_wconf 75' lang='grc' dir='ltr'>πνεῦμα</span> <span class='ocrx_word' id='word_1_182' title='bbox 2544 1598 2600 1650; x_wconf 85' lang='grc' dir='ltr'><strong>ἐν</strong></span> <span class='ocrx_word' id='word_1_183' title='bbox 2627 1597 2704 1667; x_wconf 83' lang='grc' dir='ltr'><strong>τῷ</strong></span> <span class='ocrx_word' id='word_1_184' title='bbox 2739 1597 2966 1668; x_wconf 81' lang='grc' dir='ltr'>στόματι</span> <span class='ocrx_word' id='word_1_185' title='bbox 3005 1597 3218 1650; x_wconf 83' lang='grc' dir='ltr'>αὐτῶν·</span> <span class='ocrx_word' id='word_1_186' title='bbox 3257 1599 3433 1668; x_wconf 84' lang='grc' dir='ltr'>ὅμοιοι</span> <span class='ocrx_word' id='word_1_187' title='bbox 3461 1600 3649 1652; x_wconf 74' lang='grc' dir='ltr'>αὐτῶν</span> <span class='ocrx_word' id='word_1_188' title='bbox 3682 1602 3877 1668; x_wconf 65' lang='grc' dir='ltr'>γένων-</span> 
     </span>
    </p>
   </div>
   <div class='ocr_carea' id='block_1_28' title="bbox 2288 1689 3003 1760">
    <p class='ocr_par' dir='ltr' id='par_1_28' title="bbox 2288 1689 3003 1760">
     <span class='ocr_line' id='line_1_28' title="bbox 2288 1689 3003 1760; baseline 0.004 -20"><span class='ocrx_word' id='word_1_189' title='bbox 2288 1689 2405 1760; x_wconf 81' lang='grc' dir='ltr'>ται]</span> <span class='ocrx_word' id='word_1_190' title='bbox 2442 1691 2490 1742; x_wconf 88' lang='grc' dir='ltr'>οἱ</span> <span class='ocrx_word' id='word_1_191' title='bbox 2523 1689 2800 1753; x_wconf 79' lang='grc' dir='ltr'>ποιοῦντες</span> <span class='ocrx_word' id='word_1_192' title='bbox 2835 1690 3003 1755; x_wconf 75' lang='grc' dir='ltr'>αὐτὰ,</span> 
     </span>
    </p>
   </div>
   <div class='ocr_carea' id='block_1_29' title="bbox 681 1781 2268 1856">
    <p class='ocr_par' dir='ltr' id='par_1_29' title="bbox 681 1784 1730 1856">
     <span class='ocr_line' id='line_1_29' title="bbox 681 1784 1730 1856; baseline -0.002 -16"><span class='ocrx_word' id='word_1_193' title='bbox 681 1789 769 1840; x_wconf 76' lang='lat'><strong>35.</strong></span> <span class='ocrx_word' id='word_1_194' title='bbox 801 1786 866 1843; x_wconf 90' lang='lat' dir='ltr'><strong>Et</strong></span> <span class='ocrx_word' id='word_1_195' title='bbox 891 1802 1085 1842; x_wconf 90' lang='lat' dir='ltr'><strong>omnes</strong></span> <span class='ocrx_word' id='word_1_196' title='bbox 1124 1787 1216 1856; x_wconf 86' lang='lat' dir='ltr'><strong>qui</strong></span> <span class='ocrx_word' id='word_1_197' title='bbox 1243 1785 1522 1841; x_wconf 84' lang='lat' dir='ltr'><strong>conﬁdunt</strong></span> <span class='ocrx_word' id='word_1_198' title='bbox 1561 1786 1616 1838; x_wconf 90' lang='lat' dir='ltr'><strong>in</strong></span> <span class='ocrx_word' id='word_1_199' title='bbox 1651 1784 1730 1838; x_wconf 93' lang='lat' dir='ltr'><strong>eis</strong></span> 
     </span>
    </p>
   </div>
   <div class='ocr_carea' id='block_1_30' title="bbox 2017 1781 3604 1856">
    <p class='ocr_par' dir='ltr' id='par_1_30' title="bbox 2359 1781 3604 1846">
     <span class='ocr_line' id='line_1_30' title="bbox 2359 1781 3604 1846; baseline 0.001 -11"><span class='ocrx_word' id='word_1_200' title='bbox 2359 1783 2448 1835; x_wconf 88' lang='lat'><strong>55.</strong></span> <span class='ocrx_word' id='word_1_201' title='bbox 2486 1782 2595 1834; x_wconf 76' lang='lat' dir='ltr'><strong>Kal</strong></span> <span class='ocrx_word' id='word_1_202' title='bbox 2631 1782 2830 1845; x_wconf 80' lang='grc' dir='ltr'>πάντες</span> <span class='ocrx_word' id='word_1_203' title='bbox 2859 1784 2907 1834; x_wconf 79' lang='grc' dir='ltr'>οἱ</span> <span class='ocrx_word' id='word_1_204' title='bbox 2938 1781 3254 1845; x_wconf 81' lang='grc' dir='ltr'>πεποιθότες</span> <span class='ocrx_word' id='word_1_205' title='bbox 3280 1783 3367 1835; x_wconf 81' lang='grc' dir='ltr'>ἐπ’</span> <span class='ocrx_word' id='word_1_206' title='bbox 3398 1784 3604 1846; x_wconf 76' lang='grc' dir='ltr'>αὐτοῖς.</span> 
     </span>
    </p>
   </div>
   <div class='ocr_carea' id='block_1_31' title="bbox 679 1869 2266 1948">
    <p class='ocr_par' dir='ltr' id='par_1_31' title="bbox 679 1877 2258 1948">
     <span class='ocr_line' id='line_1_31' title="bbox 679 1877 2258 1948; baseline -0.005 -13"><span class='ocrx_word' id='word_1_207' title='bbox 679 1882 767 1935; x_wconf 77' lang='grc'><strong>54.</strong></span> <span class='ocrx_word' id='word_1_208' title='bbox 803 1881 1004 1934; x_wconf 89' lang='lat' dir='ltr'><strong>Domus</strong></span> <span class='ocrx_word' id='word_1_209' title='bbox 1037 1878 1200 1934; x_wconf 84' lang='lat' dir='ltr'><strong>Israel</strong></span> <span class='ocrx_word' id='word_1_210' title='bbox 1241 1879 1479 1948; x_wconf 84' lang='lat' dir='ltr'><strong>speravit</strong></span> <span class='ocrx_word' id='word_1_211' title='bbox 1507 1879 1560 1931; x_wconf 90' lang='lat' dir='ltr'><strong>in</strong></span> <span class='ocrx_word' id='word_1_212' title='bbox 1591 1877 1863 1930; x_wconf 87' lang='lat' dir='ltr'><strong>Domino:</strong></span> <span class='ocrx_word' id='word_1_213' title='bbox 2215 1891 2258 1944; x_wconf 73' lang='grc' dir='ltr'><strong>Β</strong></span> 
     </span>
    </p>
   </div>
   <div class='ocr_carea' id='block_1_32' title="bbox 1966 1869 3553 1948">
    <p class='ocr_par' dir='ltr' id='par_1_32' title="bbox 2215 1869 3553 1944">
     <span class='ocr_line' id='line_1_32' title="bbox 2215 1869 3553 1944; baseline -0.002 -16"><span class='ocrx_word' id='word_1_214' title='bbox 2215 1891 2258 1944; x_wconf 75' lang='grc' dir='ltr'><strong>Β</strong></span> <span class='ocrx_word' id='word_1_215' title='bbox 2355 1873 2442 1928; x_wconf 71' lang='grc' dir='ltr'>δι.</span> <span class='ocrx_word' id='word_1_216' title='bbox 2481 1869 2640 1936; x_wconf 84' lang='grc' dir='ltr'>Οἶκος</span> <span class='ocrx_word' id='word_1_217' title='bbox 2691 1872 2908 1943; x_wconf 82' lang='grc' dir='ltr'>Ἰσραὴλ</span> <span class='ocrx_word' id='word_1_218' title='bbox 2937 1873 3166 1943; x_wconf 75' lang='grc' dir='ltr'>ἤλπισεν</span> <span class='ocrx_word' id='word_1_219' title='bbox 3195 1874 3289 1928; x_wconf 80' lang='grc' dir='ltr'>ἐπὶ</span> <span class='ocrx_word' id='word_1_220' title='bbox 3315 1872 3519 1944; x_wconf 79' lang='grc' dir='ltr'>Κύριον</span> <span class='ocrx_word' id='word_1_221' title='bbox 3541 1890 3553 1902; x_wconf 73' lang='grc'><strong>⁸</strong></span> 
     </span>
    </p>
   </div>
   <div class='ocr_carea' id='block_1_33' title="bbox 680 1964 2267 2044">
    <p class='ocr_par' dir='ltr' id='par_1_33' title="bbox 680 1975 1782 2044">
     <span class='ocr_line' id='line_1_33' title="bbox 680 1975 1782 2044; baseline -0.008 -13"><span class='ocrx_word' id='word_1_222' title='bbox 680 1976 770 2031; x_wconf 82' lang='grc'><strong>55.</strong></span> <span class='ocrx_word' id='word_1_223' title='bbox 804 1975 1033 2044; x_wconf 84' lang='lat' dir='ltr'><strong>Adjntor</strong></span> <span class='ocrx_word' id='word_1_224' title='bbox 1066 1984 1119 2028; x_wconf 89' lang='lat' dir='ltr'><strong>et</strong></span> <span class='ocrx_word' id='word_1_225' title='bbox 1155 1981 1430 2042; x_wconf 83' lang='lat' dir='ltr'><strong>protector</strong></span> <span class='ocrx_word' id='word_1_226' title='bbox 1459 1985 1652 2025; x_wconf 89' lang='lat' dir='ltr'><strong>eorum</strong></span> <span class='ocrx_word' id='word_1_227' title='bbox 1681 1977 1782 2024; x_wconf 90' lang='lat' dir='ltr'><strong>est.</strong></span> 
     </span>
    </p>
   </div>
   <div class='ocr_carea' id='block_1_34' title="bbox 2050 1964 3637 2044">
    <p class='ocr_par' dir='ltr' id='par_1_34' title="bbox 2359 1964 3637 2039">
     <span class='ocr_line' id='line_1_34' title="bbox 2359 1964 3637 2039; baseline 0.001 -20"><span class='ocrx_word' id='word_1_228' title='bbox 2359 1965 2445 2019; x_wconf 78' lang='grc'><strong>55.</strong></span> <span class='ocrx_word' id='word_1_229' title='bbox 2473 1965 2672 2036; x_wconf 78' lang='grc' dir='ltr'>Βοηθὸς</span> <span class='ocrx_word' id='word_1_230' title='bbox 2707 1966 2798 2018; x_wconf 73' lang='grc' dir='ltr'><strong>καὶ</strong></span> <span class='ocrx_word' id='word_1_231' title='bbox 2822 1964 3233 2039; x_wconf 76' lang='grc' dir='ltr'><strong>ὑπερασπιστὴς</strong></span> <span class='ocrx_word' id='word_1_232' title='bbox 3261 1966 3443 2020; x_wconf 83' lang='grc' dir='ltr'>αὐτῶν</span> <span class='ocrx_word' id='word_1_233' title='bbox 3468 1969 3637 2020; x_wconf 88' lang='grc' dir='ltr'>ἐστιν.</span> 
     </span>
    </p>
   </div>
   <div class='ocr_carea' id='block_1_35' title="bbox 1734 2143 2739 2201">
    <p class='ocr_par' dir='ltr' id='par_1_35' title="bbox 1734 2143 2739 2201">
     <span class='ocr_line' id='line_1_35' title="bbox 1734 2143 2739 2201; baseline -0.001 0"><span class='ocrx_word' id='word_1_234' title='bbox 1734 2143 2110 2201; x_wconf 77' lang='lat' dir='ltr'><strong>ATHANASII</strong></span> <span class='ocrx_word' id='word_1_235' title='bbox 2152 2143 2739 2200; x_wconf 62' lang='lat' dir='ltr'><strong>INTEBPRETATIO.</strong></span> 
     </span>
    </p>
   </div>
   <div class='ocr_carea' id='block_1_36' title="bbox 678 2289 2265 2379">
    <p class='ocr_par' dir='ltr' id='par_1_36' title="bbox 678 2302 2180 2379">
     <span class='ocr_line' id='line_1_36' title="bbox 678 2302 2180 2379; baseline -0.008 -11"><span class='ocrx_word' id='word_1_236' title='bbox 678 2312 864 2368; x_wconf 85' lang='lat' dir='ltr'><em>2l-25.</em></span> <span class='ocrx_word' id='word_1_237' title='bbox 906 2310 1146 2366; x_wconf 82' lang='lat' dir='ltr'><strong>Avaritia</strong></span> <span class='ocrx_word' id='word_1_238' title='bbox 1177 2308 1323 2364; x_wconf 90' lang='lat' dir='ltr'><strong>enim</strong></span> <span class='ocrx_word' id='word_1_239' title='bbox 1353 2306 1626 2379; x_wconf 79' lang='lat' dir='ltr'><strong>gentiliter</strong></span> <span class='ocrx_word' id='word_1_240' title='bbox 1676 2304 1972 2358; x_wconf 81' lang='lat' dir='ltr'><strong>viventium</strong></span> <span class='ocrx_word' id='word_1_241' title='bbox 2006 2302 2180 2356; x_wconf 90' lang='lat' dir='ltr'><strong>idolo-</strong></span> 
     </span>
    </p>
   </div>
   <div class='ocr_carea' id='block_1_37' title="bbox 2281 2289 3868 2379">
    <p class='ocr_par' dir='ltr' id='par_1_37' title="bbox 2353 2289 3868 2377">
     <span class='ocr_line' id='line_1_37' title="bbox 2353 2289 3868 2377; baseline 0.004 -22"><span class='ocrx_word' id='word_1_242' title='bbox 2353 2302 2540 2356; x_wconf 87' lang='lat' dir='ltr'><em>2l-25.</em></span> <span class='ocrx_word' id='word_1_243' title='bbox 2575 2302 2653 2372; x_wconf 89' lang='lat'><strong>(|)</strong></span> <span class='ocrx_word' id='word_1_244' title='bbox 2682 2289 2760 2355; x_wconf 81' lang='grc' dir='ltr'>Ἤ</span> <span class='ocrx_word' id='word_1_245' title='bbox 2793 2301 2904 2374; x_wconf 79' lang='grc' dir='ltr'><strong>γὰρ</strong></span> <span class='ocrx_word' id='word_1_246' title='bbox 2950 2302 3284 2377; x_wconf 81' lang='grc' dir='ltr'><strong>φιλαργυρία</strong></span> <span class='ocrx_word' id='word_1_247' title='bbox 3313 2305 3420 2359; x_wconf 81' lang='grc' dir='ltr'><strong>τῶν</strong></span> <span class='ocrx_word' id='word_1_248' title='bbox 3455 2306 3698 2372; x_wconf 79' lang='grc' dir='ltr'>ἐθνικῶς</span> <span class='ocrx_word' id='word_1_249' title='bbox 3731 2309 3868 2373; x_wconf 70' lang='grc' dir='ltr'><strong>ζών-</strong></span> 
     </span>
    </p>
   </div>
   <div class='ocr_carea' id='block_1_38' title="bbox 608 2390 2195 2472">
    <p class='ocr_par' dir='ltr' id='par_1_38' title="bbox 608 2394 2179 2472">
     <span class='ocr_line' id='line_1_38' title="bbox 608 2394 2179 2472; baseline -0.006 -14"><span class='ocrx_word' id='word_1_250' title='bbox 608 2406 762 2460; x_wconf 88' lang='lat' dir='ltr'><strong>latria</strong></span> <span class='ocrx_word' id='word_1_251' title='bbox 810 2412 913 2468; x_wconf 91' lang='lat' dir='ltr'><strong>est,</strong></span> <span class='ocrx_word' id='word_1_252' title='bbox 943 2400 1402 2472; x_wconf 84' lang='lat' dir='ltr'><strong>quemadmodum</strong></span> <span class='ocrx_word' id='word_1_253' title='bbox 1444 2398 1581 2453; x_wconf 82' lang='lat' dir='ltr'><strong>dixit</strong></span> <span class='ocrx_word' id='word_1_254' title='bbox 1614 2396 1909 2467; x_wconf 87' lang='lat' dir='ltr'><strong>Apostolus</strong></span> <span class='ocrx_word' id='word_1_255' title='bbox 1946 2395 2013 2448; x_wconf 76' lang='grc'><strong>⁵⁸.</strong></span> <span class='ocrx_word' id='word_1_256' title='bbox 2046 2394 2179 2460; x_wconf 67' lang='lat' dir='ltr'><strong>Quae</strong></span> 
     </span>
    </p>
   </div>
   <div class='ocr_carea' id='block_1_39' title="bbox 2284 2390 3871 2472">
    <p class='ocr_par' dir='ltr' id='par_1_39' title="bbox 2286 2390 3871 2462">
     <span class='ocr_line' id='line_1_39' title="bbox 2286 2390 3871 2462; baseline 0.006 -19"><span class='ocrx_word' id='word_1_257' title='bbox 2286 2407 2394 2444; x_wconf 85' lang='grc' dir='ltr'><strong>των</strong></span> <span class='ocrx_word' id='word_1_258' title='bbox 2419 2390 2828 2462; x_wconf 85' lang='grc' dir='ltr'>εἰδωλολατρεία</span> <span class='ocrx_word' id='word_1_259' title='bbox 2861 2393 3006 2458; x_wconf 78' lang='grc' dir='ltr'>ἐστὶ,</span> <span class='ocrx_word' id='word_1_260' title='bbox 3038 2395 3221 2458; x_wconf 88' lang='grc' dir='ltr'>καθὼς</span> <span class='ocrx_word' id='word_1_261' title='bbox 3262 2393 3412 2450; x_wconf 77' lang='grc' dir='ltr'>εἶπεν</span> <span class='ocrx_word' id='word_1_262' title='bbox 3443 2400 3471 2450; x_wconf 89' lang='grc' dir='ltr'><strong>ὁ</strong></span> <span class='ocrx_word' id='word_1_263' title='bbox 3523 2399 3871 2460; x_wconf 69' lang='grc' dir='ltr'>Ἀπόστολος.</span> 
     </span>
    </p>
   </div>
   <div class='ocr_carea' id='block_1_40' title="bbox 607 2483 2194 2558">
    <p class='ocr_par' dir='ltr' id='par_1_40' title="bbox 607 2486 2174 2550">
     <span class='ocr_line' id='line_1_40' title="bbox 607 2486 2174 2550; baseline -0.008 0"><span class='ocrx_word' id='word_1_264' title='bbox 607 2506 788 2550; x_wconf 87' lang='lat' dir='ltr'><strong>autem</strong></span> <span class='ocrx_word' id='word_1_265' title='bbox 815 2494 959 2548; x_wconf 86' lang='lat' dir='ltr'><strong>dicta</strong></span> <span class='ocrx_word' id='word_1_266' title='bbox 987 2500 1116 2546; x_wconf 91' lang='lat' dir='ltr'><strong>sunt</strong></span> <span class='ocrx_word' id='word_1_267' title='bbox 1147 2490 1213 2544; x_wconf 92' lang='lat' dir='ltr'><strong>de</strong></span> <span class='ocrx_word' id='word_1_268' title='bbox 1234 2489 1394 2544; x_wconf 87' lang='lat' dir='ltr'><strong>idolis</strong></span> <span class='ocrx_word' id='word_1_269' title='bbox 1424 2486 1711 2547; x_wconf 73' lang='lat' dir='ltr'><strong>manifesta</strong></span> <span class='ocrx_word' id='word_1_270' title='bbox 1745 2486 2000 2540; x_wconf 90' lang='lat' dir='ltr'><strong>omnibus</strong></span> <span class='ocrx_word' id='word_1_271' title='bbox 2025 2493 2174 2549; x_wconf 90' lang='lat' dir='ltr'><strong>sunt,</strong></span> 
     </span>
    </p>
   </div>
   <div class='ocr_carea' id='block_1_41' title="bbox 2283 2483 3870 2558">
    <p class='ocr_par' dir='ltr' id='par_1_41' title="bbox 2283 2483 3870 2558">
     <span class='ocr_line' id='line_1_41' title="bbox 2283 2483 3870 2558; baseline 0.006 -24"><span class='ocrx_word' id='word_1_272' title='bbox 2283 2483 2364 2536; x_wconf 83' lang='grc' dir='ltr'><strong>Τὰ</strong></span> <span class='ocrx_word' id='word_1_273' title='bbox 2386 2483 2442 2535; x_wconf 87' lang='grc' dir='ltr'><strong>δέ</strong></span> <span class='ocrx_word' id='word_1_274' title='bbox 2476 2483 2737 2554; x_wconf 77' lang='grc' dir='ltr'>εἰρημένα</span> <span class='ocrx_word' id='word_1_275' title='bbox 2768 2485 2895 2554; x_wconf 76' lang='grc' dir='ltr'>περὶ</span> <span class='ocrx_word' id='word_1_276' title='bbox 2935 2484 3044 2538; x_wconf 84' lang='grc' dir='ltr'><strong>τῶν</strong></span> <span class='ocrx_word' id='word_1_277' title='bbox 3075 2485 3306 2540; x_wconf 86' lang='grc' dir='ltr'><strong>εἰδώλων</strong></span> <span class='ocrx_word' id='word_1_278' title='bbox 3341 2489 3475 2558; x_wconf 83' lang='grc' dir='ltr'>δῆλα</span> <span class='ocrx_word' id='word_1_279' title='bbox 3510 2493 3686 2544; x_wconf 79' lang='grc' dir='ltr'>πᾶσίν</span> <span class='ocrx_word' id='word_1_280' title='bbox 3716 2497 3870 2550; x_wconf 84' lang='grc' dir='ltr'>εἰσιν,</span> 
     </span>
    </p>
   </div>
   <div class='ocr_carea' id='block_1_42' title="bbox 606 2574 2193 2658">
    <p class='ocr_par' dir='ltr' id='par_1_42' title="bbox 606 2578 2178 2658">
     <span class='ocr_line' id='line_1_42' title="bbox 606 2578 2178 2658; baseline -0.006 -17"><span class='ocrx_word' id='word_1_281' title='bbox 606 2587 751 2658; x_wconf 91' lang='lat' dir='ltr'><strong>quod</strong></span> <span class='ocrx_word' id='word_1_282' title='bbox 797 2587 1029 2640; x_wconf 79' lang='lat' dir='ltr'><strong>formam</strong></span> <span class='ocrx_word' id='word_1_283' title='bbox 1069 2583 1290 2654; x_wconf 79' lang='lat' dir='ltr'><strong>quidem</strong></span> <span class='ocrx_word' id='word_1_284' title='bbox 1339 2581 1564 2645; x_wconf 88' lang='lat' dir='ltr'><strong>habent,</strong></span> <span class='ocrx_word' id='word_1_285' title='bbox 1614 2580 1762 2634; x_wconf 89' lang='lat' dir='ltr'><strong>nulla</strong></span> <span class='ocrx_word' id='word_1_286' title='bbox 1812 2590 1992 2632; x_wconf 87' lang='lat' dir='ltr'><strong>autem</strong></span> <span class='ocrx_word' id='word_1_287' title='bbox 2036 2578 2178 2631; x_wconf 89' lang='lat' dir='ltr'><strong>inest</strong></span> 
     </span>
    </p>
   </div>
   <div class='ocr_carea' id='block_1_43' title="bbox 2285 2574 3872 2658">
    <p class='ocr_par' dir='ltr' id='par_1_43' title="bbox 2285 2574 3872 2654">
     <span class='ocr_line' id='line_1_43' title="bbox 2285 2574 3872 2654; baseline 0.006 -29"><span class='ocrx_word' id='word_1_288' title='bbox 2285 2574 2362 2626; x_wconf 79' lang='grc' dir='ltr'>ὅτι</span> <span class='ocrx_word' id='word_1_289' title='bbox 2407 2576 2727 2645; x_wconf 83' lang='grc' dir='ltr'>χαρακτῆρα</span> <span class='ocrx_word' id='word_1_290' title='bbox 2779 2576 2876 2645; x_wconf 84' lang='grc' dir='ltr'><strong>μὲν</strong></span> <span class='ocrx_word' id='word_1_291' title='bbox 2921 2575 3168 2647; x_wconf 71' lang='grc' dir='ltr'>ἔχουσιν,</span> <span class='ocrx_word' id='word_1_292' title='bbox 3220 2579 3472 2651; x_wconf 80' lang='grc' dir='ltr'>ἐνέργεια</span> <span class='ocrx_word' id='word_1_293' title='bbox 3517 2582 3575 2634; x_wconf 85' lang='grc' dir='ltr'><strong>δέ</strong></span> <span class='ocrx_word' id='word_1_294' title='bbox 3633 2586 3872 2654; x_wconf 79' lang='grc' dir='ltr'>μηδεμία</span> 
     </span>
    </p>
   </div>
   <div class='ocr_carea' id='block_1_44' title="bbox 605 2665 2192 2750">
    <p class='ocr_par' dir='ltr' id='par_1_44' title="bbox 605 2671 2176 2750">
     <span class='ocr_line' id='line_1_44' title="bbox 605 2671 2176 2750; baseline -0.006 -17"><span class='ocrx_word' id='word_1_295' title='bbox 605 2679 847 2750; x_wconf 89' lang='lat' dir='ltr'><strong>operatio</strong></span> <span class='ocrx_word' id='word_1_296' title='bbox 879 2679 930 2732; x_wconf 94' lang='lat' dir='ltr'><strong>in</strong></span> <span class='ocrx_word' id='word_1_297' title='bbox 961 2676 1248 2738; x_wconf 85' lang='lat' dir='ltr'><strong>membris,</strong></span> <span class='ocrx_word' id='word_1_298' title='bbox 1280 2686 1333 2728; x_wconf 87' lang='lat' dir='ltr'><strong>et</strong></span> <span class='ocrx_word' id='word_1_299' title='bbox 1364 2690 1450 2738; x_wconf 90' lang='lat' dir='ltr'><strong>ea,</strong></span> <span class='ocrx_word' id='word_1_300' title='bbox 1480 2688 1602 2743; x_wconf 75' lang='lat' dir='ltr'><strong>qua:</strong></span> <span class='ocrx_word' id='word_1_301' title='bbox 1636 2672 1892 2726; x_wconf 86' lang='lat' dir='ltr'><strong>dicuntur</strong></span> <span class='ocrx_word' id='word_1_302' title='bbox 1922 2671 1975 2724; x_wconf 92' lang='lat' dir='ltr'><strong>in</strong></span> <span class='ocrx_word' id='word_1_303' title='bbox 2007 2686 2176 2740; x_wconf 85' lang='lat' dir='ltr'><strong>appo-</strong></span> 
     </span>
    </p>
   </div>
   <div class='ocr_carea' id='block_1_45' title="bbox 2280 2665 3867 2750">
    <p class='ocr_par' dir='ltr' id='par_1_45' title="bbox 2283 2665 3867 2743">
     <span class='ocr_line' id='line_1_45' title="bbox 2283 2665 3867 2743; baseline 0.005 -25"><span class='ocrx_word' id='word_1_304' title='bbox 2283 2665 2515 2736; x_wconf 77' lang='grc' dir='ltr'>ὑπάρχει</span> <span class='ocrx_word' id='word_1_305' title='bbox 2549 2665 2608 2717; x_wconf 86' lang='grc' dir='ltr'><strong>ἐν</strong></span> <span class='ocrx_word' id='word_1_306' title='bbox 2638 2669 2751 2727; x_wconf 87' lang='grc' dir='ltr'>τοῖς</span> <span class='ocrx_word' id='word_1_307' title='bbox 2784 2665 3095 2738; x_wconf 78' lang='grc' dir='ltr'>λεγομένοις</span> <span class='ocrx_word' id='word_1_308' title='bbox 3132 2668 3348 2739; x_wconf 87' lang='grc' dir='ltr'>μέλεσιν</span> <span class='ocrx_word' id='word_1_309' title='bbox 3381 2671 3479 2739; x_wconf 86' lang='grc'>(2),</span> <span class='ocrx_word' id='word_1_310' title='bbox 3518 2674 3616 2725; x_wconf 78' lang='grc' dir='ltr'><strong>καὶ</strong></span> <span class='ocrx_word' id='word_1_311' title='bbox 3673 2677 3706 2743; x_wconf 78' lang='grc' dir='ltr'>ἡ</span> <span class='ocrx_word' id='word_1_312' title='bbox 3738 2678 3867 2726; x_wconf 65' lang='grc' dir='ltr'><strong>ἀπὸ·</strong></span> 
     </span>
    </p>
   </div>
   <div class='ocr_carea' id='block_1_46' title="bbox 605 2754 2192 2839">
    <p class='ocr_par' dir='ltr' id='par_1_46' title="bbox 605 2762 2175 2839">
     <span class='ocr_line' id='line_1_46' title="bbox 605 2762 2175 2839; baseline -0.006 -14"><span class='ocrx_word' id='word_1_313' title='bbox 605 2772 710 2825; x_wconf 89' lang='lat' dir='ltr'><strong>sito</strong></span> <span class='ocrx_word' id='word_1_314' title='bbox 736 2770 947 2839; x_wconf 90' lang='lat' dir='ltr'><strong>psalmo</strong></span> <span class='ocrx_word' id='word_1_315' title='bbox 978 2768 1044 2822; x_wconf 90' lang='lat' dir='ltr'><strong>de</strong></span> <span class='ocrx_word' id='word_1_316' title='bbox 1069 2768 1136 2822; x_wconf 84' lang='lat' dir='ltr'><strong>iis</strong></span> <span class='ocrx_word' id='word_1_317' title='bbox 1164 2766 1255 2836; x_wconf 93' lang='lat' dir='ltr'><strong>qui</strong></span> <span class='ocrx_word' id='word_1_318' title='bbox 1291 2765 1379 2820; x_wconf 92' lang='lat' dir='ltr'><strong>illa</strong></span> <span class='ocrx_word' id='word_1_319' title='bbox 1410 2764 1638 2828; x_wconf 83' lang='lat' dir='ltr'><strong>faciunt,</strong></span> <span class='ocrx_word' id='word_1_320' title='bbox 1673 2764 1754 2818; x_wconf 88' lang='lat' dir='ltr'><strong>vel</strong></span> <span class='ocrx_word' id='word_1_321' title='bbox 1779 2764 1832 2817; x_wconf 91' lang='lat' dir='ltr'><strong>in</strong></span> <span class='ocrx_word' id='word_1_322' title='bbox 1869 2763 1975 2816; x_wconf 90' lang='lat' dir='ltr'><strong>illis</strong></span> <span class='ocrx_word' id='word_1_323' title='bbox 2003 2762 2175 2817; x_wconf 88' lang='lat' dir='ltr'><strong>conli-</strong></span> 
     </span>
    </p>
   </div>
   <div class='ocr_carea' id='block_1_47' title="bbox 2285 2754 3872 2839">
    <p class='ocr_par' dir='ltr' id='par_1_47' title="bbox 2285 2754 3872 2839">
     <span class='ocr_line' id='line_1_47' title="bbox 2285 2754 3872 2839; baseline 0.008 -34"><span class='ocrx_word' id='word_1_324' title='bbox 2285 2771 2443 2823; x_wconf 83' lang='grc' dir='ltr'>φασις</span> <span class='ocrx_word' id='word_1_325' title='bbox 2475 2754 2529 2806; x_wconf 86' lang='grc' dir='ltr'><strong>δέ</strong></span> <span class='ocrx_word' id='word_1_326' title='bbox 2570 2756 2602 2825; x_wconf 79' lang='grc' dir='ltr'>ἡ</span> <span class='ocrx_word' id='word_1_327' title='bbox 2637 2757 2902 2827; x_wconf 72' lang='grc' dir='ltr'>εἰρημένη</span> <span class='ocrx_word' id='word_1_328' title='bbox 2945 2759 3002 2810; x_wconf 84' lang='grc' dir='ltr'><strong>ἐν</strong></span> <span class='ocrx_word' id='word_1_329' title='bbox 3029 2758 3105 2828; x_wconf 79' lang='grc' dir='ltr'>τῷ</span> <span class='ocrx_word' id='word_1_330' title='bbox 3135 2761 3479 2833; x_wconf 81' lang='grc' dir='ltr'>προκειμένῳ</span> <span class='ocrx_word' id='word_1_331' title='bbox 3505 2762 3716 2835; x_wconf 73' lang='grc' dir='ltr'>ψαλμῷ</span> <span class='ocrx_word' id='word_1_332' title='bbox 3751 2767 3872 2839; x_wconf 64' lang='grc' dir='ltr'>περὶ</span> 
     </span>
    </p>
   </div>
   <div class='ocr_carea' id='block_1_48' title="bbox 605 2847 2192 2925">
    <p class='ocr_par' dir='ltr' id='par_1_48' title="bbox 605 2855 2173 2925">
     <span class='ocr_line' id='line_1_48' title="bbox 605 2855 2173 2925; baseline -0.006 -8"><span class='ocrx_word' id='word_1_333' title='bbox 605 2863 760 2925; x_wconf 89' lang='lat' dir='ltr'><strong>dunt,</strong></span> <span class='ocrx_word' id='word_1_334' title='bbox 787 2861 1072 2916; x_wconf 88' lang='lat' dir='ltr'><strong>verissima</strong></span> <span class='ocrx_word' id='word_1_335' title='bbox 1103 2869 1262 2923; x_wconf 84' lang='lat' dir='ltr'><strong>sunt;</strong></span> <span class='ocrx_word' id='word_1_336' title='bbox 1293 2859 1384 2914; x_wconf 90' lang='lat' dir='ltr'><strong>sed</strong></span> <span class='ocrx_word' id='word_1_337' title='bbox 1417 2857 1745 2912; x_wconf 82' lang='lat' dir='ltr'><strong>conveniens</strong></span> <span class='ocrx_word' id='word_1_338' title='bbox 1772 2855 1922 2920; x_wconf 81' lang='lat' dir='ltr'><strong>duxi,</strong></span> <span class='ocrx_word' id='word_1_339' title='bbox 1945 2856 2173 2909; x_wconf 89' lang='lat' dir='ltr'><strong>descen-</strong></span> 
     </span>
    </p>
   </div>
   <div class='ocr_carea' id='block_1_49' title="bbox 2283 2847 3870 2925">
    <p class='ocr_par' dir='ltr' id='par_1_49' title="bbox 2283 2847 3870 2923">
     <span class='ocr_line' id='line_1_49' title="bbox 2283 2847 3870 2923; baseline 0.008 -25"><span class='ocrx_word' id='word_1_340' title='bbox 2283 2847 2386 2899; x_wconf 82' lang='grc' dir='ltr'><strong>τῶν</strong></span> <span class='ocrx_word' id='word_1_341' title='bbox 2419 2847 2720 2901; x_wconf 78' lang='grc' dir='ltr'>ποιούντων</span> <span class='ocrx_word' id='word_1_342' title='bbox 2764 2848 2901 2902; x_wconf 75' lang='grc' dir='ltr'>αὐτὰ</span> <span class='ocrx_word' id='word_1_343' title='bbox 2921 2888 2936 2912; x_wconf 87' lang='grc'><em>,</em></span> <span class='ocrx_word' id='word_1_344' title='bbox 2980 2852 3073 2903; x_wconf 73' lang='grc' dir='ltr'><strong>καὶ</strong></span> <span class='ocrx_word' id='word_1_345' title='bbox 3102 2853 3227 2923; x_wconf 77' lang='grc' dir='ltr'>περὶ</span> <span class='ocrx_word' id='word_1_346' title='bbox 3268 2853 3376 2906; x_wconf 82' lang='grc' dir='ltr'><strong>τῶν</strong></span> <span class='ocrx_word' id='word_1_347' title='bbox 3409 2856 3754 2910; x_wconf 80' lang='grc' dir='ltr'>πεποιθότων</span> <span class='ocrx_word' id='word_1_348' title='bbox 3789 2861 3870 2910; x_wconf 82' lang='grc' dir='ltr'>ἐπ’</span> 
     </span>
    </p>
   </div>
   <div class='ocr_carea' id='block_1_50' title="bbox 605 2939 2192 3023">
    <p class='ocr_par' dir='ltr' id='par_1_50' title="bbox 605 2945 2175 3023">
     <span class='ocr_line' id='line_1_50' title="bbox 605 2945 2175 3023; baseline -0.006 -14"><span class='ocrx_word' id='word_1_349' title='bbox 605 2956 734 3009; x_wconf 90' lang='lat' dir='ltr'><strong>dere</strong></span> <span class='ocrx_word' id='word_1_350' title='bbox 769 2953 836 3008; x_wconf 88' lang='lat' dir='ltr'><strong>ad</strong></span> <span class='ocrx_word' id='word_1_351' title='bbox 876 2953 1212 3023; x_wconf 79' lang='lat' dir='ltr'><strong>allegoriam,</strong></span> <span class='ocrx_word' id='word_1_352' title='bbox 1253 2959 1307 3006; x_wconf 91' lang='lat' dir='ltr'><strong>et</strong></span> <span class='ocrx_word' id='word_1_353' title='bbox 1356 2950 1584 3020; x_wconf 76' lang='lat' dir='ltr'><strong>singulis</strong></span> <span class='ocrx_word' id='word_1_354' title='bbox 1623 2947 1873 3001; x_wconf 85' lang='lat' dir='ltr'><strong>versibus</strong></span> <span class='ocrx_word' id='word_1_355' title='bbox 1905 2945 2175 3015; x_wconf 84' lang='lat' dir='ltr'><strong>subjicere</strong></span> 
     </span>
    </p>
   </div>
   <div class='ocr_carea' id='block_1_51' title="bbox 2283 2939 3870 3023">
    <p class='ocr_par' dir='ltr' id='par_1_51' title="bbox 2283 2939 3870 3018">
     <span class='ocr_line' id='line_1_51' title="bbox 2283 2939 3870 3018; baseline 0.008 -28"><span class='ocrx_word' id='word_1_356' title='bbox 2283 2939 2466 3002; x_wconf 83' lang='grc' dir='ltr'>αὐτοῖς</span> <span class='ocrx_word' id='word_1_357' title='bbox 2498 2939 2695 3010; x_wconf 85' lang='grc' dir='ltr'>ἀληθὲς</span> <span class='ocrx_word' id='word_1_358' title='bbox 2728 2940 2996 3011; x_wconf 77' lang='grc' dir='ltr'>ὑπάρχει·</span> <span class='ocrx_word' id='word_1_359' title='bbox 3030 2942 3166 2997; x_wconf 75' lang='grc' dir='ltr'>ἀλλὰ</span> <span class='ocrx_word' id='word_1_360' title='bbox 3197 2945 3402 2998; x_wconf 86' lang='grc' dir='ltr'>δίκαιον</span> <span class='ocrx_word' id='word_1_361' title='bbox 3433 2948 3742 3018; x_wconf 80' lang='grc' dir='ltr'><strong>ἡγησάμην</strong></span> <span class='ocrx_word' id='word_1_362' title='bbox 3780 2955 3870 3004; x_wconf 71' lang='grc' dir='ltr'><strong>καὶ</strong></span> 
     </span>
    </p>
   </div>
   <div class='ocr_carea' id='block_1_52' title="bbox 604 3030 2191 3110">
    <p class='ocr_par' dir='ltr' id='par_1_52' title="bbox 604 3038 1784 3110">
     <span class='ocr_line' id='line_1_52' title="bbox 604 3038 1784 3110; baseline -0.003 -16"><span class='ocrx_word' id='word_1_363' title='bbox 604 3041 880 3110; x_wconf 87' lang='lat' dir='ltr'><strong>propriam</strong></span> <span class='ocrx_word' id='word_1_364' title='bbox 910 3040 1233 3094; x_wconf 86' lang='lat' dir='ltr'><strong>sententiam</strong></span> <span class='ocrx_word' id='word_1_365' title='bbox 1263 3053 1457 3093; x_wconf 88' lang='lat' dir='ltr'><strong>sensus</strong></span> <span class='ocrx_word' id='word_1_366' title='bbox 1489 3038 1784 3108; x_wconf 82' lang='lat' dir='ltr'><strong>allegorici.</strong></span> 
     </span>
    </p>
   </div>
   <div class='ocr_carea' id='block_1_53' title="bbox 2280 3030 3867 3110">
    <p class='ocr_par' dir='ltr' id='par_1_53' title="bbox 2280 3030 3867 3109">
     <span class='ocr_line' id='line_1_53' title="bbox 2280 3030 3867 3109; baseline 0.007 -24"><span class='ocrx_word' id='word_1_367' title='bbox 2280 3030 2377 3085; x_wconf 76' lang='grc' dir='ltr'><strong>ἐπὶ</strong></span> <span class='ocrx_word' id='word_1_368' title='bbox 2416 3033 2515 3104; x_wconf 78' lang='grc' dir='ltr'><strong>τὴν</strong></span> <span class='ocrx_word' id='word_1_369' title='bbox 2556 3033 2883 3106; x_wconf 84' lang='grc' dir='ltr'>ἀλληγορίαν</span> <span class='ocrx_word' id='word_1_370' title='bbox 2924 3035 3118 3101; x_wconf 83' lang='grc' dir='ltr'>ἐλθεῖν,</span> <span class='ocrx_word' id='word_1_371' title='bbox 3146 3038 3260 3091; x_wconf 74' lang='grc' dir='ltr'>’καὶ</span> <span class='ocrx_word' id='word_1_372' title='bbox 3304 3039 3569 3109; x_wconf 82' lang='grc' dir='ltr'>ύποθῆναι</span> <span class='ocrx_word' id='word_1_373' title='bbox 3617 3043 3867 3106; x_wconf 70' lang='grc' dir='ltr'>ἑκάστοις</span> 
     </span>
    </p>
   </div>
   <div class='ocr_carea' id='block_1_54' title="bbox 2280 3125 3474 3201">
    <p class='ocr_par' dir='ltr' id='par_1_54' title="bbox 2280 3125 3474 3201">
     <span class='ocr_line' id='line_1_54' title="bbox 2280 3125 3474 3201; baseline 0.008 -25"><span class='ocrx_word' id='word_1_374' title='bbox 2280 3125 2483 3194; x_wconf 81' lang='grc' dir='ltr'>στίχοις</span> <span class='ocrx_word' id='word_1_375' title='bbox 2519 3127 2594 3195; x_wconf 91' lang='grc'>(5)</span> <span class='ocrx_word' id='word_1_376' title='bbox 2627 3127 2685 3178; x_wconf 84' lang='grc' dir='ltr'><strong>τὸ</strong></span> <span class='ocrx_word' id='word_1_377' title='bbox 2718 3125 2846 3179; x_wconf 79' lang='grc' dir='ltr'>ἴδιον</span> <span class='ocrx_word' id='word_1_378' title='bbox 2880 3127 3058 3197; x_wconf 84' lang='grc' dir='ltr'>νόημα</span> <span class='ocrx_word' id='word_1_379' title='bbox 3088 3130 3187 3199; x_wconf 83' lang='grc' dir='ltr'>τῆς</span> <span class='ocrx_word' id='word_1_380' title='bbox 3218 3131 3474 3201; x_wconf 76' lang='grc' dir='ltr'>θεωρίας.</span> 
     </span>
    </p>
   </div>
   <div class='ocr_carea' id='block_1_55' title="bbox 669 3215 2256 3299">
    <p class='ocr_par' dir='ltr' id='par_1_55' title="bbox 669 3215 2250 3289">
     <span class='ocr_line' id='line_1_55' title="bbox 669 3215 2250 3289; baseline -0.004 -16"><span class='ocrx_word' id='word_1_381' title='bbox 669 3218 760 3274; x_wconf 74' lang='grc'><strong>24.</strong></span> <span class='ocrx_word' id='word_1_382' title='bbox 792 3218 940 3289; x_wconf 92' lang='lat' dir='ltr'><strong>Opus</strong></span> <span class='ocrx_word' id='word_1_383' title='bbox 978 3218 1542 3288; x_wconf 89' lang='lat' dir='ltr'><strong>concupiscentiarum</strong></span> <span class='ocrx_word' id='word_1_384' title='bbox 1589 3215 1871 3269; x_wconf 86' lang='lat' dir='ltr'><strong>hominum</strong></span> <span class='ocrx_word' id='word_1_385' title='bbox 1921 3222 2006 3269; x_wconf 90' lang='lat' dir='ltr'><strong>est</strong></span> <span class='ocrx_word' id='word_1_386' title='bbox 2043 3229 2173 3268; x_wconf 87' lang='lat' dir='ltr'><strong>ava-</strong></span> <span class='ocrx_word' id='word_1_387' title='bbox 2247 3283 2250 3286; x_wconf 10' lang='grc' dir='ltr'><strong><em>Α</em></strong></span> 
     </span>
    </p>
   </div>
   <div class='ocr_carea' id='block_1_56' title="bbox 2276 3215 3863 3299">
    <p class='ocr_par' dir='ltr' id='par_1_56' title="bbox 2346 3218 3863 3299">
     <span class='ocr_line' id='line_1_56' title="bbox 2346 3218 3863 3299; baseline 0.007 -30"><span class='ocrx_word' id='word_1_388' title='bbox 2346 3218 2381 3270; x_wconf 91' lang='grc'><strong>2</strong></span> <span class='ocrx_word' id='word_1_389' title='bbox 2394 3218 2622 3288; x_wconf 63' lang='grc' dir='ltr'>ΙηἜργα</span> <span class='ocrx_word' id='word_1_390' title='bbox 2637 3218 2937 3288; x_wconf 79' lang='grc' dir='ltr'>ἐπιθυμιῶν</span> <span class='ocrx_word' id='word_1_391' title='bbox 2961 3220 3263 3289; x_wconf 82' lang='grc' dir='ltr'>ἀνθρώπων</span> <span class='ocrx_word' id='word_1_392' title='bbox 3280 3225 3468 3295; x_wconf 73' lang='grc' dir='ltr'>ἐστὶνὴ</span> <span class='ocrx_word' id='word_1_393' title='bbox 3496 3226 3863 3299; x_wconf 71' lang='grc' dir='ltr'>φιλαργυρία.</span> 
     </span>
    </p>
   </div>
   <div class='ocr_carea' id='block_1_57' title="bbox 601 3310 748 3363">
    <p class='ocr_par' dir='ltr' id='par_1_57' title="bbox 601 3310 748 3363">
     <span class='ocr_line' id='line_1_57' title="bbox 601 3310 748 3363; baseline -0.014 -1"><span class='ocrx_word' id='word_1_394' title='bbox 601 3310 748 3363; x_wconf 82' lang='lat' dir='ltr'><strong>ritia.</strong></span> 
     </span>
    </p>
   </div>
   <div class='ocr_carea' id='block_1_58' title="bbox 663 3398 2250 3478">
    <p class='ocr_par' dir='ltr' id='par_1_58' title="bbox 663 3400 2171 3471">
     <span class='ocr_line' id='line_1_58' title="bbox 663 3400 2171 3471; baseline -0.002 -15"><span class='ocrx_word' id='word_1_395' title='bbox 663 3402 756 3456; x_wconf 83' lang='lat'><em>25.</em></span> <span class='ocrx_word' id='word_1_396' title='bbox 799 3400 1018 3456; x_wconf 90' lang='lat' dir='ltr'><strong>Nullum</strong></span> <span class='ocrx_word' id='word_1_397' title='bbox 1067 3401 1210 3456; x_wconf 89' lang='lat' dir='ltr'><strong>enim</strong></span> <span class='ocrx_word' id='word_1_398' title='bbox 1264 3401 1468 3455; x_wconf 88' lang='lat' dir='ltr'><strong>bonum</strong></span> <span class='ocrx_word' id='word_1_399' title='bbox 1525 3407 1814 3469; x_wconf 78' lang='lat' dir='ltr'><strong>mquentur</strong></span> <span class='ocrx_word' id='word_1_400' title='bbox 1871 3408 2171 3471; x_wconf 74' lang='lat' dir='ltr'><strong>gauocntes</strong></span> 
     </span>
    </p>
   </div>
   <div class='ocr_carea' id='block_1_59' title="bbox 2279 3398 3866 3478">
    <p class='ocr_par' dir='ltr' id='par_1_59' title="bbox 2344 3398 3866 3478">
     <span class='ocr_line' id='line_1_59' title="bbox 2344 3398 3866 3478; baseline 0.005 -27"><span class='ocrx_word' id='word_1_401' title='bbox 2344 3398 2440 3453; x_wconf 76' lang='lat'><em>25.</em></span> <span class='ocrx_word' id='word_1_402' title='bbox 2474 3398 2639 3452; x_wconf 82' lang='grc' dir='ltr'>Οὐδὲν</span> <span class='ocrx_word' id='word_1_403' title='bbox 2665 3399 2772 3471; x_wconf 76' lang='grc' dir='ltr'><strong>γὰρ</strong></span> <span class='ocrx_word' id='word_1_404' title='bbox 2804 3400 3006 3468; x_wconf 79' lang='grc' dir='ltr'>ἀγαθὸν</span> <span class='ocrx_word' id='word_1_405' title='bbox 3041 3400 3365 3472; x_wconf 80' lang='grc' dir='ltr'>λαλήσουσιν</span> <span class='ocrx_word' id='word_1_406' title='bbox 3400 3402 3476 3474; x_wconf 69' lang='grc'>(4)</span> <span class='ocrx_word' id='word_1_407' title='bbox 3504 3405 3553 3456; x_wconf 86' lang='grc' dir='ltr'>οἱ</span> <span class='ocrx_word' id='word_1_408' title='bbox 3580 3410 3701 3470; x_wconf 90' lang='grc' dir='ltr'>τοῖς</span> <span class='ocrx_word' id='word_1_409' title='bbox 3731 3410 3866 3478; x_wconf 79' lang='grc' dir='ltr'><strong>χρή-</strong></span> 
     </span>
    </p>
   </div>
   <div class='ocr_carea' id='block_1_60' title="bbox 600 3492 2187 3563">
    <p class='ocr_par' dir='ltr' id='par_1_60' title="bbox 600 3492 869 3563">
     <span class='ocr_line' id='line_1_60' title="bbox 600 3492 869 3563; baseline 0 -18"><span class='ocrx_word' id='word_1_410' title='bbox 600 3492 869 3563; x_wconf 87' lang='lat' dir='ltr'><strong>pecuniis.</strong></span> 
     </span>
    </p>
   </div>
   <div class='ocr_carea' id='block_1_61' title="bbox 1153 3492 2740 3563">
    <p class='ocr_par' dir='ltr' id='par_1_61' title="bbox 2275 3492 2740 3561">
     <span class='ocr_line' id='line_1_61' title="bbox 2275 3492 2740 3561; baseline 0.004 -17"><span class='ocrx_word' id='word_1_411' title='bbox 2275 3508 2408 3561; x_wconf 83' lang='grc' dir='ltr'>μασι</span> <span class='ocrx_word' id='word_1_412' title='bbox 2436 3492 2740 3561; x_wconf 86' lang='grc' dir='ltr'>χαίροντες.</span> 
     </span>
    </p>
   </div>
   <div class='ocr_carea' id='block_1_62' title="bbox 670 3581 2257 3664">
    <p class='ocr_par' dir='ltr' id='par_1_62' title="bbox 670 3581 2239 3656">
     <span class='ocr_line' id='line_1_62' title="bbox 670 3581 2239 3656; baseline -0.001 -17"><span class='ocrx_word' id='word_1_413' title='bbox 670 3586 760 3640; x_wconf 84' lang='lat'><em>26.</em></span> <span class='ocrx_word' id='word_1_414' title='bbox 793 3584 1076 3654; x_wconf 83' lang='lat' dir='ltr'><strong>Tanquam</strong></span> <span class='ocrx_word' id='word_1_415' title='bbox 1103 3599 1209 3638; x_wconf 89' lang='lat' dir='ltr'><strong>non</strong></span> <span class='ocrx_word' id='word_1_416' title='bbox 1237 3583 1497 3638; x_wconf 89' lang='lat' dir='ltr'><strong>habentes</strong></span> <span class='ocrx_word' id='word_1_417' title='bbox 1525 3581 1717 3639; x_wconf 88' lang='lat' dir='ltr'><strong>oculos</strong></span> <span class='ocrx_word' id='word_1_418' title='bbox 1743 3584 1809 3638; x_wconf 89' lang='lat' dir='ltr'><strong>ad</strong></span> <span class='ocrx_word' id='word_1_419' title='bbox 1834 3599 2024 3639; x_wconf 91' lang='lat' dir='ltr'><strong>eorum</strong></span> <span class='ocrx_word' id='word_1_420' title='bbox 2056 3601 2170 3656; x_wconf 88' lang='lat' dir='ltr'><strong>per-</strong></span> <span class='ocrx_word' id='word_1_421' title='bbox 2198 3597 2239 3653; x_wconf 75' lang='grc' dir='ltr'>ο</span> 
     </span>
    </p>
   </div>
   <div class='ocr_carea' id='block_1_63' title="bbox 2279 3581 3866 3664">
    <p class='ocr_par' dir='ltr' id='par_1_63' title="bbox 2342 3583 3866 3664">
     <span class='ocr_line' id='line_1_63' title="bbox 2342 3583 3866 3664; baseline 0.007 -28"><span class='ocrx_word' id='word_1_422' title='bbox 2342 3584 2432 3640; x_wconf 88' lang='grc'><strong>26.</strong></span> <span class='ocrx_word' id='word_1_423' title='bbox 2481 3584 2568 3646; x_wconf 84' lang='grc' dir='ltr'>Ὠς</span> <span class='ocrx_word' id='word_1_424' title='bbox 2613 3584 2687 3655; x_wconf 78' lang='grc' dir='ltr'>μὴ</span> <span class='ocrx_word' id='word_1_425' title='bbox 2717 3583 2931 3654; x_wconf 81' lang='grc' dir='ltr'>ἔχοντες</span> <span class='ocrx_word' id='word_1_426' title='bbox 2966 3586 3075 3658; x_wconf 79' lang='grc' dir='ltr'><strong>γὰρ</strong></span> <span class='ocrx_word' id='word_1_427' title='bbox 3110 3587 3426 3659; x_wconf 72' lang='grc' dir='ltr'>ὀφθαλμοὺς</span> <span class='ocrx_word' id='word_1_428' title='bbox 3469 3592 3614 3646; x_wconf 74' lang='grc' dir='ltr'>κατὰ</span> <span class='ocrx_word' id='word_1_429' title='bbox 3646 3597 3714 3664; x_wconf 79' lang='grc' dir='ltr'>τῇ</span> <span class='ocrx_word' id='word_1_430' title='bbox 3743 3597 3866 3647; x_wconf 81' lang='grc' dir='ltr'>ἐαυ-</span> 
     </span>
    </p>
   </div>
   <div class='ocr_carea' id='block_1_64' title="bbox 599 3674 2186 3747">
    <p class='ocr_par' dir='ltr' id='par_1_64' title="bbox 599 3674 1317 3745">
     <span class='ocr_line' id='line_1_64' title="bbox 599 3674 1317 3745; baseline -0.001 -17"><span class='ocrx_word' id='word_1_431' title='bbox 599 3676 858 3730; x_wconf 89' lang='lat' dir='ltr'><strong>ditionem</strong></span> <span class='ocrx_word' id='word_1_432' title='bbox 883 3674 1317 3745; x_wconf 80' lang='lat' dir='ltr'><strong>progredientur.</strong></span> 
     </span>
    </p>
   </div>
   <div class='ocr_carea' id='block_1_65' title="bbox 1589 3674 3176 3747">
    <p class='ocr_par' dir='ltr' id='par_1_65' title="bbox 2273 3674 3176 3747">
     <span class='ocr_line' id='line_1_65' title="bbox 2273 3674 3176 3747; baseline 0.006 -20"><span class='ocrx_word' id='word_1_433' title='bbox 2273 3674 2378 3728; x_wconf 82' lang='grc' dir='ltr'><strong>τῶν</strong></span> <span class='ocrx_word' id='word_1_434' title='bbox 2407 3675 2653 3745; x_wconf 70' lang='grc' dir='ltr'><strong>ἀπωλείᾳ⁵</strong></span> <span class='ocrx_word' id='word_1_435' title='bbox 2684 3675 2760 3744; x_wconf 82' lang='grc'>(5)</span> <span class='ocrx_word' id='word_1_436' title='bbox 2798 3677 3176 3747; x_wconf 86' lang='grc' dir='ltr'>πορεύσονται.</span> 
     </span>
    </p>
   </div>
   <div class='ocr_carea' id='block_1_66' title="bbox 664 3766 2251 3848">
    <p class='ocr_par' dir='ltr' id='par_1_66' title="bbox 664 3766 1933 3836">
     <span class='ocr_line' id='line_1_66' title="bbox 664 3766 1933 3836; baseline 0.001 -14"><span class='ocrx_word' id='word_1_437' title='bbox 664 3769 750 3824; x_wconf 83' lang='lat'><strong>27.</strong></span> <span class='ocrx_word' id='word_1_438' title='bbox 782 3766 900 3822; x_wconf 81' lang='lat' dir='ltr'><strong>Non</strong></span> <span class='ocrx_word' id='word_1_439' title='bbox 925 3768 1069 3820; x_wconf 91' lang='lat' dir='ltr'><strong>enim</strong></span> <span class='ocrx_word' id='word_1_440' title='bbox 1095 3766 1479 3821; x_wconf 88' lang='lat' dir='ltr'><strong>auscultabunt</strong></span> <span class='ocrx_word' id='word_1_441' title='bbox 1503 3766 1789 3836; x_wconf 72' lang='lat' dir='ltr'><strong>praeceptis</strong></span> <span class='ocrx_word' id='word_1_442' title='bbox 1816 3767 1933 3823; x_wconf 89' lang='lat' dir='ltr'><strong>Dci.</strong></span> 
     </span>
    </p>
   </div>
   <div class='ocr_carea' id='block_1_67' title="bbox 2273 3766 3860 3848">
    <p class='ocr_par' dir='ltr' id='par_1_67' title="bbox 2339 3767 3860 3848">
     <span class='ocr_line' id='line_1_67' title="bbox 2339 3767 3860 3848; baseline 0.006 -27"><span class='ocrx_word' id='word_1_443' title='bbox 2339 3768 2428 3821; x_wconf 85' lang='lat'><em>27.</em></span> <span class='ocrx_word' id='word_1_444' title='bbox 2465 3768 2539 3818; x_wconf 81' lang='grc' dir='ltr'><strong>υύ</strong></span> <span class='ocrx_word' id='word_1_445' title='bbox 2574 3767 2681 3838; x_wconf 82' lang='grc' dir='ltr'><strong>γὰρ</strong></span> <span class='ocrx_word' id='word_1_446' title='bbox 2713 3769 3062 3822; x_wconf 81' lang='grc' dir='ltr'>ὑπακούσωσι</span> <span class='ocrx_word' id='word_1_447' title='bbox 3108 3772 3223 3834; x_wconf 86' lang='grc' dir='ltr'>τοῖς</span> <span class='ocrx_word' id='word_1_448' title='bbox 3279 3772 3374 3825; x_wconf 84' lang='grc' dir='ltr'>τοῦ</span> <span class='ocrx_word' id='word_1_449' title='bbox 3417 3772 3556 3826; x_wconf 79' lang='grc' dir='ltr'>Θεοῦ</span> <span class='ocrx_word' id='word_1_450' title='bbox 3614 3780 3860 3848; x_wconf 77' lang='grc' dir='ltr'>προστά-</span> 
     </span>
    </p>
   </div>
   <div class='ocr_carea' id='block_1_68' title="bbox 2272 3877 2494 3929">
    <p class='ocr_par' dir='ltr' id='par_1_68' title="bbox 2272 3877 2494 3929">
     <span class='ocr_line' id='line_1_68' title="bbox 2272 3877 2494 3929; baseline 0.009 -19"><span class='ocrx_word' id='word_1_451' title='bbox 2272 3877 2494 3929; x_wconf 80' lang='grc' dir='ltr'>γμασιν.</span> 
     </span>
    </p>
   </div>
   <div class='ocr_carea' id='block_1_69' title="bbox 665 3945 2252 4028">
    <p class='ocr_par' dir='ltr' id='par_1_69' title="bbox 665 3945 2166 4018">
     <span class='ocr_line' id='line_1_69' title="bbox 665 3945 2166 4018; baseline 0.004 -18"><span class='ocrx_word' id='word_1_452' title='bbox 665 3946 751 4001; x_wconf 87' lang='lat'><em>28.</em></span> <span class='ocrx_word' id='word_1_453' title='bbox 791 3946 910 4000; x_wconf 89' lang='lat' dir='ltr'><strong>Non</strong></span> <span class='ocrx_word' id='word_1_454' title='bbox 945 3945 1088 4000; x_wconf 91' lang='lat' dir='ltr'><strong>enim</strong></span> <span class='ocrx_word' id='word_1_455' title='bbox 1124 3945 1442 4016; x_wconf 89' lang='lat' dir='ltr'><strong>heneplaciti</strong></span> <span class='ocrx_word' id='word_1_456' title='bbox 1492 3945 1583 4001; x_wconf 87' lang='lat' dir='ltr'><strong>Dei</strong></span> <span class='ocrx_word' id='word_1_457' title='bbox 1634 3952 1926 4018; x_wconf 74' lang='lat' dir='ltr'><strong>participes</strong></span> <span class='ocrx_word' id='word_1_458' title='bbox 1976 3961 2166 4005; x_wconf 88' lang='lat' dir='ltr'><strong>erunt.</strong></span> 
     </span>
    </p>
   </div>
   <div class='ocr_carea' id='block_1_70' title="bbox 2270 3945 3857 4028">
    <p class='ocr_par' dir='ltr' id='par_1_70' title="bbox 2338 3951 3857 4028">
     <span class='ocr_line' id='line_1_70' title="bbox 2338 3951 3857 4028; baseline 0.005 -24"><span class='ocrx_word' id='word_1_459' title='bbox 2338 3952 2428 4005; x_wconf 84' lang='lat'><em>28.</em></span> <span class='ocrx_word' id='word_1_460' title='bbox 2459 3952 2532 4003; x_wconf 81' lang='grc' dir='ltr'>Ού</span> <span class='ocrx_word' id='word_1_461' title='bbox 2577 3951 2685 4023; x_wconf 86' lang='grc' dir='ltr'><strong>γὰρ</strong></span> <span class='ocrx_word' id='word_1_462' title='bbox 2713 3952 2810 4023; x_wconf 86' lang='grc' dir='ltr'><strong>τῆς</strong></span> <span class='ocrx_word' id='word_1_463' title='bbox 2835 3951 3080 4016; x_wconf 78' lang='grc' dir='ltr'>εὐδοκίας</span> <span class='ocrx_word' id='word_1_464' title='bbox 3108 3952 3201 4005; x_wconf 83' lang='grc' dir='ltr'>τοῦ</span> <span class='ocrx_word' id='word_1_465' title='bbox 3225 3953 3358 4007; x_wconf 80' lang='grc' dir='ltr'>Θεοῦ</span> <span class='ocrx_word' id='word_1_466' title='bbox 3405 3954 3479 4025; x_wconf 84' lang='grc'><strong>(6)</strong></span> <span class='ocrx_word' id='word_1_467' title='bbox 3512 3959 3857 4028; x_wconf 77' lang='grc' dir='ltr'>μετέχουσ.ν.</span> 
     </span>
    </p>
   </div>
   <div class='ocr_carea' id='block_1_71' title="bbox 666 4036 2253 4121">
    <p class='ocr_par' dir='ltr' id='par_1_71' title="bbox 666 4036 2163 4111">
     <span class='ocr_line' id='line_1_71' title="bbox 666 4036 2163 4111; baseline 0.005 -21"><span class='ocrx_word' id='word_1_468' title='bbox 666 4037 754 4092; x_wconf 83' lang='lat'><strong>29.</strong></span> <span class='ocrx_word' id='word_1_469' title='bbox 782 4036 895 4091; x_wconf 88' lang='lat' dir='ltr'><strong>Non</strong></span> <span class='ocrx_word' id='word_1_470' title='bbox 920 4039 1067 4093; x_wconf 90' lang='lat' dir='ltr'><strong>enim</strong></span> <span class='ocrx_word' id='word_1_471' title='bbox 1096 4039 1770 4107; x_wconf 74' lang='lat' dir='ltr'><strong>exquisiveruntiuvenire</strong></span> <span class='ocrx_word' id='word_1_472' title='bbox 1785 4052 1995 4111; x_wconf 88' lang='lat' dir='ltr'><strong>portam</strong></span> <span class='ocrx_word' id='word_1_473' title='bbox 2022 4047 2163 4110; x_wconf 70' lang='lat' dir='ltr'><strong>vitae,</strong></span> 
     </span>
    </p>
   </div>
   <div class='ocr_carea' id='block_1_72' title="bbox 2270 4036 3857 4121">
    <p class='ocr_par' dir='ltr' id='par_1_72' title="bbox 2336 4043 3857 4121">
     <span class='ocr_line' id='line_1_72' title="bbox 2336 4043 3857 4121; baseline 0.007 -26"><span class='ocrx_word' id='word_1_474' title='bbox 2336 4043 2426 4097; x_wconf 87' lang='lat'><em>29.</em></span> <span class='ocrx_word' id='word_1_475' title='bbox 2453 4044 2524 4095; x_wconf 78' lang='grc' dir='ltr'><strong>Οὐ</strong></span> <span class='ocrx_word' id='word_1_476' title='bbox 2549 4043 2657 4115; x_wconf 83' lang='grc' dir='ltr'><strong>γὰρ</strong></span> <span class='ocrx_word' id='word_1_477' title='bbox 2681 4043 3011 4116; x_wconf 78' lang='grc' dir='ltr'>ἐξεζήτησαν</span> <span class='ocrx_word' id='word_1_478' title='bbox 3032 4045 3213 4116; x_wconf 82' lang='grc' dir='ltr'>εὑρεῖν</span> <span class='ocrx_word' id='word_1_479' title='bbox 3246 4046 3343 4119; x_wconf 74' lang='grc' dir='ltr'>τὴν</span> <span class='ocrx_word' id='word_1_480' title='bbox 3367 4047 3538 4121; x_wconf 81' lang='grc' dir='ltr'>θύραν</span> <span class='ocrx_word' id='word_1_481' title='bbox 3556 4050 3660 4120; x_wconf 80' lang='grc' dir='ltr'>τῆς</span> <span class='ocrx_word' id='word_1_482' title='bbox 3685 4052 3857 4121; x_wconf 75' lang='grc' dir='ltr'>ζωῆς.</span> 
     </span>
    </p>
   </div>
   <div class='ocr_carea' id='block_1_73' title="bbox 598 4129 2185 4207">
    <p class='ocr_par' dir='ltr' id='par_1_73' title="bbox 598 4129 1166 4186">
     <span class='ocr_line' id='line_1_73' title="bbox 598 4129 1166 4186; baseline 0.002 -2"><span class='ocrx_word' id='word_1_483' title='bbox 598 4131 700 4184; x_wconf 86' lang='lat' dir='ltr'><strong>hoc</strong></span> <span class='ocrx_word' id='word_1_484' title='bbox 735 4140 818 4184; x_wconf 89' lang='lat' dir='ltr'><strong>est</strong></span> <span class='ocrx_word' id='word_1_485' title='bbox 852 4129 1166 4186; x_wconf 88' lang='lat' dir='ltr'><strong>Dominum.</strong></span> 
     </span>
    </p>
   </div>
   <div class='ocr_carea' id='block_1_74' title="bbox 1423 4129 3010 4207">
    <p class='ocr_par' dir='ltr' id='par_1_74' title="bbox 2266 4133 3010 4207">
     <span class='ocr_line' id='line_1_74' title="bbox 2266 4133 3010 4207; baseline 0.004 -21"><span class='ocrx_word' id='word_1_486' title='bbox 2266 4133 2514 4186; x_wconf 85' lang='grc' dir='ltr'>τουτέστι</span> <span class='ocrx_word' id='word_1_487' title='bbox 2545 4135 2637 4188; x_wconf 82' lang='grc' dir='ltr'><strong>τὸν</strong></span> <span class='ocrx_word' id='word_1_488' title='bbox 2669 4134 2874 4207; x_wconf 85' lang='grc' dir='ltr'>Κύριον</span> <span class='ocrx_word' id='word_1_489' title='bbox 2910 4136 3010 4204; x_wconf 87' lang='grc'>(7).</span> 
     </span>
    </p>
   </div>
   <div class='ocr_carea' id='block_1_75' title="bbox 665 4221 2252 4305">
    <p class='ocr_par' dir='ltr' id='par_1_75' title="bbox 665 4221 2164 4294">
     <span class='ocr_line' id='line_1_75' title="bbox 665 4221 2164 4294; baseline 0.005 -18"><span class='ocrx_word' id='word_1_490' title='bbox 665 4221 752 4276; x_wconf 81' lang='lat'><strong>50.</strong></span> <span class='ocrx_word' id='word_1_491' title='bbox 796 4221 1252 4276; x_wconf 88' lang='lat' dir='ltr'><strong>Claudicaverunt</strong></span> <span class='ocrx_word' id='word_1_492' title='bbox 1309 4223 1492 4290; x_wconf 89' lang='lat' dir='ltr'><strong>enim,</strong></span> <span class='ocrx_word' id='word_1_493' title='bbox 1553 4238 1838 4294; x_wconf 87' lang='lat' dir='ltr'><strong>perversas</strong></span> <span class='ocrx_word' id='word_1_494' title='bbox 1876 4237 2164 4283; x_wconf 89' lang='lat' dir='ltr'><strong>scouentes</strong></span> 
     </span>
    </p>
   </div>
   <div class='ocr_carea' id='block_1_76' title="bbox 2268 4221 3855 4305">
    <p class='ocr_par' dir='ltr' id='par_1_76' title="bbox 2334 4226 3855 4305">
     <span class='ocr_line' id='line_1_76' title="bbox 2334 4226 3855 4305; baseline 0.006 -26"><span class='ocrx_word' id='word_1_495' title='bbox 2334 4227 2422 4280; x_wconf 87' lang='lat'><strong>50.</strong></span> <span class='ocrx_word' id='word_1_496' title='bbox 2465 4226 2776 4298; x_wconf 82' lang='grc' dir='ltr'>Ἐχὼλαναν</span> <span class='ocrx_word' id='word_1_497' title='bbox 2825 4228 2932 4300; x_wconf 78' lang='grc' dir='ltr'>γὰρ</span> <span class='ocrx_word' id='word_1_498' title='bbox 2976 4229 3413 4301; x_wconf 87' lang='grc' dir='ltr'>διεστραμμένας</span> <span class='ocrx_word' id='word_1_499' title='bbox 3453 4231 3608 4297; x_wconf 75' lang='grc' dir='ltr'>ὁδοὺς</span> <span class='ocrx_word' id='word_1_500' title='bbox 3656 4251 3855 4305; x_wconf 83' lang='grc' dir='ltr'>πορευ-</span> 
     </span>
    </p>
   </div>
   <div class='ocr_carea' id='block_1_77' title="bbox 593 4309 2180 4392">
    <p class='ocr_par' dir='ltr' id='par_1_77' title="bbox 593 4309 1289 4367">
     <span class='ocr_line' id='line_1_77' title="bbox 593 4309 1289 4367; baseline 0.006 -5"><span class='ocrx_word' id='word_1_501' title='bbox 593 4309 713 4364; x_wconf 64' lang='lat' dir='ltr'><strong>tias</strong></span> <span class='ocrx_word' id='word_1_502' title='bbox 745 4312 796 4364; x_wconf 91' lang='lat' dir='ltr'><strong>in</strong></span> <span class='ocrx_word' id='word_1_503' title='bbox 822 4311 1126 4365; x_wconf 87' lang='lat' dir='ltr'><strong>actionibus</strong></span> <span class='ocrx_word' id='word_1_504' title='bbox 1151 4313 1289 4367; x_wconf 89' lang='lat' dir='ltr'><strong>suis.</strong></span> 
     </span>
    </p>
   </div>
   <div class='ocr_carea' id='block_1_78' title="bbox 1610 4309 3197 4392">
    <p class='ocr_par' dir='ltr' id='par_1_78' title="bbox 2266 4316 3197 4392">
     <span class='ocr_line' id='line_1_78' title="bbox 2266 4316 3197 4392; baseline 0.006 -24"><span class='ocrx_word' id='word_1_505' title='bbox 2266 4316 2450 4380; x_wconf 84' lang='grc' dir='ltr'>θέντες</span> <span class='ocrx_word' id='word_1_506' title='bbox 2475 4321 2530 4370; x_wconf 84' lang='grc' dir='ltr'><strong>ἐν</strong></span> <span class='ocrx_word' id='word_1_507' title='bbox 2558 4322 2673 4383; x_wconf 87' lang='grc' dir='ltr'>ταῖς</span> <span class='ocrx_word' id='word_1_508' title='bbox 2706 4320 2969 4392; x_wconf 81' lang='grc' dir='ltr'>πράξεσιν</span> <span class='ocrx_word' id='word_1_509' title='bbox 3001 4321 3197 4376; x_wconf 82' lang='grc' dir='ltr'>αὐτῶν.</span> 
     </span>
    </p>
   </div>
   <div class='ocr_carea' id='block_1_79' title="bbox 664 4401 2251 4486">
    <p class='ocr_par' dir='ltr' id='par_1_79' title="bbox 664 4401 1624 4461">
     <span class='ocr_line' id='line_1_79' title="bbox 664 4401 1624 4461; baseline 0.004 -6"><span class='ocrx_word' id='word_1_510' title='bbox 664 4403 751 4456; x_wconf 82' lang='lat'><strong>5|.</strong></span> <span class='ocrx_word' id='word_1_511' title='bbox 789 4401 907 4456; x_wconf 83' lang='lat' dir='ltr'><strong>Non</strong></span> <span class='ocrx_word' id='word_1_512' title='bbox 947 4405 1279 4458; x_wconf 87' lang='lat' dir='ltr'><strong>invocabunt</strong></span> <span class='ocrx_word' id='word_1_513' title='bbox 1308 4405 1624 4461; x_wconf 87' lang='lat' dir='ltr'><strong>Dominum.</strong></span> 
     </span>
    </p>
   </div>
   <div class='ocr_carea' id='block_1_80' title="bbox 1869 4401 3456 4486">
    <p class='ocr_par' dir='ltr' id='par_1_80' title="bbox 2333 4409 3456 4486">
     <span class='ocr_line' id='line_1_80' title="bbox 2333 4409 3456 4486; baseline 0.004 -24"><span class='ocrx_word' id='word_1_514' title='bbox 2333 4409 2420 4462; x_wconf 84' lang='lat'><em>5|.</em></span> <span class='ocrx_word' id='word_1_515' title='bbox 2459 4410 2532 4461; x_wconf 84' lang='grc' dir='ltr'><strong>υύ</strong></span> <span class='ocrx_word' id='word_1_516' title='bbox 2567 4411 2641 4482; x_wconf 79' lang='grc' dir='ltr'>μὴ</span> <span class='ocrx_word' id='word_1_517' title='bbox 2669 4412 3083 4466; x_wconf 87' lang='grc' dir='ltr'>ἐπικαλέσονται</span> <span class='ocrx_word' id='word_1_518' title='bbox 3109 4413 3200 4466; x_wconf 83' lang='grc' dir='ltr'><strong>τὸν</strong></span> <span class='ocrx_word' id='word_1_519' title='bbox 3233 4413 3456 4486; x_wconf 82' lang='grc' dir='ltr'>Κύριον.</span> 
     </span>
    </p>
   </div>
   <div class='ocr_carea' id='block_1_81' title="bbox 668 4493 2255 4582">
    <p class='ocr_par' dir='ltr' id='par_1_81' title="bbox 668 4493 2155 4573">
     <span class='ocr_line' id='line_1_81' title="bbox 668 4493 2155 4573; baseline 0.009 -27"><span class='ocrx_word' id='word_1_520' title='bbox 668 4494 756 4547; x_wconf 81' lang='lat'><em>&#39;52.</em></span> <span class='ocrx_word' id='word_1_521' title='bbox 794 4493 1054 4549; x_wconf 83' lang='lat' dir='ltr'><strong>Peribnnt</strong></span> <span class='ocrx_word' id='word_1_522' title='bbox 1077 4512 1182 4551; x_wconf 92' lang='lat' dir='ltr'><strong>non</strong></span> <span class='ocrx_word' id='word_1_523' title='bbox 1218 4513 1378 4554; x_wconf 87' lang='lat' dir='ltr'><strong>secus</strong></span> <span class='ocrx_word' id='word_1_524' title='bbox 1405 4515 1470 4555; x_wconf 88' lang='lat' dir='ltr'><strong>ac</strong></span> <span class='ocrx_word' id='word_1_525' title='bbox 1503 4504 1766 4571; x_wconf 65' lang='lat' dir='ltr'><strong>pecuniae,</strong></span> <span class='ocrx_word' id='word_1_526' title='bbox 1793 4505 1886 4573; x_wconf 90' lang='lat' dir='ltr'><strong>qui</strong></span> <span class='ocrx_word' id='word_1_527' title='bbox 1919 4521 2011 4560; x_wconf 90' lang='lat' dir='ltr'><strong>eas</strong></span> <span class='ocrx_word' id='word_1_528' title='bbox 2039 4505 2155 4560; x_wconf 89' lang='lat' dir='ltr'><strong>the-</strong></span> 
     </span>
    </p>
   </div>
   <div class='ocr_carea' id='block_1_82' title="bbox 2264 4493 3851 4582">
    <p class='ocr_par' dir='ltr' id='par_1_82' title="bbox 2333 4503 3851 4582">
     <span class='ocr_line' id='line_1_82' title="bbox 2333 4503 3851 4582; baseline 0.007 -27"><span class='ocrx_word' id='word_1_529' title='bbox 2333 4503 2418 4556; x_wconf 87' lang='lat'><em>52.</em></span> <span class='ocrx_word' id='word_1_530' title='bbox 2455 4505 2707 4558; x_wconf 86' lang='grc' dir='ltr'>Ἔσονται</span> <span class='ocrx_word' id='word_1_531' title='bbox 2753 4505 2925 4569; x_wconf 78' lang='grc' dir='ltr'>οὕτως</span> <span class='ocrx_word' id='word_1_532' title='bbox 2955 4506 3315 4578; x_wconf 82' lang='grc' dir='ltr'>ἀπολλύμενοι</span> <span class='ocrx_word' id='word_1_533' title='bbox 3362 4509 3438 4572; x_wconf 84' lang='grc' dir='ltr'><strong>ὡς</strong></span> <span class='ocrx_word' id='word_1_534' title='bbox 3485 4508 3554 4562; x_wconf 75' lang='grc' dir='ltr'>τὰ</span> <span class='ocrx_word' id='word_1_535' title='bbox 3585 4511 3851 4582; x_wconf 77' lang='grc' dir='ltr'>χρήματα</span> 
     </span>
    </p>
   </div>
   <div class='ocr_carea' id='block_1_83' title="bbox 595 4586 2182 4665">
    <p class='ocr_par' dir='ltr' id='par_1_83' title="bbox 595 4586 891 4641">
     <span class='ocr_line' id='line_1_83' title="bbox 595 4586 891 4641; baseline 0.014 -4"><span class='ocrx_word' id='word_1_536' title='bbox 595 4586 891 4641; x_wconf 65' lang='lat' dir='ltr'><strong>saurirjnt.</strong></span> 
     </span>
    </p>
   </div>
   <div class='ocr_carea' id='block_1_84' title="bbox 1361 4586 2948 4665">
    <p class='ocr_par' dir='ltr' id='par_1_84' title="bbox 2261 4593 2948 4665">
     <span class='ocr_line' id='line_1_84' title="bbox 2261 4593 2948 4665; baseline 0.007 -20"><span class='ocrx_word' id='word_1_537' title='bbox 2261 4595 2309 4646; x_wconf 91' lang='grc' dir='ltr'>οἱ</span> <span class='ocrx_word' id='word_1_538' title='bbox 2344 4593 2762 4665; x_wconf 76' lang='grc' dir='ltr'>θησαυρίζοντες</span> <span class='ocrx_word' id='word_1_539' title='bbox 2792 4597 2948 4650; x_wconf 83' lang='grc' dir='ltr'>αὑτά.</span> 
     </span>
    </p>
   </div>
   <div class='ocr_carea' id='block_1_85' title="bbox 661 4678 2248 4763">
    <p class='ocr_par' dir='ltr' id='par_1_85' title="bbox 661 4678 1769 4757">
     <span class='ocr_line' id='line_1_85' title="bbox 661 4678 1769 4757; baseline 0.009 -26"><span class='ocrx_word' id='word_1_540' title='bbox 661 4679 747 4732; x_wconf 81' lang='grc'><strong>55.</strong></span> <span class='ocrx_word' id='word_1_541' title='bbox 783 4678 846 4732; x_wconf 86' lang='lat' dir='ltr'><strong>Et</strong></span> <span class='ocrx_word' id='word_1_542' title='bbox 880 4696 1070 4734; x_wconf 83' lang='lat' dir='ltr'><strong>omnes</strong></span> <span class='ocrx_word' id='word_1_543' title='bbox 1100 4683 1152 4735; x_wconf 90' lang='lat' dir='ltr'><strong>in</strong></span> <span class='ocrx_word' id='word_1_544' title='bbox 1195 4685 1440 4752; x_wconf 84' lang='lat' dir='ltr'><strong>pecuniis</strong></span> <span class='ocrx_word' id='word_1_545' title='bbox 1474 4699 1769 4757; x_wconf 78' lang='lat' dir='ltr'><strong>sperantes.</strong></span> 
     </span>
    </p>
   </div>
   <div class='ocr_carea' id='block_1_86' title="bbox 2183 4678 3770 4763">
    <p class='ocr_par' dir='ltr' id='par_1_86' title="bbox 2331 4688 3770 4763">
     <span class='ocr_line' id='line_1_86' title="bbox 2331 4688 3770 4763; baseline 0.005 -23"><span class='ocrx_word' id='word_1_546' title='bbox 2331 4688 2417 4742; x_wconf 88' lang='lat'><strong>55.</strong></span> <span class='ocrx_word' id='word_1_547' title='bbox 2454 4689 2564 4741; x_wconf 77' lang='lat' dir='ltr'><strong>Kal</strong></span> <span class='ocrx_word' id='word_1_548' title='bbox 2594 4690 2794 4752; x_wconf 83' lang='grc' dir='ltr'>πάντες</span> <span class='ocrx_word' id='word_1_549' title='bbox 2821 4693 2868 4743; x_wconf 82' lang='grc' dir='ltr'>οἱ</span> <span class='ocrx_word' id='word_1_550' title='bbox 2901 4689 3209 4754; x_wconf 74' lang='grc' dir='ltr'>ἐλπίζοντες</span> <span class='ocrx_word' id='word_1_551' title='bbox 3239 4693 3331 4744; x_wconf 75' lang='grc' dir='ltr'><strong>ἐπὶ</strong></span> <span class='ocrx_word' id='word_1_552' title='bbox 3360 4693 3470 4756; x_wconf 84' lang='grc' dir='ltr'>τοῖς</span> <span class='ocrx_word' id='word_1_553' title='bbox 3499 4693 3770 4763; x_wconf 79' lang='grc' dir='ltr'>χρήμασι.</span> 
     </span>
    </p>
   </div>
   <div class='ocr_carea' id='block_1_87' title="bbox 661 4769 2248 4854">
    <p class='ocr_par' dir='ltr' id='par_1_87' title="bbox 661 4769 2153 4850">
     <span class='ocr_line' id='line_1_87' title="bbox 661 4769 2153 4850; baseline 0.008 -26"><span class='ocrx_word' id='word_1_554' title='bbox 661 4769 750 4824; x_wconf 73' lang='grc'><strong>54.</strong></span> <span class='ocrx_word' id='word_1_555' title='bbox 782 4769 955 4826; x_wconf 86' lang='lat' dir='ltr'><strong>Mente</strong></span> <span class='ocrx_word' id='word_1_556' title='bbox 982 4783 1158 4827; x_wconf 88' lang='lat' dir='ltr'><strong>autem</strong></span> <span class='ocrx_word' id='word_1_557' title='bbox 1188 4775 1356 4830; x_wconf 89' lang='lat' dir='ltr'><strong>Deum</strong></span> <span class='ocrx_word' id='word_1_558' title='bbox 1387 4778 1632 4834; x_wconf 89' lang='lat' dir='ltr'><strong>videntes</strong></span> <span class='ocrx_word' id='word_1_559' title='bbox 1660 4791 2012 4850; x_wconf 88' lang='lat' dir='ltr'><strong>speraverunt</strong></span> <span class='ocrx_word' id='word_1_560' title='bbox 2045 4797 2153 4838; x_wconf 90' lang='lat' dir='ltr'><strong>non</strong></span> 
     </span>
    </p>
   </div>
   <div class='ocr_carea' id='block_1_88' title="bbox 2260 4769 3847 4854">
    <p class='ocr_par' dir='ltr' id='par_1_88' title="bbox 2330 4779 3847 4854">
     <span class='ocr_line' id='line_1_88' title="bbox 2330 4779 3847 4854; baseline 0.005 -21"><span class='ocrx_word' id='word_1_561' title='bbox 2330 4779 2418 4835; x_wconf 70' lang='grc'><strong>54.</strong></span> <span class='ocrx_word' id='word_1_562' title='bbox 2441 4780 2518 4853; x_wconf 86' lang='grc'>(8)</span> <span class='ocrx_word' id='word_1_563' title='bbox 2551 4783 2613 4833; x_wconf 79' lang='lat' dir='ltr'><strong>O&#39;.</strong></span> <span class='ocrx_word' id='word_1_564' title='bbox 2641 4781 2696 4835; x_wconf 86' lang='grc' dir='ltr'><strong>δέ</strong></span> <span class='ocrx_word' id='word_1_565' title='bbox 2736 4786 2800 4853; x_wconf 83' lang='grc' dir='ltr'><strong>τῇ</strong></span> <span class='ocrx_word' id='word_1_566' title='bbox 2831 4783 3038 4852; x_wconf 76' lang='grc' dir='ltr'>διανοίᾳ</span> <span class='ocrx_word' id='word_1_567' title='bbox 3071 4782 3204 4835; x_wconf 88' lang='grc' dir='ltr'>Θεὸν</span> <span class='ocrx_word' id='word_1_568' title='bbox 3225 4782 3457 4854; x_wconf 80' lang='grc' dir='ltr'>ὁρῶντες</span> <span class='ocrx_word' id='word_1_569' title='bbox 3481 4785 3723 4854; x_wconf 76' lang='grc' dir='ltr'>ήλπισαν</span> <span class='ocrx_word' id='word_1_570' title='bbox 3747 4790 3847 4841; x_wconf 78' lang='grc' dir='ltr'><strong>ούκ</strong></span> 
     </span>
    </p>
   </div>
   <div class='ocr_carea' id='block_1_89' title="bbox 593 4859 2180 4942">
    <p class='ocr_par' dir='ltr' id='par_1_89' title="bbox 593 4859 1434 4941">
     <span class='ocr_line' id='line_1_89' title="bbox 593 4859 1434 4941; baseline 0.014 -30"><span class='ocrx_word' id='word_1_571' title='bbox 593 4859 644 4912; x_wconf 91' lang='lat' dir='ltr'><strong>in</strong></span> <span class='ocrx_word' id='word_1_572' title='bbox 677 4863 939 4929; x_wconf 88' lang='lat' dir='ltr'><strong>pecuniis,</strong></span> <span class='ocrx_word' id='word_1_573' title='bbox 975 4865 1065 4918; x_wconf 92' lang='lat' dir='ltr'><strong>scd</strong></span> <span class='ocrx_word' id='word_1_574' title='bbox 1101 4865 1153 4918; x_wconf 90' lang='lat' dir='ltr'><strong>in</strong></span> <span class='ocrx_word' id='word_1_575' title='bbox 1187 4865 1434 4941; x_wconf 86' lang='lat' dir='ltr'><strong>Domino.</strong></span> 
     </span>
    </p>
   </div>
   <div class='ocr_carea' id='block_1_90' title="bbox 1622 4859 3209 4942">
    <p class='ocr_par' dir='ltr' id='par_1_90' title="bbox 2260 4871 3209 4942">
     <span class='ocr_line' id='line_1_90' title="bbox 2260 4871 3209 4942; baseline 0.004 -19"><span class='ocrx_word' id='word_1_576' title='bbox 2260 4871 2351 4923; x_wconf 77' lang='grc' dir='ltr'><strong>ἐπὶ</strong></span> <span class='ocrx_word' id='word_1_577' title='bbox 2385 4873 2692 4942; x_wconf 81' lang='grc' dir='ltr'>χρήμασιν,</span> <span class='ocrx_word' id='word_1_578' title='bbox 2725 4873 2836 4926; x_wconf 83' lang='grc' dir='ltr'>ἀλλ’</span> <span class='ocrx_word' id='word_1_579' title='bbox 2868 4872 2958 4924; x_wconf 79' lang='grc' dir='ltr'><strong>ἐπὶ</strong></span> <span class='ocrx_word' id='word_1_580' title='bbox 2991 4871 3209 4942; x_wconf 89' lang='grc' dir='ltr'>Κύριον.</span> 
     </span>
    </p>
   </div>
   <div class='ocr_carea' id='block_1_91' title="bbox 658 4954 2245 5037">
    <p class='ocr_par' dir='ltr' id='par_1_91' title="bbox 658 4954 2111 5037">
     <span class='ocr_line' id='line_1_91' title="bbox 658 4954 2111 5037; baseline 0.01 -29"><span class='ocrx_word' id='word_1_581' title='bbox 658 4956 748 5009; x_wconf 75' lang='grc'><strong>55.</strong></span> <span class='ocrx_word' id='word_1_582' title='bbox 784 4954 849 5010; x_wconf 86' lang='lat' dir='ltr'><strong>Et</strong></span> <span class='ocrx_word' id='word_1_583' title='bbox 889 4957 1010 5011; x_wconf 86' lang='lat' dir='ltr'><strong>ideo</strong></span> <span class='ocrx_word' id='word_1_584' title='bbox 1047 4959 1320 5015; x_wconf 76' lang='lat' dir='ltr'><strong>confortat</strong></span> <span class='ocrx_word' id='word_1_585' title='bbox 1347 4977 1464 5024; x_wconf 89' lang='lat' dir='ltr'><strong>eos,</strong></span> <span class='ocrx_word' id='word_1_586' title='bbox 1497 4963 1800 5036; x_wconf 90' lang='lat' dir='ltr'><strong>iisdemque</strong></span> <span class='ocrx_word' id='word_1_587' title='bbox 1831 4967 2111 5037; x_wconf 80' lang='lat' dir='ltr'><strong>prospicit.</strong></span> 
     </span>
    </p>
   </div>
   <div class='ocr_carea' id='block_1_92' title="bbox 2257 4954 3844 5037">
    <p class='ocr_par' dir='ltr' id='par_1_92' title="bbox 2332 4964 3844 5037">
     <span class='ocr_line' id='line_1_92' title="bbox 2332 4964 3844 5037; baseline 0.001 -20"><span class='ocrx_word' id='word_1_588' title='bbox 2332 4964 2420 5017; x_wconf 80' lang='lat'><strong>55.</strong></span> <span class='ocrx_word' id='word_1_589' title='bbox 2461 4967 2570 5017; x_wconf 82' lang='grc' dir='ltr'><strong>Καὶ</strong></span> <span class='ocrx_word' id='word_1_590' title='bbox 2599 4967 2674 5035; x_wconf 83' lang='grc'>(9)</span> <span class='ocrx_word' id='word_1_591' title='bbox 2704 4967 2792 5019; x_wconf 72' lang='grc' dir='ltr'><strong>διὰ</strong></span> <span class='ocrx_word' id='word_1_592' title='bbox 2840 4965 2996 5018; x_wconf 77' lang='grc' dir='ltr'>τοῦτο</span> <span class='ocrx_word' id='word_1_593' title='bbox 3041 4965 3277 5037; x_wconf 82' lang='grc' dir='ltr'>ἐνισχύει</span> <span class='ocrx_word' id='word_1_594' title='bbox 3310 4965 3506 5029; x_wconf 77' lang='grc' dir='ltr'>αὐτοὺς</span> <span class='ocrx_word' id='word_1_595' title='bbox 3528 5005 3542 5029; x_wconf 87' lang='grc'><em>,</em></span> <span class='ocrx_word' id='word_1_596' title='bbox 3573 4983 3672 5018; x_wconf 83' lang='grc' dir='ltr'><strong>και</strong></span> <span class='ocrx_word' id='word_1_597' title='bbox 3707 4970 3844 5037; x_wconf 63' lang='grc' dir='ltr'>πρός</span> 
     </span>
    </p>
   </div>
   <div class='ocr_carea' id='block_1_93' title="bbox 2183 5057 2900 5128">
    <p class='ocr_par' dir='ltr' id='par_1_93' title="bbox 2183 5057 2900 5128">
     <span class='ocr_line' id='line_1_93' title="bbox 2183 5057 2900 5128; baseline 0.004 -20"><span class='ocrx_word' id='word_1_598' title='bbox 2183 5071 2236 5128; x_wconf 83' lang='grc' dir='ltr'><strong>ι)</strong></span> <span class='ocrx_word' id='word_1_599' title='bbox 2260 5073 2407 5110; x_wconf 84' lang='grc' dir='ltr'>νοιαν</span> <span class='ocrx_word' id='word_1_600' title='bbox 2435 5057 2614 5111; x_wconf 75' lang='grc' dir='ltr'>αὐτῶν</span> <span class='ocrx_word' id='word_1_601' title='bbox 2648 5061 2900 5112; x_wconf 86' lang='grc' dir='ltr'>ποιεῖται.</span> 
     </span>
    </p>
   </div>
   <div class='ocr_carea' id='block_1_94' title="bbox 661 5152 1152 5220">
    <p class='ocr_par' dir='ltr' id='par_1_94' title="bbox 661 5152 1152 5220">
     <span class='ocr_line' id='line_1_94' title="bbox 661 5152 1152 5220; baseline 0.006 -13"><span class='ocrx_word' id='word_1_602' title='bbox 661 5153 706 5184; x_wconf 78' lang='grc'><strong>⁸⁸</strong></span> <span class='ocrx_word' id='word_1_603' title='bbox 734 5152 944 5213; x_wconf 84' lang='lat' dir='ltr'><strong>Coloss.</strong></span> <span class='ocrx_word' id='word_1_604' title='bbox 983 5173 1064 5220; x_wconf 84' lang='lat' dir='ltr'><strong>Ill,</strong></span> <span class='ocrx_word' id='word_1_605' title='bbox 1102 5159 1152 5212; x_wconf 84' lang='grc'><strong>5.</strong></span> 
     </span>
    </p>
   </div>
   <div class='ocr_carea' id='block_1_95' title="bbox 1531 5280 2865 5366">
    <p class='ocr_par' dir='ltr' id='par_1_95' title="bbox 1531 5280 2865 5366">
     <span class='ocr_line' id='line_1_95' title="bbox 1531 5280 2865 5366; baseline 0.013 -28"><span class='ocrx_word' id='word_1_606' title='bbox 1531 5280 1831 5343; x_wconf 80' lang='lat' dir='ltr'><strong>Addenda</strong></span> <span class='ocrx_word' id='word_1_607' title='bbox 1864 5292 1923 5345; x_wconf 90' lang='lat' dir='ltr'><strong>et</strong></span> <span class='ocrx_word' id='word_1_608' title='bbox 1961 5285 2335 5366; x_wconf 80' lang='lat' dir='ltr'><strong>corrigenda</strong></span> <span class='ocrx_word' id='word_1_609' title='bbox 2373 5307 2452 5351; x_wconf 78' lang='lat' dir='ltr'><strong>ex</strong></span> <span class='ocrx_word' id='word_1_610' title='bbox 2479 5291 2619 5352; x_wconf 93' lang='lat' dir='ltr'><strong>cod.</strong></span> <span class='ocrx_word' id='word_1_611' title='bbox 2663 5292 2865 5355; x_wconf 83' lang='lat' dir='ltr'><strong>Vatic.</strong></span> 
     </span>
    </p>
   </div>
   <div class='ocr_carea' id='block_1_96' title="bbox 657 5431 3105 5530">
    <p class='ocr_par' dir='ltr' id='par_1_96' title="bbox 657 5431 3105 5530">
     <span class='ocr_line' id='line_1_96' title="bbox 657 5431 3105 5530; baseline 0 0"><span class='ocrx_word' id='word_1_612' title='bbox 657 5431 1574 5530; x_wconf 51' lang='grc' dir='ltr'><strong>Ωὶ;Ὺ.Ξ¹,ττ²“ἷ;.ἶ9.ξῖἓεῗὶῨλὲιῷγ</strong></span> <span class='ocrx_word' id='word_1_613' title='bbox 1621 5443 1713 5528; x_wconf 53' lang='lat' dir='ltr'><strong>“Si</strong></span> <span class='ocrx_word' id='word_1_614' title='bbox 1753 5445 1858 5522; x_wconf 68' lang='grc' dir='ltr'><strong>’Ξρδ</strong></span> <span class='ocrx_word' id='word_1_615' title='bbox 1880 5446 1981 5528; x_wconf 70' lang='grc' dir='ltr'><strong>ῖτῆς</strong></span> <span class='ocrx_word' id='word_1_616' title='bbox 2012 5463 2150 5530; x_wconf 68' lang='grc' dir='ltr'>πέιρ-</span> <span class='ocrx_word' id='word_1_617' title='bbox 2328 5451 2404 5530; x_wconf 67' lang='grc' dir='ltr'>(ξὲ)</span> <span class='ocrx_word' id='word_1_618' title='bbox 2437 5453 2795 5530; x_wconf 57' lang='grc' dir='ltr'><strong>Τῆςὲαυτῶι</strong></span> <span class='ocrx_word' id='word_1_619' title='bbox 2820 5453 3105 5530; x_wconf 44' lang='lat' dir='ltr'><strong>emisti:-</strong></span> 
     </span>
    </p>
   </div>
   <div class='ocr_carea' id='block_1_97' title="bbox 584 5505 3094 5596">
    <p class='ocr_par' dir='ltr' id='par_1_97' title="bbox 584 5505 3094 5596">
     <span class='ocr_line' id='line_1_97' title="bbox 584 5505 3094 5596; baseline 0.011 -43"><span class='ocrx_word' id='word_1_620' title='bbox 584 5505 769 5596; x_wconf 49' lang='grc' dir='ltr'>ξιέσίας</span> <span class='ocrx_word' id='word_1_621' title='bbox 802 5505 992 5590; x_wconf 65' lang='grc' dir='ltr'><strong>αὑτοῦἸ</strong></span> <span class='ocrx_word' id='word_1_622' title='bbox 1031 5508 1119 5558; x_wconf 68' lang='grc' dir='ltr'><strong>καὶ</strong></span> <span class='ocrx_word' id='word_1_623' title='bbox 1151 5505 1601 5596; x_wconf 46' lang='grc' dir='ltr'>ἐνιτῇηπαρξυσξα</span> <span class='ocrx_word' id='word_1_624' title='bbox 1631 5505 2017 5596; x_wconf 71' lang='grc' dir='ltr'>αὐτοῦ’πὰντα,</span> <span class='ocrx_word' id='word_1_625' title='bbox 2047 5505 2146 5570; x_wconf 74' lang='grc' dir='ltr'>ὅσα</span> <span class='ocrx_word' id='word_1_626' title='bbox 2437 5505 2672 5587; x_wconf 48' lang='lat' dir='ltr'><strong>nauata:</strong></span> <span class='ocrx_word' id='word_1_627' title='bbox 2707 5505 2800 5576; x_wconf 71' lang='grc' dir='ltr'><strong>τοῦ</strong></span> 
     </span>
    </p>
   </div>
   <div class='ocr_carea' id='block_1_98' title="bbox 584 5574 2689 5666">
    <p class='ocr_par' dir='ltr' id='par_1_98' title="bbox 584 5574 2689 5666">
     <span class='ocr_line' id='line_1_98' title="bbox 584 5574 2689 5666; baseline -0.009 3"><span class='ocrx_word' id='word_1_628' title='bbox 584 5574 1147 5666; x_wconf 43' lang='grc' dir='ltr'><strong>ἡθέᾙὶῗῗῖέῖτθίηῖεῈ</strong></span> <span class='ocrx_word' id='word_1_629' title='bbox 1181 5575 1253 5631; x_wconf 72' lang='lat' dir='ltr'><strong>N&#39;</strong></span> <span class='ocrx_word' id='word_1_630' title='bbox 1276 5579 1364 5632; x_wconf 56' lang='lat'><strong>25&#39;</strong></span> <span class='ocrx_word' id='word_1_631' title='bbox 1408 5574 1469 5632; x_wconf 73' lang='grc' dir='ltr'>Ἦ</span> <span class='ocrx_word' id='word_1_632' title='bbox 1501 5574 1607 5652; x_wconf 52' lang='lat' dir='ltr'><strong>Ta&quot;?</strong></span> <span class='ocrx_word' id='word_1_633' title='bbox 1637 5585 1969 5656; x_wconf 76' lang='grc' dir='ltr'>φιλαργυρία</span> <span class='ocrx_word' id='word_1_634' title='bbox 1990 5574 2014 5652; x_wconf 67' lang='grc'><strong>,’</strong></span> <span class='ocrx_word' id='word_1_635' title='bbox 2035 5599 2142 5644; x_wconf 84' lang='lat' dir='ltr'><strong>etc.</strong></span> <span class='ocrx_word' id='word_1_636' title='bbox 2437 5574 2689 5666; x_wconf 60' lang='grc' dir='ltr'><strong>Ξὲρῖςὲ-ξὸὗ.</strong></span> 
     </span>
    </p>
   </div>
   <div class='ocr_carea' id='block_1_99' title="bbox 655 5646 2242 5734">
    <p class='ocr_par' dir='ltr' id='par_1_99' title="bbox 655 5646 2000 5734">
     <span class='ocr_line' id='line_1_99' title="bbox 655 5646 2000 5734; baseline -0.039 -31"><span class='ocrx_word' id='word_1_637' title='bbox 655 5646 982 5734; x_wconf 55' lang='grc' dir='ltr'>(Ξ)Μέλεσιν</span> <span class='ocrx_word' id='word_1_638' title='bbox 1014 5647 1206 5701; x_wconf 76' lang='grc' dir='ltr'>αὐτῶν,</span> <span class='ocrx_word' id='word_1_639' title='bbox 1513 5646 1521 5650; x_wconf 80' lang='lat'>&#39;</span> <span class='ocrx_word' id='word_1_640' title='bbox 1579 5646 1590 5652; x_wconf 91' lang='lat'><strong>-</strong></span> <span class='ocrx_word' id='word_1_641' title='bbox 1649 5646 1659 5653; x_wconf 97' lang='lat'><em>-</em></span> <span class='ocrx_word' id='word_1_642' title='bbox 1773 5646 1784 5656; x_wconf 86' lang='lat'><strong>.</strong></span> <span class='ocrx_word' id='word_1_643' title='bbox 1815 5646 1826 5654; x_wconf 65' lang='grc' dir='ltr'><strong>ν</strong></span> <span class='ocrx_word' id='word_1_644' title='bbox 1878 5646 1890 5656; x_wconf 96' lang='grc'><strong>.</strong></span> <span class='ocrx_word' id='word_1_645' title='bbox 1991 5646 2000 5652; x_wconf 92' lang='grc'>,</span> 
     </span>
     <span class='ocr_line' id='line_1_100' title="bbox 656 5717 1434 5734; baseline -0.041 5"><span class='ocrx_word' id='word_1_646' title='bbox 656 5722 666 5734; x_wconf 80' lang='grc' dir='ltr'><strong>ι</strong></span> <span class='ocrx_word' id='word_1_647' title='bbox 717 5717 727 5734; x_wconf 71' lang='grc' dir='ltr'><strong>ι</strong></span> <span class='ocrx_word' id='word_1_648' title='bbox 762 5717 801 5734; x_wconf 81' lang='grc' dir='ltr'>ι.</span> <span class='ocrx_word' id='word_1_649' title='bbox 920 5718 973 5734; x_wconf 71' lang='grc' dir='ltr'>η-</span> <span class='ocrx_word' id='word_1_650' title='bbox 1114 5720 1125 5734; x_wconf 75' lang='grc'>,</span> <span class='ocrx_word' id='word_1_651' title='bbox 1185 5719 1198 5734; x_wconf 68' lang='grc'>,</span> <span class='ocrx_word' id='word_1_652' title='bbox 1425 5722 1434 5734; x_wconf 37' lang='grc' dir='ltr'><strong>ν</strong></span> 
     </span>
    </p>
   </div>
   <div class='ocr_carea' id='block_1_100' title="bbox 1468 5646 3055 5734">
    <p class='ocr_par' dir='ltr' id='par_1_100' title="bbox 1513 5646 3055 5734">
     <span class='ocr_line' id='line_1_101' title="bbox 1513 5646 3055 5734; baseline 0.03 -60"><span class='ocrx_word' id='word_1_653' title='bbox 1513 5646 1521 5650; x_wconf 64' lang='grc' dir='ltr'><strong>τ</strong></span> <span class='ocrx_word' id='word_1_654' title='bbox 1579 5646 1590 5652; x_wconf 94' lang='grc'><strong><em>-</em></strong></span> <span class='ocrx_word' id='word_1_655' title='bbox 1649 5646 1659 5653; x_wconf 97' lang='grc'><strong>-</strong></span> <span class='ocrx_word' id='word_1_656' title='bbox 1773 5646 1826 5656; x_wconf 64' lang='grc' dir='ltr'><strong>ν</strong></span> <span class='ocrx_word' id='word_1_657' title='bbox 1878 5646 1890 5656; x_wconf 95' lang='grc'><strong>·</strong></span> <span class='ocrx_word' id='word_1_658' title='bbox 1991 5646 2000 5652; x_wconf 84' lang='lat'><em>&#39;</em></span> <span class='ocrx_word' id='word_1_659' title='bbox 2327 5646 2402 5734; x_wconf 61' lang='lat' dir='ltr'><strong>{si</strong></span> <span class='ocrx_word' id='word_1_660' title='bbox 2431 5646 2503 5718; x_wconf 84' lang='lat' dir='ltr'><strong>N.‘</strong></span> <span class='ocrx_word' id='word_1_661' title='bbox 2532 5646 2734 5729; x_wconf 52' lang='lat'><strong>53,33.</strong></span> <span class='ocrx_word' id='word_1_662' title='bbox 2770 5666 2832 5718; x_wconf 84' lang='grc' dir='ltr'><strong>οι</strong></span> <span class='ocrx_word' id='word_1_663' title='bbox 2864 5665 2921 5718; x_wconf 80' lang='grc' dir='ltr'>δέ</span> <span class='ocrx_word' id='word_1_664' title='bbox 2951 5673 3055 5720; x_wconf 88' lang='lat' dir='ltr'><strong>etc.</strong></span> 
     </span>
    </p>
   </div>
   <div class='ocr_carea' id='block_1_101' title="bbox 652 5716 2239 5806">
    <p class='ocr_par' dir='ltr' id='par_1_101' title="bbox 652 5716 1534 5806">
     <span class='ocr_line' id='line_1_102' title="bbox 652 5716 1534 5806; baseline 0.015 -41"><span class='ocrx_word' id='word_1_665' title='bbox 762 5717 1074 5806; x_wconf 45' lang='grc' dir='ltr'>Ιιιαραθῆναι</span> <span class='ocrx_word' id='word_1_666' title='bbox 1108 5719 1317 5792; x_wconf 73' lang='grc' dir='ltr'>ἑκάστῳ</span> <span class='ocrx_word' id='word_1_667' title='bbox 1351 5722 1534 5794; x_wconf 78' lang='grc' dir='ltr'>στίχῳ.</span> 
     </span>
    </p>
   </div>
   <div class='ocr_carea' id='block_1_102' title="bbox 1339 5716 2926 5806">
    <p class='ocr_par' dir='ltr' id='par_1_102' title="bbox 1351 5716 2926 5806">
     <span class='ocr_line' id='line_1_103' title="bbox 1351 5716 2926 5806; baseline 0.01 -30"><span class='ocrx_word' id='word_1_668' title='bbox 1351 5722 1534 5794; x_wconf 78' lang='grc' dir='ltr'>στίχῳ.</span> <span class='ocrx_word' id='word_1_669' title='bbox 2573 5716 2683 5792; x_wconf 58' lang='lat' dir='ltr'><strong>non</strong></span> <span class='ocrx_word' id='word_1_670' title='bbox 2695 5716 2926 5806; x_wconf 42' lang='lat' dir='ltr'><strong>legitur.</strong></span> 
     </span>
    </p>
   </div>
   <div class='ocr_carea' id='block_1_103' title="bbox 654 5767 1045 5854">
    <p class='ocr_par' dir='ltr' id='par_1_103' title="bbox 654 5767 1045 5854">
     <span class='ocr_line' id='line_1_104' title="bbox 654 5767 1045 5854; baseline 0.015 -17"><span class='ocrx_word' id='word_1_671' title='bbox 654 5767 729 5854; x_wconf 65' lang='grc' dir='ltr'>(ι)</span> <span class='ocrx_word' id='word_1_672' title='bbox 764 5767 1045 5844; x_wconf 47' lang='lat' dir='ltr'><strong>mare;</strong></span> 
     </span>
    </p>
   </div>
  </div>
