4018 6452
563 355 700 414 1175
1400 366 1455 421 S.
1497 368 1868 424 ATHANASII
1906 370 2053 427 OPP.
2091 370 2268 427 PARS
2305 371 2392 428 ΙΙΙ.
2434 403 2503 414 —-
2545 370 2946 429 EXEGETICA.
3667 376 3803 429 H76

632 480 719 537 55.
756 482 898 541 Deus
920 501 1074 544 meus
1103 504 1163 544 es
1196 499 1275 554 tu,
1304 500 1357 544 et
1389 493 1687 547 conﬁtebor
1711 494 1809 548 tibi
1844 514 1855 548 :
2153 500 2199 555 Α

2153 500 2199 555 Α
2298 493 2387 549 55.
2412 494 2545 556 Θεός
2575 512 2673 565 μου
2699 490 2749 546 εἴ
2786 494 2871 555 σὺ,
2897 495 2989 547 καὶ
3021 493 3485 563 ἐξομολογησομαί
3517 509 3602 546 σοι
3627 510 3644 523 ·

632 571 720 630 56.
749 572 890 631 Deus
922 593 1075 634 meus
1099 596 1159 636 es
1194 591 1269 648 tu,
1306 592 1360 636 et
1386 585 1635 639 exaltabo
1665 596 1737 640 te.

2300 585 2386 640 56.
2414 586 2547 650 Θεός
2583 603 2683 656 μου
2711 581 2759 638 si
2791 588 2878 647 σὺ,
2912 588 3004 639 καὶ
3031 584 3231 654 ὑψώσω
3260 601 3340 640 σε.

634 665 720 721 57.
749 667 1058 725 Conlltebor
1085 673 1201 735 tibi,
1226 675 1483 743 quoniam
1517 679 1785 733 exaudisti
1812 693 1897 733 me
1932 720 1944 731 .

2298 674 2385 729 57.
2434 674 2930 747 Έξομολογήσομαι
2960 691 3063 737 σοι,
3086 676 3166 728 ὅτι
3191 675 3500 744 ὲπήκουσάς
3532 691 3639 745 μου
3665 690 3682 706 ·

637 759 726 815 58.
757 758 823 815 Et
847 760 1021 819 lactus
1058 778 1117 820 es
1150 764 1280 819 mihi
1304 766 1357 819 in
1397 767 1651 824 salutem.

2302 764 2391 821 58.
2429 766 2538 819 Καὶ
2564 766 2747 833 ἐγένου
2784 782 2871 835 μοι
2901 766 2979 828 εις
3016 764 3300 836 σωτηρίαν.

634 849 720 905 59.
750 849 1093 907 Conlltcmini
1125 852 1372 918 Domino,
1397 858 1654 924 quoniam
1685 858 1881 920 bonus,

2299 854 2389 909 59.
2433 854 2866 925 Ἐξομολογεϊσθε
2890 854 2965 924 τῷ
3004 854 3212 924 Κυρίῳ,
3240 855 3321 907 ὅτι
3358 854 3580 921 ἀγαθὸς,

635 942 721 999 60.
750 943 1017 1009 Quoniam
1046 946 1099 999 in
1129 946 1388 1001 saeculum
1412 949 1787 1004 misericordia
1812 950 1950 1019 ejus.

1852 950 1950 1019 ius.
2302 944 2388 1000 60.
2422 947 2544 1000 Ὀτι
2573 948 2653 1010 εἰς
2675 947 2766 999 τὸν
2799 945 2971 999 αἰῶνα
2996 946 3057 998 τὸ
3085 945 3230 1008 ἔλεος
3258 945 3439 999 αὐτοῦ.

877 1035 1109 1091 Alleluia
1138 1037 1248 1111 (τ)
1311 1037 1515 1095 ρεριι.
1548 1039 1643 1095 CX
1661 1039 1826 1096 VIII.

1809 1079 1826 1094 .
2629 1040 2997 1104 Ἀλληλούτω
3032 1041 3203 1092 ΨΛΛ.
3235 1036 3395 1092 PIH'.

639 1128 687 1179 l.
727 1125 871 1182 Beati
901 1130 1235 1185 immaculati
1267 1134 1319 1186 in
1354 1133 1462 1196 via,
1497 1134 1589 1203 qui
1623 1133 1907 1188 ambulant
1932 1134 1985 1187 in
2018 1135 2132 1203 lege

2307 1131 2356 1186 1.
2388 1129 2659 1202 Μακάριοι
2679 1131 2728 1183 οἱ
2760 1132 2980 1201 ἄμωμοι
3009 1131 3067 1182 ὲν
3092 1128 3218 1198 ὀδῷ,
3253 1132 3301 1181 οι
3339 1130 3708 1199 πορευόμενοι
3755 1130 3810 1181 ιν

574 1218 810 1276 Domini.

2234 1222 2383 1291 νόμῳ
2407 1221 2630 1292 Κυρίου.

638 1309 691 1363 2.
727 1306 873 1366 Beati
908 1312 1000 1381 qui
1041 1324 1357 1371 scrutantur
1399 1314 1705 1370 testimonia
1732 1316 1872 1383 ejus,
1917 1314 1968 1367 in
2020 1323 2132 1368 toto

2303 1312 2357 1366 2.
2384 1312 2661 1383 Μακάριοι
2698 1314 2746 1365 οἱ
2773 1312 3160 1383 ἐξερευνῶντες
3190 1310 3257 1363 τά
3302 1310 3579 1381 μαρτύρια
3618 1309 3806 1368 αὑτοῦ,

570 1400 734 1456 corde
758 1405 1046 1472 exquirant
1076 1421 1223 1460 eum.

2237 1406 2292 1457 ὲν
2330 1402 2428 1474 ὅλῃ
2453 1404 2650 1474 καρδίᾳ
2682 1402 3075 1474 ὲκζητήσουσιν
3100 1402 3282 1455 αὐτόν.

642 1491 693 1545 3.
731 1490 847 1546 Non
881 1494 1025 1548 enim
1058 1497 1151 1565 qui
1185 1505 1480 1567 operantur
1528 1497 1889 1567 iniquitatem,
1937 1497 1989 1551 in
2036 1498 2135 1551 \‘iis

2306 1496 2358 1549 3.
2385 1496 2458 1547 Οὐ
2490 1496 2597 1565 γάρ
2619 1496 2667 1546 οἱ
2689 1492 3043 1565 ἐργαζόμενοι
3070 1495 3168 1564 τὴν
3191 1492 3417 1563 ἀνομίαν
3440 1495 3498 1545 ὲν
3529 1486 3652 1554 ταῖς
3674 1490 3809 1552 ὁδοῖς

573 1582 690 1648 ejus
727 1584 1160 1643 ambulaverunt.

2238 1583 2400 1638 αὑτοῦ
2434 1583 2825 1653 ἐπορεύθησαν.

642 1672 694 1726 ι.
726 1671 807 1727 Tu
838 1676 1109 1731 mandasti
1146 1678 1399 1733 mandata
1434 1688 1551 1740 tua,
1574 1679 1837 1734 custodiri
1880 1678 2062 1733 nimis.

2309 1676 2360 1729 4.
2391 1677 2462 1728 Σὺ
2516 1675 2765 1728 ὲνετείλω
2804 1674 2903 1737 τάς
2931 1673 3147 1736 ἐντολάς
3176 1689 3269 1726 σου
3292 1712 3307 1737 ,
3340 1674 3433 1725 τοῦ
3468 1671 3810 1741 φυλάξασθαι

2244 1765 2463 1833 σφωρα.

647 1852 697 1906 5.
733 1849 949 1907 Utinam
990 1854 1293 1925 dirigantur
1328 1857 1426 1911 vise
1457 1872 1609 1921 meae,
1647 1857 1713 1911 ad
1754 1855 2138 1912 custodiendas
2172 1832 2213 1886 Β

2244 1782 2310 1816 σι’
2417 1782 2463 1819 α.

2283 1782 2626 1924 ῚΙὲῗὶῗοςρελον
2653 1851 3144 1924 κατευθυνϐεεησαν
3168 1856 3224 1907 αἱ
3252 1854 3358 1907 ὁδοί
3383 1870 3507 1924 μου,
3527 1853 3626 1907 τοῦ
3656 1852 3816 1923 φυλάς

570 1941 984 2012 iustiﬁcationes
1015 1952 1156 2000 tuas.

2247 1944 2436 2009 ξασθαι
2463 1946 2531 1998 τὰ
2563 1943 2909 2015 δικαιώματά
2935 1961 3046 2001 σου.

644 2033 698 2089 6.
732 2032 883 2090 Tunc
916 2051 1024 2089 non
1050 2036 1354 2093 confundar
1375 2059 1383 2070 -
1407 2053 1528 2092 cum
1563 2052 1887 2107 perspexero
1918 2038 1969 2091 in
2022 2053 2138 2091 om-

2315 2035 2366 2089 6.
2396 2037 2527 2089 Τότε
2561 2037 2621 2089 οὑ
2651 2037 2725 2108 μὴ
2746 2036 3038 2107 ammon,
3067 2040 3124 2089 ὲν
3156 2034 3233 2106 τῷ
3259 2052 3325 2106 με
3372 2035 3695 2089 ἐπιϐλέπειν
3728 2036 3818 2090 ἐπὶ

575 2129 740 2184 nibus
763 2130 1031 2187 mandatis
1061 2131 1188 2186 tuis.

2247 2131 2428 2192 πάσας
2461 2130 2559 2193 τὰς
2584 2129 2801 2184 ὲντολά·
2828 2145 2940 2181 σου.

1691 2243 2068 2300 ATHANASII
2114 2243 2690 2303 INTERPRETATIO.

652 2356 737 2425 55,
774 2359 861 2413 56.
901 2358 1290 2432 Unusquisque
1334 2365 1669 2419 credentium
1720 2366 1947 2422 audiens
1987 2385 2140 2423 amo-

2312 2366 2398 2430 55,
2429 2365 2515 2420 56.
2554 2366 2629 2435 (l)
2666 2367 2933 2429 ’Ἕκαστος
2968 2366 3076 2419 τῶν
3120 2366 3549 2432 πιστευσάντων,
3580 2368 3820 2431 ἀκούσας

580 2464 715 2512 rem,
754 2457 809 2504 et
852 2451 1061 2508 viscera
1088 2453 1330 2507 cruciﬁxi
1372 2466 1588 2525 propter
1627 2472 1748 2525 nos,
1783 2459 1915 2514 dicit
1948 2478 1959 2513 :
2004 2459 2141 2514 Deus

2241 2460 2336 2530 τὴν
2371 2459 2612 2526 ἀγάπην,
2646 2458 2737 2513 καὶ
2766 2459 2835 2510 τά
2866 2458 3145 2527 σπλάγχνα
3178 2458 3273 2511 τοῦ
3310 2460 3727 2530 σταυρωθέντος
3754 2460 3821 2513 δι’

580 2556 723 2594 meus
764 2557 818 2594 es
861 2550 937 2605 tu,
980 2552 1029 2596 et
1076 2546 1379 2613 conﬁtebor,
1435 2563 1520 2602 me
1574 2549 1748 2619 ipsum
1802 2552 2139 2622 redemptum

2240 2552 2405 2621 ἡμᾶς.
2438 2549 2610 2617 λέγει·
2646 2551 2790 2615 Θεός
2826 2566 2945 2619 μου
2982 2546 3041 2603 εἴ
3055 2551 3157 2613 σὺ,
3192 2553 3288 2603 καὶ
3336 2553 3573 2622 ἐμαυτὸν
3608 2558 3822 2622 ὁμολο-

580 2643 700 2685 esse
722 2632 963 2700 pretioso
999 2642 1093 2687 tuo
1123 2638 1409 2707 sanguine.

2241 2641 2405 2709 γήσω
2442 2640 2804 2712 ὲξηγορᾶσθαι
2844 2640 2922 2710 τῷ
2953 2641 3116 2711 τιμίῳ
3152 2658 3245 2693 σου
3274 2642 3491 2710 αἵματι.

650 2718 740 2785 57,
769 2720 855 2775 58.
891 2720 1033 2778 Deus
1062 2740 1215 2779 meus
1248 2742 1306 2781 es
1344 2735 1423 2791 tu,
1459 2737 1513 2783 et
1538 2730 1853 2800 glorilicabo
1897 2743 1949 2788 te
1981 2752 1993 2787 :
2028 2746 2139 2788 tra-

2314 2731 2402 2791 57,
2432 2730 2520 2785 58.
2554 2731 2685 2794 Θεός
2720 2748 2822 2800 μου
2858 2726 2907 2783 εἷ
2942 2731 3027 2793 σὺ,
3082 2732 3175 2785 καὶ
3228 2730 3437 2796 δοξάσω
3480 2747 3570 2783 σε’
3601 2732 3824 2784 unum

581 2811 704 2865 dam
734 2827 821 2866 me
863 2812 1000 2883 ipse,
1048 2817 1304 2884 quoniam
1350 2834 1457 2872 non
1501 2832 1783 2883 aversatus
1816 2839 1875 2877 es
1919 2840 2025 2891 me,
2052 2825 2145 2880 sed

2244 2822 2498 2891 ἐμαυτὸν,
2556 2822 2637 2873 ὅτι
2684 2821 2784 2873 οὐκ
2813 2822 3165 2891 ἀπεστράφης
3208 2839 3296 2891 με,
3349 2822 3464 2875 ἀλλ’
3495 2822 3823 2893 ἀπεδείχθης

582 2911 835 2959 ostensus
858 2919 916 2959 es
948 2906 1161 2969 adiutor
1190 2909 1320 2962 mibi
1350 2910 1403 2963 in
1437 2911 1688 2965 salutem.

1437 2911 1688 2965 salutem.
2247 2913 2437 2983 βοηθός
2470 2929 2571 2980 μου
2604 2914 2680 2973 εἰς
2718 2911 3008 2981 σωτηρίαν.

652 2992 741 3049 59.
770 2992 826 3047 In
854 3003 966 3051 toto
987 2997 1149 3051 corde
1170 2999 1535 3068 deprecamini
1569 3017 1716 3063 eum,
1750 3007 2008 3072 quoniam
2050 3006 2145 3057 bo-

2320 3006 2407 3059 59.
2455 3005 2542 3057 Ἐν
2571 3004 2665 3071 ὅλῃ
2693 3003 2885 3073 καρδίᾳ.
2918 3001 3280 3073 προσεύχεσθε
3314 3002 3479 3070 αὐτῷ,
3504 3005 3587 3057 ὅτι
3623 3003 3823 3071 ἀγαθός

586 3095 687 3137 IIIS
717 3090 819 3136 εει.

2251 3094 2413 3148 ἐστιν.

654 3172 745 3228 60.
779 3174 1045 3241 Quoniam
1089 3193 1195 3233 non
1225 3180 1417 3236 avertit
1455 3198 1483 3238 a
1528 3183 1686 3243 nobis
1715 3185 2143 3241 misericordiam

2322 3184 2407 3237 ϐυ.
2436 3186 2557 3237 ’Ότι
2589 3185 2688 3236 οὐκ
2718 3184 3043 3255 ἀπεστράφη
3070 3185 3162 3254 ἀφ’
3189 3186 3346 3257 ἡμῶν
3375 3188 3435 3240 τὸ
3461 3186 3610 3252 ἔλεος
3635 3186 3821 3242 αὐτοῖν.

667 3358 730 3411 Ἦ
762 3362 1095 3433 προκειμένη
1145 3365 1422 3438 ἐπιγραφὴ
1466 3367 1710 3437 περιέχει
1738 3385 1751 3398 ⁸
1797 3368 2149 3434 numquam
2170 3409 2184 3433 ,
2240 3371 2376 3440 ὅπερ
2405 3369 2762 3441 ἑρμηνεύεται
2786 3364 3030 3440 [circite
3058 3367 3164 3420 τὸν
3200 3368 3346 3420 ὄντα
3374 3366 3551 3440 Θεὸν]
3572 3369 3825 3438 διάφορος

588 3448 890 3523 [διαφόρως
908 3452 947 3524 ],
974 3456 1053 3519 εις
1086 3455 1252 3525 ὕμνον
1276 3457 1371 3509 καὶ
1390 3452 1535 3510 αἶνον
1565 3460 1709 3529 ἡμᾶς
1740 3458 1832 3511 τοῦ
1857 3458 1989 3516 Θεοῦ
2021 3462 2483 3532 προτρεπομένου.

659 3542 874 3601 Titulus
904 3548 1226 3616 [impositus
1257 3551 1530 3605 continet:
1568 3552 1817 3619 Alleluia,
1849 3554 1991 3623 quod
2029 3555 2413 3623 interpretatur
2447 3553 2683 3625 [laudate
2712 3569 2851 3619 eum,
2897 3554 2987 3623 qui
3022 3550 3160 3606 Deus
3194 3550 3295 3619 est}
3323 3552 3474 3606 varie
3497 3567 3599 3607 nos
3637 3552 3829 3609 adhor

590 3646 738 3692 tante
766 3636 875 3694 Deo
898 3640 963 3693 ad
992 3643 1261 3698 canticum
1306 3656 1358 3700 ct
1383 3646 1618 3701 laudem.

662 3728 714 3781 1.
745 3727 915 3795 Beati,
949 3735 1042 3800 qui
1089 3736 1386 3791 secundum
1418 3737 1543 3805 Job,
1577 3739 1851 3796 abstinent
1891 3742 1959 3795 ab
2004 3743 2152 3797 omni
2182 3748 2223 3802 C

2328 3742 2375 3797 1.
2415 3741 2687 3811 Μακάριοι
2717 3741 2766 3791 oi
2801 3737 2943 3791 κατὰ
2968 3738 3058 3791 τὸν
3101 3735 3239 3801 Ἰὼϐ,
3277 3740 3325 3790 οἱ
3366 3738 3697 3808 ἀπεχόμενοι
3723 3740 3829 3793 ἀ-υλ

588 3836 750 3893 opere
788 3826 952 3881 malo.

2259 3833 2457 3893 παντὸς
2491 3830 2727 3899 πονηροῦ
2761 3828 3099 3899 πράγματος.

656 3916 713 3969 2.
742 3914 889 3971 Beati
918 3917 1033 3987 qui,
1071 3919 1125 3972 in
1152 3919 1385 3989 singulis
1414 3922 1719 3978 actionibus
1754 3924 1986 3993 probant
2025 3924 2155 3995 quid

2325 3923 2379 3975 ‘2.
2416 3923 2688 3991 Μακάριοι
2720 3923 2766 3973 οἱ
2800 3921 2919 3973 καθ’
2955 3920 3191 3990 ἑκάστην
3217 3917 3413 3989 πρᾶξιν
3438 3919 3828 3989 δοκιμάζοντες

588 4006 1008 4078 beneplacitum,
1035 4019 1088 4064 ct
1132 4011 1429 4080 perlectum
1470 4029 1653 4068 coram
1697 4016 1828 4071 Deo.
1864 4014 2155 4073 Ferventes

2258 4014 2309 4066 τί
2344 4012 2404 4066 τὸ
2429 4013 2718 4081 εὐάρεστον
2747 4012 2837 4064 καὶ
2854 4011 3055 4064 τέλειον
3076 4010 3226 4081 παρὰ
3253 4008 3327 4078 τῷ
3348 4008 3483 4078 Θεῷ.
3512 4009 3722 4079 Θερμοὶ
3742 4011 3828 4062 δν·

588 4102 732 4156 circa
755 4100 1074 4156 charitatem
1103 4103 1222 4172 ejus
1261 4120 1365 4159 non
1407 4105 1800 4175 dormitabunt,
1833 4124 2021 4163 curam
2068 4111 2157 4163 lia-

2257 4123 2347 4168 τες
2379 4106 2618 4175 περἰτὴν
2641 4106 2857 4174 ἀγάπην
2884 4103 3047 4155 αὑτοῦ
3064 4104 3161 4171 οὐχ
3189 4105 3492 4155 ὑπνώσουσι
3522 4102 3828 4173 μεριμνῶν-

588 4192 799 4255 bentcs,
835 4196 1110 4262 quomodo
1149 4211 1273 4250 eum
1319 4197 1371 4249 in
1414 4197 1548 4265 ipsis
1582 4199 1819 4269 hospitio
1865 4202 2154 4269 accipient.

1865 4202 2154 4269 accipient.
2258 4214 2372 4260 τες,
2406 4196 2521 4259 πῶς
2547 4197 2705 4249 αὑτὸν
2735 4193 2987 4259 δέξωνται
3013 4194 3216 4247 ἔνοικον
3240 4196 3440 4257 αὐτοῖς.

658 4284 712 4338 5.
742 4281 860 4337 Non
882 4284 1025 4337 enim
1045 4284 1288 4340 dicentes
1319 4302 1378 4341 se
1406 4303 1526 4343 esse
1558 4288 1924 4354 Christianos,
1950 4303 2000 4346 et
2027 4310 2159 4346 con-

2329 4290 2381 4344 5.
2418 4289 2494 4340 Οὐ
2525 4288 2633 4357 γάρ
2665 4288 2714 4339 οἱ
2739 4287 3018 4357 λεγόμενοι
3042 4282 3181 4347 εἶναι
3208 4285 3543 4356 Χριστιανοὶ,
3591 4286 3685 4337 καὶ
3732 4284 3827 4345 τὰς

590 4376 953 4447 cupiscentias
1001 4378 1189 4432 mundi
1240 4378 1523 4445 habentes,
1565 4381 1684 4451 eius
1731 4384 1999 4439 mandatis
2029 4386 2158 4440 obe-

2261 4380 2555 4449 ἐπιθυμίας
2580 4378 2673 4431 τοῦ
2701 4378 2902 4447 κόσμου
2933 4378 3165 4447 ἔχοντες,
3188 4381 3299 4441 τοῖς
3326 4379 3647 4448 πράγμασιν
3676 4376 3829 4449 [πριν-

590 4471 766 4526 diunt.

2264 4468 2591 4540 στάγμασιν]
2624 4469 2788 4521 αὐτοῦ
2817 4468 3106 4522 πείθονται.

662 4558 715 4613 4.
746 4556 831 4615 Tu
871 4561 1099 4615 dixisti:
1138 4560 1455 4616 Maledicta:
1498 4565 1669 4617 omnis
1710 4567 1800 4633 qui
1848 4566 1975 4633 facit
2034 4581 2157 4632 opus

2330 4563 2379 4616 4.
2417 4564 2490 4617 Σὺ
2515 4560 2696 4626 εἶπας·
2730 4561 3185 4629 Ἐπικατάρατος
3210 4560 3328 4627 πᾶς
3358 4564 3389 4615 ὀ
3416 4562 3602 4615 ποιῶν
3623 4562 3694 4614 τὰ
3725 4560 3829 4615 τοῦ

595 4650 689 4704 Det
718 4652 1035 4722 negligenter
1064 4653 1109 4683 “

2260 4656 2479 4723 Κυρίου
2524 4655 2774 4723 ἀμελῶς.

662 4744 714 4797 5.
753 4740 848 4798 Det
878 4745 1053 4815 gratia
1087 4752 1200 4808 tua,
1232 4755 1291 4799 ut
1328 4744 1666 4799 instruantur
1694 4747 1998 4801 voluntates
2041 4762 2161 4801 cor-

2418 4747 2537 4819 Δῴη
2574 4750 2606 4819 ἡ
2635 4748 2792 4819 χάρις
2819 4765 2911 4802 σου
2938 4746 3307 4816 συνετισθῆναι
3335 4746 3402 4797 τά
3426 4744 3709 4815 Θελήματα
3734 4744 3830 4813 τῆς

594 4836 679 4891 dis
700 4835 806 4891 mei
842 4837 907 4890 ad
950 4835 1391 4891 lructiﬁcandum
1442 4852 1530 4892 me
1578 4836 1631 4893 in
1676 4838 2160 4907 justillcationibus

2266 4839 2492 4910 καρδίας
2515 4857 2615 4910 μου
2649 4839 2744 4892 τοῦ
2772 4842 3139 4911 καρποφορεῖν
3170 4856 3236 4910 με
3268 4842 3326 4892 ἐν
3354 4841 3464 4901 τοῖς
3495 4836 3828 4907 δικαιώμασξ

592 4928 718 4980 tuis.
2263 4947 2375 4985 σου.

662 5018 714 5072 6.
752 5017 807 5073 In
844 5020 931 5075 die
967 5019 1159 5089 judicii
1199 5036 1305 5075 non
1344 5021 1560 5075 audiam
1598 5036 1626 5072 a
1668 5030 1717 5076 te
1743 5022 1871 5075 illud
1902 5019 2019 5077 Non
2044 5023 2160 5078 novi
2195 5088 2226 5094 _

2337 5020 2389 5076 6.
2426 5022 2517 5075 'Ev
2544 5026 2608 5093 τῇ
2640 5024 2820 5094 ἡμέρᾳ
2843 5024 2939 5094 τῆς
2963 5024 3193 5094 κρίσεως
3218 5024 3277 5075 οὑ
3305 5024 3378 5093 μὴ
3417 5022 3635 5075 ἀκούσω
3681 5021 3828 5088 τεαρά

592 5122 661 5171 te,
688 5112 735 5167 si
767 5127 921 5167 mens
944 5127 1063 5167 mea
1106 5112 1412 5169 illuminata
1452 5114 1616 5169 fuerit
1645 5116 1697 5169 in
1736 5115 1989 5168 omnibus
2025 5130 2159 5183 pra:-

2266 5113 2360 5166 τοῦ
2379 5114 2460 5178 τδ,
2495 5088 2617 5168 Οὐκ
2796 5088 2907 5187 ῥεζ
2945 5088 3012 5169 ἂν
3054 5117 3087 5185 ἡ
3116 5088 3321 5169 διάνοιά
3356 5088 3453 5185 μου
3489 5114 3824 5181 πεφώτισται

590 5204 760 5271 ceptis
786 5204 911 5259 tuis.

2265 5205 2437 5277 [ἐπὶ]
2474 5208 2649 5271 πάσας
2673 5209 2771 5271 τάς
2801 5209 3016 5271 ἐντολάς
3046 5226 3160 5261 σου.

661 5298 711 5335 ⁵⁸
739 5296 850 5353 Jer.
893 5315 1083 5365 sum,
1115 5300 1201 5352 10.

1542 5370 1845 5433 Addenda
1877 5379 1938 5433 et
1972 5372 2344 5447 corrigenda
2380 5390 2454 5433 ex
2484 5374 2622 5435 cod.
2666 5374 2863 5434 Vatic.

665 5500 741 5569 (ll
767 5502 830 5554 Ν.
870 5501 954 5558 55.
994 5500 1286 5564 Ἕκαστος,
1330 5514 1464 5565 etc.,
1490 5502 1582 5554 καὶ
1625 5501 1833 5565 ἑαυτὸν,
1867 5511 1970 5553 etc.
1998 5500 2061 5553 N.
2095 5498 2179 5554 56.
2230 5501 2252 5553 ι

2240 5501 2363 5563 Βεός
2399 5519 2497 5570 μου
2524 5498 2572 5553 εἷ
2608 5503 2693 5564 σὺ,
2724 5502 2815 5554 καὶ
2839 5500 3045 5565 δοξάσω
3082 5516 3159 5552 σε,
3192 5499 3255 5552 Ν.
3283 5500 3369 5553 57.
3415 5495 3688 5559 Ἐκδώσω,
3723 5509 3827 5551 etc.

590 5572 659 5625 Ν.
691 5571 779 5634 58,
811 5573 923 5624 ἀλλ’
962 5571 1277 5637 ἀπέδειξας.

666 5695 747 5763 (τ)
777 5692 980 5749 Divisio
1010 5694 1403 5747 versiculorum
1432 5691 1592 5759 hujus
1632 5691 1826 5762 psalmi
1848 5690 1918 5763 in
1955 5688 2435 5763 codicerVaticano
2469 5690 2692 5763 onmino
2728 5688 2936 5741 diversa
2971 5696 3106 5763 erat.
3145 5684 3265 5763 ideo
3301 5698 3521 5763 necesse
3556 5681 3656 5763 fuit
3694 5682 3828 5759 inte-

593 5753 749 5834 sum
787 5763 896 5819 fere
924 5765 1195 5834 psalmum
1229 5779 1351 5819 cum
1383 5779 1480 5819 sua
1505 5753 1963 5835 interpretatione
1998 5761 2294 5828 ascribere,
2325 5761 2548 5816 omissis
2570 5760 2743 5814 solum
2781 5758 3055 5813 nonnullis
3086 5754 3389 5819 versiculis,
3417 5755 3467 5808 in
3495 5753 3692 5823 quibus
3720 5753 3831 5808 sixc
