4018 6496
162 446 304 503 1177
1015 443 1104 499 DE
1140 443 1414 498 'I‘I'I‘ULIS
1455 440 1896 497 PSALMORUM.
1931 472 2000 484 —~
2037 440 2232 496 PSAL.
2262 441 2490 498 CXVIII.
3261 445 3395 502 1178

238 566 293 619 ⁷·
338 562 828 634 Ἐξομολοτήσομιί
851 579 932 616 σοι
964 566 1021 617 ιν
1045 562 1295 634 manu
1315 563 1536 635 καρδίας
1570 564 1627 616 ἐν
1654 564 1730 634 τῷ
1761 574 1804 626 Α

1903 564 1954 620 7.
1983 563 2291 620 Conﬂtebor
2319 567 2415 620 tibi
2439 567 2492 620 in
2529 567 2825 622 directione
2853 565 3055 632 cordis,
3082 579 3136 621 m
3159 581 3224 622 eo
3249 570 3391 638 quod

167 655 554 726 μεμαθηκέναι
595 671 660 725 με
693 654 762 707 τὰ
795 656 1040 726 κρίματα
1063 656 1161 727 τῆς
1197 655 1542 726 δικαιοσύνης
1572 673 1682 710 σου.

1063 656 1161 727 τῆς
1197 655 1542 726 δικαιοσύνης
1572 673 1682 710 σου.
1836 655 1999 711 didici
2025 655 2229 725 judicia
2252 656 2474 726 iustitia:
2504 667 2627 712 tum.

240 747 292 801 8.
330 747 408 800 Τὰ
424 745 765 816 δικαιώματά
788 762 881 798 σου
905 745 1142 819 φυλάξω,
1172 747 1245 818 μή
1278 764 1345 817 με
1370 747 1736 820 ἐγκαταλίπῃς

1905 747 1959 801 8.
1993 745 2417 804 iustiﬁcationes
2462 757 2581 804 tuas
2625 748 2948 813 custodiam,
2987 763 3091 800 non
3125 763 3210 802 me
3241 747 3393 803 dere-

163 837 277 898 ῐως
315 836 539 906 σφόδρα.

1839 838 2052 906 linquas
2085 853 2491 908 usquequaque.

241 925 293 980 9.
337 927 424 978 Ἐν
463 926 566 979 τίνι
601 924 935 997 κατορθώσει
973 924 1233 996 νεώτερος
1265 925 1363 996 τὴν
1396 925 1511 979 ὁδὸν
1534 925 1736 989 αὐτοῦς

1907 930 1960 984 9.
1995 928 2053 984 1η
2079 945 2190 1000 quo
2236 931 2459 1000 corrigit
2502 931 2898 985 adolescentior
2941 931 3081 983 viam
3110 929 3302 984 suam?
3338 930 3389 982 in

164 1019 230 1069 ἐν
257 1014 337 1085 τῷ
371 1015 704 1084 φυλάξασθαι
725 1018 849 1078 τοὺς
886 1015 1074 1083 λόγους
1103 1032 1216 1069 σου.

1103 1032 1216 1069 σου.
1837 1022 2190 1077 custodiendo
2217 1038 2498 1078 sermones
2522 1032 2661 1078 tuos.

246 1107 332 1161 10.
373 1110 461 1160 Ἐν
485 1107 804 1180 ὅλῃδιαρδία
844 1124 944 1178 μου
975 1107 1277 1178 ἐξεζήτησά
1311 1122 1391 1169 σε,
1425 1108 1498 1177 μὴ
1544 1105 1737 1177 άπὼσῃ

1908 1113 1996 1168 10.
2032 1113 2089 1166 In
2131 1121 2249 1169 toto
2291 1115 2454 1170 corde
2484 1127 2607 1170 meo
2645 1115 2908 1184 exquisivi
2958 1123 3029 1180 te,
3067 1129 3133 1168 ne
3169 1113 3391 1183 repellas
3461 1122 3463 1125 '

166 1217 244 1271 με
276 1200 386 1253 ἀπὸ
416 1200 524 1253 τῶν
558 1199 786 1254 ἐντολῶν
822 1216 938 1253 σου.

876 1218 938 1253 ιιι.
1840 1220 1926 1259 me
1957 1219 1988 1258 a
2010 1204 2281 1259 mandatis
2307 1207 2418 1261 tuis
2449 1223 2463 1260 :

244 1291 330 1345 11.
372 1291 458 1343 Ἐν
482 1293 548 1361 τῇ
591 1290 788 1362 καρδίᾳ
822 1309 920 1362 μου
951 1290 1160 1360 ἔκρυψα
1180 1291 1246 1344 τά
1276 1291 1429 1358 λόγιᾶ
1457 1307 1570 1351 σου,
1594 1292 1739 1351 ὅπως

1908 1293 1994 1349 11.
2029 1293 2086 1349 In
2118 1295 2281 1350 corde
2325 1310 2447 1350 meo
2489 1295 2747 1350 abscondi
2785 1296 2999 1366 eloquia
3049 1308 3160 1355 tua.
3198 1305 3254 1349 ut
3287 1312 3390 1350 non

164 1383 242 1440 ἂν
281 1385 356 1454 μὴ
391 1385 620 1454 ἁμάρτω
649 1400 753 1436 σοι.

616 1408 620 1430 ι
649 1400 753 1436 σοι.
1839 1401 2050 1458 peccem
2084 1385 2203 1440 tibi.

245 1475 331 1530 12.
370 1474 670 1545 Εὐλογητὸς
693 1470 762 1536 εἷ,
783 1474 974 1545 Κύριε,
994 1473 1200 1540 δίδαξόν
1228 1491 1295 1544 με
1313 1473 1381 1526 τά
1401 1472 1740 1544 δικαιώματά

1911 1477 1996 1532 12.
2029 1477 2348 1534 Benedictus
2377 1494 2457 1546 es,
2488 1479 2735 1544 Domine,
2766 1480 2900 1535 doce
2937 1495 3021 1533 me
3047 1480 3389 1549 justilicatio~

168 1585 297 1622 σου.

1841 1585 1938 1624 nes
1970 1579 2107 1622 tuas.

249 1658 335 1711 13.
376 1658 462 1710 Ἐν
481 1660 594 1720 τοῖς
613 1655 818 1728 χείλεσί
858 1674 958 1727 μου
989 1655 1276 1725 ἐξήγγειλα
1305 1655 1480 1709 πάντα
1513 1655 1580 1708 τὰ
1623 1654 1741 1726 κρί-

1915 1658 1996 1712 15.
2025 1656 2080 1710 In
2117 1657 2275 1713 labiis
2310 1658 2444 1713 meis
2476 1659 2822 1730 pronuntiavi
2845 1661 3022 1714 omnia
3051 1659 3250 1728 judicia
3283 1659 3392 1713 oris

169 1765 324 1819 ματα
358 1748 451 1800 τοῦ
482 1747 744 1817 στόματός
771 1764 886 1800 σου.
1842 1747 1940 1802 tui.

247 1836 336 1890 H.
384 1837 473 1890 Ἐν
496 1839 560 1907 τῇ
591 1836 695 1906 ὁδῷ
717 1837 824 1890 τῶν
857 1837 1168 1906 μαρτυρίων
1201 1853 1292 1890 σου
1328 1834 1592 1906 ἐτέρφθην
1612 1875 1626 1899 ,
1664 1834 1740 1898 ὼς

1912 1838 1997 1894 14.
2024 1837 2078 1892 In
2109 1839 2194 1893 via
2228 1839 2664 1895 testimoniorum
2688 1851 2902 1896 tuorum
2928 1842 3220 1898 delectatus
3250 1857 3391 1904 sum.

170 1929 273 1980 ἐπὶ
301 1928 464 1979 παντὶ
491 1925 723 1998 πλούτῳ.

1771 1921 1813 1980 Β
1842 1929 1981 1984 sicut
2005 1933 2057 1983 in
2091 1931 2343 1985 omnibus
2375 1931 2597 1987 divitiis.

249 2017 334 2072 15.
376 2018 461 2070 Ἐν
489 2021 607 2082 ταῖς
633 2017 870 2082 ἐντολαῖς
907 2037 1000 2072 σου
1027 2019 1396 2090 άδολεσχήσω,
1443 2020 1534 2073 καὶ
1569 2037 1740 2073 κατα-

1911 2019 1998 2074 15.
2035 2019 2090 2073 ln
2134 2022 2404 2076 mandatis
2445 2023 2551 2077 tuis
2595 2022 2912 2087 exercebor,
2943 2031 2995 2076 et
3040 2022 3393 2077 considerabo

169 2109 354 2178 νοήσω
375 2107 472 2170 τὰς
501 2109 654 2172 ὁδούς
683 2126 797 2162 σου.

540 2109 654 2172 δούς
683 2126 797 2162 σου.
1842 2111 1955 2166 vias
1988 2119 2127 2165 tuas.

249 2197 337 2252 16.
381 2200 466 2251 Ἐν
497 2201 608 2262 τοῖς
634 2199 960 2270 δικαιώμασί
993 2217 1086 2252 σου
1116 2199 1396 2270 μελετήσω
1415 2239 1430 2264 ,
1483 2199 1583 2254 οὐκ
1626 2203 1744 2254 ἐπι-

1914 2201 1998 2255 16.
2034 2200 2092 2254 ln
2120 2201 2599 2271 justiﬁcationibus
2635 2204 2744 2259 tuis
2786 2203 3106 2266 meditabor,
3131 2218 3236 2256 non
3260 2201 3395 2256 obli-

168 2290 414 2360 λήσομαι
439 2290 548 2342 τῶν
577 2291 748 2359 λόγων
780 2308 895 2345 σου.

1842 2294 2020 2348 viscar
2052 2307 2335 2349 sermones
2358 2304 2501 2349 tuos.

250 2381 338 2436 17.
380 2383 699 2446 Ἀνταπόδος
719 2382 796 2453 τῷ
815 2383 986 2455 δούλῳ
1026 2401 1141 2452 σου,
1170 2384 1332 2456 ζῆσόν
1373 2402 1440 2457 με
1462 2424 1479 2450 ,
1512 2387 1607 2440 καὶ
1651 2402 1743 2455 φυ-

1918 2383 2004 2437 17.
2045 2382 2299 2440 Retribue
2321 2399 2480 2440 servo
2506 2391 2620 2450 tuo,
2646 2381 2858 2438 viviﬁca
2886 2397 2988 2444 me.
3017 2391 3071 2436 ct
3097 2381 3394 2436 custodiam

171 2472 326 2537 λάξω
349 2474 473 2536 τοὺς
494 2471 684 2541 λόγους
715 2489 806 2526 σου

715 2489 806 2526 σου
1845 2489 2122 2531 sermones
2149 2484 2290 2532 tuos.

1298 2640 1667 2699 ATHANASII
1708 2642 2289 2702 INTERPRETATIO.

252 2823 305 2876 7.
346 2821 515 2874 Ἐκδῶ
558 2822 792 2892 ἐμαυτόν
819 2837 902 2874 σοι
950 2821 1006 2873 ἐν
1061 2821 1286 2893 ἀληθινῇ
1323 2822 1537 2894 καρδίᾳ,
1570 2826 1627 2876 ἐν
1667 2823 1746 2894 τῷ

1913 2825 1962 2879 7.
1993 2824 2226 2880 Tradam
2275 2840 2362 2880 me
2425 2826 2600 2896 ipsum
2648 2825 2742 2879 tibi
2767 2824 2982 2878 sincero
3036 2821 3219 2885 corde,
3274 2836 3396 2876 cum

175 2913 415 2969 ἀκοῦσαί
478 2930 565 2982 με.
598 2916 688 2966 καὶ
720 2912 1005 2966 πιστεῦσαι
1045 2914 1171 2983 περὶ
1210 2914 1309 2983 τῆς
1340 2913 1635 2985 μελλούσης
1665 2915 1747 2968 δι-

1841 2917 2122 2982 audivero,
2146 2926 2198 2972 et
2225 2917 2502 2973 credidero
2533 2915 2600 2972 de
2633 2915 2816 2970 futura
2840 2915 2986 2984 justa
3024 2913 3396 2967 retributione.

177 3003 346 3066 καίας
376 3001 798 3063 άνταποδὸσεως.

253 3095 308 3148 8.
336 3094 416 3146 Τά
458 3091 800 3162 δικαιώματά
842 3109 934 3146 σου
983 3094 1081 3146 οὐκ
1109 3093 1274 3154 ἐάσω,
1333 3110 1513 3164 μονον,
1569 3095 1643 3166 μή
1680 3111 1748 3167 με

1915 3097 1967 3153 8.
2009 3096 2435 3153 Justilicationes
2470 3105 2591 3150 tuas
2629 3110 2737 3149 non
2793 3093 3082 3154 dimittam,
3127 3091 3301 3145 solum
3335 3108 3401 3145 ne

178 3183 556 3252 ἐγκαταλίπῃς
578 3182 680 3245 ἕως
709 3183 910 3245 τέλους.

1221 3273 1243 3279 _
1775 3222 1817 3279 ο
1848 3189 2194 3256 derelinquas
2233 3202 2318 3241 me
2350 3201 2522 3255 usque
2546 3186 2598 3239 in
2626 3185 2808 3239 ﬁnem.

253 3274 309 3331 9.
347 3272 468 3336 Πῶς
487 3273 595 3325 τῶν
616 3274 954 3345 νεωτερικῶν
985 3273 1284 3344 ἐπιθυμιῶν
1308 3275 1599 3330 ἐπελάϐετό
1620 3293 1702 3339 τις
1727 3292 1742 3342 ;
1783 3272 1814 3279 ⁷

1919 3278 1972 3334 9.
2009 3277 2292 3343 Quomodo
2322 3276 2640 3346 juvenilium
2670 3275 3024 3344 cupiditatum
3055 3273 3175 3342 quis
3215 3272 3402 3327 oblivi-

194 3364 286 3416 Ἐν
307 3363 383 3433 τῷ
411 3364 766 3434 μνημονεύειν
795 3365 955 3419 αὑτὸν
980 3364 1088 3418 τῶν
1111 3366 1415 3436 εἰρημένων
1450 3366 1602 3437 παρὰ
1629 3365 1742 3429 σοῦ,

1851 3371 2069 3426 scetur?
2110 3367 2245 3423 Dum
2284 3369 2396 3437 ipse
2433 3367 2740 3421 meminerit
2771 3381 2892 3436 quae
2934 3380 2963 3418 a
2997 3375 3044 3418 te
3084 3364 3223 3418 dicta
3254 3374 3401 3425 sunt,

178 3456 266 3506 ὅτι
310 3455 591 3525 μέλλουσιν
613 3455 833 3509 ἀκούειν
871 3457 919 3507 οἱ
955 3455 1296 3524 ἁμαρτωλοίο
1337 3455 1608 3524 Ὑπάγετε
1645 3457 1744 3508 ἀπ’

1850 3460 1992 3530 quod
2019 3469 2328 3529 peccatores
2358 3457 2594 3511 audituri
2627 3465 2752 3510 sunt
2781 3471 2795 3506 :
2831 3454 3090 3508 Discedite
3112 3470 3142 3505 ιι
3171 3468 3267 3519 me,
3293 3470 3405 3505 ma-

182 3544 334 3610 ἑμοῦ
365 3547 418 3596 οὶ
451 3544 840 3612 κατηραμένοι
875 3545 962 3608 εις
992 3543 1057 3596 τὸ
1083 3543 1201 3610 πῦρ
1245 3542 1308 3595 τὸ
1347 3542 1605 3608 αἰώνιον,
1651 3545 1745 3596 καὶ

1246 3542 1308 3595 τό
1347 3542 1605 3608 αἰώνιον.
1651 3545 1745 3596 καὶ
1851 3550 2049 3612 (edicti,
2076 3553 2130 3601 in
2162 3549 2332 3618 ignem
2363 3556 2616 3600 retentum
2638 3547 2705 3610 ⁸⁷,
2731 3554 2833 3600 etc.

183 3634 255 3685 τά
280 3632 430 3700 ἑξῆς.

261 3721 347 3774 10.
395 3722 483 3787 Ἐξ
510 3721 636 3791 ὅλης
687 3738 785 3792 της
821 3722 998 3794 ψυχῆς
1058 3739 1157 3792 μου
1210 3722 1524 3792 ἐπεπόθησά
1557 3739 1635 3790 σε,
1673 3723 1747 3793 μὴ

1925 3728 2009 3782 10.
2039 3727 2116 3783 Ex
2151 3736 2267 3783 tota
2294 3728 2473 3783 anima
2507 3741 2626 3781 mea
2650 3723 2946 3780 desideravi
2977 3733 3048 3785 te,
3076 3738 3140 3776 ne
3163 3736 3247 3775 me
3271 3719 3406 3774 indi-

185 3813 405 3877 ἀνάξιον
432 3815 644 3884 ἡγησῃς
677 3831 743 3892 με
776 3814 874 3883 τῆς
893 3816 1110 3884 χάριτός
1141 3831 1254 3868 σου.

1083 3832 1110 3877 ς
1141 3831 1254 3868 σου.
1855 3837 2020 3892 gnum
2049 3821 2328 3877 existimes
2366 3819 2536 3890 gratia
2563 3829 2669 3874 tua.

262 3907 348 3961 11.
394 3907 481 3958 Ἐν
511 3908 661 3978 πάσῃ
690 3891 899 3976 ιρῖδλακῇ
924 3907 1148 3977 ἐτήρουν
1176 3906 1384 3968 ἐαυτὸν,
1418 3905 1492 3977 μὴ
1522 3905 1690 3965 ἐλθὼν
1721 3910 1750 3966 ό

1863 3891 1876 3892 7
1929 3915 2016 3968 11.
2041 3913 2199 3968 Omni
2226 3912 2470 3967 custodia
2496 3909 2762 3980 meipsum
2790 3904 3180 3968 custodiebam,
3210 3918 3276 3958 ne
3317 3917 3406 3956 ve-

188 3999 424 4072 πονηρὸς
451 3998 590 4071 λάϐῃ
613 3999 720 4051 ἀπὸ
748 3998 846 4067 τῆς
871 3997 1093 4070 καρδίας
1126 4015 1226 4069 μου
1253 3998 1321 4051 τὰ
1347 3999 1501 4066 λόγιά
1517 4016 1630 4064 σου,
1656 4000 1749 4053 καὶ

1858 4007 2010 4059 niens
2059 4003 2236 4058 malus
2284 4001 2513 4071 accipiat
2547 4015 2578 4056 c
2614 3999 2779 4055 corde
2814 4011 2935 4053 meo
2964 3995 3180 4065 eloquia
3215 4003 3330 4057 tua,
3354 4002 3408 4047 et

190 4093 361 4163 μείνω
382 4092 590 4162 χέρσος.

1859 4107 2105 4151 terrenus
2139 4107 2469 4148 remaneam.

262 4183 350 4237 12.
388 4182 781 4254 Δεδοξασμένος
814 4179 882 4248 εἴ,
902 4182 1095 4253 Κύριε,
1117 4173 1322 4252 δίδαξον
1355 4199 1421 4256 με
1442 4181 1511 4239 τὰ
1529 4181 1749 4241 δικαιὼο

1926 4186 2014 4240 12.
2045 4183 2389 4239 Gloriﬂcatus
2417 4197 2496 4246 es,
2530 4179 2778 4242 Domine,
2804 4178 2936 4232 doce
2965 4189 3052 4229 me
3068 4171 3408 4244 justiﬁcatio-

190 4278 341 4348 ματά
369 4293 483 4332 σου.

1856 4294 1951 4333 nes
1981 4286 2117 4331 tuas.

263 4367 352 4420 15.
386 4367 497 4435 Οὐχ
514 4365 914 4435 ὑπεστειλάμην
935 4361 1028 4418 τοῦ
1052 4365 1127 4434 μὴ
1148 4363 1378 4431 διδάξαι,
1411 4365 1505 4417 καὶ
1529 4362 1753 4433 διαμαρο

1927 4370 2014 4424 15.
2049 4367 2168 4423 Non
2214 4383 2300 4422 me
2331 4365 2601 4428 subduxi,
2631 4361 2926 4433 quominus
2968 4359 3216 4414 docerem
3249 4365 3302 4410 et
3334 4364 3409 4410 te-

188 4457 459 4529 τύρασθαι
489 4458 662 4510 πάντα
682 4456 751 4510 τά
779 4455 1058 4528 θελήματά
1081 4473 1196 4510 σου.

1858 4463 2124 4516 stilicarer
2145 4474 2336 4514 omnes
2363 4457 2667 4510 voluntates
2697 4462 2837 4507 tuas.

263 4549 352 4604 ﬂ.
383 4547 567 4611 Οὕτως
593 4550 764 4619 χαρᾶς
791 4547 1124 4620 πληροῦμαι,
1149 4549 1276 4602 ὅταν
1304 4545 1442 4599 ποιῶ
1468 4545 1566 4609 τὰς
1601 4546 1749 4597 ἐντο-
1783 4569 1826 4624 D

1822 4586 1826 4611 ›
1928 4552 2014 4606 14.
2046 4550 2121 4604 Ita
2163 4548 2360 4619 gaudio
2399 4546 2627 4615 impleor
2669 4557 2793 4599 cum
2843 4553 3110 4608 exsequor
3159 4537 3409 4591 mandata

187 4641 291 4704 λάς
317 4657 433 4702 σου,
470 4639 614 4706 ἅπαξ
643 4639 717 4702 ὡς
744 4638 971 4693 πλοῦτον
995 4635 1337 4711 θησαυρίζων
1367 4635 1542 4705 ἐαυτῷ
1569 4638 1625 4688 ἐν
1673 4633 1740 4703 τιῖ

1850 4653 1962 4705 tua,
1997 4639 2178 4702 veluti,
2214 4645 2273 4690 ut
2300 4650 2410 4689 uno
2453 4636 2614 4688 verbo
2641 4633 2840 4695 dicam,
2870 4629 3085 4684 divitias
3119 4639 3413 4698 conserens

189 4731 426 4802 οὐρανῷ.

1852 4728 2202 4798 mihimetipsi
2236 4728 2288 4780 in
2322 4726 2481 4781 ccelo.

267 4823 356 4877 15.
397 4823 483 4875 Ἐν
513 4825 629 4885 ταῖς
659 4822 901 4893 Γραφαῖς
925 4837 1016 4874 σου
1046 4819 1280 4888 ἀναγνῶ,
1309 4826 1403 4874 καὶ
1427 4822 1534 4883 τοῖς
1561 4819 1729 4886 οφθαλ

1923 4821 2008 4876 15.
2039 4819 2096 4873 ln
2135 4818 2433 4888 Scripturis
2457 4817 2563 4870 tuis
2581 4815 2774 4884 legam,
2797 4820 2851 4866 et
2871 4809 3046 4866 oculis
3068 4807 3266 4863 mentis
3285 4821 3415 4862 mea

196 4915 320 4985 μοῖς
341 4912 443 4981 τῆς
467 4911 702 4976 διανοίας
733 4929 832 4982 μου
861 4910 1070 4981 ἐπιγνῶ
1093 4911 1191 4982 τὴν
1214 4909 1438 4980 δύναμιν
1467 4908 1662 4965 αὐτῶν.

1093 4911 1191 4982 τὴν
1214 4909 1438 4980 δύναμιν
1467 4908 1662 4965 αὐτῶν.
1857 4915 2146 4983 intelligam
2173 4926 2361 4965 earum
2402 4909 2677 4963 virtutem.

267 5002 354 5057 10.
393 5001 600 5066 Νυκτὸς
637 5019 729 5055 και
756 5003 988 5071 ἡμέρας,
1017 5001 1111 5055 καὶ
1137 4999 1408 5070 πληρώσω
1439 5001 1630 5062 αὐτοὺς
1666 4998 1750 5069 ἐρ-

1931 5005 2014 5058 16.
2050 5002 2266 5064 Noctes,
2322 5009 2484 5070 atque
2521 4998 2656 5064 dies,
2698 4998 2748 5049 in
2793 4992 3132 5049 sermonibus
3169 4990 3276 5044 tuis
3305 5003 3416 5042 me-

198 5110 331 5163 τοις.
1858 5097 2093 5158 ditabor,
2125 5104 2180 5149 et
2202 5095 2321 5148 illos
2351 5091 2607 5160 operibus
2637 5086 2888 5156 implebo.

268 5183 355 5236 17.
381 5180 480 5240 Δός
516 5197 606 5251 μοι
640 5180 740 5252 τὴν
767 5181 927 5253 χάριν
954 5179 1050 5234 τοῦ
1078 5181 1236 5250 ἁγίου
1276 5180 1608 5253 Πνεύματος,
1670 5180 1761 5234 καὶ

1931 5187 2018 5241 17.
2055 5184 2131 5239 Da
2184 5183 2318 5239 mibi
2369 5181 2596 5252 gratiam
2649 5176 2821 5232 sancti
2875 5172 3141 5242 Spiritus,
3201 5177 3256 5222 et
3299 5167 3415 5236 ipsa

200 5274 677 5344 ζυωποιηθήσομαι
697 5273 765 5327 δι’
791 5273 984 5345 αυτῆς,
1010 5275 1106 5329 καὶ
1135 5273 1404 5347 πληρὼσω
1427 5273 1553 5337 τοὺς
1574 5272 1761 5341 λόγους

1702 5290 1761 5335 υς
1859 5275 2192 5338 viviﬁcabor,
2218 5282 2270 5327 et
2295 5271 2530 5340 implebo
2550 5279 2827 5324 sermones
2857 5272 2976 5317 tuos
3011 5258 3289 5329 operibus.

199 5381 292 5417 σου
323 5363 392 5418 δι’
425 5363 621 5435 ἔργων.

269 5541 315 5572 ⁸⁷
345 5538 533 5595 Matth.
567 5558 690 5605 xxv,
719 5541 803 5595 11.

197 5717 250 5754 ιη
280 5699 489 5768 psalmo
518 5699 632 5768 sive
657 5697 711 5754 in
745 5693 1213 5766 interpretatione,
1239 5693 1399 5768 nulla
1433 5691 1667 5768 varietas
1697 5705 1760 5744 ac
1796 5688 2082 5768 diversitas
2118 5695 2253 5768 erat.
2304 5698 2478 5768 neque
2510 5681 2632 5763 illos
2669 5679 2736 5768 ad
2776 5666 3415 5768 ρξξίᾕρξεὲχςτξξξιξξξξ

199 5737 1402 5892 'r'éﬁiiij‘éaiiﬁﬁi'£3.23;Eil'i'isi'riiiéiz
1439 5737 2461 5826 Ᾱῖἑόῖὶιῐῐπεῗρὐἶῑεὶοὶλᾙίοιίέιιὶιε
2485 5752 2756 5823 ascripsit,
2776 5763 2876 5804 nos
2898 5755 3018 5817 post
3034 5743 3191 5797 tinem
3223 5737 3414 5810 psalmi

206 5839 360 5892 huius
389 5854 418 5892 a
460 5840 667 5892 demus.

206 5839 360 5908 hujus
389 5839 667 5893 addemus.
