4018 6508
220 453 353 506 1181

1061 457 1148 512 DE
1187 459 1462 517 TITUIJS
1499 463 1941 524 PSALMORUM.
1967 501 2036 511 ——
2075 470 2267 527 PSAL.
2309 470 2538 528 CXVIII.

3315 479 3447 533 1182

295 572 382 624 29.
417 571 564 624 Ὀδὸν
584 572 795 639 ἀδικίας
819 575 1027 649 ἁπόστη
1036 596 1124 632 σον
1148 582 1240 634 ἀπ’
1261 584 1414 653 ἐμοῦ,
1435 586 1528 639 καὶ
1550 586 1627 658 τῷ
1641 587 1790 660 νόμῳ

1961 593 2050 647 29.
2088 593 2241 648 V'iam
2269 595 2567 664 iniquitatis
2592 608 2783 648 amove
2813 607 2843 648 a
2877 611 2981 658 me,
3013 603 3066 650 et
3101 596 3167 650 de
3214 596 3326 666 lege
3356 609 3446 653 tua

220 676 314 712 am
339 662 558 730 ἐλέησόν
589 682 676 734 με.

286 755 378 810 50.
421 754 566 806 Ὀδὸν
605 757 860 826 ἀληθείας
892 761 1248 835 ᾑρετισάμην,
1302 766 1394 819 καὶ
1439 767 1507 820 τὰ
1546 769 1787 840 κρίματα

217 861 316 895 (μου
342 845 443 897 οὐκ
473 847 833 919 ἐπελαθόμην.

285 936 376 987 51.
437 937 758 1009 Ἐκολλήθην
805 943 917 1004 τοῖς
953 945 1272 1016 μαρτυρίοις
1325 965 1441 1012 σου,
1486 949 1674 1018 Κύριε,
1711 953 1784 1022 μή

216 1042 285 1093 μῖ
308 1027 695 1098 καταισχύνῃς.

285 1119 376 1169 52.
415 1120 562 1170 ὐδὸν
591 1121 817 1175 ἐντολῶν
852 1141 943 1177 σου
997 1124 1250 1197 ἔδραμον,
1310 1129 1437 1183 ὅταν
1491 1130 1787 1195 ὲπλάτυνας

213 1207 318 1275 τὴν
340 1210 564 1278 καρδίαν
590 1229 711 1280 μου.

291 1300 381 1353 55.
434 1301 813 1373 Nepotis-5':qu
868 1323 959 1376 με,
1007 1306 1200 1380 Κύριε,
1255 1312 1352 1381 τὴν
1397 1311 1515 1363 ὁδὸν
1568 1312 1674 1365 τῶν
1713 1312 1789 1365 δι-

214 1393 549 1461 καιωμάτων
579 1414 692 1459 σου,
723 1399 816 1451 καὶ
837 1399 1118 1471 ἐκζητήσω
1151 1402 1317 1473 αὐτὴν
1344 1405 1651 1468 διαπαντός.

288 1483 376 1536 54.
409 1486 691 1541 Συνὲτισόν
729 1507 818 1559 με,
846 1492 940 1544 καὶ
968 1493 1305 1566 ἐξερευνήσω
1331 1496 1424 1548 τὸν
1471 1497 1632 1567 νόμον
1671 1514 1786 1560 σου,

209 1575 310 1624 καὶ
339 1574 556 1642 φυλάξω
583 1579 748 1633 αὑτὸν
772 1582 830 1634 ἐν
857 1582 954 1652 ὅλῃ
977 1584 1174 1654 καρδίᾳ
1205 1603 1326 1655 μου.

286 1666 375 1719 55.
421 1667 713 1740 ὐδῄτησὸν
741 1689 808 1742 με
851 1674 909 1726 ὲν
945 1677 1010 1744 τῇ
1059 1676 1230 1747 τρίϐῳ
1254 1676 1362 1730 τῶν
1395 1677 1621 1730 ἐντολῶν
1674 1696 1788 1743 σου,

205 1759 297 1809 ὅτι
330 1759 496 1826 αὐτὴν
517 1763 780 1832 ἠθέλησα.

283 1851 373 1904 56,
405 1852 597 1905 Κλίνων
620 1855 716 1923 τὴν
755 1855 982 1926 καρδίαν
1015 1875 1116 1928 μου
1158 1860 1236 1924 είς
1257 1860 1325 1914 τὰ
1378 1861 1651 1932 μαρτύριά
1673 1878 1787 1926 σου,

205 1942 304 1992 καὶ
330 1941 406 2012 μὴ
432 1946 512 2004 εἰς
533 1943 861 2010 πλεονεξίαν.

277 2037 374 2089 57.
423 2039 784 2111 ’Λπόπρεψον
812 2043 937 2105 τοὺς
961 2043 1270 2113 ὀφθαλμούς
1308 2063 1408 2115 μου
1440 2045 1534 2100 τοῦ
1565 2048 1639 2118 μὴ
1669 2046 1794 2100 ίδεῖν

208 2129 573 2199 ματαιότητα,
601 2135 661 2184 ὲν
694 2137 761 2203 τῇ
795 2133 901 2203 ὁδῷ
933 2151 1024 2187 σου
1052 2135 1216 2205 ζῆσόν
1252 2155 1340 2206 με.

284 2219 375 2272 58.
419 2221 621 2291 Στῆσον
665 2224 744 2293 τῷ
797 2225 967 2295 δούλῳ
1005 2243 1098 2278 σου
1151 2227 1212 2279 τὸ
1248 2227 1429 2295 λόγιόν
1464 2243 1556 2280 σου
1590 2230 1669 2292 είς
1702 2228 1793 2281 τὸν

209 2307 377 2375 φόόον
405 2326 518 2367 σου.

284 2401 374 2454 59.
417 2405 640 2473 Περίελε
678 2408 772 2459 τὸν
818 2408 1117 2479 ὀνειδισμόν
1170 2429 1293 2481 μου,
1342 2411 1400 2464 δν
1433 2411 1782 2472 ὑπώπτευσα,

203 2492 292 2563 ὅτι
325 2491 392 2560 χά
418 2496 662 2564 κρίματά
693 2514 788 2549 σου
813 2501 1041 2569 χρηστά.

282 2583 372 2638 40.
422 2585 551 2638 Ἰδοὺ
608 2589 929 2660 ἐπεθύμησα
978 2594 1074 2654 τὰς
1101 2593 1316 2658 ἐντολάς
1371 2611 1486 2656 σου,
1521 2597 1577 2647 ὲν
1616 2597 1682 2664 τῇ
1711 2593 1790 2648 δι-

203 2677 474 2749 ratorum
504 2695 595 2731 σου
628 2681 790 2751 ζῆσόν
823 2701 907 2752 με.

1886 685 2141 740 miserere
2175 689 2299 740 mei.

1959 778 2045 830 50.
2084 779 2234 833 \‘iam
2267 781 2511 836 veritatis
2534 781 2667 850 elegi
2689 820 2705 844 ,
2752 791 2805 835 et
2836 781 3041 848 judicia
3074 789 3161 832 tua
3193 797 3296 832 non
3325 798 3441 832 sum

1885 870 2100 922 oblitus.

1957 959 2045 1013 51.
2075 960 2289 1016 Adlmsi
2342 961 2670 1016 testimoniis
2724 963 2855 1027 tuis,
2893 961 3138 1024 Domine,
3189 962 3295 1013 noli
3361 977 3444 1013 nae

1884 1050 2235 1105 confundere.

1957 1140 2046 1194 52.
2078 1141 2231 1196 Viam
2256 1143 2636 1199 mandatorum
2670 1154 2888 1200 tuorum
2922 1143 3170 1205 cucurri,
3199 1158 3322 1196 cum
3359 1142 3442 1194 tli-

1886 1232 2065 1288 Iatasti
2092 1249 2187 1288 cor
2214 1250 2415 1290 meum.

1957 1326 2044 1379 ⁸55.
2083 1324 2279 1397 Legem
2309 1343 2450 1397 pone
2474 1328 2632 1392 mihi,
2666 1327 2912 1392 Domine,
2939 1329 3078 1380 viam
3103 1328 3444 1396 justiﬁeatio-

1889 1432 2018 1470 num
2055 1427 2291 1482 tuarum,
2317 1427 2369 1472 et
2391 1420 2670 1489 exquiram
2708 1435 2826 1473 eam
2863 1437 3094 1488 SClllpL‘I'.

1957 1505 2045 1560 54.
2075 1505 2146 1559 Da
2202 1508 2332 1561 mihi
2386 1509 2755 1573 intellectum,
2816 1521 2869 1564 et
2935 1512 3220 1566 scrutabor
3277 1511 3444 1580 legem

1890 1605 2060 1663 tuam,
2089 1607 2142 1652 et
2167 1601 2471 1654 custodiam
2496 1602 2642 1655 illam
2677 1603 2728 1656 in
2754 1613 2865 1656 toto
2886 1605 3050 1656 corde
3075 1619 3211 1657 tneo.

1960 1689 2050 1742 55.
2084 1687 2265 1745 Deduc
2299 1707 2384 1745 me
2426 1693 2479 1747 in
2519 1695 2766 1749 semitam
2800 1696 3175 1748 tnandatorum
3208 1705 3448 1756 tuorum,

1890 1781 2016 1850 quia
2051 1781 2222 1849 ipsam
2253 1783 2421 1838 volui.

1960 1870 2048 1924 56.
2083 1869 2286 1926 Inclina
2316 1888 2412 1927 cor
2438 1887 2618 1927 meum
2671 1873 2724 1927 in
2771 1874 3077 1928 testimonia
3108 1884 3220 1936 tua,
3256 1883 3309 1926 et
3343 1886 3448 1926 non

1821 1945 1862 1999 Β
1892 1961 1946 2013 in
1968 1961 2272 2015 avaritiam.

1957 2051 2045 2105 57.
2085 2052 2276 2107 Averte
2306 2053 2497 2110 oculos
2522 2070 2671 2110 meos
2701 2071 2767 2109 ne
2791 2057 3008 2110 videant
3040 2057 3358 2119 vanitatem;
3397 2055 3447 2106 in

1891 2144 1975 2198 via
2013 2153 2100 2198 tua
2129 2145 2340 2198 viviIica
2365 2161 2470 2199 me.

1968 2235 2057 2289 58.
2098 2236 2288 2290 Statue
2330 2252 2489 2290 servo
2533 2246 2626 2292 tuo
2670 2237 2942 2306 eloquium
2979 2248 3127 2292 tuum
3170 2239 3222 2290 in
3260 2238 3450 2293 timore

1892 2335 2005 2380 ιυο.

1962 2417 2050 2471 59.
2083 2417 2313 2486 Ampttla
2346 2418 2694 2486 opprobrium
2731 2437 2910 2474 meum
2932 2461 2945 2484 ,
2974 2421 3116 2490 quod
3147 2421 3452 2486 suspicatus

1893 2522 2037 2571 sum,
2077 2507 2204 2574 quia
2233 2508 2434 2575 judicia
2472 2519 2558 2562 tua
2592 2510 2851 2578 jucunda.

1965 2595 2055 2649 40.
2089 2594 2225 2650 Ecce
2250 2599 2532 2667 Concupivi
2571 2600 2818 2653 mandata
2853 2612 2965 2662 tua,
3000 2599 3051 2653 in
3087 2601 3338 2670 aequitate
3362 2612 3450 2654 tua

1894 2684 2106 2740 viviﬁca
2144 2703 2247 2740 me.

1342 2793 1714 2848 ATIIANASII
1748 2791 2338 2849 INTEBPRETATIO.

417 2904 711 2974 ἶΑπέλασον
734 2905 833 2970 τὰς
864 2907 1157 2979 ἐπιθυμίας
1176 2910 1270 2963 τοῦ
1297 2912 1501 2982 κόσμου
1525 2913 1619 2967 ἀπ’
1638 2910 1791 2984 ἐμοῦ,

204 2995 308 3046 καὶ
347 2995 565 3066 ὲλέησὸν
594 3015 662 3064 με
695 2998 902 3068 ὁδηγῶν
930 3017 996 3069 με
1021 3002 1078 3053 ἐν
1108 3002 1186 3071 τῷ
1219 3004 1367 3074 νόμῳ
1395 3021 1515 3060 σου.

280 3084 372 3155 1⁸50,
404 3086 699 3157 ,ῐιεπόθηκα
755 3089 845 3141 τὸν
904 3092 1027 3143 Υίὸν
1083 3093 1175 3146 τοῦ
1202 3094 1360 3157 Θεοῦ,
1403 3095 1503 3165 τὴν
1556 3095 1675 3148 ὀδόν
1699 3097 1794 3166 τῆς

205 3179 491 3252 ἀληθείας
543 3183 915 3252 ἐμνημόνευον
962 3186 1070 3255 γὰρ
1123 3187 1182 3238 τὸ
1245 3186 1395 3256 βῆμά
1462 3205 1553 3240 σου
1603 3188 1664 3241 τὸ
1696 3207 1792 3257 φο-

203 3272 273 3322 ὅε
282 3271 394 3339 ρὸν.

286 3365 372 3418 51.
425 3365 758 3420 Ἀκολουοεῖν
781 3367 1032 3440 ἠρξάμην
1082 3372 1196 3433 τοῖς
1244 3371 1628 3444 προστάγμασί
1673 3389 1785 3435 σου,

205 3455 401 3524 Κύριε,
432 3458 509 3527 μὴ
533 3459 790 3528 ᾲδᾶκιμόν
816 3477 882 3529 με
907 3462 1071 3532 ἐάσῃς
1094 3464 1149 3513 ἐν
1171 3462 1371 3526 αὐτοῖς.

284 3545 372 3597 32.
409 3547 708 3617 Προῧύμως
730 3551 864 3602 ποιῶ
899 3552 958 3604 τὸ
1007 3551 1218 3623 θέλημά
1260 3569 1378 3619 σου,
1423 3555 1548 3607 ὅταν
1577 3557 1790 3627 ἀνοίξῃς

200 3638 309 3703 τὴν
343 3637 564 3706 καρδίαν
590 3657 696 3714 μου
722 3640 1004 3711 ἐγγράψας
1040 3645 1095 3695 ὲν
1127 3643 1262 3713 αὐτῇ
1284 3643 1374 3696 τὸν
1404 3645 1566 3714 νόμον
1601 3662 1716 3698 σου.

279 3727 369 3799 55.
396 3728 651 3806 Στῇριξον
668 3733 727 3784 ἐν
756 3735 822 3803 τῇ
859 3732 1067 3805 διανοίᾳ
1100 3753 1199 3804 μου
1228 3735 1288 3788 τὸ
1341 3736 1457 3798 πῶς
1495 3736 1790 3789 ἐπιτελέσαι)

199 3823 280 3876 ’τὰ
308 3825 653 3897 δικαιώματά
680 3846 795 3894 om,
825 3831 917 3884 καὶ
944 3832 1260 3903 ὲπιποθήσω
1311 3833 1398 3885 ἀεὶ
1428 3832 1694 3887 αἰτεῖσθαι
1713 3833 1788 3904 (l)

201 3918 360 3988 παρὰ
389 3919 482 3985 om}
511 3921 608 3989 τὴν
633 3921 794 3992 χάριν
815 3923 1039 3993 ταύτην.

280 4009 636 4063 54.Φῶτισόν
680 4031 774 4082 με,
831 4017 925 4067 καὶ
951 4014 1267 4085 ὲπιζητήσω
1330 4017 1428 4085 τὴν
1491 4017 1787 4088 ἑρμηνείαν

199 4104 317 4156 τῶν
339 4104 381 4159 Γ
387 4104 571 4176 ραςξῶν
612 4123 727 4168 σου,
758 4107 856 4160 καὶ
885 4109 1170 4162 σπουδάσω
1198 4109 1479 4180 πληρῶσαι
1522 4109 1690 4179 αὐτὴν
1721 4111 1787 4162 δι’

201 4197 388 4268 ἔργων
419 4198 658 4267 ἀγαθῶν.

281 4290 369 4344 55.
413 4291 565 4342 Ἐπεὶ
593 4290 783 4361 νήπιός
817 4292 954 4362 εἰμι,
1008 4293 1102 4344 καὶ
1158 4292 1258 4344 οὐκ
1307 4288 1420 4344 οἶδα
1468 4291 1700 4361 βαδίζειν
1728 4295 1786 4346 ὲν

199 4387 328 4447 ταῖς
359 4376 606 4457 ἐντολαῖς
644 4404 758 4449 σου,
805 4387 981 4456 ζητῶν
1013 4390 1106 4440 καὶ
1131 4388 1230 4458 τὴν
1256 4389 1372 4442 ὁδὸν
1411 4390 1610 4442 αὐτῶνθ
1650 4391 1786 4462 κρα-

200 4493 375 4545 τησον
395 4479 460 4546 τῇ
492 4478 674 4547 χάριτί
702 4494 797 4533 σου
825 4479 928 4550 τὴν
957 4478 1135 4550 ψυχήν
1165 4497 1287 4550 μου,
1317 4481 1409 4532 καὶ
1437 4481 1660 4549 ποίησόν
1720 4497 1787 4551 με

203 4569 404 4642 πατεξν
434 4569 490 4619 ἐν
524 4570 734 4632 αὑταῖς.

276 4659 368 4713 56.
410 4660 705 4730 ’Υπᾴταξον
727 4661 826 4733 τὴν
867 4661 1097 4732 καρδίαν
1125 4680 1224 4732 μου
1265 4665 1343 4725 εἰς
1390 4662 1458 4715 τὰ
1522 4662 1792 4734 μαρτύριά
1823 4654 1868 4708 D

203 4767 327 4815 σου,
356 4750 453 4801 καὶ
487 4749 632 4822 [οὐκ]
667 4751 746 4813 εἰς
767 4750 864 4822 τὴν
919 4750 1349 4803 πλεονεκτοῦσαν
1383 4768 1451 4820 με
1493 4750 1788 4820 ἁμαρτίαν,

203 4843 298 4894 ἵνα
333 4841 407 4911 μὴ
432 4835 477 4892 ὦ
498 4841 906 4912 δεδουλωμένος.

277 4933 370 4987 5³1.
404 4931 639 4992 Φώτισον
663 4936 786 4996 τοὺς
809 4934 1119 5004 ὀφθαλμοὺς
1146 4933 1248 5005 τῆς
1277 4934 1515 4997 διανοίας
1549 4951 1672 5003 μου,
1696 4934 1791 4987 τοῦ

201 5028 283 5096 μὴ
319 5030 577 5096 προσχεῖν
605 5027 684 5090 εἰς
716 5026 814 5096 τὴν
845 5026 1148 5080 ἀπόλαυσιν
1176 5025 1272 5079 τοῦ
1326 5025 1552 5094 κόσμου·
1595 5026 1654 5077 ὲν
1713 5023 1792 5096 τῷ

211 5117 320 5186 ι’ίῷ
347 5133 442 5186 σου
477 5116 810 5186 ζωοποίησόν
837 5135 928 5186 με.

277 5210 368 5263 58.
399 5208 658 5279 Στήριξον
687 5210 767 5276 εἰς
812 5210 912 5279 τὴν
958 5208 1189 5279 καρδίαν
1221 5225 1322 5278 μου
1360 5208 1419 5261 τὸ
1470 5207 1648 5274 λόγιόν
1697 5223 1790 5259 σου

203 5301 351 5371 μετὰ
381 5301 473 5353 τοῦ
506 5303 668 5374 φόϐου
694 5318 811 5366 σου,

279 5393 368 5444 59.
411 5393 610 5460 ’Λφελε
677 5393 772 5445 ἀπ’
821 5391 954 5462 ἐμοῦ
1005 5392 1102 5461 τὴν
1151 5391 1410 5462 αἰσχύνην
1452 5389 1564 5462 [ῆν]
1627 5406 1791 5460 προσ-

203 5485 442 5554 εῶκησα
474 5485 614 5554 ἔχειν
645 5487 737 5540 ἐπι
791 5486 888 5538 τοῦ
930 5486 1168 5556 βήματος
1201 5503 1314 5550 σου,
1350 5486 1429 5538 ὅτι
1457 5485 1512 5537 αἱ
1554 5486 1788 5552 ἐπαγγε-

203 5581 318 5634 λίαι
354 5599 448 5634 σου
480 5582 698 5651 ἀγαθαί.

280 5675 373 5726 40.
418 5675 548 5726 Ἰδοτλ
580 5676 809 5746 ἐδίψησα
853 5678 1023 5728 ποιεῖν
1048 5675 1142 5738 τὰς
1164 5673 1380 5736 ἐντολάς
1413 5690 1523 5734 σου,
1569 5673 1782 5728 πότισὸν

208 5782 281 5835 με
310 5763 408 5833 τὴν
433 5764 588 5835 χάριν
618 5783 729 5828 σου.

278 5880 356 5948 (I)
393 5877 504 5933 Vox
533 5879 799 5930 αἰτεῖσθαι
822 5877 1094 5933 abundare
1132 5878 1336 5931 videtur

1959 2911 2050 2966 29.
2083 2909 2304 2980 Expelle
2346 2927 2376 2964 a
2417 2928 2503 2965 me
2545 2913 2733 2965 mundi
2759 2913 3250 2982 concupiscentias,
3277 2926 3331 2968 et
3353 2918 3452 2969 nti'

1891 3016 2072 3056 serere
2094 3002 2198 3056 mei
2225 3000 2500 3056 deducens
2529 3018 2614 3056 me
2642 3003 2694 3055 in
2727 3003 2839 3072 lege
2872 3013 2982 3055 tua.

1961 3093 2050 3146 50.
2081 3091 2388 3147 Desideravi
2432 3092 2630 3146 Filium
2666 3092 2790 3156 Dei,
2819 3093 2912 3162 qui
2945 3102 3025 3146 est
3056 3093 3141 3145 via
3179 3094 3413 3149 veritatis
3439 3115 3450 3156 '.

1891 3184 2204 3238 recordatus
2234 3185 2378 3238 enim
2407 3200 2527 3238 sum
2559 3187 2822 3239 tremendi
2850 3186 2926 3239 tui
2964 3187 3276 3239 tribunalis.

1962 3380 2049 3435 51.
2087 3380 2297 3436 lnstitui
2334 3383 2484 3452 sequi
2533 3394 2796 3453 prmcepta
2835 3394 2945 3448 tua,
2987 3384 3234 3449 Domine,
3274 3401 3338 3437 ne
3371 3399 3454 3437 me

1893 3475 2178 3541 reprobum
2209 3477 2260 3528 in
2293 3475 2424 3543 ipsis
2459 3476 2722 3529 dimittas.

1961 3564 2048 3616 5⁵2..
2082 3565 2346 3617 Alaeriter
2391 3564 2532 3618 facio
2580 3567 2912 3618 voluntatem
2955 3576 3101 3619 tuam
3126 3603 3138 3626 ,
3173 3581 3295 3619 cum
3330 3581 3455 3634 ape-

1891 3655 2066 3709 rueris
2093 3670 2184 3707 cur
2209 3671 2386 3708 meum
2415 3656 2721 3708 inscribens
2751 3658 2802 3708 in
2838 3656 2953 3724 ipso
2983 3657 3150 3724 legem
3177 3667 3344 3709 tuam.

1959 3746 2049 3798 55.
2082 3746 2358 3800 Conlirma
2407 3747 2461 3799 in
2511 3755 2690 3800 mente
2722 3763 2839 3800 mea
2871 3746 3142 3812 quomodo
3180 3746 3450 3815 lwrﬁciam

1886 3838 2313 3908 justiticationes
2347 3849 2490 3902 tuas,
2521 3848 2575 3893 et
2598 3839 2918 3894 desiderabo
2945 3854 3156 3907 semper
3182 3855 3211 3892 a
3243 3847 3292 3891 te
3315 3839 3451 3892 hanc

1889 3929 2139 3999 gratiam.

1958 4022 2046 4076 51.
2085 4021 2331 4075 lllumina
2381 4036 2487 4088 me,
2537 4033 2590 4077 et
2639 4024 2919 4092 exquiram
2953 4023 3448 4088 interpretationem

1891 4123 2105 4168 tuarum
2146 4113 2583 4184 Scripturarum,
2610 4123 2666 4168 et
2695 4112 2926 4168 studebo
2956 4130 3074 4167 eam
3115 4113 3334 4181 implere
3358 4129 3451 4182 per

1887 4219 2052 4274 opera
2076 4203 2233 4256 bona.

1962 4291 2049 4345 53.
2092 4290 2362 4367 Quoniam
2418 4291 2598 4346 infans
2646 4308 2804 4358 sum,
2837 4301 2891 4346 et
2920 4291 3042 4345 novi
3077 4291 3354 4344 ambulare
3397 4291 3448 4343 in

1889 4385 2174 4454 pt'wceptis
2198 4384 2328 4446 tuis,
2360 4400 2608 4452 quzerens
2635 4385 2814 4438 adhuc
2840 4400 3028 4437 eorum
3062 4385 3198 4435 \‘i:tlll
3227 4403 3237 4436 :
3265 4396 3452 4450 appre—

1891 4475 2066 4527 hende
2091 4474 2259 4542 gratia
2298 4483 2386 4527 tua
2419 4473 2656 4528 animam
2689 4489 2864 4526 meam
2887 4514 2902 4539 ,
2943 4485 2997 4526 et
3033 4473 3115 4526 Iac
3154 4485 3210 4525 ut
3239 4473 3290 4524 in
3321 4473 3452 4541 ipsis

1889 4568 2181 4621 ambulem.

1963 4659 2050 4712 56.
2090 4658 2308 4726 Subjice
2355 4673 2450 4711 eor
2481 4672 2664 4711 meum
2701 4656 3026 4710 testimoniis
3058 4655 3192 4718 tuis,
3242 4664 3296 4708 et
3345 4671 3449 4707 non

1897 4751 2344 4806 circunwenienti
2377 4766 2465 4804 me
2498 4757 2752 4819 peccato,
2791 4764 2858 4803 ne
2892 4748 3103 4817 redigar
3142 4749 3193 4800 in
3226 4748 3453 4800 servitu-

1890 4851 2016 4898 tem.

1961 4937 2050 4990 57.
2083 4933 2329 4989 lllumina
2373 4933 2564 4988 oculos
2609 4931 2808 4986 mentis
2853 4946 3016 4992 mete,
3056 4945 3122 4982 ne
3149 4929 3452 4982 adita-ream

1890 5027 2078 5083 mundi
2104 5027 2473 5096 voluptatibus
2503 5025 2593 5079 :in
2629 5023 2765 5078 Filio
2793 5031 2884 5076 tuo
2910 5021 3118 5075 \‘ivilica
3151 5038 3252 5073 me.

1966 5217 2058 5275 58.
2092 5215 2365 5272 Conlirma
2397 5216 2450 5269 in
2486 5216 2650 5270 corde
2680 5228 2802 5268 meo
2842 5212 3118 5280 eloquium
3148 5218 3299 5262 tuum
3329 5223 3453 5262 cum

1892 5309 2084 5363 timore
2115 5317 2224 5362 tuo.

1956 5400 2046 5453 59.
2077 5398 2242 5452 Aufer
2270 5413 2298 5450 a
2329 5414 2418 5450 me
2447 5397 2742 5466 pudorem,
2773 5409 2935 5464 quem
2972 5392 3155 5446 subire
3175 5401 3450 5458 exspecta-

1895 5489 1944 5541 vi
1986 5490 2038 5542 in
2077 5497 2171 5542 tuo
2197 5488 2475 5553 tribunali,
2527 5490 2655 5556 quia
2699 5491 2857 5538 bona:
2901 5493 3029 5538 sunt
3065 5480 3455 5552 promissiones

1893 5591 2014 5634 tuae.

1957 5669 2046 5722 40.
2081 5669 2217 5726 Ecce
2245 5671 2388 5726 sitivi
2426 5669 2602 5725 facere
2633 5668 2883 5722 mandata
2917 5676 3028 5731 tua,
3056 5673 3179 5733 pota
3214 5677 3300 5717 me
3330 5676 3453 5735 gra-

1888 5761 1959 5812 tia
1996 5771 2104 5815 tua.
