4018 6474
613 386 749 441 1183

1449 384 1505 441 5.
1549 384 1917 439 ATHANASII
1958 384 2105 440 OPP.
2151 386 2326 441 PARS
2364 385 2449 442 ill.
2484 416 2550 425 -——
2586 383 2989 441 EXEGETICA.

3707 385 3840 440 1184

681 502 770 559 41.
806 501 868 557 Ει
916 506 1093 559 veniat
1143 520 1305 576 super
1347 521 1430 561 me
1463 506 1850 576 ,misericordia
1896 517 2021 571 tua,
2069 505 2175 562 Do-
2202 516 2244 569 Α

2345 507 2435 561 41.
2468 506 2572 561 Kal
2601 506 2740 561 ἔλθοι
2766 508 2849 560 ἐπ’
2882 505 2981 577 ἐμέ
3008 508 3070 558 ab
3094 504 3238 568 ἔλεός
3267 522 3381 569 σου,
3410 503 3600 575 Κύριε,
3621 501 3683 556 τὸ
3737 519 3841 555 σω-

608 594 777 656 mine,
802 594 1035 650 salutare
1058 606 1210 650 tuum
1238 597 1532 652 secundum
1551 597 1825 666 eloquium
1852 609 2026 652 tuum.

682 684 771 741 42.
804 684 868 739 Et
900 688 1239 756 respondebo
1264 689 1724 758 exprobrantibus
1756 690 1886 744 mihi
1922 691 2165 756 verbum,

609 776 735 846 quia
767 778 979 845 speravi
1014 778 1067 831 in
1098 780 1441 834 sermonibus
1477 780 1606 834 luis.

678 867 767 922 43.
797 869 863 922 Et
894 885 962 923 ne
989 869 1206 926 auferas
1249 872 1316 926 de
1347 887 1442 926 ore
1486 888 1607 927 meo
1662 873 1883 927 verbum
1920 873 2166 932 veritatis

610 976 1020 1030 usquequaque,
1046 963 1173 1032 quia
1197 964 1250 1016 in
1274 963 1493 1032 jndiciis
1532 965 1636 1019 tuis
1664 965 2058 1034 super-speravi.

679 1135 768 1190 44.
802 1133 867 1190 Et
885 1138 1186 1192 custodiam
1206 1140 1374 1209 legem
1401 1150 1547 1194 tuam
1569 1155 1803 1210 semper,
1833 1141 1885 1195 in
1907 1142 2165 1196 saeculum

606 1233 662 1281 et
694 1226 748 1280 in
784 1227 1041 1282 saeculum
1079 1229 1284 1283 saeculi.

678 1317 768 1373 45.
805 1318 869 1373 Et
912 1321 1254 1375 ambulabant
1308 1322 1360 1375 in
1410 1322 1719 1386 latitudine,
1754 1324 1880 1392 quia
1912 1324 2164 1380 mandata

607 1419 700 1467 tua
728 1412 1019 1480 exquisivi.

676 1502 764 1557 46.
798 1502 863 1557 Et
888 1504 1151 1573 loquebar
1180 1504 1234 1559 in
1271 1506 1600 1562 testimoniis
1625 1506 1735 1563 tuis
1778 1507 1828 1561 in
1869 1520 2161 1577 conspectu

608 1608 817 1664 regum,
841 1604 895 1648 et
928 1612 1032 1650 non
1063 1595 1459 1653 confundebar.

674 1686 763 1739 47.
797 1686 861 1741 Et
893 1689 1190 1744 meditabar
1240 1690 1294 1743 in
1345 1690 1611 1745 mandatis
1655 1690 1784 1756 tuis,
1842 1706 1966 1760 quas
1997 1691 2163 1745 dilexi

606 1778 781 1832 valde.

2270 598 2458 669 τήριόν
2494 615 2587 650 σου
2609 596 2749 651 κατὰ
2775 596 2865 649 τὸν
2887 596 3042 664 λόγον
3065 612 3177 648 σου.

2341 691 2427 744 42.
2460 690 2562 744 Kal
2588 690 3027 760 άποκριθήσομαι
3052 689 3163 751 τοῖς
3200 685 3514 751 ὀνειδίζουσί
3539 703 3630 756 μοι
3661 685 3839 752 λόγον,

2266 783 2347 834 ὃτι
2376 782 2577 852 ἧλπισα
2599 781 2691 832 ἐπὶ
2712 782 2823 843 τοῖς
2843 779 3018 847 λόγοις
3046 797 3158 832 σου.

2339 872 2426 925 45.
2466 870 2569 924 Kal
2614 871 2687 943 μὴ
2717 870 2972 942 περιέλῃς
2994 871 3055 921 ἐκ
3086 865 3180 920 τοῦ
3222 867 3485 937 στόματός
3539 882 3643 935 μου
3688 864 3842 930 λόγον

2269 964 2526 1035 ἀληθείας
2550 966 2653 1029 ἓως
2673 964 2896 1035 σφόδρα,
2928 964 3008 1015 ὅτι
3038 962 3129 1015 ἐπὶ
3148 963 3258 1023 τοῖς
3280 956 3509 1030 κριμασί
3544 974 3640 1009 σου
3678 955 3841 1025 ἐπηλ-

2268 1069 2418 1105 mera.

2340 1143 2428 1196 44.
2470 1142 2574 1196 Kal
2604 1140 2820 1210 φυλάξω
2851 1140 2941 1193 τὸν
2986 1140 3147 1210 νόμον
3174 1155 3267 1191 σου
3305 1136 3594 1201 διαπαντὸς
3642 1137 3727 1199 είς
3755 1134 3844 1187 τὸν

2265 1236 2454 1297 αίῶνα,
2484 1236 2577 1289 καὶ
2599 1236 2677 1298 είς
2694 1235 2784 1287 τὸν
2808 1233 2979 1287 αίῶνα
3007 1231 3097 1286 τοῦ
3129 1230 3341 1294 αίῶνος.

2340 1324 2427 1379 45.
2451 1324 2555 1379 Kal
2578 1323 2918 1395 ἐπορευόμην
2950 1323 3008 1377 ἐν
3035 1321 3351 1393 πλατυσμῷ,
3375 1322 3457 1374 ὅτι
3486 1320 3588 1383 τὰς
3621 1317 3841 1380 ἐντολάς

2266 1434 2359 1470 σου
2390 1415 2711 1486 ἐξεζήτησα.

2335 1508 2419 1563 46.
2454 1509 2563 1560 Kal
2593 1507 2814 1561 ἐλάλουν
2860 1507 2917 1559 ἐν
2958 1510 3069 1571 τοῖς
3114 1506 3427 1579 μαρτυρίοις
3470 1521 3563 1557 σου
3598 1504 3841 1558 ἐναντίον

2268 1600 2552 1671 βασιλέων,
2585 1601 2677 1652 καὶ
2706 1600 2805 1654 οὐκ
2836 1600 3166 1670 ᾐσχυνόμην.

2334 1689 2421 1743 47.
2459 1691 2567 1742 Kal
2596 1689 2862 1759 ἐμελέτων
2890 1691 2947 1743 ἐν
2971 1693 3090 1754 ταῖς
3122 1690 3359 1754 ἐντολαῖς
3383 1706 3499 1753 σου,
3526 1688 3594 1752 ἃς
3620 1688 3839 1759 ἠγάπη-

2266 1797 2332 1832 σα
2361 1779 2581 1850 σφόδρα.

673 1869 763 1927 48.
798 1870 862 1924 Et
892 1870 1061 1926 levavi
1096 1888 1289 1928 manus
1320 1888 1471 1927 meas
1514 1873 1581 1927 ad
1610 1873 1863 1926 mandata
1896 1881 2006 1933 tua,
2042 1889 2163 1943 quae
2196 1856 2236 1911 Β

2331 1871 2417 1924 48.
2461 1871 2567 1923 Καὶ
2592 1866 2702 1941 ἦρα
2726 1869 2822 1932 τὰς
2848 1870 3033 1941 χεῖράς
3069 1886 3169 1939 μου
3198 1869 3332 1941 πρὸς
3353 1867 3450 1931 τὰς
3470 1866 3693 1929 ἐντολάς
3722 1883 3836 1929 σου,

604 1962 788 2028 dilexi,
821 1973 873 2017 ct
902 1965 1199 2019 exercebar
1228 1966 1280 2018 in
1309 1964 1797 2035 iustiﬁcationibus
1822 1966 1948 2019 tuis.

672 2054 763 2109 49.
797 2054 1005 2110 Memor
1030 2064 1149 2111 esto
1176 2056 1324 2110 verbi
1366 2057 1446 2111 tui
1473 2070 1631 2111 servo
1657 2064 1773 2122 tuo,
1802 2058 1856 2110 in
1886 2072 1995 2125 quo
2028 2056 2158 2109 mihi

604 2160 755 2213 spem
788 2145 1008 2201 dedisti.

672 2235 761 2292 50.
788 2234 913 2291 Haec
947 2254 1033 2293 me
1083 2240 1365 2294 consolata
1399 2248 1483 2295 est
1531 2238 1584 2293 in
1636 2240 1942 2293 humilitate
1999 2253 2116 2291 mea
2144 2276 2159 2302 ,

601 2329 728 2397 quia
757 2329 1033 2399 eloquium
1063 2339 1217 2385 tuum
1250 2332 1543 2386 vivificavit
1566 2346 1671 2386 me.

670 2419 761 2475 51.
794 2418 1025 2490 Superbi
1066 2422 1251 2490 inique
1279 2424 1511 2492 agebant
1541 2435 1948 2492 usquequaque,
1987 2435 2015 2475 a
2042 2436 2158 2491 .ege

599 2521 778 2566 autem
811 2522 901 2565 tua
929 2527 1037 2566 non
1072 2512 1360 2567 declinavi.

2263 1964 2327 2027 ἃς
2359 1963 2639 2032 ἠγάπησα,
2674 1962 2767 2013 καὶ
2794 1960 3111 2031 ἡδολέσχουν
3132 1962 3189 2013 ἐν
3213 1963 3321 2023 τοῖς
3348 1954 3680 2029 δικαιώμασί
3721 1975 3834 2010 σου.

2333 2056 2420 2109 49.
2455 2051 2737 2125 Μνὴσθητι
2786 2052 2893 2106 τῶν
2928 2052 3097 2121 λόγων
3127 2068 3219 2104 σου
3266 2049 3343 2120 τῷ
3384 2050 3554 2119 δούλῳ
3606 2065 3729 2113 σου,
3760 2042 3835 2103 ἄν

2259 2146 2565 2215 ἐπήλπισάς
2599 2161 2687 2214 με.

2331 2236 2417 2290 50.
2454 2236 2599 2306 Αὕτη
2636 2253 2701 2306 με
2729 2237 3096 2306 παρεκάλεσεν
3142 2237 3198 2289 ἐν
3236 2237 3299 2306 τῇ
3327 2232 3656 2287 ταπεινώσει
3706 2249 3830 2303 μου.

2265 2332 2347 2384 ὅτι
2372 2331 2433 2383 τὸ
2453 2331 2630 2399 λόγιόν
2658 2348 2752 2384 σου
2783 2331 2942 2401 ἐζησέ
2979 2348 3066 2402 με.

2334 2422 2420 2475 51.
2454 2423 2820 2491 ’Υπερήφανοι
2860 2422 3199 2492 παρηνόμουν
3225 2422 3328 2487 ἕως
3370 2421 3599 2491 σφόδρα.
3634 2422 3749 2475 ἀπὸ
3780 2422 3835 2475 δὲ

2263 2509 2355 2563 τοῦ
2379 2512 2542 2581 νόμου
2578 2527 2669 2563 σου
2694 2510 2793 2563 οὒκ
2817 2509 3076 2574 ἐξέκλινα.

1718 2665 2093 2721 ATHANASII
2136 2664 2707 2723 INTEBPRETATIO.

673 2858 759 2912 41.
793 2856 858 2911 Ει
877 2857 1056 2911 veniat
1081 2873 1243 2927 super
1274 2873 1359 2911 me
1394 2856 1632 2926 Spiritus
1664 2867 1793 2912 tuus
1830 2867 2052 2912 sanctus
2084 2857 2160 2910 vi-

599 2948 851 3011 vificans,
883 2948 1335 3016 quemadmodum
1368 2948 1497 3001 mihi
1526 2948 1843 3016 promisisti.

668 3038 755 3091 42.
796 3038 858 3091 Et
894 3036 962 3090 da
1003 3038 1134 3090 mihi
1180 3038 1441 3106 gratiam,
1473 3047 1528 3090 ut
1555 3053 1654 3109 ego
1682 3037 1874 3106 loquar
1898 3053 1928 3091 e
1960 3037 2161 3091 sanctis

600 3131 711 3184 tuis
747 3129 1046 3198 Scripturis
1098 3138 1282 3183 contra
1334 3144 1537 3205 omnes
1590 3130 1899 3191 haereticos.
1962 3140 2012 3184 et
2068 3128 2162 3182 Ju-

2327 2857 2414 2909 4l.
2444 2855 2547 2909 Kal
2578 2854 2718 2908 ἔλθοι
2769 2857 2854 2907 επ⁸
2873 2854 2974 2925 ἐμὲ
3022 2854 3085 2908 τὸ
3113 2855 3333 2926 Πνεῦμά
3366 2872 3458 2908 σου
3481 2855 3541 2909 τὸ
3570 2857 3732 2924 άγιςν
3774 2860 3832 2911 τὺ

2258 2945 2571 3009 ζωοποιοῦν,
2602 2942 2783 3008 καθὼς
2812 2944 3140 3015 ἐπήγγειλάς
3172 2962 3281 3015 μοι.

2326 3039 2413 3091 42.
2437 3037 2540 3091 Kal
2564 3037 2652 3101 δός
2688 3054 2777 3109 μοι
2822 3036 2919 3109 τὴν
2970 3038 3126 3111 χάριν
3157 3037 3250 3091 τοῦ
3286 3038 3462 3105 λέγειν
3496 3055 3563 3108 με
3596 3039 3707 3092 ἀπὸ
3726 3040 3834 3093 τῶν

2257 3128 2425 3195 ἁγίων
2453 3128 2683 3198 Γραφῶν
2738 3146 2829 3181 σου
2880 3130 3015 3201 πρὸς
3060 3131 3263 3193 πάντας
3313 3130 3644 3199 αἰρετικοὺς,
3703 3133 3833 3185 Ἰουο

598 3222 777 3284 daeos.
824 3230 874 3273 et
920 3219 1179 3289 gentiles,
1231 3220 1484 3289 quoniam
1533 3221 1829 3276 desideravi
1878 3236 2158 3278 sermones
2185 3260 2226 3313 ε
2257 3218 2295 3271 ὃς

2264 3218 2437 3280 Βαίους
2462 3236 2519 3271 τε
2550 3220 2643 3272 καὶ
2672 3220 2955 3289 Ἕλληνας,
3010 3222 3091 3273 ὅτι
3140 3220 3425 3274 ἐπεπόθειν
3462 3221 3831 3299 [tuendo-qua}

599 3322 743 3368 tuos.

670 3402 756 3456 43.
793 3402 858 3455 Et
892 3418 958 3455 ne
998 3401 1212 3455 attferas
1259 3416 1286 3453 a
1343 3417 1428 3453 me
1456 3402 1683 3470 gratiam
1719 3410 1862 3454 tuam
1897 3417 2067 3471 usque
2104 3404 2158 3457 in

598 3496 782 3555 finem,
807 3493 1061 3561 quoniam
1088 3502 1230 3546 totus
1258 3491 1460 3546 eﬂ'usus
1482 3509 1600 3546 sum
1634 3495 1685 3545 in
1717 3495 1997 3563 praeceptis
2026 3496 2152 3550 tuis.

669 3586 755 3640 44.
793 3586 857 3642 Et
903 3585 1268 3640 indesinenter
1318 3585 1511 3641 faciam
1559 3587 1727 3657 legem
1759 3598 1929 3653 tuam,
1956 3586 2157 3643 habens

598 3695 715 3733 eam
747 3678 799 3732 in
830 3694 915 3732 me
938 3678 1075 3748 ipso,
1102 3687 1155 3732 et
1182 3678 1234 3731 in
1260 3679 1530 3747 praesenti,
1564 3690 1617 3732 et
1655 3677 1839 3732 futuro
1866 3680 2083 3733 saeculo.

666 3857 753 3910 45.
790 3856 855 3911 Et
894 3856 1184 3911 exsultavit
1224 3868 1317 3911 cor
1343 3872 1557 3920 meum,
1587 3858 1845 3925 quoniam
1889 3858 2155 3913 sollicitus

599 3945 672 4000 fni
704 3947 877 4001 facere
903 3947 1230 4000 voluntatem
1263 3956 1431 4000 tuam.

668 4039 753 4092 46.
791 4036 1238 4109 Etrecogitabam
1283 4040 1335 4093 in
1386 4046 1563 4093 mente
1593 4054 1708 4092 mea
1739 4047 2005 4108 praecepta
2040 4048 2154 4104 tua,

597 4141 651 4184 et
701 4131 871 4184 restiti
907 4131 1126 4201 regibus
1176 4132 1549 4193 tenebrarum,
1597 4141 1650 4185 et
1694 4148 1800 4185 non
1836 4142 1962 4186 sunt
1989 4133 2040 4186 in
2073 4149 2156 4188 me

596 4223 881 4276 dominati.

672 4316 756 4370 47.
784 4315 849 4369 Et
880 4316 932 4369 in
962 4316 1126 4370 corde
1152 4333 1271 4371 meo
1301 4316 1635 4386 explicabam
1677 4316 2008 4387 Scripturas,
2029 4319 2155 4388 quia

596 4422 783 4462 earum
817 4407 1083 4462 desiderio
1114 4408 1319 4462 effusus
1345 4424 1487 4461 sum.

666 4499 754 4554 48.
789 4498 850 4552 Et
872 4499 1075 4553 intendi
1108 4510 1341 4555 mentem
1378 4502 1556 4556 cordis
1608 4500 1710 4555 mei
1744 4501 1796 4554 in
1829 4502 2156 4570 contempla-

2260 3310 2351 3362 ἐπὶ
2383 3310 2508 3373 τοὺς
2538 3310 2726 3378 λόγους
2770 3328 2885 3366 σου.

2329 3402 2415 3459 45.
2445 3402 2548 3457 Καὶ
2574 3404 2648 3475 μὴ
2679 3404 2883 3478 ἀφέλῃς
2940 3405 3034 3458 ἀπ’
3059 3404 3192 3475 ἐμοῦ
3236 3405 3335 3476 τὴν
3377 3407 3535 3476 χάριν
3578 3424 3673 3459 σου
3728 3410 3833 3471 Ξως

2258 3495 2462 3558 τέλους,
2486 3495 2566 3547 ὅτι
2590 3497 2647 3548 ἐν
2672 3497 2783 3559 τοῖς
2813 3496 3221 3565 προστάγμασιν
3246 3498 3381 3560 ὅλως
3429 3497 3757 3567 ἐκκέχυμαι.

2327 3584 2414 3638 44.
2438 3584 2542 3638 Kal
2568 3588 2776 3657 ποιήσω
2815 3586 3175 3650 ἀδιαλείπτως
3200 3589 3289 3641 τὸν
3340 3591 3501 3659 νόμον
3536 3606 3630 3642 σου
3692 3591 3831 3659 ἔχων

2256 3676 2415 3728 αὐτὸν
2447 3677 2503 3728 ἐν
2531 3675 2707 3746 ἐαυτῷ
2740 3677 2833 3728 καὶ
2865 3678 2920 3728 tv
2949 3676 3028 3745 τῷ
3058 3676 3171 3739 νῦν,
3209 3679 3302 3731 καὶ
3360 3682 3417 3731 ἐν
3468 3678 3547 3747 τῷ
3583 3680 3829 3749 μέλλσπι

2257 3768 2408 3822 αίῶνι
2419 3811 2430 3823 .

2326 3858 2413 3911 45.
2453 3859 2557 3913 Kal
2580 3859 2940 3930 ἠγαλλιάσατο
2968 3862 3001 3930 ἡ
3056 3860 3246 3929 καρδία
3271 3878 3392 3929 μου,
3432 3862 3513 3913 ὅτι
3544 3862 3825 3932 μεριμκῶν

2260 3950 2648 4025 [ἐμερίμνησα]
2677 3951 2770 4005 τοῦ
2797 3955 2966 4006 ποιεῖν
2993 3953 3053 4005 τὸ
3080 3952 3291 4023 θέλημά
3326 3970 3438 4008 σου.

2324 4040 2414 4095 46.
2445 4044 2553 4095 Kal
2589 4043 2953 4113 ἐμνημόνευον
2988 4045 3046 4095 ἐν
3077 4045 3141 4114 τῇ
3170 4044 3375 4114 διανοίᾳ
3423 4061 3524 4114 μου
3568 4047 3681 4099 ἀπὸ
3719 4047 3827 4100 τῶν

2257 4134 2684 4204 προσταγμάτων
2709 4151 2821 4196 σου,
2854 4136 2947 4188 καὶ
2973 4134 3307 4207 άνθιστάμην
3337 4138 3447 4199 τοῖς
3473 4136 3567 4189 τοῦ
3606 4142 3825 4205 σκότους

2259 4224 2556 4294 βασιλεῦσι,
2587 4226 2681 4277 καὶ
2704 4226 2801 4278 οὐκ
2828 4228 3186 4297 ἐκυριευόμην
3216 4228 3306 4280 ὑπ’
3338 4228 3537 4282 αὐτῶν.

2326 4315 2413 4369 47.
2448 4315 2555 4367 Kal
2577 4316 2635 4368 tv
2657 4318 2721 4386 τῇ
2751 4316 2945 4386 καρδίᾳ
2968 4332 3068 4386 μου
3091 4315 3315 4370 ἐπέλυον
3338 4318 3437 4382 τὰς
3475 4318 3829 4394 Γραφάςηδτι

2256 4407 2455 4477 ἐκκέχυ
2463 4424 2559 4478 μαι
2594 4407 2775 4461 ποθεῖν
2812 4408 2999 4470 αὐτάς.

2324 4499 2409 4552 48.
2442 4500 2547 4551 Kal
2571 4500 2829 4552 ἐνέτεινον
2855 4500 2952 4571 τὴν
2981 4499 3215 4554 διάνοιαν
3244 4501 3339 4573 τῆς
3360 4502 3587 4573 καρδίας
3616 4522 3723 4573 μου
3747 4508 3828 4568 είς

598 4592 798 4646 tionem
832 4592 1235 4662 Scripturarum
1273 4602 1488 4647 tuarum
1510 4632 1525 4656 ,
1560 4610 1697 4665 quas
1731 4594 1918 4659 dilexi,
1946 4605 2001 4649 et
2029 4612 2153 4663 per-
2190 4617 2232 4672 ο
2257 4606 2295 4641 τε

2264 4589 2356 4659 τὴν
2385 4587 2614 4659 θεωρίαν
2641 4589 2747 4642 τῶν
2771 4590 2999 4661 Γραφῶν
3034 4608 3149 4654 σου,
3185 4590 3249 4653 ἃς
3274 4590 3557 4660 ἠγάπησα,
3596 4594 3692 4646 καὶ
3724 4594 3826 4645 ἐπ-

598 4686 773 4737 mansi
801 4685 1036 4751 probans
1063 4684 1444 4754 etdijudicans
1478 4702 1601 4755 qua
1650 4687 1703 4740 in
1754 4688 1863 4741 tuis
1915 4685 2160 4757 Scriptu-

598 4779 675 4828 ris
714 4776 1083 4830 continentur.

666 4866 754 4920 49.
788 4867 1114 4932 Recordare,
1147 4867 1291 4937 quod
1322 4869 1618 4938 promisisti
1665 4870 1907 4925 misereri
1947 4871 2071 4935 mei,
2110 4870 2155 4925 si

597 4958 649 5011 in
674 4957 1017 5013 sermonibus
1046 4961 1154 5013 tuis
1190 4962 1468 5015 versabor.

666 5049 753 5103 50.
778 5048 902 5105 Haec
932 5052 1223 5120 promissio
1250 5062 1340 5109 tua
1365 5056 1645 5109 consolata
1680 5064 1763 5109 cst
1793 5071 1896 5114 me.
1936 5055 2152 5123 quando

598 5156 743 5194 eram
774 5142 826 5195 in
861 5152 1083 5212 peccato
1114 5159 1255 5206 meo,
1292 5147 1548 5215 quoniam
1582 5147 1764 5199 dixisti
1796 5167 1807 5200 :
1848 5146 1985 5199 Nolo
2014 5163 2152 5197 mor-

596 5242 695 5284 tem
715 5233 1026 5298 peccatoris,
1053 5232 1140 5287 sed
1167 5244 1221 5286 ut
1250 5246 1603 5298 convertatur,
1633 5247 1679 5289 et
1706 5238 1839 5289 vivat
1866 5238 1929 5287 ³⁸.

664 5401 753 5455 51.
791 5402 1206 5460 Contomnentes
1238 5417 1500 5475 praecepta
1538 5417 1633 5461 tua
1660 5411 1822 5478 impie
1847 5419 2014 5481 agunt
2062 5426 2152 5464 ns-

596 5508 703 5563 que
733 5495 786 5548 in
816 5494 997 5558 linem,
1026 5514 1123 5565 ego
1145 5508 1323 5551 autem
1355 5514 1384 5553 a
1421 5502 1530 5570 lege
1560 5509 1649 5555 tua
1685 5518 1790 5555 non
1824 5501 2043 5557 recessi.

667 5755 714 5790 ⁸⁸
747 5756 942 5811 Εῑεειι.
979 5772 1170 5824 xm",
1201 5758 1258 5812 11

2258 4680 2452 4750 έμενον
2480 4680 2805 4751 δοκιμάζων,
2837 4681 2929 4734 καὶ
2949 4683 3251 4751 ἀνακρίνων
3273 4683 3415 4753 τᾲξέν
3440 4686 3557 4747 ταῖς
3576 4684 3826 4756 Γραφαῖς

2254 4788 2367 4824 σου.

2321 4862 2410 4916 49.
2451 4861 2755 4933 Μνήσθητι.
2784 4864 2863 4915 ὅτι
2889 4864 3217 4934 ἐπήγγειλας
3243 4864 3409 4927 ἐλεεῖν
3451 4883 3541 4936 με,
3570 4865 3670 4921 ἐὰν
3703 4869 3825 4922 ἐπι-

2258 4954 2556 5025 στρέψωβέν
2586 4958 2698 5019 τοῖς
2723 4955 2901 5024 λόγοις
2924 4960 3047 5010 σου.

2321 5047 2407 5100 50.
2441 5047 2638 5119 Δῦτηή
2672 5048 2969 5116 ἐπαγγελία
2998 5066 3091 5103 σου
3131 5050 3552 5121 παρεμυθήσατό
3581 5068 3673 5121 με,
3694 5054 3825 5107 ὅταν

2251 5139 2397 5207 ἥμην
2432 5138 2489 5189 tv
2515 5142 2578 5208 τῇ
2620 5140 2861 5211 ἁμαρτίᾳ
2894 5158 3015 5210 μου,
3057 5142 3138 5195 ὅτι
3183 5142 3436 5215 εἴρηκας·
3480 5146 3562 5195 Οὐ
3596 5145 3823 5207 βούλο-

2245 5240 2347 5290 μαι
2380 5222 2485 5275 τὸν
2508 5222 2762 5276 θάνατον
2804 5224 2906 5277 τοῦ
2936 5226 3305 5295 ἁμαρταιλοῦ,
3336 5229 3407 5292 ὡς
3457 5228 3520 5280 τὸ
3546 5230 3827 5297 ἐπιστρῶ

2250 5332 2404 5381 gem,
2443 5316 2535 5367 καί
2572 5313 2675 5381 ζῇν
2707 5317 2908 5369 αὐτόν.

2321 5404 2381 5457 51
2433 5406 2495 5457 Οἱ
2520 5405 2916 5470 ἐξουδενοῦντες
2940 5406 3010 5459 τά
3035 5408 3423 5478 προστάγματά
3463 5425 3554 5461 σου
3585 5410 3821 5463 ἀσεϐοῦ-

2258 5514 2339 5547 σιν
2379 5496 2485 5558 ἕως
2518 5497 2729 5561 τέλους·
2774 5496 2883 5566 ἐγὼ
2912 5498 2968 5551 δέ
3000 5498 3106 5552 ἀπὸ
3132 5498 3225 5553 τοῦ
3246 5499 3409 5571 νόμου
3443 5516 3538 5552 σου
3591 5502 3691 5555 οὐκ
3716 5502 3823 5569 ἁφ-

2261 5606 2510 5658 ισταμην.
