4018 6494
223 458 361 516 1185

1075 452 1162 505 DE
1196 449 1469 507 TITULIS
1509 451 1953 509 PSALMORUM.
1989 483 2056 494 —
2095 452 2289 509 PSAL.
2324 452 2558 509 CXVIII.

3304 458 3435 511 I186

290 577 382 633 52.
405 574 709 647 Ἐμνήσθην
739 573 847 628 τῶν
870 590 1150 645 κριματων
1178 591 1268 627 σου
1305 576 1396 627 ἀπ’
1421 574 1634 638 αἰῶνος,
1670 574 1766 627 K6-

1950 575 2038 629 52.
2071 573 2273 629 Memor
2304 574 2379 628 tui
2407 574 2734 644 judiciorum
2769 584 2983 632 tuorum
3021 591 3050 630 a
3081 576 3429 642 περιοψο-

215 685 328 741 pte,
357 668 449 721 καὶ
477 665 845 737 παρεκλήθην.

292 759 380 815 55.
409 758 638 829 Ἀθυμία
664 757 890 827 κατέσχε
915 774 983 828 με
1003 756 1109 811 ἀπὸ
1131 757 1465 829 ἁμαρτωλῶν
1489 759 1597 812 τῶν
1616 759 1778 826 ἐγκα-

212 850 659 922 ταλιμπανόντων
691 850 779 903 τὸν
816 848 980 920 νόμον
1014 867 1127 903 σου.

291 943 380 997 5L
412 940 603 995 Ψαλτά
648 936 785 1012 ἦσάν
818 957 907 1011 μοι
938 939 1006 993 τὰ
1032 939 1371 1011 δικαιώματά
1413 958 1505 994 σου
1539 942 1597 994 ἐν
1630 942 1778 1013 τόπῳ

215 1031 507 1103 παροικίας
545 1049 667 1102 μου.

292 1124 380 1179 55.
404 1122 710 1194 Ἐμνήσθην
745 1125 803 1176 ἐν
841 1123 994 1176 νυκτὶ
1017 1122 1111 1177 τοῦ
1137 1123 1396 1194 ὀνόματός
1430 1141 1545 1188 σου,
1579 1126 1775 1196 Κύριε,

214 1212 312 1265 καὶ
342 1212 580 1281 ἐφύλαξα
603 1212 692 1266 τὸν
718 1211 878 1283 νόμον
906 1228 1018 1265 σου.

289 1304 377 1360 56.
410 1303 556 1376 Αὕτη
590 1304 820 1376 ἐγενήθη
855 1321 964 1374 μοι,
993 1306 1073 1358 ὅτι
1115 1304 1181 1359 τὰ
1208 1303 1546 1377 δικαιώματά
1572 1323 1663 1359 σου
1694 1307 1778 1373 ἐξ-

212 1396 482 1466 εζήτησα.

287 1486 377 1540 57.
410 1484 579 1555 Μερίς
608 1501 706 1554 μου
737 1479 805 1549 εἷ,
832 1482 1023 1555 Κύριε,
1054 1476 1183 1537 εἶπα
1212 1483 1305 1538 τοῦ
1332 1483 1665 1555 φυλάξασθαι
1688 1485 1778 1536 τὸν

211 1575 382 1647 νόμον
409 1592 524 1627 σου.

287 1667 375 1723 58.
399 1666 655 1738 Ἐδεήθην
674 1665 766 1718 τοῦ
784 1664 1073 1737 προσώπου
1106 1683 1199 1718 σου
1226 1668 1282 1720 ἐν
1308 1666 1402 1737 ὅλῃ
1426 1665 1621 1737 καρδία
1650 1682 1775 1735 μου,

209 1759 438 1831 ἐλέησόν
470 1776 536 1829 με
569 1757 707 1811 κατὰ
740 1758 801 1810 τὸ
825 1758 1002 1825 λόγιόν
1037 1775 1151 1811 σου.

285 1853 376 1908 59.
407 1850 802 1921 Διελογισάμην
846 1849 942 1913 τὰς
992 1850 1143 1913 ὁδούς
1184 1867 1296 1917 σου,
1338 1852 1433 1904 καὶ
1473 1850 1777 1921 ἐπέστρεψα

206 1946 339 2008 τοὺς
371 1945 534 2008 πόδας
559 1960 658 2015 μου
698 1945 776 2005 είς
804 1941 868 1995 τὰ
905 1941 1178 2013 μαρτύριά
1208 1960 1321 1996 σου.

286 2034 377 2089 60.
406 2033 792 2104 Ἢτοιμάσθην,
828 2034 920 2087 καὶ
947 2036 1046 2087 οὐκ
1084 2035 1386 2105 ἐταράχθην
1407 2034 1500 2087 τοῦ
1540 2034 1774 2105 φυλάξα-

213 2128 345 2182 σθαι
365 2126 465 2190 τὰς
490 2126 707 2188 ἐντολάς
738 2143 852 2179 σου.

285 2218 375 2271 61.
408 2218 622 2288 Σχοινία
669 2215 1005 2288 ἁμαρτωλῶν
1046 2216 1489 2287 περιεπλάκησάν
1525 2236 1635 2287 μοι,
1679 2220 1773 2271 καί

207 2308 308 2363 τοῦ
328 2310 492 2381 νόμου
528 2327 618 2364 που
650 2311 748 2363 οὐκ
772 2309 1129 2380 ἐπελαθόμην.

282 2398 374 2453 62.
426 2399 788 2454 Μεσονύκτιον
811 2399 1190 2471 ἐξηγειρόμην,
1212 2399 1307 2454 τοῦ
1339 2400 1774 2470 ἐξομολογεῖσθαξ

212 2510 299 2546 σοι
325 2493 419 2547 ἐπὶ
447 2494 516 2547 τά
543 2493 783 2562 κρίματα
814 2492 913 2562 τῆς
940 2490 1282 2562 δικαιοσύνης
1315 2508 1428 2544 σου.

284 2582 376 2637 65.
410 2584 646 2651 Μέτοχος
672 2583 779 2651 ἐγώ
805 2585 919 2653 είμι
956 2582 1170 2635 πάντων
1194 2579 1302 2635 τῶν
1328 2582 1672 2652 φοὸουμένων
1696 2600 1774 2645 σε,

210 2674 307 2726 καὶ
334 2673 442 2727 τῶν
470 2674 845 2743 φυλασσόντων
876 2674 973 2737 τὰς
1002 2673 1217 2737 ἐντολάς
1245 2690 1356 2727 σου.

1882 668 2046 733 mine,
2085 677 2140 722 et
2172 667 2487 722 consolatus
2526 683 2669 721 sum.

1948 759 2037 812 55.
2074 757 2308 813 Defectio
2342 758 2515 813 tenuit
2542 774 2625 811 me
2655 774 2752 828 pro
2784 759 3160 829 peccatoribus
3190 760 3424 814 derelin-

1880 846 2171 916 quentibus
2195 848 2365 913 legem
2398 854 2563 899 luam.

1951 938 2039 991 54.
2072 936 2382 993 Cantabiles
2412 938 2543 991 mihi
2592 948 2745 992 erant
2774 938 3189 1009 iustiﬁcationes
3221 948 3327 995 tua:
3368 941 3425 993 in

1880 1030 1999 1084 loco
2034 1030 2486 1100 peregrinationis
2518 1046 2669 1084 meae.

1952 1122 2039 1176 55.
2080 1121 2283 1175 Memor
2336 1121 2412 1175 fui
2449 1131 2607 1177 nocte
2642 1124 2881 1179 nominis
2915 1122 3030 1187 tui,
3069 1123 3293 1179 Domine
3326 1164 3343 1191 ,
3383 1134 3436 1177 et

1880 1214 2143 1269 custodivi
2167 1214 2337 1284 legem
2375 1224 2544 1267 tuam.

1952 1306 2039 1361 56.
2072 1304 2195 1359 Haec
2227 1304 2365 1360 facta
2398 1315 2482 1361 est
2508 1306 2663 1371 mihi,
2706 1306 2833 1375 quia
2855 1305 3275 1375 justillcationes
3302 1315 3421 1360 tuas

1878 1399 2163 1468 exquisivi.

1948 1490 2038 1544 57.
2062 1489 2244 1543 Portio
2271 1504 2386 1542 mea
2410 1503 2491 1552 es,
2520 1487 2769 1552 Domine,
2816 1488 2931 1543 dixi
2956 1491 3233 1545 custodire
3262 1489 3432 1560 legem

1878 1592 2047 1637 tuam.

1946 1672 2033 1728 58.
2073 1671 2401 1741 Deprecatus
2436 1687 2553 1726 sum
2588 1670 2780 1726 faciem
2822 1682 2967 1727 tuam
3028 1674 3083 1727 in
3128 1683 3238 1728 toto
3268 1673 3431 1729 corde

1877 1776 2019 1827 meo,
2050 1762 2308 1817 miserere
2341 1762 2443 1815 mei
2478 1762 2773 1816 secundum
2807 1763 3084 1831 eloquium
3115 1773 3286 1818 tuum.

1947 1851 2034 1906 59.
2064 1851 2307 1923 Cogitavi
2333 1851 2449 1905 vias
2468 1867 2637 1917 meas,
2666 1862 2719 1907 et
2741 1853 2975 1908 converti
3000 1855 3161 1922 pedes
3192 1870 3340 1909 meos
3374 1856 3427 1907 in

1878 1942 2186 1997 testimonia
2225 1952 2338 1994 tua.

1941 2033 2028 2089 60.
2061 2033 2289 2087 Paratus
2324 2043 2539 2096 sum,et
2568 2048 2671 2087 non
2708 2050 2827 2088 sum
2860 2035 3125 2095 turbatus,
3159 2045 3218 2089 ut
3243 2044 3415 2090 custo-

1871 2126 2014 2179 diam
2046 2126 2296 2179 mandata
2322 2134 2434 2179 tua.

1940 2216 2027 2269 6t.
2066 2214 2243 2269 Fuues
2291 2225 2635 2285 peccatorum
2688 2219 3040 2287 circumplexi
3089 2228 3216 2273 sunt
3247 2232 3429 2284 uie,et

1871 2308 2038 2377 legem
2069 2318 2217 2363 tuam
2242 2325 2348 2363 non
2382 2324 2500 2362 sum
2534 2309 2757 2364 oblitus.

1938 2398 2027 2451 62.
2061 2398 2233 2452 Media
2278 2409 2432 2453 nocte
2478 2398 2784 2469 surgebam,
2820 2399 2884 2453 ad
2930 2401 3293 2455 conﬁtendum
3329 2402 3424 2456 tibi

1870 2505 2033 2559 super
2060 2491 2267 2561 judicia
2299 2490 2714 2560 justiﬁeationis
2744 2501 2869 2546 tuae.

1942 2583 2030 2636 65.
2061 2581 2335 2651 Particeps
2369 2597 2470 2653 ego
2509 2597 2630 2636 sum
2661 2585 2899 2638 omnium
2936 2584 3238 2640 timentium
3268 2594 3339 2651 te,
3370 2594 3425 2640 et

1871 2675 2294 2730 custodientium
2326 2675 2577 2728 mandata
2610 2684 2722 2729 tua.

1342 2807 1707 2863 ATHANASII
1743 2810 2316 2865 INTERPRETATIO.

287 2923 373 2977 52.
411 2923 584 2977 Μόνον
613 2925 668 2977 ἐν
697 2923 771 2993 νῷ
800 2922 976 2977 λαϐὼν
1019 2924 1087 2977 τά
1131 2924 1525 2994 προστάγματά
1560 2941 1673 2986 σου,
1705 2926 1772 2977 τὰ

208 3015 275 3079 ἐξ
299 3016 493 3088 ἀρχῆς,
520 3016 708 3087 Κύριε,
744 3017 989 3087 χαίρεται
1018 3019 1052 3087 ἡ
1078 3017 1270 3088 καρδία
1305 3036 1427 3087 μου.

286 3106 374 3161 55.
409 3107 585 3177 Πολλὴ
620 3106 793 3175 θλίψις
821 3102 931 3177 εἶχέ
960 3124 1046 3176 με,
1074 3108 1198 3160 ὃταν
1227 3107 1409 3179 ἐώρων
1443 3110 1566 3172 τοὺς
1592 3110 1769 3179 ἀμαρ-

207 3199 468 3260 τάνοντας
497 3197 959 3268 καταφρονοῦντας
983 3200 1105 3262 τοὺς
1135 3200 1325 3269 νόμους
1357 3216 1470 3252 σου.

284 3283 372 3382 54..
396 3285 508 3382 ἀεὶ
547 3286 635 3382 ἐν-
658 3286 769 3347 τοῖς
815 3284 1140 3357 ὃικαιὼμασί
1179 3305 1271 3341 σου
1302 3290 1627 3361 ἐτερπόμην,
1663 3289 1763 3362 [ἐν]
1793 3327 1833 3382 C

208 3374 374 3426 παντὶ
400 3373 548 3444 τόπῳ
578 3374 671 3445 τῆς
703 3377 806 3445 γῆς
832 3378 1107 3449 ὑπάρχων.

282 3464 372 3517 55.
407 3464 702 3535 ’Δμαρτίας
750 3484 838 3536 μοι
883 3468 1317 3541 ὑπεισελθούσης,
1366 3470 1657 3541 ἐμνήσθην,
1685 3473 1767 3524 ὅτι

206 3553 343 3617 Θεός
370 3574 471 3625 μου
493 3552 561 3618 εί,
595 3558 686 3609 καὶ
715 3559 955 3629 ἀπέστην
994 3562 1089 3613 ἀπ’
1121 3563 1287 3632 αὐτῆς
1309 3579 1323 3593 θ
1357 3562 1511 3615 τοῦτο
1542 3563 1649 3634 γὰρ
1677 3565 1764 3616 ἐν-

206 3645 399 3698 ελὲίλω
430 3662 520 3715 μοι
548 3647 815 3716 [ἐνετείλω
834 3649 969 3722 μοι].

284 3736 368 3791 56.
402 3737 547 3809 Αὕτη
580 3755 667 3811 μοι
696 3738 914 3810 βοήθεια
940 3742 1193 3815 ὑπῆρξεν,
1222 3744 1302 3797 ὅτι
1339 3744 1408 3798 τά
1430 3745 1766 3817 δικαιώματά

207 3848 305 3884 σου
332 3832 647 3902 ἐπεπόθησα
685 3834 883 3903 μᾶλλον
908 3835 939 3906 ἥ
967 3836 1065 3907 τὴν
1093 3837 1381 3909 ἁμαρτίαν.

281 3920 370 3975 57.
405 3923 476 3978 Σὺ
522 3919 573 3977 εἴ
614 3930 646 3998 ἡ
692 3928 799 3999 ζωή
830 3945 951 3998 μου,
974 3928 1175 4000 Κύριε·
1211 3930 1506 4001 συνεθέμην
1537 3931 1642 4002 γὰρ
1670 3931 1763 3984 τοῦ

205 4011 493 4085 πληρῶσαι
516 4016 607 4068 τὸν
633 4019 793 4088 νόμον
817 4036 926 4074 σου.

279 4102 367 4157 58.
389 4104 641 4178 Ἐδεηθην
673 4109 840 4162 ἐλθεῖν
866 4108 985 4181 [τὴν
1013 4109 1169 4180 χάριν
1194 4110 1331 4181 oon],
1359 4112 1415 4164 ἐν
1445 4114 1542 4185 ὅλῃ
1569 4130 1764 4185 καροια

206 4210 335 4263 μου,
373 4194 589 4265 ἐλέησόν
623 4215 712 4269 με,
742 4200 832 4253 καὶ
857 4201 1168 4254 ἀπόστειλον
1191 4203 1377 4275 αὐτὴν,
1410 4203 1589 4268 καθὼς
1616 4205 1764 4276 είρη-

206 4303 340 4350 ιας’
368 4290 610 4354 Αἰτεῖτε,
634 4292 730 4345 καὶ
764 4290 1078 4359 δοθήσεται
1110 4293 1268 4361 ὑμῖν.

276 4382 365 4437 59.
388 4383 478 4436 Ἑν
511 4383 587 4455 νῷ
610 4384 819 4449 ἔλαϐον,
838 4386 917 4438 ὅτι
942 4388 998 4439 ἐν
1019 4387 1309 4457 ἁμαρτίαις
1333 4386 1648 4458 πορεύομαι,
1672 4389 1760 4441 καὶ

206 4476 548 4545 μετανοήσας
574 4475 872 4545 κατέφυγον
895 4479 972 4541 είς
997 4478 1062 4531 τὰ
1090 4479 1387 4551 παθήματά
1420 4496 1533 4532 σου.

274 4566 365 4619 60.
387 4565 530 4630 Ἕως
553 4566 785 4620 θανάτου
812 4570 1111 4639 ηὐτρέπισα
1136 4569 1230 4642 τὴν
1255 4571 1433 4643 ψυχήν
1462 4590 1561 4642 μου
1598 4574 1676 4635 εἰς
1701 4572 1759 4624 τὸ

1938 2925 2027 2979 52.
2061 2922 2247 2978 Solum
2276 2923 2589 2977 recordatus
2616 2931 3005 2991 praeeptorum
3034 2934 3271 2988 tuorum,
3302 2942 3424 2996 qua

1866 3013 1934 3067 ab
1964 3012 2118 3069 initio
2143 3021 2290 3074 sunt,
2319 3010 2566 3071 Domine,
2590 3012 2826 3066 exsultat
2854 3027 2947 3065 cor
2971 3028 3173 3066 meum.

1936 3105 2023 3159 55.
2054 3103 2219 3160 Multa
2249 3105 2522 3158 tribulatio
2552 3105 2722 3157 tenuit
2744 3120 2848 3165 me,
2875 3120 2997 3158 eum
3026 3106 3268 3159 videbam
3301 3121 3423 3176 pec-

1863 3202 2074 3247 catores
2101 3200 2503 3247 contemnentes
2538 3193 2681 3263 leges
2716 3203 2856 3247 tuas.

1936 3282 2025 3336 54.
2062 3282 2285 3350 Semper
2314 3284 2366 3336 in
2393 3283 2873 3352 justilicatiouibus
2918 3285 3024 3339 tuis
3063 3287 3418 3353 delectabars,

1870 3374 2066 3443 ubique
2096 3381 2359 3428 terrarum
2385 3376 2673 3427 exsistens.

1938 3465 2029 3519 55.
2067 3463 2521 3534 Subingrediente
2570 3466 2621 3517 in
2678 3479 2763 3517 me
2806 3472 3049 3532 peccato,
3106 3468 3382 3523 recordatu

1866 3568 2007 3616 sum,
2034 3556 2174 3622 quod
2205 3554 2344 3609 Deus
2377 3569 2527 3607 meus
2549 3570 2627 3617 es,
2656 3564 2708 3607 et
2734 3554 2915 3608 abstiti
2940 3556 3006 3608 ab
3033 3569 3117 3615 eo.
3146 3556 3247 3612 boc
3273 3559 3415 3612 enim

1866 3645 2162 3715 praecepisti
2189 3645 2341 3699 mihi.

1935 3738 2021 3792 56.
2061 3735 2174 3792 Hoc
2209 3738 2340 3791 mihi
2387 3738 2589 3792 auxilio
2645 3737 2764 3802 fuit,
2824 3739 2967 3808 quod
2995 3740 3411 3808 iustiﬁcationes

1865 3837 1986 3882 tuas
2014 3829 2316 3883 desideravi
2342 3832 2534 3899 magis,
2571 3846 2729 3896 quam
2762 3840 3060 3899 peccatum.

1935 3920 2021 3975 57.
2061 3919 2139 3974 'I'u
2168 3937 2227 3975 es
2260 3921 2366 3973 vita
2396 3936 2542 3984 mea,
2573 3918 2828 3974 Domine:
2856 3921 3110 3990 proposui
3141 3923 3286 3977 enim
3317 3924 3418 3977 im-

1865 4013 2010 4083 plere
2038 4013 2206 4081 legem
2237 4023 2405 4065 tuam.

1935 4105 2022 4159 58.
2056 4103 2383 4173 Deprecatus
2409 4119 2552 4166 sum,
2576 4112 2636 4157 ut
2657 4103 2862 4159 veniret
2887 4106 3057 4174 gratia
3083 4113 3193 4168 tua.
3223 4106 3276 4159 in
3301 4116 3415 4164 toto

1863 4198 2027 4252 corde
2064 4211 2205 4261 meo,
2231 4195 2485 4249 miserere
2528 4196 2656 4259 mei,
2688 4206 2741 4249 et
2774 4196 2925 4251 mitte
2978 4211 3119 4259 eam,
3158 4200 3415 4268 quemad-

1862 4289 2080 4345 modum
2113 4287 2331 4343 dixisti:
2361 4287 2550 4351 Petite,
2583 4300 2631 4341 et
2653 4288 2867 4340 dabitur
2895 4287 3038 4342 vobis
3067 4290 3133 4343 ".

1931 4380 2023 4435 59.
2063 4378 2397 4435 Recordatus
2426 4396 2569 4445 sum,
2603 4381 2746 4448 quod
2795 4380 2849 4433 in
2902 4382 3138 4451 peccatis
3172 4382 3412 4450 ambulo,

1860 4482 1914 4527 et
1937 4473 2204 4541 paenitens
2230 4472 2447 4540 confugi
2477 4472 2542 4525 ad
2576 4472 2859 4540 passiones
2890 4480 3030 4527 tuas.

1929 4562 2017 4617 60.
2053 4561 2233 4632 Usque
2259 4564 2322 4616 ad
2357 4571 2582 4615 mortem
2630 4564 2922 4632 praeparari
2964 4563 3198 4618 animam
3237 4581 3408 4620 meam

202 4655 418 4727 θέλημά
443 4674 555 4719 σου,
585 4660 677 4713 ml
701 4660 798 4713 οὑκ
822 4656 889 4729 ἦν
920 4676 1010 4731 μοι
1036 4662 1291 4733 δυσχερὲς
1313 4662 1371 4715 τὸ
1402 4662 1637 4735 πληροῦν
1659 4662 1757 4726 τὰς

1862 4660 1913 4714 ίη
1948 4662 2273 4717 voluntatem
2305 4669 2474 4722 tuam,
2502 4673 2681 4716 etnon
2719 4670 2833 4714 erat
2867 4660 2995 4713 IIIIIII
3050 4661 3260 4717 ditlicile
3312 4664 3416 4717 im-

200 4748 423 4812 ἐντολάς
457 4765 573 4804 σου.

271 4839 364 4896 61.
410 4841 673 4911 Λογισμοὶ
712 4841 821 4895 τῶν
858 4844 1111 4898 ἐναντίων
1139 4844 1419 4914 δυνάμεων
1451 4848 1528 4910 είς
1576 4845 1761 4899 ἐπιθυ-

200 4931 334 5003 μίας
368 4931 753 5003 ὑπεισήρχοντό
774 4950 893 5002 μοι·
919 4936 1281 5007 ἐμνημόνευον
1304 4936 1430 5006 γάρ,
1453 4937 1532 4990 ὅτι
1560 4937 1608 4989 οἱ
1631 4952 1761 5005 πορ-

197 5026 487 5089 νεύσαντες
512 5028 568 5079 ἐν
600 5029 710 5091 τοῖς
737 5028 1135 5098 κατακλυσμοῖς
1156 5026 1448 5093 ἀπώλοντο,
1474 5031 1565 5082 καὶ
1588 5031 1635 5084 οί
1661 5031 1757 5082 Σο-

194 5118 414 5189 δομῖται
441 5116 779 5190 ἐθραύθησαν
809 5118 1281 5191 [συνεκαύθησανῙ.

266 5208 358 5262 62.
381 5211 545 5262 Ὅταν
589 5209 786 5273 πάντες
832 5209 981 5281 ὕπνῳ
1022 5211 1346 5281 κατείχοντο,
1383 5209 1491 5279 ἐγὼ
1518 5212 1759 5282 νηφούσῃ

192 5301 261 5368 τῇ
295 5300 500 5371 διανοίᾳ
525 5299 921 5371 παριστάμενος
951 5300 1233 5371 ἐλάτρευόν
1277 5319 1359 5354 σοι
1406 5302 1467 5355 ἐν
1503 5300 1755 5370 ψαλμοῖς,

194 5390 291 5443 καὶ
316 5388 526 5459 ὕμνοις,
556 5392 647 5445 καὶ
674 5391 836 5461 ᾠδαῖς
872 5394 1285 5462 πνευματικαῖς.

265 5477 355 5533 65.
377 5480 544 5550 ὐρῶν
558 5480 783 5534 ἕκαστον
794 5480 903 5534 τῶν
922 5481 1350 5553 εύαρεστούντων
1369 5502 1474 5547 σοι,
1494 5484 1749 5555 σημειοῦ-

198 5584 320 5635 μαι,
363 5567 479 5630 πῶς
506 5568 729 5633 ἕκαστος
755 5568 931 5623 αὐτῶν
964 5571 1320 5637 πολιτεύεται,
1360 5575 1452 5625 καὶ
1484 5574 1574 5641 ἀφ’
1626 5575 1750 5626 ἐκά-

197 5673 323 5711 στου
361 5657 547 5727 κρατῶ
590 5662 719 5730 παρ’
747 5659 985 5731 ἐμαυτῷ,
1030 5661 1261 5715 ἐκτελῶν
1308 5663 1439 5717 αὐτὸ
1485 5663 1559 5726 ὡς
1610 5664 1750 5716 ἐκεῖ-

195 5766 302 5812 νος.

258 5866 303 5898 "
333 5862 522 5919 Matth.
551 5879 648 5929 vn,
678 5864 708 5916 ’1

1857 4754 2003 4822 plere
2034 4761 2291 4822 praecepta
2324 4760 2433 4805 tua.

1927 4845 2015 4898 6|.
2046 4843 2427 4914 Suggestiones
2449 4842 2844 4897 contrariarum
2876 4852 3199 4911 potestatum
3227 4844 3290 4897 ad
3315 4861 3411 4899 ex-

1856 4936 2107 4991 citandas
2155 4938 2476 5006 cupiditates
2513 4935 2565 4987 in
2603 4950 2686 4987 me
2720 4934 3083 5007 sbingressze
3117 4944 3287 4989 sunt:
3326 4952 3409 4989 re-

1855 5029 2105 5081 cordatus
2128 5038 2306 5082 autem
2333 5044 2474 5093 sum,
2511 5026 2655 5097 quod
2690 5026 3060 5080 adulterantes
3102 5026 3154 5079 in
3202 5026 3407 5081 diluvuo

1858 5120 2153 5190 perierunt,
2192 5130 2242 5174 et
2274 5118 2566 5174 Sodomita:
2597 5117 2927 5172 concremati
2956 5128 3099 5171 sunt.

1921 5213 2007 5265 62.
2034 5212 2168 5265 Cum
2198 5228 2387 5268 omnes
2432 5226 2625 5266 somno
2676 5210 3094 5273 detinebantur,
3131 5226 3224 5280 ego
3256 5211 3403 5281 vigili

1853 5314 2029 5359 mente
2062 5315 2247 5359 astans
2279 5304 2577 5359 serviebam
2628 5303 2722 5357 tibi
2757 5304 2808 5356 in
2840 5303 3083 5371 psalmis,
3114 5315 3168 5356 et
3190 5303 3406 5373 hymnis

1852 5403 1905 5449 et
1928 5396 2153 5449 canticis
2178 5396 2572 5464 spiritualibus.

1925 5484 2012 5539 65.
2042 5484 2299 5554 Spectans
2321 5486 2579 5556 singulos,
2616 5488 2707 5555 qui
2752 5489 2961 5557 placent
2992 5486 3085 5539 tibi
3105 5526 3119 5549 ,
3150 5483 3401 5543 observo.

1855 5576 2125 5645 quomodo
2156 5576 2383 5645 quisque
2411 5593 2599 5632 eorum
2627 5580 2789 5631 vitam
2837 5576 3088 5637 instituit,
3122 5586 3175 5629 et
3221 5589 3251 5627 a
3290 5574 3407 5627 sin-

1855 5665 1993 5734 gulis
2016 5666 2217 5734 aliquid
2244 5666 2512 5734 accipiens
2538 5674 2693 5721 teneo
2739 5666 2880 5737 apud
2933 5682 3017 5721 me
3057 5666 3253 5734 ipsum,
3280 5677 3406 5733 per—

1854 5770 2017 5827 agens
2047 5755 2145 5810 boc
2173 5756 2367 5825 ipsum,
2393 5756 2532 5810 sicut
2562 5756 2669 5811 ille.
