4018 6438
622 351 755 405 1187

1455 349 1512 404 S.
1553 348 1916 402 ATIlAN.-\Sll
1955 347 2104 404 Ol‘P.
2142 350 2322 406 PARS
2365 351 2449 406 Ill.
2494 382 2562 392 —
2599 351 3014 410 EXEGETICA.

3705 352 3845 406 1188

687 473 776 524 64.
815 468 1175 524 Misericordia
1210 476 1324 530 tua,
1361 467 1607 531 Domine,
1644 469 1798 537 plena
1843 475 1927 523 est
1977 477 2116 523 terra
2149 509 2165 534 ,
2199 475 2235 530 Α

2337 469 2422 524 61.
2452 471 2556 524 Τοῦ
2579 469 2758 534 ἐλέους
2788 489 2899 534 σου,
2917 472 3111 543 Κύριε,
3135 471 3346 542 πλήρης
3364 473 3398 541 ἡ
3422 471 3515 541 γῆ,
3535 471 3607 525 τὰ
3625 471 3846 525 δικαιὼ-

613 561 1027 630 juStiticationes
1055 570 1177 612 tuas
1207 558 1340 614 doce
1370 574 1473 611 me.

688 648 777 705 65.
814 651 1115 703 Bonitatem
1165 649 1334 703 fecisti
1385 666 1506 703 cum
1567 666 1723 703 servo
1763 661 1891 714 tuo,
1928 649 2174 715 Domine,

619 744 915 798 secundum
954 742 1174 794 verbum
1214 751 1388 794 tuum.

687 837 774 888 66.
809 833 1129 894 Boiiitatem,
1163 841 1218 885 et
1249 832 1613 900 disciplinam,
1641 842 1693 884 et
1718 833 2000 886 scientiam
2037 833 2171 889 doce

619 944 724 984 me.
756 929 879 993 quia
913 926 1178 979 mandatis
1220 925 1326 978 tttis
1355 925 1580 977 credidi.

688 1020 774 1071 67.
814 1019 1138 1087 Priusquam
1168 1019 1480 1071 liumiliarer
1508 1036 1606 1086 ego
1634 1018 1856 1088 deliqui,
1887 1026 2168 1088 propterea

619 1111 892 1179 eloquium
919 1121 1071 1165 tuum
1096 1111 1383 1165 custodiri.

687 1200 774 1255 68.
806 1202 987 1255 Bonus
1009 1219 1066 1255 es
1091 1213 1166 1264 tu,
1192 1210 1246 1254 et
1274 1202 1325 1254 in
1355 1202 1592 1256 bonitate
1612 1212 1705 1256 tua
1738 1202 1872 1256 doce
1896 1217 1980 1256 me
2010 1201 2174 1269 justi-

618 1294 894 1345 licationes
927 1301 1065 1346 tuas.

687 1384 774 1437 69.
809 1383 1158 1452 Multiplicata
1188 1393 1270 1438 est
1297 1400 1460 1452 super
1504 1400 1588 1437 me
1617 1385 1874 1453 iniquitas
1907 1385 2170 1455 superbo-

618 1490 770 1528 rum:
807 1491 906 1542 ego
943 1485 1122 1528 autem
1147 1479 1199 1529 in
1228 1484 1339 1529 toto
1370 1476 1531 1529 corde
1556 1490 1676 1528 meo
1704 1476 1991 1530 scrutabor
2021 1492 2173 1530 man-

616 1567 739 1618 data
776 1575 887 1618 tua.

690 1657 772 1710 70.
809 1658 1162 1726 (Joagulatutn
1208 1668 1293 1712 est
1337 1659 1480 1712 sicut
1528 1659 1611 1712 lac
1665 1675 1758 1713 cor
1805 1675 1994 1714 eorum
2026 1677 2040 1714 :
2069 1673 2170 1729 ego

619 1762 745 1798 vero
773 1747 939 1816 legem
975 1758 1119 1801 tuam
1152 1750 1438 1804 meditatus
1467 1766 1610 1803 sum.

689 1835 773 1886 'll.
816 1835 1018 1889 Bonum
1047 1838 1199 1902 mibi,
1228 1840 1353 1907 quia
1383 1839 1675 1893 ltuntiliasti
1705 1856 1808 1902 me,
1854 1850 1911 1894 ut
1963 1841 2168 1895 discam
2206 1831 2242 1884 Β

619 1927 1029 1994 iustiﬁcationes
1053 1937 1196 1982 tuas.

689 2019 773 2072 72.
812 2019 1015 2074 Bonum
1046 2022 1174 2074 mibi
1205 2023 1287 2076 lex
1314 2023 1424 2077 oris
1457 2023 1556 2087 tui,
1588 2039 1749 2090 super
1791 2024 1955 2077 millia
1989 2025 2177 2078 auriet

620 2110 848 2176 argenti.

692 2197 776 2249 75.
803 2197 994 2253 Manus
1030 2207 1133 2253 tua:
1165 2199 1409 2254 fecerunt
1435 2217 1539 2264 me,
1567 2211 1620 2255 et
1640 2202 2044 2271 plasmaverunt
2070 2218 2174 2268 ttte,

618 2286 682 2342 da
720 2288 848 2341 mihi
877 2289 1222 2353 intellectum,
1253 2303 1304 2346 et
1333 2294 1537 2346 discam
1568 2295 1816 2346 mandata
1852 2303 1964 2346 tua.

691 2379 775 2433 74.
818 2381 918 2447 Qui
971 2384 1158 2436 timent
1181 2393 1232 2436 te
1261 2385 1514 2437 videbunt
1566 2402 1671 2449 me,
1711 2396 1763 2440 et
1797 2387 2162 2441 lmtalmntur:

613 2471 744 2539 quia
779 2472 831 2525 in
863 2473 1022 2527 verba
1053 2482 1144 2526 tua
1175 2476 1575 2544 supersperavi.

2282 561 2428 632 ματὰ
2457 579 2547 616 σου
2573 561 2779 627 δίδαξόν
2808 581 2896 632 με.

2471 653 2826 724 Χρηστότητα
2871 653 3132 724 ἐποίησας
3180 651 3316 723 μετὰ
3358 654 3452 705 τοῦ
3497 653 3691 706 δούλου
3729 671 3846 716 σω,

2276 743 2465 814 Κύριε,
2499 744 2641 797 κατὰ
2670 745 2760 796 τὸν
2787 744 2942 812 λόγον
2973 761 3086 796 σου.

2342 836 2429 888 66.
2463 835 2838 906 Χρηστότητα,
2868 835 2961 888 καὶ
2983 835 3244 900 παιδείαν,
3272 835 3366 887 καὶ
3397 837 3603 902 γνῶσιν
3635 836 3844 900 δεδαξσίν

2277 944 2366 996 με,
2397 928 2477 979 ὅτι
2501 929 2617 989 ταῖς
2650 926 2887 991 ἐντολαῖς
2914 945 3006 980 σου
3035 927 3348 980 ἐπίστευσα.

2343 1019 2428 1072 67.
2462 1019 2573 1090 Πρὸ
2598 1019 2692 1072 τοῦ
2725 1037 2790 1090 με
2825 1019 3221 1089 ταπεινωθῆναι
3262 1017 3371 1087 ἐγὼ
3416 1016 3840 1086 ὲπλημμὲλησα.

2272 1106 2359 1158 διὰ
2387 1106 2540 1160 τοῦτο
2567 1107 2626 1159 τὸ
2661 1106 2838 1175 λόγιόν
2874 1125 2967 1160 σου
3002 1107 3259 1175 ἐφύλαξα.

2343 1198 2430 1252 68.
2461 1199 2704 1269 Χρηστὸς
2753 1195 2804 1251 εἷ
2848 1203 2933 1262 σὺ,
2967 1200 3158 1270 Κύριε,
3189 1200 3281 1251 καὶ
3322 1201 3379 1251 ὲν
3408 1201 3474 1269 τῇ
3511 1199 3842 1268 χρηστότητξ

2274 1306 2367 1342 σου
2396 1289 2602 1353 δίδαξον
2631 1308 2697 1360 με
2729 1290 2796 1343 τὰ
2829 1290 3169 1359 δικαιώματά
3194 1307 3308 1342 σου.

2343 1381 2430 1434 69.
2457 1381 2793 1452 Ἐπληθύνθη
2823 1383 2909 1434 ἐπ’
2939 1382 3036 1450 ἐμὲ
3077 1382 3258 1434 ἀδικία
3291 1382 3659 1452 ὑπερηφάνων
3681 1398 3695 1410 °
3737 1383 3844 1447 ἐγὼ

2272 1473 2328 1526 δὲ
2353 1474 2409 1525 ἓν
2441 1474 2534 1543 ὅλῃ
2569 1474 2760 1544 καρδία
2792 1492 2891 1543 μου
2920 1474 3254 1544 ὲξερευνήσω
3279 1473 3376 1535 τὰς
3401 1474 3621 1535 ἐντολάς
3653 1489 3772 1526 σου.

2343 1654 2428 1706 70.
2452 1652 2727 1723 Ἐτυρὼθη
2751 1653 2825 1716 ὡς
2859 1653 2998 1721 γάλα
3029 1653 3061 1723 ἢ
3084 1653 3279 1723 καρδία
3305 1651 3509 1705 αὐτῶν·
3540 1651 3655 1718 ἐγὼ
3673 1651 3734 1702 δὲ
3756 1669 3842 1702 τον

2271 1743 2435 1814 νόμον
2462 1761 2554 1795 σου
2583 1744 2814 1813 ἐμελέτη
2820 1761 2906 1796 σα.

2343 1837 2425 1887 7!.
2451 1836 2674 1903 Ἀγαθὸν
2709 1853 2817 1905 μοι,
2847 1836 2928 1888 ὅτι
2953 1834 3320 1899 ἑταπείνωσάς
3348 1852 3435 1904 με,
3462 1835 3612 1896 ὅπως
3645 1833 3715 1886 ἂν
3743 1835 3843 1902 μα-

2277 1926 2351 1980 θω
2382 1926 2447 1979 τα
2469 1925 2815 1997 δικαιώματὰ
2852 1944 2968 1980 σου.

2345 2018 2431 2070 7'2.
2456 2018 2680 2083 Ἀγαθός
2715 2036 2803 2087 μοι
2825 2019 2852 2070 ό
2878 2017 3038 2088 νόμος
3064 2016 3156 2070 τοῦ
3188 2016 3447 2087 στόματός
3472 2033 3567 2069 σου
3602 2016 3749 2086 ὑπὲρ
3773 2034 3844 2085 χι-

2274 2108 2455 2172 λιάδας
2485 2109 2705 2179 χρυσίου
2740 2111 2832 2162 καὶ
2853 2109 3139 2179 ἀργυρίου.

2343 2199 2431 2250 75.
2464 2201 2526 2251 Αἱ
2549 2199 2726 2269 χεῖρές
2760 2215 2852 2250 σου
2876 2198 3134 2268 ἐποίησάν
3169 2214 3270 2267 με,
3313 2197 3407 2250 καὶ
3449 2195 3701 2248 ἔπλασαν
3752 2211 3840 2264 με,

2271 2291 2542 2343 συνέτισὸν
2576 2308 2663 2361 με,
2696 2291 2789 2344 καὶ
2825 2291 3135 2360 μαθήσομαι
3159 2290 3258 2352 τὰς
3291 2289 3512 2348 ἐντολάς
3538 2305 3658 2340 σου.

2351 2383 2436 2435 74.
2469 2384 2530 2434 Οἱ
2565 2381 2887 2452 φοϐούμενοί
2913 2399 2972 2434 σε
2997 2381 3213 2450 δψονταί
3258 2397 3353 2450 με,
3394 2380 3488 2432 καὶ
3524 2376 3841 2448 εὐφρανθή-

2277 2492 2477 2538 σονται,
2512 2476 2592 2527 ὅτι
2625 2476 2702 2536 είς
2719 2476 2844 2537 τοὺς
2867 2473 3058 2542 λόγους
3092 2490 3185 2526 σου
3211 2472 3505 2543 ὲπήλπισα.

1741 2588 2108 2642 ΑτιιΑΝΑειι
2148 2583 2720 2642 INTERPRETATIO.

691 2695 778 2750 64.
808 2692 924 2748 Νοη
951 2705 1033 2749 est
1068 2698 1247 2763 homo,
1285 2699 1440 2767 cujus
1474 2715 1579 2753 non
1630 2701 1958 2762 miserearis.
2013 2710 2175 2771 atque

614 2786 778 2840 etiam
813 2787 912 2838 mei
944 2786 1305 2855 misereberis,
1331 2799 1384 2843 et
1404 2791 1624 2844 docebis
1642 2808 1726 2845 me
1753 2792 2174 2862 justiticationes

617 2888 758 2930 ιυςις.

688 2970 777 3022 63.
810 2970 1035 3024 Omnem
1073 2981 1216 3024 tuam
1251 2973 1544 3026 bonitatem
1579 2973 1867 3044 implevisti
1923 2976 1978 3032 in
2036 2993 2120 3034 me
2155 3019 2171 3044 ,

620 3062 1069 3127 quemadmodum
1096 3064 1223 3116 milii
1252 3066 1563 3133 promisisti.

689 3150 773 3202 66.
815 3151 1162 3216 Cliaritatem,
1187 3166 1240 3208 et
1270 3157 1640 3221 limnilitatem,
1665 3169 1717 3212 et
1747 3158 1996 3215 virtutem
2022 3159 2173 3217 Scri-

619 3251 896 3309 pturarum
935 3253 1144 3297 tuarum
1170 3247 1308 3300 scire
1342 3264 1425 3300 me
1455 3264 1549 3316 per
1586 3251 1812 3321 gratiam
1853 3262 1998 3305 tuam
2040 3269 2171 3306 con-

618 3334 746 3385 cede
779 3335 929 3394 tnilii,
959 3335 1086 3402 quia
1113 3337 1315 3390 credidi
1357 3340 1499 3405 quod
1539 3348 1622 3390 est
1675 3341 1962 3396 retributio
2009 3343 2174 3410 justis

617 3433 780 3488 atque
815 3422 1051 3489 injuslis.

688 3514 774 3564 67.
811 3512 1127 3583 Priusquam
1179 3515 1474 3583 subjicerer
1520 3517 1611 3570 tibi
1647 3559 1662 3582 ,
1697 3534 1796 3588 ego
1838 3519 1889 3573 in
1925 3529 1974 3574 te
2004 3522 2168 3576 multa
2200 3500 2239 3558 ε

620 3606 854 3671 peccavi,
884 3616 1158 3674 propterea
1209 3624 1369 3674 nunc,
1401 3610 1544 3678 quod
1571 3609 1876 3680 praecepisti
1897 3613 2051 3675 mihi,
2078 3629 2171 3668 cu-

618 3696 831 3748 stodivi.

686 3786 772 3838 68.
805 3786 982 3840 Bonus
1007 3802 1086 3849 es,
1124 3787 1433 3848 Domine,et
1461 3789 1512 3841 in
1542 3790 1744 3858 Spiritu
1773 3800 1866 3844 tuo
1898 3790 2040 3846 bono
2071 3793 2170 3847 d0-

617 3892 676 3928 ce
704 3878 1215 3945 mejustiticaliones
1260 3891 1378 3933 tuas
1408 3891 1460 3934 et
1490 3897 1814 3951 cognoscere
1839 3894 1892 3937 ct
1926 3884 2122 3938 facere.

687 4061 771 4115 69.
803 4062 1084 4116 Multitudo
1111 4063 1463 4132 cupiditatum
1519 4076 1570 4118 et
1619 4065 2007 4135 cogitationum
2055 4066 2170 4118 dia-

617 4149 908 4203 bolicarum
946 4151 1102 4202 irruit
1129 4151 1180 4203 in
1211 4168 1324 4204 me:
1356 4167 1455 4218 ego
1479 4163 1655 4205 autem
1689 4169 2030 4222 nequaquam
2062 4163 2171 4206 tra-

613 4238 722 4288 didi
757 4238 806 4289 iu
835 4238 977 4306 ipsas
999 4255 1093 4291 cer
1123 4256 1320 4304 meum,
1355 4257 1478 4294 nam
1523 4251 1754 4295 mentem
1796 4259 1969 4296 meam
2005 4244 2169 4297 babe-

618 4331 736 4382 bam
771 4331 821 4382 in
847 4332 1126 4399 praeceptis
1154 4334 1280 4386 tuis.

686 4421 770 4474 70.
800 4422 1132 4476 ()bduratum
1161 4432 1240 4476 est
1271 4439 1363 4478 cor
1391 4440 1602 4489 eorum,
1639 4441 1739 4496 ego
1788 4436 1968 4481 autem
2017 4443 2168 4481 men-

615 4523 717 4565 tem
749 4529 919 4566 meam
949 4515 1001 4567 in
1029 4515 1219 4567 timore
1251 4523 1342 4567 tuo
1373 4515 1567 4569 habeo.

683 4604 767 4656 7|.
795 4603 1000 4656 Bonum
1030 4606 1182 4668 mihi,
1217 4605 1361 4675 quod
1405 4605 1806 4661 mansuefecisti
1837 4621 1933 4661 cor
1965 4623 2163 4670 meum,

615 4709 670 4749 ut
699 4695 961 4763 excipiam
994 4699 1218 4768 gratiam
1249 4709 1417 4750 tuam.

684 4787 768 4839 72.
806 4786 963 4840 Bome
989 4788 1116 4839 Illllll
1147 4797 1272 4840 sunt
1295 4789 1514 4851 divitia,
1547 4803 1684 4857 quas
1711 4789 1901 4842 dedisti
1927 4788 2060 4842 mihi
2084 4789 2165 4840 di-
2201 4825 2240 4877 υ

614 4893 740 4929 ecus
764 4895 776 4930 :
797 4879 1024 4944 Accipite
1046 4877 1298 4945 Spiritum
1324 4890 1561 4933 sanctum
1579 4880 1750 4949 “,qui
1781 4896 1944 4948 super
1975 4895 2164 4933 omnes

612 4968 938 5027 divitiasest.
955 4965 1368 5038 quasqnispiam
1392 4987 1628 5039 unquam
1649 4971 1826 5024 animo
1841 4971 2165 5038 conceperit.

685 5059 768 5109 75.
807 5057 885 5110 Tu
917 5061 984 5112 ab
1011 5060 1181 5120 initio,
1210 5079 1329 5114 cum
1365 5078 1464 5132 ego
1496 5063 1666 5114 lutum
1701 5077 1899 5122 essem.
1927 5071 1979 5115 et
2004 5073 2168 5123 terra.

613 5147 854 5203 formasti
889 5167 970 5203 me
1000 5153 1289 5205 secundum
1315 5163 1458 5206 tuam
1498 5154 1815 5223 imaginem,
1869 5162 1921 5206 et
1971 5155 2169 5206 simili-

612 5241 874 5304 tudinem,
904 5252 957 5295 et
985 5259 1126 5296 nunc
1163 5255 1473 5312 corruptum
1508 5261 1602 5298 cor
1658 5261 1834 5296 tneum
1867 5261 1894 5297 a
1940 5245 2170 5298 terrenis

612 5333 1060 5400 rmicupiswntiis
1090 5351 1280 5388 renova
1315 5336 1463 5400 illud,
1487 5345 1538 5389 ct
1573 5335 1677 5402 fac,
1712 5352 1833 5389 cum
1863 5347 1951 5389 tua
1983 5337 2160 5404 imago

613 5426 700 5486 sit,
736 5435 791 5478 ut
821 5426 1014 5478 habeat
1043 5426 1093 5479 in
1131 5443 1188 5481 se
1221 5428 1473 5497 inscripta
1510 5440 1771 5499 praecepta
1808 5438 1925 5482 tua.

681 5518 767 5570 74.
807 5517 987 5572 Sancti
1040 5520 1115 5573 tui
1150 5531 1201 5573 et
1252 5535 1439 5576 onmes
1487 5522 1661 5592 angeli
1695 5522 1770 5576 tui
1803 5521 2150 5575 exsultabunt

617 5609 850 5662 videntes
885 5611 1024 5679 quod
1061 5627 1143 5664 me
1174 5614 1441 5681 pamituit.

681 5720 724 5749 ‘°
751 5718 905 5772 Joan.
938 5738 1024 5779 xx.
1052 5721 1137 5772 ‘20.

2340 2702 2427 2754 (il.
2464 2701 2575 2752 Οὐκ
2604 2699 2748 2752 ἔστιν
2771 2697 3074 2768 ἄνθρωπος,
3095 2697 3154 2748 δν
3181 2694 3280 2746 οὐκ
3307 2694 3494 2756 ἐλεεῖς,
3516 2693 3666 2764 κάμὲ
3688 2695 3849 2764 ἕλετ’,-

2270 2811 2412 2856 σειςν
2437 2794 2529 2845 καὶ
2559 2789 2786 2854 διδάξεις
2818 2807 2884 2860 με
2908 2789 2977 2842 τὰ
3000 2785 3340 2856 δικαιώματα
3368 2802 3480 2837 σου.

2338 2969 2425 3023 65.
2454 2969 2638 3021 Πᾶσαν
2658 2966 2756 3038 τὴν
2777 2967 3129 3037 ἁγαθωσὺνην
3153 2984 3244 3019 σου
3265 2965 3590 3035 ὲπλήρωσας
3613 2967 3703 3027 εἰς
3719 2966 3851 3034 ἐμὲ,

2270 3061 2448 3124 καθὼς
2483 3061 2791 3132 ἐπηγγείλω
2821 3078 2927 3130 μοι.

2339 3154 2427 3207 66.
2450 3153 2716 3223 Ἀγάπην,
2746 3151 2840 3205 καὶ
2866 3151 3208 3211 ταπείνωσιν,
3236 3151 3327 3202 καὶ
3356 3149 3452 3217 τὴν
3479 3150 3720 3220 δύναμιν
3737 3147 3849 3200 τῶν-

2270 3245 2498 3315 Γραςςῶν
2534 3263 2624 3297 σου
2654 3243 2849 3296 ειδέναι
2889 3260 2955 3312 με
2986 3241 3073 3294 διὰ
3100 3241 3194 3311 τῆς
3222 3243 3436 3311 χάριτός
3469 3259 3567 3294 σου
3599 3241 3847 3312 δώρησαί

2275 3356 2382 3408 μοι,
2428 3338 2507 3389 ὅτι
2553 3336 2864 3398 ἐπίστευσα,
2899 3336 2979 3387 δτι
3027 3335 3170 3386 ἔστιν
3219 3334 3578 3396 ἁνταπόδοσις
3618 3335 3846 3386 δικαίων

2273 3430 2366 3481 καὶ
2395 3428 2614 3482 ἀδίκων.

2342 3521 2429 3574 67.
2456 3520 2566 3589 Πρὸ
2600 3517 2694 3571 τοῦ
2740 3535 2805 3588 με
2837 3514 3169 3586 ὑποταγῆναί
3197 3532 3297 3576 σοι,
3328 3513 3438 3580 ἐγὼ
3481 3515 3563 3576 ei;
3591 3514 3652 3566 σέ
3677 3514 3846 3566 πολλὰ

2271 3614 2536 3683 ἥμαρτον,
2558 3611 2643 3663 διὰ
2669 3610 2824 3662 τοῦτο
2847 3609 2937 3661 νῦν
2967 3611 3103 3677 ὅπερ
3132 3605 3377 3660 ἐνετείλω
3408 3605 3809 3675 μοι,ὲςςύλαξ,ι.

2340 3788 2428 3841 68.
2450 3786 2676 3853 Ἀγαθὸς
2704 3781 2774 3844 εἴ.
2811 3785 3001 3855 Κῦριε,
3030 3783 3124 3835 καὶ
3149 3784 3205 3834 ὲν
3233 3781 3308 3852 τῷ
3333 3781 3616 3852 Πνεὺματί
3644 3800 3745 3834 σου
3769 3778 3844 3852 τῷ

2271 3878 2457 3948 ἀγαθῷ
2489 3877 2694 3943 δίδαξόν
2728 3894 2795 3947 με
2819 3877 2886 3929 τὰ
2909 3873 3248 3944 δικαιώματὰ
3270 3891 3384 3938 σου,
3411 3875 3507 3926 καὶ
3524 3874 3840 3941 γινώσκειν,

2271 3973 2364 4026 καὶ
2397 3975 2587 4024 ποιεῖν.

2338 4063 2426 4116 69.
2462 4062 2667 4133 Πλῆθος
2697 4057 2994 4128 ἐπιθυμιῶν
3019 4057 3111 4109 καὶ
3145 4056 3494 4125 ἐνθυμήσεων
3515 4055 3847 4107 διαδολικῶν

2270 4156 2470 4223 ἐπέστη
2505 4171 2593 4223 μοι
2611 4167 2625 4180 ⁸
2653 4149 2762 4218 ἐγὼ
2787 4150 2843 4202 δὲ
2875 4149 2994 4200 οὐδὲ
3018 4148 3152 4209 ὅλως
3181 4146 3420 4211 ἐξέδωκα
3450 4147 3533 4207 εἰς
3571 4146 3718 4197 αὐτὰ.
3744 4146 3847 4210 try

2270 4247 2494 4316 καρδίαν
2539 4261 2676 4314 μου·
2712 4243 2810 4312 τὴν
2857 4241 2961 4312 γὰρ
2993 4238 3228 4293 διάνοιάν
3277 4255 3378 4308 μου
3416 4232 3564 4306 εἶχον
3608 4238 3692 4299 εις
3743 4248 3841 4298 τα,

2269 4338 2485 4399 ἐντολάς
2516 4354 2629 4389 σου.

2341 4429 2426 4482 70.
2451 4427 2810 4496 Ἐσκλήρυται
2837 4423 2869 4492 ἡ
2896 4421 3091 4491 καρδία
3123 4419 3320 4480 αὐτῶν,
3351 4419 3462 4488 ἐγὼ
3493 4419 3550 4472 δὲ
3590 4419 3693 4490 τὴν
3725 4418 3842 4470 διεὶι

2269 4518 2412 4571 νοιαν
2449 4533 2547 4586 μου
2573 4517 2650 4578 εἰς
2684 4514 2772 4566 τὸν
2808 4513 2970 4580 φόϐον
3004 4528 3097 4563 σου
3134 4510 3260 4578 ἔχω.

2340 4610 2424 4661 71.
2452 4607 2678 4676 Ἀγαθόν
2719 4622 2829 4675 μοι,
2865 4604 2946 4656 δτι
2984 4603 3257 4673 ὲπράῡνας
3297 4602 3397 4669 τὴν
3446 4601 3674 4673 καρδίαν
3710 4619 3838 4669 μου,

2268 4702 2411 4762 ὅπως
2435 4700 2499 4752 ἂν
2524 4698 2759 4768 δέξωμαι
2783 4696 2883 4768 τὴν
2910 4695 3069 4766 χάριν
3095 4711 3212 4745 σου.

2340 4791 2423 4843 72.
2450 4789 2675 4857 Ἀγαθός
2722 4805 2812 4860 μοι
2855 4789 2885 4840 ὁ
2933 4786 3157 4846 πλοῦτος
3181 4784 3240 4836 ὃν
3265 4782 3468 4845 ἔδωκάς
3505 4799 3592 4852 μοι
3622 4783 3800 4849 λέγων
3819 4799 3835 4813 ο

2271 4883 2482 4936 Λάϐετε
2511 4881 2748 4949 Πνεῦμα
2780 4879 2947 4947 ἄτιον
2975 4877 3112 4947 ὑπὲρ
3147 4876 3320 4929 πάντα
3357 4874 3607 4936 πλοῦτον,
3642 4875 3702 4926 ὃν
3741 4876 3838 4926 ἐὰν

2266 4990 2346 5034 τις
2375 4971 2670 5040 ἐνθυμηθῇ.

2336 5063 2420 5114 75.
2455 5062 2523 5111 Σὺ
2549 5063 2604 5111 ὲν
2632 5061 2771 5130 ἀρχῇ
2807 5055 2975 5128 πηλὸν
3018 5057 3144 5108 ὄντα
3175 5075 3263 5126 με,
3295 5058 3389 5110 καὶ
3433 5057 3560 5126 γῆν,
3588 5057 3837 5120 ἔπλασας

2270 5155 2384 5204 κατ·
2417 5153 2597 5203 εἰκόνα
2636 5152 2732 5219 σὴν
2765 5151 2855 5202 καὶ
2880 5150 3154 5218 ὁμοίωσιν,
3185 5151 3277 5201 καὶ
3301 5149 3392 5200 νῦν
3416 5150 3720 5220 φθαρείσης
3741 5152 3836 5216 τῆς

2271 5244 2490 5312 καρδίας
2521 5260 2621 5311 μου
2658 5241 2760 5293 ὑπὸ
2785 5241 2890 5291 τῶν
2922 5241 3121 5308 γηίνων
3149 5239 3448 5309 ἐπιθυμιῶν
3476 5239 3836 5291 ἀνακαίνισον

2270 5335 2454 5402 αὐτὴν,
2485 5335 2576 5385 καὶ
2608 5333 2849 5401 ποίησον,
2877 5330 2950 5393 ὡς
2985 5331 3081 5399 σὴν
3112 5327 3275 5383 οὖσαν
3306 5331 3512 5397 εἰκόνα,
3543 5331 3644 5394 τὰς
3686 5334 3834 5383 ἐντί.-

2270 5428 2364 5489 λὰς
2397 5427 2538 5495 ἔχειν
2574 5429 2628 5477 ὲν
2652 5425 2784 5494 αὐτῇ
2816 5423 3288 5492 ἐγγεγραμμένας.

2325 5518 2411 5570 74.
2447 5518 2508 5569 υἱ
2539 5516 2678 5583 Ξιγιοε
2717 5533 2808 5567 σου
2837 5515 2930 5566 καὶ
2975 5515 3172 5575 πάντες
3198 5515 3246 5566 οἱ
3271 5513 3489 5584 ἄγγελοί
3523 5530 3617 5566 σου
3667 5514 3838 5579 ἀγαλο

2269 5609 2539 5660 λιασονται
2564 5605 2819 5676 ὁρῶντες,
2847 5605 2925 5659 ὅτι
2947 5605 3260 5675 μετενόησα.
