4018 6518
191 465 314 523 1139

251 584 336 637 75.
375 582 601 649 Ἐγνων,
631 575 833 647 Κύριε,
888 575 968 626 ὅτι
1010 573 1322 641 δικαιοσύνη
1377 573 1442 624 τὰ
1489 570 1731 640 κρίματὰ
1763 573 1806 627 Α

191 694 293 733 σου.
323 673 416 725 καὶ
447 669 672 739 ἀληθείᾳ
696 666 1059 727 ἐταπείνωσὰς
1096 683 1182 734 με·

250 766 335 820 76.
369 762 653 833 Γενηθήτω
677 761 740 829 δὴ
767 759 826 810 τὸ
856 758 1004 820 ἕλεος
1035 775 1125 809 σου
1161 757 1253 809 τοῦ
1278 756 1654 809 παοακαλέςαι
1679 773 1745 824 με

184 858 321 911 κατὰ
347 856 405 908 τὸ
433 854 610 921 λόγιόν
643 868 735 903 σου
773 849 850 919 τῷ
876 848 1047 918 δούλῳ
1083 865 1197 900 σου.

250 949 337 1001 77.
383 942 712 998 Ἑλθέτωσάν
753 958 842 1010 μοι
871 941 919 990 οἱ
961 937 1232 1008 οἰκτιρμοί
1286 955 1377 989 σου
1403 976 1418 1000 ,
1455 938 1547 990 καὶ
1589 938 1748 1008 ζήσο-

188 1057 302 1109 μαι,
337 1038 416 1088 ὅτι
438 1039 465 1088 ὁ
490 1035 651 1104 νόμος
678 1050 770 1084 σου
807 1030 1005 1099 μελέτη
1039 1047 1139 1100 μου
1181 1030 1348 1082 ἐστίν.

254 1130 341 1182 78.
372 1126 820 1194 Αίσχυνθήτωσαν
843 1123 1201 1192 ὑπερήφανοι,
1225 1123 1306 1174 ὅτι
1330 1122 1526 1182 ἀδίκως
1547 1123 1753 1192 ἠνόμή-

186 1238 281 1274 σαν
335 1221 412 1281 εἰς
457 1218 591 1286 ἐμέ·
645 1214 755 1283 ἐγὼ
804 1214 859 1266 δὲ
914 1213 1257 1284 ἁδολεσχήσω
1283 1217 1338 1266 ἐν
1370 1217 1488 1277 ταῖς
1515 1215 1752 1276 ἐντολαῖς

185 1331 298 1364 σου.

253 1403 341 1455 79.
390 1399 897 1471 Ἔπιστρεψάτωσάν
935 1416 1000 1468 με
1035 1399 1084 1450 οἱ
1110 1396 1429 1469 φοϐούμενοί
1474 1415 1553 1458 σε,
1588 1398 1680 1451 καὶ
1705 1399 1755 1452 oi

189 1491 551 1560 γινώσκοντες
579 1488 646 1541 τὰ
678 1488 952 1558 μαρτύριά
984 1503 1099 1539 σου.

255 1582 344 1634 80.
382 1581 665 1651 Γενηθήτω
687 1583 718 1651 ή
747 1581 937 1650 καρδία
964 1598 1064 1650 μου
1086 1582 1312 1651 ἄμωμος
1339 1583 1524 1645 ἐντοῖς
1545 1583 1761 1636 δικαιώ-

189 1673 322 1742 μασί
351 1691 459 1731 σου,
487 1675 633 1735 ὅπως
668 1673 732 1724 ἂν
763 1673 835 1741 μὴ
864 1672 1157 1741 αἰσχυνθῶ.

256 1766 345 1818 81.
391 1765 658 1817 Ἐκλείπει
684 1766 763 1826 είς
799 1765 859 1816 τὸ
884 1765 1148 1835 σωτήριόν
1181 1782 1272 1818 σου
1306 1766 1502 1838 ἡψυχὴ
1536 1784 1657 1838 μου,
1679 1769 1758 1831 εἰς

184 1860 313 1920 τοὺς
345 1858 532 1926 λόγους
568 1875 659 1909 σου
683 1857 976 1928 ἐπήλπισα.

259 1950 349 2002 8‘2.
396 1949 668 2012 Ἑξέλιπον
700 1951 744 2002 oi
774 1950 1042 2018 ὀφθαλμοί
1085 1968 1184 2019 μου
1214 1951 1292 2012 είς
1320 1950 1380 2001 τὸ
1427 1951 1604 2018 λόγιόν
1640 1969 1755 2009 σου,
1788 1938 1829 1992 Β

185 2039 462 2107 λέγοντες·
498 2039 631 2091 Πότε
667 2040 1068 2110 παρακαλέσεις
1095 2057 1197 2109 με;

259 2129 348 2181 85.
383 2129 502 2180 Ὅτι
532 2129 793 2198 ἐγενήθην
825 2130 900 2190 ώς
933 2130 1096 2191 ἀσκὸς
1136 2131 1194 2180 ἐν
1221 2131 1420 2201 πάχνῃ,
1449 2131 1518 2182 τὰ
1544 2128 1759 2182 δικαιώ-

189 2220 339 2288 ματά
370 2237 460 2271 σου
493 2221 591 2272 οὐκ
619 2220 984 2290 ἐπελαθόμην.

259 2309 348 2362 84.
379 2310 546 2361 Πόσαι
584 2310 721 2360 εἰσὶν
761 2312 814 2361 αἱ
849 2311 1053 2380 ήμέραι
1101 2311 1194 2363 τοῦ
1230 2312 1414 2364 δούλου
1443 2329 1575 2376 σου;
1627 2315 1755 2366 ποτε

186 2403 436 2470 ποιήσεις
467 2419 554 2470 μοι
583 2403 644 2452 ἐκ
676 2400 784 2452 τῶν
808 2403 1254 2455 καταδιώκοντων
1292 2423 1356 2474 με
1393 2406 1571 2476 κρίσιν
1598 2423 1610 2468 ;

260 2491 349 2544 85.
378 2491 714 2561 Διήγήσαντὸ
760 2509 850 2562 μοι
905 2495 1207 2566 παράνομοι
1251 2497 1586 2566 ἀδολεσχίας,
1641 2499 1756 2549 ἀλλ’

183 2583 286 2653 οὐχ
311 2583 385 2648 ώς
420 2584 447 2635 ὁ
476 2583 636 2654 νόμος
671 2602 785 2652 σου,
825 2586 1014 2658 Κύριε.

1022 457 1105 511 DE
1144 453 1417 509 TITULlS
1459 448 1907 504 PSALMORUM.
1958 482 2020 490 —
2062 448 2254 502 ιδεμ..
2299 446 2533 499 CXVIII.

3282 449 3420 502 1190

1905 567 1988 619 75.
2012 565 2274 637 Cognovi,
2309 565 2554 627 Domine,
2589 566 2716 633 quia
2751 563 2983 632 mquitas
3029 561 3231 631 judicia
3287 572 3408 628 tua,

1848 668 1900 710 et
1932 658 1982 710 iu
2019 659 2244 710 veritate
2278 667 2366 709 tua
2400 656 2700 708 Immiliasti
2736 670 2839 708 me.

1921 749 2006 801 76.
2041 748 2159 802 Fiat
2187 747 2555 801 misericordia
2610 757 2700 800 tua
2752 758 2809 800 ut
2856 747 3172 801 consoletur
3217 764 3299 800 me
3325 762 3411 801 se-

1850 841 2088 896 cundum
2123 839 2401 908 eloquium
2439 849 2589 891 tuum
2623 855 2781 892 servo
2813 848 2924 892 tuo.

1925 932 2010 984 77.
2054 929 2282 984 Veniant
2314 931 2444 983 mibi
2498 930 2876 984 miserationes
2927 939 3054 994 tum,
3111 938 3164 982 ct
3203 930 3420 984 vivam:

1855 1030 1979 1095 quia
2010 1026 2090 1079 lex
2122 1036 2208 1077 tua
2241 1024 2522 1078 meditatio
2553 1039 2668 1076 mea
2699 1031 2804 1076 est.

1927 1117 2012 1170 78.
2041 1116 2460 1170 Confundantur
2494 1115 2737 1184 superbi.
2768 1116 2892 1184 quia
2930 1116 3128 1184 injuste
3161 1115 3414 1184 iniquita-

1855 1217 1959 1263 tem
1998 1211 2242 1262 lecerunt
2270 1208 2321 1261 in
2355 1222 2437 1260 me
2473 1225 2484 1260 :
2524 1225 2623 1276 ego
2657 1220 2838 1261 autem
2873 1209 3165 1261 exercehor
3196 1210 3246 1260 in
3275 1225 3426 1261 mau-

1856 1301 1997 1354 datis
2023 1302 2150 1353 tuis.

1930 1391 2017 1443 79.
2048 1389 2448 1444 Conrcrtantur
2479 1389 2608 1442 mihi
2644 1389 2898 1442 timentes
2925 1398 2996 1453 te,
3047 1398 3100 1441 et
3129 1391 3218 1458 qui
3259 1406 3423 1443 nove—

1857 1493 2055 1536 verunt
2091 1483 2398 1535 testimonia
2431 1492 2541 1535 tua.

1929 1575 2015 1628 80.
2052 1573 2170 1628 Fiat
2195 1591 2286 1627 cor
2317 1588 2493 1627 meum
2530 1574 2940 1627 immaculatum
2976 1575 3027 1626 in
3079 1573 3426 1642 justilicatio-

1860 1668 2022 1722 nibus
2050 1667 2178 1732 tuis,
2218 1676 2277 1719 ut
2311 1683 2416 1718 non
2450 1665 2774 1719 confundar.

1932 1759 2020 1812 8l.
2052 1758 2248 1811 Deiecit
2277 1758 2329 1810 in
2369 1758 2606 1810 salutare
2659 1768 2810 1810 tuum
2849 1759 3030 1812 anima
3086 1775 3225 1820 mea,
3276 1769 3330 1813 et
3374 1776 3426 1813 ιιι

1862 1854 2021 1905 verba
2058 1861 2146 1904 tua
2185 1850 2582 1918 superspcravi.

1926 1943 2016 1996 8‘2.
2055 1941 2376 1995 Defeecrunt
2401 1942 2542 1995 oculi
2580 1942 2682 1995 mei
2717 1942 2767 1994 in
2801 1941 3077 2010 eloquium
3118 1950 3291 2008 tuum,
3341 1943 3425 1995 di-

1858 2047 2073 2090 centes:
2111 2035 2337 2101 Quando
2365 2035 2735 2088 eonsolaberis
2761 2052 2842 2087 me
2865 2035 2887 2086 ?

1927 2129 2012 2182 85.
2051 2129 2186 2194 Quia
2229 2128 2404 2182 factus
2427 2145 2545 2182 sum
2580 2129 2720 2182 sicut
2753 2139 2870 2181 uter
2898 2129 2948 2181 in
2983 2131 3213 2196 pruina:
3266 2129 3425 2184 iusti-

1863 2226 2145 2277 licationes
2182 2233 2306 2275 tuas
2343 2238 2447 2273 non
2481 2237 2600 2274 sum
2635 2222 2856 2274 oblitus.

1934 2317 2017 2368 84.
2051 2314 2190 2380 Quot
2216 2313 2480 2367 suntdies
2515 2313 2655 2366 servi
2701 2313 2818 2365 tui?
2867 2313 3087 2381 quando
3146 2313 3315 2367 facies
3361 2314 3431 2366 de

1863 2406 2316 2476 persi‘qnentibus
2352 2421 2434 2456 me
2463 2404 2772 2473 judicium?

1932 2498 2020 2550 85.
2052 2495 2417 2547 Narraverunt
2471 2495 2599 2546 ιιιίΙιῘ
2656 2494 2824 2547 ἱιιὶιιιιί
2875 2493 3279 2559 tabulationes,
3334 2495 3429 2550 sed

1865 2604 1970 2641 non
2003 2598 2058 2638 ut.
2091 2588 2170 2639 lex
2198 2601 2309 2649 tua,
2349 2584 2594 2637 Domine.

1311 2744 1681 2797 A'I‘IIANASII
1730 2738 2312 2796 ιΝΤιεῐιΡῐιΕΤΑτιΟ.

260 2910 350 2963 75.
382 2908 674 2970 Φωτισθεὶς
709 2907 815 2961 ὑπὸ
848 2910 946 2979 τῆς
967 2910 1189 2980 χάριτός
1225 2928 1318 2963 σου
1351 2911 1540 2979 ἔγνων.
1571 2914 1651 2964 ὅτι
1687 2912 1762 2963 δί-

190 3001 325 3052 καιά
360 3002 463 3052 είσι
489 3000 554 3052 τὰ
581 2999 978 3070 προστάγματά
1012 3019 1104 3052 σου
1132 3045 1144 3065 ,
1196 3003 1290 3054 καὶ
1332 3004 1472 3072 ἅπερ
1503 3004 1765 3072 ἁπεφήνω

177 3093 249 3143 ’ἐν
275 3093 458 3154 αὐτοῖς
487 3092 604 3142 κατ’
637 3090 769 3160 ἐμοῦ
797 3091 889 3143 τοῦ
913 3092 1237 3161 ἀμαρτωλοῦ
1269 3093 1491 3155 δικαίως
1534 3093 1759 3162 ὥρισας.

264 3187 353 3238 76.
395 3184 551 3237 Ἀλλὰ
577 3183 738 3236 πάλιν
765 3184 970 3251 γένοιτο
1001 3184 1061 3235 τὸ
1092 3183 1236 3246 ἔλεός
1277 3201 1368 3235 σου
1417 3184 1766 3255 παραμυθού-

1940 2909 2026 2963 75.
2067 2909 2408 2962 llluminatus
2461 2909 2630 2977 gratia
2683 2918 2772 2962 tua
2820 2907 3070 2976 cognovi.
3112 2910 3254 2978 quod
3291 2910 3436 2978 justa

1865 3013 1992 3058 sunt
2048 3010 2308 3069 praecepta
2347 3009 2470 3064 tua,
2507 3011 2558 3052 et
2609 3016 2729 3066 qua:
2785 2999 2836 3050 in
2893 3000 3024 3066 ipsis
3075 3006 3438 3068 pronuntiasti

1865 3104 2055 3147 contra
2092 3111 2173 3146 me
2203 3103 2565 3161 peccatorem,
2592 3093 2740 3161 juste
2768 3091 3078 3146 detiniristi.

1938 3186 2024 3240 76.
2054 3184 2156 3239 Sed
2206 3202 2396 3238 rursus
2444 3185 2535 3237 ﬁat
2589 3183 2957 3236 misericordia
3013 3192 3099 3235 tua
3146 3185 3438 3238 consolans

190 3279 354 3347 μενίν
380 3294 467 3347 με,
490 3278 569 3328 ὅτι
590 3275 763 3338 οὕτως
787 3271 1056 3339 εἶπας·οί·
1071 3278 1366 3345 βούλομαι
1390 3278 1493 3330 τὸν
1513 3279 1768 3330 θάνατοι·
1795 3315 1815 3371 (

1871 3295 1976 3340 me,
2013 3280 2268 3346 quoniam
2315 3278 2382 3331 ita
2413 3278 2594 3331 dixisti
2627 3296 2640 3331 :
2699 3276 2840 3328 Nolo
2888 3289 3102 3328 mortem
3127 3281 3438 3344 peccatoris,

185 3371 301 3423 τοῦ
332 3367 797 3438 ἁιιαρτω.ίοῦ,ώς
827 3371 888 3420 τὸ
922 3369 1272 3436 ἐπιστρέψαι
1309 3372 1404 3424 καὶ
1443 3370 1763 3438 (lirari-tor.

263 3463 354 3514 77.
397 3460 790 3531 Ἐπισκήνώσει
819 3462 852 3530 ἡ
881 3460 1040 3530 χάρις
1064 3479 1156 3513 σου
1187 3463 1265 3523 είς
1292 3461 1413 3530 ἐμὲ,
1447 3464 1539 3514 καὶ
1569 3480 1770 3532 νεκρω-

189 3551 358 3603 θέντα
391 3567 456 3619 με
487 3552 590 3602 ὑπὸ
617 3553 713 3618 τῆς
731 3551 1003 3622 ἁμαρτίας
1026 3551 1371 3620 ζωοποιήσει.
1407 3553 1487 3604 ὅτι
1511 3554 1767 3623 ἠρξάμην

191 3644 430 3711 μελετᾷν
462 3642 551 3694 τὸν
583 3642 744 3711 νόμον
779 3659 891 3696 σου.

268 3732 352 3784 78.
384 3733 834 3802 Αἱσχυνθήτωσαν
857 3733 913 3786 ai
941 3733 1177 3786 ἐναντίαι
1202 3733 1477 3804 δυνάμεις.
1502 3735 1583 3787 ὅτι
1609 3728 1768 3788 αὗταί

189 3840 261 3888 με
305 3821 781 3892 ἐξῃχμαλώτισαν·
839 3821 948 3891 ἐγὼ
1003 3823 1058 3876 δὲ
1087 3826 1364 3895 ἐπιστήσω
1393 3826 1488 3896 τήν
1529 3826 1768 3880 διάνοιάν

190 3929 299 3978 μου
331 3913 410 3973 εἰς
440 3911 508 3962 τὰ
541 3911 822 3982 θελήματα
854 3931 971 3968 σου.

265 4003 354 4054 7S).
386 4003 790 4070 Κατηχήσουσι,
842 4007 935 4058 καὶ
986 4007 1287 4072 διδάξουσιν
1322 4012 1369 4062 oi
1421 4009 1637 4080 ἔχοντες
1669 4013 1767 4082 τὴν

187 4092 356 4161 χάριν
392 4108 505 4154 σου,
536 4094 627 4143 καὶ
658 4093 855 4158 εἰδότες
905 4096 1003 4165 τὴν
1035 4097 1264 4168 δύναμιν
1302 4101 1410 4153 τῶν
1454 4104 1624 4169 ἁγίων
1673 4122 1767 4157 σου

187 4181 228 4230 Γ
237 4181 448 4248 ραφῶν.

263 4273 354 4324 80.
390 4272 787 4345 Καθαρισθήτω
820 4277 851 4346 ή
900 4277 1094 4350 καρδία
1142 4297 1242 4349 μου
1273 4281 1376 4333 ὑπὸ
1410 4283 1509 4352 τῆς
1546 4283 1767 4354 χάριτός

189 4381 293 4416 σου
328 4367 408 4428 εἰς
436 4365 506 4419 τὰ
531 4367 873 4432 δικαιώματα
900 4388 1014 4433 σου,
1043 4372 1117 4442 μὴ
1147 4372 1342 4444 ἔχουσα
1368 4377 1424 4428 ὲν
1457 4378 1620 4447 ἑαυτῇ
1649 4378 1768 4429 ἐπι-

189 4457 400 4526 Ἵυμίαν
423 4459 456 4527 ἢ
494 4461 746 4529 φροντίδα
793 4462 1008 4533 γηίνην,
1040 4466 1126 4518 ἴνα
1160 4466 1234 4537 μὴ
1284 4468 1444 4520 πάλιν
1494 4471 1767 4540 αἰσχυνθῶ

185 4551 273 4610 εἰς
304 4549 366 4600 τὸ
400 4548 549 4618 βῆμά
584 4568 698 4605 σου.

1873 3373 1959 3424 sed
1985 3381 2036 3422 ut
2070 3381 2425 3434 convertatur,
2449 3381 2497 3422 et
2529 3372 2665 3421 rivut
2707 3371 2772 3423 θ’.

1943 3462 2027 3516 77.
2069 3461 2282 3515 llabitet
2312 3463 2479 3530 gratia
2511 3473 2600 3514 tua
2633 3462 2683 3513 in
2717 3475 2823 3522 Ine,
2853 3468 2908 3512 et
2953 3474 3035 3510 me
3068 3469 3339 3513 mortuum
3372 3463 3442 3515 ob

1870 3562 2149 3620 peccatum
2199 3553 2513 3616 viviticabit,
2573 3552 2834 3619 quoniam
2882 3548 3018 3616 catpi
3084 3551 3330 3603 meditari
3365 3550 3442 3604 le-

1869 3660 1987 3713 gem
2019 3653 2186 3697 tuam.

1939 3736 2026 3788 78.
2064 3734 2402 3789 Erubescant
2439 3735 2728 3788 contrariae
2777 3744 3090 3804 ριιιεςιιιιρς.
3127 3739 3266 3804 quod
3327 3738 3440 3808 ipse

1872 3844 1956 3882 me
1987 3829 2038 3881 in
2083 3828 2449 3898 captivitatem
2480 3827 2825 3896 redegerunt,
2862 3849 2960 3904 ego
2994 3844 3171 3887 autem
3211 3833 3438 3886 lirmabo

1872 3931 2104 3974 mentem
2140 3936 2313 3973 meam
2344 3921 2395 3973 in
2436 3921 2718 3989 praeruptis
2755 3921 2880 3973 tuis.
3343 3905 3345 3909 l

1947 4012 2033 4065 79.
2069 4012 2364 4076 lnstrucnt,
2420 4022 2472 4064 et
2510 4011 2808 4076 docebunt,
2843 4014 2935 4080 qui
2969 4013 3166 4066 habent
3209 4017 3439 4083 gratiam

1873 4115 2041 4168 tuam,
2071 4116 2123 4158 et
2172 4106 2262 4170 qui
2314 4119 2580 4159 noverunt
2615 4115 2933 4175 potestatem
2978 4121 3290 4162 sanctarum
3330 4121 3467 4163 tua»

1870 4216 1989 4252 rum
2029 4197 2454 4267 Scripturarum.

1940 4287 2028 4342 80.
2064 4287 2398 4342 Emundetur
2436 4305 2529 4343 eor
2568 4305 2747 4344 meum
2782 4308 2809 4344 a
2844 4291 3016 4360 gratia
3053 4301 3141 4346 tua
3178 4292 3229 4344 in
3279 4304 3442 4358 Justi-

1869 4378 2210 4433 ﬁcalionibus
2241 4380 2368 4441 tuis,
2399 4396 2504 4433 non
2534 4381 2738 4435 habens
2765 4383 2814 4434 in
2865 4399 3046 4451 se-pso
3084 4383 3437 4451 cupiditatem

1868 4482 1921 4526 et
1961 4489 2146 4527 curam
2179 4485 2513 4527 terrenarum
2571 4491 2779 4540 rerum,
2819 4491 2885 4528 ne
2925 4491 3114 4528 rursus
3138 4477 3444 4531 conl'undar

1869 4575 1992 4617 ante
2030 4577 2178 4617 llllllll
2214 4566 2468 4618 tribunal.

264 4638 356 4692 8|.
389 4640 527 4709 Διψᾷ
562 4641 754 4711 ἡψυχὴ
787 4661 886 4712 μου
913 4644 1009 4714 τὴν
1038 4648 1308 4718 σωτηρίαν
1338 4667 1430 4702 σου
1462 4648 1546 4722 [τὸ
1589 4653 1765 4723 σωτή-
1801 4653 1815 4705 1

1939 4657 2027 4709 8t.
2068 4655 2192 4708 Sitit
2220 4657 2399 4709 anima
2439 4671 2555 4710 mea
2575 4658 2813 4712 salutare
2846 4667 3023 4723 tuum,
3069 4668 3189 4729 pota
3224 4678 3307 4714 me
3332 4663 3442 4716 elo-

187 4728 314 4797 ριὸν
338 4745 431 4779 σου
450 4728 490 4800 ],
525 4729 741 4782 ποτισόν
767 4749 832 4800 με
856 4733 924 4784 τὰ
945 4734 1101 4801 λόγια
1124 4753 1238 4790 σου.

263 4820 356 4872 82.
407 4818 698 4890 Ἐξετὰκην
717 4822 832 4886 ὅλος
861 4825 954 4876 ἀπ’
985 4827 1280 4897 ἐπιθυμίας
1314 4831 1613 4901 μεριμνῶν,
1640 4835 1766 4884 πότε

184 4909 440 4971 ποτίσεις
465 4927 532 4979 με
566 4909 662 4982 τὴν
685 4912 843 4982 χάριν
879 4932 990 4969 σου.

261 4999 355 5052 85.
395 4998 515 5051 Ὀτι
546 5001 872 5073 ὲνεκρώθην.
906 5007 997 5057 καὶ
1021 5007 1323 5078 ἐξηράνθην
1352 5012 1408 5062 ὲν
1430 5015 1493 5081 τῇ
1524 5013 1765 5085 ἁμαρτίᾳ.

186 5106 323 5158 μου,
355 5083 494 5149 οἶδα,
531 5092 622 5141 καὶ
651 5093 987 5161 μνημονεύω,
1017 5096 1095 5147 ὅτι
1127 5093 1284 5159 εἶπας
1313 5100 1369 5150 ἐν
1398 5104 1508 5164 τοῖς
1544 5103 1762 5155 δικαιώ-

184 5180 334 5252 μασί
372 5195 465 5230 σου
491 5179 580 5232 τὸν
603 5182 922 5253 ἁμαρτωλὸν
956 5187 1468 5259 ἀντιλαμϐάνεσθαι.

261 5274 356 5325 δι.
398 5272 573 5336 Πόσας
600 5275 764 5340 ἄλλας
803 5278 1092 5350 ἔχωζῆσαι
1121 5284 1364 5352 ήμέρας;
1405 5285 1534 5338 πότε
1576 5288 1765 5340 τοσοῦ-

181 5383 283 5416 τον
338 5364 526 5435 χρόνον
554 5365 712 5420 δώσει
759 5368 990 5444 [δώσεις]
1038 5391 1125 5443 μοι
1160 5376 1405 5440 ἐξουσίαν
1456 5384 1641 5432 πατεῖν
1673 5382 1764 5433 ἐπὶ

182 5459 379 5510 πᾶσαν
420 5459 518 5527 τήν
547 5459 771 5531 δύναμιν
804 5463 898 5514 τοῦ
923 5466 1115 5537 ἐχθροῦ
1149 5466 1294 5537 [τῶν
1328 5471 1593 5541 ἐχθρών],
1640 5475 1762 5526 ὅσον

181 5549 348 5602 αὐτοί
390 5568 477 5619 μοι
500 5553 994 5610 κατεδυνάστευσαν
1015 5577 1028 5623 ;

259 5642 354 5695 83.
406 5643 696 5698 Ύπὲθεντό
750 5666 850 5717 μου
880 5650 941 5702 τὸ
972 5652 1233 5724 πρότερον
1284 5657 1330 5707 οἱ
1362 5655 1613 5726 δαίμονες
1668 5658 1767 5724 τὰς

182 5735 408 5791 ἑαυτῶν
433 5737 666 5802 ἀπάτας,
702 5740 813 5792 ἀλλ’
837 5744 932 5813 οὐχ
959 5745 1032 5808 di;
1064 5747 1127 5802 σὺ
1158 5746 1330 5810 θέλεις
1350 5787 1364 5813 ,
1395 5748 1586 5819 Κύριε.

266 5893 309 5924 ⁶¹
339 5891 536 5946 Ezecb.
574 5910 743 5963 xxx",
774 5896 826 5950 2.

1868 4748 2012 4815 quiis
2045 4748 2171 4800 tuis.

1937 4835 2022 4887 82.
2059 4836 2433 4906 Consumptus
2471 4854 2591 4891 sum
2617 4847 2763 4893 totns
2791 4840 2861 4893 ob
2892 4840 3222 4895 desiderium
3280 4845 3439 4899 anxie

1865 4928 2132 4994 cogitans,
2170 4932 2387 4994 quando
2430 4946 2514 4982 me
2550 4931 2759 4997 potabis
2785 4934 2954 4999 gratia
2989 4943 3100 4987 tua.

1933 5019 2022 5071 85.
2050 5017 2320 5084 Quoniam
2358 5022 2716 5075 mortiticatus
2767 5036 2910 5086 sum,
2961 5033 3014 5077 ct
3063 5025 3332 5079 arclartus
3384 5027 3437 5080 in

1865 5121 2089 5178 peccato
2118 5127 2261 5172 meo,
2290 5113 2410 5164 novi
2443 5124 2494 5166 et
2542 5115 2860 5168 recordatus
2893 5133 3036 5179 sum,
3068 5119 3210 5184 quod
3254 5118 3436 5172 dixisti

1865 5204 1972 5256 tuis
1997 5205 2046 5255 in
2071 5202 2564 5270 justiﬁeationibus
2585 5207 2862 5274 suscipere
2891 5217 3249 5274 peccatorem.

1931 5295 2020 5347 84.
2049 5294 2190 5359 Quot
2222 5294 2312 5346 alii
2351 5293 2479 5346 mibi
2513 5305 2807 5364 supersunt
2860 5297 2976 5350 dies
3025 5298 3188 5351 vitae?
3221 5299 3439 5368 quando

1861 5395 2010 5439 tanto
2053 5398 2296 5455 tempore
2345 5387 2499 5441 dabis
2543 5388 2675 5440 mihi
2721 5397 3041 5456 potestatem
3083 5390 3433 5444 conculcandi

1861 5494 2077 5533 omnem
2109 5480 2458 5534 inimicorum
2505 5483 2827 5551 potentiam,
2877 5493 3082 5549 quanto
3118 5486 3218 5553 ipsi
3268 5486 3319 5538 in
3353 5502 3438 5540 me

1862 5571 2123 5625 dominati
2151 5573 2321 5626 sunt?

1934 5664 2020 5718 85.
2059 5664 2432 5719 Subdiderunt
2461 5666 2591 5718 mibi
2617 5666 2890 5721 dmmoncs
2913 5668 3168 5738 pristinas
3195 5684 3325 5724 suas
3347 5669 3439 5722 fal-

1867 5755 2058 5820 lacias,
2097 5758 2192 5812 sed
2229 5773 2336 5813 non
2366 5758 2828 5826 quemadmodum
2862 5768 2916 5814 tu
2953 5759 3053 5825 vis,
3090 5758 3333 5816 Domine.
