4018 6438
622 342 753 398 1191

1426 332 1481 386 S.
1524 328 1893 385 ATHANASII
1934 328 2083 385 OPP.
2124 323 2304 381 PARS
2343 326 2428 379 ιιι.
2470 352 2533 365 --
2577 320 2989 378 EXEGETICA.

3718 313 3858 368 H92

692 452 782 506 86.
818 450 1010 504 Omnia
1041 448 1291 502 mandata
1317 456 1408 500 tua
1433 445 1669 499 veritas:
1705 444 1889 513 inique
1909 440 2173 513 persecuti
2207 446 2249 499 Α

2346 438 2431 493 86.
2462 438 2705 493 Πάσαιαί
2733 434 2939 489 ὲντολαί
2968 451 3059 486 σου
3078 431 3337 503 ἀλήθεια·
3364 430 3565 492 ἀδίκως
3598 427 3862 481 κατεδίω-

622 556 885 606 suntme,
921 542 1112 612 adjnva
1148 555 1253 595 me.

693 637 780 692 87.
815 635 981 689 Paulo
1042 633 1222 687 minus
1255 637 1775 685 consummaverunt
1808 643 1891 682 me
1921 627 1975 681 in
2013 636 2178 688 terra,

626 743 725 797 ego
751 736 928 779 autem
958 740 1063 779 non
1092 721 1352 791 dereliqni
1382 722 1637 775 mandata
1667 728 1779 773 tua.

692 812 781 867 88.
814 808 1130 865 Secundum
1173 806 1600 861 misericordiam
1650 814 1796 857 tuam
1832 802 2044 857 viviﬂca
2075 817 2182 865 me,

623 911 675 956 et
707 899 1009 957 custodiam
1044 894 1352 950 testimonia
1390 895 1505 948 oris
1541 894 1643 948 tui.

693 991 781 1048 89.
812 994 869 1044 ln
892 999 1175 1053 aeternum,
1204 987 1451 1049 Domine,
1483 986 1703 1040 verbum
1737 993 1885 1038 tuum
1907 993 2185 1053 permanet

624 1095 680 1133 ιιι
713 1080 883 1133 coelo:

694 1170 780 1225 90.
813 1168 868 1222 In
895 1168 1299 1239 generationem
1333 1174 1387 1220 et
1414 1166 1813 1235 generationem
1838 1165 2036 1220 veritas
2068 1175 2181 1223 tua:

626 1257 861 1314 fundasti
901 1274 1122 1323 terram,
1142 1268 1194 1312 et
1222 1264 1521 1327 permanet.

696 1354 784 1407 9i.
820 1352 1174 1406 Ordinatione
1225 1360 1313 1404 tua
1369 1359 1675 1420 perseverat
1730 1351 1889 1407 dies:
1925 1352 2183 1422 quoniam

624 1446 805 1499 omnia
836 1446 1081 1499 serviunt
1111 1444 1231 1497 tibi.

693 1537 782 1591 92.
814 1533 930 1591 Nisi
956 1535 1114 1605 ‘quud
1170 1536 1252 1590 lex
1294 1545 1384 1589 tua
1435 1534 1715 1590 meditatio
1758 1550 1876 1589 mea
1922 1545 2026 1599 est,
2057 1544 2186 1589 tunc

624 1628 761 1683 forte
788 1628 1071 1699 periissem
1104 1628 1155 1680 in
1194 1626 1499 1681 humilitate
1524 1640 1665 1679 mea.

693 1722 782 1774 95.
823 1720 877 1774 In
930 1727 1193 1774 aeternum
1251 1734 1356 1772 non
1426 1716 1717 1771 obliviscar
1767 1716 2184 1786 iustiﬁcationes

624 1822 768 1875 tuas,
800 1812 1002 1882 quiain
1033 1810 1164 1879 ipsis
1195 1809 1481 1862 vlvificasti
1524 1824 1629 1863 me.

694 1903 783 1960 94.
813 1903 965 1957 Tuus
988 1917 1108 1956 sum
1138 1916 1260 1971 ego.
1293 1901 1501 1955 salvum
1533 1916 1619 1956 me
1651 1899 1737 1955 fac
1766 1918 1779 1954 :
1812 1900 2069 1969 quoniam
2093 1900 2186 1970 ju-

626 1994 980 2050 stilicationes
1000 2003 1121 2047 tuas
1158 1992 1445 2061 exquisivi.

699 2085 786 2141 95.
825 2084 907 2139 Me
935 2092 1386 2153 exspectaverunt
1425 2094 1764 2153 peccatores,
1816 2096 1872 2139 ut
1902 2083 2189 2155 perderent

627 2194 733 2242 me,
762 2178 1071 2232 testimonia
1096 2182 1189 2229 tua
1220 2175 1483 2229 intellexi.

692 2268 780 2323 96.
805 2267 994 2325 Omnis
1011 2265 1494 2321 consummationis
1510 2264 1615 2319 vidi
1637 2264 1794 2320 linem
1818 2287 1827 2319 :
1850 2264 2016 2319 latum
2042 2281 2193 2319 man-

622 2358 809 2413 datum
844 2368 996 2412 tuum
1024 2357 1209 2410 nimis.

2287 530 2379 594 ξάν
2413 548 2497 599 με.
2534 529 2794 601 βοήθησόν
2826 544 2933 598 μοι.

2353 622 2440 676 87.
2477 621 2631 694 Παρά
2665 620 2836 690 βραχὺ
2869 616 3216 671 συνετέλεσάν
3249 632 3314 685 με
3347 616 3405 666 tv
3439 616 3507 683 τῇ
3531 615 3627 683 γῇ,
3659 611 3776 678 ἐγὼ
3808 610 3861 662 δὲ

2282 712 2383 763 οὐκ
2416 711 2770 778 ἐγκατέλιπον
2808 708 2904 771 τὰς
2923 708 3141 770 ἐντολάς
3178 723 3290 760 σου.

2353 802 2438 856 88.
2477 803 2632 857 Κατά
2658 802 2719 854 τὸ
2746 801 2893 864 ἔλεός
2925 817 3017 854 σου
3044 799 3207 872 ζῆσόν
3244 816 3310 869 με
3334 838 3349 862 ,
3387 796 3482 850 καὶ
3538 793 3767 863 φυλάξω
3797 794 3859 844 τά

2287 894 2559 966 μαρτύρια
2589 892 2682 947 τοῦ
2708 893 2976 965 στόματός
3000 908 3113 946 σου.

2354 984 2440 1038 89.
2473 985 2567 1048 El;
2588 984 2680 1037 τὸν
2704 983 2896 1049 αίῶνα,
2926 982 3123 1054 Κύριε,
3157 982 3185 1035 ό
3206 979 3363 1049 λόγος
3394 994 3487 1031 σου
3529 974 3785 1045 διαμένει
3811 974 3859 1025 ὲν

2284 1076 2360 1148 τῷ
2387 1077 2445 1129 οὐ
2454 1074 2597 1147 ρανῷ
2612 1091 2625 1104 ·

2355 1168 2440 1222 90.
2469 1169 2561 1232 Εἰς
2588 1168 2777 1237 γενεάν
2812 1167 2904 1222 καὶ
2928 1167 3119 1237 γενεάν
3150 1166 3183 1236 ἠ
3225 1163 3451 1233 ἀλήθειά
3499 1178 3595 1214 σου
3620 1176 3632 1186 ·
3675 1157 3865 1211 tetu-

2287 1261 2485 1324 λίωσας
2507 1262 2603 1330 τὴν
2631 1261 2753 1331 γῆν,
2780 1262 2874 1315 καὶ
2897 1259 2981 1312 δια
2991 1258 3162 1329 μένει.

2354 1352 2441 1407 9i.
2477 1354 2556 1424 Τῇ
2581 1353 2817 1417 διατάξει
2854 1369 2947 1405 σου
2991 1349 3235 1421 διαμένει
3273 1346 3477 1419 ἡμέρα,
3516 1344 3698 1398 ὅτιτά
3731 1341 3864 1409 σύμρ

2287 1463 2464 1501 παντα
2488 1444 2650 1499 δοῦλα
2677 1445 2763 1498 σά.

2356 1537 2442 1592 9%.
2480 1537 2540 1590 Et
2576 1536 2653 1606 μὴ
2678 1536 2760 1589 ὅτι
2794 1536 2822 1587 ὁ
2854 1534 3013 1604 νόμος
3049 1550 3144 1587 σου
3175 1532 3371 1605 μελέτη
3418 1546 3518 1599 μου
3552 1526 3696 1588 ἐστὶ,
3745 1524 3861 1576 τότε

2284 1629 2351 1684 ἂν
2378 1629 2675 1699 ἀπωλόμην
2707 1628 2764 1680 tv
2792 1629 2858 1697 τῇ
2887 1625 3211 1678 ταπεινώσει
3244 1641 3364 1694 μου.

2356 1720 2443 1776 93.
2484 1722 2577 1785 Εἰς
2609 1720 2698 1775 τὸν
2724 1719 2895 1773 αἰῶνα
2929 1718 2989 1771 οὐ
3028 1717 3101 1788 μὴ
3133 1714 3476 1785 ἐπιλάθωμαι
3508 1710 3620 1763 τῶν
3644 1709 3862 1761 δικαιω-

2218 1803 2257 1858 Β
2291 1812 2476 1884 μάτων
2511 1830 2625 1873 σου,
2661 1813 2743 1865 ὅτι
2777 1813 2833 1863 ὲν
2865 1812 3049 1873 αὐτοῖς
3082 1808 3279 1879 ἐζησάς
3314 1823 3399 1877 με.

2355 1904 2423 1959 94
2468 1906 2566 1968 Σός
2594 1906 2709 1976 είμι
2738 1904 2871 1973 ἐγὼ,
2908 1902 3078 1956 σῶσόν
3129 1917 3219 1971 με,
3274 1900 3355 1952 ὅτι
3399 1895 3471 1950 τά
3514 1890 3865 1962 δικαιώματά

2289 2012 2380 2048 σου
2413 1996 2731 2067 ὲξεζήτησα.

2357 2085 2444 2139 95.
2487 2086 2616 2155 Ἐμὲ
2642 2086 2941 2156 ὑπέμειναν
2976 2079 3291 2155 ἁμαρτωλοὶ
3326 2077 3421 2131 τοῦ
3464 2076 3737 2129 ἀπολέσαι
3777 2092 3861 2145 με,

2288 2177 2356 2229 τά
2389 2176 2661 2247 μαρτύριά
2685 2194 2777 2229 σου
2811 2176 3034 2247 συνῆκα.

2360 2268 2447 2322 96.
2482 2270 2668 2339 Πάσης
2694 2269 3004 2331 συντελείας
3043 2263 3179 2320 εἶδον
3224 2266 3417 2337 πέρας.
3455 2263 3696 2315 πλατεῖα
3724 2262 3759 2329 ἡ
3784 2260 3865 2311 tv-

2290 2360 2417 2431 τολή
2452 2378 2543 2414 σου
2573 2362 2796 2433 σφόδρα.

1739 2473 2108 2529 ATHANASII
2156 2475 2739 2535 INTERPRETATIO.

694 2582 778 2639 86.
813 2582 946 2637 Novi
974 2584 1117 2653 quod
1140 2583 1511 2653 justusjudex
1538 2598 1597 2638 es
1636 2586 1688 2638 in
1722 2601 1951 2640 omnes:
1987 2585 2195 2655 fugien-

622 2689 676 2736 te
698 2696 783 2735 me
806 2682 875 2734 ab
902 2680 1056 2749 ipsis.
1083 2690 1139 2733 et
1169 2681 1383 2736 volente
1413 2684 1477 2735 ad
1513 2691 1563 2735 te
1606 2684 1812 2743 venire,
1856 2682 1950 2750 qui
1994 2697 2193 2737 secun-

624 2773 753 2825 dum
786 2781 1032 2825 naturam
1063 2769 1327 2827 Dominus
1364 2788 1514 2828 mens
1548 2789 1625 2835 es,
1652 2782 2053 2842 persequuntur
2106 2790 2191 2828 me

624 2872 926 2933 qumrcntes
952 2879 1034 2916 me
1065 2864 1315 2932 praedari,
1345 2864 1540 2935 adjuva
1567 2881 1675 2919 me.

2360 2592 2447 2648 86.
2480 2588 2627 2655 Οἶδα,
2659 2594 2739 2645 ὅτι
2788 2593 2995 2656 δίκαιος
3037 2591 3230 2662 κριτὴς
3262 2584 3313 2641 εἴ
3339 2590 3416 2650 εἰς
3451 2585 3666 2648 πάντας
3689 2603 3703 2615 ·
3738 2583 3866 2652 9:6-

2290 2682 2475 2751 γοντός
2501 2700 2602 2753 μου
2637 2686 2730 2736 ἀπ’
2753 2684 2953 2747 αὐτῶν,
2986 2683 3079 2737 καὶ
3119 2681 3362 2742 θέλοντος
3406 2677 3582 2730 ὲλθείν
3619 2676 3763 2748 πρὸς
3812 2676 3863 2729 ct

2288 2774 2377 2827 τὸν
2410 2775 2549 2829 κατὰ
2572 2774 2732 2844 φύσιν
2757 2794 2856 2847 μου
2892 2776 3187 2845 Δεσπότην,
3237 2772 3637 2829 καταδιώκουσί
3675 2789 3747 2843 με
3778 2771 3868 2842 Cr.-

2286 2866 2502 2929 τοῦντες
2533 2866 2779 2938 ἁρπάσαι
2808 2884 2874 2937 με
2898 2883 2910 2895 ο
2948 2866 3213 2938 βοήθησον
3242 2884 3349 2937 μοι.

697 2953 783 3007 87.
816 2952 890 3007 lta
918 2956 1091 3010 valide
1143 2958 1198 3010 in
1236 2972 1321 3010 me
1367 2957 1664 3019 irruerunt,
1704 2964 1763 3008 ut
1811 2956 1970 3025 paulo
2003 2957 2185 3012 minus
2218 2988 2260 3045 ο

2361 2958 2447 3012 87.
2474 2957 2659 3023 Οὕτως
2690 2960 2925 3032 ἰσχυρῶς
2953 2959 3227 3031 ἐπέϐησάν
3260 2978 3349 3031 με,
3373 2962 3455 3014 ὅτι
3486 2965 3641 3035 παρά
3674 2969 3869 3039 μικρὸν

626 3047 1027 3102 interfecissent
1052 3063 1135 3101 me
1172 3049 1224 3101 in
1259 3055 1521 3117 peccato;
1570 3062 1670 3114 ego
1702 3058 1880 3101 autem
1932 3049 1984 3101 in
2028 3050 2190 3104 corde

2309 3050 2637 3104 ιθανάτωσάν
2673 3070 2741 3123 με
2774 3055 2831 3106 tv
2856 3056 2922 3125 τῇ
2945 3054 3189 3127 ἁμαρτίᾳ
3211 3069 3223 3081 ·
3260 3055 3370 3125 ἐγὼ
3392 3056 3447 3109 δὲ
3490 3058 3548 3111 tv
3572 3061 3641 3130 τῇ
3671 3064 3869 3135 καρδίᾳ

626 3151 747 3191 meo
792 3136 1035 3191 dicebam
1093 3137 1289 3190 animm
1337 3153 1509 3192 mem:
1547 3136 1853 3193 Recordare
1906 3138 2037 3205 quid
2089 3139 2187 3193 tibi

626 3228 942 3296 praeceperit
968 3227 1129 3281 Deus.

696 3317 787 3372 88.
827 3316 1295 3382 Quemadmodum
1348 3320 1714 3375 misericordia
1777 3329 1867 3374 tua
1925 3320 2188 3373 immensa

625 3416 679 3461 et
706 3409 1094 3478 investigabilis
1116 3421 1219 3471 est,
1252 3412 1323 3465 ita
1357 3414 1586 3483 gratiam
1620 3420 1766 3465 tuam
1789 3412 1855 3466 da
1885 3413 2016 3465 mihi
2051 3412 2188 3465 vivi-

628 3499 875 3554 ﬁcantem
906 3517 1013 3568 me,
1065 3512 1120 3557 et
1170 3503 1405 3572 implebo
1453 3513 1719 3573 praecepta
1754 3519 1876 3573 qua:
1917 3505 2187 3559 mandasti

628 3590 780 3643 mihi.

696 3682 783 3735 89.
814 3680 871 3735 In
898 3682 1080 3745 corde,
1114 3683 1168 3736 in
1207 3697 1317 3752 quo
1370 3682 1708 3739 familiariter
1760 3684 2053 3751 inhabitas,
2102 3686 2187 3739 in-

628 3782 905 3828 cessanter
938 3784 1022 3828 est
1050 3776 1300 3829 voluntas
1334 3784 1446 3829 tua.

698 3862 785 3918 90.
822 3862 875 3917 In
909 3866 1133 3927 sanctis,
1164 3865 1255 3933 qui
1294 3864 1443 3918 omni
1472 3874 1709 3932 tempore
1742 3866 2190 3935 complacuerunt

638 3956 755 4021 tibi,
786 3971 910 4010 vere
942 3965 1025 4009 est
1061 3956 1192 4011 ﬁdes
1223 3966 1347 4010 tua:
1395 3955 1633 4010 fundasti
1683 3959 1945 4011 mundum
1994 3958 2047 4012 in
2085 3960 2189 4013 [ide

551 4114 559 4124 I
628 4053 741 4110 tua,
769 4056 818 4099 et
847 4057 1010 4115 porta:
1037 4047 1311 4116 inferinon
1334 4048 1685 4115 praevalebunt
1713 4050 1959 4103 adversus
1979 4068 2097 4104 eam
2122 4052 2187 4105 θ’.

699 4246 785 4300 91.
821 4245 972 4302 Dono
1012 4247 1305 4317 gratiarum
1360 4255 1572 4300 tuarum
1632 4257 1909 4315 permanet
1944 4250 2035 4304 lux
2070 4260 2185 4316 tua,

2295 3158 2394 3212 μου
2417 3142 2598 3210 ἔλεγον
2627 3146 2691 3214 τῇ
2717 3144 2863 3215 ψυχῇ
2904 3162 3003 3215 μου
3029 3162 3041 3174 '
3078 3148 3395 3218 Μνημόνευε
3420 3150 3472 3202 τί
3505 3167 3590 3204 σοι
3626 3155 3869 3207 ὲντέταλο

2289 3250 2378 3286 ται
2409 3236 2436 3286 ὁ
2462 3234 2611 3297 Θεός.

2360 3327 2447 3381 88.
2484 3325 2679 3391 Καθὼς
2710 3327 2769 3381 τὸ
2798 3327 2943 3392 ἔλεός
2969 3345 3061 3382 σου
3078 3329 3406 3403 ἀμέτρητον,
3435 3332 3529 3385 καὶ
3556 3334 3866 3405 ἀνεξιχνία-

2292 3417 2414 3470 στόν
2448 3420 2612 3481 ἐστιν,
2649 3416 2790 3472 οὕτω
2820 3419 2919 3491 τὴν
2974 3421 3132 3492 χάριν
3164 3437 3259 3474 σου
3274 3421 3363 3484 δός
3395 3439 3484 3492 μοι
3510 3423 3613 3495 τὴν
3640 3425 3866 3489 ζωοποι-

2289 3506 2452 3562 οὖσάν
2482 3527 2570 3580 με,
2600 3510 2692 3563 καὶ
2721 3509 2990 3581 πληρώσω
3017 3512 3085 3565 τὰ
3111 3515 3529 3585 προστάγματα,
3554 3517 3593 3571 ἃ
3618 3520 3866 3574 ὲνετείλω

2292 3618 2403 3673 μοι.

2359 3694 2445 3747 89.
2482 3693 2573 3755 Εἰς
2597 3692 2693 3762 τὴν
2732 3692 2977 3764 καρδίαν,
3014 3694 3071 3746 ἐν
3105 3688 3139 3768 ᾖ
3182 3696 3397 3759 οἰκείως
3438 3700 3863 3771 ὲμπεριπαττῖς,

2289 3783 2581 3847 ἀπαύστως
2604 3784 2721 3835 ἐστὶ
2753 3785 2813 3836 τὸ
2839 3784 3051 3855 θέλημά
3083 3803 3195 3841 σου.

2359 3876 2446 3930 90.
2479 3877 2571 3938 Εἰς
2598 3877 2723 3940 τοὺς
2750 3877 2937 3945 ἁγίους
2967 3880 3094 3942 τοὺς
3124 3878 3244 3933 καθ’
3278 3881 3517 3955 ἑκάστην
3559 3887 3864 3959 εὐαρεστῆ-

2292 3969 2489 4033 σαντάς
2515 3986 2594 4023 σοι
2623 3969 2790 4034 ὅντως
2825 3970 2971 4023 ἐστὶν
3003 3973 3036 4042 ή
3086 3971 3265 4035 πίστις
3315 3989 3405 4026 σου
3429 3992 3440 4003 ·
3490 3977 3864 4049 cogitatu“;

2290 4063 2379 4115 τὸν
2434 4063 2635 4133 κόσμον
2683 4063 2741 4115 tv
2788 4066 2853 4133 τῇ
2881 4064 3060 4117 πίστει
3102 4081 3216 4129 σου,
3258 4067 3355 4120 καὶ
3394 4068 3583 4122 πύλαι
3614 4072 3768 4137 ᾅδου
3793 4080 3863 4130 οε)

2292 4153 2773 4221 κατισχύσουσιν
2816 4152 3027 4221 αὐτῆς.

2363 4242 2451 4296 91.
2479 4244 2557 4313 Τῇ
2595 4242 2774 4314 δωρεᾷ
2824 4244 2932 4296 τῶν
2960 4245 3317 4316 χαρισμάτων
3364 4264 3458 4301 σου
3518 4251 3766 4325 διαμένει
3805 4258 3865 4309 τὺ

630 4339 885 4407 quoniam
915 4348 969 4393 tu
997 4338 1257 4395 Dominus
1287 4355 1347 4396 es
1380 4340 1705 4404 caelestium,
1740 4349 1793 4395 et
1822 4344 2187 4408 terrestrium,
2224 4334 2263 4391 D

2309 4334 2409 4402 ρῶς
2439 4351 2553 4397 σου,
2574 4334 2655 4386 ὅτι
2685 4335 3039 4405 ἐπουρανίων,
3070 4336 3163 4388 καὶ
3184 4336 3441 4405 ἐπιγείων
3470 4342 3566 4393 καὶ
3598 4344 3865 4414 καταχθη-

630 4440 685 4483 et
723 4428 1076 4483 infernornm.

701 4520 787 4574 99.
814 4518 925 4574 Nisi
982 4521 1171 4575 saltem
1220 4537 1363 4575 nunc
1400 4520 1684 4591 cmpissem
1748 4522 1959 4579 discere
2026 4526 2193 4595 legem

632 4621 802 4672 tuam.
839 4613 928 4666 sed
970 4613 1292 4667 mansissem
1316 4624 1373 4668 ut
1422 4615 1590 4684 prius,
1619 4616 1932 4673 omnimode
1985 4619 2193 4688 peritu-

634 4720 726 4758 rns
747 4720 894 4758 eram
930 4704 983 4759 in
1024 4716 1244 4775 peccato
1274 4721 1420 4761 meo.

701 4794 787 4849 95.
821 4792 934 4848 Νοιι
984 4797 1168 4865 utique
1204 4797 1496 4852 obliviscar
1550 4800 1866 4869 passionum
1922 4813 2139 4860 tuarum
2174 4848 2187 4871 ,

633 4886 886 4957 quoniam
920 4902 1002 4941 me
1033 4898 1302 4944 mortuum
1335 4893 1595 4961 sanguine
1627 4902 1718 4949 tuo
1779 4898 2084 4952 vivilicasti.

701 5064 789 5118 94.
814 5061 1047 5119 Omnino
1084 5066 1357 5121 redemisti
1388 5084 1473 5124 me
1502 5070 1739 5139 pretioso
1769 5078 1864 5125 tuo
1905 5073 2193 5143 sanguine;

635 5156 782 5210 salva
804 5171 908 5219 me,
925 5157 1200 5225 quoniam,
1220 5159 1399 5213 audita
1427 5162 1808 5230 praedicatione
1825 5172 1939 5227 tua,
1966 5167 2193 5221 credidi.

703 5247 793 5302 95.
828 5245 909 5301 Me
936 5250 1302 5317 quaesiverunt
1328 5255 1613 5309 contrariae
1635 5265 1933 5324 potestates
1962 5259 2193 5327 perdere

637 5336 690 5389 in
722 5336 1056 5405 idololatria;
1087 5341 1226 5394 dicta
1256 5352 1435 5398 autem
1470 5362 1501 5399 a
1532 5353 1586 5401 te
1630 5347 1697 5402 de
1747 5346 1856 5402 ﬁde
1913 5348 1965 5404 in
2017 5360 2069 5404 te
2096 5388 2112 5413 ,
2145 5360 2200 5406 et

638 5442 730 5497 spe
759 5430 983 5484 audiens
1004 5431 1234 5487 credidi.

709 5606 793 5656 96.
827 5603 1015 5659 Omnis
1048 5606 1249 5675 glorize.
1287 5619 1339 5664 et
1378 5612 1610 5668 carnalis
1644 5614 1927 5684 voluptatis
1965 5615 2071 5671 vidi
2123 5616 2185 5670 ιι-

717 5745 759 5777 "
791 5742 975 5799 Matth.
1004 5757 1112 5806 xv't,
1144 5743 1207 5797 l8

2293 4425 2419 4477 νίων
2451 4425 2609 4488 αὐτὸς
2632 4424 2930 4490 δεσπόζεις.

2364 4516 2451 4572 92.
2486 4518 2547 4569 Εἰ
2574 4518 2647 4587 μὴ
2678 4516 2780 4571 κᾶν
2804 4517 2897 4570 νῦν
2932 4519 3187 4592 ἠρξάμην
3227 4519 3520 4591 μανθάνειν
3560 4524 3657 4577 τὸν
3706 4528 3865 4597 νόμον

2297 4626 2411 4673 σου,
2440 4608 2551 4661 ἀλλ’
2576 4610 2784 4680 ἐμεινον
2806 4608 2977 4673 οὕτως
2996 4610 3069 4674 ὡς
3093 4610 3153 4663 τὸ
3178 4612 3459 4682 πρότερον,
3492 4617 3658 4670 παντὶ
3678 4621 3865 4689 τρόπῳ

2297 4696 2438 4770 εἶχον
2474 4698 2768 4754 ἀπολέσθαι
2798 4701 2855 4752 tv
2880 4703 2946 4772 τῇ
2974 4701 3215 4772 ἁμαρτίᾳ
3241 4719 3362 4772 μου.

2365 4791 2449 4844 95.
2485 4790 2597 4844 Οὐκ
2628 4790 2693 4843 ἂν
2719 4791 3061 4861 ὲπι).άθωμαί
3088 4809 3215 4845 ποτε
3248 4792 3358 4846 τῶν
3387 4795 3732 4868 παθημάτων
3751 4818 3863 4862 σου.

2292 4885 2372 4936 ὃτι
2399 4883 2590 4953 νεκρόν
2623 4900 2687 4952 με
2707 4883 2835 4938 ὄντα
2853 4886 2910 4937 tv
2940 4883 3017 4954 τῷ
3033 4885 3227 4955 αἵματί
3253 4904 3346 4940 σου
3376 4887 3647 4963 ὲζωοποίη
3675 4891 3865 4965 [ἔζωο-

2294 4972 2567 5044 nomen].

2365 5068 2450 5121 94.
2500 5068 2864 5140 Ἑξηγόρασάς
2888 5085 2954 5139 με
2981 5070 3058 5141 τῷ
3081 5067 3244 5142 τιμίῳ
3270 5088 3363 5124 σου
3394 5073 3584 5143 αἵματι
3618 5076 3863 5141 τελείωςο

2301 5156 2471 5209 σῶσόν
2498 5174 2583 5227 με,
2613 5160 2713 5219 ὅτι.
2742 5159 2979 5222 ἀκούσας
3010 5159 3072 5213 τὸ
3106 5163 3366 5232 κήρυγμά
3397 5180 3512 5230 σου,
3541 5166 3863 5224 ἐπίστευσα.

2370 5248 2455 5302 95.
2498 5250 2627 5318 Ἐμὲ
2662 5251 2931 5323 ἐζήτησαν
2951 5255 3007 5307 αἱ
3030 5256 3266 5308 ἐναντίαι
3302 5256 3559 5327 δυνάμεις
3599 5261 3866 5316 ἀπολέσαι

2302 5342 2359 5394 tv
2375 5344 2439 5412 τῇ
2467 5342 2873 5417 εἰδωλολατρείᾳ
2895 5361 2909 5377 ο
2930 5346 3000 5399 τά
3033 5346 3090 5399 δὲ
3124 5347 3379 5417 λεχθέντα
3414 5352 3566 5419 παρά
3605 5352 3700 5404 σοῦ
3740 5356 3865 5425 περὶ

2302 5434 2401 5502 τῆς
2440 5435 2517 5496 εἰς
2556 5434 2612 5485 σὲ
2643 5436 2874 5499 πίστεως
2920 5438 3013 5491 καὶ
3043 5437 3254 5502 ἐλπίδος
3280 5438 3509 5492 ἀκοῦσαι
3542 5438 3863 5515 [ἀκούσας]

2303 5523 2611 5579 ἐπίστευσα.

2368 5614 2452 5669 96.
2484 5616 2667 5687 Πάσης
2686 5618 2861 5689 δόξης,
2904 5621 2998 5673 καὶ
3048 5622 3396 5687 ἀπολαύσεως
3426 5626 3696 5696 σαρκικῆς
3734 5622 3867 5684 εἶδον
