4018 6500
199 442 333 497 1193

1046 445 1132 495 ΒΕ
1172 440 1444 498 TlTULlS
1481 436 1932 493 PSALMOIKUM.
1972 470 2038 481 ——
2082 440 2279 495 PSAL.
2320 440 2553 497 CXVIII.

3290 448 3425 503 1194

258 556 344 609 97.
391 553 478 613 Ὠς
505 553 763 622 ἠγάπησα
794 552 886 605 τὸν
923 570 1085 623 νομον
1126 572 1239 617 σου,
1284 553 1474 623 Κύριε,
1509 552 1637 622 ὃλην
1662 550 1757 619 τὴν

1933 547 2021 605 97.
2060 548 2129 603 iit
2149 550 2311 605 dilexi
2336 552 2507 623 legem
2536 562 2706 615 tuam,
2734 552 2982 618 Domine,
3007 562 3119 611 tota
3146 561 3231 612 die
3258 575 3428 615 mem-

193 644 397 716 ἡμέραν
441 642 634 713 μελέτη
665 642 766 712 μού
799 646 963 695 ἐστιν.

257 734 341 787 98.
390 733 557 804 ’Υπὲρ
584 736 707 795 τοὺς
728 732 952 803 ἐχθρούς
980 751 1081 803 μου
1117 734 1374 802 ἐσόφισάς
1400 751 1465 801 με
1493 733 1589 803 τὴν
1616 735 1762 785 ἐντο-

193 824 285 895 λήν
316 841 437 876 σου*
472 826 552 877 ὅτι
587 827 665 885 εἰς
688 825 780 877 τὸν
814 825 984 878 αἰῶνα
1014 824 1137 895 ἐμοί
1167 826 1335 877 ἐστιν.

256 912 343 967 99.
393 914 560 984 ’Υπὲρ
606 915 814 977 πάντας
848 916 974 977 τοὺς
1014 914 1362 977 διδάσκοντάς
1408 931 1474 984 με
1530 915 1760 984 συνῆκα,

190 1008 267 1058 ὅτι
300 1006 367 1058 τά
398 1006 669 1077 μαρτύριά
700 1025 791 1059 σου
824 1007 1019 1077 μελέτη
1052 1006 1152 1077 μού
1175 1009 1338 1060 ἐστιν.

261 1098 377 1151 100.
418 1098 588 1168 ’Υπὲρ
613 1098 1015 1168 πρεσϐυτέρους
1046 1100 1272 1167 συνῆκα,
1303 1097 1384 1149 ὅτι
1424 1096 1525 1161 τὰς
1548 1095 1765 1159 ἐντολάς

191 1206 281 1241 σου
317 1187 637 1257 ἐξεζήτησα.

259 1279 378 1333 101.
420 1281 511 1332 Ἐκ
543 1280 720 1349 πάσης
765 1278 885 1331 ὁδοῦ
920 1280 1160 1349 πονηρᾶς
1190 1278 1438 1332 ἐκώλυσα
1486 1280 1612 1341 τοὺς
1666 1278 1764 1329 πό-

187 1368 280 1430 51;
310 1386 431 1437 μου,
458 1370 604 1431 ὅπως
632 1369 698 1421 ἂν
722 1367 942 1436 φυλάξω
972 1370 1096 1431 τοὺς
1124 1368 1315 1436 λόγους
1346 1385 1461 1420 σου.

257 1460 376 1513 102.
428 1462 560 1513 Ἀπὸ
591 1461 698 1513 τῶν
726 1462 1008 1532 χριμάτων
1038 1478 1132 1513 σου
1154 1462 1254 1514 οὐκ
1281 1460 1550 1525 ἐξέκλινα·
1581 1461 1664 1514 ὅτι
1699 1461 1763 1513 σὺ

187 1554 581 1623 ἐνομοθέτησάς
618 1572 707 1625 με.

259 1645 381 1699 105.
432 1648 519 1710 Ὠς
570 1645 773 1713 γλυκέα
835 1645 912 1717 τῷ
944 1646 1178 1716 λάρυγγί
1217 1663 1319 1715 μου
1357 1646 1427 1701 τὰ
1454 1646 1613 1715 λόγιά
1648 1665 1761 1714 σου,

191 1735 332 1807 ὑπὲρ
358 1736 476 1806 μέλι
505 1738 581 1807 τῷ
616 1738 842 1807 στόματί
879 1754 1000 1807 μου.

257 1827 381 1881 104.
418 1828 550 1879 Ἀπὸ
606 1828 714 1880 τῶν
768 1828 995 1881 ἐντολῶν
1055 1846 1148 1881 σου
1182 1829 1410 1899 συνῆκαο
1464 1829 1556 1882 διὰ
1605 1829 1763 1883 τοῦτο

183 1918 422 1988 ἐμίσησα
451 1920 629 1971 πᾶσαν
656 1920 774 1973 ὁδὸν
816 1919 1050 1983 ἀδικίας.

256 2010 612 2079 105.-Λύχνος
640 2014 751 2073 τοῖς
774 2011 900 2063 ποσί
939 2028 1040 2080 μου
1065 2013 1093 2063 ὁ
1130 2012 1295 2082 νόμος
1346 2028 1463 2075 σου,
1494 2012 1587 2065 καὶ
1642 2010 1759 2081 φῶς

180 2104 302 2163 ταῖς
328 2118 357 2152 τ
364 2101 534 2171 ρίόοις
561 2120 682 2173 μου.

258 2194 377 2247 106.
424 2196 655 2265 Ὠμοσα,
698 2196 789 2248 καὶ
814 2194 1015 2264 ἔστησα
1049 2193 1144 2247 τοῦ
1175 2194 1515 2263 φυλάξασθαι
1548 2194 1614 2247 τά
1638 2195 1762 2266 κρί-

184 2302 334 2355 ματα
366 2286 462 2356 τῆς
494 2287 835 2355 δικαιοσύνης
861 2303 974 2339 σου.

1865 642 1994 693 tatin
2022 657 2139 695 mea
2173 652 2274 697 est.

1930 731 2017 786 98.
2053 730 2227 800 Super
2280 732 2531 787 inimicos
2564 748 2714 787 meos
2755 735 3073 803 prudentem
3114 752 3199 792 me
3246 738 3421 797 fecisti

1862 822 2115 877 mandato
2138 832 2262 877 tuo:
2285 824 2411 893 quia
2433 824 2486 877 in
2514 832 2775 877 aeternum
2806 826 2935 878 mihi
2962 836 3065 881 est.

1931 911 2199 981 99.Super
2230 928 2422 968 omnes
2459 916 2714 969 docentes
2745 931 2827 969 me
2854 916 3095 972 intellexi
3127 938 3140 973 :
3176 921 3306 987 quia
3346 932 3428 977 te-

1864 1001 2118 1054 stimonia
2147 1013 2235 1055 tua
2268 1003 2547 1057 meditatio
2573 1019 2690 1057 mea
2718 1013 2824 1058 est.

1936 1092 2055 1146 100.
2083 1092 2257 1164 Super
2280 1110 2439 1149 senes
2466 1095 2722 1161 intellexi,
2746 1097 2872 1165 quia
2893 1100 3145 1156 mandata
3173 1110 3263 1157 tua
3281 1119 3429 1175 qua:-

1866 1198 1987 1234 διγι.

1936 1272 2057 1327 101.
2085 1275 2166 1327 Ab
2199 1275 2346 1328 omni
2371 1275 2454 1328 via
2488 1276 2629 1330 mala
2668 1278 2923 1346 prohibui
2963 1279 3126 1348 pedes
3164 1298 3332 1351 meos,
3370 1297 3429 1341 ut

1865 1366 2164 1419 custodiam
2189 1366 2354 1420 verba
2380 1376 2491 1420 tua.

1936 1458 2057 1511 102.
2084 1460 2128 1510 Α
2160 1458 2383 1527 judiciis
2430 1462 2538 1515 tuis
2584 1478 2691 1516 non
2734 1463 2999 1519 declinavi
3030 1485 3043 1519 :
3078 1469 3205 1536 quia
3243 1478 3299 1523 tu
3354 1471 3427 1524 le-

1866 1566 1983 1620 gem
2009 1553 2241 1620 posuisti
2274 1552 2429 1605 mihi.

1937 1643 2055 1697 l0'5.
2086 1644 2258 1709 Quam
2288 1643 2465 1697 dulcia
2501 1644 2750 1702 faucibus
2785 1649 2920 1703 meis
2944 1649 3155 1718 eloquia
3186 1660 3299 1714 tua,
3333 1668 3427 1706 su-

1866 1750 1960 1803 per
1989 1736 2094 1787 mel
2125 1734 2208 1788 ori
2238 1750 2380 1788 meo.

1939 1824 2062 1878 104.
2092 1824 2133 1877 Α
2180 1825 2449 1882 mandatis
2496 1829 2605 1882 tuis
2650 1830 2882 1884 intellexi
2918 1850 2930 1884 :
2964 1843 3245 1901 propterea
3285 1836 3428 1891 odivi

1794 1901 1835 1956 Β
1864 1932 2079 1971 onmem
2112 1918 2255 1970 viam
2289 1918 2611 1989 iniquitatis.

1940 2009 2060 2064 105.
2093 2008 2336 2064 Lucerna
2372 2010 2600 2079 pedibus
2634 2013 2769 2069 meis
2798 2015 3028 2070 'verbum
3064 2025 3240 2082 tuum,
3271 2027 3324 2072 et
3349 2018 3431 2071 ln-

1871 2118 1992 2156 men
2026 2100 2233 2155 semitis
2263 2101 2415 2155 meis.

1942 2193 2060 2246 106.
2092 2191 2301 2256 Juravi,
2336 2200 2391 2247 et
2436 2196 2603 2249 statui
2656 2196 2930 2252 custodire
2960 2199 3162 2267 judicia
3206 2201 3431 2270 justitia'

1874 2292 1997 2337 tum.

1332 2449 1703 2504 ATIIANASII
1740 2446 2315 2505 INTERPRETATIO.

178 2582 337 2645 τέλος
357 2600 371 2612 ·
394 2600 441 2634 ο.
478 2584 534 2636 δὲ
557 2600 655 2652 την
686 2584 903 2655 εντολὴν
939 2603 1029 2637 σου
1059 2584 1418 2654 φυλάττοντες
1471 2587 1762 2656 ἀτελευτή-

179 2691 279 2725 του
307 2673 484 2743 δόξης,
510 2675 603 2727 καὶ
623 2675 971 2738 ἀπολαύσεως
994 2676 1291 2740 ἀξιοῦνται.

254 2764 347 2817 97.
376 2766 459 2827 Ὠς
489 2766 643 2832 μόνος
665 2765 917 2836 ἠρξάμην
939 2767 1159 2837 ἀγαπᾷν
1181 2766 1271 2818 τὸν
1286 2768 1449 2837 νόμον
1477 2784 1589 2829 σου,
1616 2769 1759 2822 ἀδια-

179 2856 420 2919 λείπτως
442 2857 626 2910 λοιπὸν
652 2856 973 2928 φωτίξομαι,
998 2859 1089 2911 καὶ
1126 2859 1452 2930 προσκόπτω
1471 2862 1528 2913 ἐν
1551 2860 1722 2931 αὐτῷ.

254 2948 345 3001 98.
381 2947 511 3010 Ταῖς
536 2950 642 3020 γὰρ
663 2950 933 3013 ἐναντίαις
958 2950 1217 3021 δυνάμεσι
1253 2952 1345 3003 καὶ
1366 2954 1502 3005 πᾶσι
1531 2956 1643 3016 τοῖς
1672 2955 1760 3007 αἰ-

178 3038 424 3105 ρετικοῖς
448 3037 548 3088 οὑκ
571 3037 776 3101 ἔδωκας
798 3039 1051 3109 τοιαύτην
1080 3039 1261 3109 χάριν,
1287 3040 1363 3102 ὡς
1388 3042 1533 3109 ἐμοὶ,
1558 3043 1652 3094 τοῦ
1683 3045 1761 3095 είς

177 3130 334 3185 δέναι
357 3131 454 3193 τὰς
474 3130 691 3193 ἐντολάς
717 3148 833 3194 σου,
860 3131 939 3183 ὅτι
966 3132 1087 3200 ἐμοὶ
1121 3130 1476 3194 ἀδιαλείπτως
1501 3132 1762 3203 ἐδωρήσω

177 3223 285 3295 τὴν
318 3223 477 3293 χάριν
511 3224 700 3294 αὑτήν.

254 3316 345 3369 99.
394 3315 563 3385 ’Υπὲρ
590 3318 712 3378 τοὺς
750 3313 1135 3384 παλαιοτέρους
1164 3332 1263 3385 μου
1303 3317 1370 3384 τῇ
1407 3314 1592 3386 ἡλικίᾳ
1622 3316 1764 3383 ἐφω-

175 3405 377 3474 τίσθην
397 3405 465 3457 τά
494 3404 649 3472 λόγιά
680 3422 793 3467 σου,
834 3402 1131 3465 ὅτινυκτὸς
1180 3404 1271 3455 καὶ
1315 3402 1528 3473 ἡμέρας
1558 3404 1615 3455 ἐν
1665 3404 1765 3456 αύ-

176 3500 298 3560 τνιῖς
336 3497 564 3565 μελετῶ.

256 3589 383 3641 100.
416 3588 586 3657 ’Υπὲρ
615 3586 739 3646 τοὺς
766 3584 873 3655 πρὸ
901 3581 1034 3653 ἐμοῦ
1055 3583 1213 3645 ὄντας
1234 3584 1300 3651 τῇ
1330 3581 1526 3651 γνώσει
1558 3582 1766 3651 συνῆκα

172 3680 283 3750 τὴν
350 3678 580 3749 δύναμιν
640 3676 747 3729 τῶν
803 3677 841 3729 Γ
847 3675 1054 3747 ραφῶν,
1118 3675 1198 3726 ὅτι
1245 3674 1342 3736 τὰς
1396 3673 1615 3736 ἐντολάς
1672 3690 1765 3726 σου

176 3771 455 3840 ἐπόθησα.

262 3866 383 3920 101.
423 3863 556 3915 ’Λπὸ
588 3861 767 3930 πάσης
814 3860 1085 3931 ἁμαρτίας
1134 3858 1375 3928 πονηρᾶς
1421 3856 1765 3927 ἐπαυσάμην,

173 3954 335 4016 ὅπως
376 3952 650 4022 πληρώσω
681 3954 759 4014 είς
793 3951 855 4003 σὲ
900 3951 993 4004 καὶ
1026 3950 1116 4001 τὸν
1176 3948 1404 4019 πλησίον
1431 3948 1672 4017 ἀγάπην.

252 4044 381 4097 102.
429 4043 515 4094 Ἑν
543 4045 656 4104 τοῖς
696 4040 1075 4110 προστάγμασί
1102 4057 1196 4092 σου
1243 4039 1471 4105 πλαγεὶς
1493 4040 1595 4090 οὐκ
1638 4041 1766 4091 ἐπο-

173 4134 378 4206 ρεύθη,
406 4134 488 4185 ὅτι
514 4134 578 4186 σὺ
613 4132 711 4201 τῆς
739 4132 957 4201 χάριτός
988 4148 1081 4183 σου
1110 4130 1460 4202 [ἐπορεύθην,
1490 4130 1576 4182 ὅτι
1604 4131 1667 4181 σὺ
1699 4133 1763 4199 τῇ

170 4227 367 4299 χάριτί
402 4224 521 4298 σου]
548 4225 831 4296 ὁδηγήσεις
862 4240 948 4294 με.

252 4320 381 4374 105.
412 4318 485 4369 Τὸ
514 4318 612 4388 μὲν
640 4316 851 4387 πρῶτον
913 4315 1078 4368 ίδικὸν
1106 4313 1264 4367 τοῦτό
1301 4316 1440 4379 ἐστι,
1490 4315 1571 4367 ὅτι
1625 4314 1763 4385 ὑπὲρ

164 4413 240 4466 τὸ
280 4412 405 4482 μέλι
425 4410 734 4480 γλυκύτερά
755 4412 857 4462 εἰσι
886 4409 952 4461 τά
981 4407 1137 4474 λόγιά
1160 4423 1274 4459 σου·
1310 4409 1486 4460 ἐκεῖνο
1509 4408 1615 4477 γάρ
1639 4406 1761 4459 οὔτε

167 4507 259 4567 εἰς
292 4504 393 4573 τὴν
453 4500 679 4571 καρδίαν
721 4516 821 4569 μου
855 4500 1190 4568 εἰσέρχονται
1238 4495 1615 4568 [είσέρχεται].
1669 4498 1761 4548 καὶ

1864 2599 2022 2637 nem:
2056 2581 2426 2636 custodientes
2485 2591 2664 2637 autem
2717 2586 3033 2641 mandatum
3089 2599 3239 2642 tuum
3287 2592 3431 2659 digni

1859 2671 1986 2728 facti
2015 2681 2143 2728 sunt
2170 2673 2460 2727 intermina
2485 2674 2677 2743 gloria,
2715 2684 2768 2729 et
2798 2677 3095 2747 voluptate.

1932 2763 2018 2816 97.
2054 2762 2121 2817 Ut
2151 2763 2326 2818 solum
2371 2764 2510 2832 ccepi
2544 2765 2766 2835 diligere
2810 2766 2977 2838 legem
3013 2780 3196 2837 tuam,
3229 2771 3429 2829 indesi-

1861 2866 2054 2911 nenter
2085 2866 2270 2926 postea
2306 2856 2608 2921 illuminor,
2641 2867 2696 2912 et
2720 2859 2946 2925 prollcio
2969 2860 3023 2915 in
3049 2863 3190 2932 ipsa.

1931 2945 2020 3000 98.
2056 2944 2191 3000 Nam
2219 2945 2509 2999 contrariis
2536 2948 2917 3015 potestatibus,
2946 2959 3003 3003 et
3027 2953 3284 3008 omnibus
3316 2955 3427 3008 bte-

1859 3039 2044 3094 reticis
2069 3054 2175 3093 non
2204 3038 2399 3093 dedisti
2434 3038 2598 3091 talem
2625 3039 2877 3108 gratiam,
2906 3040 3048 3095 sicut
3073 3043 3229 3110 mihi,
3254 3054 3314 3098 ut
3340 3046 3426 3099 in-

1859 3131 2151 3200 telligerem
2178 3130 2430 3182 mandata
2459 3139 2570 3192 tua,
2602 3131 2860 3200 quoniam
2891 3132 3025 3186 milii
3051 3133 3419 3191 indesinenter

1789 3236 1830 3291 ο
1864 3220 2076 3276 donasti
2104 3234 2223 3275 eam
2254 3220 2503 3290 gratiam.

1939 3313 2027 3369 99.
2074 3311 2246 3381 Super
2278 3327 2468 3367 omnes
2510 3312 2750 3369 seniores
2795 3330 2882 3369 me
2928 3317 3268 3375 illuminatus
3305 3338 3424 3377 sum

1869 3406 1923 3459 in
1944 3406 2174 3474 eloquiis
2205 3405 2331 3471 tuis,
2363 3406 2623 3475 quoniam
2654 3414 2812 3459 nocte
2847 3421 2911 3460 ac
2946 3408 3033 3461 die
3066 3410 3116 3461 in
3150 3410 3282 3480 ipsis
3316 3427 3428 3466 mc—

1868 3495 2030 3549 (litor.

1939 3585 2061 3639 100.
2097 3584 2270 3653 Super
2308 3599 2523 3647 omnes.
2550 3585 2643 3654 qui
2682 3588 3075 3643 antecedebant
3118 3606 3202 3645 me
3243 3594 3430 3663 cogni-

1870 3677 2035 3739 tione,
2090 3677 2328 3731 intellexi
2379 3678 2635 3731 virtutem
2674 3678 3105 3748 Scripturarum,
3165 3687 3429 3754 quoniam

1868 3768 2120 3823 mandata
2142 3777 2231 3822 tua
2271 3768 2595 3823 desideravi.

1938 3860 2058 3915 101.
2093 3861 2175 3914 Ab
2207 3862 2353 3915 omni
2384 3874 2549 3930 pravo
2603 3870 2825 3932 peccato
2856 3865 3085 3933 cessavi,
3132 3875 3193 3921 ut
3218 3883 3342 3939 erga
3380 3877 3433 3923 te

1866 3959 1921 4005 et
1956 3951 2262 4020 proximum
2287 3952 2607 4006 charitatem
2637 3954 2934 4021 implerem.

1943 4042 2063 4095 102.
2092 4041 2146 4095 In
2172 4047 2452 4113 prmceptis
2480 4045 2586 4098 tuis
2611 4046 2832 4099 territus
2857 4046 3153 4115 ambulavi,
3170 4052 3429 4119 quoniam

1870 4143 1923 4186 tu
1951 4135 2183 4190 deduces
2216 4152 2303 4190 me
2330 4137 2500 4205 gratia
2528 4146 2639 4189 tua.

1940 4309 2059 4362 105.
2099 4309 2311 4365 Primus
2360 4312 2575 4380 quidem
2626 4311 2882 4381 proprius
2940 4326 3135 4369 sensus
3189 4313 3279 4369 hic
3324 4325 3430 4381 est,

1866 4402 2008 4470 quod
2032 4402 2189 4455 melle
2222 4402 2461 4456 dulciora
2501 4412 2628 4455 sunt
2666 4404 2883 4473 eloquia
2915 4412 3005 4458 tua
3042 4423 3057 4469 ;
3105 4406 3235 4461 illud
3285 4411 3430 4463 enim

1866 4510 2043 4563 neque
2076 4495 2133 4547 in
2163 4510 2258 4548 cor
2280 4510 2458 4547 meum
2488 4494 2807 4563 ingreditur,
2857 4504 2909 4549 et
2948 4505 3235 4565 postquam
3277 4516 3432 4555 acce-

168 4598 326 4669 μετά
347 4595 532 4649 λαϐεῖν
564 4593 715 4655 αὐτὸ,
737 4591 941 4653 εὐθέως
962 4592 994 4659 ὴ
1018 4588 1290 4658 γλυκύτης
1313 4588 1476 4641 αὑτοῦ
1506 4588 1753 4641 παύεται·

1865 4598 2014 4655 ptum
2058 4596 2159 4649 est,
2187 4587 2367 4639 statim
2402 4595 2578 4640 cessat
2613 4584 2734 4653 ejus
2769 4585 2998 4641 dulcedo
3033 4605 3049 4652 ;
3083 4589 3193 4642 haec
3223 4600 3427 4648 autem.

162 4687 355 4741 ταῦτα
376 4687 434 4739 δὲ
466 4684 789 4755 διαμένοντα
816 4683 895 4744 είς
914 4681 1011 4750 τὴν
1044 4680 1274 4751 καρδίαν
1308 4697 1409 4749 μου
1437 4678 1765 4742 πλεονάζου·

167 4798 265 4834 σιν
294 4781 375 4841 είς
401 4777 498 4848 ἐμὲ
527 4777 624 4846 τὴν
654 4774 965 4843 γλυκύτητα
999 4771 1193 4825 αὐτῶν·
1226 4771 1288 4824 τὸ
1316 4770 1370 4824 δὲ
1392 4771 1760 4843 ἀλληγορῆσαι

162 4873 341 4927 τοῦτό
369 4874 537 4935 ἐστιν,
567 4870 702 4938 ὅπερ
739 4867 878 4937 ὑπὲρ
910 4867 1087 4919 πᾶσαν
1119 4864 1357 4935 ἠδύτητα
1409 4864 1501 4916 τοῦ
1558 4863 1760 4932 κόσμου

161 4962 496 5033 γλυκύτερά
526 4963 630 5013 εἰσι
656 4959 723 5011 τά
769 4958 926 5026 λόγιά
969 4974 1081 5020 σου,
1106 4958 1192 5009 ὅτι
1235 4956 1332 5025 τῆς
1375 4956 1594 5009 αἰωνίου
1625 4957 1761 5009 ἀπο-

161 5056 427 5114 λαύσεως
468 5052 647 5121 έχουσι
672 5051 771 5121 τὴν
804 5048 1149 5117 προσδοκίαν.

244 5146 377 5201 104.
422 5145 553 5196 Ἀπὸ
600 5142 708 5195 τῶν
730 5141 1108 5210 δικαιωμάτων
1134 5155 1228 5191 σου
1262 5136 1641 5209 συνεπείσθην·
1673 5137 1761 5191 διά

158 5237 340 5292 τοῦτο
367 5233 721 5303 ἀπεστράφην
748 5232 927 5284 πᾶσαν
955 5227 1255 5299 ἁμαρτίαν.

241 5327 379 5383 105.
405 5328 570 5379 Ὅταν
611 5323 798 5385 σκότος
826 5321 1029 5393 ἐπέλθῃ
1056 5336 1145 5389 μοι
1176 5320 1273 5389 τῆς
1306 5317 1603 5388 ἁμαρτίας,
1635 5316 1759 5385 φαί-

159 5442 254 5477 νει
290 5439 383 5493 μοι
422 5419 593 5488 ὄνομά
625 5434 740 5477 σου,
790 5415 864 5485 μὴ
905 5410 1206 5484 προσκόψαι
1234 5408 1642 5480 [προσκόψαντά
1668 5406 1757 5479 με]

154 5519 235 5587 τῇ
305 5510 551 5581 ἁμαρτία
594 5509 797 5569 πεσεῖν,
854 5505 887 5574 ἢ
928 5504 1203 5574 πληγῆναι
1250 5500 1331 5554 ἔτι
1364 5501 1467 5571 τῆς
1519 5499 1758 5564 διανοίας

159 5626 279 5678 μου
320 5604 411 5676 [τῇ
436 5602 643 5670 διανοίᾳ
666 5598 815 5671 μου],
844 5598 937 5650 καὶ
958 5594 1177 5664 φωτίζει
1239 5610 1327 5663 με,
1377 5592 1430 5645 τί
1454 5594 1684 5663 ποιήσω.

242 5700 377 5754 106.
424 5700 480 5750 'U
508 5698 666 5766 ὅρκος
698 5694 879 5755 πίστις
940 5689 1078 5742 ἐστί’
1114 5686 1407 5750 πιστεύσας
1446 5683 1538 5741 οὖν
1570 5688 1649 5749 εἰς
1677 5686 1756 5751 σὲ,

157 5790 440 5864 ἐστήριξα
464 5791 560 5860 τὴν
589 5788 811 5859 καρδίαν
845 5803 967 5857 μου,
1006 5783 1098 5836 τοῦ
1129 5782 1411 5854 πληρῶσαι
1454 5781 1515 5833 τὸ
1545 5779 1759 5848 Θέλημα

162 5890 275 5955 τῆς
300 5882 631 5951 ἀγαῦὁτητός
658 5897 746 5931 σου
757 5919 771 5930 .

526 5977 787 6035 Parnm"
823 5974 938 6032 Gn.
976 5969 1237 6031 XXVII.

1862 4693 1985 4731 cum
2013 4686 2360 4745 perseverant
2389 4676 2440 4729 in
2464 4677 2628 4730 corde
2655 4691 2797 4743 meo,
2829 4687 3028 4748 augent
3076 4679 3129 4731 in
3163 4693 3248 4732 me
3274 4695 3427 4733 suam

1864 4770 2201 4825 dulcedinem
2230 4788 2243 4822 :
2281 4769 2569 4839 allegorice
2603 4779 2783 4821 autem
2832 4769 2934 4823 hoc
2966 4770 3253 4839 signiﬁcat,
3282 4774 3427 4841 quod

1864 4863 2075 4931 eloquia
2119 4872 2209 4916 tua
2244 4863 2485 4917 dulciora
2533 4870 2659 4915 sunt
2702 4860 2852 4915 omni
2899 4860 3085 4914 mundi
3121 4863 3425 4925 dulcedine,

1863 4955 2120 5024 quoniam
2146 4955 2602 5024 exspectationem
2640 4952 2839 5006 habent
2871 4962 3087 5006 aeterna:
3113 4954 3424 5019 voluptatis.

1934 5125 2057 5180 104.
2104 5127 2149 5179 Α
2189 5125 2677 5195 justiticationibus
2709 5126 2820 5180 tuis
2846 5124 3071 5179 edoctus
3106 5141 3251 5191 sum,
3295 5141 3420 5196 pro-

1862 5225 2044 5284 pterea
2073 5216 2418 5269 abominatus
2438 5230 2559 5268 sum
2590 5230 2751 5269 omne
2773 5223 3073 5285 peccatum.

1934 5308 2056 5363 105.
2092 5308 2228 5362 Cum
2246 5308 2449 5375 peccati
2475 5308 2709 5361 tenebrae
2732 5307 2993 5377 ingruunt
3015 5305 3171 5371 mihi,
3203 5317 3426 5376 apparet

1862 5398 1993 5453 milii
2028 5413 2225 5452 nomen
2260 5409 2435 5461 tuum,
2478 5413 2545 5451 ne
2580 5395 2859 5451 oﬂ'endens
2898 5395 2951 5448 in
2996 5404 3301 5465 peceatum,
3333 5412 3426 5450 ea—

1861 5493 2009 5553 dam,
2044 5500 2138 5544 aut
2165 5490 2326 5543 etiam
2356 5499 2535 5543 mente
2576 5503 2707 5542 mea-
2747 5486 3041 5557 percutiar,
3072 5496 3127 5542 et
3153 5487 3427 5541 illuminat

1862 5598 1967 5646 me,
1996 5582 2126 5649 quid
2167 5581 2383 5633 faciam.

1937 5674 2055 5727 106.
2099 5672 2478 5727 Jul-amentum
2534 5668 2667 5725 ﬁdes
2708 5678 2793 5724 est
2832 5687 2845 5722 :
2886 5668 3111 5722 credens
3159 5666 3323 5737 igitur
3370 5666 3423 5719 in

1860 5778 1932 5833 te,
1968 5765 2252 5821 oblirmavi
2302 5779 2396 5819 cor
2440 5778 2643 5818 meum.
2695 5772 2753 5816 ut
2800 5761 3050 5830 impleam
3096 5759 3426 5814 voluntatem

1861 5860 2121 5916 bonitatis
2150 5866 2273 5911 tuae.

3070 5946 3146 6004 38
