4018 6498
194 439 326 492 1197

266 549 381 602 118.
442 546 824 611 Ἐξουδένωσας
873 547 1074 609 πάντας
1130 549 1254 610 τοὺς

189 641 296 693 ἀπὸ
317 640 421 691 τῶν
446 641 825 708 δικαιωμάτων
878 655 999 690 σου’
1055 642 1134 692 ὅτι
1169 640 1349 693 ἄδικον
1383 641 1439 694 τὸ
1469 640 1756 712 ἐνθύμημα

187 733 387 784 αὐτῶν.

263 823 382 875 119.
456 821 891 893 Παραϐαίνοντας
952 823 1281 894 ἐλογισάμην
1354 826 1562 886 πάντας
1633 825 1759 886 τοὺς

189 914 543 985 ἁμαρτωλοὺς
576 917 673 984 τῆς
701 914 823 984 γῆς·
861 914 947 967 διὰ
996 915 1151 967 τοῦτο
1206 917 1465 985 ἠγάπησα
1511 916 1579 968 τὰ
1613 933 1757 985 μαρ-

187 1005 351 1075 τύριά
386 1023 497 1057 σου.

261 1099 383 1152 120.
411 1096 729 1167 Καθήλωσον
753 1098 815 1149 ὲκ
834 1096 924 1149 τοῦ
956 1096 1119 1164 φόϐου
1151 1116 1240 1150 σου
1273 1099 1372 1161 τὰς
1402 1099 1608 1169 σάρκας
1633 1115 1754 1166 μου·

187 1190 296 1242 ἀπὸ
328 1190 432 1260 γὰρ
461 1190 567 1240 τῶν
598 1191 877 1259 χριμάτων
910 1207 1000 1242 σου
1039 1190 1330 1261 ἐφοϐήθην.

262 1277 383 1329 121.
423 1278 678 1348 Ἐποίησα
707 1283 878 1350 κρῖμα
929 1282 1019 1332 καὶ
1065 1280 1425 1352 δικαιοσύνην·
1481 1283 1555 1354 μὴ
1587 1303 1758 1356 παρα-

184 1369 290 1438 δῴς
325 1388 388 1438 με
417 1374 526 1432 τοῖς
554 1371 795 1424 ἀδικοῦσί
823 1390 907 1442 με.

263 1460 380 1513 122.
417 1461 666 1525 Ἐκδεξαι
699 1461 787 1515 τὸν
811 1462 992 1515 δοῦλόν
1023 1480 1115 1516 σου
1167 1468 1245 1527 εἰς
1293 1466 1515 1533 ἀγαθόν·
1551 1469 1626 1538 μὴ
1664 1486 1755 1520 συ-

185 1553 680 1623 κοφαντησάτωσάν
722 1571 786 1622 με
811 1554 1164 1625 ὑπερήφανοι.

260 1643 380 1696 125.
426 1646 486 1696 Οἱ
528 1644 793 1714 ὀφθαλμοί
844 1663 944 1714 μου
995 1645 1238 1710 ἐξέλιπον
1263 1649 1354 1710 ἐίς
1392 1649 1452 1701 τὸ
1495 1651 1756 1719 σωτήριόν

188 1751 308 1797 σου,
333 1735 424 1787 καὶ
456 1738 532 1796 είς
564 1737 623 1787 τὸ
648 1735 824 1803 λόγιον
849 1736 949 1806 τῆς
976 1738 1319 1810 δικαιοσύνης
1353 1757 1466 1794 σου.

259 1826 384 1880 121.
413 1827 642 1898 Ποίησον
688 1828 825 1897 μετὰ
860 1829 952 1882 τοῦ
997 1830 1180 1882 δούλου
1217 1849 1308 1883 σου
1353 1831 1491 1884 κατὰ
1515 1832 1573 1885 τὸ
1607 1833 1752 1897 ἔλεός

189 1936 304 1980 σου,
334 1918 427 1971 καὶ
456 1919 523 1972 τὰ
552 1920 892 1991 δικαιώματά
927 1940 1016 1975 σου
1043 1923 1246 1986 δίδαξον
1280 1941 1365 1992 με.

259 2010 382 2063 125.
415 2010 607 2073 Δοῦλός
637 2012 728 2063 σού
757 2015 869 2083 εἰμι
895 2013 1027 2081 ἐγὼ,
1065 2015 1340 2067 συνέτισὸν
1363 2034 1450 2086 με,
1485 2019 1577 2070 καὶ
1610 2017 1750 2084 fw?)-

188 2117 353 2169 σομαι
379 2101 446 2153 τά
474 2101 748 2172 μαρτύριά
775 2120 890 2156 σου.

260 2192 381 2246 126.
409 2193 613 2263 Καιρὸς
653 2192 746 2244 τοῦ
785 2194 1004 2262 ποιῆσαι
1037 2194 1114 2264 τῷ
1160 2196 1346 2266 Κυρίῳ
1368 2216 1379 2225 ·
1405 2197 1749 2251 διεσκέδασαν

185 2283 277 2334 τᾶν
308 2284 468 2353 νόμον
507 2301 621 2336 σου.

259 2376 382 2430 127.
426 2377 522 2429 Διὰ
565 2376 719 2428 τοῦτο
767 2378 1029 2450 ἠγάπησα
1055 2380 1154 2442 τὰς
1204 2383 1418 2443 ἐντολάς
1463 2401 1553 2435 σου
1620 2387 1753 2454 ὅπερ

187 2467 428 2535 χρυσίον,
450 2468 542 2519 καὶ
567 2468 841 2532 τοπάζιον.

1035 438 1117 489 DE
1161 435 1437 491 TITULIS
1476 434 1916 489 PSALMORUM.
1958 468 2025 476 ——
2063 437 2260 494 PSAL.
2299 438 2527 495 CXVIII.

1325 549 1754 611 ἀποστατοῦντας
1783 555 1830 611 Α

3279 449 3410 501 1198

1928 549 2050 608 118.
2085 551 2340 621 Sprevisti
2371 571 2559 610 omnes
2586 556 2920 613 discedentes
2955 576 2982 613 a
3003 559 3225 629 judiciis
3260 566 3366 616 tuis
3397 584 3407 617 :

1858 643 1982 711 quia
2011 644 2211 713 injusta
2235 648 2487 715 cogitatio
2512 663 2726 707 eorum.

1932 822 2051 875 119.
2089 822 2508 881 Ριοωνοι-ἰετιηιεε
2553 830 2796 895 reputavi
2859 846 3046 884 omnes
3104 843 3412 900 peccatores

1859 922 2013 966 terra;
2043 932 2054 967 :
2087 914 2206 968 ideo
2231 917 2393 971 dilexi
2427 917 2732 973 testimonia
2765 931 2878 974 tua.

1929 1091 2049 1147 120.
2075 1093 2294 1164 Conﬁge
2333 1097 2526 1151 timore
2556 1106 2649 1152 tuo
2675 1112 2869 1153 carnes
2907 1114 3058 1153 meas
3090 1118 3103 1152 :
3137 1116 3165 1153 a
3189 1101 3414 1166 judiciis

1857 1185 1997 1239 enim
2027 1187 2132 1240 tuis
2161 1188 2335 1241 timui.

1927 1278 2048 1332 121.
2086 1277 2208 1331 Feci
2244 1279 2510 1346 judicium
2543 1289 2596 1335 et
2627 1281 2895 1348 justitiam
2924 1300 2936 1334 :
2967 1297 3074 1336 non
3113 1283 3295 1337 tradas
3329 1299 3414 1337 me

1857 1370 2316 1424 calumniantibus
2340 1386 2447 1424 me.

1929 1462 2048 1516 122.
2070 1461 2293 1532 Suscipe
2319 1477 2533 1516 servum
2564 1471 2714 1518 tuum
2741 1465 2792 1518 in
2815 1465 3014 1519 bonum
3043 1485 3054 1520 :
3078 1483 3182 1521 non
3215 1468 3416 1522 calum-

1856 1553 2075 1608 nientur
2104 1569 2189 1608 me
2236 1555 2476 1624 superbi.

1928 1645 2047 1698 125.
2072 1643 2222 1699 Oculi
2257 1645 2361 1699 mei
2393 1643 2700 1699 defecerunt
2733 1647 2783 1698 in
2816 1647 3054 1701 salutare
3115 1658 3290 1709 tuum,
3355 1658 3408 1701 et

1858 1735 1909 1788 in
1939 1738 2215 1805 eloquium
2242 1737 2466 1805 justitia:
2493 1744 2617 1790 tuae.

1925 1828 2046 1881 124.
2073 1826 2180 1883 Fac
2194 1843 2318 1882 cum
2347 1844 2505 1883 servo
2538 1839 2631 1882 tuo
2661 1830 2956 1883 secundum
2983 1830 3408 1883 misericordiam

1785 1905 1823 1960 Β
1855 1928 2022 1978 luam,
2047 1928 2099 1972 et
2127 1919 2544 1986 justilicationes
2572 1929 2692 1973 tuas
2715 1921 2846 1974 doce
2874 1935 2979 1974 me.

1924 2008 2044 2061 125.
2075 2006 2274 2062 Servus
2299 2018 2425 2063 tuus
2455 2025 2574 2062 sum
2619 2025 2738 2078 ego,
2773 2010 2838 2063 da
2890 2011 3021 2062 mihi
3063 2010 3410 2072 intellectum,

1852 2113 1902 2155 et
1932 2103 2097 2155 sciam
2128 2103 2435 2156 testimonia
2468 2111 2577 2155 tua.

1924 2197 2044 2249 126.
2101 2195 2338 2264 Tempus
2393 2195 2624 2250 faciendi
2691 2197 2955 2251 Domino:
3013 2198 3412 2267 dissipaverunt

1853 2289 2020 2355 legem
2047 2298 2217 2342 tuam.

1923 2377 2202 2432 127.1‹Ιρο
2251 2379 2414 2434 dilexi
2465 2379 2717 2435 mandata
2753 2389 2845 2434 tua
2899 2396 3061 2450 super
3096 2397 3308 2442 aurum,
3356 2395 3412 2438 et

1852 2470 2121 2539 topazion.

1317 2605 1684 2660 ATIIA-NASII
1715 2601 2292 2659 INTERPRETATIO.

186 2766 280 2818 καὶ
307 2763 734 2836 φυλαχθησομαι.
765 2766 853 2816 καὶ
887 2766 1102 2836 εἰρήνης
1149 2764 1315 2837 οὔσης
1349 2767 1404 2818 ἐν
1435 2767 1577 2837 ἐμοὶ,
1606 2767 1756 2818 οὔδε-

189 2860 288 2928 μία
321 2877 407 2928 μοι
434 2860 566 2927 ἄχλη
595 2856 774 2927 [ἄλλη]
810 2857 957 2909 ἔσται
982 2857 1218 2927 φροντὶς,
1248 2858 1279 2928 ἢ
1323 2859 1396 2928 μὴ
1448 2858 1539 2909 τοῦ
1588 2860 1758 2908 ποιεῖν

184 2950 249 3003 τὸ
274 2950 482 3019 θέλημά
517 2966 607 3000 σου
631 2947 933 3010 διαπαντός.

257 3041 380 3094 118.
416 3041 534 3091 "Ott
563 3040 610 3089 oi
649 3040 744 3109 μὲν
799 3040 1118 3090 ἐπίστευσαν
1157 3035 1293 3089 εἶναί
1347 3055 1404 3088 σε
1450 3037 1599 3098 Θεὸν,
1624 3039 1670 3089 οἱ
1701 3037 1756 3088 δὲ

1856 2766 1997 2827 diar,
2022 2773 2218 2817 etcum
2255 2779 2359 2832 pax
2398 2764 2501 2820 erit
2528 2764 2582 2816 in
2628 2779 2736 2825 me,
2775 2763 2921 2818 nulla
2968 2765 3071 2818 alia
3113 2766 3242 2818 mihi
3277 2782 3407 2820 cura

1855 2859 1976 2917 erit,
2003 2857 2104 2908 nisi
2131 2854 2307 2910 facere
2330 2856 2657 2909 voluntatem
2693 2865 2840 2911 tuam
2865 2873 3094 2924 semper.

1926 3024 2046 3079 118.
2078 3025 2347 3092 Quoniam
2391 3026 2483 3080 alii
2519 3027 2735 3097 quidem
2768 3029 3110 3082 crediderunt
3156 3041 3205 3084 te
3244 3033 3407 3085 Deum

297 3130 566 3200 ἀσελγείᾳ,
604 3130 696 3182 καὶ
723 3132 786 3200 τῇ
816 3129 1111 3198 πλεονεξία,
1141 3129 1232 3181 καὶ
1280 3131 1388 3190 τοῖς
1422 3128 1626 3200 λοιποῖς
1667 3127 1753 3190 ἒξ-

1857 3134 1997 3175 esse.
2024 3121 2111 3174 alii
2139 3129 2319 3174 autem
2352 3121 2588 3176 lascivia:
2611 3130 2664 3175 ct
2706 3123 2966 3186 avaritize,
2994 3135 3046 3176 et
3074 3124 3298 3193 reliquis
3331 3127 3412 3178 vi-

187 3223 394 3274 έδωκαν
426 3219 669 3282 ἑαυτούς.

256 3311 378 3364 119.
418 3309 794 3380 Ἐλογισάμην,
849 3311 930 3363 ὅτι
980 3308 1339 3380 ἀπολλύμενοί
1400 3311 1503 3362 εἰσι
1558 3311 1754 3372 πάντες

184 3403 231 3454 οἱ
262 3405 328 3471 τῇ
353 3401 604 3473 ἀσελγείᾳ
631 3401 1030 3471 κεκολλημένοι”
1058 3401 1146 3454 διὰ
1173 3401 1327 3453 τοῦτο
1356 3400 1503 3452 ποθῶ
1532 3401 1596 3451 τὰ
1624 3418 1757 3470 μαρ-

184 3494 346 3563 τύριά
378 3510 488 3546 σου·
520 3494 601 3544 ὃτι
627 3491 740 3563 ζωὴ
765 3492 977 3554 αἰώνιός
1003 3493 1160 3544 εἰσιν.

257 3585 378 3639 120.
413 3582 726 3654 Πεπηγὲναι.
757 3584 981 3652 ποίησον
1014 3583 1305 3636 ἀσάλευτον
1338 3583 1394 3635 ὲν
1427 3586 1537 3646 τοῖς
1571 3583 1752 3652 μέλεσί

188 3693 285 3742 μου
317 3675 406 3726 τὸν
452 3673 612 3743 φόϐον
662 3691 776 3736 σου,
823 3675 908 3727 ἵνα
962 3675 1363 3746 νενεκρωμένος
1419 3675 1647 3744 ὑπάρχω
1687 3678 1750 3742 τῇ

185 3765 446 3837 ἁμαρτία·
478 3766 683 3836 ἥκουσα
707 3767 814 3836 γάρ
859 3767 986 3837 περὶ
1017 3768 1124 3820 τῶν
1181 3767 1408 3820 αἰωνίων
1461 3767 1749 3824 κολάσεων.

183 3859 276 3910 καὶ
299 3857 590 3928 ἐφοϐήθην.

257 3950 377 4004 121.
438 3951 763 4003 Ἐπίστευσα
816 3950 997 4014 καθὼς
1066 3950 1311 4003 ἐνετείλω
1379 3967 1493 4019 μοι,
1548 3952 1640 4002 καὶ
1695 3949 1754 4001 τὸ

183 4041 395 4111 θέλημά
427 4059 520 4093 σου
552 4041 905 4111 πεπλήρωκα-
930 4043 1003 4112 μὴ
1023 4043 1380 4112 συγχωρήσῃς
1402 4040 1752 4110 κυριευθῆναί

184 4150 250 4204 με
277 4133 382 4185 ὑπὸ
411 4132 515 4184 τῶν
538 4134 790 4186 ἐναντίων
816 4133 1110 4202 δυνάμεων.

250 4221 374 4276 122.
437 4222 873 4294 Μακροθύμησον
913 4225 990 4285 εἰς
1033 4223 1129 4292 τὴν
1189 4224 1472 4292 μετένοιάν
1520 4240 1641 4292 μου,
1676 4225 1749 4294 μὴ

182 4314 412 4384 εὕρωσιν
444 4315 500 4366 αἱ
534 4315 768 4367 ἐναντίαι
802 4315 1055 4385 δυνάμεις
1083 4315 1334 4385 ἀφορμήν
1375 4331 1495 4366 τινα
1521 4331 1750 4384 κατηγο-

184 4405 392 4476 ρεῖσθαί
421 4423 486 4475 με
507 4407 641 4476 πρὸς
671 4405 750 4460 σέ.

252 4498 375 4552 125.
408 4500 563 4560 Ὄλος
584 4502 612 4551 ὁ
641 4499 800 4562 πόθος
830 4499 918 4570 μοί
946 4502 1061 4552 ἐστι
1090 4500 1148 4551 τὸ
1177 4499 1427 4564 δέξασθαι
1462 4499 1560 4568 τὴν
1588 4499 1744 4569 χάριν
1776 4493 1824 4550 D

184 4607 299 4651 σου,
327 4591 423 4643 καὶ
456 4591 735 4660 πληρῶσαι
771 4592 911 4662 άπερ
937 4591 1184 4643 ὲνετείλω
1221 4607 1330 4660 μοι.

250 4681 376 4736 124.
404 4683 511 4735 Καὶ
545 4681 616 4734 τά
658 4681 998 4752 δικαιώματά
1049 4699 1139 4734 σου
1185 4682 1407 4750 ποίησον
1442 4683 1554 4751 μετ’
1585 4682 1741 4750 ἐμου,

179 4774 253 4837 ὡς
295 4773 455 4826 εἴωθε
501 4774 562 4826 τὸ
604 4773 749 4836 ἔλεός
791 4791 904 4836 σου,
957 4775 1048 4826 καὶ
1098 4773 1238 4826 κατά
1280 4773 1340 4825 τὸ
1385 4772 1609 4844 μέγεθος
1651 4769 1742 4823 τοῦ

183 4867 361 4930 ἐλέους
405 4866 498 4919 καὶ
547 4869 610 4937 τῇ
658 4867 839 4936 χάριτί
885 4884 976 4918 σου
1020 4866 1349 4936 κατάρτισαι
1393 4866 1488 4935 τὴν
1518 4862 1743 4930 καρδίαν

185 4974 285 5022 μου
319 4956 584 5009 ἐπιτελεῖν
605 4955 672 5007 τὰ
694 4956 874 5008 δίκαια
903 4957 1038 5026 μετὰ
1067 4955 1182 5008 σοῦ.

248 5134 370 5187 123.
413 5132 780 5204 Ἐξηγὸρασάς
815 5150 879 5203 με
915 5133 991 5202 τῷ
1033 5134 1194 5202 τιμίῳ
1239 5133 1449 5200 αἵματι,
1501 5133 1591 5183 καὶ
1645 5132 1745 5183 ὑπ-

179 5224 340 5288 ἑταξά
366 5240 446 5276 σοι
475 5224 724 5293 ἐμαυτόν·
743 5224 828 5286 δός
861 5240 948 5294 μοι
965 5224 1060 5290 τὴν
1086 5223 1264 5294 χάριν,
1295 5223 1379 5274 ἵνα
1402 5221 1603 5288 ὲπιγνῶ
1627 5222 1744 5284 πῶς

180 5314 445 5366 ἐπιτελεῖν
474 5315 614 5383 άπερ
642 5314 888 5366 ὲνετείλω
932 5331 1044 5384 μοι.

247 5406 367 5460 126.
405 5406 517 5459 Νῦν
560 5410 704 5458 ἐστιν
751 5407 889 5475 ὑπὲρ
921 5405 1019 5474 τῆς
1055 5404 1308 5474 ἀληθείας
1345 5422 1435 5456 σου
1476 5403 1743 5471 ἀγωνίσα-

184 5498 300 5550 σθαι
359 5499 461 5560 ἕως
512 5497 773 5562 θανάτου,
817 5497 1005 5566 ἐπειδὴ
1049 5497 1356 5566 ἠρνήσαντο
1413 5495 1509 5565 τὴν
1564 5493 1742 5546 πίστιν

183 5603 269 5640 σου
280 5628 289 5639 .

247 5679 368 5731 127.
414 5678 511 5731 Διὰ
554 5681 708 5729 τοῦτο
775 5677 972 5748 μᾶλλον
1030 5674 1128 5737 τὰς
1175 5673 1330 5742 ἁγίας
1379 5689 1469 5724 σου
1518 5669 1741 5741 Γραφὰς

182 5768 452 5836 ἐκράτησα
484 5767 623 5836 ὑπὲρ
667 5767 724 5818 τὸ
768 5768 987 5840 χρυσίον
1029 5766 1089 5817 τὸ
1130 5765 1424 5835 ἐξαίρετον.
1464 5762 1739 5821 Τοπάζὶον

181 5858 280 5927 γὰρ
314 5859 536 5926 ἀγαθὸν
566 5857 938 5929 ἑρμηνεύεται·
971 5858 1089 5910 ἐπεὶ
1123 5853 1213 5909 οὖν
1255 5850 1404 5916 οὗτος
1451 5856 1477 5906 ὀ
1510 5852 1737 5916 πλοῦτος

1861 3213 1947 3267 tiis
1971 3230 2027 3268 se
2055 3215 2198 3282 ipsos
2221 3213 2556 3268 tradiderunt

1929 3309 2047 3363 119.
2071 3307 2333 3378 Cogitavi,
2383 3306 2528 3374 quod
2585 3307 2776 3374 perditi
2828 3318 2957 3361 sunt
3015 3326 3250 3372 omnes.
3316 3313 3409 3382 qui

1857 3397 2130 3452 adhaerent
2160 3397 2388 3459 libidini,
2426 3395 2547 3449 ideo
2585 3412 2707 3450 amo
2761 3399 3070 3452 testimonia
3117 3409 3234 3463 tua,
3274 3417 3412 3471 quo.

1857 3491 2000 3543 niam
2036 3498 2159 3543 sunt
2190 3490 2293 3542 vita
2323 3500 2545 3544 aeterna.

1929 3579 2049 3632 120.
2079 3578 2184 3633 Fac
2228 3588 2287 3632 ut
2321 3580 2614 3634 immobilis
2653 3584 2954 3650 conligatur
2992 3584 3152 3637 timor
3191 3594 3319 3639 tuus
3355 3585 3411 3638 in

1856 3670 2111 3723 membris
2159 3670 2316 3734 meis,
2369 3679 2427 3724 ut
2473 3679 2716 3724 mortuus
2769 3673 2870 3725 sim
2927 3686 3168 3740 peccato.
3228 3678 3410 3730 audivi

1855 3762 1996 3816 enim
2027 3763 2090 3817 de
2117 3764 2330 3816 aeternis
2360 3761 2656 3830 suppliciis,
2686 3771 2740 3815 et
2777 3763 2952 3816 timui.

1925 3936 2045 3988 121.
2081 3935 2291 3989 Credidi
2318 3934 2779 4003 quomadmodum
2819 3937 2950 3991 mihi
2993 3942 3317 4009 praecepisti,
3353 3952 3409 3995 et

1853 4025 2180 4080 voluntatem
2231 4033 2374 4076 tuam
2404 4023 2618 4092 implevi
2653 4040 2759 4088 ;ne
2811 4027 3111 4093 permittas,
3151 4037 3210 4080 ut
3238 4027 3291 4080 in
3323 4043 3410 4080 me

1853 4117 2198 4170 dominentur
2224 4115 2509 4170 contrariae
2536 4126 2853 4185 potestates.

1919 4208 2039 4260 122.
2083 4207 2353 4263 Patienter
2378 4225 2464 4263 me
2499 4221 2752 4280 exspecta
2794 4211 2861 4266 ad
2903 4213 3296 4280 paenitentiam,
3335 4231 3404 4270 ne

1852 4299 2174 4354 adversaria:
2217 4310 2511 4370 potestates
2573 4317 2795 4357 causam
2842 4305 3076 4373 aliquam
3129 4307 3408 4360 inveniant

1853 4393 2140 4446 accusandi
2168 4409 2254 4447 mc
2288 4393 2428 4462 apud
2455 4401 2527 4446 te.

1923 4487 2043 4540 125.
2080 4486 2250 4541 Omne
2281 4503 2456 4540 meum
2490 4486 2817 4541 desiderium
2855 4498 2937 4542 est
2975 4490 3202 4558 gratiam
3259 4499 3404 4545 tuam

1847 4579 2109 4646 accipere,
2137 4586 2190 4631 et
2219 4578 2438 4646 implere
2481 4593 2603 4647 quae
2647 4579 2780 4632 mihi
2821 4580 3142 4648 praecepisti.

1917 4669 2037 4722 12$.
2088 4669 2153 4721 Et
2182 4668 2596 4735 iustiﬁcationes
2636 4680 2756 4724 tuas
2791 4670 2876 4724 fac
2927 4687 3161 4736 mecum,
3208 4689 3404 4742 quem-

1844 4760 2131 4814 admodum
2182 4761 2465 4815 consuevit
2510 4762 2881 4815 misericordia
2924 4772 3016 4816 tua
3043 4804 3058 4828 ,
3115 4772 3167 4816 et
3211 4779 3404 4817 secun-

1842 4854 1969 4905 dum
2025 4851 2452 4921 magnitudinem
2525 4854 2911 4909 misericordiae
2973 4856 3135 4910 etiam
3204 4859 3403 4925 perﬁce

1846 4942 2014 5013 gratia
2060 4953 2152 4995 tua
2200 4958 2294 4996 cor
2341 4958 2544 5008 meum,
2574 4953 2634 4998 ut
2667 4955 2864 5011 tecum,
2895 4962 3013 5015 qua
3057 4947 3202 5015 justa
3252 4960 3398 5013 sunt,

1845 5034 2104 5104 perﬁciat.

1915 5125 2036 5179 125.
2070 5125 2366 5181 Redemisti
2399 5143 2484 5182 me
2510 5130 2745 5199 pretioso
2778 5132 3063 5201 sanguine.
3097 5141 3154 5185 et
3192 5133 3396 5202 subjeci

1844 5217 1938 5269 tibi
1971 5230 2057 5270 me
2087 5217 2286 5286 ipsum,
2318 5217 2384 5272 da
2416 5219 2548 5272 mihi
2577 5221 2829 5288 gratiam,
2862 5232 2921 5276 ut
2951 5238 3240 5292 agnoscam
3266 5242 3401 5294 quo-

1845 5305 2005 5358 modo
2035 5307 2304 5373 perﬁciam
2336 5322 2457 5376 quae
2495 5311 2792 5378 praecepisti
2842 5312 2994 5364 mihi.

1917 5393 2035 5446 126.
2078 5392 2232 5448 Nunc
2278 5402 2491 5465 tempus
2534 5406 2616 5451 est
2656 5399 2931 5454 decertare
2978 5416 3076 5469 pro
3121 5411 3210 5455 tua
3260 5405 3399 5457 veri-

1844 5492 1950 5536 tate
1987 5499 2159 5551 usque
2204 5485 2270 5538 ad
2300 5494 2547 5548 mortem,
2579 5489 2835 5556 quoniam
2869 5503 3200 5560 negaverunt
3241 5492 3399 5546 ﬁdem

1843 5588 2011 5631 tuam.

1918 5670 2034 5723 127.
2083 5668 2371 5740 Propterea
2413 5674 2558 5725 tenui
2609 5675 2780 5742 magis
2834 5686 3048 5732 sanctas
3091 5686 3211 5732 tuas
3252 5676 3400 5734 Scri-

1844 5774 2070 5834 pturas,
2128 5780 2290 5832 quam
2353 5780 2544 5817 aurum
2605 5768 2853 5821 electum.
2929 5768 3194 5838 Topazion
3254 5772 3398 5824 enim

1843 5857 2228 5924 interpretatur
2286 5855 2474 5909 bonum
2517 5872 2534 5909 :
2587 5859 2712 5927 quia
2755 5861 2920 5930 Igitur
2980 5873 3272 5930 prmscntes
3319 5864 3402 5916 di-
