4018 6464
619 351 754 408 1199

616 575 830 617 omnem
861 563 1001 615 viam
1043 563 1283 632 iniquam
1317 562 1441 618 odio
1468 564 1651 618 habui.

687 654 808 708 129.
846 653 1108 710 Mirabilia
1144 657 1456 712 testimonia
1490 665 1582 712 tua
1611 675 1624 712 :
1669 657 1790 712 ideo
1823 667 2060 714 scrutata
2098 666 2181 712 est

614 762 678 799 ea
715 745 894 799 anima
930 761 1071 800 mea.

687 836 806 891 150.
847 835 1148 894 Declaratio
1180 854 1493 896 sermonum
1536 851 1751 898 tuorum
1789 843 2080 907 illuminat,
2125 849 2181 898 et

616 929 941 983 intellectum
981 931 1071 985 dat
1109 933 1373 1000 parvulis.

687 1019 808 1073 151.
845 1018 918 1075 Os
955 1037 1132 1076 meum
1173 1025 1384 1092 aperui,
1426 1033 1476 1079 et
1501 1026 1696 1079 attraxi
1730 1025 1981 1096 spiritum
2011 1043 2023 1078 :
2051 1026 2177 1096 quia

614 1113 864 1166 mandata
903 1125 993 1167 tua
1022 1114 1418 1170 desiderabam.

686 1203 804 1257 152.
847 1205 1039 1275 Aspice
1071 1205 1124 1259 in
1172 1222 1276 1271 me,
1314 1217 1371 1262 et
1420 1209 1676 1264 miserere
1721 1225 1828 1264 met
1882 1210 2177 1264 secundum

612 1295 874 1360 iudicium
910 1297 1248 1368 diligentium
1287 1315 1484 1355 nomen
1517 1312 1689 1356 tuum.

686 1388 807 1442 155.
857 1388 1088 1445 Gressus
1144 1407 1296 1446 meos
1346 1393 1514 1460 dirige
1555 1394 1854 1448 secundum
1900 1392 2177 1462 eloquium

612 1480 787 1538 tuum,
823 1482 874 1527 et
907 1489 1016 1526 non
1051 1475 1359 1528 dominetur
1389 1477 1492 1530 mei
1521 1479 1699 1531 omnis
1735 1477 2018 1545 injustitia.

687 1564 807 1616 154.
851 1561 1072 1618 Redime
1124 1579 1209 1619 me
1243 1581 1272 1619 a
1319 1567 1607 1622 calumniis
1642 1567 1949 1631 hominum,
1983 1575 2037 1621 et
2081 1582 2178 1620 cu-

613 1653 841 1708 stodiam
877 1656 1126 1709 mandata
1160 1663 1271 1709 tua.

686 1746 807 1800 155.
835 1745 1049 1800 Faciem
1086 1757 1233 1802 tuam
1271 1747 1512 1803 illumina
1543 1765 1705 1820 super
1730 1765 1944 1805 servum
2000 1757 2173 1808 tuum.

610 1845 666 1891 et
697 1837 830 1891 doce
858 1853 944 1892 me
972 1838 1391 1907 justiﬁcationes
1424 1848 1565 1894 tuas.

684 1927 806 1982 156.
837 1926 1025 1982 Exitus
1053 1944 1318 1998 aquarum
1343 1930 1682 1984 deduxerunt
1706 1929 1848 1984 oculi
1873 1930 1975 1984 mei
2002 1946 2016 1982 :
2049 1931 2175 2000 quia

613 2032 722 2071 non
750 2018 1018 2072 eustodivi
1057 2019 1227 2090 legem
1258 2028 1427 2073 tuam.

686 2109 806 2163 157.
855 2109 1046 2166 Justus
1091 2126 1191 2176 es,
1237 2109 1498 2174 Domine,
1543 2119 1598 2166 et
1656 2121 1861 2166 rectum
1907 2110 2174 2180 judicium

614 2208 787 2254 tuum.

677 2292 798 2349 158.
828 2293 1090 2348 Mandasti
1119 2294 1384 2364 justitiam
1426 2293 1736 2350 testimonia
1773 2305 1884 2359 tua,
1933 2303 1986 2348 et
2033 2296 2174 2348 veri-

613 2389 778 2437 tatem
811 2393 959 2438 tuam
989 2385 1174 2440 nimis.

1433 351 1490 408 S.
1535 349 1908 407 ATIIANASII
1948 347 2100 404 OPP.
2143 348 2323 404 PARS
2363 348 2450 403 Ill.
2485 379 2556 390 -
2601 346 3012 404 EXEGETICA.

692 470 810 525 128.
843 469 1128 540 Propterea
1151 470 1217 526 ad
1251 471 1433 526 omnia
1465 474 1716 527 mandata
1743 480 1831 527 tua
1861 471 2164 542 dirigebar:
2200 476 2246 531 Α

3714 349 3830 403 1200

2345 470 2466 524 128.
2499 471 2597 524 Διὰ
2633 469 2790 524 τοῦτο
2817 470 2953 542 πρὸς
2983 469 3160 534 πάσας
3207 471 3305 533 τὰς
3351 471 3568 534 ἐντολάς
3599 489 3690 524 σου
3720 489 3827 523 κατε

2280 562 2588 634 ωρΟούμην·
2631 565 2808 616 πᾶσαν
2837 563 2953 616 ὁδὸν
2984 562 3166 616 ἄδικον
3197 562 3452 633 ἐμίσησα.

2352 655 2470 709 19.9.
2504 655 2802 725 Θαυμαστὰ
2834 655 2901 708 τὰ
2948 654 3224 726 μαρτύρια
3269 670 3390 708 σου·
3427 655 3514 706 διὰ
3551 655 3706 707 τοῦτο
3764 653 3834 718 t5-

2283 748 2568 819 ὲρεύνησεν
2596 747 2733 800 αὐτὰ
2768 749 2800 817 ἡ
2838 746 2982 815 ψυχή
3020 763 3134 799 σου.

2353 840 2471 894 150.
2512 839 2574 891 Ἡ
2604 838 2832 908 δήλωσις
2857 837 2965 890 τῶν
2991 835 3166 907 λόγων
3206 855 3299 892 σου
3345 840 3554 907 φωτιεῖ,
3595 839 3689 890 καὶ
3729 853 3833 888 ςυν-

2280 932 2412 982 ετιεῖ
2435 930 2682 1000 νηπίους.

2352 1023 2471 1076 151.
2504 1023 2576 1074 Τὸ
2608 1021 2780 1091 στόμα
2819 1038 2922 1094 μου
2960 1021 3177 1093 ἧνοιξα,
3219 1023 3310 1075 καὶ
3357 1021 3583 1075 enim:
3616 1020 3833 1089 πνεῦμα·

2279 1113 2359 1166 ὅτι
2391 1115 2485 1176 τὰς
2516 1112 2734 1174 ἐντολάς
2762 1129 2855 1166 σου
2882 1112 3200 1166 ὲπεπόθουν.

2350 1205 2474 1261 152.
2503 1204 2824 1276 Ἐπίὸλεψον
2867 1206 2954 1259 ἐπ’
2988 1205 3109 1275 ἐμὲ,
3137 1205 3230 1257 καὶ
3261 1204 3480 1276 ἐλέησόν
3515 1221 3581 1274 με
3617 1204 3755 1258 κατᾶ
3789 1203 3838 1256 τὸ

2280 1300 2454 1368 κρῖμα
2474 1297 2581 1350 τῶν
2607 1296 2941 1366 ἀγαπώντων
2969 1297 3031 1350 τὸ
3058 1299 3229 1368 ὄνομα
3267 1315 3390 1364 μου.

2352 1390 2470 1444 155.
2500 1389 2578 1441 Τὰ
2609 1389 2918 1461 διαδήματα
2943 1408 3044 1460 μου
3074 1389 3400 1443 κατεύθυνον
3425 1388 3568 1442 κατὰ
3591 1388 3654 1441 τὸ
3678 1389 3838 1456 λόγιόν

2281 1499 2394 1545 σου,
2428 1484 2520 1536 καὶ
2553 1484 2625 1554 μὴ
2650 1485 3130 1555 κατακυριευσάτω
3163 1502 3261 1556 μου
3291 1486 3440 1536 πᾶσα
3473 1485 3696 1552 ἀνομία.

2351 1571 2472 1625 151.
2515 1571 2801 1642 Λύτρωσαί
2853 1590 2917 1643 με
2966 1575 3073 1626 ἀπὸ
3123 1572 3484 1643 συκοφαντίας
3525 1573 3836 1644 ἁνϐρώπων,

2279 1663 2370 1716 καὶ
2406 1662 2623 1731 φυλάξω
2650 1664 2746 1725 τὰς
2772 1663 2988 1727 ἐντολάς
3021 1683 3141 1736 μου.

2349 1757 2471 1810 153.
2504 1757 2577 1808 Τὸ
2624 1757 2913 1826 πρόσωπόν
2961 1774 3053 1810 σου
3105 1758 3366 1828 ὲπίφανον
3403 1759 3496 1811 ἐπὶ
3541 1759 3634 1812 τὸν
3671 1757 3841 1811 δοῦλόν

2280 1863 2394 1911 σου,
2431 1848 2525 1900 καὶ
2561 1848 2767 1912 assae»
2802 1868 2868 1920 με
2904 1851 2970 1904 τὰ
2998 1851 3339 1922 δικαιώματα
3369 1869 3483 1905 σου.

2345 1938 2464 1993 156.
2503 1941 2778 2007 Διεξόδούς
2809 1943 3013 1997 ὑδάτων
3037 1945 3335 1998 κατέδυσαν
3360 1947 3407 1997 οἱ
3429 1945 3699 2016 ὀφθαλμοί
3727 1961 3835 2015 μου·

2270 2030 2392 2083 ἐπεὶ
2423 2033 2520 2085 οὐκ
2551 2035 2789 2102 ἐφύλαξα
2817 2037 2908 2088 τὸν
2935 2037 3097 2108 νόμον
3135 2055 3248 2093 σου.

2343 2124 2462 2178 157.
2498 2126 2712 2190 Δίκαιος
2740 2125 2808 2193 εἷ,
2837 2129 3028 2200 Κύριε,
3064 2131 3155 2184 καὶ
3179 2131 3353 2195 εὐθεῖς
3381 2134 3435 2185 αἱ
3460 2131 3675 2202 κρίσεις
3703 2148 3806 2184 σου.

2354 2296 2471 2351 158.
2503 2298 2783 2350 Ἐνετείλω
2816 2300 3164 2371 δικαιοσύνην
3194 2303 3260 2356 τὲ
3301 2305 3582 2376 μαρτύριά
3622 2321 3738 2371 σου,
3762 2321 3844 2357 και

2276 2387 2531 2458 ἀλήθειαν
2560 2388 2782 2460 σφόδρα.

1724 2519 2097 2575 ΑΤΙΙΑΝΑΞΙΙ
2141 2520 2724 2577 INTERPRETATIO.

608 2637 755 2694 vitia:
801 2639 1141 2707 temporaria:
1187 2647 1356 2705 sunt,
1409 2653 1586 2708 neque
1637 2648 1854 2707 propter
1915 2639 2168 2699 mandata

608 2738 700 2785 tua
721 2739 934 2784 mterna:
954 2732 1238 2796 exsistunt,
1260 2731 1379 2786 ideo
1405 2731 1575 2802 magis
1591 2731 1751 2785 dilexi
1771 2741 2036 2800 praecepta
2053 2738 2167 2785 tua.

677 2912 800 2967 128.
829 2913 1116 2982 Propterea
1150 2913 1216 2967 ad
1246 2927 1435 2967 omnes
1471 2922 1592 2966 tuas
1619 2913 1922 2967 voluntates
1949 2921 2173 2982 paratus

2269 2638 2598 2709 πρόσκαιρός
2633 2641 2798 2702 ἐστιν,
2838 2641 2956 2693 οὐδὲ
2993 2642 3080 2696 διὰ
3119 2639 3224 2694 τῶν
3260 2642 3488 2695 ἐντολῶν
3510 2660 3609 2695 σου
3640 2646 3848 2712 αἰώνιος

2271 2731 2527 2802 ὑπάρχει,
2556 2729 2644 2783 διὰ
2674 2729 2765 2782 τοῦ
2795 2729 2997 2802 [τοῦτο]
3043 2733 3238 2801 μᾶλλον
3276 2735 3539 2806 ἠγάπησα
3575 2737 3677 2798 τὰς
3714 2739 3851 2790 ἐντο-

2269 2823 2365 2884 λάς
2402 2838 2519 2876 σου.

2341 2914 2462 2970 128.
2491 2911 2592 2968 Διὰ
2626 2912 2784 2968 τοῦτο
2815 2913 2949 2985 πρὸς
2977 2914 3151 2966 πάντα
3177 2913 3244 2966 τὰ
3279 2913 3562 2984 Θελήματα
3593 2935 3691 2970 σου
3722 2919 3852 2970 ’ἑτοι-

606 3021 776 3070 eram,
802 3018 855 3060 et
877 3021 1036 3060 omne
1061 3015 1339 3074 peceatum
1369 3006 1711 3060 abominatus
1735 3021 1877 3071 sum,
1908 3007 2166 3076 quoniam
2195 3041 2238 3101 ο

2305 3026 2370 3072 ,ος
2392 3010 2562 3081 ἥμην,
2584 3009 2677 3062 καὶ
2699 3010 2872 3061 πᾶσαν
2895 3009 3166 3080 ἁμαρτίαν
3189 3010 3639 3080 απεστρεφόμην,
3668 3011 3855 3082 ἐπειδὴ

607 3098 661 3150 in
692 3098 1102 3151 retributionem
1137 3097 1388 3166 respicio.

678 3187 797 3242 129.
832 3186 1165 3242 Testimonia
1202 3197 1290 3241 tua
1323 3187 1682 3243 admiratione
1727 3188 1884 3257 plena
1920 3199 2049 3244 sunt
2097 3190 2167 3252 ci,

605 3278 698 3348 qui
752 3279 841 3332 illa
901 3279 1198 3349 intelligere
1258 3288 1474 3347 potest;
1527 3288 1811 3347 propterea
1865 3279 2167 3334 desideravi

603 3384 895 3437 agnoscere
923 3371 1030 3421 vim
1063 3379 1275 3422 tuarum
1309 3367 1735 3437 Seripturarum.

677 3460 799 3515 150.
835 3459 1211 3529 Interpretatio
1263 3457 1666 3529 Scripturarum
1709 3470 1924 3515 tuarum
1962 3461 2166 3515 illumi-

605 3561 716 3619 nat,
743 3563 795 3607 et
825 3553 877 3606 in
905 3552 1238 3607 intellectum
1274 3553 1512 3617 adducit,
1542 3553 1636 3622 qui
1679 3552 1912 3608 infantes
1955 3565 2082 3610 sunt
2111 3555 2164 3608 in

603 3642 970 3714 intelligendo.

679 3735 800 3789 151.
852 3733 1053 3787 Sitiens
1101 3733 1326 3803 gratiam
1370 3743 1516 3787 tuam
1565 3733 1884 3803 deprecatus
1919 3750 2038 3789 sum
2089 3745 2161 3799 te,

601 3834 654 3880 et
681 3827 876 3880 dedisti
909 3825 1040 3879 mihi
1089 3824 1351 3894 Spiritum
1397 3837 1643 3880 sanctum
1691 3838 1864 3890 tuum,
1903 3828 2162 3896 quoniam

599 3917 973 3972 desiderabam
1022 3932 1320 3987 agnoscere
1375 3915 1783 3989 Seripturarum
1840 3918 2163 3988 interpreta-

600 4009 823 4063 tionem.

672 4101 791 4157 15ἳ.
839 4099 1304 4166 Quemadmodum
1353 4101 1578 4170 respicis
1626 4101 1914 4168 diligentes
1951 4109 2002 4154 te
2034 4117 2156 4155 eum

599 4189 971 4243 misericordia
1003 4197 1056 4242 et
1088 4189 1434 4244 miseratione
1465 4227 1480 4252 ,
1516 4188 1588 4241 ita
1619 4187 1781 4241 etiam
1821 4204 1906 4241 me
1953 4189 2156 4257 aspice,

598 4289 653 4335 et
682 4280 938 4333 miserere
968 4279 1092 4332 mei.

670 4369 791 4425 155.
835 4369 942 4424 Fac
996 4384 1092 4424 cor
1135 4382 1316 4422 meum
1353 4379 1597 4437 prompte
1631 4369 1784 4438 sequi
1822 4368 2152 4422 voluntatem
2187 4385 2232 4440 ι)

2275 3101 2354 3163 είς
2376 3102 2475 3170 τὴν
2501 3100 2920 3170 μισθαποδοσίαν
2951 3100 3262 3153 ἀποϐλέπω.

2346 3187 2466 3242 129.
2501 3189 2689 3259 Πάσης
2723 3187 3034 3258 ἐκπλήξεως
3071 3189 3208 3257 μετὰ
3235 3187 3457 3261 [μεστά]
3483 3192 3592 3242 εἱσι
3619 3192 3690 3243 τὰ
3721 3209 3854 3262 μαρ-

2271 3274 2434 3347 τύρια
2464 3293 2558 3330 σου
2593 3275 2873 3348 δυναμένῳ
2907 3276 3046 3330 αὐτὰ
3075 3277 3264 3346 νοῆσαι
3285 3294 3298 3306 ο
3336 3277 3422 3330 διὰ
3460 3279 3624 3333 τοῦτο
3657 3280 3854 3334 ἐπεθύ-

2273 3384 2420 3438 μησα
2454 3367 2653 3436 γνῶναι
2687 3369 2784 3440 τὴν
2821 3367 3046 3438 δύναμιν
3079 3367 3186 3419 τῶν
3226 3367 3454 3437 Γραᾳῶν
3482 3385 3600 3424 σου.

2342 3458 2463 3514 150.
2497 3460 2561 3512 Ἦ
2588 3459 2850 3531 ἑρμηνεία
2881 3458 2984 3510 τῶν
3008 3456 3236 3529 Γραφῶν
3259 3474 3351 3510 σου
3381 3458 3630 3525 φωτίζει,
3660 3461 3756 3512 καὶ
3779 3462 3855 3521 εἰς

2271 3549 2482 3603 σύνεσιν
2515 3551 2638 3620 ἄγει
2672 3552 2799 3614 τοὺς
2825 3550 3049 3622 νηπίους
3074 3549 3234 3614 ὄντας
3269 3550 3516 3622 περὶτοῦ
3559 3553 3782 3624 νοῆσαι.

2338 3731 2459 3786 151.
2489 3733 2665 3802 mem
2691 3733 2788 3803 τὴν
2814 3733 2972 3804 χάριν
2995 3749 3087 3785 σου
3118 3732 3339 3804 ἐδεήθην
3369 3749 3482 3788 σου.
3515 3735 3614 3788 καὶ
3642 3736 3854 3800 ἔδωκάς

2269 3839 2357 3894 μοι
2396 3824 2453 3876 τὸ
2497 3823 2721 3894 Πνεῦμα
2757 3841 2847 3876 σου
2881 3825 2939 3875 τὸ
2980 3824 3153 3892 ἅγιον,
3185 3823 3372 3893 ἐπειδὴ
3402 3825 3719 3880 ὲπεπὸϐούν
3753 3845 3852 3896 την

2264 3917 2558 3988 ἑρμηνείαν
2589 3917 2791 3970 γνῶναι
2823 3916 2930 3968 τῶν
2965 3918 3002 3969 Γ
3010 3917 3216 3987 ραφῶν.

2335 4097 2454 4152 152.
2480 4097 2674 4160 Καθὼς
2696 4097 2896 4168 ὲςςορᾷς
2917 4099 3038 4160 τοὺς
3061 4098 3388 4164 ἀγαπωντάς
3411 4117 3470 4152 σε
3497 4102 3641 4170 μετὰ
3663 4103 3850 4166 ἐλέους

2263 4189 2357 4241 καὶ
2384 4188 2699 4260 οἰκτιρμῶν,
2724 4187 2893 4250 οὕτως
2920 4188 3260 4259 καμὲοέπιδε,
3293 4192 3385 4242 καὶ
3407 4191 3548 4244 ἐλέει
3581 4211 3673 4263 με.

2333 4367 2450 4420 155.
2485 4367 2594 4438 Τὴν
2625 4367 2928 4440 προθυμίαν
2971 4370 3068 4440 τῆς
3093 4371 3318 4441 καρδίας
3349 4389 3449 4441 μου
3478 4375 3714 4444 ποίησον
3763 4378 3847 4442 ἐξ·

599 4470 769 4525 tuam,
801 4471 854 4514 et
879 4476 983 4513 non
1009 4462 1204 4530 poterit
1238 4459 1419 4514 omnis
1465 4459 1665 4514 diaboli
1704 4469 1948 4530 potestas
1990 4461 2160 4514 abdu-

2305 4456 2564 4509 κολουθείν
2595 4459 2670 4528 τῷ
2715 4458 2978 4528 Θελήματί
3031 4462 3271 4524 σου,’καὶ
3319 4462 3392 4532 μὴ
3451 4465 3651 4538 ἰσχύσῃ
3694 4471 3850 4520 πᾶσα

597 4566 721 4607 cere
757 4567 844 4606 me
867 4552 935 4605 ab
965 4567 1149 4606 amore
1177 4561 1287 4606 tuo.

670 4735 790 4791 151.
825 4733 1017 4790 Libera
1050 4750 1135 4789 me
1173 4735 1242 4790 ab
1265 4735 1414 4792 omni
1461 4735 1768 4792 daemonum
1815 4734 2060 4801 incursu,
2103 4745 2157 4790 et

597 4829 834 4899 implebo
866 4829 1117 4884 mandata
1145 4838 1257 4883 tua.

667 4921 789 4974 155.
823 4919 937 4974 Lux
976 4922 1159 4990 gratiae
1192 4933 1294 4976 tua:
1339 4919 1447 4986 fac,
1482 4929 1543 4976 ut
1583 4921 1864 4975 exoriatur
1909 4936 1963 4975 in
1993 4921 2157 4976 corde

2253 4547 2478 4618 δύναμις
2536 4547 2629 4601 τοῦ
2677 4549 2920 4602 διαϐόλου
2968 4550 3271 4621 ἁποστῆσαί
3325 4570 3392 4622 με
3439 4555 3540 4624 τῆς
3595 4560 3739 4629 πρὸς
3786 4562 3847 4611 σὲ

2257 4642 2496 4711 ἀγάπης.

2325 4734 2443 4788 151.
2476 4734 2760 4806 Λύτρωσαί
2792 4752 2856 4805 με
2887 4734 2994 4786 ἀπὸ
3025 4735 3204 4806 πάσης
3233 4736 3486 4808 ἀεξορμῆς
3511 4740 3623 4792 τῶν
3645 4741 3848 4812 δαιμό-

2254 4846 2380 4889 νων,
2411 4829 2504 4880 καὶ
2535 4827 2805 4899 πληρώσω
2833 4828 2928 4890 τὰς
2961 4829 3176 4893 ἐντολάς
3215 4847 3329 4883 σου.

2325 4918 2444 4973 155.
2481 4919 2553 4970 Τὸ
2579 4921 2692 4988 φῶς
2720 4920 2817 4989 τῆς
2844 4920 3060 4990 χάριτός
3089 4937 3178 4972 σου
3209 4920 3487 4974 ἀνάτειλον
3517 4923 3578 4974 ἐν
3604 4929 3673 4996 τῇ
3706 4945 3848 4998 κερ.

595 5024 739 5072 meo,
785 5017 839 5062 et
869 5011 1003 5063 doce
1030 5025 1116 5064 me
1163 5010 1482 5078 intelligere,
1518 5017 1573 5064 et
1598 5007 1777 5063 facere
1809 5009 2155 5078 justiticatio-
2249 5033 2253 5055 ε

2305 5030 2335 5081 α
2366 5028 2486 5081 μου,
2517 5012 2609 5064 καὶ
2633 5011 2840 5079 δίδαξόν
2875 5029 2940 5081 με
2975 5015 3256 5077 νοεῖνικαὶ
3290 5018 3461 5067 ποιεῖν
3499 5017 3571 5069 τὰ
3603 5020 3845 5071 δικαιω-

595 5116 693 5155 nes
724 5110 862 5154 tuas.

668 5189 788 5242 156.
822 5187 1039 5245 Fluvios
1072 5189 1432 5244 laervmarum
1471 5189 1667 5244 deduxi
1702 5189 1769 5242 ab
1808 5189 1982 5244 oculis
2015 5191 2152 5244 meis

593 5296 856 5348 cernens,
914 5295 967 5336 et
1010 5283 1254 5352 cogitans
1300 5282 1443 5352 quod
1500 5298 1607 5336 non
1657 5283 1921 5337 custodivi
1980 5282 2151 5351 legem

594 5382 760 5426 tuam.

666 5463 784 5515 157.
817 5461 1003 5516 Justus
1028 5462 1191 5529 judex
1228 5479 1305 5524 es,
1338 5461 1585 5527 Domine,
1619 5471 1674 5516 et
1703 5478 1807 5516 non
1853 5473 1934 5517 est
1964 5478 2149 5531 perso-

591 5568 780 5607 narum
817 5555 1056 5623 acceptio
1083 5554 1219 5622 apud
1254 5563 1324 5607 te.

663 5643 783 5698 138.
816 5643 1118 5712 Praecepisti
1164 5642 1338 5696 facere
1366 5641 1634 5710 justitiam
1675 5643 1728 5698 in
1769 5644 1847 5699 tui
1891 5645 2140 5700 testimo-

593 5733 763 5801 nium,
789 5742 841 5788 et
875 5734 1004 5788 nihil
1033 5749 1128 5804 per
1164 5734 1584 5791 simulationem.

2253 5103 2394 5171 ματα
2428 5119 2535 5156 σου.

2323 5190 2440 5242 156.
2469 5192 2749 5260 Ποταμοὺς
2767 5190 3015 5260 δακρύων
3039 5191 3350 5260 κατήγαγον
3378 5193 3485 5244 ἀπὸ
3504 5194 3616 5246 τῶν
3638 5196 3850 5264 ὀφθαλο

2254 5281 2368 5350 μῶν
2405 5299 2502 5350 μου
2531 5282 2752 5346 κλαίων,
2782 5286 2873 5335 καὶ
2901 5283 3316 5354 ἐνθυμούμενος,
3341 5285 3421 5336 ὅτι
3455 5286 3555 5338 ούκ
3585 5289 3846 5356 ἐφύλαξα

2249 5373 2338 5425 τὸν
2375 5371 2534 5440 νόμον
2569 5389 2681 5424 σου.

2319 5464 2435 5516 157.
2468 5465 2842 5535 Δικαιοκρίτης
2867 5461 2947 5530 εἴ,
2991 5466 3180 5535 Κύριε,
3212 5467 3304 5518 καὶ
3348 5468 3449 5520 οὐκ
3497 5468 3616 5520 ἔστι
3663 5487 3844 5538 προσ-

2246 5554 2526 5623 ωποληψία
2555 5573 2700 5624 παρα
2744 5556 2840 5607 σοί.

2321 5646 2440 5699 158.
2476 5647 2813 5716 ΙΙροσέταξας
2859 5649 2936 5710 εἰς
2985 5648 3286 5717 μαρτυρίαν
3334 5664 3428 5700 σου
3471 5649 3838 5721 δικαιοσύνην

2247 5739 2439 5800 ποιεῖν,
2472 5737 2567 5790 καὶ
2597 5737 2760 5810 μηδὲν
2793 5738 2910 5792 καθ’
2943 5739 3250 5809 ὑπόκρισιν.
