  <div class='ocr_page' id='page_1' title='image "/cluster/home/n/w/nwhite01/storage/ocr_20150623/27/ien.35556001660521/612.png"; bbox 0 0 4018 6480; ppageno 0'>
   <div class='ocr_carea' id='block_1_1' title="bbox 169 414 315 473">
    <p class='ocr_par' dir='ltr' id='par_1_1' title="bbox 169 414 315 473">
     <span class='ocr_line' id='line_1_1' title="bbox 169 414 315 473; baseline -0.014 0"><span class='ocrx_word' id='word_1_1' title='bbox 169 414 315 473; x_wconf 74' lang='grc' dir='ltr'><strong>19.οι</strong></span> 
     </span>
    </p>
   </div>
   <div class='ocr_carea' id='block_1_2' title="bbox 1031 424 2525 492">
    <p class='ocr_par' dir='ltr' id='par_1_2' title="bbox 1031 424 2525 492">
     <span class='ocr_line' id='line_1_2' title="bbox 1031 424 2525 492; baseline 0.009 -14"><span class='ocrx_word' id='word_1_2' title='bbox 1031 424 1120 482; x_wconf 85' lang='lat' dir='ltr'><strong>DE</strong></span> <span class='ocrx_word' id='word_1_3' title='bbox 1164 425 1439 484; x_wconf 78' lang='lat' dir='ltr'><strong>TlTULlS</strong></span> <span class='ocrx_word' id='word_1_4' title='bbox 1474 429 1920 488; x_wconf 76' lang='lat' dir='ltr'><strong>PSALMORUM.</strong></span> <span class='ocrx_word' id='word_1_5' title='bbox 1958 463 2028 475; x_wconf 88' lang='lat'><strong>-—</strong></span> <span class='ocrx_word' id='word_1_6' title='bbox 2066 434 2259 489; x_wconf 78' lang='lat' dir='ltr'><strong>PSAL.</strong></span> <span class='ocrx_word' id='word_1_7' title='bbox 2299 434 2525 492; x_wconf 76' lang='lat' dir='ltr'><strong>CXVIII.</strong></span> 
     </span>
    </p>
   </div>
   <div class='ocr_carea' id='block_1_3' title="bbox 3264 443 3397 499">
    <p class='ocr_par' dir='ltr' id='par_1_3' title="bbox 3264 443 3397 499">
     <span class='ocr_line' id='line_1_3' title="bbox 3264 443 3397 499; baseline -0.015 0"><span class='ocrx_word' id='word_1_8' title='bbox 3264 443 3397 499; x_wconf 69' lang='grc'><strong>1902</strong></span> 
     </span>
    </p>
   </div>
   <div class='ocr_carea' id='block_1_4' title="bbox 262 532 1693 625">
    <p class='ocr_par' dir='ltr' id='par_1_4' title="bbox 262 532 1693 605">
     <span class='ocr_line' id='line_1_4' title="bbox 262 532 1693 605; baseline 0.009 -20"><span class='ocrx_word' id='word_1_9' title='bbox 262 532 376 586; x_wconf 77' lang='grc'><strong>159.</strong></span> <span class='ocrx_word' id='word_1_10' title='bbox 400 533 646 605; x_wconf 76' lang='grc' dir='ltr'>Ἐεέτηξέ</span> <span class='ocrx_word' id='word_1_11' title='bbox 684 552 751 605; x_wconf 76' lang='grc' dir='ltr'><strong>με</strong></span> <span class='ocrx_word' id='word_1_12' title='bbox 776 536 803 588; x_wconf 85' lang='grc' dir='ltr'><strong>ό</strong></span> <span class='ocrx_word' id='word_1_13' title='bbox 830 534 986 603; x_wconf 77' lang='grc' dir='ltr'>ζῆλός</span> <span class='ocrx_word' id='word_1_14' title='bbox 1020 554 1140 592; x_wconf 87' lang='grc' dir='ltr'>σου·</span> <span class='ocrx_word' id='word_1_15' title='bbox 1176 541 1255 594; x_wconf 79' lang='grc' dir='ltr'>ὅτι</span> <span class='ocrx_word' id='word_1_16' title='bbox 1285 543 1604 597; x_wconf 78' lang='grc' dir='ltr'>ἐπελάθοντο</span> <span class='ocrx_word' id='word_1_17' title='bbox 1636 545 1693 597; x_wconf 79' lang='grc' dir='ltr'>τι]</span> 
     </span>
    </p>
   </div>
   <div class='ocr_carea' id='block_1_5' title="bbox 1795 532 3394 625">
    <p class='ocr_par' dir='ltr' id='par_1_5' title="bbox 1795 545 3394 625">
     <span class='ocr_line' id='line_1_5' title="bbox 1795 545 3394 625; baseline 0.008 -26"><span class='ocrx_word' id='word_1_18' title='bbox 1795 549 1814 607; x_wconf 73' lang='grc' dir='ltr'><strong>ι</strong></span> <span class='ocrx_word' id='word_1_19' title='bbox 1926 545 2043 600; x_wconf 79' lang='grc'><strong>139.</strong></span> <span class='ocrx_word' id='word_1_20' title='bbox 2085 546 2383 602; x_wconf 85' lang='lat' dir='ltr'><strong>Tabescere</strong></span> <span class='ocrx_word' id='word_1_21' title='bbox 2422 565 2507 602; x_wconf 84' lang='lat' dir='ltr'><strong>me</strong></span> <span class='ocrx_word' id='word_1_22' title='bbox 2531 548 2656 603; x_wconf 74' lang='lat' dir='ltr'><strong>{erit</strong></span> <span class='ocrx_word' id='word_1_23' title='bbox 2682 565 2828 607; x_wconf 77' lang='lat' dir='ltr'><strong>zelus</strong></span> <span class='ocrx_word' id='word_1_24' title='bbox 2856 569 3042 610; x_wconf 85' lang='lat' dir='ltr'><strong>meus:</strong></span> <span class='ocrx_word' id='word_1_25' title='bbox 3078 556 3202 625; x_wconf 84' lang='lat' dir='ltr'><strong>quia</strong></span> <span class='ocrx_word' id='word_1_26' title='bbox 3244 557 3394 612; x_wconf 87' lang='lat' dir='ltr'><strong>obliti</strong></span> 
     </span>
    </p>
   </div>
   <div class='ocr_carea' id='block_1_6' title="bbox 167 623 916 699">
    <p class='ocr_par' dir='ltr' id='par_1_6' title="bbox 167 623 916 699">
     <span class='ocr_line' id='line_1_6' title="bbox 167 623 916 699; baseline 0.001 -20"><span class='ocrx_word' id='word_1_27' title='bbox 167 623 355 693; x_wconf 84' lang='grc' dir='ltr'>λόγων</span> <span class='ocrx_word' id='word_1_28' title='bbox 382 642 471 678; x_wconf 87' lang='grc' dir='ltr'><strong>σου</strong></span> <span class='ocrx_word' id='word_1_29' title='bbox 506 629 554 680; x_wconf 87' lang='grc' dir='ltr'><strong>οἰ</strong></span> <span class='ocrx_word' id='word_1_30' title='bbox 583 627 763 698; x_wconf 70' lang='grc' dir='ltr'>ἐχθροί</span> <span class='ocrx_word' id='word_1_31' title='bbox 796 645 916 699; x_wconf 86' lang='grc' dir='ltr'>μου.</span> 
     </span>
    </p>
   </div>
   <div class='ocr_carea' id='block_1_7' title="bbox 252 714 1675 797">
    <p class='ocr_par' dir='ltr' id='par_1_7' title="bbox 252 714 1675 797">
     <span class='ocr_line' id='line_1_7' title="bbox 252 714 1675 797; baseline 0.008 -30"><span class='ocrx_word' id='word_1_32' title='bbox 252 714 377 768; x_wconf 84' lang='grc'><strong>140.</strong></span> <span class='ocrx_word' id='word_1_33' title='bbox 404 717 802 789; x_wconf 84' lang='grc' dir='ltr'>Πεπυρωμένον</span> <span class='ocrx_word' id='word_1_34' title='bbox 834 720 895 772; x_wconf 81' lang='grc' dir='ltr'>τὸ</span> <span class='ocrx_word' id='word_1_35' title='bbox 937 720 1116 789; x_wconf 89' lang='grc' dir='ltr'>λόγιόν</span> <span class='ocrx_word' id='word_1_36' title='bbox 1159 739 1251 775; x_wconf 89' lang='grc' dir='ltr'><strong>σου</strong></span> <span class='ocrx_word' id='word_1_37' title='bbox 1298 727 1531 797; x_wconf 76' lang='grc' dir='ltr'>σφόδρα,</span> <span class='ocrx_word' id='word_1_38' title='bbox 1582 745 1675 781; x_wconf 78' lang='grc' dir='ltr'><strong>και</strong></span> 
     </span>
    </p>
   </div>
   <div class='ocr_carea' id='block_1_8' title="bbox 164 801 971 877">
    <p class='ocr_par' dir='ltr' id='par_1_8' title="bbox 164 801 971 877">
     <span class='ocr_line' id='line_1_8' title="bbox 164 801 971 877; baseline 0.009 -23"><span class='ocrx_word' id='word_1_39' title='bbox 164 801 364 866; x_wconf 73' lang='grc' dir='ltr'>δοῦλός</span> <span class='ocrx_word' id='word_1_40' title='bbox 390 820 481 856; x_wconf 90' lang='grc' dir='ltr'><strong>σου</strong></span> <span class='ocrx_word' id='word_1_41' title='bbox 513 807 794 877; x_wconf 80' lang='grc' dir='ltr'>ἠγάπησεν</span> <span class='ocrx_word' id='word_1_42' title='bbox 820 809 971 862; x_wconf 81' lang='grc' dir='ltr'>αὑτό.</span> 
     </span>
    </p>
   </div>
   <div class='ocr_carea' id='block_1_9' title="bbox 248 893 1739 976">
    <p class='ocr_par' dir='ltr' id='par_1_9' title="bbox 248 893 1739 976">
     <span class='ocr_line' id='line_1_9' title="bbox 248 893 1739 976; baseline 0.01 -30"><span class='ocrx_word' id='word_1_43' title='bbox 248 893 373 948; x_wconf 86' lang='grc'><strong>141.</strong></span> <span class='ocrx_word' id='word_1_44' title='bbox 406 894 683 968; x_wconf 77' lang='grc' dir='ltr'>Νεώτερος</span> <span class='ocrx_word' id='word_1_45' title='bbox 706 898 814 967; x_wconf 81' lang='grc' dir='ltr'><strong>ἐγώ</strong></span> <span class='ocrx_word' id='word_1_46' title='bbox 841 902 954 971; x_wconf 88' lang='grc' dir='ltr'>εἰμι</span> <span class='ocrx_word' id='word_1_47' title='bbox 982 902 1073 955; x_wconf 74' lang='grc' dir='ltr'>καὶ</span> <span class='ocrx_word' id='word_1_48' title='bbox 1103 902 1537 976; x_wconf 81' lang='grc' dir='ltr'>ὲξουδενωμὲνος,</span> <span class='ocrx_word' id='word_1_49' title='bbox 1571 907 1639 960; x_wconf 77' lang='grc' dir='ltr'><strong>τὰ</strong></span> <span class='ocrx_word' id='word_1_50' title='bbox 1663 906 1739 961; x_wconf 89' lang='grc' dir='ltr'>δι-</span> 
     </span>
    </p>
   </div>
   <div class='ocr_carea' id='block_1_10' title="bbox 164 980 1113 1061">
    <p class='ocr_par' dir='ltr' id='par_1_10' title="bbox 164 980 1113 1061">
     <span class='ocr_line' id='line_1_10' title="bbox 164 980 1113 1061; baseline 0.014 -29"><span class='ocrx_word' id='word_1_51' title='bbox 164 980 469 1052; x_wconf 75' lang='grc' dir='ltr'>καιώματά</span> <span class='ocrx_word' id='word_1_52' title='bbox 501 1001 593 1036; x_wconf 87' lang='grc' dir='ltr'><strong>σου</strong></span> <span class='ocrx_word' id='word_1_53' title='bbox 624 987 723 1039; x_wconf 83' lang='grc' dir='ltr'>οὐκ</span> <span class='ocrx_word' id='word_1_54' title='bbox 752 988 1113 1061; x_wconf 76' lang='grc' dir='ltr'><strong>ἐπελαθόμην.</strong></span> 
     </span>
    </p>
   </div>
   <div class='ocr_carea' id='block_1_11' title="bbox 245 1073 1732 1155">
    <p class='ocr_par' dir='ltr' id='par_1_11' title="bbox 245 1073 1732 1155">
     <span class='ocr_line' id='line_1_11' title="bbox 245 1073 1732 1155; baseline 0.011 -30"><span class='ocrx_word' id='word_1_55' title='bbox 245 1073 371 1125; x_wconf 68' lang='lat' dir='ltr'><strong>Mi.</strong></span> <span class='ocrx_word' id='word_1_56' title='bbox 413 1075 474 1126; x_wconf 83' lang='lat' dir='ltr'><strong>&#39;H</strong></span> <span class='ocrx_word' id='word_1_57' title='bbox 512 1075 825 1149; x_wconf 76' lang='grc' dir='ltr'><strong>δικαιοσύνη</strong></span> <span class='ocrx_word' id='word_1_58' title='bbox 856 1097 948 1132; x_wconf 89' lang='grc' dir='ltr'><strong>σου</strong></span> <span class='ocrx_word' id='word_1_59' title='bbox 980 1082 1292 1155; x_wconf 78' lang='grc' dir='ltr'><strong>δικαιοσύνη</strong></span> <span class='ocrx_word' id='word_1_60' title='bbox 1322 1086 1402 1150; x_wconf 87' lang='grc' dir='ltr'><strong>είς</strong></span> <span class='ocrx_word' id='word_1_61' title='bbox 1426 1087 1516 1142; x_wconf 86' lang='grc' dir='ltr'><strong>τόν</strong></span> <span class='ocrx_word' id='word_1_62' title='bbox 1543 1089 1732 1154; x_wconf 93' lang='grc' dir='ltr'>αἰῶνα,</span> 
     </span>
    </p>
   </div>
   <div class='ocr_carea' id='block_1_12' title="bbox 162 1160 895 1240">
    <p class='ocr_par' dir='ltr' id='par_1_12' title="bbox 162 1160 895 1240">
     <span class='ocr_line' id='line_1_12' title="bbox 162 1160 895 1240; baseline 0.014 -26"><span class='ocrx_word' id='word_1_63' title='bbox 162 1160 271 1214; x_wconf 73' lang='grc' dir='ltr'>καὶ</span> <span class='ocrx_word' id='word_1_64' title='bbox 294 1165 323 1216; x_wconf 85' lang='grc' dir='ltr'>ὁ</span> <span class='ocrx_word' id='word_1_65' title='bbox 350 1164 508 1233; x_wconf 82' lang='grc' dir='ltr'>νόμος</span> <span class='ocrx_word' id='word_1_66' title='bbox 535 1183 625 1219; x_wconf 89' lang='grc' dir='ltr'><strong>σου</strong></span> <span class='ocrx_word' id='word_1_67' title='bbox 652 1169 895 1240; x_wconf 82' lang='grc' dir='ltr'>ἀλήθεια.</span> 
     </span>
    </p>
   </div>
   <div class='ocr_carea' id='block_1_13' title="bbox 245 1255 1733 1339">
    <p class='ocr_par' dir='ltr' id='par_1_13' title="bbox 245 1255 1733 1339">
     <span class='ocr_line' id='line_1_13' title="bbox 245 1255 1733 1339; baseline 0.014 -33"><span class='ocrx_word' id='word_1_68' title='bbox 245 1255 369 1309; x_wconf 78' lang='grc'><strong>143.</strong></span> <span class='ocrx_word' id='word_1_69' title='bbox 411 1256 627 1327; x_wconf 47' lang='lat' dir='ltr'><strong>euq/st;</strong></span> <span class='ocrx_word' id='word_1_70' title='bbox 674 1262 767 1315; x_wconf 73' lang='grc' dir='ltr'>καὶ</span> <span class='ocrx_word' id='word_1_71' title='bbox 798 1263 1027 1332; x_wconf 81' lang='grc' dir='ltr'><strong>ἀνάγκαι</strong></span> <span class='ocrx_word' id='word_1_72' title='bbox 1061 1265 1289 1336; x_wconf 79' lang='grc' dir='ltr'>εὖροσάν</span> <span class='ocrx_word' id='word_1_73' title='bbox 1318 1286 1406 1339; x_wconf 83' lang='grc' dir='ltr'><strong>με,</strong></span> <span class='ocrx_word' id='word_1_74' title='bbox 1441 1273 1495 1325; x_wconf 89' lang='grc' dir='ltr'><strong>αί</strong></span> <span class='ocrx_word' id='word_1_75' title='bbox 1526 1273 1733 1327; x_wconf 71' lang='grc' dir='ltr'>ὲπολαί</span> 
     </span>
    </p>
   </div>
   <div class='ocr_carea' id='block_1_14' title="bbox 159 1348 653 1419">
    <p class='ocr_par' dir='ltr' id='par_1_14' title="bbox 159 1348 653 1419">
     <span class='ocr_line' id='line_1_14' title="bbox 159 1348 653 1419; baseline 0.02 -23"><span class='ocrx_word' id='word_1_76' title='bbox 159 1362 267 1397; x_wconf 77' lang='grc' dir='ltr'><strong>σου</strong></span> <span class='ocrx_word' id='word_1_77' title='bbox 300 1348 497 1418; x_wconf 82' lang='grc' dir='ltr'>μελέτη</span> <span class='ocrx_word' id='word_1_78' title='bbox 532 1368 653 1419; x_wconf 87' lang='grc' dir='ltr'>μου.</span> 
     </span>
    </p>
   </div>
   <div class='ocr_carea' id='block_1_15' title="bbox 242 1431 1726 1519">
    <p class='ocr_par' dir='ltr' id='par_1_15' title="bbox 242 1431 1726 1519">
     <span class='ocr_line' id='line_1_15' title="bbox 242 1431 1726 1519; baseline 0.016 -36"><span class='ocrx_word' id='word_1_79' title='bbox 242 1431 366 1485; x_wconf 82' lang='grc'><strong>144.</strong></span> <span class='ocrx_word' id='word_1_80' title='bbox 400 1437 717 1511; x_wconf 82' lang='grc' dir='ltr'><strong>Δικαιοσύνη</strong></span> <span class='ocrx_word' id='word_1_81' title='bbox 748 1441 817 1495; x_wconf 78' lang='grc' dir='ltr'><strong>τὰ</strong></span> <span class='ocrx_word' id='word_1_82' title='bbox 852 1444 1121 1516; x_wconf 89' lang='grc' dir='ltr'>μαρτύριά</span> <span class='ocrx_word' id='word_1_83' title='bbox 1169 1463 1259 1500; x_wconf 87' lang='grc' dir='ltr'><strong>σου</strong></span> <span class='ocrx_word' id='word_1_84' title='bbox 1304 1449 1383 1513; x_wconf 84' lang='grc' dir='ltr'>εἰς</span> <span class='ocrx_word' id='word_1_85' title='bbox 1409 1449 1503 1503; x_wconf 82' lang='grc' dir='ltr'>τὸν</span> <span class='ocrx_word' id='word_1_86' title='bbox 1538 1452 1726 1519; x_wconf 90' lang='grc' dir='ltr'>αἰῶνα,</span> 
     </span>
    </p>
   </div>
   <div class='ocr_carea' id='block_1_16' title="bbox 160 1522 972 1603">
    <p class='ocr_par' dir='ltr' id='par_1_16' title="bbox 160 1522 972 1603">
     <span class='ocr_line' id='line_1_16' title="bbox 160 1522 972 1603; baseline 0.02 -32"><span class='ocrx_word' id='word_1_87' title='bbox 160 1522 447 1577; x_wconf 81' lang='grc' dir='ltr'>συνέτισόν</span> <span class='ocrx_word' id='word_1_88' title='bbox 480 1544 568 1596; x_wconf 87' lang='grc' dir='ltr'><strong>με,</strong></span> <span class='ocrx_word' id='word_1_89' title='bbox 606 1530 697 1582; x_wconf 70' lang='grc' dir='ltr'>καὶ</span> <span class='ocrx_word' id='word_1_90' title='bbox 721 1531 972 1603; x_wconf 81' lang='grc' dir='ltr'><strong>ζήσομαι.</strong></span> 
     </span>
    </p>
   </div>
   <div class='ocr_carea' id='block_1_17' title="bbox 243 1611 1728 1698">
    <p class='ocr_par' dir='ltr' id='par_1_17' title="bbox 243 1611 1728 1698">
     <span class='ocr_line' id='line_1_17' title="bbox 243 1611 1728 1698; baseline 0.016 -34"><span class='ocrx_word' id='word_1_91' title='bbox 243 1611 364 1666; x_wconf 83' lang='grc'><strong>145.</strong></span> <span class='ocrx_word' id='word_1_92' title='bbox 396 1615 698 1688; x_wconf 75' lang='grc' dir='ltr'>Ἐκέκραξα</span> <span class='ocrx_word' id='word_1_93' title='bbox 750 1624 808 1674; x_wconf 81' lang='grc' dir='ltr'>ἐν</span> <span class='ocrx_word' id='word_1_94' title='bbox 861 1622 957 1696; x_wconf 80' lang='grc' dir='ltr'><strong>ὅλῃ</strong></span> <span class='ocrx_word' id='word_1_95' title='bbox 1000 1626 1194 1698; x_wconf 72' lang='grc' dir='ltr'>καρδίᾳ</span> <span class='ocrx_word' id='word_1_96' title='bbox 1241 1645 1378 1698; x_wconf 86' lang='grc' dir='ltr'>μου,</span> <span class='ocrx_word' id='word_1_97' title='bbox 1425 1630 1728 1688; x_wconf 76' lang='grc' dir='ltr'>ὲπάκουσόν</span> 
     </span>
    </p>
   </div>
   <div class='ocr_carea' id='block_1_18' title="bbox 158 1704 1431 1791">
    <p class='ocr_par' dir='ltr' id='par_1_18' title="bbox 158 1704 1431 1791">
     <span class='ocr_line' id='line_1_18' title="bbox 158 1704 1431 1791; baseline 0.017 -39"><span class='ocrx_word' id='word_1_98' title='bbox 158 1718 296 1771; x_wconf 80' lang='grc' dir='ltr'>μου,</span> <span class='ocrx_word' id='word_1_99' title='bbox 332 1704 522 1776; x_wconf 87' lang='grc' dir='ltr'>Κύριε,</span> <span class='ocrx_word' id='word_1_100' title='bbox 549 1708 615 1761; x_wconf 84' lang='grc' dir='ltr'>τὰ</span> <span class='ocrx_word' id='word_1_101' title='bbox 643 1711 981 1779; x_wconf 77' lang='grc' dir='ltr'>δικαιώματα</span> <span class='ocrx_word' id='word_1_102' title='bbox 1015 1734 1106 1770; x_wconf 93' lang='grc' dir='ltr'><strong>σου</strong></span> <span class='ocrx_word' id='word_1_103' title='bbox 1130 1718 1431 1791; x_wconf 79' lang='grc' dir='ltr'>έκζητήσω.</span> 
     </span>
    </p>
   </div>
   <div class='ocr_carea' id='block_1_19' title="bbox 235 1792 1726 1887">
    <p class='ocr_par' dir='ltr' id='par_1_19' title="bbox 235 1792 1726 1887">
     <span class='ocr_line' id='line_1_19' title="bbox 235 1792 1726 1887; baseline 0.017 -42"><span class='ocrx_word' id='word_1_104' title='bbox 235 1792 361 1847; x_wconf 80' lang='grc'><strong>146.</strong></span> <span class='ocrx_word' id='word_1_105' title='bbox 395 1795 697 1869; x_wconf 83' lang='grc' dir='ltr'>Ἐκέκραξά</span> <span class='ocrx_word' id='word_1_106' title='bbox 720 1819 821 1869; x_wconf 89' lang='grc' dir='ltr'>σοι,</span> <span class='ocrx_word' id='word_1_107' title='bbox 846 1805 1017 1863; x_wconf 88' lang='grc' dir='ltr'>σῶσόν</span> <span class='ocrx_word' id='word_1_108' title='bbox 1034 1826 1123 1879; x_wconf 77' lang='grc' dir='ltr'><strong>με,</strong></span> <span class='ocrx_word' id='word_1_109' title='bbox 1150 1811 1243 1865; x_wconf 80' lang='grc' dir='ltr'>καὶ</span> <span class='ocrx_word' id='word_1_110' title='bbox 1266 1810 1481 1880; x_wconf 78' lang='grc' dir='ltr'><strong>φυλάξω</strong></span> <span class='ocrx_word' id='word_1_111' title='bbox 1504 1811 1572 1866; x_wconf 85' lang='grc' dir='ltr'><strong>τά</strong></span> <span class='ocrx_word' id='word_1_112' title='bbox 1593 1830 1726 1887; x_wconf 87' lang='grc' dir='ltr'>μαρ-</span> 
     </span>
    </p>
   </div>
   <div class='ocr_carea' id='block_1_20' title="bbox 152 1880 471 1954">
    <p class='ocr_par' dir='ltr' id='par_1_20' title="bbox 152 1880 471 1954">
     <span class='ocr_line' id='line_1_20' title="bbox 152 1880 471 1954; baseline 0.016 -20"><span class='ocrx_word' id='word_1_113' title='bbox 152 1880 327 1954; x_wconf 75' lang='grc' dir='ltr'>τύριᾶ</span> <span class='ocrx_word' id='word_1_114' title='bbox 360 1902 471 1938; x_wconf 91' lang='grc' dir='ltr'>σου.</span> 
     </span>
    </p>
   </div>
   <div class='ocr_carea' id='block_1_21' title="bbox 231 1972 1723 2061">
    <p class='ocr_par' dir='ltr' id='par_1_21' title="bbox 231 1972 1723 2061">
     <span class='ocr_line' id='line_1_21' title="bbox 231 1972 1723 2061; baseline 0.023 -37"><span class='ocrx_word' id='word_1_115' title='bbox 231 1972 357 2027; x_wconf 91' lang='grc'><strong>147.</strong></span> <span class='ocrx_word' id='word_1_116' title='bbox 390 1976 716 2048; x_wconf 78' lang='grc' dir='ltr'>Προέφθασα</span> <span class='ocrx_word' id='word_1_117' title='bbox 745 1987 803 2037; x_wconf 85' lang='grc' dir='ltr'>ὲν</span> <span class='ocrx_word' id='word_1_118' title='bbox 830 1988 1009 2059; x_wconf 86' lang='grc' dir='ltr'>ἀωρία</span> <span class='ocrx_word' id='word_1_119' title='bbox 1039 1988 1132 2045; x_wconf 81' lang='grc' dir='ltr'>καὶ</span> <span class='ocrx_word' id='word_1_120' title='bbox 1167 1990 1456 2061; x_wconf 71' lang='grc' dir='ltr'>ἰκέκραξα,</span> <span class='ocrx_word' id='word_1_121' title='bbox 1487 1996 1567 2060; x_wconf 76' lang='grc' dir='ltr'>εἰς</span> <span class='ocrx_word' id='word_1_122' title='bbox 1595 1996 1723 2061; x_wconf 77' lang='grc' dir='ltr'>τοὺς</span> 
     </span>
    </p>
   </div>
   <div class='ocr_carea' id='block_1_22' title="bbox 150 2062 800 2132">
    <p class='ocr_par' dir='ltr' id='par_1_22' title="bbox 150 2062 800 2132">
     <span class='ocr_line' id='line_1_22' title="bbox 150 2062 800 2132; baseline 0.025 -17"><span class='ocrx_word' id='word_1_123' title='bbox 150 2062 353 2132; x_wconf 82' lang='grc' dir='ltr'>λόγους</span> <span class='ocrx_word' id='word_1_124' title='bbox 381 2084 473 2123; x_wconf 83' lang='grc' dir='ltr'><strong>σου</strong></span> <span class='ocrx_word' id='word_1_125' title='bbox 507 2072 800 2131; x_wconf 66' lang='grc' dir='ltr'>ἐπήλπισα.</span> 
     </span>
    </p>
   </div>
   <div class='ocr_carea' id='block_1_23' title="bbox 1844 637 2650 697">
    <p class='ocr_par' dir='ltr' id='par_1_23' title="bbox 1844 637 2650 697">
     <span class='ocr_line' id='line_1_23' title="bbox 1844 637 2650 697; baseline 0.006 -6"><span class='ocrx_word' id='word_1_126' title='bbox 1844 646 1968 691; x_wconf 88' lang='lat' dir='ltr'><strong>sunt</strong></span> <span class='ocrx_word' id='word_1_127' title='bbox 1994 637 2153 692; x_wconf 84' lang='lat' dir='ltr'><strong>verba</strong></span> <span class='ocrx_word' id='word_1_128' title='bbox 2180 647 2271 692; x_wconf 87' lang='lat' dir='ltr'><strong>tua</strong></span> <span class='ocrx_word' id='word_1_129' title='bbox 2297 640 2497 694; x_wconf 89' lang='lat' dir='ltr'><strong>inimici</strong></span> <span class='ocrx_word' id='word_1_130' title='bbox 2525 642 2650 697; x_wconf 92' lang='lat' dir='ltr'><strong>mei.</strong></span> 
     </span>
    </p>
   </div>
   <div class='ocr_carea' id='block_1_24' title="bbox 1917 726 3396 803">
    <p class='ocr_par' dir='ltr' id='par_1_24' title="bbox 1917 726 3396 803">
     <span class='ocr_line' id='line_1_24' title="bbox 1917 726 3396 803; baseline 0.01 -24"><span class='ocrx_word' id='word_1_131' title='bbox 1917 726 2039 781; x_wconf 86' lang='grc'><strong>140.</strong></span> <span class='ocrx_word' id='word_1_132' title='bbox 2074 729 2306 797; x_wconf 86' lang='lat' dir='ltr'><strong>lgnitum</strong></span> <span class='ocrx_word' id='word_1_133' title='bbox 2340 730 2611 798; x_wconf 87' lang='lat' dir='ltr'><strong>eloquium</strong></span> <span class='ocrx_word' id='word_1_134' title='bbox 2640 741 2790 788; x_wconf 93' lang='lat' dir='ltr'><strong>tuum</strong></span> <span class='ocrx_word' id='word_1_135' title='bbox 2824 739 3183 803; x_wconf 70' lang='lat' dir='ltr'><strong>vehementer,</strong></span> <span class='ocrx_word' id='word_1_136' title='bbox 3212 751 3263 792; x_wconf 90' lang='lat' dir='ltr'><strong>et</strong></span> <span class='ocrx_word' id='word_1_137' title='bbox 3282 754 3396 794; x_wconf 89' lang='lat' dir='ltr'><strong>ser-</strong></span> 
     </span>
    </p>
   </div>
   <div class='ocr_carea' id='block_1_25' title="bbox 1842 819 2493 875">
    <p class='ocr_par' dir='ltr' id='par_1_25' title="bbox 1842 819 2493 875">
     <span class='ocr_line' id='line_1_25' title="bbox 1842 819 2493 875; baseline 0.008 -6"><span class='ocrx_word' id='word_1_138' title='bbox 1842 832 1942 871; x_wconf 89' lang='lat' dir='ltr'><strong>vus</strong></span> <span class='ocrx_word' id='word_1_139' title='bbox 1972 829 2096 873; x_wconf 85' lang='lat' dir='ltr'><strong>tuus</strong></span> <span class='ocrx_word' id='word_1_140' title='bbox 2127 819 2314 874; x_wconf 76' lang='lat' dir='ltr'><strong>dilexit</strong></span> <span class='ocrx_word' id='word_1_141' title='bbox 2345 821 2493 875; x_wconf 92' lang='lat' dir='ltr'><strong>illud.</strong></span> 
     </span>
    </p>
   </div>
   <div class='ocr_carea' id='block_1_26' title="bbox 1914 908 3396 988">
    <p class='ocr_par' dir='ltr' id='par_1_26' title="bbox 1914 908 3396 988">
     <span class='ocr_line' id='line_1_26' title="bbox 1914 908 3396 988; baseline 0.009 -28"><span class='ocrx_word' id='word_1_142' title='bbox 1914 908 2034 962; x_wconf 88' lang='grc'><strong>141.</strong></span> <span class='ocrx_word' id='word_1_143' title='bbox 2081 909 2540 967; x_wconf 82' lang='lat' dir='ltr'><strong>Adolescentulus</strong></span> <span class='ocrx_word' id='word_1_144' title='bbox 2569 928 2687 967; x_wconf 90' lang='lat' dir='ltr'><strong>sum</strong></span> <span class='ocrx_word' id='word_1_145' title='bbox 2716 929 2816 983; x_wconf 89' lang='lat' dir='ltr'><strong>ego</strong></span> <span class='ocrx_word' id='word_1_146' title='bbox 2841 924 2895 970; x_wconf 89' lang='lat' dir='ltr'><strong>et</strong></span> <span class='ocrx_word' id='word_1_147' title='bbox 2928 926 3283 987; x_wconf 71' lang='lat' dir='ltr'><strong>contemptus,</strong></span> <span class='ocrx_word' id='word_1_148' title='bbox 3306 919 3396 988; x_wconf 76' lang='lat' dir='ltr'><strong>ju~</strong></span> 
     </span>
    </p>
   </div>
   <div class='ocr_carea' id='block_1_27' title="bbox 1841 999 2919 1062">
    <p class='ocr_par' dir='ltr' id='par_1_27' title="bbox 1841 999 2919 1062">
     <span class='ocr_line' id='line_1_27' title="bbox 1841 999 2919 1062; baseline 0.008 -9"><span class='ocrx_word' id='word_1_149' title='bbox 1841 999 2195 1055; x_wconf 84' lang='lat' dir='ltr'><strong>stiﬁcatioues</strong></span> <span class='ocrx_word' id='word_1_150' title='bbox 2219 1010 2340 1059; x_wconf 90' lang='lat' dir='ltr'><strong>tuas</strong></span> <span class='ocrx_word' id='word_1_151' title='bbox 2368 1019 2474 1058; x_wconf 91' lang='lat' dir='ltr'><strong>non</strong></span> <span class='ocrx_word' id='word_1_152' title='bbox 2513 1020 2632 1059; x_wconf 90' lang='lat' dir='ltr'><strong>sum</strong></span> <span class='ocrx_word' id='word_1_153' title='bbox 2655 1006 2872 1062; x_wconf 87' lang='lat' dir='ltr'><strong>oblitus.</strong></span> <span class='ocrx_word' id='word_1_154' title='bbox 2917 1004 2919 1006; x_wconf 68' lang='grc'><em>’</em></span> 
     </span>
    </p>
   </div>
   <div class='ocr_carea' id='block_1_28' title="bbox 1909 1090 3387 1167">
    <p class='ocr_par' dir='ltr' id='par_1_28' title="bbox 1909 1090 3387 1167">
     <span class='ocr_line' id='line_1_28' title="bbox 1909 1090 3387 1167; baseline 0.009 -24"><span class='ocrx_word' id='word_1_155' title='bbox 1909 1091 2034 1144; x_wconf 72' lang='grc' dir='ltr'><strong>ΗΞ.</strong></span> <span class='ocrx_word' id='word_1_156' title='bbox 2082 1090 2300 1149; x_wconf 87' lang='lat' dir='ltr'><strong>Justitia</strong></span> <span class='ocrx_word' id='word_1_157' title='bbox 2334 1105 2446 1162; x_wconf 91' lang='lat' dir='ltr'><strong>tua,</strong></span> <span class='ocrx_word' id='word_1_158' title='bbox 2468 1096 2675 1167; x_wconf 89' lang='lat' dir='ltr'><strong>justitia</strong></span> <span class='ocrx_word' id='word_1_159' title='bbox 2704 1100 2757 1153; x_wconf 89' lang='lat' dir='ltr'><strong>in</strong></span> <span class='ocrx_word' id='word_1_160' title='bbox 2788 1108 3069 1167; x_wconf 67' lang='lat' dir='ltr'><strong>aeternum,</strong></span> <span class='ocrx_word' id='word_1_161' title='bbox 3102 1110 3157 1156; x_wconf 89' lang='lat' dir='ltr'><strong>et</strong></span> <span class='ocrx_word' id='word_1_162' title='bbox 3180 1101 3260 1155; x_wconf 77' lang='lat' dir='ltr'><strong>les</strong></span> <span class='ocrx_word' id='word_1_163' title='bbox 3298 1112 3387 1157; x_wconf 89' lang='lat' dir='ltr'><strong>tua</strong></span> 
     </span>
    </p>
   </div>
   <div class='ocr_carea' id='block_1_29' title="bbox 1835 1183 2047 1238">
    <p class='ocr_par' dir='ltr' id='par_1_29' title="bbox 1835 1183 2047 1238">
     <span class='ocr_line' id='line_1_29' title="bbox 1835 1183 2047 1238; baseline 0.009 -2"><span class='ocrx_word' id='word_1_164' title='bbox 1835 1183 2047 1238; x_wconf 82' lang='lat' dir='ltr'><strong>veritas.</strong></span> 
     </span>
    </p>
   </div>
   <div class='ocr_carea' id='block_1_30' title="bbox 1905 1272 3389 1350">
    <p class='ocr_par' dir='ltr' id='par_1_30' title="bbox 1905 1272 3389 1350">
     <span class='ocr_line' id='line_1_30' title="bbox 1905 1272 3389 1350; baseline 0.011 -24"><span class='ocrx_word' id='word_1_165' title='bbox 1905 1272 2028 1327; x_wconf 78' lang='grc'><strong>145.</strong></span> <span class='ocrx_word' id='word_1_166' title='bbox 2060 1272 2364 1330; x_wconf 89' lang='lat' dir='ltr'><strong>Tribulatio</strong></span> <span class='ocrx_word' id='word_1_167' title='bbox 2385 1285 2439 1331; x_wconf 89' lang='lat' dir='ltr'><strong>et</strong></span> <span class='ocrx_word' id='word_1_168' title='bbox 2463 1280 2722 1350; x_wconf 65' lang='lat' dir='ltr'><strong>angustia:</strong></span> <span class='ocrx_word' id='word_1_169' title='bbox 2752 1281 3069 1337; x_wconf 82' lang='lat' dir='ltr'><strong>invenerunt</strong></span> <span class='ocrx_word' id='word_1_170' title='bbox 3097 1300 3199 1349; x_wconf 89' lang='lat' dir='ltr'><strong>me,</strong></span> <span class='ocrx_word' id='word_1_171' title='bbox 3236 1302 3389 1342; x_wconf 87' lang='lat' dir='ltr'><strong>man-</strong></span> 
     </span>
    </p>
   </div>
   <div class='ocr_carea' id='block_1_31' title="bbox 1833 1362 2674 1426">
    <p class='ocr_par' dir='ltr' id='par_1_31' title="bbox 1833 1362 2674 1426">
     <span class='ocr_line' id='line_1_31' title="bbox 1833 1362 2674 1426; baseline 0.01 -10"><span class='ocrx_word' id='word_1_172' title='bbox 1833 1362 1958 1418; x_wconf 87' lang='lat' dir='ltr'><strong>data</strong></span> <span class='ocrx_word' id='word_1_173' title='bbox 1993 1375 2084 1419; x_wconf 89' lang='lat' dir='ltr'><strong>tua</strong></span> <span class='ocrx_word' id='word_1_174' title='bbox 2118 1367 2395 1422; x_wconf 76' lang='lat' dir='ltr'><strong>meditatio</strong></span> <span class='ocrx_word' id='word_1_175' title='bbox 2432 1385 2550 1424; x_wconf 88' lang='lat' dir='ltr'><strong>mea</strong></span> <span class='ocrx_word' id='word_1_176' title='bbox 2574 1379 2674 1426; x_wconf 88' lang='lat' dir='ltr'><strong>est.</strong></span> 
     </span>
    </p>
   </div>
   <div class='ocr_carea' id='block_1_32' title="bbox 1901 1453 3385 1534">
    <p class='ocr_par' dir='ltr' id='par_1_32' title="bbox 1901 1453 3385 1534">
     <span class='ocr_line' id='line_1_32' title="bbox 1901 1453 3385 1534; baseline 0.011 -28"><span class='ocrx_word' id='word_1_177' title='bbox 1901 1453 2028 1508; x_wconf 88' lang='grc'><strong>144.</strong></span> <span class='ocrx_word' id='word_1_178' title='bbox 2064 1453 2283 1513; x_wconf 87' lang='lat' dir='ltr'><strong>Justitia</strong></span> <span class='ocrx_word' id='word_1_179' title='bbox 2325 1461 2634 1517; x_wconf 87' lang='lat' dir='ltr'><strong>testimonia</strong></span> <span class='ocrx_word' id='word_1_180' title='bbox 2662 1472 2753 1518; x_wconf 91' lang='lat' dir='ltr'><strong>tua</strong></span> <span class='ocrx_word' id='word_1_181' title='bbox 2798 1462 2854 1519; x_wconf 88' lang='lat' dir='ltr'><strong>in</strong></span> <span class='ocrx_word' id='word_1_182' title='bbox 2901 1474 3181 1534; x_wconf 66' lang='lat' dir='ltr'><strong>cternum,</strong></span> <span class='ocrx_word' id='word_1_183' title='bbox 3229 1468 3385 1524; x_wconf 81' lang='lat' dir='ltr'><strong>intel-</strong></span> 
     </span>
    </p>
   </div>
   <div class='ocr_carea' id='block_1_33' title="bbox 1830 1540 2628 1613">
    <p class='ocr_par' dir='ltr' id='par_1_33' title="bbox 1830 1540 2628 1613">
     <span class='ocr_line' id='line_1_33' title="bbox 1830 1540 2628 1613; baseline 0.014 -17"><span class='ocrx_word' id='word_1_184' title='bbox 1830 1540 2032 1599; x_wconf 88' lang='lat' dir='ltr'><strong>lectum</strong></span> <span class='ocrx_word' id='word_1_185' title='bbox 2062 1546 2130 1600; x_wconf 89' lang='lat' dir='ltr'><strong>da</strong></span> <span class='ocrx_word' id='word_1_186' title='bbox 2161 1548 2315 1613; x_wconf 85' lang='lat' dir='ltr'><strong>mihi,</strong></span> <span class='ocrx_word' id='word_1_187' title='bbox 2344 1559 2398 1605; x_wconf 88' lang='lat' dir='ltr'><strong>et</strong></span> <span class='ocrx_word' id='word_1_188' title='bbox 2428 1552 2628 1606; x_wconf 85' lang='lat' dir='ltr'><strong>vivam.</strong></span> 
     </span>
    </p>
   </div>
   <div class='ocr_carea' id='block_1_34' title="bbox 1900 1632 3383 1715">
    <p class='ocr_par' dir='ltr' id='par_1_34' title="bbox 1900 1632 3383 1715">
     <span class='ocr_line' id='line_1_34' title="bbox 1900 1632 3383 1715; baseline 0.016 -28"><span class='ocrx_word' id='word_1_189' title='bbox 1900 1632 2023 1687; x_wconf 78' lang='grc'><strong>145.</strong></span> <span class='ocrx_word' id='word_1_190' title='bbox 2051 1634 2292 1692; x_wconf 84' lang='lat' dir='ltr'><strong>Clamavi</strong></span> <span class='ocrx_word' id='word_1_191' title='bbox 2327 1640 2381 1693; x_wconf 91' lang='lat' dir='ltr'><strong>in</strong></span> <span class='ocrx_word' id='word_1_192' title='bbox 2408 1650 2518 1696; x_wconf 92' lang='lat' dir='ltr'><strong>toto</strong></span> <span class='ocrx_word' id='word_1_193' title='bbox 2548 1643 2711 1698; x_wconf 84' lang='lat' dir='ltr'><strong>corde</strong></span> <span class='ocrx_word' id='word_1_194' title='bbox 2729 1659 2869 1712; x_wconf 80' lang='lat' dir='ltr'><strong>meo,</strong></span> <span class='ocrx_word' id='word_1_195' title='bbox 2908 1651 3104 1705; x_wconf 82' lang='lat' dir='ltr'><strong>exaudi</strong></span> <span class='ocrx_word' id='word_1_196' title='bbox 3141 1667 3245 1715; x_wconf 88' lang='lat' dir='ltr'><strong>me,</strong></span> <span class='ocrx_word' id='word_1_197' title='bbox 3278 1654 3383 1708; x_wconf 86' lang='lat' dir='ltr'><strong>Do-</strong></span> 
     </span>
    </p>
   </div>
   <div class='ocr_carea' id='block_1_35' title="bbox 1828 1722 2900 1805">
    <p class='ocr_par' dir='ltr' id='par_1_35' title="bbox 1828 1722 2900 1805">
     <span class='ocr_line' id='line_1_35' title="bbox 1828 1722 2900 1805; baseline 0.018 -31"><span class='ocrx_word' id='word_1_198' title='bbox 1828 1722 1991 1785; x_wconf 88' lang='lat' dir='ltr'><strong>mine,</strong></span> <span class='ocrx_word' id='word_1_199' title='bbox 2013 1724 2430 1792; x_wconf 80' lang='lat' dir='ltr'><strong>justiﬂcationes</strong></span> <span class='ocrx_word' id='word_1_200' title='bbox 2464 1741 2583 1787; x_wconf 86' lang='lat' dir='ltr'><strong>tuas</strong></span> <span class='ocrx_word' id='word_1_201' title='bbox 2606 1736 2900 1805; x_wconf 81' lang='lat' dir='ltr'><strong>requiram.</strong></span> 
     </span>
    </p>
   </div>
   <div class='ocr_carea' id='block_1_36' title="bbox 1896 1814 3377 1897">
    <p class='ocr_par' dir='ltr' id='par_1_36' title="bbox 1896 1814 3377 1897">
     <span class='ocr_line' id='line_1_36' title="bbox 1896 1814 3377 1897; baseline 0.018 -30"><span class='ocrx_word' id='word_1_202' title='bbox 1896 1814 2019 1869; x_wconf 89' lang='grc'><strong>146.</strong></span> <span class='ocrx_word' id='word_1_203' title='bbox 2050 1816 2290 1875; x_wconf 86' lang='lat' dir='ltr'><strong>Clamavi</strong></span> <span class='ocrx_word' id='word_1_204' title='bbox 2323 1822 2392 1876; x_wconf 90' lang='lat' dir='ltr'><strong>ad</strong></span> <span class='ocrx_word' id='word_1_205' title='bbox 2423 1833 2495 1891; x_wconf 89' lang='lat' dir='ltr'><strong>te,</strong></span> <span class='ocrx_word' id='word_1_206' title='bbox 2521 1826 2728 1882; x_wconf 83' lang='lat' dir='ltr'><strong>salvum</strong></span> <span class='ocrx_word' id='word_1_207' title='bbox 2751 1845 2837 1886; x_wconf 88' lang='lat' dir='ltr'><strong>me</strong></span> <span class='ocrx_word' id='word_1_208' title='bbox 2862 1830 2969 1897; x_wconf 69' lang='lat' dir='ltr'><strong>fac,</strong></span> <span class='ocrx_word' id='word_1_209' title='bbox 3001 1841 3055 1887; x_wconf 91' lang='lat' dir='ltr'><strong>et</strong></span> <span class='ocrx_word' id='word_1_210' title='bbox 3081 1838 3377 1894; x_wconf 75' lang='lat' dir='ltr'><strong>custodiam</strong></span> 
     </span>
    </p>
   </div>
   <div class='ocr_carea' id='block_1_37' title="bbox 1823 1908 2206 1964">
    <p class='ocr_par' dir='ltr' id='par_1_37' title="bbox 1823 1908 2206 1964">
     <span class='ocr_line' id='line_1_37' title="bbox 1823 1908 2206 1964; baseline 0.01 -4"><span class='ocrx_word' id='word_1_211' title='bbox 1823 1908 2071 1962; x_wconf 85' lang='lat' dir='ltr'><strong>mandata</strong></span> <span class='ocrx_word' id='word_1_212' title='bbox 2097 1920 2206 1964; x_wconf 90' lang='lat' dir='ltr'><strong>tua.</strong></span> 
     </span>
    </p>
   </div>
   <div class='ocr_carea' id='block_1_38' title="bbox 1896 1996 3376 2086">
    <p class='ocr_par' dir='ltr' id='par_1_38' title="bbox 1896 1996 3376 2086">
     <span class='ocr_line' id='line_1_38' title="bbox 1896 1996 3376 2086; baseline 0.018 -36"><span class='ocrx_word' id='word_1_213' title='bbox 1896 1996 2021 2053; x_wconf 85' lang='grc'><strong>147.</strong></span> <span class='ocrx_word' id='word_1_214' title='bbox 2053 1998 2291 2077; x_wconf 70' lang='lat' dir='ltr'><strong>Praeveni</strong></span> <span class='ocrx_word' id='word_1_215' title='bbox 2320 2004 2373 2057; x_wconf 92' lang='lat' dir='ltr'><strong>in</strong></span> <span class='ocrx_word' id='word_1_216' title='bbox 2411 2007 2742 2067; x_wconf 75' lang='lat' dir='ltr'><strong>maturitate.</strong></span> <span class='ocrx_word' id='word_1_217' title='bbox 2770 2018 2824 2067; x_wconf 84' lang='lat' dir='ltr'><strong>et</strong></span> <span class='ocrx_word' id='word_1_218' title='bbox 2859 2013 3126 2071; x_wconf 89' lang='lat' dir='ltr'><strong>clamavi:</strong></span> <span class='ocrx_word' id='word_1_219' title='bbox 3159 2018 3285 2086; x_wconf 88' lang='lat' dir='ltr'><strong>quia</strong></span> <span class='ocrx_word' id='word_1_220' title='bbox 3320 2019 3376 2076; x_wconf 88' lang='lat' dir='ltr'><strong>in</strong></span> 
     </span>
    </p>
   </div>
   <div class='ocr_carea' id='block_1_39' title="bbox 1828 2089 2540 2166">
    <p class='ocr_par' dir='ltr' id='par_1_39' title="bbox 1828 2089 2540 2166">
     <span class='ocr_line' id='line_1_39' title="bbox 1828 2089 2540 2166; baseline 0.014 -23"><span class='ocrx_word' id='word_1_221' title='bbox 1828 2089 1997 2145; x_wconf 81' lang='lat' dir='ltr'><strong>verba</strong></span> <span class='ocrx_word' id='word_1_222' title='bbox 2026 2098 2119 2146; x_wconf 82' lang='lat' dir='ltr'><strong>tua</strong></span> <span class='ocrx_word' id='word_1_223' title='bbox 2145 2097 2540 2166; x_wconf 87' lang='lat' dir='ltr'><strong>supersperavi.</strong></span> 
     </span>
    </p>
   </div>
   <div class='ocr_carea' id='block_1_40' title="bbox 1283 2243 2261 2308">
    <p class='ocr_par' dir='ltr' id='par_1_40' title="bbox 1283 2243 2261 2308">
     <span class='ocr_line' id='line_1_40' title="bbox 1283 2243 2261 2308; baseline 0.009 -11"><span class='ocrx_word' id='word_1_224' title='bbox 1283 2243 1652 2303; x_wconf 76' lang='lat' dir='ltr'><strong>ATHANASII</strong></span> <span class='ocrx_word' id='word_1_225' title='bbox 1687 2245 2261 2308; x_wconf 78' lang='lat' dir='ltr'><strong>INTERPRETATIO.</strong></span> 
     </span>
    </p>
   </div>
   <div class='ocr_carea' id='block_1_41' title="bbox 227 2366 1717 2457">
    <p class='ocr_par' dir='ltr' id='par_1_41' title="bbox 227 2366 1717 2457">
     <span class='ocr_line' id='line_1_41' title="bbox 227 2366 1717 2457; baseline 0.013 -37"><span class='ocrx_word' id='word_1_226' title='bbox 227 2366 351 2423; x_wconf 78' lang='grc'><strong>139.</strong></span> <span class='ocrx_word' id='word_1_227' title='bbox 389 2369 731 2444; x_wconf 85' lang='grc' dir='ltr'>Ἐμαράνθην</span> <span class='ocrx_word' id='word_1_228' title='bbox 770 2374 887 2439; x_wconf 81' lang='grc' dir='ltr'>ὅλος</span> <span class='ocrx_word' id='word_1_229' title='bbox 917 2378 1023 2432; x_wconf 85' lang='grc' dir='ltr'>ἀπὸ</span> <span class='ocrx_word' id='word_1_230' title='bbox 1066 2378 1159 2434; x_wconf 79' lang='grc' dir='ltr'><strong>τοῦ</strong></span> <span class='ocrx_word' id='word_1_231' title='bbox 1184 2380 1345 2454; x_wconf 78' lang='grc' dir='ltr'>ζήλου</span> <span class='ocrx_word' id='word_1_232' title='bbox 1376 2402 1499 2457; x_wconf 88' lang='grc' dir='ltr'>περ.</span> <span class='ocrx_word' id='word_1_233' title='bbox 1527 2402 1606 2450; x_wconf 82' lang='grc' dir='ltr'><strong>σε,</strong></span> <span class='ocrx_word' id='word_1_234' title='bbox 1637 2386 1717 2440; x_wconf 86' lang='grc' dir='ltr'><strong>δτι</strong></span> 
     </span>
    </p>
   </div>
   <div class='ocr_carea' id='block_1_42' title="bbox 149 2462 1717 2547">
    <p class='ocr_par' dir='ltr' id='par_1_42' title="bbox 149 2462 1717 2547">
     <span class='ocr_line' id='line_1_42' title="bbox 149 2462 1717 2547; baseline 0.014 -36"><span class='ocrx_word' id='word_1_235' title='bbox 149 2462 271 2530; x_wconf 79' lang='grc' dir='ltr'>ὁρῶ</span> <span class='ocrx_word' id='word_1_236' title='bbox 308 2465 433 2527; x_wconf 81' lang='grc' dir='ltr'>τοὺς</span> <span class='ocrx_word' id='word_1_237' title='bbox 479 2466 785 2535; x_wconf 76' lang='grc' dir='ltr'>αἱρετικοὺς</span> <span class='ocrx_word' id='word_1_238' title='bbox 831 2469 1046 2525; x_wconf 81' lang='grc' dir='ltr'>ἐναντία</span> <span class='ocrx_word' id='word_1_239' title='bbox 1089 2472 1197 2529; x_wconf 83' lang='grc' dir='ltr'><strong>τῶν</strong></span> <span class='ocrx_word' id='word_1_240' title='bbox 1227 2475 1456 2547; x_wconf 77' lang='grc' dir='ltr'>Γραφῶν</span> <span class='ocrx_word' id='word_1_241' title='bbox 1495 2495 1588 2531; x_wconf 87' lang='grc' dir='ltr'><strong>σου</strong></span> <span class='ocrx_word' id='word_1_242' title='bbox 1620 2478 1717 2533; x_wconf 90' lang='grc' dir='ltr'>λα-</span> 
     </span>
    </p>
   </div>
   <div class='ocr_carea' id='block_1_43' title="bbox 149 2552 1030 2627">
    <p class='ocr_par' dir='ltr' id='par_1_43' title="bbox 149 2552 1030 2627">
     <span class='ocr_line' id='line_1_43' title="bbox 149 2552 1030 2627; baseline 0.016 -24"><span class='ocrx_word' id='word_1_243' title='bbox 149 2552 349 2615; x_wconf 71' lang='grc' dir='ltr'>ϐόντας</span> <span class='ocrx_word' id='word_1_244' title='bbox 381 2556 507 2624; x_wconf 80' lang='grc' dir='ltr'>περὶ</span> <span class='ocrx_word' id='word_1_245' title='bbox 539 2557 635 2627; x_wconf 77' lang='grc' dir='ltr'><strong>τῆς</strong></span> <span class='ocrx_word' id='word_1_246' title='bbox 666 2559 898 2625; x_wconf 81' lang='grc' dir='ltr'>πίστεώς</span> <span class='ocrx_word' id='word_1_247' title='bbox 918 2580 1030 2617; x_wconf 90' lang='grc' dir='ltr'>σου.</span> 
     </span>
    </p>
   </div>
   <div class='ocr_carea' id='block_1_44' title="bbox 228 2643 1718 2731">
    <p class='ocr_par' dir='ltr' id='par_1_44' title="bbox 228 2643 1718 2731">
     <span class='ocr_line' id='line_1_44' title="bbox 228 2643 1718 2731; baseline 0.013 -36"><span class='ocrx_word' id='word_1_248' title='bbox 228 2643 347 2696; x_wconf 83' lang='grc'><strong>140.</strong></span> <span class='ocrx_word' id='word_1_249' title='bbox 368 2645 579 2717; x_wconf 78' lang='grc' dir='ltr'><strong>Ἐπειδὴ</strong></span> <span class='ocrx_word' id='word_1_250' title='bbox 611 2649 719 2720; x_wconf 79' lang='grc' dir='ltr'>πῦρ</span> <span class='ocrx_word' id='word_1_251' title='bbox 749 2652 905 2716; x_wconf 74' lang='grc' dir='ltr'>αὐτὸς</span> <span class='ocrx_word' id='word_1_252' title='bbox 932 2654 1160 2726; x_wconf 77' lang='grc' dir='ltr'>ὑπάρχει</span> <span class='ocrx_word' id='word_1_253' title='bbox 1184 2655 1515 2731; x_wconf 83' lang='grc' dir='ltr'>[ύπάρχεις],</span> <span class='ocrx_word' id='word_1_254' title='bbox 1554 2677 1718 2713; x_wconf 78' lang='grc' dir='ltr'>πεπυ-</span> 
     </span>
    </p>
   </div>
   <div class='ocr_carea' id='block_1_45' title="bbox 1888 2388 3369 2469">
    <p class='ocr_par' dir='ltr' id='par_1_45' title="bbox 1888 2388 3369 2469">
     <span class='ocr_line' id='line_1_45' title="bbox 1888 2388 3369 2469; baseline 0.01 -27"><span class='ocrx_word' id='word_1_255' title='bbox 1888 2388 2008 2444; x_wconf 79' lang='grc'><strong>139.</strong></span> <span class='ocrx_word' id='word_1_256' title='bbox 2042 2388 2291 2445; x_wconf 82' lang='lat' dir='ltr'><strong>Emarcui</strong></span> <span class='ocrx_word' id='word_1_257' title='bbox 2323 2401 2468 2448; x_wconf 92' lang='lat' dir='ltr'><strong>totus</strong></span> <span class='ocrx_word' id='word_1_258' title='bbox 2514 2392 2585 2448; x_wconf 88' lang='lat' dir='ltr'><strong>ob</strong></span> <span class='ocrx_word' id='word_1_259' title='bbox 2620 2394 2795 2448; x_wconf 80' lang='lat' dir='ltr'><strong>zelum</strong></span> <span class='ocrx_word' id='word_1_260' title='bbox 2830 2410 2956 2466; x_wconf 88' lang='lat' dir='ltr'><strong>erga</strong></span> <span class='ocrx_word' id='word_1_261' title='bbox 2994 2405 3065 2463; x_wconf 91' lang='lat' dir='ltr'><strong>te,</strong></span> <span class='ocrx_word' id='word_1_262' title='bbox 3114 2402 3369 2469; x_wconf 76' lang='lat' dir='ltr'><strong>quoniam</strong></span> 
     </span>
    </p>
   </div>
   <div class='ocr_carea' id='block_1_46' title="bbox 1815 2477 3371 2552">
    <p class='ocr_par' dir='ltr' id='par_1_46' title="bbox 1815 2477 3371 2552">
     <span class='ocr_line' id='line_1_46' title="bbox 1815 2477 3371 2552; baseline 0.013 -21"><span class='ocrx_word' id='word_1_263' title='bbox 1815 2477 1973 2533; x_wconf 87' lang='lat' dir='ltr'><strong>video</strong></span> <span class='ocrx_word' id='word_1_264' title='bbox 2025 2480 2307 2539; x_wconf 61' lang='lat' dir='ltr'><strong>bareticos</strong></span> <span class='ocrx_word' id='word_1_265' title='bbox 2357 2486 2632 2541; x_wconf 86' lang='lat' dir='ltr'><strong>contraria</strong></span> <span class='ocrx_word' id='word_1_266' title='bbox 2694 2486 2818 2543; x_wconf 78' lang='lat' dir='ltr'><strong>ﬁdei</strong></span> <span class='ocrx_word' id='word_1_267' title='bbox 2867 2499 2972 2545; x_wconf 64' lang='lat' dir='ltr'><strong>tua!</strong></span> <span class='ocrx_word' id='word_1_268' title='bbox 3016 2501 3289 2550; x_wconf 78' lang='lat' dir='ltr'><strong>sumentes</strong></span> <span class='ocrx_word' id='word_1_269' title='bbox 3340 2512 3371 2552; x_wconf 87' lang='lat' dir='ltr'><strong>s</strong></span> 
     </span>
    </p>
   </div>
   <div class='ocr_carea' id='block_1_47' title="bbox 1815 2567 2268 2637">
    <p class='ocr_par' dir='ltr' id='par_1_47' title="bbox 1815 2567 2268 2637">
     <span class='ocr_line' id='line_1_47' title="bbox 1815 2567 2268 2637; baseline 0.009 -14"><span class='ocrx_word' id='word_1_270' title='bbox 1815 2567 2108 2637; x_wconf 86' lang='lat' dir='ltr'><strong>Scripturis</strong></span> <span class='ocrx_word' id='word_1_271' title='bbox 2138 2572 2268 2627; x_wconf 90' lang='lat' dir='ltr'><strong>tuis.</strong></span> 
     </span>
    </p>
   </div>
   <div class='ocr_carea' id='block_1_48' title="bbox 1889 2658 3369 2743">
    <p class='ocr_par' dir='ltr' id='par_1_48' title="bbox 1889 2658 3369 2743">
     <span class='ocr_line' id='line_1_48' title="bbox 1889 2658 3369 2743; baseline 0.012 -31"><span class='ocrx_word' id='word_1_272' title='bbox 1889 2658 2011 2713; x_wconf 89' lang='grc'><strong>140.</strong></span> <span class='ocrx_word' id='word_1_273' title='bbox 2041 2659 2308 2726; x_wconf 83' lang='lat' dir='ltr'><strong>Quoniam</strong></span> <span class='ocrx_word' id='word_1_274' title='bbox 2336 2662 2476 2734; x_wconf 84' lang='lat' dir='ltr'><strong>ignis</strong></span> <span class='ocrx_word' id='word_1_275' title='bbox 2505 2680 2621 2735; x_wconf 78' lang='lat' dir='ltr'><strong>ipse</strong></span> <span class='ocrx_word' id='word_1_276' title='bbox 2656 2682 2738 2733; x_wconf 90' lang='lat' dir='ltr'><strong>es,</strong></span> <span class='ocrx_word' id='word_1_277' title='bbox 2764 2677 2817 2722; x_wconf 92' lang='lat' dir='ltr'><strong>et</strong></span> <span class='ocrx_word' id='word_1_278' title='bbox 2844 2669 3005 2740; x_wconf 89' lang='lat' dir='ltr'><strong>ignita</strong></span> <span class='ocrx_word' id='word_1_279' title='bbox 3039 2673 3251 2743; x_wconf 89' lang='lat' dir='ltr'><strong>eloquia</strong></span> <span class='ocrx_word' id='word_1_280' title='bbox 3278 2684 3369 2730; x_wconf 85' lang='lat' dir='ltr'><strong>tua</strong></span> 
     </span>
    </p>
   </div>
   <div class='ocr_carea' id='block_1_49' title="bbox 152 2737 1693 2834">
    <p class='ocr_par' dir='ltr' id='par_1_49' title="bbox 152 2737 1693 2819">
     <span class='ocr_line' id='line_1_49' title="bbox 152 2737 1693 2819; baseline 0.012 -35"><span class='ocrx_word' id='word_1_281' title='bbox 152 2737 480 2804; x_wconf 83' lang='grc' dir='ltr'>ρακτωμένα</span> <span class='ocrx_word' id='word_1_282' title='bbox 503 2740 595 2791; x_wconf 73' lang='grc' dir='ltr'>καὶ</span> <span class='ocrx_word' id='word_1_283' title='bbox 624 2741 690 2793; x_wconf 78' lang='grc' dir='ltr'><strong>τὰ</strong></span> <span class='ocrx_word' id='word_1_284' title='bbox 720 2742 873 2810; x_wconf 86' lang='grc' dir='ltr'>λόγιὰ</span> <span class='ocrx_word' id='word_1_285' title='bbox 906 2745 996 2796; x_wconf 90' lang='grc' dir='ltr'><strong>σού</strong></span> <span class='ocrx_word' id='word_1_286' title='bbox 1027 2749 1131 2799; x_wconf 87' lang='grc' dir='ltr'>εἰσι</span> <span class='ocrx_word' id='word_1_287' title='bbox 1159 2749 1295 2819; x_wconf 81' lang='grc' dir='ltr'>πρὸς</span> <span class='ocrx_word' id='word_1_288' title='bbox 1318 2750 1377 2801; x_wconf 85' lang='grc' dir='ltr'>τὸ</span> <span class='ocrx_word' id='word_1_289' title='bbox 1403 2751 1693 2805; x_wconf 65' lang='grc' dir='ltr'>κατακαίειε</span> 
     </span>
    </p>
   </div>
   <div class='ocr_carea' id='block_1_50' title="bbox 1795 2737 3366 2834">
    <p class='ocr_par' dir='ltr' id='par_1_50' title="bbox 1816 2737 3366 2834">
     <span class='ocr_line' id='line_1_50' title="bbox 1816 2737 3366 2834; baseline 0.01 -30"><span class='ocrx_word' id='word_1_290' title='bbox 1816 2761 1941 2804; x_wconf 90' lang='lat' dir='ltr'><strong>sunt</strong></span> <span class='ocrx_word' id='word_1_291' title='bbox 1968 2751 2033 2805; x_wconf 92' lang='lat' dir='ltr'><strong>ad</strong></span> <span class='ocrx_word' id='word_1_292' title='bbox 2084 2755 2509 2810; x_wconf 89' lang='lat' dir='ltr'><strong>comburendum</strong></span> <span class='ocrx_word' id='word_1_293' title='bbox 2558 2757 2723 2827; x_wconf 86' lang='lat' dir='ltr'><strong>ligna,</strong></span> <span class='ocrx_word' id='word_1_294' title='bbox 2776 2737 2985 2828; x_wconf 81' lang='lat' dir='ltr'><strong>fenum,</strong></span> <span class='ocrx_word' id='word_1_295' title='bbox 3024 2737 3276 2834; x_wconf 79' lang='lat' dir='ltr'><strong>stipulam</strong></span> <span class='ocrx_word' id='word_1_296' title='bbox 3300 2768 3366 2832; x_wconf 78' lang='lat'><strong>“,</strong></span> 
     </span>
    </p>
   </div>
   <div class='ocr_carea' id='block_1_51' title="bbox 148 2823 1693 2912">
    <p class='ocr_par' dir='ltr' id='par_1_51' title="bbox 148 2823 1693 2908">
     <span class='ocr_line' id='line_1_51' title="bbox 148 2823 1693 2908; baseline 0.013 -34"><span class='ocrx_word' id='word_1_297' title='bbox 148 2823 306 2889; x_wconf 80' lang='grc' dir='ltr'>ξύλα,</span> <span class='ocrx_word' id='word_1_298' title='bbox 342 2827 569 2897; x_wconf 80' lang='grc' dir='ltr'>χόρτον,</span> <span class='ocrx_word' id='word_1_299' title='bbox 616 2830 857 2900; x_wconf 85' lang='grc' dir='ltr'>καλάμου</span> <span class='ocrx_word' id='word_1_300' title='bbox 918 2832 1251 2908; x_wconf 84' lang='grc' dir='ltr'>[καλὰμην],</span> <span class='ocrx_word' id='word_1_301' title='bbox 1302 2842 1540 2894; x_wconf 77' lang='grc' dir='ltr'><strong>τουτέστι</strong></span> <span class='ocrx_word' id='word_1_302' title='bbox 1596 2844 1693 2894; x_wconf 66' lang='grc' dir='ltr'>ταῖς</span> 
     </span>
    </p>
   </div>
   <div class='ocr_carea' id='block_1_52' title="bbox 1795 2823 3367 2912">
    <p class='ocr_par' dir='ltr' id='par_1_52' title="bbox 1816 2839 3367 2912">
     <span class='ocr_line' id='line_1_52' title="bbox 1816 2839 3367 2912; baseline 0.01 -19"><span class='ocrx_word' id='word_1_303' title='bbox 1816 2839 1918 2894; x_wconf 88' lang='lat' dir='ltr'><strong>hoc</strong></span> <span class='ocrx_word' id='word_1_304' title='bbox 1946 2849 2031 2895; x_wconf 89' lang='lat' dir='ltr'><strong>est</strong></span> <span class='ocrx_word' id='word_1_305' title='bbox 2061 2842 2334 2911; x_wconf 89' lang='lat' dir='ltr'><strong>improbas</strong></span> <span class='ocrx_word' id='word_1_306' title='bbox 2364 2845 2624 2900; x_wconf 81' lang='lat' dir='ltr'><strong>actiones.</strong></span> <span class='ocrx_word' id='word_1_307' title='bbox 2674 2846 2777 2912; x_wconf 87' lang='lat' dir='ltr'><strong>Qui</strong></span> <span class='ocrx_word' id='word_1_308' title='bbox 2813 2858 2988 2904; x_wconf 89' lang='lat' dir='ltr'><strong>autem</strong></span> <span class='ocrx_word' id='word_1_309' title='bbox 3020 2867 3210 2908; x_wconf 84' lang='lat' dir='ltr'><strong>servus</strong></span> <span class='ocrx_word' id='word_1_310' title='bbox 3243 2862 3367 2910; x_wconf 80' lang='lat' dir='ltr'><strong>tuus</strong></span> 
     </span>
    </p>
   </div>
   <div class='ocr_carea' id='block_1_53' title="bbox 148 2919 1693 3014">
    <p class='ocr_par' dir='ltr' id='par_1_53' title="bbox 148 2919 1693 3000">
     <span class='ocr_line' id='line_1_53' title="bbox 148 2919 1693 3000; baseline 0.012 -33"><span class='ocrx_word' id='word_1_311' title='bbox 148 2922 414 2987; x_wconf 75' lang='grc' dir='ltr'>πονηραῖς</span> <span class='ocrx_word' id='word_1_312' title='bbox 436 2919 663 2989; x_wconf 82' lang='grc' dir='ltr'>πράξεσι</span> <span class='ocrx_word' id='word_1_313' title='bbox 692 2920 810 2993; x_wconf 81' lang='grc' dir='ltr'>[τὰς</span> <span class='ocrx_word' id='word_1_314' title='bbox 833 2926 1070 2997; x_wconf 77' lang='grc' dir='ltr'>πονηρὰς</span> <span class='ocrx_word' id='word_1_315' title='bbox 1090 2928 1358 3000; x_wconf 77' lang='grc' dir='ltr'>πράξεις].</span> <span class='ocrx_word' id='word_1_316' title='bbox 1378 2932 1433 2985; x_wconf 93' lang='lat'><strong>&#39;0</strong></span> <span class='ocrx_word' id='word_1_317' title='bbox 1451 2932 1508 2985; x_wconf 79' lang='grc' dir='ltr'>δὲ</span> <span class='ocrx_word' id='word_1_318' title='bbox 1533 2932 1693 2985; x_wconf 63' lang='grc' dir='ltr'>δοῦλός</span> 
     </span>
    </p>
   </div>
   <div class='ocr_carea' id='block_1_54' title="bbox 1795 2919 3366 3014">
    <p class='ocr_par' dir='ltr' id='par_1_54' title="bbox 1812 2932 3366 3014">
     <span class='ocr_line' id='line_1_54' title="bbox 1812 2932 3366 3014; baseline 0.012 -31"><span class='ocrx_word' id='word_1_319' title='bbox 1812 2939 1914 2994; x_wconf 79' lang='lat' dir='ltr'><strong>est,</strong></span> <span class='ocrx_word' id='word_1_320' title='bbox 1954 2932 2126 3001; x_wconf 77' lang='lat' dir='ltr'><strong>diligit</strong></span> <span class='ocrx_word' id='word_1_321' title='bbox 2167 2934 2441 3003; x_wconf 86' lang='lat' dir='ltr'><strong>eloquium</strong></span> <span class='ocrx_word' id='word_1_322' title='bbox 2480 2946 2654 3005; x_wconf 90' lang='lat' dir='ltr'><strong>tuum,</strong></span> <span class='ocrx_word' id='word_1_323' title='bbox 2679 2940 2960 3007; x_wconf 88' lang='lat' dir='ltr'><strong>quoniam,</strong></span> <span class='ocrx_word' id='word_1_324' title='bbox 2986 2959 3109 2997; x_wconf 87' lang='lat' dir='ltr'><strong>cum</strong></span> <span class='ocrx_word' id='word_1_325' title='bbox 3139 2945 3366 3014; x_wconf 75' lang='lat' dir='ltr'><strong>ignitum</strong></span> 
     </span>
    </p>
   </div>
   <div class='ocr_carea' id='block_1_55' title="bbox 149 3008 1713 3095">
    <p class='ocr_par' dir='ltr' id='par_1_55' title="bbox 149 3008 1713 3095">
     <span class='ocr_line' id='line_1_55' title="bbox 149 3008 1713 3095; baseline 0.015 -40"><span class='ocrx_word' id='word_1_326' title='bbox 149 3021 244 3056; x_wconf 88' lang='grc' dir='ltr'><strong>σου</strong></span> <span class='ocrx_word' id='word_1_327' title='bbox 282 3008 537 3078; x_wconf 81' lang='grc' dir='ltr'>ὑπάρχων</span> <span class='ocrx_word' id='word_1_328' title='bbox 567 3012 751 3083; x_wconf 81' lang='grc' dir='ltr'>ἀγαπᾷ</span> <span class='ocrx_word' id='word_1_329' title='bbox 778 3013 838 3066; x_wconf 81' lang='grc' dir='ltr'>τὸ</span> <span class='ocrx_word' id='word_1_330' title='bbox 869 3014 1043 3083; x_wconf 84' lang='grc' dir='ltr'>λόγιόν</span> <span class='ocrx_word' id='word_1_331' title='bbox 1077 3034 1190 3080; x_wconf 84' lang='grc' dir='ltr'>σου.</span> <span class='ocrx_word' id='word_1_332' title='bbox 1241 3022 1424 3091; x_wconf 73' lang='grc' dir='ltr'>ἐπειδὴ</span> <span class='ocrx_word' id='word_1_333' title='bbox 1458 3040 1713 3095; x_wconf 83' lang='grc' dir='ltr'>πεπυρω-</span> 
     </span>
    </p>
   </div>
   <div class='ocr_carea' id='block_1_56' title="bbox 149 3094 1653 3180">
    <p class='ocr_par' dir='ltr' id='par_1_56' title="bbox 149 3094 1653 3180">
     <span class='ocr_line' id='line_1_56' title="bbox 149 3094 1653 3180; baseline 0.013 -35"><span class='ocrx_word' id='word_1_334' title='bbox 149 3094 311 3161; x_wconf 81' lang='grc' dir='ltr'>μένον</span> <span class='ocrx_word' id='word_1_335' title='bbox 348 3097 601 3167; x_wconf 75' lang='grc' dir='ltr'>ύπάρχων</span> <span class='ocrx_word' id='word_1_336' title='bbox 633 3101 981 3173; x_wconf 69' lang='grc' dir='ltr'>καταφθείρει</span> <span class='ocrx_word' id='word_1_337' title='bbox 1012 3104 1108 3168; x_wconf 77' lang='grc' dir='ltr'><strong>τὰς</strong></span> <span class='ocrx_word' id='word_1_338' title='bbox 1134 3107 1372 3171; x_wconf 80' lang='grc' dir='ltr'>ἀκάνθας</span> <span class='ocrx_word' id='word_1_339' title='bbox 1396 3108 1489 3162; x_wconf 82' lang='grc' dir='ltr'>τοῦ</span> <span class='ocrx_word' id='word_1_340' title='bbox 1519 3094 1653 3180; x_wconf 87' lang='grc' dir='ltr'>βίου.</span> 
     </span>
    </p>
   </div>
   <div class='ocr_carea' id='block_1_57' title="bbox 1812 3018 2590 3093">
    <p class='ocr_par' dir='ltr' id='par_1_57' title="bbox 1812 3018 2590 3093">
     <span class='ocr_line' id='line_1_57' title="bbox 1812 3018 2590 3093; baseline 0.008 -21"><span class='ocrx_word' id='word_1_341' title='bbox 1812 3018 1902 3086; x_wconf 86' lang='lat' dir='ltr'><strong>sit,</strong></span> <span class='ocrx_word' id='word_1_342' title='bbox 1937 3020 2059 3076; x_wconf 76' lang='lat' dir='ltr'><strong>vita:</strong></span> <span class='ocrx_word' id='word_1_343' title='bbox 2091 3023 2275 3093; x_wconf 88' lang='lat' dir='ltr'><strong>spinas</strong></span> <span class='ocrx_word' id='word_1_344' title='bbox 2303 3025 2590 3080; x_wconf 87' lang='lat' dir='ltr'><strong>comburit.</strong></span> 
     </span>
    </p>
   </div>
   <div class='ocr_carea' id='block_1_58' title="bbox 218 3174 1693 3276">
    <p class='ocr_par' dir='ltr' id='par_1_58' title="bbox 218 3174 1693 3275">
     <span class='ocr_line' id='line_1_58' title="bbox 218 3174 1693 3275; baseline 0.014 -37"><span class='ocrx_word' id='word_1_345' title='bbox 218 3186 340 3239; x_wconf 87' lang='grc'><strong>141.</strong></span> <span class='ocrx_word' id='word_1_346' title='bbox 376 3188 515 3255; x_wconf 85' lang='grc' dir='ltr'><strong>Ἐγὼ</strong></span> <span class='ocrx_word' id='word_1_347' title='bbox 560 3189 654 3244; x_wconf 81' lang='grc' dir='ltr'>νῦν</span> <span class='ocrx_word' id='word_1_348' title='bbox 701 3193 950 3267; x_wconf 74' lang='grc' dir='ltr'>ἠρξάμην</span> <span class='ocrx_word' id='word_1_349' title='bbox 992 3197 1085 3251; x_wconf 79' lang='grc' dir='ltr'>τοῦ</span> <span class='ocrx_word' id='word_1_350' title='bbox 1124 3200 1441 3271; x_wconf 55' lang='grc' dir='ltr'>ἐπιστρέψαι</span> <span class='ocrx_word' id='word_1_351' title='bbox 1476 3174 1612 3275; x_wconf 77' lang='grc' dir='ltr'>πρὸς</span> <span class='ocrx_word' id='word_1_352' title='bbox 1650 3205 1693 3259; x_wconf 73' lang='lat' dir='ltr'><strong>oi</strong></span> 
     </span>
    </p>
   </div>
   <div class='ocr_carea' id='block_1_59' title="bbox 1795 3174 3366 3276">
    <p class='ocr_par' dir='ltr' id='par_1_59' title="bbox 1885 3196 3366 3276">
     <span class='ocr_line' id='line_1_59' title="bbox 1885 3196 3366 3276; baseline 0.009 -27"><span class='ocrx_word' id='word_1_353' title='bbox 1885 3196 2006 3251; x_wconf 85' lang='grc'><strong>141.</strong></span> <span class='ocrx_word' id='word_1_354' title='bbox 2057 3196 2169 3268; x_wconf 84' lang='lat' dir='ltr'><strong>Ego</strong></span> <span class='ocrx_word' id='word_1_355' title='bbox 2210 3215 2351 3254; x_wconf 92' lang='lat' dir='ltr'><strong>nunc</strong></span> <span class='ocrx_word' id='word_1_356' title='bbox 2384 3202 2523 3271; x_wconf 75' lang='grc' dir='ltr'>ρωρί</span> <span class='ocrx_word' id='word_1_357' title='bbox 2564 3216 2875 3259; x_wconf 85' lang='lat' dir='ltr'><strong>convertere</strong></span> <span class='ocrx_word' id='word_1_358' title='bbox 2925 3221 3011 3260; x_wconf 90' lang='lat' dir='ltr'><strong>me</strong></span> <span class='ocrx_word' id='word_1_359' title='bbox 3053 3222 3082 3260; x_wconf 74' lang='grc' dir='ltr'><strong>ιι</strong></span> <span class='ocrx_word' id='word_1_360' title='bbox 3132 3207 3366 3276; x_wconf 79' lang='lat' dir='ltr'><strong>peccatis</strong></span> 
     </span>
    </p>
   </div>
   <div class='ocr_carea' id='block_1_60' title="bbox 146 3276 1709 3366">
    <p class='ocr_par' dir='ltr' id='par_1_60' title="bbox 146 3276 1709 3366">
     <span class='ocr_line' id='line_1_60' title="bbox 146 3276 1709 3366; baseline 0.015 -40"><span class='ocrx_word' id='word_1_361' title='bbox 146 3276 255 3329; x_wconf 72' lang='grc' dir='ltr'>ἀπὸ</span> <span class='ocrx_word' id='word_1_362' title='bbox 281 3276 390 3329; x_wconf 87' lang='grc' dir='ltr'><strong>τῶν</strong></span> <span class='ocrx_word' id='word_1_363' title='bbox 419 3281 700 3352; x_wconf 84' lang='grc' dir='ltr'>ἁμαρτιῶν</span> <span class='ocrx_word' id='word_1_364' title='bbox 726 3302 847 3355; x_wconf 86' lang='grc' dir='ltr'>μου,</span> <span class='ocrx_word' id='word_1_365' title='bbox 872 3288 966 3340; x_wconf 80' lang='grc' dir='ltr'>καὶ</span> <span class='ocrx_word' id='word_1_366' title='bbox 996 3289 1192 3354; x_wconf 83' lang='grc' dir='ltr'>πάντες</span> <span class='ocrx_word' id='word_1_367' title='bbox 1224 3293 1419 3357; x_wconf 75' lang='grc' dir='ltr'>ὄνειδός</span> <span class='ocrx_word' id='word_1_368' title='bbox 1453 3312 1519 3365; x_wconf 87' lang='grc' dir='ltr'><strong>με</strong></span> <span class='ocrx_word' id='word_1_369' title='bbox 1558 3295 1709 3366; x_wconf 76' lang='grc' dir='ltr'>ἔχου·</span> 
     </span>
    </p>
   </div>
   <div class='ocr_carea' id='block_1_61' title="bbox 148 3368 1706 3454">
    <p class='ocr_par' dir='ltr' id='par_1_61' title="bbox 148 3368 1706 3454">
     <span class='ocr_line' id='line_1_61' title="bbox 148 3368 1706 3454; baseline 0.015 -37"><span class='ocrx_word' id='word_1_370' title='bbox 148 3384 231 3418; x_wconf 90' lang='grc' dir='ltr'><strong>σιν</strong></span> <span class='ocrx_word' id='word_1_371' title='bbox 259 3368 335 3430; x_wconf 86' lang='grc' dir='ltr'><strong>ὡς</strong></span> <span class='ocrx_word' id='word_1_372' title='bbox 364 3370 681 3442; x_wconf 81' lang='grc' dir='ltr'>ἅμαρτωλόν</span> <span class='ocrx_word' id='word_1_373' title='bbox 702 3392 713 3403; x_wconf 92' lang='grc'><strong>·</strong></span> <span class='ocrx_word' id='word_1_374' title='bbox 759 3376 869 3444; x_wconf 74' lang='grc' dir='ltr'><strong>ἐγὼ</strong></span> <span class='ocrx_word' id='word_1_375' title='bbox 897 3378 953 3432; x_wconf 83' lang='grc' dir='ltr'>δὲ</span> <span class='ocrx_word' id='word_1_376' title='bbox 985 3380 1369 3454; x_wconf 75' lang='grc' dir='ltr'>ὀνειδιζόμενος</span> <span class='ocrx_word' id='word_1_377' title='bbox 1406 3385 1495 3439; x_wconf 82' lang='grc' dir='ltr'><strong>ὑπ’</strong></span> <span class='ocrx_word' id='word_1_378' title='bbox 1529 3386 1706 3440; x_wconf 76' lang='grc' dir='ltr'>αὐτῶν</span> 
     </span>
    </p>
   </div>
   <div class='ocr_carea' id='block_1_62' title="bbox 145 3457 1051 3537">
    <p class='ocr_par' dir='ltr' id='par_1_62' title="bbox 145 3457 1051 3537">
     <span class='ocr_line' id='line_1_62' title="bbox 145 3457 1051 3537; baseline 0.018 -28"><span class='ocrx_word' id='word_1_379' title='bbox 145 3457 211 3510; x_wconf 68' lang='grc' dir='ltr'><strong>τὰ</strong></span> <span class='ocrx_word' id='word_1_380' title='bbox 245 3457 590 3532; x_wconf 82' lang='grc' dir='ltr'>δικαιώματὰ</span> <span class='ocrx_word' id='word_1_381' title='bbox 620 3482 711 3519; x_wconf 90' lang='grc' dir='ltr'><strong>σου</strong></span> <span class='ocrx_word' id='word_1_382' title='bbox 742 3468 1051 3537; x_wconf 82' lang='grc' dir='ltr'>ἐφύλαττον.</span> 
     </span>
    </p>
   </div>
   <div class='ocr_carea' id='block_1_63' title="bbox 214 3550 1702 3634">
    <p class='ocr_par' dir='ltr' id='par_1_63' title="bbox 214 3550 1702 3634">
     <span class='ocr_line' id='line_1_63' title="bbox 214 3550 1702 3634; baseline 0.014 -31"><span class='ocrx_word' id='word_1_383' title='bbox 214 3550 336 3605; x_wconf 74' lang='grc'><strong>142.</strong></span> <span class='ocrx_word' id='word_1_384' title='bbox 374 3554 432 3605; x_wconf 90' lang='lat'><strong>&#39;0</strong></span> <span class='ocrx_word' id='word_1_385' title='bbox 463 3556 629 3608; x_wconf 81' lang='grc' dir='ltr'>ποιῶν</span> <span class='ocrx_word' id='word_1_386' title='bbox 669 3558 765 3629; x_wconf 77' lang='grc' dir='ltr'>τὴν</span> <span class='ocrx_word' id='word_1_387' title='bbox 795 3559 1133 3633; x_wconf 83' lang='grc' dir='ltr'>δικαιοσύνην</span> <span class='ocrx_word' id='word_1_388' title='bbox 1187 3565 1393 3630; x_wconf 79' lang='grc' dir='ltr'>δίκαιός</span> <span class='ocrx_word' id='word_1_389' title='bbox 1438 3569 1583 3622; x_wconf 80' lang='grc' dir='ltr'>ἐστιν</span> <span class='ocrx_word' id='word_1_390' title='bbox 1624 3573 1702 3634; x_wconf 89' lang='grc' dir='ltr'>εἰς</span> 
     </span>
    </p>
   </div>
   <div class='ocr_carea' id='block_1_64' title="bbox 144 3638 1703 3733">
    <p class='ocr_par' dir='ltr' id='par_1_64' title="bbox 144 3638 1703 3733">
     <span class='ocr_line' id='line_1_64' title="bbox 144 3638 1703 3733; baseline 0.017 -42"><span class='ocrx_word' id='word_1_391' title='bbox 144 3638 231 3692; x_wconf 79' lang='grc' dir='ltr'>τὸν</span> <span class='ocrx_word' id='word_1_392' title='bbox 260 3643 451 3705; x_wconf 85' lang='grc' dir='ltr'>αἰῶνα,</span> <span class='ocrx_word' id='word_1_393' title='bbox 482 3647 574 3698; x_wconf 87' lang='grc' dir='ltr'><strong>καί</strong></span> <span class='ocrx_word' id='word_1_394' title='bbox 606 3647 780 3702; x_wconf 81' lang='grc' dir='ltr'>πάντα</span> <span class='ocrx_word' id='word_1_395' title='bbox 808 3651 906 3703; x_wconf 86' lang='grc' dir='ltr'>ὅσα</span> <span class='ocrx_word' id='word_1_396' title='bbox 929 3652 1236 3723; x_wconf 83' lang='grc' dir='ltr'>ὲπηγγείλω</span> <span class='ocrx_word' id='word_1_397' title='bbox 1264 3659 1391 3730; x_wconf 77' lang='grc' dir='ltr'>περὶ</span> <span class='ocrx_word' id='word_1_398' title='bbox 1425 3659 1532 3715; x_wconf 84' lang='grc' dir='ltr'><strong>τῶν</strong></span> <span class='ocrx_word' id='word_1_399' title='bbox 1576 3662 1703 3733; x_wconf 83' lang='grc' dir='ltr'>μελ-</span> 
     </span>
    </p>
   </div>
   <div class='ocr_carea' id='block_1_65' title="bbox 142 3732 1028 3811">
    <p class='ocr_par' dir='ltr' id='par_1_65' title="bbox 142 3732 1028 3811">
     <span class='ocr_line' id='line_1_65' title="bbox 142 3732 1028 3811; baseline 0.018 -29"><span class='ocrx_word' id='word_1_400' title='bbox 142 3732 338 3785; x_wconf 86' lang='grc' dir='ltr'>λόντων</span> <span class='ocrx_word' id='word_1_401' title='bbox 365 3736 582 3804; x_wconf 81' lang='grc' dir='ltr'>ἀγαθῶν</span> <span class='ocrx_word' id='word_1_402' title='bbox 609 3739 832 3811; x_wconf 86' lang='grc' dir='ltr'>ἀλήθειά</span> <span class='ocrx_word' id='word_1_403' title='bbox 863 3745 1028 3798; x_wconf 76' lang='grc' dir='ltr'>ἐστιν.</span> 
     </span>
    </p>
   </div>
   <div class='ocr_carea' id='block_1_66' title="bbox 211 3824 1701 3911">
    <p class='ocr_par' dir='ltr' id='par_1_66' title="bbox 211 3824 1701 3911">
     <span class='ocr_line' id='line_1_66' title="bbox 211 3824 1701 3911; baseline 0.015 -34"><span class='ocrx_word' id='word_1_404' title='bbox 211 3824 333 3879; x_wconf 80' lang='grc'><strong>143.</strong></span> <span class='ocrx_word' id='word_1_405' title='bbox 363 3828 594 3893; x_wconf 87' lang='grc' dir='ltr'>Ἔνδεια,</span> <span class='ocrx_word' id='word_1_406' title='bbox 619 3833 710 3885; x_wconf 79' lang='grc' dir='ltr'>καὶ</span> <span class='ocrx_word' id='word_1_407' title='bbox 740 3832 977 3904; x_wconf 78' lang='grc' dir='ltr'>διωγμὸς</span> <span class='ocrx_word' id='word_1_408' title='bbox 995 3835 1219 3910; x_wconf 84' lang='grc' dir='ltr'>εὓροσάν</span> <span class='ocrx_word' id='word_1_409' title='bbox 1244 3858 1332 3911; x_wconf 87' lang='grc' dir='ltr'><strong>με,</strong></span> <span class='ocrx_word' id='word_1_410' title='bbox 1364 3842 1473 3911; x_wconf 74' lang='grc' dir='ltr'><strong>ἐγὼ</strong></span> <span class='ocrx_word' id='word_1_411' title='bbox 1510 3843 1565 3897; x_wconf 85' lang='grc' dir='ltr'>δὲ</span> <span class='ocrx_word' id='word_1_412' title='bbox 1599 3846 1701 3899; x_wconf 85' lang='grc' dir='ltr'><strong>ὑπ-</strong></span> 
     </span>
    </p>
   </div>
   <div class='ocr_carea' id='block_1_67' title="bbox 143 3917 1699 3999">
    <p class='ocr_par' dir='ltr' id='par_1_67' title="bbox 143 3917 1699 3999">
     <span class='ocr_line' id='line_1_67' title="bbox 143 3917 1699 3999; baseline 0.018 -36"><span class='ocrx_word' id='word_1_413' title='bbox 143 3917 493 3988; x_wconf 84' lang='grc' dir='ltr'>εμνησκὸμην</span> <span class='ocrx_word' id='word_1_414' title='bbox 519 3922 613 3988; x_wconf 89' lang='lat' dir='ltr'><strong>(a),</strong></span> <span class='ocrx_word' id='word_1_415' title='bbox 638 3923 719 3975; x_wconf 85' lang='grc' dir='ltr'>ὃτι</span> <span class='ocrx_word' id='word_1_416' title='bbox 746 3928 1049 3997; x_wconf 73' lang='grc' dir='ltr'>περιεῖπαςο</span> <span class='ocrx_word' id='word_1_417' title='bbox 1072 3928 1357 3999; x_wconf 78' lang='grc' dir='ltr'>Μακάριοι</span> <span class='ocrx_word' id='word_1_418' title='bbox 1379 3936 1431 3987; x_wconf 83' lang='grc' dir='ltr'><strong>οἰ</strong></span> <span class='ocrx_word' id='word_1_419' title='bbox 1454 3935 1699 3991; x_wconf 80' lang='grc' dir='ltr'>πεινῶν-</span> 
     </span>
    </p>
   </div>
   <div class='ocr_carea' id='block_1_68' title="bbox 144 4003 1699 4091">
    <p class='ocr_par' dir='ltr' id='par_1_68' title="bbox 144 4003 1699 4091">
     <span class='ocr_line' id='line_1_68' title="bbox 144 4003 1699 4091; baseline 0.015 -37"><span class='ocrx_word' id='word_1_420' title='bbox 144 4019 236 4068; x_wconf 82' lang='grc' dir='ltr'>τες</span> <span class='ocrx_word' id='word_1_421' title='bbox 263 4003 387 4076; x_wconf 86' lang='grc' dir='ltr'>[καί</span> <span class='ocrx_word' id='word_1_422' title='bbox 426 4007 718 4077; x_wconf 71' lang='grc' dir='ltr'>διψῶντες</span> <span class='ocrx_word' id='word_1_423' title='bbox 744 4012 860 4079; x_wconf 82' lang='grc' dir='ltr'>τὴν</span> <span class='ocrx_word' id='word_1_424' title='bbox 895 4014 1341 4091; x_wconf 75' lang='grc' dir='ltr'>δικαιοσύνην],</span> <span class='ocrx_word' id='word_1_425' title='bbox 1380 4020 1478 4073; x_wconf 85' lang='grc' dir='ltr'><strong>καί</strong></span> <span class='ocrx_word' id='word_1_426' title='bbox 1510 4024 1699 4090; x_wconf 76' lang='grc' dir='ltr'>μακά-</span> 
     </span>
    </p>
   </div>
   <div class='ocr_carea' id='block_1_69' title="bbox 134 4096 1656 4178">
    <p class='ocr_par' dir='ltr' id='par_1_69' title="bbox 134 4096 1656 4178">
     <span class='ocr_line' id='line_1_69' title="bbox 134 4096 1656 4178; baseline 0.017 -33"><span class='ocrx_word' id='word_1_427' title='bbox 134 4098 257 4158; x_wconf 83' lang='grc' dir='ltr'>ριοί</span> <span class='ocrx_word' id='word_1_428' title='bbox 284 4096 444 4158; x_wconf 82' lang='grc' dir='ltr'>ἐστε,</span> <span class='ocrx_word' id='word_1_429' title='bbox 478 4098 623 4152; x_wconf 80' lang='grc' dir='ltr'>ὅταν</span> <span class='ocrx_word' id='word_1_430' title='bbox 656 4103 1032 4159; x_wconf 81' lang='grc' dir='ltr'><strong>ὀνειδίσωσιν</strong></span> <span class='ocrx_word' id='word_1_431' title='bbox 1063 4107 1236 4178; x_wconf 80' lang='grc' dir='ltr'>ὑμᾶς,</span> <span class='ocrx_word' id='word_1_432' title='bbox 1267 4112 1363 4165; x_wconf 77' lang='grc' dir='ltr'>καὶ</span> <span class='ocrx_word' id='word_1_433' title='bbox 1387 4113 1656 4178; x_wconf 80' lang='grc' dir='ltr'>ὃιώξωσι.</span> 
     </span>
    </p>
   </div>
   <div class='ocr_carea' id='block_1_70' title="bbox 208 4182 1695 4275">
    <p class='ocr_par' dir='ltr' id='par_1_70' title="bbox 208 4182 1695 4275">
     <span class='ocr_line' id='line_1_70' title="bbox 208 4182 1695 4275; baseline 0.018 -39"><span class='ocrx_word' id='word_1_434' title='bbox 208 4182 328 4238; x_wconf 85' lang='grc'><strong>144.</strong></span> <span class='ocrx_word' id='word_1_435' title='bbox 363 4190 682 4265; x_wconf 79' lang='grc' dir='ltr'>Δικαιοσύνη</span> <span class='ocrx_word' id='word_1_436' title='bbox 716 4198 831 4250; x_wconf 77' lang='grc' dir='ltr'>ἐστὶ</span> <span class='ocrx_word' id='word_1_437' title='bbox 861 4200 928 4253; x_wconf 72' lang='grc' dir='ltr'><strong>τὰ</strong></span> <span class='ocrx_word' id='word_1_438' title='bbox 962 4202 1234 4275; x_wconf 85' lang='grc' dir='ltr'>μαρτύριά</span> <span class='ocrx_word' id='word_1_439' title='bbox 1263 4222 1355 4258; x_wconf 91' lang='grc' dir='ltr'><strong>σου</strong></span> <span class='ocrx_word' id='word_1_440' title='bbox 1386 4209 1477 4260; x_wconf 79' lang='grc' dir='ltr'>καὶ</span> <span class='ocrx_word' id='word_1_441' title='bbox 1507 4211 1695 4271; x_wconf 76' lang='grc' dir='ltr'>εἰςτδν</span> 
     </span>
    </p>
   </div>
   <div class='ocr_carea' id='block_1_71' title="bbox 142 4276 1694 4367">
    <p class='ocr_par' dir='ltr' id='par_1_71' title="bbox 142 4276 1694 4367">
     <span class='ocr_line' id='line_1_71' title="bbox 142 4276 1694 4367; baseline 0.016 -37"><span class='ocrx_word' id='word_1_442' title='bbox 142 4276 250 4367; x_wconf 74' lang='grc' dir='ltr'>νῦν,</span> <span class='ocrx_word' id='word_1_443' title='bbox 280 4282 376 4335; x_wconf 79' lang='grc' dir='ltr'>καὶ</span> <span class='ocrx_word' id='word_1_444' title='bbox 410 4286 488 4347; x_wconf 84' lang='grc' dir='ltr'>εἰς</span> <span class='ocrx_word' id='word_1_445' title='bbox 516 4286 774 4355; x_wconf 87' lang='grc' dir='ltr'>μέλλοντα</span> <span class='ocrx_word' id='word_1_446' title='bbox 804 4292 995 4347; x_wconf 80' lang='grc' dir='ltr'>αἰῶνα·</span> <span class='ocrx_word' id='word_1_447' title='bbox 1028 4296 1301 4351; x_wconf 89' lang='grc' dir='ltr'>συνέτισόν</span> <span class='ocrx_word' id='word_1_448' title='bbox 1330 4316 1395 4367; x_wconf 91' lang='grc' dir='ltr'><strong>με</strong></span> <span class='ocrx_word' id='word_1_449' title='bbox 1419 4300 1575 4363; x_wconf 71' lang='grc' dir='ltr'>αὐτὰ,</span> <span class='ocrx_word' id='word_1_450' title='bbox 1601 4302 1694 4354; x_wconf 81' lang='grc' dir='ltr'>καὶ</span> 
     </span>
    </p>
   </div>
   <div class='ocr_carea' id='block_1_72' title="bbox 143 4364 700 4439">
    <p class='ocr_par' dir='ltr' id='par_1_72' title="bbox 143 4364 700 4439">
     <span class='ocr_line' id='line_1_72' title="bbox 143 4364 700 4439; baseline 0.018 -19"><span class='ocrx_word' id='word_1_451' title='bbox 143 4364 373 4439; x_wconf 80' lang='grc' dir='ltr'>ζήσομαι</span> <span class='ocrx_word' id='word_1_452' title='bbox 405 4374 472 4425; x_wconf 90' lang='grc' dir='ltr'><strong>δι’</strong></span> <span class='ocrx_word' id='word_1_453' title='bbox 501 4376 700 4430; x_wconf 76' lang='grc' dir='ltr'>αὐτῶν.</span> 
     </span>
    </p>
   </div>
   <div class='ocr_carea' id='block_1_73' title="bbox 206 4459 1693 4543">
    <p class='ocr_par' dir='ltr' id='par_1_73' title="bbox 206 4459 1693 4543">
     <span class='ocr_line' id='line_1_73' title="bbox 206 4459 1693 4543; baseline 0.014 -32"><span class='ocrx_word' id='word_1_454' title='bbox 206 4459 328 4514; x_wconf 82' lang='grc'><strong>145.</strong></span> <span class='ocrx_word' id='word_1_455' title='bbox 364 4462 553 4534; x_wconf 88' lang='grc' dir='ltr'>Κύριε,</span> <span class='ocrx_word' id='word_1_456' title='bbox 603 4469 1024 4542; x_wconf 89' lang='grc' dir='ltr'>μακροθύμησον</span> <span class='ocrx_word' id='word_1_457' title='bbox 1059 4472 1145 4526; x_wconf 80' lang='grc' dir='ltr'><strong>ἐπ’</strong></span> <span class='ocrx_word' id='word_1_458' title='bbox 1185 4475 1335 4543; x_wconf 82' lang='grc' dir='ltr'>ἐμοὶ,</span> <span class='ocrx_word' id='word_1_459' title='bbox 1386 4479 1479 4530; x_wconf 80' lang='grc' dir='ltr'>καὶ</span> <span class='ocrx_word' id='word_1_460' title='bbox 1521 4478 1693 4533; x_wconf 82' lang='grc' dir='ltr'>πάντα</span> 
     </span>
    </p>
   </div>
   <div class='ocr_carea' id='block_1_74' title="bbox 143 4552 1688 4637">
    <p class='ocr_par' dir='ltr' id='par_1_74' title="bbox 143 4552 1688 4637">
     <span class='ocr_line' id='line_1_74' title="bbox 143 4552 1688 4637; baseline 0.015 -37"><span class='ocrx_word' id='word_1_461' title='bbox 143 4564 218 4601; x_wconf 86' lang='grc' dir='ltr'><strong>σοι</strong></span> <span class='ocrx_word' id='word_1_462' title='bbox 270 4552 534 4608; x_wconf 85' lang='grc' dir='ltr'>ἀποδώσω</span> <span class='ocrx_word' id='word_1_463' title='bbox 557 4574 570 4587; x_wconf 63' lang='grc' dir='ltr'><strong><em>η</em></strong></span> <span class='ocrx_word' id='word_1_464' title='bbox 610 4559 882 4629; x_wconf 75' lang='grc' dir='ltr'>ὲπιδλέφω</span> <span class='ocrx_word' id='word_1_465' title='bbox 934 4562 1042 4634; x_wconf 78' lang='grc' dir='ltr'>γὰρ</span> <span class='ocrx_word' id='word_1_466' title='bbox 1073 4566 1152 4627; x_wconf 85' lang='grc' dir='ltr'>εἰς</span> <span class='ocrx_word' id='word_1_467' title='bbox 1185 4565 1283 4632; x_wconf 77' lang='grc' dir='ltr'><strong>τὰς</strong></span> <span class='ocrx_word' id='word_1_468' title='bbox 1317 4566 1535 4637; x_wconf 83' lang='grc' dir='ltr'>Γραφάς</span> <span class='ocrx_word' id='word_1_469' title='bbox 1574 4586 1688 4632; x_wconf 87' lang='grc' dir='ltr'>σου,</span> 
     </span>
    </p>
   </div>
   <div class='ocr_carea' id='block_1_75' title="bbox 138 4640 1693 4729">
    <p class='ocr_par' dir='ltr' id='par_1_75' title="bbox 138 4640 1693 4729">
     <span class='ocr_line' id='line_1_75' title="bbox 138 4640 1693 4729; baseline 0.015 -39"><span class='ocrx_word' id='word_1_470' title='bbox 138 4640 224 4691; x_wconf 73' lang='grc' dir='ltr'>καὶ</span> <span class='ocrx_word' id='word_1_471' title='bbox 259 4642 352 4694; x_wconf 70' lang='grc' dir='ltr'><strong>ἐπὶ</strong></span> <span class='ocrx_word' id='word_1_472' title='bbox 384 4644 581 4709; x_wconf 88' lang='grc' dir='ltr'>γνῶσιν</span> <span class='ocrx_word' id='word_1_473' title='bbox 616 4647 667 4700; x_wconf 88' lang='grc' dir='ltr'><strong>τί</strong></span> <span class='ocrx_word' id='word_1_474' title='bbox 706 4646 821 4719; x_wconf 80' lang='grc' dir='ltr'>[καὶ</span> <span class='ocrx_word' id='word_1_475' title='bbox 856 4652 1139 4720; x_wconf 81' lang='grc' dir='ltr'>ἐπέγνωκα</span> <span class='ocrx_word' id='word_1_476' title='bbox 1177 4652 1252 4728; x_wconf 85' lang='grc' dir='ltr'><strong>τί]</strong></span> <span class='ocrx_word' id='word_1_477' title='bbox 1277 4656 1374 4710; x_wconf 86' lang='grc' dir='ltr'><strong>ούκ</strong></span> <span class='ocrx_word' id='word_1_478' title='bbox 1401 4657 1693 4729; x_wconf 83' lang='grc' dir='ltr'>ὲπλήρωσα</span> 
     </span>
    </p>
   </div>
   <div class='ocr_carea' id='block_1_76' title="bbox 139 4729 1259 4813">
    <p class='ocr_par' dir='ltr' id='par_1_76' title="bbox 139 4729 1259 4813">
     <span class='ocr_line' id='line_1_76' title="bbox 139 4729 1259 4813; baseline 0.018 -33"><span class='ocrx_word' id='word_1_479' title='bbox 139 4729 191 4779; x_wconf 74' lang='grc' dir='ltr'><strong>ἰν</strong></span> <span class='ocrx_word' id='word_1_480' title='bbox 212 4731 422 4793; x_wconf 80' lang='grc' dir='ltr'>αὑταῖς,</span> <span class='ocrx_word' id='word_1_481' title='bbox 452 4736 542 4787; x_wconf 78' lang='grc' dir='ltr'>καὶ</span> <span class='ocrx_word' id='word_1_482' title='bbox 564 4736 721 4789; x_wconf 77' lang='grc' dir='ltr'>τοῦτό</span> <span class='ocrx_word' id='word_1_483' title='bbox 747 4756 826 4791; x_wconf 90' lang='grc' dir='ltr'><strong>σοι</strong></span> <span class='ocrx_word' id='word_1_484' title='bbox 863 4742 1259 4813; x_wconf 85' lang='grc' dir='ltr'>ἀποπληρώσω.</span> 
     </span>
    </p>
   </div>
   <div class='ocr_carea' id='block_1_77' title="bbox 201 4818 1688 4908">
    <p class='ocr_par' dir='ltr' id='par_1_77' title="bbox 201 4818 1688 4908">
     <span class='ocr_line' id='line_1_77' title="bbox 201 4818 1688 4908; baseline 0.015 -37"><span class='ocrx_word' id='word_1_485' title='bbox 201 4818 322 4873; x_wconf 87' lang='grc'><strong>146.</strong></span> <span class='ocrx_word' id='word_1_486' title='bbox 355 4822 443 4874; x_wconf 84' lang='grc' dir='ltr'>Ἐν</span> <span class='ocrx_word' id='word_1_487' title='bbox 472 4823 630 4898; x_wconf 80' lang='grc' dir='ltr'>ὀδύνῃ</span> <span class='ocrx_word' id='word_1_488' title='bbox 651 4827 750 4897; x_wconf 83' lang='grc' dir='ltr'><strong>τῆς</strong></span> <span class='ocrx_word' id='word_1_489' title='bbox 778 4831 999 4902; x_wconf 80' lang='grc' dir='ltr'>καρδίας</span> <span class='ocrx_word' id='word_1_490' title='bbox 1034 4850 1135 4903; x_wconf 89' lang='grc' dir='ltr'><strong>μου</strong></span> <span class='ocrx_word' id='word_1_491' title='bbox 1176 4836 1309 4908; x_wconf 83' lang='grc' dir='ltr'>πρὸς</span> <span class='ocrx_word' id='word_1_492' title='bbox 1350 4839 1443 4891; x_wconf 90' lang='grc' dir='ltr'>σέ·</span> <span class='ocrx_word' id='word_1_493' title='bbox 1476 4838 1688 4908; x_wconf 78' lang='grc' dir='ltr'>βεδυθι-</span> 
     </span>
    </p>
   </div>
   <div class='ocr_carea' id='block_1_78' title="bbox 140 4910 1687 4993">
    <p class='ocr_par' dir='ltr' id='par_1_78' title="bbox 140 4910 1687 4993">
     <span class='ocr_line' id='line_1_78' title="bbox 140 4910 1687 4993; baseline 0.016 -35"><span class='ocrx_word' id='word_1_494' title='bbox 140 4910 325 4975; x_wconf 75' lang='grc' dir='ltr'>σμένον</span> <span class='ocrx_word' id='word_1_495' title='bbox 349 4914 476 4967; x_wconf 74' lang='grc' dir='ltr'>ὄντα</span> <span class='ocrx_word' id='word_1_496' title='bbox 515 4934 581 4987; x_wconf 88' lang='grc' dir='ltr'><strong>με</strong></span> <span class='ocrx_word' id='word_1_497' title='bbox 626 4920 729 4973; x_wconf 84' lang='grc' dir='ltr'><strong>ὑπὸ</strong></span> <span class='ocrx_word' id='word_1_498' title='bbox 763 4921 860 4990; x_wconf 79' lang='grc' dir='ltr'><strong>τῆς</strong></span> <span class='ocrx_word' id='word_1_499' title='bbox 897 4923 1170 4993; x_wconf 80' lang='grc' dir='ltr'>ἁμαρτίας</span> <span class='ocrx_word' id='word_1_500' title='bbox 1204 4926 1398 4993; x_wconf 87' lang='grc' dir='ltr'>σῶσον,</span> <span class='ocrx_word' id='word_1_501' title='bbox 1438 4930 1513 4992; x_wconf 86' lang='grc' dir='ltr'><strong>ὡς</strong></span> <span class='ocrx_word' id='word_1_502' title='bbox 1550 4928 1687 4983; x_wconf 78' lang='grc' dir='ltr'>ἐσω-</span> 
     </span>
    </p>
   </div>
   <div class='ocr_carea' id='block_1_79' title="bbox 138 5003 1689 5090">
    <p class='ocr_par' dir='ltr' id='par_1_79' title="bbox 138 5003 1689 5090">
     <span class='ocr_line' id='line_1_79' title="bbox 138 5003 1689 5090; baseline 0.014 -38"><span class='ocrx_word' id='word_1_503' title='bbox 138 5013 227 5063; x_wconf 73' lang='grc' dir='ltr'>σις</span> <span class='ocrx_word' id='word_1_504' title='bbox 283 5003 375 5055; x_wconf 85' lang='grc' dir='ltr'>τὸν</span> <span class='ocrx_word' id='word_1_505' title='bbox 410 5005 611 5079; x_wconf 83' lang='grc' dir='ltr'>Πέτρον</span> <span class='ocrx_word' id='word_1_506' title='bbox 650 5011 708 5061; x_wconf 80' lang='grc' dir='ltr'>ἐν</span> <span class='ocrx_word' id='word_1_507' title='bbox 745 5012 823 5081; x_wconf 83' lang='grc' dir='ltr'>τῷ</span> <span class='ocrx_word' id='word_1_508' title='bbox 860 5012 1082 5068; x_wconf 87' lang='grc' dir='ltr'>κλύδωνι</span> <span class='ocrx_word' id='word_1_509' title='bbox 1133 5017 1229 5088; x_wconf 83' lang='grc' dir='ltr'>τῆς</span> <span class='ocrx_word' id='word_1_510' title='bbox 1264 5016 1567 5090; x_wconf 84' lang='grc' dir='ltr'>θαλάσσης,</span> <span class='ocrx_word' id='word_1_511' title='bbox 1598 5022 1689 5073; x_wconf 71' lang='grc' dir='ltr'><strong>καὶ</strong></span> 
     </span>
    </p>
   </div>
   <div class='ocr_carea' id='block_1_80' title="bbox 138 5090 1058 5173">
    <p class='ocr_par' dir='ltr' id='par_1_80' title="bbox 138 5090 1058 5173">
     <span class='ocr_line' id='line_1_80' title="bbox 138 5090 1058 5173; baseline 0.023 -36"><span class='ocrx_word' id='word_1_512' title='bbox 138 5090 227 5142; x_wconf 77' lang='grc' dir='ltr'>οὐκ</span> <span class='ocrx_word' id='word_1_513' title='bbox 264 5092 334 5145; x_wconf 80' lang='grc' dir='ltr'>ἂν</span> <span class='ocrx_word' id='word_1_514' title='bbox 374 5094 515 5148; x_wconf 73' lang='grc' dir='ltr'><strong>ὲάσω</strong></span> <span class='ocrx_word' id='word_1_515' title='bbox 544 5098 610 5152; x_wconf 85' lang='grc' dir='ltr'><strong>τά</strong></span> <span class='ocrx_word' id='word_1_516' title='bbox 641 5100 913 5173; x_wconf 87' lang='grc' dir='ltr'>μαρτύριά</span> <span class='ocrx_word' id='word_1_517' title='bbox 944 5122 1058 5160; x_wconf 89' lang='grc' dir='ltr'>σου.</span> 
     </span>
    </p>
   </div>
   <div class='ocr_carea' id='block_1_81' title="bbox 198 5181 1687 5270">
    <p class='ocr_par' dir='ltr' id='par_1_81' title="bbox 198 5181 1687 5270">
     <span class='ocr_line' id='line_1_81' title="bbox 198 5181 1687 5270; baseline 0.014 -36"><span class='ocrx_word' id='word_1_518' title='bbox 198 5181 318 5237; x_wconf 88' lang='grc'><strong>147.</strong></span> <span class='ocrx_word' id='word_1_519' title='bbox 369 5185 452 5249; x_wconf 80' lang='grc' dir='ltr'><strong>Ὠς</strong></span> <span class='ocrx_word' id='word_1_520' title='bbox 483 5188 699 5259; x_wconf 81' lang='grc' dir='ltr'>ἑώρακα</span> <span class='ocrx_word' id='word_1_521' title='bbox 720 5196 1092 5263; x_wconf 75' lang='grc' dir='ltr'>ήσυχάζουσαν</span> <span class='ocrx_word' id='word_1_522' title='bbox 1120 5198 1216 5268; x_wconf 80' lang='grc' dir='ltr'>τὴν</span> <span class='ocrx_word' id='word_1_523' title='bbox 1246 5198 1422 5270; x_wconf 78' lang='grc' dir='ltr'>ψυχήν</span> <span class='ocrx_word' id='word_1_524' title='bbox 1456 5218 1555 5270; x_wconf 90' lang='grc' dir='ltr'><strong>μου</strong></span> <span class='ocrx_word' id='word_1_525' title='bbox 1580 5203 1687 5255; x_wconf 85' lang='grc' dir='ltr'>ἀπὸ</span> 
     </span>
    </p>
   </div>
   <div class='ocr_carea' id='block_1_82' title="bbox 137 5270 1685 5365">
    <p class='ocr_par' dir='ltr' id='par_1_82' title="bbox 137 5270 1685 5365">
     <span class='ocr_line' id='line_1_82' title="bbox 137 5270 1685 5365; baseline 0.016 -42"><span class='ocrx_word' id='word_1_526' title='bbox 137 5270 230 5324; x_wconf 86' lang='grc' dir='ltr'><strong>τῶν</strong></span> <span class='ocrx_word' id='word_1_527' title='bbox 250 5278 579 5347; x_wconf 74' lang='grc' dir='ltr'>ἐνοχλουσῶν</span> <span class='ocrx_word' id='word_1_528' title='bbox 606 5284 792 5356; x_wconf 83' lang='grc' dir='ltr'>αὐτὴν,</span> <span class='ocrx_word' id='word_1_529' title='bbox 815 5285 1262 5360; x_wconf 80' lang='grc' dir='ltr'>ὲξωμολογούμην</span> <span class='ocrx_word' id='word_1_530' title='bbox 1285 5308 1366 5343; x_wconf 81' lang='grc' dir='ltr'><strong>σοι</strong></span> <span class='ocrx_word' id='word_1_531' title='bbox 1388 5292 1484 5356; x_wconf 84' lang='grc' dir='ltr'>τὰς</span> <span class='ocrx_word' id='word_1_532' title='bbox 1510 5294 1685 5365; x_wconf 86' lang='grc' dir='ltr'>ἀμαρ-</span> 
     </span>
    </p>
   </div>
   <div class='ocr_carea' id='block_1_83' title="bbox 136 5366 1679 5457">
    <p class='ocr_par' dir='ltr' id='par_1_83' title="bbox 136 5366 1679 5457">
     <span class='ocr_line' id='line_1_83' title="bbox 136 5366 1679 5457; baseline 0.023 -41"><span class='ocrx_word' id='word_1_533' title='bbox 136 5366 242 5430; x_wconf 81' lang='grc' dir='ltr'>τίας</span> <span class='ocrx_word' id='word_1_534' title='bbox 272 5387 398 5439; x_wconf 86' lang='grc' dir='ltr'>μου·</span> <span class='ocrx_word' id='word_1_535' title='bbox 436 5373 639 5443; x_wconf 76' lang='grc' dir='ltr'>ἡλπισα</span> <span class='ocrx_word' id='word_1_536' title='bbox 678 5377 785 5446; x_wconf 81' lang='grc' dir='ltr'><strong>γὰρ</strong></span> <span class='ocrx_word' id='word_1_537' title='bbox 827 5381 907 5442; x_wconf 84' lang='grc' dir='ltr'><strong>εἰς</strong></span> <span class='ocrx_word' id='word_1_538' title='bbox 950 5381 1074 5442; x_wconf 84' lang='grc' dir='ltr'>τοὺς</span> <span class='ocrx_word' id='word_1_539' title='bbox 1111 5381 1301 5448; x_wconf 81' lang='grc' dir='ltr'>λόγους</span> <span class='ocrx_word' id='word_1_540' title='bbox 1338 5401 1452 5447; x_wconf 67' lang='grc' dir='ltr'>σου,</span> <span class='ocrx_word' id='word_1_541' title='bbox 1493 5384 1573 5438; x_wconf 75' lang='grc' dir='ltr'><strong>ὅτι</strong></span> <span class='ocrx_word' id='word_1_542' title='bbox 1610 5383 1679 5457; x_wconf 76' lang='grc' dir='ltr'>ἧς</span> 
     </span>
    </p>
   </div>
   <div class='ocr_carea' id='block_1_84' title="bbox 136 5454 1672 5540">
    <p class='ocr_par' dir='ltr' id='par_1_84' title="bbox 136 5454 1672 5540">
     <span class='ocr_line' id='line_1_84' title="bbox 136 5454 1672 5540; baseline 0.013 -29"><span class='ocrx_word' id='word_1_543' title='bbox 136 5454 355 5527; x_wconf 75' lang='grc' dir='ltr'>εἰρηκώς</span> <span class='ocrx_word' id='word_1_544' title='bbox 377 5476 392 5491; x_wconf 82' lang='grc'>⁶</span> <span class='ocrx_word' id='word_1_545' title='bbox 422 5463 596 5517; x_wconf 85' lang='grc' dir='ltr'>Δεῦτε</span> <span class='ocrx_word' id='word_1_546' title='bbox 626 5468 774 5532; x_wconf 82' lang='grc' dir='ltr'>πρός</span> <span class='ocrx_word' id='word_1_547' title='bbox 795 5486 870 5536; x_wconf 81' lang='grc' dir='ltr'><strong>με</strong></span> <span class='ocrx_word' id='word_1_548' title='bbox 897 5468 1116 5535; x_wconf 82' lang='grc' dir='ltr'>πάντες</span> <span class='ocrx_word' id='word_1_549' title='bbox 1146 5474 1200 5523; x_wconf 88' lang='grc' dir='ltr'><strong>οἰ</strong></span> <span class='ocrx_word' id='word_1_550' title='bbox 1227 5473 1548 5540; x_wconf 80' lang='grc' dir='ltr'>κοπιῶντες</span> <span class='ocrx_word' id='word_1_551' title='bbox 1575 5454 1672 5530; x_wconf 78' lang='grc' dir='ltr'><strong>καί</strong></span> 
     </span>
    </p>
   </div>
   <div class='ocr_carea' id='block_1_85' title="bbox 136 5551 1353 5632">
    <p class='ocr_par' dir='ltr' id='par_1_85' title="bbox 136 5551 1353 5632">
     <span class='ocr_line' id='line_1_85' title="bbox 136 5551 1353 5632; baseline 0.022 -40"><span class='ocrx_word' id='word_1_552' title='bbox 136 5551 601 5621; x_wconf 65' lang='grc' dir='ltr'>πεφορτισμένοι,</span> <span class='ocrx_word' id='word_1_553' title='bbox 636 5556 796 5625; x_wconf 67' lang='grc' dir='ltr'>κάγὼ</span> <span class='ocrx_word' id='word_1_554' title='bbox 823 5559 1151 5615; x_wconf 85' lang='grc' dir='ltr'>ἀναπαύσω</span> <span class='ocrx_word' id='word_1_555' title='bbox 1184 5561 1353 5632; x_wconf 82' lang='grc' dir='ltr'><strong>ὑμᾶς.</strong></span> 
     </span>
    </p>
   </div>
   <div class='ocr_carea' id='block_1_86' title="bbox 1809 3289 3359 3365">
    <p class='ocr_par' dir='ltr' id='par_1_86' title="bbox 1809 3289 3359 3365">
     <span class='ocr_line' id='line_1_86' title="bbox 1809 3289 3359 3365; baseline 0.01 -24"><span class='ocrx_word' id='word_1_556' title='bbox 1809 3289 1944 3342; x_wconf 88' lang='lat' dir='ltr'><strong>meis</strong></span> <span class='ocrx_word' id='word_1_557' title='bbox 1984 3290 2050 3345; x_wconf 89' lang='lat' dir='ltr'><strong>ad</strong></span> <span class='ocrx_word' id='word_1_558' title='bbox 2100 3300 2169 3354; x_wconf 89' lang='lat' dir='ltr'><strong>te,</strong></span> <span class='ocrx_word' id='word_1_559' title='bbox 2204 3301 2257 3346; x_wconf 88' lang='lat' dir='ltr'><strong>et</strong></span> <span class='ocrx_word' id='word_1_560' title='bbox 2303 3308 2493 3347; x_wconf 87' lang='lat' dir='ltr'><strong>omnes</strong></span> <span class='ocrx_word' id='word_1_561' title='bbox 2524 3308 2610 3349; x_wconf 89' lang='lat' dir='ltr'><strong>me</strong></span> <span class='ocrx_word' id='word_1_562' title='bbox 2656 3297 2946 3365; x_wconf 87' lang='lat' dir='ltr'><strong>opprobrio</strong></span> <span class='ocrx_word' id='word_1_563' title='bbox 2976 3298 3197 3364; x_wconf 86' lang='lat' dir='ltr'><strong>habent,</strong></span> <span class='ocrx_word' id='word_1_564' title='bbox 3239 3310 3359 3355; x_wconf 80' lang='lat' dir='ltr'><strong>tan-</strong></span> 
     </span>
    </p>
   </div>
   <div class='ocr_carea' id='block_1_87' title="bbox 1806 3386 3359 3460">
    <p class='ocr_par' dir='ltr' id='par_1_87' title="bbox 1806 3386 3359 3460">
     <span class='ocr_line' id='line_1_87' title="bbox 1806 3386 3359 3460; baseline 0.009 -28"><span class='ocrx_word' id='word_1_565' title='bbox 1806 3396 1969 3449; x_wconf 84' lang='lat' dir='ltr'><strong>quam</strong></span> <span class='ocrx_word' id='word_1_566' title='bbox 2003 3392 2339 3450; x_wconf 86' lang='lat' dir='ltr'><strong>peccatorem</strong></span> <span class='ocrx_word' id='word_1_567' title='bbox 2367 3401 2381 3448; x_wconf 89' lang='lat'><strong>;</strong></span> <span class='ocrx_word' id='word_1_568' title='bbox 2415 3396 2516 3452; x_wconf 82' lang='lat' dir='ltr'><strong>ego</strong></span> <span class='ocrx_word' id='word_1_569' title='bbox 2541 3391 2722 3438; x_wconf 85' lang='lat' dir='ltr'><strong>autem</strong></span> <span class='ocrx_word' id='word_1_570' title='bbox 2751 3386 3106 3457; x_wconf 86' lang='lat' dir='ltr'><strong>opprobratus</strong></span> <span class='ocrx_word' id='word_1_571' title='bbox 3128 3390 3197 3444; x_wconf 84' lang='lat' dir='ltr'><strong>ab</strong></span> <span class='ocrx_word' id='word_1_572' title='bbox 3226 3390 3359 3460; x_wconf 91' lang='lat' dir='ltr'><strong>ipsis</strong></span> 
     </span>
    </p>
   </div>
   <div class='ocr_carea' id='block_1_88' title="bbox 1797 3470 2691 3539">
    <p class='ocr_par' dir='ltr' id='par_1_88' title="bbox 1797 3470 2691 3539">
     <span class='ocr_line' id='line_1_88' title="bbox 1797 3470 2691 3539; baseline 0.009 -15"><span class='ocrx_word' id='word_1_573' title='bbox 1797 3470 2216 3539; x_wconf 73' lang='lat' dir='ltr'><strong>iustificationes</strong></span> <span class='ocrx_word' id='word_1_574' title='bbox 2248 3482 2371 3529; x_wconf 86' lang='lat' dir='ltr'><strong>tuas</strong></span> <span class='ocrx_word' id='word_1_575' title='bbox 2404 3477 2691 3532; x_wconf 87' lang='lat' dir='ltr'><strong>custodivi.</strong></span> 
     </span>
    </p>
   </div>
   <div class='ocr_carea' id='block_1_89' title="bbox 1875 3561 3355 3638">
    <p class='ocr_par' dir='ltr' id='par_1_89' title="bbox 1875 3561 3355 3638">
     <span class='ocr_line' id='line_1_89' title="bbox 1875 3561 3355 3638; baseline 0.011 -24"><span class='ocrx_word' id='word_1_576' title='bbox 1875 3561 1997 3616; x_wconf 74' lang='grc'><strong>142.</strong></span> <span class='ocrx_word' id='word_1_577' title='bbox 2023 3561 2248 3618; x_wconf 86' lang='lat' dir='ltr'><strong>Faciens</strong></span> <span class='ocrx_word' id='word_1_578' title='bbox 2281 3564 2548 3633; x_wconf 84' lang='lat' dir='ltr'><strong>justitiam</strong></span> <span class='ocrx_word' id='word_1_579' title='bbox 2579 3568 2763 3637; x_wconf 90' lang='lat' dir='ltr'><strong>justus</strong></span> <span class='ocrx_word' id='word_1_580' title='bbox 2790 3582 2873 3627; x_wconf 90' lang='lat' dir='ltr'><strong>est</strong></span> <span class='ocrx_word' id='word_1_581' title='bbox 2903 3571 2957 3625; x_wconf 93' lang='lat' dir='ltr'><strong>in</strong></span> <span class='ocrx_word' id='word_1_582' title='bbox 2991 3582 3275 3638; x_wconf 65' lang='lat' dir='ltr'><strong>aeternum,</strong></span> <span class='ocrx_word' id='word_1_583' title='bbox 3304 3587 3355 3630; x_wconf 84' lang='lat' dir='ltr'><strong>et</strong></span> 
     </span>
    </p>
   </div>
   <div class='ocr_carea' id='block_1_90' title="bbox 1798 3653 3357 3733">
    <p class='ocr_par' dir='ltr' id='par_1_90' title="bbox 1798 3653 3357 3733">
     <span class='ocr_line' id='line_1_90' title="bbox 1798 3653 3357 3733; baseline 0.01 -27"><span class='ocrx_word' id='word_1_584' title='bbox 1798 3666 1860 3706; x_wconf 87' lang='lat' dir='ltr'><strong>ea</strong></span> <span class='ocrx_word' id='word_1_585' title='bbox 1905 3653 2107 3718; x_wconf 91' lang='lat' dir='ltr'><strong>omnia,</strong></span> <span class='ocrx_word' id='word_1_586' title='bbox 2142 3669 2263 3724; x_wconf 71' lang='lat' dir='ltr'><strong>qua:</strong></span> <span class='ocrx_word' id='word_1_587' title='bbox 2288 3657 2353 3710; x_wconf 92' lang='lat' dir='ltr'><strong>de</strong></span> <span class='ocrx_word' id='word_1_588' title='bbox 2392 3660 2628 3714; x_wconf 83' lang='lat' dir='ltr'><strong>venturis</strong></span> <span class='ocrx_word' id='word_1_589' title='bbox 2674 3660 2832 3717; x_wconf 86' lang='lat' dir='ltr'><strong>bonis</strong></span> <span class='ocrx_word' id='word_1_590' title='bbox 2871 3664 3187 3733; x_wconf 87' lang='lat' dir='ltr'><strong>promisisti,</strong></span> <span class='ocrx_word' id='word_1_591' title='bbox 3219 3670 3357 3722; x_wconf 82' lang='lat' dir='ltr'><strong>veri-</strong></span> 
     </span>
    </p>
   </div>
   <div class='ocr_carea' id='block_1_91' title="bbox 1797 3748 2054 3796">
    <p class='ocr_par' dir='ltr' id='par_1_91' title="bbox 1797 3748 2054 3796">
     <span class='ocr_line' id='line_1_91' title="bbox 1797 3748 2054 3796; baseline 0.004 -2"><span class='ocrx_word' id='word_1_592' title='bbox 1797 3748 1879 3794; x_wconf 89' lang='lat' dir='ltr'><strong>tas</strong></span> <span class='ocrx_word' id='word_1_593' title='bbox 1909 3749 2054 3796; x_wconf 92' lang='lat' dir='ltr'><strong>sunt.</strong></span> 
     </span>
    </p>
   </div>
   <div class='ocr_carea' id='block_1_92' title="bbox 1869 3832 3352 3913">
    <p class='ocr_par' dir='ltr' id='par_1_92' title="bbox 1869 3832 3352 3913">
     <span class='ocr_line' id='line_1_92' title="bbox 1869 3832 3352 3913; baseline 0.01 -28"><span class='ocrx_word' id='word_1_594' title='bbox 1869 3832 1989 3886; x_wconf 77' lang='grc'><strong>145.</strong></span> <span class='ocrx_word' id='word_1_595' title='bbox 2046 3833 2342 3905; x_wconf 84' lang='lat' dir='ltr'><strong>lndigentia</strong></span> <span class='ocrx_word' id='word_1_596' title='bbox 2400 3846 2453 3891; x_wconf 92' lang='lat' dir='ltr'><strong>et</strong></span> <span class='ocrx_word' id='word_1_597' title='bbox 2511 3843 2815 3908; x_wconf 83' lang='lat' dir='ltr'><strong>persecutio</strong></span> <span class='ocrx_word' id='word_1_598' title='bbox 2865 3844 3187 3899; x_wconf 83' lang='lat' dir='ltr'><strong>invenerunt</strong></span> <span class='ocrx_word' id='word_1_599' title='bbox 3245 3861 3352 3913; x_wconf 85' lang='lat' dir='ltr'><strong>me,</strong></span> 
     </span>
    </p>
   </div>
   <div class='ocr_carea' id='block_1_93' title="bbox 1795 3928 3353 4003">
    <p class='ocr_par' dir='ltr' id='par_1_93' title="bbox 1795 3928 3353 4003">
     <span class='ocr_line' id='line_1_93' title="bbox 1795 3928 3353 4003; baseline 0.009 -26"><span class='ocrx_word' id='word_1_600' title='bbox 1795 3940 1895 3994; x_wconf 86' lang='lat' dir='ltr'><strong>ego</strong></span> <span class='ocrx_word' id='word_1_601' title='bbox 1928 3936 2111 3979; x_wconf 90' lang='lat' dir='ltr'><strong>autem</strong></span> <span class='ocrx_word' id='word_1_602' title='bbox 2146 3928 2458 3985; x_wconf 80' lang='lat' dir='ltr'><strong>recordatus</strong></span> <span class='ocrx_word' id='word_1_603' title='bbox 2487 3947 2629 3996; x_wconf 91' lang='lat' dir='ltr'><strong>sum,</strong></span> <span class='ocrx_word' id='word_1_604' title='bbox 2657 3936 2915 4003; x_wconf 89' lang='lat' dir='ltr'><strong>quoniam</strong></span> <span class='ocrx_word' id='word_1_605' title='bbox 2948 3935 3130 3990; x_wconf 79' lang='lat' dir='ltr'><strong>dixisti</strong></span> <span class='ocrx_word' id='word_1_606' title='bbox 3157 3957 3169 3990; x_wconf 96' lang='lat'>:</span> <span class='ocrx_word' id='word_1_607' title='bbox 3202 3936 3353 3993; x_wconf 77' lang='lat' dir='ltr'><strong>Beati</strong></span> 
     </span>
    </p>
   </div>
   <div class='ocr_carea' id='block_1_94' title="bbox 1797 4016 3351 4094">
    <p class='ocr_par' dir='ltr' id='par_1_94' title="bbox 1797 4016 3351 4094">
     <span class='ocr_line' id='line_1_94' title="bbox 1797 4016 3351 4094; baseline 0.011 -27"><span class='ocrx_word' id='word_1_608' title='bbox 1797 4017 1887 4085; x_wconf 87' lang='lat' dir='ltr'><strong>qui</strong></span> <span class='ocrx_word' id='word_1_609' title='bbox 1916 4018 2157 4069; x_wconf 74' lang='lat' dir='ltr'><strong>esuriant</strong></span> <span class='ocrx_word' id='word_1_610' title='bbox 2188 4016 2259 4089; x_wconf 88' lang='lat' dir='ltr'><strong>[et</strong></span> <span class='ocrx_word' id='word_1_611' title='bbox 2281 4020 2467 4073; x_wconf 82' lang='lat' dir='ltr'><strong>sitiunt</strong></span> <span class='ocrx_word' id='word_1_612' title='bbox 2489 4022 2797 4094; x_wconf 76' lang='lat' dir='ltr'><strong>iustitiam],</strong></span> <span class='ocrx_word' id='word_1_613' title='bbox 2826 4036 2874 4077; x_wconf 89' lang='lat' dir='ltr'><strong>et</strong></span> <span class='ocrx_word' id='word_1_614' title='bbox 2903 4028 3042 4079; x_wconf 84' lang='lat' dir='ltr'><strong>beati</strong></span> <span class='ocrx_word' id='word_1_615' title='bbox 3060 4030 3203 4093; x_wconf 87' lang='lat' dir='ltr'><strong>estis,</strong></span> <span class='ocrx_word' id='word_1_616' title='bbox 3234 4044 3351 4083; x_wconf 68' lang='grc' dir='ltr'>ειιιιι</span> 
     </span>
    </p>
   </div>
   <div class='ocr_carea' id='block_1_95' title="bbox 1796 4104 3140 4181">
    <p class='ocr_par' dir='ltr' id='par_1_95' title="bbox 1796 4104 3140 4181">
     <span class='ocr_line' id='line_1_95' title="bbox 1796 4104 3140 4181; baseline 0.009 -24"><span class='ocrx_word' id='word_1_617' title='bbox 1796 4104 2168 4157; x_wconf 72' lang='lat' dir='ltr'><strong>maledixerint</strong></span> <span class='ocrx_word' id='word_1_618' title='bbox 2199 4108 2361 4173; x_wconf 84' lang='lat' dir='ltr'><strong>vobis,</strong></span> <span class='ocrx_word' id='word_1_619' title='bbox 2391 4118 2441 4161; x_wconf 87' lang='lat' dir='ltr'><strong>et</strong></span> <span class='ocrx_word' id='word_1_620' title='bbox 2465 4111 2720 4177; x_wconf 77' lang='lat' dir='ltr'><strong>persecuti</strong></span> <span class='ocrx_word' id='word_1_621' title='bbox 2747 4126 2833 4165; x_wconf 82' lang='lat' dir='ltr'><strong>vos</strong></span> <span class='ocrx_word' id='word_1_622' title='bbox 2866 4112 3140 4181; x_wconf 71' lang='lat' dir='ltr'><strong>nterim&quot;.</strong></span> 
     </span>
    </p>
   </div>
   <div class='ocr_carea' id='block_1_96' title="bbox 1866 4194 3347 4276">
    <p class='ocr_par' dir='ltr' id='par_1_96' title="bbox 1866 4194 3347 4276">
     <span class='ocr_line' id='line_1_96' title="bbox 1866 4194 3347 4276; baseline 0.008 -28"><span class='ocrx_word' id='word_1_623' title='bbox 1866 4195 1988 4249; x_wconf 84' lang='grc'><strong>144.</strong></span> <span class='ocrx_word' id='word_1_624' title='bbox 2024 4194 2241 4251; x_wconf 84' lang='lat' dir='ltr'><strong>Justitia</strong></span> <span class='ocrx_word' id='word_1_625' title='bbox 2276 4208 2405 4253; x_wconf 90' lang='lat' dir='ltr'><strong>sunt</strong></span> <span class='ocrx_word' id='word_1_626' title='bbox 2430 4201 2736 4258; x_wconf 85' lang='lat' dir='ltr'><strong>testimonia</strong></span> <span class='ocrx_word' id='word_1_627' title='bbox 2768 4212 2877 4269; x_wconf 88' lang='lat' dir='ltr'><strong>tua,</strong></span> <span class='ocrx_word' id='word_1_628' title='bbox 2911 4214 2965 4259; x_wconf 91' lang='lat' dir='ltr'><strong>et</strong></span> <span class='ocrx_word' id='word_1_629' title='bbox 2991 4206 3045 4258; x_wconf 94' lang='lat' dir='ltr'><strong>in</strong></span> <span class='ocrx_word' id='word_1_630' title='bbox 3075 4209 3347 4276; x_wconf 66' lang='lat' dir='ltr'><strong>praesenti,</strong></span> 
     </span>
    </p>
   </div>
   <div class='ocr_carea' id='block_1_97' title="bbox 1795 4286 3347 4369">
    <p class='ocr_par' dir='ltr' id='par_1_97' title="bbox 1795 4286 3347 4369">
     <span class='ocr_line' id='line_1_97' title="bbox 1795 4286 3347 4369; baseline 0.01 -30"><span class='ocrx_word' id='word_1_631' title='bbox 1795 4295 1846 4340; x_wconf 83' lang='lat' dir='ltr'><strong>et</strong></span> <span class='ocrx_word' id='word_1_632' title='bbox 1877 4287 1931 4340; x_wconf 91' lang='lat' dir='ltr'><strong>in</strong></span> <span class='ocrx_word' id='word_1_633' title='bbox 1964 4286 2146 4343; x_wconf 81' lang='lat' dir='ltr'><strong>futuro</strong></span> <span class='ocrx_word' id='word_1_634' title='bbox 2182 4291 2403 4358; x_wconf 59' lang='lat' dir='ltr'><strong>saculo,</strong></span> <span class='ocrx_word' id='word_1_635' title='bbox 2455 4291 2540 4349; x_wconf 82' lang='lat' dir='ltr'><strong>fac</strong></span> <span class='ocrx_word' id='word_1_636' title='bbox 2575 4304 2635 4350; x_wconf 91' lang='lat' dir='ltr'><strong>ut</strong></span> <span class='ocrx_word' id='word_1_637' title='bbox 2690 4309 2751 4350; x_wconf 87' lang='lat' dir='ltr'><strong>ea</strong></span> <span class='ocrx_word' id='word_1_638' title='bbox 2802 4296 3116 4368; x_wconf 89' lang='lat' dir='ltr'><strong>intelligam,</strong></span> <span class='ocrx_word' id='word_1_639' title='bbox 3149 4308 3202 4354; x_wconf 92' lang='lat' dir='ltr'><strong>et</strong></span> <span class='ocrx_word' id='word_1_640' title='bbox 3250 4315 3347 4369; x_wconf 89' lang='lat' dir='ltr'><strong>per</strong></span> 
     </span>
    </p>
   </div>
   <div class='ocr_carea' id='block_1_98' title="bbox 1793 4377 2134 4447">
    <p class='ocr_par' dir='ltr' id='par_1_98' title="bbox 1793 4377 2134 4447">
     <span class='ocr_line' id='line_1_98' title="bbox 1793 4377 2134 4447; baseline 0.006 -17"><span class='ocrx_word' id='word_1_641' title='bbox 1793 4377 1910 4447; x_wconf 83' lang='lat' dir='ltr'><strong>ipsa</strong></span> <span class='ocrx_word' id='word_1_642' title='bbox 1937 4378 2134 4432; x_wconf 85' lang='lat' dir='ltr'><strong>vivam.</strong></span> 
     </span>
    </p>
   </div>
   <div class='ocr_carea' id='block_1_99' title="bbox 1869 4469 3345 4544">
    <p class='ocr_par' dir='ltr' id='par_1_99' title="bbox 1869 4469 3345 4544">
     <span class='ocr_line' id='line_1_99' title="bbox 1869 4469 3345 4544; baseline 0.009 -21"><span class='ocrx_word' id='word_1_643' title='bbox 1869 4470 1991 4524; x_wconf 81' lang='grc'><strong>145.</strong></span> <span class='ocrx_word' id='word_1_644' title='bbox 2037 4469 2282 4534; x_wconf 89' lang='lat' dir='ltr'><strong>Domine,</strong></span> <span class='ocrx_word' id='word_1_645' title='bbox 2333 4472 2596 4541; x_wconf 86' lang='lat' dir='ltr'><strong>patienter</strong></span> <span class='ocrx_word' id='word_1_646' title='bbox 2640 4490 2851 4531; x_wconf 90' lang='lat' dir='ltr'><strong>mecum</strong></span> <span class='ocrx_word' id='word_1_647' title='bbox 2894 4492 3014 4544; x_wconf 77' lang='lat' dir='ltr'><strong>age.</strong></span> <span class='ocrx_word' id='word_1_648' title='bbox 3065 4489 3117 4533; x_wconf 92' lang='lat' dir='ltr'><strong>et</strong></span> <span class='ocrx_word' id='word_1_649' title='bbox 3165 4484 3345 4537; x_wconf 82' lang='lat' dir='ltr'><strong>omnia</strong></span> 
     </span>
    </p>
   </div>
   <div class='ocr_carea' id='block_1_100' title="bbox 1794 4560 3344 4638">
    <p class='ocr_par' dir='ltr' id='par_1_100' title="bbox 1794 4560 3344 4638">
     <span class='ocr_line' id='line_1_100' title="bbox 1794 4560 3344 4638; baseline 0.009 -26"><span class='ocrx_word' id='word_1_650' title='bbox 1794 4560 2013 4613; x_wconf 86' lang='lat' dir='ltr'><strong>reddam</strong></span> <span class='ocrx_word' id='word_1_651' title='bbox 2058 4561 2201 4615; x_wconf 89' lang='lat' dir='ltr'><strong>tibi:</strong></span> <span class='ocrx_word' id='word_1_652' title='bbox 2249 4563 2532 4631; x_wconf 87' lang='lat' dir='ltr'><strong>respiciam</strong></span> <span class='ocrx_word' id='word_1_653' title='bbox 2560 4566 2704 4620; x_wconf 85' lang='lat' dir='ltr'><strong>enim</strong></span> <span class='ocrx_word' id='word_1_654' title='bbox 2755 4568 2807 4620; x_wconf 90' lang='lat' dir='ltr'><strong>in</strong></span> <span class='ocrx_word' id='word_1_655' title='bbox 2850 4565 3158 4638; x_wconf 88' lang='lat' dir='ltr'><strong>Scripturas</strong></span> <span class='ocrx_word' id='word_1_656' title='bbox 3201 4580 3344 4635; x_wconf 85' lang='lat' dir='ltr'><strong>tuas,</strong></span> 
     </span>
    </p>
   </div>
   <div class='ocr_carea' id='block_1_101' title="bbox 1790 4654 3346 4730">
    <p class='ocr_par' dir='ltr' id='par_1_101' title="bbox 1790 4654 3346 4730">
     <span class='ocr_line' id='line_1_101' title="bbox 1790 4654 3346 4730; baseline 0.009 -26"><span class='ocrx_word' id='word_1_657' title='bbox 1790 4657 1841 4704; x_wconf 89' lang='lat' dir='ltr'><strong>et</strong></span> <span class='ocrx_word' id='word_1_658' title='bbox 1876 4666 2199 4719; x_wconf 77' lang='lat' dir='ltr'><strong>cognoscam</strong></span> <span class='ocrx_word' id='word_1_659' title='bbox 2256 4654 2383 4723; x_wconf 84' lang='lat' dir='ltr'><strong>quid</strong></span> <span class='ocrx_word' id='word_1_660' title='bbox 2444 4671 2553 4710; x_wconf 94' lang='lat' dir='ltr'><strong>non</strong></span> <span class='ocrx_word' id='word_1_661' title='bbox 2598 4658 2811 4727; x_wconf 81' lang='lat' dir='ltr'><strong>implevi</strong></span> <span class='ocrx_word' id='word_1_662' title='bbox 2843 4658 2900 4713; x_wconf 90' lang='lat' dir='ltr'><strong>in</strong></span> <span class='ocrx_word' id='word_1_663' title='bbox 2938 4660 3090 4730; x_wconf 86' lang='lat' dir='ltr'><strong>ipsis,</strong></span> <span class='ocrx_word' id='word_1_664' title='bbox 3140 4673 3195 4717; x_wconf 88' lang='lat' dir='ltr'><strong>et</strong></span> <span class='ocrx_word' id='word_1_665' title='bbox 3242 4664 3346 4718; x_wconf 86' lang='lat' dir='ltr'><strong>hoc</strong></span> 
     </span>
    </p>
   </div>
   <div class='ocr_carea' id='block_1_102' title="bbox 1791 4742 2231 4809">
    <p class='ocr_par' dir='ltr' id='par_1_102' title="bbox 1791 4742 2231 4809">
     <span class='ocr_line' id='line_1_102' title="bbox 1791 4742 2231 4809; baseline 0.009 -15"><span class='ocrx_word' id='word_1_666' title='bbox 1791 4742 1883 4794; x_wconf 87' lang='lat' dir='ltr'><strong>tibi</strong></span> <span class='ocrx_word' id='word_1_667' title='bbox 1910 4742 2231 4809; x_wconf 90' lang='lat' dir='ltr'><strong>adimplebo.</strong></span> 
     </span>
    </p>
   </div>
   <div class='ocr_carea' id='block_1_103' title="bbox 1863 4830 3341 4909">
    <p class='ocr_par' dir='ltr' id='par_1_103' title="bbox 1863 4830 3341 4909">
     <span class='ocr_line' id='line_1_103' title="bbox 1863 4830 3341 4909; baseline 0.01 -26"><span class='ocrx_word' id='word_1_668' title='bbox 1863 4831 1983 4885; x_wconf 88' lang='grc'><strong>146.</strong></span> <span class='ocrx_word' id='word_1_669' title='bbox 2020 4830 2258 4887; x_wconf 85' lang='lat' dir='ltr'><strong>Clamavi</strong></span> <span class='ocrx_word' id='word_1_670' title='bbox 2293 4836 2345 4887; x_wconf 90' lang='lat' dir='ltr'><strong>in</strong></span> <span class='ocrx_word' id='word_1_671' title='bbox 2402 4836 2586 4891; x_wconf 90' lang='lat' dir='ltr'><strong>dolore</strong></span> <span class='ocrx_word' id='word_1_672' title='bbox 2630 4839 2809 4894; x_wconf 84' lang='lat' dir='ltr'><strong>cordis</strong></span> <span class='ocrx_word' id='word_1_673' title='bbox 2840 4842 2945 4894; x_wconf 88' lang='lat' dir='ltr'><strong>mei</strong></span> <span class='ocrx_word' id='word_1_674' title='bbox 2978 4842 3042 4896; x_wconf 85' lang='lat' dir='ltr'><strong>ad</strong></span> <span class='ocrx_word' id='word_1_675' title='bbox 3076 4851 3163 4909; x_wconf 90' lang='lat' dir='ltr'><strong>te;</strong></span> <span class='ocrx_word' id='word_1_676' title='bbox 3210 4845 3341 4898; x_wconf 84' lang='lat' dir='ltr'><strong>sub-</strong></span> 
     </span>
    </p>
   </div>
   <div class='ocr_carea' id='block_1_104' title="bbox 1789 4928 3344 4999">
    <p class='ocr_par' dir='ltr' id='par_1_104' title="bbox 1789 4928 3344 4999">
     <span class='ocr_line' id='line_1_104' title="bbox 1789 4928 3344 4999; baseline 0.008 -25"><span class='ocrx_word' id='word_1_677' title='bbox 1789 4936 2028 4975; x_wconf 87' lang='lat' dir='ltr'><strong>mersum</strong></span> <span class='ocrx_word' id='word_1_678' title='bbox 2070 4938 2158 4977; x_wconf 89' lang='lat' dir='ltr'><strong>me</strong></span> <span class='ocrx_word' id='word_1_679' title='bbox 2198 4940 2227 4977; x_wconf 89' lang='lat' dir='ltr'><strong>a</strong></span> <span class='ocrx_word' id='word_1_680' title='bbox 2263 4936 2482 4993; x_wconf 78' lang='lat' dir='ltr'><strong>peccato</strong></span> <span class='ocrx_word' id='word_1_681' title='bbox 2531 4928 2700 4993; x_wconf 85' lang='lat' dir='ltr'><strong>salva,</strong></span> <span class='ocrx_word' id='word_1_682' title='bbox 2750 4931 3204 4999; x_wconf 84' lang='lat' dir='ltr'><strong>quemadmodum</strong></span> <span class='ocrx_word' id='word_1_683' title='bbox 3237 4934 3344 4987; x_wconf 91' lang='lat' dir='ltr'><strong>sal-</strong></span> 
     </span>
    </p>
   </div>
   <div class='ocr_carea' id='block_1_105' title="bbox 1787 5011 3337 5093">
    <p class='ocr_par' dir='ltr' id='par_1_105' title="bbox 1787 5011 3337 5093">
     <span class='ocr_line' id='line_1_105' title="bbox 1787 5011 3337 5093; baseline 0.009 -30"><span class='ocrx_word' id='word_1_684' title='bbox 1787 5013 1923 5066; x_wconf 91' lang='lat' dir='ltr'><strong>vasti</strong></span> <span class='ocrx_word' id='word_1_685' title='bbox 1978 5011 2195 5068; x_wconf 86' lang='lat' dir='ltr'><strong>Petrum</strong></span> <span class='ocrx_word' id='word_1_686' title='bbox 2227 5017 2281 5068; x_wconf 89' lang='lat' dir='ltr'><strong>in</strong></span> <span class='ocrx_word' id='word_1_687' title='bbox 2325 5014 2493 5072; x_wconf 83' lang='lat' dir='ltr'><strong>ﬂuctu</strong></span> <span class='ocrx_word' id='word_1_688' title='bbox 2538 5019 2726 5087; x_wconf 85' lang='lat' dir='ltr'><strong>maris,</strong></span> <span class='ocrx_word' id='word_1_689' title='bbox 2777 5030 2830 5076; x_wconf 91' lang='lat' dir='ltr'><strong>et</strong></span> <span class='ocrx_word' id='word_1_690' title='bbox 2882 5036 2988 5077; x_wconf 87' lang='lat' dir='ltr'><strong>non</strong></span> <span class='ocrx_word' id='word_1_691' title='bbox 3042 5022 3337 5093; x_wconf 86' lang='lat' dir='ltr'><strong>relinquam</strong></span> 
     </span>
    </p>
   </div>
   <div class='ocr_carea' id='block_1_106' title="bbox 1786 5104 2237 5158">
    <p class='ocr_par' dir='ltr' id='par_1_106' title="bbox 1786 5104 2237 5158">
     <span class='ocr_line' id='line_1_106' title="bbox 1786 5104 2237 5158; baseline 0.002 -1"><span class='ocrx_word' id='word_1_692' title='bbox 1786 5104 2095 5158; x_wconf 85' lang='lat' dir='ltr'><strong>testimonia</strong></span> <span class='ocrx_word' id='word_1_693' title='bbox 2127 5115 2237 5158; x_wconf 88' lang='lat' dir='ltr'><strong>tua.</strong></span> 
     </span>
    </p>
   </div>
   <div class='ocr_carea' id='block_1_107' title="bbox 1855 5195 3336 5273">
    <p class='ocr_par' dir='ltr' id='par_1_107' title="bbox 1855 5195 3336 5273">
     <span class='ocr_line' id='line_1_107' title="bbox 1855 5195 3336 5273; baseline 0.005 -24"><span class='ocrx_word' id='word_1_694' title='bbox 1855 5196 1977 5251; x_wconf 84' lang='grc'><strong>147.</strong></span> <span class='ocrx_word' id='word_1_695' title='bbox 2011 5195 2080 5251; x_wconf 89' lang='lat' dir='ltr'><strong>Ut</strong></span> <span class='ocrx_word' id='word_1_696' title='bbox 2111 5198 2217 5251; x_wconf 83' lang='lat' dir='ltr'><strong>vidi</strong></span> <span class='ocrx_word' id='word_1_697' title='bbox 2250 5199 2484 5253; x_wconf 88' lang='lat' dir='ltr'><strong>animam</strong></span> <span class='ocrx_word' id='word_1_698' title='bbox 2527 5216 2702 5256; x_wconf 78' lang='lat' dir='ltr'><strong>meam</strong></span> <span class='ocrx_word' id='word_1_699' title='bbox 2736 5202 3102 5272; x_wconf 88' lang='lat' dir='ltr'><strong>quiescentem</strong></span> <span class='ocrx_word' id='word_1_700' title='bbox 3138 5219 3169 5258; x_wconf 90' lang='lat' dir='ltr'><strong>a</strong></span> <span class='ocrx_word' id='word_1_701' title='bbox 3217 5219 3336 5273; x_wconf 83' lang='lat' dir='ltr'><strong>per—</strong></span> 
     </span>
    </p>
   </div>
   <div class='ocr_carea' id='block_1_108' title="bbox 1784 5289 3331 5367">
    <p class='ocr_par' dir='ltr' id='par_1_108' title="bbox 1784 5289 3331 5367">
     <span class='ocr_line' id='line_1_108' title="bbox 1784 5289 3331 5367; baseline 0.005 -24"><span class='ocrx_word' id='word_1_702' title='bbox 1784 5289 2129 5344; x_wconf 88' lang='lat' dir='ltr'><strong>turbantibus</strong></span> <span class='ocrx_word' id='word_1_703' title='bbox 2162 5305 2303 5355; x_wconf 88' lang='lat' dir='ltr'><strong>eam,</strong></span> <span class='ocrx_word' id='word_1_704' title='bbox 2330 5291 2614 5349; x_wconf 80' lang='lat' dir='ltr'><strong>confessus</strong></span> <span class='ocrx_word' id='word_1_705' title='bbox 2651 5311 2771 5349; x_wconf 90' lang='lat' dir='ltr'><strong>sum</strong></span> <span class='ocrx_word' id='word_1_706' title='bbox 2808 5297 2903 5351; x_wconf 91' lang='lat' dir='ltr'><strong>tibi</strong></span> <span class='ocrx_word' id='word_1_707' title='bbox 2947 5306 3164 5367; x_wconf 86' lang='lat' dir='ltr'><strong>peccata</strong></span> <span class='ocrx_word' id='word_1_708' title='bbox 3192 5312 3331 5358; x_wconf 86' lang='lat' dir='ltr'><strong>mea;</strong></span> 
     </span>
    </p>
   </div>
   <div class='ocr_carea' id='block_1_109' title="bbox 1787 5384 3329 5459">
    <p class='ocr_par' dir='ltr' id='par_1_109' title="bbox 1787 5384 3329 5459">
     <span class='ocr_line' id='line_1_109' title="bbox 1787 5384 3329 5459; baseline 0.003 -22"><span class='ocrx_word' id='word_1_709' title='bbox 1787 5384 1995 5451; x_wconf 87' lang='lat' dir='ltr'><strong>speravi</strong></span> <span class='ocrx_word' id='word_1_710' title='bbox 2027 5385 2167 5437; x_wconf 89' lang='lat' dir='ltr'><strong>enim</strong></span> <span class='ocrx_word' id='word_1_711' title='bbox 2202 5385 2253 5437; x_wconf 92' lang='lat' dir='ltr'><strong>in</strong></span> <span class='ocrx_word' id='word_1_712' title='bbox 2294 5388 2636 5442; x_wconf 88' lang='lat' dir='ltr'><strong>sermonibus</strong></span> <span class='ocrx_word' id='word_1_713' title='bbox 2669 5389 2796 5455; x_wconf 82' lang='lat' dir='ltr'><strong>tuis,</strong></span> <span class='ocrx_word' id='word_1_714' title='bbox 2833 5390 3086 5459; x_wconf 85' lang='lat' dir='ltr'><strong>quoniam</strong></span> <span class='ocrx_word' id='word_1_715' title='bbox 3112 5389 3329 5444; x_wconf 81' lang='lat' dir='ltr'><strong>dixisti:</strong></span> 
     </span>
    </p>
   </div>
   <div class='ocr_carea' id='block_1_110' title="bbox 1794 5472 3329 5543">
    <p class='ocr_par' dir='ltr' id='par_1_110' title="bbox 1794 5472 3329 5543">
     <span class='ocr_line' id='line_1_110' title="bbox 1794 5472 3329 5543; baseline 0.003 -17"><span class='ocrx_word' id='word_1_716' title='bbox 1794 5472 1971 5527; x_wconf 81' lang='lat' dir='ltr'><strong>Venite</strong></span> <span class='ocrx_word' id='word_1_717' title='bbox 2006 5474 2073 5526; x_wconf 86' lang='lat' dir='ltr'><strong>ad</strong></span> <span class='ocrx_word' id='word_1_718' title='bbox 2117 5489 2217 5539; x_wconf 85' lang='lat' dir='ltr'><strong>me,</strong></span> <span class='ocrx_word' id='word_1_719' title='bbox 2256 5490 2429 5529; x_wconf 85' lang='lat' dir='ltr'><strong>omnes</strong></span> <span class='ocrx_word' id='word_1_720' title='bbox 2452 5478 2542 5543; x_wconf 83' lang='lat' dir='ltr'><strong>qui</strong></span> <span class='ocrx_word' id='word_1_721' title='bbox 2575 5478 2827 5533; x_wconf 85' lang='lat' dir='ltr'><strong>laboratis</strong></span> <span class='ocrx_word' id='word_1_722' title='bbox 2859 5489 2911 5532; x_wconf 87' lang='lat' dir='ltr'><strong>et</strong></span> <span class='ocrx_word' id='word_1_723' title='bbox 2953 5481 3155 5534; x_wconf 82' lang='lat' dir='ltr'><strong>onerati</strong></span> <span class='ocrx_word' id='word_1_724' title='bbox 3183 5479 3329 5541; x_wconf 83' lang='lat' dir='ltr'><strong>estis,</strong></span> 
     </span>
    </p>
   </div>
   <div class='ocr_carea' id='block_1_111' title="bbox 1776 5566 2421 5637">
    <p class='ocr_par' dir='ltr' id='par_1_111' title="bbox 1776 5566 2421 5637">
     <span class='ocr_line' id='line_1_111' title="bbox 1776 5566 2421 5637; baseline -0.002 -17"><span class='ocrx_word' id='word_1_725' title='bbox 1776 5577 1827 5620; x_wconf 86' lang='lat' dir='ltr'><strong>et</strong></span> <span class='ocrx_word' id='word_1_726' title='bbox 1858 5584 1950 5637; x_wconf 85' lang='lat' dir='ltr'><strong>ego</strong></span> <span class='ocrx_word' id='word_1_727' title='bbox 1989 5566 2219 5635; x_wconf 81' lang='lat' dir='ltr'><strong>reﬁciam</strong></span> <span class='ocrx_word' id='word_1_728' title='bbox 2249 5582 2334 5620; x_wconf 82' lang='lat' dir='ltr'><strong>vos</strong></span> <span class='ocrx_word' id='word_1_729' title='bbox 2357 5567 2421 5619; x_wconf 83' lang='lat'><strong>“.</strong></span> 
     </span>
    </p>
   </div>
   <div class='ocr_carea' id='block_1_112' title="bbox 198 5660 1896 5745">
    <p class='ocr_par' dir='ltr' id='par_1_112' title="bbox 198 5660 1896 5745">
     <span class='ocr_line' id='line_1_112' title="bbox 198 5660 1896 5745; baseline 0.011 -30"><span class='ocrx_word' id='word_1_730' title='bbox 198 5660 276 5715; x_wconf 75' lang='lat' dir='ltr'><strong>“l</strong></span> <span class='ocrx_word' id='word_1_731' title='bbox 313 5661 439 5718; x_wconf 88' lang='lat' dir='ltr'><strong>Cor.</strong></span> <span class='ocrx_word' id='word_1_732' title='bbox 479 5681 561 5730; x_wconf 89' lang='grc' dir='ltr'>ιιι,</span> <span class='ocrx_word' id='word_1_733' title='bbox 599 5668 683 5722; x_wconf 69' lang='grc'><strong>12.</strong></span> <span class='ocrx_word' id='word_1_734' title='bbox 763 5670 807 5701; x_wconf 83' lang='grc'><strong>⁸⁸</strong></span> <span class='ocrx_word' id='word_1_735' title='bbox 834 5670 1021 5728; x_wconf 85' lang='lat' dir='ltr'><strong>Matth.</strong></span> <span class='ocrx_word' id='word_1_736' title='bbox 1062 5691 1117 5742; x_wconf 80' lang='grc' dir='ltr'><strong>ν,</strong></span> <span class='ocrx_word' id='word_1_737' title='bbox 1149 5675 1204 5740; x_wconf 87' lang='grc'><strong>6,</strong></span> <span class='ocrx_word' id='word_1_738' title='bbox 1238 5676 1325 5729; x_wconf 88' lang='grc'><strong>11.</strong></span> <span class='ocrx_word' id='word_1_739' title='bbox 1408 5678 1452 5707; x_wconf 88' lang='lat'>“</span> <span class='ocrx_word' id='word_1_740' title='bbox 1476 5678 1662 5735; x_wconf 83' lang='lat' dir='ltr'><strong>Matth.</strong></span> <span class='ocrx_word' id='word_1_741' title='bbox 1699 5697 1775 5745; x_wconf 77' lang='grc' dir='ltr'>ιι,</span> <span class='ocrx_word' id='word_1_742' title='bbox 1806 5679 1896 5733; x_wconf 77' lang='grc'><strong>28.</strong></span> 
     </span>
    </p>
   </div>
   <div class='ocr_carea' id='block_1_113' title="bbox 202 5775 1693 5856">
    <p class='ocr_par' dir='ltr' id='par_1_113' title="bbox 202 5775 1666 5856">
     <span class='ocr_line' id='line_1_113' title="bbox 202 5775 1666 5856; baseline 0.012 -29"><span class='ocrx_word' id='word_1_743' title='bbox 202 5776 269 5844; x_wconf 87' lang='lat' dir='ltr'><strong>(a)</strong></span> <span class='ocrx_word' id='word_1_744' title='bbox 312 5775 454 5846; x_wconf 74' lang='lat' dir='ltr'><strong>Lege</strong></span> <span class='ocrx_word' id='word_1_745' title='bbox 485 5779 991 5853; x_wconf 76' lang='grc' dir='ltr'>ύπεμιμνησκόμην,</span> <span class='ocrx_word' id='word_1_746' title='bbox 1032 5786 1217 5856; x_wconf 81' lang='grc' dir='ltr'>ὅτιπερ</span> <span class='ocrx_word' id='word_1_747' title='bbox 1248 5784 1423 5853; x_wconf 77' lang='grc' dir='ltr'>εἶπας,</span> <span class='ocrx_word' id='word_1_748' title='bbox 1468 5798 1525 5844; x_wconf 88' lang='lat' dir='ltr'><strong>ut</strong></span> <span class='ocrx_word' id='word_1_749' title='bbox 1565 5792 1666 5846; x_wconf 88' lang='lat' dir='ltr'><strong>col.</strong></span> 
     </span>
    </p>
   </div>
   <div class='ocr_carea' id='block_1_114' title="bbox 1795 5775 2115 5856">
    <p class='ocr_par' dir='ltr' id='par_1_114' title="bbox 1795 5789 2115 5855">
     <span class='ocr_line' id='line_1_114' title="bbox 1795 5789 2115 5855; baseline -0.003 -11"><span class='ocrx_word' id='word_1_750' title='bbox 1795 5791 1861 5855; x_wconf 80' lang='lat' dir='ltr'><strong>L7,</strong></span> <span class='ocrx_word' id='word_1_751' title='bbox 1898 5789 1960 5845; x_wconf 84' lang='lat' dir='ltr'><strong>N.</strong></span> <span class='ocrx_word' id='word_1_752' title='bbox 1999 5790 2115 5844; x_wconf 77' lang='grc' dir='ltr'>ιδι.</span> 
     </span>
    </p>
   </div>
  </div>
