4018 6454
631 349 766 404 1205

637 557 923 610 meditarer
951 557 1163 626 eloquia
1195 566 1307 610 tua.

706 647 826 702 149.
854 647 1048 700 Vocem
1079 663 1253 701 meam
1284 648 1406 701 audi
1438 649 1735 702 secundum
1765 650 2187 704 misericordiam

637 755 804 803 tuam,
835 739 1081 805 Domine,
1125 738 1219 811 [et]
1253 739 1547 794 secundum
1582 740 1846 809 judicium
1875 753 2024 797 tuum
2057 744 2189 796 vivi-

637 833 734 885 tica
753 846 858 885 me.

709 921 831 976 150.
863 920 1444 990 Appropinquaverunt
1475 932 1860 991 persequentes
1884 940 1969 979 me
1992 926 2191 996 iniqui-

640 1015 752 1080 tati,
792 1031 822 1068 a
853 1015 966 1082 lege
993 1023 1172 1067 autem
1209 1022 1298 1067 tua
1331 1014 1488 1084 longe
1514 1013 1642 1067 facti
1675 1024 1820 1067 sunt.

711 1105 832 1156 151.
863 1102 1036 1173 Prope
1065 1119 1125 1159 es
1155 1112 1232 1170 tu,
1265 1103 1512 1168 Domine,
1545 1115 1598 1158 et
1637 1121 1825 1160 omnes
1852 1105 1950 1158 via:
1983 1115 2084 1160 tuae
2113 1123 2195 1159 ve-

639 1197 788 1250 ritas.

710 1287 830 1341 152.
866 1287 1022 1342 Initio
1056 1288 1280 1357 cognovi
1307 1287 1373 1342 de
1411 1287 1736 1342 testimoniis
1785 1287 1893 1340 tttis
1916 1327 1930 1349 ,
1961 1286 2089 1355 quia
2139 1287 2192 1338 in

637 1385 898 1432 aeternum
934 1378 1170 1432 fundasti
1213 1394 1295 1432 ea.

712 1468 831 1521 155.
873 1466 1004 1522 Vide
1028 1469 1383 1522 humilitatem
1417 1484 1625 1532 meam,
1661 1479 1714 1523 et
1746 1469 1892 1537 eripe
1921 1483 2035 1533 me,
2069 1467 2194 1536 quia

639 1557 807 1625 legem
840 1568 990 1610 tuam
1025 1574 1133 1610 non
1169 1574 1287 1612 sum
1323 1557 1543 1612 oblitus.

711 1648 834 1701 151.
865 1646 1054 1702 Judiea
1079 1649 1338 1716 judicium
1366 1664 1570 1712 meum,
1600 1658 1655 1703 et
1682 1649 1882 1703 redime
1911 1663 1997 1702 me
2027 1666 2041 1701 :
2073 1661 2196 1716 pro-

639 1750 755 1811 pter
783 1742 1057 1809 eloquium
1091 1751 1238 1798 tuum
1263 1743 1474 1796 vivifica
1503 1757 1608 1796 me.

709 1832 833 1886 155.
869 1831 1052 1904 Longe
1087 1849 1117 1886 a
1150 1833 1521 1901 peccatoribus
1549 1832 1699 1885 salus
1720 1871 1734 1894 ,
1785 1831 1910 1899 quia
1936 1830 2197 1898 justiﬁca-
2223 1813 2268 1866 Β

645 1924 817 1977 tiones
851 1933 973 1977 tuas
1005 1939 1113 1977 non
1144 1925 1535 1994 exquisierunt:

713 2012 831 2067 156.
865 2012 1246 2068 Misericordia:
1276 2023 1379 2068 tua:
1407 2013 1608 2077 multae,
1633 2011 1876 2071 Domine,
1906 2011 2200 2064 secundum

637 2104 899 2171 judicium
939 2114 1091 2159 tuum
1121 2107 1332 2159 vivilica
1369 2122 1472 2159 me.

715 2195 835 2249 157.
861 2195 1010 2249 Multi
1039 2197 1130 2266 qui
1163 2205 1556 2267 persequuntur
1583 2212 1687 2260 nte,
1711 2206 1763 2249 et
1789 2195 2049 2249 tribulant
2072 2208 2158 2245 me
2187 2211 2198 2245 :

643 2308 673 2343 ιι
705 2285 1027 2346 testimoniis
1056 2292 1164 2347 tuis
1193 2309 1298 2347 non
1332 2292 1620 2346 declinavi.

716 2384 836 2437 158.
865 2382 986 2437 Vidi
1006 2385 1442 2454 praevaricanles,
1464 2391 1518 2436 et
1543 2382 1880 2437 labescebam
1911 2401 1922 2433 :
1949 2379 2074 2449 quia
2095 2380 2202 2433 elo-

643 2475 767 2542 quia
799 2482 888 2526 tua
917 2489 1024 2526 non
1056 2473 1448 2527 custodierunt.

716 2563 837 2617 159.
875 2563 1005 2618 Vide
1029 2605 1042 2626 ,
1073 2565 1327 2634 quoniam
1364 2565 1615 2620 mandata
1646 2574 1736 2618 tua
1765 2565 1926 2617 dilexi
1964 2581 1976 2615 :
2016 2562 2198 2616 Domi-

647 2671 732 2720 ne,
765 2657 817 2708 in
847 2657 1216 2711 misericordia
1247 2667 1337 2710 tua
1364 2657 1571 2710 vivitica
1606 2673 1713 2710 me.

1466 349 1522 405 S.
1566 350 1932 407 ATHANASII
1972 353 2120 407 OPP.
2163 352 2341 408 PARS
2378 356 2466 410 lll.
2508 385 2574 392 —
2613 355 3019 412 EXEGETICA.

706 467 827 520 148.
861 466 1240 521 Praevenerunt
1289 467 1428 521 oculi
1463 469 1564 522 mei
1625 469 1689 522 ad
1721 480 1772 525 te
1822 470 2092 538 diluculo,
2128 482 2186 527 ut
2216 481 2257 536 A

3727 362 3861 414 1204

2365 474 2484 526 148.
2526 474 2878 544 Προέφθασαν
2904 477 2951 527 οἱ
2979 474 3242 545 ὀφθαλμοί
3264 494 3362 546 μου
3386 478 3524 547 πρὸς
3545 478 3747 548 ὄρθρον
3773 481 3860 530 τοῦ

2301 567 2526 636 μελετᾷν
2552 567 2618 618 τὰ
2645 567 2794 634 λόγια
2828 583 2939 621 σου.

2371 657 2488 710 1-19.
2512 658 2623 727 Τῆς
2645 658 2826 728 φωνῆς
2859 677 2957 728 μου
2989 662 3234 722 ἄκουσον,
3259 664 3448 732 Κύριε,
3474 661 3614 714 κατὰ
3637 663 3697 714 τὸ
3722 664 3863 724 ἕλεος

2302 765 2415 810 σου,
2452 747 2591 818 [καὶ]
2618 749 2758 801 κατὰ
2784 750 2843 801 τὸ
2872 750 3043 820 κρῖμά
3071 768 3162 804 σου
3187 752 3345 822 ζῆσόν
3381 771 3466 822 με.

2369 925 2491 978 150.
2518 928 2896 996 Προσήγγισαν
2915 929 2963 978 οἱ
2984 928 3401 992 καταδιώκοντες
3427 949 3492 1000 με
3514 933 3742 1002 ἀνομία,
3761 934 3862 984 ἀπὸ

2297 1018 2351 1069 δὲ
2381 1017 2474 1069 τοῦ
2497 1017 2660 1087 νόμου
2693 1036 2785 1070 σου
2817 1019 3250 1090 ὲμακρύνθησαν.

2369 1108 2494 1161 151.
2531 1109 2732 1176 Ἐγγὺς
2761 1105 2811 1161 εἴ
2843 1111 2927 1174 σὺ,
2962 1111 3165 1181 Κύριε,
3200 1115 3292 1167 καὶ
3325 1117 3490 1167 πᾶσαι
3524 1118 3580 1168 αἱ
3627 1116 3738 1167 ὁδοί
3775 1133 3860 1167 σου

2293 1198 2537 1267 ἀλήθεια.

2369 1287 2489 1340 152.
2526 1290 2659 1340 Κατ’
2683 1290 2854 1358 ἀρχὰς
2885 1289 3052 1358 ἔγνων
3075 1293 3138 1345 ἐκ
3174 1293 3276 1346 τῶν
3308 1297 3622 1366 μαρτυρίων
3649 1315 3764 1359 σου,
3786 1299 3861 1349 ὅτι

2296 1383 2373 1443 εἰς
2403 1380 2494 1433 τὸν
2527 1381 2696 1434 αἰῶνα
2731 1382 3093 1451 ἐθεμελίωσας
3116 1385 3269 1438 αὑτά.

2366 1472 2485 1525 155.
2525 1474 2632 1524 Ἴδε
2667 1472 2765 1543 τὴν
2796 1473 3117 1527 ταπείνωσίν
3159 1493 3279 1545 μου,
3316 1476 3408 1530 καὶ
3436 1475 3620 1539 ἐξελοῦ
3657 1495 3749 1546 με,
3787 1478 3864 1529 Em

2295 1564 2388 1618 τοῦ
2422 1565 2585 1635 νόμου
2612 1582 2703 1616 σου
2734 1565 2830 1617 οὐκ
2862 1566 3216 1637 ἐπελαθόμην.

2368 1656 2487 1708 15-1.
2520 1658 2720 1726 Κρῖνον
2746 1656 2841 1725 τὴν
2864 1656 3041 1726 κρίσιν
3073 1674 3195 1726 μου,
3225 1659 3317 1712 καὶ
3349 1659 3628 1730 λύτρωσαῑ
3663 1678 3750 1729 με,
3782 1661 3864 1712 δια

2296 1747 2384 1799 τὸν
2410 1747 2561 1814 λόγον
2590 1764 2679 1798 σου
2709 1744 2869 1816 ζῆσόν
2896 1765 2981 1816 με.

2369 1840 2489 1892 155.
2525 1839 2756 1909 Μακραν
2785 1838 2890 1891 ἀπὸ
2914 1840 3249 1910 ἁμαρτωλῶν
3273 1843 3534 1911 σωτηρία,
3573 1844 3659 1895 ὅτι
3700 1845 3767 1895 τὰ
3793 1845 3864 1896 6-.-

2297 1930 2585 2000 καιώματὰ
2611 1947 2703 1982 σου
2729 1931 2827 1984 οὐκ
2859 1929 3206 2001 ἐξεζήτησαν.

2369 2020 2488 2073 156.
2521 2022 2582 2072 Οἱ
2613 2019 2881 2091 οἰκτιρμοί
2915 2037 3006 2072 σου
3033 2021 3249 2084 πολλοὶ,
3271 2021 3460 2092 Κύριε,
3487 2022 3634 2074 κατὰ
3665 2025 3725 2075 τὸ
3753 2030 3864 2092 κρῖ-

2303 2107 2376 2174 μὰ
2408 2123 2497 2157 σου
2526 2107 2689 2175 ζῆσόν
2719 2125 2804 2178 με.

2372 2196 2494 2250 157.
2530 2199 2720 2250 Πολλοὶ
2759 2201 2807 2250 οἱ
2837 2199 3183 2263 ὲκδιώκοντες
3213 2218 3298 2270 με,
3338 2201 3429 2253 καὶ
3452 2201 3731 2264 θλίϐοντές
3761 2220 3826 2269 με
3854 2222 3862 2231 '

2304 2291 2366 2340 ἐκ
2388 2288 2494 2340 τῶν
2537 2290 2846 2359 μαρτυρίων
2877 2307 2969 2342 σου
2998 2292 3095 2342 οὐκ
3123 2292 3385 2356 ἐξέκλινα.

2371 2378 2491 2432 158.
2517 2375 2666 2431 Εἶδον
2716 2380 3101 2442 ἁσυνετοῦντας
3123 2420 3136 2446 ,
3170 2383 3261 2434 καὶ
3287 2381 3625 2453 ἐξετηκόμην
3651 2425 3665 2446 ,
3695 2387 3773 2436 Ξτι
3806 2388 3868 2436 τὰ

2297 2471 2450 2538 λόγια
2484 2489 2580 2523 σου
2615 2472 2711 2523 οὐκ
2735 2471 3081 2539 ἐφυλάξαντο.

2367 2561 2488 2614 159.
2519 2561 2642 2622 Ἴδε,
2675 2562 2756 2614 ὅτι
2783 2563 2880 2623 τὰς
2909 2563 3125 2626 ἐντολάς
3147 2580 3237 2615 σου
3258 2565 3552 2634 ἠγάπησα·
3584 2569 3784 2637 Κύριε,
3815 2572 3868 2619 ἐν

2294 2650 2372 2720 τῷ
2406 2651 2543 2703 ἐλέει
2581 2669 2670 2704 σου
2705 2650 2866 2722 ζῆσόν
2895 2670 2961 2722 με

1756 2806 2126 2864 ATHANASH
2174 2806 2748 2861 INTERPRETATIO.

720 2968 840 3022 148.
869 2967 1237 3039 Vigilaverunt
1258 2970 1400 3025 oculi
1427 2969 1605 3022 cordis
1629 2967 1734 3019 mei
1761 2966 1829 3019 ad
1856 2965 2093 3019 suaviter
2109 2978 2201 3018 ex-

647 3059 948 3128 cipiendam
979 3061 1153 3114 lucem
1189 3059 1588 3128 Scripturarum
1621 3068 1857 3115 tuarum.

720 3150 846 3204 119.
871 3150 1022 3203 Sicut
1043 3150 1307 3206 immensa
1329 3163 1410 3206 est
1433 3151 1798 3206 misericordia
1823 3160 1933 3218 tua,
1950 3152 2022 3206 ita
2040 3168 2202 3206 exau-

649 3241 702 3294 di
724 3257 831 3306 me,
849 3252 901 3294 et
927 3241 1223 3296 secundum
1249 3241 1574 3296 voluntatem
1593 3249 1741 3295 tuam
1765 3242 1836 3295 ita
1861 3243 2069 3296 viviﬁca
2095 3259 2200 3299 me.

720 3333 842 3387 150.
892 3333 1197 3388 Attulerunt
1249 3334 1570 3388 adversariae
1604 3342 1896 3401 potestates
1931 3334 2203 3401 improbas
2229 3359 2271 3416 ο

651 3422 962 3489 cupiditates
980 3441 994 3487 ;
1012 3432 1071 3476 ut
1086 3438 1212 3476 vero
1231 3424 1477 3477 viderunt
1498 3423 1549 3476 in
1573 3439 1655 3478 me
1674 3423 2016 3478 exsistentein
2036 3425 2200 3494 legem

652 3525 822 3579 tuam,
857 3513 1259 3582 disparuerunt.

725 3606 844 3659 151.
872 3605 1043 3676 Prope
1072 3622 1131 3661 es
1157 3617 1211 3660 tu
1235 3649 1248 3670 ,
1281 3605 1536 3670 Domine,
1569 3608 1869 3663 volentibus
1904 3610 1968 3662 ad
2001 3619 2050 3662 te
2076 3625 2205 3664 con-

656 3696 840 3768 fugere
861 3739 876 3763 ,
907 3709 958 3752 et
984 3698 1166 3753 omnia
1204 3699 1458 3753 mandata
1497 3709 1588 3752 tua
1622 3715 1728 3752 non
1761 3710 1886 3755 sunt
1913 3716 2157 3756 onerosa.

728 3789 852 3843 152.
880 3790 960 3843 Ab
1013 3790 1173 3842 initio
1202 3792 1435 3859 cognovi
1468 3805 1497 3843 e
1537 3789 1832 3859 Scripturis
1866 3792 1972 3847 tuis
1997 3833 2014 3858 ,
2063 3794 2206 3861 quod

658 3881 854 3933 invicta
884 3880 1289 3953 [immutabilia]
1319 3890 1444 3935 sunt
1465 3883 1713 3936 mandata
1747 3892 1858 3937 tua.

726 3975 846 4030 153.
878 3974 1362 4044 Recordare,quod
1380 3983 1519 4029 terra
1549 3984 1602 4029 et
1626 3975 1802 4044 pulvis
1829 3993 1969 4043 sum,
1995 3979 2206 4047 eteripe

653 4083 740 4122 me
768 4067 835 4121 ab
869 4067 1193 4121 adversariis
1218 4067 1594 4135 potestatibus,
1616 4068 1873 4135 quoniam
1898 4068 2208 4123 indesinen-

654 4171 736 4213 ter
767 4160 1030 4214 sollicitus
1071 4174 1213 4220 sum,
1250 4159 1524 4227 quomodo
1556 4160 1802 4226 impleam
1837 4161 2004 4230 legem
2039 4171 2204 4215 tuam.

726 4248 1298 4318 151.Quandoquidem
1323 4249 1504 4316 justus
1531 4248 1695 4316 judex
1720 4250 1955 4312 exsistis,
1985 4267 2070 4304 me
2104 4251 2208 4303 ini-

652 4357 759 4410 que
783 4356 1098 4410 oppressum
1123 4354 1151 4390 a
1179 4337 1514 4391 daemonibus
1540 4337 1704 4391 libera
1725 4379 1738 4403 ,
1768 4348 1821 4391 et
1843 4353 2090 4391 sermone
2117 4347 2209 4391 tuo

653 4435 862 4488 viviﬁca
892 4448 994 4487 tne.

723 4526 846 4578 155.
873 4523 1138 4588 Quoniam
1160 4523 1344 4576 dixisti
1372 4520 1569 4576 :Nemo
1592 4529 1823 4576 vestrum
1854 4522 2036 4590 inique
2056 4530 2205 4590 agat;

657 4616 813 4670 morti
835 4615 1015 4668 traditi
1046 4623 1171 4667 sunt
1197 4624 1511 4682 peccatores
1537 4656 1549 4676 ,
1582 4615 1704 4682 quia
1738 4625 2057 4683 respuerunt
2085 4631 2208 4683 pro-

654 4709 969 4762 missionem
993 4707 1115 4760 vitze
1146 4714 1401 4758 venturae.

725 4800 846 4853 156.
881 4796 1016 4851 Novi
1051 4799 1343 4851 immensas
1380 4813 1497 4851 esse
1529 4798 1902 4852 miserationes
1933 4806 2053 4851 tuas
2075 4837 2088 4860 ,
2121 4814 2206 4852 se-

654 4893 890 4945 cundum
926 4889 1256 4943 voluntatem
1295 4899 1440 4942 tuam
1476 4887 1685 4940 viviﬁca
1722 4904 1824 4941 me.

725 4982 847 5034 157.
878 4981 1176 5034 Contraria
1219 4989 1527 5049 potestates.
1582 4978 1714 5032 Nam
1746 4980 2058 5034 recordatus
2090 4996 2208 5034 sum

657 5080 707 5125 te
727 5071 959 5124 dixisse:
982 5070 1046 5123 In
1069 5073 1327 5138 patientia
1345 5071 1668 5138 possidebitis
1695 5073 1897 5124 animas
1920 5081 2114 5124 vestras
2130 5073 2208 5135 ‘7;

653 5172 708 5216 et
737 5181 748 5213 :
776 5161 877 5224 Qui
901 5162 1207 5214 sustinuerit
1232 5164 1287 5214 in
1317 5162 1469 5228 ﬁnem
1492 5203 1507 5226 ,
1540 5162 1621 5213 hic
1655 5161 1826 5215 salvus
1852 5164 1949 5214 erit
1972 5163 2035 5213 ⁸⁸.

727 5252 846 5306 158.
878 5251 1169 5307 Observavi
1201 5263 1505 5320 pereuntes,
1535 5265 1587 5308 et
1622 5269 1729 5323 pra:
1765 5255 2109 5308 tribulatione
2135 5264 2214 5307 ta-

662 5345 966 5406 bescebam,
1001 5345 1126 5413 quia
1157 5345 1420 5398 voluntati
1455 5355 1558 5398 tua:
1596 5346 1934 5399 resistebant.

728 5435 850 5488 159.
874 5432 977 5498 Qui
1029 5435 1272 5487 omnium
1323 5434 1484 5488 corda
1536 5435 1736 5500 noscis,
1803 5436 1998 5489 novisti
2052 5450 2214 5490 suave

658 5526 788 5579 mihi
829 5543 948 5580 esse
987 5527 1208 5594 implere
1245 5536 1506 5596 prmeepta
1542 5536 1652 5590 tua,
1686 5527 1930 5591 Domine,
1956 5529 2216 5584 miserens

659 5618 782 5680 mei,
805 5627 857 5672 et
884 5617 1149 5687 adjuvans
1177 5634 1262 5672 me
1292 5619 1504 5673 vivitica
1534 5635 1617 5673 me
1644 5620 1814 5688 gratia
1849 5631 1959 5672 tua.

640 5798 645 5804 _
735 5733 776 5765 ⁶⁷
804 5732 930 5788 an.
972 5749 1079 5795 ut,
1121 5733 1203 5785 19.
1312 5734 1352 5764 ⁸⁸
1385 5732 1544 5787 Marc.
1587 5751 1716 5798 xm,
1761 5734 1842 5788 15.

2370 2963 2488 3018 148.
2517 2964 2751 3034 Ἀνῆψαν
2771 2966 2819 3016 οἱ
2843 2965 3104 3036 ὀφθαλμοὶ
3123 2967 3220 3038 τῆς
3242 2968 3466 3038 καρδίας
3491 2987 3594 3038 μου
3617 2972 3682 3022 τὸ

2284 3052 2550 3118 ,δέξασθαι
2585 3055 2643 3106 τὸ
2673 3056 2786 3122 φῶς
2817 3055 2924 3107 τῶν
2957 3056 2995 3107 Γ
3000 3055 3183 3126 ραφῶν
3224 3074 3336 3109 σου.

2369 3144 2490 3197 149.
2525 3145 2719 3207 Καθὼς
2761 3147 3060 3217 ἁμέτρητὸν
3103 3150 3217 3199 ἐστι
3247 3149 3308 3200 τὸ
3339 3146 3482 3209 ἔλεός
3530 3165 3623 3199 σου
3652 3189 3666 3211 ,
3702 3148 3868 3210 οὕτως

2299 3235 2527 3289 ἄκουσόν
2563 3254 2684 3306 μου,
2711 3240 2804 3290 καὶ
2831 3238 3011 3301 καθὼς
3038 3240 3230 3303 Θέλεις,
3255 3240 3426 3302 οὕτως
3458 3243 3622 3310 ζῆσὸν
3654 3262 3743 3311 με.

2375 3326 2496 3380 150.
2527 3327 2868 3398 Προσέφερον
2917 3331 2970 3382 αἱ
3002 3330 3236 3381 ἐναντίαι
3276 3331 3531 3399 δυνάμεις
3576 3333 3868 3400 ἐπιθυμίας

2305 3419 2543 3487 πονηράς
2564 3435 2575 3446 ·
2626 3419 2754 3471 ὡσεὶ
2790 3417 2883 3490 [ὡς
2916 3419 2993 3492 δὲ]
3023 3416 3157 3474 εἶδον
3196 3422 3253 3472 ἐν
3285 3422 3405 3490 ἐμοὶ
3432 3422 3561 3475 ὄντα
3594 3423 3687 3476 τὸν
3713 3426 3868 3494 νόμον

2307 3527 2419 3572 σου,
2448 3511 2668 3577 ἀφανεῖς
2700 3511 2960 3578 ἐγένοντο.

2375 3600 2494 3653 151.
2526 3600 2755 3669 Πλησίον
2783 3597 2831 3653 εἷ
2853 3603 2936 3663 σὺ,
2961 3602 3149 3671 Κύριε,
3178 3601 3284 3655 τῶν
3304 3601 3565 3655 θελόντων
3598 3605 3869 3674 προσφεὺο

2305 3706 2420 3756 γειν
2454 3706 2551 3752 σοι,
2585 3691 2678 3741 καὶ
2709 3692 2875 3742 πᾶσαι
2905 3691 2959 3743 αἱ
2997 3690 3200 3742 ἐντολαί
3231 3708 3322 3742 σου
3357 3693 3456 3744 οὐκ
3500 3694 3609 3743 εἰσὶ
3639 3695 3867 3763 βαρεῖαι.

2380 3781 2498 3834 159..
2533 3781 2620 3847 Ἐξ
2650 3783 2823 3852 ἀρχῆς
2854 3782 3164 3852 συνετίσθην
3201 3782 3264 3834 ἐκ
3305 3782 3411 3834 τῶν
3463 3783 3702 3852 Γραᾳὼν
3756 3801 3863 3841 σου.

2306 3874 2388 3925 ὅτι
2416 3874 2645 3941 ἀνίκητά
2673 3873 2943 3942 [ἀκίνητά]
2973 3875 3074 3924 εἰσι
3101 3872 3166 3924 τὰ
3195 3874 3591 3942 προστάγματά
3616 3892 3732 3926 σου.

2378 3963 2498 4015 155.
2525 3963 2824 4032 Μνήσθητι,
2843 3965 2923 4015 ὅτι
2941 3961 3011 4031 γῆ
3039 3964 3130 4015 καὶ
3159 3963 3348 4025 σποδός
3374 3965 3508 4032 εἰμι,
3537 3966 3633 4015 καὶ
3662 3964 3864 4027 ἐξελεῖν

2311 4072 2405 4124 μαι
2432 4053 2634 4124 [ἐξελοῦ
2664 4053 2752 4124 με]
2783 4055 2845 4106 ἐκ
2873 4053 2980 4106 τῶν
3006 4053 3259 4106 ἐναντίων
3279 4052 3586 4122 δυνάμεων,
3612 4057 3695 4106 ὅτι
3721 4073 3866 4123 μερι-

2311 4147 2425 4216 μνώ
2460 4147 2812 4208 ἀδιαλείπτως
2852 4147 2910 4198 τὸ
2944 4146 3060 4208 πῶς
3094 4146 3361 4217 πληρὼσω
3393 4147 3484 4198 τὸν
3537 4148 3705 4215 νόμον
3760 4164 3862 4198 σου.

2380 4238 2498 4291 151.
2516 4239 2599 4300 Ὡς
2620 4239 2985 4308 δικαιοκρίτης
3002 4239 3280 4308 ὑπάρχεις,
3301 4237 3650 4306 ἀδικούμενόν
3680 4255 3745 4306 με
3772 4237 3867 4288 ὖπό

2310 4330 2415 4383 τῶν
2436 4331 2701 4399 δαιμόνων
2732 4331 3019 4401 λύτρωσαι,
3049 4332 3140 4382 καὶ
3164 4329 3250 4382 διὰ
3281 4329 3369 4382 τὸν
3392 4329 3548 4397 λόγον
3581 4345 3674 4382 σου
3702 4332 3866 4381 ἓτισὸν

2313 4441 2376 4492 με
2413 4423 2598 4494 [ζῆσὸν
2632 4422 2741 4493 με].

2382 4517 2500 4570 155.
2524 4517 2642 4567 Ὅτι
2667 4512 2850 4578 εἶπας’
2883 4514 3043 4567 Οὐδὲν
3075 4513 3291 4584 [οὐδεὶς]
3319 4513 3469 4583 ὑμῶν
3499 4514 3559 4564 οὐ
3589 4513 3663 4582 μὴ
3691 4514 3867 4580 ἀδική-

2313 4626 2380 4682 σῃ
2402 4627 2414 4640 θ
2439 4609 2868 4677 τεθανατωμένοι
2895 4607 3028 4658 εἰσὶν
3053 4607 3098 4657 οἱ
3125 4605 3448 4676 ἁμαρτωλοὶ,
3479 4606 3558 4656 ὅτι
3583 4605 3681 4674 τὴν
3709 4607 3866 4670 ἐπαγ-

2241 4690 2285 4745 D
2311 4703 2493 4771 γελίαν
2523 4703 2619 4770 τῆς
2652 4701 2795 4769 ζωῆς
2833 4699 2932 4768 τῆς
2968 4699 3260 4769 μελλούσης
3293 4699 3390 4750 οὐκ
3421 4697 3714 4766 ἠθέλησαν.

2381 4793 2500 4846 156.
2533 4788 2660 4844 υἷδα
2701 4792 2780 4843 ὃτι
2802 4791 3094 4861 ἀμέτρητοί
3114 4792 3246 4842 εἰσιν
3280 4790 3330 4840 οἱ
3355 4789 3626 4856 οἰκτιρμοί
3657 4805 3770 4851 σου,
3799 4787 3868 4846 ὡς

2310 4885 2499 4948 θέλεις,
2531 4883 2689 4954 ζῆσόν
2722 4902 2805 4954 με.

2383 4977 2501 5029 157.
2527 4979 2587 5028 Αἱ
2609 4975 3132 5045 ὲναντίαιδυνάμεις.
3181 4975 3536 5044 Ἐμεμνήμην
3557 4976 3667 5043 γὰρ
3699 4975 3870 5026 εἶπόν-

2311 5085 2398 5130 τος
2426 5085 2515 5122 σου
2537 5085 2550 5097 ·
2599 5069 2691 5119 Ἐν
2709 5066 2982 5136 ὑπομονῇ
3005 5065 3307 5131 κτήσασθε
3325 5067 3429 5129 τὰς
3457 5067 3661 5132 ψυχὰς
3689 5064 3866 5134 ὑμῶν,

2311 5161 2404 5213 καὶ
2431 5165 2461 5213 ό
2492 5161 2813 5228 ὑπομείνας
2832 5163 2915 5224 εὶς
2941 5159 3112 5223 τέλος
3144 5155 3316 5221 οὗτος
3349 5157 3707 5220 σωθήσεται.

2383 5252 2498 5304 158.
2520 5254 2807 5322 Προσεῖχον
2827 5253 2950 5312 τοὺς
2970 5249 3166 5302 ἀπολλυ
3175 5249 3384 5319 μένους,
3408 5247 3746 5317 ἐξετηκόμην
3770 5250 3874 5299 ἀπὸ

2311 5344 2410 5411 τῆς
2446 5343 2694 5411 θλίψεως,
2722 5345 2799 5395 ὅτι
2827 5342 2905 5412 τῷ
2940 5340 3233 5410 βουλήματί
3269 5357 3358 5391 σου
3390 5339 3732 5391 ἀνθίσταντο.

2385 5436 2506 5489 159.
2543 5434 2960 5505 Καρὸιογνώστα
2994 5435 3228 5493 πάντων,
3256 5429 3420 5493 οἶδας,
3455 5432 3536 5482 ὅτι
3575 5431 3748 5500 ἡδέως
3772 5431 3874 5498 ἔχω

2317 5529 2596 5597 πληρῶσαι
2652 5529 2747 5589 τὰς
2778 5527 2992 5588 ἐντολάς
3026 5543 3114 5577 σου
3142 5567 3154 5588 ,
3187 5524 3388 5594 Κύριεο
3427 5523 3593 5575 ἐλεῶν
3625 5541 3691 5593 με
3721 5563 3734 5586 ,
3789 5524 3874 5573 καὶ

2319 5621 2526 5689 βοηθῶν
2565 5638 2651 5688 με,
2688 5619 2850 5689 ζῆσόν
2884 5636 2946 5688 με
2974 5619 3058 5672 διὰ
3084 5619 3176 5688 τῆς
3210 5618 3426 5688 χάριτός
3453 5633 3563 5669 σου.
