4018 6508
185 487 318 543 1205

1014 480 1100 534 DE
1142 478 1416 534 TITULIS
1461 476 1905 533 PSAIMORUM.
1944 511 2010 519 -—
2047 479 2244 532 PSAL.
2293 479 2528 534 CXVI".

3286 487 3420 542 1206

247 605 366 658 160.
388 600 553 672 Ἀρχὴ
572 599 678 652 τῶν
699 596 868 666 λόγων
887 615 978 650 σου
996 597 1236 667 ἀλήθεια,
1257 599 1348 649 καὶ
1370 599 1446 658 είς
1467 596 1553 648 τὸν
1576 594 1742 648 αἰῶνα
1775 626 1786 654 λ

1921 592 2038 648 160.
2074 595 2409 664 Principium
2437 595 2730 649 verborum
2769 605 2990 649 tuorum
3029 597 3247 663 veritas,
3282 613 3335 655 et
3368 602 3418 654 in

181 696 353 747 πάντα
385 693 454 745 τὰ
483 690 724 761 κρίματα
751 689 847 757 τῆς
875 689 1222 757 δικαιοσύνης
1258 706 1370 740 σου.

247 783 368 837 161.
396 784 686 852 ’Ἄρχοντες
707 778 1036 845 κατεδίωξαν
1061 797 1128 850 με
1149 779 1375 848 δωρεὰν,
1399 778 1492 832 καὶ
1514 778 1622 830 ἀπὸ
1643 778 1750 831 τῶν

177 875 347 942 λόγων
381 890 474 926 σου
508 871 802 924 ὲδειλίασεν
828 872 859 940 ή
889 871 1082 941 καρδία
1119 888 1240 940 μου.

245 965 367 1018 162.
402 964 827 1033 Ἀγαλλιάσομαι
860 961 969 1030 ἐγὼ
1002 964 1093 1015 ἐπὶ
1123 963 1192 1015 τὰ
1233 961 1386 1030 λόγιά
1426 978 1519 1014 σου
1550 1002 1563 1026 ,
1615 963 1690 1024 ὡς
1721 963 1750 1014 ὀ

173 1058 447 1130 εὑρίσκων
479 1055 646 1108 σκῦλα
680 1053 867 1107 πολλά.

243 1148 367 1203 165.
398 1146 634 1200 Ἀδικίαν
652 1148 912 1217 ἐμίσησα,
931 1146 1022 1199 καὶ
1046 1144 1414 1214 ὲὸδελυξάμην
1432 1162 1445 1175 ⁸
1470 1144 1560 1197 τὸν
1589 1143 1643 1196 δὲ
1663 1143 1748 1197 νό-

176 1254 274 1307 μον
308 1253 400 1288 σου
428 1236 709 1307 ἠγάπησα.

243 1326 364 1380 164.
395 1327 654 1389 Ἐπτάκις
673 1328 772 1397 τῆς
793 1327 1006 1398 ἡμέρας
1028 1326 1196 1396 ᾔνεσά
1224 1343 1282 1379 σε
1307 1327 1398 1378 ἐπὶ
1417 1327 1483 1380 τά
1504 1327 1745 1396 κρίματα

169 1418 269 1488 τῆς
295 1417 638 1489 δικαιοσύνης
669 1435 782 1472 σου.

241 1507 362 1562 165.
388 1510 590 1581 Εἰρήνη
618 1510 784 1580 πολλὴ
805 1513 916 1572 τοῖς
935 1509 1186 1578 ἀγαπῶσι
1210 1509 1298 1562 τὸν
1322 1509 1484 1580 νόμον
1509 1526 1623 1576 σου,
1649 1510 1743 1564 καὶ

168 1605 265 1655 οὐκ
304 1602 452 1656 ἔστιν
486 1605 670 1666 αὐτοῖς
705 1601 1015 1655 σκάνδαλον.

239 1693 365 1748 166.
400 1694 748 1764 Προσεδόκων
776 1693 836 1746 τὸ
865 1692 1130 1763 σωτήριόν
1167 1709 1282 1755 σου,
1308 1693 1500 1762 Κύριε,
1525 1692 1618 1746 καὶ
1641 1693 1740 1754 τὰς

168 1782 385 1844 mea;
420 1799 512 1834 σου
546 1783 830 1853 ἠγάπησα.

237 1874 360 1928 167.
397 1873 692 1942 Ἐφύλαξεν
721 1877 753 1944 ἡ
780 1873 925 1944 ψυχή
957 1891 1057 1944 μου
1088 1873 1157 1927 τὰ
1191 1872 1465 1944 μαρτύριά
1495 1889 1607 1936 σου,
1644 1871 1738 1922 καὶ

167 1965 350 2034 ὴγάπη
361 1982 447 2016 σεν
478 1964 618 2018 αὐτά
645 1965 870 2035 σφόδρα.

238 2055 360 2110 168.
393 2056 662 2125 Ἐφύλαξα
690 2057 788 2120 τὰς
820 2056 1037 2118 ἐντολάς
1071 2073 1165 2108 σου
1211 2055 1305 2107 καὶ
1347 2054 1415 2106 τὰ
1468 2052 1742 2124 μαρτύριά

167 2165 278 2198 σου·
316 2149 396 2200 ὃτι
426 2149 595 2201 πᾶσαι
631 2151 681 2202 αἱ
708 2148 814 2201 ὁδοί
849 2167 949 2218 μου
974 2147 1224 2202 ,ἐναντίον
1258 2164 1373 2210 σου,
1404 2147 1596 2217 Κύριε.

237 2238 357 2295 169.
393 2240 700 2309 Ἐγγισάτω
732 2243 764 2311 ἠ
796 2239 976 2309 δέησίς
1007 2257 1108 2310 μου
1142 2238 1369 2292 ἐνώπιόν
1392 2255 1483 2291 σου
1504 2278 1518 2301 ,
1544 2236 1735 2308 Κύριε,

166 2330 304 2382 κατά
333 2329 394 2383 τὸ
422 2330 598 2398 λόγιόν
633 2347 724 2384 σου
755 2330 1026 2383 συνέτισόν
1061 2347 1148 2400 με.

1855 694 2113 736 aeternum
2146 685 2326 737 omnia
2356 682 2564 751 judicia
2591 681 2816 750 justitize
2838 691 2963 736 tuae.

1926 775 2046 828 161.
2077 773 2359 844 Principes
2391 774 2662 844 persecuti
2687 783 2813 829 sunt
2844 789 2930 828 me
2959 775 3147 844 gratis,
3178 785 3232 830 et
3255 789 3286 828 a
3311 792 3404 831 ver

1852 868 1936 922 bis
1965 868 2072 920 tuis
2111 867 2419 921 formidavit
2446 881 2543 920 cor
2567 882 2766 920 meum.

1920 959 2041 1012 169..
2077 957 2321 1012 Laetabor
2344 973 2444 1028 ego
2467 973 2633 1026 super
2655 958 2868 1027 eloquia
2896 967 2988 1012 tua
3009 998 3022 1022 ,
3060 959 3200 1013 sicut
3221 959 3313 1028 qui
3344 959 3418 1010 in-

1848 1049 1995 1103 venit
2026 1049 2198 1116 spolia
2230 1049 2419 1102 multa.

1917 1134 2041 1188 165.
2068 1133 2416 1204 lniqnitatem
2437 1136 2563 1192 odio
2587 1136 2773 1203 habui,
2803 1146 2858 1191 et
2886 1136 3228 1192 abominatus
3253 1151 3372 1192 sum
3398 1156 3411 1191 :

1844 1225 2016 1294 legem
2057 1235 2235 1279 autem
2280 1236 2428 1280 tuam
2460 1228 2643 1281 dilexi.

1917 1317 2039 1372 164.
2077 1318 2288 1387 Septies
2318 1319 2374 1373 in
2407 1319 2494 1377 die
2528 1320 2742 1374 laudem
2775 1318 2886 1373 dixi
2918 1319 3052 1384 tibi,
3085 1333 3248 1389 super
3271 1320 3416 1389 judi-

1845 1410 1928 1464 cia
1957 1410 2182 1478 justitia:
2213 1423 2341 1464 tute.

1915 1500 2039 1555 165.
2077 1501 2188 1557 Pax
2227 1501 2398 1554 multa
2434 1501 2787 1571 diligentibus
2819 1501 2988 1571 legem
3016 1509 3189 1566 tuam,
3219 1510 3273 1555 et
3304 1517 3411 1556 non

1841 1603 1926 1648 est
1955 1594 2062 1647 illis
2086 1593 2421 1648 scandalum.

1912 1685 2033 1739 166.
2057 1685 2445 1754 Exspectabam
2463 1685 2698 1745 salutare
2721 1694 2896 1747 tuum,
2919 1684 3164 1751 Domine,
3186 1693 3239 1739 et
3259 1699 3411 1739 man-

1840 1776 1964 1828 data
2003 1785 2094 1828 tua
2121 1775 2306 1829 dilexi.

1913 1866 2036 1921 167.
2062 1865 2368 1920 Custodivit
2395 1867 2578 1920 anima
2608 1879 2727 1920 mea
2756 1865 3068 1920 testimonia
3101 1874 3214 1932 tua,
3248 1875 3301 1918 et
3327 1863 3411 1919 d1-

1769 1942 1813 2000 Β
1839 1957 1971 2009 lexit
2001 1971 2064 2010 ea
2099 1956 2466 2011 vehementer.

1909 2047 2032 2101 168.
2059 2048 2283 2102 Servavi
2310 2047 2564 2101 mandata
2593 2057 2686 2100 tua
2708 2056 2762 2100 et
2789 2047 3098 2102 testimonia
3127 2055 3214 2100 tua
3242 2065 3254 2100 :
3280 2047 3416 2117 quia-

1837 2153 2027 2194 omnes
2055 2140 2157 2193 viae
2186 2154 2323 2194 meae
2353 2140 2406 2192 in
2437 2149 2730 2208 conspectu
2772 2149 2898 2205 tuo,
2939 2138 3186 2192 Domine.

1908 2230 2032 2285 169.
2085 2231 2496 2300 Appropinquet
2527 2230 2836 2300 deprecatio
2876 2243 2995 2284 mea
3025 2228 3080 2282 in
3109 2235 3404 2296 conspectu

1836 2334 1952 2388 tuo,
1996 2322 2246 2392 Domine,
2272 2322 2430 2393 juxta
2462 2322 2740 2392 eloquium
2775 2332 2925 2377 tuum
2965 2321 3032 2377 da
3063 2319 3197 2375 mihi
3250 2320 3406 2374 intel-

1836 2417 2055 2470 lectum.

1283 2545 1657 2600 A'I'HANASII
1707 2546 2292 2604 INTEBPRETATIO.

240 2655 356 2709 160.
379 2655 545 2726 Ἀρχὴ
565 2657 672 2709 τῶν
694 2659 1129 2727 προσταγμάτων
1152 2674 1243 2708 σου
1266 2656 1326 2708 τὸ
1353 2655 1623 2708 πιστεύειν
1653 2658 1734 2719 εἰς

1906 2657 2033 2713 160.
2068 2659 2286 2712 Initium
2319 2661 2700 2713 mandatorum
2735 2669 2951 2713 tuorum
2991 2658 3206 2713 credere
3241 2659 3292 2711 in
3330 2667 3400 2724 te,

168 2749 244 2811 σὶ,
281 2748 375 2798 καὶ
401 2749 458 2799 ὲν
486 2746 562 2816 τῷ
597 2747 841 2817 μέλλοντι
867 2748 1020 2801 αἰῶνι
1054 2746 1308 2811 ἀπόδοσις
1333 2748 1563 2800 ἑκάστου
1596 2747 1737 2801 κατά

1843 2757 1886 2802 et
1918 2749 1973 2802 in
2008 2759 2236 2804 venturo
2275 2749 2473 2803 saeculo
2507 2749 2923 2804 retributionem
2964 2749 3160 2819 cuique
3205 2765 3401 2805 secun-

169 2845 232 2896 τά
258 2843 394 2912 ἔργα
428 2842 614 2896 αὐτοῦ.

237 2930 356 2984 161,
382 2931 444 2981 Ai
466 2930 700 2982 ἐναντίαι
722 2930 978 3000 δυνάμεις
998 2926 1159 3001 ἦλθον
1174 2931 1423 3000 κατέχειν
1445 2948 1511 3001 με
1532 2931 1610 2993 είς
1637 2948 1738 3000 μα-

169 3022 421 3090 ταιότητα
451 3021 824 3092 ματαιοτὴτων
844 3063 857 3087 ,
890 3021 985 3075 καὶ
1012 3022 1364 3092 ἐπιμνησθεὶς
1388 3024 1488 3091 τῆς
1513 3022 1731 3073 αίωνίου

168 3115 396 3184 κρίσεως
428 3112 667 3183 ἐφοϐήθη
696 3116 729 3183 ἡ
761 3113 956 3184 καρδία
992 3131 1090 3183 μου
1125 3110 1263 3166 εἶναι
1299 3113 1395 3165 σὺν
1421 3113 1621 3173 αὐτοῖς.

234 3203 357 3258 162.
387 3202 572 3265 Οὕτως
595 3204 769 3272 χαίρω
790 3204 868 3266 είς
897 3202 964 3255 τὰ
989 3203 1147 3270 λόγιά
1172 3219 1287 3267 σου,
1318 3203 1392 3267 ὡς
1416 3203 1443 3255 ὁ
1463 3202 1729 3272 εὑρίσκων

168 3294 434 3364 θησαυρὸν
462 3293 790 3363 ἀμέτρητον.

236 3384 355 3438 165.
390 3384 574 3437 Πᾶσαν
603 3383 875 3457 ἁμαρτίαν
903 3385 1140 3456 ἐμίσησα
1161 3425 1176 3448 ,
1213 3387 1304 3438 καὶ
1339 3385 1697 3455 βδελύσσομαι
1715 3404 1728 3416 ·

170 3476 224 3528 τὸ
264 3475 319 3528 δὲ
352 3476 570 3546 ἀγαπᾷν
614 3492 673 3528 σε
727 3476 821 3528 καὶ⁵
847 3477 938 3529 τὸν
971 3476 1214 3546 πλησίον,
1247 3478 1390 3549 χαρά
1428 3478 1528 3548 μού
1563 3483 1729 3534 ἐστιν.

235 3565 358 3619 161.
388 3566 460 3618 Τὸ
490 3568 586 3636 μὲν
614 3566 827 3636 πρῶτον
847 3585 860 3597 ο
897 3568 1189 3631 ἀπαύστως
1217 3569 1385 3639 ᾔνεσά
1418 3587 1520 3633 σοι,
1556 3573 1735 3623 ἐπιτε-

169 3659 240 3710 λῶ
276 3659 558 3728 διεγείρων
586 3659 793 3729 ἀγαθὴν
823 3660 921 3729 τὴν
952 3660 1296 3731 δικαιοσύνην
1327 3678 1419 3715 σου
1440 3679 1454 3692 ·
1490 3665 1583 3717 καὶ
1611 3665 1731 3716 ἑτέ-

171 3767 276 3820 pro;
301 3750 357 3801 δὲ
391 3749 550 3802 πάλιν
582 3753 811 3803 νοεῖται·
846 3751 926 3803 ὅτι
959 3752 1046 3804 διὰ
1077 3752 1183 3804 τῶν
1210 3751 1348 3805 ἑπτὰ
1384 3757 1732 3826 χαρισμάτων

169 3838 259 3892 τοῦ
300 3841 478 3909 φωτός
516 3857 610 3894 σου
638 3841 746 3894 τῶν
781 3843 968 3905 ἐντοῖς
1007 3845 1387 3915 προστάγμασι
1410 3846 1504 3916 τῆς
1530 3847 1734 3900 δικαιο-

172 3931 335 4002 σύνης
364 3949 457 3985 σου
487 3932 654 4003 ᾔνεσα
685 3950 743 3985 σε
768 3933 914 4005 ἔργῳ
946 3935 1037 3987 καὶ
1065 3936 1223 4005 λόγῳ.

242 4023 362 4077 165.
393 4022 459 4077 Ol
491 4023 651 4077 πόθον
675 4025 888 4093 ἔχοντες
923 4025 1206 4095 πληρῶσαι
1245 4027 1336 4080 τὸν
1365 4029 1525 4096 νόμον
1551 4045 1644 4081 σου
1671 4030 1731 4080 οὐ

172 4114 530 4184 πολεμοῦνται
571 4116 875 4179 ὑπό-τινος,
911 4115 1029 4168 οὑδέ
1069 4118 1214 4169 ἐστιν
1243 4120 1300 4170 ὲν
1336 4120 1514 4182 αὐτοῖς
1547 4118 1735 4197 ὲπιθυτ

177 4206 272 4273 μία
294 4222 381 4268 τις
411 4206 620 4277 πονηρά
637 4224 648 4234 ·
688 4206 900 4276 ἔχοντες
924 4209 1031 4282 γὰρ
1060 4211 1116 4263 ὲν
1149 4213 1357 4273 ἑαυτοῖς
1376 4210 1474 4281 τὴν
1497 4213 1736 4284 ἀμέτρη-

171 4314 258 4351 τον
287 4297 448 4368 χάριν
476 4315 591 4363 σου,
617 4299 683 4370 ἣν
706 4302 1016 4372 ἠγάπησας,
1045 4302 1318 4374 βοηθοῦσι,
1346 4305 1438 4356 καὶ
1462 4304 1736 4358 διδάσκου-

172 4407 253 4442 σιν
282 4407 500 4452 αυτους.

1832 2841 1960 2894 dum
1993 2856 2154 2910 opera
2185 2840 2324 2909 ejus.

1906 2929 2027 2981 161.
2049 2928 2351 2982 Contraria:
2379 2937 2678 2996 potestates
2707 2939 2992 2990 venerunt.
3023 2940 3081 2984 ut
3101 2931 3403 2987 detinerent

1842 3037 1927 3074 me
1964 3022 2016 3074 in
2052 3022 2287 3076 vanitate
2319 3025 2611 3076 vanitatum
2639 3063 2654 3087 ,
2684 3033 2736 3077 et
2767 3025 3079 3078 recordatus
3108 3029 3292 3080 aeterni
3316 3026 3402 3094 ju-

1760 3145 1802 3202 α
1839 3113 1968 3168 dicii
1997 3114 2245 3168 extimuit
2277 3130 2370 3169 cor
2399 3131 2577 3169 meum
2616 3131 2737 3170 esse
2775 3132 2898 3170 cum
2931 3118 3084 3185 ipsis.

1911 3203 2030 3257 162.
2055 3203 2129 3258 Ita
2155 3207 2363 3274 gaudeo
2395 3207 2446 3259 in
2475 3207 2710 3277 eloquiis
2737 3208 2866 3272 tuis,
2887 3207 3028 3262 sicut
3052 3207 3145 3277 qui
3173 3209 3401 3262 immen-

1837 3311 1956 3350 sum
1991 3297 2306 3351 thesaurum
2334 3298 2559 3352 invenit.

1908 3383 2028 3439 165.
2050 3383 2188 3438 Odio
2217 3386 2400 3450 habui,
2428 3398 2480 3440 ct
2502 3387 2787 3440 abominor
2807 3404 2967 3442 omne
2989 3397 3304 3458 peccatum;
3327 3390 3404 3442 di-

1837 3475 2010 3545 ligere
2029 3485 2208 3528 autem
2237 3486 2287 3529 te
2319 3484 2371 3529 ct
2407 3479 2745 3545 proximum,
2782 3480 3039 3548 gaudium
3077 3495 3255 3533 meum
3297 3491 3397 3535 est.

1906 3565 2029 3620 164.
2086 3566 2328 3621 Primum
2379 3570 2597 3638 quidem
2634 3589 2647 3624 :
2682 3570 3019 3627 incessanter
3069 3570 3282 3625 laudavi
3330 3580 3399 3636 te,

1835 3672 2034 3727 perago
2078 3660 2322 3713 excitans
2364 3661 2635 3729 justitiam
2672 3671 2818 3715 tuam
2849 3662 3047 3715 bonam
3080 3679 3095 3717 :
3123 3663 3280 3716 aliter
3305 3677 3401 3716 au-

1839 3759 1944 3803 tem
1984 3750 2144 3804 etiam
2180 3753 2498 3822 intelligitur
2523 3772 2535 3807 :
2561 3755 2705 3821 quod
2739 3770 2837 3824 per
2871 3767 3072 3823 septem
3123 3756 3260 3810 lucis
3298 3765 3403 3809 tuae

1836 3840 2002 3905 dona,
2034 3858 2154 3910 quae
2187 3842 2238 3894 in
2264 3844 2546 3912 praeceptis
2569 3843 2796 3912 justitia:
2828 3853 2933 3898 tua:
2960 3854 3106 3906 sunt,
3135 3859 3317 3912 Opere,
3349 3855 3403 3901 et

1837 3931 2003 3986 verbo
2030 3932 2242 3984 laudavi
2277 3942 2346 3986 te.

1909 4023 2031 4076 165.
2064 4023 2165 4089 Qui
2190 4023 2501 4077 desiderant
2522 4025 2746 4092 implere
2773 4026 2947 4093 legem
2973 4034 3143 4086 tuam,
3176 4038 3206 4078 a
3229 4026 3403 4077 nemi-

1836 4125 1903 4164 ne
1933 4111 2319 4178 impugnantur
2340 4150 2355 4175 ,
2386 4125 2561 4178 neque
2589 4119 2673 4163 est
2707 4111 2760 4163 in
2789 4112 2922 4179 ipsis
2952 4111 3129 4180 aliqua
3157 4111 3401 4180 improba

1837 4202 2103 4271 cupiditas
2129 4221 2143 4256 :
2169 4203 2427 4256 habentes
2447 4203 2589 4257 enim
2617 4203 2670 4256 in
2694 4205 2889 4272 seipsis
2911 4206 3230 4260 immensam
3252 4213 3399 4258 tuam

1838 4295 2089 4365 gratiam.
2118 4309 2287 4364 quam
2324 4294 2563 4351 dilexisti
2591 4335 2607 4360 ,
2641 4295 2941 4365 adjuvant,
2971 4306 3022 4351 et
3051 4297 3247 4351 docent
3280 4311 3396 4351 eos.

242 4480 366 4534 166.
405 4479 735 4533 Ἀπέὃλεπον
765 4485 844 4546 είς
864 4483 961 4554 τὴν
991 4484 1205 4537 αίώνιον
1236 4483 1399 4556 ζωὴν,
1435 4486 1619 4558 Κύριε,
1644 4489 1738 4542 καὶ
1773 4516 1786 4569 Ι

1913 4491 2030 4545 166.
2067 4489 2296 4560 Respexi
2331 4492 2384 4544 in
2408 4499 2663 4544 :eternam
2697 4491 2882 4552 vitam,
2916 4492 3158 4555 Domine,
3189 4501 3242 4547 et
3269 4507 3400 4562 pro-

173 4571 258 4623 διὰ
287 4570 446 4623 τοῦτο
480 4572 622 4643 άπερ
655 4573 993 4643 προσέταξάς
1031 4593 1138 4645 μοι,
1167 4575 1336 4647 ἡδέως
1363 4573 1524 4647 εἶχον.

244 4662 366 4717 167.
389 4664 678 4734 Μέμνηται
696 4666 780 4716 ἀεὶ
801 4665 910 4718 τῶν
932 4666 1270 4737 παθημάτων
1289 4685 1379 4720 σου
1402 4669 1591 4741 ἡψυχή
1617 4688 1737 4740 μου,

176 4755 265 4805 καὶ
296 4754 591 4823 ὲγκείμενά
620 4756 765 4807 ἐστιν
798 4757 882 4809 ἀεὶ
913 4757 1002 4810 διὰ
1027 4758 1126 4827 τῆς
1159 4761 1375 4831 μνήμης
1404 4763 1482 4826 είς
1512 4764 1609 4832 τὴν
1635 4762 1741 4821 διάο

174 4865 318 4900 νοιαν
344 4849 509 4917 αὐτῆς
536 4850 694 4901 πάνυ.

245 4937 371 4992 168.
411 4938 682 5005 Ἐῳυλαξα
721 4942 777 4994 ἐν
816 4943 1036 5013 ἐμαυτῷ
1076 4945 1214 5016 ὅπερ
1239 4947 1597 5017 -προσέταξάς
1628 4967 1737 5019 μοι,

176 5030 263 5080 καὶ
294 5029 690 5100 διεμαρτύρουν
723 5049 811 5102 μοι
838 5035 1035 5098 πάντες
1064 5036 1297 5108 σφόδρα,
1330 5037 1516 5111 ὥσπερ
1561 5041 1741 5093 ἐπιτε-

176 5118 277 5170 λῶν
305 5117 469 5190 [ὅπερ
495 5121 804 5195 ἐπετέλουν]
838 5124 982 5195 ἔργῳ
1014 5128 1109 5178 καὶ
1139 5127 1300 5199 λόγῳ.

246 5209 370 5263 169.
394 5209 583 5273 Οὕτως
614 5213 857 5284 ἰσχυρὰν,
885 5219 975 5268 καὶ
997 5217 1225 5290 δυνατὴν
1251 5221 1471 5290 ποίησον
1503 5224 1599 5292 τὴν
1622 5222 1738 5294 δέη-

179 5300 257 5352 σίν
297 5316 434 5369 μου,
476 5300 614 5354 ὥστε
649 5304 938 5375 δυνηθῆναι
968 5309 1133 5380 αὐτὴν
1159 5311 1480 5366 ἀνελθοῦσαν
1519 5314 1740 5385 πλησίον

180 5407 268 5443 σου
303 5392 614 5462 εὑρεθῆναι.
659 5397 729 5448 Ἣ
765 5399 956 5450 πάλιν·
988 5401 1156 5465 Αὐτὸς
1200 5405 1386 5456 ἑαυτὸν
1433 5404 1619 5469 κλίνας
1655 5407 1741 5460 διὰ

178 5481 274 5549 τῆς
307 5483 714 5555 φιλανθρωπίας
743 5488 968 5557 πλησίον
1009 5492 1177 5562 αὐτῆς
1202 5494 1358 5561 γένου
1387 5493 1593 5568 [γενοῦ]
1613 5539 1627 5558 ,
1656 5498 1742 5550 ἵνα

180 5569 296 5625 οὔτε
322 5570 540 5646 [οὕτως]
569 5578 760 5647 ὲγγὶση
799 5595 921 5647 μου,
960 5582 1052 5634 καὶ
1084 5583 1264 5646 καθὼς
1297 5580 1478 5651 εἴπας,
1501 5586 1738 5649 Αἰτεῖτε,

182 5664 272 5716 καὶ
317 5663 636 5731 δοθήσεται
671 5669 828 5735 ὑμῖν,
869 5671 956 5733 δός
990 5691 1077 5742 μοι
1109 5677 1413 5746 αἰτουμένῳ
1446 5678 1543 5748 τὴν
1586 5682 1741 5747 χάριν

183 5769 288 5816 σου,
327 5755 421 5807 καὶ
449 5756 505 5806 ἐν
537 5759 673 5828 αὐτῇ
711 5762 981 5815 συνέτισόν
1015 5782 1098 5832 με.

248 5871 289 5900 "
323 5871 507 5925 Matth.
542 5891 629 5930 vn.
667 5876 713 5927 7.

1842 4591 2022 4650 pterea
2053 4597 2176 4650 quae
2225 4581 2527 4650 praecepisti
2561 4581 2729 4647 mihi,
2779 4581 2969 4636 suavia
2998 4583 3129 4635 mihi
3159 4582 3397 4637 fuerunt.

1915 4671 2036 4724 167.
2063 4670 2358 4724 liccordala
2378 4681 2462 4725 est
2485 4686 2696 4741 semper
2715 4673 3029 4740 passionum
3052 4683 3264 4727 tuarum
3283 4674 3404 4727 ani-

1830 4777 1929 4814 ma
1960 4776 2100 4825 mea,
2117 4769 2169 4812 et
2195 4761 2566 4816 recordatione
2589 4777 2800 4831 semper
2822 4764 2999 4818 inﬁxa:
3021 4773 3149 4818 sunt
3172 4765 3226 4818 in
3252 4779 3405 4819 men-

1842 4863 1892 4907 te
1924 4852 2041 4920 ejus
2066 4851 2239 4904 valde.

1918 4943 2037 4997 168.
2070 4941 2352 4997 Custodivi
2387 4943 2439 4995 in
2470 4958 2556 4997 me
2587 4959 2704 5014 ipso
2733 4944 2876 5013 quod
2907 4945 3205 5014 praecepisti
3247 4946 3400 5011 mihi,

1842 5043 1897 5087 et
1924 5032 2265 5086 testabantur
2286 5031 2420 5084 mihi
2445 5046 2635 5086 omnes
2662 5032 3026 5095 vehementer,
3066 5033 3211 5101 quod
3240 5047 3404 5102 opere

1843 5133 1896 5178 et
1925 5137 2175 5177 sermone
2204 5122 2566 5192 perﬁciebam.

1915 5215 2036 5270 169.
2066 5215 2141 5270 lta
2170 5215 2406 5269 validam
2453 5230 2517 5270 ac
2549 5224 2817 5284 potentem
2845 5217 3008 5271 redde
3037 5218 3402 5286 precationem

1844 5323 2041 5371 meam,
2074 5315 2132 5362 ut
2158 5308 2404 5375 proxime
2432 5307 2498 5361 ad
2523 5316 2572 5361 te
2603 5309 2777 5361 valeat
2814 5309 2930 5378 ipsa
2963 5311 3262 5378 pervenire.
3298 5311 3406 5364 Aut

1844 5401 1950 5454 alio
1988 5405 2185 5454 moJo:
2217 5401 2555 5454 humanitate
2615 5410 2667 5453 te
2715 5402 2890 5470 ipsum
2934 5402 3201 5456 inclinans
3236 5418 3405 5472 prope

1843 5509 1963 5544 eam
1993 5493 2088 5556 sis,
2123 5499 2182 5544 ut
2211 5492 2314 5546 hoc
2339 5493 2500 5546 modo
2531 5493 2662 5545 mihi
2690 5494 3107 5564 appropinques,
3135 5504 3188 5548 et
3215 5509 3406 5564 quem-

1847 5584 2136 5637 admodum
2192 5583 2375 5637 dixisti
2424 5601 2436 5635 :
2479 5581 2668 5646 Petite,
2725 5595 2771 5638 et
2826 5585 3039 5638 dabitur
3082 5585 3403 5651 vobis",dn

1846 5676 1980 5728 mihi
2013 5675 2210 5744 petenti
2271 5676 2461 5729 rati-am
2492 5684 2660 5733 tuam.
2690 5690 2741 5731 et
2768 5679 2819 5730 in
2857 5680 2970 5747 ipsa
2996 5677 3063 5733 da
3088 5679 3218 5734 mihi
3246 5679 3406 5734 intel-

1847 5768 2061 5822 lectum.
