4018 6454
630 374 769 430 I107

1468 371 1524 424 S.
1567 368 1938 423 ATHANASII
1985 367 2136 420 OPI’.
2180 366 2362 418 PARS
2402 367 2489 418 Ill.
2528 397 2590 406 -—
2620 366 3035 424 EXEGETICA.

3745 381 3862 437 I208

695 489 816 544 I70.
849 487 1014 543 Intret
1042 489 1336 558 postulatio
1367 504 1482 542 mea
1517 488 1569 541 in
1599 497 1894 554 conspectu
1929 497 2042 550 tuo,
2085 487 2192 541 Do-

2367 487 2488 542 170.
2524 487 2770 541 Είσέλθοι
2807 489 2866 541 τὸ
2890 488 3106 560 ἀξίωμά
3138 507 3238 559 μου
3265 491 3492 545 ἐνώπιόν
3521 510 3617 545 σου
3639 534 3654 556 ,
3693 495 3864 565 Κύριε,

620 582 767 638 mine
789 623 805 648 ,
839 582 1135 636 secundum
1165 581 1441 650 eloquium
1474 590 1626 634 tuum
1658 580 1807 648 eripe
1840 595 1926 633 me

690 673 812 728 I7I.
847 671 1188 728 Eructabunt
1213 673 1354 726 labia
1380 688 1497 726 mea
1520 673 1804 743 hymnum,
1829 687 1954 725 cum
1986 673 2193 726 docue-

621 765 696 819 ris
731 780 815 818 me
848 765 1266 833 justiﬁcationes
1301 774 1444 819 tuas.

689 858 813 913 172.
852 857 1234 912 Pronuntiabit
1285 857 1468 927 lingua
1505 872 1624 911 mea
1675 857 1955 926 eloquium
2007 867 2186 921 tuum,

618 952 742 1022 quia
772 951 955 1005 omnia
986 952 1240 1006 mandata
1275 961 1365 1004 tua
1397 953 1647 1020 aequitas.

689 1043 808 1098 173.
840 1041 960 1097 Fiat
986 1059 1181 1099 manus
1207 1053 1299 1098 tua
1326 1052 1385 1096 ut
1409 1043 1581 1098 salvet
1611 1057 1716 1106 me,
1741 1042 2002 1112 quoniam
2030 1058 2188 1096 man-

615 1131 738 1187 data
771 1142 861 1187 tua
888 1134 1044 1204 elegi.

685 1222 805 1278 174.
833 1223 1129 1294 Concupivi
1161 1227 1402 1280 salutare
1420 1234 1574 1278 tuum
1613 1225 1863 1289 Domine,
1889 1233 1944 1280 et
1969 1226 2058 1279 lex
2092 1235 2184 1279 tua

615 1315 890 1370 meditatio
921 1332 1040 1371 mea
1064 1326 1166 1372 est.

687 1405 810 1460 175.
844 1405 993 1461 Vivet
1011 1409 1190 1463 anima
1228 1425 1368 1476 mea,
1393 1421 1446 1465 et
1476 1409 1722 1465 laudabit
1751 1420 1825 1478 te,
1861 1420 1916 1467 et
1970 1412 2175 1482 judicia

618 1507 708 1552 tua
729 1498 1059 1567 adjuvabunt
1090 1517 1197 1554 me.

685 1594 806 1649 I76.
837 1593 1027 1650 Erravi
1053 1596 1196 1652 sicut
1233 1597 1352 1651 ovis
1373 1611 1494 1666 quae
1526 1597 1707 1667 periit,
1745 1613 1931 1668 quaere
1955 1613 2178 1653 servum

613 1696 786 1752 tuum,
808 1687 934 1757 quia
965 1687 1218 1741 mandata
1249 1697 1338 1741 tua
1366 1703 1474 1742 non
1502 1703 1623 1740 smn
1651 1687 1876 1741 oblitus.

2293 582 2434 633 κατὰ.
2463 582 2524 633 τὸ
2556 581 2734 650 λόγιόν
2771 599 2865 634 σου
2895 581 3053 652 ῥῦσαί
3093 600 3181 652 με.

2365 673 2486 726 171.
2507 672 2920 743 Ἐξερεύξαιντο
2950 673 3019 726 τὰ
3044 675 3196 746 χείλη
3227 693 3327 746 μου
3355 675 3547 746 ὕμνον,
3579 679 3716 730 ὅταν
3743 679 3867 730 διδα-

2292 765 2389 837 ξῃς
2426 783 2493 835 με
2518 767 2587 819 τὰ
2613 766 2964 838 δικαιώματά
2987 785 3099 821 σου.

2364 857 2488 911 172.
2521 857 2822 926 Φθέγξαιτο
2860 861 2894 930 ἡ
2927 859 3152 926 γλῶσσά
3199 878 3300 930 μου
3329 859 3399 913 τὰ
3427 861 3586 926 λόγιά
3633 879 3760 926 σου,
3800 866 3868 917 ὅτι

2292 948 2548 1001 πᾶσαιάί
2577 949 2791 1002 ὲντολαί
2825 965 2918 1002 σου
2951 950 3282 1018 δικαιοσύνη.

2363 1038 2488 1095 175.
2520 1039 2767 1093 Γενέσθω
2791 1042 2824 1107 ἡ
2857 1041 2978 1111 χείρ
3002 1059 3094 1094 σου
3120 1042 3214 1096 τοῦ
3241 1043 3411 1097 σῶσαί
3443 1061 3534 1115 με,
3564 1046 3650 1098 ὅτι
3676 1047 3773 1110 τάς
3791 1049 3868 1099 ὲν-

2287 1132 2448 1196 τολάς
2477 1150 2569 1185 σου
2597 1134 2960 1205 ᾑρετισάμην.

2362 1224 2482 1278 17-1.
2519 1225 2869 1297 Ἐπεπόοησα
2911 1227 2974 1280 τὸ
3024 1229 3293 1300 σωτήριόν
3326 1245 3441 1293 σου,
3475 1231 3678 1302 Κύριε,
3729 1234 3867 1285 καὶὸ

2288 1316 2448 1387 νόμος
2487 1334 2578 1369 σου
2616 1317 2811 1388 μελέτη
2844 1318 2949 1388 μού
2987 1319 3122 1372 ἐστι.

2364 1407 2484 1461 175.
2518 1410 2749 1479 Ζήσεται
2780 1413 2811 1481 ἡ
2845 1411 2995 1482 ψυχή
3036 1428 3159 1480 μου,
3197 1413 3290 1465 καὶ
3324 1413 3530 1466 αἰνέσει
3558 1431 3641 1478 σε,
3689 1416 3781 1470 καὶ
3809 1418 3868 1470 τὰ

2293 1500 2537 1572 κρίματά
2563 1517 2656 1553 σου
2691 1502 2948 1572 βοηθήσει
2983 1521 3094 1574 μοι.

2365 1593 2484 1647 176.
2527 1593 2866 1665 Ἐπλανήθην
2894 1596 2969 1660 ὡς
2996 1597 3270 1668 πρόϐατον
3291 1598 3571 1662 ἀπολωλός
3595 1615 3608 1628 ⁸
3642 1598 3868 1669 ζήτησον

2220 1701 2262 1757 Β
2290 1685 2381 1738 τὸν
2407 1684 2592 1739 δοῦλόν
2628 1703 2744 1751 σου,
2777 1687 2858 1740 ὅτι
2880 1688 2978 1752 τὰς
3011 1690 3232 1754 ἐντολάς
3265 1707 3359 1743 σου
3382 1693 3481 1745 οὑκ
3503 1692 3868 1763 ἐπελαθόμην.

1783 1871 1952 1922 ΨΆΑ.
1985 1869 2138 1926 PIH’.
2167 1866 2376 1922 PSAL.
2413 1865 2649 1921 CXVIII.

677 2012 727 2064 1.
766 2011 1060 2082 Μακάριοι,
1095 2020 1200 2066 etc.
1233 2009 1404 2073 Beati,
1431 2020 1539 2064 etc.

671 2103 725 2156 ἓ.
760 2105 826 2156 Ol.
857 2104 1234 2173 πορευόμενοι,
1271 2113 1377 2157 etc.
1415 2101 1519 2167 Qui
1559 2099 1860 2164 ambulant,
1891 2112 1998 2154 etc.

675 2195 726 2249 3.
760 2195 1055 2266 Μακάριοι,
1086 2203 1192 2250 etc.
1224 2193 1393 2257 Beati,
1421 2203 1526 2248 etc.

2359 2005 2411 2058 4.
2455 2007 2541 2058 Ἐν
2574 2006 2691 2079 ὅλῃ,
2721 2016 2825 2061 etc.
2855 2005 2910 2060 In
2949 2015 3082 2070 toto,
3114 2018 3224 2062 etc.

2361 2097 2412 2150 ὕ.
2440 2097 2514 2150 Οὐ
2545 2099 2676 2169 γάρ,
2706 2109 2811 2154 etc.
2837 2097 2956 2154 Non
2995 2101 3171 2164 enim,
3207 2108 3312 2155 etc.

1729 2329 2100 2386 ATIIANASII
2155 2325 2735 2392 INTERPRETATIO.

675 2473 796 2529 I70.
827 2475 988 2544 Aperi
1016 2484 1199 2544 portas
1225 2473 1486 2527 ceelorum
1524 2482 1743 2528 tuorum
1766 2515 1780 2536 ,
1828 2479 1884 2526 et
1917 2471 2179 2540 depreca-

608 2565 808 2619 tionem
846 2579 1021 2618 meam
1057 2563 1238 2632 recipe
1262 2602 1276 2624 ,
1325 2563 1782 2632 quemadmodum
1829 2561 2055 2616 dixisti:
2085 2560 2179 2614 In-

607 2672 730 2708 voca
758 2671 838 2708 me
865 2657 921 2708 in
950 2655 1036 2708 die
1066 2654 1425 2708 tribulationis
1455 2664 1580 2718 true,
1606 2663 1656 2709 et
1675 2670 1858 2709 eruam
1891 2663 1958 2716 te,
1988 2662 2038 2706 et
2063 2652 2180 2722 glo-

609 2747 840 2816 riﬁcabia
874 2763 954 2799 me
975 2747 1022 2778 ⁷⁸
1053 2766 1064 2800 :
1097 2747 1169 2801 ita
1219 2764 1365 2802 nunc
1413 2747 1693 2817 excipiens
1739 2746 2177 2815 deprecationem

609 2855 784 2893 meam
823 2839 987 2894 libera
1022 2855 1124 2894 me.

683 2931 802 2985 171.
831 2929 1099 3002 Hymnum
1126 2932 1414 3001 rependam
1442 2931 1754 3000 gloriﬁcans
1787 2939 1838 2984 te
1858 2970 1872 2992 ,
1903 2943 2027 2981 cum
2063 2926 2184 2980 illn-

607 3023 840 3078 minabis
871 3038 957 3076 me
993 3024 1058 3077 ad
1112 3022 1487 3092 intelligendas
1533 3030 1586 3075 et
1616 3020 1892 3076 faciendas
1915 3020 2185 3090 justilica-

609 3117 786 3168 tiones
816 3123 954 3168 tuas.

681 3206 801 3260 172.
844 3204 1062 3276 Loquar
1093 3206 1423 3260 conﬁdenter
1456 3219 1764 3259 sermonem
1799 3213 1954 3257 tuum
1979 3241 1994 3267 ,
2041 3216 2182 3272 quo-

607 3298 750 3351 niam
779 3298 849 3352 ab
892 3299 1044 3352 initio
1075 3313 1246 3366 usque
1275 3298 1329 3352 in
1376 3297 1537 3352 ﬁnem
1581 3296 1794 3366 justitia
1844 3302 2010 3356 sunt,
2061 3307 2184 3362 qua:

609 3389 877 3443 mandasti
913 3390 1088 3443 nobis.

683 3481 801 3535 175.
831 3479 1078 3551 Ριξυριιιτι
1105 3483 1332 3553 gratiam
1355 3492 1504 3537 tuam
1534 3481 1600 3536 ad
1626 3480 2039 3536 custodiendum
2070 3497 2174 3547 me,

609 3575 867 3643 quoniam
897 3585 1157 3644 praecepta
1189 3584 1278 3629 tua
1310 3575 1465 3645 elegi.

681 3667 798 3721 174.
831 3667 1164 3730 Desideravi,
1197 3667 1444 3733 Domine,
1475 3682 1808 3739 cognoscere
1857 3667 2177 3722 manilesta-

612 3759 816 3813 tionem
875 3769 1269 3829 praeceptorum
1325 3769 1565 3824 tuorum,
1609 3767 1891 3827 propterea
1942 3759 2177 3828 exquiro

609 3849 946 3917 singularum
974 3847 1380 3919 Scripturarum
1418 3847 1854 3918 explicationem.

680 3939 803 3994 175.
839 3939 1059 3996 Vivitlca
1105 3942 1343 3996 animam
1377 3957 1549 3997 meam
1593 3955 1688 4011 per
1723 3941 1952 4011 gratiam
1998 3948 2172 4003 tuam,

604 4033 658 4078 et
713 4027 830 4095 ejus
865 4029 1067 4082 auxilio
1121 4039 1172 4083 te
1216 4029 1465 4083 laudabit
1504 4048 1517 4083 :
1552 4036 1606 4082 et
1648 4029 1854 4098 judicia
1889 4038 1978 4082 tua
2017 4045 2169 4082 arma

604 4118 738 4171 mihi
765 4119 874 4173 sint
897 4119 1159 4176 adversus
1180 4121 1485 4175 contrarias
1511 4128 1824 4190 potestates.

2355 2464 2470 2520 I70.
2501 2463 2745 2531 Ἀνοιξον
2772 2463 2868 2528 τὰς
2895 2464 3070 2528 πύλας
3099 2465 3210 2518 τῶν
3231 2469 3478 2537 οὐρανῶν
3502 2487 3620 2534 σου,
3650 2475 3746 2525 καὶ
3776 2489 3869 2544 την

2282 2556 2626 2627 παράκλησίν
2651 2573 2750 2626 μου
2775 2555 2947 2622 δέξαι,
2975 2557 3156 2622 καθὼς
3183 2553 3370 2622 εἶπας·
3409 2561 3868 2617 Ἐπικαλὲσεταὶ

2275 2665 2350 2717 με
2393 2648 2773 2719 [ἑπικάλεσαί
2797 2647 2896 2721 με]
2929 2650 3000 2703 ἐν
3045 2650 3235 2719 ἡμέρᾳ
3272 2651 3534 2720 θλίψεως
3563 2670 3686 2708 σου
3712 2698 3726 2718 ,
3777 2659 3867 2710 καὶ

2279 2741 2604 2810 ἐξελοῦμαί
2645 2756 2751 2805 σε,
2784 2741 2883 2795 καὶ
2913 2741 3191 2809 δοξάσεις
3215 2761 3292 2813 με
3315 2761 3328 2774 ⁸
3362 2745 3536 2808 οὕτως
3562 2745 3685 2812 νῦν,
3719 2749 3870 2814 δεξα-

2288 2832 2452 2902 μένου
2486 2851 2587 2902 μου
2616 2833 2714 2903 τὴν
2741 2833 3116 2905 παράκλησιν,
3152 2835 3311 2906 ῥῦσαί
3346 2854 3434 2906 με.

2358 2921 2480 2975 171.
2515 2921 2831 2992 Ἀνέπεμψα
2867 2921 3261 2996 [Ἀναπέμψω]
3296 2924 3465 2995 ὕμνον
3493 2926 3742 2993 δοξάζων
3789 2947 3866 2993 σε,

2285 3014 2412 3066 ὅταν
2445 3014 2686 3087 φωτίσῃς
2712 3031 2780 3085 με
2811 3013 2878 3068 τὰ
2905 3013 3251 3086 δικαιώματά
3286 3033 3381 3069 σου
3400 3059 3414 3082 ,
3447 3020 3544 3071 καὶ
3572 3023 3717 3072 νοεῖν
3736 3063 3748 3084 ,
3780 3025 3869 3074 καὶ

2287 3106 2566 3174 πράττειν.

2356 3197 2480 3251 I72.
2537 3197 2771 3268 Δαλήσω
2795 3196 2885 3249 τὸν
2912 3198 3066 3266 λόγον
3101 3215 3195 3251 σου
3237 3201 3374 3270 μετᾶ
3401 3204 3722 3276 παρρησίας
3741 3247 3756 3269 ,
3791 3207 3869 3258 ὃτι

2285 3290 2381 3343 ἀπ’
2408 3290 2581 3361 ἀρχῆς
2603 3290 2708 3354 ἕως
2735 3289 2920 3354 τέλους
2946 3290 3256 3363 δικαιοσύνη
3296 3294 3456 3359 είσὶν,
3486 3295 3635 3367 άπερ
3668 3300 3869 3352 ἐνετεί-

2285 3380 2362 3434 λω
2388 3381 2516 3450 ὑμῖν
2547 3380 2746 3454 [ἠμῖν].

2361 3470 2479 3525 175.
2520 3473 2855 3545 Εὑτρέπισον
2881 3472 2979 3544 τὴν
3014 3473 3172 3546 χάριν
3208 3493 3300 3528 σου
3334 3473 3437 3548 [είς
3456 3475 3544 3548 τὸ]
3581 3479 3870 3548 φυλάττειν

2291 3579 2377 3632 με,
2406 3563 2489 3615 ὅτι
2524 3561 2622 3626 τὰς
2654 3564 2874 3628 ἐντολάς
2908 3581 3000 3617 σου
3037 3563 3387 3637 ἐξελεξάμην.

2361 3651 2481 3733 174.
2518 3653 2868 3725 Ἐπεπόθησα
2906 3654 3130 3722 γνῶναι,
3172 3655 3361 3728 Κύριε,
3405 3658 3506 3730 τὴν
3556 3663 3871 3732 φανέρωσιν

2283 3744 2392 3797 τῶν
2418 3747 2858 3815 προσταγμάτων
2887 3763 2981 3800 σου
3007 3764 3020 3776 ·
3059 3749 3148 3802 διὰ
3171 3749 3332 3802 τοῦτο
3355 3752 3607 3823 ἐπιζητῶ
3629 3757 3868 3823 ἑκάστης

2286 3836 2508 3908 Γραφῆς
2529 3837 2626 3908 τὴν
2651 3838 2918 3892 ἐπίλυσιν.

2357 3931 2477 3985 175.
2513 3933 2856 4002 Ζωοποίησον
2879 3934 2978 4004 τὴν
3009 3934 3190 4006 ψυχήν
3237 3953 3341 4007 μου
3387 3937 3477 3990 διὰ
3516 3938 3621 4007 τῆς
3646 3943 3868 4011 χάριτός

2284 4041 2398 4088 σου,
2423 4024 2519 4076 καὶ
2550 4025 2753 4078 αίνέσει
2783 4024 2918 4098 [σε]
2949 4027 3017 4080 δι’
3038 4029 3209 4098 αὐτῆς
3233 4046 3248 4059 ·
3283 4031 3374 4084 καὶ
3401 4030 3471 4082 τά
3497 4033 3754 4102 κρίματά
3775 4051 3865 4086 σου

2281 4117 2420 4170 ὅπλα
2454 4135 2543 4188 μοι
2570 4118 2814 4186 γένοιντο
2841 4119 2984 4172 κατὰ
3009 4120 3118 4175 τῶν
3151 4123 3408 4175 ἐναντίων
3432 4123 3745 4193 δυνάμεων.

676 4212 796 4267 176.
831 4212 1022 4268 Erravi
1054 4216 1368 4285 relinquens
1403 4225 1454 4270 te
1488 4229 1676 4268 verum
1725 4223 2042 4282 pastorem:
2081 4213 2172 4268 sed
2213 4202 2216 4254 ἶ

2357 4207 2479 4260 176.
2530 4206 2868 4278 Ἐπλανήθην
2891 4207 3206 4261 καταλιπών
3231 4225 3290 4262 σε
3323 4209 3416 4262 τὸν
3442 4209 3705 4281 ἀληθινὸν
3747 4230 3866 4263 ποι-

603 4308 888 4374 cognoscis
921 4309 1011 4362 ubi
1039 4325 1196 4374 sum;
1231 4309 1314 4365 fac
1363 4319 1422 4364 ut
1463 4310 1598 4364 velis
1635 4324 1721 4364 me
1761 4309 2018 4377 reperire,
2044 4322 2179 4377 quo-

605 4397 752 4453 niam
803 4399 967 4454 etiam
1002 4401 1345 4456 errabundus
1396 4402 1689 4466 exsistens,
1737 4409 1997 4471 tanquam
2057 4399 2174 4452 ovis

604 4492 847 4547 clamans
892 4509 1077 4563 quazro
1120 4502 1195 4558 te,
1237 4504 1292 4548 et
1337 4508 1553 4565 gregem
1611 4501 1788 4558 tuum,
1850 4493 2054 4545 timens
2101 4506 2176 4544 ne

605 4592 824 4654 propter
847 4600 1025 4639 meum
1051 4597 1330 4655 peccatum
1355 4597 1409 4640 et
1429 4587 1482 4638 in
1511 4585 1746 4655 praedam
1792 4584 1896 4637 sim
1936 4591 2159 4635 contra-

606 4677 703 4731 riis
730 4678 1114 4748 potestatibus.

684 4824 750 4876 Ἦ
782 4824 1114 4895 προκειμένη
1155 4824 1432 4894 ἐπιγραφὴ
1481 4825 1514 4894 η
1549 4822 1637 4876 διὰ
1669 4821 1770 4890 τῆς
1797 4818 2171 4888 κινναϐάρεως

603 4915 867 4986 περιέχει,
891 4925 994 4970 etc.
1029 4915 1421 4985 Ἐρμηνεύεται
1451 4915 1724 4984 διαφόρως
1761 4915 1857 4966 καὶ
1889 4912 2162 4982 πολυτρὸ⁴

603 5025 720 5070 πως
743 5008 842 5072 είς,
869 5017 974 5063 etc.
1019 5008 1166 5079 ἡμᾶς
1215 5007 1674 5078 προτρεπόμενον.
1710 5005 1928 5060 Titulus
1954 5021 2169 5074 praepo-

604 5099 743 5153 situs
775 5099 1055 5153 cinnabari
1081 5101 1317 5167 scriptus
1340 5101 1603 5163 continet,
1638 5110 1744 5152 etc.
1777 5097 2168 5166 Interpretatur

604 5188 812 5242 diverse
833 5197 888 5243 et
907 5190 1054 5244 varie
1078 5189 1145 5242 ad
1178 5191 1406 5260 hymnos
1421 5199 1476 5245 et
1501 5191 1713 5245 Iaudem
1743 5207 1841 5245 nos
1857 5192 2172 5244 exhortans.

680 5279 732 5332 1.
764 5280 1040 5350 Μακάριοι
1067 5283 1116 5333 οί
1148 5281 1286 5334 κατὰ
1317 5282 1408 5334 τὸν
1462 5281 1600 5334 Ἰώϐ.
1653 5282 1726 5334 Τὸ
1759 5284 1970 5350 Ἀλεφ,
1996 5282 2057 5334 τὸ
2089 5281 2175 5332 διὰ

603 5368 700 5436 τῆς
744 5370 1110 5442 κινναϐάρεως
1143 5373 1567 5443 παρακείμενον,
1596 5373 1954 5443 ἑρμηνεύεται
2013 5373 2170 5440 ἀρχὴ

605 5459 917 5528 στόματος,
963 5464 1238 5516 τουτέστιν
1294 5467 1322 5516 ὁ
1363 5464 1658 5527 δυνάμενος
1722 5463 1796 5533 μὴ
1846 5463 2057 5516 πταίειν
2116 5465 2175 5514 ἐν

603 5551 765 5622 λόγῳ,
791 5547 944 5617 οὗτος
969 5555 1169 5620 τέλειος
1191 5557 1350 5626 ἁνήρ.
1385 5557 1557 5618 Beati,
1585 5557 1680 5625 qui
1711 5559 2006 5611 secundum
2035 5558 2160 5614 Job.

608 5646 770 5714 Aleph
833 5649 1112 5703 cinnabari
1177 5649 1356 5702 versui
1416 5649 1714 5718 ascriptum
1781 5650 2173 5720 interpretatur

685 5763 728 5795 τ’
763 5763 905 5819 Psal.
941 5781 1085 5829 χιιι,
1124 5764 1203 5818 15.
1312 5766 1349 5795 “
1385 5763 1497 5819 Jac.
1541 5780 1621 5824 Ill,
1654 5764 1706 5816 ἢ.

2284 4300 2420 4370 μένα
2441 4316 2452 4327 ·
2483 4299 2619 4353 ἀλλὰ
2652 4298 2944 4368 γινώσκεις
2979 4300 3080 4354 ποῦ
3111 4302 3256 4372 είμι·
3284 4301 3512 4373 θέλησον
3549 4305 3737 4375 εὑρεῖν
3774 4322 3862 4374 με.

2275 4395 2357 4447 ὅτι
2382 4395 2475 4448 καὶ
2498 4393 2921 4466 πεπλανημένος
2959 4393 3034 4447 ὢν
3062 4395 3137 4457 ὡς
3184 4395 3455 4465 πρόϐατον
3485 4395 3738 4449 ἀναϐοῶν
3769 4396 3863 4465 ζη-

2274 4487 2380 4540 τῶν
2410 4485 2636 4559 [ζητῶ]
2671 4504 2752 4550 σε,
2784 4487 2881 4540 καὶ
2926 4488 3023 4558 τὴν
3056 4485 3155 4558 σὴν
3183 4487 3422 4558 ποίμνην
3447 4528 3463 4551 ,
3499 4489 3860 4560 φοϐούμενκ.

2279 4578 2484 4646 μήποτε
2508 4575 2601 4628 διὰ
2626 4578 2722 4645 τῆς
2751 4576 3028 4646 ἁμαρτίας
3057 4593 3160 4644 μου
3201 4577 3296 4628 καὶ
3319 4576 3660 4648 θηριάλωτος
3687 4580 3862 4647 γένω·

2285 4685 2379 4738 μαι
2405 4665 2508 4719 ὑπὸ
2534 4665 2640 4718 τῶν
2671 4666 2929 4720 ἐναντίων
2951 4667 3253 4736 δυνάμεων.

2280 4810 2606 4880 principatus
2633 4809 2761 4874 oris,
2788 4810 2892 4863 hoc
2919 4817 3042 4872 est,
3074 4808 3168 4878 qui
3215 4816 3396 4878 potest
3438 4824 3547 4863 non
3585 4809 3861 4866 offendere

2283 4901 2336 4954 in
2370 4900 2558 4963 verbo,
2595 4899 2686 4953 hic
2715 4897 2986 4967 perlectus
3017 4898 3098 4951 vir
3131 4899 3200 4952 ⁷³.

2342 4993 2395 5046 2.
2422 4993 2484 5045 Oi
2519 4991 2874 5062 ἀπεχόμενοι,
2904 4999 3008 5044 etc.
3043 4987 3147 5054 Qui
3178 4989 3473 5053 abstinent,
3504 5001 3610 5046 etc.

2344 5085 2397 5137 5.
2420 5083 2726 5155 Μακάριοι,
2752 5091 2858 5136 etc.
2887 5081 3054 5145 Beati,
3083 5090 3188 5136 etc.

2348 5177 2396 5229 ι.
2428 5176 2653 5247 Θερμοί,
2684 5183 2824 5239 etc.,
2853 5173 2914 5227 τὸ
2959 5174 3102 5237 πῶς,
3145 5185 3275 5237 etc.,
3314 5173 3521 5227 ἔνοικον
3557 5176 3618 5226 έν
3650 5178 3859 5237 αὐτοῖς.

2278 5268 2591 5332 Ferventes,
2625 5276 2757 5330 etc.,
2783 5266 3064 5336 quomodo
3089 5281 3214 5320 eum
3241 5266 3511 5334 accipiant
3545 5265 3866 5320 inhabitan-

2273 5369 2377 5413 tcm
2414 5359 2468 5412 in
2497 5374 2555 5414 se
2583 5360 2735 5428 ipsis.

2345 5451 2394 5504 5.
2424 5453 2486 5504 Οί
2508 5451 2615 5522 γὰρ
2640 5450 2944 5520 λεγόμενοι,
2971 5460 3106 5512 etc.,
3139 5452 3252 5513 τοῖς
3293 5450 3718 5520 προστάγμασιν
3763 5453 3864 5503 αὐ-

2271 5541 2365 5594 τοῦ
2385 5543 2444 5594 οὐ
2470 5541 2762 5597 πείθονται.
2817 5541 3071 5597 Dicentes
3099 5544 3244 5597 enim
3291 5556 3349 5596 se
3388 5556 3529 5603 esse,
3563 5554 3868 5615 etc.,pm—

2274 5634 2442 5703 ceplis
2461 5635 2577 5702 ejus
2602 5649 2707 5688 non
2740 5633 3028 5689 obediunt.
