4018 6482
185 417 313 472 1209

245 534 300 588 6.
333 533 427 596 Σύ,
463 542 570 587 etc.
590 532 693 595 Tu,
721 543 849 596 etc.,
881 534 974 588 τοῦ
1005 537 1177 593 deest.

244 625 296 680 7.
335 626 584 693 Ὄφελον,
619 637 724 680 etc.
754 626 996 692 Utinam,
1028 638 1135 682 etc.

242 712 296 767 8.
332 715 485 778 Τότε,
519 725 627 770 etc.
662 715 833 779 Tunc,
864 726 967 771 etc.

239 805 294 858 9.
331 807 846 878 Ἐξομολογὴσομαι,
871 818 974 863 etc.
1010 808 1340 872 Conﬂtebor,
1375 821 1459 864 etc

238 898 327 955 10.
373 901 460 953 Ἐν
489 899 565 969 τῷ
591 900 991 971 μεμαθηκέναι,
1028 911 1132 957 etc.
1162 901 1216 954 Itt
1250 918 1336 965 eo,
1372 903 1515 971 quod
1548 903 1734 968 didici,

170 1002 272 1045 ctc.

248 1082 333 1136 11.
367 1081 446 1135 Τὰ
477 1081 817 1152 δικαιώματά
843 1099 959 1146 σου,
987 1093 1093 1138 etc.
1125 1080 1552 1138 Justilicationes
1586 1092 1730 1146 tuas,

179 1181 282 1225 etc.

252 1265 338 1318 12.
381 1267 466 1318 Ἐν
490 1266 616 1331 τίνι,
648 1278 752 1321 etc.
793 1265 847 1320 In
875 1282 1004 1336 quo,
1032 1276 1138 1322 etc.

239 1358 326 1411 13.
367 1359 453 1411 Ἐν
479 1358 558 1428 τῷ
588 1357 944 1427 φυλάξασθαι,
977 1366 1082 1412 etc.
1121 1355 1179 1410 In
1222 1355 1597 1420 custodiendo,
1625 1368 1730 1411 etc.

237 1449 324 1505 14.
365 1451 451 1502 Ἐν
480 1451 597 1522 ὅλῃ,
633 1460 738 1505 etc.
772 1448 828 1502 In
865 1457 1000 1511 toto,
1033 1458 1136 1502 etc.

232 1539 319 1593 l5.
357 1540 446 1592 Ἐν
479 1542 544 1609 τῇ
580 1539 798 1610 καρδίᾳ,
823 1547 927 1592 etc.
955 1536 1012 1591 In
1045 1535 1231 1602 corde,
1256 1546 1360 1592 etc.

232 1632 319 1684 16.
349 1632 674 1700 Εὐλογητὸς,
703 1638 811 1685 etc.
849 1629 1192 1696 Benedictus,
1225 1639 1332 1685 etc.

231 1722 319 1776 17.
364 1724 449 1774 Ἐν
471 1725 584 1785 τοῖς·
609 1721 808 1790 χείλεσί
837 1737 962 1790 μου,
997 1730 1102 1777 etc.
1129 1719 1184 1775 In
1208 1720 1372 1776 labiis
1407 1719 1564 1785 tneis,
1592 1728 1696 1774 etc.

231 1812 319 1866 18.
366 1813 453 1865 Ἐν
478 1815 543 1882 τῇ
570 1811 692 1881 ὁδῷ,
728 1821 834 1866 etc.
875 1811 928 1867 In
957 1812 1062 1876 via,
1098 1821 1202 1867 etc.

1011 419 1100 473 DE
1139 418 1414 475 TI'I‘ULIS
1452 415 1898 474 PSALMORUH.
1940 447 2007 455 —
2049 414 2242 470 PSAL.
2283 413 2511 469 CXVIII.

3257 410 3396 465 1210

1768 541 1810 596 Α
1910 554 2000 608 22.
2041 551 2385 616 Ἀνταπόδος,
2413 563 2518 607 etc.
2557 552 2832 614 Retribue,
2862 561 2967 605 etc.

1908 643 1997 696 25.
2044 642 2438 711 Ἀποκάλυψον,
2462 653 2565 696 etc.
2605 641 2835 705 Revela,’
2852 652 2954 695 etc.

1907 734 1995 786 24.
2029 735 2317 804 Πάροικος,
2345 741 2448 785 etc.
2487 731 2685 794 lncola,
2705 741 2808 785 etc.

1905 828 1994 881 25.
2023 829 2114 897 Μὴ
2144 826 2491 898 ἁποκρύψῃς,
2517 837 2623 878 etc.
2655 822 2774 878 Non
2802 822 3123 886 abscondas,
3149 830 3254 879 etc.

1904 919 1994 973 26.
2029 918 2421 986 Ἐπεπόοησεν,
2446 925 2547 969 etc.
2583 916 2930 983 Concupivit,
2964 923 3067 969 etc.

1943 1010 1992 1061 7.
2029 1010 2424 1080 Ἐπετίμησας,
2452 1023 2553 1062 etc.
2581 1007 2894 1075 Increpasti,
2917 1016 3013 1061 etc.

1904 1100 1994 1153 28.
2037 1100 2483 1170 Ἐπικατάρατοι,
2512 1107 2616 1153 etc.
2654 1098 2939 1164 Maledicti,
2974 1107 3079 1152 etc.

1901 1192 1992 1246 29.
2024 1191 2268 1262 Περίελε,
2294 1201 2395 1245 etc.
2429 1191 2626 1254 Aufer,
2661 1201 2764 1246 etc.

1904 1284 1991 1336 50.
2030 1283 2138 1333 Καὶ
2165 1281 2293 1352 γάρ,
2317 1293 2420 1335 etc.
2456 1282 2686 1347 Etenim,
2723 1290 2824 1335 etc.

1900 1371 1988 1423 51.
2025 1373 2134 1424 Καὶ
2164 1373 2271 1443 γὰρ
2303 1373 2372 1424 τὰ
2408 1371 2682 1442 μαρτύριέ
2707 1388 2822 1437 σου,
2854 1379 2958 1426 etc.
2990 1367 3124 1424 Nam
3155 1375 3210 1424 et
3240 1367 3392 1423 testi-

1831 1465 2010 1518 monia
2046 1476 2152 1526 tua,
2184 1473 2285 1517 etc.

1900 1556 1988 1610 52.
2035 1554 2352 1626 Ἐκολλήθη,
2380 1563 2485 1608 etc.
2526 1554 2783 1619 Adhaesit,
2810 1562 2913 1608 etc.

1896 1647 1984 1700 55.
2028 1646 2137 1709 Τὰς
2163 1646 2314 1710 ὁδούς
2340 1663 2462 1716 μου,
2496 1656 2598 1699 etc.
2638 1644 2768 1700 Vias
2800 1659 2968 1708 meas,
3003 1655 3108 1699 ctc.

1899 1736 1987 1789 54.
2033 1737 2201 1800 Ὀδόν,
2234 1748 2336 1793 etc.
2379 1737 2554 1799 Viam,
2591 1746 2692 1791 ctc.

1897 1826 1986 1878 55.
2027 1811 2364 1894 Ἐνύσταξεν,
2396 1840 2497 1883 etc.
2535 1828 2873 1891 Dormitavit,
2913 1838 3017 1882 etc.

230 1901 318 1955 19.
363 1903 448 1954 Ἐν
482 1905 602 1965 ταῖς
650 1903 892 1966 ἐντολαῖς
917 1942 932 1966 ,
991 1913 1120 1966 etc.,
1168 1902 1262 1956 καὶ
1297 1903 1618 1970 κατανοήσω
1655 1917 1725 1953 τα
1753 1884 1795 1938 Β
1892 1916 1981 1970 36,
2029 1919 2196 1980 νωδόν,
2229 1884 2542 1982 εξε,’νίθηι,
2570 1929 2672 1974 εις,

161 1991 439 2062 θαυμάσιά
469 2010 581 2046 σου.
637 1992 693 2048 In
730 1995 1020 2060 mandatis,
1079 2005 1221 2061 etc.,
1266 2003 1321 2049 et
1366 1993 1723 2048 considerabo

160 2083 430 2139 mirabilia
466 2095 579 2141 tua.

224 2175 317 2229 20.
355 2176 442 2227 Ἐν
477 2179 589 2238 τοῖς
623 2174 953 2245 δικαιώμασξ
988 2191 1103 2238 σου,
1132 2184 1237 2229 etc.
1284 2171 1341 2226 In
1384 2170 1724 2242 iustiﬁcatio-

156 2265 320 2319 nibus
357 2267 484 2328 tuis,
513 2275 618 2322 etc.

225 2352 318 2408 2t.
347 2355 460 2407 Οὐκ
488 2354 836 2425 ἐπιλήσομαι,
868 2366 972 2411 etc.
1008 2354 1126 2410 Non
1156 2355 1463 2420 obliviscar,
1503 2363 1605 2410 etc.

1888 2007 1976 2060 57.
2023 2009 2172 2062 Ὀδὸν
2208 2009 2485 2080 ἀληθείας,
2522 2022 2650 2075 etc.,
2680 2012 2772 2064 καί
2802 2011 2970 2065 deest.
3000 2007 3154 2062 Viam
3183 2007 3382 2062 verita-

1822 2099 1911 2159 tis,
1942 2109 2043 2154 etc.

1889 2189 1975 2242 42.
2020 2190 2316 2262 Ὀδήγησὸν
2351 2211 2438 2264 με,
2470 2203 2574 2246 etc.
2611 2193 2790 2248 Deduc
2819 2206 2924 2256 me,
2959 2200 3064 2245 etc.

1889 2279 1974 2333 45.
2010 2281 2222 2346 Κλῖνον,
2254 2291 2359 2337 etc.
2389 2284 2614 2351 lnclina,
2645 2295 2750 2338 etc.

1274 2470 1650 2526 ATHANASII
1684 2470 2268 2537 INTERPRETATIO.

234 2586 288 2639 6.
321 2586 390 2639 Σὺ
435 2583 613 2648 εἶπας,
649 2594 776 2648 etc.,
829 2587 896 2639 τὰ
943 2587 1078 2658 ἔργα
1107 2586 1307 2658 Κυρίου
1357 2585 1594 2657 ἀμελῶς.
1635 2584 1718 2640 Tu

157 2677 365 2738 dixisti,
399 2687 525 2741 etc.,
560 2693 723 2746 opera
753 2676 844 2731 Dei
874 2679 1220 2749 negligenter.

224 2768 278 2820 7.
316 2768 458 2840 Δῲη,
486 2778 588 2822 etc.
624 2769 740 2831 Det,
776 2777 878 2822 etc.

228 2857 281 2910 8.
328 2859 414 2909 ’Ev
439 2860 504 2927 τῇ
541 2856 721 2927 ἡμέρα
745 2857 842 2926 τῆς
869 2857 1100 2927 κρίσεώς
1136 2874 1229 2910 σου
1261 2859 1359 2930 μή,
1401 2868 1504 2914 etc.
1538 2858 1594 2913 In
1629 2859 1718 2915 die

153 2948 344 3016 judicii
378 2964 481 3001 non
505 2947 742 3010 audiam,
773 2958 875 3003 etc.

223 3042 277 3095 9.
317 3038 504 3100 Ἐκδῶ,
537 3048 637 3092 etc.
673 3037 923 3104 Tradam,
955 3049 1056 3092 etc.

224 3130 311 3185 10.
343 3130 430 3180 Ἐν
459 3128 536 3198 τῷ
567 3127 794 3180 ἀκοῦσαί
831 3143 919 3198 με,
950 3136 1055 3180 etc.
1092 3127 1226 3181 Cum
1256 3127 1500 3191 audiero,
1535 3137 1639 3182 etc.

226 3221 313 3272 11.
347 3217 427 3271 Τὰ
457 3217 800 3287 δικαιώματά
824 3235 938 3281 σου,
972 3229 1078 3272 etc.
1114 3216 1538 3273 Justiﬁcationes
1567 3228 1711 3282 tuas,

153 3321 255 3364 CIC.

230 3402 316 3457 12.
349 3401 474 3464 Πῶς
518 3401 626 3454 τῶν
670 3401 1008 3472 νεωτερικῶν
1044 3401 1350 3471 ὲπιΟυμιῶν
1405 3402 1716 3455 ἐπιλάθεται

151 3514 267 3560 τις;
294 3496 367 3548 Τὸ
394 3495 478 3546 διὰ
499 3494 599 3562 τῆς
626 3494 993 3564 κινναϐάρεως
1019 3495 1417 3564 παρακείμενον
1447 3496 1633 3566 ὄνομα,
1657 3496 1715 3548 τὸ

157 3587 302 3653 una,
333 3584 690 3655 ἑρμηνεύεται
709 3581 890 3650 οἶκος.
916 3584 1076 3656 Δηλοῖ
1091 3585 1170 3649 δὲ,
1198 3587 1277 3638 ὅτι
1300 3585 1441 3638 οὕτω
1465 3588 1717 3658 κατορθοῖ

150 3677 414 3746 νεώτερος
443 3676 538 3747 τὴν
561 3675 675 3730 ὁδὸν
711 3676 874 3730 αὑτοῦ
913 3679 968 3730 ὲν
995 3676 1073 3748 τῷ
1110 3673 1248 3732 εἶναι
1275 3679 1371 3750 τὴν
1405 3677 1577 3749 ψυχὴν
1621 3680 1713 3732 καὶ

147 3769 218 3822 τὰ
248 3769 390 3839 μέλη
445 3768 608 3822 αὐτοῦ
662 3764 808 3823 οἷκον
859 3768 1016 3823 Θεοῦ.
1078 3767 1361 3836 Quomodo
1390 3769 1710 3838 iuvenilium

151 3860 509 3929 cupiditatum
581 3861 704 3929 quis
761 3861 1146 3922 obliuiscitur?
1206 3858 1343 3915 Illud
1424 3862 1708 3916 cinnabari

150 3951 450 4020 ascriptum
485 3966 680 4004 nomen
703 3971 715 4005 :
738 3951 861 4003 Belli
894 3952 1278 4021 interpretatur
1307 3953 1512 4007 domus.
1535 3953 1712 4023 Signi-

149 4044 276 4097 ticat
309 4050 514 4105 autem,
547 4041 692 4111 quod
745 4043 818 4096 ita
870 4044 1094 4113 corrigit
1147 4044 1540 4098 adolescentior
1569 4047 1710 4100 viam

147 4150 331 4198 suam,
391 4134 436 4187 si
471 4133 651 4189 anima
704 4142 758 4188 et
817 4135 1057 4190 membra
1125 4135 1294 4192 iusius
1356 4135 1463 4190 sint
1514 4139 1710 4193 domus

146 4223 264 4279 Dei.

220 4314 309 4368 I3.
358 4313 445 4366 Ἑν
469 4313 566 4383 τῷ,
601 4324 728 4376 etc.,
756 4314 817 4366 τὸ
859 4313 1073 4366 αἰώνιον
1109 4315 1167 4367 τὸ
1207 4317 1601 4387 ἡτοιμασμένον
1633 4317 1708 4388 τῷ

142 4405 376 4475 διαϐόλῳ
406 4405 500 4458 καὶ
545 4407 657 4468 τοῖς
697 4405 947 4473 ἀγγέλοις
995 4405 1180 4460 αὑτοῦ.
1231 4405 1365 4460 Cum
1397 4410 1708 4464 recordatus

1891 2590 1978 2644 23.
2013 2593 2345 2668 Διαχώρισον
2372 2598 2434 2650 τὸ
2465 2600 2653 2662 σκότος
2677 2615 2793 2662 σου,
2827 2607 2932 2653 etc.
2982 2598 3182 2666 Separa
3229 2604 3378 2652 tene-

1817 2681 1966 2746 bras,
1997 2696 2100 2740 etc.

1885 2774 1974 2828 24.
2003 2777 2115 2828 Οὐκ
2143 2776 2271 2847 ἔχω,
2303 2788 2406 2832 etc.
2432 2778 2550 2833 Non
2587 2780 2781 2842 habeo,
2809 2787 2912 2833 etc.

1879 2865 1970 2918 25.
2006 2867 2096 2936 Μὴ
2121 2869 2340 2934 ἀνάξιον
2365 2873 2540 2941 ἡγήσῃ
2579 2889 2645 2940 με
2674 2871 2767 2924 τοῦ
2815 2869 3016 2939 γνῶναί
3066 2885 3132 2939 με
3157 2867 3238 2935 τό,
3270 2877 3374 2923 etc.

1817 2951 2194 3026 Neindignum
2221 2959 2500 3015 existimes
2538 2975 2622 3014 tne
2647 2975 2944 3029 agnoscere
2993 2975 3080 3013 me
3126 2960 3377 3014 volunta-

1816 3053 1924 3100 tem
1952 3056 2120 3102 tuam.

1884 3135 1974 3188 26.
2014 3138 2310 3203 Ἐπιποθετ,
2338 3148 2472 3204 etc.,
2528 3141 2621 3193 καὶ
2656 3142 2716 3194 οὺ
2771 3140 3086 3209 κορέννυται
3126 3137 3214 3204 τά,
3266 3147 3371 3191 ctc.

1817 3223 2092 3282 Desiderat
2123 3231 2302 3282 anima
2335 3247 2474 3295 mea,
2510 3241 2562 3286 et
2599 3248 2706 3285 non
2738 3233 2967 3285 satiatur
3000 3229 3199 3284 facere.

1884 3319 1971 3371 27.
2010 3319 2098 3389 Τῷ
2123 3320 2370 3390 διαϐόλῳ,
2399 3331 2505 3376 etc.
2532 3321 2838 3384 Diabolum,
2871 3334 2976 3375 etc.

1883 3410 1972 3464 28.
2010 3412 2131 3463 Ἐπὶ
2183 3411 2446 3482 ἀπωλείᾳ,
2507 3423 2636 3476 etc.,
2713 3412 2955 3482 πονηρὰς
3027 3407 3369 3480 ἀναστροφὰς

1815 3501 2184 3571 πορευόμενοι.
2213 3500 2269 3554 In
2303 3502 2601 3562 interitum.
2628 3511 2757 3567 etc.,
2792 3503 2856 3556 ad
2878 3500 3135 3571 pristinas
3160 3500 3376 3569 iniquas

1814 3607 1940 3646 suas
1969 3595 2411 3650 convcrsationes
2443 3603 2814 3650 revertuntur.

1883 3685 1972 3738 29.
2009 3685 2227 3754 Ἀφελε,
2247 3699 2375 3754 etc.,
2406 3687 2823 3758 μεμαρτύρησαι
2851 3685 3080 3738 ἕκαστον
3110 3684 3238 3748 τῶν,
3264 3693 3367 3739 ctc.

1813 3777 2024 3838 Adime,
2059 3787 2164 3831 etc.

1882 3868 1969 3921 '50.
2007 3865 2109 3918 Καὶ
2136 3865 2261 3936 γάρ,
2289 3874 2394 3919 etc.
2417 3865 2860 3936 ὲπεσκεπτόμην,
2884 3876 2989 3920 etc.
3011 3863 3365 3930 Etenim,etc.

1881 3959 1968 4011 3|.
2003 3956 2104 4008 Καὶ
2136 3957 2243 4025 γὰρ
2283 3955 2541 4026 μελετῶν,
2577 3967 2680 4011 etc.
2720 3955 2949 4020 Etenim,
2985 3965 3088 4011 etc.

1879 4049 1964 4102 52.
2003 4046 2419 4116 Ἐταπεινώθην,
2453 4058 2556 4102 etc.
2591 4047 2916 4101 llumiliatus
2946 4062 3086 4110 sum,
3121 4055 3226 4101 etc.

1877 4139 1962 4192 55.
2005 4135 2529 4208 Ἐξωμολογησάμην
2574 4154 2675 4199 σοι,
2722 4148 2852 4201 etc.,
2891 4139 2984 4190 καὶ
3017 4136 3216 4199 εὐθέως
3243 4135 3362 4205 i383-

1807 4231 1975 4300 λησάς
2002 4247 2092 4300 με,
2124 4239 2232 4284 etc.
2260 4228 2557 4284 Confessus
2592 4244 2711 4282 sum
2750 4229 2871 4294 tibi,
2906 4237 3034 4291 etc.,
3084 4237 3138 4281 et
3179 4227 3362 4281 statim

1807 4321 2023 4375 voluisti
2053 4337 2157 4386 me,
2188 4329 2291 4373 etc.

1878 4412 1965 4465 34.
1998 4412 2098 4465 Τὸν
2123 4409 2421 4481 φωτισμόν,
2451 4419 2578 4473 etc.,
2632 4410 2726 4463 καὶ
2762 4411 2867 4463 ἀπὸ
2901 4410 3000 4479 τῆς
3037 4409 3277 4480 τέρψεως
3303 4409 3364 4462 οὐ

143 4507 297 4555 sum,
325 4507 446 4562 quae
477 4500 584 4546 ate
608 4492 770 4555 dicta,
798 4504 926 4557 etc.,
954 4495 1006 4547 in
1037 4495 1212 4564 ignem
1239 4505 1521 4561 attentum,
1558 4501 1700 4567 quod

1808 4505 2085 4572 παύσομαι
2119 4501 2356 4573 μελετῶν
2378 4504 2434 4556 ὲν
2469 4506 2555 4573 τῇ,
2587 4512 2689 4557 etc.
2735 4501 3208 4566 Illuminationem,
3233 4511 3364 4568 etc.,

142 4589 396 4651 paratum
420 4592 504 4638 est
533 4583 750 4640 diabolo
778 4592 830 4638 et
855 4585 1058 4655 angelis
1089 4585 1206 4655 ejus
1236 4587 1301 4640 τ’.

217 4673 307 4727 14.
350 4674 439 4738 Ἐξ
465 4675 612 4745 ὅλης,
642 4685 772 4744 etc.,
794 4678 993 4748 ἡγήσῃ,
1026 4687 1131 4733 etc.
1156 4677 1235 4732 Ex
1271 4686 1402 4745 tota,
1437 4691 1561 4746 etc.,
1594 4683 1710 4735 exi-

144 4767 361 4828 stimcs,
399 4776 504 4820 etc.

221 4854 308 4908 l7.
346 4856 458 4925 Οὐχ
483 4856 886 4929 ὑπεστειλάμην
908 4861 1002 4910 τοῦ
1035 4857 1265 4923 διδάξαι,
1313 4867 1416 4914 etc.
1472 4858 1585 4914 Non
1630 4879 1707 4916 re-

141 4947 256 5017 fugi
290 4946 506 5010 docere,
538 4956 644 5004 etc.

213 5037 306 5092 18.
340 5037 523 5101 Οὕτως
555 5041 744 5109 χαρᾶς,
771 5051 874 5094 etc.
913 5039 988 5094 Ita
1018 5042 1233 5110 gaudio,
1264 5052 1367 5098 etc.

210 5130 303 5186 19.
344 5131 432 5182 Ἐν
456 5134 575 5194 ταῖς
620 5132 861 5202 Γραφαῖς
897 5150 1011 5197 σου,
1038 5144 1167 5198 etc.,
1198 5135 1298 5205 τῆς
1320 5137 1541 5208 καρδίας
1580 5155 1702 5207 μου,

137 5232 241 5275 etc.
285 5218 341 5272 In
379 5221 664 5290 scripturis
697 5224 823 5285 tuis,
852 5235 980 5287 etc.,
1014 5227 1192 5280 cordis
1223 5227 1366 5291 mei,
1395 5238 1498 5282 etc.

210 5308 304 5363 2C.
341 5307 550 5371 Νυκτὸς
579 5311 672 5362 καὶ
707 5311 937 5381 ἡμέρας.
964 5312 1058 5366 Die
1082 5325 1373 5384 noctuque.

212 5399 306 5451 21.
338 5397 443 5452 Καὶ
478 5398 744 5470 πληρὼσω
788 5404 981 5467 αὐτοὺς
1013 5403 1176 5475 ἔργῳ.
1219 5405 1285 5461 Ει
1343 5407 1576 5479 implebo
1607 5426 1700 5464 eos

134 5503 326 5557 opere.

206 5580 297 5632 22.
333 5581 452 5643 Δός,
487 5593 615 5646 etc.,
644 5582 738 5636 τοῦ
768 5585 923 5653 ἁγίου
956 5604 1069 5653 σου,
1109 5597 1211 5644 etc.
1235 5589 1332 5653 Da,
1361 5601 1485 5658 etc.,
1526 5593 1695 5648 sancti

135 5671 211 5723 tui
248 5669 504 5739 Spiritus,
538 5682 642 5728 etc.

211 5805 249 5834 -'
276 5802 465 5859 Matth.
506 5821 630 5872 xxv,
670 5805 756 5861 41.

1805 4606 1855 4649 et
1886 4611 1994 4664 pra:
2022 4593 2377 4647 delectatione
2413 4608 2517 4646 non
2543 4593 2779 4646 cessabo
2801 4593 3067 4647 meditans
3094 4593 3168 4656 in,
3201 4603 3303 4647 etc.

1873 4687 1962 4740 55.
2001 4683 2344 4747 Βεὸύθισται,
2373 4694 2479 4738 etc.
2516 4682 2807 4738 Submcrsa
2832 4693 2934 4747 est,
2961 4693 3065 4738 etc.

1867 4777 1955 4831 56.
1996 4776 2308 4840 Ἀπέλασον,
2341 4784 2447 4830 etc.
2479 4775 2694 4846 Expelle
2717 4816 2733 4840 ,
2784 4786 2887 4831 etc.
2908 4815 2923 4840 ,
2955 4776 3253 4830 secundum
3295 4794 3364 4848 με

1803 4873 1969 4925 deest.
3447 4925 3450 4928 .

1874 4961 1962 5014 57.
1995 4957 2341 5028 Ἐπεπόθησά
2372 4976 2430 5012 σε
2467 4959 2577 5024 τόν,
2612 4969 2714 5012 etc.
2749 4959 3086 5029 Μνημονεύω
3131 4957 3240 5028 γὰρ
3279 4957 3360 5019 τό,

1800 5063 1905 5106 etc.
1946 5051 2258 5107 Desideravi
2315 5061 2366 5106 te
2400 5052 2588 5115 lilium,
2639 5063 2767 5116 etc.,
2802 5052 3020 5106 memini
3054 5051 3200 5104 enim
3256 5059 3364 5102 tre-

1799 5143 2000 5204 mendi,
2032 5153 2137 5196 etc.

1868 5235 1957 5288 42.
1989 5233 2208 5304 Ἐπειδὴ
2238 5235 2452 5304 νήπιος,
2485 5246 2589 5287 etc.
2624 5233 2858 5302 βαδὶσαι,
2893 5241 3025 5295 etc.,
3058 5231 3276 5302 ζητήσω
3303 5232 3360 5285 δὲ

1797 5326 1916 5397 τήν,
1950 5337 2076 5389 etc.,
2109 5342 2176 5395 με
2209 5325 2551 5395 περιπατεῖν,
2581 5335 2682 5377 etc.
2714 5324 2980 5389 Quoniam
3004 5323 3205 5384 infans,
3229 5334 3356 5385 etc.,

1799 5415 2070 5479 incedere,
2101 5423 2231 5478 etc.,
2262 5429 2500 5482 quaeram
2532 5424 2711 5466 autem
2737 5415 2901 5478 viam,
2926 5424 3054 5478 etc.,
3079 5424 3130 5467 et
3163 5412 3250 5467 Iac
3272 5429 3363 5466 me

1798 5505 2136 5559 inambulare
2163 5506 2213 5557 in
2249 5505 2401 5572 ipsis.

1867 5593 1951 5647 45.
1992 5593 2309 5657 Ύπόταξον,
2355 5601 2496 5656 etc.,
2539 5593 2632 5644 καὶ
2681 5593 2755 5661 μὴ
2804 5595 2882 5654 εἰς
2927 5594 3044 5663 τήν,
3094 5603 3221 5655 etc.,
3271 5593 3357 5648 ἵνα

1796 5685 1927 5754 εἰμί,
1960 5694 2062 5739 ctc.
2102 5683 2340 5754 Sulijicc,
2373 5693 2501 5742 etc.,
2525 5696 2579 5738 ct
2609 5699 2712 5739 non
2768 5696 2853 5738 etc
2930 5685 3112 5739 utsim
3165 5693 3245 5740 etc
