4018 6476
169 436 307 492 1213

236 557 322 613 88.
361 555 587 624 Ἔγνων,
622 565 726 610 etc.
752 554 1010 625 Cognovi,
1041 567 1143 614 etc.

234 652 323 706 89.
357 651 463 703 Καὶ
485 649 727 720 ἀληθεία,
755 660 856 703 etc.
893 647 958 702 Et
990 651 1233 715 veritate,
1261 659 1364 704 etc.

231 741 321 797 90.
353 740 656 809 Γενηθήτω,
687 751 788 791 etc.
820 738 938 791 Fiat
971 738 1358 803 misericordia,
1384 748 1486 792 etc.

231 829 321 884 91.
361 828 708 889 Ἐλθέτωσαν,
739 837 843 881 etc.
882 827 1128 892 Veniant,
1158 837 1261 883 etc.

231 923 318 978 92.
354 922 825 990 Αἰσχυνθήτωσαν,
856 931 958 975 etc.
990 921 1423 986 Coufundantur,
1451 932 1552 976 etc.

231 1018 318 1072 95.
389 1013 901 1083 Ἐπιστρεψάτωσάν
965 1031 1076 1083 με,
1147 1023 1251 1068 etc.
1314 1012 1714 1068 Convertantur

157 1110 293 1162 mihi
315 1151 329 1173 ,
374 1117 478 1162 etc.

229 1200 313 1255 9.1.
349 1198 650 1268 Γενηθήτω,
677 1207 780 1252 etc.
808 1197 927 1251 Fiat
954 1212 1049 1252 cor
1073 1213 1274 1261 meum,
1300 1208 1404 1252 etc.

229 1292 316 1345 95.
357 1291 650 1354 Ἐκλείπει,
687 1301 813 1356 etc.,
845 1290 936 1342 καὶ
969 1292 1046 1351 είς
1075 1292 1199 1352 τοὺς
1230 1289 1417 1357 λόγους
1437 1329 1450 1354 ,
1483 1299 1585 1346 etc.
1609 1289 1710 1344 Πε-

152 1383 305 1444 fecit,
341 1393 466 1445 etc.,
501 1390 553 1435 et
582 1383 634 1436 in
669 1391 793 1435 tuos
822 1395 1119 1443 sermones,
1153 1391 1256 1435 etc.

227 1475 313 1528 96.
355 1475 644 1538 Ἐξέλιπον,
674 1485 777 1528 etc.
809 1472 1149 1537 Defecerunt,
1174 1484 1277 1528 etc.

227 1567 314 1620 97.
344 1567 485 1628 Ὅτι.
511 1577 612 1620 etc.
641 1565 796 1630 Quia,
819 1576 922 1618 etc.

225 1658 310 1712 98.
342 1659 421 1711 Τὰ
452 1657 789 1726 δικαιώματά
820 1674 933 1721 σου,
979 1665 1084 1711 etc.
1119 1655 1540 1710 Justiﬁcationes
1568 1665 1706 1718 tuas,

145 1759 255 1802 etc.

224 1841 308 1894 99.
341 1840 528 1902 Πόσαι,
553 1849 652 1894 etc.
684 1840 827 1904 Quot
861 1849 1006 1906 sunt,
1039 1849 1144 1893 etc.

225 1930 345 1982 100.
379 1932 712 2001 Διηγήσαντό
746 1949 866 1999 μοι,
899 1938 1026 1992 etc.,
1058 1929 1396 2000 ἀδολεσχίαν,
1433 1939 1535 1985 etc.
1568 1929 1706 1984 Nar—-

145 2029 408 2073 caverunt
441 2022 592 2085 mihi,
627 2031 753 2085 etc.,
781 2020 1184 2087 tabulationem,
1217 2031 1321 2075 etc.

228 2112 344 2165 101.
380 2114 576 2177 Πᾶσαι,
601 2124 704 2167 etc.
741 2112 954 2175 Omnia,
987 2123 1093 2166 etc.

224 2203 344 2256 102.
388 2205 628 2268 ’Λδίκως,
658 2216 781 2270 etc.,
804 2205 1069 2272 βοήθησον
1099 2222 1186 2275 με,
1215 2215 1319 2259 etc.
1345 2205 1553 2276 Inique,
1577 2215 1709 2272 etc.,

143 2296 348 2366 adjuva
383 2313 487 2350 me.

222 2387 342 2440 105.
373 2389 548 2455 Παρά,
575 2397 678 2441 etc.
709 2387 873 2440 Paulo
903 2385 1101 2450 minus,
1129 2398 1229 2443 etc.

223 2477 341 2530 104.
369 2479 542 2541 Κατὰ,
571 2487 672 2531 etc.
702 2477 1032 2544 Secundum,
1063 2491 1165 2532 etc.

1012 439 1098 494 DE
1133 440 1407 496 TlTULlS
1443 441 1886 498 PSALMORUM.
1925 473 1996 484 —
2034 441 2227 498 PSAL.
2266 441 2500 496 CXVI".

3231 441 3369 496 12M

1887 559 2008 613 105.
2035 560 2129 621 Εἰς
2153 560 2241 611 τὸν
2271 557 2460 622 αἰῶνα,
2488 569 2591 613 etc.
2620 561 2673 612 In
2702 569 2980 623 attentum,
3006 572 3107 615 etc.

1887 648 2006 702 106.
2036 649 2128 710 Εἰς
2157 647 2368 716 γενεάν,
2397 657 2503 700 etc.
2530 647 2586 700 In
2618 651 3038 717 generationem,
3066 663 3167 705 etc.

1886 738 2004 791 107.
2051 738 2461 806 Ἐθεμελὶωσας,
2493 747 2596 792 etc.
2632 738 2910 803 Fundasti,
2939 751 3044 794 etc.

1884 829 2002 881 108.
2032 828 2108 898 Τῇ
2132 828 2387 892 διατάξει,
2415 838 2518 882 etc.
2547 827 2916 897 Ordinatione,
2946 840 3051 885 etc.

1884 918 2003 971 109.
2033 920 2094 970 Et
2131 921 2227 988 μή,
2255 927 2361 973 etc.
2394 917 2527 982 Nisi,
2555 928 2658 972 etc.

1883 1009 2002 1063 110.
2034 1010 2126 1070 Et;
2156 1009 2265 1073 τόν,
2300 1019 2402 1063 etc.
2437 1009 2492 1062 lu
2524 1018 2805 1070 aeternum,
2833 1017 2936 1063 etc.

1882 1100 2000 1152 111.
2029 1100 2126 1161 Σὸς
2153 1101 2286 1169 εἰμι,
2317 1110 2422 1154 etc.
2457 1100 2606 1153 Tuus
2632 1116 2772 1164 sum,
2809 1111 2912 1153 etc.

1883 1191 2000 1244 112.
2044 1192 2192 1260 Ἐμέ,
2229 1201 2332 1246 etc.
2363 1192 2444 1245 Me
2477 1202 2938 1258 exspectaverunt,
2968 1200 3072 1248 etc.

1883 1283 2001 1336 115.
2032 1283 2236 1353 Πάσης,
2267 1293 2372 1338 etc.
2403 1284 2610 1344 Omnis.
2634 1297 2736 1338 etc.

1880 1375 2000 1427 114.
2033 1373 2282 1438 Πλατεῖα,
2306 1384 2410 1428 etc.
2441 1374 2654 1438 Latum,
2686 1386 2786 1428 etc.

1882 1466 2001 1518 115.
2043 1466 2146 1528 Ὡς,
2175 1476 2277 1519 etc.
2309 1465 2610 1529 Quomodo,
2642 1474 2744 1519 etc.

1881 1556 1999 1609 116.
2032 1557 2217 1626 Ὅλην,
2251 1565 2356 1609 etc.
2392 1554 2548 1617 Tota,
2586 1565 2690 1609 etc.

1881 1647 2002 1700 117.
2042 1647 2208 1716 ’Υπὲρ
2242 1647 2399 1711 τούς,
2445 1655 2572 1711 etc.,
2616 1646 2720 1716 ἐμή
2753 1647 2916 1697 ἐστιν.
2967 1642 3139 1713 Super
3184 1642 3335 1696 inimi

1808 1751 1923 1800 cos,
1953 1745 2057 1789 etc.

1881 1829 1998 1880 118.
2039 1829 2210 1898 ’Υπὲρ
2240 1829 2466 1893 πάντας,
2494 1837 2598 1882 etc.
2633 1828 2804 1897 Super
2830 1842 3038 1888 omnes,
3075 1838 3178 1881 etc.

1879 1921 1996 1973 119.
2037 1920 2227 1989 Ὑπὲρ,
2266 1930 2370 1974 etc.
2403 1920 2578 1988 Super
2610 1935 2787 1981 senes,
2821 1929 2924 1972 etc.

1871 2009 1992 2061 120.
2036 2011 2130 2062 Ἐκ
2165 2010 2363 2080 πάσης,
2393 2020 2496 2063 etc.
2533 2011 2616 2062 Ab
2646 2009 2793 2062 omni
2824 2009 2931 2073 via,
2966 2016 3070 2061 etc.

1872 2100 1994 2154 121.
2033 2101 2163 2152 Ἀπὸ
2195 2099 2325 2163 τῶν,
2355 2109 2458 2152 etc.
2493 2098 2537 2150 Α
2567 2098 2810 2166 judieiis,
2841 2105 2944 2150 etc.

1874 2191 1994 2245 122.
2031 2193 2134 2254 Ὡς,
2166 2199 2269 2246 etc.
2302 2191 2475 2257 Quam
2505 2191 2703 2254 dulcia,
2735 2201 2838 2244 etc.

1874 2284 1993 2337 125.
2033 2284 2162 2336 Ἀπὸ
2191 2285 2321 2347 τῶν,
2348 2294 2451 2337 etc.
2483 2283 2526 2334 Α
2561 2282 2846 2346 mandatis,
2875 2289 2978 2335 etc.

1882 2377 2000 2431 121.
2032 2378 2254 2447 Λύχνος,
2287 2387 2390 2432 etc.
2420 2376 2682 2440 Lucerna,
2705 2385 2790 2429 etc

1226 2568 1600 2625 ATHANASII
1642 2570 2217 2632 INTERPRETATIO.

219 2662 306 2715 88.
333 2661 641 2725 Φωτισθείς,
662 2672 778 2716 .etc.
807 2662 1165 2726 lllutninatus,
1196 2673 1300 2717 etc.

225 2754 314 2806 89.
349 2755 456 2806 Καὶ
483 2755 642 2823 ἅπερ,
673 2764 776 2807 etc.
816 2754 879 2804 Et
907 2769 1044 2821 quae,
1079 2763 1183 2808 etc.

218 2843 308 2898 90.
350 2844 508 2897 Ἀλλὰ
548 2845 705 2896 πάλιν
753 2843 957 2911 γένοιτο
984 2845 1062 2904 τό,
1099 2855 1201 2898 etc.
1240 2843 1364 2905 Sed,
1391 2854 1492 2898 etc.

217 2936 304 2990 91.
343 2935 757 3004 Ἐπισκηνώσει,
785 2943 914 2997 etc.,
948 2934 1298 3004 ζωοποίησον,
1328 2937 1428 3002 ὅτι,
1453 2945 1553 2990 etc.
1598 2937 1704 2991 lia-

143 3028 301 3090 bitet,
333 3037 459 3088 etc.,
496 3025 728 3088 vivitica,
757 3025 1039 3093 quoniam,
1073 3036 1175 3078 etc.

217 3120 307 3173 95.
350 3119 729 3186 Κατηχήσουσι
756 3157 768 3180 ,
801 3126 902 3169 etc.
928 3155 942 3179 ,
993 3117 1086 3167 καὶ
1141 3116 1334 3178 ἰδόντες
1379 3116 1484 3169 τῶν
1537 3118 1703 3184 ἁγίων

141 3208 396 3280 ι’ραιρῶν.
430 3208 717 3271 lnstruent,
749 3219 876 3273 etc.,
922 3218 973 3262 et
1004 3209 1265 3275 videntes,
1308 3219 1436 3276 etc.,
1483 3219 1700 3264 sancta-

144 3318 268 3356 rum
304 3300 728 3369 Scripturarutn.

213 3393 302 3448 91.
324 3393 780 3463 Κατηττσῦήτω.
812 3401 916 3446 etc.
953 3390 1288 3455 Perﬁciatur,
1312 3402 1414 3446 etc.

215 3486 302 3542 95.
337 3487 496 3554 Αισιᾷ,
531 3495 635 3538 etc.
675 3484 818 3548 Sitit,
849 3495 953 3538 etc.

213 3580 303 3635 96.
347 3576 602 3644 Ἐξετὰκη
637 3577 662 3625 ὁ
693 3575 844 3641 λόγος
868 3615 882 3636 ,
932 3584 1035 3627 etc.
1089 3574 1454 3641 Consumptus
1481 3583 1565 3628 est
1595 3590 1707 3628 ser-

140 3688 256 3733 mo,
291 3679 416 3726 etc..
453 3667 653 3737 legend.
688 3679 745 3718 ut
789 3670 840 3718 in
883 3667 997 3718 cod.
1041 3665 1209 3718 Barb.
1253 3665 1540 3735 Ἐξετὰκην
1565 3665 1699 3729 ὅλος.

214 3762 303 3817 97.
333 3762 476 3824 Ὅτι,
508 3771 610 3812 etc.
641 3756 930 3823 Quoniam,
963 3769 1064 3811 etc.

213 3854 302 3907 98.
332 3848 462 3904 υἷδα
486 3893 500 3915 ,
544 3852 637 3902 καὶ
671 3849 987 3920 μνημονεύω
1008 3889 1021 3912 ,
1069 3860 1196 3912 etc.,
1232 3847 1339 3900 τῶν
1367 3846 1704 3918 ἁμαρτωλῶν

135 3941 656 4012 ἀντιλαμϐάνεσθαι.
707 3938 865 4003 Novi,
897 3949 950 3993 et
982 3939 1259 4004 recordor,
1295 3948 1424 4002 etc.,
1457 3947 1702 4007 peccato-

139 4036 300 4087 ribus
331 4032 634 4085 subvenire.

212 4123 302 4176 99.
336 4123 513 4183 Πόσας
533 4164 545 4183 ,
575 4130 678 4174 etc.
703 4159 717 4180 ,
747 4118 938 4181 δώσεις
971 4137 1088 4188 μοι,
1126 4129 1257 4182 etc.,
1295 4136 1395 4191 μου
1424 4119 1708 4171 κατεδυνά-

139 4232 406 4279 cca-acati;
440 4214 618 4280 Quot,
651 4221 777 4280 etc.,
817 4213 971 4268 dabis
1005 4212 1177 4277 mihi,
1207 4219 1337 4276 etc.,
1394 4207 1447 4264 in
1481 4226 1565 4264 me
1610 4213 1704 4265 d0—

139 4307 335 4360 tninati
369 4304 541 4358 sunt?

215 4398 338 4451 100.
382 4395 670 4448 ’Υπέθεντό
701 4412 788 4465 μοι
814 4396 893 4458 τό,
920 4404 1047 4458 etc.,
1078 4395 1194 4448 ἀλλ’
1217 4397 1313 4466 οὐχ
1334 4395 1504 4458 οὕτως
1531 4397 1590 4448 οὐ
1619 4396 1704 4448 05'-

135 4491 284 4551 λεις,
333 4488 521 4560 Κύριε.
572 4488 940 4542 Subdiderunt
985 4488 1154 4552 mihi,
1193 4496 1322 4552 etc.,
1365 4489 1455 4542 sed
1490 4503 1595 4541 non
1626 4489 1704 4542 sic

136 4585 247 4646 vis,
281 4581 527 4645 Domine,
559 4592 659 4636 etc.

217 4673 336 4727 101.
384 4669 514 4725 Οἶδα
537 4715 550 4736 ,
594 4673 672 4724 ὅτι
700 4669 1067 4744 δικαιοκρετης
1111 4667 1162 4726 εἴ
1203 4673 1282 4735 εὶς
1312 4671 1504 4726 πάντα.
1536 4671 1698 4740 Novi,

134 4763 288 4832 quod
313 4762 495 4830 justus
518 4761 681 4831 judex
713 4778 770 4815 es
806 4763 856 4814 in
882 4777 1117 4815 omnem.

212 4853 336 4908 102.
365 4852 656 4920 Φεύγοντος
688 4870 808 4922 μου,
839 4863 938 4906 etc.
967 4853 1224 4922 Fugiente
1256 4871 1360 4920 me,
1390 4865 1490 4909 etc.

211 4943 337 4998 105.
369 4941 574 5004 Οὕτως,
606 4953 730 5004 etc.,
768 4943 1040 5013 ἐπέϐησάν
1070 4961 1177 5013 μοι,
1206 4953 1332 5006 etc.,
1358 4947 1413 4997 ὲν
1442 4948 1506 5016 τῇ
1530 4947 1705 5015 ἁμαρ-

130 5031 230 5103 τία
263 5049 386 5101 μου,
422 5031 553 5100 ἐγώ,
585 5040 687 5084 etc.
725 5031 821 5096 Ita,
854 5042 980 5096 etc.,
1015 5032 1292 5086 irruerunt
1319 5035 1473 5098 mihi,
1498 5047 1626 5097 etc.,
1649 5035 1702 5089 iu

131 5133 362 5193 peccato
393 5139 531 5185 meo,
565 5139 684 5192 ego,
717 5132 820 5176 etc.

210 5214 340 5268 104:
389 5213 616 5278 Καθὼς,
661 5217 807 5280 etc.,
852 5213 918 5266 τὰ
967 5215 1365 5286 προστάγματά
1415 5233 1540 5280 σου,
1596 5224 1700 5267 etc.

132 5305 628 5371 Quemadmodum,
653 5315 781 5370 etc.,
813 5316 1074 5374 praecepta
1107 5315 1220 5369 tua,
1247 5317 1349 5360 etc.

211 5397 335 5450 105.
362 5397 453 5458 Εἰς
483 5395 577 5464 τὴν
607 5397 852 5464 καρδίαν,
889 5398 942 5447 ἐν
1032 5399 1230 5460 οἰκεῖς,
1264 5398 1356 5450 καὶ
1391 5399 1702 5467 ἐμπεριπασ-

132 5491 288 5550 τεῖς,
337 5497 439 5540 etc.
489 5487 546 5539 ln
583 5489 779 5551 corde,
827 5490 880 5541 in
923 5505 1032 5558 quo
1073 5489 1284 5543 habitas
1310 5529 1324 5553 ,
1359 5499 1413 5544 et
1454 5491 1700 5543 inambu-

135 5582 240 5640 las,
267 5587 372 5632 etc.

211 5668 331 5724 106.
370 5670 464 5732 Εἰς
502 5671 624 5731 τοὺς
666 5672 850 5736 ἁγίους
895 5689 986 5722 σου
1029 5674 1150 5734 τοὺς
1195 5672 1310 5724 καθ’
1343 5675 1576 5744 ἑκάστην
1609 5692 1701 5741 7:-

135 5756 291 5816 νεᾶν,
321 5765 423 5812 etc.
454 5757 508 5811 In
537 5760 738 5811 sanctis
773 5759 902 5820 tuis,
929 5760 1042 5828 qui,
1078 5769 1181 5814 etc.

214 5847 335 5923 107.
393 5848 778 5914 Ἐοεμελίωσας
812 5849 981 5902 πάντα
1025 5851 1114 5903 τὸν
1149 5852 1367 5921 κόσμον,
1399 5861 1498 5908 etc.
1554 5852 1694 5909 Fun-

1803 2670 1942 2724 dasti
1972 2687 2187 2726 omnem
2224 2671 2506 2732 mundum,
2532 2677 2634 2724 etc.

1874 2764 1994 2818 110.
2022 2766 2133 2816 Οὐκ
2166 2764 2228 2817 ἄν
2249 2807 2261 2828 ,
2291 2773 2418 2827 etc.,
2451 2761 2803 2832 ἐζωποίησας.
2835 2758 2952 2814 Non
2985 2759 3167 2828 utique
3187 2800 3202 2824 ,
3232 2769 3360 2822 etc.,

1806 2856 2105 2909 vit‘ilicasti.

1873 2948 1993 3000 112.
2033 2946 2182 3015 Ἐμέ,
2226 2955 2354 3011 etc.,
2405 2945 2555 3015 παρὰ
2588 2944 2678 2996 σοῦ
2722 2945 2847 3013 περὶ
2891 2944 2987 3012 τῆς
3031 2943 3128 3013 σῆς
3155 2941 3363 3003 ἐλπίδος

1807 3037 2040 3097 ἀκούσας
2071 3035 2381 3087 ἐπίστευσα.
2411 3033 2512 3099 Me,
2535 3045 2661 3097 etc.,
2687 3033 2826 3085 dicta
2853 3042 3031 3084 autem
3057 3046 3086 3083 a
3116 3040 3165 3086 te
3184 3031 3249 3084 de
3274 3040 3361 3084 tua

1806 3141 1899 3195 spe
1927 3127 2150 3180 audirns
2185 3126 2409 3180 credidi.

1878 3217 1997 3270 115.
2034 3217 2240 3287 Πάσης,
2276 3227 2402 3280 etc.,
2450 3210 2586 3268 εἶδον
2621 3215 2809 3285 πέρας.
2845 3212 3053 3278 Omnis,
3084 3223 3188 3267 etc.
3211 3253 3225 3276 ,
3254 3213 3362 3266 vidi

1807 3310 1987 3362 ﬂuctu.

1875 3400 2000 3455 114.
2029 3402 2091 3453 Οἱ
2117 3399 2192 3461 δέ,
2222 3410 2324 3453 etc.
2355 3399 2729 3453 Custodientes
2760 3407 2962 3460 autem,
2993 3408 3096 3452 etc.

1875 3491 1995 3544 115.
2040 3492 2125 3553 Ὠς
2158 3490 2334 3560 μόνον,
2365 3500 2492 3555 etc.,
2523 3491 2740 3560 ἀγαπᾷν
2761 3489 2820 3541 τὸ
2839 3489 3006 3558 ὄνομα
3037 3505 3149 3542 σου.
3187 3486 3252 3544 Ut
3273 3505 3363 3542 so-

1805 3582 1935 3644 lum,
1969 3591 2096 3646 etc.,
2127 3599 2322 3635 nomen
2354 3591 2525 3635 tuum.

1878 3674 1998 3727 1l6.
2039 3674 2451 3737 ’Λδιαλείπτως,
2487 3682 2589 3726 etc.
2612 3713 2625 3734 ,
2661 3673 2751 3725 καὶ
2795 3673 3083 3744 προκόπτω
3108 3676 3166 3726 ἐν
3193 3672 3359 3742 αὐτῷ.

1804 3763 2192 3828 lndcsinenter,
2229 3775 2356 3828 etc.,
2388 3773 2440 3817 et
2473 3764 2697 3832 proticio
2727 3764 2776 3815 in
2807 3765 2940 3831 ipsa.

1875 3857 1995 3910 117.
2023 3857 2153 3917 Ταῖς
2183 3857 2307 3925 γάρ,
2338 3867 2467 3913 etc.,
2504 3856 2601 3924 τὴν
2635 3855 2792 3924 χάριν
2817 3854 3034 3924 ταύτην.
3071 3855 3202 3908 Nam
3227 3871 3363 3910 con-

1813 3949 2013 4010 trariis,
2051 3961 2179 4008 etc.,
2207 3947 2345 3998 lianc
2371 3947 2619 4015 gratiam.

1877 4039 1995 4090 118.
2040 4037 2228 4108 Ὑπὲρ,
2260 4046 2361 4091 etc.
2401 4038 2593 4106 Super,
2622 4047 2726 4090 etc.

1874 4129 1993 4182 119.
2033 4128 2203 4198 ’Υπὲρ
2231 4130 2355 4190 τοὺς
2382 4130 2505 4197 πρό,
2537 4141 2641 4180 etc.
2671 4129 2845 4196 Super
2873 4143 3083 4193 omnes,
3105 4137 3209 4182 etc.

1874 4219 1996 4272 120.
2035 4219 2165 4271 Ἀπὸ
2199 4221 2398 4289 πάσης,
2431 4229 2533 4271 etc.
2571 4217 2653 4270 Ab
2682 4219 2852 4279 omni,
2883 4231 2988 4271 etc.

1874 4312 1994 4365 121.
2037 4314 2124 4364 Ἐν
2152 4314 2282 4373 τοῖς,
2317 4320 2444 4374 etc.,
2471 4309 2695 4376 πλάγιος
2726 4312 2825 4362 οὐκ
2849 4309 3172 4381 ἐπορεύθην,
3195 4311 3277 4363 ὅτι
3301 4312 3363 4362 σὺ

1803 4406 1866 4473 τῇ
1897 4405 2079 4474 χάριτί
2105 4420 2215 4463 σου,
2235 4412 2337 4454 etc.
2366 4400 2419 4453 In
2446 4402 2726 4469 praecc'ptis
2751 4403 2855 4455 tuis
2887 4404 3230 4456 transversim
3257 4418 3363 4456 non

1805 4489 1965 4551 abivi,
1996 4490 2250 4558 quoniam
2287 4500 2340 4540 ttt
2377 4489 2544 4556 gratia
2580 4497 2664 4540 tua
2695 4488 2963 4540 deduxisti
2997 4505 3102 4541 me.

1736 4597 1781 4652 υ
1877 4579 1997 4632 122.
2025 4580 2096 4629 Τὸ
2123 4579 2218 4648 μὲν
2242 4578 2457 4648 πρῶτον
2483 4579 2543 4630 τὸ
2571 4578 2754 4637 ἰδικὸν,
2778 4591 2904 4638 etc.,
2940 4580 3053 4631 ἐστί
3085 4597 3172 4648 μοι
3203 4581 3269 4633 τὰ
3289 4581 3366 4633 δι-

1806 4671 1941 4724 καιώ
1950 4670 2094 4740 ματὰ
2113 4686 2201 4721 σου
2224 4689 2236 4700 ·
2265 4672 2354 4723 καὶ
2375 4669 2508 4740 μετὰ
2532 4669 2590 4722 τὸ
2607 4669 2934 4739 παραλαϐεῖν
2954 4671 3101 4731 αὐτό,
3127 4694 3140 4717 ο
3160 4681 3252 4731 tc.,
3272 4673 3367 4724 αὑ-

1803 4763 1896 4816 τοῦ
1927 4763 2134 4825 πέεται,
2172 4771 2274 4817 etc.
2307 4760 2474 4812 Τοῦτο
2517 4760 2698 4831 δηλοῖ,
2738 4761 2816 4812 ὅτι
2848 4761 2984 4832 ὑπὲρ
3021 4762 3216 4823 πᾶσαν,
3256 4771 3361 4815 etc.

1805 4851 2020 4906 Primus
2044 4853 2259 4921 quidem
2293 4852 2562 4920 proprius,
2608 4859 2736 4915 etc.,
2780 4851 3048 4903 dulciores
3075 4861 3202 4903 sunt
3232 4851 3365 4905 mihi

1798 4943 2214 5013 justilicationes
2262 4950 2404 5003 ture,
2457 4949 2584 5004 etc.,
2638 4949 2690 4993 et
2745 4949 3031 5008 pnstquam
3085 4949 3364 5009 acceptum

1804 5044 1902 5097 est,
1932 5043 2060 5100 etc.,
2100 5033 2279 5088 statim
2313 5035 2510 5088 excidit
2541 5033 2658 5100 ejus
2685 5033 2936 5093 dulcedo,
2960 5042 3064 5083 etc.

1878 5126 1997 5179 125.
2042 5125 2172 5177 Ἀπὸ
2196 5125 2325 5190 τῶν,
2357 5137 2486 5190 etc.,
2523 5123 2852 5192 συνετίσθην.
2888 5124 2931 5176 Α
2962 5123 3362 5190 justiﬁcationi-

1804 5220 1926 5280 ltus,
1962 5228 2066 5271 etc.

1875 5310 1996 5363 124.
2033 5311 2218 5371 Ὅταν,
2267 5319 2393 5368 etc.,
2438 5308 2616 5376 φαίνει
2664 5324 2752 5376 μοι
2794 5310 2820 5360 ὁ
2851 5307 3010 5376 νόμος
3057 5323 3148 5358 σου
3181 5306 3259 5375 τῷ
3290 5306 3363 5378 μὴ

1803 5400 2167 5472 προσκάζκαντί
2213 5417 2299 5470 μοι
2344 5399 2684 5470 [προσκόψαι
2735 5396 2836 5469 με]
2879 5401 2944 5469 τῇ
2986 5398 3227 5468 ἁμαρτίᾳ
3262 5413 3363 5466 μου

1803 5497 1986 5545 πεσεῖν
2019 5493 2050 5562 ἢ
2079 5491 2347 5561 πληγῆναί
2380 5508 2430 5542 τι
2461 5491 2557 5558 τῆς
2582 5528 2596 5547 ,
2637 5499 2738 5543 etc.
2769 5489 2937 5552 Cum,
2979 5503 3106 5550 etc.,
3142 5500 3362 5557 apparet

1804 5586 1934 5638 mihi
1963 5585 2048 5637 lex
2077 5594 2187 5646 tua,
2217 5599 2282 5636 ne
2310 5583 2585 5636 oﬂ‘endens
2621 5582 2670 5634 in
2706 5591 2987 5651 peceatum
3037 5579 3246 5642 cadam,
3270 5589 3364 5631 aut

1802 5674 2005 5743 aliquid
2038 5675 2234 5727 mentis
2267 5687 2397 5725 "18:13
2422 5674 2755 5739 vulneretur,
2789 5681 2841 5726 et
2872 5670 3142 5725 illuminat
3171 5684 3276 5733 me,
3304 5680 3364 5722 ut

1803 5768 1966 5821 sciam
2000 5766 2128 5835 quid
2164 5764 2400 5819 faciam?
