4018 6452
627 359 765 416 1219

870 472 1145 527 Canticum
1170 469 1458 525 Graduum.
1494 468 1694 524 PSAL.
1727 467 1931 524 CXIX.

701 565 747 621 l.
788 562 865 616 Ad
897 563 1177 616 Dominum
1209 577 1332 618 cum
1356 562 1642 615 tribularer
1666 562 1916 624 clamavi,
1942 572 1994 616 et
2015 578 2185 617 exau-

629 656 761 708 divit
790 672 893 710 me.

695 747 748 800 2.
792 745 1035 812 Domine,
1056 747 1226 800 libera
1250 747 1486 800 animam
1516 761 1690 800 meam
1723 762 1752 800 a
1783 747 1938 801 labiis
1964 747 2183 816 iniquis,

695 839 744 891 5.
790 837 853 890 Et
885 853 913 890 a
943 839 1123 906 lingua
1154 837 1364 891 dolosa.

694 931 746 983 4.
788 929 922 996 Quid
974 932 1128 983 detur
1181 931 1300 992 tibi,
1326 938 1417 984 aut
1461 929 1589 999 quid
1637 938 1938 998 apponatur
1992 930 2084 982 tibi
2118 931 2182 984 ad

625 1020 860 1089 linguam
895 1021 1175 1075 dolosam?

696 1113 749 1168 5.
792 1113 1012 1183 Sagitta:
1044 1113 1274 1182 potentis
1305 1119 1480 1165 acutae

693 1204 746 1258 6.
786 1205 919 1258 Cum
938 1206 1264 1259 carbonibus
1293 1204 1655 1259 desolatoriis.

691 1295 744 1349 Ἰ.
787 1295 896 1349 Heu
922 1297 1071 1359 mihi,
1092 1298 1215 1365 quia
1239 1297 1505 1349 iucolatus
1530 1311 1680 1348 meus
1705 1295 2058 1363 prolongatus
2080 1306 2182 1360 est,

693 1388 742 1442 8.
786 1388 1029 1441 Habitavi
1068 1405 1189 1442 cum
1219 1388 1588 1441 habitantibus
1621 1386 1795 1440 Cedar
1824 1405 1835 1439 :

691 1479 743 1533 9.
782 1479 1006 1533 Multum
1043 1479 1214 1533 incola
1249 1479 1346 1533 fuit
1378 1479 1556 1532 anima
1598 1493 1734 1530 mea.

692 1573 776 1628 10.
818 1573 951 1627 Cum
985 1573 1089 1636 his,
1114 1573 1204 1641 qui
1235 1573 1466 1626 oderunt
1499 1586 1684 1639 pacem
1714 1585 1859 1623 eram
1885 1570 2179 1638 paciﬁcus:

1466 357 1522 409 S.
1564 353 1931 408 ATIIANASII
1969 352 2118 408 OPP.
2163 353 2340 407 PARS
2379 351 2467 407 Ill.
2507 383 2572 393 —
2612 352 3019 408 EXEGETICA.

3720 358 3858 412 12ἳο

2520 468 2657 537 ᾨδὴ
2683 468 2800 522 τῶν
2833 469 3218 538 Ἀναϐαϐμ-ῶτκ
3260 474 3431 525 ΨΑΑ.
3467 473 3624 525 ΡῘΘ.

2357 558 2406 611 1.
2447 560 2586 628 Πρὸς
2615 543 2898 628 Κύριονίέν
2927 559 3003 628 τῷ
3032 559 3303 612 θλίϐεσθαί
3333 578 3399 629 με
3429 560 3730 628 ὲξέκραξα,
3774 562 3864 610 καὶ

2286 651 2567 715 εἰσήκουσέ
2601 668 2720 721 μου·

2354 742 2406 794 2.
2429 743 2637 812 .Κύριε,
2659 743 2926 813 ῥῦσαιτὴν
2942 743 3116 812 ψυχήν
3138 761 3237 812 μου
3262 745 3368 796 ἀπὸ
3384 742 3610 812 χειλέων
3634 743 3859 796 ἀδίκων.

2355 832 2405 886 5.
2449 834 2556 885 Καὶ
2585 834 2689 884 ἀπό
2722 831 2970 901 γλώσσης
3000 833 3197 896 δολίας.

2353 923 2407 975 4.
2447 923 2510 974 Τί
2533 923 2708 992 δοθείη
2733 940 2834 988 σοι,
2862 924 2954 975 καὶ
2974 925 3025 975 τί
3056 923 3374 993 προστεθείη
3407 941 3488 975 σοι
3517 922 3654 993 meo;
3677 919 3858 987 γλῶσ-

2286 1031 2380 1066 σαν
2406 1015 2585 1066 δολίαν
2605 1031 2618 1076 ;

2352 1106 2404 1159 5.
2445 1105 2523 1156 Τὰ
2558 1105 2682 1175 βέλη
2717 1103 2810 1157 τοῦ
2839 1105 3061 1159 δυνατοῦ
3097 1106 3407 1176 ἠκονημένα

2351 1195 2404 1248 6.
2445 1197 2547 1248 Σὺν
2578 1199 2685 1259 τοῖς
2718 1195 2941 1266 ἄνθραξι
2974 1199 3082 1259 τοῖς
3110 1199 3416 1268 ἐρημικοῐς.

2357 1285 2406 1337 7.
2447 1286 2625 1354 θίμοι,
2660 1286 2740 1338 δτι
2768 1287 2799 1354 ἡ
2826 1285 3084 1356 παροικία
3112 1304 3209 1356 μου
3237 1286 3574 1356 ἐμακρύνθη,

2354 1376 2405 1429 8.
2449 1378 2848 1446 Κατεσκὴνωσα
2884 1377 3018 1448 μετά
3042 1377 3148 1430 τῶν
3180 1380 3542 1448 σνηνωμάτων
3570 1380 3784 1449 Κηδάρ’

2353 1468 2408 1519 9.
2450 1468 2625 1520 Πολλά
2655 1468 2978 1541 παρῴκησεν
3004 1470 3199 1540 ἡψυχὴ
3237 1489 3359 1541 μου.

2354 1563 2438 1614 10.
2483 1564 2634 1616 Μετὰ
2669 1568 2775 1616 τῶν
2807 1566 3103 1634 μισούντων
3141 1567 3237 1636 τὴν
3265 1569 3485 1640 εἰρήνην
3518 1568 3669 1636 ἥμην
3702 1569 3855 1634 εἰρη-

2281 1656 2450 1718 νικός·

691 1747 775 1800 11.
816 1747 952 1803 Cum
982 1748 1237 1818 loquebar
1265 1748 1390 1813 illis,
1427 1748 1814 1817 impugnabant
1842 1763 1926 1800 me
1949 1746 2136 1814 gratis.
2205 1765 2247 1819 Β

2355 1745 2440 1798 ll.
2460 1745 2627 1798 Ὅταν
2661 1746 2881 1800 ἐλάλουν
2910 1748 3111 1814 αὐτοῖς,
3139 1746 3435 1819 ἐπολέμουν
3471 1766 3537 1818 με
3568 1748 3804 1818 δωρεάν.

1740 1919 2113 1974 ΑΤΠᾹΝᾹΞΙΙ
2157 1918 2734 1976 lNTERPRETATIO.

700 2085 762 2137 Ἡ
792 2086 1119 2156 προκειμένη
1152 2086 1426 2156 ἐπιγραφὴ
1461 2085 1702 2155 περιέχει
1734 2083 1809 2154 (1)
1833 2100 1846 2114 ο
1881 2081 2018 2152 ’ῼδὴ
2063 2082 2179 2134 τῶν
2204 2083 2591 2152 Ἀναϐαθμῶν,
2619 2086 2753 2152 ὅπερ
2779 2083 3132 2154 ἑρμηνεύεται
3161 2083 3592 2151 ἐξομολόγησις
3623 2083 3744 2135 τῶι·
3769 2086 3857 2153 ἐρ-

618 2181 884 2251 χομένων
921 2183 1032 2236 ἀπὸ
1069 2181 1183 2234 τῶν
1207 2180 1519 2250 ἁμαρτιῶν,
1558 2180 1764 2233 ἀνιέναι
1790 2182 1867 2241 είς
1899 2178 1995 2247 τὴν
2026 2177 2116 2229 τοῦ
2141 2178 2344 2247 Κυρίου
2375 2179 2575 2237 πίστιν,
2609 2179 2819 2240 καὶτὰς
2841 2178 3027 2231 τούτου
3053 2178 3630 2247 ἐντολάς.Ἀναϐαθμο“ι
3660 2175 3753 2231 οὖν
3775 2180 3858 2231 διὰ

615 2270 771 2326 τιῦτο
804 2274 1014 2342 εἴρηται
1047 2274 1141 2340 (2),
1169 2273 1272 2329 ὅτι.
1304 2272 1490 2339 ὥσπερ
1516 2270 1573 2335 ἐξ
1607 2271 1831 2330 ὑδάτων,
1862 2269 2031 2330 οὕτως
2057 2267 2161 2319 ἀπὸ
2192 2269 2288 2337 τῆς
2315 2267 2750 2337 εἰδιυλολατρείας
2783 2269 2874 2318 καὶ
2912 2267 3018 2320 τῶν
3046 2270 3220 2338 ἔργων
3252 2269 3454 2339 ταύτης
3483 2271 3558 2337 (5)
3599 2271 3856 2340 ἄρχονται

615 2367 663 2417 οἱ
707 2363 1120 2434 ἐπιστρέφοντες
1165 2362 1271 2412 ἀπὸ
1310 2358 1401 2411 τοῦ
1435 2359 1650 2428 πρώτου
1692 2356 1906 2428 ψαλμοῦ
1941 2357 2047 2408 τῶν
2079 2356 2432 2426 Ἀναϐαθμῶν
2473 2356 2927 2425 ἐξομολογεῖσθαι,
2963 2359 3053 2409 καί
3095 2360 3325 2429 καθεξῆς
3344 2360 3464 2414 καθ’
3495 2361 3727 2413 ἕκαστον
3763 2365 3856 2428 βα-

616 2457 747 2527 θμδν
779 2456 983 2508 ἀνίεντο
1013 2452 1292 2524 ῖάνιόντες]
1330 2452 1689 2522 ὁπλοτέρους
1715 2451 2020 2504 δείκνυσθαι
2058 2450 2295 2512 τούτοις·
2338 2451 2698 2520 τελειοτέρους
2733 2449 2786 2501 δὲ
2826 2449 2917 2502 καὶ
2949 2450 3280 2520 τελειοτέρας
3305 2453 3376 2521 (4)
3415 2454 3852 2525 ἐξομολογήσεις,

613 2550 708 2606 καὶ
735 2545 1076 2617 εὐχαριστίας
1106 2544 1466 2613 ἀναπέμπειν.

699 2638 895 2692 l‘itulus
926 2638 1241 2706 praepositus
1272 2637 1512 2688 continet
1544 2653 1575 2686 :-
1600 2633 1881 2686 Canticum
1915 2630 2208 2694 Craduum,
2238 2631 2380 2699 quod
2420 2631 2807 2700 interpretatur
2834 2633 3089 2702 confessio
3125 2634 3490 2686 venientiuma
3522 2638 3777 2700 peccatis,
3800 2649 3856 2689 ut

614 2727 912 2782 ascendant
953 2727 1016 2778 ad
1049 2726 1205 2777 ﬁdem
1242 2723 1477 2786 Domini,
1512 2724 1741 2792 ejusque
1771 2733 2055 2791 praecepta.
2091 2722 2306 2776 Gradus
2335 2723 2496 2790 igitur
2527 2723 2646 2778 ideo
2668 2725 2795 2779 dicti
2831 2734 2981 2789 sunt,
3012 2727 3267 2793 quoniam
3297 2727 3763 2794 quemadmodum
3789 2743 3852 2781 cx

615 2825 771 2892 aquis
802 2817 1123 2892 [baptismi],
1158 2820 1227 2872 ita
1263 2819 1330 2872 ab
1365 2819 1689 2880 idololatria,
1726 2828 1779 2872 et
1824 2819 1988 2886 hujus
2030 2817 2286 2887 operibus
2333 2817 2618 2885 incipiunt,
2646 2820 2737 2888 qui
2784 2829 3192 2882 convertuntur,
3219 2836 3248 2873 a
3278 2837 3451 2888 primo
3484 2823 3700 2890 psalmo
3735 2838 3854 2892 gra-

615 2912 782 2965 duum
811 2909 1074 2971 conﬁteri,
1107 2919 1158 2960 ct
1188 2909 1440 2976 deinceps
1471 2923 1565 2976 per
1595 2910 1840 2972 singulos
1873 2909 2072 2974 gradus
2105 2907 2462 2962 ascendentes
2493 2910 2576 2964 his
2609 2911 2884 2978 gradibus,
2915 2925 3052 2978 quos
3087 2911 3466 2974 ascenderunt,
3502 2914 3853 2969 sublimiores

613 2999 857 3064 ostendi;
895 2999 1243 3067 perfectiores
1276 3007 1454 3050 autem
1486 2996 1834 3064 perfectiores
1867 2999 2031 3051 etiam
2074 3001 2470 3062 confessiones,
2499 3011 2549 3055 et
2579 3003 2874 3072 gratiarum
2907 3004 3145 3056 actiones
3178 3003 3398 3057 referre.

685 3115 738 3168 1.
785 3112 921 3166 Cum
951 3112 1200 3165 redactus
1229 3127 1402 3165 essem
1441 3111 1492 3164 in
1520 3115 1830 3167 servitutem
1863 3130 1890 3166 a
1926 3126 2168 3183 peccato,
2199 3129 2240 3185 ο

615 3203 680 3264 ad
705 3202 991 3257 Dominum
1017 3200 1319 3271 lacrytnans
1356 3201 1606 3264 clamavi,
1637 3211 1691 3254 et
1712 3202 1988 3256 exaudivit
2013 3220 2116 3257 me.

683 3294 739 3359 2,
765 3295 819 3349 3.
854 3291 1099 3356 Domine,
1134 3291 1394 3359 deprecor
1429 3303 1498 3355 te,
1529 3293 1694 3345 libera
1724 3295 1960 3345 animam
1999 3309 2173 3346 meam

615 3404 641 3440 a
671 3387 958 3441 contrariis
987 3385 1364 3454 potestatibus,
1397 3394 1449 3436 et
1477 3385 1715 3438 diabolo.

683 3479 737 3531 4.
769 3478 909 3531 Deus
939 3487 1117 3530 autem
1148 3478 1373 3529 audiens
1410 3493 1531 3530 cum
1563 3477 1692 3530 dicit
1728 3478 1826 3544 ipsi
1859 3495 1872 3530 :
1907 3475 2047 3544 Quid
2078 3479 2173 3533 tibi

613 3567 772 3630 dabo,
807 3579 859 3620 et
888 3566 1032 3636 quali
1070 3567 1272 3620 auxilio
1312 3581 1647 3630 succurram,
1690 3574 1749 3619 ut
1775 3567 1994 3620 liberem
2023 3579 2072 3621 te
2107 3568 2174 3622 ab

614 3658 918 3712 idololatria
945 3656 968 3709 ἲ

680 3747 734 3809 5,
761 3748 813 3801 6.
854 3747 1056 3800 Mittam
1088 3747 1184 3800 tibi
1216 3749 1486 3815 apostolos
1530 3747 1646 3801 Filii
1680 3750 1808 3814 mei,
1844 3765 1966 3804 cum
1993 3749 2174 3804 verbis

614 3841 731 3909 ejus
777 3839 1144 3892 desolantibus
1196 3839 1575 3907 idololatriam,
1618 3851 1671 3894 et
1717 3857 1932 3897 omnem
1985 3854 2174 3912 poten-

614 3935 743 3986 tiam
768 3930 989 3984 inimici.

686 4022 736 4076 7.
768 4020 1064 4076 Conlitetur
1103 4022 1293 4076 deinde
1330 4023 1417 4076 hic
1441 4023 1626 4076 dicens
1660 4044 1670 4077 :
1706 4024 1801 4078 Hei
1838 4027 1991 4090 mihi,
2029 4027 2170 4096 quod

613 4129 827 4170 omnem
858 4131 1030 4169 meam
1061 4116 1222 4168 vitam
1265 4117 1576 4184 consumpsi
1617 4117 1892 4171 luxuriose
1920 4120 2168 4172 vivendo.

683 4207 737 4261 8.
781 4205 845 4259 Et
871 4207 1044 4259 mansi
1074 4216 1276 4268 mutus,
1305 4215 1358 4259 et
1391 4207 1624 4259 adorans
1657 4205 1796 4259 idola
1845 4216 2170 4275 potestatum

613 4298 954 4352 tenebrarum
988 4315 1000 4350 :
1032 4295 1202 4351 Cedar
1232 4297 1376 4350 enim
1406 4297 1626 4351 leuebrce
1656 4297 2064 4365 interpretatur.

2347 3116 2399 3167 1.
2425 3117 2511 3167 Ἐν
2541 3117 2616 3186 τῷ
2649 3113 2785 3169 εἷναί
2820 3136 2886 3187 με
2919 3117 3307 3186 δεδουλωμένον
3342 3121 3407 3188 τῇ
3438 3118 3687 3189 ἁμαρτίᾳ
3723 3119 3854 3188 πρὸς

2277 3208 2476 3278 Κύριον
2511 3209 2779 3279 ἀνεϐόησα
2819 3213 2955 3279 μετὰ
2983 3211 3253 3279 δακρύων,
3285 3213 3378 3263 καὶ
3407 3214 3698 3283 εἰσήκουσέ
3729 3232 3848 3283 μου.

2345 3299 2398 3362 2,
2453 3299 2518 3368 5.|
2549 3299 2737 3370 Κύριε,
2790 3301 3036 3370 δεόμενός
3087 3319 3176 3352 σου
3209 3303 3308 3369 (5),
3342 3302 3498 3371 ῥῦσαι
3547 3307 3648 3373 τὴν
3679 3306 3853 3375 ψυχήν

2279 3406 2378 3458 μου
2412 3390 2518 3442 ἀπὸ
2547 3391 2654 3442 τῶν
2686 3393 2940 3445 ἐναντίων
2971 3392 3248 3462 δυνάμεων
3280 3395 3372 3445 καὶ
3405 3393 3496 3445 τού
3523 3395 3796 3448 διαϐόλου.

2344 3480 2396 3533 4.
2429 3479 2486 3532 '0
2514 3480 2568 3532 δὲ
2599 3480 2750 3544 Θεὸς,
2798 3483 3033 3546 ἀκούσας
3073 3484 3146 3554 (6)
3192 3484 3376 3544 αὑτοῦ.
3411 3485 3559 3553 λέγει
3589 3489 3727 3557 πρὸς
3757 3489 3850 3540 αύ-

2273 3570 2363 3623 τόν
2385 3587 2398 3600 °
2426 3571 2488 3622 Τί
2521 3589 2600 3623 σοι
2621 3573 2952 3644 δωρήσομαι,
2978 3577 3070 3628 καὶ
3093 3576 3229 3645 μετὰ
3257 3578 3412 3640 ποίας
3437 3577 3688 3647 βοηθείας
3719 3580 3850 3650 πῴς

2275 3664 2333 3716 τὸ
2360 3665 2620 3734 ρυσθῆναί
2655 3684 2709 3718 σε
2739 3668 2844 3720 ἀπὸ
2873 3670 2969 3738 τῆς
2997 3669 3470 3739 εἰδωλολατρείας;

2347 3757 2397 3818 5,
2426 3757 2477 3810 6.
2502 3758 2806 3811 Ἀποστελῶ
2842 3759 2916 3824 (7)
2951 3777 3030 3811 σοι
3077 3761 3202 3823 τοὺς
3245 3761 3572 3825 ἀποστόλους
3620 3764 3698 3833 τῷ
3740 3764 3847 3833 Υἱῷ

2279 3865 2378 3917 μου
2426 3849 2562 3918 μετὰ
2591 3850 2697 3901 τῶν
2726 3849 2893 3917 λόγων
2927 3851 3089 3903 αὑτοῦ
3131 3852 3239 3904 τῶν
3269 3852 3618 3922 ἐρημούντων
3643 3859 3740 3925 τὴν
3774 3859 3846 3907 εί-

2273 3939 2681 4011 δωλολατρείαν,
2716 3944 2806 3995 καὶ
2835 3944 3010 3995 πᾶσαν
3035 3943 3261 4014 δύναμιν
3287 3945 3380 3998 τοῦ
3411 3946 3632 4016 ἐχθροῦ.

2345 4031 2396 4084 7.
2455 4031 2883 4103 Ἐξομολογεῖται
2951 4035 3136 4088 λοιπὸν
3205 4030 3358 4099 οὗτος
3421 4037 3596 4102 λέγων
3623 4055 3636 4067 ο
3713 4037 3845 4092 Οὐαί

2278 4140 2364 4190 μοι
2391 4123 2490 4193 (8),
2515 4125 2595 4177 ὅτι
2625 4126 2800 4178 πάντα
2828 4125 2916 4178 τὸν
2942 4126 3053 4195 βίον
3079 4144 3179 4195 μου
3201 4127 3448 4197 ἀνήλωσα
3465 4128 3573 4191 ζῶν
3602 4129 3844 4194 ἀσώτως.

2342 4215 2392 4265 8.
2433 4217 2540 4268 Καὶ
2569 4216 2808 4286 διέμενον
2837 4219 3014 4287 κωφὸς
3057 4219 3148 4270 καὶ
3179 4219 3252 4284 (9)
3290 4219 3579 4290 σεϐόμενος
3605 4222 3676 4274 τὰ
3705 4223 3848 4275 εἰδω-

2274 4305 2338 4355 λα
2367 4305 2472 4356 τῶν
2507 4305 2598 4357 τοῦ
2626 4308 2846 4370 σκότους
2871 4309 3149 4378 δυνάμεων
3170 4326 3182 4338 ·
3216 4311 3578 4381 ἑρμηνεύεται
3604 4313 3715 4382 γὰρ
3733 4314 3842 4382 (10)

2277 4396 2479 4462 Κηδάρ
2511 4398 2746 4463 σκότος.

681 4473 734 4527 9.
781 4471 974 4524 Vecors
1012 4470 1179 4533 lui,et
1199 4483 1414 4523 omnem
1450 4484 1621 4522 meam
1659 4486 1807 4539 spem
1839 4471 1891 4523 in
1926 4473 2057 4540 ipsis
2091 4489 2175 4528 re-
2207 4462 2252 4527 ο

2347 4488 2397 4540 9.
2422 4462 2808 4557 Ἀπονηπιόθεν
2836 4490 2948 4560 (11)
3002 4490 3358 4565 [ἀπενοήθην]
3389 4493 3485 4563 τὴν
3513 4494 3705 4548 ἐλπίδα
3739 4515 3838 4566 μου

614 4569 840 4635 positam
873 4564 1056 4617 habui.

692 4657 771 4710 l0.
805 4657 1022 4710 Amicus
1047 4671 1195 4710 eram
1218 4664 1542 4725 potestatum
1568 4655 1789 4720 diaboli,
1828 4673 1948 4712 cum
1987 4658 2171 4712 inimi-

612 4765 687 4803 ca:
718 4757 862 4802 sunt.

685 4841 768 4894 11.
812 4841 942 4894 Cum
978 4840 1278 4895 serviebam
1329 4841 1481 4910 ipsis,
1534 4841 1958 4895 dominabantur
1996 4843 2047 4894 in
2083 4857 2169 4895 me

612 4933 882 5001 captivum
917 4947 1002 4987 me
1029 4933 1353 4987 deducentes
1384 4934 1437 4986 in
1477 4934 1798 5001 cupiditates
1834 4934 2068 4995 inutiles.
2108 4943 2162 4988 ct

614 5037 798 5077 vanas.

2273 4580 2435 4631 πᾶσιν
2457 4579 2513 4630 ἐν
2544 4581 2754 4644 ἑαυτοῖς
2782 4577 2944 4650 εἶχον.

2341 4670 2425 4722 10.
2451 4672 2604 4734 Φίλος
2649 4674 2796 4744 ἤμην
2839 4675 2947 4727 τῶν
2989 4676 3080 4728 τοῦ
3131 4677 3376 4730 διαϐόλου
3424 4679 3711 4748 δυνάμεων
3736 4681 3841 4732 τῶν

2268 4759 2480 4832 ἐχθρῶν
2515 4763 2612 4831 τῆς
2639 4765 2877 4834 εἰρήνης.

2337 4851 2607 4904 11.”Οταν
2653 4853 2937 4924 ἐλάτρευον
2981 4857 3182 4920 αὐτοῖς,
3237 4859 3691 4913 κατεδυνάστευόν
3741 4880 3838 4931 μου

2268 4942 2751 5011 αἰχμαλωτίζοντες
2779 4946 2889 5017 (12)
2945 4949 3023 5010 είς
3072 4947 3360 5018 ἐπιθυμίας
3406 4951 3722 5018 ἀνωφελεῖς,
3754 4959 3841 5006 καὶ

2281 5034 2532 5102 ματαίας.

1550 5167 1855 5229 Addenda
1886 5175 1946 5230 et
1977 5170 2351 5248 corrigenda
2389 5191 2466 5234 ex
2512 5178 2652 5238 cod.
2689 5179 2890 5240 Vatic.

867 5290 952 5342 διὰ
973 5293 1068 5372 τῆς
1097 5291 1462 5362 κινναϐάρεως
1493 5294 1750 5362 περιέχει,

682 5363 757 5429 (2)
783 5359 1217 5430 Ὶ-ῖρμηνεύονται.

679 5432 754 5498 (3)
794 5431 986 5498 Αὐτῆς.

703 5471 733 5482 υ
794 5471 919 5481 .--..
943 5471 986 5491 ς,

681 5471 757 5584 (42
781 5471 1115 5584 οξλναϐαθμδν
1145 5501 1401 5584 ἀνιέντες,
1429 5503 1502 5564 ὡς
1530 5505 1607 5565 εἰς
1640 5501 1879 5573 βαθμοὺς
1910 5505 2167 5574 ὑψηλότε-

613 5588 693 5640 ροι
732 5569 1055 5632 δείκνυσθαι,
1092 5573 1334 5624 τουτέστι
1376 5569 1718 5645 τελειότεροι,
1750 5569 1866 5628 καὶ
1911 5569 2172 5628 τελειοτέ-

612 5657 725 5710 ρας.
749 5649 850 5692 etc.

680 5712 756 5778 (5)
797 5710 992 5779 Δέομαί
1022 5728 1132 5774 σου,
1161 5723 1261 5767 etc.
1291 5715 1398 5766 Καί
1421 5715 1568 5767 deest

2342 5298 2414 5364 (θ)
2460 5297 2812 5364 Εἰσακούσας.

2342 5369 2415 5443 (7?)
2440 5370 2797 5443 ᾍποστέλλω,
2826 5380 2954 5433 etc.,
2991 5373 3081 5425 τοῦ
3114 5374 3240 5426 Υίού
3277 5393 3398 5443 μου.

2341 5440 2414 5513 (8)
2457 5438 2646 5513 usus;
2671 5441 2837 5513 λέγων
2860 5460 2870 5470 '
2902 5444 3031 5493 υύαί
3065 5445 3153 5513 μοί
3180 5438 3346 5509 ἐστὶν,
3382 5455 3488 5498 etc.

2341 5511 2414 5572 (9)
2457 5509 2756 5572 ῐιεποιθὼς,
2787 5513 2898 5571 καί,
2926 5521 3028 5565 etc.

2338 5578 2450 5642 (10)
2492 5575 2619 5631 Πῧν.

2470 5649 2897 5726 νηπιὸθεν,
2929 5661 3058 5726 εις..
3092 5656 3268 5726 πᾶσαν
3302 5655 3359 5705 ὲν
3395 5655 3579 5717 αὐτοῖς
3605 5652 3763 5726 εἶχον.

2341 5716 2447 5786 (1‘2)
2470 5716 2740 5783 Ἐλ.ἀλουν,
2766 5732 2848 5775 etr.
2878 5761 2892 5778 .
2922 5723 3407 5791 αἰχμαλωτίζοντες
3433 5740 3518 5791 με,
3552 5716 3657 5780 etc.
