4018 6482
186 399 317 454 12⁸21
1073 398 1158 454 DE
1198 399 1472 456 TITULIS
1512 399 1773 454 PSALMU

1828 397 1960 454 ΕΜ.
2000 429 2069 437 ——
2110 396 2306 451 PSAL.
2345 397 2502 454 CXX.
3280 402 3415 456 12ἳῖ

436 514 557 584 ῼδὴ
597 532 714 567 των
737 515 1126 585 Ἀναεαθμῶν.
1159 520 1331 571 ΨΑΛ.
1372 517 1502 570 PK'.
1773 526 1815 579 Α

1773 526 1815 579 Α
2109 513 2384 569 Canticum
2416 511 2707 567 Gradumn.
2741 511 2935 565 PSAL.
2971 511 3137 567 CXX.

255 605 305 658 1.
325 601 474 674 ’Ῐιρα
527 605 650 666 τοὺς
695 602 1002 675 ὀφθαλμούς
1033 624 1130 676 μου
1177 609 1255 668 εἰς
1280 615 1346 659 τά
1372 608 1493 676 ὄρη,
1525 607 1644 659 ὅθεν
1673 606 1744 676 (α)

1922 605 1970 657 1.
2014 603 2208 659 Levavi
2263 605 2449 659 oculos
2501 619 2649 656 meos
2705 604 2756 655 in
2810 610 3038 668 montes,
3075 602 3213 657 unde
3238 603 3413 656 veniet

177 696 358 766 ἧξειὴ
400 696 617 767 βοήθειά
654 713 773 764 μου.

706 713 773 748 >υ.
1849 698 2106 750 auxilium
2142 698 2293 752 mihi.

253 787 305 839 2.
335 789 395 838 'H
433 786 654 857 βοήθειά
685 804 783 857 μου
814 786 961 856 παρὰ
987 787 1213 858 Κυρίου,

1915 789 1968 841 9..
2012 789 2288 842 Auxilium
2323 801 2498 841 meum
2527 801 2554 839 τι
2589 785 2835 847 Domino,

249 878 300 930 5.
341 877 446 930 Τοῦ
482 879 801 948 ποιήσαντος
831 878 920 930 τὸν
951 879 1175 948 οὐρανὸν
1201 880 1291 932 καὶ
1319 879 1416 950 τὴν
1448 880 1566 950 γῆν.

1238 880 1291 931 αἱ
1319 879 1416 950 τὴν
1448 880 1566 950 γῆν.
1914 879 1968 933 5.
2010 880 2110 946 Qui
2141 880 2268 935 fecit
2300 879 2495 934 ccelum
2523 887 2573 932 et
2605 890 2825 933 terram.

248 971 303 1022 4.
343 971 433 1029 Μὴ
462 969 602 1039 δῴης
632 972 710 1032 εἰς
735 970 893 1022 σάλον
917 970 1007 1022 τὸν
1043 972 1176 1023 πόδα
1208 989 1322 1035 σου,

1913 974 1966 1028 4.
2009 975 2124 1030 Νοη
2159 976 2247 1030 del.
2277 976 2327 1028 iu
2357 976 2774 1030 commotionem
2803 974 2993 1042 pedem
3023 982 3196 1036 tuum,

247 1061 301 1114 5.
342 1061 491 1130 Μηδὲ
519 1059 754 1132 νυστάξῃ
782 1064 808 1114 ό
831 1061 1115 1129 φυλάσσων
1141 1079 1218 1114 σε.

1913 1068 1966 1122 5.
2009 1066 2194 1138 Neque
2223 1069 2474 1122 dormitet
2501 1067 2594 1135 qui
2629 1065 2866 1121 custodit
2895 1077 2963 1119 te.

246 1153 300 1207 6.
327 1153 455 1206 Ἰδοὺ
488 1153 548 1206 οὐ
571 1154 838 1218 νυστάξει,
866 1152 984 1205 οὐδὲ
1012 1151 1244 1206 ὑπνὼσει
1279 1153 1306 1204 ὁ
1339 1150 1624 1221 φυλάσσων
1653 1151 1742 1204 τὸν

1913 1159 1966 1212 6.
2008 1159 2145 1213 Ecce
2176 1175 2283 1213 non
2319 1159 2654 1224 dormitabit,
2710 1172 2885 1227 neque
2932 1155 3166 1210 dormiet
3197 1155 3287 1224 qui
3315 1171 3409 1209 cu-

182 1245 422 1318 Ἰσραήλ.

1843 1252 2005 1306 stodit
2033 1251 2213 1307 lsrael.

245 1335 296 1390 7.
334 1336 533 1407 Κύριος
558 1336 777 1407 φυλάξοι
808 1354 888 1401 σε,

1911 1345 1963 1397 7.
1999 1343 2257 1399 Dominus
2281 1344 2518 1400 custodit
2548 1353 2632 1398 te:

241 1426 294 1481 8.
326 1427 528 1498 Κύριος
562 1428 735 1499 σκέπη
766 1445 846 1480 σοι
864 1425 1006 1500 [σου]
1030 1428 1119 1480 ἑπὶ
1144 1429 1300 1499 χεῖρα
1321 1427 1500 1494 δεξιάν
1539 1445 1652 1480 σου.

1911 1436 1962 1490 8.
1997 1435 2256 1491 Dominus
2278 1438 2542 1506 protectio
2565 1445 2674 1500 tua,
2695 1448 2858 1510 super
2878 1447 3098 1486 manum
3129 1429 3403 1484 dexteram

1841 1535 2009 1581 tuam.

240 1623 290 1678 9.
338 1625 577 1697 Ἡμέρας
600 1627 628 1680 ὁ
656 1627 804 1697 ῆλιος
835 1629 894 1681 οὐ
929 1625 1224 1695 συγκαύσει
1246 1644 1306 1680 σε
1325 1644 1340 1658 ·

1181 1644 1224 1680 ει
1246 1644 1306 1680 σε
1325 1644 1340 1658 ·
1910 1622 1960 1676 9.
1991 1619 2088 1675 Per
2112 1620 2252 1696 diem
2281 1617 2362 1673 sol
2391 1632 2499 1672 non
2528 1625 2650 1670 uret
2680 1624 2728 1671 te
2755 1633 2768 1670 :

240 1717 328 1772 10.
355 1718 485 1771 Οὐδὲ
513 1721 546 1788 ή
581 1718 775 1789 σελήνη
810 1719 908 1787 τὴν
925 1717 1114 1771 νύκτα.

1911 1714 1996 1766 10.
2029 1710 2212 1780 Neque
2242 1711 2366 1763 luna
2402 1724 2497 1776 per
2520 1716 2751 1762 noctem.

240 1809 322 1865 11,
359 1811 564 1880 Κύριος
596 1810 819 1878 φυλάξοι
852 1827 908 1862 σε
940 1809 1046 1862 ἀπὸ
1077 1809 1274 1872 παντὸς
1296 1809 1466 1861 κακοῦ
1487 1823 1500 1838 ·
1766 1877 1793 1880 _

1766 1877 1793 1880 _
1909 1804 1996 1857 il.
2031 1802 2291 1856 Dominus
2314 1799 2548 1855 custodit
2577 1811 2626 1854 te
2655 1799 2723 1852 ab
2751 1798 2895 1855 omni
2927 1799 3101 1853 malo:

236 1898 318 1953 is.
353 1877 578 1964 Φυλάξοι
606 1877 702 1969 τὴν
729 1900 903 1970 ψυχήν
934 1917 1025 1952 σου
1051 1901 1078 1951 ὁ
1107 1899 1328 1970 Κύριος.
1763 1877 1805 1932 Β

1763 1877 1805 1932 Β
1903 1892 1990 1946 12.
2018 1893 2303 1947 Custodiat
2330 1890 2567 1944 animam
2599 1898 2747 1942 tuam
2775 1887 3058 1944 Dominus.

239 2011 311 2079 (τι)
342 2008 495 2066 Vers.
526 2011 582 2066 Ξ.
604 2011 771 2066 Πόθεν
796 2012 935 2082 ἥξει,
965 2021 1067 2067 etc.
1100 2011 1255 2067 Vcrs.
1285 2015 1338 2067 5.
1357 2013 1419 2065 'H
1443 2011 1681 2083 βοήθειά,
1699 2021 1826 2077 ctc.,

530 2011 582 2066 Ξ.
604 2011 771 2066 Πόθεν
796 2012 935 2082 ἥξει,
965 2021 1067 2067 etc.
1100 2011 1255 2067 Vcrs.
1285 2015 1338 2067 5.
1357 2013 1419 2065 'H
1443 2011 1681 2083 βοήθειά,
1699 2021 1827 2077 ctc.,
1865 2010 1964 2081 τήν
1997 2008 2117 2080 γῆν.

1277 2142 1650 2197 ATHANASII
1690 2138 2277 2196 INTERPRETATIO.

239 2280 304 2333 Ἠ
333 2280 665 2352 προκειμένη
690 2282 962 2354 ἐπιγραφὴ
990 2285 1249 2355 περιέχει⁶
1281 2284 1419 2355 ’ῼδὴ
1441 2284 1558 2338 τῶν
1577 2283 1946 2353 Ἀναὸαθμῶν
1964 2301 1978 2315 ο
2010 2281 2389 2353 ἐξομολόγησις
2418 2279 2492 2352 (1)
2520 2277 2628 2330 τῶν
2651 2276 2905 2330 ἀνιέντων
2933 2277 3040 2330 ἀπὸ
3060 2276 3154 2330 τοῦ
3184 2273 3396 2349 πρώτου

147 2368 368 2440 βαθμοῦ
406 2373 497 2424 ἐπὶ
529 2373 621 2426 τὸν
653 2373 922 2445 δεύτερον,
955 2378 1229 2429 τουτέστιν
1254 2377 1360 2430 ἀπὸ
1391 2378 1490 2447 τῆς
1531 2378 1966 2449 ἐξομολογήσεως
1994 2376 2100 2430 τῶν
2142 2375 2422 2446 ἁμαρτιῶν
2466 2372 2580 2442 ἅμα
2609 2372 2798 2442 νήφειν
2826 2373 2891 2442 τῇ
2941 2371 3016 2441 (Ξ)
3047 2370 3274 2441 διανοίᾳ,
3304 2369 3397 2420 καὶ

149 2463 254 2530 τὴν
284 2463 530 2534 βοήθειαν
555 2465 718 2520 αὑτοῦ
747 2469 1147 2537 ἐπιγινώσκειν,
1180 2471 1368 2542 ὅτιπερ
1397 2471 1543 2540 παρὰ
1566 2471 1698 2524 Θεοῦ
1724 2473 1892 2525 ἐστιν.

229 2551 448 2608 Titulus
468 2558 789 2624 prmpositus
823 2560 1066 2612 continet
1101 2577 1114 2612 :
1146 2558 1423 2612 Canticum
1454 2557 1767 2624 Graduum;
1801 2557 2076 2614 confessio
2103 2555 2509 2614 ascendentium
2535 2569 2563 2606 a
2591 2553 2767 2621 primo
2796 2553 2964 2622 gradu
2994 2551 3045 2607 in
3075 2553 3392 2616 secundum,

147 2646 256 2699 hoc
287 2654 370 2698 est
406 2661 434 2699 a
463 2646 805 2702 cantessione
831 2659 1176 2717 peccatorum
1203 2650 1272 2704 ad
1295 2652 1460 2705 simul
1488 2652 1859 2720 evigilandum
1893 2661 2094 2715 mente,
2129 2658 2184 2704 et
2207 2649 2273 2702 ad
2298 2644 2702 2719 agnoscendum
2733 2644 2993 2698 auxilium
3037 2659 3218 2710 suum,
3248 2646 3394 2714 quod

143 2753 175 2789 ει
217 2737 326 2792 Deo
351 2747 453 2793 est.

224 2831 277 2884 1.
314 2832 583 2885 Ἀνέτεινα
637 2835 761 2896 τοὺς
808 2834 1116 2906 ὀφθαλμοὺς
1176 2836 1272 2906 τῆς
1324 2836 1560 2900 διανοίας
1617 2853 1717 2907 μου

1891 2835 1942 2889 1.
2001 2833 2206 2888 Intendi
2241 2831 2427 2886 oculos
2459 2833 2656 2882 mentis
2701 2845 2834 2883 mea!
2879 2828 2943 2884 ad
2996 2827 3322 2883 audiendum
3358 2843 3389 2882 a

143 2922 380 2977 ἀκοῦσαι
425 2926 572 2996 παρὰ
616 2926 722 2979 τῶν
765 2928 933 2995 ἁγίων
963 2929 1000 2980 Γ
1006 2929 1214 2999 ραφῶν,
1251 2929 1412 2984 πόθεν
1446 2927 1720 2982 ἐλεύσεται

1643 2945 1720 2981 ται
1819 2925 2021 2980 sanctis
2053 2921 2362 2992 Scripturis,
2400 2918 2542 2974 unde
2573 2919 2752 2972 veniet
2780 2919 3045 2972 auxilium
3074 2919 3230 2972 mihi.

144 3017 177 3083 ή
206 3013 428 3085 βοήθειά
451 3034 572 3084 μου.

221 3104 275 3167 2,
318 3107 370 3157 5.
421 3108 528 3158 Καὶ
572 3108 776 3177 ἥκουσα
816 3110 872 3161 ἐν
913 3109 1120 3172 αὑταῖς,
1159 3110 1239 3163 ὃτι
1287 3113 1319 3183 ή
1356 3111 1574 3183 βοήθειά
1621 3128 1721 3182 μου

1889 3098 1944 3161 2,
1970 3099 2022 3151 ’5.
2061 3097 2125 3148 Et
2148 3112 2211 3148 ex
2244 3095 2374 3162 ipsis
2401 3093 2602 3157 audivi,
2626 3093 2768 3163 quod
2801 3092 3060 3147 auxilium
3081 3108 3260 3147 meum
3285 3095 3387 3148 erit

141 3195 299 3266 παρὰ
332 3197 536 3267 Κυρίου
567 3197 745 3251 ἔσεται
775 3201 850 3271 (5)
878 3201 972 3254 τοῦ
1003 3201 1332 3274 δημιουργοῦ
1367 3204 1581 3256 πάντων
1614 3202 1719 3255 τῶν

1823 3204 1853 3244 a
1884 3183 2116 3242 Domino
2150 3195 2393 3241 creatore
2440 3185 2734 3239 visibilium
2767 3185 3011 3237 omnium
3040 3194 3094 3238 et
3138 3184 3383 3239 invisibi-

138 3289 359 3358 ὁρατῶν
393 3290 487 3341 καὶ
517 3291 624 3342 τῶν
648 3292 914 3362 ἀοράτων.
1751 3282 1788 3292 “
1823 3282 1976 3334 lium-

211 3381 266 3434 4.
311 3381 652 3452 Παραγγελεί
688 3384 763 3453 (1)
787 3383 932 3454 αὐτῷ
957 3383 1140 3439 λοιπὸν
1163 3386 1190 3437 ὁ
1210 3384 1341 3448 Θεός
1359 3401 1372 3414 ο
1406 3383 1616 3454 Μηκέτι
1641 3383 1720 3448 είς

1890 3373 1945 3426 4.
1981 3369 2331 3426 Denuntiabit
2359 3366 2552 3422 deinde
2580 3365 2680 3435 ipsi
2712 3363 2854 3420 Deus
2887 3383 2900 3418 :
2927 3362 3005 3418 Ne
3035 3363 3268 3434 amplius
3301 3367 3381 3419 in-

138 3471 232 3524 τὸν
251 3472 464 3524 ὄλισθον
479 3473 586 3524 τῶν
605 3475 882 3544 προτέρων
903 3492 994 3527 σου
1013 3477 1416 3545 ἁμαρτημάτων
1433 3474 1717 3542 περιπάτει

1818 3465 1978 3517 cedas
2035 3463 2086 3515 in
2133 3461 2340 3513 lubrico
2390 3458 2725 3510 anteriorum
2767 3468 2982 3510 tuorum
3011 3465 3377 3525 peccatorum.

139 3562 537 3633 [περιπατεῖν].
585 3564 782 3627 Σάλος
827 3566 933 3634 γὰρ
969 3563 1294 3632 πειρασμὸς
1338 3563 1710 3634 ἑρμηνεύεται.

1229 3563 1294 3629 ὸς
1338 3563 1710 3634 ἑρμηνεύεται,
1817 3552 1970 3607 Salas
1996 3554 2137 3604 enim
2165 3551 2382 3603 tentatio
2412 3550 2815 3616 interpretatur.

209 3654 264 3709 5.
302 3653 451 3725 Μηδὲ
481 3655 535 3707 δὲ
581 3654 802 3728 ὑπνώσῃ
844 3658 871 3708 ὀ
903 3655 1026 3719 νοῦς
1055 3673 1146 3708 σου
1176 3655 1269 3708 τοῦ
1301 3653 1483 3708 λοιποῦ
1512 3656 1590 3717 είς
1617 3654 1714 3725 τὴν

1885 3643 1934 3696 5.
1973 3641 2155 3712 Neque
2187 3658 2338 3695 mens
2377 3649 2465 3692 tua
2500 3639 2736 3692 dormiat
2769 3639 2820 3689 in
2854 3648 3126 3706 posterum
3158 3639 3211 3692 in
3249 3653 3377 3708 pec-

131 3747 436 3817 ἁμαρτίαν,
466 3746 601 3799 ἀλλὰ
651 3747 1012 3819 γρηγορείτω,
1054 3746 1150 3801 καὶ
1200 3745 1578 3818 προσευχέσθω
1619 3744 1711 3798 τοῦ

1813 3744 1956 3798 cato,
1991 3735 2083 3792 sed
2111 3735 2315 3804 vigilet,
2341 3743 2394 3788 et
2421 3744 2557 3798 oret,
2591 3749 2654 3787 ne
2687 3732 2888 3785 incidat
2915 3731 2966 3783 in
2996 3733 3368 3784 teutationem.

136 3839 216 3907 μὴ
244 3840 505 3906 ἐμπεσεῖν
533 3838 612 3902 εἰς
634 3838 959 3908 πειρασμόν.

1882 3829 1935 3882 6.
1972 3827 2109 3883 Ecce
2149 3844 2322 3897 neque
2353 3837 2632 3897 punctum,
2668 3840 2843 3894 neque
2877 3833 3203 3877 momentum
3241 3837 3375 3894 pre-

207 3927 264 3979 6.
297 3926 427 3980 Ἰδοὺ
475 3927 640 4000 [οὐδὲ]
698 3929 956 3999 στιγμήν,
1022 3926 1389 3999 οὐδὲ-χρόνον
1453 3926 1712 4000 παραλεί-

1814 3922 1937 3976 terit
1971 3921 2133 3981 Deus,
2167 3920 2219 3971 in
2264 3934 2373 3988 quo
2426 3933 2533 3969 non
2573 3916 2816 3984 aspiciat,
2846 3925 2899 3968 et
2924 3915 3194 3968 custodiat
3219 3929 3371 3968 men-

133 4035 231 4070 πει
266 4019 345 4089 (ις)
381 4023 408 4072 ὁ
440 4019 572 4081 Θεὸς
612 4019 844 4090 ἐφορῶν,
885 4020 977 4072 καὶ
1014 4021 1300 4088 φυλάσσων
1331 4019 1422 4072 τὸν
1457 4020 1580 4074 νοῦν
1620 4019 1709 4074 τὸν

1811 4022 1918 4067 tem
1947 4012 2214 4067 videntem
2246 4024 2390 4064 eum.
2422 4007 2594 4062 Israel
2624 4007 2769 4061 enim
2795 4006 3177 4075 interpretatur
3197 4005 3373 4058 videns

129 4110 352 4179 ὁρῶντο,
373 4111 552 4164 αὐτόν.
588 4110 834 4178 Ἰσραὴλ
855 4110 961 4182 γὰρ
987 4110 1343 4182 ἑρμηνεύεται
1363 4110 1516 4179 ὁρῶν
1540 4111 1705 4167 Θεόν.
1809 4107 1997 4160 Deum.

208 4205 265 4270 7,
289 4204 342 4262 8.
372 4205 575 4275 Κύριος
598 4205 661 4257 ἑκ
688 4203 876 4270 δεξιῶν
926 4204 1020 4258 σού
1070 4206 1217 4257 ἑστιν
1274 4203 1560 4272 φυλάσσων
1613 4203 1708 4257 κα)⁹

1880 4195 1931 4259 7,
1960 4193 2013 4248 8.
2057 4192 2318 4247 Dominus
2355 4206 2388 4246 a
2429 4189 2634 4244 dextris
2657 4189 2766 4244 tuis
2807 4197 2889 4243 est
2935 4187 3284 4252 custodiens,
3317 4196 3372 4241 et

128 4296 360 4349 σκέπων
392 4293 464 4365 (6)
503 4297 580 4357 εἰς
605 4294 672 4346 τά
701 4294 837 4364 ἔργα
865 4295 1231 4364 δικαιοσύνης.

1046 4295 1231 4364 σύνης.
1807 4299 2092 4358 protegens
2117 4287 2169 4339 in
2202 4299 2362 4353 opera
2385 4282 2628 4353 justitiaa.

203 4391 258 4444 9.
307 4389 395 4441 ’Ev
420 4386 497 4458 τῷ
532 4389 669 4456 φωτὶ
693 4386 767 4441 ὢν
792 4388 864 4459 (Ἰ)
896 4387 1068 4461 [ὄντα]
1106 4391 1252 4440 πᾶσα
1278 4387 1453 4459 θέρμη
1480 4403 1706 4458 πειρασ-

1875 4381 1927 4436 9.
1959 4381 2014 4433 ln
2043 4379 2161 4432 luce
2191 4385 2595 4445 permanentem
2637 4373 2815 4428 omnis
2858 4371 3172 4426 tentationis
3200 4380 3365 4424 aestus

125 4477 240 4543 μοῦ
269 4477 331 4530 οὐ
370 4478 593 4549 ξηρανεῖ
624 4494 682 4531 σε
704 4493 716 4506 ·
753 4477 894 4548 ἔχεις
942 4477 1048 4548 γὰρ
1078 4479 1134 4530 ἑν
1163 4479 1372 4539 ἑαυτοῖς
1401 4477 1500 4547 τήν
1526 4476 1704 4547 πηγὴν

1808 4489 1917 4528 non
1957 4482 2007 4528 te
2037 4481 2265 4536 exuret;
2312 4468 2479 4524 habes
2515 4467 2660 4522 enim
2697 4468 2749 4520 in
2778 4466 2950 4534 teipso
2978 4464 3179 4518 fontem
3217 4465 3360 4516 vitae.

120 4569 229 4638 τῆς
257 4568 423 4638 ξωῆςο
1729 4573 1779 4632 D

203 4660 292 4712 10.
321 4659 454 4712 Οὐδὲ
507 4661 540 4731 ή
591 4659 773 4732 ἀπάτη
805 4659 896 4714 τοῦ
928 4659 1045 4731 βίου
1078 4661 1264 4716 τούτου
1299 4661 1356 4712 ἑν
1411 4658 1489 4731 τῷ
1522 4659 1702 4712 σκότει

1875 4654 1952 4707 10.
1988 4651 2172 4720 Neque
2197 4649 2439 4719 deceptio
2465 4648 2626 4718 hujus
2664 4647 2785 4700 vita:
2831 4646 2884 4700 in
2921 4645 3157 4702 tenebris
3186 4646 3362 4701 domi-

123 4749 414 4821 κυριεύσει
451 4767 565 4805 σου.

1797 4746 2014 4800 nabilur
2042 4745 2157 4798 tibi.

200 4842 294 4905 11,
333 4842 416 4895 12.
460 4843 546 4895 Ἐν
582 4846 646 4915 τῇ
678 4844 858 4916 ἡμέρα
902 4844 1000 4914 τῆς
1043 4842 1272 4915 κρίσεως
1327 4843 1355 4895 ὀ
1398 4841 1600 4913 Κύριος
1637 4843 1699 4896 οὐ

1868 4839 1956 4900 11,
1990 4838 2074 4891 12.
2111 4837 2168 4888 1η
2204 4835 2290 4889 die
2318 4832 2509 4902 judicii
2538 4830 2804 4883 Dominus
2837 4843 2943 4882 non
2976 4837 3024 4881 te
3054 4827 3357 4886 comburet,

120 4931 432 4997 συγκαύσει
466 4950 556 4984 σε·
587 4935 646 4986 ού
692 4934 801 5004 γὰρ
834 4934 1048 5003 μέλλεις
1093 4933 1234 5003 ἔχειν
1275 4931 1499 4984 τοιαῦτα
1537 4931 1695 4999 ἔργα,

1799 4949 1905 4988 non
1933 4934 2076 4986 enim
2107 4932 2391 4985 habiturus
2421 4939 2504 4983 est
2527 4928 2650 4981 talia
2684 4941 2872 4995 opera,
2905 4923 3228 4994 quibuscum
3252 4921 3360 4988 igni

120 5024 250 5094 μέθ’
277 5017 352 5075 ὧν
373 5023 620 5090 manu;
643 5023 719 5094 τῷ
747 5025 878 5094 πυρὶ
903 5023 1292 5094 παραδοθῆναι.
1319 5023 1487 5092 ούδὲἡ
1525 5022 1695 5092 πρόσ-

1803 5025 2096 5079 tradendus
2140 5023 2215 5076 sis
2254 5035 2428 5088 neque
2479 5017 2805 5088 temporaria
2848 5015 3014 5085 gloria
3056 5013 3358 5081 principum

115 5134 319 5186 καιρος
344 5116 470 5182 δόξα
497 5116 605 5168 τῶν
631 5116 903 5188 ἀρχόντων
927 5116 1019 5168 τοῦ
1061 5116 1264 5185 κόσμου
1299 5114 1485 5166 τούτου
1509 5116 1540 5182 ή
1575 5113 1693 5165 κατ’

1803 5114 1966 5183 hujus
2009 5110 2194 5165 mundi
2235 5110 2489 5179 paulatim
2518 5106 2794 5171 deﬁciens,
2823 5107 2964 5159 sicut
3009 5101 3155 5157 luna.
3183 5100 3359 5156 domi-

114 5208 304 5274 ὀλίγον
338 5206 618 5275 φθίνουσα,
653 5206 839 5278 ὥσπερ
865 5209 898 5278 ή
942 5206 1134 5277 σελήνη
1155 5248 1170 5271 ,
1200 5203 1692 5259 καταδυναστεύσει

653 5206 839 5278 ὥσπερ
865 5209 898 5278 ή
942 5206 1134 5277 σελήνη
1155 5248 1170 5271 ,
1200 5203 1692 5259 καταδυναστεύσει
1801 5208 2018 5260 nubitur
2049 5206 2101 5258 in
2139 5213 2207 5258 te.

115 5314 220 5348 σου
263 5295 361 5364 (8).

1088 5389 1384 5450 Addenda
1417 5396 1476 5450 et
1516 5386 1889 5466 corrigenda
1920 5403 1999 5446 ex
2052 5383 2191 5445 cod.
2225 5384 2423 5444 Valic.

191 5491 272 5560 (1)
299 5490 361 5564 Ἦ
390 5489 474 5541 διὰ
511 5491 607 5564 τῆς
639 5491 1003 5564 κινναϐάρεως
1045 5489 1286 5560 περιέχει
1309 5508 1321 5520 ’
1375 5490 1448 5560 ᾬ.
1505 5507 1552 5541 τ.
1604 5489 1685 5542 Ἀ.
1848 5487 1930 5564 (ὅ)
1950 5486 2171 5564 -Χμνον
2201 5486 2259 5536 ού
2289 5482 2637 5554 παραλείπει,
2667 5479 2918 5545 εις.,τῶν
2942 5477 3354 5550 ὁρώντων,θιο.,

111 5555 262 5639 δπὲἒ
298 5555 652 5639 ἑρμηνεύξέαι
682 5555 1082 5630 ἐξομοὶῖόγησιςν
1114 5555 1232 5612 sic?
1404 5555 1416 5560 ’
1785 5555 1906 5639 νοῦΞ
1940 5555 2098 5639 ὀξίὲνῖ
2131 5567 2232 5608 ε¹⁰ο

190 5613 273 5700 (ἀ)
314 5613 672 5700 ’Ῡῆς’πρώτης
704 5613 1134 5700 ὲνξόμολοηίήσέως
1155 5646 1203 5683 τ.
1232 5631 1285 5683 ἁ.
1310 5631 1534 5702 ἄρχεται
1558 5632 1687 5684 άνα-
1959 5613 2352 5702 φυλάσσων-σε,
2385 5623 2481 5674 καὶ
2506 5621 2723 5702 σκέπων
2753 5627 2969 5698 cauete.

110 5687 424 5772 νήῲέιν-τῇζ
462 5687 564 5753 eic.
628 5687 667 5700 ’⁷
712 5687 760 5772 γ’
798 5687 809 5700 “
937 5687 994 5772 ζ’
1097 5687 1126 5772 ς
1348 5687 1413 5702 ”“

1348 5687 1358 5700 ’
1383 5687 1413 5702 ”
1855 5687 1929 5764 (7)
1960 5696 2098 5747 Φωτί
2124 5712 2219 5772 σου
2249 5694 2419 5772 ὄντος,
2455 5705 2583 5755 ctc.,
2617 5693 2675 5745 ἐν
2703 5687 2898 5759 ἑαυτῷ.

216 5762 503 5835 3)¹Ἐσ³ται,
534 5779 660 5833 ctc.,
693 5771 888 5825 desunt
922 5770 1029 5823 duo
1054 5768 1178 5821 τῶν.

984 5786 1029 5821 I0
1054 5768 1178 5821 τῶν.
1856 5762 1929 5834 8)
1964 5762 2433 5818 Καταδυναστεύει
2458 5779 2571 5815 σου.

216 5780 503 5835 afluant,
534 5780 660 5833 elc.,
693 5780 888 5825 desunt
922 5780 1029 5823 duo
1054 5787 1178 5821 των.

189 5780 272 5909 (4)
313 5839 702 5908 Παραγγέλλω,
730 5853 857 5906 ctc.,
896 5841 1292 5910 περιπατήσης,
1325 5848 1429 5893 etc.
