4018 6510
165 486 288 540 H25
993 475 1079 529 DE
1117 469 1393 529 TITULIS
1430 464 1873 524 PSALMORUM.
1916 493 1984 503 ——-
2025 459 2221 516 PSAL.
2267 453 2474 512 CXXII.
3233 446 3370 502 1216

1734 587 1778 642 Α
1876 581 1962 635 10.
1997 579 2162 634 Sedes
2187 591 2350 645 super
2374 575 2596 629 domum
2626 567 2816 623 David.

1878 675 1964 727 11.
2001 672 2202 741 Rogate
2224 683 2345 738 qua:
2370 666 2436 720 ad
2465 679 2649 734 pacem
2684 672 2811 717 sunt
2842 655 3164 722 Ierusalem,

1882 763 1968 817 ﬁ.
2003 763 2064 814 Et
2091 758 2421 814 abundantia
2457 754 2807 825 diligentibus
2836 761 2907 805 te.

1889 855 1973 908 15.
2002 852 2117 905 Fiat
2148 867 2251 920 pax
2277 849 2326 901 in
2361 848 2555 900 virtute
2590 855 2702 910 tua,

1883 944 1966 997 H.
2001 943 2062 996 Et
2092 941 2419 996 abundantia
2456 941 2508 992 in
2535 937 2777 992 turribus
2808 935 2934 988 tuis.

1881 1036 1965 1090 15.
2005 1034 2226 1104 Pi-Opter
2259 1033 2452 1086 fratres
2485 1046 2634 1085 meos
2661 1041 2713 1083 et
2746 1027 3025 1098 proximos
3053 1037 3224 1085 meos,

221 602 302 655 10.
334 598 630 670 Θρὸνοιὲπὶ
667 591 811 649 οἷκον
850 595 1028 648 Δαδίδ.

221 692 305 745 11.
344 693 400 744 Ἐ
409 693 551 762 ρωτή
560 707 682 742 σατε
703 689 764 759 δὴ
785 688 851 740 τὰ
878 689 954 749 είς
972 688 1191 756 είρήνην
1212 684 1308 754 τὴν
1337 680 1706 752 Ἰερουσαλὴμ,

218 785 301 838 19..
341 785 447 837 Καὶ
473 783 694 853 εὑθηνια
725 783 834 843 τοῖς
863 777 1117 845 ἀγαπῶσί
1139 793 1216 830 σε.

219 874 303 926 15.
337 872 576 925 Γενέσθω
598 871 659 941 δὴ
685 873 872 942 εἰρήνη
894 872 949 920 ἐν
965 872 1030 938 τῇ
1060 868 1285 936 δυνάμει
1313 883 1427 926 σου,

218 963 303 1016 14.
336 965 438 1014 Καὶ
468 962 688 1031 εὐθηνία
722 963 776 1012 ὲν
800 963 916 1021 ταῖς
951 955 1319 1028 πυργοϐἀρεσί
1360 971 1473 1008 σου.

218 1054 305 1106 15.
334 1054 534 1104 Ἕνεκα
559 1052 664 1102 τῶν
689 1050 928 1116 ἀδελφῶν
953 1066 1052 1118 μου
1083 1049 1174 1098 καὶ
1202 1045 1308 1097 τῶν
1344 1044 1567 1114 πλησίον
1588 1060 1706 1113 μου,

217 1144 301 1196 16.
340 1142 589 1195 Ἑλὰλουν
620 1141 682 1210 δὴ
719 1135 1229 1210 εἰρήνη[εἱρήνην]
1268 1138 1393 1205 περὶ
1430 1135 1542 1187 σοῦ.

1099 1135 1229 1206 νην]
1268 1138 1393 1205 περὶ
1430 1135 1542 1187 σοῦ.
1884 1126 1968 1179 16.
2005 1125 2289 1194 Loquebar
2317 1138 2500 1192 pacem
2525 1123 2590 1175 de
2617 1129 2686 1174 te.

217 1234 304 1285 17.
341 1234 541 1284 Ἕνεκα
579 1232 671 1282 τοῦ
709 1231 858 1283 οἴκου
888 1231 1090 1301 Κυρίου
1125 1227 1217 1280 τοῦ
1255 1226 1389 1279 Θεοῦ
1424 1224 1581 1295 ἡμῶν
1628 1223 1711 1289 ὲξ‹

1884 1217 1968 1269 17.
2004 1215 2230 1285 Propter
2283 1217 2504 1269 domum
2549 1211 2762 1267 Domini
2796 1209 2889 1264 Dei
2933 1206 3130 1273 nostri,
3159 1203 3378 1275 quaesivi

146 1323 384 1393 εζήτησα
411 1321 588 1387 ἀγαθά
614 1338 714 1372 σοι.

513 1321 588 1372 ,οἀ
614 1338 714 1372 σοι.
1813 1308 1954 1362 bona
1986 1307 2100 1361 tibi.

361 1411 496 1479 ᾨδὶ]
532 1409 648 1461 τῶν
694 1406 1078 1475 Ἀναϐαθμῶν.
1119 1409 1288 1460 ΨΑΛ.
1317 1409 1489 1460 PKB'.

2058 1410 2331 1466 Canticum
2370 1409 2661 1463 Graduum.
2698 1404 2896 1460 PSAL.
2933 1401 3169 1458 CXXII.

218 1502 268 1554 1.
312 1502 451 1571 Πρὸς
489 1503 546 1554 σὲ
579 1497 686 1572 ἦρα
719 1503 842 1562 τοὺς
869 1498 1173 1567 ὀφθαλμούς
1208 1515 1330 1567 μου,

1163 1516 1173 1560 ς
1208 1515 1330 1567 μου,
1888 1507 1935 1557 1.
1971 1504 2049 1556 Ad
2080 1513 2130 1556 te
2159 1502 2328 1554 levavi
2361 1502 2549 1554 oculos
2581 1514 2750 1563 meos,

214 1594 269 1646 2.
303 1593 342 1644 Τ
347 1594 403 1645 ὸν
438 1592 788 1646 κατοικοῦντα
819 1593 875 1643 ὲν
905 1591 981 1659 τῷ
1002 1590 1232 1660 οὐρανῷ.

1015 1590 1232 1660 ιύρανῷ.
1888 1593 1923 1645 2
1972 1591 2072 1657 Qui
2105 1591 2314 1645 habitas
2351 1590 2403 1643 in
2427 1590 2602 1643 caelis.

216 1685 270 1738 5.
319 1687 446 1738 Ἰδοὺ
478 1687 550 1749 ὡς
579 1684 844 1754 ὀφθαλμοὶ
870 1681 1066 1734 δούλων
1121 1682 1199 1745 εἱς
1246 1681 1437 1754 χεῖρας
1480 1680 1586 1734 τῶν
1621 1696 1719 1734 κυ-

1891 1683 1944 1736 ὖ.
1981 1681 2114 1736 Ecce
2163 1682 2302 1735 sicut
2332 1681 2474 1735 oculi
2508 1694 2789 1735 servorum
2831 1678 2884 1732 in
2931 1677 3180 1730 manibus
3204 1674 3381 1728 domi-

149 1775 281 1843 ρὶων
307 1777 500 1828 αὐτῶν·

1825 1790 2018 1829 norum
2042 1788 2263 1828 suorum

1290 1938 1660 1994 ATIIANASII
1706 1937 2270 1993 INTERPRETATIO.

221 2096 310 2151 10.
339 2095 532 2156 Καθὼς
561 2092 811 2163 εἴπαμεν,
849 2093 896 2144 oi
922 2090 1201 2144 ἀπόστολοι
1231 2091 1287 2143 ὲν
1317 2093 1380 2161 τῇ
1429 2090 1723 2161 Ἐκκλησία
1759 2098 1797 2152 Β

1897 2090 1981 2143 10.
2018 2089 2164 2144 Sicut
2193 2089 2449 2152 diximus,
2485 2091 2712 2158 apostoli
2743 2091 2797 2145 in
2831 2090 3068 2147 Ecclesia
3095 2109 3254 2146 ηιαπιι
3276 2095 3384 2164 for-

144 2190 257 2244 τοῦ
291 2186 499 2242 ἱκανοῦ
522 2185 596 2253 τῇ
629 2187 778 2253 χειρί
798 2204 810 2216 ’
847 2185 1002 2236 τοῦτο
1025 2185 1131 2254 γὰρ
1155 2183 1510 2253 ἑρμηνεύεται
1541 2182 1718 2235 Δαϐὶδ

1823 2183 1890 2235 tis
1919 2199 1936 2236 :
1969 2184 2041 2236 ita
2083 2184 2225 2235 enim
2265 2182 2432 2237 David
2468 2183 2853 2254 interpretatur
2878 2200 3036 2237 manu
3062 2185 3238 2254 fortis,
3258 2204 3388 2257 qua-

143 2279 360 2344 ικανὸς
389 2279 534 2347 χειρὶ
572 2279 672 2347 (1),
703 2279 839 2346 ὅπερ
868 2275 1014 2328 ἐστὶν
1042 2277 1089 2327 οἱ
1127 2276 1245 2327 Υἱοὶ
1275 2274 1368 2328 τοῦ
1395 2273 1550 2326 Θεοῦ.

758 2294 839 2346 τερ
868 2275 1014 2328 ἐστὶν
1042 2277 1089 2327 οἱ
1127 2276 1245 2327 Υἱοὶ
1275 2274 1368 2328 τοῦ
1395 2273 1550 2326 Θεοῦ.
1821 2274 1889 2328 lis
1915 2284 1996 2328 est
2029 2273 2118 2327 Dei
2155 2274 2345 2328 Filius.

219 2371 310 2424 11.
345 2371 540 2423 Λοιπὸν
571 2369 618 2420 οἱ
648 2367 891 2427 ἐλθόντες
927 2367 1019 2417 ἐπὶ
1049 2367 1108 2418 τὸ
1141 2365 1474 2435 φωτισθῆναι
1514 2365 1721 2419 δέονται

1894 2364 1979 2418 il.
2010 2363 2231 2418 Demum
2267 2366 2540 2420 venientes
2575 2365 2642 2420 ad
2679 2366 3133 2423 illuminationem
3171 2368 3385 2439 (nempe

142 2461 398 2530 λέγοντες
421 2462 528 2522 τοῖς
554 2459 865 2520 ἀποστόλοις
890 2473 901 2486 ·
925 2457 1342 2527 Παρακαλέσατε
1371 2458 1566 2520 ἱκανῶς
1591 2475 1722 2511 κατ-

1823 2457 1889 2512 ad
1917 2458 2286 2525 baptismum),
2316 2469 2605 2527 precantur
2631 2460 2870 2514 dicentes
2893 2462 3154 2530 apostolis
3180 2480 3194 2517 :
3222 2463 3383 2518 Orate

139 2553 444 2620 αλλαγῆναι
481 2553 610 2619 ἡμῖν
644 2550 720 2618 (‘2)
780 2550 866 2600 τὸν
914 2549 1064 2611 Θεὸν,
1115 2550 1201 2601 ἵνα
1248 2550 1341 2601 καὶ
1372 2552 1528 2618 ἡμεῖς
1564 2547 1724 2612 δεξώ-

1822 2551 1995 2616 va'de,
2032 2561 2091 2605 ut
2147 2551 2290 2607 Dens
2337 2553 2494 2606 nobis
2548 2553 2945 2618 reconcilietur,
2998 2564 3056 2608 ut
3101 2556 3261 2610 etiam
3286 2572 3383 2610 nos

145 2643 293 2710 μεθα
325 2643 420 2710 τὴν
449 2640 606 2710 χάριν
629 2639 792 2692 αὑτοῦ
815 2657 827 2669 ο
860 2640 934 2702 ὼς
976 2641 1080 2710 γὰρ
1106 2642 1468 2711 προείπαμεν,
1516 2641 1722 2708 Ἰερου-

1825 2644 2155 2712 accipiamus
2187 2643 2410 2710 gratiam
2429 2645 2545 2713 ejus
2571 2664 2582 2698 :
2606 2645 2745 2699 sicut
2767 2646 2908 2698 enim
2939 2655 3094 2700 antea
3125 2647 3383 2717 diximus,

140 2736 359 2801 σαλιὴμ
391 2732 745 2802 ἑρμηνεύεται
785 2731 1024 2800 Πνεῦμα
1046 2732 1230 2785 αὐτοῦ
1257 2733 1514 2798 χάριτος.

1823 2731 2119 2786 Jerusalem
2149 2733 2533 2802 interpretatur
2560 2734 2794 2803 Spiritus
2827 2738 3016 2805 gratia:
3046 2737 3181 2806 ejus.

221 2824 311 2877 12.
369 2825 444 2894 (3)
490 2825 599 2876 Καὶ
656 2822 996 2894 εὐθηνήσειή
1051 2822 1242 2893 καρδία
1273 2821 1450 2874 αὐτῶν
1498 2825 1556 2874 ὲν
1606 2823 1722 2885 ταῖς

1898 2824 1985 2876 12.
2016 2825 2081 2878 Ει
2122 2825 2418 2881 abundabit
2467 2842 2562 2882 cor
2608 2844 2799 2883 eorum
2845 2831 2897 2885 in
2943 2830 3225 2901 praeceptis
3257 2849 3383 2888 san-

141 2915 395 2976 ἐντολαῖς
429 2915 535 2966 τῶν
570 2916 758 2982 ἁγίων.

471 2915 535 2966 ῶν
570 2916 758 2982 ἁγίων.
1826 2923 2058 2968 ctorum.

221 3008 409 3061 15-15.
445 3009 522 3076 (4)
582 3007 638 3059 Ὀ
691 3007 846 3076 χορὸς
883 3005 988 3057 τῶν
1035 3004 1342 3056 ἀποστόλων
1394 3004 1540 3072 λέγει
1583 3002 1721 3073 πρὸς

1896 3007 2085 3060 15-15.
2120 3005 2333 3062 Chorus
2364 3008 2730 3077 apostolorum
2766 3009 2896 3064 dicit
2922 3011 2987 3064 ad
3017 3010 3182 3066 Deum
3211 3031 3222 3066 :
3251 3013 3381 3069 Pro-

136 3097 240 3153 τὸν
269 3099 420 3151 Θεόν·
449 3099 668 3150 Ἕνεκεν
696 3097 796 3166 τῆς
819 3096 1087 3166 σωτηρίας
1119 3096 1274 3166 ἡμῶν
1302 3096 1541 3163 ἀδελφῶν
1564 3098 1723 3166 ἡγου-

1824 3106 1941 3167 pter
1975 3099 2201 3154 salutem
2247 3108 2559 3154 nostrorum
2607 3099 2858 3166 fratrum,
2896 3103 2989 3172 qui
3035 3104 3382 3173 praeiverunt,

141 3190 356 3260 μένων,
389 3190 484 3243 καὶ
513 3188 620 3242 τῶν
671 3189 896 3259 πλησίον
941 3189 1098 3259 ἡμῶν
1145 3191 1447 3258 γενομένων
1488 3188 1575 3240 διὰ
1627 3188 1724 3258 τῆς

1825 3199 2089 3244 eteorum
2132 3191 2225 3260 qui
2271 3191 2502 3260 proximi
2534 3193 2707 3246 nostri
2750 3192 2878 3248 facti
2913 3206 3037 3250 sunt
3079 3211 3172 3265 per
3199 3194 3381 3260 ﬁdem,

139 3286 412 3345 πίστεως,

223 3376 315 3429 16.
363 3373 730 3445 Ἐλαλὴσαμεν
765 3374 944 3435 αὐτοῖς
978 3373 1067 3425 τὸν
1096 3372 1253 3440 λόγον
1287 3389 1377 3425 σου
1405 3372 1496 3424 καὶ
1519 3371 1616 3442 τὴν
1645 3372 1725 3434 είς

1897 3371 1984 3425 16.
2016 3369 2206 3425 Locuti
2251 3386 2442 3427 sumus
2491 3371 2623 3426 ipsis
2671 3370 2892 3425 verbum
2928 3380 3102 3439 tuum,
3133 3385 3186 3428 et
3233 3390 3381 3446 spem

137 3467 206 3519 σὲ
253 3465 464 3519 ἐλπίδα.

395 3466 464 3519 Βα.
1828 3462 1883 3516 in
1913 3473 1982 3517 te.

219 3557 312 3607 17.
355 3557 551 3608 Ἕνεκα
595 3554 689 3606 τοῦ
747 3551 1117 3622 καταρτισμοῦ
1166 3551 1272 3602 τῶν
1329 3552 1496 3618 ἁγίων
1543 3549 1719 3620 ᾔτησα

1898 3552 1984 3607 17.
2023 3553 2244 3620 Propter
2296 3551 2679 3622 perfectionem
2727 3563 3036 3609 sanctorum
3095 3556 3380 3623 postulavi-

137 3643 226 3714 (5)
264 3641 590 3715 [ᾑτήσαμεν]
624 3643 933 3713 χαρίσματα
952 3642 1045 3693 τοῦ
1074 3640 1389 3710 Πνεύματός
1425 3656 1518 3691 σου
1542 3638 1716 3705 ἁγίου.

1109 3640 1389 3710 [νεύματος
1425 3656 1518 3691 σου
1542 3638 1716 3705 ἁγίου.
1748 3648 1789 3703 c
1826 3657 1946 3696 mns
1977 3644 2116 3695 dona
2140 3643 2310 3696 sancti
2344 3643 2419 3696 tui
2443 3641 2696 3712 Spiritus.

234 3755 299 3806 Ἢ
327 3756 661 3826 προκειμένη
688 3754 964 3826 ἐπιγραφὴ
997 3755 1240 3826 περιέχει
1263 3753 1361 3820 (6)°
1400 3751 1535 3823 ’ῼδὴ
1576 3751 1694 3804 τῶν
1739 3748 2127 3820 Ἁναΰαθμῶν,
2162 3753 2298 3824 ὅπερ
2328 3752 2682 3823 ἑρμηνεύεται
2708 3753 3086 3825 ἐξομολόγησις
3118 3755 3226 3810 τῶν
3255 3758 3378 3811 ἀναο

131 3846 445 3900 δαινύντων
482 3848 590 3901 ἀπὸ
631 3847 723 3900 τοῦ
760 3850 941 3919 τρίτου
984 3846 1190 3916 βαθμοῦ
1244 3847 1340 3917 τῆς
1375 3845 1680 3907 θεοσεϐείας
1718 3845 1807 3897 ἐπὶ
1859 3844 1948 3896 τὸν
1980 3844 2235 3914 τέταρτον
2275 3847 2354 3917 εἱς
2389 3845 2601 3899 σύνεσιν
2629 3846 2956 3917 ἐρχομένων,
3004 3848 3097 3900 καὶ
3125 3851 3379 3916 γινωσκόο

130 3955 290 3992 ντων
326 3939 551 4002 ἑαυτοὺς
577 3939 653 4010 (7)
685 3940 778 3991 ἐπὶ
805 3942 924 4001 ταῖς
954 3939 1265 4009 ἁμαρτίαις,
1291 3938 1727 4008 ταπεινουμένων
1754 3938 1979 3991 ἐνώπιον
2000 3935 2094 3990 τοῦ
2119 3935 2276 4001 Θεοῦ,
2300 3937 2391 3990 καὶ
2413 3938 2677 4007 δεομένων
2705 3935 2890 4001 αὑτοῦ,
2920 3936 3060 3990 ὥστε
3081 3939 3381 4012 ἐλεηθῆναι.

223 4053 445 4109 Titulus
485 4057 808 4125 prazpositns
839 4055 1112 4108 continet:
1144 4055 1420 4108 Canticum
1453 4055 1744 4119 Gruduum,
1777 4055 1920 4125 quod
1957 4056 2341 4124 interpretatur
2385 4052 2654 4108 confessio
2703 4056 3109 4112 ascendentium
3153 4073 3184 4113 a
3226 4061 3382 4115 tertio

130 4146 328 4218 gradu
359 4148 537 4201 cultus
581 4161 708 4214 erga
755 4145 922 4198 Deum
953 4147 1006 4199 in
1039 4156 1295 4216 quartum
1339 4150 1564 4219 gradum
1612 4164 1823 4215 eorum,
1855 4150 1945 4218 qui
1985 4149 2292 4216 intelligunt
2320 4155 2374 4201 et
2399 4156 2734 4216 cognoscunt
2762 4164 2821 4203 se
2850 4149 2997 4220 ipsos
3033 4151 3086 4205 in
3112 4155 3379 4222 peccatis.

127 4243 447 4297 humiliant
480 4258 539 4298 se
562 4257 745 4296 coram
775 4241 904 4305 Deo,
935 4256 1167 4312 eumque
1195 4244 1571 4313 deprecantur,
1607 4253 1665 4299 ut
1692 4245 1933 4315 ipsorum
1968 4244 2309 4296 misereatur.

217 4335 276 4402 1,
305 4336 359 4389 2.
393 4336 504 4388 Οὐκ
538 4334 618 4388 ἔτι
643 4337 744 4409 τὴν
773 4336 958 4390 ἐλπίδα
995 4355 1096 4407 μου
1138 4337 1245 4406 ἔχω
1277 4339 1369 4391 ἐπὶ
1401 4341 1465 4409 τῇ
1501 4339 1726 4408 ματαιό-

1900 4337 2028 4401 1,2.
2054 4333 2170 4389 Νοιι
2208 4335 2440 4403 amplius
2485 4349 2657 4388 meam
2698 4348 2845 4402 spem
2893 4335 3185 4405 repositam
3212 4337 3379 4393 habeo

123 4443 272 4496 τητι
303 4424 413 4478 τῶν
440 4425 701 4478 εἱδῶλων·
739 4427 995 4480 ἀνένευσα
1019 4428 1127 4498 γὰρ
1149 4429 1272 4490 τοὺς
1295 4426 1600 4497 ὀφθαλμοὺς
1623 4427 1710 4497 τῆς

1830 4429 1884 4483 in
1931 4428 2196 4482 idolorum
2239 4426 2510 4490 vanitate;
2547 4423 2744 4478 sustuli
2775 4426 2919 4480 enim
2956 4428 3144 4482 oculos
3189 4429 3378 4484 mentis

121 4516 389 4576 διανοίας
418 4533 518 4586 μου
546 4516 678 4586 πρὸς
705 4517 764 4570 σὲ
793 4518 882 4570 τὸν
917 4521 975 4570 ὲν
1007 4517 1083 4588 τῷ
1104 4517 1315 4588 οὐρανῷ
1342 4517 1708 4573 κατοικοῦντα.

1210 4517 1315 4588 ανῷ
1342 4517 1720 4574 κατοικοῦντα.
1831 4535 1964 4574 mea:
1993 4521 2057 4573 ad
2088 4531 2160 4584 te,
2191 4520 2282 4587 qui
2313 4517 2522 4570 habitas
2549 4517 2601 4569 in
2626 4518 2797 4571 cordis.

212 4607 276 4662 '5.
306 4606 515 4677 Ὠσπερ
542 4605 614 4675 (8)
642 4606 869 4672 ἕκαστος
897 4609 1003 4661 τῶν
1035 4608 1232 4661 δούλων
1281 4610 1480 4679 ἀφορᾷ,
1539 4609 1633 4660 καὶ
1663 4608 1726 4660 τὸ

1899 4612 1952 4666 5.
1983 4608 2447 4675 Quemadmodum
2484 4610 2856 4678 unusquisque
2888 4616 3166 4662 servarum
3207 4611 3376 4665 intue-

122 4699 204 4769 ζῇ
216 4717 271 4762 ν,
287 4699 452 4752 καὶτὸ
469 4699 646 4753 θανεῖν
659 4700 819 4753 αὑτὸν
836 4703 892 4752 ὲν
908 4701 983 4770 τῷ
999 4702 1240 4772 Δεσπότῃ
1257 4701 1420 4754 αὐτοῦ
1441 4716 1453 4728 “
1476 4698 1617 4752 οὕτω
1632 4701 1709 4752 κα¹

1794 4767 1799 4772 _
1829 4712 1918 4758 tur
1940 4704 2101 4756 vitam
2134 4715 2312 4762 suam,
2337 4709 2390 4754 et
2421 4707 2650 4753 mortem
2673 4699 2725 4752 in
2757 4698 2971 4753 Domini
3001 4700 3085 4754 sui
3117 4708 3381 4770 potestate

362 4790 590 4844 ἐνώπιόν
623 4807 715 4844 σου
762 4759 1141 4863 παριστάμεθα
1188 4759 1240 4844 ἵδ
1275 4787 1430 4863 [οἷον]
1477 4791 1707 4861 βούλημα

1787 4762 1975 4856 ἐξείη
2007 4792 2078 4846 ita
2109 4792 2268 4844 etiam
2299 4805 2399 4846 nos
2426 4805 2610 4846 coram
2655 4800 2704 4846 te
2742 4800 3014 4855 astamus,
3059 4802 3374 4861 exspectan—

121 4881 242 4934 σόν
283 4883 402 4933 ἐστι
429 4882 646 4952 ποιῆσαι
677 4886 756 4946 εἰς
794 4887 961 4956 ἡμᾶς’
993 4884 1283 4952 ἀπολογίαν
1315 4885 1425 4955 γὰρ
1476 4885 1575 4936 οὐκ
1602 4882 1708 4952 ἔχοι

1829 4894 1930 4947 tes,
1958 4883 2084 4952 quid
2113 4883 2246 4938 velis
2270 4883 2324 4937 in
2352 4899 2452 4937 nos
2485 4884 2660 4938 facere
2686 4902 2698 4937 :
2726 4897 2900 4952 neque
2944 4883 3086 4937 enim
3119 4897 3299 4937 coram
3331 4893 3375 4940 te

121 4987 253 5041 μεν
286 4969 516 5024 ἐνώπιόν
547 4990 660 5029 σου.

1829 4974 2089 5028 habemus
2123 4972 2512 5028 defensionem.

1095 5129 1397 5192 Addenda
1423 5137 1482 5188 et
1514 5127 1887 5208 corrigenda
1929 5143 2007 5188 ex
2037 5125 2174 5188 cod.
2209 5126 2406 5186 Vatic.

210 5300 407 5370 (1)Τῇ
440 5315 606 5368 χειρι,
662 5308 792 5360 etc.,
825 5298 853 5348 ὁ
885 5294 1032 5356 Υἱός.

955 5294 1032 5356 ός.
1822 5291 2064 5370 ἀδελφῶν
2090 5293 2264 5370 ημῶν,
2291 5294 2402 5356 καί,
2440 5302 2539 5347 etc.

207 5357 786 5443 (Billitéiyilévshf
863 5435 887 5443 -
1043 5435 1146 5443 ._
1317 5436 1328 5443 .
1661 5434 1686 5443 -

1317 5436 1328 5443 ‘
1661 5434 1686 5443 -
2006 5357 2285 5443 Etiam.
2316 5374 2442 5443 (διίί.2
2470 5379 2560 5414 σου
2590 5361 2681 5413 τοῦ
2711 5360 2883 5429 ἁγίου,

540 5397 990 5514 ιξίαῑιθλοιςτιιτιτιξται
1033 5435 1197 5514 ημᾶς,
1218 5436 1340 5514 ’καὶ
1369 5434 1714 5514 καρήποφορῆ-

111 5499 236 5566 σαὶ
270 5499 360 5564 διὰ
389 5509 488 5579 τῆς
511 5499 731 5578 χάριτος
757 5499 919 5558 αὑτοῦ
942 5547 954 5569 ,
1003 5499 1173 5568 οὕτως
1202 5506 1276 5566 ὡς
1303 5507 1425 5568 τοὺς
1447 5499 1717 5571 ’ἀγαπῶν-
1997 5503 2116 5555 Τῶν
2143 5506 2221 5567 είς
2244 5521 2291 5579 σ.
2319 5506 2363 5556 ὲ.
2408 5499 2466 5556 κζ
2499 5499 2973 5569 συγγινωσκόντων
2992 5499 3220 5564 ἑαυτοῖς,
3245 5506 3373 5565 etc;

104 5601 241 5645 τας
277 5575 459 5634 αὐτόνζ
512 5575 543 5578 ”
588 5575 597 5578 ’
1336 5644 1342 5645 γ
1554 5643 1573 5645 Α
1819 5576 1912 5628 καὶ
1941 5575 2392 5645 ταπεινουμένων,
2424 5580 2526 5645 etc.

205 5637 298 5721 (4)
335 5651 402 5703 Ν.
588 5645 986 5721 Προσεύχονται
1025 5645 1206 5721 λοιπὸν
1257 5644 1395 5721 ύπὲῌρ
1440 5643 1615 5721 αςῦτῶν
1662 5645 1710 5721 οἱ
1889 5644 1963 5713 (8)
1995 5644 2101 5721 Καὶ
2122 5637 2306 5721 ὥσπερ
2344 5643 2399 5721 ἐξ
2432 5659 2481 5694 τ.
2517 5641 2564 5697 δ.
2623 5639 2732 5721 τῶν
2780 5638 3173 5721 ημαρτηκότων
3204 5637 3374 5705 ἀσύγ-

104 5706 437 5778 ἀτ-λέτολοι
466 5706 730 5784 λέγοντες·
771 5706 1014 5768 ΓειέσΘω
1041 5716 1102 5785 δὴ
1130 5717 1186 5766 ὲν
1220 5706 1399 5776 αὐτοῖς
1441 5716 1627 5784 εἰρήνη
1659 5715 1715 5765 ὲν
1818 5706 2030 5785 γνωάτα
2059 5715 2235 5785 ἀφορᾷ
2261 5706 2319 5764 τὸ
2338 5711 2456 5781 ζῇν,
2491 5723 2619 5776 ctc.,
2655 5706 2995 5776 αύτοῦέἷναιξ
3045 5719 3170 5772 etc.,
3230 5723 3373 5777 παρ-

104 5796 195 5863 τῇ
233 5783 602 5863 δυνάμεισου.
716 5785 802 5863 id.
826 5786 940 5863 Καὶ
967 5783 1258 5863 εὐθήνησεν
1279 5783 1555 5863 η-καρδίια,⁷
1573 5794 1701 5863 etc_.,
1815 5783 2075 5855 ι’στάμεθα
2106 5784 2365 5854 βούλημα,
2395 5793 2500 5836 etc.

112 5854 195 5917 u't'
240 5863 296 5913 in
331 5854 390 5912 η.
418 5858 500 5911 i2.
526 5854 589 5906 Ν.
616 5855 700 5908 15.
740 5857 794 5907 '0
829 5856 983 5924 χορὸς
1002 5854 1130 5918 τῶν,
1166 5867 1265 5909 etc.
1299 5855 1576 5925 Σωτηρίας
1600 5854 1707 5907 τῶν

478 5951 750 6012 ΡΑτιιοι.
784 5948 899 6012 Ge.
934 5948 1196 6010 XXVII.

3025 5939 3094 5996 39
