4018 6438
594 382 729 440 ἱῖὶτ

1415 375 1472 430 S.
1514 371 1882 429 ATIlANASll
1921 370 2068 426 OPP.
2113 368 2291 424 PARS
2329 367 2415 423 Ill.
2459 397 2527 408 —
2571 363 2987 422 EXEGETICA.

3710 353 3848 407 12‘28

661 501 712 551 Δ.
745 493 899 552 Sicut
921 492 1066 550 oculi
1095 492 1304 549 ancilla:
1333 492 1387 545 in
1419 489 1673 544 manibus
1726 486 1961 543 domina
1987 500 2102 542 sua:
2141 503 2154 540 :
2190 492 2235 547 Α

2333 483 2385 538 4.
2430 483 2515 546 Ὠς
2551 479 2819 551 ὀφθαλμοὶ
2855 477 3146 548 παιδίσκης
3179 476 3257 537 εἰς
3309 475 3497 544 χεῖρας
3520 471 3622 541 τῆς
3659 466 3858 542 κυρίας

588 667 599 684 ⁵
658 672 711 728 5.
741 673 821 728 Ita
851 670 992 726 oculi
1023 668 1197 725 nostri
1228 668 1295 722 ad
1319 666 1609 721 Dominum
1658 663 1828 720 Deum
1871 670 2119 718 nostrum
2142 702 2156 727 ,

661 847 714 901 6.
749 844 931 900 Donec
972 845 1297 898 misereatur
1333 842 1524 896 nostri.

661 937 714 988 7.
753 935 1011 990 Miserere
1062 935 1256 998 nostri,
1295 933 1546 996 Domine,
1579 931 1838 985 miserere
1871 930 2086 983 nostri:

660 1028 713 1082 8.
749 1026 887 1093 Quia
918 1026 1145 1080 multum
1174 1025 1362 1094 repleti
1388 1038 1582 1079 sumus
1609 1021 1982 1091 despectione.

659 1120 712 1174 9.
747 1118 884 1184 Quia
915 1119 1145 1172 multum
1170 1117 1372 1186 repleta
1401 1123 1486 1170 est
1513 1115 1693 1168 anima
1719 1120 1928 1168 nostra.

664 1211 750 1267 l0.
780 1210 1142 1282 Opprobrium
1173 1206 1607 1268 abundantibus,

665 1304 750 1358 ll.
775 1302 842 1356 Et
874 1303 1153 1372 despectio
1184 1300 1458 1370 superbis.

803 1391 1082 1447 Canticum
1117 1390 1410 1444 Graduum.
1444 1386 1645 1443 PSAL.
1677 1385 1954 1442 CXXIII.

664 1483 716 1537 1.
743 1482 860 1538 Nisi
889 1485 1017 1553 quia
1046 1482 1311 1536 Dominus
1347 1489 1464 1536 erat
1503 1480 1557 1534 in
1596 1480 1790 1546 nobis;

660 1573 714 1628 2.
753 1572 902 1627 Dicat
937 1588 1082 1626 nunc
1112 1572 1310 1625 lsrael:

662 1666 715 1720 5.
748 1663 860 1719 Nisi
883 1665 1008 1735 quia
1045 1663 1308 1719 Dominus
1336 1670 1451 1717 erat
1479 1661 1534 1714 in
1559 1659 1739 1723 nobis,

663 1760 717 1812 4.
751 1757 888 1812 Cum
914 1767 1270 1828 exsurgerent
1299 1755 1546 1809 homines
1584 1754 1638 1808 in
1679 1768 1809 1819 nos,

668 1849 720 1904 5.
749 1849 910 1904 Forte
942 1850 1095 1903 vivos
1127 1848 1487 1918 deglutissent
1518 1860 1640 1903 nos.

2260 576 2454 646 αὐτῆς·

2331 670 2385 726 5.
2417 667 2602 730 Οὕτως
2633 668 2683 719 oi
2711 663 2977 735 ὀφθαλμοὶ
3005 660 3159 733 ἡμῶν
3187 659 3324 728 πρὸς
3357 655 3561 727 Κύριον
3596 655 3692 708 τδν
3725 653 3858 707 Θεὸν

2259 757 2416 830 ἡμῶν
2425 800 2438 824 ,

2329 849 2381 904 6.
2413 849 2556 910 Ἕως
2587 839 2647 900 οῦ
2678 845 3017 916 οἱκτειρῆσαι
3044 845 3212 914 ἡμᾶς.

2329 941 2381 993 7.
2425 940 2675 1010 Ἐλέησον
2700 941 2868 1008 ἡμᾶς,
2892 936 3079 1004 Κύριε,
3113 936 3333 1006 ἐλέησον
3365 934 3534 1004 ἡμᾶς·

2329 1030 2381 1084 8.
2415 1031 2534 1083 Ὀτι
2567 1031 2659 1082 ἐπὶ
2685 1029 2820 1081 πολὺ
2854 1027 3208 1098 ἐπλήσθημεν
3239 1022 3674 1089 ἐξουδενὼσεως.

2330 1120 2384 1178 9.
2432 1120 2555 1172 Ἐπὶ
2587 1119 2770 1172 πλεῖον
2796 1118 3038 1190 ἐπλήσθη
3079 1121 3113 1188 η
3145 1119 3290 1188 ψυχὴ
3323 1116 3500 1187 ἡμῶν.

2334 1211 2418 1265 10.
2461 1212 2533 1263 Τὸ
2564 1211 2764 1273 ὄνειδος
2788 1213 2900 1272 τοῖς
2927 1209 3233 1280 εὐθηνοῦσι,

2332 1301 2419 1354 Η.
2454 1303 2563 1354 Καὶ
2591 1305 2624 1373 η
2659 1301 3006 1368 ἐξουδένωσις
3032 1304 3146 1364 τοῖς
3179 1301 3574 1371 ὑπερηφάνοις.

2449 1395 2587 1465 ’ῼδὴ
2652 1393 2770 1448 τῶν
2838 1392 3240 1462 Ἀναϐαθμῶν.
3288 1396 3461 1448 ’1“ΑΛ.
3497 1393 3690 1446 PKI".

2333 1486 2383 1539 1.
2421 1487 2483 1538 Εἰ
2512 1487 2584 1556 μὴ
2614 1487 2695 1538 ὅτι
2723 1485 2924 1556 Κύριος
2946 1481 3012 1555 ἦν
3041 1486 3100 1537 ἐν
3135 1486 3284 1554 ἡμῖν·

2331 1577 2388 1630 2.
2421 1577 2643 1630 Εῑπάτω
2678 1575 2742 1646 δὴ
2787 1575 3024 1646 Ἰσραήλ·

2332 1667 2385 1720 5.
2422 1667 2484 1719 El
2518 1667 2591 1737 μὴ
2619 1667 2700 1718 ὅτι
2727 1665 2931 1736 Κύριος
2959 1662 3027 1736 ἦν
3057 1668 3114 1719 ἐν
3139 1667 3294 1736 ἡμῖν,

2335 1756 2388 1809 4.
2441 1758 2524 1809 Ἐν
2549 1757 2626 1826 τῷ
2658 1756 3028 1825 ἐπαναστῆναι
3055 1757 3372 1828 ἀνθρώπους
3402 1757 3485 1824 ἐφ’
3515 1756 3689 1826 ἡμᾶς·

2201 1855 2243 1910 Β
2344 1847 2396 1900 5.
2432 1848 2575 1918 ’Ἄρα
2603 1846 2812 1911 ζῶντας
2844 1845 2910 1899 ἂν
2938 1846 3194 1900 κατέπιον
3221 1849 3387 1917 ἡμᾶς.

1711 1954 2086 2011 ATHANASII
2127 1955 2708 2012 INTERPRETATIO.

669 2101 722 2155 4.
756 2099 820 2155 Ει
845 2099 986 2154 sicut
1010 2098 1187 2152 omnis
1228 2098 1456 2161 ancilla,
1486 2111 1608 2166 quae
1663 2095 1927 2165 peccavit,
1966 2109 2168 2163 pavens

599 2205 655 2251 et
689 2207 924 2249 tremens
948 2203 1090 2247 astat
1116 2193 1351 2247 domina:
1375 2207 1488 2247 sua:
1508 2201 1853 2262 exspectans,
1887 2199 1981 2244 aut
2005 2190 2166 2244 morti

601 2288 762 2350 tradi,
783 2295 876 2341 aut
900 2287 1009 2339 vita
1032 2285 1224 2338 donari
1253 2302 1267 2339 :

673 2468 727 2532 5,
766 2465 818 2523 6.
849 2466 925 2521 lta
956 2467 1120 2521 etiam
1147 2480 1246 2521 nos
1276 2479 1425 2518 nunc
1451 2469 1853 2531 exspectamus,
1879 2469 1974 2515 aut
2009 2461 2175 2515 vitam

603 2559 759 2612 nobis
792 2573 822 2610 a
864 2556 974 2610 Deo
1008 2555 1262 2619 concedi,
1309 2562 1404 2607 ant
1450 2552 1653 2622 justam
1691 2558 2040 2619 peccatorum
2079 2566 2178 2606 no-

603 2661 842 2706 strorum
875 2648 1308 2702 retributionem.

677 2741 727 2795 7.
757 2740 1050 2794 Precamur
1075 2749 1146 2804 te,
1177 2737 1428 2800 Domine,
1457 2739 1719 2792 miserere
1749 2736 1942 2791 nostri.

677 2833 725 2888 8.
764 2832 968 2903 lmpleti
1007 2833 1152 2886 enim
1197 2847 1388 2886 sumus
1433 2830 1583 2884 omni
1634 2829 1920 2900 iniquitate
1957 2837 2010 2883 et
2054 2843 2180 2899 pec-

606 2934 750 2981 cato.

675 3019 729 3072 9.
765 3016 1083 3072 lnsanabilis
1117 3023 1202 3070 est
1243 3013 1535 3068 multitudo
1572 3021 1919 3083 peccatorum
1965 3021 2183 3067 nostro-

604 3124 748 3165 rum.

679 3202 766 3267 l0,
793 3202 881 3255 ll.
922 3197 1185 3254 Dominus
1233 3210 1408 3253 autem
1455 3199 1520 3252 ad
1564 3214 1657 3254 eos
1689 3214 1703 3254 :
1731 3199 1808 3254 Ne
1853 3200 2087 3254 timeatis
2113 3199 2183 3253 ob

605 3305 850 3368 peccata,
883 3309 980 3364 pro
1009 3294 1208 3363 quibus
1232 3293 1299 3347 ad
1335 3308 1420 3347 me
1447 3293 1697 3347 conversi
1726 3293 1859 3347 estis
1883 3311 1897 3357 ;
1925 3293 2185 3361 iniquita-

607 3398 692 3446 tes
717 3397 911 3442 vestrm
936 3394 1214 3440 vertentur
1245 3401 1408 3453 super
1441 3384 1746 3438 contrarias
1786 3391 2102 3450 potestates,
2131 3391 2186 3437 et

611 3479 993 3536 condemnatio
1036 3487 1212 3532 vestra
1251 3479 1354 3530 erit
1389 3491 1555 3546 super
1616 3475 1954 3545 principatus
1991 3483 2044 3529 et
2083 3489 2184 3544 po-

610 3581 834 3628 testates
863 3570 1088 3626 diaboli.

2346 2097 2399 2151 4.
2431 2096 2536 2150 Καὶ
2562 2097 2638 2160 ὡς
2697 2097 2901 2168 ἑκάστη
2949 2097 3232 2168 παιδίσκη,
3291 2098 3679 2167 ήμαρτηκυῖα,
3737 2097 3869 2166 μετὰ

2275 2188 2440 2258 φόϐου
2471 2189 2564 2241 κα)¹
2593 2188 2796 2258 τρόμου
2836 2189 3168 2261 παρίσταται
3197 2189 3262 2257 τῇ
3298 2185 3460 2257 κυρίᾳ
3517 2186 3696 2255 αὐτῆς
3731 2187 3871 2238 ἐκδε-

2276 2280 2478 2350 χομένη
2526 2280 2930 2350 ἢ.θανατῶσαι,
2971 2281 3003 2350 ἢ
3051 2281 3126 2353 (1)
3160 2281 3443 2353 χαρίσεται
3490 2277 3870 2350 [χαρίσασθαι]

2276 2375 2413 2444 αὐτῇ
2441 2374 2502 2426 τὸ
2531 2372 2630 2444 ζῇν
2653 2389 2666 2402 ⁸

2350 2466 2403 2528 5,
2429 2465 2478 2519 6.
2514 2466 2671 2518 Οὕτω
2706 2467 2798 2519 κα).
2829 2468 2992 2537 ἡμεῖς
3020 2465 3438 2536 ἀπεκδεχόμεθα
3465 2465 3563 2518 νῦν
3588 2465 3671 2532 (2)
3700 2463 3738 2539 ἢ
3781 2465 3872 2533 τὴν

2278 2556 2423 2627 ζωὴν
2455 2555 2672 2625 δοθῆναι
2693 2559 2824 2626 ἡμῖν
2854 2557 3004 2628 παρὰ
3039 2556 3196 2620 Θεοῦ,
3227 2557 3260 2626 ἢ
3295 2558 3394 2627 τὴν
3451 2557 3675 2609 δικαίαν
3711 2558 3871 2609 ἀντα-

2279 2650 2493 2701 πόδοσιν
2519 2647 2627 2700 τῶν
2651 2649 2935 2720 ἁμαρτιῶν
2965 2651 3139 2720 ἡμῶν.

2348 2744 2400 2797 7.
2435 2741 2676 2814 Δεόμεθά
2699 2759 2814 2805 σου,
2849 2742 3036 2815 Κύριε,
3061 2743 3283 2813 ἐλέησον
3312 2743 3479 2813 ἡμᾶς.

2348 2834 2400 2887 8.
2447 2834 2875 2905 Πεπληρωμένοι
2928 2835 3034 2906 γάρ
3071 2837 3238 2905 ἐσμεν
3269 2835 3450 2904 πάσης
3497 2834 3736 2903 ἁνομιας
3786 2832 3876 2884 καὶ

2279 2925 2574 2995 ἁμαρτίας.

2348 3016 2399 3069 9.
2473 3017 2804 3087 Ἀνήκαστόν
2857 3014 3240 3088 [Ἀνήκεστόν]
3299 3017 3375 3086 (3)
3421 3019 3537 3070 ἐστι
3575 3017 3640 3069 τὸ
3678 3015 3876 3085 πλῆθος

2279 3107 2387 3161 τῶν
2413 3108 2696 3178 ἁμαρτιῶν
2717 3106 2894 3178 ἡμῶν.

2353 3201 2440 3265 10,
2473 3201 2559 3256 Η.
2607 3202 2664 3253 '0
2690 3201 2744 3252 δὲ
2771 3199 2971 3270 Κύριος
3022 3200 3161 3271 πρὸς
3205 3198 3417 3263 αὐτούς’
3470 3199 3565 3270 Μὴ
3602 3199 3875 3267 φοϐεῖσθε,

2282 3291 2396 3346 ἀνθ’
2428 3286 2501 3345 ὧν
2529 3291 2899 3362 ἐπεστρέψατε
2927 3291 3003 3361 (4)
3055 3293 3191 3361 πρός
3234 3309 3299 3361 με
3322 3310 3334 3321 ο
3365 3293 3420 3344 αἱ
3450 3293 3676 3361 ἀνομίαι
3731 3291 3877 3362 ὑμῶν

2284 3385 2376 3438 ἐπὶ
2403 3385 2501 3448 τὰς
2527 3386 2776 3448 ἐναντίας
2802 3385 3080 3455 δυνάμεις,
3122 3385 3218 3437 καὶ
3273 3386 3332 3437 τὸ
3379 3387 3705 3456 κατάκριμα
3734 3387 3878 3454 ὑμῶν

2287 3479 2382 3530 ἐπὶ
2418 3477 2518 3541 τὰς
2541 3478 2638 3532 τοῦ
2664 3478 2907 3532 διαϐόλου
2931 3476 3105 3548 ἀρχὰς
3137 3479 3232 3530 καὶ
3264 3477 3535 3543 ἐξουσίας.

694 3667 756 3720 'H
784 3665 1114 3738 προκειμένη
1147 3664 1424 3736 ἐπιγραφὴ
1455 3663 1698 3736 περιέχει
1728 3663 1825 3732 (5)·
1868 3664 2004 3734 ᾨδὴ
2035 3664 2152 3718 τῶν
2195 3665 2598 3735 Ἀναϐαθμῶν,
2625 3667 2763 3737 ὅπερ
2791 3665 3154 3738 ἑρμηνεύεται
3195 3665 3586 3736 ἐξομολόγησις
3619 3665 3731 3717 τῶν
3760 3666 3881 3718 ἀνα·

612 3757 905 3811 ϐαινόντων
933 3759 1040 3811 ἀπὸ
1068 3758 1144 3827 (6)
1171 3757 1430 3827 τετάρτου
1457 3754 1666 3826 βαθμοῦ
1701 3756 1800 3824 τῆς
1831 3755 2143 3819 θεοσεϐείας
2198 3757 2290 3808 ἐπὶ
2351 3759 2442 3810 τὸν
2478 3759 2754 3829 πέμπτον’
2784 3760 3028 3811 τουτέστι
3063 3759 3140 3826 (7)
3197 3757 3334 3828 μετὰ
3366 3759 3463 3827 τὴν
3495 3757 3881 3827 ἐξομολόγησιν

611 3847 994 3914 φωτισθέντες,
1017 3846 1114 3898 καὶ
1144 3845 1480 3914 μεμνημένοι
1515 3844 1630 3905 πῶς
1657 3843 1731 3913 (8)
1760 3843 2104 3913 ἐκυριεύοντο
2131 3845 2235 3897 ὑπὸ
2264 3845 2371 3898 τῶν
2394 3849 2652 3900 ἐναντίων
2698 3847 2982 3917 δυνάμεων
3023 3847 3083 3900 τὸ
3135 3847 3420 3918 πρότερον·
3463 3847 3562 3899 καὶ
3590 3849 3675 3900 ὅτι
3713 3851 3784 3918 μὴ
3808 3847 3879 3916 (9)

610 3938 641 3990 ό
673 3937 802 4002 Θεὸς
822 3938 909 3992 διὰ
937 3939 1029 3992 τοῦ
1057 3938 1430 4009 βαπτίσματος
1458 3938 1726 4009 ἐρρύσατο
1753 3937 1950 4003 αὐτοὺς
1975 3940 2033 4006 ἐξ
2062 3940 2262 4006 αὐτῶν,
2303 3942 2534 4013 ἤμελλον
2591 3941 2958 4014 ἀποθνήσκειν
2993 3945 3048 3997 ἐν
3085 3947 3152 4016 τῇ
3201 3942 3446 4014 ἁμαρτίᾳ
3479 3944 3687 3998 αὐτῶν.

690 4047 908 4106 Titulus
935 4052 1260 4122 prmpositus
1296 4054 1541 4107 continet
1577 4071 1590 4106 :
1627 4053 1909 4108 Canticum
1946 4053 2242 4122 Craduum,
2272 4057 2417 4126 quod
2445 4055 2837 4124 interpretatur
2877 4054 3155 4109 confessio
3183 4054 3599 4109 ascendentium
3633 4073 3663 4110 a
3691 4063 3882 4124 quarto

615 4143 787 4215 gradu
823 4144 1003 4198 cultus
1027 4160 1152 4215 erga
1184 4145 1352 4199 Deum
1385 4146 1438 4198 in
1475 4145 1728 4214 quintum
1766 4164 1779 4198 :
1809 4147 1914 4200 hoc
1937 4156 2258 4211 esteorum,
2286 4149 2381 4216 qui
2418 4157 2546 4215 post
2575 4147 2977 4200 confessionem
3007 4147 3298 4200 illuminali
3331 4155 3480 4209 sunt,
3509 4156 3563 4201 et
3589 4148 3642 4200 in
3678 4161 3881 4201 meme-

613 4243 754 4298 riam
785 4247 1063 4300 revocant,
1096 4241 1371 4307 quomodo
1404 4238 1623 4292 fuerunt
1663 4240 1816 4308 prius
1852 4240 1954 4294 sub
1995 4241 2240 4295 dominio
2275 4243 2674 4294 contrariarum
2714 4249 3084 4310 potestatum;
3116 4250 3170 4295 et
3202 4241 3350 4312 quod
3384 4242 3489 4296 nisi
3518 4239 3671 4296 Deus
3694 4257 3789 4296 eos
3820 4244 3884 4294 ab

617 4334 752 4404 ipsis
775 4331 1098 4401 baptismate
1123 4330 1426 4392 liberasset,
1453 4330 1706 4384 morituri
1729 4341 1886 4384 erant
1913 4332 1967 4385 in
1997 4347 2189 4387 eorum
2226 4341 2467 4403 peccato.

688 4424 737 4480 1.
768 4420 882 4476 Nisi
907 4420 1067 4475 Jesus
1097 4417 1189 4473 Dei
1217 4417 1386 4473 Filius
1413 4416 1678 4472 Dominus
1714 4429 1899 4474 noster
1921 4421 2187 4487 venisset,

616 4523 672 4566 et
718 4511 1056 4581 apparuisset
1108 4523 1270 4578 super
1321 4516 1556 4574 terram,
1609 4512 1663 4562 et
1706 4521 1832 4561 cum
1873 4505 2186 4563 hominibus

619 4615 970 4660 οοηνετεειυε
998 4609 1160 4656 esset.

687 4695 742 4750 2.
779 4694 931 4748 Dicat
959 4702 1139 4747 autem
1164 4693 1398 4762 populus
1429 4700 1610 4748 mente
1639 4691 2001 4748 illuminatus.

688 4787 738 4841 ‘5.
774 4785 930 4854 Quod
954 4785 1057 4838 nisi
1093 4784 1206 4853 ipse
1231 4783 1493 4838 Dominus
1523 4784 1850 4838 advenisset.

693 4876 742 4928 ι.
777 4875 913 4930 Cum
938 4876 991 4929 in
1025 4890 1125 4929 nos
1153 4873 1422 4929 irruerent
1443 4873 1728 4928 contrarie
1749 4881 2066 4942 potestates.

691 5059 746 5112 5.
777 5056 1010 5120 Omnino
1052 5057 1126 5111 uti
1159 5058 1335 5112 adlmc
1378 5073 1596 5112 eramus
1627 5057 1681 5111 in
1727 5065 1871 5110 terra
1923 5056 2185 5120 viventes,

625 5151 784 5206 morti
813 5150 994 5206 traditi
1029 5149 1338 5204 fuissemus.

2367 4421 2416 4474 1.
2447 4422 2509 4475 Εἰ
2542 4422 2615 4492 μὴ
2653 4423 2856 4493 Ἰησοῦς
2885 4425 2912 4474 ό
2941 4423 3067 4486 Υἱὸς
3099 4422 3194 4475 τοῦ
3227 4421 3361 4476 Θεοῦ
3406 4423 3434 4474 ὁ
3463 4421 3668 4492 Κύριος
3732 4422 3883 4492 ἡμῶν

2292 4509 2442 4585 ἦλθε,
2476 4515 2569 4567 καὶ
2619 4513 2775 4584 ὤφθη
2833 4517 2925 4568 ἐπὶ
2980 4515 3083 4585 τῆς
3131 4515 3258 4584 γῆς,
3294 4517 3387 4568 καὶ
3425 4519 3538 4576 τοῖς
3574 4513 3883 4585 ἀνθρώποις

2295 4606 2728 4676 συνανεστράφη.

2362 4693 2417 4748 ‘2.
2450 4694 2670 4747 Εἱπατω
2693 4695 2756 4765 δὴ
2779 4697 2806 4748 ὁ
2833 4697 2960 4759 λαὸς
2993 4697 3021 4748 ό
3049 4696 3339 4765 φωτισθεὶς
3360 4696 3457 4767 τὴν
3481 4696 3745 4750 διάνοιαν.

2365 4785 2417 4838 5.
2456 4786 2576 4837 Ὅτι
2600 4787 2646 4838 εἰ
2689 4787 2766 4856 μὴ
2795 4787 2954 4850 αὐτὸς
2987 4790 3015 4840 ὁ
3052 4788 3247 4860 Κύριος
3279 4789 3633 4860 παρεγένετο.

2367 4876 2421 4930 4.
2468 4876 2555 4931 Ἑν
2577 4877 2655 4948 τῷ
2681 4879 2780 4942 τὰς
2813 4879 3058 4944 ἐναντίας
3086 4880 3342 4952 δυνάμεις
3374 4881 3711 4952 ἐπέρχεσθαι
3766 4879 3885 4934 καθ’

2296 4969 2471 5039 ἡμῶν.

2368 5061 2420 5115 5.
2443 5063 2610 5116 Παντὶ
2635 5063 2845 5133 τρόπῳ,
2870 5063 2945 5126 ὼς
2970 5063 3180 5135 ἔτιξμθ)
3200 5059 3342 5136 ἦμεν
3363 5066 3454 5117 ἐπὶ
3478 5065 3578 5136 τῆς
3601 5066 3727 5136 γῆς,
3755 5063 3885 5129 ζῶν-

2297 5171 2387 5217 τες
2417 5153 2482 5206 ἂν
2515 5154 2827 5224 ἐθανατώθη
2838 5173 2951 5224 μεν.

1570 5263 1873 5328 Addenda
1907 5270 1966 5325 et
1993 5266 2372 5346 corrigenda
2403 5287 2481 5333 ex
2516 5269 2659 5331 cod.
2692 5269 2896 5330 Vatic.

888 5376 1180 5467 θανατώσει
1208 5385 1393 5446 αὐτὴν,
1419 5386 1472 5455 η,
1505 5395 1609 5440 etc.

717 5459 774 5524 2)
797 5459 910 5511 Νῦν
933 5459 1099 5511 deest.

718 5531 771 5596 3)
830 5528 1160 5586 ’Δνίκαστον.
1221 5536 1349 5590 etc.,
1389 5527 1672 5597 ἁμαρτιῶν
1728 5545 1849 5596 μου.
1888 5525 2037 5582 Fort.
2087 5527 2192 5598 leg.

625 5599 898 5671 ἀνίκητον.

696 5667 783 5747 ut
808 5667 1222 5747 sumptam-

696 5740 774 5810 (5)
808 5738 871 5793 Ἦ
902 5738 990 5794 διὰ
1009 5738 1107 5809 τῆς
1138 5738 1502 5810 κινναϐάρεως
1536 5757 1598 5792 πε
1609 5756 1684 5810 ρ-.

2392 5389 2445 5458 6)
2493 5389 2622 5441 Ἀπὸ
2650 5389 2765 5442 τοῦ.

2397 5461 2446 5520 7)
2477 5458 2729 5512 Τουτέστι
2753 5458 2881 5515 τῶν.

2471 5531 2873 5671 Etyma-adeum,
2904 5533 2996 5585 καὶ
3035 5530 3397 5603 μεμνημένων
3425 5529 3483 5582 τδ
3513 5528 3634 5591 πῶς

2397 5669 2481 5738 10)
2517 5668 2666 5725 Ὀτε.

2397 5669 2481 5738 10)
2517 5668 2666 5725 Ὀτε.
