  <div class='ocr_page' id='page_1' title='image "/cluster/home/n/w/nwhite01/storage/ocr_20150623/27/ien.35556001660521/626.png"; bbox 0 0 4018 6470; ppageno 0'>
   <div class='ocr_carea' id='block_1_1' title="bbox 3260 5 3395 19">
    <p class='ocr_par' dir='ltr' id='par_1_1' title="bbox 3260 5 3395 19">
     <span class='ocr_line' id='line_1_1' title="bbox 3260 5 3395 19; baseline -0.015 -8"><span class='ocrx_word' id='word_1_1' title='bbox 3260 8 3269 11; x_wconf 93' lang='grc'><strong>-</strong></span> <span class='ocrx_word' id='word_1_2' title='bbox 3290 5 3395 19; x_wconf 33' lang='grc' dir='ltr'><strong>..χχ</strong></span> 
     </span>
    </p>
   </div>
   <div class='ocr_carea' id='block_1_2' title="bbox 134 414 1721 481">
    <p class='ocr_par' dir='ltr' id='par_1_2' title="bbox 134 414 1718 475">
     <span class='ocr_line' id='line_1_2' title="bbox 134 414 1718 475; baseline -0.003 -3"><span class='ocrx_word' id='word_1_3' title='bbox 134 419 267 475; x_wconf 73' lang='grc'><strong>1229</strong></span> <span class='ocrx_word' id='word_1_4' title='bbox 1055 415 1143 469; x_wconf 83' lang='lat' dir='ltr'><strong>DE</strong></span> <span class='ocrx_word' id='word_1_5' title='bbox 1180 416 1456 475; x_wconf 84' lang='lat' dir='ltr'><strong>TITULIS</strong></span> <span class='ocrx_word' id='word_1_6' title='bbox 1494 414 1718 470; x_wconf 73' lang='lat' dir='ltr'><strong>PSALM</strong></span> 
     </span>
    </p>
   </div>
   <div class='ocr_carea' id='block_1_3' title="bbox 1788 414 3375 481">
    <p class='ocr_par' dir='ltr' id='par_1_3' title="bbox 1788 416 3375 481">
     <span class='ocr_line' id='line_1_3' title="bbox 1788 416 3375 481; baseline 0.008 -12"><span class='ocrx_word' id='word_1_7' title='bbox 1788 416 1942 472; x_wconf 68' lang='lat' dir='ltr'><strong>RUM.</strong></span> <span class='ocrx_word' id='word_1_8' title='bbox 1980 448 2050 459; x_wconf 89' lang='lat'><strong>--</strong></span> <span class='ocrx_word' id='word_1_9' title='bbox 2089 416 2278 472; x_wconf 73' lang='lat' dir='ltr'><strong>PSAL.</strong></span> <span class='ocrx_word' id='word_1_10' title='bbox 2321 417 2557 476; x_wconf 72' lang='lat' dir='ltr'><strong>CXXIV.</strong></span> <span class='ocrx_word' id='word_1_11' title='bbox 3233 421 3375 481; x_wconf 70' lang='grc'><strong>1230</strong></span> 
     </span>
    </p>
   </div>
   <div class='ocr_carea' id='block_1_4' title="bbox 198 530 1785 609">
    <p class='ocr_par' dir='ltr' id='par_1_4' title="bbox 198 530 1766 607">
     <span class='ocr_line' id='line_1_4' title="bbox 198 530 1766 607; baseline 0.003 -20"><span class='ocrx_word' id='word_1_12' title='bbox 198 534 251 587; x_wconf 82' lang='grc'><strong>6.</strong></span> <span class='ocrx_word' id='word_1_13' title='bbox 288 530 378 586; x_wconf 85' lang='grc' dir='ltr'>Ἑν</span> <span class='ocrx_word' id='word_1_14' title='bbox 409 530 487 604; x_wconf 81' lang='grc' dir='ltr'>τῷ</span> <span class='ocrx_word' id='word_1_15' title='bbox 509 531 825 604; x_wconf 82' lang='grc' dir='ltr'>ὀργισθῆναι</span> <span class='ocrx_word' id='word_1_16' title='bbox 850 530 942 586; x_wconf 74' lang='grc' dir='ltr'>τὸν</span> <span class='ocrx_word' id='word_1_17' title='bbox 987 530 1155 602; x_wconf 80' lang='grc' dir='ltr'>θυμὸν</span> <span class='ocrx_word' id='word_1_18' title='bbox 1184 535 1348 588; x_wconf 83' lang='grc' dir='ltr'>αὐτοῦ</span> <span class='ocrx_word' id='word_1_19' title='bbox 1379 537 1462 605; x_wconf 74' lang='grc' dir='ltr'><strong>ἐφ’</strong></span> <span class='ocrx_word' id='word_1_20' title='bbox 1494 538 1662 607; x_wconf 77' lang='grc' dir='ltr'>ἡμᾶς,</span> <span class='ocrx_word' id='word_1_21' title='bbox 1721 538 1766 595; x_wconf 75' lang='grc' dir='ltr'>Α</span> 
     </span>
    </p>
   </div>
   <div class='ocr_carea' id='block_1_5' title="bbox 1522 530 3109 609">
    <p class='ocr_par' dir='ltr' id='par_1_5' title="bbox 1522 536 3109 609">
     <span class='ocr_line' id='line_1_5' title="bbox 1522 536 3109 609; baseline 0.004 -18"><span class='ocrx_word' id='word_1_22' title='bbox 1522 538 1662 607; x_wconf 78' lang='grc' dir='ltr'>ιμᾶς,</span> <span class='ocrx_word' id='word_1_23' title='bbox 1721 538 1766 595; x_wconf 75' lang='grc' dir='ltr'>Α</span> <span class='ocrx_word' id='word_1_24' title='bbox 1862 537 1915 590; x_wconf 84' lang='grc' dir='ltr'><strong>ϐ.</strong></span> <span class='ocrx_word' id='word_1_25' title='bbox 1946 536 2081 591; x_wconf 89' lang='lat' dir='ltr'><strong>Cum</strong></span> <span class='ocrx_word' id='word_1_26' title='bbox 2110 540 2439 597; x_wconf 87' lang='lat' dir='ltr'><strong>irasceretur</strong></span> <span class='ocrx_word' id='word_1_27' title='bbox 2470 538 2621 594; x_wconf 85' lang='lat' dir='ltr'><strong>furor</strong></span> <span class='ocrx_word' id='word_1_28' title='bbox 2641 557 2831 598; x_wconf 90' lang='lat' dir='ltr'><strong>eorum</strong></span> <span class='ocrx_word' id='word_1_29' title='bbox 2871 544 2927 599; x_wconf 83' lang='lat' dir='ltr'><strong>in</strong></span> <span class='ocrx_word' id='word_1_30' title='bbox 2963 556 3068 598; x_wconf 84' lang='lat' dir='ltr'><strong>nos</strong></span> <span class='ocrx_word' id='word_1_31' title='bbox 3094 583 3109 609; x_wconf 94' lang='lat'><strong>,</strong></span> 
     </span>
    </p>
   </div>
   <div class='ocr_carea' id='block_1_6' title="bbox 197 622 1784 705">
    <p class='ocr_par' dir='ltr' id='par_1_6' title="bbox 197 622 1389 695">
     <span class='ocr_line' id='line_1_6' title="bbox 197 622 1389 695; baseline -0.001 -16"><span class='ocrx_word' id='word_1_32' title='bbox 197 626 253 679; x_wconf 87' lang='lat'><strong>7.</strong></span> <span class='ocrx_word' id='word_1_33' title='bbox 294 626 434 695; x_wconf 82' lang='lat' dir='ltr'><strong>&#39;Apa.</strong></span> <span class='ocrx_word' id='word_1_34' title='bbox 462 624 523 676; x_wconf 82' lang='grc' dir='ltr'><strong>τὸ</strong></span> <span class='ocrx_word' id='word_1_35' title='bbox 545 622 689 693; x_wconf 77' lang='grc' dir='ltr'>ὕδωρ</span> <span class='ocrx_word' id='word_1_36' title='bbox 712 624 778 677; x_wconf 82' lang='grc' dir='ltr'>ἂν</span> <span class='ocrx_word' id='word_1_37' title='bbox 804 622 1192 677; x_wconf 81' lang='grc' dir='ltr'><strong>κατεπόντισεν</strong></span> <span class='ocrx_word' id='word_1_38' title='bbox 1218 627 1389 694; x_wconf 79' lang='grc' dir='ltr'>ἡμᾶς.</span> 
     </span>
    </p>
   </div>
   <div class='ocr_carea' id='block_1_7' title="bbox 1341 622 2928 705">
    <p class='ocr_par' dir='ltr' id='par_1_7' title="bbox 1341 629 2928 705">
     <span class='ocr_line' id='line_1_7' title="bbox 1341 629 2928 705; baseline 0.009 -27"><span class='ocrx_word' id='word_1_39' title='bbox 1341 643 1389 688; x_wconf 81' lang='grc' dir='ltr'><strong>ς.</strong></span> <span class='ocrx_word' id='word_1_40' title='bbox 1875 631 1930 685; x_wconf 88' lang='grc'><strong>7.</strong></span> <span class='ocrx_word' id='word_1_41' title='bbox 1956 629 2206 687; x_wconf 77' lang='lat' dir='ltr'><strong>Forsitan</strong></span> <span class='ocrx_word' id='word_1_42' title='bbox 2239 650 2380 705; x_wconf 87' lang='lat' dir='ltr'><strong>aqua</strong></span> <span class='ocrx_word' id='word_1_43' title='bbox 2412 635 2785 691; x_wconf 87' lang='lat' dir='ltr'><strong>absorbuisset</strong></span> <span class='ocrx_word' id='word_1_44' title='bbox 2810 653 2928 693; x_wconf 84' lang='lat' dir='ltr'><strong>nos.</strong></span> 
     </span>
    </p>
   </div>
   <div class='ocr_carea' id='block_1_8' title="bbox 196 716 1783 795">
    <p class='ocr_par' dir='ltr' id='par_1_8' title="bbox 196 716 1283 788">
     <span class='ocr_line' id='line_1_8' title="bbox 196 716 1283 788; baseline -0.001 -18"><span class='ocrx_word' id='word_1_45' title='bbox 196 718 253 771; x_wconf 89' lang='lat'><strong>8.</strong></span> <span class='ocrx_word' id='word_1_46' title='bbox 285 718 597 788; x_wconf 73' lang='grc' dir='ltr'>Χείμαρρον</span> <span class='ocrx_word' id='word_1_47' title='bbox 626 717 836 787; x_wconf 82' lang='grc' dir='ltr'><strong>διῆλθεν</strong></span> <span class='ocrx_word' id='word_1_48' title='bbox 869 719 901 786; x_wconf 85' lang='grc' dir='ltr'>ὴ</span> <span class='ocrx_word' id='word_1_49' title='bbox 934 716 1079 788; x_wconf 75' lang='grc' dir='ltr'>ψυχὴ</span> <span class='ocrx_word' id='word_1_50' title='bbox 1108 718 1283 787; x_wconf 79' lang='grc' dir='ltr'>ἡμῶψ</span> 
     </span>
    </p>
   </div>
   <div class='ocr_carea' id='block_1_9' title="bbox 1573 716 3160 795">
    <p class='ocr_par' dir='ltr' id='par_1_9' title="bbox 1876 721 3160 795">
     <span class='ocr_line' id='line_1_9' title="bbox 1876 721 3160 795; baseline 0.005 -20"><span class='ocrx_word' id='word_1_51' title='bbox 1876 722 1931 776; x_wconf 89' lang='lat'><strong>8.</strong></span> <span class='ocrx_word' id='word_1_52' title='bbox 1968 721 2285 779; x_wconf 76' lang='lat' dir='ltr'><strong>Torrentem</strong></span> <span class='ocrx_word' id='word_1_53' title='bbox 2322 727 2673 795; x_wconf 88' lang='lat' dir='ltr'><strong>pertransivit</strong></span> <span class='ocrx_word' id='word_1_54' title='bbox 2706 728 2886 783; x_wconf 87' lang='lat' dir='ltr'><strong>anima</strong></span> <span class='ocrx_word' id='word_1_55' title='bbox 2932 737 3160 783; x_wconf 89' lang='lat' dir='ltr'><strong>nostra:</strong></span> 
     </span>
    </p>
   </div>
   <div class='ocr_carea' id='block_1_10' title="bbox 195 807 1782 888">
    <p class='ocr_par' dir='ltr' id='par_1_10' title="bbox 195 807 1705 880">
     <span class='ocr_line' id='line_1_10' title="bbox 195 807 1705 880; baseline 0 -17"><span class='ocrx_word' id='word_1_56' title='bbox 195 809 248 863; x_wconf 90' lang='lat'><strong>9.</strong></span> <span class='ocrx_word' id='word_1_57' title='bbox 282 810 423 879; x_wconf 81' lang='grc' dir='ltr'><strong>Ἀρα</strong></span> <span class='ocrx_word' id='word_1_58' title='bbox 474 807 685 876; x_wconf 81' lang='grc' dir='ltr'><strong>διῆλθεν</strong></span> <span class='ocrx_word' id='word_1_59' title='bbox 710 810 742 877; x_wconf 81' lang='grc' dir='ltr'>ἠ</span> <span class='ocrx_word' id='word_1_60' title='bbox 770 807 914 879; x_wconf 79' lang='grc' dir='ltr'>ψυχὴ</span> <span class='ocrx_word' id='word_1_61' title='bbox 975 807 1130 877; x_wconf 82' lang='grc' dir='ltr'>ἡμῶν</span> <span class='ocrx_word' id='word_1_62' title='bbox 1156 808 1217 860; x_wconf 84' lang='grc' dir='ltr'><strong>τὸ</strong></span> <span class='ocrx_word' id='word_1_63' title='bbox 1242 808 1387 880; x_wconf 77' lang='grc' dir='ltr'>ὕδωρ</span> <span class='ocrx_word' id='word_1_64' title='bbox 1415 809 1475 861; x_wconf 87' lang='grc' dir='ltr'>τὺ</span> <span class='ocrx_word' id='word_1_65' title='bbox 1502 811 1705 864; x_wconf 85' lang='grc' dir='ltr'>ἀνυπό-</span> 
     </span>
    </p>
   </div>
   <div class='ocr_carea' id='block_1_11' title="bbox 1793 807 3380 888">
    <p class='ocr_par' dir='ltr' id='par_1_11' title="bbox 1876 811 3380 888">
     <span class='ocr_line' id='line_1_11' title="bbox 1876 811 3380 888; baseline 0.002 -21"><span class='ocrx_word' id='word_1_66' title='bbox 1876 811 1932 867; x_wconf 85' lang='grc'><strong>9.</strong></span> <span class='ocrx_word' id='word_1_67' title='bbox 1965 812 2219 869; x_wconf 75' lang='lat' dir='ltr'><strong>Forsitan</strong></span> <span class='ocrx_word' id='word_1_68' title='bbox 2244 816 2629 886; x_wconf 86' lang='lat' dir='ltr'><strong>pertransisset</strong></span> <span class='ocrx_word' id='word_1_69' title='bbox 2654 820 2837 873; x_wconf 84' lang='lat' dir='ltr'><strong>anima</strong></span> <span class='ocrx_word' id='word_1_70' title='bbox 2863 829 3047 875; x_wconf 87' lang='lat' dir='ltr'><strong>nostra</strong></span> <span class='ocrx_word' id='word_1_71' title='bbox 3071 831 3267 888; x_wconf 89' lang='lat' dir='ltr'><strong>aquam</strong></span> <span class='ocrx_word' id='word_1_72' title='bbox 3296 817 3380 871; x_wconf 84' lang='lat' dir='ltr'><strong>in-</strong></span> 
     </span>
    </p>
   </div>
   <div class='ocr_carea' id='block_1_12' title="bbox 130 904 1717 959">
    <p class='ocr_par' dir='ltr' id='par_1_12' title="bbox 130 915 343 954">
     <span class='ocr_line' id='line_1_12' title="bbox 130 915 343 954; baseline -0.005 -1"><span class='ocrx_word' id='word_1_73' title='bbox 130 915 343 954; x_wconf 67' lang='grc' dir='ltr'>ετατον.</span> 
     </span>
    </p>
   </div>
   <div class='ocr_carea' id='block_1_13' title="bbox 580 904 2167 959">
    <p class='ocr_par' dir='ltr' id='par_1_13' title="bbox 1808 904 2167 959">
     <span class='ocr_line' id='line_1_13' title="bbox 1808 904 2167 959; baseline 0.006 -2"><span class='ocrx_word' id='word_1_74' title='bbox 1808 904 2167 959; x_wconf 81' lang='lat' dir='ltr'><strong>tolerabilem.</strong></span> 
     </span>
    </p>
   </div>
   <div class='ocr_carea' id='block_1_14' title="bbox 200 988 1787 1071">
    <p class='ocr_par' dir='ltr' id='par_1_14' title="bbox 200 988 1710 1064">
     <span class='ocr_line' id='line_1_14' title="bbox 200 988 1710 1064; baseline 0 -20"><span class='ocrx_word' id='word_1_75' title='bbox 200 990 289 1044; x_wconf 91' lang='grc'><strong>10.</strong></span> <span class='ocrx_word' id='word_1_76' title='bbox 320 989 622 1057; x_wconf 74' lang='grc' dir='ltr'><strong>Εὐλογητὸς</strong></span> <span class='ocrx_word' id='word_1_77' title='bbox 655 988 873 1059; x_wconf 80' lang='grc' dir='ltr'>Κύριος,</span> <span class='ocrx_word' id='word_1_78' title='bbox 896 990 954 1052; x_wconf 86' lang='grc' dir='ltr'>ὂς</span> <span class='ocrx_word' id='word_1_79' title='bbox 978 990 1077 1043; x_wconf 81' lang='grc' dir='ltr'><strong>οὐκ</strong></span> <span class='ocrx_word' id='word_1_80' title='bbox 1104 989 1302 1043; x_wconf 79' lang='grc' dir='ltr'>ἔδωκεν</span> <span class='ocrx_word' id='word_1_81' title='bbox 1334 993 1483 1061; x_wconf 74' lang='grc' dir='ltr'>ἡμᾶς</span> <span class='ocrx_word' id='word_1_82' title='bbox 1509 992 1586 1056; x_wconf 85' lang='grc' dir='ltr'><strong>είς</strong></span> <span class='ocrx_word' id='word_1_83' title='bbox 1615 991 1710 1064; x_wconf 75' lang='grc' dir='ltr'><strong>θή-</strong></span> 
     </span>
    </p>
   </div>
   <div class='ocr_carea' id='block_1_15' title="bbox 1791 988 3378 1071">
    <p class='ocr_par' dir='ltr' id='par_1_15' title="bbox 1880 995 3378 1071">
     <span class='ocr_line' id='line_1_15' title="bbox 1880 995 3378 1071; baseline 0.005 -23"><span class='ocrx_word' id='word_1_84' title='bbox 1880 995 1967 1051; x_wconf 89' lang='grc'><strong>10.</strong></span> <span class='ocrx_word' id='word_1_85' title='bbox 1995 996 2323 1053; x_wconf 83' lang='lat' dir='ltr'><strong>Benedictus</strong></span> <span class='ocrx_word' id='word_1_86' title='bbox 2383 998 2669 1067; x_wconf 87' lang='lat' dir='ltr'><strong>Dominus,</strong></span> <span class='ocrx_word' id='word_1_87' title='bbox 2716 1002 2810 1071; x_wconf 81' lang='lat' dir='ltr'><strong>qui</strong></span> <span class='ocrx_word' id='word_1_88' title='bbox 2858 1016 2968 1056; x_wconf 86' lang='lat' dir='ltr'><strong>non</strong></span> <span class='ocrx_word' id='word_1_89' title='bbox 3002 1001 3150 1057; x_wconf 87' lang='lat' dir='ltr'><strong>dedit</strong></span> <span class='ocrx_word' id='word_1_90' title='bbox 3180 1018 3279 1057; x_wconf 86' lang='lat' dir='ltr'><strong>nos</strong></span> <span class='ocrx_word' id='word_1_91' title='bbox 3323 1001 3378 1055; x_wconf 90' lang='lat' dir='ltr'><strong>in</strong></span> 
     </span>
    </p>
   </div>
   <div class='ocr_carea' id='block_1_16' title="bbox 126 1081 1713 1156">
    <p class='ocr_par' dir='ltr' id='par_1_16' title="bbox 126 1081 825 1156">
     <span class='ocr_line' id='line_1_16' title="bbox 126 1081 825 1156; baseline -0.01 -17"><span class='ocrx_word' id='word_1_92' title='bbox 126 1103 229 1156; x_wconf 82' lang='grc' dir='ltr'><strong>ραν</strong></span> <span class='ocrx_word' id='word_1_93' title='bbox 250 1088 361 1145; x_wconf 87' lang='grc' dir='ltr'>τοῖς</span> <span class='ocrx_word' id='word_1_94' title='bbox 387 1082 593 1134; x_wconf 75' lang='grc' dir='ltr'>ὀδοῦσιν</span> <span class='ocrx_word' id='word_1_95' title='bbox 626 1081 825 1133; x_wconf 74' lang='grc' dir='ltr'>αὐτῶν.</span> 
     </span>
    </p>
   </div>
   <div class='ocr_carea' id='block_1_17' title="bbox 1060 1081 2647 1156">
    <p class='ocr_par' dir='ltr' id='par_1_17' title="bbox 1812 1088 2647 1155">
     <span class='ocr_line' id='line_1_17' title="bbox 1812 1088 2647 1155; baseline 0.01 -15"><span class='ocrx_word' id='word_1_96' title='bbox 1812 1088 2117 1155; x_wconf 86' lang='lat' dir='ltr'><strong>captionem</strong></span> <span class='ocrx_word' id='word_1_97' title='bbox 2146 1088 2399 1145; x_wconf 83' lang='lat' dir='ltr'><strong>dentibus</strong></span> <span class='ocrx_word' id='word_1_98' title='bbox 2433 1106 2647 1148; x_wconf 88' lang='lat' dir='ltr'><strong>eorum.</strong></span> 
     </span>
    </p>
   </div>
   <div class='ocr_carea' id='block_1_18' title="bbox 197 1170 1784 1255">
    <p class='ocr_par' dir='ltr' id='par_1_18' title="bbox 197 1170 1425 1244">
     <span class='ocr_line' id='line_1_18' title="bbox 197 1170 1425 1244; baseline -0.004 -15"><span class='ocrx_word' id='word_1_99' title='bbox 197 1176 287 1229; x_wconf 86' lang='grc'><strong>11.</strong></span> <span class='ocrx_word' id='word_1_100' title='bbox 330 1176 394 1227; x_wconf 79' lang='grc' dir='ltr'><strong>Ἠ</strong></span> <span class='ocrx_word' id='word_1_101' title='bbox 418 1175 562 1244; x_wconf 73' lang='grc' dir='ltr'>ψυχὴ</span> <span class='ocrx_word' id='word_1_102' title='bbox 595 1173 750 1244; x_wconf 79' lang='grc' dir='ltr'>ἡμῶν</span> <span class='ocrx_word' id='word_1_103' title='bbox 783 1173 857 1232; x_wconf 82' lang='grc' dir='ltr'>ὡς</span> <span class='ocrx_word' id='word_1_104' title='bbox 882 1170 1159 1240; x_wconf 83' lang='grc' dir='ltr'>στρουθίον</span> <span class='ocrx_word' id='word_1_105' title='bbox 1188 1170 1425 1242; x_wconf 77' lang='grc' dir='ltr'>ὲρῤύσθη</span> 
     </span>
    </p>
   </div>
   <div class='ocr_carea' id='block_1_19' title="bbox 1524 1170 3111 1255">
    <p class='ocr_par' dir='ltr' id='par_1_19' title="bbox 1882 1177 3111 1255">
     <span class='ocr_line' id='line_1_19' title="bbox 1882 1177 3111 1255; baseline 0.007 -25"><span class='ocrx_word' id='word_1_106' title='bbox 1882 1177 1967 1231; x_wconf 91' lang='grc'><strong>11.</strong></span> <span class='ocrx_word' id='word_1_107' title='bbox 1996 1179 2189 1233; x_wconf 88' lang='lat' dir='ltr'><strong>Anima</strong></span> <span class='ocrx_word' id='word_1_108' title='bbox 2215 1192 2399 1235; x_wconf 88' lang='lat' dir='ltr'><strong>nostra</strong></span> <span class='ocrx_word' id='word_1_109' title='bbox 2428 1183 2569 1237; x_wconf 87' lang='lat' dir='ltr'><strong>sicut</strong></span> <span class='ocrx_word' id='word_1_110' title='bbox 2600 1199 2789 1252; x_wconf 88' lang='lat' dir='ltr'><strong>passer</strong></span> <span class='ocrx_word' id='word_1_111' title='bbox 2816 1193 2999 1255; x_wconf 89' lang='lat' dir='ltr'><strong>erepta</strong></span> <span class='ocrx_word' id='word_1_112' title='bbox 3028 1193 3111 1239; x_wconf 84' lang='lat' dir='ltr'><strong>est</strong></span> 
     </span>
    </p>
   </div>
   <div class='ocr_carea' id='block_1_20' title="bbox 196 1262 1783 1339">
    <p class='ocr_par' dir='ltr' id='par_1_20' title="bbox 196 1262 1320 1335">
     <span class='ocr_line' id='line_1_20' title="bbox 196 1262 1320 1335; baseline -0.004 -14"><span class='ocrx_word' id='word_1_113' title='bbox 196 1269 295 1323; x_wconf 67' lang='grc'><strong>12.</strong></span> <span class='ocrx_word' id='word_1_114' title='bbox 333 1268 425 1319; x_wconf 83' lang='grc' dir='ltr'>Ἐκ</span> <span class='ocrx_word' id='word_1_115' title='bbox 458 1267 555 1335; x_wconf 83' lang='grc' dir='ltr'><strong>τῆς</strong></span> <span class='ocrx_word' id='word_1_116' title='bbox 580 1266 802 1333; x_wconf 75' lang='grc' dir='ltr'><strong>παγίδος</strong></span> <span class='ocrx_word' id='word_1_117' title='bbox 829 1263 937 1315; x_wconf 87' lang='grc' dir='ltr'><strong>τῶν</strong></span> <span class='ocrx_word' id='word_1_118' title='bbox 964 1262 1320 1333; x_wconf 81' lang='grc' dir='ltr'>θηρευόντων,</span> 
     </span>
    </p>
   </div>
   <div class='ocr_carea' id='block_1_21' title="bbox 1077 1262 2664 1339">
    <p class='ocr_par' dir='ltr' id='par_1_21' title="bbox 1077 1262 2664 1339">
     <span class='ocr_line' id='line_1_21' title="bbox 1077 1262 2664 1339; baseline 0.01 -25"><span class='ocrx_word' id='word_1_119' title='bbox 1077 1262 1320 1318; x_wconf 87' lang='grc' dir='ltr'>ευόντων,</span> <span class='ocrx_word' id='word_1_120' title='bbox 1883 1268 1969 1322; x_wconf 75' lang='grc'><strong>12.</strong></span> <span class='ocrx_word' id='word_1_121' title='bbox 2004 1268 2078 1322; x_wconf 88' lang='lat' dir='ltr'><strong>De</strong></span> <span class='ocrx_word' id='word_1_122' title='bbox 2106 1270 2301 1339; x_wconf 82' lang='lat' dir='ltr'><strong>laquco</strong></span> <span class='ocrx_word' id='word_1_123' title='bbox 2327 1274 2664 1330; x_wconf 79' lang='lat' dir='ltr'><strong>venantium.</strong></span> 
     </span>
    </p>
   </div>
   <div class='ocr_carea' id='block_1_22' title="bbox 196 1358 1783 1431">
    <p class='ocr_par' dir='ltr' id='par_1_22' title="bbox 196 1358 1665 1431">
     <span class='ocr_line' id='line_1_22' title="bbox 196 1358 1665 1431; baseline 0.001 -19"><span class='ocrx_word' id='word_1_124' title='bbox 196 1361 287 1414; x_wconf 74' lang='grc'><strong>15.</strong></span> <span class='ocrx_word' id='word_1_125' title='bbox 328 1361 390 1411; x_wconf 87' lang='grc' dir='ltr'><strong>Ἦ</strong></span> <span class='ocrx_word' id='word_1_126' title='bbox 425 1360 589 1427; x_wconf 60' lang='grc' dir='ltr'>παγίς</span> <span class='ocrx_word' id='word_1_127' title='bbox 620 1358 928 1429; x_wconf 75' lang='grc' dir='ltr'>συνετρίϐη,</span> <span class='ocrx_word' id='word_1_128' title='bbox 966 1358 1058 1410; x_wconf 79' lang='grc' dir='ltr'><strong>καὶ</strong></span> <span class='ocrx_word' id='word_1_129' title='bbox 1104 1360 1264 1427; x_wconf 76' lang='grc' dir='ltr'>ἡμεῖς</span> <span class='ocrx_word' id='word_1_130' title='bbox 1300 1358 1665 1431; x_wconf 81' lang='grc' dir='ltr'>ὲῤῥύσθημεν.</span> 
     </span>
    </p>
   </div>
   <div class='ocr_carea' id='block_1_23' title="bbox 1787 1358 3374 1431">
    <p class='ocr_par' dir='ltr' id='par_1_23' title="bbox 1880 1360 3374 1428">
     <span class='ocr_line' id='line_1_23' title="bbox 1880 1360 3374 1428; baseline 0.005 -15"><span class='ocrx_word' id='word_1_131' title='bbox 1880 1360 1967 1414; x_wconf 77' lang='grc'><strong>15.</strong></span> <span class='ocrx_word' id='word_1_132' title='bbox 2006 1360 2259 1428; x_wconf 81' lang='lat' dir='ltr'><strong>Laqueus</strong></span> <span class='ocrx_word' id='word_1_133' title='bbox 2288 1365 2555 1418; x_wconf 87' lang='lat' dir='ltr'><strong>contritus</strong></span> <span class='ocrx_word' id='word_1_134' title='bbox 2576 1373 2680 1427; x_wconf 89' lang='lat' dir='ltr'><strong>cst,</strong></span> <span class='ocrx_word' id='word_1_135' title='bbox 2702 1374 2755 1418; x_wconf 87' lang='lat' dir='ltr'><strong>ct</strong></span> <span class='ocrx_word' id='word_1_136' title='bbox 2789 1380 2889 1421; x_wconf 91' lang='lat' dir='ltr'><strong>nos</strong></span> <span class='ocrx_word' id='word_1_137' title='bbox 2917 1366 3125 1421; x_wconf 80' lang='lat' dir='ltr'><strong>liberati</strong></span> <span class='ocrx_word' id='word_1_138' title='bbox 3165 1381 3374 1421; x_wconf 75' lang='lat' dir='ltr'><strong>sumus.</strong></span> 
     </span>
    </p>
   </div>
   <div class='ocr_carea' id='block_1_24' title="bbox 195 1449 1782 1528">
    <p class='ocr_par' dir='ltr' id='par_1_24' title="bbox 195 1449 1418 1521">
     <span class='ocr_line' id='line_1_24' title="bbox 195 1449 1418 1521; baseline -0.001 -18"><span class='ocrx_word' id='word_1_139' title='bbox 195 1452 289 1504; x_wconf 73' lang='grc'><strong>14.</strong></span> <span class='ocrx_word' id='word_1_140' title='bbox 325 1452 387 1503; x_wconf 83' lang='grc' dir='ltr'><em>Ἢ</em></span> <span class='ocrx_word' id='word_1_141' title='bbox 418 1450 638 1521; x_wconf 79' lang='grc' dir='ltr'>βοήθεια</span> <span class='ocrx_word' id='word_1_142' title='bbox 665 1449 821 1521; x_wconf 83' lang='grc' dir='ltr'>ἡμῶν</span> <span class='ocrx_word' id='word_1_143' title='bbox 851 1451 907 1502; x_wconf 79' lang='grc' dir='ltr'>ἐν</span> <span class='ocrx_word' id='word_1_144' title='bbox 938 1449 1159 1518; x_wconf 86' lang='grc' dir='ltr'>ὀνόματι</span> <span class='ocrx_word' id='word_1_145' title='bbox 1191 1449 1418 1520; x_wconf 78' lang='grc' dir='ltr'><strong>Κυρίου,</strong></span> 
     </span>
    </p>
   </div>
   <div class='ocr_carea' id='block_1_25' title="bbox 1650 1449 3237 1528">
    <p class='ocr_par' dir='ltr' id='par_1_25' title="bbox 1879 1454 3237 1528">
     <span class='ocr_line' id='line_1_25' title="bbox 1879 1454 3237 1528; baseline 0.007 -23"><span class='ocrx_word' id='word_1_146' title='bbox 1879 1454 1966 1510; x_wconf 74' lang='grc'><strong>14.</strong></span> <span class='ocrx_word' id='word_1_147' title='bbox 1998 1455 2342 1522; x_wconf 79' lang='lat' dir='ltr'><strong>Adjutorium</strong></span> <span class='ocrx_word' id='word_1_148' title='bbox 2375 1466 2619 1511; x_wconf 90' lang='lat' dir='ltr'><strong>nostrum</strong></span> <span class='ocrx_word' id='word_1_149' title='bbox 2643 1460 2696 1511; x_wconf 89' lang='lat' dir='ltr'><strong>in</strong></span> <span class='ocrx_word' id='word_1_150' title='bbox 2726 1460 2945 1513; x_wconf 90' lang='lat' dir='ltr'><strong>nomine</strong></span> <span class='ocrx_word' id='word_1_151' title='bbox 2985 1456 3237 1528; x_wconf 88' lang='lat' dir='ltr'><strong>Domini,</strong></span> 
     </span>
    </p>
   </div>
   <div class='ocr_carea' id='block_1_26' title="bbox 195 1540 1782 1613">
    <p class='ocr_par' dir='ltr' id='par_1_26' title="bbox 195 1540 1561 1613">
     <span class='ocr_line' id='line_1_26' title="bbox 195 1540 1561 1613; baseline -0.001 -16"><span class='ocrx_word' id='word_1_152' title='bbox 195 1544 286 1597; x_wconf 75' lang='grc'><strong>15.</strong></span> <span class='ocrx_word' id='word_1_153' title='bbox 325 1542 430 1595; x_wconf 89' lang='grc' dir='ltr'><strong>Τοῦ</strong></span> <span class='ocrx_word' id='word_1_154' title='bbox 468 1545 789 1612; x_wconf 69' lang='grc' dir='ltr'>ποιήσαντος</span> <span class='ocrx_word' id='word_1_155' title='bbox 814 1542 903 1594; x_wconf 72' lang='grc' dir='ltr'>τὸν</span> <span class='ocrx_word' id='word_1_156' title='bbox 933 1540 1160 1612; x_wconf 79' lang='grc' dir='ltr'>οὐρανὸν</span> <span class='ocrx_word' id='word_1_157' title='bbox 1187 1543 1279 1593; x_wconf 70' lang='grc' dir='ltr'><strong>καὶ</strong></span> <span class='ocrx_word' id='word_1_158' title='bbox 1308 1543 1407 1613; x_wconf 84' lang='grc' dir='ltr'>τὴν</span> <span class='ocrx_word' id='word_1_159' title='bbox 1436 1544 1561 1613; x_wconf 85' lang='grc' dir='ltr'>γῆν.</span> 
     </span>
    </p>
   </div>
   <div class='ocr_carea' id='block_1_27' title="bbox 1223 1540 2810 1613">
    <p class='ocr_par' dir='ltr' id='par_1_27' title="bbox 1224 1543 2810 1613">
     <span class='ocr_line' id='line_1_27' title="bbox 1224 1543 2810 1613; baseline 0.008 -21"><span class='ocrx_word' id='word_1_160' title='bbox 1224 1543 1279 1593; x_wconf 69' lang='grc' dir='ltr'><strong>αἱ</strong></span> <span class='ocrx_word' id='word_1_161' title='bbox 1308 1543 1407 1613; x_wconf 83' lang='grc' dir='ltr'><strong>τὴν</strong></span> <span class='ocrx_word' id='word_1_162' title='bbox 1436 1544 1561 1613; x_wconf 86' lang='grc' dir='ltr'>γῆν.</span> <span class='ocrx_word' id='word_1_163' title='bbox 1880 1545 1968 1600; x_wconf 77' lang='grc'><strong>15.</strong></span> <span class='ocrx_word' id='word_1_164' title='bbox 2003 1544 2107 1610; x_wconf 86' lang='lat' dir='ltr'><strong>Qui</strong></span> <span class='ocrx_word' id='word_1_165' title='bbox 2133 1546 2253 1602; x_wconf 84' lang='lat' dir='ltr'><strong>fecit</strong></span> <span class='ocrx_word' id='word_1_166' title='bbox 2277 1548 2474 1602; x_wconf 66' lang='lat' dir='ltr'><strong>caelum</strong></span> <span class='ocrx_word' id='word_1_167' title='bbox 2507 1559 2560 1603; x_wconf 92' lang='lat' dir='ltr'><strong>et</strong></span> <span class='ocrx_word' id='word_1_168' title='bbox 2593 1560 2810 1604; x_wconf 85' lang='lat' dir='ltr'><strong>terram.</strong></span> 
     </span>
    </p>
   </div>
   <div class='ocr_carea' id='block_1_28' title="bbox 343 1632 1930 1705">
    <p class='ocr_par' dir='ltr' id='par_1_28' title="bbox 343 1632 1495 1705">
     <span class='ocr_line' id='line_1_28' title="bbox 343 1632 1495 1705; baseline 0.003 -20"><span class='ocrx_word' id='word_1_169' title='bbox 343 1633 479 1705; x_wconf 74' lang='grc' dir='ltr'><strong>’ῼδὴ</strong></span> <span class='ocrx_word' id='word_1_170' title='bbox 533 1632 651 1686; x_wconf 80' lang='grc' dir='ltr'>τῶν</span> <span class='ocrx_word' id='word_1_171' title='bbox 691 1632 1078 1702; x_wconf 79' lang='grc' dir='ltr'>Ἂναὸαθμῶν.</span> <span class='ocrx_word' id='word_1_172' title='bbox 1114 1638 1283 1687; x_wconf 74' lang='grc' dir='ltr'><strong>ΨΑΛ.</strong></span> <span class='ocrx_word' id='word_1_173' title='bbox 1322 1633 1495 1688; x_wconf 83' lang='grc' dir='ltr'><em>ΡΚΔ’.</em></span> 
     </span>
    </p>
   </div>
   <div class='ocr_carea' id='block_1_29' title="bbox 1580 1632 3167 1705">
    <p class='ocr_par' dir='ltr' id='par_1_29' title="bbox 2015 1635 3167 1697">
     <span class='ocr_line' id='line_1_29' title="bbox 2015 1635 3167 1697; baseline 0.007 -8"><span class='ocrx_word' id='word_1_174' title='bbox 2015 1635 2295 1690; x_wconf 78' lang='lat' dir='ltr'><strong>Canticum</strong></span> <span class='ocrx_word' id='word_1_175' title='bbox 2330 1639 2623 1695; x_wconf 79' lang='lat' dir='ltr'><strong>Graduum.</strong></span> <span class='ocrx_word' id='word_1_176' title='bbox 2667 1640 2868 1696; x_wconf 73' lang='lat' dir='ltr'><strong>PSAL.</strong></span> <span class='ocrx_word' id='word_1_177' title='bbox 2906 1641 3167 1697; x_wconf 80' lang='lat' dir='ltr'><strong>CXXIV.</strong></span> 
     </span>
    </p>
   </div>
   <div class='ocr_carea' id='block_1_30' title="bbox 195 1724 1782 1797">
    <p class='ocr_par' dir='ltr' id='par_1_30' title="bbox 195 1724 1504 1796">
     <span class='ocr_line' id='line_1_30' title="bbox 195 1724 1504 1796; baseline 0.003 -18"><span class='ocrx_word' id='word_1_178' title='bbox 195 1725 251 1778; x_wconf 85' lang='grc'><strong>1.</strong></span> <span class='ocrx_word' id='word_1_179' title='bbox 282 1728 344 1779; x_wconf 86' lang='grc' dir='ltr'><strong>υἱ</strong></span> <span class='ocrx_word' id='word_1_180' title='bbox 372 1725 685 1789; x_wconf 78' lang='grc' dir='ltr'>πεποιθότες</span> <span class='ocrx_word' id='word_1_181' title='bbox 711 1726 802 1779; x_wconf 75' lang='grc' dir='ltr'><strong>ἐπὶ</strong></span> <span class='ocrx_word' id='word_1_182' title='bbox 840 1726 1063 1796; x_wconf 80' lang='grc' dir='ltr'>Κύριον,</span> <span class='ocrx_word' id='word_1_183' title='bbox 1090 1726 1164 1789; x_wconf 83' lang='grc' dir='ltr'>ὡς</span> <span class='ocrx_word' id='word_1_184' title='bbox 1193 1726 1316 1794; x_wconf 78' lang='grc' dir='ltr'>ὄρος</span> <span class='ocrx_word' id='word_1_185' title='bbox 1349 1724 1504 1783; x_wconf 83' lang='grc' dir='ltr'>Σιών.</span> 
     </span>
    </p>
   </div>
   <div class='ocr_carea' id='block_1_31' title="bbox 1690 1724 3277 1797">
    <p class='ocr_par' dir='ltr' id='par_1_31' title="bbox 1884 1726 3277 1797">
     <span class='ocr_line' id='line_1_31' title="bbox 1884 1726 3277 1797; baseline 0.006 -17"><span class='ocrx_word' id='word_1_186' title='bbox 1884 1727 1934 1780; x_wconf 96' lang='grc'><strong>1.</strong></span> <span class='ocrx_word' id='word_1_187' title='bbox 1974 1726 2077 1792; x_wconf 86' lang='lat' dir='ltr'><strong>Qui</strong></span> <span class='ocrx_word' id='word_1_188' title='bbox 2102 1728 2381 1783; x_wconf 74' lang='lat' dir='ltr'><strong>confidunt</strong></span> <span class='ocrx_word' id='word_1_189' title='bbox 2408 1731 2461 1783; x_wconf 90' lang='lat' dir='ltr'><strong>in</strong></span> <span class='ocrx_word' id='word_1_190' title='bbox 2496 1730 2745 1797; x_wconf 86' lang='lat' dir='ltr'><strong>Domino,</strong></span> <span class='ocrx_word' id='word_1_191' title='bbox 2772 1734 2913 1787; x_wconf 89' lang='lat' dir='ltr'><strong>sicut</strong></span> <span class='ocrx_word' id='word_1_192' title='bbox 2945 1749 3103 1789; x_wconf 90' lang='lat' dir='ltr'><strong>mons</strong></span> <span class='ocrx_word' id='word_1_193' title='bbox 3128 1732 3277 1790; x_wconf 89' lang='lat' dir='ltr'><strong>Sion.</strong></span> 
     </span>
    </p>
   </div>
   <div class='ocr_carea' id='block_1_32' title="bbox 192 1817 1779 1895">
    <p class='ocr_par' dir='ltr' id='par_1_32' title="bbox 192 1818 1705 1890">
     <span class='ocr_line' id='line_1_32' title="bbox 192 1818 1705 1890; baseline 0 -18"><span class='ocrx_word' id='word_1_194' title='bbox 192 1819 253 1873; x_wconf 69' lang='lat'><strong>9.</strong></span> <span class='ocrx_word' id='word_1_195' title='bbox 316 1820 389 1871; x_wconf 81' lang='grc' dir='ltr'><strong>Οὐ</strong></span> <span class='ocrx_word' id='word_1_196' title='bbox 426 1818 813 1890; x_wconf 82' lang='grc' dir='ltr'>σαλευθήσεται</span> <span class='ocrx_word' id='word_1_197' title='bbox 859 1820 938 1882; x_wconf 86' lang='grc' dir='ltr'>εἰς</span> <span class='ocrx_word' id='word_1_198' title='bbox 992 1820 1085 1873; x_wconf 85' lang='grc' dir='ltr'><strong>τὸν</strong></span> <span class='ocrx_word' id='word_1_199' title='bbox 1144 1818 1314 1873; x_wconf 84' lang='grc' dir='ltr'>αἰῶνα</span> <span class='ocrx_word' id='word_1_200' title='bbox 1363 1820 1391 1871; x_wconf 88' lang='grc' dir='ltr'><strong>ό</strong></span> <span class='ocrx_word' id='word_1_201' title='bbox 1439 1819 1705 1873; x_wconf 81' lang='grc' dir='ltr'>κατοικῶν</span> 
     </span>
    </p>
   </div>
   <div class='ocr_carea' id='block_1_33' title="bbox 1792 1817 3379 1895">
    <p class='ocr_par' dir='ltr' id='par_1_33' title="bbox 1880 1817 3379 1895">
     <span class='ocr_line' id='line_1_33' title="bbox 1880 1817 3379 1895; baseline 0.007 -24"><span class='ocrx_word' id='word_1_202' title='bbox 1880 1819 1934 1872; x_wconf 76' lang='lat'><strong>2.</strong></span> <span class='ocrx_word' id='word_1_203' title='bbox 1974 1817 2092 1873; x_wconf 86' lang='lat' dir='ltr'><strong>Non</strong></span> <span class='ocrx_word' id='word_1_204' title='bbox 2122 1822 2555 1876; x_wconf 80' lang='lat' dir='ltr'><strong>commdvebitur</strong></span> <span class='ocrx_word' id='word_1_205' title='bbox 2602 1824 2655 1877; x_wconf 89' lang='lat' dir='ltr'><strong>in</strong></span> <span class='ocrx_word' id='word_1_206' title='bbox 2705 1834 2965 1879; x_wconf 67' lang='lat' dir='ltr'><strong>aeternum</strong></span> <span class='ocrx_word' id='word_1_207' title='bbox 2990 1866 3005 1890; x_wconf 92' lang='lat'><strong>,</strong></span> <span class='ocrx_word' id='word_1_208' title='bbox 3044 1826 3139 1895; x_wconf 85' lang='lat' dir='ltr'><strong>qui</strong></span> <span class='ocrx_word' id='word_1_209' title='bbox 3174 1827 3379 1882; x_wconf 78' lang='lat' dir='ltr'><strong>habitat</strong></span> 
     </span>
    </p>
   </div>
   <div class='ocr_carea' id='block_1_34' title="bbox 129 1907 1716 1978">
    <p class='ocr_par' dir='ltr' id='par_1_34' title="bbox 129 1907 1221 1978">
     <span class='ocr_line' id='line_1_34' title="bbox 129 1907 1221 1978; baseline -0.005 -17"><span class='ocrx_word' id='word_1_210' title='bbox 129 1907 205 1961; x_wconf 84' lang='grc' dir='ltr'><strong>’Ῑε</strong></span> <span class='ocrx_word' id='word_1_211' title='bbox 215 1907 447 1977; x_wconf 89' lang='grc' dir='ltr'>ρουσαλή</span> <span class='ocrx_word' id='word_1_212' title='bbox 457 1924 515 1978; x_wconf 78' lang='grc' dir='ltr'><strong>μ.</strong></span> <span class='ocrx_word' id='word_1_213' title='bbox 1217 1951 1221 1955; x_wconf 81' lang='lat'><strong>.</strong></span> 
     </span>
    </p>
   </div>
   <div class='ocr_carea' id='block_1_35' title="bbox 1129 1907 2716 1978">
    <p class='ocr_par' dir='ltr' id='par_1_35' title="bbox 1217 1908 2716 1966">
     <span class='ocr_line' id='line_1_35' title="bbox 1217 1908 2716 1966; baseline 0.01 -11"><span class='ocrx_word' id='word_1_214' title='bbox 1217 1951 1221 1955; x_wconf 81' lang='lat'><strong>.</strong></span> <span class='ocrx_word' id='word_1_215' title='bbox 1814 1909 1867 1962; x_wconf 93' lang='lat' dir='ltr'><strong>in</strong></span> <span class='ocrx_word' id='word_1_216' title='bbox 1900 1908 2226 1966; x_wconf 82' lang='lat' dir='ltr'><strong>Jerusalem.</strong></span> <span class='ocrx_word' id='word_1_217' title='bbox 2711 1917 2716 1923; x_wconf 88' lang='grc'><em>’</em></span> 
     </span>
    </p>
   </div>
   <div class='ocr_carea' id='block_1_36' title="bbox 1251 2061 2249 2118">
    <p class='ocr_par' dir='ltr' id='par_1_36' title="bbox 1251 2061 2249 2118">
     <span class='ocr_line' id='line_1_36' title="bbox 1251 2061 2249 2118; baseline 0.001 -1"><span class='ocrx_word' id='word_1_218' title='bbox 1251 2061 1623 2117; x_wconf 78' lang='lat' dir='ltr'><strong>ATHANASII</strong></span> <span class='ocrx_word' id='word_1_219' title='bbox 1665 2061 2249 2118; x_wconf 76' lang='lat' dir='ltr'><strong>INTERPRETATIO.</strong></span> 
     </span>
    </p>
   </div>
   <div class='ocr_carea' id='block_1_37' title="bbox 193 2218 1780 2294">
    <p class='ocr_par' dir='ltr' id='par_1_37' title="bbox 193 2218 1777 2294">
     <span class='ocr_line' id='line_1_37' title="bbox 193 2218 1777 2294; baseline -0.004 -16"><span class='ocrx_word' id='word_1_220' title='bbox 193 2224 250 2279; x_wconf 84' lang='lat'><strong>6.</strong></span> <span class='ocrx_word' id='word_1_221' title='bbox 289 2225 375 2277; x_wconf 85' lang='grc' dir='ltr'>Ἐν</span> <span class='ocrx_word' id='word_1_222' title='bbox 402 2222 595 2294; x_wconf 78' lang='grc' dir='ltr'>τῷτὰς</span> <span class='ocrx_word' id='word_1_223' title='bbox 645 2220 836 2292; x_wconf 83' lang='grc' dir='ltr'>ἀρχάς,</span> <span class='ocrx_word' id='word_1_224' title='bbox 872 2220 967 2273; x_wconf 75' lang='grc' dir='ltr'><strong>καὶ</strong></span> <span class='ocrx_word' id='word_1_225' title='bbox 1022 2218 1267 2283; x_wconf 79' lang='grc' dir='ltr'>ἐξουσίας</span> <span class='ocrx_word' id='word_1_226' title='bbox 1303 2220 1402 2289; x_wconf 87' lang='grc'><strong>(1),</strong></span> <span class='ocrx_word' id='word_1_227' title='bbox 1436 2221 1529 2272; x_wconf 77' lang='grc' dir='ltr'>καὶ</span> <span class='ocrx_word' id='word_1_228' title='bbox 1574 2221 1701 2283; x_wconf 80' lang='grc' dir='ltr'>τοὺς</span> <span class='ocrx_word' id='word_1_229' title='bbox 1736 2228 1777 2282; x_wconf 80' lang='grc' dir='ltr'><strong><em>Β</em></strong></span> 
     </span>
    </p>
   </div>
   <div class='ocr_carea' id='block_1_38' title="bbox 1791 2218 3378 2294">
    <p class='ocr_par' dir='ltr' id='par_1_38' title="bbox 1873 2218 3378 2294">
     <span class='ocr_line' id='line_1_38' title="bbox 1873 2218 3378 2294; baseline 0.011 -22"><span class='ocrx_word' id='word_1_230' title='bbox 1873 2218 1927 2273; x_wconf 83' lang='grc'><strong>6.</strong></span> <span class='ocrx_word' id='word_1_231' title='bbox 1952 2218 2088 2274; x_wconf 89' lang='lat' dir='ltr'><strong>Cum</strong></span> <span class='ocrx_word' id='word_1_232' title='bbox 2130 2221 2493 2291; x_wconf 90' lang='lat' dir='ltr'><strong>principatus,</strong></span> <span class='ocrx_word' id='word_1_233' title='bbox 2519 2233 2572 2277; x_wconf 89' lang='lat' dir='ltr'><strong>et</strong></span> <span class='ocrx_word' id='word_1_234' title='bbox 2602 2234 2920 2294; x_wconf 83' lang='lat' dir='ltr'><strong>potestates,</strong></span> <span class='ocrx_word' id='word_1_235' title='bbox 2950 2236 3004 2282; x_wconf 89' lang='lat' dir='ltr'><strong>et</strong></span> <span class='ocrx_word' id='word_1_236' title='bbox 3028 2238 3268 2286; x_wconf 81' lang='lat' dir='ltr'><strong>rectores</strong></span> <span class='ocrx_word' id='word_1_237' title='bbox 3298 2236 3378 2288; x_wconf 84' lang='lat' dir='ltr'><strong>tc-</strong></span> 
     </span>
    </p>
   </div>
   <div class='ocr_carea' id='block_1_39' title="bbox 118 2311 1705 2385">
    <p class='ocr_par' dir='ltr' id='par_1_39' title="bbox 118 2311 1505 2385">
     <span class='ocr_line' id='line_1_39' title="bbox 118 2311 1505 2385; baseline -0.001 -17"><span class='ocrx_word' id='word_1_238' title='bbox 118 2316 571 2385; x_wconf 76' lang='grc' dir='ltr'>κοσμοκράτορας</span> <span class='ocrx_word' id='word_1_239' title='bbox 602 2312 695 2366; x_wconf 84' lang='grc' dir='ltr'><strong>τοῦ</strong></span> <span class='ocrx_word' id='word_1_240' title='bbox 727 2314 947 2375; x_wconf 83' lang='grc' dir='ltr'>σκότους</span> <span class='ocrx_word' id='word_1_241' title='bbox 984 2311 1199 2383; x_wconf 85' lang='grc' dir='ltr'>βρύχειν</span> <span class='ocrx_word' id='word_1_242' title='bbox 1228 2313 1310 2381; x_wconf 75' lang='grc' dir='ltr'><strong>ἐφ’</strong></span> <span class='ocrx_word' id='word_1_243' title='bbox 1339 2314 1505 2382; x_wconf 77' lang='grc' dir='ltr'>ἡμᾶς.</span> 
     </span>
    </p>
   </div>
   <div class='ocr_carea' id='block_1_40' title="bbox 1289 2311 2876 2385">
    <p class='ocr_par' dir='ltr' id='par_1_40' title="bbox 1289 2311 2876 2382">
     <span class='ocr_line' id='line_1_40' title="bbox 1289 2311 2876 2382; baseline 0.008 -24"><span class='ocrx_word' id='word_1_244' title='bbox 1289 2313 1310 2358; x_wconf 75' lang='grc' dir='ltr'>ι’</span> <span class='ocrx_word' id='word_1_245' title='bbox 1339 2314 1505 2382; x_wconf 73' lang='grc' dir='ltr'>ἡμᾶς.</span> <span class='ocrx_word' id='word_1_246' title='bbox 1810 2311 2102 2368; x_wconf 87' lang='lat' dir='ltr'><strong>nebrarum</strong></span> <span class='ocrx_word' id='word_1_247' title='bbox 2137 2315 2325 2367; x_wconf 89' lang='lat' dir='ltr'><strong>mundi</strong></span> <span class='ocrx_word' id='word_1_248' title='bbox 2354 2312 2649 2369; x_wconf 88' lang='lat' dir='ltr'><strong>fremerent</strong></span> <span class='ocrx_word' id='word_1_249' title='bbox 2675 2318 2728 2370; x_wconf 91' lang='lat' dir='ltr'><strong>in</strong></span> <span class='ocrx_word' id='word_1_250' title='bbox 2756 2334 2876 2371; x_wconf 81' lang='lat' dir='ltr'><strong>nos.</strong></span> 
     </span>
    </p>
   </div>
   <div class='ocr_carea' id='block_1_41' title="bbox 192 2402 1779 2479">
    <p class='ocr_par' dir='ltr' id='par_1_41' title="bbox 192 2406 1705 2479">
     <span class='ocr_line' id='line_1_41' title="bbox 192 2406 1705 2479; baseline -0.003 -16"><span class='ocrx_word' id='word_1_251' title='bbox 192 2411 247 2464; x_wconf 84' lang='lat'><strong>7.</strong></span> <span class='ocrx_word' id='word_1_252' title='bbox 280 2410 500 2472; x_wconf 76' lang='grc' dir='ltr'>Πάντως</span> <span class='ocrx_word' id='word_1_253' title='bbox 524 2412 557 2477; x_wconf 82' lang='grc' dir='ltr'><strong>ἡ</strong></span> <span class='ocrx_word' id='word_1_254' title='bbox 588 2409 730 2479; x_wconf 72' lang='grc' dir='ltr'>ὑρμὴ</span> <span class='ocrx_word' id='word_1_255' title='bbox 763 2407 862 2477; x_wconf 89' lang='grc' dir='ltr'><strong>τῆς</strong></span> <span class='ocrx_word' id='word_1_256' title='bbox 886 2407 1202 2469; x_wconf 80' lang='grc' dir='ltr'>δυναστείας</span> <span class='ocrx_word' id='word_1_257' title='bbox 1249 2406 1428 2459; x_wconf 78' lang='grc' dir='ltr'>αὐτῶν</span> <span class='ocrx_word' id='word_1_258' title='bbox 1466 2407 1705 2478; x_wconf 79' lang='grc' dir='ltr'>κατήγα-</span> 
     </span>
    </p>
   </div>
   <div class='ocr_carea' id='block_1_42' title="bbox 1791 2402 3378 2479">
    <p class='ocr_par' dir='ltr' id='par_1_42' title="bbox 1880 2402 3378 2477">
     <span class='ocr_line' id='line_1_42' title="bbox 1880 2402 3378 2477; baseline 0.011 -22"><span class='ocrx_word' id='word_1_259' title='bbox 1880 2404 1934 2457; x_wconf 88' lang='lat'><strong>7.</strong></span> <span class='ocrx_word' id='word_1_260' title='bbox 1962 2402 2199 2474; x_wconf 86' lang='lat' dir='ltr'><strong>Impetus</strong></span> <span class='ocrx_word' id='word_1_261' title='bbox 2224 2406 2409 2474; x_wconf 84' lang='lat' dir='ltr'><strong>utique</strong></span> <span class='ocrx_word' id='word_1_262' title='bbox 2436 2421 2625 2460; x_wconf 88' lang='lat' dir='ltr'><strong>eorum</strong></span> <span class='ocrx_word' id='word_1_263' title='bbox 2658 2410 2911 2477; x_wconf 66' lang='lat' dir='ltr'><strong>potentia:</strong></span> <span class='ocrx_word' id='word_1_264' title='bbox 2949 2409 3177 2468; x_wconf 82' lang='lat' dir='ltr'><strong>forsitan</strong></span> <span class='ocrx_word' id='word_1_265' title='bbox 3205 2415 3378 2471; x_wconf 86' lang='lat' dir='ltr'><strong>dedu-</strong></span> 
     </span>
    </p>
   </div>
   <div class='ocr_carea' id='block_1_43' title="bbox 117 2496 1704 2570">
    <p class='ocr_par' dir='ltr' id='par_1_43' title="bbox 117 2497 1421 2569">
     <span class='ocr_line' id='line_1_43' title="bbox 117 2497 1421 2569; baseline 0 -17"><span class='ocrx_word' id='word_1_266' title='bbox 117 2517 219 2569; x_wconf 78' lang='grc' dir='ltr'>τεν</span> <span class='ocrx_word' id='word_1_267' title='bbox 252 2499 318 2552; x_wconf 84' lang='grc' dir='ltr'>ἂν</span> <span class='ocrx_word' id='word_1_268' title='bbox 348 2502 495 2569; x_wconf 75' lang='grc' dir='ltr'>ἡμᾶς</span> <span class='ocrx_word' id='word_1_269' title='bbox 520 2502 599 2562; x_wconf 85' lang='grc' dir='ltr'><strong>είς</strong></span> <span class='ocrx_word' id='word_1_270' title='bbox 626 2500 694 2552; x_wconf 82' lang='grc' dir='ltr'>τὰ</span> <span class='ocrx_word' id='word_1_271' title='bbox 732 2499 1017 2553; x_wconf 82' lang='grc' dir='ltr'>κατώτατα</span> <span class='ocrx_word' id='word_1_272' title='bbox 1039 2499 1135 2569; x_wconf 89' lang='grc' dir='ltr'><strong>τῆς</strong></span> <span class='ocrx_word' id='word_1_273' title='bbox 1162 2497 1421 2552; x_wconf 63' lang='grc' dir='ltr'>ἀϐύσσου.</span> 
     </span>
    </p>
   </div>
   <div class='ocr_carea' id='block_1_44' title="bbox 1130 2496 2717 2570">
    <p class='ocr_par' dir='ltr' id='par_1_44' title="bbox 1130 2496 2717 2570">
     <span class='ocr_line' id='line_1_44' title="bbox 1130 2496 2717 2570; baseline 0.004 -21"><span class='ocrx_word' id='word_1_274' title='bbox 1130 2516 1135 2557; x_wconf 74' lang='grc' dir='ltr'><em>ς</em></span> <span class='ocrx_word' id='word_1_275' title='bbox 1162 2497 1421 2552; x_wconf 68' lang='grc' dir='ltr'>ἀὸύσσου.</span> <span class='ocrx_word' id='word_1_276' title='bbox 1812 2496 1982 2549; x_wconf 77' lang='lat' dir='ltr'><strong>xisset</strong></span> <span class='ocrx_word' id='word_1_277' title='bbox 2003 2512 2105 2550; x_wconf 86' lang='lat' dir='ltr'><strong>nos</strong></span> <span class='ocrx_word' id='word_1_278' title='bbox 2140 2498 2192 2549; x_wconf 92' lang='lat' dir='ltr'><strong>in</strong></span> <span class='ocrx_word' id='word_1_279' title='bbox 2222 2496 2477 2552; x_wconf 86' lang='lat' dir='ltr'><strong>inferiora</strong></span> <span class='ocrx_word' id='word_1_280' title='bbox 2512 2500 2717 2570; x_wconf 81' lang='lat' dir='ltr'><strong>abyssi.</strong></span> 
     </span>
    </p>
   </div>
   <div class='ocr_carea' id='block_1_45' title="bbox 195 2588 1782 2665">
    <p class='ocr_par' dir='ltr' id='par_1_45' title="bbox 195 2590 1703 2665">
     <span class='ocr_line' id='line_1_45' title="bbox 195 2590 1703 2665; baseline -0.001 -20"><span class='ocrx_word' id='word_1_281' title='bbox 195 2592 247 2647; x_wconf 88' lang='lat'><strong>8.</strong></span> <span class='ocrx_word' id='word_1_282' title='bbox 280 2593 391 2655; x_wconf 76' lang='grc' dir='ltr'><strong>Τὰς</strong></span> <span class='ocrx_word' id='word_1_283' title='bbox 410 2593 586 2665; x_wconf 75' lang='grc' dir='ltr'>ὁρμὰς</span> <span class='ocrx_word' id='word_1_284' title='bbox 614 2596 713 2665; x_wconf 85' lang='grc' dir='ltr'><strong>τῆς</strong></span> <span class='ocrx_word' id='word_1_285' title='bbox 746 2594 939 2665; x_wconf 77' lang='grc' dir='ltr'>ἡδονῆς</span> <span class='ocrx_word' id='word_1_286' title='bbox 994 2593 1070 2661; x_wconf 70' lang='lat'><strong>(2)</strong></span> <span class='ocrx_word' id='word_1_287' title='bbox 1120 2592 1215 2644; x_wconf 76' lang='grc' dir='ltr'><strong>καὶ</strong></span> <span class='ocrx_word' id='word_1_288' title='bbox 1246 2591 1355 2645; x_wconf 93' lang='grc' dir='ltr'><strong>τῶν</strong></span> <span class='ocrx_word' id='word_1_289' title='bbox 1399 2590 1703 2662; x_wconf 76' lang='grc' dir='ltr'>ἐπιθυμιῶν</span> 
     </span>
    </p>
   </div>
   <div class='ocr_carea' id='block_1_46' title="bbox 1794 2588 3381 2665">
    <p class='ocr_par' dir='ltr' id='par_1_46' title="bbox 1880 2588 3381 2665">
     <span class='ocr_line' id='line_1_46' title="bbox 1880 2588 3381 2665; baseline 0.009 -22"><span class='ocrx_word' id='word_1_290' title='bbox 1880 2588 1932 2643; x_wconf 87' lang='grc'><strong>8.</strong></span> <span class='ocrx_word' id='word_1_291' title='bbox 1967 2589 2200 2658; x_wconf 86' lang='lat' dir='ltr'><strong>Impetus</strong></span> <span class='ocrx_word' id='word_1_292' title='bbox 2232 2590 2547 2659; x_wconf 84' lang='lat' dir='ltr'><strong>voluptatis,</strong></span> <span class='ocrx_word' id='word_1_293' title='bbox 2582 2603 2635 2646; x_wconf 88' lang='lat' dir='ltr'><strong>et</strong></span> <span class='ocrx_word' id='word_1_294' title='bbox 2669 2595 3241 2665; x_wconf 88' lang='lat' dir='ltr'><strong>concupiscentiarum</strong></span> <span class='ocrx_word' id='word_1_295' title='bbox 3263 2600 3381 2656; x_wconf 56' lang='lat' dir='ltr'><strong>dia.</strong></span> 
     </span>
    </p>
   </div>
   <div class='ocr_carea' id='block_1_47' title="bbox 117 2679 1704 2755">
    <p class='ocr_par' dir='ltr' id='par_1_47' title="bbox 117 2682 1294 2755">
     <span class='ocr_line' id='line_1_47' title="bbox 117 2682 1294 2755; baseline -0.003 -17"><span class='ocrx_word' id='word_1_296' title='bbox 117 2686 216 2739; x_wconf 78' lang='grc' dir='ltr'><strong>τοῦ</strong></span> <span class='ocrx_word' id='word_1_297' title='bbox 247 2686 511 2747; x_wconf 68' lang='grc' dir='ltr'>διαϐόλου,</span> <span class='ocrx_word' id='word_1_298' title='bbox 546 2686 611 2738; x_wconf 80' lang='grc' dir='ltr'>δι’</span> <span class='ocrx_word' id='word_1_299' title='bbox 644 2682 716 2738; x_wconf 84' lang='grc' dir='ltr'>ὧν</span> <span class='ocrx_word' id='word_1_300' title='bbox 747 2686 1040 2755; x_wconf 83' lang='grc' dir='ltr'>κατασύρει</span> <span class='ocrx_word' id='word_1_301' title='bbox 1069 2684 1294 2744; x_wconf 78' lang='grc' dir='ltr'>πάντας.</span> 
     </span>
    </p>
   </div>
   <div class='ocr_carea' id='block_1_48' title="bbox 1104 2679 2691 2755">
    <p class='ocr_par' dir='ltr' id='par_1_48' title="bbox 1104 2679 2691 2750">
     <span class='ocr_line' id='line_1_48' title="bbox 1104 2679 2691 2750; baseline 0.001 -15"><span class='ocrx_word' id='word_1_302' title='bbox 1104 2684 1294 2744; x_wconf 69' lang='grc' dir='ltr'>πάντας.</span> <span class='ocrx_word' id='word_1_303' title='bbox 1810 2679 1941 2741; x_wconf 84' lang='lat' dir='ltr'><strong>boli.</strong></span> <span class='ocrx_word' id='word_1_304' title='bbox 1967 2680 2165 2749; x_wconf 86' lang='lat' dir='ltr'><strong>quibus</strong></span> <span class='ocrx_word' id='word_1_305' title='bbox 2193 2695 2384 2735; x_wconf 88' lang='lat' dir='ltr'><strong>omnes</strong></span> <span class='ocrx_word' id='word_1_306' title='bbox 2412 2682 2691 2750; x_wconf 87' lang='lat' dir='ltr'><strong>pertrahit.</strong></span> 
     </span>
    </p>
   </div>
   <div class='ocr_carea' id='block_1_49' title="bbox 191 2768 1778 2845">
    <p class='ocr_par' dir='ltr' id='par_1_49' title="bbox 191 2772 1701 2845">
     <span class='ocr_line' id='line_1_49' title="bbox 191 2772 1701 2845; baseline 0 -19"><span class='ocrx_word' id='word_1_307' title='bbox 191 2774 244 2827; x_wconf 89' lang='lat'><strong>9.</strong></span> <span class='ocrx_word' id='word_1_308' title='bbox 279 2776 420 2845; x_wconf 82' lang='grc' dir='ltr'>Ἀρα</span> <span class='ocrx_word' id='word_1_309' title='bbox 452 2774 664 2843; x_wconf 81' lang='grc' dir='ltr'>διῆλθεν</span> <span class='ocrx_word' id='word_1_310' title='bbox 694 2777 725 2845; x_wconf 83' lang='grc' dir='ltr'>ἡ</span> <span class='ocrx_word' id='word_1_311' title='bbox 751 2773 896 2844; x_wconf 68' lang='grc' dir='ltr'>ψυχὴ</span> <span class='ocrx_word' id='word_1_312' title='bbox 931 2772 1087 2844; x_wconf 78' lang='grc' dir='ltr'>ἡμῶν</span> <span class='ocrx_word' id='word_1_313' title='bbox 1111 2773 1209 2844; x_wconf 82' lang='grc' dir='ltr'><strong>τὴν</strong></span> <span class='ocrx_word' id='word_1_314' title='bbox 1263 2773 1554 2843; x_wconf 79' lang='grc' dir='ltr'>τυραννίδα</span> <span class='ocrx_word' id='word_1_315' title='bbox 1608 2773 1701 2826; x_wconf 74' lang='grc' dir='ltr'><strong>τοῦ</strong></span> 
     </span>
    </p>
   </div>
   <div class='ocr_carea' id='block_1_50' title="bbox 1793 2768 3380 2845">
    <p class='ocr_par' dir='ltr' id='par_1_50' title="bbox 1881 2768 3380 2841">
     <span class='ocr_line' id='line_1_50' title="bbox 1881 2768 3380 2841; baseline 0.011 -18"><span class='ocrx_word' id='word_1_316' title='bbox 1881 2768 1935 2823; x_wconf 90' lang='grc'><strong>9.</strong></span> <span class='ocrx_word' id='word_1_317' title='bbox 1970 2769 2221 2825; x_wconf 86' lang='lat' dir='ltr'><strong>Forsitan</strong></span> <span class='ocrx_word' id='word_1_318' title='bbox 2272 2773 2662 2841; x_wconf 82' lang='lat' dir='ltr'><strong>pertransisset</strong></span> <span class='ocrx_word' id='word_1_319' title='bbox 2717 2775 2899 2831; x_wconf 88' lang='lat' dir='ltr'><strong>anima</strong></span> <span class='ocrx_word' id='word_1_320' title='bbox 2946 2788 3133 2834; x_wconf 90' lang='lat' dir='ltr'><strong>nostra</strong></span> <span class='ocrx_word' id='word_1_321' title='bbox 3178 2782 3380 2839; x_wconf 83' lang='lat' dir='ltr'><strong>diaboli</strong></span> 
     </span>
    </p>
   </div>
   <div class='ocr_carea' id='block_1_51' title="bbox 114 2862 1701 2939">
    <p class='ocr_par' dir='ltr' id='par_1_51' title="bbox 114 2866 843 2939">
     <span class='ocr_line' id='line_1_51' title="bbox 114 2866 843 2939; baseline 0 -18"><span class='ocrx_word' id='word_1_322' title='bbox 114 2867 368 2921; x_wconf 71' lang='grc' dir='ltr'>διαϐόλου</span> <span class='ocrx_word' id='word_1_323' title='bbox 393 2868 489 2939; x_wconf 80' lang='grc' dir='ltr'>τὴν</span> <span class='ocrx_word' id='word_1_324' title='bbox 518 2866 843 2938; x_wconf 80' lang='grc' dir='ltr'>ἀκρὰτητον.</span> 
     </span>
    </p>
   </div>
   <div class='ocr_carea' id='block_1_52' title="bbox 1035 2862 2622 2939">
    <p class='ocr_par' dir='ltr' id='par_1_52' title="bbox 1810 2862 2622 2931">
     <span class='ocr_line' id='line_1_52' title="bbox 1810 2862 2622 2931; baseline 0.007 -19"><span class='ocrx_word' id='word_1_325' title='bbox 1810 2862 2151 2931; x_wconf 80' lang='lat' dir='ltr'><strong>tyrannidem</strong></span> <span class='ocrx_word' id='word_1_326' title='bbox 2181 2862 2622 2931; x_wconf 82' lang='lat' dir='ltr'><strong>insuperabilem.</strong></span> 
     </span>
    </p>
   </div>
   <div class='ocr_carea' id='block_1_53' title="bbox 198 2955 1785 3038">
    <p class='ocr_par' dir='ltr' id='par_1_53' title="bbox 198 2956 1705 3032">
     <span class='ocr_line' id='line_1_53' title="bbox 198 2956 1705 3032; baseline -0.003 -18"><span class='ocrx_word' id='word_1_327' title='bbox 198 2962 283 3015; x_wconf 84' lang='grc'><strong>10.</strong></span> <span class='ocrx_word' id='word_1_328' title='bbox 312 2961 612 3032; x_wconf 76' lang='grc' dir='ltr'>Εὐλογητὸς</span> <span class='ocrx_word' id='word_1_329' title='bbox 639 2959 855 3029; x_wconf 82' lang='grc' dir='ltr'>Κύριος,</span> <span class='ocrx_word' id='word_1_330' title='bbox 890 2959 948 3022; x_wconf 82' lang='grc' dir='ltr'>ὃς</span> <span class='ocrx_word' id='word_1_331' title='bbox 980 2960 1040 3011; x_wconf 76' lang='grc' dir='ltr'><strong>οὐ</strong></span> <span class='ocrx_word' id='word_1_332' title='bbox 1082 2956 1453 3029; x_wconf 78' lang='grc' dir='ltr'>συνεχώρησεν</span> <span class='ocrx_word' id='word_1_333' title='bbox 1482 2958 1587 3021; x_wconf 77' lang='grc' dir='ltr'><strong>ἕως</strong></span> <span class='ocrx_word' id='word_1_334' title='bbox 1617 2957 1705 3010; x_wconf 56' lang='lat' dir='ltr'><strong>rs-</strong></span> 
     </span>
    </p>
   </div>
   <div class='ocr_carea' id='block_1_54' title="bbox 1795 2955 3382 3038">
    <p class='ocr_par' dir='ltr' id='par_1_54' title="bbox 1883 2955 3382 3038">
     <span class='ocr_line' id='line_1_54' title="bbox 1883 2955 3382 3038; baseline 0.011 -31"><span class='ocrx_word' id='word_1_335' title='bbox 1883 2955 1970 3008; x_wconf 90' lang='grc'><strong>10.</strong></span> <span class='ocrx_word' id='word_1_336' title='bbox 2002 2955 2323 3010; x_wconf 79' lang='lat' dir='ltr'><strong>Benedictus</strong></span> <span class='ocrx_word' id='word_1_337' title='bbox 2350 2955 2636 3021; x_wconf 86' lang='lat' dir='ltr'><strong>Dominus,</strong></span> <span class='ocrx_word' id='word_1_338' title='bbox 2664 2958 2757 3029; x_wconf 90' lang='lat' dir='ltr'><strong>qui</strong></span> <span class='ocrx_word' id='word_1_339' title='bbox 2793 2975 2901 3014; x_wconf 89' lang='lat' dir='ltr'><strong>non</strong></span> <span class='ocrx_word' id='word_1_340' title='bbox 2934 2964 3182 3031; x_wconf 86' lang='lat' dir='ltr'><strong>permisit</strong></span> <span class='ocrx_word' id='word_1_341' title='bbox 3210 2980 3382 3038; x_wconf 86' lang='lat' dir='ltr'><strong>usque</strong></span> 
     </span>
    </p>
   </div>
   <div class='ocr_carea' id='block_1_55' title="bbox 115 3048 1702 3122">
    <p class='ocr_par' dir='ltr' id='par_1_55' title="bbox 115 3051 1702 3122">
     <span class='ocr_line' id='line_1_55' title="bbox 115 3051 1702 3122; baseline -0.001 -15"><span class='ocrx_word' id='word_1_342' title='bbox 115 3055 249 3117; x_wconf 83' lang='grc' dir='ltr'>λους</span> <span class='ocrx_word' id='word_1_343' title='bbox 271 3054 532 3108; x_wconf 78' lang='grc' dir='ltr'>ἀπολέσαι</span> <span class='ocrx_word' id='word_1_344' title='bbox 560 3054 635 3121; x_wconf 76' lang='lat'><strong>(3)</strong></span> <span class='ocrx_word' id='word_1_345' title='bbox 659 3055 807 3122; x_wconf 78' lang='grc' dir='ltr'>ἡμᾶς</span> <span class='ocrx_word' id='word_1_346' title='bbox 828 3053 932 3105; x_wconf 83' lang='grc' dir='ltr'><strong>ὑπὸ</strong></span> <span class='ocrx_word' id='word_1_347' title='bbox 956 3051 1062 3104; x_wconf 89' lang='grc' dir='ltr'><strong>τῶν</strong></span> <span class='ocrx_word' id='word_1_348' title='bbox 1085 3052 1481 3121; x_wconf 77' lang='grc' dir='ltr'>διδασκομένων</span> <span class='ocrx_word' id='word_1_349' title='bbox 1503 3052 1702 3107; x_wconf 80' lang='grc' dir='ltr'>αὐτῶν.</span> 
     </span>
    </p>
   </div>
   <div class='ocr_carea' id='block_1_56' title="bbox 1409 3048 2996 3122">
    <p class='ocr_par' dir='ltr' id='par_1_56' title="bbox 1409 3048 2996 3119">
     <span class='ocr_line' id='line_1_56' title="bbox 1409 3048 2996 3119; baseline 0.005 -19"><span class='ocrx_word' id='word_1_350' title='bbox 1409 3070 1481 3103; x_wconf 89' lang='grc' dir='ltr'><strong>ων</strong></span> <span class='ocrx_word' id='word_1_351' title='bbox 1503 3052 1702 3107; x_wconf 80' lang='grc' dir='ltr'>αὐτῶν,</span> <span class='ocrx_word' id='word_1_352' title='bbox 1812 3048 1866 3101; x_wconf 82' lang='grc' dir='ltr'>ἱιι</span> <span class='ocrx_word' id='word_1_353' title='bbox 1896 3048 2057 3103; x_wconf 80' lang='lat' dir='ltr'><strong>tinem</strong></span> <span class='ocrx_word' id='word_1_354' title='bbox 2089 3064 2189 3104; x_wconf 88' lang='lat' dir='ltr'><strong>nos</strong></span> <span class='ocrx_word' id='word_1_355' title='bbox 2220 3048 2373 3119; x_wconf 85' lang='lat' dir='ltr'><strong>perdi</strong></span> <span class='ocrx_word' id='word_1_356' title='bbox 2400 3051 2470 3104; x_wconf 88' lang='lat' dir='ltr'><strong>ab</strong></span> <span class='ocrx_word' id='word_1_357' title='bbox 2498 3066 2689 3105; x_wconf 91' lang='lat' dir='ltr'><strong>eorum</strong></span> <span class='ocrx_word' id='word_1_358' title='bbox 2713 3052 2996 3110; x_wconf 85' lang='lat' dir='ltr'><strong>doctrinis.</strong></span> 
     </span>
    </p>
   </div>
   <div class='ocr_carea' id='block_1_57' title="bbox 196 3140 1783 3215">
    <p class='ocr_par' dir='ltr' id='par_1_57' title="bbox 196 3144 1705 3215">
     <span class='ocr_line' id='line_1_57' title="bbox 196 3144 1705 3215; baseline -0.001 -16"><span class='ocrx_word' id='word_1_359' title='bbox 196 3147 400 3209; x_wconf 77' lang='grc' dir='ltr'><strong>11,1Ξ)..</strong></span> <span class='ocrx_word' id='word_1_360' title='bbox 438 3148 499 3198; x_wconf 84' lang='grc' dir='ltr'><strong>Ἦ</strong></span> <span class='ocrx_word' id='word_1_361' title='bbox 526 3145 670 3215; x_wconf 72' lang='grc' dir='ltr'>ψυχὴ</span> <span class='ocrx_word' id='word_1_362' title='bbox 700 3145 854 3215; x_wconf 79' lang='grc' dir='ltr'>ἡμῶν</span> <span class='ocrx_word' id='word_1_363' title='bbox 900 3144 975 3207; x_wconf 84' lang='grc' dir='ltr'>ὡς</span> <span class='ocrx_word' id='word_1_364' title='bbox 1030 3161 1127 3215; x_wconf 83' lang='grc' dir='ltr'><strong>στρ</strong></span> <span class='ocrx_word' id='word_1_365' title='bbox 1152 3144 1308 3196; x_wconf 47' lang='grc' dir='ltr'>κυϐίον</span> <span class='ocrx_word' id='word_1_366' title='bbox 1355 3144 1591 3215; x_wconf 71' lang='grc' dir='ltr'>ὲρρύσθη</span> <span class='ocrx_word' id='word_1_367' title='bbox 1640 3148 1705 3198; x_wconf 79' lang='grc' dir='ltr'>ἐκ</span> 
     </span>
    </p>
   </div>
   <div class='ocr_carea' id='block_1_58' title="bbox 1796 3140 3383 3215">
    <p class='ocr_par' dir='ltr' id='par_1_58' title="bbox 1882 3140 3383 3214">
     <span class='ocr_line' id='line_1_58' title="bbox 1882 3140 3383 3214; baseline 0.011 -23"><span class='ocrx_word' id='word_1_368' title='bbox 1882 3140 1970 3203; x_wconf 85' lang='grc'><strong>11,</strong></span> <span class='ocrx_word' id='word_1_369' title='bbox 2011 3140 2097 3193; x_wconf 72' lang='grc'><strong>12.</strong></span> <span class='ocrx_word' id='word_1_370' title='bbox 2130 3141 2324 3193; x_wconf 80' lang='lat' dir='ltr'><strong>Anima</strong></span> <span class='ocrx_word' id='word_1_371' title='bbox 2356 3151 2565 3210; x_wconf 89' lang='lat' dir='ltr'><strong>nostra,</strong></span> <span class='ocrx_word' id='word_1_372' title='bbox 2614 3154 2672 3198; x_wconf 90' lang='lat' dir='ltr'><strong>ut</strong></span> <span class='ocrx_word' id='word_1_373' title='bbox 2716 3161 2905 3214; x_wconf 78' lang='lat' dir='ltr'><strong>passer</strong></span> <span class='ocrx_word' id='word_1_374' title='bbox 2935 3148 3161 3204; x_wconf 80' lang='lat' dir='ltr'><strong>liberata</strong></span> <span class='ocrx_word' id='word_1_375' title='bbox 3193 3160 3274 3206; x_wconf 88' lang='lat' dir='ltr'><strong>est</strong></span> <span class='ocrx_word' id='word_1_376' title='bbox 3316 3166 3383 3207; x_wconf 77' lang='lat' dir='ltr'><strong>ex</strong></span> 
     </span>
    </p>
   </div>
   <div class='ocr_carea' id='block_1_59' title="bbox 117 3230 1704 3309">
    <p class='ocr_par' dir='ltr' id='par_1_59' title="bbox 117 3235 1703 3309">
     <span class='ocr_line' id='line_1_59' title="bbox 117 3235 1703 3309; baseline -0.001 -18"><span class='ocrx_word' id='word_1_377' title='bbox 117 3239 222 3309; x_wconf 83' lang='grc' dir='ltr'><strong>τῆς</strong></span> <span class='ocrx_word' id='word_1_378' title='bbox 257 3237 483 3305; x_wconf 84' lang='grc' dir='ltr'>παγίδος</span> <span class='ocrx_word' id='word_1_379' title='bbox 516 3236 621 3290; x_wconf 87' lang='grc' dir='ltr'><strong>τῶν</strong></span> <span class='ocrx_word' id='word_1_380' title='bbox 656 3235 909 3289; x_wconf 76' lang='grc' dir='ltr'>ἐναντίων</span> <span class='ocrx_word' id='word_1_381' title='bbox 950 3236 1264 3307; x_wconf 58' lang='grc' dir='ltr'>δυνάμεων·</span> <span class='ocrx_word' id='word_1_382' title='bbox 1318 3236 1601 3308; x_wconf 77' lang='grc' dir='ltr'>θηρευθεὶς</span> <span class='ocrx_word' id='word_1_383' title='bbox 1627 3237 1703 3305; x_wconf 75' lang='grc'><strong>(4)</strong></span> 
     </span>
    </p>
   </div>
   <div class='ocr_carea' id='block_1_60' title="bbox 1794 3230 3381 3309">
    <p class='ocr_par' dir='ltr' id='par_1_60' title="bbox 1811 3230 3381 3304">
     <span class='ocr_line' id='line_1_60' title="bbox 1811 3230 3381 3304; baseline 0.01 -21"><span class='ocrx_word' id='word_1_384' title='bbox 1811 3230 2006 3300; x_wconf 86' lang='lat' dir='ltr'><strong>laqueo</strong></span> <span class='ocrx_word' id='word_1_385' title='bbox 2076 3232 2476 3287; x_wconf 87' lang='lat' dir='ltr'><strong>contrariarum</strong></span> <span class='ocrx_word' id='word_1_386' title='bbox 2540 3246 2904 3304; x_wconf 85' lang='lat' dir='ltr'><strong>potestatun;</strong></span> <span class='ocrx_word' id='word_1_387' title='bbox 2965 3239 3173 3296; x_wconf 86' lang='lat' dir='ltr'><strong>irretlta</strong></span> <span class='ocrx_word' id='word_1_388' title='bbox 3237 3244 3381 3297; x_wconf 90' lang='lat' dir='ltr'><strong>enim</strong></span> 
     </span>
    </p>
   </div>
   <div class='ocr_carea' id='block_1_61' title="bbox 117 3321 1704 3402">
    <p class='ocr_par' dir='ltr' id='par_1_61' title="bbox 117 3328 1702 3402">
     <span class='ocr_line' id='line_1_61' title="bbox 117 3328 1702 3402; baseline -0.001 -20"><span class='ocrx_word' id='word_1_389' title='bbox 117 3332 232 3402; x_wconf 73' lang='grc' dir='ltr'><strong>γὰρ</strong></span> <span class='ocrx_word' id='word_1_390' title='bbox 265 3330 498 3401; x_wconf 76' lang='grc' dir='ltr'>ὑπάρχει</span> <span class='ocrx_word' id='word_1_391' title='bbox 558 3331 649 3383; x_wconf 78' lang='grc' dir='ltr'>ὑπ’</span> <span class='ocrx_word' id='word_1_392' title='bbox 676 3329 853 3383; x_wconf 86' lang='grc' dir='ltr'>αὑτῶν</span> <span class='ocrx_word' id='word_1_393' title='bbox 878 3329 966 3383; x_wconf 72' lang='grc' dir='ltr'>διὰ</span> <span class='ocrx_word' id='word_1_394' title='bbox 1007 3330 1103 3393; x_wconf 79' lang='grc' dir='ltr'>τὰς</span> <span class='ocrx_word' id='word_1_395' title='bbox 1147 3346 1241 3399; x_wconf 86' lang='grc' dir='ltr'>γηι</span> <span class='ocrx_word' id='word_1_396' title='bbox 1277 3347 1340 3393; x_wconf 80' lang='grc' dir='ltr'><strong>ας</strong></span> <span class='ocrx_word' id='word_1_397' title='bbox 1390 3328 1702 3398; x_wconf 78' lang='grc' dir='ltr'>ἐπιθυμίας,</span> 
     </span>
    </p>
   </div>
   <div class='ocr_carea' id='block_1_62' title="bbox 1792 3321 3379 3402">
    <p class='ocr_par' dir='ltr' id='par_1_62' title="bbox 1814 3321 3379 3401">
     <span class='ocr_line' id='line_1_62' title="bbox 1814 3321 3379 3401; baseline 0.008 -24"><span class='ocrx_word' id='word_1_398' title='bbox 1814 3322 1883 3377; x_wconf 87' lang='lat' dir='ltr'><strong>ab</strong></span> <span class='ocrx_word' id='word_1_399' title='bbox 1908 3322 2040 3393; x_wconf 88' lang='lat' dir='ltr'><strong>ipsis</strong></span> <span class='ocrx_word' id='word_1_400' title='bbox 2062 3321 2163 3377; x_wconf 91' lang='lat' dir='ltr'><strong>fuit</strong></span> <span class='ocrx_word' id='word_1_401' title='bbox 2182 3324 2413 3380; x_wconf 78' lang='lat' dir='ltr'><strong>terrenis</strong></span> <span class='ocrx_word' id='word_1_402' title='bbox 2441 3328 2931 3397; x_wconf 86' lang='lat' dir='ltr'><strong>concupiscentiis,</strong></span> <span class='ocrx_word' id='word_1_403' title='bbox 2961 3332 3126 3385; x_wconf 88' lang='lat' dir='ltr'><strong>veluti</strong></span> <span class='ocrx_word' id='word_1_404' title='bbox 3168 3346 3379 3401; x_wconf 55' lang='lat' dir='ltr'><strong>passer;</strong></span> 
     </span>
    </p>
   </div>
   <div class='ocr_carea' id='block_1_63' title="bbox 116 3423 529 3493">
    <p class='ocr_par' dir='ltr' id='par_1_63' title="bbox 116 3423 529 3493">
     <span class='ocr_line' id='line_1_63' title="bbox 116 3423 529 3493; baseline 0.005 -18"><span class='ocrx_word' id='word_1_405' title='bbox 116 3425 199 3487; x_wconf 78' lang='grc' dir='ltr'><strong>ὡς</strong></span> <span class='ocrx_word' id='word_1_406' title='bbox 233 3423 529 3493; x_wconf 84' lang='grc' dir='ltr'>στρουθίον.</span> 
     </span>
    </p>
   </div>
   <div class='ocr_carea' id='block_1_64' title="bbox 198 3502 1785 3583">
    <p class='ocr_par' dir='ltr' id='par_1_64' title="bbox 198 3510 1707 3583">
     <span class='ocr_line' id='line_1_64' title="bbox 198 3510 1707 3583; baseline 0.001 -20"><span class='ocrx_word' id='word_1_407' title='bbox 198 3512 284 3565; x_wconf 76' lang='grc'><strong>13.</strong></span> <span class='ocrx_word' id='word_1_408' title='bbox 324 3512 462 3563; x_wconf 84' lang='grc' dir='ltr'>Ἀλλ’</span> <span class='ocrx_word' id='word_1_409' title='bbox 487 3515 515 3565; x_wconf 90' lang='grc' dir='ltr'>ὁ</span> <span class='ocrx_word' id='word_1_410' title='bbox 540 3511 741 3583; x_wconf 80' lang='grc' dir='ltr'>Κύριος</span> <span class='ocrx_word' id='word_1_411' title='bbox 766 3511 933 3564; x_wconf 75' lang='grc' dir='ltr'>ἐλθὼν</span> <span class='ocrx_word' id='word_1_412' title='bbox 959 3510 1243 3581; x_wconf 76' lang='grc' dir='ltr'>συνέτριψε</span> <span class='ocrx_word' id='word_1_413' title='bbox 1290 3511 1386 3581; x_wconf 67' lang='grc' dir='ltr'><strong>τὴν</strong></span> <span class='ocrx_word' id='word_1_414' title='bbox 1434 3512 1707 3582; x_wconf 83' lang='grc' dir='ltr'>ἁμαρτίαν</span> 
     </span>
    </p>
   </div>
   <div class='ocr_carea' id='block_1_65' title="bbox 1795 3502 3382 3583">
    <p class='ocr_par' dir='ltr' id='par_1_65' title="bbox 1884 3502 3382 3581">
     <span class='ocr_line' id='line_1_65' title="bbox 1884 3502 3382 3581; baseline 0.007 -24"><span class='ocrx_word' id='word_1_415' title='bbox 1884 3504 1970 3558; x_wconf 78' lang='grc'><strong>15.</strong></span> <span class='ocrx_word' id='word_1_416' title='bbox 2004 3502 2107 3558; x_wconf 88' lang='lat' dir='ltr'><strong>Sed</strong></span> <span class='ocrx_word' id='word_1_417' title='bbox 2137 3502 2399 3562; x_wconf 88' lang='lat' dir='ltr'><strong>Dominus</strong></span> <span class='ocrx_word' id='word_1_418' title='bbox 2426 3508 2650 3563; x_wconf 81' lang='lat' dir='ltr'><strong>veniens</strong></span> <span class='ocrx_word' id='word_1_419' title='bbox 2688 3524 2783 3579; x_wconf 90' lang='lat' dir='ltr'><strong>per</strong></span> <span class='ocrx_word' id='word_1_420' title='bbox 2812 3509 3141 3581; x_wconf 87' lang='lat' dir='ltr'><strong>baptismum</strong></span> <span class='ocrx_word' id='word_1_421' title='bbox 3176 3514 3382 3567; x_wconf 80' lang='lat' dir='ltr'><strong>contri-</strong></span> 
     </span>
    </p>
   </div>
   <div class='ocr_carea' id='block_1_66' title="bbox 114 3588 1701 3675">
    <p class='ocr_par' dir='ltr' id='par_1_66' title="bbox 114 3602 1467 3675">
     <span class='ocr_line' id='line_1_66' title="bbox 114 3602 1467 3675; baseline 0.001 -20"><span class='ocrx_word' id='word_1_422' title='bbox 114 3604 208 3656; x_wconf 70' lang='grc' dir='ltr'><strong>διὰ</strong></span> <span class='ocrx_word' id='word_1_423' title='bbox 240 3603 337 3656; x_wconf 90' lang='grc' dir='ltr'><strong>τοῦ</strong></span> <span class='ocrx_word' id='word_1_424' title='bbox 371 3604 761 3674; x_wconf 81' lang='grc' dir='ltr'>βαπτίσματος,</span> <span class='ocrx_word' id='word_1_425' title='bbox 790 3604 885 3657; x_wconf 82' lang='grc' dir='ltr'>καὶ</span> <span class='ocrx_word' id='word_1_426' title='bbox 910 3606 1070 3673; x_wconf 79' lang='grc' dir='ltr'>ἡμεῖς</span> <span class='ocrx_word' id='word_1_427' title='bbox 1105 3602 1467 3675; x_wconf 74' lang='grc' dir='ltr'>ὲρῥύσθημεν.</span> 
     </span>
    </p>
   </div>
   <div class='ocr_carea' id='block_1_67' title="bbox 1317 3588 2904 3675">
    <p class='ocr_par' dir='ltr' id='par_1_67' title="bbox 1317 3588 2904 3672">
     <span class='ocr_line' id='line_1_67' title="bbox 1317 3588 2904 3672; baseline 0.004 -22"><span class='ocrx_word' id='word_1_428' title='bbox 1317 3619 1467 3672; x_wconf 80' lang='grc' dir='ltr'>ημεν,</span> <span class='ocrx_word' id='word_1_429' title='bbox 1728 3588 1775 3651; x_wconf 89' lang='lat' dir='ltr'><strong><em>C</em></strong></span> <span class='ocrx_word' id='word_1_430' title='bbox 1803 3594 1882 3648; x_wconf 92' lang='lat' dir='ltr'><strong>vit</strong></span> <span class='ocrx_word' id='word_1_431' title='bbox 1911 3606 2215 3664; x_wconf 88' lang='lat' dir='ltr'><strong>peccatum,</strong></span> <span class='ocrx_word' id='word_1_432' title='bbox 2247 3608 2301 3651; x_wconf 78' lang='lat' dir='ltr'><strong>et</strong></span> <span class='ocrx_word' id='word_1_433' title='bbox 2326 3614 2425 3656; x_wconf 89' lang='lat' dir='ltr'><strong>nos</strong></span> <span class='ocrx_word' id='word_1_434' title='bbox 2449 3601 2659 3655; x_wconf 88' lang='lat' dir='ltr'><strong>liberati</strong></span> <span class='ocrx_word' id='word_1_435' title='bbox 2694 3618 2904 3657; x_wconf 87' lang='lat' dir='ltr'><strong>sumus.</strong></span> 
     </span>
    </p>
   </div>
   <div class='ocr_carea' id='block_1_68' title="bbox 195 3687 1782 3766">
    <p class='ocr_par' dir='ltr' id='par_1_68' title="bbox 195 3693 1701 3766">
     <span class='ocr_line' id='line_1_68' title="bbox 195 3693 1701 3766; baseline -0.001 -19"><span class='ocrx_word' id='word_1_436' title='bbox 195 3694 285 3759; x_wconf 77' lang='grc'><strong>14,</strong></span> <span class='ocrx_word' id='word_1_437' title='bbox 319 3695 403 3749; x_wconf 80' lang='grc'><strong>15.</strong></span> <span class='ocrx_word' id='word_1_438' title='bbox 433 3693 536 3749; x_wconf 74' lang='grc' dir='ltr'>Καὶ</span> <span class='ocrx_word' id='word_1_439' title='bbox 559 3695 653 3748; x_wconf 87' lang='grc' dir='ltr'><strong>τοῦ</strong></span> <span class='ocrx_word' id='word_1_440' title='bbox 680 3694 865 3749; x_wconf 88' lang='grc' dir='ltr'>λοιποῦ</span> <span class='ocrx_word' id='word_1_441' title='bbox 907 3697 940 3765; x_wconf 83' lang='grc' dir='ltr'>ἠ</span> <span class='ocrx_word' id='word_1_442' title='bbox 971 3694 1190 3765; x_wconf 80' lang='grc' dir='ltr'>βοήθεια</span> <span class='ocrx_word' id='word_1_443' title='bbox 1231 3694 1388 3764; x_wconf 80' lang='grc' dir='ltr'>ἡμῶν</span> <span class='ocrx_word' id='word_1_444' title='bbox 1426 3695 1483 3745; x_wconf 86' lang='grc' dir='ltr'>ὲν</span> <span class='ocrx_word' id='word_1_445' title='bbox 1519 3693 1595 3764; x_wconf 71' lang='grc'><strong>(5)</strong></span> <span class='ocrx_word' id='word_1_446' title='bbox 1622 3693 1701 3766; x_wconf 83' lang='grc' dir='ltr'>τῷ</span> 
     </span>
    </p>
   </div>
   <div class='ocr_carea' id='block_1_69' title="bbox 1794 3687 3381 3766">
    <p class='ocr_par' dir='ltr' id='par_1_69' title="bbox 1879 3687 3381 3754">
     <span class='ocr_line' id='line_1_69' title="bbox 1879 3687 3381 3754; baseline 0.008 -13"><span class='ocrx_word' id='word_1_447' title='bbox 1879 3687 1965 3754; x_wconf 63' lang='grc'><strong>11,</strong></span> <span class='ocrx_word' id='word_1_448' title='bbox 2000 3688 2085 3742; x_wconf 78' lang='grc'><strong>15.</strong></span> <span class='ocrx_word' id='word_1_449' title='bbox 2119 3688 2185 3742; x_wconf 81' lang='lat' dir='ltr'><strong>Et</strong></span> <span class='ocrx_word' id='word_1_450' title='bbox 2205 3690 2421 3745; x_wconf 84' lang='lat' dir='ltr'><strong>demum</strong></span> <span class='ocrx_word' id='word_1_451' title='bbox 2467 3694 2729 3747; x_wconf 83' lang='lat' dir='ltr'><strong>auxilium</strong></span> <span class='ocrx_word' id='word_1_452' title='bbox 2779 3705 3026 3749; x_wconf 90' lang='lat' dir='ltr'><strong>nostrum</strong></span> <span class='ocrx_word' id='word_1_453' title='bbox 3065 3705 3149 3751; x_wconf 87' lang='lat' dir='ltr'><strong>est</strong></span> <span class='ocrx_word' id='word_1_454' title='bbox 3184 3697 3237 3751; x_wconf 92' lang='lat' dir='ltr'><strong>in</strong></span> <span class='ocrx_word' id='word_1_455' title='bbox 3281 3714 3381 3752; x_wconf 58' lang='lat' dir='ltr'><strong>nua</strong></span> 
     </span>
    </p>
   </div>
   <div class='ocr_carea' id='block_1_70' title="bbox 112 3780 1699 3858">
    <p class='ocr_par' dir='ltr' id='par_1_70' title="bbox 112 3780 1699 3858">
     <span class='ocr_line' id='line_1_70' title="bbox 112 3780 1699 3858; baseline -0.004 -19"><span class='ocrx_word' id='word_1_456' title='bbox 112 3785 346 3857; x_wconf 82' lang='grc' dir='ltr'>ὀνόματι</span> <span class='ocrx_word' id='word_1_457' title='bbox 379 3786 469 3839; x_wconf 84' lang='grc' dir='ltr'><strong>τοῦ</strong></span> <span class='ocrx_word' id='word_1_458' title='bbox 498 3785 694 3858; x_wconf 84' lang='grc' dir='ltr'>Κυρίου</span> <span class='ocrx_word' id='word_1_459' title='bbox 736 3784 910 3856; x_wconf 85' lang='grc' dir='ltr'>Ἰησοῦ</span> <span class='ocrx_word' id='word_1_460' title='bbox 936 3782 1172 3856; x_wconf 85' lang='grc' dir='ltr'>Χριστοῦ</span> <span class='ocrx_word' id='word_1_461' title='bbox 1200 3786 1314 3837; x_wconf 75' lang='grc' dir='ltr'>ἐστι</span> <span class='ocrx_word' id='word_1_462' title='bbox 1334 3780 1425 3835; x_wconf 90' lang='grc' dir='ltr'><strong>τοῦ</strong></span> <span class='ocrx_word' id='word_1_463' title='bbox 1453 3781 1699 3853; x_wconf 83' lang='grc' dir='ltr'>δημιουρ-</span> 
     </span>
    </p>
   </div>
   <div class='ocr_carea' id='block_1_71' title="bbox 1579 3780 3166 3858">
    <p class='ocr_par' dir='ltr' id='par_1_71' title="bbox 1579 3780 3166 3851">
     <span class='ocr_line' id='line_1_71' title="bbox 1579 3780 3166 3851; baseline 0.007 -18"><span class='ocrx_word' id='word_1_464' title='bbox 1579 3799 1706 3851; x_wconf 46' lang='grc' dir='ltr'>γουρ-</span> <span class='ocrx_word' id='word_1_465' title='bbox 1812 3781 1958 3836; x_wconf 87' lang='lat' dir='ltr'><strong>mine</strong></span> <span class='ocrx_word' id='word_1_466' title='bbox 1986 3780 2199 3837; x_wconf 89' lang='lat' dir='ltr'><strong>Domini</strong></span> <span class='ocrx_word' id='word_1_467' title='bbox 2233 3781 2363 3839; x_wconf 87' lang='lat' dir='ltr'><strong>Jesu</strong></span> <span class='ocrx_word' id='word_1_468' title='bbox 2390 3783 2593 3841; x_wconf 88' lang='lat' dir='ltr'><strong>Christi</strong></span> <span class='ocrx_word' id='word_1_469' title='bbox 2628 3788 2889 3844; x_wconf 86' lang='lat' dir='ltr'><strong>creatoris</strong></span> <span class='ocrx_word' id='word_1_470' title='bbox 2918 3788 3166 3844; x_wconf 91' lang='lat' dir='ltr'><strong>omnium</strong></span> 
     </span>
    </p>
   </div>
   <div class='ocr_carea' id='block_1_72' title="bbox 112 3879 485 3948">
    <p class='ocr_par' dir='ltr' id='par_1_72' title="bbox 112 3879 485 3948">
     <span class='ocr_line' id='line_1_72' title="bbox 112 3879 485 3948; baseline 0 -17"><span class='ocrx_word' id='word_1_471' title='bbox 112 3879 217 3948; x_wconf 75' lang='grc' dir='ltr'>τοῦ</span> <span class='ocrx_word' id='word_1_472' title='bbox 250 3880 485 3932; x_wconf 76' lang='grc' dir='ltr'>πάντων.</span> 
     </span>
    </p>
   </div>
   <div class='ocr_carea' id='block_1_73' title="bbox 205 3984 3381 4064">
    <p class='ocr_par' dir='ltr' id='par_1_73' title="bbox 205 3984 3381 4064">
     <span class='ocr_line' id='line_1_73' title="bbox 205 3984 3381 4064; baseline 0.001 -19"><span class='ocrx_word' id='word_1_473' title='bbox 205 3994 270 4045; x_wconf 82' lang='grc' dir='ltr'>Ἠ</span> <span class='ocrx_word' id='word_1_474' title='bbox 300 3994 632 4064; x_wconf 78' lang='grc' dir='ltr'>προκειμένη</span> <span class='ocrx_word' id='word_1_475' title='bbox 655 3991 933 4062; x_wconf 74' lang='grc' dir='ltr'>ἐπιγραφὴ</span> <span class='ocrx_word' id='word_1_476' title='bbox 957 3990 1199 4061; x_wconf 80' lang='grc' dir='ltr'>περιέχει</span> <span class='ocrx_word' id='word_1_477' title='bbox 1232 3989 1326 4060; x_wconf 79' lang='grc'>(6)’</span> <span class='ocrx_word' id='word_1_478' title='bbox 1377 3988 1515 4059; x_wconf 79' lang='grc' dir='ltr'><strong>’ῼδὴ</strong></span> <span class='ocrx_word' id='word_1_479' title='bbox 1544 3987 1663 4042; x_wconf 77' lang='grc' dir='ltr'>τῶν</span> <span class='ocrx_word' id='word_1_480' title='bbox 1703 3986 2101 4056; x_wconf 75' lang='grc' dir='ltr'>Ἀναϐαθμῶν,</span> <span class='ocrx_word' id='word_1_481' title='bbox 2134 3984 2271 4057; x_wconf 74' lang='grc' dir='ltr'>ὅπερ</span> <span class='ocrx_word' id='word_1_482' title='bbox 2298 3986 2658 4059; x_wconf 78' lang='grc' dir='ltr'>ἑρμηνεύεται</span> <span class='ocrx_word' id='word_1_483' title='bbox 2686 3984 3072 4063; x_wconf 77' lang='grc' dir='ltr'>ἐξομολόγησις</span> <span class='ocrx_word' id='word_1_484' title='bbox 3120 3994 3228 4049; x_wconf 88' lang='grc' dir='ltr'><strong>τῶν</strong></span> <span class='ocrx_word' id='word_1_485' title='bbox 3274 3984 3381 4048; x_wconf 71' lang='grc' dir='ltr'><strong>ἀπδ</strong></span> 
     </span>
    </p>
   </div>
   <div class='ocr_carea' id='block_1_74' title="bbox 112 4080 3380 4157">
    <p class='ocr_par' dir='ltr' id='par_1_74' title="bbox 112 4080 3380 4157">
     <span class='ocr_line' id='line_1_74' title="bbox 112 4080 3380 4157; baseline 0.001 -16"><span class='ocrx_word' id='word_1_486' title='bbox 112 4086 213 4143; x_wconf 87' lang='grc' dir='ltr'><strong>τοῦ</strong></span> <span class='ocrx_word' id='word_1_487' title='bbox 250 4088 504 4157; x_wconf 79' lang='grc' dir='ltr'>πέμπτου</span> <span class='ocrx_word' id='word_1_488' title='bbox 542 4084 750 4156; x_wconf 85' lang='grc' dir='ltr'>βαθμοῦ</span> <span class='ocrx_word' id='word_1_489' title='bbox 784 4084 883 4155; x_wconf 89' lang='grc' dir='ltr'><strong>τῆς</strong></span> <span class='ocrx_word' id='word_1_490' title='bbox 907 4086 986 4146; x_wconf 89' lang='grc' dir='ltr'>εἰς</span> <span class='ocrx_word' id='word_1_491' title='bbox 1018 4083 1251 4154; x_wconf 83' lang='grc' dir='ltr'>Χριστὸν</span> <span class='ocrx_word' id='word_1_492' title='bbox 1311 4081 1525 4145; x_wconf 79' lang='grc' dir='ltr'>ἐλπίδος</span> <span class='ocrx_word' id='word_1_493' title='bbox 1561 4081 1797 4134; x_wconf 86' lang='grc' dir='ltr'>ἀνελθὼν</span> <span class='ocrx_word' id='word_1_494' title='bbox 1834 4081 1908 4151; x_wconf 90' lang='grc'><strong>(7)</strong></span> <span class='ocrx_word' id='word_1_495' title='bbox 1969 4080 2343 4153; x_wconf 80' lang='grc' dir='ltr'>[ἀνελθόντων]</span> <span class='ocrx_word' id='word_1_496' title='bbox 2390 4084 2481 4135; x_wconf 76' lang='grc' dir='ltr'><strong>ἐπὶ</strong></span> <span class='ocrx_word' id='word_1_497' title='bbox 2523 4083 2616 4136; x_wconf 85' lang='grc' dir='ltr'><strong>τὸν</strong></span> <span class='ocrx_word' id='word_1_498' title='bbox 2645 4084 2802 4139; x_wconf 72' lang='grc' dir='ltr'>ἕκτον</span> <span class='ocrx_word' id='word_1_499' title='bbox 2835 4085 3072 4157; x_wconf 77' lang='grc' dir='ltr'>βαθμὸν·</span> <span class='ocrx_word' id='word_1_500' title='bbox 3102 4090 3380 4144; x_wconf 79' lang='grc' dir='ltr'>τουτέστιν</span> 
     </span>
    </p>
   </div>
   <div class='ocr_carea' id='block_1_75' title="bbox 112 4172 3380 4252">
    <p class='ocr_par' dir='ltr' id='par_1_75' title="bbox 112 4172 3380 4252">
     <span class='ocr_line' id='line_1_75' title="bbox 112 4172 3380 4252; baseline 0.001 -18"><span class='ocrx_word' id='word_1_501' title='bbox 112 4182 507 4252; x_wconf 73' lang='grc' dir='ltr'>ἐξομολόγησις</span> <span class='ocrx_word' id='word_1_502' title='bbox 531 4179 637 4232; x_wconf 91' lang='grc' dir='ltr'><strong>τῶν</strong></span> <span class='ocrx_word' id='word_1_503' title='bbox 666 4178 803 4250; x_wconf 90' lang='grc' dir='ltr'><strong>μετά</strong></span> <span class='ocrx_word' id='word_1_504' title='bbox 831 4178 891 4231; x_wconf 78' lang='grc' dir='ltr'>τὸ</span> <span class='ocrx_word' id='word_1_505' title='bbox 914 4177 1196 4247; x_wconf 77' lang='grc' dir='ltr'>βάπτισμα</span> <span class='ocrx_word' id='word_1_506' title='bbox 1235 4173 1705 4242; x_wconf 74' lang='grc' dir='ltr'>ὲπιγινωσκόντων</span> <span class='ocrx_word' id='word_1_507' title='bbox 1730 4174 1831 4245; x_wconf 84' lang='grc' dir='ltr'>τὴν</span> <span class='ocrx_word' id='word_1_508' title='bbox 1860 4172 2089 4241; x_wconf 88' lang='grc' dir='ltr'>δύναμιν</span> <span class='ocrx_word' id='word_1_509' title='bbox 2115 4173 2209 4226; x_wconf 90' lang='grc' dir='ltr'><strong>τοῦ</strong></span> <span class='ocrx_word' id='word_1_510' title='bbox 2242 4175 2498 4246; x_wconf 83' lang='grc' dir='ltr'>Χριστοῦ·</span> <span class='ocrx_word' id='word_1_511' title='bbox 2528 4174 2589 4227; x_wconf 85' lang='grc' dir='ltr'><strong>τὸ</strong></span> <span class='ocrx_word' id='word_1_512' title='bbox 2628 4175 2743 4239; x_wconf 81' lang='grc' dir='ltr'><strong>πῶς</strong></span> <span class='ocrx_word' id='word_1_513' title='bbox 2766 4178 3226 4251; x_wconf 76' lang='grc' dir='ltr'>ἀντιλαμϐάνεται</span> <span class='ocrx_word' id='word_1_514' title='bbox 3269 4183 3380 4239; x_wconf 77' lang='grc' dir='ltr'><strong>τῶν</strong></span> 
     </span>
    </p>
   </div>
   <div class='ocr_carea' id='block_1_76' title="bbox 113 4265 2900 4341">
    <p class='ocr_par' dir='ltr' id='par_1_76' title="bbox 113 4265 2900 4341">
     <span class='ocr_line' id='line_1_76' title="bbox 113 4265 2900 4341; baseline -0.001 -13"><span class='ocrx_word' id='word_1_515' title='bbox 113 4274 487 4330; x_wconf 84' lang='grc' dir='ltr'>πιστευόντων</span> <span class='ocrx_word' id='word_1_516' title='bbox 520 4274 599 4336; x_wconf 88' lang='grc' dir='ltr'><strong>είς</strong></span> <span class='ocrx_word' id='word_1_517' title='bbox 618 4271 798 4336; x_wconf 77' lang='grc' dir='ltr'>αὑτὸν,</span> <span class='ocrx_word' id='word_1_518' title='bbox 833 4270 924 4323; x_wconf 76' lang='grc' dir='ltr'><strong>καὶ</strong></span> <span class='ocrx_word' id='word_1_519' title='bbox 948 4271 1075 4333; x_wconf 74' lang='grc' dir='ltr'>τοὺς</span> <span class='ocrx_word' id='word_1_520' title='bbox 1104 4266 1459 4330; x_wconf 85' lang='grc' dir='ltr'>ἀπειθοῦντας</span> <span class='ocrx_word' id='word_1_521' title='bbox 1488 4266 1629 4336; x_wconf 54' lang='grc' dir='ltr'>αὐτῷ</span> <span class='ocrx_word' id='word_1_522' title='bbox 1661 4265 1776 4329; x_wconf 80' lang='grc' dir='ltr'><strong>πῶς</strong></span> <span class='ocrx_word' id='word_1_523' title='bbox 1797 4266 2161 4338; x_wconf 85' lang='grc' dir='ltr'>παραδίδωσιν</span> <span class='ocrx_word' id='word_1_524' title='bbox 2190 4269 2270 4331; x_wconf 86' lang='grc' dir='ltr'><strong>είς</strong></span> <span class='ocrx_word' id='word_1_525' title='bbox 2291 4267 2513 4323; x_wconf 85' lang='grc' dir='ltr'>κόλασιν</span> <span class='ocrx_word' id='word_1_526' title='bbox 2548 4267 2771 4324; x_wconf 84' lang='grc' dir='ltr'>αἰωνίαν</span> <span class='ocrx_word' id='word_1_527' title='bbox 2802 4271 2900 4341; x_wconf 83' lang='lat'><strong>(8).</strong></span> 
     </span>
    </p>
   </div>
   <div class='ocr_carea' id='block_1_77' title="bbox 189 4359 3378 4438">
    <p class='ocr_par' dir='ltr' id='par_1_77' title="bbox 189 4359 3378 4438">
     <span class='ocr_line' id='line_1_77' title="bbox 189 4359 3378 4438; baseline 0 -14"><span class='ocrx_word' id='word_1_528' title='bbox 189 4368 407 4423; x_wconf 83' lang='lat' dir='ltr'><strong>Titulus</strong></span> <span class='ocrx_word' id='word_1_529' title='bbox 433 4366 754 4436; x_wconf 67' lang='lat' dir='ltr'><strong>przepositus</strong></span> <span class='ocrx_word' id='word_1_530' title='bbox 784 4366 1024 4420; x_wconf 87' lang='lat' dir='ltr'><strong>continet</strong></span> <span class='ocrx_word' id='word_1_531' title='bbox 1060 4383 1072 4417; x_wconf 91' lang='lat'>:</span> <span class='ocrx_word' id='word_1_532' title='bbox 1105 4360 1390 4418; x_wconf 83' lang='lat' dir='ltr'><strong>Canticum</strong></span> <span class='ocrx_word' id='word_1_533' title='bbox 1422 4359 1726 4424; x_wconf 86' lang='lat' dir='ltr'><strong>Graduum,</strong></span> <span class='ocrx_word' id='word_1_534' title='bbox 1759 4360 1905 4430; x_wconf 92' lang='lat' dir='ltr'><strong>quod</strong></span> <span class='ocrx_word' id='word_1_535' title='bbox 1934 4361 2323 4429; x_wconf 85' lang='lat' dir='ltr'><strong>interpretatur</strong></span> <span class='ocrx_word' id='word_1_536' title='bbox 2366 4361 2641 4417; x_wconf 78' lang='lat' dir='ltr'><strong>confessio</strong></span> <span class='ocrx_word' id='word_1_537' title='bbox 2680 4365 3088 4419; x_wconf 85' lang='lat' dir='ltr'><strong>ascendentium</strong></span> <span class='ocrx_word' id='word_1_538' title='bbox 3122 4382 3153 4421; x_wconf 85' lang='lat' dir='ltr'><strong>a</strong></span> <span class='ocrx_word' id='word_1_539' title='bbox 3184 4371 3378 4438; x_wconf 86' lang='lat' dir='ltr'><strong>quinto</strong></span> 
     </span>
    </p>
   </div>
   <div class='ocr_carea' id='block_1_78' title="bbox 111 4451 3377 4536">
    <p class='ocr_par' dir='ltr' id='par_1_78' title="bbox 111 4451 3377 4536">
     <span class='ocr_line' id='line_1_78' title="bbox 111 4451 3377 4536; baseline -0 -19"><span class='ocrx_word' id='word_1_540' title='bbox 111 4464 297 4536; x_wconf 81' lang='lat' dir='ltr'><strong>gradu</strong></span> <span class='ocrx_word' id='word_1_541' title='bbox 358 4459 473 4530; x_wconf 75' lang='lat' dir='ltr'><strong>spei</strong></span> <span class='ocrx_word' id='word_1_542' title='bbox 544 4458 595 4511; x_wconf 91' lang='lat' dir='ltr'><strong>in</strong></span> <span class='ocrx_word' id='word_1_543' title='bbox 661 4455 942 4511; x_wconf 83' lang='lat' dir='ltr'><strong>Christum</strong></span> <span class='ocrx_word' id='word_1_544' title='bbox 1003 4456 1057 4509; x_wconf 91' lang='lat' dir='ltr'><strong>in</strong></span> <span class='ocrx_word' id='word_1_545' title='bbox 1117 4462 1335 4508; x_wconf 79' lang='lat' dir='ltr'><strong>sextum</strong></span> <span class='ocrx_word' id='word_1_546' title='bbox 1392 4451 1621 4522; x_wconf 81' lang='lat' dir='ltr'><strong>gradum</strong></span> <span class='ocrx_word' id='word_1_547' title='bbox 1680 4470 1693 4505; x_wconf 91' lang='lat'><strong>:</strong></span> <span class='ocrx_word' id='word_1_548' title='bbox 1750 4451 1856 4505; x_wconf 86' lang='lat' dir='ltr'><strong>hoc</strong></span> <span class='ocrx_word' id='word_1_549' title='bbox 1909 4460 1995 4505; x_wconf 88' lang='lat' dir='ltr'><strong>est</strong></span> <span class='ocrx_word' id='word_1_550' title='bbox 2051 4451 2325 4507; x_wconf 87' lang='lat' dir='ltr'><strong>confessio</strong></span> <span class='ocrx_word' id='word_1_551' title='bbox 2387 4453 2801 4522; x_wconf 81' lang='lat' dir='ltr'><strong>agnoscentium</strong></span> <span class='ocrx_word' id='word_1_552' title='bbox 2859 4463 2984 4522; x_wconf 82' lang='lat' dir='ltr'><strong>post</strong></span> <span class='ocrx_word' id='word_1_553' title='bbox 3042 4456 3377 4527; x_wconf 89' lang='lat' dir='ltr'><strong>baptismum</strong></span> 
     </span>
    </p>
   </div>
   <div class='ocr_carea' id='block_1_79' title="bbox 110 4541 3379 4621">
    <p class='ocr_par' dir='ltr' id='par_1_79' title="bbox 110 4541 3379 4621">
     <span class='ocr_line' id='line_1_79' title="bbox 110 4541 3379 4621; baseline -0.001 -8"><span class='ocrx_word' id='word_1_554' title='bbox 110 4556 327 4614; x_wconf 82' lang='lat' dir='ltr'><strong>Christi</strong></span> <span class='ocrx_word' id='word_1_555' title='bbox 353 4554 606 4607; x_wconf 82' lang='lat' dir='ltr'><strong>virtutem</strong></span> <span class='ocrx_word' id='word_1_556' title='bbox 638 4570 651 4607; x_wconf 88' lang='lat'>:</span> <span class='ocrx_word' id='word_1_557' title='bbox 684 4549 959 4621; x_wconf 91' lang='lat' dir='ltr'><strong>quomodo</strong></span> <span class='ocrx_word' id='word_1_558' title='bbox 982 4548 1283 4611; x_wconf 85' lang='lat' dir='ltr'><strong>opitulatur</strong></span> <span class='ocrx_word' id='word_1_559' title='bbox 1306 4542 1658 4601; x_wconf 89' lang='lat' dir='ltr'><strong>credentibus</strong></span> <span class='ocrx_word' id='word_1_560' title='bbox 1682 4541 1736 4595; x_wconf 89' lang='lat' dir='ltr'><strong>in</strong></span> <span class='ocrx_word' id='word_1_561' title='bbox 1759 4557 1908 4610; x_wconf 87' lang='lat' dir='ltr'><strong>eum,</strong></span> <span class='ocrx_word' id='word_1_562' title='bbox 1940 4552 1993 4598; x_wconf 89' lang='lat' dir='ltr'><strong>et</strong></span> <span class='ocrx_word' id='word_1_563' title='bbox 2016 4559 2126 4599; x_wconf 89' lang='lat' dir='ltr'><strong>non</strong></span> <span class='ocrx_word' id='word_1_564' title='bbox 2151 4542 2438 4598; x_wconf 89' lang='lat' dir='ltr'><strong>credentes</strong></span> <span class='ocrx_word' id='word_1_565' title='bbox 2464 4543 2742 4615; x_wconf 89' lang='lat' dir='ltr'><strong>quomodo</strong></span> <span class='ocrx_word' id='word_1_566' title='bbox 2770 4545 2933 4601; x_wconf 84' lang='lat' dir='ltr'><strong>tradit</strong></span> <span class='ocrx_word' id='word_1_567' title='bbox 2967 4547 3023 4601; x_wconf 94' lang='lat' dir='ltr'><strong>in</strong></span> <span class='ocrx_word' id='word_1_568' title='bbox 3050 4550 3379 4621; x_wconf 87' lang='lat' dir='ltr'><strong>supplicium</strong></span> 
     </span>
    </p>
   </div>
   <div class='ocr_carea' id='block_1_80' title="bbox 189 4665 408 4704">
    <p class='ocr_par' dir='ltr' id='par_1_80' title="bbox 189 4665 408 4704">
     <span class='ocr_line' id='line_1_80' title="bbox 189 4665 408 4704; baseline -0.023 0"><span class='ocrx_word' id='word_1_569' title='bbox 189 4665 408 4704; x_wconf 83' lang='lat' dir='ltr'><strong>eruum.</strong></span> 
     </span>
    </p>
   </div>
   <div class='ocr_carea' id='block_1_81' title="bbox 110 4664 1697 4800">
    <p class='ocr_par' dir='ltr' id='par_1_81' title="bbox 110 4664 1697 4795">
     <span class='ocr_line' id='line_1_81' title="bbox 110 4664 408 4707; baseline -0.027 0"><span class='ocrx_word' id='word_1_570' title='bbox 110 4664 408 4707; x_wconf 66' lang='grc' dir='ltr'>ειετιιυιη.</span> 
     </span>
     <span class='ocr_line' id='line_1_82' title="bbox 192 4722 1697 4795; baseline -0.011 -2"><span class='ocrx_word' id='word_1_571' title='bbox 192 4741 245 4794; x_wconf 92' lang='grc'><strong>1.</strong></span> <span class='ocrx_word' id='word_1_572' title='bbox 278 4743 341 4791; x_wconf 87' lang='grc' dir='ltr'><strong>υἱ</strong></span> <span class='ocrx_word' id='word_1_573' title='bbox 398 4733 739 4795; x_wconf 87' lang='grc' dir='ltr'>πιστεύοντες</span> <span class='ocrx_word' id='word_1_574' title='bbox 790 4733 869 4793; x_wconf 79' lang='grc' dir='ltr'>εἰς</span> <span class='ocrx_word' id='word_1_575' title='bbox 912 4728 1155 4782; x_wconf 69' lang='grc' dir='ltr'>τὸνοΥίὺν</span> <span class='ocrx_word' id='word_1_576' title='bbox 1187 4727 1279 4781; x_wconf 84' lang='grc' dir='ltr'><strong>τοῦ</strong></span> <span class='ocrx_word' id='word_1_577' title='bbox 1319 4725 1454 4780; x_wconf 86' lang='grc' dir='ltr'>Θεοῦ</span> <span class='ocrx_word' id='word_1_578' title='bbox 1484 4722 1697 4779; x_wconf 75' lang='grc' dir='ltr'>δυνατοὶ</span> 
     </span>
    </p>
   </div>
   <div class='ocr_carea' id='block_1_82' title="bbox 1786 4664 3373 4800">
    <p class='ocr_par' dir='ltr' id='par_1_82' title="bbox 1872 4724 3373 4800">
     <span class='ocr_line' id='line_1_83' title="bbox 1872 4724 3373 4800; baseline 0.004 -18"><span class='ocrx_word' id='word_1_579' title='bbox 1872 4728 1924 4782; x_wconf 87' lang='grc'><strong>1.</strong></span> <span class='ocrx_word' id='word_1_580' title='bbox 1948 4726 2241 4782; x_wconf 80' lang='lat' dir='ltr'><strong>Credentcs</strong></span> <span class='ocrx_word' id='word_1_581' title='bbox 2275 4724 2329 4780; x_wconf 89' lang='lat' dir='ltr'><strong>in</strong></span> <span class='ocrx_word' id='word_1_582' title='bbox 2364 4724 2563 4781; x_wconf 82' lang='lat' dir='ltr'><strong>Filium</strong></span> <span class='ocrx_word' id='word_1_583' title='bbox 2594 4726 2689 4782; x_wconf 84' lang='lat' dir='ltr'><strong>Dei</strong></span> <span class='ocrx_word' id='word_1_584' title='bbox 2720 4735 2963 4797; x_wconf 76' lang='lat' dir='ltr'><strong>potentes</strong></span> <span class='ocrx_word' id='word_1_585' title='bbox 2990 4730 3189 4785; x_wconf 89' lang='lat' dir='ltr'><strong>virtute</strong></span> <span class='ocrx_word' id='word_1_586' title='bbox 3222 4742 3373 4800; x_wconf 80' lang='lat' dir='ltr'><strong>sunt,</strong></span> 
     </span>
    </p>
   </div>
   <div class='ocr_carea' id='block_1_83' title="bbox 113 4815 1700 4908">
    <p class='ocr_par' dir='ltr' id='par_1_83' title="bbox 113 4816 1700 4904">
     <span class='ocr_line' id='line_1_84' title="bbox 113 4816 1700 4904; baseline -0.013 -16"><span class='ocrx_word' id='word_1_587' title='bbox 113 4833 269 4904; x_wconf 84' lang='grc' dir='ltr'>ισχύῖ</span> <span class='ocrx_word' id='word_1_588' title='bbox 303 4830 654 4900; x_wconf 76' lang='grc' dir='ltr'>ὑπάρχουσιν,</span> <span class='ocrx_word' id='word_1_589' title='bbox 686 4825 760 4888; x_wconf 85' lang='grc' dir='ltr'>ὼς</span> <span class='ocrx_word' id='word_1_590' title='bbox 788 4827 822 4895; x_wconf 84' lang='grc' dir='ltr'>ή</span> <span class='ocrx_word' id='word_1_591' title='bbox 867 4820 1054 4891; x_wconf 69' lang='grc' dir='ltr'>ἐντολὴ</span> <span class='ocrx_word' id='word_1_592' title='bbox 1087 4820 1160 4891; x_wconf 85' lang='grc'><strong>(9)</strong></span> <span class='ocrx_word' id='word_1_593' title='bbox 1209 4818 1303 4872; x_wconf 89' lang='grc' dir='ltr'><strong>τοῦ</strong></span> <span class='ocrx_word' id='word_1_594' title='bbox 1346 4817 1500 4871; x_wconf 88' lang='grc' dir='ltr'>Θεοῦ.</span> <span class='ocrx_word' id='word_1_595' title='bbox 1548 4816 1700 4870; x_wconf 85' lang='grc' dir='ltr'><strong>Σιὼν</strong></span> 
     </span>
    </p>
   </div>
   <div class='ocr_carea' id='block_1_84' title="bbox 1785 4815 3372 4908">
    <p class='ocr_par' dir='ltr' id='par_1_84' title="bbox 1802 4815 3372 4889">
     <span class='ocr_line' id='line_1_85' title="bbox 1802 4815 3372 4889; baseline 0.003 -15"><span class='ocrx_word' id='word_1_596' title='bbox 1802 4819 1944 4875; x_wconf 82' lang='lat' dir='ltr'><strong>sicut</strong></span> <span class='ocrx_word' id='word_1_597' title='bbox 1965 4818 2282 4873; x_wconf 86' lang='lat' dir='ltr'><strong>mandatum</strong></span> <span class='ocrx_word' id='word_1_598' title='bbox 2310 4815 2425 4873; x_wconf 85' lang='lat' dir='ltr'><strong>Dei.</strong></span> <span class='ocrx_word' id='word_1_599' title='bbox 2458 4816 2589 4872; x_wconf 84' lang='lat' dir='ltr'><strong>Sion</strong></span> <span class='ocrx_word' id='word_1_600' title='bbox 2620 4818 2766 4872; x_wconf 90' lang='lat' dir='ltr'><strong>enim</strong></span> <span class='ocrx_word' id='word_1_601' title='bbox 2804 4819 3193 4889; x_wconf 87' lang='lat' dir='ltr'><strong>interpretatur</strong></span> <span class='ocrx_word' id='word_1_602' title='bbox 3216 4840 3372 4878; x_wconf 85' lang='lat' dir='ltr'><strong>man-</strong></span> 
     </span>
    </p>
   </div>
   <div class='ocr_carea' id='block_1_85' title="bbox 110 4912 1697 4997">
    <p class='ocr_par' dir='ltr' id='par_1_85' title="bbox 110 4915 747 4997">
     <span class='ocr_line' id='line_1_86' title="bbox 110 4915 747 4997; baseline -0.009 -21"><span class='ocrx_word' id='word_1_603' title='bbox 110 4921 480 4997; x_wconf 76' lang='grc' dir='ltr'>ὲρμηνεύεται</span> <span class='ocrx_word' id='word_1_604' title='bbox 506 4915 747 4981; x_wconf 74' lang='grc' dir='ltr'>ἐντολή.</span> 
     </span>
    </p>
   </div>
   <div class='ocr_carea' id='block_1_86' title="bbox 417 4912 2004 4997">
    <p class='ocr_par' dir='ltr' id='par_1_86' title="bbox 417 4912 2004 4981">
     <span class='ocr_line' id='line_1_87' title="bbox 417 4912 2004 4981; baseline -0.005 -9"><span class='ocrx_word' id='word_1_605' title='bbox 417 4938 480 4973; x_wconf 76' lang='grc' dir='ltr'><strong>ται</strong></span> <span class='ocrx_word' id='word_1_606' title='bbox 506 4915 747 4981; x_wconf 74' lang='grc' dir='ltr'>ἐντολή.</span> <span class='ocrx_word' id='word_1_607' title='bbox 1799 4912 2004 4964; x_wconf 84' lang='lat' dir='ltr'><strong>datum.</strong></span> 
     </span>
    </p>
   </div>
   <div class='ocr_carea' id='block_1_87' title="bbox 186 5002 1773 5087">
    <p class='ocr_par' dir='ltr' id='par_1_87' title="bbox 186 5004 1698 5087">
     <span class='ocr_line' id='line_1_88' title="bbox 186 5004 1698 5087; baseline -0.009 -16"><span class='ocrx_word' id='word_1_608' title='bbox 186 5018 244 5071; x_wconf 71' lang='lat'><strong>2.</strong></span> <span class='ocrx_word' id='word_1_609' title='bbox 307 5012 716 5087; x_wconf 84' lang='grc' dir='ltr'>Ἀμετακίνητοι</span> <span class='ocrx_word' id='word_1_610' title='bbox 768 5009 978 5062; x_wconf 75' lang='grc' dir='ltr'>ἔσονται</span> <span class='ocrx_word' id='word_1_611' title='bbox 1037 5009 1086 5060; x_wconf 90' lang='grc' dir='ltr'><strong>οί</strong></span> <span class='ocrx_word' id='word_1_612' title='bbox 1124 5006 1464 5076; x_wconf 78' lang='grc' dir='ltr'>διαμένοντες</span> <span class='ocrx_word' id='word_1_613' title='bbox 1516 5005 1572 5058; x_wconf 83' lang='grc' dir='ltr'>ὲν</span> <span class='ocrx_word' id='word_1_614' title='bbox 1618 5004 1698 5075; x_wconf 83' lang='grc' dir='ltr'>τῷ</span> 
     </span>
    </p>
   </div>
   <div class='ocr_carea' id='block_1_88' title="bbox 1783 5002 3370 5087">
    <p class='ocr_par' dir='ltr' id='par_1_88' title="bbox 1867 5002 3370 5076">
     <span class='ocr_line' id='line_1_89' title="bbox 1867 5002 3370 5076; baseline 0.003 -20"><span class='ocrx_word' id='word_1_615' title='bbox 1867 5003 1921 5057; x_wconf 76' lang='lat'><strong>2.</strong></span> <span class='ocrx_word' id='word_1_616' title='bbox 1952 5002 2263 5056; x_wconf 85' lang='lat' dir='ltr'><strong>lmmobiles</strong></span> <span class='ocrx_word' id='word_1_617' title='bbox 2278 5010 2440 5056; x_wconf 89' lang='lat' dir='ltr'><strong>erunt</strong></span> <span class='ocrx_word' id='word_1_618' title='bbox 2473 5011 2855 5071; x_wconf 84' lang='lat' dir='ltr'><strong>permanentes</strong></span> <span class='ocrx_word' id='word_1_619' title='bbox 2876 5002 2930 5057; x_wconf 90' lang='lat' dir='ltr'><strong>in</strong></span> <span class='ocrx_word' id='word_1_620' title='bbox 2956 5002 3163 5073; x_wconf 88' lang='lat' dir='ltr'><strong>Spiritu</strong></span> <span class='ocrx_word' id='word_1_621' title='bbox 3186 5006 3370 5076; x_wconf 75' lang='lat' dir='ltr'><strong>gratia!</strong></span> 
     </span>
    </p>
   </div>
   <div class='ocr_carea' id='block_1_89' title="bbox 110 5090 1697 5176">
    <p class='ocr_par' dir='ltr' id='par_1_89' title="bbox 110 5096 1695 5176">
     <span class='ocr_line' id='line_1_90' title="bbox 110 5096 1695 5176; baseline -0.008 -15"><span class='ocrx_word' id='word_1_622' title='bbox 110 5107 403 5176; x_wconf 85' lang='grc' dir='ltr'>Πνεύματι</span> <span class='ocrx_word' id='word_1_623' title='bbox 428 5106 525 5174; x_wconf 91' lang='grc' dir='ltr'><strong>τῆς</strong></span> <span class='ocrx_word' id='word_1_624' title='bbox 558 5104 771 5174; x_wconf 80' lang='grc' dir='ltr'>χάριτος</span> <span class='ocrx_word' id='word_1_625' title='bbox 805 5100 991 5155; x_wconf 79' lang='grc' dir='ltr'>αὑτοῦ·</span> <span class='ocrx_word' id='word_1_626' title='bbox 1040 5097 1397 5173; x_wconf 80' lang='grc' dir='ltr'>ἑρμηνεύεται</span> <span class='ocrx_word' id='word_1_627' title='bbox 1434 5096 1541 5168; x_wconf 80' lang='grc' dir='ltr'><strong>γὰρ</strong></span> <span class='ocrx_word' id='word_1_628' title='bbox 1580 5097 1695 5168; x_wconf 86' lang='grc'><strong>(10)</strong></span> 
     </span>
    </p>
   </div>
   <div class='ocr_carea' id='block_1_90' title="bbox 1783 5090 3370 5176">
    <p class='ocr_par' dir='ltr' id='par_1_90' title="bbox 1798 5090 3370 5167">
     <span class='ocr_line' id='line_1_91' title="bbox 1798 5090 3370 5167; baseline 0.001 -19"><span class='ocrx_word' id='word_1_629' title='bbox 1798 5094 1991 5163; x_wconf 87' lang='lat' dir='ltr'><strong>ipsius.</strong></span> <span class='ocrx_word' id='word_1_630' title='bbox 2038 5091 2339 5147; x_wconf 75' lang='lat' dir='ltr'><strong>Jerusalem</strong></span> <span class='ocrx_word' id='word_1_631' title='bbox 2386 5093 2531 5147; x_wconf 88' lang='lat' dir='ltr'><strong>enim</strong></span> <span class='ocrx_word' id='word_1_632' title='bbox 2572 5093 2963 5163; x_wconf 87' lang='lat' dir='ltr'><strong>interpretatur</strong></span> <span class='ocrx_word' id='word_1_633' title='bbox 2987 5090 3217 5164; x_wconf 74' lang='lat' dir='ltr'><strong>Spiritus</strong></span> <span class='ocrx_word' id='word_1_634' title='bbox 3241 5112 3370 5167; x_wconf 65' lang='lat' dir='ltr'><strong>grad</strong></span> 
     </span>
    </p>
   </div>
   <div class='ocr_carea' id='block_1_91' title="bbox 110 5187 1697 5271">
    <p class='ocr_par' dir='ltr' id='par_1_91' title="bbox 110 5195 851 5271">
     <span class='ocr_line' id='line_1_92' title="bbox 110 5195 851 5271; baseline -0.007 -16"><span class='ocrx_word' id='word_1_635' title='bbox 110 5200 367 5271; x_wconf 78' lang='grc' dir='ltr'>Πνεῦμα</span> <span class='ocrx_word' id='word_1_636' title='bbox 387 5198 572 5253; x_wconf 87' lang='grc' dir='ltr'>αὑτοῦ</span> <span class='ocrx_word' id='word_1_637' title='bbox 593 5195 851 5267; x_wconf 83' lang='grc' dir='ltr'>χάριτος.</span> 
     </span>
    </p>
   </div>
   <div class='ocr_carea' id='block_1_92' title="bbox 458 5187 2045 5271">
    <p class='ocr_par' dir='ltr' id='par_1_92' title="bbox 458 5187 2045 5267">
     <span class='ocr_line' id='line_1_93' title="bbox 458 5187 2045 5267; baseline -0.008 -16"><span class='ocrx_word' id='word_1_638' title='bbox 458 5198 572 5253; x_wconf 73' lang='grc' dir='ltr'>ντοῦ</span> <span class='ocrx_word' id='word_1_639' title='bbox 593 5195 851 5267; x_wconf 83' lang='grc' dir='ltr'>χάριτος.</span> <span class='ocrx_word' id='word_1_640' title='bbox 1797 5188 1884 5240; x_wconf 74' lang='lat' dir='ltr'><strong>tia:</strong></span> <span class='ocrx_word' id='word_1_641' title='bbox 1910 5187 2045 5255; x_wconf 72' lang='lat' dir='ltr'><strong>ejus.</strong></span> 
     </span>
    </p>
   </div>
   <div class='ocr_carea' id='block_1_93' title="bbox 1070 5323 2394 5404">
    <p class='ocr_par' dir='ltr' id='par_1_93' title="bbox 1070 5323 2394 5404">
     <span class='ocr_line' id='line_1_94' title="bbox 1070 5323 2394 5404; baseline -0.002 -15"><span class='ocrx_word' id='word_1_642' title='bbox 1070 5324 1378 5389; x_wconf 82' lang='lat' dir='ltr'><strong>Addenda</strong></span> <span class='ocrx_word' id='word_1_643' title='bbox 1407 5332 1468 5387; x_wconf 88' lang='lat' dir='ltr'><strong>et</strong></span> <span class='ocrx_word' id='word_1_644' title='bbox 1496 5323 1867 5404; x_wconf 78' lang='lat' dir='ltr'><strong>corrigenda</strong></span> <span class='ocrx_word' id='word_1_645' title='bbox 1905 5342 1983 5386; x_wconf 85' lang='lat' dir='ltr'><strong>ex</strong></span> <span class='ocrx_word' id='word_1_646' title='bbox 2015 5325 2156 5387; x_wconf 93' lang='lat' dir='ltr'><strong>cod.</strong></span> <span class='ocrx_word' id='word_1_647' title='bbox 2192 5324 2394 5386; x_wconf 86' lang='lat' dir='ltr'><strong>Vatic.</strong></span> 
     </span>
    </p>
   </div>
   <div class='ocr_carea' id='block_1_94' title="bbox 188 5448 2966 5535">
    <p class='ocr_par' dir='ltr' id='par_1_94' title="bbox 188 5448 2966 5535">
     <span class='ocr_line' id='line_1_95' title="bbox 188 5448 2966 5535; baseline -0.001 -25"><span class='ocrx_word' id='word_1_648' title='bbox 188 5464 267 5535; x_wconf 79' lang='grc'><strong>(1)</strong></span> <span class='ocrx_word' id='word_1_649' title='bbox 294 5462 404 5535; x_wconf 74' lang='grc' dir='ltr'><strong>Τὰς</strong></span> <span class='ocrx_word' id='word_1_650' title='bbox 436 5459 694 5535; x_wconf 65' lang='grc' dir='ltr'>ἐξουσίας.</span> <span class='ocrx_word' id='word_1_651' title='bbox 2066 5449 2153 5535; x_wconf 63' lang='grc' dir='ltr'>διὰ</span> <span class='ocrx_word' id='word_1_652' title='bbox 2180 5450 2278 5520; x_wconf 81' lang='grc' dir='ltr'><strong>τῆς</strong></span> <span class='ocrx_word' id='word_1_653' title='bbox 2311 5449 2677 5520; x_wconf 79' lang='grc' dir='ltr'>κινναῦἀρεως</span> <span class='ocrx_word' id='word_1_654' title='bbox 2704 5450 2966 5523; x_wconf 82' lang='grc' dir='ltr'>περιέχει.</span> 
     </span>
    </p>
   </div>
   <div class='ocr_carea' id='block_1_95' title="bbox 188 5521 1775 5606">
    <p class='ocr_par' dir='ltr' id='par_1_95' title="bbox 188 5521 1279 5606">
     <span class='ocr_line' id='line_1_96' title="bbox 188 5521 1279 5606; baseline -0.003 -20"><span class='ocrx_word' id='word_1_655' title='bbox 302 5521 420 5606; x_wconf 77' lang='grc' dir='ltr'>Τῶν</span> <span class='ocrx_word' id='word_1_656' title='bbox 446 5521 672 5606; x_wconf 57' lang='grc' dir='ltr'>ᾔδονῶνξ</span> <span class='ocrx_word' id='word_1_657' title='bbox 872 5596 896 5606; x_wconf 87' lang='lat'>_</span> <span class='ocrx_word' id='word_1_658' title='bbox 970 5598 993 5606; x_wconf 36' lang='grc' dir='ltr'><strong>Α</strong></span> <span class='ocrx_word' id='word_1_659' title='bbox 1022 5596 1045 5606; x_wconf 30' lang='grc' dir='ltr'>μ</span> <span class='ocrx_word' id='word_1_660' title='bbox 1191 5592 1208 5606; x_wconf 32' lang='grc' dir='ltr'><strong>λ</strong></span> <span class='ocrx_word' id='word_1_661' title='bbox 1254 5592 1279 5606; x_wconf 46' lang='lat'><strong><em>.-</em></strong></span> 
     </span>
    </p>
   </div>
   <div class='ocr_carea' id='block_1_96' title="bbox 682 5521 2269 5606">
    <p class='ocr_par' dir='ltr' id='par_1_96' title="bbox 872 5521 2269 5606">
     <span class='ocr_line' id='line_1_97' title="bbox 872 5521 2269 5606; baseline -0.022 0"><span class='ocrx_word' id='word_1_662' title='bbox 872 5596 896 5606; x_wconf 93' lang='lat'><strong>..</strong></span> <span class='ocrx_word' id='word_1_663' title='bbox 1022 5596 1045 5606; x_wconf 75' lang='grc'><em>,</em></span> <span class='ocrx_word' id='word_1_664' title='bbox 1191 5592 1208 5606; x_wconf 74' lang='grc'><strong>,</strong></span> <span class='ocrx_word' id='word_1_665' title='bbox 1254 5592 1279 5606; x_wconf 80' lang='grc'><em>,</em></span> <span class='ocrx_word' id='word_1_666' title='bbox 1972 5521 2269 5606; x_wconf 38' lang='grc' dir='ltr'>’ᾒνιιόντωψ</span> 
     </span>
    </p>
   </div>
   <div class='ocr_carea' id='block_1_97' title="bbox 186 5592 2216 5671">
    <p class='ocr_par' dir='ltr' id='par_1_97' title="bbox 186 5592 2216 5671">
     <span class='ocr_line' id='line_1_98' title="bbox 186 5592 2216 5671; baseline -0.006 -15"><span class='ocrx_word' id='word_1_667' title='bbox 312 5592 650 5663; x_wconf 66' lang='grc' dir='ltr'>Ἀπολὲσθαι,</span> <span class='ocrx_word' id='word_1_668' title='bbox 677 5608 805 5657; x_wconf 87' lang='lat' dir='ltr'><strong>etc..</strong></span> <span class='ocrx_word' id='word_1_669' title='bbox 830 5596 937 5671; x_wconf 86' lang='grc' dir='ltr'><strong>τῶν</strong></span> <span class='ocrx_word' id='word_1_670' title='bbox 966 5592 1337 5652; x_wconf 77' lang='grc' dir='ltr'>διδασκαλιῶν.</span> <span class='ocrx_word' id='word_1_671' title='bbox 1972 5592 2216 5671; x_wconf 46' lang='lat' dir='ltr'><strong>tinuum:</strong></span> 
     </span>
    </p>
   </div>
   <div class='ocr_carea' id='block_1_98' title="bbox 186 5660 2925 5759">
    <p class='ocr_par' dir='ltr' id='par_1_98' title="bbox 186 5660 2925 5759">
     <span class='ocr_line' id='line_1_99' title="bbox 186 5660 2925 5759; baseline -0.006 13"><span class='ocrx_word' id='word_1_672' title='bbox 186 5660 263 5759; x_wconf 49' lang='grc' dir='ltr'><strong>(ἑ)</strong></span> <span class='ocrx_word' id='word_1_673' title='bbox 293 5660 1049 5759; x_wconf 57' lang='grc' dir='ltr'><strong>εὶηρξυβεῖσαίἀρρπῆξκεν-</strong></span> <span class='ocrx_word' id='word_1_674' title='bbox 1094 5738 1113 5759; x_wconf 61' lang='grc' dir='ltr'>ι</span> <span class='ocrx_word' id='word_1_675' title='bbox 1304 5734 1329 5745; x_wconf 81' lang='grc'><strong>-</strong></span> <span class='ocrx_word' id='word_1_676' title='bbox 1362 5734 1387 5759; x_wconf 79' lang='lat'><strong>.</strong></span> <span class='ocrx_word' id='word_1_677' title='bbox 1432 5751 1462 5759; x_wconf 87' lang='lat'><strong>..</strong></span> <span class='ocrx_word' id='word_1_678' title='bbox 1865 5660 2786 5759; x_wconf 47' lang='lat' dir='ltr'><strong>Sitdifl’itlfisz‘i-z.F‘ﬁ‘:“Pi</strong></span> <span class='ocrx_word' id='word_1_679' title='bbox 2816 5670 2925 5721; x_wconf 71' lang='grc' dir='ltr'><strong>ειοσ</strong></span> 
     </span>
    </p>
   </div>
   <div class='ocr_carea' id='block_1_99' title="bbox 187 5731 2661 5815">
    <p class='ocr_par' dir='ltr' id='par_1_99' title="bbox 187 5731 2661 5815">
     <span class='ocr_line' id='line_1_100' title="bbox 187 5731 2661 5815; baseline 0.004 -12"><span class='ocrx_word' id='word_1_680' title='bbox 187 5731 264 5809; x_wconf 65' lang='lat'><strong>(5&#39;)</strong></span> <span class='ocrx_word' id='word_1_681' title='bbox 295 5731 389 5797; x_wconf 63' lang='grc' dir='ltr'>νει·</span> <span class='ocrx_word' id='word_1_682' title='bbox 411 5731 853 5815; x_wconf 72' lang='grc' dir='ltr'>ὀνόματιΚυ’ρίου</span> <span class='ocrx_word' id='word_1_683' title='bbox 878 5731 1053 5809; x_wconf 59' lang='lat' dir='ltr'><strong>mices</strong></span> <span class='ocrx_word' id='word_1_684' title='bbox 1092 5738 1219 5809; x_wconf 73' lang='grc' dir='ltr'>ιπι.</span> <span class='ocrx_word' id='word_1_685' title='bbox 1360 5731 1693 5808; x_wconf 69' lang='grc' dir='ltr'><strong>δημιουργοῦ</strong></span> <span class='ocrx_word' id='word_1_686' title='bbox 1867 5731 1978 5807; x_wconf 65' lang='lat' dir='ltr'><strong>(to)</strong></span> <span class='ocrx_word' id='word_1_687' title='bbox 2012 5731 2124 5804; x_wconf 71' lang='grc' dir='ltr'><strong>Γάρ</strong></span> <span class='ocrx_word' id='word_1_688' title='bbox 2155 5732 2528 5805; x_wconf 54' lang='grc' dir='ltr'>Ἰερουσαλήμ</span> <span class='ocrx_word' id='word_1_689' title='bbox 2555 5738 2661 5789; x_wconf 76' lang='grc' dir='ltr'>ειε-</span> 
     </span>
    </p>
   </div>
   <div class='ocr_carea' id='block_1_100' title="bbox 106 5819 379 5873">
    <p class='ocr_par' dir='ltr' id='par_1_100' title="bbox 106 5819 379 5873">
     <span class='ocr_line' id='line_1_101' title="bbox 106 5819 379 5873; baseline 0 0"><span class='ocrx_word' id='word_1_690' title='bbox 106 5819 242 5873; x_wconf 76' lang='grc' dir='ltr'><strong>τῶν.</strong></span> <span class='ocrx_word' id='word_1_691' title='bbox 273 5824 379 5873; x_wconf 88' lang='lat' dir='ltr'><strong>etc.</strong></span> 
     </span>
    </p>
   </div>
  </div>
