4018 6438
614 370 742 422 1231

682 483 736 538 ὅ.
771 481 980 536 Montes
1009 480 1060 535 in
1085 481 1311 536 circuitu
1338 480 1459 550 ejus
1477 519 1493 547 ,

686 575 739 628 ι.
771 572 836 627 Et
871 571 1130 626 Dominus
1163 572 1218 625 iii
1253 571 1486 626 circuitu
1521 571 1706 641 populi
1733 572 1842 635 sui,

684 669 739 724 5.
769 666 846 720 Ex
877 667 978 720 hoc
1005 680 1153 719 nunc
1182 674 1235 718 ct
1267 678 1442 733 usque
1474 663 1527 717 in
1560 662 1850 719 saeculum.

687 760 740 814 6.
785 759 921 826 Quia
961 773 1068 812 non
1117 756 1388 826 relinquet
1427 754 1693 812 Dominus
1737 754 1942 823 virgam
1991 767 2184 822 pecca-

620 862 797 903 torum

686 944 738 995 7.
775 939 950 1008 Super
982 946 1186 992 sortem
1210 937 1484 1006 justorum
1511 954 1525 990 :

684 1033 737 1087 8.
770 1030 841 1086 Ut
869 1047 975 1084 non
1002 1030 1295 1085 extendant
1324 1029 1460 1099 justi
1496 1027 1562 1082 ad
1611 1025 1951 1096 iniquitatem
1989 1039 2185 1081 manus

615 1139 766 1179 suas.

681 1216 735 1270 9.
762 1212 1010 1280 Beuel'ac,
1039 1210 1287 1277 Domine,
1318 1210 1500 1274 bonis,
1531 1217 1585 1264 et
1611 1209 1774 1265 rectis
1805 1208 1988 1264 corde.

690 1395 770 1446 l0.
798 1391 1140 1446 Declinautes
1164 1398 1344 1444 autem
1378 1389 1430 1441 in
1466 1387 1850 1457 obligationes,

687 1485 771 1539 11.
824 1483 1070 1539 Adducet
1117 1482 1376 1536 Dominus
1422 1495 1546 1534 cum
1579 1478 1930 1550 operantibus
1965 1475 2170 1545 iniqui-

616 1587 797 1632 tatem.

684 1671 773 1726 l2.
805 1667 918 1724 Pax
949 1683 1115 1738 super
1145 1665 1331 1722 Israel.

842 1761 1120 1816 Canticum
1155 1759 1455 1812 Graduum.
1488 1753 1693 1810 PSAL.
1729 1750 1956 1810 CXXV.

684 1855 736 1909 l.
775 1852 834 1906 ln
861 1851 1226 1907 convertendo
1261 1849 1522 1904 Dominus
1551 1847 1917 1917 captivitatem
1953 1843 2105 1909 Sion,

1457 363 1512 418 S.
1557 363 1930 419 ATHANASII
1969 364 2114 419 OPP.
2161 363 2339 418 PARS
2379 361 2463 416 Ill.
2522 393 2572 403 —
2612 359 3021 416 EXEGETICA.

2204 488 2246 543 Α
2344 480 2398 533 3.
2435 479 2573 548 Ὀρη
2599 476 2782 545 κύκλῳ
2808 473 2997 544 αὐτῆς,

3723 356 3857 410 123ἳ

2354 571 2404 624 Δ.
2446 571 2553 622 Kal.
2581 571 2608 621 ὁ
2639 567 2840 639 Κύριος
2864 565 3047 637 κύκλῳ
3075 563 3168 618 τοῦ
3194 561 3325 616 λαοῦ
3357 560 3542 616 αὑτοῦ.

2353 658 2405 714 5.
2427 658 2560 710 Ἀπὸ
2585 656 2678 710 τοῦ
2706 655 2799 709 νῦν
2831 655 2926 708 καὶ
2959 655 3061 717 ἕως
3091 652 3183 706 τοῦ
3209 653 3425 714 αἰῶνος.

2352 750 2542 805 6.”Οτι
2571 750 2668 803 οῦκ
2695 750 2892 821 ἀφήσει
2922 749 3122 820 Κύριος
3154 747 3252 820 τὴν
3293 746 3490 817 ῥάϐδον
3529 744 3643 798 τῶν
3686 745 3864 815 ἀμαρ-

2283 841 2467 896 τωλῶν

2355 934 2403 985 7.
2429 932 2552 986 Ἐπι
2579 948 2670 985 τον
2700 932 2895 1003 κλῆρον
2916 931 3023 984 τῶν
3050 930 3272 984 δικαίων

2353 1024 2609 1086 8.Ὄπως
2640 1022 2705 1076 ἂν
2741 1024 2816 1094 μὴ
2857 1023 3164 1074 ἐκτείνωσιν
3187 1022 3236 1072 οἱ
3273 1021 3471 1074 δίκαιοι
3521 1021 3581 1071 ἐν
3612 1019 3862 1088 ἀνομίαις

2287 1120 2468 1188 χεῖρας
2501 1117 2701 1171 αὐτῶν.

2357 1208 2406 1261 9.
2434 1207 2744 1274 Ἀγάθυνον,
2777 1205 2966 1277 Κύριε,
3007 1209 3118 1270 τοῖς
3156 1205 3377 1275 ἀγαθοῖς
3415 1203 3508 1256 καὶ
3536 1206 3651 1266 τοῖς
3680 1203 3862 1255 εύθὲσι

2289 1304 2352 1371 τῇ
2390 1299 2603 1370 καρδία.

2362 1391 2444 1444 10.
2488 1391 2623 1453 Τοῦς
2656 1390 2710 1442 δὲ
2743 1389 3087 1453 ἐκκλίνοντας
3121 1392 3198 1454 είς
3231 1391 3328 1454 τὰς
3359 1389 3742 1460 στραγγαλιας

2359 1483 2443 1536 ll.
2473 1482 2691 1546 ’Λπάξει
2737 1482 2937 1552 Κύριος
2991 1481 3128 1552 μετά
3183 1483 3288 1536 τῶν
3340 1481 3734 1553 ἐργαζομένων
3775 1479 3866 1548 τὴν

2217 1584 2257 1638 Β
2284 1575 2530 1644 ἀνομίαν.

2365 1667 2450 1720 12.
2490 1668 2693 1737 Εἰρήνη
2725 1667 2816 1719 ἐπὶ
2844 1666 2934 1719 τὸν
2971 1666 3177 1739 Ἰσραήλ

2496 1758 2632 1827 ’ῼδὴ
2669 1756 2786 1810 τῶν
2814 1758 3206 1826 Ἀναϐαθμῶν.
3241 1760 3409 1811 ΨΑΑ.
3447 1759 3632 1810 PKE'.

2359 1849 2408 1902 1.
2438 1851 2525 1903 Ἐν
2543 1851 2617 1920 τῷ
2636 1850 2958 1920 ἐπιστρέψαι
2976 1849 3175 1920 Κύριον
3194 1851 3292 1921 τὴν
3309 1848 3692 1919 αἰχμαλωσίαν
3709 1845 3865 1910 Σιὼν,

1732 1955 2107 2014 ATIIANASII
2149 1955 2733 2015 INTERPRETATIO.

682 2079 739 2134 '5.
780 2077 984 2132 Montes
1016 2077 1288 2132 exsistunt
1334 2076 1387 2128 in
1437 2073 1667 2128 circuitu
1705 2071 2030 2127 Jerusalem.

681 2169 740 2235 4,
770 2171 822 2224 5.
857 2170 920 2224 Ει
944 2168 1206 2222 Dominus
1235 2164 1414 2229 Iesus,
1445 2181 1601 2219 mons
1631 2163 1862 2233 implens
1889 2163 2179 2222 mundum,

615 2261 668 2316 iu
700 2261 931 2316 circuitu
969 2269 1053 2314 est
1103 2259 1290 2328 populi
1339 2258 1445 2323 sui,
1492 2266 1547 2311 et
1595 2269 1740 2310 nunc
1787 2265 1840 2310 et
1889 2255 1943 2308 in
2001 2253 2186 2308 futuro

615 2351 834 2407 saeculo.

683 2444 737 2497 6.
769 2441 889 2497 Non
925 2442 1070 2497 enim
1109 2442 1251 2495 sinet
1303 2439 1566 2493 Dominus
1601 2444 1944 2508 potestatem,
1985 2444 2040 2489 et
2086 2435 2185 2488 ad-

615 2537 914 2592 versariam
949 2535 1269 2605 potentiam.

687 2629 739 2684 7.
771 2629 789 2698 (
815 2627 979 2694 Super
1012 2636 1202 2680 sortem
1228 2631 1244 2692 )
1275 2635 1590 2678 sanctorum
1622 2623 1762 2693 eius.

685 2717 738 2772 8.
789 2717 866 2772 Ne
910 2717 1083 2785 justi,
1141 2712 1549 2767 dominantibus
1579 2712 1633 2764 in
1694 2725 1790 2765 eos
1825 2707 2185 2773 daemonibus,

615 2809 835 2863 tradant
860 2807 1074 2860 animas
1105 2819 1232 2858 suas
1259 2801 1724 2872 concupiscentiis
1749 2802 1892 2855 vitm.

683 2982 736 3036 9.
764 2981 859 3046 Da,
893 2981 1054 3046 Deus,
1088 2983 1231 3037 bona
1265 2979 1444 3044 bonis,
1475 2986 1530 3031 et
1560 2974 1941 3030 obedientibus
1988 2987 2189 3043 praece-

615 3075 722 3145 ptis
756 3077 863 3130 tuis
889 3091 952 3129 es
987 3078 1162 3129 corde.

688 3167 774 3229 l0,
807 3168 890 3220 ll.
925 3166 1190 3219 Dedentes
1213 3172 1391 3217 autem
1434 3161 1646 3230 scipsos
1677 3159 1730 3213 in
1770 3158 2022 3214 lascivias
2067 3173 2188 3213 cor-

616 3263 880 3336 ruptioni,
918 3261 1095 3315 tradet
1127 3258 1386 3313 Dominus
1421 3255 1474 3309 in
1529 3255 1708 3324 ignem
1749 3262 2009 3305 teternuiu
2059 3265 2182 3304 cum

616 3356 832 3413 diabolo
865 3362 920 3408 et
953 3351 1158 3419 angelis
1191 3349 1332 3417 eius.

692 3450 779 3504 l2.
822 3445 1008 3502 Gratia
1037 3443 1158 3497 Filii
1194 3439 1287 3495 Dei
1319 3452 1482 3506 super
1512 3433 1744 3490 mundos
1776 3433 1958 3489 corde.

2357 2076 2408 2128 3.
2451 2076 2587 2146 Ὀρη
2616 2076 2920 2146 ὑπάρχουσι
2951 2074 3133 2145 κύκλῳ
3158 2076 3256 2146 τῆς
3293 2076 3682 2147 Ἰερουσαλήμ.

2354 2168 2410 2234 4,
2439 2169 2489 2222 5.
2531 2170 2637 2220 Καὶ
2676 2169 2703 2220 ὁ
2739 2167 2940 2238 Κύριος
2977 2169 3202 2240 Ἰησοῦς,
3238 2169 3298 2221 τὸ
3341 2170 3463 2239 ὅρος
3511 2169 3572 2221 τὸ
3629 2169 3867 2242 πληροῦδ

2286 2261 2384 2330 τὴν
2424 2261 2764 2331 οἰκουμένην,
2805 2261 2988 2331 κύκλῳ
3028 2263 3143 2314 ἐστὶ
3181 2262 3274 2314 τοῦ
3308 2261 3436 2314 λαοῦ
3467 2261 3638 2314 αὑτοῦ
3673 2264 3768 2315 καὶ
3813 2265 3866 2313 ἐν

2286 2352 2363 2423 τῷ
2391 2353 2506 2414 νῦν,
2536 2353 2629 2404 καὶ
2652 2354 2710 2404 ἐν
2741 2352 2818 2423 τῷ
2849 2353 3098 2423 μέλλοντι
3127 2354 3299 2406 αἰῶνι.

2354 2445 2404 2498 6.
2448 2444 2522 2514 (1)
2563 2445 2637 2497 Οῦ
2682 2444 2791 2516 γάρ
2843 2425 3184 2514 συγχωρήσει
3217 2444 3418 2515 Κύριος
3445 2445 3567 2497 κατ’
3595 2445 3867 2510 ἐξουσίαν.

2287 2537 2381 2594 καὶ
2401 2537 2499 2605 τὴν
2527 2537 2775 2589 ἐναντίαν
2811 2536 3058 2606 δύναμιν.

2359 2628 2409 2680 7.
2451 2627 2571 2679 Τῶν
2594 2627 2763 2694 ἁγίων
2791 2627 2980 2680 αὐτοῦ.

2356 2714 2540 2768 8.’Ὶνα
2576 2717 2649 2785 μὴ
2672 2717 2720 2768 οἱ
2756 2716 2974 2782 δίκαιοι,
3007 2720 3384 2787 κνριευθέντες
3408 2719 3513 2772 ὑπὸ
3547 2721 3661 2773 τῶν
3690 2723 3867 2791 δαιμὸ-

2286 2819 2409 2866 νων,
2446 2803 2718 2856 ἐκδώσωσι
2749 2804 2846 2866 τὰς
2873 2805 3048 2874 ψυχας
3080 2807 3154 2874 (2)
3185 2808 3364 2860 αὐτῶν
3394 2813 3512 2872 ταῖς
3547 2811 3869 2882 ἐπιθυμίαις

2287 2896 2379 2947 τοῦ
2411 2895 2548 2965 βίου.

2357 2990 2409 3044 9.
2439 2989 2641 3058 Ἀγαθὰ
2679 2989 2943 3062 δὼρησαι,
2978 2993 3006 3043 ὁ
3043 2991 3194 3055 Θεὸς,
3223 2995 3335 3057 τοῖς
3371 2994 3599 3062 ἀγαθοῖς
3638 2999 3735 3051 καὶ
3767 3001 3870 3062 τοῖς

2287 3081 2616 3134 ὑπακούουσι
2646 3086 2762 3145 ταῖς
2798 3083 3033 3145 ἐντολαῖς
3063 3100 3151 3136 σου
3194 3087 3257 3137 ἐκ
3285 3087 3534 3157 καρδίας.

2355 3173 2443 3233 10,
2471 3173 2556 3227 11.
2585 3174 2659 3243 (5)
2687 3175 2822 3236 Τοὺς
2846 3174 2902 3226 δὲ
2928 3176 3006 3237 είς
3039 3176 3327 3244 ἀσελγείας
3357 3180 3730 3246 ἐκδεδωκότας
3753 3186 3876 3238 ὲαν.

2283 3263 2408 3324 τοὺς
2448 3265 2511 3332 τῇ
2555 3262 2731 3332 φθορᾷ
2774 3262 3083 3332 παραδώσει
3125 3265 3324 3334 Κύριος
3368 3268 3445 3336 τῷ
3489 3272 3699 3341 αἰωνίῳ
3745 3271 3873 3342 πυρὶ

2219 3345 2260 3402 C
2298 3351 2435 3421 μετά
2469 3349 2560 3402 τοῦ
2595 3350 2840 3403 διαϐόλου
2867 3352 2958 3402 καὶ
2990 3351 3094 3403 τῶν
3124 3354 3370 3422 ἀγγέλων
3396 3357 3586 3410 αὑτοῦ.

2368 3441 2455 3494 12.
2491 3442 2551 3495 ’11
2578 3443 2734 3514 χάρις
2753 3443 2845 3496 τοῦ
2881 3441 3011 3496 Υἰοῦ
3034 3444 3125 3497 τοῦ
3159 3446 3294 3500 Θεοῦ
3328 3449 3421 3501 ἐπὶ
3445 3452 3573 3514 τοῦς
3601 3451 3871 3524 καθαροῦς

2293 3537 2359 3605 τῇ
2397 3534 2610 3606 καρδία.

699 3683 764 3736 Ἦ
797 3678 1127 3752 προκειμένη
1165 3671 1442 3744 ἐπιγραφὴ
1476 3671 1718 3744 περιέχει
1753 3669 1828 3740 (1)
1855 3687 1868 3700 ⁸
1917 3668 2057 3738 ’ῼὸὴ
2101 3667 2501 3737 Ἀναϐαθμῶν,
2535 3670 2670 3738 ὅπερ
2698 3685 3056 3740 ερμηνευεται
3086 3671 3471 3744 ἐξομολόγησις
3502 3678 3613 3728 τῶν
3648 3679 3758 3730 ἀπὸ
3785 3680 3871 3731 τοῦ

617 3775 866 3845 πέμπτου
897 3767 1106 3838 βαθμοῦ
1143 3765 1289 3836 [ἀπὸ
1329 3762 1423 3814 τοῦ
1453 3763 1610 3813 ἐκτον
1648 3759 1856 3829 βαθμοῦ
1884 3759 1984 3827 τῆς
2010 3757 2262 3825 γνώσεως
2287 3758 2381 3810 τοῦ
2413 3759 2647 3828 Χριστοῦ
2675 3761 2933 3813 ἀνιέντων
2969 3761 3059 3813 ἐπὶ
3099 3762 3191 3813 τὸν
3222 3763 3448 3831 ἕϐδομον
3480 3765 3738 3838 βαθμὸν]
3782 3771 3872 3836 τῆς

616 3867 696 3928 εις
722 3859 955 3933 Χριστὸν
980 3856 1191 3917 ἐλπίδος
1224 3855 1479 3907 ἀνιέντων
1508 3853 1599 3905 ἐπὶ
1621 3852 1711 3904 τὸν
1743 3850 1900 3903 ἕκτον
1929 3849 2153 3920 βαθμὸν.
2188 3851 2465 3902 τουτέστιν
2498 3849 2882 3922 ἐξομολόγησις
2908 3850 3017 3906 τῶν
3052 3852 3189 3921 μετὰ
3215 3853 3275 3905 τὸ
3306 3853 3591 3925 βάπτισμα
3618 3859 3872 3926 ἐπιγινω-

620 3954 858 4010 σκόντων
888 3949 983 4018 τὴν
1006 3947 1233 4016 δύναμιν
1255 3944 1347 3996 τοῦ
1377 3943 1610 4015 Χριστοῦ
1629 3960 1641 3972 ’
1670 3942 1732 3995 τὸ
1763 3941 1878 4006 πῶς
1901 3940 2356 4011 ἀντιλαμϐάνεται
2389 3941 2496 3994 τῶν
2528 3943 2885 3995 πιστευόντων
2912 3945 2991 4006 είς
3021 3943 3204 4008 αὑτὸν,
3236 3946 3330 3998 καὶ
3358 3949 3486 4011 τοὺς
3508 3950 3871 4013 ἀπειθοῦντας

619 4048 768 4119 αὑτῷ
802 4046 1162 4119 παραδίδωσιν
1188 4046 1267 4106 εἰς
1293 4042 1511 4094 κόλασιν
1550 4040 1789 4094 αἰώνιον.

690 4163 910 4218 Titulus
947 4161 1029 4230 (ιιι)
1060 4159 1384 4229 praepositus
1433 4156 1676 4211 continet
1716 4172 1730 4208 :
1788 4153 2066 4211 Canticum
2106 4154 2401 4221 Craduum,
2445 4157 2589 4225 quod
2645 4157 3031 4226 interpretatur
3069 4157 3344 4214 confessio
3395 4164 3809 4220 ascendentium
3842 4185 3868 4218 a

620 4262 809 4330 quinto
835 4257 1002 4330 gradu
1030 4255 1140 4325 spei
1172 4257 1222 4306 in
1254 4253 1532 4306 Christum
1565 4251 1616 4303 in
1650 4258 1860 4304 sextum
1895 4250 2118 4319 gradum
2148 4249 2200 4322 [a
2231 4261 2384 4305 sexto
2416 4251 2582 4320 gradu
2611 4251 2944 4318 cognitionis
2972 4249 3176 4304 Christi
3224 4255 3642 4310 ascendentium
3683 4259 3736 4311 in
3784 4277 3868 4314 se-

620 4356 846 4422 ptimum
876 4347 1147 4422 gradum],
1181 4347 1282 4400 hoc
1312 4355 1393 4400 est
1419 4345 1694 4399 confessio
1721 4346 2134 4414 agnoscentium
2167 4355 2287 4414 post
2331 4346 2659 4416 baptismum
2691 4345 2896 4403 Christi
2947 4347 3200 4399 virtutem
3234 4361 3244 4395 :
3299 4346 3583 4414 quomodo
3632 4351 3868 4418 Opitula-

622 4456 710 4500 tur
748 4443 1092 4499 credentibus
1117 4441 1170 4494 iii
1205 4456 1350 4503 cum,
1383 4450 1434 4494 et
1460 4455 1567 4493 non
1602 4440 1886 4494 credentes
1918 4439 2084 4493 tradit
2116 4441 2169 4493 in
2205 4443 2533 4516 supplicium
2564 4450 2849 4494 aeternum.

697 4543 745 4594 l.
777 4540 829 4592 In
879 4549 1116 4608 tempore
1162 4537 1380 4605 quando
1425 4537 1690 4590 convertit
1719 4535 1982 4590 Dominus
2027 4535 2185 4591 Jesus

623 4632 938 4686 servitutem
987 4627 1167 4681 cordis
1218 4625 1415 4689 nostri,
1449 4641 1571 4680 cum
1628 4629 1998 4683 serviebamus
2053 4643 2184 4682 con-

624 4724 802 4777 trariis
845 4718 1218 4788 potestatibus.
1272 4715 1400 4770 Sion
1449 4719 1593 4771 cnim
1635 4719 2022 4788 interpretatur
2071 4736 2183 4784 spe-

622 4817 762 4877 cula,
788 4812 932 4882 quod
958 4819 1040 4864 est
1066 4825 1179 4863 cor.

2364 4536 2415 4590 1.
2451 4537 2538 4588 Ἐν
2571 4536 2648 4605 τῷ
2683 4536 2856 4607 καιρῷ
2877 4536 3003 4587 ὅταν
3023 4535 3403 4607 ἐπέστρεψενὸ
3433 4535 3640 4606 Κῦριος
3671 4537 3871 4606 Ἰησοῦς

2290 4627 2387 4698 τὴν
2437 4625 2677 4678 δουλείαν
2723 4626 2820 4693 τῆς
2868 4625 3091 4692 καρδίας
3139 4625 3316 4694 ἡμῶν,
3357 4625 3485 4676 ὅταν
3543 4625 3868 4679 ἐδουλεύσα-

2297 4736 2393 4788 μεν
2419 4719 2492 4786 (5)
2522 4720 2638 4780 ταῖς
2664 4718 2927 4778 ἐναντίαις
2952 4717 3229 4786 δυνάμεσι.
3258 4716 3411 4770 Σιὼν
3439 4716 3549 4787 γὰρ
3577 4719 3870 4788 ἑρμηνεύε-

2218 4804 2260 4856 Ῑ)
2288 4827 2377 4863 ται
2410 4808 2868 4875 σκοπευτήριρν,
2897 4809 3033 4879 ὅπερ
3061 4809 3208 4860 ἐστὶν
3239 4810 3271 4879 ἠ
3297 4808 3512 4878 καρδία.

1573 4901 1878 4962 Addenda
1913 4914 1972 4963 et
2007 4904 2378 4982 corrigenda
2415 4920 2490 4961 ex
2546 4903 2683 4963 cod.
2715 4903 2914 4963 \‘atie.

693 5011 764 5077 (l)
804 5009 870 5060 Ν.
896 5009 949 5070 6,
975 5007 1028 5069 7,
1054 5007 1356 5059 Comment.
1385 5022 1544 5067 unus,
1583 5006 1656 5055 Οὔ
1703 5007 1832 5075 γάρ,
1877 5017 2004 5072 etc,,
2053 5025 2180 5062 κατ.

625 5079 953 5143 εξουσιάζειν
986 5078 1081 5139 τὰς
1110 5078 1352 5138 ἐναντίας
1380 5077 1634 5144 δυνάμεις
1666 5077 1793 5139 τῶν,
1827 5089 1925 5131 etc.

696 5151 770 5216 (‘2)
810 5148 1067 5218 Καρδίας.

2283 5007 2554 5076 λειότητος
2597 5005 2686 5056 ἐπὶ
2726 5007 2814 5057 τον
2847 5005 3070 5075 ἕϐδομον
3104 5004 3332 5074 βαθμὸν,
3363 5006 3454 5056 τὸν
3497 5007 3723 5073 μνήμην
3754 5023 3869 5070 γεν-

2284 5077 2454 5130 νῶντα
2483 5079 2593 5136 τοῖς
2627 5080 2852 5137 πιστοῖς,
2891 5077 2982 5126 καὶ
3032 5076 3519 5144 παρασκευάζοντα
3560 5078 3756 5137 αὐτοὺς
3792 5076 3868 5126 διο

2285 5146 2535 5213 ηγεῖσθαι
2571 5145 2637 5197 τά
2668 5147 2793 5212 περὶ
2827 5146 2922 5214 τῆς
2955 5147 3248 5214 γενομένης
3272 5147 3453 5209 αὐτοῖς
3487 5146 3641 5216 παρὰ
3661 5148 3756 5214 τῆς
3781 5145 3866 5196 τοῦ

695 5220 768 5282 (5)
810 5218 874 5270 Ν.
902 5215 986 5276 l0.
1015 5217 1168 5278 Τούς,
1189 5225 1292 5270 etc.
1319 5216 1385 5268 Ν.
1410 5215 1491 5267 11.
1521 5215 1855 5286 Παραδὼσει,
1883 5231 1987 5271 etc.
2009 5219 2072 5270 Ν.
2101 5219 2182 5282 1'2,

633 5290 696 5340 'll
725 5288 865 5356 χαρά
895 5287 1008 5348 τοῦ,
1045 5298 1145 5338 etc.

695 5359 860 5428 (4)]11
905 5357 991 5428 διὰ
1028 5357 1138 5428 τῆς
1174 5355 1540 5428 κινναϐάρεως
1583 5358 1853 5425 περιέχει·
2081 5358 2188 5410 τῶν

637 5427 1003 5494 ⁸Λνα6αθμῶν,
1022 5427 1152 5495 ὅπερ
1175 5425 1525 5495 ἑρμηνεύεται
1544 5427 1921 5495 ἐξομολόγησις
1937 5425 2041 5479 τῶν
2064 5431 2190 5481 ἁνα-

624 5497 912 5548 ϐαινόντων
944 5496 1047 5548 ἀπὸ
1074 5497 1166 5548 τοῦ
1194 5499 1348 5547 ἕκτου
1381 5496 1586 5575 βαθμοῦ
1622 5497 1720 5566 τῆς
1751 5501 1827 5559 είς
1852 5500 2083 5567 Χριστὸν
2105 5516 2187 5551 τε·

2285 5217 2516 5287 Χριστοῦ
2567 5215 2919 5287 ἀντιλήψεως.
2956 5219 3046 5266 καὶ
3091 5216 3429 5283 παράκλησις
3484 5215 3628 5276 ili-1;.
3663 5221 3869 5266 νιιεοιιιιι-

2288 5285 2714 5356 παρακλήσεως)
2752 5285 3038 5338 ατωλαϐεἰν
3072 5286 3267 5347 αὐτοὺς
3301 5292 3395 5354 τὴν
3429 5288 3702 5354 προτέραν
3735 5285 3867 5336 ατί--

2293 5355 2478 5408 λαυσιν
2509 5355 2599 5407 τοῦ
2632 5356 2979 5426 παραδείσου,
3029 5358 3094 5425 ἢν
3137 5359 3164 5408 δ
3203 5358 3501 5426 προπάτωρ
3542 5357 3720 5426 Ἀδὰμ
3765 5360 3869 5411 ἁπ-

2295 5427 2512 5485 ώλεσεν,
2549 5407 2846 5494 ἀπατῆθεὶς
2882 5427 2986 5477 ὑπὸ
3017 5407 3109 5478 τοῦ
3139 5407 3404 5479 διαϐόλου.

2367 5498 2443 5565 (5)
2474 5496 2910 5564 Ἑδονλεύσαμεν.

699 5634 780 5702 (ιτ)
813 5633 866 5687 ln
888 5633 1257 5706 describenda
1306 5635 1665 5701 explicatione
1697 5636 1980 5688 titulorum
2034 5637 2366 5705 psalmorum
2417 5634 2682 5704 graduum
2733 5636 3124 5706 multipliciter.
3155 5648 3208 5692 et
3260 5655 3367 5692 non
3400 5655 3508 5691 uno
3542 5640 3597 5692 in
3631 5640 3752 5691 loro
3785 5654 3867 5690 er-

626 5719 776 5758 rasse
816 5705 1022 5756 videtur
1060 5705 1333 5758 librarius.
1391 5706 1706 5759 Manifestus
1746 5709 1960 5774 quidem
2017 5710 2118 5762 hoc
2170 5712 2287 5761 loco
2323 5709 2518 5759 scrihsc
2551 5723 2705 5759 error
2733 5716 2817 5758 est

2875 5726 2885 5759 :
2939 5725 3061 5762 cum
3118 5713 3493 5778 interpretatio
3528 5712 3669 5762 tituli
3710 5710 3863 5772 hujus

627 5774 815 5845 psalmi
853 5777 1036 5830 eadem
1070 5789 1230 5845 atque
1261 5776 1345 5829 illa
1378 5777 1568 5844 psalmi
1618 5779 1984 5832 antecedentis
2015 5779 2101 5832 sit.
2137 5777 2425 5844 Q'ioznodo
2463 5788 2640 5831 autem
2679 5793 2849 5847 pauca
2883 5780 3142 5834 mutando
3168 5774 3523 5854 corrigere-ni.
3559 5782 3628 5834 ad
3660 5783 3857 5855 margi-
