4018 6466
171 405 306 460 1253

231 519 284 574 2.
316 520 678 592 Ἑγενήθημεν
705 523 833 576 ὡσεὶ
867 529 1365 600 παρακεκλημένοι.

231 611 284 665 3.
327 610 457 664 Τότε
495 614 734 685 ἐπλήσθη
767 620 940 688 χαρᾶς
972 619 1031 670 τὸ
1063 621 1235 690 στόμα
1265 625 1295 693 ἡ
1307 626 1446 694 μῶν,

233 701 286 753 4.
330 702 435 754 Καὶ
464 704 494 771 ἠ
525 704 740 770 γλῶσσα
773 705 924 776 ἡμῶν
959 708 1348 775 ἀγαλλιάσεως.

229 791 283 844 5.
329 793 459 846 Τότε
489 795 703 864 ἐροῦσιν
731 799 790 849 ἐν
823 801 933 861 τοῖς
963 799 1202 854 ἔθνεσιν·

231 883 283 938 6.
313 886 640 956 Ἐμεγάλυνε
674 889 872 960 Κύριος
899 891 990 944 τοῦ
1025 894 1246 964 ποιῆσαι
1274 899 1390 966 μετ’
1420 898 1619 952 αὐτῶν.

232 976 284 1029 7.
315 978 639 1048 Ἐμεγάλυνε
670 982 871 1054 Κύριος
898 983 990 1037 τοῦ
1022 987 1243 1056 ποιῆσαι
1275 989 1391 1058 μεθ’
1424 992 1578 1060 ἡμῶν
1615 1007 1629 1019 ·

233 1069 287 1122 8.
317 1069 576 1142 Ἐγενήθη
587 1089 684 1142 μεν
718 1074 1154 1145 εὐφραινόμενοι.

229 1160 280 1214 9.
312 1162 683 1232 Ἐπίστρεψον,
713 1165 904 1236 Κύριε,
937 1166 1032 1238 τὴν
1062 1171 1435 1241 αἰχμαλωσίαν
1461 1173 1638 1243 ἡμῶν,

231 1250 317 1306 10.
345 1253 429 1316 Ὠς
453 1255 781 1326 χειμάρρους
806 1258 862 1309 ὲν
889 1257 962 1327 τῷ
986 1259 1140 1330 νότῳ.

1086 411 1178 465 DE
1225 410 1504 471 TlTULlS
1536 417 1982 476 PSALMORUM.
2027 452 2096 461 —
2130 421 2322 478 PSAL.
2357 422 2570 483 CXXV.

3279 435 3416 494 1234

1765 548 1812 600 Α
1907 543 1961 595 2.
1999 540 2149 596 Facti
2182 558 2374 598 sumus
2401 543 2544 599 sicut
2570 547 2862 601 consolati.

1905 633 1957 688 5.
1992 633 2149 690 Tunc
2181 635 2446 704 repletum
2478 651 2564 694 est
2599 639 2802 709 gaudio
2831 655 2893 694 os
2920 650 3189 708 nostrum,

1907 723 1958 776 4.
1989 721 2049 778 Et
2090 724 2271 796 lingua
2309 737 2496 783 nostra
2520 729 2901 784 exsultatione.

1908 813 1960 866 5.
2000 813 2155 871 Tunc
2181 817 2365 873 dicent
2398 820 2539 874 inter
2575 830 2764 890 gentes
2795 840 2806 874 :

1907 903 1960 957 6.
1999 903 2366 976 Maguiticavit
2396 907 2659 966 Dominus
2689 910 2866 965 facere
2890 928 3012 966 cum
3041 912 3141 968 eis.

1913 991 1964 1049 7.
1995 994 2365 1066 Magniticarit
2393 999 2656 1057 Dominus
2685 1001 2864 1060 facere
2891 1005 3178 1061 nobiscum
3204 1027 3218 1062 :

1913 1085 1967 1140 8.
2002 1085 2153 1142 Facti
2188 1104 2379 1146 sumus
2413 1093 2678 1150 laetantes.

1913 1179 1966 1233 9.
2003 1180 2293 1248 Converte,
2328 1184 2576 1248 Domine.
2612 1189 2976 1257 captivitatem
3009 1198 3274 1260 nostram,

1912 1271 1997 1326 10.
2034 1271 2186 1329 Sicut
2227 1286 2441 1332 torrens
2477 1280 2530 1331 in
2569 1291 2777 1335 austro.

1286 1399 1662 1455 ATHANASII
1705 1402 2289 1472 lNTEllPRETATIO.

223 1501 280 1555 2.
313 1502 636 1573 Ἐγενόμεθα
669 1504 743 1569 ὡς
773 1505 848 1576 (Ι)
875 1507 1184 1563 ἀνάπαυσιν
1205 1527 1217 1540 ·
1249 1511 1312 1565 '0
1343 1513 1451 1583 γὰρ
1472 1529 1741 1582 παρακα-

152 1591 281 1645 λῶν
306 1593 447 1658 τοὺς
475 1597 790 1662 ταπεινοὺς
827 1598 1243 1665 παρεκάλεσεν
1273 1603 1429 1669 ἡμᾶς
1464 1606 1631 1671 Θεός.

226 1683 280 1736 5.
315 1683 445 1734 Τότε
487 1683 832 1754 ἐπλήσθημεν
865 1685 1182 1757 Ηνεύματος
1210 1690 1363 1757 άγίου
1385 1707 1398 1722 ο

226 1773 278 1826 4.
312 1774 421 1826 Καὶ
447 1773 728 1843 ἠρξάμεθα
747 1776 926 1830 λαλεῖν
946 1779 1160 1843 ἑαυτοῖς
1180 1781 1255 1849 (2)
1275 1782 1343 1834 ἐν
1361 1783 1623 1852 ψαλμοῖς
1639 1785 1736 1838 καὶ

1908 1523 1962 1578 2.
1995 1524 2144 1580 Facti
2179 1543 2369 1583 sumus
2406 1527 2571 1582 veluti
2605 1529 2656 1581 in
2699 1529 2926 1597 requie:
2971 1527 3075 1594 Qui
3123 1529 3262 1582 enim
3289 1545 3417 1583 con-

1837 1616 2042 1669 solatur
2076 1618 2325 1683 humiles,
2359 1620 2660 1674 consolatus
2692 1630 2768 1673 est
2797 1637 2888 1672 nos
2919 1618 3057 1673 Deus
3081 1619 3144 1676 τδ.

1903 1707 1956 1761 5.
1985 1705 2138 1762 Tunc
2171 1710 2358 1778 repleti
2384 1727 2575 1765 sumus
2611 1710 2822 1780 Spititu
2857 1721 3048 1766 sancto
3079 1730 3092 1765 :

1901 1797 1954 1850 4.
2007 1797 2068 1851 Ει
2103 1800 2370 1868 coepimus
2424 1802 2836 1871 nobismetipsis
2880 1803 3024 1872 loqui
3075 1803 3128 1855 in
3163 1803 3407 1871 psalmis,

150 1863 385 1932 ὕμνοις,
403 1867 500 1917 καὶ
523 1865 700 1933 ᾠδαῖς
715 1869 1138 1937 πνευματικαῖς
1152 1869 1419 1938 ᾄδοντες,
1447 1874 1543 1927 καὶ
1569 1873 1723 1942 ψάλ-

1834 1898 1878 1942 et
1911 1889 2153 1959 hymnis,
2210 1901 2260 1945 et
2305 1893 2529 1946 canticis
2571 1894 2944 1964 spiritualibus
2992 1903 3308 1960 cantantes,
3356 1903 3408 1950 ει

148 1958 366 2019 λοντες
394 1957 464 2009 ἐν
491 1956 619 2022 ταῖς
658 1959 923 2027 καρδίαις
947 1959 1113 2029 ἡμῶν
1140 1961 1219 2027 τῷ
1246 1965 1484 2033 ὀνόματι
1513 1965 1718 2019 αὐτοῦ.

221 2045 276 2107 5,
316 2045 367 2100 6.
405 2048 480 2112 ('5)
515 2049 556 2100 Τ
560 2050 647 2101 ότε
678 2050 862 2117 ἔλεγον
889 2053 943 2103 αἱ
971 2053 1206 2106 ἐναντίαι
1231 2053 1484 2125 δυνάμεις
1504 2071 1518 2085 ·
1559 2055 1721 2109 Εὐδό-

149 2153 322 2207 κησεν
354 2139 380 2191 6
418 2138 544 2203 Υἱὸς
576 2142 668 2194 τοῦ
696 2143 829 2195 Θεοῦ
864 2144 956 2196 τοῦ
991 2145 1160 2199 σῶσαι
1187 2147 1402 2211 αὐτούς.

221 2226 273 2282 7.
305 2229 490 2299 Ἡμεῖς
521 2231 575 2282 δὲ
605 2233 762 2284 πάλιν
791 2234 1134 2305 καυχώμενοι
1160 2239 1217 2289 ἐν
1248 2239 1436 2310 Κυρίῳ
1469 2240 1718 2311 λέγομεν·

149 2317 441 2372 Ἦπλωσεν
464 2322 555 2374 ἐπὶ
584 2322 811 2386 πάντας,
843 2327 936 2376 καὶ
972 2327 1050 2388 είς
1076 2328 1222 2397 ἡμᾶς
1251 2329 1310 2381 τὸ
1350 2330 1498 2394 ἔλεος
1532 2332 1717 2385 αὐτοῦ.

219 2496 273 2546 8.
318 2493 638 2567 Εὐρέθημεν
667 2500 995 2571 πλησθέντες
1025 2522 1088 2577 τῃ
1121 2523 1301 2579 χαριτι
1342 2509 1415 2578 (4)
1448 2509 1632 2565 αὑτοῦ.

217 2586 271 2646 9,
309 2585 394 2638 10.
430 2587 484 2640 ’0
513 2592 840 2664 χειμάρρους
866 2589 1040 2660 οὗτος,
1085 2601 1211 2668 περὶ
1244 2594 1304 2652 οὗ
1333 2601 1480 2669 λέγει
1523 2603 1550 2653 6
1580 2604 1720 2673 Προ-

147 2677 346 2746 φήτης,
377 2679 432 2729 ὲν
477 2680 552 2748 τῷ
596 2682 732 2752 νότῳ
774 2685 920 2736 ἐστὶν
962 2688 1018 2736 ἐν
1063 2690 1128 2757 τῇ
1165 2687 1580 2763 Ῥινοκουρούρα
1619 2695 1719 2765 (5),

144 2769 267 2839 ἣτις
302 2773 447 2824 ἐστὶν
477 2775 617 2844 ἀρχὴ
666 2777 762 2842 τῆς
793 2777 1068 2846 Αἰγύπτου
1089 2798 1102 2808 ⁸
1134 2782 1214 2835 διὸ
1239 2786 1330 2838 καὶ
1367 2787 1395 2838 6
1427 2786 1722 2860 Προφήτης

143 2860 390 2932 εἴρηκεν,
423 2865 502 2929 ὡς
548 2869 580 2918 ό
624 2867 976 2936 χειμάρῤους
1013 2872 1080 2925 ἐν
1123 2873 1202 2939 τῷ
1229 2879 1394 2940 νότῳ.
1429 2879 1598 2932 Τοῦτο
1627 2877 1721 2934 οὖν

146 2951 547 3022 μεμαθήκαμεν
609 2958 757 3027 παρά
797 2960 1074 3025 πλειόνων,
1112 2964 1301 3036 ὅτιπερ
1328 2969 1376 3019 οἱ
1415 2969 1720 3039 Σαρακηνοὶ

145 3045 478 3113 κατήρχοντο
511 3049 589 3110 εἰς
621 3049 717 3117 τὴν
751 3050 1214 3123 Ῥινοκουρούραν,
1247 3056 1278 3124 ἢ
1318 3055 1435 3128 [ὡς]
1471 3059 1563 3110 καὶ
1586 3077 1719 3112 κατ-

142 3136 392 3204 έρχονται
442 3137 600 3206 μέχρι
649 3139 740 3190 τοῦ
806 3140 933 3204 νῦν,
982 3143 1076 3196 καὶ
1130 3145 1472 3210 παιδεύουσιν
1531 3149 1719 3223 ὥσπερ

143 3225 470 3297 [πορθοῦσιν
521 3231 690 3302 ὅπερ]
747 3234 1089 3303 εὑρίσκουσι,

139 3319 267 3381 τοὺς
306 3320 505 3383 τόπους
553 3322 752 3376 αὐτῶν.
774 3326 830 3376 '0
859 3325 914 3377 δὲ
947 3329 1276 3400 χειμάρρους
1300 3324 1475 3396 οὗτος,
1511 3335 1637 3404 περὶ
1665 3329 1725 3387 οὗ

141 3401 295 3459 εἶπεν
327 3411 354 3460 6
387 3410 702 3481 Προφήτης,
750 3415 812 3464 ἐκ
840 3415 946 3466 τῶν
994 3417 1327 3487 Σαρακηνῶν
1363 3420 1722 3490 κατέρχεται·

141 3499 285 3552 κατά
315 3499 568 3570 βούλησιν
592 3499 681 3554 οὖν
706 3503 863 3568 Θεοῦ,
894 3506 1055 3575 ἡνίκα
1079 3507 1300 3577 γένηται
1331 3509 1480 3572 ὑετὸς
1505 3510 1722 3582 λάϐρος,

141 3590 402 3661 πληθύνει
437 3595 462 3645 6
487 3595 990 3666 χειμάῤῥους,ὢστε
1019 3600 1379 3669 κατέρχεσθαι
1406 3603 1565 3655 αὑτὸν
1593 3619 1723 3672 σιρο-

139 3680 303 3751 δρῶς,
335 3680 676 3751 λαμϐάνοντα
715 3685 811 3749 τὰς
858 3687 1062 3756 σκηνάς
1114 3689 1219 3742 τῶν
1254 3691 1599 3762 Σαρακηνῶν,
1630 3693 1724 3745 καὶ

139 3776 338 3838 αὐτοὺς
379 3775 434 3828 δὲ
468 3776 779 3842 ἀπόλλυσιν,
817 3778 958 3850 άπερ
1001 3780 1056 3832 δὲ
1088 3780 1391 3852 διήρπασαν
1419 3783 1595 3836 λαϐὼν
1631 3784 1723 3852 φέ-

143 3882 228 3936 ρει
265 3867 344 3927 εἰς
374 3867 471 3934 τὴν
515 3867 982 3939 Ῥινοκουρούραν,
1013 3870 1132 3923 ὅθεν
1156 3873 1249 3924 καὶ
1283 3871 1594 3942 ἐλήφθησαν
1616 3875 1723 3927 ἀπὸ

136 3960 246 4011 τῶν
277 3960 608 4030 Σαρακηνῶν
641 3963 698 4013 τὸ
730 3964 994 4032 πρότερον
1018 3980 1029 3992 ·
1071 3964 1164 4016 καὶ
1196 3966 1353 4035 ἡμεῖς
1385 3965 1461 4030 δὲ,
1497 3967 1722 4036 γενόμε-

137 4065 215 4103 νοι
264 4053 321 4104 ἐν
369 4054 505 4123 αὐτῇ
539 4057 605 4124 τῇ
649 4054 817 4116 πόλει,
851 4055 1191 4125 ἐθεασάμεθα
1234 4058 1322 4110 τὸν
1365 4059 1717 4130 χειμάρῤουν.

135 4143 309 4197 Τοῦτο
349 4142 441 4198 οὖν
474 4147 625 4199 ἐστιν
671 4148 698 4200 6
742 4148 887 4214 λέγει
932 4150 959 4200 6
990 4151 1284 4221 Προφήτης
1322 4150 1386 4202 ἐκ
1431 4152 1720 4222 προσώπου

133 4238 245 4290 τῶν
273 4239 735 4291 πεπιστευκότων·
769 4241 870 4301 ὅτι,
897 4239 1084 4310 ὥσπερ
1109 4241 1313 4304 ἐκεῖνος
1339 4245 1366 4293 6
1389 4243 1722 4313 χειμάρρους

133 4331 264 4392 τοὺς
305 4331 402 4401 μὲν
429 4332 925 4401 αἰχμαλωτίζοντας
963 4333 1240 4396 ἀπόλλυσι,
1271 4333 1338 4385 τά
1368 4333 1423 4386 δὲ
1449 4334 1720 4404 ληφθέντα

135 4420 270 4489 παρ’
304 4419 478 4471 αὐτῶν
507 4420 677 4474 σκῦλα
711 4420 1157 4490 ἀποκαθίστησιν,
1184 4421 1242 4486 ἐξ
1272 4414 1344 4472 ὧν
1371 4422 1462 4473 καὶ
1488 4421 1722 4492 ἐλήφθη-

135 4527 260 4571 σαν,
293 4509 435 4563 οὕτω
463 4513 684 4582 ποίησον
722 4512 815 4564 καὶ
844 4513 1025 4575 αὐτὸς,
1083 4514 1175 4564 καὶ
1203 4512 1300 4576 τὰς
1337 4514 1433 4583 μὲν
1467 4514 1718 4576 ἐναντίας

132 4601 393 4672 δυνάμεις
426 4602 522 4666 τὰς
567 4603 1045 4674 αἰχμαλωτισάσας
1094 4605 1238 4674 ἡμᾶς
1286 4603 1593 4657 θανάτωσον
1640 4605 1716 4676 τῷ
1751 4594 1795 4652 Ι)

135 4693 291 4746 ὕδατι
321 4693 414 4746 τοῦ
450 4695 842 4765 βαπτίσματος,
871 4694 937 4746 δι’
964 4694 1128 4747 αὑτοῦ
1153 4695 1209 4747 δὲ
1235 4695 1328 4747 τοῦ
1364 4696 1551 4759 ὓδατος
1579 4698 1714 4749 ἀπό-

131 4785 222 4847 δος
257 4785 386 4853 ἡμῖν
418 4786 514 4854 τὴν
541 4785 697 4850 δόξαν
728 4787 821 4838 καὶ
843 4787 939 4855 τὴν
967 4785 1297 4856 ἐλευθερίαν,
1331 4789 1395 4858 ἣν
1425 4787 1714 4855 ἀφείλαντο

133 4877 271 4945 ἡμῖν
302 4877 355 4928 αἱ
392 4876 484 4928 τοῦ
527 4876 721 4948 ἐχθροῦ
747 4878 1022 4947 δυνάμεις.
1060 4878 1205 4945 Αὕτη
1250 4874 1340 4931 οὖν
1389 4881 1421 4948 ἡ
1465 4879 1714 4950 διήγησις

132 4965 243 5018 τοῦ
281 4967 619 5035 χειμάρῤου,
663 4969 755 5020 καὶ
789 4968 923 5039 αὕτη
955 4971 985 5036 ἡ
1026 4970 1173 5023 αἰτία
1198 4969 1288 5022 τοῦ
1319 4971 1596 5042 εἰρηκέναι
1623 4973 1712 5025 τὸν

133 5058 451 5128 Προφήτην.

203 5170 256 5202 ⁷⁸
290 5168 330 5222 ll
362 5168 486 5223 Cor.
529 5186 598 5224 vn
654 5170 706 5224 6.
788 5172 832 5201 ⁷⁸
859 5169 1054 5240 Ephes.
1091 5189 1141 5237 ν,
1176 5175 1227 5227 ι.

1825 1981 2108 2050 psallentes
2142 1983 2197 2036 in
2219 1985 2465 2040 cordibus
2489 1990 2684 2039 nostris
2718 1988 2918 2039 nomini
2947 1989 3058 2052 eius
3083 1989 3149 2041 ⁷³.

1893 2071 1946 2136 5,
1982 2072 2034 2126 6.
2069 2071 2222 2129 Tunc
2254 2075 2512 2130 dixerunt
2546 2077 2835 2131 contrariae
2868 2086 3164 2139 potestates
3194 2096 3208 2132 :
3246 2075 3410 2133 Com-

1823 2160 2030 2231 placuit
2067 2160 2206 2215 Filio
2238 2161 2331 2218 Dei
2365 2164 2516 2233 ipsos
2547 2165 2727 2219 salvos
2760 2165 2959 2220 facere.

1900 2252 1952 2304 7.
1988 2250 2097 2308 Nos
2127 2262 2308 2308 autem
2339 2270 2532 2310 rursus
2577 2255 2876 2324 gloriantes
2912 2257 2966 2310 in
3002 2255 3232 2310 Domino
3270 2257 3410 2312 dici-

1823 2358 1985 2398 mus:
2039 2344 2308 2415 Expaudit
2354 2362 2518 2417 super
2555 2361 2768 2414 omnes,
2811 2356 2864 2402 et
2903 2363 3068 2417 super
3110 2364 3213 2405 nos
3249 2350 3409 2406 mise-

1822 2438 2110 2492 ricordiam
2146 2455 2323 2495 suam.

1891 2528 1944 2583 8.
1973 2527 2178 2584 Inventi
2213 2547 2404 2586 sumus
2437 2533 2625 2603 repleti
2655 2534 2827 2604 gratia
2857 2534 3051 2604 ipsius.

1892 2621 1948 2684 9,
1986 2622 2072 2676 10.
2116 2620 2352 2678 Torrens
2404 2625 2526 2691 iste,
2578 2625 2644 2679 de
2677 2640 2787 2695 quo
2838 2626 3081 2696 loquitur
3115 2625 3407 2697 Propheta,

1820 2724 1904 2770 est
1932 2716 1984 2769 in
2021 2724 2175 2784 parte
2207 2718 2435 2771 australi
2461 2718 2514 2771 in
2553 2716 2956 2784 Rhinocerura,
2986 2734 3108 2788 qua:
3139 2728 3224 2774 est
3257 2718 3409 2789 prin-

1821 2806 2020 2874 cipium
2057 2805 2308 2877 Egypti;
2353 2808 2472 2862 ideo
2515 2819 2568 2862 et
2599 2808 2873 2881 Propheta
2904 2812 3064 2876 dixit,
3098 2811 3259 2867 veluti
3294 2820 3406 2864 tor-

1821 2912 1939 2950 rens
1989 2898 2044 2949 in
2101 2909 2306 2952 austro.
2347 2897 2460 2954 lloc
2507 2900 2652 2954 cnim
2700 2902 2998 2957 didicimus
3043 2917 3073 2956 a
3130 2903 3402 2972 pluribus,

1821 2988 1966 3058 quod
2008 2987 2265 3045 Saraceni
2324 2992 2686 3048 devcniebant
2733 2995 2785 3048 in
2836 2993 3308 3059 Rbinoccruram,
3345 3004 3407 3050 ut

1820 3083 2119 3136 etiamnum
2153 3084 2398 3149 veniunt,
2430 3093 2482 3138 et
2517 3086 2919 3155 depOpnlautur
2957 3103 3296 3156 quaecunque
3325 3088 3406 3141 in-

1829 3175 2078 3241 veniunt,
2108 3185 2161 3229 et
2194 3185 2542 3230 revertuntur
2570 3178 2622 3230 in
2657 3179 2773 3230 loca
2806 3193 2924 3232 sua.
2957 3178 3194 3233 Torrens
3223 3189 3402 3234 autem

1139 3239 1232 3290 καῖ¹
1283 3240 1596 3310 ἀνέρχονται
1648 3247 1723 3311 είς

1834 3267 1952 3331 istc,
1985 3239 2071 3321 de
2099 3283 2210 3337 quo
2261 3267 2504 3336 loquitur
2543 3268 2809 3338 Propheta
2833 3309 2847 3334 ,
2899 3285 2963 3322 ex
3004 3268 3401 3324 Saracenorum

1831 3368 1971 3412 terra
1999 3359 2264 3427 originem
2299 3359 2498 3413 habet:
2535 3361 2832 3414 secundum
2885 3363 3050 3432 igitur
3078 3361 3172 3418 Dei
3214 3362 3404 3418 volun-

1828 3459 2014 3515 tatem,
2050 3465 2172 3503 cum
2209 3450 2465 3520 c0piosus
2502 3451 2675 3505 imber
2708 3453 2871 3516 cadit,
2897 3454 3032 3507 adeo
3066 3456 3261 3509 crescit
3293 3465 3402 3509 tor-

1827 3556 1974 3602 rens,
2003 3548 2064 3592 ut
2099 3540 2448 3595 vehementer
2482 3556 2540 3596 se
2579 3541 2774 3596 inferat
2824 3545 3046 3597 trahens
3081 3559 3264 3598 secum
3316 3553 3400 3597 ta-

1828 3633 2123 3688 bernacula
2161 3632 2582 3697 Saracenorum,
2634 3643 2690 3688 et
2734 3635 2879 3703 ipsos
2928 3637 3397 3718 quidenkperdit,

1825 3741 2168 3796 quzecunque
2197 3734 2377 3779 autem
2416 3732 2740 3794 rapuerunt,
2797 3727 3069 3796 accipiens
3121 3726 3224 3782 fert
3267 3726 3401 3783 111ιί-

1828 3831 2173 3880 noceruram,
2217 3816 2359 3869 unde
2392 3823 2446 3868 et
2470 3822 2627 3869 antea
2659 3827 2817 3886 capta
2866 3815 3088 3871 luerunt
3114 3833 3145 3872 a
3175 3816 3402 3874 Sarace-

1825 3907 1951 3960 nis:
1995 3916 2049 3960 et
2103 3922 2203 3961 nos
2250 3907 2469 3977 quidem
2524 3923 2649 3962 cum
2699 3925 2944 3964 essemus
2995 3912 3048 3964 in
3085 3927 3146 3966 ea
3183 3913 3402 3970 civitate

1823 3997 2063 4052 vidimus
2091 4007 2414 4053 torrentem.
2443 3997 2556 4053 lloc
2590 4000 2752 4064 igitur
2778 4010 2880 4064 est,
2914 4003 3058 4071 quod
3095 4003 3226 4058 dicit
3260 4003 3398 4060 Pro-

1823 4093 2080 4156 phetan
2135 4107 2365 4160 persona
2405 4093 2785 4146 credentium:
2843 4093 2988 4163 quod
3043 4097 3397 4164 quemadmo-

1821 4181 1949 4236 dum
1989 4182 2078 4237 ille
2114 4192 2327 4238 torrens
2356 4198 2474 4246 eos,
2510 4184 2602 4252 qui
2637 4185 2775 4240 alios
2808 4185 2859 4239 in
2899 4169 3265 4254 captivitatem
3297 4190 3397 4241 ab-

1822 4274 2124 4340 duxerunt,
2159 4276 2353 4342 perdit,
2385 4285 2540 4344 capta
2592 4287 2771 4332 autem
2815 4279 2884 4332 ab
2937 4280 3068 4347 ipsis
3103 4280 3272 4348 spolia
3313 4295 3399 4334 re-

1825 4369 2004 4423 stituit
2032 4369 2130 4432 eis,
2166 4369 2367 4437 quibus
2394 4380 2448 4423 et
2473 4382 2656 4440 erepta
2689 4369 2936 4431 fuerant;
2966 4373 3037 4425 ita
3063 4369 3148 4427 fac
3175 4384 3226 4427 et
3257 4373 3390 4442 ipse.

1823 4470 1878 4514 et
1900 4459 2205 4514 contrarias
2234 4470 2551 4530 potestates,
2583 4461 2674 4530 qui
2708 4465 2950 4532 captivos
2972 4479 3072 4517 nos
3097 4464 3390 4529 duxerunt,

1824 4549 2070 4604 interﬁce
2105 4564 2247 4618 aqua
2299 4551 2578 4620 baptismi,
2620 4552 2808 4605 eadem
2842 4561 3021 4606 autem
3054 4567 3194 4621 aqua
3233 4554 3396 4608 redde

1822 4641 1980 4696 nobis
2029 4641 2282 4712 gloriam,
2314 4653 2368 4696 et
2416 4644 2743 4707 libertatem,
2777 4661 2939 4714 quam
2973 4646 3130 4700 nobis
3177 4645 3394 4714 eripue-

1825 4742 1952 4787 runt
1989 4742 2284 4802 potestates
2332 4734 2560 4790 inimici.
2617 4735 2740 4791 Haec
2784 4736 2949 4806 igitur
2976 4746 3057 4792 est
3104 4737 3394 4806 explicatio

1822 4823 2076 4878 dictionis
2126 4825 2274 4879 illius
2306 4866 2318 4886 ,
2358 4826 2498 4879 sicut
2553 4836 2778 4893 torrens,
2808 4837 2862 4882 et
2893 4830 3008 4884 haec
3056 4843 3244 4896 causa,
3292 4843 3394 4884 cur

1820 4913 2086 4986 Propheta
2114 4917 2230 4988 ejus
2265 4919 2591 4974 meminerit.

1091 5289 1396 5351 Addenda
1430 5299 1489 5351 et
1523 5293 1900 5371 corrigenda
1946 5310 2025 5354 ex
2060 5293 2198 5356 cod.
2234 5295 2435 5357 Vatic.

203 5386 282 5454 (1)
326 5385 416 5450 El;
441 5388 768 5455 ἀνάπαυσιν,
797 5400 923 5453 etc.,
957 5393 984 5442 6
1013 5391 1162 5454 Θεός.

203 5457 283 5527 (2)
312 5456 396 5508 Ἑν
423 5460 655 5520 ἑαυτοῖς.

203 5528 282 5598 (5)
320 5529 387 5580 Ν.
423 5529 475 5592 5,
501 5531 655 5593 Τότε,
673 5537 802 5594 etc.,
818 5530 911 5584 τοῦ
929 5530 1094 5586 deest.
1123 5531 1191 5585 N.
1210 5531 1262 5596 6,
1281 5531 1329 5598 7,
1352 5533 1561 5604 Ἡμεῖς,
1581 5543 1707 5598 etc.,

1812 5395 1870 5447 ἐν
1895 5393 1975 5470 ’τῷ
2004 5393 2212 5470 Ευρίῳ,
2245 5403 2372 5459 etc.,
2401 5398 2480 5458 εἰς
2512 5396 2718 5462 πάντας
2744 5399 2910 5470 ἡμᾶς,
2940 5403 3044 5453 etc.

1886 5465 1962 5532 (4)
2003 5465 2113 5534 Τῆς
2138 5464 2375 5553 χάριτος,
2404 5475 2508 5520 etc.
2765 5464 2777 5470 ⁷

1887 5533 1963 5570 Im
1993 5533 2079 5570 ’πυ
2115 5536 2180 5570 ρει
2239 5536 2531 5570 mamma-..
2596 5547 2679 5570 ο...
2753 5538 2782 5570 .2

1891 5533 1974 5605 (5),
1993 5533 2079 5586 Ἐν
2115 5536 2182 5604 τῇ
2214 5533 2553 5609 Ῥινοκούρᾳ,
2595 5547 2725 5602 etc.,
2753 5538 2828 5603 ὡς
2859 5538 3216 5610 χειμάρρους,
3257 5547 3388 5602 etc.,

135 5655 284 5720 nemo
315 5641 578 5722 ascripsi;
627 5654 774 5698 recte
803 5656 1012 5722 autem,
1063 5662 1130 5722 an
1174 5661 1335 5702 secus
1382 5647 1599 5715 benigni
1643 5647 1862 5702 lectoris
1904 5648 2113 5718 judicio
2157 5650 2482 5722 relinquam.
2517 5649 2704 5721 Neque
2753 5654 2898 5707 enim
2951 5653 3082 5706 mihi
3131 5667 3256 5722 spes
3285 5668 3388 5716 est,

133 5709 322 5791 omnia
360 5713 424 5765 ad
459 5709 660 5766 rectam
694 5723 755 5791 et_
781 5731 965 5768 veram
999 5715 1286 5791 lectionem
1333 5709 1590 5791 revocare
1621 5733 1800 5784 posse.
1834 5709 2035 5790 et'quae
2067 5729 2289 5775 sanctus
2316 5709 2533 5775 'doctor
2572 5709 2812 5791 scripsit,
2845 5734 2899 5777 et
2943 5740 3087 5778 nunc
3117 5709 3304 5778 m'anca
3337 5709 3389 5779 et

136 5781 328 5834 mutila
361 5798 423 5836 ac
455 5793 713 5851 corrupta
743 5785 1016 5854 leguntur,
1047 5787 1098 5841 in
1133 5788 1397 5857 integrum
1430 5781 1734 5842 restituere.
