4018 6500
181 442 320 498 1237
1035 435 1122 490 DE
1160 435 1437 492 TlTULlS
1479 436 1922 494 PSALMORUM.
1957 464 2026 478 -ι
2052 435 2248 489 PSAL.
2280 430 2514 487 CXXVI.
3256 433 3398 492 1238

247 560 298 613 5.
327 559 418 622 Et;
449 558 621 628 μάτην
647 558 773 629 ὑμῖν
796 559 987 611 ἔστιτὸ
1016 558 1156 629 [τοῦ]
1184 559 1450 631 όρθρίζειν
1473 576 1488 592 ⁸
1762 568 1809 623 Α

1762 568 1809 623 Α
1909 558 1960 612 5.
1992 556 2201 611 Vanum
2229 565 2309 610 est
2338 553 2494 608 vobis
2527 560 2651 609 ante
2680 554 2855 608 lucem
2885 568 3107 622 surgere
3132 571 3145 606 :

247 649 300 703 6.
343 648 648 718 Ἐγείρεσθε
685 647 820 718 μετά
842 648 902 699 τὸ
933 647 1223 716 καθῆσθαι,

1906 650 1958 703 6.
1996 648 2212 719 Surgite
2238 655 2522 716 postquam
2555 645 2820 708 sederitis,

248 738 300 792 7.
336 739 398 790 Οἱ
428 737 697 798 ἐσθίοντες
721 736 881 806 ἄρτον
902 734 1112 804 ὀδύνης.

1911 742 1963 795 7.
1994 741 2098 806 Qui
2131 737 2472 793 manducatis
2504 752 2698 806 panem
2730 735 2952 788 doloris.

245 831 304 884 8.
338 830 504 882 Ὅταν
538 827 611 897 δῷ
643 829 752 889 τοῖς
782 827 1086 896 ἀγαπητοῖς
1112 821 1275 877 αὐτοῦ
1310 821 1495 875 ὕπνον.

1911 832 1965 886 8.
2001 832 2137 886 Cum
2167 830 2379 884 dederit
2406 828 2617 882 dilectis
2657 827 2770 882 suis
2800 842 3052 882 somnum
3072 866 3087 884 .

254 919 308 973 9.
351 918 480 970 Ἰδοὺ
515 919 545 986 ἡ
579 914 909 986 κληρονομία
935 914 1161 984 Κυρίου,
1189 912 1325 965 υἱοί·

1312 929 1325 941 '
1916 925 1970 978 9.
2011 923 2154 978 Ecce
2184 922 2476 976 haereditas
2499 919 2735 984 Domini,
2772 919 2897 975 ﬁlii:

251 1008 339 1062 10.
383 1009 440 1059 Ὁ
467 1007 654 1076 μισθὸς
689 1006 781 1058 τοῦ
812 1004 1024 1075 καρποῦ
1049 1003 1148 1073 τῆς
1175 1002 1426 1073 γαστρός.

1175 1002 1426 1073 γαστρός·
1915 1011 2006 1066 10.
2035 1011 2241 1066 Merces
2274 1009 2486 1064 fructus
2521 1009 2746 1064 ventris.

253 1101 339 1154 11.
389 1098 532 1150 Ὠσεὶ
565 1098 693 1168 βέλη
721 1100 776 1149 ἐν
803 1096 946 1167 χειρὶ
964 1093 1187 1148 δυνατοῦ
1208 1112 1221 1124 ·

1914 1103 2001 1156 11.
2039 1102 2189 1157 Sicut
2216 1101 2423 1171 sagittae
2453 1103 2506 1155 in
2537 1116 2701 1154 manu
2732 1099 3005 1170 potentis:

253 1193 342 1245 12.
374 1190 561 1254 Οῦτως
591 1192 638 1242 οἱ
677 1190 781 1242 υἱοὶ
819 1190 921 1243 τῶν
944 1186 1424 1257 ἐκτετιναγμένων.

1066 1186 1424 1257 .τιναγμένων.
1916 1193 2004 1247 12.
2042 1192 2115 1247 lta
2151 1192 2245 1246 ﬁlii
2276 1207 2653 1247 excussorum.

255 1286 342 1338 13.
377 1283 680 1356 Μακάριος,
712 1282 771 1345 ὃς
799 1280 1072 1353 πληρώσει
1111 1279 1209 1350 τὴν
1261 1277 1553 1349 ἐπιθυμίαν
1581 1275 1743 1331 αὑτοῦ

1917 1285 2007 1338 13.
2043 1285 2241 1339 Beatus
2270 1284 2353 1338 vir
2377 1285 2470 1353 qui
2506 1284 2753 1354 implebit
2798 1281 3127 1339 desiderium
3158 1296 3316 1336 suum
3343 1296 3405 1335 ex

181 1375 245 1441 ἐξ
274 1376 453 1429 αὐτῶν
468 1389 482 1404 ⁸

432 1393 453 1427 ν
468 1389 482 1404 ·
1847 1375 1979 1446 ipsis
2008 1393 2019 1431 :

260 1467 345 1522 14.
382 1467 456 1519 Οὑ
527 1464 1076 1536 καταισχυνθήσονται
1105 1503 1120 1528 ,
1189 1463 1316 1517 ὅταν
1375 1460 1575 1517 λαλῶσι
1635 1462 1746 1524 τοῖς

1927 1463 2009 1516 14.
2040 1462 2158 1518 Νοη
2212 1463 2616 1522 confundentur
2676 1480 2800 1521 cum
2839 1464 3128 1535 loquentur
3176 1462 3410 1517 inimicis

185 1557 399 1629 ἐχθροῖς
430 1557 591 1610 αὑτοῦ
620 1554 844 1628 [αὐτῶν]
878 1556 933 1607 ἐν
964 1554 1176 1617 πύλαις.

658 1554 844 1627 ιύτῶν]
878 1556 933 1607 ἐν
964 1554 1176 1617 πύλαις.
1852 1555 1966 1611 suis
1993 1556 2046 1610 in
2070 1565 2245 1627 porta.

1303 1759 1674 1818 ATHANASll
1715 1744 2295 1817 INTERPRETAT‘IO.

261 1960 316 2015 5.
361 1959 519 2030 Ὑμῖν
541 1960 650 2021 τοῖς
677 1958 980 2029 προφήταις
1010 1958 1088 2021 εἰς
1119 1957 1294 2030 μάτην
1331 1959 1447 2011 ἐστὶ
1478 1959 1538 2012 τὸ
1562 1960 1638 2030 (1)
1661 1961 1754 2030 όρ-
1784 1945 1827 2003 Β

1927 1960 1979 2013 5.
2015 1957 2198 2025 Vobis,
2232 1957 2524 2027 propheta,
2553 1971 2750 2010 vanum
2795 1962 2879 2009 est
2914 1960 3040 2007 ante
3086 1951 3260 2006 lucem
3290 1968 3415 2008 sur-

189 2051 397 2125 θρίζειν
424 2052 586 2121 ὑμᾶς,
619 2051 712 2103 καὶ
741 2050 923 2103 λαϐεῖν
945 2051 1033 2103 τὸν
1062 2050 1217 2118 λόγον
1237 2051 1329 2104 τοῦ
1359 2051 1493 2105 Θεοῦ
1532 2053 1619 2106 διά
1660 2054 1757 2125 τὴν

1858 2064 2002 2119 gere,
2025 2056 2079 2103 et
2109 2062 2329 2102 sumere
2373 2048 2594 2102 verbum
2639 2045 2732 2100 Dei
2764 2052 2980 2115 propter
3009 2041 3291 2097 hominum
3332 2045 3417 2097 in-

188 2145 476 2200 ἀπείθειαν
505 2144 614 2196 τῶν
640 2143 735 2196 ἀνθ
744 2142 957 2214 ρώπων.

665 2143 735 2195 ινθ
744 2142 957 2214 ρώπων.
1857 2142 2252 2198 credulitatem.

264 2256 319 2308 6.
355 2255 542 2324 Ὅμως
580 2251 716 2322 μετά
761 2253 856 2323 τὴν
895 2254 1148 2324 κοίμησιν
1183 2255 1333 2326 ὑμῶν
1368 2256 1686 2310 ἀνίστασθε·
1731 2259 1759 2310 ό

1929 2253 1981 2308 6.
2017 2253 2402 2308 Verumtamen
2453 2261 2577 2324 post
2626 2253 3007 2308 dormitionem
3055 2262 3290 2309 vestram
3333 2266 3419 2306 re-

191 2347 351 2414 λόγος
374 2346 481 2415 γάρ
507 2345 658 2414 ὑμῶν
688 2344 868 2414 μέλλει
899 2345 1287 2416 κηρύσσεσθαι,
1319 2349 1413 2402 καὶ
1444 2349 1594 2416 ἄγειν
1623 2351 1758 2403 πάν·-

1860 2348 2094 2416 surgite;
2122 2356 2302 2401 vester
2341 2347 2484 2400 enim
2531 2360 2710 2399 sermo
2737 2345 3138 2415 praedicabitur,
3165 2355 3219 2400 et
3245 2344 3419 2400 addu-

190 2455 294 2500 τας
335 2439 412 2499 εἰς
443 2436 540 2506 τὴν
573 2435 756 2488 πίστιν
783 2436 877 2488 τοῦ
908 2437 1062 2490 Θεοῦ.

996 2437 1062 2490 ›ῦ.
1859 2445 1944 2491 cet
1973 2452 2162 2492 omnes
2195 2438 2259 2490 ad
2287 2437 2379 2492 Dei
2405 2438 2583 2491 ﬁdem.

267 2552 321 2604 7.
352 2551 414 2601 Oi
443 2549 556 2614 νῦν,
585 2550 674 2602 διά
692 2550 750 2602 τὸ
783 2550 984 2620 μηδένα
1015 2550 1168 2622 ὑμῶν
1190 2551 1426 2619 ἀκούειν,
1457 2571 1524 2624 με
1553 2554 1762 2625 (2)686-

1932 2548 1982 2602 7.
2011 2547 2166 2602 Nunc
2197 2558 2401 2613 autem,
2433 2550 2558 2617 quia
2604 2563 2765 2602 nemo
2810 2562 2908 2602 vos
2953 2548 3121 2616 audit,
3156 2561 3281 2604 cum
3325 2547 3421 2602 do-

195 2654 298 2708 νης
328 2635 592 2697 ἐσθίοντες
619 2635 709 2687 τὸν
736 2635 941 2688 ἑαυτῶν
973 2636 1155 2707 ἄρτον.

1098 2654 1155 2690 ιν.
1858 2639 1975 2697 lore
2003 2641 2165 2696 editis
2198 2656 2391 2710 panem
2424 2649 2685 2694 vestrum.

269 2746 324 2799 8.
362 2746 496 2797 Πότε
524 2744 960 2814 (5)διεγείρεσθε,
981 2745 1106 2797 ὅταν
1124 2745 1151 2797 ὁ
1181 2745 1381 2815 Κύριος
1404 2747 1611 2816 μέλλων
1639 2749 1763 2800 συλ-

1931 2755 1982 2808 8.
2013 2753 2251 2808 Tandem
2283 2753 2598 2824 resurgetis,
2626 2769 2750 2809 cum
2785 2752 3046 2808 Dominus
3071 2753 3423 2822 comprehen-

195 2837 566 2907 λαμϐάνεσθαι
599 2836 702 2888 ὑπὸ
733 2836 837 2888 τῶν
880 2835 1146 2888 Ἰουδαίων
1178 2837 1269 2889 ἐπὶ
1316 2841 1426 2899 τοῖς
1463 2839 1762 2908 ἀγαπητοῖς

1861 2846 2018 2899 detur
2062 2860 2094 2897 a
2138 2842 2338 2897 Iudaeis
2393 2845 2534 2897 inter
2592 2860 2722 2898 suos
2754 2844 3003 2908 dilectos,
3035 2844 3136 2898 hoc
3169 2852 3252 2898 est
3289 2859 3421 2913 apo-

196 2925 385 2989 αύτοῦ,
419 2925 662 2978 τουτέστι
688 2927 798 2987 τοῖς
823 2925 1135 2988 ἀποστόλοις
1157 2941 1170 2955 ·
1205 2926 1532 2980 Καθεύδετε
1554 2930 1619 2980 τὸ
1641 2932 1763 2981 λοι-

1863 2939 2051 3002 slolos,
2082 2947 2134 2992 et
2171 2935 2408 2992 dixerit:
2443 2937 2679 2990 Dormite
2723 2937 2840 3005 jam
2875 2945 2923 2988 et
2965 2937 3287 3006 requiescite,
3328 2952 3424 3006 ap-

195 3017 338 3080 πὸν,
372 3017 470 3069 καὶ
515 3018 969 3070 ἀναπαύσεσθε·
1022 3016 1233 3085 ﬁrmae
1274 3017 1382 3087 γὰρ
1436 3021 1466 3071 ό
1520 3020 1764 3087 παραδι-

193 3105 345 3160 δούς
377 3123 466 3160 με.

1322 3017 1382 3086 ἂρ
1436 3021 1466 3071 ό
1520 3020 1764 3087 παραδι-
1863 3032 2229 3100 propinquavt't
2260 3031 2396 3082 enim
2425 3029 2513 3098 qui
2544 3045 2623 3082 me
2652 3028 2822 3082 tradet
2847 3028 2909 3080 ⁷⁸.

236 3124 345 3171 ους
371 3123 466 3173 με.

270 3215 326 3272 9.
367 3216 493 3269 Ἰδοὺ
530 3217 562 3286 ἡ
591 3215 921 3286 κληρονομία
951 3216 1150 3286 Κυρίου
1181 3217 1286 3269 υίοὶ
1320 3217 1472 3288 ὑμῶν
1494 3219 1601 3272 τῶν
1632 3236 1764 3291 προ·
1800 3289 1833 3300 Α

1935 3226 1990 3282 9.
2018 3225 2156 3281 Ecce
2182 3226 2469 3282 hereditas
2496 3227 2708 3282 Domini
2735 3226 2828 3282 ﬁlii
2853 3228 3040 3292 vestri,
3071 3243 3104 3283 ο
3135 3228 3420 3300 prophetae.

198 3309 408 3381 φητῶν,
435 3310 482 3361 οἱ
510 3308 812 3361 ἀπόστολοι.

528 3308 812 3360 ἱιπόστολοι.
1680 3289 1687 3291 ὴ
1792 3289 1835 3348 c
1869 3320 2115 3390 apostoli.

274 3421 362 3474 10.
399 3421 508 3474 Καὶ
532 3423 558 3473 ό
592 3421 777 3491 μισθὸς
801 3420 892 3473 τοῦ
927 3421 1090 3474 πόνου
1121 3422 1274 3493 ὑμῶν
1307 3425 1399 3477 καὶ
1430 3425 1526 3495 τῆς
1555 3425 1762 3496 ὀδύνης,

1941 3435 2027 3489 10.
2064 3432 2128 3487 Et
2156 3448 2364 3489 merces
2413 3433 2612 3488 laboris
2667 3433 2864 3496 vestri,
2915 3441 2969 3488 et
3013 3432 3216 3487 doloris
3265 3448 3423 3501 quem

196 3508 268 3584 ἧς
305 3514 452 3583 ἔχετε
482 3514 556 3582 (4)
577 3515 696 3564 τότε
722 3513 1116 3582 κυριεύσοντες,
1143 3515 1364 3580 τούτους
1386 3519 1511 3579 τοὺς
1538 3519 1769 3570 ἀποστό-

1867 3526 2147 3580 habebatis
2172 3535 2301 3580 tunc
2329 3527 2701 3596 praedicantes,
2725 3527 2941 3581 eosdem
2970 3525 3243 3597 apostolos
3275 3525 3424 3581 nobis

198 3611 329 3673 λους
352 3611 478 3679 ἡμῖν
503 3610 704 3662 ἔτεκεν.

503 3610 704 3662 ἔτεκεν.
1865 3615 2090 3686 peperit.

276 3722 366 3776 11.
407 3723 492 3786 Ὠς
529 3721 654 3792 βέλη
680 3723 1002 3792 πεμπόμενα
1037 3721 1186 3792 παρά
1220 3740 1362 3786 τινος
1394 3723 1644 3794 εὐστόχου
1677 3726 1769 3778 καὶ

1941 3732 2026 3786 11.
2059 3731 2208 3788 Sicut
2242 3732 2343 3786 tela
2369 3732 2534 3786 missa
2567 3729 2633 3784 ab
2664 3729 2846 3798 aliquo
2884 3729 3060 3800 perito
3092 3738 3148 3784 et
3182 3728 3307 3784 forti
3339 3745 3426 3785 sa-

206 3814 451 3885 ἰσχυροῦ,
490 3813 660 3876 οὕτως
693 3815 827 3866 εἰσὶν
854 3816 901 3866 ot
929 3813 1216 3867 ἀπόστολοι
1257 3815 1359 3868 ὑπὸ
1386 3817 1590 3888 Κυρίου
1625 3834 1768 3887 πεμ-

1867 3823 2118 3893 gittario;
2149 3825 2221 3879 ita
2252 3833 2378 3879 sunt
2423 3822 2652 3894 apostoli
2681 3823 2836 3877 missi
2866 3837 2896 3877 a
2920 3821 3150 3878 Domino
3183 3821 3248 3877 ad
3287 3837 3425 3886 pra:-

205 3908 434 3977 πόμενοι
457 3907 534 3969 είς
562 3906 623 3959 τὸ
655 3907 932 3978 κήρυγμα.

584 3906 623 3959 τὸ
655 3907 932 3978 κήρυγμα.
1867 3915 2171 3970 dicandum.

279 4020 366 4073 12.
396 4021 457 4073 Οἱ
489 4021 594 4072 υἱοὶ
619 4020 727 4072 τῶν
758 4019 1069 4090 προφητῶν,
1101 4017 1208 4071 τῶν
1242 4019 1315 4089 μὴ
1348 4019 1577 4089 ἐχόντων
1603 4021 1659 4075 ἐν
1675 4021 1772 4075 αὒ-

1940 4027 2027 4082 12.
2065 4025 2182 4078 Filii
2211 4027 2592 4095 prophetarum
2635 4041 2743 4080 non
2781 4025 3092 4080 habentium
3132 4025 3185 4080 in
3212 4041 3270 4080 se
3295 4027 3423 4095 ipsis

202 4115 321 4174 τοῖς
364 4110 438 4180 (5)
489 4113 629 4173 σῖτα,
659 4111 690 4180 ἢ
722 4109 922 4180 βρῶσιν
950 4109 1048 4178 τὴν
1067 4107 1452 4177 ἀφανίζουσαν.

1363 4127 1452 4163 ἀν.
1871 4116 2222 4183 frumentum,
2257 4127 2350 4171 aut
2374 4131 2555 4172 escam
2591 4116 2950 4170 deiicientem.

275 4226 364 4278 15.
396 4224 699 4294 Μακάριος,
722 4225 802 4277 ὅτι
821 4223 838 4295 [
855 4224 1039 4296 ὅστις]
1065 4224 1140 4295 (6)
1176 4225 1273 4296 τὴν
1320 4222 1610 4294 ἐπιθυμίαν
1632 4222 1769 4293 ἔχων

1945 4227 2032 4281 15.
2067 4225 2262 4280 Beatus
2289 4227 2598 4296 quicunque
2622 4226 2830 4281 habens
2857 4225 3184 4281 desiderium
3216 4240 3426 4290 eorum,

202 4318 286 4380 εἰς
334 4315 400 4367 τὰ
435 4315 698 4384 εἰρημένα
749 4315 852 4366 ὑπὸ
889 4313 995 4366 τῶν
1043 4313 1391 4377 ἀποστόλων,
1451 4312 1536 4370 καὶ
1585 4313 1771 4386 μαθὼν

1867 4332 1988 4389 qua:
2016 4318 2155 4373 dicta
2179 4327 2305 4372 sunt
2335 4317 2403 4370 ab
2428 4317 2708 4386 apostolis,
2736 4327 2788 4370 et
2814 4316 2974 4371 discit
2998 4315 3114 4384 ipsa
3145 4323 3198 4369 et
3220 4315 3423 4385 implet.

201 4405 367 4470 αὐτὰ,
403 4407 496 4458 καὶ
529 4405 767 4476 πληρῶν.

276 4519 367 4572 14.
399 4520 461 4572 Oi
497 4519 723 4570 τοιοῦτοι
747 4518 853 4587 γὰρ
883 4517 943 4570 οὺ
967 4517 1431 4586 καταισχύνονται,
1461 4518 1586 4570 ὅταν
1617 4534 1771 4586 μετα-

1940 4517 2026 4571 14.
2058 4515 2216 4570 Tales
2245 4515 2389 4571 enim
2417 4529 2525 4568 non
2559 4512 2986 4578 contunduntur,
3015 4529 3136 4570 cum
3169 4513 3430 4570 decedunt

203 4614 464 4668 ϐαίνωσιν
496 4616 560 4666 ἐκ
605 4611 696 4664 τοῦ
731 4611 934 4681 κόσμου
971 4610 1158 4663 τούτου
1178 4652 1192 4676 ,
1234 4611 1325 4662 καὶ
1354 4611 1587 4664 ἐναντίαι
1614 4609 1770 4663 δυνά-

1842 4647 1846 4672 ,
1873 4624 1938 4664 ex
1967 4609 2069 4663 hoc
2098 4607 2322 4671 mundo,
2342 4615 2394 4660 et
2410 4606 2697 4660 contrariae
2718 4615 3013 4675 potestates
3045 4614 3253 4660 stantes
3279 4613 3429 4659 extra

207 4721 335 4775 μεις
362 4702 596 4756 ἑστῶσαι
626 4701 820 4767 ἔξωθεν
849 4701 958 4754 τῶν
980 4701 1158 4754 πυλῶν
1183 4700 1275 4753 τοῦ
1301 4700 1529 4772 ούρανοῦ
1553 4700 1772 4772 ζητοῦσι

1875 4700 1996 4754 οωιί
2028 4707 2212 4768 portas
2243 4707 2496 4767 quaerunt
2535 4706 2721 4753 contra
2747 4697 2895 4765 ipsos
2922 4695 3162 4751 invenire
3195 4696 3428 4764 aliquam

202 4798 332 4850 κατ’
357 4795 534 4849 αὐτῶν
562 4797 740 4864 εὑρεῖν
765 4812 885 4846 τινα
913 4793 1107 4864 πρᾶξιν
1143 4794 1382 4865 πονηρὰν
1422 4793 1496 4863 (7)
1534 4795 1615 4854 εἰς
1665 4793 1765 4845 αὑ-

1877 4790 2178 4860 improbam
2205 4789 2496 4858 actionem,
2518 4799 2580 4843 ut
2607 4803 2700 4844 eos
2723 4797 2978 4859 tanquam
3001 4794 3312 4859 peccatores
3324 4785 3431 4844 Deo

204 4887 356 4949 τοὺς,
386 4887 472 4938 ἵνα
500 4886 945 4956 κατηγορήσωσιν
975 4882 1152 4938 αὐτῶν
1194 4883 1332 4954 πρὸς
1374 4884 1464 4936 τὸν
1514 4882 1646 4936 Θεὸν
1697 4883 1772 4945 ὡς
1878 4889 2150 4937 accusent.

206 4976 628 5050 ἡμαρτηκότων.

279 5156 330 5187 ’⁸
360 5154 549 5210 Matth.
590 5171 738 5220 τινι,
768 5155 857 5217 45,
889 5153 985 5214 46.

1158 5316 1458 5378 Addenda
1489 5319 1551 5378 et
1587 5311 1960 5393 corrigenda
1997 5326 2073 5372 ex
2123 5309 2264 5373 cod.
2294 5306 2493 5370 Vatic.

279 5503 357 5588 ς
386 5501 782 5588 ’ξρῦιόρθρίζειν
807 5505 968 5588 ύμᾶς,
1004 5504 1096 5588 καὶ
1126 5502 1322 5566 λαλεῖν,
1349 5513 1452 5558 etc.
2050 5504 2234 5588 ξίχετε
2258 5501 2377 5588 τότε
2410 5501 2790 5588 κηρύσσοντες.

279 5522 329 5573 (ι
397 5522 492 5556 too
515 5522 782 5588 οροριςειν
807 5522 968 5574 υμας,
1004 5522 1096 5555 και
1129 5522 1322 5566 ΛαΑειν,
1349 5522 1452 5558 etc.
1947 5522 2020 5573 μ)
2050 5522 2234 5624 ιιὲμτε
2258 5522 2377 5555 τοτε
2410 5522 2790 5572 κηρύσσοντες.

389 5575 520 5662 ἐνῇ-τ’
542 5575 729 5662 ὸξθνῃς
752 5575 955 5662 ᾕσοιξνν
979 5581 1083 5660 ςῑε-
1159 5647 1170 5662 ε
1216 5646 1249 5662 η
1359 5644 1384 5654 ~
1466 5646 1477 5662 α
1592 5643 1654 5662 Ν
2069 5574 2154 5662 ’mv
2184 5574 2391 5634 ἑαυτοῖς
2428 5577 2566 5637 σῖτα,
2601 5572 2632 5640 ἢ
2663 5570 2861 5642 βρῶσίν
2886 5584 3028 5632 τινα,
3059 5577 3169 5623 etc.

279 5643 358 5713 (ὅ)
389 5643 525 5714 Πότε
564 5645 621 5696 δὲ
666 5643 962 5714 ἐγείρεσθε,
996 5645 1123 5714 ὅταν
1149 5647 1177 5696 ό
1216 5644 1418 5714 Ἰησοῦς
1457 5646 1483 5696 ό
1542 5643 1767 5714 μέλλων,
1948 5645 2027 5712 (ti)
2076 5644 2152 5697 '0.

207 5711 621 5779 οιαίίουδαίων
655 5711 945 5785 εἴπητοῖς,
975 5724 1077 5770 etc.
1111 5713 1233 5769 Mox
1256 5711 1404 5770 deest
1432 5715 1520 5768 καί
1544 5711 1599 5770 et
1631 5716 1754 5782 γάρ.

1452 5715 1520 5768 ιαί
1544 5711 1599 5770 et
1631 5716 1754 5782 γάρ.
1938 5711 2013 5783 (7)
2051 5712 2297 5782 Πονηράν
2323 5712 2671 5783 πεπραχότας
2703 5711 2916 5774 αὐτούς,
2939 5719 3039 5765 etc.
