4018 6434
638 369 776 426 1239

861 479 1135 533 Canticum
1166 474 1454 531 Creditum.
1486 470 1687 527 ΡδΑι.
1720 468 2011 528 CXXVII.

708 595 760 648 1.
795 590 941 648 Beati
969 604 1157 645 omnes
1185 589 1277 658 qui
1310 588 1499 641 timent
1531 584 1843 651 Dominum,

709 680 765 737 2.
797 681 898 747 Qui
929 678 1208 734 ambulant
1235 678 1288 731 in
1316 679 1419 732 viis
1444 678 1586 748 ejus.

708 772 757 829 3.
797 769 1034 825 Labores
1060 784 1319 823 manuum
1346 780 1559 823 tuarum
1589 768 1946 825 manducabis
1973 787 1986 823 :

704 864 756 917 4.
785 861 987 918 Beatus
1007 876 1087 926 es,
1114 870 1168 915 et
1194 861 1330 917 bene
1357 862 1452 917 tibi
1478 864 1582 917 erit
1607 880 1621 915 :

700 956 753 1010 5.
789 954 938 1010 Uxor
969 965 1059 1010 tua
1090 956 1229 1011 sicut
1261 956 1385 1011 vitis
1418 956 1706 1012 abundans

701 1047 756 1101 6.
793 1045 848 1100 In
883 1047 1141 1103 lateribus
1174 1049 1369 1103 domus
1397 1061 1522 1103 tute.

704 1137 755 1190 7.
786 1137 903 1191 Filii
931 1139 1005 1192 tui
1030 1139 1171 1194 sicut
1194 1142 1418 1196 novella:
1441 1141 1705 1195 olivarum

699 1226 752 1279 8.
789 1225 845 1279 In
874 1227 1101 1283 circuitu
1136 1239 1492 1284 mensae-tum.

699 1315 750 1370 9.
778 1315 913 1373 Ecce
940 1319 1019 1374 sic
1057 1318 1405 1375 benedicetur
1449 1321 1633 1387 homo,
1661 1321 1755 1392 qui
1802 1321 1953 1375 timet
2006 1318 2195 1375 Domi-

628 1420 780 1461 num.

704 1495 786 1551 i0.
822 1496 1111 1553 Benedicat
1140 1500 1234 1554 tibi
1262 1500 1526 1557 Dominus
1559 1517 1624 1557 ex
1659 1501 1811 1569 Sion,

700 1589 785 1643 11.
820 1591 886 1644 Et
914 1590 1098 1647 videas
1124 1592 1262 1646 bona
1288 1591 1587 1647 Jerusalem

701 1680 789 1735 12.
826 1678 1093 1739 Omnibus
1119 1683 1312 1738 diebus
1347 1686 1471 1739 vitae
1501 1693 1622 1740 tuae.

703 1770 789 1827 13.
825 1769 891 1826 Et
920 1773 1104 1830 videas
1135 1776 1276 1832 ﬁlios
1302 1776 1534 1832 ﬁiiorum
1566 1787 1782 1833 tuorum
1813 1795 1826 1830 :

1479 360 1536 414 S.
1580 355 1955 413 ATHANASII
1996 355 2147 410 OPP.
2192 354 2378 411 PARS
2413 354 2502 410 lll.
2534 385 2601 397 -—
2625 353 3031 410 EXEGETICA.

3748 345 3891 399 tuo

2522 466 2659 537 ’ῼδὴ
2695 464 2812 520 τῶν
2852 462 3241 534 Ἀναϐαθμῶν.
3275 465 3450 516 ΨΛΛ.
3480 460 3662 514 PKZ'.

2374 582 2424 634 1.
2457 580 2723 650 Μακάριοι
2751 580 2948 643 πάντες
2983 581 3029 632 οἱ
3053 576 3374 647 φοϐούμενοι
3406 573 3500 625 τὸν
3537 571 3776 643 Κύριον,

2371 674 2424 727 2.
2463 674 2525 725 Oi
2564 672 2916 744 πορευόμενοι
2949 672 3005 723 ὲν
3039 673 3155 733 ταῖς
3178 669 3314 732 ὁδοῖς
3343 663 3528 720 αὑτοῦ.

2369 767 2420 820 5.
2454 766 2591 829 Τοὺς
2626 765 2819 828 πόνους
2843 763 2951 816 τῶν
2982 762 3209 831 καρπῶν
3244 777 3334 813 σου
3372 758 3648 827 φάγεσαι·

2367 859 2417 913 4.
2458 860 2744 926 Μακάριος
2785 852 2853 921 εἴ,
2883 856 2975 909 καὶ
3007 854 3186 916 καλῶς
3215 870 3296 905 σοι
3327 852 3500 906 ἔσται.

2367 950 2418 1003 5.
2466 950 2527 1002 ’11
2566 952 2695 1018 γυνή
2726 966 2818 1001 σου
2846 949 2923 1011 ὡς
2954 947 3194 1017 ἄμπελος
3224 942 3520 1015 εύθηνοῦσα

2365 1042 2418 1095 6.
2468 1041 2555 1092 Ἐν
2591 1042 2702 1102 τοῖς
2734 1038 2938 1092 κλίτεσι
2964 1036 3066 1106 τῆς
3090 1034 3264 1096 οἰκίας
3287 1050 3399 1085 σου.

2367 1132 2420 1187 7.
2449 1132 2512 1182 Oi
2540 1129 2644 1183 υἱοί
2666 1146 2760 1181 σου
2791 1128 2865 1190 ῶς
2890 1127 3119 1195 νεόφυτα
3150 1121 3343 1176 ἐλαιῶν

2365 1219 2417 1273 8.
2449 1220 2648 1289 Κύκλῳ
2679 1219 2777 1288 τῆς
2803 1216 3077 1286 τραπέζης
3106 1232 3219 1267 σου.

2365 1311 2415 1366 9.
2456 1311 2584 1364 Ἰδοὺ
2614 1310 2785 1373 οὕτως
2833 1307 3262 1380 εὐλογηθήσεται
3306 1303 3595 1374 ἄνθρωπος
3622 1302 3653 1355 ό
3681 1295 3878 1353 οοὸοὗο

2299 1422 2456 1477 μενος
2485 1405 2572 1457 τὸν
2606 1404 2831 1474 Κύριον.

2368 1498 2449 1551 10.
2484 1494 2786 1565 Εύλογήσαι
2816 1511 2873 1547 σε
2904 1493 3105 1563 Κύριος
3134 1492 3197 1544 ὲκ
3234 1488 3368 1542 Σιὼν
3395 1529 3411 1552 ,

2364 1590 2450 1641 il.
2488 1589 2597 1640 Καὶ
2625 1586 2755 1649 ἴδοις
2787 1584 2855 1637 τὰ
2889 1582 3067 1651 ἀγαθά
3102 1579 3453 1653 Ἰερουσαλὴμ

2364 1679 2450 1734 12.
2485 1678 2673 1741 Πάσας
2703 1676 2802 1738 τὰς
2835 1674 3047 1745 ἡμέρας
3080 1674 3178 1743 τῆς
3204 1671 3347 1741 ζωῆς
3376 1687 3491 1725 σου.

2221 1794 2263 1848 Β
2365 1769 2450 1823 15.
2480 1770 2590 1823 Καὶ
2620 1768 2750 1831 ἴδοις
2773 1766 2925 1828 υἱοὺς
2952 1764 3061 1817 τῶν
3093 1762 3224 1815 υἱῶν
3255 1778 3377 1816 σου·

1742 1887 2118 1943 ATHANASII
2158 1882 2743 1942 INTEBPRETATIO.

709 2003 774 2055 Ἦ
802 2007 1134 2080 προκειμένη
1158 2007 1432 2079 ἐπιγραφὴ
1454 2007 1695 2078 περιέχει
1730 2006 1826 2075 (1)·
1870 2005 2007 2077 ’ῼδὴ
2030 2005 2145 2059 τῶν
2186 2000 2584 2073 Ἀναϐαθμῶν,
2620 2003 2756 2072 ὅπερ
2788 2001 3149 2073 ἑρμηνεύεται
3190 1992 3578 2064 ἐξομολόγησις
3616 1988 3743 2080 τῶν,
3769 1988 3876 2041 ἀπὸ

626 2096 725 2168 τῆς
757 2097 1007 2167 γνώσεως
1044 2100 1173 2172 [τῶν
1203 2100 1576 2173 χαρισμάτων]
1602 2099 1696 2153 τοῦ
1732 2099 1989 2171 Χριστοῦ,
2015 2098 2291 2153 τουτέστιν
2317 2098 2426 2150 ἀπὸ
2448 2097 2543 2150 τοῦ
2576 2094 2759 2163 ὀγδόου
2794 2093 3002 2164 βαθμοῦ
3036 2090 3291 2144 ἀνιόντων
3325 2086 3403 2147 εἰς
3426 2082 3518 2135 τὸν
3546 2080 3709 2173 Θεὸν,
3734 2079 3876 2173 λέγω

624 2188 691 2259 δὴ
712 2188 805 2242 τοῦ
836 2190 1031 2244 ειδέναι
1064 2172 1285 2255 αὐτοὺς,
1308 2193 1387 2245 ὅτι
1415 2191 1634 2263 πληρῶν
1656 2192 1753 2254 τὰς
1777 2190 1995 2253 ἐντολὰς
2025 2188 2117 2243 τοῦ
2148 2186 2383 2259 Χριστοῦ
2414 2190 2528 2249 πῶς
2554 2188 2587 2256 ὴ
2625 2183 3017 2256 μισθαποδοσία
3051 2180 3230 2236 αὐτῶν
3276 2176 3395 2250 [τῆς
3444 2172 3874 2245 μισθαποεοετίας

623 2280 806 2355 αὐτὸς]
837 2280 1077 2348 ἀξιοῦται
1102 2286 1161 2336 ὲν
1189 2288 1255 2355 τῇ
1287 2286 1471 2355 ἡμέρᾳ
1501 2284 1601 2353 τῆς
1630 2286 1862 2354 κρίσεως
1884 2282 1987 2335 ὑπὸ
2009 2280 2102 2333 τοῦ
2135 2274 2289 2333 θεοῦ.

704 2374 920 2441 ξΓὶιιιΙιιε
948 2379 1270 2447 pra-positus
1299 2379 1538 2432 eontinet
1568 2396 1581 2431 :
1619 2376 1899 2431 Canticum
1948 2374 2216 2429 Craduum
2238 2416 2252 2440 ,
2296 2371 2437 2443 quod
2472 2371 2854 2440 interpretamr
2877 2378 3147 2423 coutcssm
3176 2367 3582 2416 ascendentium
3621 2373 3651 2409 a
3681 2355 3873 2424 cogni-

625 2465 775 2520 tione
808 2465 1121 2540 [donorum]
1146 2468 1371 2531 Curisti,
1401 2470 1505 2525 hoc
1538 2482 1620 2525 est
1644 2471 1712 2524 ab
1735 2480 1928 2525 octavo
1971 2467 2137 2538 gradu
2168 2466 2221 2519 in
2258 2463 2449 2529 Deum,
2483 2476 2673 2529 nempe
2723 2461 2788 2514 ad
2839 2459 3272 2528 intelligendum,
3309 2455 3585 2527 quomodo
3639 2452 3877 2521 impleas

625 2556 879 2610 mandata
914 2555 1112 2611 Christi
1138 2558 1334 2630 dignus
1370 2560 1483 2630 ipse
1513 2561 1871 2615 retributione
1898 2559 2209 2615 censebitur
2242 2571 2271 2609 a
2304 2553 2413 2608 Deo
2440 2556 2492 2607 in
2525 2553 2611 2606 die
2630 2552 2841 2621 juilicii.

694 2671 745 2725 1.
774 2670 922 2727 Beati
951 2676 1043 2744 qui
1074 2679 1385 2732 auscultant
1410 2694 1713 2735 sermonem
1743 2678 1858 2734 Dei.

690 2762 746 2816 2.
780 2760 885 2830 Qui
915 2775 1198 2820 sectantur
1224 2769 1446 2839 vestigia
1477 2771 1617 2839 ejus.

693 2851 744 2905 3.
780 2851 1011 2910 Fructus
1052 2857 1295 2923 justitize,
1326 2876 1463 2929 quos
1504 2878 1627 2915 cum
1663 2862 2036 2925 tribulatione,
2068 2876 2190 2930 qua:

622 2943 676 2998 in
704 2950 905 2999 mundo
929 2957 1031 3016 est,
1058 2950 1337 3018 producis,
1365 2962 1551 3021 postea
1576 2954 1889 3023 impleberis
1913 2952 2108 3007 iisdem
2135 2952 2186 3007 in

621 3048 787 3106 regno
819 3034 931 3093 Dei.

698 3127 753 3182 ι.
784 3126 1105 3185 Sanctorum
1134 3134 1466 3191 beatitudine
1509 3138 1705 3209 dignus
1734 3138 1852 3203 lies,
1883 3149 1937 3193 et
1965 3140 2017 3192 in
2056 3154 2188 3209 gau—

622 3214 770 3271 dium
794 3216 884 3271 Dei
911 3227 966 3274 tu
996 3220 1266 3278 introibis.

694 3307 748 3375 5,
778 3307 830 3364 6.
864 3310 1057 3366 Anima
1104 3324 1217 3377 tua,
1248 3316 1410 3371 veluti
1464 3319 1611 3381 vitis,
1639 3320 1793 3388 plena
1829 3320 2007 3374 omnis
2054 3320 2187 3373 beti-

623 3402 741 3470 tiz;
776 3404 848 3458 ita
879 3414 961 3459 est
994 3407 1045 3459 in
1096 3409 1354 3462 membris
1396 3412 1641 3479 corporis
1675 3412 1751 3464 tui
1798 3413 1942 3474 hinc,
1975 3423 2027 3466 et
2061 3412 2188 3466 inde

621 3494 828 3551 habens
852 3496 1063 3552 fructus
1083 3498 1342 3566 justitiam:
1374 3499 1478 3555 Per
1506 3506 1902 3571 armajustitim
1931 3522 1961 3557 α
1982 3504 2185 3559 dextris

619 3594 668 3641 οι
697 3602 729 3639 a
755 3587 989 3641 sinistris
1012 3604 1104 3658 per
1126 3588 1350 3659 gloriam
1373 3601 1421 3645 et
1452 3593 1834 3663 ignobilitatem
1853 3595 1919 3661 ⁷⁸,
1952 3606 2055 3649 etc.

696 3848 748 3915 7,
774 3849 826 3906 8.
861 3850 1034 3922 Opera
1050 3854 1278 3924 justlttm
1302 3863 1407 3911 tua:
1440 3872 1561 3912 cum
1594 3857 1966 3914 misericordia
1995 3871 2047 3915 et
2072 3860 2185 3914 l'ru-

621 3941 799 3999 ctibus
832 3946 1071 4015 paciﬁcis
1117 3947 1393 4018 stipantia,
1418 3959 1471 4005 et
1517 3952 1851 4022 protegentia
1879 3969 1974 4007 cor
2004 3961 2181 4010 tuum.

696 4116 751 4171 9.
788 4116 925 4173 Ecce
975 4120 1047 4173 ita
1100 4120 1285 4178 beatus
1338 4124 1723 4196 praedicabitur
1773 4124 1939 4181 homo
1982 4126 2188 4185 faciens

629 4200 721 4259 Dei
750 4207 1106 4265 voluntatem.

692 4301 779 4355 10.
822 4302 1087 4359 Dominus
1113 4306 1258 4360 enim
1288 4307 1430 4363 dicet
1459 4311 1715 4366 omnibus
1749 4311 2060 4382 hujusmodi
2092 4314 2189 4367 bo-

619 4392 860 4447 minibus
895 4395 947 4448 in
977 4397 1183 4452 cmlesti
1216 4399 1471 4458 civitate:
1508 4401 1706 4470 Venite,
1736 4404 1987 4460 benedicti
2006 4406 2185 4461 Putris

618 4485 719 4537 mei
737 4484 805 4547 '°,
841 4496 945 4541 etc.

689 4576 777 4641 ll,
808 4577 893 4629 12.
940 4577 1006 4632 Et
1052 4578 1263 4636 fruetur
1306 4584 1539 4656 quisque
1571 4588 1789 4643 mternis
1838 4590 2015 4654 bonis,
2064 4606 2185 4660 qua:

618 4664 883 4723 Dominus
908 4671 1159 4739 promisit
1187 4675 1536 4746 diligentibus
1576 4694 1635 4734 se
1656 4679 1699 4709 “
1752 4679 1807 4733 in
1855 4682 2183 4751 sempiterna

614 4761 835 4818 arcula.

687 4853 774 4910 15.
812 4853 1241 4914 Fit-tributionem
1267 4875 1491 4930 operum
1523 4872 1759 4919 tuorum.

689 4968 736 5001 ”
764 4967 806 5022 1⁸
836 4969 962 5025 Cor.
1000 4988 1074 5033 νι.
1107 4973 1159 5036 7.
1191 4974 1245 5031 8.

2362 2676 2411 2729 1.
2446 2674 2721 2744 Μακάριοι
2751 2676 2796 2727 οἱ
2829 2673 3189 2737 ὑπακούοντες
3206 2672 3461 2741 τὸνλόγον
3492 2670 3567 2739 (2)
3591 2668 3687 2722 τοῦ
3710 2665 3871 2721 Θεοῦ.

2358 2766 2413 2819 2.
2444 2767 2505 2819 Οἱ
2530 2764 3009 2828 ὲξακολουθοῦντες
3041 2766 3149 2826 τοῖς
3182 2765 3380 2833 ἴχνεσιν
3405 2762 3588 2815 αὑτοῦ.

2361 2857 2413 2912 5.
2450 2857 2589 2918 Τοὺς
2638 2856 2884 2924 καρποὺς
2916 2855 3017 2924 τῆς
3056 2854 3439 2923 δικαιοσύνης,
3469 2851 3562 2915 οῦς
3606 2852 3684 2919 (5)
3731 2849 3871 2919 μετὰ

2289 2947 2519 3017 θλίψεως
2540 2948 2637 3015 τῆς
2669 2948 2725 2999 ἐν
2752 2946 2827 3016 τῷ
2859 2947 3047 3016 κόσμῳ
3089 2945 3345 3009 ἐκτελεῖς,
3389 2945 3613 3015 ὕστερον
3654 2941 3872 3013 ἐμπλη-

2288 3040 2461 3112 σθήσῃ
2496 3040 2675 3093 αὐτῶν
2703 3040 2760 3091 ἐν
2793 3042 2858 3110 τῇ
2888 3039 3137 3111 βασιλείᾳ.
3162 3039 3252 3092 τοῦ
3277 3037 3433 3091 Θεοῦ.

2356 3134 2409 3188 4.
2436 3133 2542 3186 Τοῦ
2577 3133 2927 3204 μακαρισμοῦ
2958 3134 3067 3186 τῶν
3102 3134 3271 3199 ἁγίων
3302 3130 3602 3201 άξιωθήσῃ,
3637 3129 3717 3190 εἰς
3772 3126 3871 3196 τὴν

2287 3224 2461 3296 χαρὰν
2494 3226 2570 3294 (1)
2602 3224 2697 3277 τοῦ
2732 3224 2864 3275 Θεοῦ
2895 3226 2957 3277 σὺ
2984 3224 3330 3285 εἰσελεύσεις.

2358 3318 2411 3381 5,
2443 3316 2493 3370 0.
2543 3316 2605 3369 Ἦ
2638 3316 2781 3387 ψυχή
2816 3333 2929 3380 σου,
2958 3316 3033 3379 ὡς
3074 3314 3335 3385 ἄμπελος,
3369 3312 3615 3381 γέμουσα
3644 3308 3870 3377 ἀπάσης

2286 3408 2625 3480 εὐφροσύνης
2649 3427 2661 3439 ·
2689 3409 2860 3472 οὕτως
2888 3411 3035 3462 ἐστὶν
3060 3410 3116 3461 ἐν
3136 3410 3250 3470 τοῖς
3280 3406 3463 3477 μέλεσι
3488 3403 3581 3457 τοῦ
3615 3400 3871 3472 σώματός

2288 3521 2402 3569 σου,
2429 3502 2579 3556 ἐνθεν
2601 3502 2790 3572 αὐτῆς,
2826 3503 2919 3554 καὶ
2954 3501 3103 3553 ἔνθεν
3141 3500 3337 3569 ἔχουσα
3377 3498 3623 3568 καρποὺς
3656 3494 3868 3547 δικαιοο

2288 3594 2471 3665 σύνης,
2499 3594 2601 3647 Διὰ
2627 3593 2745 3646 τῶν
2768 3594 2973 3647 ὅπλων
2992 3592 3099 3660 τῆς
3130 3591 3522 3655 δικαιοσύνης
3546 3587 3665 3640 τῶν
3682 3585 3870 3655 (5)65-

2287 3683 2431 3746 ξιῶν
2456 3683 2554 3736 καὶ
2590 3680 2939 3750 ἀριστερῶν,
2968 3682 3064 3734 διὰ
3092 3681 3300 3748 δόξης,
3335 3678 3433 3731 καὶ
3477 3678 3744 3746 ἀτιμίας,
3774 3676 3870 3727 καὶ

2284 3773 2392 3825 τῶν
2426 3773 2650 3826 λοιπῶν.

2354 3862 2409 3924 7,
2437 3861 2491 3913 8.
2530 3861 2609 3912 Τὰ
2634 3860 2769 3931 ἔργα
2813 3858 2913 3927 τῆς
2957 3857 3302 3925 δικαιοσύνης
3350 3872 3443 3907 σου
3494 3852 3633 3923 μετὰ
3683 3851 3868 3913 ἐλέους

2285 3953 2378 4006 καὶ
2408 3952 2633 4024 καρπῶν
2650 3950 2939 4022 εἰρηνικῶν
2965 3952 3070 4002 εἰσι
3095 3949 3458 4018 συσφίγγοντα
3482 3947 3578 3999 καὶ
3596 3945 3869 3997 σκέποντι

2289 4044 2386 4116 τὴν
2413 4044 2637 4116 καρδίαν
2667 4061 2778 4097 σου.

2356 4138 2410 4192 9.
2444 4137 2573 4190 Ἰδοὺ
2598 4136 2769 4198 οῦτως
2802 4132 3272 4204 μακαρισθήσεται
3317 4128 3603 4199 ἄνθρωπος
3642 4126 3741 4193 (ὡς
3786 4124 3865 4193 (ti)

2287 4227 2496 4298 μέλλων
2525 4226 2701 4294 λέγειν
2736 4222 2837 4296 [11])
2867 4227 2893 4276 ό
2922 4223 3087 4277 ποιῶν
3115 4222 3177 4275 τὸ
3207 4220 3415 4290 θέλημα
3446 4216 3541 4271 τοῦ
3562 4217 3721 4269 θεοῦ.

2356 4320 2439 4374 10.
2478 4319 2627 4389 Ἐρεῖ
2653 4317 2762 4387 γάρ
2798 4317 2959 4368 παντὶ
3004 4317 3229 4385 τοιούτῳ
3258 4310 3530 4383 ἀνθρώπῳ
3565 4312 3593 4362 ὁ
3639 4310 3864 4379 Κύριος,

2282 4413 2339 4463 ὲν
2374 4414 2439 4482 τῇ
2470 4410 2778 4481 ἐπουρανίῳ
2811 4408 2962 4462 πόλει
2987 4424 2999 4438 ⁸
3026 4408 3223 4471 Δεῦτε,
3253 4409 3305 4460 οὶ
3333 4401 3729 4471 εὐλογημένοι
3761 4399 3865 4453 τοῦ

2284 4504 2515 4571 Πατρός
2545 4521 2662 4572 μου
2688 4502 2789 4570 (7),
2818 4502 2915 4555 καὶ
2947 4502 3016 4555 τὰ
3051 4501 3198 4571 ἑξῆς.

2355 4597 2442 4661 ll,
2480 4597 2566 4650 12.
2614 4598 2723 4650 Καὶ
2770 4596 3068 4649 ἀπολαύσει
3106 4596 3335 4657 ἕκαστος
3370 4592 3443 4663 (8)
3480 4590 3588 4645 τῶν
3630 4589 3865 4643 αἰωνεων

2283 4690 2505 4757 ἀγαθῶν
2530 4731 2544 4753 ,
2600 4684 2674 4743 ὧν
2707 4689 3070 4759 ὲπηγγείλατο
3107 4692 3136 4741 ὁ
3180 4688 3383 4757 Κύριος
3426 4688 3541 4748 τοῖς
3577 4681 3863 4751 ἀγαπῶσιν

2281 4781 2442 4837 αὑτὸν
2467 4784 2547 4844 εἰς
2574 4782 2699 4845 τοὺς
2728 4782 3112 4852 ἁτελευτήτους
3143 4778 3361 4841 αἰῶνας.

2354 4874 2439 4927 15.
2477 4873 2589 4943 Τὴν
2620 4872 2693 4943 (9)
2728 4873 3082 4926 ἀνταπόδοσιν
3110 4870 3219 4924 τῶν
3250 4870 3427 4940 ἔργων
3458 4883 3575 4921 σου.

1359 4976 1402 5006 ⁸ο
1430 4975 1617 5030 Matth.
1666 4995 1791 5041 xxv,
1832 4979 1921 5035 54.
1998 4980 2229 5037 "lCor.
2260 5000 2317 5050 ll,
2362 4984 2415 5039 9.

1559 5095 1863 5158 Addenda
1911 5105 1971 5159 et
2002 5098 2375 5178 corrigenda
2411 5116 2487 5161 ex
2520 5099 2660 5161 cod.
2696 5099 2897 5161 Votic.

681 5213 758 5285 (1)
789 5214 860 5290 _'ll
893 5213 993 5290 Du’l“
1016 5214 1116 5283 τῆς
1141 5217 1508 5290 κινναϐάρεως
1541 5219 1815 5290 περιέχει,
1841 5228 1945 5275 etc.
1989 5221 2189 5275 Ἀνιόνο

609 5301 718 5337 των
756 5287 835 5363 εἱς
857 5284 948 5337 τὸν
970 5285 1205 5363 ἔννατον,
1223 5284 1407 5363 λέγω.
1549 5284 1669 5363 -ιιιι,
1700 5284 1833 5344 ’Ὅτι
1872 5292 1900 5342 ὁ
1940 5290 2182 5363 πληρῶν,

609 5364 742 5427 etc.~
762 5354 941 5427 Πόσης
979 5356 1397 5425 μισθαποδοσίας
1424 5354 1690 5427 ἀξιοῦται,
1745 5373 1847 5417 etc.
1912 5354 2182 5417 ’Υπδτοῦ

607 5424 745 5476 θεοῦ
771 5425 965 5493 Λόγου.

682 5494 758 5566 «2)
793 5496 883 5564 τῷ
908 5495 1069 5566 λόγῳ.

680 5565 759 5637 (ξ)
788 5566 894 5629 οὓς
922 5567 1016 5620 νῦν
1042 5569 1198 5637 μετὰ,
1228 5578 1334 5623 etc.

682 5634 758 5705 (ι)
790 5638 965 5708 Χάριν
995 5634 1089 5691 τοῦ
1119 5639 1252 5693 Θεοῦ
1289 5658 1381 5694 σου
1414 5642 1690 5698 εἰσελθεῖν.

2354 5221 2432 5291 (5)
2457 5220 2555 5273 Διά
2582 5218 2924 5291 τῶνδεξιῶν.

2479 5293 2565 5352 Ὠς
2594 5290 2773 5359 μέλλω
2801 5290 2999 5356 λέγειν,
3024 5291 3132 5352 πᾶς
3158 5287 3462 5358 ἄνθρωπος,
3485 5289 3545 5359 ὀ,
3573 5297 3681 5342 etc.

2351 5362 2425 5431 (7)
2455 5357 2605 5422 Mou,
2635 5359 2936 5431 ἀπολάϐετε
2963 5360 3061 5431 τὴν
3096 5357 3502 5430 ἡτοιμασμένην
3527 5358 3658 5429 ύμῖν
3706 5357 3852 5428 βασι-

2277 5430 2424 5485 λείαν
2454 5432 2558 5501 πρὸ
2593 5430 2894 5500 καταϐολῆς
2919 5430 3145 5501 κόσμρυ.

2347 5504 2422 5569 (8)
2451 5498 2717 5565 Ἕκαστος
2744 5498 2981 5562 τοιοῦτος
3006 5498 3135 5552 τῶν.

2346 5576 2421 5643 (9)
2456 5574 2563 5626 Καὶ
2596 5573 2723 5637 ἴδοις
2752 5574 2870 5641 τήν,
2898 5580 3000 5624 etc.

680 5774 757 5847 (ο)
794 5776 966 5834 Verba
1010 5779 1147 5834 intra
1181 5779 1545 5849 parenthesim
1590 5779 1761 5848 posita
1806 5780 2155 5850 expungenda
2200 5780 2469 5836 videntur.
