4018 6514
168 457 283 513 1211
1060 455 1146 510 DE
1188 453 1462 511 TITULIS
1497 451 2233 511 PSALMORUM.—PSAL.
2274 449 2547 508 CXXVIII.
3258 442 3400 499 12ιῖ

231 566 311 621 14.
344 565 544 638 Εἰρήνη
576 563 672 619 ἐπὶ
706 563 798 619 τὸν
835 565 1072 638 Ἰσραήλ.

342 659 477 729 ’ῼδὴ
504 658 622 712 τῶν
665 659 1060 728 Ἀνασαθμῶν.
1133 662 1303 713 ΨΑΛ.
1350 661 1544 712 ΡΚΗ¹.

230 752 280 805 1.
321 751 613 815 Πλεονάκις
642 748 982 821 ὲπολέμησάν
1020 767 1084 820 με
1113 752 1175 803 ἐκ
1203 750 1449 823 νεότητός
1482 768 1579 822 μου
1597 770 1610 782 ·

228 844 279 897 2.
312 842 532 897 Εἰπάτω
559 842 620 914 δὴ
673 839 885 913 Ἰσραήλ
906 857 920 873 ο

227 934 279 991 5.
303 936 594 999 Πλεονάκις
614 934 957 1005 ἐπολέμησαν
986 950 1053 1003 με
1078 936 1142 987 ὲκ
1167 933 1413 1006 νεότητός
1441 952 1538 1004 μου
1566 952 1577 963 ·

226 1028 279 1083 4.
314 1026 422 1082 Καὶ
447 1028 555 1098 γὰρ
578 1026 676 1079 οὐκ
702 1025 1044 1096 ἠδυνήθησαν
1078 1043 1185 1096 μοι.

228 1124 279 1180 5.
314 1124 438 1179 Ἐπὶ
465 1123 556 1176 τὸν
581 1121 747 1176 νῶτόν
774 1138 873 1192 μου
906 1120 1021 1173 [τοῦ
1052 1120 1219 1175 νώτου
1254 1118 1379 1192 μου]
1415 1118 1718 1172 ἐτέκταινον

160 1218 205 1268 οἱ
233 1213 541 1285 ἁμαρτωλοί
563 1229 577 1244 ο

228 1306 277 1359 ϐ.
323 1306 665 1377 Ἐμάκρυναν
696 1304 794 1375 τὴν
820 1303 1046 1372 ἀνομίαν
1078 1303 1273 1357 αὐτῶν.

227 1397 279 1450 7.
308 1397 509 1465 Κύριος
554 1396 759 1458 δίκαιος
795 1394 843 1468 [6
888 1394 1091 1467 Κύριος
1126 1393 1369 1466 δικαίως]
1429 1392 1721 1461 συνέκοψεν

157 1489 386 1558 αὐχένας
415 1488 751 1561 ἁμαρτωλῶν
768 1503 781 1516 ·

227 1580 278 1635 8.
318 1581 802 1653 Αἰσχυνθήτωσαν.
846 1580 937 1632 καὶ
971 1578 1472 1648 ἀποστραφήτωσαν
1526 1575 1604 1637 εἰς
1654 1572 1723 1626 τὰ

158 1671 337 1723 ὀπίσω
366 1670 562 1733 πάντες
602 1671 650 1722 οἰ
680 1667 963 1739 μισοῦντες
990 1666 1147 1719 Σιών.

1899 564 1983 619 14.
2022 562 2215 617 Pacem
2251 578 2414 631 super
2444 557 2631 613 Israel.

2012 655 2286 709 Canticum
2322 654 2618 708 Graduum.
2651 646 2851 704 PSAL.
2884 644 3032 702 CXX
3049 641 3210 700 VIII.

1900 750 1951 802 1.
1985 747 2137 816 Saepe
2162 752 2615 816 expugnaverunt
2647 758 2733 796 me
2785 755 2815 794 a
2850 738 3135 808 juventute
3160 749 3323 790 mea:

1898 840 1953 893 2.
1986 838 2139 893 Dicat
2172 854 2316 892 nunc
2352 836 2534 899 Israel,

1902 929 1955 983 5.
1995 926 2147 997 Saepe
2173 933 2621 996 expugnaverunt
2653 936 2738 976 me
2768 937 2797 974 a
2827 921 3110 991 juventute
3142 930 3263 971 mea
3292 932 3306 969 :

1899 1019 1951 1073 ι.
1980 1018 2194 1073 Etenim
2227 1032 2334 1071 non
2368 1024 2659 1086 poruerunt
2698 1014 2851 1067 Inibi.

1904 1111 1956 1166 5.
1987 1112 2161 1181 Supra
2178 1108 2401 1164 dorsum
2428 1124 2609 1163 meum
2632 1106 3033 1161 fabricaverunt
3055 1108 3392 1172 peccatores:

1906 1290 1961 1345 6.
1990 1290 2464 1361 Prolongaverunt
2496 1287 2836 1357 iniquitatem
2870 1298 3046 1339 suam.

1904 1384 1957 1438 7.
1999 1384 2258 1439 Dominus
2280 1382 2464 1453 justus
2500 1378 2689 1453 [juste]
2727 1378 2966 1433 concidit
2994 1374 3227 1431 cervices
3273 1384 3398 1442 peo-

1827 1484 2070 1531 calorum
2106 1492 2120 1527 :

1910 1566 1962 1621 8.
1988 1565 2427 1628 Confundantur,
2455 1569 2510 1616 et
2542 1570 2926 1617 convertantur
2954 1567 3250 1614 retrorsum
3278 1566 3398 1608 om-

1836 1674 1954 1725 nes,
1990 1659 2085 1727 qui
2117 1658 2348 1712 oderunt
2389 1654 2542 1708 Sion.

1279 1798 1656 1856 ATIIANASII
1696 1794 2285 1851 INTERPBETATIO.

1916 1949 2003 2004 14.
2034 1947 2219 2019 Neque
2241 1946 2474 2016 amplius
2498 1954 2578 1999 est
2606 1945 2660 1998 in
2695 1958 2926 2012 superna
2956 1939 3250 1995 Jerusalem
3280 1938 3397 1993 bel-

1830 2045 1941 2098 lum
1982 2044 2175 2107 ullum,
2221 2041 2314 2095 sed
2369 2056 2469 2109 pax
2502 2046 2585 2093 est
2631 2055 2645 2089 :
2697 2038 2952 2105 quoniam
2980 2044 3032 2087 et
3076 2030 3297 2097 artifex,
3343 2037 3400 2088 et

1832 2134 2012 2205 opifex
2043 2134 2189 2189 illius
2214 2130 2374 2187 Jesus
2403 2129 2700 2194 exsistit",
2730 2126 2819 2197 qui
2842 2136 2895 2181 et
2921 2140 3021 2195 pax
3048 2131 3255 2177 nostra.

230 1961 320 2015 14.
350 1961 463 2015 Καὶ
509 1960 609 2014 οὐκ
653 1958 731 2011 ἔτι
761 1959 908 2012 ἐστὶν
940 1957 1015 2025 (1)
1045 1959 1101 2009 ὲν
1131 1959 1196 2027 τῇ
1234 1956 1344 2010 ἄνω
1384 1948 1734 2028 Ἰερουσαλὴμ
1765 1961 1806 2015 Β

153 2054 181 2104 ό
216 2052 467 2122 πολεμῶν
495 2069 617 2104 τινα
638 2067 650 2080 ·
687 2051 874 2121 εἰρήνη
908 2050 1014 2118 γάρ
1040 2049 1182 2099 ἐστι·
1220 2048 1407 2119 ἐπειδὴ
1442 2050 1531 2101 καὶ
1562 2049 1734 2118 τεχνί-

149 2160 273 2211 της,
295 2145 387 2196 καὶ
402 2143 728 2214 δημιουργὸς
752 2143 918 2211 αὐτῆς
935 2140 1168 2211 ὑπάρχει
1184 2140 1409 2210 Ἰησοῦς,
1431 2142 1524 2193 καὶ
1544 2144 1733 2213 εἰρήνη

153 2236 185 2303 ἠ
195 2233 313 2301 μῶν
320 2273 330 2284 .

235 2347 300 2398 Ἦ
331 2348 659 2418 προκειμένη
720 2349 994 2421 ἐπιγραφὴ
1043 2350 1283 2421 περιέχει
1318 2351 1431 2421 (2)⁶
1480 2353 1616 2422 ᾩδὴ
1660 2356 2073 2425 Ἀναϐαθμῶν,
2120 2357 2256 2428 ὅπερ
2310 2353 2668 2426 ἑρμηνεύεται
2718 2350 3100 2420 ἐξομολόγησις
3136 2346 3243 2399 τῶν
3292 2343 3401 2397 ἀπὸ

151 2438 429 2511 [ἑννάτουί
463 2442 555 2494 τοῦ
608 2441 743 2495 Θεοῦ
780 2444 990 2515 βαθμοῦ
1026 2445 1422 2499 ἀναϐαινόντων
1466 2449 1557 2501 ἐπὶ
1599 2450 1688 2502 τὸν
1724 2451 1926 2521 Ἰησοῦν
1951 2493 1964 2516 ,
1998 2453 2242 2508 τουτέστι
2286 2451 2422 2521 μετά
2450 2448 2547 2518 τὴν
2597 2446 2796 2515 γνῶσιν
2826 2444 2919 2497 τοῦ
2968 2444 3163 2497 εἰδέναι
3193 2442 3259 2495 τὰ
3301 2440 3399 2510 τῆς

154 2529 458 2599 μελλούσης
495 2530 914 2599 μισθαποδοσίας
937 2574 949 2597 ,
989 2534 1288 2604 μέμνηνται
1337 2535 1391 2587 δὲ
1428 2538 1570 2608 ἀπερ
1614 2540 1912 2611 ὑπέμειναν
1963 2543 2066 2595 ὑπὸ
2095 2542 2203 2594 τῶν
2232 2541 2488 2594 ἐναντίων
2522 2539 2833 2607 δυνάμεων,
2885 2535 3123 2596 καὶπῶς
3155 2533 3258 2585 ὑπὸ
3302 2532 3399 2600 τῆς

152 2624 382 2693 χάριτος
405 2624 498 2677 τοῦ
539 2627 742 2696 Κυρίου
776 2626 931 2696 ἡμῶν
962 2627 1326 2699 ὲρῤύσθησαν,
1362 2629 1441 2682 ἔτι
1474 2648 1533 2699 γε
1568 2634 1674 2705 μὴν
1708 2637 1787 2699 εἰς
1821 2637 2156 2708 ὑψηλοτέραν
2207 2636 2406 2705 γνῶσιν
2437 2635 2673 2694 ἀνιόντες
2699 2633 2791 2686 τοῦ
2838 2628 3229 2703 προγινώσκειν
3258 2627 3402 2693 ἆπερ

153 2718 359 2785 συνέϐη
394 2721 505 2778 τοῖς
538 2718 879 2789 ἁμαρτωλοῖς
911 2719 1110 2783 ἐξιοῦσι
1142 2722 1232 2773 τὸν
1268 2721 1379 2791 βίον
1413 2725 1620 2779 τοῦτον.

226 2807 444 2861 Titulus
482 2812 806 2880 prchszsitus
830 2813 1073 2866 continuet
1099 2832 1112 2865 :
1146 2813 1424 2867 Canticum
1454 2816 1748 2881 Cratinum,
1778 2817 1924 2887 quod
1958 2819 2346 2885 interpretatur
2393 2813 2665 2868 confessio
2693 2808 3102 2865 ascendentium
3132 2821 3163 2860 a
3207 2803 3402 2879 [nono]

150 2902 252 2955 Dei
288 2906 455 2973 gradu
481 2908 555 2974 (α)
580 2908 632 2958 in
670 2905 880 2969 Jesum,
906 2908 1007 2960 boc
1034 2918 1116 2962 est
1140 2916 1260 2977 post
1282 2910 1669 2978 cognitionem,
1706 2930 1810 2981 qua
1841 2921 2234 2981 cognoverunt,
2256 2925 2376 2977 quae
2403 2910 2466 2961 ad
2498 2905 2798 2960 mercedem
2844 2901 3078 2954 futuram
3110 2901 3401 2968 pertinent,

150 3002 536 3066 recordantur,
566 3017 685 3069 qua:
717 3003 955 3070 perpessi
988 3014 1114 3055 sunt
1156 3019 1185 3055 a
1213 3007 1506 3061 contrariis
1576 3009 1954 3077 potestatibus,
1982 3017 2035 3061 et
2080 3006 2356 3076 quomodo
2396 3003 2566 3073 gratia
2596 2998 2813 3053 Domini
2858 2993 2986 3048 Jesu
3032 2993 3243 3046 liberati
3276 3001 3403 3045 sunt

143 3100 206 3145 et
234 3094 532 3145 etiamnum
570 3095 784 3161 quidem
819 3095 871 3146 iu
905 3096 1151 3147 altiorem
1182 3100 1546 3167 cognitionem
1586 3104 1940 3156 ascendentes
1967 3100 2032 3153 ad
2067 3099 2553 3166 praenoscendum,
2584 3109 2706 3163 qua:
2743 3098 2999 3145 eventura
3043 3094 3169 3141 sunt
3205 3098 3406 3152 pecca-

148 3184 373 3236 toribus
409 3184 794 3238 decedentibus
821 3201 883 3238 cx
923 3190 1023 3240 bac
1050 3188 1181 3243 vita.

226 3272 277 3325 1.
318 3273 437 3325 Ἐπὶ
468 3274 629 3326 πολὺν
659 3274 843 3347 χρόνον
874 3274 1096 3345 ἐζήτουν
1125 3276 1540 3347 αἰχμαλωτίζειν
1583 3293 1647 3346 με
1670 3276 1718 3329 οἱ
1748 3284 1788 3339 C

139 3366 425 3435 ἱειίμονες,
457 3366 543 3417 ὅτε
572 3367 717 3436 ἥμην
745 3367 935 3438 νήπιος
967 3371 1031 3438 τῇ
1063 3370 1201 3421 κατά
1231 3370 1360 3421 Θεὸν
1388 3371 1661 3440 φρονήσει.

1894 3274 1945 3327 1.
1991 3271 2156 3325 ΜιιΙιο
2194 3280 2431 3340 tempore
2465 3270 2831 3340 quresiverunt
2878 3283 2964 3323 me
3007 3269 3280 3323 dmmones
3333 3269 3387 3323 in

1837 3366 2197 3434 captivitatem
2241 3365 2504 3432 redigere,
2536 3363 2791 3432 quoniam
2822 3361 3173 3430 intelligentia
3206 3377 3401 3415 secun-

1835 3459 1961 3510 dum
1994 3456 2159 3508 Duillii
2190 3456 2372 3508 infans
2402 3470 2572 3507 cram.

1903 3549 1956 3610 2,
1984 3551 2034 3600 5.
2070 3547 2142 3599 Es
2169 3556 2282 3598 tuto
2306 3546 2466 3598 corde
2505 3560 2603 3598 suo
2631 3554 2907 3607 enarrem,
2950 3545 3039 3611 qui
3076 3555 3253 3599 mente
3282 3545 3404 3599 illu-

1836 3641 2027 3693 minati
2053 3652 2179 3693 sunt
2202 3639 2265 3691 ad
2292 3637 2723 3706 cognoscendum
2762 3635 2949 3699 llcum,
2981 3638 3256 3705 quomodo
3301 3640 3404 3691 im-

1836 3733 2221 3801 pugnabantur
2255 3746 2282 3782 a
2316 3728 2607 3783 contrariis
2638 3728 3016 3795 potestatibus.

1907 3824 1959 3876 4.
1993 3822 2260 3887 Quoniam
2290 3820 2552 3873 Dominus
2574 3820 2868 3886 Opitulatus
2898 3828 2979 3873 est
3004 3818 3156 3872 milii.

1911 3914 1963 3976 5,
1993 3916 2043 3966 (5.
2078 3912 2138 3965 Ili
2171 3914 2279 3964 duo
2315 3912 2533 3980 quidem
2577 3912 2829 3963 \ersieuli
2863 3912 3031 3979 accipi
3076 3912 3237 3965 etiam
3281 3927 3405 3978 pos-

1838 4013 1965 4061 SUIIl
2003 4005 2068 4057 de
2099 4002 2351 4064 Domino,
2385 4003 2485 4055 hoc
2523 4010 2604 4054 est
2638 4018 2760 4053 cum
2800 4018 2829 4054 a
2867 4000 3067 4055 ludat-is
3106 4001 3405 4070 flagellalus

1837 4106 1919 4151 est
1949 4104 2367 4152 ;.\'crumtamen
2408 4102 2461 4146 et
2486 4102 2728 4161 apposuit:
2764 4092 2829 4145 ad
2875 4108 2937 4146 ea
2968 4108 3085 4159 qua:
3124 4109 3283 4161 supra
3321 4095 3397 4146 di-

1837 4199 1923 4241 cta
1952 4198 2101 4251 Stult,
2129 4185 2419 4255 allegorice
2454 4194 2684 4253 possunt
2728 4185 2985 4253 explicari
3032 4186 3098 4237 de
3144 4186 3403 4254 improbis

1838 4276 2168 4338 actionibus,
2192 4290 2330 4344 quas
2356 4286 2475 4343 post
2502 4291 2584 4327 me
2610 4274 2967 4343 projeccram,
3008 4286 3061 4328 ct
3092 4292 3277 4329 rursus
3310 4291 3404 4332 eas

1838 4369 1970 4422 mihi
1998 4369 2393 4436 imposuerunt,
2426 4377 2479 4422 et
2515 4367 2605 4420 diu
2638 4378 3057 4436 permanserunt
3090 4368 3404 4424 incumben-

1838 4472 1917 4515 tes
1950 4461 2104 4511 mihi.

222 4541 281 4594 7.
330 4540 466 4593 Ἀλλ’
487 4541 514 4593 6
546 4540 767 4612 Κύριος,
799 4543 827 4593 ὁ
856 4542 1055 4613 μηδένα
1080 4543 1333 4617 παρορῶν
1371 4546 1731 4598 πιστευόντων

1909 4553 1959 4605 7.
1999 4551 2103 4606 Sed
2138 4552 2421 4613 Dominus,
2449 4552 2541 4621 qui
2576 4552 2845 4605 neminem
2884 4551 3215 4607 credentium
3256 4553 3308 4606 in
3344 4568 3403 4608 sc

125 4638 234 4696 εἰς
269 4633 455 4697 αὐτὸν,
487 4633 792 4688 ἐθανάτωσε
818 4635 919 4698 τὰς
940 4636 1110 4706 ἀρχὰς
1141 4638 1231 4688 καὶ
1258 4638 1353 4701 τὰς
1382 4637 1624 4703 ἐξουσίας
1642 4638 1733 4691 τοῦ

1839 4643 2106 4712 despicit,
2158 4645 2503 4698 morliliravit
2555 4646 2932 4715 principatus,
2996 4655 3051 4700 et
3108 4654 3404 4716 potestates

128 4724 406 4786 σκότους.

1839 4738 2204 4791 tenebrarum.

221 4816 282 4871 8.
319 4818 410 4869 Ἔν
440 4820 505 4888 τῇ
542 4818 805 4891 μελλούσῃ
836 4822 1015 4893 ἡμέρᾳ
1043 4822 1139 4884 τῆς
1160 4822 1390 4893 κρίσεως
1419 4826 1446 4877 6
1468 4822 1729 4886 διάϐολος,

1905 4828 1957 4882 8.
1988 4828 2042 4881 In
2075 4830 2162 4883 die
2187 4840 2412 4884 ventura
2436 4830 2628 4899 judicii
2666 4831 2939 4897 diabolus,
2971 4840 3025 4885 et
3050 4830 3222 4902 angeli
3265 4830 3399 4899 ejus,

125 4912 251 4964 καὶ
285 4909 339 4962 οἰ
369 4908 585 4977 ἄγγελοι
606 4911 790 4975 αὐτοῦ,
814 4914 905 4965 καὶ
928 4914 1124 4977 πάντες
1152 4916 1199 4965 οἱ
1223 4912 1527 4984 πειθόμενοι
1551 4915 1732 4976 αὐτοῖς

1837 4929 1888 4973 et
1915 4924 2233 4992 umncs,qui
2259 4923 2389 4991 ipsis
2411 4922 2671 4977 obediunt
2696 4924 3123 4977 condemnentur
3145 4923 3197 4975 in
3225 4922 3401 4991 ignem

122 5000 713 5071 καταδικασθὴτωσαν
742 5003 818 5073 τῷ
842 5004 1041 5073 αἰωνίῳ
1070 5005 1224 5075 πυρὶ,
1251 5006 1297 5055 οἱ
1325 5006 1733 5077 ἀποστρεφόμε-

1837 5019 2122 5077 a‘ternum,
2164 5014 2255 5083 qui
2302 5014 2536 5069 aversati
2580 5024 2891 5069 suntomne
2921 5013 3134 5070 Domini
3180 5017 3403 5070 manda-

118 5112 233 5146 νοι
271 5094 454 5145 πᾶσαν
494 5094 710 5165 ἐντολὴν
756 5095 850 5148 τοῦ
886 5095 1110 5167 Κυρίου.
1172 5096 1322 5150 Σιὼν
1363 5096 1471 5167 γὰρ
1514 5096 1729 5166 ἐντολὴ

117 5180 544 5235 ἑρμηνεύεται.

1838 5112 1973 5157 tum.
2013 5102 2139 5158 Sion
2169 5106 2312 5159 enim
2344 5106 2654 5159 mandatum
2685 5108 3087 5177 interpretatur.

164 5200 208 5253 ρ
215 5198 544 5252 μηνευεται.

214 5295 270 5327 ⁸³
296 5293 464 5350 Ilebr.
494 5311 573 5363 XI,
615 5296 702 5351 10.

222 3539 281 3599 2,
311 3540 344 3593 5
400 3540 489 3591 Ἐν
519 3540 614 3611 ὅλῃ
650 3543 714 3609 τῇ
751 3540 944 3611 καρδίᾳ
974 3540 1152 3594 αὐτῶν
1198 3542 1650 3613 διηγησάσθωσαν
1680 3542 1728 3595 οἰ

93 3664 117 3673 ο
139 3632 515 3699 φωτισθέντες
536 3632 632 3701 τὴν
659 3631 893 3684 διάνοιαν
915 3633 1203 3699 ἐπιγνῶναι
1229 3635 1318 3687 τὸν
1346 3635 1497 3701 Θεὸν,
1528 3635 1587 3687 τὸ
1613 3634 1728 3698 πῶς

138 3723 521 3793 ἐπολεμοῦντο
554 3725 655 3777 ὑπὸ
688 3724 794 3777 τῶν
826 3727 1079 3779 ἐναντίων
1114 3726 1413 3796 δυνάμεων.

224 3818 282 3871 4.
323 3817 540 3888 Ἐπειδὴ
574 3820 601 3871 ὁ
630 3818 831 3889 Κύριος
861 3820 1290 3890 ἀντελαμϐάνετό
1327 3838 1449 3891 μου.

228 3908 284 3969 5,
322 3908 374 3961 6.
415 3910 535 3961 Ἔτι
563 3911 635 3977 (5)
669 3912 765 3980 μὲν
800 3913 923 3974 τοὺς
952 3911 1043 3965 δύο
1078 3914 1288 3983 στίχους
1316 3914 1496 3966 λαϐεῖν
1538 3914 1617 3977 εἰς
1640 3914 1731 3966 τὸν

135 3998 385 4069 Κύριον,
415 3999 688 4050 τουτέστιν
714 3999 875 4069 ἡνίκα
910 4001 1290 4072 ὲφραγελλώθη
1331 4002 1433 4054 ὑπὸ
1457 4003 1563 4055 τῶν
1599 4004 1729 4055 Ἴου-

134 4088 325 4141 δαίων
345 4102 357 4114 ’
409 4087 555 4153 ὅμως
588 4089 680 4141 καὶ
730 4089 864 4159 πρὸς
892 4089 958 4141 τὰ
992 4090 1101 4143 ἀνω
1134 4090 1386 4161 δεδομένα
1421 4092 1728 4165 [λεγόμενα]

135 4178 489 4249 Θεωροῦνται
519 4182 582 4232 ὲκ
617 4181 723 4234 τῶν
765 4182 1175 4253 ἀποῤῥιφὲντων
1209 4183 1379 4235 ὀπίσω
1415 4202 1513 4254 μου
1564 4204 1729 4257 πονη-

134 4271 271 4343 ρῶν
313 4270 559 4340 πράξεων
584 4313 598 4335 ,
638 4272 729 4324 καί¹
762 4273 920 4325 πάλιν
954 4273 1233 4325 ὲπετίθουν
1271 4293 1358 4344 μοι
1394 4276 1591 4342 αυτάς,
1638 4280 1731 4330 καὶ

133 4358 425 4428 ἐπέμενον
450 4359 541 4412 ἐπὶ
571 4360 759 4431 χρόνον
799 4362 977 4415 ἱκανὸν
1006 4363 1337 4434 ὲπικείμενοί
1376 4384 1483 4435 μοι.

1110 5392 1414 5455 Addenda
1446 5402 1507 5455 et
1539 5395 1914 5474 corrigenda
1960 5416 2039 5460 ex
2069 5398 2210 5461 cod.
2263 5401 2464 5463 Vatic.

210 5512 306 5654 EI)
346 5514 558 5574 Ἔσται,
594 5522 699 5569 etc.
740 5516 1004 5587 Ἰησοῦςὴ
1040 5520 1229 5589 εἰρήνη
1264 5520 1437 5589 ἡμῶν.

248 5584 311 5652 ’2)
355 5585 419 5637 Ἡ
452 5585 541 5637 διὰ
578 5586 676 5654 τῆς
730 5588 1097 5654 κινναϐάρεως
1131 5590 1401 5654 περιέχει·

248 5584 311 5652 '2)
340 5585 427 5663 _'H‘
452 5585 553 5663 6ιά
578 5586 703 5663 τῆς-
730 5584 1105 5663 κιννμαίξάρεξυς
1131 5584 1369 5659 περιέχει
1390 5608 1421 5663 Ἀ
1604 5592 1733 5651 τῶν.

109 5650 439 5727 εῑό.,’-ἀπὸ
464 5654 555 5707 τοῦ
586 5650 804 5710 ἐννάτου
831 5650 1060 5727 βαθμοῦ,
1080 5650 1217 5726 ιδίας
1249 5650 1338 5713 ἐπὶ
1379 5650 1731 5726 τὺνδέκατον,

109 5723 574 5791 τουτέστι,ειε.,
599 5723 870 5797 μέμνηται
896 5723 1057 5799 ἅπερ,
1091 5723 1216 5793 ειρζ,
1247 5732 1413 5783 καίτδ
1441 5732 1573 5795 πῶς,
1601 5723 1730 5799 etc,

1834 5523 1976 5592 ἅπερ
2004 5527 2289 5595 συμϐαίνει
2322 5531 2452 5593 τοῖς,
2488 5536 2594 5581 etc.

1906 5596 1981 5670 (ἦ)
2010 5597 2163 5670 Ἔστι
2192 5598 2307 5664 μέν,
2335 5609 2439 5653 etc.
2466 5640 2479 5660 ,
2524 5596 2941 5670 ἐφραγγελὼθη·
2970 5598 3069 5670 καὶ
3097 5596 3242 5670 ⁸πρὸς
3275 5598 3398 5670 τους

1848 5667 2128 5730 Ἰουδαίους
2150 5669 2316 5738 ὅμως,
2334 5671 2426 5722 καὶ
2452 5667 2672 5739 πρδςτά
2688 5669 3070 5739 ἀποδεδομένα,
3087 5667 3122 5721 ἃ
3138 5667 3400 5739 θεωροῦν-

1835 5754 1944 5803 ται,
1979 5719 2391 5809 είο.,’πράξέων
2421 5719 2746 5806 notitiaeth
2771 5719 3112 5810 ἐπικέίμεναί
3145 5719 3255 5807 mi

220 5847 333 5917 (α)
367 5847 567 5901 Divinre
588 5838 791 5902 scilicet
822 5848 1213 5905 retributionis.
