4036 6424
630 356 769 411 1247

695 477 748 531 2.
787 477 969 547 Neque
999 478 1127 535 elati
1159 490 1288 537 sunt
1313 484 1454 537 oeuli
1487 486 1590 539 mei
1620 504 1633 539 :

693 569 747 623 5.
791 569 973 641 Neque
1006 573 1282 629 ambulavi
1321 576 1372 629 in
1422 579 1632 647 magnis
1665 596 1677 632 :

689 663 747 717 4.
789 662 975 735 Neque
1006 667 1057 719 in
1094 667 1436 725 mirabilibus
1470 684 1634 740 super
1668 687 1772 725 me.

702 757 755 811 5.
800 756 855 811 Si
883 772 988 812 non
1017 760 1293 816 humiliter
1322 763 1647 829 sentiebam,
1682 764 1776 820 sed
1808 765 2041 820 exaltari
2072 765 2191 820 ani-

626 863 771 904 mam
800 865 977 904 meam
1009 870 1023 909 ζ

682 943 762 997 ’6.
802 941 956 999 Sicut
987 944 1293 1000 ablactatus
1324 955 1411 1002 est
1441 962 1606 1003 super
1648 955 1822 1003 matre
1843 962 1939 1003 sua
1967 966 1980 1003 :

701 1118 752 1175 7.
796 1119 873 1175 lta
907 1121 1299 1179 retributiones
1328 1125 1383 1179 in
1423 1127 1601 1181 anima
1637 1143 1777 1187 mea.

696 1208 750 1263 8.
788 1208 974 1279 Speret
1011 1210 1177 1267 lsrael
1205 1214 1260 1267 in
1296 1213 1532 1270 Domino

694 1297 748 1352 9.
790 1297 866 1353 Ex
902 1299 1005 1356 hoc
1049 1318 1194 1358 nunc
1221 1313 1275 1359 et
1304 1320 1478 1375 usque
1510 1306 1562 1360 in
1598 1309 1883 1363 saeculum.

831 1410 1111 1467 Canticum
1142 1415 1436 1473 Graduum.
1490 1416 1687 1477 PSAL.
1731 1420 1991 1478 CXXXI.

690 1506 740 1562 1.
783 1506 1073 1577 Memento,
1104 1510 1352 1577 Domine,
1383 1513 1646 1579 David,et
1667 1516 1843 1572 omnis
1878 1525 2193 1573 mansuetu-

626 1597 772 1653 dinis
804 1601 944 1668 ejus.

686 1688 741 1744 2.
786 1691 938 1746 Sicut
953 1693 1159 1761 juravit
1191 1694 1436 1761 Domino,
1463 1707 1644 1751 votum
1673 1697 1819 1752 vovit
1860 1695 1970 1751 Deo
2001 1695 2189 1751 Jacob.

687 1783 741 1841 3.
781 1782 837 1838 Si
869 1784 1134 1842 introiero
1162 1787 1214 1841 in
1253 1788 1661 1844 tabernaculum
1693 1790 1886 1844 domus
1919 1803 2053 1842 mea:
2080 1805 2093 1840 :

1465 364 1521 419 S.
1565 364 1934 421 ATHANASII
1976 366 2125 422 OPP.
2173 367 2353 423 PARS
2392 368 2479 423 lll.
2517 396 2589 410 -—
2623 365 3036 423 EXEGETICA.

3732 358 3871 412 ΗΑΒ

2219 500 2266 557 Α
2368 490 2423 543 2.
2449 489 2581 542 Οὐδὲ
2612 486 3089 558 ἐμετεωρίσθησαν
3110 483 3158 537 οἱ
3188 480 3455 553 ὀφθαλμοί
3491 497 3594 552 μου
3614 494 3630 509 ·

2361 582 2413 635 5.
2440 580 2574 633 Οὐδὲ
2596 577 2898 650 ἐπορεύθην
2924 579 2982 630 ὲν
3010 577 3264 648 μεγάλοις
3284 591 3297 604 ’

2359 672 2411 725 4.
2443 672 2577 725 Οὐδὲ
2600 674 2657 725 ὲν
2691 671 3015 742 θαυμασίοις
3042 670 3181 742 ὑπὲρ
3204 668 3325 740 ἐμέ.

2364 761 2417 816 5.
2451 763 2514 815 Εἰ
2562 764 2637 835 μὴ
2681 763 3168 835 ὲταπεινοφρόνουν
3195 803 3212 827 ,
3258 761 3395 816 ἀλλὰ
3440 758 3517 829 (α)
3546 758 3751 828 ὖψυσα
3781 756 3871 826 τὴν

2290 856 2468 928 ψυχήν
2495 874 2594 927 μου
2612 872 2627 891 ·

2366 948 2419 1003 6.
2463 949 2551 1013 Ὠς
2598 948 2660 1001 τὸ
2713 947 3311 1019 ἀπογεγαλακτισμένον
3357 945 3449 999 ἐπὶ
3495 944 3599 1016 τὴν
3663 942 3872 1013 μητέρα

2292 1037 2457 1091 αὐτοῦ
2482 1054 2495 1068 ·

2365 1130 2416 1183 7.
2458 1129 2547 1193 Ὠς
2572 1127 2972 1192 ἀνταποδώσεις
2998 1128 3202 1198 ὲπὶτὴν
3229 1127 3403 1198 ψυχήν
3438 1142 3567 1196 μου.

2364 1222 2416 1276 8.
2456 1221 2531 1292 (1))
2571 1220 2880 1275 Ἐλπισάτω
2910 1220 3130 1291 Ἰσραὴλ
3156 1220 3247 1272 ἐπὶ
3266 1219 3357 1271 τὸν
3380 1216 3589 1269 Κύριον

2364 1312 2419 1366 9.
2457 1311 2591 1365 Ἀπὸ
2621 1311 2714 1364 τοῦ
2745 1309 2841 1363 νῦν
2860 1310 2953 1364 καὶ
2984 1310 3089 1372 ἓως
3107 1308 3198 1361 τοῦ
3230 1307 3442 1368 αἰῶνος.

2530 1424 2667 1494 per.
2698 1422 2817 1477 τῶν
2836 1422 3221 1492 Ἀναϐαθμῶν.
3256 1423 3428 1475 ΨΑΛ.
3457 1421 3646 1473 PAA'.

2366 1516 2419 1570 1.
2448 1516 2749 1587 Μνήσθητι.
2798 1516 2992 1590 Κύριε,
3039 1516 3135 1570 τοῦ
3176 1514 3359 1579 Δασιδ,
3395 1514 3489 1568 καὶ
3542 1512 3741 1581 πάσης
3786 1510 3876 1582 τῆς

2298 1608 2601 1679 πραότητος
2626 1609 2811 1665 αὐτοῦ.

2368 1703 2422 1758 2.
2466 1703 2555 1766 Ὣς
2580 1701 2760 1773 ὤμοσε
2792 1701 2867 1772 τῷ
2899 1701 3107 1775 Κυρίῳ,
3138 1700 3337 1773 ηὔξατο
3362 1701 3438 1771 τῷ
3462 1698 3584 1771 Θεῷ
3620 1696 3844 1753 Ἰακώϐ.

2226 1782 2270 1842 Β
2368 1789 2423 1843 3.
2461 1790 2522 1843 Εί
2553 1791 2624 1861 (c)
2648 1790 3017 1861 εἰσελεύσομαι
3044 1792 3123 1856 είς
3147 1794 3411 1864 σκήνωμα
3429 1793 3582 1844 οἴκου
3606 1806 3741 1862 μοιν

698 1964 773 2035 (a)
802 1960 961 2035 17ers.
991 1963 1045 2035 β.
1077 1964 1259 2021 Ἀλλά.
1292 1974 1396 2019 etc.
1423 1964 1663 2035 γενεῇ.
1707 1965 1793 2026 Ὡς
1813 1965 1892 2026 τό,
1927 1977 2030 2019 etc.
2061 1962 2215 2035 Vers.
2252 1963 2285 2019 8

2298 2006 2307 2019 .
2354 1965 2439 2029 Ὠς
2476 1965 2895 2035 ἀνταποδώσεις,
2927 1976 3030 2023 etc.

698 2030 771 2099 (bl
802 2030 952 2087 Vers.
982 2033 1034 2088 9.
1075 2035 1399 2099 Ἐλπισάτω,
1430 2046 1535 2090 etc.
1570 2033 1722 2090 Vers.
1760 2035 1843 2091 10.
1868 2036 2005 2089 Ἀπὸ
2033 2034 2148 2100 τοῦ,
2184 2043 2288 2089 etc.

698 2103 766 2171 (ο)
802 2102 863 2155 Εἰ
895 2104 1065 2158 deest.

1749 2256 2126 2312 ATllANASIl
2164 2254 2744 2312 INTERPRETATIO.

692 2413 747 2468 2.
789 2412 974 2482 Neque
1005 2430 1158 2471 mens
1188 2431 1305 2470 mea
1339 2415 1540 2485 aliquid
1585 2414 1897 2484 hujusmodi
1939 2415 2120 2472 habet.

697 2507 753 2569 5,
792 2506 844 2561 4.
889 2506 1071 2577 Neque
1100 2508 1386 2578 coneupivi
1432 2508 1487 2561 in
1525 2507 1851 2563 sacerdotali
1885 2507 2067 2576 aliqua
2111 2506 2196 2561 di-

625 2600 831 2670 gnitate
870 2601 1152 2658 constitui.

695 2689 809 2742 5-7.
849 2688 986 2750 Nisi,
1054 2690 1199 2742 sicut
1250 2704 1386 2759 puer
1447 2686 1759 2757 cognitione
1818 2687 2077 2757 praeditus
2139 2702 2199 2741 se

626 2779 893 2832 submittit
928 2781 1086 2833 matri
1137 2795 1269 2841 sua),
1306 2781 1377 2834 ita
1424 2780 1589 2834 etiam
1638 2795 1740 2849 ego
1802 2778 2080 2832 Ιιιιιηίιιεινί
2112 2792 2199 2830 me

626 2869 802 2939 ipsum
821 2877 1011 2927 ‘eoram
1056 2881 1127 2938 te,
1166 2872 1275 2926 imo
1302 2873 1557 2942 cogitavi,
1607 2871 1884 2941 quomodo
1921 2869 2014 2923 tibi
2045 2884 2196 2922 eom-

626 2962 923 3031 placcrem;
962 2966 1055 3018 liat
1085 2965 1377 3018 retributio
1411 2966 1607 3018 animae
1634 2977 1766 3016 mea:
1803 2962 1855 3014 in
1893 2960 2068 3014 medio
2103 2974 2199 3013 su-

626 3055 921 3122 perborum
934 3094 945 3107 .

702 3143 755 3210 8,
806 3144 859 3200 9.
902 3144 1087 3200 Gratia
1111 3157 1290 3201 autem
1325 3146 1417 3200 Dei
1447 3148 1644 3201 talibus
1682 3146 1809 3200 dicit
1843 3166 1855 3199 :
1889 3144 1963 3197 Ne
1999 3145 2200 3200 timea-

2362 2414 2417 2468 2.
2450 2413 2584 2466 Οὐδὲ
2611 2414 2642 2481 ἡ
2668 2410 2878 2465 διάνοιά
2908 2426 3008 2480 μου
3041 2408 3152 2479 ἔχει
3190 2409 3266 2478 (1)
3299 2426 3353 2462 τι
3378 2408 3643 2462 τοιοῦτον.

2363 2506 2417 2569 5,
2445 2505 2499 2558 4.
2542 2503 2674 2556 Οὐδὲ
2704 2503 2782 2571 (2)
2838 2501 3161 2573 ἐπεθύμησα
3199 2501 3471 2570 ἱερατικοῦ
3516 2518 3660 2564 τινος
3710 2498 3877 2565 ἀξιώ-

2298 2615 2465 2669 ματος
2505 2597 2659 2660 ἐντὸς
2689 2596 2960 2663 γενέσθαι.

2369 2689 2482 2743 5-7.
2517 2689 2577 2741 Εἰ
2613 2689 2708 2759 μὴ,
2737 2688 2811 2751 ὡς
2842 2688 2903 2739 τὸ
2933 2684 3144 2739 παιδίον
3181 2684 3243 2737 τὸ
3277 2682 3479 2751 γνῶσιν
3519 2683 3640 2751 ἔχον
3678 2698 3882 2735 ταπει-

2297 2780 2479 2834 νοῦται
2510 2779 2613 2832 ὑπὸ
2643 2778 2739 2849 τὴν
2776 2778 2985 2848 μητέρα
3032 2774 3215 2835 αὐτοῦ,
3252 2774 3395 2828 οὕτω
3435 2772 3591 2841 κάγὼ
3648 2774 3882 2825 ἐταπεί-

2301 2888 2424 2924 νουν
2459 2870 2695 2941 ἐμαυτὸν
2738 2867 2966 2921 ἐνώπιόν
2997 2884 3112 2929 σου,
3159 2868 3273 2921 ἀλλ’
3309 2867 3659 2936 ἐλογισάμην,
3684 2867 3884 2935 ὅτιπερ

2299 2959 2640 3031 εὐηρέστησά
2667 2976 2778 3012 σοι·
2812 2960 3021 3027 γένοιτο
3069 2958 3423 3020 ἀνταπιίδοσις
3469 2958 3538 3027 τῆ
3565 2957 3715 3028 ψυχῇ
3779 2973 3882 3027 μου

2301 3054 2361 3105 ὲν
2388 3056 2501 3115 τοῖς
2532 3051 2920 3121 ὑπερηφάνοις.

2374 3144 2427 3205 8,
2463 3143 2515 3197 9.
2560 3144 2621 3195 Ἡ
2650 3143 2809 3211 χάρις
2838 3142 2892 3194 δὲ
2937 3141 3033 3193 τοῦ
3078 3142 3211 3195 Θεοῦ
3244 3143 3390 3207 λέγει
3420 3143 3533 3204 τοῖς
3556 3138 3828 3202 τοιοίτοις
3867 3156 3881 3167 ’

628 3239 717 3301 tis,
761 3250 974 3308 sperate
1016 3240 1071 3294 in
1121 3240 1347 3295 Domino
1378 3256 1445 3293 ex
1494 3240 1599 3293 hoc
1632 3254 1777 3293 nunc
1829 3246 1883 3292 et
1932 3253 2108 3307 usque
2149 3238 2203 3291 in

2302 3238 2394 3308 Μὴ
2419 3235 2691 3305 φοϐεῖσθε,
2728 3233 2983 3287 ἐλπίσατε
3028 3235 3120 3288 ἐπὶ
3150 3235 3239 3287 τὸν
3268 3234 3468 3304 Κύριον
3514 3233 3620 3286 ἀπὸ
3648 3231 3749 3285 τοῦ
3787 3230 3884 3283 νῦν

626 3332 813 3388 tinem.
2230 3343 2271 3398 C

2306 3330 2397 3383 καὶ
2422 3330 2528 3393 ἓως
2554 3331 2650 3400 τῆς
2681 3326 3008 3391 συντελείας.

708 3464 771 3518 Ἦ
807 3464 1139 3537 προκειμένη
1170 3463 1449 3535 ἐπιγραφὴ
1470 3463 1712 3535 περιέχει
1742 3464 1817 3533 (5)
1838 3479 1849 3491 °
1891 3462 2028 3532 ’ῼδὴ
2056 3461 2173 3515 τῶν
2203 3460 2591 3531 Ἀναϐαθμῶν,
2619 3461 2754 3530 ὅπερ
2782 3457 3141 3531 ἑρμηνεύεται
3172 3456 3558 3527 ἐξομολόγησις
3590 3454 3699 3508 τῶν
3744 3456 3884 3510 ἁνα-

623 3558 915 3613 6αινὸντων
944 3562 1051 3614 ἀπὸ
1080 3561 1170 3613 τοῦ
1206 3561 1394 3632 κυρίου
1427 3560 1632 3629 βαθμοῦ
1667 3559 1761 3612 ἐπὶ
1787 3560 1877 3611 τὸν
1912 3557 2139 3627 Ἰησοῦν,
2167 3558 2440 3610 τουτέστιν
2464 3556 2571 3609 ἀπὸ
2596 3556 2693 3623 τῆς
2718 3553 3214 3623 ταπεινοφροσύνης
3242 3555 3317 3616 εἰς
3347 3553 3564 3606 πλείονα
3592 3550 3884 3622 φωτισμὸν

625 3654 987 3725 ἀναϐέϐηκεν,
1014 3654 1312 3707 Ἐκδέδωκε
1337 3653 1445 3723 γὰρ
1478 3652 1667 3704 ἑαυτὸν
1686 3649 2057 3713 ἀποτάξασθαι
2089 3650 2219 3702 πᾶσι
2246 3651 2357 3711 τοῖς
2388 3650 2443 3699 ἐν
2476 3647 2553 3715 τῷ
2581 3647 2789 3716 κόσμῳ,
2827 3644 3075 3698 ἐκδοῦναι
3112 3644 3169 3696 δὲ
3199 3644 3357 3697 αὐτὸν
3386 3644 3504 3697 ὅλον
3537 3644 3615 3713 τῷ
3642 3642 3793 3713 Θεῷ,
3824 3646 3883 3697 ὲν

628 3747 748 3806 ταῖς
780 3744 1139 3813 ὑψηλοτέραις
1172 3737 1391 3795 ὡσανεί
1412 3743 1653 3813 μείζοσιν
1686 3743 1923 3804 ἐντολαῖς
1966 3739 2147 3792 λοιπὸν
2180 3739 2345 3793 ἀνιὼν
2390 3740 2703 3807 εὑρίσκεται
2731 3752 2742 3764 ·
2780 3736 2970 3807 ὥσπερ
3014 3736 3123 3808 γὰρ
3153 3735 3259 3789 ἀπὸ
3297 3734 3391 3787 τοῦ
3424 3735 3612 3804 κυρίου
3658 3734 3881 3804 βαθμοῦ

625 3835 792 3890 ἀνιών
818 3852 900 3899 τις
935 3836 1305 3903 ἐπιφαίνεται,
1334 3834 1476 3888 οὕτω
1511 3835 1604 3887 καὶ
1626 3830 1774 3897 οὗτος
1806 3836 1896 3886 ἐπὶ
1928 3834 2019 3885 τὸν
2051 3831 2270 3902 μείζονα
2295 3829 2386 3884 τοῦ
2411 3829 2643 3901 Χριστοῦ
2674 3828 3029 3900 ἀναϐέϐηκεν.

700 3925 913 3983 Titulus
941 3929 1263 3997 pra‘pusitus
1302 3930 1547 3984 continuet
1575 3945 1588 3983 :
1633 3926 1911 3982 Canticum
1944 3925 2242 3989 Grai/num,
2285 3924 2429 3993 quod
2460 3924 2851 3991 interpretatur
2883 3921 3155 3977 confessio
3183 3920 3582 3975 ascendentium
3625 3934 3655 3973 a
3694 3922 3879 3989 gradu

625 4021 911 4091 principali
957 4022 1008 4075 in
1040 4019 1250 4084 Iesum,
1285 4022 1387 4075 hoc
1422 4033 1505 4075 est
1536 4021 1605 4074 ab
1647 4019 1959 4072 humilitate
2005 4018 2058 4070 in
2104 4016 2366 4082 majorem
2401 4014 2854 4067 iiluminationem
2888 4015 3148 4068 ascendit.
3200 4012 3333 4066 Nam
3382 4014 3473 4083 qni
3504 4017 3879 4070 renuntiando

627 4113 904 4176 omnibus,
937 4127 1057 4180 qua:
1090 4112 1141 4163 in
1174 4111 1379 4164 mundo
1414 4120 1566 4169 sunt,
1596 4110 1815 4162 tradidit
1841 4123 1899 4162 se
1931 4108 2109 4176 ipsum
2137 4115 2306 4159 tutum
2340 4107 2470 4168 Deo,
2503 4106 2554 4156 in
2584 4105 2798 4168 altiora,
2834 4104 2888 4157 in
2922 4105 3129 4173 majora
3166 4122 3357 4175 nempe
3388 4116 3650 4175 praecepta
3674 4106 3880 4164 deinde

627 4202 930 4255 ascendens
979 4202 1295 4255 invenitur:
1351 4200 1809 4267 quemadmodum
1862 4200 2006 4252 enim
2039 4218 2069 4252 e
2100 4197 2384 4267 principali
2437 4196 2606 4265 gradu
2650 4198 2952 4252 ascendens
2998 4199 3270 4268 quispiam
3300 4202 3631 4268 conspicuus
3670 4202 3753 4268 tit,
3805 4202 3879 4259 ita

627 4293 791 4346 etiam
826 4293 927 4347 iste
974 4291 1025 4344 in
1074 4290 1334 4359 majorem
1371 4287 1575 4341 Christi
1609 4288 2059 4343 illuminationetn
2105 4286 2361 4357 pervenit.

699 4425 751 4477 1.
796 4423 1120 4486 Recordare,
1146 4421 1396 4481 Domine,
1436 4419 1617 4490 populi
1650 4419 1727 4474 tui
1765 4419 2062 4473 secundum
2094 4416 2198 4470 Da-
2232 4419 2274 4473 D

2376 4416 2425 4469 1.
2460 4415 2764 4487 Μνήσθητι,
2791 4417 2978 4489 Κύριε,
3012 4420 3107 4473 τοῦ
3137 4421 3277 4474 κατὰ
3301 4421 3390 4474 τὸν
3429 4422 3592 4476 Δαόὶδ
3620 4423 3755 4478 λαοῦ
3786 4444 3879 4481 σου

628 4517 738 4581 vid,
772 4513 1022 4571 facientis
1052 4514 1275 4582 perinde
1305 4529 1368 4566 ac
1417 4514 1531 4582 ipse
1565 4513 1871 4565 voluntates
1916 4522 2053 4563 tuas.

700 4607 758 4661 2.
798 4604 1527 4673 Quemadmodumcredidit
1562 4603 1809 4666 Domino,
1855 4604 2093 4672 subjecit
2137 4616 2198 4655 se.

630 4698 809 4768 ipsum
852 4697 961 4751 Deo
1004 4695 1466 4752 auseultationis:
1507 4694 1672 4748 Iacob
1699 4696 1844 4749 enim
1881 4696 2201 4764 interpreta—

629 4799 719 4844 tur
745 4789 1086 4844 auscultatio.

711 4880 759 4939 3.
798 4879 857 4934 Si
892 4882 947 4935 in
977 4891 1255 4950 posterum
1288 4894 1474 4933 curam
1508 4894 1690 4949 geram
1716 4878 1963 4949 corporis
1993 4880 2119 4933 mei.

2300 4507 2390 4559 τοῦ
2426 4508 2703 4572 ποιοῦντος
2730 4510 2901 4573 οὕτως
2932 4512 2998 4565 τὰ
3026 4511 3304 4583 θελήματά
3334 4531 3449 4568 σου.

2370 4596 2424 4648 2.
2468 4596 2555 4659 Ὠς
2593 4597 2878 4653 ἐπίστευσε
2907 4600 2985 4671 τῷ
3030 4601 3212 4674 Κυρίῳ
3243 4643 3257 4667 ,
3302 4604 3527 4669 ἐτάξατο
3571 4607 3770 4661 ἑαυτὸν
3803 4608 3882 4678 τῷ

2302 4687 2421 4758 Θεῷ
2441 4688 2539 4759 τῆς
2566 4690 2815 4762 ὑπακοῆς
2835 4710 2848 4721 ·
2868 4694 3227 4765 ἑρμηνεύεται
3251 4700 3360 4765 γὰο
3384 4698 3585 4753 Ἰακὼό
3602 4701 3760 4767 ἀκοή
3781 4703 3877 4772 (ι).

2380 4877 2432 4930 ’5.
2472 4878 2534 4930 El
2568 4878 2821 4947 πρόνοιαν
2855 4878 2947 4932 τοῦ
2981 4877 3169 4932 λοιποῦ
3203 4880 3495 4951 ποιήσομαι
3528 4881 3606 4953 (5)
3639 4882 3736 4937 τοῦ
3772 4884 3879 4937 σώ-

2305 4970 2469 5039 ματός
2507 4988 2627 5040 μου.

1577 5099 1881 5161 Addenda
1914 5107 1977 5161 et
2008 5103 2385 5181 corrigenda
2432 5123 2509 5167 ex
2541 5106 2682 5169 cod.
2717 5108 2915 5168 Vatic.

703 5254 775 5321 (1)
809 5254 1007 5323 ΪΕσχεν
1034 5270 1109 5315 τι,
1141 5264 1245 5309 etc.

2299 5261 2763 5337 essetvdtrotﬁi,
2796 5270 2927 5337 etc.,
2960 5264 3330 5337 ᾁποτάξασθαι
3368 5268 3487 5337 μέν.
3522 5276 3653 5333 etc.,
3688 5269 3869 5324 ἐκδοῦ-

712 5324 788 5390 t2)
816 5322 889 5404 N._
916 5321 1154 5404 3._Ot‘i_6é,
1184 5334 1288 5378 etc.
1407 5323 1518 5387 4-6,
1544 5324 1713 5404 juxta
1732 5325 2051 5404 divisionem
2083 5344 2203 5396 qua:

2300 5348 2384 5404 ναι
2405 5331 2468 5404 ᾐδὲ
2491 5332 2678 5404 ἑαυτὸν
2701 5321 2825 5385 ἷλον
2859 5321 2937 5404 τῷ
2955 5334 3093 5404 Θεῷ,
3129 5321 3221 5389 καὶ
3250 5339 3307 5387 ἐν
3344 5321 3486 5401 τάῖςξ
3518 5321 3655 5401 etc.,
3687 5321 3875 5392 λοιπον

630 5410 817 5461 supra,
846 5396 893 5446 εί
928 5396 1023 5463 μὴ.
1053 5394 1149 5457 ὡς.
1189 5406 1319 5455 etc.,
1340 5394 1460 5463 ἔχον
1492 5397 1884 5448 τεταπείνωται
1920 5397 2044 5459 ὑπό,
2067 5394 2198 5461 etc.,

630 5464 946 5536 ἐταπείνουν
978 5466 1166 5536 ἑαυτόν
1204 5480 1372 5532 usque
1416 5466 1861 5536 ad__et3qpéa':ch
1899 5484 1980 5519 σοι
2046 5466 2108 5521 Ν.
2146 5467 2198 5520 8.

632 5535 863 5607 Ῐξένοιτο,
898 5545 1026 5596 etc.,
1056 5534 1141 5607 ib;
1180 5537 1458 5607 τοῖςζειῑεζ
1486 5534 1549 5588 Ν.
1579 5534 1632 5601 9,
1683 5534 1783 5590 10.
1812 5538 1878 5588 Ἠ
1915 5537 2075 5607 χάρις
2106 5537 2199 5589 τοῦ

631 5605 787 5664 θεοῦ,
819 5614 949 5667 etc.,
984 5606 1075 5657 καὶ
1106 5606 1206 5669 ἓως
1243 5604 1333 5657 τοῦ
1368 5604 1580 5668 αἰῶνος.

706 5675 785 5745 t5)
832 5677 893 5727 Ἠ
936 5675 1024 5727 διὰ
1068 5675 1167 5743 τῆς
1212 5676 1580 5745 κινναϐάρεως
1620 5676 1884 5744 περιέχει.
1930 5685 2055 5738 etc.,
2094 5678 2201 5732 ἀπὸ

635 5744 725 5796 τοῦ
752 5744 1052 5799 δωδεκάτου
1085 5744 1291 5813 βαθμοῦ
1334 5746 1423 5796 ἐπὶ
1446 5744 1545 5798 τὸν
1583 5747 2043 5815 τρισκαιδέκατον.
2079 5766 2198 5798 του-

2299 5400 2466 5479 ᾁνιῲν
2500 5402 2813 5479 εὑρίσκεταῇι
2842 5419 2853 5430 ·
2878 5400 3066 5475 ὥσπερ
3099 5405 3206 5479 qua
3223 5406 3314 5459 τοῦ
3335 5400 3760 5479 δωδεκάτουβαθ
3772 5411 3874 5479 μοῦ

2299 5471 2462 5549 ἀνιιὺν
2498 5489 2582 5535 τις
2623 5473 2714 5549 επὶ
2753 5471 3325 5549 τὸν-τρισκαιδέκατον
3366 5471 3697 5549 ὑψηλότερά·
3738 5471 3871 5532 ἁνα-

2302 5542 2573 5621 φαίνεται)
2604 5543 2876 5621 abrupta}
2909 5539 3063 5607 οὗτος
3092 5547 3183 5597 ἐπὶ
3213 5547 3303 5601 τὸν
3341 5539 3562 5617 μείζονα
3592 5539 3872 5621 ᾠωτισμὺν

2296 5610 2390 5664 τοῦ
2424 5610 2620 5684 Κυρίου
2650 5615 3003 5684 ἀναὸέόηκεν.

2368 5684 2441 5745 (ι)
2477 5682 2716 5751 ’Υπακοή

2373 5754 2447 5821 (5)
2480 5752 2706 5822 Ποίησον
2736 5754 2867 5822 ειετᾶ
2900 5754 2987 5803 τοῦ
3025 5754 3266 5824 τιῖιματός
3301 5771 3422 5825 μου.
