4036 6512
160 479 289 532 1219
1063 467 1149 521 DE
1189 468 1465 524 TlTULIS
1504 466 1754 523 PSALW

1792 464 1960 522 BUM.
1993 494 2064 505 —
2097 462 2294 517 PSAL.
2326 462 2569 518 CXXXI.
3250 460 3386 517 1250

215 590 268 645 4.
307 590 368 643 E!
397 588 738 659 ἀναϐήσομαι
761 587 854 639 ἑπὶ
878 586 1063 656 κλίνης
1095 587 1384 657 στρωμνῆς
1413 602 1537 657 μου.
1746 590 1791 645 Α

1440 602 1537 640 ιον.
1746 590 1791 645 Α
1890 581 1939 634 ι.
1985 576 2042 634 Si
2068 580 2364 634 ascendero
2395 579 2448 632 in
2495 579 2692 633 lectum
2720 578 2875 632 strati
2906 576 3034 636 mel.

218 683 275 739 5.
308 684 369 735 Ei
390 680 544 734 δώσω
578 678 743 732 ὕπνον
767 680 879 741 τοῖς
900 677 1195 748 ὀφθαλμοῖς
1230 695 1351 747 μου,

1888 670 1941 723 5.
1986 667 2043 722 Si
2072 670 2269 723 dedero
2306 683 2563 723 somnum
2600 668 2778 723 oculis
2807 668 2964 734 meis,

217 768 271 824 ϐ.
305 769 413 822 Καὶ
434 770 545 831 τοῖς
570 765 859 837 βλεφάροις
888 782 989 837 μου
1010 765 1339 836 νυσταγμὸν,

1896 761 1949 815 6.
1993 759 2058 815 Ει
2104 760 2377 829 palpebris
2413 762 2549 815 meis
2582 760 3054 819 dormitationem.

220 860 273 915 7.
304 861 408 911 Καὶ
431 860 732 912 ἀνάπαυσιν
758 860 867 920 τοῖς
896 857 1187 927 κροτάφοις
1213 875 1313 929 μου
1347 898 1362 923 ,

1303 876 1313 909 ι
1347 898 1362 923 ,
1893 859 1943 913 7.
1982 858 2048 912 Et
2087 859 2331 928 requiem
2365 858 2705 927 temporibus
2740 858 2897 912 meis.

220 950 425 1013 8.Ἕως
455 945 514 1004 οῦ
534 948 679 1019 εὕρω
706 949 867 1001 τόπον
902 948 979 1018 τῷ
1008 950 1228 1021 Κυρίῳ,

1891 949 1945 1005 8.
1986 949 2171 1005 Donec
2205 950 2476 1004 inveniam
2510 951 2689 1004 locum
2728 950 2982 1015 Domino,

218 1041 273 1096 9.
310 1042 579 1112 Σκήνωμα
607 1040 684 1110 τῷ
718 1039 835 1109 Θεῷ
874 1038 1086 1094 Ἰακώϐ.

1899 1044 1951 1097 9.
1997 1041 2431 1097 Tabernaeulnm
2469 1041 2579 1097 Deo
2602 1041 2790 1096 Jacob.

226 1134 315 1188 10.
336 1134 465 1187 Ἰδοὺ
492 1132 803 1202 ἠκούσαμεν
830 1133 998 1203 αὐτὴν
1030 1133 1087 1185 ἑν
1125 1131 1369 1203 Ἐφραθά
1390 1149 1403 1163 ⁸

1892 1132 1977 1187 10,
2020 1132 2156 1188 Ecce
2183 1134 2490 1187 audivimus
2518 1149 2635 1186 eam
2672 1133 2723 1187 in
2757 1131 3032 1201 Ephratha

225 1226 315 1281 11.
349 1226 590 1296 Εὖρομεν
624 1226 791 1295 αὐτὴν
820 1228 875 1277 ὲν
906 1228 1018 1287 τοῖς
1063 1223 1267 1286 πεδίοις
1296 1224 1388 1277 τοῦ
1419 1221 1648 1295 δρυμοῦ.

1430 1221 1648 1295 5ρυμοῦ.
1891 1225 1975 1277 11.
2021 1222 2331 1277 Invenimus
2370 1238 2489 1276 eam
2520 1224 2573 1276 in
2610 1224 2818 1293 campis
2854 1224 3024 1278 Sil\".B.

220 1316 311 1371 12.
344 1316 773 1386 Είσελευσόμεθα
806 1318 885 1379 είς
914 1317 981 1371 τά
1011 1318 1343 1388 σκηνώματα
1374 1316 1537 1370 αὑτοῦ
1561 1333 1575 1346 ⁸

1422 1316 1537 1370 ὅτοῦ
1561 1333 1575 1346 ⁸
1894 1314 1978 1365 1⁸2.
2013 1311 2361 1367 Introibimus
2392 1314 2444 1366 in
2479 1297 2824 1367 tabernacula
2852 1314 2970 1383 ejus
3003 1330 3016 1368 :

222 1410 309 1465 15.
356 1410 809 1480 Προσκυνήσομεν
850 1410 930 1473 εἰς
962 1409 1050 1461 τὸν
1080 1409 1263 1471 τόπον,
1304 1405 1365 1463 οῦ
1404 1408 1636 1480 ἔστησαν
1671 1412 1721 1465 οί

1894 1404 1982 1458 15.
2029 1404 2393 1459 Adorabimus
2433 1405 2488 1458 in
2544 1405 2699 1471 loco,
2761 1405 2852 1459 ubi
2908 1411 3174 1460 steterunt
3228 1403 3392 1474 pedes

151 1502 313 1564 πόδες
344 1500 531 1553 αὑτοῦ.
1823 1496 1963 1566 ejus.

226 1594 313 1648 14.
359 1594 668 1665 ’Δνάστηθι,
700 1593 893 1664 Κύριε,
920 1593 999 1655 εἰς
1026 1593 1121 1663 τὴν
1152 1593 1457 1647 ἀνάπαυτίν
1489 1610 1601 1658 σου,

1444 1613 1457 1646 ρ
1489 1610 1601 1658 σου,
1894 1588 1981 1641 14.
2014 1587 2203 1659 Surge,
2237 1587 2482 1653 Domine,
2516 1589 2568 1643 in
2601 1590 2839 1659 requiem
2871 1599 3038 1653 tuam,

223 1682 313 1736 15.
342 1684 413 1735 Συ
444 1684 537 1736 καὶ
568 1686 599 1753 ἡ
630 1683 859 1745 κιϐωτὸς
887 1682 980 1733 τοῦ
1012 1683 1351 1753 ἀγιάσματός
1382 1670 1495 1736 σου.

1382 1670 1495 1736 άου.
1902 1684 1987 1737 15.
2027 1682 2107 1735 Tu
2135 1692 2187 1737 et
2213 1699 2337 1738 arca
2368 1682 2814 1738 sanctiﬁcationis
2845 1693 2970 1737 ture.

223 1774 311 1828 16.
344 1776 404 1828 Οἱ
443 1778 607 1844 ἱερεῖς
638 1790 728 1827 σου
757 1774 1064 1827 ὲνδύσονται
1091 1773 1455 1843 δικαιοσύνην,

1897 1773 1986 1826 16.
2024 1770 2345 1827 Sacerdotes
2378 1773 2452 1827 tui
2481 1773 2772 1827 inducntur
2798 1773 3086 1842 justitiam,

224 1866 314 1919 17.
346 1866 454 1920 Καὶ
495 1867 544 1919 οἱ
591 1866 724 1918 ὅσιοί
779 1883 873 1919 σου
919 1866 1332 1935 ἀγαλλιάσονται
1382 1865 1720 1939 [ἀγαλλιάσει

1900 1867 1985 1921 t7.
2016 1865 2079 1920 Et
2107 1867 2280 1921 sancti
2308 1867 2384 1920 tui
2414 1866 2761 1921 exsultabunt
2794 1866 3180 1938 [exsultatione
3202 1865 3388 1922 exsul-

151 1954 615 2027 ἀγαλλιάσονται].

470 1954 615 2027 παι).
1756 1957 1796 2011 Β
1826 1957 2064 2029 tabnnt].

224 2044 314 2098 18.
349 2046 571 2098 Ἕνεκεν
606 2045 769 2101 Δαόὶδ
799 2045 891 2100 τοῦ
922 2046 1107 2100 δούλου
1140 2063 1233 2100 σου

1903 2049 1989 2104 18.
2022 2048 2248 2120 Propter
2278 2049 2450 2105 David
2478 2066 2698 2107 servum
2729 2058 2881 2107 tuum

1270 2224 1639 2280 ATIIANASII
1680 2224 2269 2282 INTERPRETATIO.

222 2378 279 2431 ι.
312 2378 374 2431 Ei
402 2379 475 2450 μὴ
510 2380 594 2431 ἐπ’
623 2377 696 2447 (1)
728 2378 955 2447 ἐδάφους
984 2378 1208 2433 ὖπνωσα
1226 2380 1318 2432 τοῦ
1348 2378 1557 2433 λοιποῦ.

1896 2382 1944 2439 1.
1984 2380 2097 2438 Nisi
2126 2382 2180 2437 in
2206 2382 2446 2438 futurum
2480 2384 2630 2439 humi
2667 2399 2920 2440 somnum
2964 2384 3213 2455 capiam:

221 2470 280 2531 5,
310 2469 358 2523 6.
394 2470 454 2521 Εἰ
492 2469 771 2537 παύσομαι
801 2468 1115 2540 ἀγρυπνῶν,
1149 2471 1239 2523 καὶ
1271 2473 1722 2543 προσευχόμενος,

1896 2474 1949 2538 5,
1978 2474 2033 2530 6.
2076 2473 2131 2529 Si
2168 2490 2457 2530 cessavero
2490 2476 2732 2547 vigilare,
2764 2485 2817 2532 et
2851 2492 3030 2543 orare,
3068 2486 3123 2532 et
3147 2476 3394 2532 meditari

152 2558 247 2612 καὶ
275 2555 513 2626 μελετῶν
544 2555 735 2616 νυκτὸς
764 2557 855 2607 καὶ
886 2556 1096 2626 ἡμέρας
1122 2558 1179 2609 ἐν
1218 2555 1296 2624 τῷ
1326 2557 1473 2626 νόμῳ
1504 2574 1617 2611 σου.

958 2556 1096 2626 ,ἐρας
1122 2558 1179 2609 ὲν
1218 2555 1296 2624 τῷ
1326 2557 1473 2626 νόμῳ
1504 2574 1617 2611 σου.
1819 2562 1905 2617 die
1931 2579 1993 2617 ac
2019 2575 2176 2618 nocte
2212 2565 2264 2617 in
2300 2566 2412 2634 lege
2439 2574 2552 2619 tua.

226 2648 281 2701 7.
321 2648 429 2700 Καὶ
450 2649 497 2699 εἰ
525 2646 678 2699 δώσω
704 2646 885 2700 ἄνεσιν
913 2650 978 2718 τῇ
1008 2648 1215 2718 διανοίᾳ
1238 2648 1335 2717 τῆς
1361 2648 1589 2719 καρδίας
1623 2667 1723 2721 μου

1892 2655 1945 2707 7.
1986 2654 2053 2708 Et
2109 2656 2153 2710 si
2203 2655 2403 2710 dedero
2459 2657 2701 2727 requiem
2761 2660 2926 2715 menti
2961 2660 3143 2715 cordis
3186 2659 3290 2715 mei
3344 2660 3397 2716 in

154 2739 287 2808 περὶ
306 2737 376 2790 τά
400 2738 647 2807 νοήματα
670 2738 778 2790 τῶν
812 2738 850 2788 Γ
856 2737 1061 2808 ραςρῶν.

1005 2754 1061 2795 ιν.
1834 2744 2045 2815 Scriptu
2055 2746 2128 2801 ris
2172 2748 2599 2817 perscrutandis.

228 2829 285 2889 8,
315 2830 368 2881 9.
402 2829 542 2891 Ἕως
572 2822 632 2880 οῦ
658 2827 746 2879 διὰ
781 2828 879 2895 τῆς
922 2827 1142 2898 χάριτος
1177 2826 1342 2880 αὐτοῦ
1390 2829 1727 2900 οἰκοδομήσω

1902 2838 1953 2902 8,
1985 2839 2037 2891 9.
2076 2837 2256 2893 Donec
2303 2840 2473 2907 gratia
2518 2848 2605 2893 tua
2655 2840 2933 2895 aediﬁcabo
2978 2854 3064 2895 me
3115 2840 3291 2910 ipsum
3343 2840 3397 2895 in

157 2920 395 2991 ἐμαυτὸν
419 2916 566 2973 οἶκον
594 2917 671 2986 τῷ
701 2917 903 2988 Κυρίῳ,
932 2920 1025 2970 καὶ
1054 2920 1355 2972 ἀνάπαυσιν
1376 2918 1451 2989 τῷ
1478 2918 1597 2988 θεῷ
1618 2920 1725 2972 ὺπ-

1831 2929 2050 2983 domum
2105 2929 2355 2996 Domino,
2391 2940 2445 2985 et
2494 2933 2735 2999 requiem
2774 2930 2885 2986 Deo
2934 2932 3397 2987 auscultationis:

153 3014 327 3082 ακοῆς
372 3012 447 3081 ('2)
476 3027 488 3037 '
536 3008 772 3079 εἴπαμεν
801 3010 931 3081 γὰρ,
976 3009 1190 3064 Ἰακὼϐ
1223 3010 1584 3082 ἑρμηνεύεται
1613 3014 1724 3066 ὐπ-

153 3101 334 3167 ακοή.

1833 3021 2072 3076 diximus
2104 3023 2249 3077 enim
2273 3022 2417 3092 quod
2439 3020 2607 3076 Iacob
2643 3022 3027 3091 interpretatur
3059 3023 3398 3088 auscultatio,

151 3119 334 3157 ακοη.

229 3193 318 3248 10.
347 3192 477 3245 Ἰδοὺ
513 3190 829 3261 ἠκούσαμεν
877 3193 934 3243 ἑν
982 3190 1318 3261 Εὐαγγελίῳ,
1351 3192 1432 3245 ὅτι
1475 3192 1611 3263 αὕτη
1648 3193 1725 3263 (3)

1899 3194 1985 3247 10.
2026 3194 2161 3249 Ecce
2186 3197 2495 3251 audivimus
2527 3198 2579 3251 in
2621 3198 2937 3269 Evangelio,
2987 3200 3132 3270 quod
3166 3202 3279 3255 haec
3319 3209 3398 3255 est

155 3288 309 3341 ἐστὶν
340 3289 372 3357 ή
404 3286 708 3347 ἀνάπαυσις
749 3284 842 3337 τοῦ
882 3282 1052 3347 Θεοῦ,
1103 3284 1230 3335 ὅταν
1274 3300 1355 3346 τις
1401 3283 1625 3353 πωλήσῃ
1665 3284 1732 3336 τὰ

1830 3287 2044 3353 requies
2084 3284 2197 3345 Dei.
2228 3302 2350 3339 cum
2375 3289 2499 3356 quis
2532 3290 2836 3343 vendiderit
2867 3292 3052 3345 omnia
3090 3292 3229 3346 bona
3273 3307 3395 3362 sua,

156 3378 473 3448 ὑπάρχοντα
498 3374 681 3439 αὑτοῦ,
712 3375 808 3427 καὶ
853 3373 927 3445 δῷ
958 3376 1211 3443 πτωχοῖς,
1242 3375 1334 3427 καὶ
1373 3373 1604 3447 ἀπέλθῃ.
1642 3376 1733 3427 καὶ

1830 3385 1885 3428 et
1909 3374 2117 3429 dederit
2164 3378 2511 3446 pauperibus,
2551 3387 2605 3432 et
2638 3378 2887 3440 abiverit,
2931 3388 2985 3431 et
3014 3380 3270 3435 omnibus
3316 3396 3397 3434 re-

156 3468 497 3539 ἀποτάξηται
525 3482 537 3495 ⁸
576 3468 836 3535 Ἐφραθὰ
874 3464 983 3537 γὰρ
1020 3466 1379 3537 ἑρμηνεύεται
1414 3464 1731 3535 παραδιδόνο

1834 3469 2196 3522 nuntiaverit:
2225 3468 2498 3531 Epitratlia
2525 3475 2668 3524 enim
2702 3471 3087 3539 interpretatur
3108 3472 3176 3526 de
3204 3487 3290 3533 eo,
3310 3474 3398 3543 qui

156 3576 247 3622 τος
276 3558 707 3625 καρπωρορίαν.

1834 3558 2034 3626 praebet
2056 3558 2324 3626 fructuum
2353 3558 2660 3613 ubertatem.

234 3652 323 3704 11.
351 3649 598 3719 Εὖρομεν
639 3647 714 3712 (4)
760 3647 859 3717 τὴν
907 3646 1212 3700 ἀνάπαυσιν
1262 3645 1465 3718 ταύτην
1515 3649 1594 3711 εἰς
1636 3649 1735 3719 τὴν

1905 3648 1988 3701 11.
2028 3645 2337 3701 Invenimus
2375 3648 2617 3717 requiem
2662 3649 2801 3705 hanc
2834 3651 2888 3705 in
2945 3667 3149 3717 eremo,
3198 3652 3287 3707 ubi
3320 3663 3404 3709 est

156 3744 389 3815 ἔρημον,
424 3741 554 3794 ἔνθα
584 3740 645 3793 τὸ
673 3739 874 3809 πλῆθός
916 3741 1031 3793 ἐστι
1066 3739 1174 3791 τῶν
1205 3738 1414 3810 ἀνδρῶν
1441 3739 1547 3792 τῶν
1582 3742 1732 3809 ἐχόν-

1836 3738 2129 3793 multitudo
2159 3739 2402 3793 virorum
2451 3740 2769 3794 habentium
2816 3743 2980 3796 corda
3028 3759 3127 3797 sua
3165 3758 3403 3813 expansa

157 3851 269 3888 των
296 3832 623 3904 ήπλωμένας
648 3831 745 3894 τὰς
789 3830 1012 3902 καρδίας
1058 3829 1193 3902 πρὸς
1222 3830 1313 3883 τὸν
1353 3829 1514 3885 Θεόν·
1546 3830 1700 3903 δῆλον
1719 3871 1736 3897 ,

1837 3830 1904 3883 ad
1944 3831 2109 3886 Deum
2158 3829 2531 3898 (manifestum
2569 3840 2686 3897 est,
2719 3832 2867 3903 quod
2906 3833 3205 3890 monachos
3230 3836 3402 3905 signi-

158 3928 289 3991 τους
328 3926 593 3998 μοναχοὺς
623 3925 790 3992 λέγει,

413 3926 593 3996 ιαχοὺς
623 3925 790 3992 λέγει,
1839 3923 2007 3988 licet).

236 4018 327 4071 12.
360 4018 792 4087 Εἰσελευσόμεθα
819 4018 898 4079 είς
916 4015 984 4069 τά
1008 4016 1341 4087 μοναστήρια
1368 4015 1501 4088 πρὸς
1527 4017 1587 4069 τὸ
1610 4017 1742 4069 ἀπορ

1914 4014 1999 4067 12.
2034 4012 2383 4069 Introibimus
2425 4029 2481 4069 In
2516 4018 2848 4072 monasteria
2887 4018 2953 4073 ad
2985 4021 3404 4077 renuntiandum

160 4112 451 4180 τάξασθαι.

1843 4106 2055 4159 mundo.

236 4206 329 4259 15.
384 4203 486 4255 Τὸν
549 4200 780 4273 σταυρὸν
837 4199 1001 4255 αὐτοῦ
1061 4200 1508 4272 προσκυνήσομεν
1537 4239 1553 4265 ,
1618 4198 1745 4253 ἔνθα

1916 4198 2003 4253 15.
2037 4196 2267 4254 Crucem
2313 4200 2432 4270 ejus
2459 4200 2845 4267 adorabimus,
2894 4203 2984 4258 ubi
3030 4204 3229 4260 conﬁxi
3278 4219 3404 4262 sunt

163 4299 457 4368 ἑπάγησαν
485 4298 531 4348 oi
560 4295 715 4358 πόδες
737 4293 924 4347 αὑτοῦ.

578 4295 715 4358 τόδες
737 4293 924 4347 αὑτοῦ.
1844 4291 2006 4361 pedes
2035 4290 2172 4360 ejus.

235 4389 330 4443 14.
364 4386 760 4460 Προσεύχονται
796 4386 845 4438 οἱ
879 4385 1169 4455 ἡγούμενοι
1198 4385 1338 4457 ὑπὲρ
1364 4384 1471 4438 τῶν
1506 4385 1743 4438 άποτασ-
1776 4454 1809 4461 Α

1918 4384 2003 4437 14.
2042 4383 2212 4438 Orant
2258 4385 2515 4453 praesides
2566 4388 2958 4441 monachorum
3008 4404 3107 4458 pro
3165 4389 3268 4456 iis,
3316 4394 3409 4461 qui

167 4454 436 4553 σομένων,
485 4454 763 4546 λέγοντες·
807 4454 984 4541 Ἐλ6ὲ,
1024 4454 1225 4547 Κύριε,
1275 4454 1353 4541 είς
1394 4476 1491 4547 τὴν
1519 4476 1743 4547 καρδίαν

1814 4469 2041 4531 “mundo
2088 4479 2496 4542 renuntiarunt,
2533 4477 2772 4534 dicentes
2817 4495 2830 4531 :
2864 4479 3031 4543 Veni,
3070 4480 3317 4549 Domine,
3355 4484 3408 4536 in

162 4576 375 4629 τούτων
398 4572 505 4626 τῶν
529 4571 627 4643 τὴν
656 4570 957 4625 ἀνάπαυσίν
983 4587 1076 4623 σου
1108 4570 1399 4623 τελούντων
1433 4570 1535 4640 (5).

1477 4570 1535 4635 ἰ).
1847 4585 1940 4627 cor
1974 4573 2222 4633 istorum,
2253 4569 2345 4639 qui
2372 4570 2614 4639 requiem
2646 4580 2793 4623 tuam
2816 4569 3071 4625 efﬁciunt.

240 4664 335 4719 15.
366 4664 440 4716 Σὺ
473 4661 615 4727 me,
649 4662 744 4715 καὶ
772 4663 805 4733 ἡ
838 4662 992 4733 χάρις
1022 4677 1124 4728 σου
1162 4662 1257 4714 συν
1299 4662 1410 4723 τοῖς
1447 4659 1622 4728 άγίοις
1654 4676 1746 4711 σου

1922 4660 2006 4714 15.
2042 4659 2173 4714 Veni
2210 4668 2299 4724 tu,
2344 4670 2398 4714 et
2429 4660 2598 4730 gratia
2634 4670 2725 4715 tua
2757 4677 2881 4716 cum
2922 4662 3178 4717 omnibus
3210 4663 3412 4718 sanctis

167 4760 362 4813 πᾶσιν.
1847 4753 1975 4807 tuis.

243 4848 335 4903 16.
378 4848 566 4917 Ἡμεῖς
599 4846 648 4899 oi
701 4846 862 4917 ἱερεῖς
895 4862 988 4898 σου
1038 4842 1370 4915 ἑνδυσόμεθα
1410 4842 1486 4915 (6)
1530 4840 1619 4896 διὰ
1651 4842 1750 4913 τῆς

1920 4845 2010 4900 18.
2040 4844 2151 4901 Nos
2180 4846 2492 4902 sacerdotes
2541 4846 2616 4901 tui
2650 4844 2939 4901 induemur
2978 4861 3075 4915 per
3108 4846 3414 4902 doctrinam

168 4942 519 5006 διδασκαλίας
550 4941 770 5004 τούτους
789 4941 915 5004 τοὺς
935 4940 1033 5010 τῆς
1063 4938 1407 5008 δικαιοσύνης
1440 4937 1608 5001 υἱούς.

755 4941 915 5004 ςτοὺς
935 4940 1033 5010 τῆς
1063 4938 1407 5008 δικαιοσύνης
1440 4937 1608 5001 υἱούς.
1852 4937 1937 4992 his
1958 4939 2180 5008 justithe
2207 4940 2349 4992 (iliis.

244 5036 337 5090 17.
371 5037 480 5088 Καὶ
524 5035 724 5097 πάντες
760 5035 807 5086 οἱ
837 5032 1055 5101 ἄγγελοί
1090 5048 1183 5084 σου
1215 5031 1310 5084 καὶ
1348 5032 1494 5083 πᾶσα
1528 5032 1560 5099 ἡ
1595 5028 1748 5081 ἀδελ-

1926 5029 2012 5083 17.
2042 5029 2109 5083 Ει
2154 5045 2345 5083 omnes
2393 5029 2567 5099 angeli
2619 5030 2717 5096 tui,
2773 5040 2827 5084 et
2873 5030 3051 5085 omnis
3103 5028 3414 5083 fraternitas

172 5130 350 5200 φότης
397 5128 809 5195 ἀγαλλιάσονται
844 5127 937 5179 ἐπὶ
979 5128 1045 5197 τῇ
1089 5125 1338 5194 ἀποταγῇ
1390 5121 1596 5174 τούτων
1643 5120 1751 5173 τῶν

1848 5121 2198 5175 exsultabunt
2225 5122 2277 5174 in
2309 5123 2707 5177 renuntiationc
2733 5140 2821 5177 seu
2843 5122 3165 5192 professione
3199 5122 3414 5186 borum,

173 5220 573 5292 προελθόντων.

1850 5213 1941 5282 qui
1974 5214 2045 5265 ad
2076 5215 2422 5267 monasticam
2455 5216 2614 5268 vitam
2644 5224 2923 5269 venerunt.

248 5310 342 5365 18.
388 5310 485 5363 Διά
529 5309 621 5362 τὸν
664 5308 822 5381 χορὸν
866 5310 955 5362 τὸν
997 5308 1375 5379 πεπυοημένον
1427 5308 1535 5361 τῶν
1586 5306 1755 5374 ἁγίων

1923 5305 2009 5357 18.
2044 5304 2269 5374 Propter
2300 5306 2531 5360 chorum
2562 5307 2926 5361 desideratum
2955 5314 3268 5361 sanctorum
3304 5315 3400 5362 tuo

177 5419 276 5455 σου
297 5416 312 5430 ⁸
343 5394 521 5455 Δαϐὶδ
546 5401 653 5473 γὰρ
687 5400 1044 5473 ἑρμηνεύεται
1074 5398 1507 5469 πεποθημένος.

1852 5412 1974 5449 rum
2010 5414 2025 5451 :
2060 5395 2228 5448 David
2255 5399 2398 5450 enim
2431 5398 2816 5470 interpretatur
2844 5399 3192 5451 desideratus.

1129 5535 1434 5599 Addenda
1465 5545 1525 5597 et
1574 5531 1949 5611 corrigenda
1986 5548 2064 5592 ex
2097 5531 2238 5592 cod.
2272 5531 2474 5593 Vatic.

249 5669 331 5739 (1)
371 5667 490 5721 Ἐπ’
521 5668 691 5723 deest.

254 5740 337 5809 (2)
366 5739 475 5809 Τῆς
499 5740 742 5808 ὑπακοῆς
765 5753 776 5765 ⁸
805 5735 1037 5808 εἴπαμεν
1063 5735 1191 5808 γάρ,
1214 5736 1295 5789 ὅτι
1321 5731 1540 5797 Ἰακώῦ,
1564 5738 1663 5785 ρῑοη

1576 5738 1663 5785 τις
1855 5666 2004 5809 “iii
2046 5726 2533 5809 ῖιεκςελφύνῖωνο.
2701 5798 2725 5809 -
2874 5797 2898 5809 -
3022 5799 3033 5809 .
3146 5796 3170 5809 η

278 5751 337 5805 ’2)
366 5751 475 5809 ’[ης
499 5751 742 5808 υπακοης
765 5753 776 5765 ¹
805 5751 1037 5808 ειπαμεν
1063 5751 1191 5808 γαρ,
1214 5752 1295 5789 οτι
1326 5751 1540 5797 ἰακωο,
1564 5751 1663 5785 (Ξῑο
1927 5751 2004 5800 to)
2067 5751 2459 5781 LXTEAOUWOJV.
3146 5796 3171 5809 ~

252 5751 334 5881 ἑᾷ)
362 5809 617 5881 Ῑοιαύτη,
640 5820 742 5862 etc.
922 5876 931 5881 _
1045 5878 1055 5881 _
1140 5876 1164 5881 Δ
1206 5875 1217 5881 _
1313 5878 1326 5881 _
1466 5871 1479 5881 Α
1672 5870 1683 5881 ,
1918 5798 2406 5881 φλᾜνδυσόμεθα
2447 5797 2664 5863 τούτους
2695 5798 2743 5853 δ.
2786 5815 2838 5853 τ.
2869 5797 2915 5855 δ.
2956 5799 3080 5863 τοὺς
3114 5813 3210 5867 της
3241 5794 3291 5852 δ.
3319 5794 3417 5852 αὖ·

256 5869 337 5950 it)
366 5869 642 5951 Εύραμέν,
670 5889 796 5944 etc.,
844 5876 977 5948 πρὸς
1011 5878 1101 5931 τὸν
1132 5875 1283 5942 Θεὸν,
1307 5871 1572 5928 ’τουτέστι
1595 5870 1741 5935 τούς.
1853 5869 1946 5921 τοῦ
1980 5869 2146 5932 υἱούς.
