  <div class='ocr_page' id='page_1' title='image "/cluster/home/n/w/nwhite01/storage/ocr_20150623/27/ien.35556001660521/637.png"; bbox 0 0 4036 6424; ppageno 0'>
   <div class='ocr_carea' id='block_1_1' title="bbox 643 345 3893 414">
    <p class='ocr_par' dir='ltr' id='par_1_1' title="bbox 643 345 3893 414">
     <span class='ocr_line' id='line_1_1' title="bbox 643 345 3893 414; baseline 0.003 -14"><span class='ocrx_word' id='word_1_1' title='bbox 643 345 776 400; x_wconf 80' lang='grc'>1251</span> <span class='ocrx_word' id='word_1_2' title='bbox 1492 347 1548 405; x_wconf 87' lang='lat' dir='ltr'><strong>S.</strong></span> <span class='ocrx_word' id='word_1_3' title='bbox 1588 349 1958 406; x_wconf 75' lang='lat' dir='ltr'><strong>ATHANASII</strong></span> <span class='ocrx_word' id='word_1_4' title='bbox 2001 353 2150 409; x_wconf 86' lang='lat' dir='ltr'><strong>OPP.</strong></span> <span class='ocrx_word' id='word_1_5' title='bbox 2194 353 2373 411; x_wconf 82' lang='lat' dir='ltr'><strong>PARS</strong></span> <span class='ocrx_word' id='word_1_6' title='bbox 2413 355 2497 412; x_wconf 88' lang='lat' dir='ltr'><strong>Ill.</strong></span> <span class='ocrx_word' id='word_1_7' title='bbox 2539 387 2606 398; x_wconf 92' lang='lat'><strong>-—-</strong></span> <span class='ocrx_word' id='word_1_8' title='bbox 2648 356 3055 414; x_wconf 74' lang='lat' dir='ltr'><strong>EXEGETICA.</strong></span> <span class='ocrx_word' id='word_1_9' title='bbox 3755 358 3893 411; x_wconf 81' lang='grc'>1252</span> 
     </span>
    </p>
   </div>
   <div class='ocr_carea' id='block_1_2' title="bbox 711 467 2305 555">
    <p class='ocr_par' dir='ltr' id='par_1_2' title="bbox 711 467 2278 542">
     <span class='ocr_line' id='line_1_2' title="bbox 711 467 2278 542; baseline 0.008 -17"><span class='ocrx_word' id='word_1_10' title='bbox 711 471 796 527; x_wconf 77' lang='grc'><strong>19.</strong></span> <span class='ocrx_word' id='word_1_11' title='bbox 829 467 950 526; x_wconf 79' lang='lat' dir='ltr'><strong>Non</strong></span> <span class='ocrx_word' id='word_1_12' title='bbox 983 483 1193 527; x_wconf 84' lang='lat' dir='ltr'><strong>avertas</strong></span> <span class='ocrx_word' id='word_1_13' title='bbox 1223 471 1414 527; x_wconf 82' lang='lat' dir='ltr'><strong>faciem</strong></span> <span class='ocrx_word' id='word_1_14' title='bbox 1444 473 1646 530; x_wconf 88' lang='lat' dir='ltr'><strong>Christi</strong></span> <span class='ocrx_word' id='word_1_15' title='bbox 1677 480 1782 534; x_wconf 93' lang='lat' dir='ltr'><strong>tui.</strong></span> <span class='ocrx_word' id='word_1_16' title='bbox 2231 487 2278 542; x_wconf 79' lang='grc' dir='ltr'><strong>Α</strong></span> 
     </span>
    </p>
   </div>
   <div class='ocr_carea' id='block_1_3' title="bbox 2294 467 3888 555">
    <p class='ocr_par' dir='ltr' id='par_1_3' title="bbox 2376 476 3888 555">
     <span class='ocr_line' id='line_1_3' title="bbox 2376 476 3888 555; baseline -0.003 -21"><span class='ocrx_word' id='word_1_17' title='bbox 2376 481 2460 536; x_wconf 83' lang='grc'>19.</span> <span class='ocrx_word' id='word_1_18' title='bbox 2485 483 2575 554; x_wconf 79' lang='grc' dir='ltr'><strong>Μὴ</strong></span> <span class='ocrx_word' id='word_1_19' title='bbox 2601 483 2950 555; x_wconf 75' lang='grc' dir='ltr'>ἀποστρέψῃς</span> <span class='ocrx_word' id='word_1_20' title='bbox 2977 483 3037 535; x_wconf 83' lang='grc' dir='ltr'>τὺ</span> <span class='ocrx_word' id='word_1_21' title='bbox 3063 482 3349 550; x_wconf 83' lang='grc' dir='ltr'>πρόσωπον</span> <span class='ocrx_word' id='word_1_22' title='bbox 3373 478 3469 533; x_wconf 76' lang='grc' dir='ltr'>τοῦ</span> <span class='ocrx_word' id='word_1_23' title='bbox 3495 476 3743 550; x_wconf 80' lang='grc' dir='ltr'><strong>Χριστοῦ</strong></span> <span class='ocrx_word' id='word_1_24' title='bbox 3778 494 3888 530; x_wconf 79' lang='grc' dir='ltr'>σοι..</span> 
     </span>
    </p>
   </div>
   <div class='ocr_carea' id='block_1_4' title="bbox 707 562 2301 644">
    <p class='ocr_par' dir='ltr' id='par_1_4' title="bbox 707 562 1852 634">
     <span class='ocr_line' id='line_1_4' title="bbox 707 562 1852 634; baseline 0.007 -17"><span class='ocrx_word' id='word_1_25' title='bbox 707 562 798 618; x_wconf 90' lang='grc'>20.</span> <span class='ocrx_word' id='word_1_26' title='bbox 825 562 1036 619; x_wconf 83' lang='lat' dir='ltr'><strong>Jnravit</strong></span> <span class='ocrx_word' id='word_1_27' title='bbox 1061 565 1322 621; x_wconf 89' lang='lat' dir='ltr'><strong>Dominus</strong></span> <span class='ocrx_word' id='word_1_28' title='bbox 1351 567 1516 622; x_wconf 81' lang='lat' dir='ltr'><strong>David</strong></span> <span class='ocrx_word' id='word_1_29' title='bbox 1549 569 1852 634; x_wconf 84' lang='lat' dir='ltr'><strong>veritatem.</strong></span> 
     </span>
    </p>
   </div>
   <div class='ocr_carea' id='block_1_5' title="bbox 1949 562 3543 644">
    <p class='ocr_par' dir='ltr' id='par_1_5' title="bbox 2384 571 3543 644">
     <span class='ocr_line' id='line_1_5' title="bbox 2384 571 3543 644; baseline -0.003 -18"><span class='ocrx_word' id='word_1_30' title='bbox 2384 573 2471 626; x_wconf 87' lang='lat'><strong>20.</strong></span> <span class='ocrx_word' id='word_1_31' title='bbox 2503 575 2705 644; x_wconf 81' lang='grc' dir='ltr'>Ὠμοσε</span> <span class='ocrx_word' id='word_1_32' title='bbox 2740 575 2940 644; x_wconf 86' lang='grc' dir='ltr'>Κύριος</span> <span class='ocrx_word' id='word_1_33' title='bbox 2972 575 3048 644; x_wconf 82' lang='grc' dir='ltr'>τῷ</span> <span class='ocrx_word' id='word_1_34' title='bbox 3077 573 3236 626; x_wconf 71' lang='grc' dir='ltr'>Δαϐιδ</span> <span class='ocrx_word' id='word_1_35' title='bbox 3265 571 3543 641; x_wconf 79' lang='grc' dir='ltr'>ἀλήθειαν,</span> 
     </span>
    </p>
   </div>
   <div class='ocr_carea' id='block_1_6' title="bbox 709 654 2303 736">
    <p class='ocr_par' dir='ltr' id='par_1_6' title="bbox 709 654 1821 733">
     <span class='ocr_line' id='line_1_6' title="bbox 709 654 1821 733; baseline 0.01 -28"><span class='ocrx_word' id='word_1_36' title='bbox 709 655 796 706; x_wconf 87' lang='grc'><strong>21.</strong></span> <span class='ocrx_word' id='word_1_37' title='bbox 835 654 897 708; x_wconf 90' lang='lat' dir='ltr'><strong>Et</strong></span> <span class='ocrx_word' id='word_1_38' title='bbox 926 672 1031 709; x_wconf 92' lang='lat' dir='ltr'><strong>non</strong></span> <span class='ocrx_word' id='word_1_39' title='bbox 1071 657 1420 712; x_wconf 79' lang='lat' dir='ltr'><strong>frustrabitur</strong></span> <span class='ocrx_word' id='word_1_40' title='bbox 1445 675 1562 713; x_wconf 91' lang='lat' dir='ltr'><strong>eam</strong></span> <span class='ocrx_word' id='word_1_41' title='bbox 1593 661 1766 733; x_wconf 90' lang='lat' dir='ltr'><strong>[eum]</strong></span> <span class='ocrx_word' id='word_1_42' title='bbox 1808 682 1821 716; x_wconf 86' lang='lat'>:</span> 
     </span>
    </p>
   </div>
   <div class='ocr_carea' id='block_1_7' title="bbox 1937 654 3531 736">
    <p class='ocr_par' dir='ltr' id='par_1_7' title="bbox 2381 661 3531 736">
     <span class='ocr_line' id='line_1_7' title="bbox 2381 661 3531 736; baseline -0.003 -20"><span class='ocrx_word' id='word_1_43' title='bbox 2381 665 2468 716; x_wconf 86' lang='grc'><strong>21.</strong></span> <span class='ocrx_word' id='word_1_44' title='bbox 2497 666 2607 716; x_wconf 77' lang='grc' dir='ltr'><strong>Καὶ</strong></span> <span class='ocrx_word' id='word_1_45' title='bbox 2637 667 2696 717; x_wconf 83' lang='grc' dir='ltr'>οὺ</span> <span class='ocrx_word' id='word_1_46' title='bbox 2729 665 2803 736; x_wconf 84' lang='grc' dir='ltr'>μὴ</span> <span class='ocrx_word' id='word_1_47' title='bbox 2830 665 3079 734; x_wconf 81' lang='grc' dir='ltr'>ἀθετήσει</span> <span class='ocrx_word' id='word_1_48' title='bbox 3106 666 3274 734; x_wconf 74' lang='grc' dir='ltr'>αὐτὴν</span> <span class='ocrx_word' id='word_1_49' title='bbox 3302 661 3531 733; x_wconf 73' lang='grc' dir='ltr'><strong>[αὑτόν]-</strong></span> 
     </span>
    </p>
   </div>
   <div class='ocr_carea' id='block_1_8' title="bbox 709 746 2303 827">
    <p class='ocr_par' dir='ltr' id='par_1_8' title="bbox 709 746 2206 823">
     <span class='ocr_line' id='line_1_8' title="bbox 709 746 2206 823; baseline 0.007 -24"><span class='ocrx_word' id='word_1_50' title='bbox 709 747 797 799; x_wconf 89' lang='grc'><strong>22.</strong></span> <span class='ocrx_word' id='word_1_51' title='bbox 830 746 906 802; x_wconf 92' lang='lat' dir='ltr'><strong>De</strong></span> <span class='ocrx_word' id='word_1_52' title='bbox 954 749 1133 802; x_wconf 78' lang='lat' dir='ltr'><strong>fructu</strong></span> <span class='ocrx_word' id='word_1_53' title='bbox 1186 753 1388 808; x_wconf 81' lang='lat' dir='ltr'><strong>ventris</strong></span> <span class='ocrx_word' id='word_1_54' title='bbox 1436 753 1516 807; x_wconf 88' lang='lat' dir='ltr'><strong>tui</strong></span> <span class='ocrx_word' id='word_1_55' title='bbox 1562 769 1760 822; x_wconf 89' lang='lat' dir='ltr'><strong>ponam</strong></span> <span class='ocrx_word' id='word_1_56' title='bbox 1813 770 1972 823; x_wconf 88' lang='lat' dir='ltr'><strong>super</strong></span> <span class='ocrx_word' id='word_1_57' title='bbox 2023 756 2206 810; x_wconf 88' lang='lat' dir='ltr'><strong>sedem</strong></span> 
     </span>
    </p>
   </div>
   <div class='ocr_carea' id='block_1_9' title="bbox 2293 746 3887 827">
    <p class='ocr_par' dir='ltr' id='par_1_9' title="bbox 2380 749 3887 827">
     <span class='ocr_line' id='line_1_9' title="bbox 2380 749 3887 827; baseline -0.005 -17"><span class='ocrx_word' id='word_1_58' title='bbox 2380 757 2468 810; x_wconf 86' lang='lat'><strong>22.</strong></span> <span class='ocrx_word' id='word_1_59' title='bbox 2513 759 2606 810; x_wconf 88' lang='grc' dir='ltr'>Ἐκ</span> <span class='ocrx_word' id='word_1_60' title='bbox 2635 757 2846 827; x_wconf 83' lang='grc' dir='ltr'><strong>καρποῦ</strong></span> <span class='ocrx_word' id='word_1_61' title='bbox 2892 758 2990 827; x_wconf 82' lang='grc' dir='ltr'>τῆς</span> <span class='ocrx_word' id='word_1_62' title='bbox 3030 756 3234 818; x_wconf 79' lang='grc' dir='ltr'><strong>κοιλίας</strong></span> <span class='ocrx_word' id='word_1_63' title='bbox 3271 772 3362 808; x_wconf 83' lang='grc' dir='ltr'><strong>σου</strong></span> <span class='ocrx_word' id='word_1_64' title='bbox 3397 754 3637 825; x_wconf 83' lang='grc' dir='ltr'>Θήσομαι</span> <span class='ocrx_word' id='word_1_65' title='bbox 3670 751 3768 805; x_wconf 77' lang='grc' dir='ltr'><strong>ἐπὶ</strong></span> <span class='ocrx_word' id='word_1_66' title='bbox 3801 749 3887 804; x_wconf 74' lang='grc' dir='ltr'>τοῦ</span> 
     </span>
    </p>
   </div>
   <div class='ocr_carea' id='block_1_10' title="bbox 638 845 2232 920">
    <p class='ocr_par' dir='ltr' id='par_1_10' title="bbox 638 845 808 892">
     <span class='ocr_line' id='line_1_10' title="bbox 638 845 808 892; baseline 0.006 -1"><span class='ocrx_word' id='word_1_67' title='bbox 638 845 808 892; x_wconf 85' lang='lat' dir='ltr'><strong>tuam.</strong></span> 
     </span>
    </p>
   </div>
   <div class='ocr_carea' id='block_1_11' title="bbox 1043 845 2637 920">
    <p class='ocr_par' dir='ltr' id='par_1_11' title="bbox 2313 848 2637 920">
     <span class='ocr_line' id='line_1_11' title="bbox 2313 848 2637 920; baseline 0.003 -20"><span class='ocrx_word' id='word_1_68' title='bbox 2313 848 2496 920; x_wconf 84' lang='grc' dir='ltr'>Θρόνου</span> <span class='ocrx_word' id='word_1_69' title='bbox 2525 868 2637 902; x_wconf 89' lang='grc' dir='ltr'>σου.</span> 
     </span>
    </p>
   </div>
   <div class='ocr_carea' id='block_1_12' title="bbox 704 929 2298 1008">
    <p class='ocr_par' dir='ltr' id='par_1_12' title="bbox 704 929 2162 1001">
     <span class='ocr_line' id='line_1_12' title="bbox 704 929 2162 1001; baseline 0.006 -19"><span class='ocrx_word' id='word_1_70' title='bbox 704 931 795 982; x_wconf 86' lang='grc'><strong>25.</strong></span> <span class='ocrx_word' id='word_1_71' title='bbox 829 929 884 983; x_wconf 91' lang='lat' dir='ltr'><strong>Si</strong></span> <span class='ocrx_word' id='word_1_72' title='bbox 916 931 1264 985; x_wconf 86' lang='lat' dir='ltr'><strong>custodierint</strong></span> <span class='ocrx_word' id='word_1_73' title='bbox 1305 932 1397 986; x_wconf 76' lang='lat' dir='ltr'><strong>lilii</strong></span> <span class='ocrx_word' id='word_1_74' title='bbox 1440 933 1517 986; x_wconf 92' lang='lat' dir='ltr'><strong>tui</strong></span> <span class='ocrx_word' id='word_1_75' title='bbox 1549 942 1926 988; x_wconf 85' lang='lat' dir='ltr'><strong>testamentum</strong></span> <span class='ocrx_word' id='word_1_76' title='bbox 1963 951 2162 1001; x_wconf 90' lang='lat' dir='ltr'><strong>meum,</strong></span> 
     </span>
    </p>
   </div>
   <div class='ocr_carea' id='block_1_13' title="bbox 2291 929 3885 1008">
    <p class='ocr_par' dir='ltr' id='par_1_13' title="bbox 2379 936 3885 1008">
     <span class='ocr_line' id='line_1_13' title="bbox 2379 936 3885 1008; baseline -0.001 -16"><span class='ocrx_word' id='word_1_77' title='bbox 2379 940 2466 992; x_wconf 87' lang='grc'><strong>25.</strong></span> <span class='ocrx_word' id='word_1_78' title='bbox 2502 941 2624 992; x_wconf 76' lang='grc' dir='ltr'>Ἐὰν</span> <span class='ocrx_word' id='word_1_79' title='bbox 2655 940 3061 1008; x_wconf 85' lang='grc' dir='ltr'>φυλάξωνταιοὶ</span> <span class='ocrx_word' id='word_1_80' title='bbox 3086 940 3188 991; x_wconf 87' lang='grc' dir='ltr'>υἱοί</span> <span class='ocrx_word' id='word_1_81' title='bbox 3217 954 3305 992; x_wconf 82' lang='grc' dir='ltr'><strong>σου</strong></span> <span class='ocrx_word' id='word_1_82' title='bbox 3341 939 3436 1008; x_wconf 75' lang='grc' dir='ltr'><strong>τὴν</strong></span> <span class='ocrx_word' id='word_1_83' title='bbox 3461 936 3740 1005; x_wconf 70' lang='grc' dir='ltr'>διαθήκην</span> <span class='ocrx_word' id='word_1_84' title='bbox 3774 953 3885 1003; x_wconf 76' lang='grc' dir='ltr'>μου.</span> 
     </span>
    </p>
   </div>
   <div class='ocr_carea' id='block_1_14' title="bbox 705 1022 2299 1101">
    <p class='ocr_par' dir='ltr' id='par_1_14' title="bbox 705 1022 2074 1094">
     <span class='ocr_line' id='line_1_14' title="bbox 705 1022 2074 1094; baseline 0.005 -18"><span class='ocrx_word' id='word_1_85' title='bbox 705 1023 795 1076; x_wconf 70' lang='grc'>24.</span> <span class='ocrx_word' id='word_1_86' title='bbox 829 1022 893 1076; x_wconf 86' lang='lat' dir='ltr'><strong>Et</strong></span> <span class='ocrx_word' id='word_1_87' title='bbox 925 1025 1229 1078; x_wconf 87' lang='lat' dir='ltr'><strong>testimonia</strong></span> <span class='ocrx_word' id='word_1_88' title='bbox 1261 1041 1380 1078; x_wconf 91' lang='lat' dir='ltr'><strong>mea</strong></span> <span class='ocrx_word' id='word_1_89' title='bbox 1415 1029 1549 1088; x_wconf 72' lang='lat' dir='ltr'><strong>haec,</strong></span> <span class='ocrx_word' id='word_1_90' title='bbox 1581 1042 1700 1094; x_wconf 71' lang='lat' dir='ltr'><strong>quae</strong></span> <span class='ocrx_word' id='word_1_91' title='bbox 1723 1028 1925 1081; x_wconf 87' lang='lat' dir='ltr'><strong>docebo</strong></span> <span class='ocrx_word' id='word_1_92' title='bbox 1957 1045 2074 1094; x_wconf 90' lang='lat' dir='ltr'><strong>eos,</strong></span> 
     </span>
    </p>
   </div>
   <div class='ocr_carea' id='block_1_15' title="bbox 2291 1022 3885 1101">
    <p class='ocr_par' dir='ltr' id='par_1_15' title="bbox 2377 1025 3885 1101">
     <span class='ocr_line' id='line_1_15' title="bbox 2377 1025 3885 1101; baseline -0.003 -19"><span class='ocrx_word' id='word_1_93' title='bbox 2377 1030 2465 1083; x_wconf 71' lang='grc'><strong>24.</strong></span> <span class='ocrx_word' id='word_1_94' title='bbox 2499 1031 2605 1082; x_wconf 76' lang='grc' dir='ltr'><strong>Καὶ</strong></span> <span class='ocrx_word' id='word_1_95' title='bbox 2631 1031 2695 1082; x_wconf 78' lang='grc' dir='ltr'>τὰ</span> <span class='ocrx_word' id='word_1_96' title='bbox 2730 1031 3003 1101; x_wconf 77' lang='grc' dir='ltr'>μαρτύριά</span> <span class='ocrx_word' id='word_1_97' title='bbox 3037 1047 3134 1099; x_wconf 84' lang='grc' dir='ltr'><strong>μου</strong></span> <span class='ocrx_word' id='word_1_98' title='bbox 3168 1029 3354 1086; x_wconf 74' lang='grc' dir='ltr'>ταῦτα,</span> <span class='ocrx_word' id='word_1_99' title='bbox 3381 1028 3414 1080; x_wconf 77' lang='grc' dir='ltr'>ὃ.</span> <span class='ocrx_word' id='word_1_100' title='bbox 3437 1026 3640 1088; x_wconf 75' lang='grc' dir='ltr'>διδάξω</span> <span class='ocrx_word' id='word_1_101' title='bbox 3672 1025 3885 1082; x_wconf 53' lang='grc' dir='ltr'>αὐτοις.</span> 
     </span>
    </p>
   </div>
   <div class='ocr_carea' id='block_1_16' title="bbox 705 1112 2299 1185">
    <p class='ocr_par' dir='ltr' id='par_1_16' title="bbox 705 1112 2204 1185">
     <span class='ocr_line' id='line_1_16' title="bbox 705 1112 2204 1185; baseline 0.006 -20"><span class='ocrx_word' id='word_1_102' title='bbox 705 1112 795 1168; x_wconf 86' lang='grc'><strong>25.</strong></span> <span class='ocrx_word' id='word_1_103' title='bbox 832 1113 896 1168; x_wconf 86' lang='lat' dir='ltr'><strong>Et</strong></span> <span class='ocrx_word' id='word_1_104' title='bbox 938 1115 1030 1168; x_wconf 89' lang='lat' dir='ltr'><strong>lilii</strong></span> <span class='ocrx_word' id='word_1_105' title='bbox 1079 1130 1269 1169; x_wconf 89' lang='lat' dir='ltr'><strong>eorum</strong></span> <span class='ocrx_word' id='word_1_106' title='bbox 1318 1131 1491 1185; x_wconf 89' lang='lat' dir='ltr'><strong>usque</strong></span> <span class='ocrx_word' id='word_1_107' title='bbox 1539 1117 1590 1169; x_wconf 91' lang='lat' dir='ltr'><strong>in</strong></span> <span class='ocrx_word' id='word_1_108' title='bbox 1643 1119 1900 1172; x_wconf 72' lang='lat' dir='ltr'><strong>szeculum</strong></span> <span class='ocrx_word' id='word_1_109' title='bbox 1942 1120 2204 1174; x_wconf 84' lang='lat' dir='ltr'><strong>sedebunt</strong></span> 
     </span>
    </p>
   </div>
   <div class='ocr_carea' id='block_1_17' title="bbox 2292 1112 3886 1185">
    <p class='ocr_par' dir='ltr' id='par_1_17' title="bbox 2377 1113 3886 1180">
     <span class='ocr_line' id='line_1_17' title="bbox 2377 1113 3886 1180; baseline -0.004 -12"><span class='ocrx_word' id='word_1_110' title='bbox 2377 1116 2464 1170; x_wconf 79' lang='grc'><strong>25.</strong></span> <span class='ocrx_word' id='word_1_111' title='bbox 2499 1118 2607 1169; x_wconf 79' lang='grc' dir='ltr'>Καὶ</span> <span class='ocrx_word' id='word_1_112' title='bbox 2651 1121 2698 1170; x_wconf 90' lang='grc' dir='ltr'>οἱ</span> <span class='ocrx_word' id='word_1_113' title='bbox 2741 1120 2845 1170; x_wconf 76' lang='grc' dir='ltr'>υἱοὶ</span> <span class='ocrx_word' id='word_1_114' title='bbox 2871 1120 3046 1170; x_wconf 77' lang='grc' dir='ltr'>αὐτῶν</span> <span class='ocrx_word' id='word_1_115' title='bbox 3074 1119 3177 1180; x_wconf 82' lang='grc' dir='ltr'><strong>ἓως</strong></span> <span class='ocrx_word' id='word_1_116' title='bbox 3209 1116 3302 1168; x_wconf 70' lang='grc' dir='ltr'>τοῦ</span> <span class='ocrx_word' id='word_1_117' title='bbox 3334 1115 3526 1176; x_wconf 79' lang='grc' dir='ltr'>αἰῶνος</span> <span class='ocrx_word' id='word_1_118' title='bbox 3562 1113 3886 1166; x_wconf 73' lang='grc' dir='ltr'>καθιοῦνται</span> 
     </span>
    </p>
   </div>
   <div class='ocr_carea' id='block_1_18' title="bbox 637 1205 2231 1278">
    <p class='ocr_par' dir='ltr' id='par_1_18' title="bbox 637 1205 1212 1272">
     <span class='ocr_line' id='line_1_18' title="bbox 637 1205 1212 1272; baseline 0.002 -14"><span class='ocrx_word' id='word_1_119' title='bbox 637 1220 798 1272; x_wconf 88' lang='lat' dir='ltr'><strong>super</strong></span> <span class='ocrx_word' id='word_1_120' title='bbox 827 1205 1004 1258; x_wconf 84' lang='lat' dir='ltr'><strong>sedem</strong></span> <span class='ocrx_word' id='word_1_121' title='bbox 1040 1214 1212 1259; x_wconf 89' lang='lat' dir='ltr'><strong>tuam.</strong></span> 
     </span>
    </p>
   </div>
   <div class='ocr_carea' id='block_1_19' title="bbox 1297 1205 2891 1278">
    <p class='ocr_par' dir='ltr' id='par_1_19' title="bbox 2309 1206 2891 1278">
     <span class='ocr_line' id='line_1_19' title="bbox 2309 1206 2891 1278; baseline 0.005 -20"><span class='ocrx_word' id='word_1_122' title='bbox 2309 1206 2400 1258; x_wconf 74' lang='grc' dir='ltr'><strong>ἐπὶ</strong></span> <span class='ocrx_word' id='word_1_123' title='bbox 2433 1207 2526 1259; x_wconf 76' lang='grc' dir='ltr'><strong>τοῦ</strong></span> <span class='ocrx_word' id='word_1_124' title='bbox 2553 1209 2740 1278; x_wconf 81' lang='grc' dir='ltr'>Θρόνου</span> <span class='ocrx_word' id='word_1_125' title='bbox 2778 1226 2891 1262; x_wconf 92' lang='grc' dir='ltr'>σου.</span> 
     </span>
    </p>
   </div>
   <div class='ocr_carea' id='block_1_20' title="bbox 704 1292 2298 1370">
    <p class='ocr_par' dir='ltr' id='par_1_20' title="bbox 704 1292 1779 1364">
     <span class='ocr_line' id='line_1_20' title="bbox 704 1292 1779 1364; baseline -0.001 -17"><span class='ocrx_word' id='word_1_126' title='bbox 704 1294 790 1347; x_wconf 84' lang='grc'><strong>26.</strong></span> <span class='ocrx_word' id='word_1_127' title='bbox 824 1293 1090 1359; x_wconf 83' lang='lat' dir='ltr'><strong>Quoniam</strong></span> <span class='ocrx_word' id='word_1_128' title='bbox 1118 1294 1278 1364; x_wconf 83' lang='lat' dir='ltr'><strong>elegit</strong></span> <span class='ocrx_word' id='word_1_129' title='bbox 1313 1294 1572 1350; x_wconf 84' lang='lat' dir='ltr'><strong>Dominus</strong></span> <span class='ocrx_word' id='word_1_130' title='bbox 1600 1292 1730 1348; x_wconf 89' lang='lat' dir='ltr'><strong>Sion</strong></span> <span class='ocrx_word' id='word_1_131' title='bbox 1765 1309 1779 1345; x_wconf 92' lang='lat'><strong>:</strong></span> 
     </span>
    </p>
   </div>
   <div class='ocr_carea' id='block_1_21' title="bbox 1867 1292 3461 1370">
    <p class='ocr_par' dir='ltr' id='par_1_21' title="bbox 2375 1295 3461 1370">
     <span class='ocr_line' id='line_1_21' title="bbox 2375 1295 3461 1370; baseline -0.002 -20"><span class='ocrx_word' id='word_1_132' title='bbox 2375 1298 2463 1351; x_wconf 82' lang='lat'><strong>26.</strong></span> <span class='ocrx_word' id='word_1_133' title='bbox 2502 1301 2622 1351; x_wconf 84' lang='grc' dir='ltr'><strong>Ὅτι</strong></span> <span class='ocrx_word' id='word_1_134' title='bbox 2653 1300 2928 1364; x_wconf 75' lang='grc' dir='ltr'><strong>ἐξελέξατο</strong></span> <span class='ocrx_word' id='word_1_135' title='bbox 2962 1301 3159 1370; x_wconf 83' lang='grc' dir='ltr'>Κύριος</span> <span class='ocrx_word' id='word_1_136' title='bbox 3188 1299 3284 1370; x_wconf 80' lang='grc' dir='ltr'><strong>τήν</strong></span> <span class='ocrx_word' id='word_1_137' title='bbox 3309 1295 3461 1349; x_wconf 77' lang='grc' dir='ltr'>Σιών·</span> 
     </span>
    </p>
   </div>
   <div class='ocr_carea' id='block_1_22' title="bbox 701 1385 2295 1460">
    <p class='ocr_par' dir='ltr' id='par_1_22' title="bbox 701 1387 1785 1458">
     <span class='ocr_line' id='line_1_22' title="bbox 701 1387 1785 1458; baseline -0.001 -18"><span class='ocrx_word' id='word_1_138' title='bbox 701 1389 791 1441; x_wconf 85' lang='grc'><strong>27.</strong></span> <span class='ocrx_word' id='word_1_139' title='bbox 823 1387 991 1458; x_wconf 80' lang='lat' dir='ltr'><strong>Elegit</strong></span> <span class='ocrx_word' id='word_1_140' title='bbox 1018 1404 1134 1441; x_wconf 90' lang='lat' dir='ltr'><strong>eam</strong></span> <span class='ocrx_word' id='word_1_141' title='bbox 1168 1389 1219 1440; x_wconf 92' lang='lat' dir='ltr'><strong>in</strong></span> <span class='ocrx_word' id='word_1_142' title='bbox 1248 1388 1634 1442; x_wconf 82' lang='lat' dir='ltr'><strong>habitationem</strong></span> <span class='ocrx_word' id='word_1_143' title='bbox 1663 1389 1785 1442; x_wconf 88' lang='lat' dir='ltr'><strong>sibi.</strong></span> 
     </span>
    </p>
   </div>
   <div class='ocr_carea' id='block_1_23' title="bbox 2073 1385 3667 1460">
    <p class='ocr_par' dir='ltr' id='par_1_23' title="bbox 2375 1385 3667 1460">
     <span class='ocr_line' id='line_1_23' title="bbox 2375 1385 3667 1460; baseline -0.005 -18"><span class='ocrx_word' id='word_1_144' title='bbox 2375 1390 2465 1442; x_wconf 83' lang='lat'><strong>27.</strong></span> <span class='ocrx_word' id='word_1_145' title='bbox 2513 1390 2826 1460; x_wconf 85' lang='grc' dir='ltr'>ᾘρετίσατο</span> <span class='ocrx_word' id='word_1_146' title='bbox 2856 1390 3023 1460; x_wconf 77' lang='grc' dir='ltr'>αὑτήν</span> <span class='ocrx_word' id='word_1_147' title='bbox 3052 1393 3128 1452; x_wconf 79' lang='grc' dir='ltr'><strong>εἰς</strong></span> <span class='ocrx_word' id='word_1_148' title='bbox 3152 1390 3429 1442; x_wconf 81' lang='grc' dir='ltr'>κατοικίαν</span> <span class='ocrx_word' id='word_1_149' title='bbox 3461 1385 3667 1455; x_wconf 76' lang='grc' dir='ltr'>ἐαυτῷ.</span> 
     </span>
    </p>
   </div>
   <div class='ocr_carea' id='block_1_24' title="bbox 699 1478 2293 1552">
    <p class='ocr_par' dir='ltr' id='par_1_24' title="bbox 699 1478 1988 1548">
     <span class='ocr_line' id='line_1_24' title="bbox 699 1478 1988 1548; baseline 0.001 -16"><span class='ocrx_word' id='word_1_150' title='bbox 699 1478 788 1532; x_wconf 90' lang='grc'><strong>28.</strong></span> <span class='ocrx_word' id='word_1_151' title='bbox 824 1479 947 1534; x_wconf 66' lang='lat' dir='ltr'><strong>llaec</strong></span> <span class='ocrx_word' id='word_1_152' title='bbox 977 1480 1190 1548; x_wconf 90' lang='lat' dir='ltr'><strong>requies</strong></span> <span class='ocrx_word' id='word_1_153' title='bbox 1225 1496 1342 1533; x_wconf 80' lang='lat' dir='ltr'><strong>mea</strong></span> <span class='ocrx_word' id='word_1_154' title='bbox 1377 1480 1429 1532; x_wconf 82' lang='lat' dir='ltr'><strong>in</strong></span> <span class='ocrx_word' id='word_1_155' title='bbox 1459 1481 1718 1534; x_wconf 72' lang='lat' dir='ltr'><strong>saeculum</strong></span> <span class='ocrx_word' id='word_1_156' title='bbox 1755 1480 1936 1535; x_wconf 58' lang='lat' dir='ltr'><strong>saeculi</strong></span> <span class='ocrx_word' id='word_1_157' title='bbox 1972 1496 1988 1546; x_wconf 86' lang='lat'><strong>;</strong></span> 
     </span>
    </p>
   </div>
   <div class='ocr_carea' id='block_1_25' title="bbox 2188 1478 3782 1552">
    <p class='ocr_par' dir='ltr' id='par_1_25' title="bbox 2374 1478 3782 1552">
     <span class='ocr_line' id='line_1_25' title="bbox 2374 1478 3782 1552; baseline -0.004 -19"><span class='ocrx_word' id='word_1_158' title='bbox 2374 1481 2462 1535; x_wconf 84' lang='lat'><strong>28.</strong></span> <span class='ocrx_word' id='word_1_159' title='bbox 2491 1483 2637 1552; x_wconf 74' lang='grc' dir='ltr'><strong>Λῦτή</strong></span> <span class='ocrx_word' id='word_1_160' title='bbox 2670 1484 2700 1552; x_wconf 82' lang='grc' dir='ltr'>ἡ</span> <span class='ocrx_word' id='word_1_161' title='bbox 2736 1483 3072 1544; x_wconf 80' lang='grc' dir='ltr'>κατάπαυσίς</span> <span class='ocrx_word' id='word_1_162' title='bbox 3105 1500 3202 1550; x_wconf 86' lang='grc' dir='ltr'><strong>μου</strong></span> <span class='ocrx_word' id='word_1_163' title='bbox 3237 1484 3313 1544; x_wconf 85' lang='grc' dir='ltr'><strong>εἰς</strong></span> <span class='ocrx_word' id='word_1_164' title='bbox 3338 1479 3507 1532; x_wconf 84' lang='grc' dir='ltr'>αἰῶνα</span> <span class='ocrx_word' id='word_1_165' title='bbox 3535 1478 3746 1538; x_wconf 72' lang='grc' dir='ltr'>αἰῶνος</span> <span class='ocrx_word' id='word_1_166' title='bbox 3768 1489 3782 1503; x_wconf 86' lang='grc'><strong><em>⁸</em></strong></span> 
     </span>
    </p>
   </div>
   <div class='ocr_carea' id='block_1_26' title="bbox 699 1566 2293 1642">
    <p class='ocr_par' dir='ltr' id='par_1_26' title="bbox 699 1568 1872 1639">
     <span class='ocr_line' id='line_1_26' title="bbox 699 1568 1872 1639; baseline 0.005 -18"><span class='ocrx_word' id='word_1_167' title='bbox 699 1568 789 1622; x_wconf 83' lang='grc'>29.</span> <span class='ocrx_word' id='word_1_168' title='bbox 829 1568 926 1623; x_wconf 89' lang='lat' dir='ltr'><strong>llic</strong></span> <span class='ocrx_word' id='word_1_169' title='bbox 955 1570 1226 1635; x_wconf 87' lang='lat' dir='ltr'><strong>habitabo,</strong></span> <span class='ocrx_word' id='word_1_170' title='bbox 1258 1570 1518 1639; x_wconf 88' lang='lat' dir='ltr'><strong>quoniam</strong></span> <span class='ocrx_word' id='word_1_171' title='bbox 1559 1572 1693 1639; x_wconf 84' lang='lat' dir='ltr'><strong>elegi</strong></span> <span class='ocrx_word' id='word_1_172' title='bbox 1731 1587 1872 1628; x_wconf 90' lang='lat' dir='ltr'><strong>eam.</strong></span> 
     </span>
    </p>
   </div>
   <div class='ocr_carea' id='block_1_27' title="bbox 2091 1566 3685 1642">
    <p class='ocr_par' dir='ltr' id='par_1_27' title="bbox 2374 1566 3685 1642">
     <span class='ocr_line' id='line_1_27' title="bbox 2374 1566 3685 1642; baseline -0.005 -17"><span class='ocrx_word' id='word_1_173' title='bbox 2374 1571 2462 1625; x_wconf 89' lang='lat'><strong>29.</strong></span> <span class='ocrx_word' id='word_1_174' title='bbox 2500 1566 2624 1623; x_wconf 84' lang='grc' dir='ltr'>Ὧδε</span> <span class='ocrx_word' id='word_1_175' title='bbox 2653 1574 2980 1642; x_wconf 86' lang='grc' dir='ltr'>κατοικήσω,</span> <span class='ocrx_word' id='word_1_176' title='bbox 3011 1574 3091 1623; x_wconf 78' lang='grc' dir='ltr'>ὅτι</span> <span class='ocrx_word' id='word_1_177' title='bbox 3127 1571 3455 1641; x_wconf 69' lang='grc' dir='ltr'>ᾑρετισάμήν</span> <span class='ocrx_word' id='word_1_178' title='bbox 3489 1569 3685 1638; x_wconf 72' lang='grc' dir='ltr'>αὐτήν.</span> 
     </span>
    </p>
   </div>
   <div class='ocr_carea' id='block_1_28' title="bbox 699 1659 2293 1732">
    <p class='ocr_par' dir='ltr' id='par_1_28' title="bbox 699 1659 1948 1732">
     <span class='ocr_line' id='line_1_28' title="bbox 699 1659 1948 1732; baseline 0 -18"><span class='ocrx_word' id='word_1_179' title='bbox 699 1660 788 1714; x_wconf 72' lang='grc'>51).</span> <span class='ocrx_word' id='word_1_180' title='bbox 818 1659 1044 1715; x_wconf 80' lang='lat' dir='ltr'><strong>Viduam</strong></span> <span class='ocrx_word' id='word_1_181' title='bbox 1081 1662 1198 1732; x_wconf 84' lang='lat' dir='ltr'><strong>ejus</strong></span> <span class='ocrx_word' id='word_1_182' title='bbox 1233 1663 1559 1717; x_wconf 88' lang='lat' dir='ltr'><strong>benedicens</strong></span> <span class='ocrx_word' id='word_1_183' title='bbox 1587 1663 1898 1717; x_wconf 89' lang='lat' dir='ltr'><strong>benedicam</strong></span> <span class='ocrx_word' id='word_1_184' title='bbox 1934 1678 1948 1714; x_wconf 88' lang='lat'><strong>:</strong></span> 
     </span>
    </p>
   </div>
   <div class='ocr_carea' id='block_1_29' title="bbox 1991 1659 3585 1732">
    <p class='ocr_par' dir='ltr' id='par_1_29' title="bbox 2373 1661 3585 1732">
     <span class='ocr_line' id='line_1_29' title="bbox 2373 1661 3585 1732; baseline -0.005 -16"><span class='ocrx_word' id='word_1_185' title='bbox 2373 1662 2460 1716; x_wconf 87' lang='grc'>50.</span> <span class='ocrx_word' id='word_1_186' title='bbox 2490 1663 2600 1732; x_wconf 77' lang='grc' dir='ltr'>Τήν</span> <span class='ocrx_word' id='word_1_187' title='bbox 2630 1663 2800 1732; x_wconf 86' lang='grc' dir='ltr'>χήραν</span> <span class='ocrx_word' id='word_1_188' title='bbox 2825 1663 2990 1731; x_wconf 76' lang='grc' dir='ltr'>αὐτῆς</span> <span class='ocrx_word' id='word_1_189' title='bbox 3014 1661 3248 1729; x_wconf 74' lang='grc' dir='ltr'>εὐλογῶν</span> <span class='ocrx_word' id='word_1_190' title='bbox 3278 1661 3553 1728; x_wconf 70' lang='grc' dir='ltr'>εὐλογήσω</span> <span class='ocrx_word' id='word_1_191' title='bbox 3573 1674 3585 1686; x_wconf 90' lang='grc'><strong>·</strong></span> 
     </span>
    </p>
   </div>
   <div class='ocr_carea' id='block_1_30' title="bbox 699 1751 2293 1823">
    <p class='ocr_par' dir='ltr' id='par_1_30' title="bbox 699 1751 1809 1823">
     <span class='ocr_line' id='line_1_30' title="bbox 699 1751 1809 1823; baseline 0.003 -18"><span class='ocrx_word' id='word_1_192' title='bbox 699 1751 788 1806; x_wconf 94' lang='grc'><strong>51.</strong></span> <span class='ocrx_word' id='word_1_193' title='bbox 819 1751 1087 1822; x_wconf 84' lang='lat' dir='ltr'><strong>Pauperes</strong></span> <span class='ocrx_word' id='word_1_194' title='bbox 1117 1754 1236 1823; x_wconf 88' lang='lat' dir='ltr'><strong>ejus</strong></span> <span class='ocrx_word' id='word_1_195' title='bbox 1269 1754 1527 1808; x_wconf 87' lang='lat' dir='ltr'><strong>saturabo</strong></span> <span class='ocrx_word' id='word_1_196' title='bbox 1558 1755 1809 1822; x_wconf 89' lang='lat' dir='ltr'><strong>panibus.</strong></span> 
     </span>
    </p>
   </div>
   <div class='ocr_carea' id='block_1_31' title="bbox 2011 1751 3605 1823">
    <p class='ocr_par' dir='ltr' id='par_1_31' title="bbox 2373 1753 3605 1822">
     <span class='ocr_line' id='line_1_31' title="bbox 2373 1753 3605 1822; baseline -0.003 -15"><span class='ocrx_word' id='word_1_197' title='bbox 2373 1755 2456 1807; x_wconf 86' lang='grc'><strong>51.</strong></span> <span class='ocrx_word' id='word_1_198' title='bbox 2499 1755 2635 1815; x_wconf 75' lang='grc' dir='ltr'>Τοὺς</span> <span class='ocrx_word' id='word_1_199' title='bbox 2668 1755 2913 1822; x_wconf 79' lang='grc' dir='ltr'>πτωχοὺς</span> <span class='ocrx_word' id='word_1_200' title='bbox 2940 1755 3104 1822; x_wconf 76' lang='grc' dir='ltr'>αὐτῆς</span> <span class='ocrx_word' id='word_1_201' title='bbox 3131 1753 3376 1822; x_wconf 79' lang='grc' dir='ltr'>χορτάσω</span> <span class='ocrx_word' id='word_1_202' title='bbox 3403 1753 3605 1819; x_wconf 82' lang='grc' dir='ltr'>ἄρτων.</span> 
     </span>
    </p>
   </div>
   <div class='ocr_carea' id='block_1_32' title="bbox 701 1841 2295 1915">
    <p class='ocr_par' dir='ltr' id='par_1_32' title="bbox 701 1844 2268 1915">
     <span class='ocr_line' id='line_1_32' title="bbox 701 1844 2268 1915; baseline 0.007 -19"><span class='ocrx_word' id='word_1_203' title='bbox 701 1844 791 1897; x_wconf 86' lang='grc'><strong>52.</strong></span> <span class='ocrx_word' id='word_1_204' title='bbox 822 1844 1141 1901; x_wconf 85' lang='lat' dir='ltr'><strong>Sacerdotes</strong></span> <span class='ocrx_word' id='word_1_205' title='bbox 1173 1847 1291 1915; x_wconf 89' lang='lat' dir='ltr'><strong>ejus</strong></span> <span class='ocrx_word' id='word_1_206' title='bbox 1318 1845 1539 1900; x_wconf 88' lang='lat' dir='ltr'><strong>induam</strong></span> <span class='ocrx_word' id='word_1_207' title='bbox 1570 1847 1818 1910; x_wconf 83' lang='lat' dir='ltr'><strong>salutari,</strong></span> <span class='ocrx_word' id='word_1_208' title='bbox 2228 1854 2268 1907; x_wconf 89' lang='grc' dir='ltr'><strong>Β</strong></span> 
     </span>
    </p>
   </div>
   <div class='ocr_carea' id='block_1_33' title="bbox 1970 1841 3564 1915">
    <p class='ocr_par' dir='ltr' id='par_1_33' title="bbox 2228 1841 3564 1914">
     <span class='ocr_line' id='line_1_33' title="bbox 2228 1841 3564 1914; baseline -0.007 -16"><span class='ocrx_word' id='word_1_209' title='bbox 2228 1854 2268 1907; x_wconf 86' lang='grc' dir='ltr'><strong>Β</strong></span> <span class='ocrx_word' id='word_1_210' title='bbox 2367 1845 2454 1898; x_wconf 85' lang='grc'><strong>52.</strong></span> <span class='ocrx_word' id='word_1_211' title='bbox 2489 1845 2624 1906; x_wconf 77' lang='grc' dir='ltr'>Τοὺς</span> <span class='ocrx_word' id='word_1_212' title='bbox 2654 1845 2816 1914; x_wconf 78' lang='grc' dir='ltr'>ἱερεῖς</span> <span class='ocrx_word' id='word_1_213' title='bbox 2842 1843 3007 1911; x_wconf 75' lang='grc' dir='ltr'>αὐτῆς</span> <span class='ocrx_word' id='word_1_214' title='bbox 3035 1842 3236 1894; x_wconf 80' lang='grc' dir='ltr'>ἐνδύσω</span> <span class='ocrx_word' id='word_1_215' title='bbox 3273 1841 3564 1910; x_wconf 81' lang='grc' dir='ltr'>σωτηρίαν,</span> 
     </span>
    </p>
   </div>
   <div class='ocr_carea' id='block_1_34' title="bbox 701 1927 2295 2006">
    <p class='ocr_par' dir='ltr' id='par_1_34' title="bbox 701 1935 2020 2006">
     <span class='ocr_line' id='line_1_34' title="bbox 701 1935 2020 2006; baseline 0.002 -18"><span class='ocrx_word' id='word_1_216' title='bbox 701 1935 789 1989; x_wconf 90' lang='grc'><strong>55.</strong></span> <span class='ocrx_word' id='word_1_217' title='bbox 824 1935 885 1988; x_wconf 85' lang='grc' dir='ltr'>Ει</span> <span class='ocrx_word' id='word_1_218' title='bbox 915 1938 1084 1992; x_wconf 82' lang='lat' dir='ltr'><strong>sancti</strong></span> <span class='ocrx_word' id='word_1_219' title='bbox 1111 1938 1230 2006; x_wconf 86' lang='lat' dir='ltr'><strong>ejus</strong></span> <span class='ocrx_word' id='word_1_220' title='bbox 1265 1938 1627 1992; x_wconf 78' lang='lat' dir='ltr'><strong>exsultatione</strong></span> <span class='ocrx_word' id='word_1_221' title='bbox 1651 1939 2020 1993; x_wconf 84' lang='lat' dir='ltr'><strong>exsultabunt.</strong></span> 
     </span>
    </p>
   </div>
   <div class='ocr_carea' id='block_1_35' title="bbox 2279 1927 3873 2006">
    <p class='ocr_par' dir='ltr' id='par_1_35' title="bbox 2373 1927 3873 2003">
     <span class='ocr_line' id='line_1_35' title="bbox 2373 1927 3873 2003; baseline -0.005 -14"><span class='ocrx_word' id='word_1_222' title='bbox 2373 1937 2461 1989; x_wconf 85' lang='grc'><strong>55.</strong></span> <span class='ocrx_word' id='word_1_223' title='bbox 2500 1937 2607 1987; x_wconf 73' lang='grc' dir='ltr'>Καὶ</span> <span class='ocrx_word' id='word_1_224' title='bbox 2637 1936 2686 1986; x_wconf 80' lang='grc' dir='ltr'>οἱ</span> <span class='ocrx_word' id='word_1_225' title='bbox 2717 1936 2852 1986; x_wconf 78' lang='grc' dir='ltr'>ὅσιοι</span> <span class='ocrx_word' id='word_1_226' title='bbox 2879 1933 3045 2003; x_wconf 75' lang='grc' dir='ltr'>αὐτῆς</span> <span class='ocrx_word' id='word_1_227' title='bbox 3082 1933 3393 1999; x_wconf 79' lang='grc' dir='ltr'>ἀγαλλιάσει</span> <span class='ocrx_word' id='word_1_228' title='bbox 3424 1927 3873 1999; x_wconf 77' lang='grc' dir='ltr'>ἀγαλλιάσονται.</span> 
     </span>
    </p>
   </div>
   <div class='ocr_carea' id='block_1_36' title="bbox 701 2025 2295 2099">
    <p class='ocr_par' dir='ltr' id='par_1_36' title="bbox 701 2027 1717 2099">
     <span class='ocr_line' id='line_1_36' title="bbox 701 2027 1717 2099; baseline 0 -17"><span class='ocrx_word' id='word_1_229' title='bbox 701 2027 784 2082; x_wconf 77' lang='grc'>54.</span> <span class='ocrx_word' id='word_1_230' title='bbox 817 2027 947 2083; x_wconf 86' lang='lat' dir='ltr'><strong>Illuc</strong></span> <span class='ocrx_word' id='word_1_231' title='bbox 974 2030 1264 2099; x_wconf 86' lang='lat' dir='ltr'><strong>producam</strong></span> <span class='ocrx_word' id='word_1_232' title='bbox 1300 2045 1467 2084; x_wconf 90' lang='lat' dir='ltr'><strong>cornu</strong></span> <span class='ocrx_word' id='word_1_233' title='bbox 1501 2029 1668 2084; x_wconf 84' lang='lat' dir='ltr'><strong>David</strong></span> <span class='ocrx_word' id='word_1_234' title='bbox 1706 2048 1717 2082; x_wconf 90' lang='lat'><strong>:</strong></span> 
     </span>
    </p>
   </div>
   <div class='ocr_carea' id='block_1_37' title="bbox 1898 2025 3492 2099">
    <p class='ocr_par' dir='ltr' id='par_1_37' title="bbox 2372 2025 3492 2097">
     <span class='ocr_line' id='line_1_37' title="bbox 2372 2025 3492 2097; baseline -0.004 -14"><span class='ocrx_word' id='word_1_235' title='bbox 2372 2031 2457 2084; x_wconf 68' lang='grc'>54.</span> <span class='ocrx_word' id='word_1_236' title='bbox 2508 2030 2652 2082; x_wconf 86' lang='grc' dir='ltr'>Ἐκεῖ</span> <span class='ocrx_word' id='word_1_237' title='bbox 2681 2027 2983 2094; x_wconf 78' lang='grc' dir='ltr'>ὲξανατελῶ</span> <span class='ocrx_word' id='word_1_238' title='bbox 3013 2028 3179 2097; x_wconf 78' lang='grc' dir='ltr'>κέρας</span> <span class='ocrx_word' id='word_1_239' title='bbox 3205 2026 3280 2096; x_wconf 78' lang='grc' dir='ltr'>τῷ</span> <span class='ocrx_word' id='word_1_240' title='bbox 3312 2025 3492 2078; x_wconf 80' lang='grc' dir='ltr'>Δαϐίδ.</span> 
     </span>
    </p>
   </div>
   <div class='ocr_carea' id='block_1_38' title="bbox 1747 2237 2743 2294">
    <p class='ocr_par' dir='ltr' id='par_1_38' title="bbox 1747 2237 2743 2294">
     <span class='ocr_line' id='line_1_38' title="bbox 1747 2237 2743 2294; baseline 0 -2"><span class='ocrx_word' id='word_1_241' title='bbox 1747 2237 2114 2293; x_wconf 77' lang='lat' dir='ltr'><strong>ATHANASII</strong></span> <span class='ocrx_word' id='word_1_242' title='bbox 2156 2238 2743 2294; x_wconf 75' lang='lat' dir='ltr'><strong>lN‘TEill’RETATIO.</strong></span> 
     </span>
    </p>
   </div>
   <div class='ocr_carea' id='block_1_39' title="bbox 697 2438 2291 2517">
    <p class='ocr_par' dir='ltr' id='par_1_39' title="bbox 697 2441 1958 2514">
     <span class='ocr_line' id='line_1_39' title="bbox 697 2441 1958 2514; baseline 0.002 -18"><span class='ocrx_word' id='word_1_243' title='bbox 697 2443 780 2496; x_wconf 87' lang='grc'><strong>19.</strong></span> <span class='ocrx_word' id='word_1_244' title='bbox 815 2441 931 2496; x_wconf 83' lang='grc' dir='ltr'><strong>Νοη</strong></span> <span class='ocrx_word' id='word_1_245' title='bbox 961 2441 1176 2498; x_wconf 74' lang='lat' dir='ltr'><strong>auferas</strong></span> <span class='ocrx_word' id='word_1_246' title='bbox 1207 2459 1234 2496; x_wconf 93' lang='lat' dir='ltr'><strong>a</strong></span> <span class='ocrx_word' id='word_1_247' title='bbox 1265 2443 1417 2497; x_wconf 90' lang='lat' dir='ltr'><strong>nobis</strong></span> <span class='ocrx_word' id='word_1_248' title='bbox 1445 2444 1671 2514; x_wconf 85' lang='lat' dir='ltr'><strong>gratiam</strong></span> <span class='ocrx_word' id='word_1_249' title='bbox 1701 2443 1824 2498; x_wconf 84' lang='lat' dir='ltr'><strong>Filii</strong></span> <span class='ocrx_word' id='word_1_250' title='bbox 1856 2445 1958 2499; x_wconf 91' lang='lat' dir='ltr'><strong>tui.</strong></span> 
     </span>
    </p>
   </div>
   <div class='ocr_carea' id='block_1_40' title="bbox 2279 2438 3873 2517">
    <p class='ocr_par' dir='ltr' id='par_1_40' title="bbox 2364 2438 3873 2517">
     <span class='ocr_line' id='line_1_40' title="bbox 2364 2438 3873 2517; baseline -0.006 -18"><span class='ocrx_word' id='word_1_251' title='bbox 2364 2447 2446 2501; x_wconf 84' lang='grc'>19.</span> <span class='ocrx_word' id='word_1_252' title='bbox 2474 2447 2563 2517; x_wconf 80' lang='grc' dir='ltr'>Μὴ</span> <span class='ocrx_word' id='word_1_253' title='bbox 2587 2445 2880 2516; x_wconf 79' lang='grc' dir='ltr'>ἀντανὲλῃς</span> <span class='ocrx_word' id='word_1_254' title='bbox 2902 2444 2993 2512; x_wconf 82' lang='grc' dir='ltr'><strong>ἀφ’</strong></span> <span class='ocrx_word' id='word_1_255' title='bbox 3011 2445 3042 2514; x_wconf 81' lang='grc' dir='ltr'><strong>ή</strong></span> <span class='ocrx_word' id='word_1_256' title='bbox 3052 2442 3165 2512; x_wconf 85' lang='grc' dir='ltr'><strong>μῶν</strong></span> <span class='ocrx_word' id='word_1_257' title='bbox 3187 2441 3284 2512; x_wconf 77' lang='grc' dir='ltr'>τὴν</span> <span class='ocrx_word' id='word_1_258' title='bbox 3301 2441 3459 2510; x_wconf 89' lang='grc' dir='ltr'>χάριν</span> <span class='ocrx_word' id='word_1_259' title='bbox 3482 2438 3574 2492; x_wconf 76' lang='grc' dir='ltr'>τοῦ</span> <span class='ocrx_word' id='word_1_260' title='bbox 3599 2438 3734 2491; x_wconf 84' lang='grc' dir='ltr'><strong>Υἱοῦ</strong></span> <span class='ocrx_word' id='word_1_261' title='bbox 3762 2455 3873 2490; x_wconf 81' lang='grc' dir='ltr'>σου.</span> 
     </span>
    </p>
   </div>
   <div class='ocr_carea' id='block_1_41' title="bbox 692 2528 2286 2605">
    <p class='ocr_par' dir='ltr' id='par_1_41' title="bbox 692 2533 2193 2605">
     <span class='ocr_line' id='line_1_41' title="bbox 692 2533 2193 2605; baseline 0.001 -18"><span class='ocrx_word' id='word_1_262' title='bbox 692 2533 782 2598; x_wconf 89' lang='grc'><strong>20,</strong></span> <span class='ocrx_word' id='word_1_263' title='bbox 813 2534 902 2588; x_wconf 89' lang='lat'><strong>2|.</strong></span> <span class='ocrx_word' id='word_1_264' title='bbox 946 2534 1013 2588; x_wconf 91' lang='lat' dir='ltr'><strong>lis</strong></span> <span class='ocrx_word' id='word_1_265' title='bbox 1058 2535 1248 2597; x_wconf 87' lang='lat' dir='ltr'><strong>rebus,</strong></span> <span class='ocrx_word' id='word_1_266' title='bbox 1295 2551 1430 2603; x_wconf 90' lang='lat' dir='ltr'><strong>quas</strong></span> <span class='ocrx_word' id='word_1_267' title='bbox 1464 2537 1710 2605; x_wconf 86' lang='lat' dir='ltr'><strong>promisit</strong></span> <span class='ocrx_word' id='word_1_268' title='bbox 1757 2534 2020 2590; x_wconf 88' lang='lat' dir='ltr'><strong>Dominus</strong></span> <span class='ocrx_word' id='word_1_269' title='bbox 2067 2537 2193 2590; x_wconf 85' lang='lat' dir='ltr'><strong>dili-</strong></span> 
     </span>
    </p>
   </div>
   <div class='ocr_carea' id='block_1_42' title="bbox 2281 2528 3875 2605">
    <p class='ocr_par' dir='ltr' id='par_1_42' title="bbox 2359 2528 3875 2605">
     <span class='ocr_line' id='line_1_42' title="bbox 2359 2528 3875 2605; baseline -0.007 -17"><span class='ocrx_word' id='word_1_270' title='bbox 2359 2536 2448 2597; x_wconf 87' lang='lat'><strong>20,</strong></span> <span class='ocrx_word' id='word_1_271' title='bbox 2479 2536 2566 2588; x_wconf 89' lang='lat'><strong>2|.</strong></span> <span class='ocrx_word' id='word_1_272' title='bbox 2602 2537 2668 2587; x_wconf 74' lang='lat' dir='ltr'><strong>&quot;A</strong></span> <span class='ocrx_word' id='word_1_273' title='bbox 2699 2534 3058 2605; x_wconf 75' lang='grc' dir='ltr'>ἐπηγγείλατο</span> <span class='ocrx_word' id='word_1_274' title='bbox 3098 2535 3125 2585; x_wconf 85' lang='grc' dir='ltr'>ὁ</span> <span class='ocrx_word' id='word_1_275' title='bbox 3178 2531 3381 2601; x_wconf 76' lang='grc' dir='ltr'>Κύριος</span> <span class='ocrx_word' id='word_1_276' title='bbox 3421 2532 3534 2590; x_wconf 82' lang='grc' dir='ltr'>τοῖς</span> <span class='ocrx_word' id='word_1_277' title='bbox 3581 2528 3875 2595; x_wconf 74' lang='grc' dir='ltr'>ἀγαπῶσιν</span> 
     </span>
    </p>
   </div>
   <div class='ocr_carea' id='block_1_43' title="bbox 621 2620 2215 2697">
    <p class='ocr_par' dir='ltr' id='par_1_43' title="bbox 621 2625 2194 2694">
     <span class='ocr_line' id='line_1_43' title="bbox 621 2625 2194 2694; baseline 0.004 -18"><span class='ocrx_word' id='word_1_278' title='bbox 621 2625 871 2694; x_wconf 79' lang='lat' dir='ltr'><strong>gentibus</strong></span> <span class='ocrx_word' id='word_1_279' title='bbox 908 2641 966 2678; x_wconf 90' lang='lat' dir='ltr'><strong>se</strong></span> <span class='ocrx_word' id='word_1_280' title='bbox 989 2667 1003 2689; x_wconf 93' lang='lat'><strong>,</strong></span> <span class='ocrx_word' id='word_1_281' title='bbox 1055 2641 1164 2678; x_wconf 94' lang='lat' dir='ltr'><strong>non</strong></span> <span class='ocrx_word' id='word_1_282' title='bbox 1201 2627 1435 2694; x_wconf 81' lang='lat' dir='ltr'><strong>privabit</strong></span> <span class='ocrx_word' id='word_1_283' title='bbox 1468 2641 1560 2681; x_wconf 90' lang='lat' dir='ltr'><strong>eos</strong></span> <span class='ocrx_word' id='word_1_284' title='bbox 1589 2643 1601 2678; x_wconf 90' lang='lat'><strong>:</strong></span> <span class='ocrx_word' id='word_1_285' title='bbox 1634 2627 1802 2680; x_wconf 87' lang='lat' dir='ltr'><strong>David</strong></span> <span class='ocrx_word' id='word_1_286' title='bbox 1847 2628 1990 2680; x_wconf 91' lang='lat' dir='ltr'><strong>enim</strong></span> <span class='ocrx_word' id='word_1_287' title='bbox 2029 2629 2194 2682; x_wconf 89' lang='lat' dir='ltr'><strong>inter-</strong></span> 
     </span>
    </p>
   </div>
   <div class='ocr_carea' id='block_1_44' title="bbox 2281 2620 3875 2697">
    <p class='ocr_par' dir='ltr' id='par_1_44' title="bbox 2292 2620 3875 2697">
     <span class='ocr_line' id='line_1_44' title="bbox 2292 2620 3875 2697; baseline -0.004 -19"><span class='ocrx_word' id='word_1_288' title='bbox 2292 2626 2473 2687; x_wconf 73' lang='grc' dir='ltr'>αὑτὸν,</span> <span class='ocrx_word' id='word_1_289' title='bbox 2509 2628 2567 2678; x_wconf 74' lang='grc' dir='ltr'><strong>οὐ</strong></span> <span class='ocrx_word' id='word_1_290' title='bbox 2603 2628 2675 2697; x_wconf 85' lang='grc' dir='ltr'><strong>μὴ</strong></span> <span class='ocrx_word' id='word_1_291' title='bbox 2720 2627 2953 2696; x_wconf 83' lang='grc' dir='ltr'>στερήσῃ</span> <span class='ocrx_word' id='word_1_292' title='bbox 2983 2623 3176 2686; x_wconf 86' lang='grc' dir='ltr'>αύτούς</span> <span class='ocrx_word' id='word_1_293' title='bbox 3218 2622 3316 2694; x_wconf 85' lang='grc'>(1).</span> <span class='ocrx_word' id='word_1_294' title='bbox 3351 2620 3528 2674; x_wconf 77' lang='grc' dir='ltr'>Δαϐὶδ</span> <span class='ocrx_word' id='word_1_295' title='bbox 3552 2621 3660 2690; x_wconf 76' lang='grc' dir='ltr'><strong>γάρ</strong></span> <span class='ocrx_word' id='word_1_296' title='bbox 3692 2622 3875 2689; x_wconf 70' lang='grc' dir='ltr'>ἑρμη-</span> 
     </span>
    </p>
   </div>
   <div class='ocr_carea' id='block_1_45' title="bbox 620 2713 2214 2786">
    <p class='ocr_par' dir='ltr' id='par_1_45' title="bbox 620 2716 1142 2786">
     <span class='ocr_line' id='line_1_45' title="bbox 620 2716 1142 2786; baseline 0.004 -18"><span class='ocrx_word' id='word_1_297' title='bbox 620 2723 866 2786; x_wconf 87' lang='lat' dir='ltr'><strong>pretatnr</strong></span> <span class='ocrx_word' id='word_1_298' title='bbox 895 2716 1142 2770; x_wconf 80' lang='lat' dir='ltr'><strong>dilectus.</strong></span> 
     </span>
    </p>
   </div>
   <div class='ocr_carea' id='block_1_46' title="bbox 1253 2713 2847 2786">
    <p class='ocr_par' dir='ltr' id='par_1_46' title="bbox 2290 2713 2847 2784">
     <span class='ocr_line' id='line_1_46' title="bbox 2290 2713 2847 2784; baseline -0.004 -16"><span class='ocrx_word' id='word_1_299' title='bbox 2290 2713 2497 2768; x_wconf 88' lang='grc' dir='ltr'>νεύεται</span> <span class='ocrx_word' id='word_1_300' title='bbox 2525 2716 2847 2784; x_wconf 78' lang='grc' dir='ltr'><strong>ἀγαπητός.</strong></span> 
     </span>
    </p>
   </div>
   <div class='ocr_carea' id='block_1_47' title="bbox 692 2803 2286 2883">
    <p class='ocr_par' dir='ltr' id='par_1_47' title="bbox 692 2806 2187 2883">
     <span class='ocr_line' id='line_1_47' title="bbox 692 2806 2187 2883; baseline 0.005 -24"><span class='ocrx_word' id='word_1_301' title='bbox 692 2806 779 2860; x_wconf 96' lang='grc'><strong>22.</strong></span> <span class='ocrx_word' id='word_1_302' title='bbox 811 2807 929 2860; x_wconf 86' lang='lat' dir='ltr'><strong>Filii</strong></span> <span class='ocrx_word' id='word_1_303' title='bbox 963 2809 1149 2872; x_wconf 88' lang='lat' dir='ltr'><strong>vestri,</strong></span> <span class='ocrx_word' id='word_1_304' title='bbox 1183 2826 1321 2880; x_wconf 86' lang='lat' dir='ltr'><strong>quos</strong></span> <span class='ocrx_word' id='word_1_305' title='bbox 1353 2811 1544 2879; x_wconf 90' lang='lat' dir='ltr'><strong>paritis</strong></span> <span class='ocrx_word' id='word_1_306' title='bbox 1590 2827 1682 2882; x_wconf 86' lang='lat' dir='ltr'><strong>per</strong></span> <span class='ocrx_word' id='word_1_307' title='bbox 1714 2812 1940 2883; x_wconf 87' lang='lat' dir='ltr'><strong>gratiam</strong></span> <span class='ocrx_word' id='word_1_308' title='bbox 1989 2828 2187 2878; x_wconf 88' lang='lat' dir='ltr'><strong>meam,</strong></span> 
     </span>
    </p>
   </div>
   <div class='ocr_carea' id='block_1_48' title="bbox 2279 2803 3873 2883">
    <p class='ocr_par' dir='ltr' id='par_1_48' title="bbox 2359 2803 3873 2874">
     <span class='ocr_line' id='line_1_48' title="bbox 2359 2803 3873 2874; baseline -0.005 -15"><span class='ocrx_word' id='word_1_309' title='bbox 2359 2805 2448 2859; x_wconf 82' lang='lat'><strong>22.</strong></span> <span class='ocrx_word' id='word_1_310' title='bbox 2478 2805 2559 2857; x_wconf 86' lang='grc' dir='ltr'><strong>Τὰ</strong></span> <span class='ocrx_word' id='word_1_311' title='bbox 2607 2806 2776 2858; x_wconf 81' lang='grc' dir='ltr'>τέκνα</span> <span class='ocrx_word' id='word_1_312' title='bbox 2819 2805 3005 2874; x_wconf 80' lang='grc' dir='ltr'>ὑμῶν,</span> <span class='ocrx_word' id='word_1_313' title='bbox 3049 2803 3086 2857; x_wconf 70' lang='grc' dir='ltr'>ἃ</span> <span class='ocrx_word' id='word_1_314' title='bbox 3128 2805 3337 2856; x_wconf 89' lang='grc' dir='ltr'>τίκτετε</span> <span class='ocrx_word' id='word_1_315' title='bbox 3378 2803 3465 2856; x_wconf 72' lang='grc' dir='ltr'>διὰ</span> <span class='ocrx_word' id='word_1_316' title='bbox 3497 2804 3596 2874; x_wconf 82' lang='grc' dir='ltr'><strong>τῆς</strong></span> <span class='ocrx_word' id='word_1_317' title='bbox 3643 2803 3873 2872; x_wconf 72' lang='grc' dir='ltr'>χάριτός</span> 
     </span>
    </p>
   </div>
   <div class='ocr_carea' id='block_1_49' title="bbox 621 2896 2215 2971">
    <p class='ocr_par' dir='ltr' id='par_1_49' title="bbox 621 2898 2191 2971">
     <span class='ocr_line' id='line_1_49' title="bbox 621 2898 2191 2971; baseline 0.003 -19"><span class='ocrx_word' id='word_1_318' title='bbox 621 2898 724 2968; x_wconf 88' lang='lat' dir='ltr'><strong>ipsi</strong></span> <span class='ocrx_word' id='word_1_319' title='bbox 780 2899 1172 2954; x_wconf 59' lang='lat' dir='ltr'><strong>haereditabunt</strong></span> <span class='ocrx_word' id='word_1_320' title='bbox 1227 2918 1452 2971; x_wconf 89' lang='lat' dir='ltr'><strong>regnum</strong></span> <span class='ocrx_word' id='word_1_321' title='bbox 1513 2904 1776 2956; x_wconf 73' lang='lat' dir='ltr'><strong>cmlorum</strong></span> <span class='ocrx_word' id='word_1_322' title='bbox 1834 2921 1845 2955; x_wconf 93' lang='lat'><strong>:</strong></span> <span class='ocrx_word' id='word_1_323' title='bbox 1896 2904 2010 2958; x_wconf 63' lang='lat' dir='ltr'><strong>haec</strong></span> <span class='ocrx_word' id='word_1_324' title='bbox 2062 2905 2191 2959; x_wconf 86' lang='lat' dir='ltr'><strong>dicit</strong></span> 
     </span>
    </p>
   </div>
   <div class='ocr_carea' id='block_1_50' title="bbox 2279 2896 3873 2971">
    <p class='ocr_par' dir='ltr' id='par_1_50' title="bbox 2290 2896 3873 2970">
     <span class='ocr_line' id='line_1_50' title="bbox 2290 2896 3873 2970; baseline -0.002 -19"><span class='ocrx_word' id='word_1_325' title='bbox 2290 2915 2410 2970; x_wconf 87' lang='grc' dir='ltr'>μου,</span> <span class='ocrx_word' id='word_1_326' title='bbox 2455 2898 2592 2951; x_wconf 80' lang='grc' dir='ltr'>αὐτὰ</span> <span class='ocrx_word' id='word_1_327' title='bbox 2625 2898 3084 2968; x_wconf 79' lang='grc' dir='ltr'>κληρονομήσουσι</span> <span class='ocrx_word' id='word_1_328' title='bbox 3117 2897 3216 2967; x_wconf 85' lang='grc' dir='ltr'>τὴν</span> <span class='ocrx_word' id='word_1_329' title='bbox 3259 2896 3533 2965; x_wconf 82' lang='grc' dir='ltr'>βασιλείαν</span> <span class='ocrx_word' id='word_1_330' title='bbox 3556 2897 3663 2948; x_wconf 90' lang='grc' dir='ltr'><strong>τῶν</strong></span> <span class='ocrx_word' id='word_1_331' title='bbox 3699 2897 3873 2966; x_wconf 75' lang='grc' dir='ltr'>ούρα-</span> 
     </span>
    </p>
   </div>
   <div class='ocr_carea' id='block_1_51' title="bbox 619 2989 2213 3063">
    <p class='ocr_par' dir='ltr' id='par_1_51' title="bbox 619 2990 1670 3059">
     <span class='ocr_line' id='line_1_51' title="bbox 619 2990 1670 3059; baseline -0.002 -14"><span class='ocrx_word' id='word_1_332' title='bbox 619 2990 870 3045; x_wconf 82' lang='lat' dir='ltr'><strong>omnibus</strong></span> <span class='ocrx_word' id='word_1_333' title='bbox 902 2991 1222 3059; x_wconf 78' lang='lat' dir='ltr'><strong>praesidibus</strong></span> <span class='ocrx_word' id='word_1_334' title='bbox 1257 2994 1670 3044; x_wconf 87' lang='lat' dir='ltr'><strong>monachorum.</strong></span> 
     </span>
    </p>
   </div>
   <div class='ocr_carea' id='block_1_52' title="bbox 2132 2989 3726 3063">
    <p class='ocr_par' dir='ltr' id='par_1_52' title="bbox 2285 2989 3726 3063">
     <span class='ocr_line' id='line_1_52' title="bbox 2285 2989 3726 3063; baseline -0.002 -19"><span class='ocrx_word' id='word_1_335' title='bbox 2285 2994 2408 3045; x_wconf 77' lang='grc' dir='ltr'>νῶψ</span> <span class='ocrx_word' id='word_1_336' title='bbox 2440 2992 2611 3046; x_wconf 78' lang='grc' dir='ltr'>ταῦτα</span> <span class='ocrx_word' id='word_1_337' title='bbox 2645 2993 2778 3063; x_wconf 81' lang='grc' dir='ltr'>πρὸς</span> <span class='ocrx_word' id='word_1_338' title='bbox 2809 2991 3033 3043; x_wconf 74' lang='grc' dir='ltr'>ἕκαστον</span> <span class='ocrx_word' id='word_1_339' title='bbox 3061 2989 3167 3042; x_wconf 84' lang='grc' dir='ltr'><strong>τῶν</strong></span> <span class='ocrx_word' id='word_1_340' title='bbox 3195 2990 3514 3059; x_wconf 76' lang='grc' dir='ltr'>ἡγουμένων</span> <span class='ocrx_word' id='word_1_341' title='bbox 3549 2990 3726 3056; x_wconf 79' lang='grc' dir='ltr'>λέγει.</span> 
     </span>
    </p>
   </div>
   <div class='ocr_carea' id='block_1_53' title="bbox 687 3077 2281 3154">
    <p class='ocr_par' dir='ltr' id='par_1_53' title="bbox 687 3079 2189 3154">
     <span class='ocr_line' id='line_1_53' title="bbox 687 3079 2189 3154; baseline 0.005 -23"><span class='ocrx_word' id='word_1_342' title='bbox 687 3079 777 3142; x_wconf 84' lang='grc'>25,</span> <span class='ocrx_word' id='word_1_343' title='bbox 820 3079 910 3131; x_wconf 76' lang='grc'>24.</span> <span class='ocrx_word' id='word_1_344' title='bbox 959 3079 1061 3144; x_wconf 87' lang='lat' dir='ltr'><strong>Qui</strong></span> <span class='ocrx_word' id='word_1_345' title='bbox 1113 3079 1213 3132; x_wconf 89' lang='lat' dir='ltr'><strong>sub</strong></span> <span class='ocrx_word' id='word_1_346' title='bbox 1265 3090 1527 3148; x_wconf 83' lang='lat' dir='ltr'><strong>potestate</strong></span> <span class='ocrx_word' id='word_1_347' title='bbox 1581 3096 1707 3137; x_wconf 92' lang='lat' dir='ltr'><strong>sunt</strong></span> <span class='ocrx_word' id='word_1_348' title='bbox 1754 3085 2189 3154; x_wconf 90' lang='lat' dir='ltr'><strong>uniuscujusque</strong></span> 
     </span>
    </p>
   </div>
   <div class='ocr_carea' id='block_1_54' title="bbox 2279 3077 3873 3154">
    <p class='ocr_par' dir='ltr' id='par_1_54' title="bbox 2354 3077 3873 3153">
     <span class='ocr_line' id='line_1_54' title="bbox 2354 3077 3873 3153; baseline -0.004 -16"><span class='ocrx_word' id='word_1_349' title='bbox 2354 3085 2444 3148; x_wconf 83' lang='grc'>25,</span> <span class='ocrx_word' id='word_1_350' title='bbox 2487 3085 2579 3138; x_wconf 69' lang='grc'>24.</span> <span class='ocrx_word' id='word_1_351' title='bbox 2630 3085 2705 3153; x_wconf 89' lang='lat'><strong>(2)</strong></span> <span class='ocrx_word' id='word_1_352' title='bbox 2748 3084 2873 3136; x_wconf 79' lang='grc' dir='ltr'><strong>Ἐὰν</strong></span> <span class='ocrx_word' id='word_1_353' title='bbox 2916 3077 3025 3136; x_wconf 79' lang='grc' dir='ltr'>οἷόν</span> <span class='ocrx_word' id='word_1_354' title='bbox 3063 3100 3122 3134; x_wconf 91' lang='grc' dir='ltr'><strong>τε</strong></span> <span class='ocrx_word' id='word_1_355' title='bbox 3154 3082 3258 3134; x_wconf 77' lang='grc' dir='ltr'><strong>ὑπὸ</strong></span> <span class='ocrx_word' id='word_1_356' title='bbox 3281 3083 3378 3153; x_wconf 80' lang='grc' dir='ltr'><strong>τήν</strong></span> <span class='ocrx_word' id='word_1_357' title='bbox 3408 3085 3562 3152; x_wconf 87' lang='grc' dir='ltr'>χεῖρα</span> <span class='ocrx_word' id='word_1_358' title='bbox 3591 3081 3712 3141; x_wconf 74' lang='grc' dir='ltr'><strong>ἑνὸς</strong></span> <span class='ocrx_word' id='word_1_359' title='bbox 3745 3081 3873 3131; x_wconf 80' lang='grc' dir='ltr'>ἐκά-</span> 
     </span>
    </p>
   </div>
   <div class='ocr_carea' id='block_1_55' title="bbox 616 3171 2210 3246">
    <p class='ocr_par' dir='ltr' id='par_1_55' title="bbox 616 3171 2185 3236">
     <span class='ocr_line' id='line_1_55' title="bbox 616 3171 2185 3236; baseline 0.006 -14"><span class='ocrx_word' id='word_1_360' title='bbox 616 3180 895 3236; x_wconf 79' lang='lat' dir='ltr'><strong>vestrum,</strong></span> <span class='ocrx_word' id='word_1_361' title='bbox 947 3173 991 3224; x_wconf 86' lang='lat' dir='ltr'><strong>si</strong></span> <span class='ocrx_word' id='word_1_362' title='bbox 1044 3171 1274 3226; x_wconf 89' lang='lat' dir='ltr'><strong>habeant</strong></span> <span class='ocrx_word' id='word_1_363' title='bbox 1325 3174 1378 3226; x_wconf 92' lang='lat' dir='ltr'><strong>in</strong></span> <span class='ocrx_word' id='word_1_364' title='bbox 1423 3175 1588 3229; x_wconf 90' lang='lat' dir='ltr'><strong>corde</strong></span> <span class='ocrx_word' id='word_1_365' title='bbox 1643 3191 1742 3231; x_wconf 92' lang='lat' dir='ltr'><strong>suo</strong></span> <span class='ocrx_word' id='word_1_366' title='bbox 1803 3185 2185 3232; x_wconf 86' lang='lat' dir='ltr'><strong>testamentum</strong></span> 
     </span>
    </p>
   </div>
   <div class='ocr_carea' id='block_1_56' title="bbox 2280 3171 3874 3246">
    <p class='ocr_par' dir='ltr' id='par_1_56' title="bbox 2290 3172 3874 3246">
     <span class='ocr_line' id='line_1_56' title="bbox 2290 3172 3874 3246; baseline -0.004 -17"><span class='ocrx_word' id='word_1_367' title='bbox 2290 3193 2412 3230; x_wconf 85' lang='grc' dir='ltr'>στου</span> <span class='ocrx_word' id='word_1_368' title='bbox 2441 3175 2592 3246; x_wconf 85' lang='grc' dir='ltr'>ὑμῶν</span> <span class='ocrx_word' id='word_1_369' title='bbox 2622 3176 2815 3245; x_wconf 76' lang='grc' dir='ltr'>ἔχωσιν</span> <span class='ocrx_word' id='word_1_370' title='bbox 2851 3177 2908 3225; x_wconf 80' lang='grc' dir='ltr'>ἐν</span> <span class='ocrx_word' id='word_1_371' title='bbox 2937 3177 3000 3244; x_wconf 79' lang='grc' dir='ltr'>τῇ</span> <span class='ocrx_word' id='word_1_372' title='bbox 3036 3175 3235 3246; x_wconf 78' lang='grc' dir='ltr'>καρδίᾳ</span> <span class='ocrx_word' id='word_1_373' title='bbox 3264 3175 3439 3228; x_wconf 78' lang='grc' dir='ltr'>αὐτῶν</span> <span class='ocrx_word' id='word_1_374' title='bbox 3463 3175 3560 3243; x_wconf 79' lang='grc' dir='ltr'><strong>τὴν</strong></span> <span class='ocrx_word' id='word_1_375' title='bbox 3599 3172 3874 3242; x_wconf 67' lang='grc' dir='ltr'>διαθήκην</span> 
     </span>
    </p>
   </div>
   <div class='ocr_carea' id='block_1_57' title="bbox 619 3251 2213 3340">
    <p class='ocr_par' dir='ltr' id='par_1_57' title="bbox 619 3265 2182 3336">
     <span class='ocr_line' id='line_1_57' title="bbox 619 3265 2182 3336; baseline 0.004 -18"><span class='ocrx_word' id='word_1_376' title='bbox 619 3279 821 3328; x_wconf 90' lang='lat' dir='ltr'><strong>ineum,</strong></span> <span class='ocrx_word' id='word_1_377' title='bbox 857 3275 908 3318; x_wconf 92' lang='lat' dir='ltr'><strong>et</strong></span> <span class='ocrx_word' id='word_1_378' title='bbox 954 3265 1051 3319; x_wconf 88' lang='lat' dir='ltr'><strong>lias</strong></span> <span class='ocrx_word' id='word_1_379' title='bbox 1098 3281 1246 3318; x_wconf 89' lang='lat' dir='ltr'><strong>meas</strong></span> <span class='ocrx_word' id='word_1_380' title='bbox 1293 3267 1611 3333; x_wconf 90' lang='lat' dir='ltr'><strong>passiones,</strong></span> <span class='ocrx_word' id='word_1_381' title='bbox 1664 3284 1801 3336; x_wconf 86' lang='lat' dir='ltr'><strong>quas</strong></span> <span class='ocrx_word' id='word_1_382' title='bbox 1851 3279 1909 3322; x_wconf 90' lang='lat' dir='ltr'><strong>ut</strong></span> <span class='ocrx_word' id='word_1_383' title='bbox 1949 3269 2182 3335; x_wconf 81' lang='lat' dir='ltr'><strong>discant,</strong></span> 
     </span>
    </p>
   </div>
   <div class='ocr_carea' id='block_1_58' title="bbox 2280 3251 3874 3340">
    <p class='ocr_par' dir='ltr' id='par_1_58' title="bbox 2292 3265 3874 3340">
     <span class='ocr_line' id='line_1_58' title="bbox 2292 3265 3874 3340; baseline -0.003 -21"><span class='ocrx_word' id='word_1_384' title='bbox 2292 3285 2413 3340; x_wconf 90' lang='grc' dir='ltr'>μου,</span> <span class='ocrx_word' id='word_1_385' title='bbox 2445 3269 2535 3321; x_wconf 71' lang='grc' dir='ltr'><strong>καὶ</strong></span> <span class='ocrx_word' id='word_1_386' title='bbox 2565 3267 2628 3320; x_wconf 74' lang='grc' dir='ltr'>τὰ</span> <span class='ocrx_word' id='word_1_387' title='bbox 2661 3265 2958 3336; x_wconf 79' lang='grc' dir='ltr'>παθήματά</span> <span class='ocrx_word' id='word_1_388' title='bbox 2989 3283 3089 3335; x_wconf 87' lang='grc' dir='ltr'><strong>μου</strong></span> <span class='ocrx_word' id='word_1_389' title='bbox 3115 3267 3289 3318; x_wconf 78' lang='grc' dir='ltr'>ταῦτα</span> <span class='ocrx_word' id='word_1_390' title='bbox 3310 3306 3324 3329; x_wconf 87' lang='grc'>,</span> <span class='ocrx_word' id='word_1_391' title='bbox 3351 3266 3386 3318; x_wconf 74' lang='grc' dir='ltr'>ἃ</span> <span class='ocrx_word' id='word_1_392' title='bbox 3418 3266 3636 3332; x_wconf 78' lang='grc' dir='ltr'>φωτίσω</span> <span class='ocrx_word' id='word_1_393' title='bbox 3665 3265 3874 3323; x_wconf 68' lang='grc' dir='ltr'>αὐτοὺς</span> 
     </span>
    </p>
   </div>
   <div class='ocr_carea' id='block_1_59' title="bbox 615 3357 2209 3433">
    <p class='ocr_par' dir='ltr' id='par_1_59' title="bbox 615 3357 1377 3425">
     <span class='ocr_line' id='line_1_59' title="bbox 615 3357 1377 3425; baseline -0.003 -15"><span class='ocrx_word' id='word_1_394' title='bbox 615 3372 711 3411; x_wconf 81' lang='lat' dir='ltr'><strong>eos</strong></span> <span class='ocrx_word' id='word_1_395' title='bbox 741 3357 987 3410; x_wconf 87' lang='lat' dir='ltr'><strong>illumino</strong></span> <span class='ocrx_word' id='word_1_396' title='bbox 1020 3357 1189 3425; x_wconf 89' lang='lat' dir='ltr'><strong>gratia</strong></span> <span class='ocrx_word' id='word_1_397' title='bbox 1220 3372 1337 3409; x_wconf 90' lang='lat' dir='ltr'><strong>mea</strong></span> <span class='ocrx_word' id='word_1_398' title='bbox 1364 3373 1377 3419; x_wconf 91' lang='lat'><strong>;</strong></span> 
     </span>
    </p>
   </div>
   <div class='ocr_carea' id='block_1_60' title="bbox 1536 3357 3130 3433">
    <p class='ocr_par' dir='ltr' id='par_1_60' title="bbox 2290 3361 3130 3433">
     <span class='ocr_line' id='line_1_60' title="bbox 2290 3361 3130 3433; baseline 0 -18"><span class='ocrx_word' id='word_1_399' title='bbox 2290 3363 2483 3416; x_wconf 81' lang='grc' dir='ltr'>εἰδέναι</span> <span class='ocrx_word' id='word_1_400' title='bbox 2516 3363 2602 3415; x_wconf 75' lang='grc' dir='ltr'>διὰ</span> <span class='ocrx_word' id='word_1_401' title='bbox 2631 3363 2728 3431; x_wconf 81' lang='grc' dir='ltr'><strong>τῆς</strong></span> <span class='ocrx_word' id='word_1_402' title='bbox 2761 3361 2980 3433; x_wconf 83' lang='grc' dir='ltr'>χάριτός</span> <span class='ocrx_word' id='word_1_403' title='bbox 3007 3379 3130 3432; x_wconf 88' lang='grc' dir='ltr'>μου.</span> 
     </span>
    </p>
   </div>
   <div class='ocr_carea' id='block_1_61' title="bbox 689 3445 2283 3523">
    <p class='ocr_par' dir='ltr' id='par_1_61' title="bbox 689 3449 2185 3522">
     <span class='ocr_line' id='line_1_61' title="bbox 689 3449 2185 3522; baseline 0.006 -21"><span class='ocrx_word' id='word_1_404' title='bbox 689 3449 778 3501; x_wconf 78' lang='grc'><strong>25.</strong></span> <span class='ocrx_word' id='word_1_405' title='bbox 818 3449 880 3502; x_wconf 86' lang='lat' dir='ltr'><strong>Et</strong></span> <span class='ocrx_word' id='word_1_406' title='bbox 912 3449 964 3501; x_wconf 89' lang='lat' dir='ltr'><strong>in</strong></span> <span class='ocrx_word' id='word_1_407' title='bbox 1001 3451 1391 3518; x_wconf 87' lang='lat' dir='ltr'><strong>sempiternum</strong></span> <span class='ocrx_word' id='word_1_408' title='bbox 1418 3465 1580 3520; x_wconf 89' lang='lat' dir='ltr'><strong>opera</strong></span> <span class='ocrx_word' id='word_1_409' title='bbox 1611 3451 1838 3522; x_wconf 77' lang='lat' dir='ltr'><strong>justitia:</strong></span> <span class='ocrx_word' id='word_1_410' title='bbox 1878 3469 2064 3508; x_wconf 87' lang='lat' dir='ltr'><strong>eorum</strong></span> <span class='ocrx_word' id='word_1_411' title='bbox 2096 3471 2185 3510; x_wconf 90' lang='lat' dir='ltr'><strong>re-</strong></span> 
     </span>
    </p>
   </div>
   <div class='ocr_carea' id='block_1_62' title="bbox 2277 3445 3871 3523">
    <p class='ocr_par' dir='ltr' id='par_1_62' title="bbox 2357 3445 3871 3523">
     <span class='ocr_line' id='line_1_62' title="bbox 2357 3445 3871 3523; baseline -0.005 -18"><span class='ocrx_word' id='word_1_412' title='bbox 2357 3451 2445 3505; x_wconf 77' lang='grc'><strong>25.</strong></span> <span class='ocrx_word' id='word_1_413' title='bbox 2475 3453 2582 3504; x_wconf 77' lang='grc' dir='ltr'>Καὶ</span> <span class='ocrx_word' id='word_1_414' title='bbox 2610 3451 2678 3504; x_wconf 73' lang='grc' dir='ltr'>τὰ</span> <span class='ocrx_word' id='word_1_415' title='bbox 2706 3450 2842 3521; x_wconf 78' lang='grc' dir='ltr'>ἔργα</span> <span class='ocrx_word' id='word_1_416' title='bbox 2884 3453 2981 3523; x_wconf 81' lang='grc' dir='ltr'><strong>τῆς</strong></span> <span class='ocrx_word' id='word_1_417' title='bbox 3023 3449 3365 3520; x_wconf 74' lang='grc' dir='ltr'>δικαιοσύνης</span> <span class='ocrx_word' id='word_1_418' title='bbox 3397 3447 3571 3500; x_wconf 74' lang='grc' dir='ltr'>αὐτῶν</span> <span class='ocrx_word' id='word_1_419' title='bbox 3610 3445 3871 3514; x_wconf 78' lang='grc' dir='ltr'>βασιλεύ-</span> 
     </span>
    </p>
   </div>
   <div class='ocr_carea' id='block_1_63' title="bbox 619 3540 2213 3614">
    <p class='ocr_par' dir='ltr' id='par_1_63' title="bbox 619 3540 880 3609">
     <span class='ocr_line' id='line_1_63' title="bbox 619 3540 880 3609; baseline 0.008 -18"><span class='ocrx_word' id='word_1_420' title='bbox 619 3540 880 3609; x_wconf 74' lang='lat' dir='ltr'><strong>gnabunL</strong></span> 
     </span>
    </p>
   </div>
   <div class='ocr_carea' id='block_1_64' title="bbox 1261 3540 2855 3614">
    <p class='ocr_par' dir='ltr' id='par_1_64' title="bbox 2289 3545 2855 3614">
     <span class='ocr_line' id='line_1_64' title="bbox 2289 3545 2855 3614; baseline 0 -16"><span class='ocrx_word' id='word_1_421' title='bbox 2289 3563 2438 3598; x_wconf 91' lang='grc' dir='ltr'>σουσι</span> <span class='ocrx_word' id='word_1_422' title='bbox 2469 3545 2855 3614; x_wconf 78' lang='grc' dir='ltr'>ἀτελευτήτως.</span> 
     </span>
    </p>
   </div>
   <div class='ocr_carea' id='block_1_65' title="bbox 687 3631 2281 3709">
    <p class='ocr_par' dir='ltr' id='par_1_65' title="bbox 687 3633 2183 3709">
     <span class='ocr_line' id='line_1_65' title="bbox 687 3633 2183 3709; baseline 0.005 -22"><span class='ocrx_word' id='word_1_423' title='bbox 687 3633 774 3689; x_wconf 81' lang='grc'><strong>26.</strong></span> <span class='ocrx_word' id='word_1_424' title='bbox 807 3635 1074 3701; x_wconf 87' lang='lat' dir='ltr'><strong>Quoniam</strong></span> <span class='ocrx_word' id='word_1_425' title='bbox 1101 3635 1258 3706; x_wconf 79' lang='lat' dir='ltr'><strong>elegit</strong></span> <span class='ocrx_word' id='word_1_426' title='bbox 1287 3635 1548 3692; x_wconf 89' lang='lat' dir='ltr'><strong>Dominus</strong></span> <span class='ocrx_word' id='word_1_427' title='bbox 1575 3653 1669 3692; x_wconf 88' lang='lat' dir='ltr'><strong>cor</strong></span> <span class='ocrx_word' id='word_1_428' title='bbox 1693 3638 1716 3690; x_wconf 83' lang='grc' dir='ltr'>Γ</span> <span class='ocrx_word' id='word_1_429' title='bbox 1718 3639 1897 3693; x_wconf 83' lang='lat' dir='ltr'><strong>aciens</strong></span> <span class='ocrx_word' id='word_1_430' title='bbox 1921 3651 2183 3709; x_wconf 63' lang='lat' dir='ltr'><strong>priecepta</strong></span> 
     </span>
    </p>
   </div>
   <div class='ocr_carea' id='block_1_66' title="bbox 2278 3631 3872 3709">
    <p class='ocr_par' dir='ltr' id='par_1_66' title="bbox 2352 3631 3872 3705">
     <span class='ocr_line' id='line_1_66' title="bbox 2352 3631 3872 3705; baseline -0.003 -20"><span class='ocrx_word' id='word_1_431' title='bbox 2352 3632 2440 3686; x_wconf 85' lang='lat'><strong>26.</strong></span> <span class='ocrx_word' id='word_1_432' title='bbox 2476 3635 2594 3687; x_wconf 85' lang='grc' dir='ltr'>Ὅτι</span> <span class='ocrx_word' id='word_1_433' title='bbox 2630 3633 2908 3697; x_wconf 77' lang='grc' dir='ltr'>ἐξελέξατο</span> <span class='ocrx_word' id='word_1_434' title='bbox 2935 3634 3137 3705; x_wconf 80' lang='grc' dir='ltr'>Κύριος</span> <span class='ocrx_word' id='word_1_435' title='bbox 3182 3631 3406 3703; x_wconf 83' lang='grc' dir='ltr'>καρδίαν</span> <span class='ocrx_word' id='word_1_436' title='bbox 3448 3632 3544 3700; x_wconf 73' lang='grc' dir='ltr'><strong>τὴν</strong></span> <span class='ocrx_word' id='word_1_437' title='bbox 3599 3631 3872 3683; x_wconf 75' lang='grc' dir='ltr'>ποιοῦσαν</span> 
     </span>
    </p>
   </div>
   <div class='ocr_carea' id='block_1_67' title="bbox 615 3722 2209 3797">
    <p class='ocr_par' dir='ltr' id='par_1_67' title="bbox 615 3726 2184 3797">
     <span class='ocr_line' id='line_1_67' title="bbox 615 3726 2184 3797; baseline 0.001 -17"><span class='ocrx_word' id='word_1_438' title='bbox 615 3740 714 3780; x_wconf 82' lang='lat' dir='ltr'><strong>sua</strong></span> <span class='ocrx_word' id='word_1_439' title='bbox 749 3743 760 3778; x_wconf 94' lang='lat'><strong>:</strong></span> <span class='ocrx_word' id='word_1_440' title='bbox 795 3726 924 3780; x_wconf 84' lang='lat' dir='ltr'><strong>Sion</strong></span> <span class='ocrx_word' id='word_1_441' title='bbox 975 3727 1119 3779; x_wconf 91' lang='lat' dir='ltr'><strong>enim</strong></span> <span class='ocrx_word' id='word_1_442' title='bbox 1169 3728 1556 3796; x_wconf 84' lang='lat' dir='ltr'><strong>interpretatur</strong></span> <span class='ocrx_word' id='word_1_443' title='bbox 1602 3727 1849 3796; x_wconf 78' lang='lat' dir='ltr'><strong>specula,</strong></span> <span class='ocrx_word' id='word_1_444' title='bbox 1897 3729 2054 3797; x_wconf 84' lang='lat' dir='ltr'><strong>quale</strong></span> <span class='ocrx_word' id='word_1_445' title='bbox 2102 3736 2184 3782; x_wconf 86' lang='lat' dir='ltr'><strong>est</strong></span> 
     </span>
    </p>
   </div>
   <div class='ocr_carea' id='block_1_68' title="bbox 2275 3722 3869 3797">
    <p class='ocr_par' dir='ltr' id='par_1_68' title="bbox 2281 3722 3869 3794">
     <span class='ocr_line' id='line_1_68' title="bbox 2281 3722 3869 3794; baseline -0.003 -16"><span class='ocrx_word' id='word_1_446' title='bbox 2281 3726 2378 3790; x_wconf 77' lang='grc' dir='ltr'><strong>τὰς</strong></span> <span class='ocrx_word' id='word_1_447' title='bbox 2413 3726 2628 3789; x_wconf 73' lang='grc' dir='ltr'>ἐντολὰς</span> <span class='ocrx_word' id='word_1_448' title='bbox 2650 3726 2814 3779; x_wconf 79' lang='grc' dir='ltr'>αὐτοῦ</span> <span class='ocrx_word' id='word_1_449' title='bbox 2835 3744 2848 3757; x_wconf 88' lang='grc'><strong>·</strong></span> <span class='ocrx_word' id='word_1_450' title='bbox 2886 3725 3040 3780; x_wconf 84' lang='grc' dir='ltr'><strong>Σιὼν</strong></span> <span class='ocrx_word' id='word_1_451' title='bbox 3070 3725 3178 3794; x_wconf 80' lang='grc' dir='ltr'><strong>γάρ</strong></span> <span class='ocrx_word' id='word_1_452' title='bbox 3207 3722 3561 3794; x_wconf 78' lang='grc' dir='ltr'>ἑρμηνεύεται</span> <span class='ocrx_word' id='word_1_453' title='bbox 3590 3739 3869 3775; x_wconf 69' lang='grc' dir='ltr'>σκωπευ-</span> 
     </span>
    </p>
   </div>
   <div class='ocr_carea' id='block_1_69' title="bbox 615 3816 3150 3888">
    <p class='ocr_par' dir='ltr' id='par_1_69' title="bbox 615 3816 3150 3888">
     <span class='ocr_line' id='line_1_69' title="bbox 615 3816 3150 3888; baseline -0.001 -15"><span class='ocrx_word' id='word_1_454' title='bbox 615 3836 731 3875; x_wconf 91' lang='lat' dir='ltr'><strong>cor.</strong></span> <span class='ocrx_word' id='word_1_455' title='bbox 2281 3818 2503 3886; x_wconf 77' lang='grc' dir='ltr'>τήριον,</span> <span class='ocrx_word' id='word_1_456' title='bbox 2532 3819 2665 3887; x_wconf 84' lang='grc' dir='ltr'>ὅπερ</span> <span class='ocrx_word' id='word_1_457' title='bbox 2691 3819 2838 3870; x_wconf 76' lang='grc' dir='ltr'>ἐστὶν</span> <span class='ocrx_word' id='word_1_458' title='bbox 2873 3819 2904 3888; x_wconf 83' lang='grc' dir='ltr'>ὴ</span> <span class='ocrx_word' id='word_1_459' title='bbox 2936 3816 3150 3888; x_wconf 83' lang='grc' dir='ltr'>καρδία.</span> 
     </span>
    </p>
   </div>
   <div class='ocr_carea' id='block_1_70' title="bbox 683 3906 2277 3981">
    <p class='ocr_par' dir='ltr' id='par_1_70' title="bbox 683 3909 1978 3966">
     <span class='ocr_line' id='line_1_70' title="bbox 683 3909 1978 3966; baseline 0.001 -2"><span class='ocrx_word' id='word_1_460' title='bbox 683 3911 772 3964; x_wconf 87' lang='lat'><strong>27.</strong></span> <span class='ocrx_word' id='word_1_461' title='bbox 805 3909 864 3964; x_wconf 92' lang='lat' dir='ltr'><strong>ln</strong></span> <span class='ocrx_word' id='word_1_462' title='bbox 898 3911 988 3964; x_wconf 88' lang='lat' dir='ltr'><strong>tali</strong></span> <span class='ocrx_word' id='word_1_463' title='bbox 1021 3910 1181 3965; x_wconf 88' lang='lat' dir='ltr'><strong>corde</strong></span> <span class='ocrx_word' id='word_1_464' title='bbox 1208 3911 1434 3966; x_wconf 88' lang='lat' dir='ltr'><strong>libenter</strong></span> <span class='ocrx_word' id='word_1_465' title='bbox 1469 3911 1794 3965; x_wconf 90' lang='lat' dir='ltr'><strong>inhabitabit</strong></span> <span class='ocrx_word' id='word_1_466' title='bbox 1815 3909 1978 3966; x_wconf 91' lang='lat' dir='ltr'><strong>Deus.</strong></span> 
     </span>
    </p>
   </div>
   <div class='ocr_carea' id='block_1_71' title="bbox 2275 3906 3869 3981">
    <p class='ocr_par' dir='ltr' id='par_1_71' title="bbox 2350 3906 3869 3981">
     <span class='ocr_line' id='line_1_71' title="bbox 2350 3906 3869 3981; baseline -0.003 -18"><span class='ocrx_word' id='word_1_467' title='bbox 2350 3911 2438 3964; x_wconf 81' lang='grc'>27.</span> <span class='ocrx_word' id='word_1_468' title='bbox 2465 3911 2552 3963; x_wconf 84' lang='grc' dir='ltr'><strong>Ἑν</strong></span> <span class='ocrx_word' id='word_1_469' title='bbox 2591 3913 2658 3981; x_wconf 79' lang='grc' dir='ltr'>τῇ</span> <span class='ocrx_word' id='word_1_470' title='bbox 2707 3910 2928 3981; x_wconf 81' lang='grc' dir='ltr'>τοιαύτῃ</span> <span class='ocrx_word' id='word_1_471' title='bbox 2974 3908 3173 3980; x_wconf 73' lang='grc' dir='ltr'>καρδίᾳ</span> <span class='ocrx_word' id='word_1_472' title='bbox 3208 3907 3378 3978; x_wconf 81' lang='grc' dir='ltr'>ήδέως</span> <span class='ocrx_word' id='word_1_473' title='bbox 3417 3906 3682 3974; x_wconf 75' lang='grc' dir='ltr'>ἐνοικήσει</span> <span class='ocrx_word' id='word_1_474' title='bbox 3731 3908 3812 3967; x_wconf 75' lang='grc'><strong>(5)</strong></span> <span class='ocrx_word' id='word_1_475' title='bbox 3842 3907 3869 3958; x_wconf 74' lang='grc' dir='ltr'>ὁ</span> 
     </span>
    </p>
   </div>
   <div class='ocr_carea' id='block_1_72' title="bbox 2279 4003 2430 4067">
    <p class='ocr_par' dir='ltr' id='par_1_72' title="bbox 2279 4003 2430 4067">
     <span class='ocr_line' id='line_1_72' title="bbox 2279 4003 2430 4067; baseline 0.007 -11"><span class='ocrx_word' id='word_1_476' title='bbox 2279 4003 2430 4067; x_wconf 81' lang='grc' dir='ltr'><strong>Θεός.</strong></span> 
     </span>
    </p>
   </div>
   <div class='ocr_carea' id='block_1_73' title="bbox 679 4089 2273 4168">
    <p class='ocr_par' dir='ltr' id='par_1_73' title="bbox 679 4089 2176 4160">
     <span class='ocr_line' id='line_1_73' title="bbox 679 4089 2176 4160; baseline 0 -16"><span class='ocrx_word' id='word_1_477' title='bbox 679 4091 768 4145; x_wconf 89' lang='lat'><strong>28.</strong></span> <span class='ocrx_word' id='word_1_478' title='bbox 801 4089 1158 4160; x_wconf 85' lang='lat' dir='ltr'><strong>Requiescam</strong></span> <span class='ocrx_word' id='word_1_479' title='bbox 1194 4091 1246 4145; x_wconf 93' lang='lat' dir='ltr'><strong>in</strong></span> <span class='ocrx_word' id='word_1_480' title='bbox 1283 4090 1378 4144; x_wconf 90' lang='lat' dir='ltr'><strong>tali</strong></span> <span class='ocrx_word' id='word_1_481' title='bbox 1418 4091 1599 4155; x_wconf 89' lang='lat' dir='ltr'><strong>corde,</strong></span> <span class='ocrx_word' id='word_1_482' title='bbox 1627 4097 1679 4144; x_wconf 91' lang='lat' dir='ltr'><strong>et</strong></span> <span class='ocrx_word' id='word_1_483' title='bbox 1719 4106 1884 4156; x_wconf 91' lang='lat' dir='ltr'><strong>nunc,</strong></span> <span class='ocrx_word' id='word_1_484' title='bbox 1917 4099 1971 4146; x_wconf 90' lang='lat' dir='ltr'><strong>et</strong></span> <span class='ocrx_word' id='word_1_485' title='bbox 2005 4090 2057 4145; x_wconf 92' lang='lat' dir='ltr'><strong>in</strong></span> <span class='ocrx_word' id='word_1_486' title='bbox 2092 4089 2176 4144; x_wconf 83' lang='lat' dir='ltr'><strong>fu-</strong></span> 
     </span>
    </p>
   </div>
   <div class='ocr_carea' id='block_1_74' title="bbox 2273 4089 3867 4168">
    <p class='ocr_par' dir='ltr' id='par_1_74' title="bbox 2349 4091 3867 4168">
     <span class='ocr_line' id='line_1_74' title="bbox 2349 4091 3867 4168; baseline -0.005 -18"><span class='ocrx_word' id='word_1_487' title='bbox 2349 4097 2437 4150; x_wconf 84' lang='grc'>28.</span> <span class='ocrx_word' id='word_1_488' title='bbox 2479 4095 2880 4165; x_wconf 82' lang='grc' dir='ltr'>Ἀναπαύσομαι</span> <span class='ocrx_word' id='word_1_489' title='bbox 2911 4097 2966 4148; x_wconf 84' lang='grc' dir='ltr'>ὲν</span> <span class='ocrx_word' id='word_1_490' title='bbox 2991 4098 3058 4167; x_wconf 76' lang='grc' dir='ltr'>τῇ</span> <span class='ocrx_word' id='word_1_491' title='bbox 3090 4094 3312 4168; x_wconf 83' lang='grc' dir='ltr'>τοιαύτῃ</span> <span class='ocrx_word' id='word_1_492' title='bbox 3339 4091 3534 4162; x_wconf 66' lang='grc' dir='ltr'>καρδίᾳ,</span> <span class='ocrx_word' id='word_1_493' title='bbox 3562 4093 3658 4143; x_wconf 68' lang='grc' dir='ltr'><strong>καὶ</strong></span> <span class='ocrx_word' id='word_1_494' title='bbox 3685 4092 3752 4142; x_wconf 79' lang='grc' dir='ltr'>ὲν</span> <span class='ocrx_word' id='word_1_495' title='bbox 3789 4092 3867 4160; x_wconf 79' lang='grc' dir='ltr'>τῷ</span> 
     </span>
    </p>
   </div>
   <div class='ocr_carea' id='block_1_75' title="bbox 612 4186 2206 4259">
    <p class='ocr_par' dir='ltr' id='par_1_75' title="bbox 612 4186 983 4238">
     <span class='ocr_line' id='line_1_75' title="bbox 612 4186 983 4238; baseline -0.003 -1"><span class='ocrx_word' id='word_1_496' title='bbox 612 4193 666 4237; x_wconf 90' lang='lat' dir='ltr'><strong>tu</strong></span> <span class='ocrx_word' id='word_1_497' title='bbox 677 4201 733 4237; x_wconf 92' lang='lat' dir='ltr'><strong>ro</strong></span> <span class='ocrx_word' id='word_1_498' title='bbox 766 4186 983 4238; x_wconf 61' lang='lat' dir='ltr'><strong>saeculo.</strong></span> 
     </span>
    </p>
   </div>
   <div class='ocr_carea' id='block_1_76' title="bbox 1603 4186 3197 4259">
    <p class='ocr_par' dir='ltr' id='par_1_76' title="bbox 2277 4187 3197 4259">
     <span class='ocr_line' id='line_1_76' title="bbox 2277 4187 3197 4259; baseline -0.001 -16"><span class='ocrx_word' id='word_1_499' title='bbox 2277 4189 2389 4252; x_wconf 80' lang='grc' dir='ltr'>νῦν,</span> <span class='ocrx_word' id='word_1_500' title='bbox 2426 4191 2519 4242; x_wconf 78' lang='grc' dir='ltr'>καὶ</span> <span class='ocrx_word' id='word_1_501' title='bbox 2551 4192 2606 4241; x_wconf 80' lang='grc' dir='ltr'><strong>ὲν</strong></span> <span class='ocrx_word' id='word_1_502' title='bbox 2634 4188 2709 4258; x_wconf 83' lang='grc' dir='ltr'>τῷ</span> <span class='ocrx_word' id='word_1_503' title='bbox 2747 4189 2988 4259; x_wconf 77' lang='grc' dir='ltr'>μέλλοντι</span> <span class='ocrx_word' id='word_1_504' title='bbox 3023 4187 3197 4242; x_wconf 80' lang='grc' dir='ltr'>αἰῶνι.</span> 
     </span>
    </p>
   </div>
   <div class='ocr_carea' id='block_1_77' title="bbox 679 4275 2273 4348">
    <p class='ocr_par' dir='ltr' id='par_1_77' title="bbox 679 4275 2174 4346">
     <span class='ocr_line' id='line_1_77' title="bbox 679 4275 2174 4346; baseline -0.001 -15"><span class='ocrx_word' id='word_1_505' title='bbox 679 4277 768 4332; x_wconf 88' lang='grc'>29.</span> <span class='ocrx_word' id='word_1_506' title='bbox 802 4277 854 4329; x_wconf 82' lang='grc' dir='ltr'>1η</span> <span class='ocrx_word' id='word_1_507' title='bbox 905 4279 1020 4346; x_wconf 92' lang='lat' dir='ltr'><strong>ipso</strong></span> <span class='ocrx_word' id='word_1_508' title='bbox 1061 4275 1398 4339; x_wconf 90' lang='lat' dir='ltr'><strong>inbabitabo,</strong></span> <span class='ocrx_word' id='word_1_509' title='bbox 1429 4285 1481 4330; x_wconf 91' lang='lat' dir='ltr'><strong>et</strong></span> <span class='ocrx_word' id='word_1_510' title='bbox 1518 4275 1887 4342; x_wconf 89' lang='lat' dir='ltr'><strong>inambulaho,</strong></span> <span class='ocrx_word' id='word_1_511' title='bbox 1917 4278 2174 4346; x_wconf 87' lang='lat' dir='ltr'><strong>quoniam</strong></span> 
     </span>
    </p>
   </div>
   <div class='ocr_carea' id='block_1_78' title="bbox 2268 4275 3862 4348">
    <p class='ocr_par' dir='ltr' id='par_1_78' title="bbox 2345 4275 3862 4348">
     <span class='ocr_line' id='line_1_78' title="bbox 2345 4275 3862 4348; baseline -0.004 -17"><span class='ocrx_word' id='word_1_512' title='bbox 2345 4279 2432 4332; x_wconf 84' lang='lat'><strong>29.</strong></span> <span class='ocrx_word' id='word_1_513' title='bbox 2474 4279 2562 4330; x_wconf 86' lang='grc' dir='ltr'>Ἐν</span> <span class='ocrx_word' id='word_1_514' title='bbox 2601 4280 2735 4348; x_wconf 79' lang='grc' dir='ltr'>αὐτῇ</span> <span class='ocrx_word' id='word_1_515' title='bbox 2785 4278 3092 4348; x_wconf 83' lang='grc' dir='ltr'>ὲνοικήσω,</span> <span class='ocrx_word' id='word_1_516' title='bbox 3129 4277 3222 4328; x_wconf 80' lang='grc' dir='ltr'><strong>καὶ</strong></span> <span class='ocrx_word' id='word_1_517' title='bbox 3265 4275 3724 4345; x_wconf 76' lang='grc' dir='ltr'>ἐμπεριπατήσω,</span> <span class='ocrx_word' id='word_1_518' title='bbox 3777 4275 3862 4326; x_wconf 79' lang='grc' dir='ltr'><strong>ὅτι</strong></span> 
     </span>
    </p>
   </div>
   <div class='ocr_carea' id='block_1_79' title="bbox 608 4366 2202 4439">
    <p class='ocr_par' dir='ltr' id='par_1_79' title="bbox 608 4366 952 4420">
     <span class='ocr_line' id='line_1_79' title="bbox 608 4366 952 4420; baseline -0.009 0"><span class='ocrx_word' id='word_1_519' title='bbox 608 4366 768 4420; x_wconf 73' lang='lat' dir='ltr'><strong>dilexi</strong></span> <span class='ocrx_word' id='word_1_520' title='bbox 802 4367 952 4418; x_wconf 81' lang='lat' dir='ltr'><strong>illud.</strong></span> 
     </span>
    </p>
   </div>
   <div class='ocr_carea' id='block_1_80' title="bbox 1136 4366 2730 4439">
    <p class='ocr_par' dir='ltr' id='par_1_80' title="bbox 2276 4370 2730 4439">
     <span class='ocr_line' id='line_1_80' title="bbox 2276 4370 2730 4439; baseline 0.002 -18"><span class='ocrx_word' id='word_1_521' title='bbox 2276 4370 2536 4439; x_wconf 71' lang='grc' dir='ltr'>ἠγάπησα</span> <span class='ocrx_word' id='word_1_522' title='bbox 2563 4371 2730 4438; x_wconf 80' lang='grc' dir='ltr'>αὑτήν</span> 
     </span>
    </p>
   </div>
   <div class='ocr_carea' id='block_1_81' title="bbox 677 4456 2271 4530">
    <p class='ocr_par' dir='ltr' id='par_1_81' title="bbox 677 4456 2112 4526">
     <span class='ocr_line' id='line_1_81' title="bbox 677 4456 2112 4526; baseline -0.001 -16"><span class='ocrx_word' id='word_1_523' title='bbox 677 4457 763 4510; x_wconf 89' lang='grc'>50.</span> <span class='ocrx_word' id='word_1_524' title='bbox 800 4457 930 4525; x_wconf 83' lang='lat' dir='ltr'><strong>Ejus</strong></span> <span class='ocrx_word' id='word_1_525' title='bbox 961 4457 1382 4526; x_wconf 86' lang='lat' dir='ltr'><strong>hospitalitatem</strong></span> <span class='ocrx_word' id='word_1_526' title='bbox 1418 4456 1745 4510; x_wconf 85' lang='lat' dir='ltr'><strong>benedicens</strong></span> <span class='ocrx_word' id='word_1_527' title='bbox 1776 4456 2112 4510; x_wconf 89' lang='lat' dir='ltr'><strong>benedicam.</strong></span> 
     </span>
    </p>
   </div>
   <div class='ocr_carea' id='block_1_82' title="bbox 2028 4456 3622 4530">
    <p class='ocr_par' dir='ltr' id='par_1_82' title="bbox 2028 4457 3622 4530">
     <span class='ocr_line' id='line_1_82' title="bbox 2028 4457 3622 4530; baseline 0.001 -21"><span class='ocrx_word' id='word_1_528' title='bbox 2028 4473 2112 4509; x_wconf 75' lang='lat' dir='ltr'><strong>im.</strong></span> <span class='ocrx_word' id='word_1_529' title='bbox 2344 4464 2432 4515; x_wconf 81' lang='grc'><strong>50.</strong></span> <span class='ocrx_word' id='word_1_530' title='bbox 2466 4462 2536 4514; x_wconf 79' lang='grc' dir='ltr'><strong>Τὸ</strong></span> <span class='ocrx_word' id='word_1_531' title='bbox 2575 4461 2844 4530; x_wconf 78' lang='grc' dir='ltr'>φιλόξενον</span> <span class='ocrx_word' id='word_1_532' title='bbox 2869 4461 3038 4530; x_wconf 75' lang='grc' dir='ltr'>αὐτῆς</span> <span class='ocrx_word' id='word_1_533' title='bbox 3069 4459 3304 4527; x_wconf 81' lang='grc' dir='ltr'>εὐλογῶν</span> <span class='ocrx_word' id='word_1_534' title='bbox 3329 4457 3622 4527; x_wconf 76' lang='grc' dir='ltr'>εὐλογήσω.</span> 
     </span>
    </p>
   </div>
   <div class='ocr_carea' id='block_1_83' title="bbox 678 4547 2272 4625">
    <p class='ocr_par' dir='ltr' id='par_1_83' title="bbox 678 4547 2240 4625">
     <span class='ocr_line' id='line_1_83' title="bbox 678 4547 2240 4625; baseline 0.002 -23"><span class='ocrx_word' id='word_1_535' title='bbox 678 4548 738 4602; x_wconf 91' lang='grc'><strong>51</strong></span> <span class='ocrx_word' id='word_1_536' title='bbox 802 4547 1264 4604; x_wconf 86' lang='lat' dir='ltr'><strong>Mansuetudinem</strong></span> <span class='ocrx_word' id='word_1_537' title='bbox 1305 4549 1444 4618; x_wconf 89' lang='lat' dir='ltr'><strong>ejus,</strong></span> <span class='ocrx_word' id='word_1_538' title='bbox 1496 4557 1549 4602; x_wconf 91' lang='lat' dir='ltr'><strong>et</strong></span> <span class='ocrx_word' id='word_1_539' title='bbox 1595 4549 1872 4602; x_wconf 88' lang='lat' dir='ltr'><strong>silentium</strong></span> <span class='ocrx_word' id='word_1_540' title='bbox 1917 4551 2170 4604; x_wconf 84' lang='lat' dir='ltr'><strong>saturabo</strong></span> <span class='ocrx_word' id='word_1_541' title='bbox 2203 4612 2240 4625; x_wconf 37' lang='lat' dir='ltr'><strong>ﬁ</strong></span> 
     </span>
    </p>
   </div>
   <div class='ocr_carea' id='block_1_84' title="bbox 2266 4547 3860 4625">
    <p class='ocr_par' dir='ltr' id='par_1_84' title="bbox 2343 4551 3860 4625">
     <span class='ocr_line' id='line_1_84' title="bbox 2343 4551 3860 4625; baseline -0.001 -18"><span class='ocrx_word' id='word_1_542' title='bbox 2343 4554 2430 4607; x_wconf 87' lang='grc'><strong>51.</strong></span> <span class='ocrx_word' id='word_1_543' title='bbox 2459 4554 2532 4606; x_wconf 86' lang='grc' dir='ltr'>Τὸ</span> <span class='ocrx_word' id='word_1_544' title='bbox 2558 4556 2730 4625; x_wconf 82' lang='grc' dir='ltr'>πρᾶον</span> <span class='ocrx_word' id='word_1_545' title='bbox 2760 4554 2928 4624; x_wconf 77' lang='grc' dir='ltr'>αὐτῆς</span> <span class='ocrx_word' id='word_1_546' title='bbox 2961 4554 3055 4606; x_wconf 73' lang='grc' dir='ltr'><strong>καὶ</strong></span> <span class='ocrx_word' id='word_1_547' title='bbox 3081 4552 3302 4624; x_wconf 79' lang='grc' dir='ltr'>ἡσύχιον</span> <span class='ocrx_word' id='word_1_548' title='bbox 3343 4552 3588 4623; x_wconf 86' lang='grc' dir='ltr'>χορτάσω</span> <span class='ocrx_word' id='word_1_549' title='bbox 3625 4551 3736 4602; x_wconf 85' lang='grc' dir='ltr'><strong>τῶν</strong></span> <span class='ocrx_word' id='word_1_550' title='bbox 3771 4553 3860 4606; x_wconf 82' lang='grc' dir='ltr'>λο-</span> 
     </span>
    </p>
   </div>
   <div class='ocr_carea' id='block_1_85' title="bbox 596 4612 2190 4715">
    <p class='ocr_par' dir='ltr' id='par_1_85' title="bbox 596 4612 1440 4715">
     <span class='ocr_line' id='line_1_85' title="bbox 596 4612 1440 4715; baseline -0.004 -18"><span class='ocrx_word' id='word_1_551' title='bbox 596 4643 839 4715; x_wconf 75' lang='lat' dir='ltr'><strong>,eloquiis</strong></span> <span class='ocrx_word' id='word_1_552' title='bbox 872 4642 1029 4695; x_wconf 86' lang='lat' dir='ltr'><strong>meis.</strong></span> <span class='ocrx_word' id='word_1_553' title='bbox 1334 4612 1350 4618; x_wconf 42' lang='lat'>&#39;</span> <span class='ocrx_word' id='word_1_554' title='bbox 1432 4612 1440 4617; x_wconf 35' lang='lat'>&#39;</span> 
     </span>
    </p>
   </div>
   <div class='ocr_carea' id='block_1_86' title="bbox 965 4612 2559 4715">
    <p class='ocr_par' dir='ltr' id='par_1_86' title="bbox 965 4612 2559 4714">
     <span class='ocr_line' id='line_1_86' title="bbox 965 4612 2559 4714; baseline 0.002 -20"><span class='ocrx_word' id='word_1_555' title='bbox 965 4642 1029 4695; x_wconf 91' lang='lat' dir='ltr'><strong>is.</strong></span> <span class='ocrx_word' id='word_1_556' title='bbox 1334 4612 1350 4618; x_wconf 44' lang='lat'>&#39;</span> <span class='ocrx_word' id='word_1_557' title='bbox 1432 4612 1440 4617; x_wconf 31' lang='grc'>⁷</span> <span class='ocrx_word' id='word_1_558' title='bbox 2203 4612 2244 4666; x_wconf 80' lang='lat' dir='ltr'><strong>D</strong></span> <span class='ocrx_word' id='word_1_559' title='bbox 2275 4646 2406 4714; x_wconf 82' lang='grc' dir='ltr'>γίων</span> <span class='ocrx_word' id='word_1_560' title='bbox 2438 4663 2559 4713; x_wconf 86' lang='grc' dir='ltr'>μου.</span> 
     </span>
    </p>
   </div>
   <div class='ocr_carea' id='block_1_87' title="bbox 677 4733 2271 4808">
    <p class='ocr_par' dir='ltr' id='par_1_87' title="bbox 677 4735 2170 4805">
     <span class='ocr_line' id='line_1_87' title="bbox 677 4735 2170 4805; baseline 0 -15"><span class='ocrx_word' id='word_1_561' title='bbox 677 4737 764 4793; x_wconf 80' lang='grc'><strong>52.</strong></span> <span class='ocrx_word' id='word_1_562' title='bbox 799 4735 1211 4805; x_wconf 83' lang='lat' dir='ltr'><strong>Deprecationes</strong></span> <span class='ocrx_word' id='word_1_563' title='bbox 1243 4736 1380 4804; x_wconf 89' lang='lat' dir='ltr'><strong>ejus,</strong></span> <span class='ocrx_word' id='word_1_564' title='bbox 1427 4742 1480 4788; x_wconf 88' lang='lat' dir='ltr'><strong>et</strong></span> <span class='ocrx_word' id='word_1_565' title='bbox 1523 4735 1946 4805; x_wconf 87' lang='lat' dir='ltr'><strong>supplicationes</strong></span> <span class='ocrx_word' id='word_1_566' title='bbox 1997 4737 2170 4790; x_wconf 90' lang='lat' dir='ltr'><strong>salute</strong></span> 
     </span>
    </p>
   </div>
   <div class='ocr_carea' id='block_1_88' title="bbox 2265 4733 3859 4808">
    <p class='ocr_par' dir='ltr' id='par_1_88' title="bbox 2345 4733 3859 4808">
     <span class='ocr_line' id='line_1_88' title="bbox 2345 4733 3859 4808; baseline -0.003 -17"><span class='ocrx_word' id='word_1_567' title='bbox 2345 4738 2432 4791; x_wconf 87' lang='grc'><strong>52.</strong></span> <span class='ocrx_word' id='word_1_568' title='bbox 2469 4739 2578 4800; x_wconf 80' lang='grc' dir='ltr'><strong>Τὰς</strong></span> <span class='ocrx_word' id='word_1_569' title='bbox 2606 4737 2818 4808; x_wconf 81' lang='grc' dir='ltr'>δεήσεις</span> <span class='ocrx_word' id='word_1_570' title='bbox 2846 4737 3035 4806; x_wconf 76' lang='grc' dir='ltr'>αὐτῆς,</span> <span class='ocrx_word' id='word_1_571' title='bbox 3067 4736 3158 4789; x_wconf 78' lang='grc' dir='ltr'><strong>καὶ</strong></span> <span class='ocrx_word' id='word_1_572' title='bbox 3187 4735 3394 4798; x_wconf 86' lang='grc' dir='ltr'>ἱκεσίας</span> <span class='ocrx_word' id='word_1_573' title='bbox 3430 4733 3707 4804; x_wconf 78' lang='grc' dir='ltr'>περιϐαλῶ</span> <span class='ocrx_word' id='word_1_574' title='bbox 3750 4752 3859 4787; x_wconf 84' lang='grc' dir='ltr'>σω-</span> 
     </span>
    </p>
   </div>
   <div class='ocr_carea' id='block_1_89' title="bbox 605 4830 2199 4902">
    <p class='ocr_par' dir='ltr' id='par_1_89' title="bbox 605 4830 978 4883">
     <span class='ocr_line' id='line_1_89' title="bbox 605 4830 978 4883; baseline -0.005 0"><span class='ocrx_word' id='word_1_575' title='bbox 605 4830 978 4883; x_wconf 85' lang='lat' dir='ltr'><strong>circumdabo.</strong></span> 
     </span>
    </p>
   </div>
   <div class='ocr_carea' id='block_1_90' title="bbox 893 4830 2487 4902">
    <p class='ocr_par' dir='ltr' id='par_1_90' title="bbox 893 4830 2487 4902">
     <span class='ocr_line' id='line_1_90' title="bbox 893 4830 2487 4902; baseline 0.001 -20"><span class='ocrx_word' id='word_1_576' title='bbox 893 4830 978 4882; x_wconf 92' lang='lat' dir='ltr'><strong>b0.</strong></span> <span class='ocrx_word' id='word_1_577' title='bbox 2273 4831 2487 4902; x_wconf 78' lang='grc' dir='ltr'>τηρίαν.</span> 
     </span>
    </p>
   </div>
   <div class='ocr_carea' id='block_1_91' title="bbox 674 4917 2268 4994">
    <p class='ocr_par' dir='ltr' id='par_1_91' title="bbox 674 4921 2164 4992">
     <span class='ocr_line' id='line_1_91' title="bbox 674 4921 2164 4992; baseline 0.002 -17"><span class='ocrx_word' id='word_1_578' title='bbox 674 4924 761 4976; x_wconf 79' lang='grc'><strong>55.</strong></span> <span class='ocrx_word' id='word_1_579' title='bbox 792 4922 856 4976; x_wconf 87' lang='lat' dir='ltr'><strong>Et</strong></span> <span class='ocrx_word' id='word_1_580' title='bbox 885 4937 1046 4991; x_wconf 81' lang='lat' dir='ltr'><strong>Opera</strong></span> <span class='ocrx_word' id='word_1_581' title='bbox 1079 4921 1197 4992; x_wconf 88' lang='lat' dir='ltr'><strong>ejus</strong></span> <span class='ocrx_word' id='word_1_582' title='bbox 1228 4922 1574 4977; x_wconf 89' lang='lat' dir='ltr'><strong>immaculata</strong></span> <span class='ocrx_word' id='word_1_583' title='bbox 1613 4924 1667 4976; x_wconf 89' lang='lat' dir='ltr'><strong>in</strong></span> <span class='ocrx_word' id='word_1_584' title='bbox 1703 4937 1872 4992; x_wconf 83' lang='lat' dir='ltr'><strong>regno</strong></span> <span class='ocrx_word' id='word_1_585' title='bbox 1901 4924 2164 4978; x_wconf 75' lang='lat' dir='ltr'><strong>cmlornm</strong></span> 
     </span>
    </p>
   </div>
   <div class='ocr_carea' id='block_1_92' title="bbox 2263 4917 3857 4994">
    <p class='ocr_par' dir='ltr' id='par_1_92' title="bbox 2343 4917 3857 4994">
     <span class='ocr_line' id='line_1_92' title="bbox 2343 4917 3857 4994; baseline -0.004 -18"><span class='ocrx_word' id='word_1_586' title='bbox 2343 4923 2429 4976; x_wconf 92' lang='grc'><strong>55.</strong></span> <span class='ocrx_word' id='word_1_587' title='bbox 2465 4923 2572 4975; x_wconf 76' lang='grc' dir='ltr'><strong>Καὶ</strong></span> <span class='ocrx_word' id='word_1_588' title='bbox 2599 4923 2665 4976; x_wconf 75' lang='grc' dir='ltr'><strong>τά</strong></span> <span class='ocrx_word' id='word_1_589' title='bbox 2703 4922 2836 4994; x_wconf 78' lang='grc' dir='ltr'>ἔργα</span> <span class='ocrx_word' id='word_1_590' title='bbox 2875 4923 3044 4992; x_wconf 79' lang='grc' dir='ltr'>αὐτῆς</span> <span class='ocrx_word' id='word_1_591' title='bbox 3072 4920 3141 4974; x_wconf 76' lang='grc' dir='ltr'>τὰ</span> <span class='ocrx_word' id='word_1_592' title='bbox 3173 4921 3376 4992; x_wconf 81' lang='grc' dir='ltr'>ἄμωμα</span> <span class='ocrx_word' id='word_1_593' title='bbox 3418 4921 3476 4972; x_wconf 82' lang='grc' dir='ltr'>ἐν</span> <span class='ocrx_word' id='word_1_594' title='bbox 3502 4923 3568 4990; x_wconf 74' lang='grc' dir='ltr'>τῇ</span> <span class='ocrx_word' id='word_1_595' title='bbox 3601 4917 3857 4989; x_wconf 61' lang='grc' dir='ltr'>βασιλείᾳ</span> 
     </span>
    </p>
   </div>
   <div class='ocr_carea' id='block_1_93' title="bbox 604 5013 2198 5086">
    <p class='ocr_par' dir='ltr' id='par_1_93' title="bbox 604 5013 971 5068">
     <span class='ocr_line' id='line_1_93' title="bbox 604 5013 971 5068; baseline 0.005 -2"><span class='ocrx_word' id='word_1_596' title='bbox 604 5013 971 5068; x_wconf 77' lang='lat' dir='ltr'><strong>exsultabunt.</strong></span> 
     </span>
    </p>
   </div>
   <div class='ocr_carea' id='block_1_94' title="bbox 1518 5013 3112 5086">
    <p class='ocr_par' dir='ltr' id='par_1_94' title="bbox 2269 5015 3112 5086">
     <span class='ocr_line' id='line_1_94' title="bbox 2269 5015 3112 5086; baseline -0.004 -17"><span class='ocrx_word' id='word_1_597' title='bbox 2269 5016 2380 5069; x_wconf 86' lang='grc' dir='ltr'><strong>τῶν</strong></span> <span class='ocrx_word' id='word_1_598' title='bbox 2409 5017 2465 5068; x_wconf 70' lang='grc' dir='ltr'>οὗ</span> <span class='ocrx_word' id='word_1_599' title='bbox 2475 5016 2651 5086; x_wconf 88' lang='grc' dir='ltr'>ρανῶν</span> <span class='ocrx_word' id='word_1_600' title='bbox 2677 5015 3112 5083; x_wconf 77' lang='grc' dir='ltr'>άγαλλιάσονται.</span> 
     </span>
    </p>
   </div>
   <div class='ocr_carea' id='block_1_95' title="bbox 672 5104 2266 5178">
    <p class='ocr_par' dir='ltr' id='par_1_95' title="bbox 672 5105 2164 5177">
     <span class='ocr_line' id='line_1_95' title="bbox 672 5105 2164 5177; baseline 0.001 -19"><span class='ocrx_word' id='word_1_601' title='bbox 672 5106 761 5159; x_wconf 69' lang='grc'>54.</span> <span class='ocrx_word' id='word_1_602' title='bbox 793 5105 848 5158; x_wconf 93' lang='lat' dir='ltr'><strong>In</strong></span> <span class='ocrx_word' id='word_1_603' title='bbox 894 5121 1125 5175; x_wconf 88' lang='lat' dir='ltr'><strong>superna</strong></span> <span class='ocrx_word' id='word_1_604' title='bbox 1169 5106 1474 5162; x_wconf 80' lang='lat' dir='ltr'><strong>Jerusalem</strong></span> <span class='ocrx_word' id='word_1_605' title='bbox 1523 5107 1769 5161; x_wconf 84' lang='lat' dir='ltr'><strong>excitabo</strong></span> <span class='ocrx_word' id='word_1_606' title='bbox 1822 5123 2047 5177; x_wconf 86' lang='lat' dir='ltr'><strong>regnum</strong></span> <span class='ocrx_word' id='word_1_607' title='bbox 2110 5109 2164 5160; x_wconf 91' lang='lat' dir='ltr'><strong>in</strong></span> 
     </span>
    </p>
   </div>
   <div class='ocr_carea' id='block_1_96' title="bbox 2261 5104 3855 5178">
    <p class='ocr_par' dir='ltr' id='par_1_96' title="bbox 2339 5104 3855 5178">
     <span class='ocr_line' id='line_1_96' title="bbox 2339 5104 3855 5178; baseline -0.005 -15"><span class='ocrx_word' id='word_1_608' title='bbox 2339 5109 2428 5163; x_wconf 70' lang='grc'>54.</span> <span class='ocrx_word' id='word_1_609' title='bbox 2471 5111 2557 5161; x_wconf 84' lang='grc' dir='ltr'><strong>Ἑν</strong></span> <span class='ocrx_word' id='word_1_610' title='bbox 2588 5112 2652 5178; x_wconf 80' lang='grc' dir='ltr'>τῇ</span> <span class='ocrx_word' id='word_1_611' title='bbox 2695 5110 2806 5162; x_wconf 79' lang='grc' dir='ltr'>ἄνω</span> <span class='ocrx_word' id='word_1_612' title='bbox 2843 5106 3198 5178; x_wconf 81' lang='grc' dir='ltr'>Ἰερουσαλήμ</span> <span class='ocrx_word' id='word_1_613' title='bbox 3235 5105 3536 5170; x_wconf 78' lang='grc' dir='ltr'>ἐξανατελῶ</span> <span class='ocrx_word' id='word_1_614' title='bbox 3568 5111 3666 5173; x_wconf 71' lang='grc' dir='ltr'><strong>τήν</strong></span> <span class='ocrx_word' id='word_1_615' title='bbox 3697 5104 3855 5173; x_wconf 74' lang='grc' dir='ltr'>βασι-</span> 
     </span>
    </p>
   </div>
   <div class='ocr_carea' id='block_1_97' title="bbox 602 5197 2196 5272">
    <p class='ocr_par' dir='ltr' id='par_1_97' title="bbox 602 5198 2162 5270">
     <span class='ocr_line' id='line_1_97' title="bbox 602 5198 2162 5270; baseline 0.004 -24"><span class='ocrx_word' id='word_1_616' title='bbox 602 5198 800 5265; x_wconf 81' lang='lat' dir='ltr'><strong>populo</strong></span> <span class='ocrx_word' id='word_1_617' title='bbox 829 5198 1133 5254; x_wconf 85' lang='lat' dir='ltr'><strong>desiderato</strong></span> <span class='ocrx_word' id='word_1_618' title='bbox 1162 5217 1175 5251; x_wconf 92' lang='lat'><strong>:</strong></span> <span class='ocrx_word' id='word_1_619' title='bbox 1213 5198 1378 5252; x_wconf 85' lang='lat' dir='ltr'><strong>David</strong></span> <span class='ocrx_word' id='word_1_620' title='bbox 1422 5200 1565 5254; x_wconf 91' lang='lat' dir='ltr'><strong>enim</strong></span> <span class='ocrx_word' id='word_1_621' title='bbox 1609 5200 1995 5270; x_wconf 86' lang='lat' dir='ltr'><strong>interpretatur</strong></span> <span class='ocrx_word' id='word_1_622' title='bbox 2021 5201 2162 5253; x_wconf 81' lang='lat' dir='ltr'><strong>desi-</strong></span> 
     </span>
    </p>
   </div>
   <div class='ocr_carea' id='block_1_98' title="bbox 2259 5197 3853 5272">
    <p class='ocr_par' dir='ltr' id='par_1_98' title="bbox 2266 5197 3853 5272">
     <span class='ocr_line' id='line_1_98' title="bbox 2266 5197 3853 5272; baseline 0 -20"><span class='ocrx_word' id='word_1_623' title='bbox 2266 5201 2411 5254; x_wconf 83' lang='grc' dir='ltr'>λείαν</span> <span class='ocrx_word' id='word_1_624' title='bbox 2435 5203 2511 5272; x_wconf 82' lang='grc' dir='ltr'><strong>τῷ</strong></span> <span class='ocrx_word' id='word_1_625' title='bbox 2539 5201 2651 5270; x_wconf 81' lang='grc' dir='ltr'>λαῷ</span> <span class='ocrx_word' id='word_1_626' title='bbox 2677 5201 2753 5270; x_wconf 82' lang='grc' dir='ltr'>τῷ</span> <span class='ocrx_word' id='word_1_627' title='bbox 2779 5201 3146 5272; x_wconf 79' lang='grc' dir='ltr'>πεποθημένῳ</span> <span class='ocrx_word' id='word_1_628' title='bbox 3166 5218 3179 5230; x_wconf 87' lang='grc'>·</span> <span class='ocrx_word' id='word_1_629' title='bbox 3209 5197 3384 5252; x_wconf 74' lang='grc' dir='ltr'><strong>Δαόὶδ</strong></span> <span class='ocrx_word' id='word_1_630' title='bbox 3410 5198 3518 5267; x_wconf 78' lang='grc' dir='ltr'>γὰρ</span> <span class='ocrx_word' id='word_1_631' title='bbox 3546 5199 3853 5268; x_wconf 77' lang='grc' dir='ltr'>ἑρμηνεύε-</span> 
     </span>
    </p>
   </div>
   <div class='ocr_carea' id='block_1_99' title="bbox 602 5294 2196 5362">
    <p class='ocr_par' dir='ltr' id='par_1_99' title="bbox 602 5299 768 5345">
     <span class='ocr_line' id='line_1_99' title="bbox 602 5299 768 5345; baseline 0.036 -6"><span class='ocrx_word' id='word_1_632' title='bbox 602 5299 768 5345; x_wconf 70' lang='lat' dir='ltr'><strong>ratus.</strong></span> 
     </span>
    </p>
   </div>
   <div class='ocr_carea' id='block_1_100' title="bbox 1220 5294 2814 5362">
    <p class='ocr_par' dir='ltr' id='par_1_100' title="bbox 2265 5294 2814 5362">
     <span class='ocr_line' id='line_1_100' title="bbox 2265 5294 2814 5362; baseline 0.002 -16"><span class='ocrx_word' id='word_1_633' title='bbox 2265 5312 2351 5346; x_wconf 87' lang='grc' dir='ltr'><strong>ται</strong></span> <span class='ocrx_word' id='word_1_634' title='bbox 2385 5294 2814 5362; x_wconf 76' lang='grc' dir='ltr'><strong>πεποθημένος.</strong></span> 
     </span>
    </p>
   </div>
   <div class='ocr_carea' id='block_1_101' title="bbox 1552 5511 2884 5595">
    <p class='ocr_par' dir='ltr' id='par_1_101' title="bbox 1552 5511 2884 5595">
     <span class='ocr_line' id='line_1_101' title="bbox 1552 5511 2884 5595; baseline -0.002 -18"><span class='ocrx_word' id='word_1_635' title='bbox 1552 5516 1855 5577; x_wconf 81' lang='lat' dir='ltr'><strong>Addenda</strong></span> <span class='ocrx_word' id='word_1_636' title='bbox 1889 5525 1949 5578; x_wconf 87' lang='lat' dir='ltr'><strong>et</strong></span> <span class='ocrx_word' id='word_1_637' title='bbox 1980 5516 2363 5595; x_wconf 77' lang='lat' dir='ltr'><strong>corrigenda.</strong></span> <span class='ocrx_word' id='word_1_638' title='bbox 2399 5533 2475 5575; x_wconf 81' lang='lat' dir='ltr'><strong>ex</strong></span> <span class='ocrx_word' id='word_1_639' title='bbox 2508 5514 2648 5575; x_wconf 91' lang='lat' dir='ltr'><strong>cod.</strong></span> <span class='ocrx_word' id='word_1_640' title='bbox 2689 5511 2884 5574; x_wconf 77' lang='lat' dir='ltr'><strong>Vatic.</strong></span> 
     </span>
    </p>
   </div>
   <div class='ocr_carea' id='block_1_102' title="bbox 668 5697 2262 5773">
    <p class='ocr_par' dir='ltr' id='par_1_102' title="bbox 668 5697 1573 5773">
     <span class='ocr_line' id='line_1_102' title="bbox 668 5697 1573 5773; baseline 0.001 -22"><span class='ocrx_word' id='word_1_641' title='bbox 775 5698 962 5773; x_wconf 48' lang='lat' dir='ltr'><strong>acroi,</strong></span> <span class='ocrx_word' id='word_1_642' title='bbox 988 5708 1092 5773; x_wconf 75' lang='lat' dir='ltr'><strong>etc.</strong></span> <span class='ocrx_word' id='word_1_643' title='bbox 1189 5771 1197 5773; x_wconf 71' lang='lat'><strong><em>_</em></strong></span> <span class='ocrx_word' id='word_1_644' title='bbox 1247 5771 1255 5773; x_wconf 10' lang='grc' dir='ltr'><em>ᾗ</em></span> <span class='ocrx_word' id='word_1_645' title='bbox 1557 5751 1573 5771; x_wconf 48' lang='grc' dir='ltr'><em>δ</em></span> 
     </span>
    </p>
   </div>
   <div class='ocr_carea' id='block_1_103' title="bbox 1250 5697 2844 5773">
    <p class='ocr_par' dir='ltr' id='par_1_103' title="bbox 1250 5703 2844 5773">
     <span class='ocr_line' id='line_1_103' title="bbox 1250 5703 2844 5773; baseline -0.009 -4"><span class='ocrx_word' id='word_1_646' title='bbox 1250 5771 1255 5773; x_wconf 58' lang='grc'>,</span> <span class='ocrx_word' id='word_1_647' title='bbox 1557 5751 1573 5771; x_wconf 77' lang='lat'><strong>.</strong></span> <span class='ocrx_word' id='word_1_648' title='bbox 2263 5703 2559 5773; x_wconf 76' lang='grc' dir='ltr'>παθήματά</span> <span class='ocrx_word' id='word_1_649' title='bbox 2595 5719 2713 5771; x_wconf 88' lang='grc' dir='ltr'>μου,</span> <span class='ocrx_word' id='word_1_650' title='bbox 2748 5711 2844 5755; x_wconf 73' lang='lat' dir='ltr'><strong>etc.</strong></span> 
     </span>
    </p>
   </div>
   <div class='ocr_carea' id='block_1_104' title="bbox 669 5768 2263 5848">
    <p class='ocr_par' dir='ltr' id='par_1_104' title="bbox 669 5768 2134 5837">
     <span class='ocr_line' id='line_1_104' title="bbox 669 5768 2134 5837; baseline 0.005 -17"><span class='ocrx_word' id='word_1_651' title='bbox 669 5769 744 5837; x_wconf 81' lang='grc'><strong>(2)</strong></span> <span class='ocrx_word' id='word_1_652' title='bbox 776 5768 836 5821; x_wconf 81' lang='grc' dir='ltr'>Ν.</span> <span class='ocrx_word' id='word_1_653' title='bbox 870 5769 960 5825; x_wconf 81' lang='grc'><strong>25.</strong></span> <span class='ocrx_word' id='word_1_654' title='bbox 1001 5772 1122 5825; x_wconf 69' lang='grc' dir='ltr'><strong>Ἐὰν</strong></span> <span class='ocrx_word' id='word_1_655' title='bbox 1155 5771 1202 5824; x_wconf 76' lang='grc' dir='ltr'>οἱ</span> <span class='ocrx_word' id='word_1_656' title='bbox 1240 5771 1381 5836; x_wconf 58' lang='lat' dir='ltr'><strong>Evn;</strong></span> <span class='ocrx_word' id='word_1_657' title='bbox 1412 5773 1532 5832; x_wconf 79' lang='grc' dir='ltr'>ὑπό.</span> <span class='ocrx_word' id='word_1_658' title='bbox 1557 5768 1664 5829; x_wconf 78' lang='lat' dir='ltr'><strong>etc.</strong></span> <span class='ocrx_word' id='word_1_659' title='bbox 1697 5773 1758 5827; x_wconf 72' lang='grc' dir='ltr'>Ν.</span> <span class='ocrx_word' id='word_1_660' title='bbox 1787 5774 1874 5829; x_wconf 69' lang='grc'>24.</span> <span class='ocrx_word' id='word_1_661' title='bbox 1913 5775 2017 5828; x_wconf 70' lang='grc' dir='ltr'>Καὶ</span> <span class='ocrx_word' id='word_1_662' title='bbox 2070 5775 2134 5828; x_wconf 67' lang='grc' dir='ltr'>τὶ</span> 
     </span>
    </p>
   </div>
   <div class='ocr_carea' id='block_1_105' title="bbox 1244 5768 2838 5848">
    <p class='ocr_par' dir='ltr' id='par_1_105' title="bbox 1244 5768 2838 5848">
     <span class='ocr_line' id='line_1_105' title="bbox 1244 5768 2838 5848; baseline 0.001 -23"><span class='ocrx_word' id='word_1_663' title='bbox 1244 5771 1381 5836; x_wconf 78' lang='grc' dir='ltr'>5ντες</span> <span class='ocrx_word' id='word_1_664' title='bbox 1412 5773 1532 5832; x_wconf 79' lang='grc' dir='ltr'>ὑπό.</span> <span class='ocrx_word' id='word_1_665' title='bbox 1557 5768 1664 5829; x_wconf 78' lang='lat' dir='ltr'><strong>etc.</strong></span> <span class='ocrx_word' id='word_1_666' title='bbox 1697 5773 1758 5827; x_wconf 72' lang='grc' dir='ltr'>Ν.</span> <span class='ocrx_word' id='word_1_667' title='bbox 1787 5774 1874 5829; x_wconf 69' lang='grc'>24.</span> <span class='ocrx_word' id='word_1_668' title='bbox 1913 5775 2017 5828; x_wconf 70' lang='grc' dir='ltr'>Καὶ</span> <span class='ocrx_word' id='word_1_669' title='bbox 2070 5775 2134 5828; x_wconf 67' lang='grc' dir='ltr'>τὶ</span> <span class='ocrx_word' id='word_1_670' title='bbox 2317 5768 2690 5844; x_wconf 71' lang='grc' dir='ltr'><strong>(5)”Ἐνοικεῖ,</strong></span> <span class='ocrx_word' id='word_1_671' title='bbox 2720 5783 2838 5848; x_wconf 69' lang='lat' dir='ltr'><strong>etc.l</strong></span> 
     </span>
    </p>
   </div>
  </div>
