4036 6470
147 410 292 464 1ἳ5¹5
1063 399 1148 455 DE
1189 399 1348 455 TITU
1361 398 1464 453 LIS
1502 398 1741 453 PSALMl

1827 398 1952 454 UH.
1984 429 2053 438 —
2083 397 2278 453 PSAL.
2319 393 2577 454 CXXXII.
3281 399 3417 453 1254

219 531 315 586 55.
376 528 656 600 Ητοίμασα
679 525 872 596 λύχνον
900 525 976 595 τῷ
1005 523 1223 596 Χριστῷ
1256 541 1378 593 μου.
1760 529 1807 584 Α

1338 543 1378 577 δ.
1760 529 1807 584 Α
1903 520 1991 574 55.
2021 519 2210 574 Paravi
2241 520 2518 573 lucernam
2549 517 2767 573 Christo
2792 533 2932 574 meo.

219 623 314 677 56.
349 623 485 685 Τοὺς
520 621 748 690 ἐχθροὺς
776 619 937 671 αὐτοῦ
968 617 1172 670 ἐνδύσω
1203 616 1485 686 αἰσχύνην.

1904 613 1992 667 56.
2027 611 2286 666 Inimicos
2319 612 2436 680 ejus
2467 611 2688 665 induam
2723 609 3049 665 confusione
3084 627 3099 664 :

222 717 315 770 ⁸57,
358 715 480 766 Ἐπὶ
504 714 560 766 δέ
595 713 753 766 αὑτὸν
779 710 1063 780 ἐξανθήσει
1093 709 1153 760 τὸ
1177 707 1418 776 ἁγίασμά
1452 725 1575 776 μου.

1902 705 1990 758 ⁸57.
2014 703 2189 772 Super
2208 704 2384 772 ipsum
2401 711 2582 756 autem
2601 702 2867 755 elllorebit
2884 703 3243 755 sanctiﬁcatio
3267 716 3413 754 mea.

223 806 368 876 ’ῼδὴ
401 806 519 858 τῶν
542 802 914 872 Ἀναϐαθμῶν
943 800 1022 865 τῷ
1047 799 1243 852 Δαϐἰδ,
1283 802 1452 852 ΨΑΛ.
1484 801 1662 852 PAB'.

1960 794 2238 850 Canticum
2267 792 2530 863 graduum
2561 792 2750 846 David.
2787 791 2987 846 PSAL.
3018 787 3311 847 CXXXII.

225 899 280 951 1.
314 899 445 950 Ἰδοὺ
473 896 536 966 δὴ
563 896 613 948 τί
644 895 827 955 καλὸν,
854 893 886 964 ἢ
912 893 963 944 τί
990 892 1247 962 τερπνὸν,

1908 887 1956 938 1.
1993 885 2133 939 Ecce
2162 901 2325 954 quam
2359 885 2584 947 bonum,
2617 893 2671 938 et
2699 899 2864 952 quam
2889 883 3213 953 jucundum,

222 991 279 1043 2.
305 989 443 1043 Ἀλλ’
471 989 502 1058 ἦ
527 989 587 1040 τὸ
616 989 886 1040 κατοικεῖν
915 983 1175 1051 ἀδελφοὺς
1205 981 1296 1033 ἐπὶ
1321 979 1381 1032 τὸ
1405 978 1534 1031 αύτό
1556 996 1570 1041 ;

1220 981 1296 1032 επὶ
1321 979 1381 1032 τὸ
1405 978 1570 1041 αὑτός
1911 978 1965 1032 2.
2003 977 2258 1030 Habitare
2289 975 2487 1030 fratres
2521 976 2574 1028 in
2607 977 2814 1029 unum!

225 1081 281 1133 '5.
321 1081 408 1142 Ὠς
438 1078 606 1150 μύρον
637 1077 728 1130 ἐπὶ
763 1075 1026 1144 κεφαλῆς,
1059 1074 1120 1124 τὸ
1151 1070 1475 1125 καταϐαῖνον
1500 1071 1592 1121 ἐπὶ
1626 1067 1738 1121 πώ-

1915 1071 1967 1123 5.
2005 1068 2158 1123 Sicut
2190 1077 2528 1139 unguentum
2561 1068 2615 1121 in
2643 1067 2842 1136 capite,
2875 1068 3019 1137 quod
3054 1066 3333 1122 descendit
3364 1067 3417 1119 in

150 1189 307 1241 γωνα
327 1212 342 1233 ,

1849 1161 2094 1218 narbam.

224 1264 280 1317 4.
320 1263 420 1315 Τὸν
454 1261 691 1329 πώγωνα
724 1260 812 1312 τὸν
851 1254 1081 1328 Ἀαρών.

873 1254 1081 1328 Λαρὼν.
1925 1249 1978 1301 4.
2009 1247 2240 1301 Barbam
2266 1247 2467 1310 Aaron,

224 1353 280 1406 5.
304 1352 375 1404 Τὸ
395 1353 719 1404 καταϐαῖνον
747 1351 837 1402 ἐπὶ
863 1350 960 1418 τὴν
982 1345 1094 1417 ᾧαν
1112 1343 1204 1398 τοῦ
1225 1343 1518 1414 ἐνδύματος
1553 1341 1738 1396 αὑτοῦ·

1673 1341 1738 1395 ιῦο
1919 1341 1971 1394 5.
2009 1339 2164 1406 Quod
2187 1339 2468 1394 descendit
2493 1338 2550 1392 in
2586 1353 2738 1393 oram
2772 1338 3082 1394 vestimenti
3107 1339 3226 1409 ejus
3255 1356 3267 1392 :

1309 1456 1680 1512 ATHANASII
1719 1455 2149 1511 INTERPRET!
2166 1455 2299 1511 TlO.

226 1555 320 1609 35.
353 1555 652 1625 Θεωρεῖται
689 1552 762 1622 (1)
811 1551 907 1621 μὲν
945 1552 1024 1614 είς
1072 1549 1161 1602 τὸν
1205 1549 1449 1620 Ἰωάννην
1511 1548 1602 1601 τὸν
1635 1548 1740 1599 Βα-

1909 1548 1999 1601 55.
2049 1547 2414 1617 Spiritualiter
2466 1545 2689 1616 quidem
2746 1546 3054 1617 explicatur
3099 1546 3166 1600 de
3212 1544 3422 1600 Joanne

153 1646 392 1716 ⁴ιιττιστὴν
421 1648 514 1698 καὶ
557 1647 634 1707 εἰς
679 1645 766 1696 τὸν
816 1642 1019 1712 Κύριον
1066 1641 1223 1712 ἡμῶν
1251 1639 1458 1709 Ἰησοῦν
1487 1639 1577 1691 τὸν
1613 1638 1741 1692 Υἱὸν

1839 1637 2101 1708 Baptista,
2138 1647 2192 1693 et
2236 1638 2302 1691 de
2350 1637 2580 1691 Domino
2624 1646 2814 1690 nostro
2857 1636 2984 1693 Jesu
3021 1637 3160 1691 Filio
3191 1637 3305 1691 Dei.
3339 1639 3420 1692 Ad

151 1739 252 1791 τοῦ
289 1737 458 1790 Θεοῦ·
509 1736 604 1789 καὶ
640 1735 775 1805 πρὸς
821 1734 888 1787 τά
917 1734 1174 1803 δεδομένα
1210 1729 1522 1803 [λεγόμενα]
1556 1730 1611 1783 δέ
1646 1729 1742 1783 ἀλ-

1840 1746 1905 1784 ea
1958 1740 2138 1784 autem
2179 1745 2302 1799 quae
2347 1729 2489 1783 dicta
2525 1737 2687 1794 sunt,
2723 1729 3009 1798 allegorice
3051 1731 3214 1784 etiam
3265 1731 3419 1795 illud,

151 1829 473 1900 ληγορεῖται
503 1828 582 1887 τὸ,
623 1827 939 1894 Ἠτοίμιισα
970 1824 1202 1890 λύχνον
1231 1821 1310 1885 τῷ
1349 1819 1579 1887 Χριστῷ
1601 1837 1743 1888 μου,

1843 1820 2039 1874 Paravi
2090 1823 2359 1874 lucernam
2411 1820 2626 1874 Christo
2679 1838 2811 1886 meo,
2841 1823 3132 1891 exponitur
3176 1823 3229 1876 in
3279 1823 3425 1876 hunc

149 1921 454 1974 τουτέστιν·
507 1917 824 1988 Ηύτρέπισα
870 1915 983 1982 φῶς
1035 1913 1201 1966 ἀΐδιον
1230 1911 1308 1981 τῷ
1357 1909 1472 1980 λαῷ
1523 1927 1623 1979 μου
1668 1909 1743 1979 τῷ

1847 1915 2068 1968 modum
2109 1932 2122 1967 :
2173 1913 2367 1968 Paravi
2403 1913 2580 1967 lucem
2625 1921 2881 1967 aeternam
2915 1916 3116 1984 popqu
3151 1930 3293 1978 meo,
3331 1917 3424 1984 qui

150 2012 434 2083 χρισθέντι
483 2010 580 2081 τὴν
627 2010 786 2081 χάριν
830 2006 925 2060 τοῦ
974 2005 1126 2072 ἁγίου
1174 2002 1490 2074 Πνεύματος
1533 2001 1620 2055 διὰ
1650 2003 1743 2055 τοῦ

1740 2027 1743 2049 ι
1778 2001 1817 2017 ¹¹
1848 2016 2042 2060 unctus
2069 2014 2152 2060 est
2183 2007 2357 2076 gratia
2391 2004 2630 2075 Spiritus
2658 2006 2829 2061 sancti
2861 2021 2954 2076 per
2980 2006 3334 2075 baptismum.

153 2103 566 2174 βαπτίσματος.

230 2192 322 2247 56.
372 2194 481 2256 Τὰς
517 2190 764 2251 ἐναντίας
811 2186 1101 2256 δυνάμεις,
1141 2184 1235 2238 καὶ
1273 2183 1370 2246 τὰς
1428 2183 1602 2254 ἀρχὰς
1653 2182 1746 2235 καὶ

1912 2179 2000 2234 56.
2029 2178 2343 2235 Contrarias
2382 2182 2632 2247 virtutes,
2666 2192 2723 2237 et
2769 2184 3131 2255 principatus,
3176 2195 3231 2242 et
3274 2198 3429 2257 pote—

153 2285 260 2348 τὰς
297 2284 544 2349 ἐξουσίας
569 2281 662 2334 τοῦ
689 2277 957 2339 διαϐόλου,
987 2276 1080 2328 καὶ
1113 2277 1237 2337 τοὺς
1265 2273 1622 2345 πειθομένους
1653 2275 1747 2327 αύ-

1850 2282 2019 2326 states
2043 2273 2265 2338 diaboli,
2300 2281 2354 2328 et
2378 2288 2472 2327 eos
2506 2275 2600 2343 qui
2637 2275 2744 2330 illis
2781 2275 3063 2340 obediunt,
3101 2289 3156 2332 ct
3200 2282 3290 2348 qui
3322 2281 3430 2334 ini-

151 2379 284 2437 ταῖς
321 2375 416 2445 (2),
463 2374 556 2426 καὶ
605 2370 816 2440 ἐχθροῖς
859 2363 978 2420 οὖσι
1029 2366 1123 2417 τοῦ
1169 2365 1297 2417 λαοῦ
1346 2382 1483 2435 μου,
1537 2365 1743 2419 ἐνδύσω

1846 2363 1972 2417 mici
2008 2371 2136 2417 sunt
2171 2363 2370 2432 populo
2411 2378 2553 2432 meo,
2597 2364 2819 2418 induam
2866 2363 3190 2422 confusione
3226 2377 3429 2425 aeterna

155 2467 427 2537 αἰσχύνην
456 2462 669 2517 αἰώνιον
695 2463 752 2512 ἐν
775 2463 840 2530 τῇ
868 2459 1050 2529 ἡμέρᾳ
1075 2458 1172 2527 τῆς
1201 2458 1455 2527 κρίσεως.

695 2463 752 2512 ἐν
775 2463 840 2530 τῇ
868 2459 1050 2529 ἡμέρᾳ
1075 2458 1172 2527 τῆς
1201 2458 1455 2527 κρίσεως.
1857 2455 1910 2507 in
1937 2454 2024 2506 die
2053 2453 2267 2522 judicii.

233 2560 326 2614 57.
357 2557 482 2610 Ἐπὶ
529 2555 584 2608 δὲ
623 2554 712 2607 τὸν
759 2552 914 2623 χορὸν
961 2550 1071 2603 τῶν
1120 2549 1287 2616 ἁγίων
1323 2548 1741 2620 ἐπελεύσεταιή

1927 2546 2014 2600 57.
2046 2545 2222 2616 Super
2250 2548 2479 2600 chorum
2510 2556 2692 2601 autem
2738 2557 3053 2605 sanctorum
3093 2553 3270 2609 veniet
3307 2571 3431 2626 gra-

155 2649 325 2720 χάρις
351 2665 473 2720 μου,
509 2647 602 2699 καὶ
632 2643 999 2713 ἐκλάμψουσιν
1023 2640 1096 2702 ὡς
1123 2643 1150 2692 ὁ
1177 2641 1251 2709 (5)
1285 2640 1454 2709 ἣλιος.

1331 2640 1454 2702 λιος.
1857 2637 1929 2691 tia
1963 2654 2104 2701 mea,
2135 2649 2189 2692 et
2223 2638 2505 2709 fulgebunt
2535 2649 2792 2710 tanquam
2825 2643 2925 2696 sol.

248 2765 315 2817 Ἦ
340 2759 674 2833 προκειμένη
706 2752 983 2824 ἐπιγραφὴ
1019 2750 1258 2821 περιέχει
1292 2750 1389 2819 (4)·
1422 2749 1562 2819 ’ῼδὴ
1611 2748 1729 2802 τῶν
1767 2749 2135 2818 Ἁναϐαθμῶν
2175 2751 2255 2815 τῷ
2283 2751 2479 2817 Δαϐὶδ,
2515 2753 2759 2805 τουτέστι
2791 2752 2977 2824 τέρψις
3006 2755 3306 2827 ὑπάρχουσι
3339 2764 3434 2816 καὶ

158 2859 485 2928 ἀγαλλίασις
509 2855 586 2925 τῷ
615 2852 728 2922 Υἱῷ
754 2848 844 2902 τοῦ
874 2845 1008 2898 Θεοῦ
1043 2847 1089 2897 οἱ
1120 2844 1499 2908 ἀναϐαίνοντες
1528 2845 1605 2907 είς
1635 2845 1731 2913 τὴν
1764 2843 1972 2896 τελείαν
2017 2843 2217 2911 γνῶσιν
2243 2846 2342 2915 τῆς
2370 2847 2673 2916 ἀποταγῆς.
2704 2846 2889 2917 ἐπειδὴ
2916 2847 3023 2919 γὰρ
3057 2849 3085 2899 ὁ
3120 2850 3226 2921 πρὸ
3267 2853 3431 2907 αὑτοῦ

159 2956 379 3026 eam;
413 2957 474 3006 ἐκ
507 2949 796 3023 προσώπου
831 2945 936 2997 τῶν
965 2945 1420 3014 ἀποτασσομένων
1451 2942 1527 3011 τῷ
1555 2942 1744 3012 κόσμῳ
1770 2940 2006 3012 εἴρηται,
2039 2940 2130 2993 διὰ
2160 2937 2316 2994 τοῦτο
2348 2945 2404 2995 ἐν
2439 2944 2613 3014 τούτῳ
2640 2945 2718 3016 τῷ
2749 2946 2948 3020 ψαλμῷ
2977 2951 3036 3002 οὐ
3071 2950 3216 3019 λέγει
3252 2953 3433 3022 μόνον,

161 3053 243 3113 ὡς
292 3053 348 3101 ἐν
389 3051 500 3108 τοῖς
535 3043 638 3114 πρὸ
682 3040 846 3094 αὑτοῦ
886 3039 1240 3109 ἀναϐαθμοῖςν
1265 3037 1405 3106 ’ῼδὴ
1444 3037 1562 3090 τῶν
1603 3035 2002 3105 Ἀναὸαθμῶνο
2039 3036 2172 3089 ἀλλά
2203 3039 2525 3108 προστίθησι
2555 3036 2616 3092 τὸ
2650 3040 2727 3105 τῷ
2751 3043 2946 3108 Δαϐὶδ,
2979 3045 3061 3098 ἵνα
3089 3042 3324 3120 δῆλον
3354 3049 3435 3100 ὅτι

161 3147 356 3202 τούτου
386 3143 477 3196 τοῦ
503 3137 816 3209 ἀναϐαθμοῦ
849 3138 881 3206 ἡ
909 3131 1017 3202 ᾠδὴ
1048 3128 1126 3194 τῷ
1157 3128 1338 3193 ἱκανῷ
1369 3127 1441 3196 τῇ
1473 3128 1647 3195 χειρί,
1683 3127 1880 3180 ὡσανεὶ
1909 3125 1987 3198 τῷ
2023 3129 2135 3198 Υἰῷ
2163 3129 2256 3181 τοῦ
2287 3129 2444 3192 Θεοῦ,
2471 3131 2704 3202 εἴρηται.
2742 3134 2861 3204 ᾨδὴ
2892 3135 2999 3205 γὰρ
3026 3135 3216 3206 τέρψις
3250 3139 3397 3192 ἐστίν
3417 3155 3431 3170 ·

162 3241 287 3298 εἶτα
315 3243 432 3296 τῶν
469 3235 855 3305 Ἀναϐαθμῶν,
883 3231 1024 3299 λέγω
1049 3229 1112 3300 δὴ
1141 3226 1246 3278 τῶν
1276 3225 1602 3279 ἀνελθόντων
1631 3223 1736 3276 ἀπὸ
1769 3223 1861 3276 τοῦ
1892 3223 2336 3294 τρισκαιδεκάτου
2365 3224 2683 3296 ἀναϐαθμοῦ
2728 3229 2820 3281 ἐπὶ
2846 3229 2935 3283 τὸν
2982 3233 3433 3302 τεσσαρεσκαιδέ.

165 3355 358 3392 κατον.
385 3331 521 3388 Εἶτα
545 3332 624 3397 τῷ
650 3329 847 3389 Δαϐὶδ,
881 3327 955 3388 ὡς
985 3327 1263 3395 προεῖπον,
1301 3320 1660 3392 ἑρμηνεύεται
1690 3318 1768 3384 τῷ
1806 3318 1988 3384 ἱκανῷ
2017 3319 2090 3388 τῇ
2119 3319 2288 3388 χειρὶ,
2317 3323 2460 3390 φημὶ
2491 3321 2554 3394 δὴ
2583 3322 2659 3394 τῷ
2690 3323 2801 3395 Υίῷ
2829 3325 2922 3378 τοῦ
2956 3326 3111 3380 Θεοῦ·
3145 3329 3220 3392 ὡς
3249 3335 3434 3401 προεῖ-

167 3451 273 3487 πον
307 3429 422 3493 οὖν,
456 3429 673 3501 τέρψεις
707 3426 782 3494 (5)
814 3422 1114 3490 ὑπάρχουσι
1143 3419 1220 3486 τῷ
1248 3417 1360 3486 Υίῷ
1382 3415 1475 3469 τοῦ
1510 3415 1645 3468 Θεοῦ
1679 3417 1726 3468 οἱ
1759 3415 2137 3478 ἀναϐαίνοντες
2167 3419 2246 3480 είς
2273 3417 2370 3487 τὴν
2396 3417 2604 3470 τελείαν
2641 3419 2841 3486 γνῶσιν
2878 3422 2977 3491 τῆς
3020 3423 3324 3495 ἀποταγῆς,
3359 3427 3436 3492 ὡς

166 3527 266 3578 καὶ
295 3527 322 3575 ὁ
354 3522 566 3593 πρῶτος
607 3519 786 3588 στίχος
813 3516 982 3585 δηλοῖ,
1007 3515 1113 3567 ἀπὸ
1140 3513 1329 3564 τούτου
1365 3513 1567 3581 Κυρίου
1602 3511 1675 3581 (6)
1711 3511 1978 3578 λέγοντος.

247 3614 463 3667 Titulus
490 3611 812 3680 pnepositus
847 3606 1088 3660 continet
1120 3621 1133 3656 :
1172 3602 1453 3656 Canticum
1483 3600 1760 3654 Graduum
1796 3600 1989 3664 David,
2021 3600 2122 3654 hoc
2150 3608 2233 3655 est
2266 3601 2614 3656 oblectationi
2655 3614 2708 3659 et
2750 3608 2950 3674 gaudio
2982 3620 3107 3666 sunt
3141 3611 3234 3666 Dei
3269 3612 3431 3678 Filio,

169 3710 268 3778 qui
299 3705 606 3760 ascendunt
639 3703 691 3755 in
724 3699 1017 3771 perfectam
1054 3700 1420 3770 cognitionem
1471 3698 1790 3751 monasticae
1837 3696 2300 3752 renuntiationis:
2348 3698 2610 3767 quoniam
2649 3701 2889 3768 psalmus
2924 3705 3017 3773 qui
3049 3708 3326 3774 praecedit,
3366 3726 3435 3765 ex

173 3816 410 3873 persona
461 3800 639 3855 dictus
690 3809 772 3853 est
819 3813 1008 3853 eorum
1038 3840 1051 3864 ,
1105 3796 1198 3867 qui
1243 3794 1448 3849 mundo
1491 3793 1900 3858 renuntiarunt,
1937 3801 2221 3862 pr0pterea
2257 3791 2311 3845 in
2341 3792 2445 3847 hoc
2474 3794 2702 3862 psalmo
2738 3809 2844 3848 non
2877 3796 3007 3851 dicit
3041 3797 3240 3862 solum,
3281 3807 3338 3852 ut
3378 3802 3432 3854 in

172 3896 606 3968 praecedentibus
639 3895 864 3964 psalmis
910 3893 1303 3964 gradualibus:
1348 3891 1626 3944 Canticum
1662 3887 1958 3955 Craduum,
2004 3887 2098 3942 sed
2138 3887 2356 3942 additur
2399 3888 2572 3942 David
2598 3908 2619 3943 :
2650 3890 2803 3955 adeo,
2839 3901 2895 3946 ut
2942 3893 3290 3949 manifestum
3341 3897 3432 3964 sit,

173 3991 321 4062 quod
351 3990 622 4043 canticum
675 3990 837 4057 hujus
872 3988 1072 4057 gradus
1108 4003 1267 4038 manu
1315 3987 1466 4055 forti,
1502 3986 1604 4040 hoc
1631 3993 1715 4039 est
1746 3983 1837 4038 Dei
1873 3977 2011 4037 Filio
2048 3985 2253 4038 dictum
2293 3994 2375 4037 est
2413 3999 2426 4035 :
2461 3984 2745 4039 Canticum
2796 3995 2976 4040 autem
3007 3987 3296 4042 oblectatio
3328 4000 3430 4044 est.

178 4082 383 4137 Deinde
410 4082 632 4135 verbum
667 4081 798 4134 illud
830 4079 1103 4134 Graduum
1138 4081 1348 4150 explico
1373 4080 1438 4134 de
1484 4079 1549 4134 iis
1583 4081 1675 4150 qui
1704 4079 2004 4134 ascendunt
2037 4093 2067 4131 a
2111 4079 2323 4132 decimo
2355 4079 2513 4132 tertio
2543 4083 2712 4148 gradu
2745 4082 2810 4134 ad
2847 4081 3116 4134 decimum
3151 4095 3431 4152 quartum.

176 4179 424 4233 Deinde:
460 4178 646 4241 David,
679 4177 848 4247 quod,
880 4185 939 4232 ut
968 4186 1127 4231 antea
1160 4177 1294 4240 dixi,
1331 4177 1739 4246 interpretatur,
1777 4191 1935 4228 manu
1970 4173 2119 4242 forti,
2163 4173 2265 4226 hoc
2312 4182 2392 4227 est
2422 4172 2513 4228 Dei
2551 4173 2687 4230 Filio
2720 4191 2732 4225 :
2771 4176 3229 4244 quemadmodum
3268 4179 3434 4248 igitur

176 4272 432 4339 superius
464 4271 596 4332 dixi,
632 4271 982 4325 oblectationi
1028 4284 1155 4326 sunt
1184 4269 1280 4325 Dei
1324 4269 1485 4334 Filio,
1518 4271 1610 4340 qui
1646 4270 1950 4324 ascendunt
1980 4270 2046 4324 ad
2096 4268 2390 4340 perfectam
2427 4272 2794 4342 cognitionem
2823 4274 3261 4342 renuntiationis,
3294 4277 3436 4332 sicut

177 4369 391 4438 primus
421 4367 722 4420 versiculus
753 4366 1011 4431 declarat,
1047 4382 1075 4420 a
1111 4382 1221 4436 quo
1257 4366 1523 4421 Dominus
1556 4367 1628 4419 ita
1662 4381 1970 4420 sermonem
2000 4365 2302 4420 exorditur.

253 4459 304 4521 1,
329 4458 383 4511 2.
418 4458 482 4509 Τί
509 4455 716 4510 τοιοῦτο
746 4456 930 4535 καλὸν,
962 4458 995 4527 ἢ
1030 4458 1082 4510 τί
1110 4460 1338 4530 τερπνὸν
1368 4458 1442 4521 ὼς
1469 4457 1592 4519 τοὺς
1626 4458 1760 4509 ἀπο·
1789 4465 1834 4522 C

1939 4457 1989 4522 l,
2020 4456 2075 4511 2.
2101 4456 2237 4521 Quid
2266 4456 2337 4508 ita
2371 4456 2684 4525 pulchrum,
2727 4465 2820 4510 aut
2845 4456 3171 4525 jucundum,
3199 4459 3340 4514 sicut
3372 4461 3432 4528 ii,

170 4549 514 4619 ταξαμένους
547 4547 624 4618 τῷ
656 4548 842 4619 κόσμῳ
866 4547 998 4619 ὁμοῦ
1030 4545 1168 4603 εἶναι
1205 4547 1499 4619 συμψύχως
1528 4549 1630 4618 (7),
1660 4550 1753 4602 καὶ

1860 4547 1954 4616 qui
1989 4546 2191 4599 mundo
2226 4549 2576 4612 renuntiant,
2609 4563 2730 4602 cum
2779 4548 2943 4602 simul
2989 4549 3100 4604 sint
3127 4553 3432 4620 unanimes,

173 4646 234 4697 ἓν
270 4640 596 4714 φρονοῦντες
618 4657 632 4705 ;

1859 4647 1914 4693 et
1937 4653 2103 4692 unum
2139 4639 2475 4694 sentientes?

246 4737 404 4791 5-5,
445 4733 531 4795 Ὦς
569 4731 630 4784 τὸ
681 4732 850 4803 μύρον
909 4732 969 4786 τὸ
1029 4731 1427 4803 πνευματικὸν,
1470 4723 1622 4801 ᾧπερ
1675 4729 1750 4802 (8)

1931 4731 2046 4786 3-5.
2082 4731 2237 4787 Sicut
2280 4740 2617 4803 unguentum
2652 4734 2964 4803 spirituale,
2989 4749 3099 4805 quo
3128 4743 3324 4792 unctus
3353 4747 3435 4792 est

1134 4847 1436 4908 Addenda
1474 4855 1532 4908 et
1564 4849 1935 4928 corrigenda
1966 4866 2043 4910 ex
2068 4850 2208 4910 cod.
2244 4851 2444 4914 Vatic.

246 4957 324 5045 (ιι)
349 4954 570 5045 Θεωρεί
597 4961 729 5016 etc.,
756 4952 1011 5025 καὶπρὸς
1051 4953 1118 5007 τὰ
1140 4952 1500 5023 ἀποδεδομένα
1548 4953 1626 5018 δέ,
1649 4963 1753 5008 etc.
1865 4955 1988 5045 (leg.
2025 4953 2205 5025 ἴρεως)
2251 4955 2442 5045 ὄνομα,
2485 4967 2591 5037 e_tc.
2781 4959 3018 5044 χάριτος,
3060 4960 3151 5045 καὶ
3181 4960 3279 5045 τῂν
3307 4978 3436 5033 γρη-

250 5025 327 5098 (2)
355 5029 566 5098 ᾼύτοίς,
697 5095 708 5098 _
1864 5025 2114 5098 γόρησιν,
2155 5039 2268 5098 etc.
2309 5030 2406 5079 Διά
2435 5028 2587 5081 τοῦτο
2611 5025 2709 5082 οῦν
2737 5025 3035 5082 ἀπείκασεν
3072 5025 3287 5093 αύτούς,
3318 5025 3430 5086 etc.

361 5097 528 5172 lic-est
549 5107 652 5172 art_.
688 5095 735 5148 ὁ.
902 5163 927 5172 _
946 5163 957 5172 A
1292 5165 1302 5172 _
1470 5163 1577 5172 um
1686 5165 1711 5172 _
2001 5097 2179 5172 ἐπὶ-το
2201 5098 2550 5172 περιστὸμιον
2573 5100 2663 5151 τοῦ
2697 5103 2912 5172 ἱματίου
2934 5118 2946 5130 ·
2973 5101 3128 5153 τοῦτο
3151 5103 3259 5172 γάρ
3287 5105 3434 5155 ἐστιν

274 5107 326 5162 5)
363 5107 519 5149 Deest
549 5107 652 5149 art.
688 5107 735 5148 ο.
1863 5107 1972 5148 καὶ
2001 5107 2092 5148 ἐπὶ
2120 5107 2178 5148 το
2201 5107 2549 5168 περιστόμιον
2573 5107 2663 5151 του
2697 5107 2912 5169 ἱματίου
2934 5118 2946 5130 ·
2973 5107 3128 5153 τοῦτο
3151 5107 3259 5172 γάρ
3287 5107 3434 5155 ἐστιν

249 5107 429 5241 indi
459 5167 545 5241 διὰ
588 5168 688 5235 τῆς
742 5163 1107 5241 Δκινναϐάρεως
1151 5165 1425 5236 περιέχει·
1470 5163 1594 5235 ᾭδὴ
1644 5165 1752 5219 τῶν
1861 5168 1893 5234 ἡ
1929 5165 2010 5241 ᾦα
2038 5165 2130 5241 τοῦ
2165 5168 2485 5241 ἐνδύματος,
2508 5169 2566 5222 τὸ
2589 5171 2939 5241 περιστόμιον
2990 5172 3050 5223 τὸ
3083 5172 3313 5225 κυκλοῦν
3342 5173 3434 5225 τὸν

206 5235 566 5312 Ανᾼαῆαθμμῴν,
597 5238 847 5290 τουτέστι
879 5235 1087 5304 τέρψις,
1120 5235 1232 5290 etc.
1861 5237 2150 5312 τράχηλον,
2187 5235 2611 5312 κα-ιῌζέπληροῦτο
2645 5235 2956 5308 ἀναγκαίως
2991 5241 3083 5293 τοῦ
3131 5243 3303 5312 μύρου
3330 5245 3434 5312 ἀμ-

249 5309 327 5375 (5)
359 5307 582 5377 Τέρψις.
978 5373 1004 5383 η
1861 5306 2085 5427 φότεδρα,
2113 5316 2216 5360 etc.
2258 5309 2380 5361 Ἐπὶ
2412 5306 2507 5381 τὴν
2540 5306 2779 5382 κεφαλὴν
2823 5312 3008 5375 αὑτοῦ,
3043 5306 3319 5366 τουτέστιν
3354 5306 3433 5375 είς

249 5381 324 5427 (δι
356 5379 530 5427 Δτῖλοῖ.
558 5375 688 5427 αὐτὸ
719 5378 880 5427 τοῦτο
912 5392 1006 5426 του
1034 5375 1259 5427 Κυρίου.
1287 5383 1390 5427 etc.
1853 5377 1952 5427 τὴν
2015 5379 2238 5427 ιάνοιαν·
2264 5379 2460 5427 πλτποοῖ
2483 5382 2589 5427 γὰο
2611 5383 2728 5427 tim-
2762 5393 2863 5427 om-
2905 5383 3014 5427 Il‘n.
3027 5385 3107 5427 οοῖ
3131 5383 3187 5427 δὲ
3219 5386 3311 5427 καὶ
3340 5384 3433 5427 κύ-

249 5381 324 5452 (6)
356 5375 688 5452 ἓηλοῇαύτὸ
719 5378 880 5452 τοῦτο
912 5375 1006 5426 τοῦ
1034 5375 1260 5452 Κυρίου,
1287 5383 1390 5430 etc.
1853 5377 1952 5452 τῂν
1983 5375 2238 5452 διάνοιαν·
2264 5375 2589 5450 πληροῖγὰρ
2611 5375 2864 5450 τῆς,’ριε.
2904 5383 3107 5452 Πληροῖ
3131 5383 3187 5434 δὲ
3219 5386 3311 5435 καὶ
3340 5384 3434 5436 κύω

245 5446 323 5521 (7)
358 5446 678 5521 Σῦμψύχους
709 5450 766 5521 τὸ
782 5449 847 5521 ᾲέν
877 5446 1208 5521 φρονοῦντας
1230 5463 1269 5521 ;_
1561 5515 1571 5521 _
1613 5516 1638 5521 _
1680 5517 1690 5521 _
1857 5447 1969 5521 κλῳ
1999 5447 2332 5521 γλυκύτητος
2361 5446 2728 5504 ’διδασκαλίαν
2765 5453 2865 5520 τῆς
3117 5492 3130 5515 ,
3177 5467 3280 5507 ctc.
3327 5456 3435 5507 Καὶ

359 5498 583 5588 ν”όγτέερλ
615 5498 862 5593 ἐέρίρθῇ,
884 5498 1046 5581 ἴδια,
1101 5498 1399 5593 «diesqu
1431 5515 1586 5593 arata
1605 5516 1757 5583 Θεὸν,
2059 5498 2172 5593 ἔστι
2204 5498 2890 5593 ’μῦρἆ
2921 5498 3434 5577 ’ἀῖτέιέεσῖἆέᾆ

179 5587 630 5665 καὶ-ὅντεςηοιοτ,
667 5587 757 5665 καὶ
811 5587 994 5659 ἴρεως.
1047 5597 1202 5665 οιι·Ἄ
1229 5589 1321 5640 κα)⁹
1353 5587 1604 5665 ἐγένετολ
1628 5599 1759 5651 etc.,
1858 5588 2074 5652 αὐτοὺς,
2106 5589 2417 5665 ἐπειδέγπερλ
2448 5594 2510 5665 ἐκ
2547 5592 2654 5645 τῶν
2702 5587 2980 5665 τεσσάρων
3030 5594 3248 5665 ἐκείνων
3279 5595 3433 5665 εἰρή-

180 5661 444 5734 aptatae
481 5660 678 5734 ἱερεύς,
701 5656 854 5734 ὃτανξ
880 5656 1315 5734 προεχειρίζετο,
1352 5670 1492 5734 εξιίξηΔ
1519 5660 1762 5729 κάλαμος

1859 5674 2054 5734 κάμεν,
2093 5672 2195 5734 etc.
2243 5656 2434 5734 Εἷς-τὸ
2470 5662 2667 5726 ἔλαιον,
2709 5674 2811 5717 ctc.
2852 5656 3040 5734 Μεότὴ
3093 5664 3295 5727 ἐλέους,
3323 5656 3429 5720 éié.

178 5727 484 5791 δέεύωδίας
501 5728 668 5801 ἐστίν,
698 5741 804 5801 etc.
834 5727 1624 5801 Ὀπερίηρμηνεύθησμύρνω
1648 5727 1756 5801 etc.
1860 5729 2044 5801 ψύρον
2074 5731 2393 5801 -νὲκκενωθὲν
2445 5733 2675 5796 εὐωδίας
2699 5749 2712 5762 ⁸
2763 5727 3102 5801 ἀναγκαίώςν
3157 5746 3262 5790 διο·
3324 5734 3432 5787 Τοῦ

178 5747 236 5783 οε
260 5747 484 5791 ευωοιας
501 5747 668 5792 εστιν,
698 5747 804 5784 etc.
861 5747 1010 5800 υπερ
1033 5747 1624 5850 ηρμηνευυτὶησμυρνα,
1648 5747 1756 5781 etc.
1860 5747 2044 5797 mupov
2094 5747 2393 5784 εκκενωυεν
2445 5747 2675 5796 ευωοιας
2699 5749 2712 5762 ·
2763 5747 3102 5801 αναγκαιως,
3157 5750 3186 5788 e

178 5805 313 5871 ὅπερ
344 5799 661 5870 ἡρμηνεύοη
695 5799 753 5851 τὸ
788 5801 1163 5872 κιννάμωμον,
1196 5809 1298 5853 εις,
1340 5801 1349 5814 ’
1384 5798 1411 5849 ὸ
1439 5800 1534 5868 τῆς
1566 5799 1753 5868 ἱερέως
1864 5799 2099 5868 Χριστοῦ
2128 5803 2267 5855 κατά
2295 5803 2452 5872 χάριν
2485 5803 2786 5873 μέλλοντος,
2814 5806 3057 5870 εἰκότως,
3085 5815 3190 5860 etc.
