4036 6432
636 358 774 412 1255

1479 354 1533 406 S.
1570 349 1940 406 ATHANASII
1979 349 2129 405 OPP.
2173 346 2354 403 PARS
2394 345 2477 401 111.
2517 377 2587 389 -
2621 346 3027 405 EXEGETICA.

3742 354 3880 409 ηδε

1753 469 2125 526 ATHANASII
2165 464 2742 522 INTERPRETATIO.

633 590 833 653 Aaron,
870 589 941 642 ita
992 596 1140 651 sunt,
1174 596 1227 641 et
1258 602 1346 657 qut
1390 587 1590 641 mundo
1636 588 1931 642 morientes
1967 587 2067 656 ipsi
2109 602 2195 640 re-

2297 578 2517 650 ὲχρίσθη
2568 577 2794 648 Ἀαρὼν,
2827 576 2997 639 οὕτως
3024 577 3129 628 είσὶ
3156 578 3250 629 καὶ
3287 579 3335 629 oi
3373 576 3789 657 ἀποταξάμενοι
3812 581 3887 649 τῷ

634 682 1041 743 nuntiarunt,et
1068 680 1347 731 unanimes
1373 688 1519 731 sunt.
1542 675 1674 730 Nam
1704 678 1829 730 illud
1860 692 2189 747 unguentum

634 772 1057 840 componebatur
1079 786 1144 823 ex
1173 770 1411 840 myrrha,
1439 778 1492 823 et
1517 770 1883 832 cinnamomo,
1907 777 1959 822 et
1987 769 2193 823 calamo

635 864 769 916 bene
801 863 986 923 olenti,
1017 872 1069 915 et
1093 862 1224 914 iride
1255 861 1328 932 (a)
1357 881 1369 915 :
1397 863 1508 915 huic
1537 862 1683 915 enim
1735 863 2102 915 miscebantur
2138 862 2191 915 in

635 954 773 1017 oleo,
802 965 961 1022 atque
992 954 1059 1005 ita
1092 954 1250 1006 tiebat
1275 962 1606 1020 unguentum
1640 960 2059 1020 unguentorum,
2085 966 2193 1020 quo

636 1045 935 1114 ungebatur
977 1044 1248 1105 sacerdos,
1278 1059 1398 1096 cum
1429 1042 1743 1096 initiabatur
1789 1044 1855 1096 ad
1891 1058 2042 1095 sacra
2084 1042 2192 1095 Deo

635 1135 877 1188 facienda
906 1152 917 1186 :
952 1134 1021 1186 ita
1066 1134 1208 1185 enim
1241 1142 1569 1201 prteceperat
1608 1131 1748 1185 Deus
1779 1131 1943 1201 Moysi
1974 1133 2024 1185 in
2053 1133 2192 1187 libro

633 1223 802 1277 Exodi
828 1225 892 1277 ⁸⁵.
919 1223 1134 1293 Myrr/ta
1172 1224 1332 1295 igitur
1382 1226 1761 1293 iutetpretatur
1803 1234 2077 1276 concentus
2110 1240 2194 1275 eo-

635 1333 783 1381 rum;
812 1320 1195 1369 cinnamomum
1225 1328 1401 1369 autem
1437 1318 1689 1375 possessio
1714 1314 2083 1374 immaculata;
2108 1332 2195 1367 ca-

636 1409 806 1461 lamus
831 1422 957 1460 vero
980 1407 1271 1459 benevolens
1297 1416 1375 1459 est
1399 1403 1631 1473 Spiritus
1662 1414 1894 1458 sanctus.
1935 1403 2194 1457 Dominus

633 1500 775 1551 enim
813 1498 1024 1563 inquit:
1058 1496 1265 1564 Lingua
1310 1513 1421 1548 mea
1462 1496 1699 1548 calmuus
1745 1496 1931 1549 scriba:
1955 1495 2195 1548 velociter

632 1591 908 1642 scribentis
940 1590 1006 1652 ⁸⁸,
1036 1588 1240 1641 scilicet
1287 1585 1549 1655 Spiritus;
1582 1588 1673 1639 iris
1711 1601 1889 1639 autem
1932 1588 2196 1657 interpre-

634 1690 777 1733 tatur
810 1679 1106 1749 vigilantia.
1136 1677 1210 1732 lla
1244 1679 1409 1747 igitur
1439 1678 1600 1730 etiam
1651 1678 1735 1729 isti
1778 1678 2066 1745 compositi
2102 1694 2196 1730 ex-

635 1772 863 1834 sistunt,
902 1769 1306 1831 renuntiantes,
1350 1770 1593 1835 inquam,
1638 1768 1839 1821 mundo
1895 1767 2193 1821 secundum

636 1860 824 1923 Deum,
853 1870 1068 1929 propter
1097 1874 1284 1913 eorum
1320 1868 1663 1919 concentum,
1696 1858 1838 1926 quod
1874 1859 2194 1926 interpreta-

2296 673 2482 740 κόσμῳ
2505 668 2915 731 καταθανόντες,
2948 670 3041 721 καὶ
3067 670 3113 720 oi
3143 668 3295 731 ὄντες
3347 669 3635 737 δμόψυχοι.
3682 650 3889 721 Ἐκεῖνο

2291 763 2397 831 γὰρ
2422 762 2480 813 τὸ
2515 761 2681 831 μύρον
2707 760 3107 812 κατεσκεύαστο
3138 760 3242 811 ἀπὸ
3272 758 3539 828 σμύρνης,
3573 758 3675 809 καὶ
3698 777 3889 810 κιννα-

2297 853 2506 923 μώμου,
2536 854 2628 905 καὶ
2655 852 2900 919 καλάμου
2934 849 3186 913 εὐώδους,
3223 850 3315 902 καὶ
3380 849 3563 918 ἴρεως·
3622 850 3891 917 ἐμίγνυτο

2291 945 2397 1015 γὰρ
2430 942 2598 996 ταῦτα
2624 945 2679 994 ὲν
2713 940 2898 1009 ἐλαίῳ,
2945 940 3039 991 καὶ
3091 939 3298 1005 ἐγίνετο
3346 937 3516 1007 μύρον
3556 937 3887 1006 μυρεψεκὸν·

2291 1036 2383 1087 καὶ
2405 1035 2577 1103 τούτῳ
2607 1033 2856 1103 ἐχρίσατο
2879 1035 2906 1084 ὁ
2932 1032 3127 1099 ἱερεὺς,
3148 1032 3273 1083 ὅταν
3295 1028 3717 1099 προεχειρίζετο
3747 1030 3891 1095 ἱερα-

2289 1126 2461 1178 τεύειν
2490 1126 2567 1195 τῷ
2595 1124 2731 1193 Θεῷ*
2766 1124 2905 1175 οὓτω
2937 1124 3043 1192 γὰρ
3080 1118 3147 1191 ἦν
3196 1120 3503 1190 προστάξας
3552 1122 3580 1171 ὁ
3615 1118 3758 1181 Θεὸς
3816 1119 3891 1185 τῷ

2290 1219 2513 1271 ἔδίωῦσεῖ
2543 1219 2599 1269 ὲν
2629 1219 2694 1285 τῇ
2737 1214 2899 1284 βίϐλῳ
2944 1216 3042 1282 τῆς
3083 1213 3310 1278 Ἐξόδου.
3354 1209 3767 1280 Ἐρμηνεύεται
3800 1205 3887 1259 οἷν

2291 1311 2526 1378 σμύρνα
2538 1309 2799 1377 μελῳδία
2813 1304 3024 1359 αὐτῶν·
3045 1303 3418 1372 κιννάμωμον
3430 1303 3489 1354 δὲ
3507 1305 3573 1372 ἐρ
3584 1301 3887 1371 μηνεύεται

2291 1401 2485 1464 κτίσις
2506 1400 2762 1467 ἄμωμος-⁸
2785 1396 3050 1464 κάλαμος
3068 1395 3123 1447 δὲ
3156 1393 3380 1460 εὐώδης
3404 1395 3522 1445 ἐστὶ
3545 1394 3618 1445 τὸ
3642 1396 3769 1445 {Ire
3780 1394 3887 1460 ὗμα

2292 1489 2355 1541 τὸ
2395 1488 2581 1556 ("ty-tor"
2633 1491 2661 1540 ὀ
2710 1487 2817 1558 γὰρ
2872 1486 3075 1558 Κύριός
3116 1501 3298 1554 φησιν·
3357 1485 3426 1537 Ἠ
3466 1482 3736 1553 γλῶσσὰ
3773 1502 3886 1553 μευ

2292 1578 2560 1647 κάλαμος
2616 1578 2989 1647 γραμματέως
3049 1576 3425 1646 όξυῃοάφου,
3500 1576 3766 1628 τουτέστι
3833 1576 3887 1627 τὸ

2294 1669 2532 1739 Πνεῦμα
2578 1669 2770 1737 ἱερέως
2804 1664 2957 1739 [ἶρις]
3008 1668 3064 1721 δὲ
3088 1668 3442 1740 ἑρμηνεύεται
3486 1670 3882 1734 τρηγίζρησις.

2293 1760 2477 1823 Ούτως
2498 1758 2589 1813 οῦν
2617 1761 2710 1813 καὶ
2734 1756 2876 1813 οὗτοι
2907 1761 3203 1829 ὑπάρχουσι
3234 1760 3608 1827 συγκείμενοι,
3652 1760 3804 1825 λέγω
3827 1759 3884 1823 δὴ

2293 1853 2342 1902 οἱ
2396 1851 2791 1919 ἁποταξάμενοι
2844 1849 2982 1902 κατὰ
3031 1848 3162 1900 Θεὸν
3208 1848 3294 1901 διὰ
3344 1848 3620 1917 μελῳδίας
3673 1848 3882 1905 αὐτῶν,

634 1961 721 2003 tur
751 1950 990 2018 myrrha;
1022 1957 1074 2001 et
1108 1957 1323 2016 propter
1374 1948 1773 2016 possessionem
1821 1950 2193 2001 immaculata—

2296 1943 2429 2011 ὅπερ
2456 1940 2813 2011 ἑρμηνεύεται
2843 1941 3097 2007 σμύρνω
3126 1939 3219 1992 καὶ
3257 1938 3343 1990 διὰ
3366 1938 3462 2007 τῆς
3497 1941 3757 2009 κτήσεως
3782 1941 3883 1990 τῶν

634 2058 754 2105 rum
786 2057 1006 2095 suarum
1030 2044 1426 2108 operatiouum,
1448 2039 1590 2107 quod
1619 2040 1996 2105 interpretatur
2014 2039 2197 2090 cinna-

635 2147 894 2193 momum;
933 2142 986 2184 et
1024 2138 1240 2199 propter
1261 2135 1487 2197 gratiam
1521 2127 1750 2197 Spiritus
1777 2129 1968 2189 sancti,
1997 2128 2089 2197 qui
2116 2137 2199 2181 est

634 2222 873 2275 calamus
908 2222 1237 2277 benevolens:
1274 2229 1327 2274 et
1363 2229 1575 2288 propter
1613 2219 1807 2271 anima:
1845 2220 2195 2288 vigilantiam,

634 2331 795 2383 quam
830 2315 1093 2385 signiﬁcat
1138 2315 1289 2367 iridis
1327 2329 1540 2366 nomen.
1572 2312 1695 2364 Haec
1729 2311 1890 2379 igitur
1917 2312 2195 2378 habentes,

633 2407 730 2476 qui
762 2409 962 2461 mundo
994 2408 1328 2467 renuntiant,
1354 2406 1562 2458 scilicet
1594 2412 1915 2456 concentum
1952 2406 2091 2455 inter
2120 2406 2198 2472 ip-

638 2516 733 2555 sos
773 2510 827 2553 et
874 2500 1268 2568 possessionem
1314 2495 1782 2550 immaculatarum
1825 2496 2116 2558 actionum,
2146 2504 2199 2548 et

638 2590 990 2660 ft'agrautium
1019 2590 1202 2660 gratia:
1222 2630 1236 2653 ,
1267 2599 1319 2642 et
1350 2589 1701 2656 vigilantiam,
1730 2588 1957 2640 miscent
1984 2603 2043 2640 ea
2073 2606 2195 2642 cum

639 2682 1032 2742 misericordia,
1055 2692 1105 2733 et
1136 2682 1192 2733 ﬁt
1228 2689 1557 2749 unguentum
1595 2678 1702 2734 Deo
1730 2682 1780 2733 in
1813 2683 2032 2734 odorem
2066 2698 2195 2733 sua-

636 2773 837 2826 vitatis.
871 2771 1157 2839 Propterea
1196 2772 1359 2840 igitur
1392 2773 1659 2826 assimilat
1698 2788 1792 2825 eos
1820 2783 2091 2841 unguento
2118 2772 2196 2824 ef—

637 2860 759 2917 fuso
805 2864 856 2915 in
903 2872 1063 2930 caput
1112 2863 1431 2916 sacerdotis.
1466 2864 1639 2916 Aliam
1675 2865 1834 2917 etiam
1872 2867 2193 2931 interpreta-

638 2956 837 3009 tionem
890 2956 1133 3022 accipere
1182 2964 1407 3021 possunt
1456 2955 1615 3006 iidem
1679 2954 1870 3022 psalmi
1923 2954 2191 3008 versiculi.

636 3044 770 3098 Nam
805 3060 924 3097 cum
961 3055 1294 3113 unguentum
1334 3044 1559 3097 electum
1606 3043 1896 3096 effunditur
1936 3044 1989 3095 iu
2037 3052 2197 3112 caput

639 3136 956 3197 sacerdotis,
1007 3134 1310 3188 necessario
1352 3136 1628 3189 descendit
1686 3134 1737 3187 in
1779 3135 1897 3203 ejus
1949 3134 2191 3195 barbam,

635 3227 1087 3296 quemadmodum
1132 3227 1268 3279 dixit
1310 3227 1547 3293 psalmus
1583 3245 1595 3278 :
1628 3236 1681 3278 et
1724 3226 1776 3277 iu
1835 3227 2193 3292 superhume-

638 3320 749 3372 rale
782 3356 798 3379 ,
850 3318 992 3387 quod
1064 3317 1181 3384 ejus
1244 3317 1441 3369 Collum
1512 3315 1734 3377 circuit,
1788 3324 1841 3367 et
1892 3315 2197 3367 necessario

636 3422 862 3479 utraque
926 3419 1199 3478 unguento
1276 3408 1607 3473 implentur,
1668 3407 1831 3459 barba
1899 3406 2103 3460 scilicet
2147 3415 2199 3459 et

636 3517 730 3555 ora
757 3501 1064 3555 vestimenti
1101 3499 1239 3567 ejus.
1277 3496 1351 3551 Ita
1398 3500 1577 3567 igitur,
1617 3499 1827 3567 inquit,
1870 3509 1998 3552 sunt
2035 3500 2197 3552 ctiam

636 3590 730 3658 qui
782 3589 1106 3642 unanimiter
1166 3588 1459 3643 secundum
1532 3587 1699 3641 Deum
1752 3590 1951 3642 mundo
1996 3605 2197 3642 renuu-

636 3685 802 3745 tiant;
843 3681 1136 3735 etfuuditur
1169 3682 1312 3735 enim
1362 3682 1413 3733 in
1446 3682 1591 3748 ipsos
1640 3679 1875 3749 Spiritus
1917 3692 2138 3735 sanctus
2167 3698 2196 3735 a

639 3771 766 3832 Deo,
799 3772 891 3840 qui
936 3781 1019 3824 est
1049 3778 1379 3838 unguentum
1424 3770 1724 3838 Spirituale,
1761 3780 1814 3824 et
1864 3770 2198 3827 descendens

637 3863 691 3915 in
743 3871 937 3931 caput.
967 3862 1071 3915 hoc
1115 3870 1197 3915 est
1246 3863 1297 3914 in
1344 3875 1598 3927 mentem,
1630 3861 1815 3930 implet
1872 3863 2043 3931 gratia
2101 3878 2197 3916 sua

634 3953 798 4007 etiam
830 3954 1083 4008 minimos
1130 3954 1309 4007 cordis
1338 3968 1549 4018 sensus,
1590 3955 1754 4009 veluti
1802 3956 2046 4011 barbam.
2082 3956 2200 4012 Cir-

635 4065 950 4133 cumimplet
1002 4067 1164 4119 etiam
1196 4066 1494 4121 dulcedinis
1522 4068 1767 4122 doctrina
1803 4070 2060 4131 animam,
2085 4088 2201 4140 per-

638 4158 762 4210 inde.
808 4174 871 4210 ac
900 4174 1050 4211 oram
1104 4159 1429 4216 vestimenti.
1468 4168 1524 4211 ut
1562 4159 1749 4215 dicat:
1792 4160 1990 4216 Christi
2036 4163 2198 4217 bonus

640 4249 769 4301 odor
795 4266 971 4301 sumus
996 4252 1048 4301 in
1074 4250 1161 4312 iis,
1189 4249 1278 4317 qui
1310 4248 1443 4301 salvi
1470 4249 1684 4317 ﬁunt".
1709 4249 1918 4306 Rursus
1951 4254 2198 4307 animad-

644 4348 848 4393 vertere
896 4341 1039 4401 licet,
1075 4339 1217 4403 quod
1247 4351 1459 4408 propter
1510 4341 1612 4395 hoc
1648 4341 1787 4396 idem
1838 4353 2197 4413 unguentum,

642 4441 915 4499 unguento
956 4431 1030 4484 illi
1077 4446 1170 4485 eos
1209 4432 1548 4499 assimilavit,
1576 4435 1832 4503 quoniam
1864 4450 1927 4489 ex
1966 4436 2032 4491 iis
2066 4452 2201 4506 qua-

644 4531 787 4584 tuor,
813 4537 933 4589 qua:
965 4524 1364 4586 recensuimus,
1397 4535 1731 4593 prmparatur
1770 4538 2105 4597 unguentum
2138 4529 2202 4580 il-

644 4612 734 4666 lud
770 4613 822 4664 iu
863 4612 1011 4677 oleo;
1046 4614 1117 4665 ita
1140 4614 1303 4667 etiam
1359 4616 1445 4669 isti
1496 4631 1559 4668 ex
1614 4628 1853 4685 quatuor
1897 4619 2202 4689 Evangeliis
2233 4631 2277 4685 ι)

643 4702 926 4771 praeparati
962 4711 1088 4756 sunt
1120 4704 1173 4755 in
1210 4704 1301 4755 Dei
1332 4706 1615 4771 eharitate,
1642 4723 1764 4775 qua:
1787 4717 1869 4761 est
1896 4709 2049 4777 plena
2075 4710 2202 4773 olei,

642 4810 694 4849 et
725 4796 994 4849 fructuum
1027 4794 1395 4864 paciﬁcorum.
1428 4796 1543 4850 Non
1572 4800 1747 4851 solum
1779 4808 1957 4851 autem
1988 4801 2039 4852 in
2062 4801 2205 4853 hunc

642 4887 885 4946 modum,
917 4889 1006 4939 sed
1060 4886 1220 4938 etiam
1274 4886 1426 4939 aliter
1467 4888 1762 4956 intelligere
1803 4888 1923 4941 licet
1969 4900 2199 4941 mentem

642 4978 949 5045 ltujustnodi
993 4977 1204 5044 psalmi,
1232 4992 1392 5044 quam
1423 4978 1493 5029 ob
1533 4994 1753 5031 causam
1804 4990 2077 5047 unguento
2125 4980 2202 5032 illi

640 5069 904 5138 Spirituali
952 5082 1045 5122 eos
1095 5071 1495 5131 assimilarerit,
1542 5074 1799 5139 quoniam
1846 5075 2072 5128 omnino
2110 5076 2197 5129 isti

642 5162 882 5214 membra
922 5169 1047 5213 sunt
1072 5160 1293 5227 Christi,
1330 5163 1394 5215 de
1425 5179 1531 5231 quo
1553 5168 1814 5233 pr0plieta
1852 5167 2059 5236 inquit:
2092 5167 2200 5221 Un-

640 5284 881 5341 guentum
908 5289 1093 5325 novum
1122 5289 1304 5325 nomen
1336 5285 1502 5328 tuum.
1534 5269 1792 5345 Apposite
1824 5279 2007 5345 igitur,
2032 5280 2197 5333 veluti

640 5365 806 5417 divini
849 5365 1125 5433 unguenti,
1163 5366 1411 5421 videlicet
1454 5367 1677 5435 Christi,
1727 5373 2024 5425 secundum
2080 5390 2200 5441 gra-

640 5462 768 5513 tiam
817 5464 1053 5513 membra
1107 5463 1463 5526 exsisteutes.
1505 5467 1697 5519 merito
1729 5467 1891 5519 etiam
1923 5482 2198 5537 unguento

642 5552 800 5605 iidem
835 5551 1119 5606 assimilati
1150 5563 1294 5606 sunt.

716 5688 762 5720 ⁸⁸
793 5688 959 5744 Exod.
995 5706 1123 5758 xxx,
1150 5691 1241 5755 23,
1276 5692 1364 5745 24.
1442 5694 1486 5723 ⁸⁸
1517 5693 1659 5749 Psal.
1688 5712 1829 5760 λιιν,
1863 5698 1915 5751 2.

2300 2030 2473 2102 ἔργων
2494 2029 2669 2083 αὑτῶν
2693 2029 2799 2081 τῶν
2828 2029 3089 2099 ἁμὼμων,
3109 2031 3245 2099 ὅπερ
3263 2028 3630 2099 ἑρμηνεύεται
3664 2029 3733 2081 τό
3760 2049 3883 2082 κιν-

2296 2122 2596 2190 νάμωμον·
2628 2123 2720 2173 καὶ
2752 2121 2837 2173 διὰ
2862 2123 2958 2190 τῆς
2982 2123 3198 2192 χάριτος
3226 2121 3315 2172 τοῦ
3342 2121 3499 2187 ἁγίου
3532 2120 3679 2173 Πνεύ
3690 2138 3879 2189 ματος,

2297 2212 2432 2281 ὅπερ
2461 2212 2607 2262 ἐστὶν
2642 2214 2673 2263 ό
2704 2210 2969 2279 κάλαμος
2998 2214 3029 2263 ό
3057 2209 3300 2275 εὐώδης·
3332 2211 3425 2262 καὶ
3448 2208 3538 2262 διὰ
3574 2213 3679 2280 τῆς
3715 2214 3879 2279 ἐγρη-

2298 2302 2537 2371 γόρσεως
2559 2302 2656 2371 τῆς
2706 2301 2902 2371 ψυχῆς,
2937 2303 3069 2371 ὅπερ
3092 2301 3406 2372 ήρμηνεύῦη
3431 2302 3492 2353 τὸ
3528 2301 3625 2353 τοῦ
3688 2302 3881 2368 ἱερέως

2296 2391 2483 2461 ὄνομα.
2520 2391 2701 2444 Ταῦτα
2728 2387 2819 2443 οὖν
2846 2390 3056 2460 ἔχοντες
3083 2394 3130 2443 oi
3166 2393 3592 2462 ἀποταξάμενοι,
3634 2391 3737 2461 τὴν
3789 2409 3880 2460 με-

2297 2479 2488 2548 λῳδίαν
2510 2480 2706 2542 αὐτῶν,
2731 2481 2822 2532 καί
2838 2482 2935 2550 τὴν
2953 2482 3139 2551 κτῆσιν
3156 2482 3262 2533 τῶν
3282 2483 3454 2553 ἔργων
3477 2485 3585 2537 τῶν
3603 2485 3876 2555 ἀμώμων,

2299 2571 2389 2621 καὶ
2410 2572 2505 2639 τὴν
2535 2571 2761 2623 εὐωδίαν
2813 2572 2912 2641 τῆς
2966 2573 3201 2643 χάριτος,
3243 2576 3335 2627 καὶ
3388 2575 3483 2644 τὴν
3518 2579 3876 2646 ἐγρήγορσιν,

2301 2660 2580 2729 μίσγουσιν
2612 2660 2753 2713 αῦτᾶ
2780 2660 3134 2733 ἐλεημοσύνη,
3172 2666 3263 2714 καὶ
3310 2664 3423 2716 ἐστι
3452 2665 3623 2735 μύρον
3650 2668 3730 2736 τῷ
3762 2669 3879 2736 Θεῴ

2297 2753 2375 2814 είς
2434 2752 2604 2821 ὀσμὴν
2661 2753 2905 2814 εὐωδίας.
2963 2753 3061 2806 Διὰ
3122 2755 3280 2807 τοῦτο
3340 2752 3431 2808 οῦν
3490 2758 3695 2827 ἁπηκλ.
3740 2800 3756 2811 .
3800 2801 3813 2813 .
3860 2801 3873 2813 .

2298 2841 2626 2913 [ἀπεικάζει]
2661 2845 2854 2905 αὐτοὺς
2914 2842 2988 2911 τῷ
3023 2844 3177 2914 μύρῳ
3212 2845 3289 2914 τῷ
3342 2846 3591 2916 βληθέντι
3630 2850 3725 2900 ἐπὶ
3778 2854 3875 2920 τὴν

2297 2933 2534 3003 κεφαλὴν
2563 2933 2654 2985 τοῦ
2692 2934 2902 3004 ἱερέως.
2933 2933 3035 2986 Καὶ
3072 2935 3237 3005 ἄλλην
3288 2936 3343 2988 δὲ
3389 2939 3681 3007 ἑρμηνείαν
3721 2941 3879 3008 ἔχουο

2298 3042 2379 3077 σιν
2409 3028 2454 3078 οί
2484 3027 2635 3079 αὐτοὶ
2664 3026 2858 3096 στίχοι.
2899 3027 3089 3080 Ἠνίκα
3121 3026 3229 3098 γὰρ
3277 3029 3466 3098 ἐπέχεε
3501 3032 3559 3081 τὸ
3599 3032 3774 3102 μύρον
3818 3034 3879 3083 τὸ

2296 3118 2596 3189 προλεχθὲν
2624 3121 2719 3170 ἐπὶ
2748 3120 2843 3188 τὴν
2875 3120 3115 3190 κεφαλὴν
3170 3120 3261 3174 τοῦ
3298 3122 3506 3192 ἱερέως,
3559 3124 3878 3190 ἀναγκαίως

2297 3208 2487 3277 κατῄει
2528 3209 2617 3259 ἐπὶ
2646 3208 2735 3259 τὸν
2764 3209 2997 3276 πώγωνα
3049 3212 3213 3264 αὑτοῦ
3240 3213 3299 3265 τὸ
3329 3213 3515 3283 μύρον,
3567 3213 3754 3277 καθὼς
3797 3216 3877 3266 εἴ·

2226 3288 2265 3340 C
2304 3312 2465 3365 ρηκεν
2494 3298 2521 3349 ὁ
2543 3296 2775 3368 ψαλμδς,
2809 3301 2901 3350 καὶ
2928 3298 3017 3350 ἐπὶ
3055 3300 3114 3351 τὸ
3146 3302 3492 3370 περιστόμιον
3528 3303 3589 3355 τὸ
3640 3305 3880 3356 κυκλοίν

2297 3388 2386 3439 τὸν
2407 3387 2697 3463 τράχηλον,
2730 3388 2823 3442 καὶ
2861 3389 3192 3459 ἐπληροῦντο
3223 3392 3530 3458 ἀναγκαίως
3560 3393 3657 3445 τοῦ
3695 3395 3877 3463 μύρου

2297 3477 2363 3531 τὰ
2398 3480 2698 3551 ἀμφότερα,
2730 3481 2759 3533 ὃ
2801 3498 2860 3532 τε
2886 3480 3082 3548 πώγων
3112 3484 3205 3534 καὶ
3245 3484 3276 3550 ἡ
3326 3482 3409 3552 ᾦα
3429 3482 3523 3536 τοῦ
3576 3484 3882 3555 ἐνδύματος

2297 3568 2481 3621 αὐτοῦ.
2504 3568 2687 3632 Οὕτως
2721 3564 2834 3631 οῦν,
2866 3569 3034 3638 λέγει,
3075 3570 3181 3621 εἰσὶ
3209 3572 3302 3623 καὶ
3324 3573 3374 3623 oi
3414 3574 3705 3644 ὀμοψύχως
3734 3580 3883 3628 κατὰ

2298 3656 2432 3709 Θεὸν
2464 3656 2882 3726 ἀποταξάμενοι·
2911 3658 3186 3726 ὲπιχέεται
3205 3658 3311 3726 γὰρ
3340 3659 3523 3721 αὐτοῖς
3552 3661 3613 3711 τὸ
3648 3662 3883 3731 Πνεῦμα

2296 3748 2360 3801 τὸ
2392 3749 2543 3816 ἆγιον
2573 3749 2682 3802 ἀπὸ
2740 3749 2834 3802 τοῦ
2886 3747 3043 3809 Θεοῦ,
3102 3749 3233 3819 ὅπερ
3280 3749 3395 3801 ἐστὶ
3438 3749 3499 3803 τὸ
3554 3750 3749 3821 μύρον,
3787 3754 3883 3804 καὶ

2300 3838 2556 3891 κατελθὸν
2609 3839 2701 3891 ἐπὶ
2752 3839 2849 3909 τὴν
2904 3839 3160 3909 κεφαλὴν,
3213 3843 3457 3895 τουτέστι
3490 3844 3567 3905 εἰς
3612 3842 3880 3906 διάνοιαν,

2301 3930 2497 4001 πληροῖ
2514 3931 2613 4001 τῆς
2640 3930 2858 4002 χάριτος
2879 3929 3064 3995 αὑτοῦ,
3088 3930 3183 3984 καὶ
3209 3929 3277 3984 τὰ
3302 3930 3471 3984 λεπτὰ
3503 3935 3755 4003 νοήματα
3782 3936 3883 4005 τῆς

2300 4022 2542 4093 καρδίας,
2596 4023 2797 4075 ὡσανεὶ
2833 4022 2924 4074 τὸν
2982 4022 3237 4089 πώγωνα.
3299 4024 3503 4095 Πληροῖ
3551 4026 3646 4077 καὶ
3688 4027 3882 4096 κύκλῳ

2300 4112 2629 4182 γλυκύτητος
2684 4114 2783 4184 τὴν
2837 4113 3181 4166 διδασκαλίαν
3212 4115 3310 4184 τῆς
3354 4112 3531 4182 ψυχῆς
3584 4111 3705 4183 [τῆς
3729 4114 3880 4168 διδα-

2302 4203 2526 4266 σκαλίας
2552 4204 2650 4273 τὴν
2678 4203 2898 4277 ψυχὴν],
2926 4206 3062 4276 ὅπερ
3091 4206 3290 4276 ἐστὶνὴ
3318 4205 3399 4274 ᾦα
3426 4205 3518 4258 τοῦ
3552 4205 3879 4276 ἐνδύματος,

2300 4296 2386 4349 ἵνα
2408 4295 2569 4363 λέγει·
2606 4297 2859 4364 Χριστοῦ
2889 4296 3105 4351 εὐωδιά
3139 4298 3325 4365 ἐσμὲν
3348 4298 3417 4350 ἐν
3460 4297 3585 4363 τοῖς
3623 4297 3882 4367 σωζομέ-

2299 4400 2445 4449 νοις.
2496 4385 2605 4437 Καὶ
2654 4386 2813 4437 πάλιν
2866 4386 2981 4438 ἐστι
3036 4386 3283 4449 συνιδεῖν,
3332 4388 3412 4446 ὅτι
3460 4387 3549 4441 διὰ
3604 4386 3770 4440 τοῦτο
3823 4392 3884 4441 τὺ

2303 4472 2470 4544 μύρον
2497 4476 2669 4526 ἐκεῖνο
2704 4474 2765 4527 τὸ
2801 4475 2969 4547 μύρον
3000 4475 3214 4547 [ἐκείνῳ
3244 4478 3320 4547 τῷ
3355 4476 3533 4548 μύρῳ]
3578 4478 3883 4532 ἀπείκασεν

2302 4565 2515 4629 αύτούς,
2552 4565 2737 4636 ἐπειδὴ
2763 4568 2826 4619 ἐκ
2852 4567 2958 4619 τῶν
3001 4570 3283 4639 τεσσάρων
3340 4570 3583 4633 ἐκείνων,
3615 4563 3693 4623 ὧν
3727 4572 3883 4643 είρήι

2305 4671 2499 4724 καμεν,
2530 4656 2928 4709 κατεσκεύαστο
2952 4659 3031 4721 είς
3057 4658 3234 4713 ἔλαιον
3266 4661 3439 4713 ὲκείνο
3460 4661 3520 4713 τὸ
3561 4660 3754 4731 μύρον’
3793 4665 3881 4717 0'3-

2300 4763 2406 4808 τως
2430 4742 2522 4798 οὖν
2548 4747 2642 4799 καὶ
2668 4742 2812 4801 οὗτοι
2833 4750 2896 4801 ὲκ
2927 4748 3035 4801 τῶν
3060 4752 3339 4823 τεσσάρων
3360 4751 3708 4818 Εὐαγγελίων
3742 4772 3878 4808 κατ-

2299 4838 2704 4907 εσκευάσθησαν
2745 4842 2823 4903 εἰς
2845 4841 2941 4909 τὴν
2985 4842 3207 4914 ἀγάπην
3238 4841 3329 4895 τοῦ
3370 4841 3527 4904 Θεοῦ,
3550 4844 3672 4912 ἥτις
3703 4844 3867 4917 ῦπαρ

2300 4947 2380 4998 χει
2419 4931 2589 5001 μεστὴ
2618 4932 2796 4983 ἐλαίου
2818 4934 2909 4984 καὶ
2944 4934 3171 5003 καρπῶν
3226 4932 3533 5011 εἰρηνικῶν.
3584 4935 3659 4986 Ού
3720 4938 3882 5005 μόνον

2298 5020 2353 5071 δὲ
2387 5021 2563 5085 τοῦτο,
2589 5022 2721 5073 ἀλλὰ
2750 5024 2842 5075 καὶ
2902 5024 3076 5087 ἄλλως
3111 5025 3256 5077 ἐστιν
3290 5028 3582 5097 ἐπιστῆσαι
3612 5027 3705 5079 τὸν
3736 5028 3881 5080 νοῦν·

2303 5112 2388 5163 διὰ
2413 5113 2569 5164 ποίαν
2624 5116 2801 5167 αἰτίαν
2833 5114 2909 5183 τῷ
2970 5114 3124 5185 μύρῳ
3177 5118 3367 5186 ἐκείνῳ
3406 5118 3481 5187 τῷ
3524 5120 3883 5188 πνευματικῷ

2305 5203 2628 5273 ἁφωμοίωσε
2650 5208 2773 5267 τοὺς
2797 5206 3088 5270 τοιούτους·
3122 5208 3304 5277 ἐπειδὴ
3363 5209 3530 5271 ὅντως
3564 5214 3611 5261 οἱ
3646 5213 3875 5262 τοιοῦτοι

2306 5293 2539 5361 Χριστοῦ
2580 5296 2713 5367 μέλη
2767 5298 3112 5367 τυγχάνουσι,
3165 5300 3288 5368 περὶ
3320 5296 3380 5353 οὗ
3410 5302 3438 5351 ὁ
3473 5303 3758 5370 προφήτης
3800 5303 3879 5353 λέε

2306 5400 2410 5448 γει·
2442 5387 2645 5452 Μύρων
2678 5388 3009 5443 ἐκκενωθὲν
3037 5389 3225 5457 ὄνομά
3276 5406 3396 5443 σοι·
3435 5393 3759 5459 ἀναγκαίαις
3792 5391 3879 5445 εἰν

2306 5475 2378 5536 ὡς
2435 5476 2527 5527 τοῦ
2566 5476 2711 5529 θείου
2772 5480 2945 5549 μύρου
2967 5520 2981 5543 ,
3027 5479 3227 5533 ὡσανεὶ
3250 5481 3509 5551 Χριστοῦ,
3542 5483 3688 5535 κατὰ
3722 5486 3879 5552 χάριν

2310 5565 2438 5636 μέλη
2468 5566 2637 5634 ὄντες,
2670 5572 2892 5635 εἰκῦτως
2930 5572 3023 5623 καὶ
3053 5572 3205 5625 αὐτοὶ
3245 5572 3400 5646 μύρῳ
3427 5573 3869 5647 ἀπεικάσῦησαν.

2008 5702 2050 5731 ⁸⁷
2084 5702 2127 5755 11
2200 5704 2324 5758 Cor.
2366 5722 2421 5769 ll,
2450 5707 2537 5759 15.

710 5800 789 5864 (a)
828 5798 1000 5858 Herba
1057 5806 1390 5873 aromatica;
1459 5810 1602 5864 casia
1663 5810 1857 5866 dicitur
1911 5813 1965 5869 in
2020 5813 2195 5871 Latin.
2237 5819 2376 5884 vuig.
2414 5820 2538 5873 edit.
