4036 6460
181 393 210 445 1
225 393 332 447 Ξ57

1059 389 1146 444 DE
1184 387 1456 444 TITULIS
1487 386 1934 443 PSALMORUM.
1976 419 2048 429 —
2079 389 2270 444 PSAL.
2301 390 2585 445 CXXXIII.

3263 394 3398 449 1258

252 535 307 589 6.
348 534 432 596 σος
463 533 646 605 δρόσος
681 531 925 602 Ἀερμὼν
953 533 986 602 ἡ
1010 533 1402 587 καταϐαίνουσα
1435 533 1525 585 ἐπὶ
1553 533 1619 586 τὰ
1642 533 1739 606 ὅρη
1771 591 1775 601 η

1913 534 1965 588 6.
1997 532 2145 589 Sicut
2195 548 2284 588 ros
2333 532 2591 598 Hermon,
2625 535 2716 604 qui
2770 533 3047 588 descendit
3097 534 3152 588 in
3193 543 3402 590 montes

172 622 341 678 Σιών.

249 715 306 768 7.
339 715 458 766 Ὅτι
485 715 601 766 ἐκεῖ
627 712 923 765 ἐνετείλατο
950 712 1150 784 Κύριος
1175 714 1272 784 τὴν
1297 714 1562 782 εὐλογίαν,

249 806 304 862 8.
339 807 489 877 Ζωὴν
519 805 621 869 ἕως
641 805 733 858 τοῦ
757 805 968 868 αἰῶνος.

407 920 544 990 ’ῼδὴ
577 918 692 972 τῶν
715 919 1086 989 ἀναϐαθμῶν.
1147 922 1315 974 ΨΑΛ.
1345 922 1529 974 ΡΛΓθ.

251 1013 304 1064 1.
345 1011 470 1065 Ἰδοὺ
495 1011 558 1080 δὴ
588 1011 856 1078 εὐλογεῖτε
878 1012 968 1063 τὸν
1001 1010 1217 1082 Κύριον,
1260 1012 1455 1074 πάντες
1483 1011 1531 1064 oi
1569 1009 1746 1066 δοῦλοι

167 1103 411 1173 Κυρίου.

246 1194 302 1248 2.
328 1195 387 1247 Οἱ
413 1191 638 1256 ἑστῶτες
685 1195 740 1244 tv
767 1192 898 1262 οἴκῳ
924 1193 1149 1263 Κυρίου,

249 1286 304 1339 3.
345 1286 429 1337 Ἑν
450 1286 634 1347 αὐλαῖς
662 1284 808 1338 οἴκου
837 1283 972 1336 Θεοῦ
1009 1283 1180 1354 ήμῶν.

1852 626 2000 682 Sion.

1920 717 1969 771 7.
1985 716 2248 782 Quoniam
2268 717 2376 771 illic
2391 717 2664 770 mandavit
2681 715 2939 772 Dominus
2952 717 3404 782 benedictionem,

1921 804 1972 859 8.
2003 804 2180 859 Vitam
2214 820 2383 875 usque
2409 805 2462 860 in
2490 806 2766 860 saeculum.

2022 919 2295 974 Canticum
2321 921 2597 991 graduum.
2631 919 2829 973 PSAL.
2866 919 3192 975 CXXXIII.

1914 1009 1965 1065 I.
1990 1007 2126 1064 Ecce
2159 1027 2303 1066 nunc
2347 1010 2642 1065 benedicite
2681 1009 2993 1074 Dominum,
3021 1026 3212 1066 omnes
3259 1025 3376 1065 serv

1847 1098 2081 1155 Domini.

1919 1192 1970 1246 2.
2005 1192 2106 1258 Qui
2139 1195 2296 1249 statis
2325 1195 2376 1247 in
2407 1194 2568 1249 domo
2592 1193 2826 1261 Domini,

1917 1285 1968 1336 3.
2005 1284 2060 1337 In
2091 1286 2241 1340 atriis
2271 1286 2464 1342 domus
2493 1285 2587 1342 Dei
2618 1288 2812 1341 nostri.

1306 1457 1666 1511 ATIIANASII
1707 1455 2284 1513 INTERPRETATIO.

245 1661 300 1696 ο.
337 1643 557 1710 Δρόσος
595 1641 835 1709 Αερμὼν
865 1642 1219 1712 ἑρμηνεύεται
1265 1641 1481 1709 δρόσος
1499 1641 1740 1705 ἐνδοξα-
1770 1697 1775 1707 Α

1921 1640 1973 1693 6.
2003 1639 2102 1694 Ras
2129 1640 2356 1694 Ilermon
2399 1643 2780 1713 interpretatur
2807 1661 2891 1697 ros
2914 1645 3275 1716 gloriﬁcatus:
3303 1651 3406 1708 hoc

163 1734 435 1805 ζόμενοςο
499 1731 656 1784 τοῦτο
703 1727 794 1784 οὖν
848 1733 1014 1801 λέγει,
1051 1733 1130 1786 ὄτι
1183 1732 1354 1796 οῦτως
1422 1732 1740 1804 ὑπάρχουσι,

165 1827 308 1896 περὶ
334 1817 406 1878 ὧν
430 1823 540 1877 ἄνω
566 1824 885 1895 εἰρήκαμεν,
910 1825 986 1888 ὡς
1013 1827 1045 1896 ή
1073 1825 1228 1896 χάρις
1257 1824 1348 1876 τοῦ
1385 1824 1461 1895 (Il
1492 1825 1744 1896 Πνεῦμα-

163 1935 266 1980 τος
292 1918 328 1987 ἡ
349 1915 746 1980 πολυποίκιλος,
776 1918 809 1987 ή
857 1916 1116 1970 κατιοῦσα
1143 1915 1231 1967 ἐπὶ
1284 1916 1407 1979 τοὺς
1440 1918 1742 1988 προφήτας,

167 2010 270 2064 καὶ
308 2009 628 2081 ἐπουρανίου
656 2010 880 2073 πόλεως·
917 2011 954 2078 ἡ
1003 2009 1218 2076 δρόσος
1245 2009 1351 2079 γὰρ
1378 2009 1414 2076 ἠ
1440 2009 1745 2072 ἐνδοξαζο-

157 2094 346 2162 μένη,
374 2093 550 2162 δῆλον,
578 2096 660 2148 ὅτι
685 2094 752 2147 τὰ
790 2093 1100 2165 χαρίσματα
1133 2095 1232 2145 εἱσι
1272 2092 1364 2144 τοῦ
1396 2093 1548 2161 ἁγίου
1579 2093 1746 2146 Ilvati-

166 2204 346 2254 ματος
376 2185 547 2241 διὰτὸ
590 2186 913 2239 λεπτότατον
961 2183 1159 2247 αὐτῶν,
1213 2185 1306 2237 καὶ
1355 2184 1646 2255 ὠφέλιμονο
1675 2184 1746 2238 τὰ

159 2279 230 2330 δὲ
255 2278 357 2351 ὄρη
382 2277 618 2354 δηλονότι
651 2280 698 2329 οἱ
733 2275 1005 2348 προφῆταί
1039 2279 1190 2329 εἰσιν·
1215 2278 1248 2345 ἡ
1300 2275 1356 2327 δὲ
1384 2273 1535 2328 Σιὼν
1560 2277 1746 2343 σαφῶς

159 2373 200 2439 ἠ
243 2370 355 2424 ᾶνω
394 2367 742 2440 Ἰερουσαλὴμ
771 2372 827 2421 tv
884 2367 1092 2430 πολλοῖς
1140 2366 1529 2420 ἀποδέδεικται.
1560 2364 1746 2428 Οὕτως

160 2457 267 2515 οὖν
287 2463 383 2515 καὶ
409 2454 555 2514 οὗτοι
582 2461 866 2532 ὁμοψύχως
891 2461 1283 2528 ἀποταξάμενοι
1309 2458 1487 2527 ἔχουσι
1515 2457 1744 2528 διάφορα

161 2551 510 2621 χαρίσματα,
569 2550 659 2604 καὶ
693 2550 767 2613 ὡς
804 2552 860 2604 ὲν
897 2552 960 2620 τῇ
991 2550 1101 2603 ἄνω
1162 2546 1515 2617 Ἰερουσαλὴμ
1571 2545 1742 2610 ὄντες,

160 2638 348 2702 οὕτως
370 2641 757 2694 πολιτεύονται.

246 2732 300 2796 7,
328 2734 381 2787 8.
411 2735 531 2787 Ὅτι
591 2735 708 2786 ἐκεῖ
749 2733 828 2795 είς
864 2731 959 2802 τὴν
1004 2731 1114 2784 ἄνω
1175 2729 1523 2801 Ἰερουσαλὴμ
1577 2729 1745 2799 ἐπηγ-

161 2825 392 2894 γείλατο
415 2826 444 2880 ό
467 2826 666 2895 Κύριος
691 2825 887 2893 λέγειν*
920 2823 1115 2886 Δεῦτε,
1140 2825 1193 2875 οἱ
1235 2819 1620 2892 εὐλογημένοι
1641 2820 1746 2874 τοῦ

161 2918 404 2985 Πατρός
433 2934 570 2986 μου,
605 2915 935 2970 ἀπολάϐετε
960 2913 1072 2984 τὴν
1120 2914 1565 2981 ἡτοιμασμένην
1603 2909 1747 2979 ὑμῖν

1849 1733 2012 1804 igitur
2043 1733 2326 1802 signiﬁcat,
2360 1735 2503 1804 quod
2545 1736 2618 1790 ita
2664 1746 2791 1792 sunt
2815 1736 2874 1801 ii,
2902 1737 2968 1792 de
3013 1739 3212 1806 quibus
3243 1757 3406 1812 supra

1849 1824 2015 1879 locuti
2042 1839 2250 1888 sumus,
2281 1825 2421 1880 sicut
2446 1827 2617 1894 gratia
2654 1826 2890 1898 Spiritus
2927 1828 3247 1896 multifaria,
3285 1849 3407 1903 quae

1848 1916 2127 1971 descendit
2166 1915 2221 1970 in
2254 1917 2566 1986 prophetas,
2596 1927 2651 1972 et
2681 1935 2805 1989 qua:
2838 1921 3238 1990 supercmlestis
3265 1924 3400 1979 civi-

1849 2006 1976 2061 tatis
2005 2015 2127 2073 est;
2180 2023 2262 2062 ros
2307 2009 2449 2063 enim
2495 2010 2818 2080 gloriﬁcatu:
2861 2013 3080 2068 evidens
3129 2023 3233 2079 est,
3261 2019 3408 2086 quod

1850 2107 1974 2153 sunt
1999 2098 2140 2152 dona
2173 2099 2408 2167 Spiritus
2431 2101 2599 2155 sancti
2624 2110 2844 2172 propter
2879 2116 3066 2156 eorum
3100 2104 3406 2161 sublimita-

1850 2194 1956 2240 tem
1976 2194 2030 2240 et
2056 2186 2345 2240 utilitatem
2375 2229 2390 2243 .
2414 2201 2622 2244 montes
2652 2199 2829 2244 autem
2851 2192 3126 2262 propheta:
3149 2194 3408 2249 nimirum

1854 2289 2019 2336 sunt:
2048 2277 2178 2333 Sion
2222 2292 2399 2334 autem
2447 2281 2737 2338 manifeste
2772 2297 3060 2352 supernam
3106 2283 3407 2342 Jerusalem

1850 2372 2036 2426 multis
2065 2371 2118 2425 in
2154 2372 2285 2428 locis
2309 2373 2610 2443 signiﬁcare
2649 2384 2927 2430 ostensum
2975 2385 3080 2430 est.
3126 2374 3201 2431 Ita
3243 2379 3408 2447 igitur

1848 2463 2012 2516 etiam
2055 2461 2138 2515 isti
2187 2463 2516 2518 unanimiter
2550 2466 2753 2521 mundo
2790 2466 3159 2522 renuntiantes
3203 2468 3404 2523 habent

1850 2553 2060 2608 diversa
2090 2553 2250 2616 dona,
2283 2565 2336 2607 et
2374 2555 2596 2623 perinde
2633 2572 2696 2610 ac
2741 2558 2793 2611 in
2844 2573 3079 2628 superna
3103 2558 3404 2615 Jerusalem

1851 2649 2054 2708 essent,
2086 2641 2158 2695 ita
2194 2643 2362 2696 vitam
2396 2651 2579 2714 agunt.

1918 2734 1973 2798 7,
2001 2733 2054 2786 8.
2087 2734 2355 2799 Quoniam
2396 2735 2502 2788 illic
2527 2734 2580 2788 in
2608 2750 2842 2805 superna
2865 2735 3165 2793 Jerusatem
3199 2742 3406 2810 promi-

1852 2827 1921 2882 sit
1944 2825 2207 2881 Dominus
2249 2841 2307 2880 se
2349 2827 2656 2881 dicturum:
2697 2827 2895 2893 Venite,
2923 2830 3174 2885 benedicti
3226 2831 3408 2886 Patris

1851 2917 1974 2980 mei,
2011 2916 2229 2983 accipite
2258 2925 2614 2984 purpuratum
2645 2917 2786 2970 vobis
2820 2935 3038 2988 regnum
3063 2932 3184 2975 ante
3214 2925 3408 2976 consti-

164 3007 504 3072 βασιλείαν
548 3007 657 3076 πρὸ
681 3005 1018 3073 καταϐολῆς
1061 3005 1290 3071 κόσμου
1323 3004 1408 3066 εἰς
1452 3004 1594 3066 τοὺς
1613 3001 1746 3055 ἁτε·
1774 3041 1775 3046 η

1851 3006 2100 3058 tationem
2135 3006 2317 3061 mundi
2343 3005 2389 3038 ⁸⁸
2419 3009 2472 3060 in
2499 3009 2811 3077 sempiterna
2845 3011 3055 3063 saecula.

160 3099 501 3167 λευτήτους
516 3100 751 3166 αἰῶνας.

257 3234 322 3287 Ἦ
353 3233 684 3306 προκειμένη
730 3231 1005 3305 ἐπιγραφὴ
1050 3229 1290 3301 περιέχει
1320 3224 1428 3296 (2)'
1475 3224 1613 3296 ᾮδὴ
1661 3223 1779 3278 τῶν
1807 3223 2161 3294 ἀναϐαθμῶν
2192 3226 2272 3291 τῷ
2297 3227 2494 3293 Δαόὶδ,
2529 3229 2557 3280 ὃ
2599 3230 2766 3292 ἐστιν,
2798 3231 2879 3282 ὅτι
2909 3231 2940 3300 ή
2971 3230 3080 3300 ᾠδὴ
3118 3232 3256 3301 αὐτη
3299 3232 3409 3286 τῶν

163 3327 502 3397 ἀναϐαθμῶν
547 3326 642 3380 τοῦ
697 3326 858 3379 Δαὸίδ
918 3327 1065 3378 ὲστιο
1090 3323 1388 3384 τουτέστιν,
1423 3319 1522 3372 οὐκ
1555 3319 1634 3372 ἔτι
1685 3321 1750 3372 ὲκ
1799 3317 2089 3391 προσώπου
2131 3319 2240 3373 τῶν
2282 3321 2719 3394 ἐπιστρεψάντων
2762 3322 2908 3374 ἐστὶν
2940 3323 2973 3392 ἡ
3001 3323 3132 3392 ᾠδὴ,
3166 3324 3301 3377 ἀλλὰ
3323 3325 3403 3391 τῷ

164 3417 360 3484 ἱκανῷ
383 3417 458 3487 τῇ
487 3417 658 3486 χειρὶ,
684 3416 827 3484 λέγω
856 3415 920 3486 δὴ
946 3414 1024 3483 τῷ
1050 3413 1163 3483 Υίῷ
1187 3413 1278 3466 τοῦ
1308 3410 1442 3465 Θεοῦ
1459 3429 1472 3441 ο
1509 3409 1649 3463 οὕτω
1669 3409 1778 3481 γὰρ
1805 3409 2165 3480 ἑρμηνεύεται
2193 3411 2254 3462 τὸ
2290 3412 2453 3464 Δαθιδ
2475 3413 2641 3482 ὄνομα
2669 3413 2874 3478 ἱκανὸς
2911 3414 3079 3482 χειρί.
3127 3415 3407 3484 Προστασ-

167 3530 259 3566 σει
279 3511 389 3582 γὰρ
417 3510 578 3573 αὐτὸς
596 3511 624 3562 ὁ
658 3509 786 3572 Υἱὸς
806 3508 898 3562 τοῦ
927 3507 1061 3560 Θεοῦ
1085 3509 1198 3569 τοῖς
1221 3504 1655 3574 ἁποταξαμένοις
1682 3503 1776 3555 καὶ⁹
1802 3502 2146 3557 κατοικοῦσιν
2171 3506 2285 3575 ἃμα
2307 3507 2399 3559 ἐπὶ
2430 3506 2490 3559 τὸ
2516 3506 2646 3560 αὐτὸ
2680 3507 2964 3578 λατρεύειν
3000 3507 3147 3579 αὐτῷ
3183 3510 3241 3562 tv
3274 3509 3406 3563 εἰλι-

166 3605 350 3675 κρινεί
378 3600 603 3670 διανοίᾳ.

243 3740 455 3796 Titulus
478 3736 794 3810 praepositus
815 3733 1052 3789 continet
1075 3751 1089 3788 :
1114 3732 1390 3787 Canticum
1420 3729 1678 3800 graduum
1704 3726 1873 3782 David
1890 3768 1905 3794 ,
1934 3729 2038 3785 hoc
2067 3738 2171 3797 est,
2207 3732 2350 3801 quod
2373 3731 2478 3787 hoc
2502 3731 2771 3787 canticum
2800 3732 3063 3799 graduum
3091 3733 3258 3789 David
3285 3745 3401 3791 est:

163 3853 367 3908 nempe
396 3850 504 3890 non
542 3833 772 3903 amplius
797 3846 860 3885 ex
889 3843 1125 3901 persona
1151 3842 1364 3892 eorum,
1401 3825 1494 3896 qui
1540 3839 1597 3879 se
1627 3833 2017 3880 converterunt
2061 3825 2330 3881 canticum
2371 3827 2475 3881 hoc
2516 3824 2738 3891 dicitur,
2772 3828 2866 3880 sed
2907 3827 2975 3881 ad
3009 3843 3174 3883 manu
3211 3829 3402 3885 fortem

163 3925 427 3997 pertinet,
462 3923 563 3976 hoc
598 3930 682 3976 est
709 3919 775 3974 ad
801 3918 895 3973 Dei
925 3917 1164 3971 Filium:
1198 3917 1272 3970 ita
1293 3916 1439 3970 enim
1468 3915 1857 3983 interpretatur
1897 3930 2095 3969 nomen
2136 3914 2306 3969 David
2348 3932 2507 3969 manu
2542 3915 2719 3984 fortis.
2761 3916 2876 3986 Ipse
2909 3918 3054 3971 enim
3097 3917 3190 3974 Dei
3233 3919 3405 3976 Filius

163 4017 419 4088 precipit
439 4015 506 4069 iis
531 4029 625 4083 qut
652 4011 854 4065 mundo
884 4009 1281 4071 renuntiarunt,
1306 4019 1358 4062 et
1382 4008 1545 4062 simul
1573 4008 1626 4060 in
1651 4023 1818 4062 unum
1849 4007 2109 4074 habitant,
2138 4015 2199 4062 ut
2219 4007 2435 4063 sincero
2459 4007 2622 4063 corde
2653 4007 2730 4062 illi
2754 4008 3015 4062 serviant.

247 4156 298 4210 I.
342 4154 498 4225 Ὑμῖν
540 4153 683 4222 λέγω
742 4154 854 4216 τοῖς
917 4147 1361 4218 ἀποταξαμένοις·
1424 4144 1590 4216 [Ἰδοὺ
1650 4143 1739 4215 δὴ]

175 4247 405 4311 Ίκανῶς
431 4246 508 4317 (ὅ)
537 4244 837 4313 εὐλογεῖτε
887 4243 993 4297 τὸν
1036 4243 1274 4310 Κύριον,
1322 4237 1595 4291 τουτέστιν
1624 4236 1740 4306 ἐμέ·

161 4342 232 4394 τὸ
258 4338 370 4408 γὰρ
407 4337 470 4408 δὴ
500 4334 698 4399 ἱκανῶς
719 4334 1072 4406 ἑρμηνεύεται
1096 4331 1247 4403 [ἰδοὺ
1263 4328 1326 4400 δὴ
1343 4325 1742 4400 ὲρμηνεύεται],

159 4433 216 4486 oi
247 4430 325 4499 (4)
359 4427 712 4490 ὲκδεδωκότες
765 4426 990 4489 ἑαυτοὺς
1048 4425 1127 4486 είς
1172 4421 1270 4491 τὴν
1335 4418 1619 4489 ὑπομονὴν
1647 4416 1740 4470 τοῦ

162 4519 429 4592 Χριστοῦ,
452 4521 502 4573 οι
546 4521 613 4590 τῇ
640 4518 846 4590 διανοίᾳ
875 4519 1155 4589 νήφοντες,
1224 4515 1316 4567 καὶ
1373 4513 1739 4582 ἀνιστάμενοι,

161 4611 338 4682 αὐτὴν
366 4607 734 4681 παριστῶντες
795 4607 873 4678 τῷ
917 4605 1212 4676 βουλήματι
1269 4601 1360 4655 τοῦ
1395 4601 1529 4653 Θεου
1579 4602 1637 4653 tv
1664 4598 1742 4670 τῷ

163 4700 296 4770 ὕψει
321 4698 430 4752 τῶν
448 4696 708 4770 οὐρανῶν.

237 4791 292 4858 ‘2,
315 4791 367 4846 5.
392 4791 501 4843 Καὶ
527 4789 726 4860 ἑδραῖοι
752 4789 902 4852 ὄντες
930 4789 986 4841 tv
1012 4791 1128 4853 ταῖς
1163 4785 1400 4846 ἐντολαῖς
1453 4782 1548 4834 τοῦ
1577 4788 1734 4846 Θεοῦ,

163 4888 262 4940 καὶ
282 4887 341 4938 tv
361 4887 548 4949 αὐταῖς
572 4881 928 4950 αὐλιζόμενοι.

245 5021 496 5077 “Matth.
530 5037 652 5085 xxv,
683 5020 768 5073 54.

1915 4143 1964 4196 1.
1995 4140 2157 4196 Vobis
2178 4141 2320 4210 dico,
2349 4144 2442 4213 qui
2465 4143 2668 4198 mundo
2690 4141 3072 4196 renuntiastis:
3100 4142 3391 4198 Abundan-

1842 4245 1922 4290 ter
1943 4235 2225 4288 benedicite
2249 4235 2550 4302 Dominum,
2576 4235 2678 4289 hoc
2699 4243 2781 4288 est
2809 4249 2928 4289 me:
2958 4234 3086 4288 illud
3111 4235 3254 4290 enim
3276 4250 3390 4288 ecce

1840 4342 1977 4378 nunc
1997 4326 2355 4392 abundanter,
2385 4341 2481 4379 seu
2513 4324 2715 4379 aﬂ‘atim
2761 4325 3147 4394 interpretatur
3191 4324 3256 4378 de
3300 4323 3389 4386 iis,

1839 4417 1932 4487 qui
1956 4419 2166 4488 seipsos
2192 4419 2527 4472 tradiderunt
2555 4418 2611 4471 in
2629 4417 2827 4472 Christi
2853 4415 3187 4484 patientiam,
3215 4424 3395 4469 mente

1840 4509 2145 4579 vigilantes,
2188 4519 2350 4579 atque
2402 4519 2768 4579 assurgentes,
2807 4509 2951 4562 illam
3007 4519 3392 4578 praesentantes

1839 4601 2101 4656 voluntati
2137 4601 2229 4655 Dei
2261 4602 2314 4654 in
2348 4603 2678 4658 sublimitate
2708 4602 2990 4655 cmlorum.

1908 4783 1962 4846 2,
1989 4783 2041 4836 5.
2073 4783 2136 4836 Et
2179 4783 2321 4837 firmi
2369 4785 2690 4838 exsistentes
2717 4783 2770 4836 in
2803 4783 2894 4836 Dei
2923 4783 3226 4851 praeceptis,
3252 4789 3305 4834 et
3341 4780 3394 4833 iu

1763 4884 1806 4939 ι)
1838 4869 1966 4940 ipsis
1997 4873 2366 4927 immorantes.

1115 5196 1416 5258 Addenda
1460 5199 1519 5253 et
1566 5189 1934 5268 corrigenda
1964 5206 2040 5250 ex
2071 5190 2209 5250 cod.
2243 5188 2447 5250 Vatic.

235 5369 314 5443 μ)
343 5367 448 5435 Τοῦ
477 5364 631 5435 ἁγίου
657 5361 985 5430 Πνεύματος,
1015 5365 1117 5410 etc.
1148 5356 1284 5440 Teia;
1313 5352 1593 5474 προφήτας
1620 5346 1719 5416 τῆς

235 5438 488 5474 m-nnuo'nu
538 5443 637 5474 om,
671 5431 750 5474 Τὰ
778 5431 834 5474 δὲ
863 5429 984 5474 Bon-
1014 5427 1191 5474 δῆλον.
1219 5441 1301 5474 οτι
1324 5440 1352 5474 ο
1379 5463 1393 5474 .
1417 5431 1519 5474 etc.
1574 5419 1718 5469 Απο-

163 5419 655 5511 επὲῐῲρινῖου,ἐιςι
671 5431 751 5484 Ta
778 5419 834 5511 ξι
863 5419 984 5511 pm,
1011 5427 1191 5511 δῆλον,
1219 5426 1304 5511 ὅτι
1324 5419 1542 5511 σείειεᾷ
1555 5419 1690 5511 31:3

162 5492 428 5568 δέδεκται,
456 5492 558 5560 etc.
590 5496 743 5557 Οὗτοι
765 5501 813 5551 oi
853 5492 1138 5568 ὁμάψύχὶυς
1169 5493 1308 5548 κατὰ
1348 5492 1478 5544 Θεὸν
1511 5492 1716 5544 ἀποτα-

167 5583 408 5649 ξάμενοι,
435 5586 536 5629 etc.
1546 5631 1569 5643 _

241 5649 318 5710 (‘2)
359 5649 420 5700 'H
443 5645 529 5698 διὰ
555 5644 651 5714 τῆς
678 5639 1045 5714 κινναὸαρεως
1071 5635 1332 5714 περιέχει,
1351 5642 1459 5714 etc.
1478 5633 1579 5714 ‘13!)
1612 5633 1717 5683 Δα-

168 5702 276 5782 618,
300 5702 394 5771 ῦπε
404 5737 434 5788 ρ
459 5702 834 5786 ἑρμηνεύεται,
861 5702 962 5772 ὅτι,
989 5718 1092 5762 etc.
1115 5702 1187 5759 Τὸ
1214 5702 1304 5758 τοῦ
1338 5703 1502 5757 Δαδὶδ
1524 5702 1717 5773 ὄνομα,

169 5801 272 5845 etc.

490 5877 751 5936 Ριτιιοι..
792 5871 907 5933 GI.
945 5867 1212 5931 XXVII.

1888 5348 1962 5417 (ὅ)
1994 5346 2057 5417 Ν.
2085 5344 2488 5417 ⁸ιζροιηιτιεῃι.
2529 5340 2715 5417 incipit
2740 5353 2773 5417 ε
2799 5337 2951 5417 verb.
2999 5335 3241 5417 ξΙκανως.

1886 5404 1964 5486 (ι)
1993 5415 2052 5468 Ν.
2076 5415 2130 5468 2.
2154 5413 2358 5474 Πάντες
2379 5412 2527 5533 ligat
2559 5412 2605 5463 οἱ
2626 5404 2982 5468 ἕκδεδωκότες
3003 5407 3050 5457 t.
3079 5404 3145 5457 et.
3175 5422 3222 5456 τ.
3281 5404 3388 5458 ὐπ-

1887 5486 1980 5550 οὴν
2009 5485 2102 5538 τοῦ
2137 5482 2388 5550 Χριστοῦ.
2471 5519 2484 5533 .
2515 5481 2566 5534 3.
2593 5482 2736 5550 Οἱτῇ
2765 5477 3272 5550 διανοίᾳγνήφοντες,
3297 5475 3388 5550 καὶ

1815 5486 1980 5554 ακοὴν
2009 5486 2102 5538 τοῦ
2137 5486 2388 5554 Χριστοῦ.
2421 5486 2484 5533 Ν.
2515 5486 2566 5534 5.
2593 5486 2736 5550 Οἱτῇ
2765 5486 2971 5548 διανοίᾳ
2996 5486 3272 5554 νήφοντες,
3297 5486 3384 5528 και

1816 5556 2216 5629 ἀνατεταμένην
2244 5555 2431 5629 αὐτὴν,
2467 5561 2570 5629 etc.
2601 5565 2782 5629 usque
2801 5547 2907 5601 τῶν
2935 5549 3197 5629 οὐρανῶν.
3328 5545 3384 5604 ι,

1818 5628 1870 5687 5,
1906 5627 1959 5678 6.
2001 5615 2089 5677 Ἑν
2125 5615 2242 5686 ταῖς
2288 5615 2706 5692 ἐπερχομέναις,
2736 5625 2839 5676 etc.
2883 5615 3053 5688 usque
3108 5615 3173 5667 ad
3222 5615 3387 5684 εὐχα-

1820 5695 2022 5753 οιστίας
2055 5696 2144 5747 τὸν
2170 5693 2390 5764 Κύριον.

2989 5842 3063 5901 to
