4036 6440
644 326 778 383 1259

1455 327 1512 384 5.
1558 327 1924 386 ATHANASII
1965 331 2116 387 OPP.
2159 333 2341 390 PARS
2380 334 2465 390 Ill.
2505 367 2572 375 -—
2612 336 3020 393 EXECETICA.

3763 345 3895 400 1260

710 443 761 496 ι.
799 442 856 496 lu
887 444 1137 498 noctibus
1163 443 1402 500 extollite
1443 461 1636 500 manus
1665 459 1870 504 vestras
1895 451 1947 504 iu
1977 450 2193 518 Sancta,

2375 454 2425 508 4.
2471 457 2558 509 Ἑν
2589 459 2706 520 ταῖς
2740 456 2888 522 νυξὶν
2917 456 3154 527 ἐπάρατε
3188 458 3281 519 τὰς
3310 460 3498 531 χεῖρας
3524 459 3685 530 ὑμῶν
3716 462 3802 525 είς
3832 464 3896 514 τά

709 625 763 680 5.
802 625 868 679 Et
901 628 1202 684 benedicite
1229 628 1537 685 Dominum.

708 715 760 770 6.
789 713 1079 774 Benedicat
1111 731 1161 773 te
1201 719 1466 777 Dominus
1497 738 1561 776 ex
1599 723 1730 779 Sion
1769 745 1781 781 :

711 806 759 860 7.
791 806 894 874 Qui
920 808 1049 865 fecit
1070 812 1266 866 C(Blllm
1297 823 1347 867 ct
1381 824 1604 869 terram.

2315 547 2500 613 Ἀγια,

2379 565 2500 616 για,

2379 640 2429 694 5.
2465 641 2572 694 Καὶ
2599 640 2867 708 εὐλογεῖτε
2899 641 2985 692 τὸν
3011 642 3234 711 Κύριον.

2377 731 2426 784 6.
2466 731 2771 799 Εὑλογήσαι
2800 748 2857 784 σε
2887 732 3088 802 Κύριος
3111 735 3174 786 ὲκ
3197 733 3355 796 Σιὼν,

2376 824 2423 876 7.
2475 824 2530 876 '0
2564 826 2793 893 ποιήσας
2824 825 2914 877 τὸν
2947 826 3172 896 οὐρανὸν
3209 829 3302 880 καὶ
3329 827 3428 897 τὴν
3459 829 3584 899 γῆν.

1756 908 2126 965 ATHANASII
2167 911 2747 970 lNTERPRETATIO.

707 989 761 1044 ι.
795 991 851 1045 In
887 995 1396 1064 supervenientibus
1426 998 1580 1053 vobis
1613 999 1930 1058 incursibus
1961 1006 2208 1059 tenebra-

637 1103 779 1152 rum,
816 1088 919 1140 hoe
949 1097 1031 1142 est
1061 1087 1286 1154 inimici,
1316 1089 1578 1144 intendite
1608 1092 1772 1147 corda
1805 1105 1982 1150 vestra
2016 1097 2069 1150 in
2097 1112 2206 1152 coe-

634 1179 740 1243 los,
769 1179 1120 1248 respicientes
1160 1183 1398 1236 reuosita
1424 1183 1580 1238 vobis
1610 1185 1771 1238 bona.

704 1357 753 1411 5.
790 1355 856 1409 Et
883 1357 1136 1426 operibus
1167 1357 1409 1423 justitiae,
1464 1368 1514 1412 et
1565 1360 1861 1429 gratiarum
1893 1362 2204 1418 actionibus

631 1449 921 1504 Dominum
955 1449 1271 1517 glorilicate.

699 1541 755 1603 6,
789 1540 837 1594 7.
867 1542 1044 1596 Mittet
1074 1542 1170 1595 tibi
1199 1542 1456 1597 Dominus
1491 1558 1557 1596 ex
1582 1544 1784 1598 sanctis
1811 1545 1925 1598 suis
1956 1545 2203 1598 altitudi-

627 1633 791 1689 nibus
818 1633 1047 1703 gratiam
1076 1649 1231 1688 suam
1262 1644 1629 1704 protegentem
1668 1644 1736 1700 te,
1775 1644 1826 1689 et
1856 1636 2200 1692 sanctiﬁcan-

630 1735 760 1780 tem.

2378 1008 2429 1060 4.
2465 1009 2552 1060 Ἐν
2585 1011 2703 1071 ταῖς
2738 1011 3136 1079 ἐπερχομέναις
3169 1010 3294 1079 ὑμῖν
3342 1012 3614 1075 εἰσϐολαῖς
3639 1011 3736 1065 τοῦ
3770 1016 3889 1066 σκό-

2303 1117 2448 1162 τους,
2476 1100 2719 1153 τουτέστι
2750 1101 2843 1153 τοῦ
2877 1101 3095 1172 ἐχθροῦ,
3139 1103 3450 1156 ἀνατείνατε
3506 1105 3609 1166 τάς
3658 1105 3886 1175 καρδίας

2304 1188 2332 1238 ὑ
2342 1187 2456 1256 μῶν
2484 1191 2539 1240 ὲν
2565 1191 2676 1250 τοῖς
2700 1190 2966 1260 οὐρανοῖς,
2997 1189 3395 1254 ἀποϐλέποντες
3423 1193 3490 1243 τὰ
3538 1194 3885 1264 ἀποκείμενα

2341 1281 2432 1349 μῖν
2460 1278 2655 1346 ἀγαθά.

2376 1370 2425 1422 5.
2467 1368 2571 1423 Καὶ
2619 1368 2867 1433 δοξάζετε
2918 1370 3005 1423 διὰ
3037 1372 3143 1423 τῶν
3177 1370 3353 1444 ἔργων
3398 1375 3492 1443 τῆς
3526 1375 3886 1446 δικαιοσύνης

2307 1463 2398 1514 καὶ
2423 1462 2518 1530 τῆς
2546 1461 2894 1530 εὐχαριστίας
2925 1463 3015 1514 τὸν
3041 1462 3258 1533 Κύριον.

2373 1553 2426 1617 6,
2459 1553 2512 1607 7.
2545 1553 2619 1622 (ί)
2658 1552 3014 1623 Καταπέμψει
3047 1571 3124 1606 σοι
3150 1553 3348 1626 Κύρνος
3372 1557 3433 1608 ἐκ
3454 1556 3558 1609 τῶν
3587 1558 3769 1624 ἁγίων
3793 1562 3886 1612 αὐ-

2310 1645 2392 1700 τοῦ
2433 1646 2860 1718 ὑψωμάτωντὴν
2914 1647 3070 1716 χάριν
3121 1647 3282 1700 αὑτοῦ
3339 1649 3650 1702 σκέπουσάν
3698 1668 3760 1702 σε
3793 1670 3886 1703 κα.

2299 1737 2648 1806 ἁγιάζουσαν.

694 1815 875 1883 Quare
921 1828 1102 1872 autem
1141 1833 1402 1875 numerus
1459 1817 1791 1890 psalmorum
1850 1820 2189 1889 gradualium

2365 1829 2461 1881 Διά
2484 1829 2605 1881 τίδὲ
2634 1830 2661 1880 ὁ
2684 1827 2912 1900 ἀριθμὸς
2934 1829 3040 1881 τῶν
3077 1830 3428 1901 Ἀναϐαθμῶν
3448 1831 3579 1884 δέκα
3607 1831 3703 1884 καὶ
3731 1835 3875 1903 πέμο

623 1917 706 1964 est
729 1909 1035 1979 quindecim
1072 1912 1404 1981 psalmorum
1431 1953 1443 1970 .
1484 1912 1653 1981 gratia
1688 1910 1816 1965 Jesu
1846 1911 2056 1966 Domini
2091 1928 2190 1966 no-

623 2003 720 2054 stri
751 2001 1017 2058 dicemus.
1048 2002 1214 2058 Vobis
1245 2004 1505 2058 omnibus
1543 2001 1888 2057 manifestum
1911 2013 2016 2069 est,
2046 2005 2191 2073 quod

619 2107 834 2158 omnes,
875 2095 966 2162 qui
1000 2095 1296 2148 secundum
1334 2094 1505 2149 Deum
1539 2094 1867 2165 proficiunt,
1907 2105 2036 2149 sunt
2095 2095 2191 2149 lilii

622 2184 776 2240 lucis.
799 2193 852 2238 et
874 2184 966 2238 ﬁlii
998 2185 1127 2252 diei,
1162 2188 1617 2256 quemadmodum
1662 2188 1765 2242 hoc
1825 2189 2005 2256 ipsum
2063 2188 2193 2242 dicit

619 2277 908 2346 Apostolus
925 2279 1170 2333 scribens
1188 2277 1772 2334 Thessalonicensibus
1794 2295 1806 2328 :
1835 2277 2026 2332 Omnes
2050 2281 2191 2332 enim

616 2384 705 2421 vos
736 2367 839 2432 ﬁlii
869 2368 999 2420 lucis
1035 2370 1180 2433 estis,
1208 2379 1256 2421 et
1284 2370 1384 2436 filii
1417 2371 1524 2422 diei
1552 2373 1635 2437 ll’;
1671 2381 1725 2425 et
1767 2386 1959 2426 rursus
2000 2373 2190 2441 paucis

619 2458 912 2525 interjectis
950 2479 961 2512 :
1001 2458 1112 2512 Nos
1137 2469 1330 2524 autem,
1359 2463 1448 2530 qui
1483 2463 1587 2517 diei
1636 2479 1816 2518 sumus
1848 2506 1862 2529 ,
1907 2462 2068 2516 sobrii
2115 2467 2192 2518 si-

616 2565 732 2602 mus
758 2549 803 2580 ’°
825 2567 839 2615 ;
863 2561 915 2604 et
937 2566 1129 2605 rursus
1162 2551 1276 2619 ipse
1316 2551 1578 2607 Dominus
1605 2554 1670 2607 de
1693 2569 1750 2608 se
1783 2555 1901 2623 ipso
1950 2552 2065 2608 htcc
2098 2569 2190 2608 ea-

615 2642 737 2695 dem
769 2641 904 2698 dicit
931 2644 984 2698 in
1019 2642 1342 2714 Evangelio;
1403 2647 1544 2701 diem
1597 2663 1655 2702 se
1689 2648 1886 2716 ipsum,
1920 2656 1975 2702 et
2008 2646 2186 2701 lucem

613 2746 734 2786 esse
760 2734 1049 2805 designans
1071 2735 1299 2788 dicendo
1326 2751 1338 2786 :
1377 2734 1436 2789 Si
1469 2737 1582 2803 quis
1621 2734 1966 2789 ambulaverit
1993 2735 2049 2787 in
2078 2734 2185 2799 die,

614 2841 714 2878 non
737 2827 973 2895 o/fendit,
1005 2828 1256 2896 quoniam
1285 2828 1451 2880 lucem
1501 2827 1655 2893 hujus
1705 2829 1882 2879 mundi
1931 2827 2068 2879 videt
2096 2825 2140 2855 ⁹¹
2169 2843 2184 2892 ;

611 2928 663 2970 et
695 2933 922 2972 rursus:
965 2917 1074 2987 Ego
1121 2933 1236 2968 sum
1264 2917 1356 2968 lux
1394 2917 1572 2968 mundi
1598 2915 1666 2968 ".
1706 2913 1879 2968 Porro
1932 2925 1992 2970 ut
2027 2924 2184 2970 antea

612 3007 868 3073 diximus,
891 3009 985 3077 qui
1016 3007 1249 3060 Domino
1316 3007 1627 3071 adhaerent,
1662 3007 1767 3060 diei
1811 3017 1864 3061 et
1895 3007 2030 3061 lucis
2088 3007 2182 3060 ﬁlii

613 3109 754 3153 sunt.
794 3096 912 3152 Non
959 3098 1224 3167 ignoratis
1249 3098 1412 3152 etiam
1451 3100 1574 3164 hoc,
1625 3099 1835 3164 dilecti,
1871 3099 2018 3170 quod
2053 3115 2179 3154 cum

2297 1938 2443 1974 πτων
2467 1920 2694 1990 ψαλμῶν
2719 1921 2970 1993 ὑπάρχει,
2995 1922 3218 1993 λέξομεν
3246 1926 3308 1992 τῇ
3336 1924 3517 1995 χάριτι
3546 1925 3642 1977 τοῦ
3671 1923 3883 1996 Κυρίου

2254 2048 2264 2062 .
2296 2011 2659 2083 ὴμῶνἸησοῦ.
2695 2013 2859 2082 Δῆλον
2889 2014 3049 2066 πᾶσιν
3085 2014 3212 2083 ὑμῖν
3239 2015 3402 2076 ἐστιν,
3431 2016 3626 2085 ὅτιπερ
3661 2018 3710 2068 οἱ
3743 2018 3882 2070 κατά

2294 2103 2426 2157 Θεὸν
2459 2104 2859 2174 προκόπτοντες
2900 2107 3004 2157 υἱοὶ
3032 2105 3206 2172 φωτός
3254 2108 3358 2158 εἰσι
3382 2146 3396 2170 ,
3446 2106 3539 2159 καὶ
3575 2110 3683 2160 υἱοὶ
3719 2111 3880 2178 ἡμῶν

2297 2195 2350 2268 [ὴ
2363 2196 2579 2268 μέραςι,
2608 2197 2681 2260 ὼς
2705 2197 2836 2249 αὐτὸ
2863 2198 3020 2250 τοῦτο
3049 2199 3194 2268 λέγει
3217 2200 3244 2250 ὁ
3289 2199 3611 2262 Ἀπὸστολος
3646 2201 3878 2271 γράςςων

2293 2289 2812 2344 Θεσσαλονικεῦσιν·
2878 2291 2995 2343 ’Ὁτι
3037 2292 3257 2357 πάντες
3310 2293 3472 2361 ὑμεῖς
3510 2294 3630 2347 vlui
3679 2296 3879 2362 φωτός

2291 2383 2452 2447 ἐστε,
2471 2383 2568 2438 καὶ
2596 2382 2709 2436 υἱοὶ
2739 2380 2962 2450 ἡμέρας
2983 2399 2996 2412 °
3017 2383 3108 2436 καὶ
3127 2383 3282 2436 πάλιν
3309 2385 3422 2454 μετ’
3445 2384 3605 2450 ὀλίγα
3626 2402 3640 2416 ο
3677 2385 3880 2454 Ἡμεῖς

2292 2473 2380 2536 δὲ,
2417 2473 2636 2541 ἡμέρας
2663 2473 2830 2537 ὄντες
2868 2471 3135 2541 νήρομεν
3155 2489 3168 2501 ·
3199 2473 3291 2525 καὶ
3325 2473 3481 2525 πάλιν
3514 2473 3678 2537 αὐτὸς
3712 2479 3742 2527 ὁ
3775 2474 3878 2527 K3-

2294 2582 2408 2636 ριος
2437 2565 2564 2634 περὶ
2595 2564 2784 2617 ἑαυτοῦ
2818 2565 2987 2617 ταῦτά
3021 2565 3165 2633 λέγει
3202 2567 3257 2618 ἐν
3280 2566 3619 2636 Εὐαγγελίῳ,
3660 2570 3875 2640 ἡμέραν

2292 2657 2481 2709 ἑαυτὸν
2513 2657 2604 2708 καὶ
2632 2657 2746 2724 φῶς
2771 2656 3084 2726 διαγράφων
3107 2658 3193 2711 διὰ
3217 2657 3308 2710 τοῦ
3341 2658 3518 2725 λέγειν
3542 2675 3555 2689 ⁸
3600 2661 3748 2712 Ἐάν
3791 2679 3875 2727 τις

2292 2746 2583 2816 περιπατῇ
2611 2749 2679 2799 ἐν
2701 2747 2774 2813 τῇ
2802 2747 2987 2815 ἡμέρῃ
3011 2750 3082 2799 οὺ
3113 2750 3498 2814 προσκόπτει,
3534 2750 3623 2802 ὅτι
3649 2752 3713 2803 τὸ
3747 2750 3872 2819 εκῐτ

2289 2839 2395 2892 τοῦ
2430 2840 2663 2905 κόσμου
2695 2838 3154 2900 τούτου.,ϐ.ὶέ;τει
3175 2855 3187 2866 ·
3220 2840 3312 2890 καὶ
3342 2840 3500 2892 πάλιν
3522 2858 3533 2868 ·
3574 2839 3726 2910 Ἐγώ
3756 2844 3872 2910 εἰμι

2291 2927 2354 2981 τὸ
2384 2927 2506 2996 φῶς
2534 2927 2636 2980 τοῦ
2665 2929 2912 2996 κόσμου.
2943 2927 3168 2990 Οὐκοῦν,
3199 2927 3273 2991 ὡς
3301 2931 3666 2999 προείπαμεν,
3716 2935 3766 2985 οἱ

2289 3019 2470 3090 Κυρίῳ
2493 3017 2819 3089 κολλώμενοι
2847 3020 2944 3088 τῆς
2973 3020 3185 3092 ἡμέρας
3219 3023 3310 3074 καὶ
3357 3021 3451 3074 τοῦ
3498 3025 3675 3090 φωτός
3733 3029 3871 3077 εἰσιν

2289 3115 2414 3167 υἱοί.
2441 3112 2631 3164 Οἴδατε
2663 3113 2755 3165 καὶ
2784 3112 2960 3176 τοῦτο,
2991 3115 3284 3184 ἀγαπητοὶ,
3316 3116 3526 3185 ὅτιπερ,
3555 3117 3684 3169 ὃταν
3717 3119 3752 3186 ἡ
3779 3117 3874 3182 νὺξ

614 3206 718 3246 uox
750 3192 814 3246 ad
845 3165 1145 3246 extre—mum
1176 3191 1378 3254 deﬁcit,
1411 3191 1526 3246 dics
1554 3201 1637 3246 cst
1663 3165 1921 3246 horarum
1947 3193 2178 3262 quinde-

2300 3165 2338 3167 ρ
2950 3165 2960 3176 .
3041 3165 3051 3181 .
3727 3165 3868 3186 ιη.

2284 3207 2346 3260 τὸ
2374 3205 2579 3258 τέλειον
2607 3203 2866 3273 ἐκλείψει,
2890 3205 3017 3257 δέκα
3047 3206 3140 3259 καὶ
3167 3206 3430 3277 πέμπτων
3465 3209 3627 3277 dmi-3v
3653 3209 3868 3277 γίνεται

610 3287 738 3340 cim.
764 3283 1054 3354 PrOpterea
1079 3285 1244 3354 igitur
1289 3291 1341 3337 et
1369 3282 1655 3353 graduales
1691 3282 1999 3353 quindecim
2030 3292 2177 3347 sunt,

610 3385 672 3432 ut
699 3384 886 3431 uotum
910 3376 983 3431 sit
1011 3377 1288 3438 omnibus,
1317 3375 1461 3443 quod
1489 3382 1617 3430 sunt
1656 3375 1722 3428 de
1755 3374 1843 3428 die
1880 3374 2020 3428 lucis
2053 3388 2178 3443 per-

610 3468 771 3532 fecta,
805 3467 910 3522 hoc
939 3465 1105 3522 estde
1139 3467 1259 3520 luce
1294 3467 1704 3522 ascendentium
1755 3482 1850 3537 per
1888 3466 2088 3534 gradus
2123 3466 2177 3520 in

609 3561 992 3631 perfectionem
1036 3561 1334 3615 secundum
1391 3561 1764 3615 ascensionem
1821 3560 1873 3612 in
1929 3559 2172 3614 Christo.

605 3652 725 3709 Non
750 3665 928 3710 autem
956 3663 1176 3724 propter
1209 3655 1312 3709 hoc
1350 3655 1550 3718 solum,
1597 3653 1688 3708 sed
1723 3654 1886 3707 etiam
1947 3662 2174 3722 propter

608 3746 762 3808 illud,
789 3747 933 3815 quod
963 3746 1174 3800 decimo
1198 3748 1356 3800 tertio
1387 3746 1580 3816 gradu,
1609 3747 1658 3798 in
1685 3745 1892 3815 psalmo
1916 3745 2169 3814 inquam:

613 3838 893 3904 Memento,
923 3837 1166 3904 Domine,
1203 3837 1371 3891 David
1405 3840 1471 3904 ’³,
1506 3839 1719 3894 locutus
1763 3847 1848 3892 est
1888 3837 1953 3893 de
1980 3838 2046 3892 iis
2082 3838 2173 3906 qui

610 3933 812 3988 mundo
829 3933 1232 3998 renuntiarunt,
1259 3941 1316 3985 ut
1342 3932 1692 4000 signiﬁcaret,
1723 3931 1868 4001 quod
1896 3930 2031 3986 tales
2053 3931 2174 4001 plu-

608 4028 743 4081 rima
781 4028 899 4082 luce
919 4028 1210 4082 donantur.
1246 4025 1625 4081 Ascenderunt
1650 4026 1793 4079 enim
1816 4026 2041 4094 gradum
2077 4023 2170 4093 qui

605 4114 761 4172 Jesus
783 4129 886 4182 eet,
914 4127 968 4171 et
1003 4129 1366 4187 pervenerunt
1421 4119 1474 4171 in
1503 4117 1749 4171 altiorem
1801 4117 2168 4186 cognitionem

604 4207 741 4264 lucis
776 4208 1001 4263 Christi.
1053 4207 1258 4264 Deiecit
1308 4211 1454 4264 enim
1489 4208 1631 4279 apud
1659 4223 1752 4261 eos
1786 4222 1890 4261 nox
1919 4207 2120 4276 peccati
2154 4222 2167 4269 ;

600 4299 800 4354 etenim
831 4315 890 4354 se
924 4299 1073 4370 ipsos
1094 4299 1359 4353 dederunt
1387 4299 1452 4354 ad
1500 4297 1906 4355 ascendendum
1943 4298 2164 4367 quidem

603 4390 658 4442 in
692 4391 865 4444 lucem
896 4391 1022 4454 diei,
1053 4392 1302 4446 videlicet
1332 4391 1533 4445 Christi
1567 4407 1661 4461 per
1690 4391 2000 4460 quindecim
2041 4406 2168 4458 g'a-

2283 3301 2340 3352 ὲν
2367 3299 2567 3369 ἡμέρα.
2601 3295 2698 3349 Διά
2742 3295 2899 3348 τοῦτο
2955 3291 3047 3348 οὖν
3095 3296 3188 3349 καὶ
3239 3298 3543 3367 ἀναδαθμοὶ
3574 3300 3712 3354 δέκα
3775 3303 3872 3356 καὶ

2283 3391 2520 3460 πέμπτοι
2552 3387 2818 3458 εἴρηνται,
2878 3387 2962 3439 ἵνα
2987 3387 3146 3456 δῆλον
3260 3388 3445 3449 πᾶσιν,
3478 3389 3560 3440 δτι
3598 3391 3730 3459 περὶ
3769 3392 3868 3460 τῆς

2279 3481 2488 3542 τελείας
2515 3479 2724 3550 ἡμέρας
2756 3476 2848 3530 τοῦ
2884 3477 3080 3546 φωτὸς,
3114 3478 3360 3530 τουτέστι
3409 3476 3502 3530 τοῦ
3549 3480 3606 3530 ὲν
3645 3480 3870 3549 Χριστῷ

2281 3568 2422 3623 κατά
2475 3566 2775 3638 πρόσϐασιν
2824 3567 2902 3629 εἰς
2931 3565 3241 3636 τελειότητα
3279 3567 3452 3634 φωτὸς
3480 3569 3866 3639 ἀνερχομένων

2278 3664 2336 3714 ὲν
2368 3661 2615 3731 βαθμοῖς.
2654 3661 2728 3712 Οὐ
2773 3659 2934 3729 μόνον
2979 3658 3037 3712 δὲ
3086 3657 3264 3720 τοῦτο,
3297 3659 3432 3711 ἀλλά
3462 3661 3551 3711 καὶ
3577 3661 3669 3712 διὰ
3705 3661 3868 3714 τοῦτο

2277 3755 2334 3806 ὲν
2363 3752 2795 3824 τρισκαιδεκάτῳ
2821 3749 3032 3820 βαθμῷ,
3057 3749 3197 3819 λέγω
3219 3751 3281 3820 δὴ
3304 3751 3382 3813 είς
3411 3751 3488 3811 τδ,
3523 3753 3863 3820 Μνήσθητι,

2276 3845 2471 3912 Κύριε,
2535 3841 2641 3895 τοῦ
2688 3840 3100 3912 Δαϐίδ,εῖρηκε
3149 3843 3277 3913 περὶ
3312 3841 3421 3893 τῶν
3468 3844 3864 3916 ἀποτεσσάρων

2277 3932 2501 4004 βαθμῶν
2533 3932 2610 4003 τῷ
2655 3933 2846 4002 κόσμῳ
2882 3929 3288 4002 [ἀποταξάντων
3332 3930 3410 4001 τῷ
3460 3932 3676 4005 κόσμῳ]
3707 3976 3722 3998 ,
3779 3936 3864 3986 ἵνα

2277 4027 2535 4097 σημαίνῃ,
2589 4024 2670 4077 ὅτι
2710 4024 2955 4086 πλείονος
2999 4024 3176 4091 φωτὸς
3208 4022 3481 4089 ἀξιοῦνται
3523 4025 3573 4076 οἱ
3602 4026 3858 4080 τοιοῦτοι.

2286 4115 2660 4186 ’Υπερέΰησαν
2687 4117 2794 4186 γὰρ
2821 4114 2912 4166 τὸν
2953 4115 3159 4182 Ἰησοῦν
3188 4115 3418 4186 βαθμὸν,
3456 4118 3551 4170 καὶ
3585 4120 3669 4180 είς
3719 4121 3862 4189 ὕψη-

2272 4210 2496 4280 λοτέραν
2518 4209 2717 4278 γνῶσιν
2743 4206 3118 4278 ἀναϐεϐήκασι
3142 4207 3234 4259 τοῦ
3259 4209 3436 4276 φωτὸς
3465 4209 3559 4262 τοῦ
3594 4211 3856 4280 Χριστοῦ.

2283 4301 2524 4368 Ἐξέλιπε
2559 4301 2666 4370 γὰρ
2697 4299 2826 4371 παρ’
2863 4299 3047 4361 αὐτοῖς
3104 4297 3199 4362 νὺξ
3229 4299 3327 4368 τῆς
3360 4299 3638 4368 ἁμαρτίας
3659 4316 3670 4328 ·
3730 4302 3858 4354 ea»-

2268 4393 2392 4455 τοὺς
2427 4392 2535 4463 γὰρ
2571 4392 2836 4445 δεδώκασι
2863 4389 3179 4443 ἀναῦαίνειν
3217 4389 3315 4459 μὲν
3363 4393 3422 4442 ὲν
3457 4391 3534 4460 τῷ
3568 4395 3712 4459 φωτὶ
3760 4395 3858 4462 τῆς

606 4480 722 4545 dus,
782 4490 840 4534 ut
869 4482 1121 4536 omnibus
1155 4482 1502 4536 manifestum
1539 4483 1640 4547 sit,
1677 4480 1821 4551 quod
1875 4480 2017 4549 apud
2070 4495 2164 4534 eos

2279 4484 2502 4554 ἡμέρας,
2527 4484 2728 4536 ὡσανεὶ
2760 4483 2854 4536 τοῦ
2893 4481 3127 4553 Χριστοῦ
3153 4481 3244 4533 ἐπὶ
3270 4482 3396 4546 τοὺς
3431 4482 3562 4537 δέκα
3594 4485 3686 4537 καὶ
3713 4487 3856 4555 τάμ-

601 4574 828 4628 omnino
861 4590 967 4629 nox
1018 4574 1234 4638 defecit,
1271 4586 1322 4629 et
1357 4575 1688 4628 iulirmatum
1721 4585 1804 4628 est
1853 4583 2161 4642 peccatum,

599 4666 1056 4732 quemadmodum
1089 4673 1247 4720 antea
1272 4667 1383 4720 dixi
1406 4684 1419 4732 ;
1446 4665 1645 4736 gradus
1671 4663 1834 4732 igitur
1861 4664 2010 4718 horis
2045 4679 2164 4732 per-

601 4754 729 4811 iecti
775 4759 880 4812 diei
927 4758 1225 4828 comparati
1261 4769 1406 4823 sunt,
1462 4769 1515 4811 et
1545 4759 1774 4827 expositi
1825 4772 1889 4810 ex
1925 4771 2160 4826 persona

601 4863 743 4903 vera:
776 4850 932 4912 lucis,
956 4859 1009 4904 et
1041 4851 1273 4906 filiorum
1306 4851 1442 4918 ejus.

2271 4592 2437 4638 πτους
2466 4575 2833 4645 ἀναϐαθμοῦς,
2870 4575 2957 4627 ἵνα
2990 4575 3146 4644 δῆλον
3237 4575 3424 4636 πᾶσιν,
3460 4577 3542 4629 ὅτι
3571 4580 3703 4647 παρ’
3753 4582 3855 4631 αῦ-

2270 4667 2381 4727 τοῖς
2413 4664 2473 4716 τὸ
2492 4665 2693 4717 τέλειον
2719 4663 2965 4730 ἐξέλιπεν
2993 4666 3025 4734 ὴ
3053 4663 3168 4727 νὺξ,
3197 4665 3290 4717 καὶ
3321 4665 3612 4734 ἀνίσχυρος
3644 4667 3855 4732 γενέται

2273 4758 2304 4824 ἡ
2334 4755 2591 4826 ἁμαρτία,
2622 4755 2800 4818 καθὼς
2833 4757 3092 4825 προεῖπον
3117 4773 3129 4785 ο
3161 4755 3210 4806 οί
3257 4754 3563 4823 ἀναϐαθμοὶ
3597 4752 3694 4808 οῦν
3735 4761 3854 4820 ταῖς

2273 4847 2441 4918 ὥραις
2463 4847 2559 4917 τῆς
2579 4848 2784 4910 τελείας
2808 4849 3018 4918 ἡμέρας
3041 4848 3460 4917 ἁφωμοιωμένοι
3484 4849 3615 4913 εἰσὶ,
3638 4849 3854 4920 διηγοῦ-

601 4955 751 5009 μενοι
777 4941 838 4992 ὲκ
871 4940 1156 5010 προσώπου
1182 4941 1272 4994 τοῦ
1292 4939 1540 5011 ἀληθινοῦ
1567 4941 1762 5008 φωτὸς,
1789 4942 1880 4993 καί
1914 4942 2019 4991 τῶν
2069 4937 2257 4990 τούτου
2293 4937 2442 4990 υἱῶν.

1733 5038 1776 5067 ’⁸
1809 5033 1965 5088 Joan.
2005 5049 2082 5095 ιι,
2115 5032 2167 5087 9.

669 5033 713 5064 ⁸⁸
742 5031 1032 5090 lThessal.
1085 5051 1136 5097 ν.
1169 5036 1220 5090 5.
1305 5038 1351 5067 ὀ
1398 5035 1529 5100 ibid.
1564 5037 1616 5088 8.

2279 5034 2324 5063 ⁹¹
2357 5031 2516 5085 Joan.
2577 5049 2694 5094 vm,
2749 5034 2833 5086 Η..
2944 5031 2990 5060 ’³
3021 5029 3164 5087 Psal.
3201 5046 3388 5092 cum,
3424 5032 3467 5084 Ι.

1550 5125 1852 5187 Addenda
1882 5132 1942 5186 et
1973 5122 2346 5200 corrigenda
2377 5140 2456 5182 ex
2505 5124 2644 5183 cod.
2685 5125 2882 5185 \‘atic.

664 5225 742 5295 (1)
871 5227 923 5285 7.
955 5225 1006 5278 8.
1038 5227 1418 5296 Καταπέμψει,
1452 5243 1552 5288 σοι,
1583 5236 1688 5280 etc.
1723 5227 1819 5279 Διά
1850 5225 1984 5296 τίδὲ
2017 5225 2109 5276 καὶ
2131 5227 2158 5277 6

592 5295 843 5375 ἀριθμός,
875 5310 976 5375 etc.
994 5297 1123 5375 _Ka}
1147 5295 1305 5375 πέντε
1335 5296 1564 5375 ψαλμῷν
1590 5337 1602 5357 ,
1625 5307 1738 5375 ιρις.
1801 5295 2002 5375 Ἰησοῦ.
2027 5296 2158 5375 Χρι-

594 5365 1016 5438 στοῦξειο.νκαξ
1067 5369 1169 5419 υἱοὶ
1203 5369 1410 5438 ἡμέρας
1437 5365 1460 5427 ,ί
1491 5367 1750 5438 ὡσαύτως
1796 5365 1950 5438 τοῦτο
1987 5365 2154 5432 λέγει,

591 5448 694 5489 etc.
733 5435 812 5489 Τὰ
841 5437 979 5489 αὑτά
1003 5435 1168 5504 λέγει,
1203 5435 1323 5491 etcf
1364 5440 1460 5491 Διὰ
1487 5436 1644 5489 τοῦτο
1677 5437 1844 5505 λέγει,
1902 5437 2016 5497 ὲάν,
2049 5445 2152 5488 ιιιο.

590 5506 696 5558 Τοῦ
732 5506 934 5573 κόσμου
963 5507 1150 5559 τούτου
1173 5548 1185 5568 ,
1222 5519 1323 5561 etc.
1355 5508 1542 5560 Οἴδατε
1598 5507 1651 5558 δὲ
1698 5508 1788 5559 καί
1813 5549 1824 5568 ,
1874 5517 1974 5559 etc.
2016 5505 2155 5573 Δέδια

590 5580 681 5628 καὶ
718 5572 866 5628 πέντε
904 5577 1059 5644 ὡρῶν
1095 5578 1299 5644 γῖνεται
1330 5581 1360 5646 ἡ
1400 5579 1600 5646 ἡμέρα.
1636 5579 1731 5629 Δια
1780 5577 1934 5629 τοῦτο
1981 5572 2072 5627 οὖν
2103 5578 2150 5626 οἱ

583 5646 888 5716 ἀναϐαθμοὶ
917 5648 1072 5699 πέντε
1111 5649 1200 5699 καὶ
1229 5649 1358 5699 δέκα
1395 5651 1657 5716 εἴρηνται,
1690 5660 1791 5699 ‹·ι‹·.
1817 5647 1919 5698 Τοῦ
1952 5647 2142 5711 exuti);

582 5715 726 5767 τοῦτ’
762 5717 902 5767 ἔστιν
936 5717 1029 5784 τῖς
1086 5720 1138 5768 ἐν
1175 5718 1390 5786 Χριστῷ
1439 5715 1780 5787 ἀναστροφῆς
1839 5716 2150 5781 διηγοῦνται

581 5789 679 5854 τὴν
715 5786 972 5838 ἀνάϐασιν
1003 5789 1098 5855 τὴς
1135 5789 1412 5863 προκοπῆς
1449 5788 1554 5837 τῶν
1603 5791 1659 5838 ὲν
1687 5786 1692 5787 ⁷
1722 5787 1940 5856 Χριστῷ
1989 5788 2148 5845 κατα,

580 5865 683 5910 etc.
726 5858 809 5919 Ὠς
836 5858 890 5906 ἐν
925 5856 1172 5926 βαθμοῖς,
1201 5867 1305 5913 clc.
1341 5856 1444 5909 Καὶ
1473 5857 1560 5910 διὰ
1601 5857 1759 5909 τοῦτο
1803 5858 1880 5926 τῷ
1907 5873 2148 5926 τρισκαι-

2256 5225 2463 5294 δεκάτῳ
2491 5225 2810 5294 ἀναϐαθμῷ,
2840 5233 2939 5279 elc.
2979 5223 3285 5296 Tt'ftAafi‘tB,
3320 5226 3518 5296 εἴρηκε
3564 5228 3696 5296 περὶ
3744 5229 3850 5282 τῶν

2255 5296 2708 5365 ἀποτασσομένων
2726 5297 2802 5365 τῷ
2823 5296 3033 5364 κόσμῳ,
3053 5295 3138 5365 ῖνα
3157 5311 3222 5364 ar,
3234 5294 3419 5365 μαίνῃ.
3448 5294 3652 5365 ὅτιπερ
3671 5297 3846 5348 πλείο-

2255 5383 2341 5427 νος
2390 5364 2565 5431 φωτὸς
2597 5364 2824 5433 ἠξίωται
2870 5369 2898 5417 ὁ
2945 5364 3202 5426 τοιοῦτος.
3271 5364 3545 5435 ’Υπερέὸη
3582 5364 3691 5435 γὰρ
3757 5369 3846 5418 τδι

2254 5435 2552 5506 δωδέκατον
2603 5436 2832 5506 ἀριθμὸν
2877 5435 3013 5504 (leg.
3053 5437 3160 5488 vitl.
3214 5433 3572 5506 ἀνασαθςιξ-ν)
3625 5433 3718 5486 καὶ
3766 5440 3842 5496 εἰς

2257 5505 2587 5574 ὑψηλοτέραν
2618 5505 2816 5573 γνῶσιν
2851 5506 3188 5572 ἀναὸέϐηκεν
3220 5505 3311 5556 τοῦ
3344 5505 3541 5571 φωτός.
3577 5515 3680 5557 στιν.
3707 5506 3842 5574 Παιέ

2259 5578 2432 5626 αὑτῶν
2470 5581 2482 5641 ις
2511 5581 2610 5644 leg.
2655 5579 2758 5628 \i'f.
2793 5578 2916 5644 παρ’
2949 5578 3128 5641 αὐτῷ)
3163 5579 3193 5643 ἠ
3246 5575 3338 5639 vi);
3379 5576 3476 5643 τῆς
3525 5577 3833 5648 ἁμαρτίας·

2259 5648 2446 5698 ὲαυτῖιν
2479 5649 2584 5714 γὰρ
2634 5647 2860 5702 διδωκεν
2916 5647 3248 5705 ἀναεαίνειν,
3279 5655 3380 5697 t'tc.
3452 5647 3571 5697 ’ἰῖτῖί
3629 5651 3746 5706 τοις
3780 5653 3832 5697 ιε’

2261 5717 2626 5784 αναὸαίιμούς.
2661 5725 2761 5770 etc.
2790 5717 2920 5787 llap‘
2947 5715 3114 5784 αὐτῷ.
3145 5715 3572 5784 οις,1“εγᾲθτ,ται
3601 5718 3634 5787 ἡ
3667 5729 3830 5787 αμαρ-

2260 5787 2366 5838 τία-
2403 5800 2506 5842 ctc.
2556 5789 2648 5841 Ἐκ
2676 5785 2989 5856 προσώπου.
3018 5797 3120 5840 etc.
