4036 6484
161 437 310 494 1261
1059 431 1147 486 DE
1185 429 1460 486 TITULIS
1495 426 1943 484 PSALSIORUM.
1979 457 2046 466 -—
2082 425 2274 482 PSAL.
2314 426 2595 483 CXXXIV.
3264 431 3405 488 1262

564 546 929 615 Ἆλληλούῖα.
989 547 1159 598 ΨΑΛ.
1199 547 1367 597 ΡΛΔ⁹.
1773 546 1819 601 Α

1773 546 1819 601 Α
2207 541 2450 595 Alleluia.
2488 540 2691 594 PSAL.
2720 538 2862 593 CXX
2875 539 2955 593 XI
2975 540 3029 596 V.

250 669 274 722 1
330 667 538 720 Αἰνεῖτε
557 663 618 716 τὸ
641 663 809 732 ὄνομα
839 659 1046 732 Κυρίου
1064 698 1078 724 ,

1917 661 1966 714 1.
1997 659 2236 715 Laudate
2264 677 2458 716 nomen
2495 660 2728 725 Domini,

245 759 300 813 2.
332 759 560 820 Αίνεῖτε,
596 753 791 819 δοῦλοι,
816 750 1040 820 Κύριον.

1912 749 1965 802 2.
1998 747 2257 812 Laudate,
2286 751 2448 814 servi,
2483 750 2789 804 Dominum.

242 849 298 903 5.
329 849 392 900 0i
418 845 646 906 ἑστῶτες
673 844 730 895 ὲν
763 842 897 912 οἴκῳ
929 839 1155 910 Κυρίου,

1912 840 1962 893 ὅ.
1999 839 2102 905 Qui
2130 842 2287 896 statis
2311 842 2366 895 in
2395 842 2556 895 domo
2581 841 2816 906 Domini,

243 940 298 994 4.
348 941 436 992 Ἐν
470 936 658 999 αὐλαῖς
688 934 835 987 οἴκου
861 930 996 984 Θεοῦ
1021 931 1197 1003 ἡμῶν.

1911 933 1965 986 4.
1996 931 2054 985 In
2081 933 2234 986 atriis
2261 933 2454 987 domus
2488 931 2580 988 Dei
2615 935 2810 990 nostri.

245 1033 300 1087 5.
341 1033 541 1084 Αίνεῖτε
575 1028 664 1080 τὸν
689 1026 910 1096 Κύριον,
945 1025 1025 1077 ὃτι
1055 1022 1258 1090 ἀγαθὸς
1281 1019 1499 1091 Κύριος.

1913 1025 1967 1077 5.
2004 1021 2245 1079 Laudare
2278 1023 2586 1086 Dominum.
2622 1027 2750 1096 quia
2785 1026 2961 1084 bonus
2989 1028 3250 1087 Dominus
3278 1047 3293 1063 ·

244 1121 298 1175 6.
325 1119 540 1174 Ψάλατε
573 1116 648 1186 τῷ
681 1116 900 1185 ὀνόματι
929 1113 1115 1176 αὐτοῦ,
1156 1113 1234 1164 ὅτι
1262 1110 1443 1164 καλόν.

1911 1115 1964 1170 6.
2001 1112 2222 1170 Psallite
2252 1118 2460 1171 nomini
2491 1119 2632 1187 ejus,
2663 1120 2922 1187 quoniam
2955 1136 3117 1176 suave

247 1213 299 1266 7.
328 1213 447 1264 ’Ὁτι
476 1209 566 1261 τὸν
601 1205 794 1259 Ἰακὼό
828 1203 1110 1270 ἐξελέξατο
1131 1202 1306 1271 ἐαυτῷ
1324 1203 1353 1253 6
1378 1201 1597 1271 Κύριος,

1509 1218 1597 1263 ιος,
1913 1206 1964 1262 7.
2001 1206 2268 1274 Quoniam
2297 1206 2464 1263 Jacob
2495 1210 2654 1278 elegit
2685 1210 2787 1264 sibi
2823 1209 3103 1278 Dominus,

244 1303 300 1356 8.
345 1300 555 1374 Ἰσραὴλ
585 1302 663 1363 εἰς
694 1295 1120 1368 περιουσιασμὸν
1150 1294 1328 1363 ἑαυτῴ
1357 1291 1618 1365 [sati-:05].

1401 1291 1618 1364 nuto-3].
1910 1298 1964 1352 8.
1998 1295 2160 1353 Israel
2190 1300 2245 1368 in
2277 1302 2675 1370 possessionem
2703 1301 2806 1355 sibi
2841 1301 2995 1374 [sui].

244 1396 299 1449 9.
334 1395 451 1447 Ὀτι
493 1392 603 1460 ἐγὼ
629 1391 860 1460 ἔγνωκα,
891 1389 970 1440 ὅτι
1000 1390 1027 1439 6
1063 1394 1137 1454 (a)
1178 1387 1346 1456 μέγας
1377 1388 1404 1437 ό
1427 1386 1628 1456 Κύριος
1655 1403 1668 1416 ·

1911 1391 1965 1446 9.
1993 1390 2130 1456 Quia
2161 1406 2261 1460 ego
2282 1394 2529 1461 cognovi,
2566 1394 2709 1462 quod
2741 1408 2969 1464 magnus
2993 1403 3075 1450 est
3101 1394 3396 1455 Dominus:

246 1489 335 1544 10.
363 1487 468 1541 Καὶ
491 1489 517 1539 6
543 1485 743 1556 Κύριος
764 1481 919 1552 ήμῶν
945 1481 1094 1552 παρὰ
1121 1480 1322 1541 πάντας
1353 1480 1474 1542 τοὺς
1501 1477 1676 1539 θεούς.

1457 1496 1474 1542 ;
1501 1477 1676 1539 θεούς.
1919 1479 2002 1532 10.
2038 1479 2102 1532 Et
2136 1479 2277 1534 Deus
2308 1492 2490 1534 noster
2511 1498 2619 1550 pra:
2651 1484 2902 1538 omnibus
2930 1484 3051 1540 diis.

247 1580 338 1636 11.
366 1579 546 1633 Πάντα
582 1578 682 1629 ὅσα
708 1573 967 1644 ἠθέλησεν
999 1571 1029 1623 6
1054 1569 1254 1640 Κύριος
1280 1569 1532 1640 ἐποίησεν

1917 1572 2002 1625 11.
2036 1573 2222 1625 Omnia
2252 1588 2589 1642 quaecunque
2623 1575 2792 1630 voluit
2818 1576 3099 1643 Dominus,
3136 1578 3263 1635 fecit

249 1673 339 1728 {2.
388 1672 474 1724 Ἐν
495 1668 570 1738 τῷ
590 1665 799 1739 ούρανῷ
823 1666 914 1718 καὶ
942 1665 998 1718 ὲν
1030 1666 1096 1734 τῇ
1128 1665 1218 1733 γῇ.

1038 1666 1096 1734 τῇ
1128 1665 1218 1733 γῇς
1917 1662 2005 1714 12.
2036 1662 2090 1715 In
2122 1663 2282 1726 ceelo,
2309 1673 2361 1718 et
2388 1666 2437 1717 in
2471 1675 2632 1731 terra,

247 1765 337 1819 15.
377 1765 462 1816 Ἐν
477 1764 591 1824 ταῖς
613 1759 908 1820 θαλάσσαις
929 1758 1019 1809 καὶ
1036 1757 1092 1807 ὲν
1116 1755 1313 1816 πάσαις
1329 1756 1448 1816 ταῖς
1467 1751 1741 1813 ἀϐύσσοις.

1499 1751 1741 1813 .6ὐσσοις.
1917 1753 2003 1807 15.
2035 1753 2100 1807 Ει
2123 1755 2177 1808 in
2209 1758 2364 1819 mari,
2389 1765 2442 1809 et
2491 1758 2544 1810 in
2582 1759 2834 1814 omnibus
2865 1760 3093 1830 abyssis.

248 1855 338 1908 14.
382 1853 618 1920 Ἀνάγων
639 1850 863 1918 νεφέλας
893 1847 951 1913 ἐξ
975 1847 1201 1915 ἐσχάτου
1226 1845 1325 1913 τῆς
1352 1845 1473 1914 γῆς,
1774 1892 1816 1946 Β

1774 1892 1816 1946 Β
1921 1845 2008 1899 14.
2039 1845 2289 1902 Educcns
2317 1849 2488 1904 nubes
2521 1851 2589 1904 ab
2615 1861 2857 1906 extremo
2880 1863 3035 1908 terrae
3065 1872 3075 1904 :

252 1949 342 2002 15.
389 1943 694 2016 Ἀστραπὰς
725 1944 802 2006 εἰς
829 1941 979 1993 ὑετὸν
1002 1939 1273 2008 ἐποίησεν.
1774 1938 1812 1946 ’⁷

1208 1955 1273 1990 εν.
1774 1938 1812 1946 ’⁷
1918 1938 2003 1992 15.
2039 1938 2273 2010 Fulgura
2308 1941 2359 1995 in
2389 1943 2624 2010 pluviam
2660 1943 2802 1999 fecit.

255 2040 330 2110 (a)
365 2037 521 2093 Deest
544 2045 768 2104 uterque.
799 2041 900 2087 art.
933 2033 960 2083 6

1301 2096 1666 2152 ATHANASII
1707 2095 2286 2154 INTERPRETATIO.

885 2198 960 2265 (l)
1006 2195 1308 2264 Explicatio
1338 2193 1482 2248 tituli
1518 2193 1673 2262 hujus
1700 2193 1892 2262 psalmi
1920 2192 2064 2246 deest
2095 2195 2150 2247 in
2190 2197 2368 2250 codice
2395 2197 2705 2253 Barberino.

255 2295 305 2348 1.
346 2291 642 2346 Ἐπαινεῖτε
666 2288 763 2360 τὴν
787 2285 1096 2359 ὡραιότητα
1131 2284 1317 2339 αὐτοῦ.

1303 2326 1317 2338 .
1921 2282 1972 2336 1.
2008 2284 2252 2340 Laudate
2275 2287 2731 2358 pulchritudinem
2757 2292 2895 2360 ejus,

250 2389 307 2444 2.
337 2389 399 2440 Oi
432 2383 859 2453 ὑποτασσόμενοι
894 2380 1062 2452 αὐτῷ.

1012 2380 1062 2452 ξ).
1917 2377 1968 2428 2.
2006 2375 2110 2443 Qui
2136 2379 2184 2432 ei
2216 2380 2416 2434 subditi
2453 2382 2606 2435 estis.

249 2477 302 2532 5.
327 2477 390 2529 Οἱ
415 2473 770 2540 ἀδιαλείπτως
787 2473 1178 2542 παριστάμενοι
1198 2474 1263 2541 τῇ
1282 2468 1489 2541 διανοίᾳ
1511 2467 1588 2537 τῷ
1609 2465 1745 2535 Θεῷ.

1429 2468 1489 2541 ηίᾳ
1511 2467 1588 2537 τῷ
1609 2465 1745 2535 Θεῷ.
1919 2469 1973 2521 5.
2011 2467 2386 2525 lndesinenter
2419 2483 2597 2526 mente
2629 2483 2869 2529 astantes
2897 2475 3023 2532 Deo.

249 2569 303 2623 ι.
353 2568 441 2621 Ἐν
467 2569 577 2630 τοῖς
599 2566 867 2638 οὐρανοῖς.

674 2567 867 2638 ρανοῖς.
1920 2561 1973 2613 4.
2008 2560 2064 2613 In
2094 2561 2268 2617 caelis.

250 2660 303 2714 5.
336 2661 543 2713 Αἰνεῖτε
573 2658 663 2710 τὸν
692 2655 907 2728 Κύριον,
938 2656 1019 2708 ὅτι
1050 2655 1110 2707 οὐ
1143 2653 1392 2724 βούλεταί
1415 2669 1538 2706 τινα
1565 2650 1752 2703 ἀπολέ-

1921 2649 1973 2702 5.
2010 2647 2253 2706 Laudate
2291 2650 2618 2717 Dominum,
2670 2657 2926 2724 quoniam
2987 2659 3254 2713 neminem
3299 2662 3411 2716 vult

171 2751 329 2815 σθαι,
364 2749 500 2803 ἀλλὰ
523 2748 728 2810 πάντας
761 2747 840 2808 είς
875 2745 1161 2816 μετάνοιαν
1188 2741 1330 2795 θέλει
1372 2742 1449 2812 (2)
1484 2740 1748 2810 χωρῆσαι,

1852 2738 2048 2805 perire,
2102 2740 2196 2793 sed
2230 2755 2417 2795 omnes
2474 2744 2656 2796 venire
2711 2745 2773 2799 ad
2811 2745 3185 2814 paenitentiam
3239 2748 3306 2813 “,
3358 2762 3409 2804 et

172 2846 276 2899 καὶ
302 2842 410 2896 τῶν
440 2839 672 2895 αἰωνίων
703 2837 868 2892 αὐτοῦ
891 2836 1111 2906 ἀγαθῶν
1147 2834 1478 2890 ἀπολαῦσαι.

944 2836 1111 2905 ταθῶν
1147 2834 1478 2890 ἀπολαῦσαι.
1849 2829 2067 2883 aeternis
2088 2830 2204 2886 suis
2231 2832 2386 2887 bonis
2413 2832 2538 2886 frui.

252 2935 306 2992 6.
346 2934 651 3004 Ἀνυμνεῖτε
683 2928 845 3001 (5)τδ
892 2929 1062 2998 όνομα
1105 2927 1269 2980 αὐτοῦ
1318 2928 1374 2978 ὲν
1425 2923 1623 2994 καρδία
1654 2942 1749 2977 κα-

1921 2917 1976 2972 θ.
2003 2916 2316 2974 Gloriticate
2349 2935 2547 2974 nomen
2581 2936 2698 2990 ejus
2755 2925 2918 2978 corde
2959 2939 3115 2993 puro,
3153 2927 3409 2995 quoniam

169 3029 346 3099 θαρᾷ,
367 3029 447 3080 ὃτι
473 3024 630 3078 τοῦτο
654 3025 780 3093 ὑμῖν
806 3021 1141 3090 ἀποϐήσεται
1168 3020 1249 3081 είς
1276 3015 1572 3088 σωτηρίαν.

1085 3036 1141 3072 αι
1168 3020 1249 3081 είς
1276 3015 1572 3088 σωτηρίαν.
1853 3007 1907 3062 id
1935 3008 2091 3065 vobis
2121 3010 2314 3064 evadet
2347 3010 2402 3063 in
2429 3011 2677 3066 salutem.

253 3118 307 3172 7.
333 3117 454 3170 Ὅτι
480 3116 568 3168 τὸν
600 3114 726 3164 λαὸν
755 3111 844 3163 τὸν
867 3109 996 3162 ὄντα
1038 3109 1178 3162 κατὰ
1205 3108 1297 3160 τὸν
1339 3105 1535 3162 Ἰακὼὸ
1573 3105 1748 3160 ἄπλαα

1925 3099 1976 3153 7.
2011 3099 2279 3168 Quoniam
2310 3102 2590 3170 populum,
2619 3104 2839 3172 perinde
2865 3121 2927 3162 ac
2948 3104 3227 3172 Jacobum,
3254 3107 3414 3163 cordo

173 3227 309 3266 στον
339 3212 404 3279 τῇ
433 3205 629 3278 καρδία
661 3204 941 3270 ἐξελέξατο
968 3201 1144 3272 ἐαυτῷ
1176 3204 1205 3255 6
1236 3201 1453 3273 Κύριος.

1236 3201 1453 3273 Κύριος.
1856 3195 2184 3265 simplicem,
2215 3192 2319 3248 sibi
2344 3191 2506 3260 elegit
2541 3191 2821 3250 Dominus.

256 3301 311 3356 8.
341 3301 418 3370 Τῇ
442 3298 518 3370 (ό)
541 3296 736 3368 καρδίᾳ
757 3295 848 3348 τὸν
870 3294 1001 3347 Θεὸν
1027 3291 1312 3366 [ὁρῶντας]
1335 3293 1756 3364 περιεποιήσατο

1925 3287 1979 3342 8.
2007 3286 2182 3342 Corde
2203 3284 2368 3340 Deum
2386 3284 2672 3357 [videntes]
2691 3289 3097 3357 acquisivitsibi
3119 3293 3171 3346 in
3202 3293 3415 3348 divitias

176 3394 261 3456 si;
297 3389 521 3444 πλοῦτον
545 3386 753 3442 ἑαυτῶν
783 3385 870 3439 διὰ
903 3382 996 3436 τοῦ
1035 3382 1165 3435 ἰδίου
1195 3381 1443 3452 αἵματος.

1036 3382 1165 3435 ἰδίου
1195 3381 1443 3452 αἵματος.
1855 3394 1952 3448 per
1977 3378 2258 3456 proprium
2290 3375 2630 3446 sanguinem.

255 3452 308 3538 9.
343 3479 682 3540 Συνετισθεὶς
715 3478 846 3548 παρ’
874 3473 1039 3529 αὐτοῦ
1069 3475 1311 3540 ἐπέγνων
1340 3473 1440 3541 τὴν
1477 3469 1756 3540 μεγαλειό⁴

1927 3469 1978 3522 9.
2007 3469 2088 3522 Ab
2121 3452 2240 3537 ipso
2269 3468 2493 3522 edoctus
2521 3470 2747 3538 cognovi
2802 3472 3227 3542 magnitudinem
3261 3489 3413 3531 suam

173 3589 323 3644 τητα
347 3570 511 3625 αὐτοῦ
531 3569 616 3622 διὰ
644 3569 740 3638 τῆς
772 3564 954 3634 ἰσχύος
986 3562 1080 3617 τοῦ
1109 3562 1340 3617 Θανάτου
1373 3561 1558 3617 αὐτοῦ.

1057 3562 1080 3617 ὖ
1109 3562 1340 3617 Θανάτου
1373 3561 1558 3617 αὐτοῦ.
1783 3561 1824 3618 C
1859 3571 1953 3626 per
1985 3555 2240 3609 virtutem
2281 3556 2474 3611 mortis
2513 3558 2651 3624 ejus.

255 3664 343 3718 10.
375 3662 480 3716 Καὶ
503 3660 578 3731 (5)
602 3658 759 3722 αὐτὸς
778 3659 807 3711 ὁ
825 3655 1024 3728 Κύριος
1049 3654 1204 3727 ήμῶν
1221 3653 1583 3726 δυνατώτερός
1610 3656 1753 3707 ἐστιν

1928 3645 2013 3699 10.
2046 3646 2112 3700 Et
2143 3648 2257 3716 ipse
2286 3645 2550 3703 Dominus
2603 3657 2787 3704 noster
2826 3654 3094 3719 potentior
3135 3664 3218 3709 est
3258 3670 3416 3726 super

178 3754 331 3826 ὑπὲρ
360 3753 566 3815 πάντας
591 3751 714 3813 τοὺς
757 3747 931 3812 θεοὺς,
978 3746 1137 3818 οἷπερ
1169 3747 1274 3800 εἰσὶ
1307 3744 1586 3815 λεγόμενοι
1635 3745 1752 3816 μὲν,

1855 3751 2046 3795 omnes
2068 3739 2222 3805 deos,
2250 3739 2344 3808 qui
2369 3741 2472 3794 etsi
2513 3740 2771 3795 dicuntur
2802 3741 2899 3808 dii,
2933 3757 3118 3798 revera
3138 3759 3245 3799 non
3265 3757 3413 3812 sunt,

176 3848 287 3900 οὐκ
316 3845 467 3907 ὄντες
498 3841 554 3896 δὲ
587 3840 721 3904 θεοὶ,
752 3840 860 3892 εἴτε
889 3841 946 3892 ὲν
976 3837 1056 3910 τῷ
1083 3837 1317 3911 οὐρανῷ,
1348 3835 1456 3890 εἴτε
1484 3838 1540 3890 ὲν
1566 3838 1630 3908 τῇ
1655 3838 1746 3908 γῇ.

1162 3837 1317 3908 αανῴ,
1348 3835 1456 3890 εἴτε
1484 3838 1540 3890 ὲν
1566 3838 1630 3908 τῇ
1655 3838 1746 3908 γῇ.
1856 3832 1969 3886 sive
2003 3831 2054 3885 in
2085 3832 2244 3894 ccelo,
2281 3834 2395 3887 sive
2427 3833 2482 3887 in
2508 3843 2656 3889 terra
2686 3834 2756 3890 ”.

261 3937 350 4000 11,
391 3936 476 3990 12.
510 3934 586 4004 (6)
621 3933 709 4002 Τῷ
734 3931 841 4000 γὰρ
885 3930 1184 3999 βουλήματι
1215 3928 1380 3981 αὐτοῦ
1420 3927 1591 3992 οὐδεὶς
1634 3928 1756 3982 οὔτε

1928 3925 2132 3993 11,12.
2164 3923 2298 3979 Nam
2349 3927 2614 3980 voluntati
2645 3928 2767 3997 ejus
2811 3944 2973 3984 nemo
3015 3931 3274 3985 resistere
3323 3946 3419 4000 po-

179 4028 504 4098 ἀντιστῆναι
536 4025 784 4096 ἐδυνήθη,
816 4022 937 4075 οὐτε
973 4020 1310 4075 ἀνθίσταται.

841 4022 937 4075 ,ὐτε
973 4020 1310 4075 ἀνθίσταται.
1858 4025 1980 4080 test,
2008 4032 2183 4087 neque
2213 4018 2435 4074 resistit.

254 4120 344 4176 15.
372 4116 475 4173 Καὶ
507 4118 565 4170 ἐν
613 4115 692 4185 τῷ
719 4112 953 4185 οὐρανῷ,
978 4112 1072 4167 καὶ
1104 4113 1160 4164 ὲν
1190 4114 1258 4182 τῇ
1288 4111 1383 4182 γῇ,
1429 4111 1526 4163 καὶ
1549 4112 1606 4164 ὲν
1647 4113 1758 4172 τοῖς

1928 4110 2012 4164 15.
2049 4108 2114 4164 Ει
2143 4110 2198 4165 in
2224 4111 2385 4174 cmlo,
2414 4119 2468 4165 et
2509 4113 2562 4165 in
2601 4121 2767 4179 terra,
2795 4121 2850 4168 et
2884 4113 2938 4168 in
2965 4114 3122 4184 aquis
3165 4113 3416 4185 baptismi

180 4210 457 4268 ὕδασιτοῦ
492 4209 863 4280 βαπτίσματος
891 4208 946 4258 ὲν
979 4204 1058 4274 τῷ
1109 4203 1324 4274 θανάτῳ
1360 4201 1554 4257 ἑαυτοῦ
1582 4203 1761 4256 πάντα

1858 4202 1914 4255 in
1946 4210 2118 4256 morte
2141 4218 2240 4257 sua
2264 4206 2468 4268 omnia,
2490 4220 2826 4275 quaecunque
2852 4207 3025 4262 voluit
3054 4207 3201 4271 fecit,
3222 4220 3420 4261 emon-

179 4308 290 4359 ὃσα
314 4303 599 4375 ἠθέλησεν,
646 4302 889 4372 ἐποίησε,
938 4296 1156 4360 καὶτὰς
1197 4297 1443 4359 ἐναντίας
1502 4296 1759 4367 δυνάμεις

1094 4296 1156 4360 ἀς
1197 4297 1443 4359 ἐναντίας
1502 4296 1759 4367 δυνάμεις
1862 4293 2058 4350 trarias
2091 4302 2389 4365 potestates
2413 4296 2687 4351 contrivit.

184 4395 532 4467 συνέτριψεν.

261 4487 351 4542 ﬂ.
400 4487 515 4540 Ἐπ’
543 4484 770 4555 ἐσχάτου
793 4481 902 4534 τῶν
929 4479 1148 4553 ήμερῶν
1177 4478 1267 4532 τοῦ
1298 4478 1503 4548 κόσμου
1525 4475 1761 4541 ἀνέδειξε

1935 4475 2019 4530 14.
2059 4473 2279 4531 Ultimis
2331 4477 2523 4531 diebus
2585 4478 2772 4531 mundi
2832 4478 3070 4533 ostendit
3133 4478 3420 4548 prophetas

182 4579 478 4652 προφήτας
524 4577 650 4638 τούς
680 4576 807 4645 περὶ
840 4573 929 4626 τὸν
958 4569 1196 4639 ’Λγαὸον
1248 4568 1344 4639 (7),
1383 4568 1476 4622 καὶ
1502 4567 1764 4638 Συμεῶνα

1864 4568 2104 4638 Agabum
2133 4578 2188 4623 et
2215 4567 2514 4631 Simonem,
2549 4569 2640 4638 qui
2665 4568 2953 4622 vocabatur
2983 4569 3171 4638 Niger.
3213 4578 3266 4624 et
3311 4568 3421 4624 Lu—

189 4671 282 4724 τδν
302 4667 636 4738 καλούμενον
671 4666 881 4737 Νῆγερ,
926 4664 1022 4716 καὶ
1048 4661 1275 4716 Λούκιον
1306 4659 1397 4713 τὸν
1440 4657 1761 4729 Κυρηναῖον,

1864 4661 2006 4716 cium
2028 4659 2395 4731 Cyrenensem
2420 4703 2437 4728 ,
2479 4670 2533 4714 et
2562 4660 2851 4727 Manahen,
2887 4661 2980 4730 qui
3033 4669 3148 4714 erat
3197 4660 3423 4716 Herodis

199 4764 290 4821 ιαὶ
319 4759 550 4831 Μαναῆν
569 4759 661 4813 τὸν
701 4757 937 4829 Ἡρώδου
981 4753 1076 4808 τοῦ
1117 4753 1413 4825 τετράρχου
1449 4750 1762 4822 σύντροφον.

1051 4753 1076 4807 ὖ
1117 4753 1413 4825 τετράρχου
1449 4750 1762 4822 σύντροφον.
1867 4753 2150 4808 tetrarchae
2181 4753 2547 4809 collactaneus
2580 4753 2645 4808 “.

266 4849 355 4905 15.
384 4849 522 4914 Τοὺς
545 4846 878 4908 ἀποστόλους
903 4843 1066 4898 αὐτοῦ
1094 4843 1304 4913 φαίνειν
1329 4840 1406 4911 τῷ
1437 4840 1626 4910 κόσμῳ
1653 4839 1764 4894 ἀπὺ
1793 4910 1828 4916 _

1939 4845 2026 4899 15.
2085 4845 2376 4914 Apostolos
2444 4846 2562 4915 ejus
2625 4861 2884 4916 apparere
2933 4845 3056 4899 fecit
3096 4845 3299 4900 mundo
3360 4846 3425 4897 ali

198 4939 469 5000 ὶνατολῶν
501 4910 578 5012 (8)
607 4939 700 4993 καὶ
729 4938 830 4999 ἓως
854 4910 1213 5006 δυσμῶνξκαὶ
1247 4933 1319 4995 ὡς
1343 4910 1495 4983 ὑετὸν
1517 4931 1763 4985 κατιέναι

1834 4923 1838 4950 ⁵
1867 4936 2072 4990 oriente
2099 4910 2269 5006 usque
2320 4935 2373 4989 in
2414 4910 2840 4998 occidentem.“
2874 4935 3039 4989 veluti
3071 4935 3304 5005 pluviam
3335 4933 3428 4987 de—

193 5035 282 5088 τὸν
313 5030 471 5100 λόγον
498 5029 678 5084 αὐτῶν
708 5028 786 5089 είς
811 5025 908 5096 τὴν
929 5024 1156 5096 καρδίαν
1178 5024 1274 5093 τὴν
1301 5021 1363 5090 ξη
1374 5020 1654 5091 ρανθεῖσαν
1679 5021 1766 5075 διὰ

1865 5026 2124 5083 scendere
2179 5042 2483 5082 sermonem
2515 5042 2703 5082 eorum
2754 5028 2807 5081 in
2835 5043 2930 5082 cor
2959 5025 3258 5082 arefactum
3299 5040 3426 5094 pec—

187 5125 291 5191 τῆς
317 5121 611 5193 ἁμαρτίας.

425 5121 611 5193 ιρτίας.
1866 5119 2019 5174 catis.

265 5218 314 5246 "
350 5211 556 5266 IlPetr.
603 5227 685 5274 ιιι,
710 5210 763 5265 9.
830 5208 922 5262 "l
959 5207 1083 5261 Cor.
1124 5223 1242 5269 vm.
1266 5208 1318 5261 5.
1397 5207 1442 5237 "
1478 5208 1597 5260 Act.
1622 5223 1742 5270 xm,
1769 5209 1819 5261 1.

1144 5298 1450 5360 Addenda
1487 5306 1547 5360 et
1579 5300 1951 5381 corrigenda
2001 5321 2079 5363 ex
2110 5304 2250 5365 cod.
2289 5304 2481 5365 Vatic.

266 5407 348 5477 (η
382 5406 444 5462 ,Η
461 5404 793 5526 προκειμένῃ
809 5402 1088 5486 ἐπιγραφὴ
1111 5402 1249 5525 Ἄδιὰ
1274 5402 1368 5472 τῆς
1394 5403 1762 5486 κινναῦάρεως
1870 5408 2290 5526 περιεποιήσατο
2315 5409 2396 5471 είς
2432 5405 2656 5461 πλοῦτον
2684 5407 2860 5477 ἑαυτῷ
2882 5407 2987 5473 διά,
3015 5419 3118 5463 etc.

271 5476 464 5526 οιένει·
520 5474 661 5526 Ann
697 5491 838 5526 ουια.
874 5474 1046 5526 Τουτο
1082 5489 1116 5526 γ
1159 5490 1190 5526 ο
1239 5473 1602 5526 ἑρμηνευεται
1645 5473 1764 5526 Ἀλ-
1961 5475 2013 5526 Si
2039 5475 2141 5526 Καὶ
2163 5478 2244 5526 ὅτι.
2280 5478 2463 5526 αὐτός.
2488 5484 2592 5526 etc.

188 5473 464 5560 τεμένει·
506 5473 838 5560 ’έιλληλρύῖας
871 5474 1048 5560 fros-22
1082 5473 1764 5560 Td‘P,EPE'l"§F3§“.°“.'“:
1937 5473 2013 5560 (ἕξ)
2036 5473 2464 5560 Καὶζῆτιεὲτάςν
2488 5484 2592 5560 ets:

186 5542 424 5620 ληλούῖα
447 5585 462 5610 ,
512 5542 660 5616 ὅπερ
689 5544 838 5614 δηλοῖ
861 5546 890 5596 6
935 5542 1356 5615 πρῶτοςστίχος
1405 5542 1499 5594 τοῦ
1527 5542 1763 5613 ψαλμοῦ,

187 5617 470 5673 τουτέστιν
490 5631 504 5644 ·
537 5616 764 5673 Αἰνεῖτε,
788 5614 1003 5673 ὑμνεῖτε
1032 5615 1121 5667 τὸν
1148 5611 1360 5673 Κύριον.

1936 5542 2010 5614 (6)
2036 5547 2104 5602 N.
2139 5548 2225 5602 11.
2256 5547 2366 5618 Τῷ,
2395 5557 2498 5600 etc.
2545 5547 2951 5617 Ἦδυνήθηωῑο.
2988 5550 3053 5603 Ν.
3089 5548 3173 5607 12.
3212 5545 3296 5598 15.
3330 5543 3435 5599 Καὶ

1865 5617 1907 5668 ὲ.
1946 5633 1993 5668 τ.
2023 5617 2104 5672 οὐ.
2142 5617 2268 5673 γὰο.
2297 5619 2408 5673 καί.
2437 5627 2539 5670 etc.
2579 5617 2685 5673 Καὶ
2719 5621 2774 5671 ἐν
2805 5620 2881 5672 τῶ
2915 5619 3147 5673 θανάτω.
3182 5626 3286 5670 etc.

200 5629 470 5674 τουτεστιν
490 5631 504 5644 ’
537 5629 764 5674 Λινεῑτε,
788 5629 1003 5683 υμνειτε
1032 5629 1121 5667 τον
1149 5629 1360 5682 ιιυριην.
1865 5629 1907 5668 ε.
1946 5633 1993 5668 τ.
2023 5629 2104 5672 oo.
2142 5629 2268 5688 γάρ,
2297 5629 2408 5679 καί,
2437 5629 2539 5670 etc.
2579 5629 2685 5673 hat
2719 5629 2774 5671 εν
2805 5629 2881 5690 τῳ
2915 5629 3147 5688 θανάτῳ,
3182 5629 3286 5670 etc.

267 5686 350 5759 (ἓ)
380 5685 533 5759 βέλει
569 5701 674 5759 ιισξη
711 5685 936 5759 legil_m'._
1120 5753 1164 5759 __
1933 5688 2010 5758 (7)
2028 5688 2224 5756 Ἀγα6,
2250 5690 2339 5740 καὶ
2368 5688 2651 5758 Συμεῶνα,
2672 5691 2765 5742 rel.
2798 5692 2990 5744 desunt
3023 5704 3194 5757 usque
3219 5688 3438 5759 σύντρο-

393 5756 702 5837 ξᾼνυμνεῖτε
730 5755 890 5837 αὐτον
922 5756 979 5806 ἐν
1008 5753 1223 5837 καρδία,
1248 5761 1376 5837 ,ειςΑ
1412 5821 1426 5837 ι
1595 5823 1605 5836 ι
1707 5821 1731 5832 -

268 5811 349 5907 ζει)
373 5811 611 5908 ,ξίῗρέὴξκ
635 5822 990 5908 ἐρμῃνεὲετᾳι
1009 5811 1146 5902 {mi}?
1173 5811 1310 5908 δρένδ
1337 5821 1489 5906 θεῇςνν
1523 5823 1616 5908 κὶαὶ
1635 5821 1765 5908 χοῇς
1877 5811 1886 5822 ’
1935 5823 2010 5895 (8)
2051 5827 2180 5880 Ἀπὸ
2206 5827 2476 5882 ἀνατολῶν
2502 5829 2603 5893 ἕως
2635 5828 2854 5897 δυσμῶν
2882 5829 3062 5884 αὐτῶν
3084 5832 3161 5892 εἰς
3189 5832 3309 5902 τήν,
3327 5839 3433 5886 etc.

190 5891 341 5964 ζρῶν
370 5891 498 5948 Θεόν
522 5910 532 5920 ·
555 5891 645 5947 τὸν
670 5891 795 5947 λαὸν
817 5895 906 5948 τὸν
934 5891 1164 5964 ὁρῶντα,
1196 5896 1261 5962 τῇ
1293 5891 1486 5963 καρδία
1519 5893 1608 5945 τὸν
1633 5891 1762 5945 Θεὸν
