4036 6444
597 388 732 442 4265

668 507 753 561 16.
789 504 891 572 Qui
925 500 1171 573 producit
1196 505 1388 554 ventos
1413 497 1480 550 de
1510 494 1784 550 thesauris
1820 493 1956 546 suis.

669 598 752 651 l7.
787 596 888 662 Qui
922 593 1187 664 percussit
1215 587 1574 660 primogenita
1611 584 1854 656 1Egypli,

672 693 755 747 l8.
801 691 880 743 Ab
909 689 1131 743 homine
1157 698 1331 753 usque
1365 681 1429 736 ad
1465 694 1650 750 pecus.

672 784 756 838 l9.
799 782 942 835 Misit
982 780 1136 848 signa
1181 786 1233 829 ct
1267 772 1509 843 prodigia

669 873 760 927 20.
806 874 861 926 In
894 870 1073 925 medio
1103 867 1202 930 tui,
1232 863 1482 934 Egypte,

669 969 757 1023 21.
804 966 860 1019 ln
893 964 1252 1022 Pharaonem,
1283 965 1336 1012 et
1367 969 1556 1009 omnes
1583 966 1768 1006 servos
1808 949 1923 1011 eius

670 1061 764 1113 22.
806 1058 908 1123 Qui
940 1053 1206 1125 percussit
1237 1059 1425 1121 gentes
1451 1046 1648 1102 multas
1685 1066 1692 1097 :

670 1153 759 1204 9.5.
803 1148 868 1202 Et
893 1147 1092 1203 occidit
1127 1159 1282 1214 reges
1314 1141 1504 1196 fortes.

670 1243 758 1296 24.
804 1241 982 1295 Schon
1014 1253 1193 1308 regem
1227 1234 1666 1288 Amorrhzeorum
1694 1248 1704 1281 :

674 1333 762 1388 25.
808 1335 870 1386 lit
895 1329 973 1401 0g
1012 1343 1190 1400 regem
1221 1326 1419 1388 Basan,

675 1423 763 1478 26.
804 1422 868 1476 Εῑ
900 1420 1081 1476 omnia
1113 1431 1279 1488 regna
1310 1415 1592 1469 Chanaan.

674 1516 759 1569 27.
803 1514 865 1568 Et
893 1511 1038 1566 dedit
1067 1518 1262 1565 terram
1286 1521 1472 1563 eorum
1503 1501 1886 1563 haereditatcm,

675 1609 763 1663 28.
805 1605 1181 1660 llaereditatcm
1224 1600 1386 1656 Israel
1417 1595 1615 1668 populo
1642 1609 1764 1648 suo.

676 1703 762 1756 29.
806 1699 1050 1758 Domine,
1084 1710 1276 1750 nomen
1318 1705 1470 1747 tuum
1506 1691 1558 1744 in
1587 1696 1846 1742 aeternum
1881 1703 1893 1739 :

678 1794 764 1848 50.
809 1794 872 1846 Et
912 1788 1228 1845 memoriale
1265 1795 1417 1841 tuum
1453 1783 1506 1836 in
1540 1779 1948 1851 generationem
1995 1788 2050 1832 et
2091 1789 2181 1846 ge-

611 1887 961 1941 nerationem.

1439 375 1494 429 S.
1539 369 1903 426 ATHANASII
1939 368 2087 423 OPP.
2131 366 2310 420 PARS
2342 365 2428 420 Ill.
2461 363 2951 418 —-EXEGETICA.

2190 497 2234 551 Α
2337 488 2417 542 16.
2463 488 2518 540 Ὀ
2544 486 2750 553 ἐξάγων
2779 485 3014 556 ἀνέμους
3039 484 3101 536 ἐκ
3131 481 3424 554 θησαυρῶν
3454 477 3650 532 αὐτοῦ.

3716 353 3865 412 ιεοι

2342 580 2427 632 17.
2470 579 2561 640 Ὃς
2596 575 2830 639 ἐπάταξε
2856 575 2923 627 τὰ
2954 575 3267 646 πρωτότοκα
3303 570 3615 639 Αἰγύπτου,

2342 669 2427 722 18.
2459 667 2588 719 Ἀπὸ
2623 666 2908 736 ἀνθρώπου
2943 666 3046 729 ἕως
3081 666 3331 734 κτήνους.

2342 759 2426 814 19.
2449 757 2825 822 Ἐξαπέστειλε
2855 757 3052 824 σημεῖα
3084 755 3176 808 καὶ
3199 754 3399 806 τέοατα

2340 853 2426 907 20.
2456 853 2544 906 Ἐν
2578 854 2724 923 μέσῳ
2755 869 2870 914 σου,
2903 851 3145 918 Αἴγυπτε

2343 947 2429 999 21.
2455 945 2541 998 Ἑν
2564 943 2781 1014 Φαραὼ,
2815 943 2907 996 καὶ
2932 943 2989 994 ὲν
3019 943 3152 993 πᾶσι
3183 942 3292 1003 τοῖς
3321 940 3526 1000 δούλοις
3557 933 3760 989 αὑτοῦ.

2343 1039 2429 1093 22.
2453 1041 2545 1102 Ὃς
2576 1037 2840 1101 ἐπάταξεν
2879 1035 3004 1102 ἔθνη
3037 1033 3234 1086 πολλά·

2345 1132 2431 1184 25.
2474 1132 2581 1183 Καὶ
2609 1131 2892 1182 ἀπέκτεινε
2926 1126 3162 1196 βασιλεῖς
3186 1123 3480 1196 κραταιούς
3517 1140 3533 1155 ο

2344 1222 2435 1276 24.
2479 1222 2579 1272 Τὸν
2611 1219 2764 1292 Σηὼν
2800 1218 3023 1288 βασιλέα
3059 1217 3167 1270 τῶν
3198 1214 3569 1286 Ἀμορραίων,

2345 1315 2432 1368 25.
2476 1315 2584 1366 Καὶ
2611 1314 2702 1365 τὸν
2732 1314 2831 1380 Ὄγ
2863 1309 3086 1381 βασιλέα
3110 1309 3209 1378 τῆς
3230 1307 3427 1369 Βασὰν,

2343 1408 2432 1461 26.
2478 1408 2587 1460 Καὶ
2620 1408 2796 1468 πάσας
2827 1405 2923 1466 τὰς
2953 1401 3230 1473 βασιλείας
3260 1399 3502 1453 Χαναὰν.

2347 1500 2434 1552 27.
2477 1499 2586 1552 Καὶ
2615 1499 2778 1550 ἔδωκε
2811 1497 2906 1566 τὴν
2941 1496 3044 1565 γῆν
3073 1492 3250 1548 αὐτῶν
3277 1488 3670 1561 κληρονομίαν,

2347 1591 2435 1645 28.
2479 1589 2858 1661 κληρονομίαν
2881 1586 3096 1658 Ἰσραὴλ
3123 1584 3240 1655 λαῷ
3270 1583 3460 1637 αὑτοῦ.

2350 1684 2438 1738 29.
2480 1683 2672 1753 Κύριε,
2710 1681 2769 1733 τὸ
2797 1679 2968 1750 ὄνομά
2992 1696 3082 1731 σου
3119 1679 3194 1742 είς
3222 1678 3311 1730 τὸν
3333 1673 3508 1729 αἰῶνα
3527 1691 3538 1703 ·

2353 1776 2437 1833 50.
2481 1777 2589 1829 Καὶ
2636 1776 2697 1828 τὸ
2747 1771 3086 1843 μνημόσυνόν
3136 1787 3228 1824 σου
3272 1770 3350 1832 εἰς
3395 1765 3597 1837 γενεὰν
3639 1765 3741 1817 καὶ
3785 1781 3875 1829 γε·

2207 1856 2249 1911 Β
2277 1869 2422 1923 νεάν.

1733 2049 2100 2109 ATHANASII
2141 2045 2720 2111 INTERPRETATIO.

686 2232 770 2286 16.
806 2228 1033 2284 Eosdem
1063 2221 1339 2295 apostolos
1391 2219 1521 2274 dicit
1560 2218 1858 2271 instructos
1893 2213 2176 2283 praeceptis

618 2324 784 2395 ipsius
819 2318 1192 2376 circumivisse
1217 2323 1385 2369 totam
1416 2321 1634 2366 terram.

687 2496 771 2548 17.
802 2492 1141 2559 Principatus
1171 2486 1534 2540 tenebrarum.
1570 2480 1836 2551 ngyptus
1872 2479 2016 2534 enim
2046 2487 2180 2530 lene-

619 2588 724 2641 tna:
759 2587 1156 2654 interpretatur.

691 2678 775 2732 18.
805 2678 847 2728 Α
885 2675 1120 2736 diabolo,
1151 2682 1203 2725 et
1252 2684 1424 2739 usque
1474 2667 1540 2721 ad
1575 2673 1870 2735 potestates
1899 2663 2040 2731 ejus,
2067 2676 2188 2731 quae

620 2773 721 2843 ipsi
773 2769 1047 2830 obediunt,
1090 2761 1546 2835 quemadmodum
1577 2760 1642 2814 de
1678 2759 1785 2812 illis
1816 2756 2077 2825 scriptum
2107 2763 2190 2810 est

621 2868 672 2921 in
696 2864 819 2919 Job.

690 2959 778 3024 l9,
805 2956 892 3009 20.
929 2953 1123 3007 Emisit
1155 2967 1249 3021 per
1280 2949 1554 3019 apostolos
1583 2961 1714 3002 suos
1761 2946 1813 2998 in
1855 2942 2090 2999 tenebris
2120 2941 2192 2996 si-

618 3067 743 3123 gna,
776 3059 830 3105 et
857 3046 1099 3117 prodigia
1129 3059 1224 3112 per
1267 3041 1597 3106 sanationes,
1625 3054 1762 3110 quas
1791 3043 2190 3108 perpetrarunt,

692 3233 778 3286 21.
821 3229 878 3286 ln
912 3228 1186 3284 diabolum
1215 3234 1269 3280 et
1300 3224 1522 3295 angelos
1542 3224 1682 3292 ejus.

693 3323 781 3378 22.
822 3319 1174 3376 Adversarias
1210 3317 1439 3370 virtutes
1472 3315 1523 3366 in
1552 3313 1824 3382 baptismo

691 3415 780 3470 25.
821 3413 1120 3469 Potestates
1143 3419 1198 3466 et
1221 3407 1557 3478 principatus
1587 3403 1810 3458 diaboli.

2352 2208 2438 2262 16.
2469 2207 2606 2270 Τοὺς
2634 2206 2829 2268 αὐτοὺς
2863 2202 3191 2267 ἀποστόλους
3220 2199 3387 2269 λέγει,
3432 2200 3564 2261 τοὺς
3611 2215 3874 2268 καταρτρ

2283 2301 2505 2362 σθέντας
2563 2299 2625 2350 ἑκ
2674 2296 2780 2350 τῶν
2829 2294 3262 2366 προσταγμάτων
3303 2291 3469 2346 αὑτοῦ
3517 2290 3853 2361 περιοδεῦσα

2282 2394 2460 2445 πᾶσαν
2483 2390 2582 2459 τὴν
2607 2389 2731 2457 γῆν.

2353 2483 2439 2537 17.
2477 2481 2586 2544 Τὰς
2611 2480 2782 2551 ἀρχὰς
2814 2479 2906 2532 τοῦ
2941 2477 3190 2542 σκότους’
3236 2477 3540 2546 Αἴγυπτος
3584 2476 3698 2546 γὰρ
3727 2478 3874 2528 σκί-

2286 2595 2387 2642 τος
2421 2575 2800 2647 ἑρμηνεύεται.

2359 2666 2444 2720 18.
2471 2666 2606 2719 Ἀπὸ
2630 2666 2722 2718 τοῦ
2748 2664 3012 2727 διαϐόλου,
3049 2665 3142 2716 καὶ
3171 2663 3273 2725 ἕως
3308 2660 3416 2713 τῶν
3451 2660 3754 2731 δυνάμεων
3790 2661 3878 2712 αύ-

2290 2759 2380 2814 τοῦ
2429 2759 2534 2812 τῶν
2585 2759 2752 2811 ὄντων
2791 2759 2870 2819 εἰς
2903 2757 3169 2826 ἀκουστὴν
3218 2753 3511 2825 [ὑπακοὴν]
3545 2755 3648 2823 (Ι),
3701 2752 3880 2812 καθὼς

2290 2854 2599 2924 γέγραπται
2631 2848 2959 2920 περὶαύτῶν
2995 2849 3050 2898 ὲν
3085 2846 3161 2916 τῷ
3199 2846 3335 2900 Ἰώϐ.

2365 2947 2450 3010 19,
2488 2945 2578 2998 20.
2611 2940 2982 3006 Ἐξαπέστειλε
3011 2939 3097 2992 διὰ
3122 2938 3232 2992 τῶν
3260 2938 3575 2992 ἀποστόλων
3621 2936 3793 2991 αὑτοῦ
3825 2939 3879 2988 ἑν

2293 3034 2370 3105 τῷ
2418 3036 2598 3087 σκότει
2645 3036 2864 3103 σημεῖα,
2896 3031 2987 3084 καὶ
3036 3030 3237 3100 τέρατα
3282 3029 3369 3080 διὰ
3401 3028 3510 3080 τῶν
3560 3028 3782 3092 ίάσεων,
3809 3022 3878 3079 ῶν

2295 3125 2602 3186 ἐπετέλουν,

2368 3217 2454 3270 21.
2485 3217 2607 3268 Ἐπὶ⁸
2629 3212 2874 3268 διάϐολον
2909 3213 2982 3283 (2)
3011 3213 3250 3276 καὶτοὺς
3284 3213 3549 3280 ἀγγέλους
3579 3213 3772 3267 αὑτοῦ.

2368 3310 2456 3364 22.
2497 3311 2609 3374 Τὰς
2640 3309 2886 3372 ἐναντίας
2919 3309 3174 3378 δυνάμεις
3209 3308 3266 3358 ἐν
3285 3307 3362 3376 τῷ
3390 3307 3730 3376 βαπτίσματι
3755 3308 3848 3375 (δ).

2366 3404 2455 3458 25.
2499 3403 2608 3468 Τὰς
2639 3403 2884 3470 ἐξουσίας
2914 3405 3006 3457 καὶ
3035 3403 3134 3465 τὰς
3159 3401 3331 3472 ἀρχὰς
3366 3402 3459 3454 τοῦ
3495 3402 3772 3456 διαϐόλου.

693 3506 783 3559 24.
827 3504 995 3556 Schon
1040 3501 1183 3555 enim
1228 3499 1612 3567 interpretatur
1637 3492 1855 3547 tentatio
1885 3491 2188 3544 vehemens:

2364 3497 2452 3549 24.
2495 3494 2668 3562 Σηὼν
2699 3494 2804 3566 γὰρ
2840 3495 2916 3564 (4)
2967 3493 3326 3565 ἑρμηνεύεται
3366 3494 3701 3562 πειρασμὸς
3755 3497 3876 3560 θεί-

628 3596 1051 3651 Amorrlueorum
1107 3591 1487 3657 interpretatur
1531 3585 1958 3641 exacerbantium
2023 3597 2188 3651 aqua-

630 3710 745 3746 rum
782 3705 798 3742 :
833 3687 1106 3745 diabolum
1159 3684 1320 3754 igitur
1357 3680 1641 3735 manifeste
1695 3676 1966 3748 signiﬁcat
2008 3689 2190 3744 regem

630 3785 934 3840 dmmonum
964 3774 1405 3834 exacerbantium
1432 3785 1644 3826 omnem
1673 3768 1928 3821 animam.

696 3877 787 3933 25.
825 3875 902 3944 Og
935 3886 1125 3926 rursus
1158 3870 1546 3937 interpretatur
1595 3874 1913 3930 congregans
1957 3874 1974 3910 :
2019 3854 2194 3909 Busan

632 3977 810 4022 autem
843 3967 1226 4032 interpretatur
1254 3957 1542 4028 ignominia
1569 3962 1722 4007 acuta
1754 3949 2067 4024 [ignominia
2089 3947 2165 4000 sic
2183 3976 2196 3987 -

631 4060 830 4122 citatis,
866 4065 959 4112 aut
1005 4052 1234 4124 sicca]:
1275 4049 1623 4105 manifestum
1683 4055 1765 4100 est
1823 4044 2007 4115 igitur,
2053 4039 2196 4112 quod

633 4164 858 4207 mortem
889 4148 1156 4220 signiﬁcat
1183 4142 1553 4199 dominantem
1584 4154 1680 4209 per
1708 4145 2012 4206 peccatum.

700 4241 788 4294 26.
821 4239 884 4293 Ει
920 4253 1108 4294 omnes
1141 4233 1496 4305 principatus,
1522 4240 1576 4285 et
1605 4238 1921 4298 potestates,
1952 4239 2011 4282 ut
2047 4237 2198 4282 antea

633 4332 764 4396 dixi,
811 4332 1102 4386 colentium
1154 4326 1525 4396 iniquitatem;
1580 4323 1683 4377 hoc
1746 4321 1890 4377 enim
1935 4319 2200 4390 signiﬁcat

634 4425 855 4480 verbum
889 4424 1038 4485 illud,
1072 4420 1345 4481 Chanaan,
1382 4416 1661 4470 colentium
1706 4414 2058 4483 iniquitatem.

702 4511 792 4577 27,
827 4511 914 4564 28.
950 4509 1013 4563 Ει
1043 4517 1248 4578 gentes,
1286 4522 1424 4577 quas
1454 4505 1605 4575 prius
1635 4505 1767 4575 ipsae
1801 4519 1892 4573 per
1920 4510 2198 4572 peccatum

636 4604 908 4669 tenebant,
936 4617 1030 4656 eas
1078 4601 1223 4654 dedit
1270 4597 1530 4668 apostolis
1576 4599 1628 4650 in
1676 4594 2063 4656 hereditatem,
2101 4592 2202 4645 hoc

636 4706 719 4752 est
766 4698 819 4751 in
865 4693 1267 4765 possessionem
1325 4688 1638 4744 hominibus
1685 4687 1994 4741 videntibus
2027 4699 2195 4740 eum:

639 4786 808 4843 Israel
837 4787 980 4841 enim
1006 4787 1385 4840 interpretatur
1416 4783 1492 4836 vir
1513 4781 1688 4835 videns
1717 4779 1900 4833 Deum.

705 4969 792 5023 29.
835 4968 1144 5024 lndelebile.

707 5061 794 5116 30.
837 5059 901 5114 Et
922 5061 1182 5115 memoria
1202 5060 1516 5130 passionum
1549 5068 1764 5110 tuarum
1790 5062 2051 5124 perpetuo
2081 5068 2204 5122 per-

647 5163 837 5207 manet.

2289 3589 2434 3657 μός·
2477 3586 2829 3655 Ἀμορῤαίων
2857 3586 3213 3658 ἑρμηνεύεται
3261 3585 3694 3654 πικραινόντων
3737 3584 3876 3639 ὑδά-

2294 3694 2440 3730 τωνο
2489 3675 2684 3727 οὐκοῦν
2726 3676 2815 3728 τὸν
2859 3675 3100 3729 διάϐολον
3136 3677 3321 3744 σαφῶς
3355 3677 3502 3744 λέγει
3531 3675 3620 3727 τὸν
3657 3676 3874 3745 βασιλέα

2294 3771 2400 3822 τῶν
2424 3769 2693 3838 δαιμόνων
2719 3768 2826 3819 τῶν
2858 3768 3249 3837 πικραινόντων
3277 3771 3457 3821 πᾶσαν
3477 3768 3678 3837 ψυχήν.

2369 3861 2458 3914 25.
2484 3862 2585 3928 ’Ὼγ
2633 3859 2790 3912 πάλιν
2829 3861 3186 3930 ἑρμηνεύεται
3228 3859 3510 3928 ἁθροίζων
3534 3876 3546 3888 ·
3580 3858 3790 3913 Βασὰν
3817 3861 3871 3912 δὲ

2299 3951 2657 4022 ἑρμηνεύεται
2681 3952 2945 4020 αἰσχύνη
2976 3951 3126 4021 ξυρὰ
3153 3950 3436 4022 [αἰσχύνη
3463 3951 3760 4020 ξηρασίας
3789 3966 3873 4005 aut

2299 4043 2473 4115 ξηρά]
2507 4044 2601 4114 (5)·
2644 4044 2800 4114 δῆλον
2835 4040 2947 4106 οὖν,
2997 4045 3075 4097 ὅτι
3126 4042 3353 4097 θάνατον
3399 4044 3546 4110 λέγει
3590 4044 3680 4096 τὸν
3723 4044 3872 4113 βασι-

2299 4136 2520 4190 λεύοντα
2552 4138 2650 4208 τῆς
2692 4137 2988 4207 ἁμαρτίας.

2371 4225 2458 4280 26.
2490 4227 2565 4298 (α)
2596 4227 2706 4279 Kal.
2751 4225 2930 4288 πάσας
2973 4225 3069 4287 τὰς
3119 4224 3308 4294 ἀρχὰς,
3347 4224 3438 4276 καὶ
3474 4220 3571 4284 τὰς
3604 4221 3869 4286 ἐξουσίας.

2301 4317 2375 4380 ὡς
2408 4319 2689 4388 προεῖπον,
2727 4315 2832 4369 τῶν
2861 4315 3302 4386 προσκυνούντων
3341 4319 3406 4385 τῇ
3441 4313 3674 4383 ἀνομίᾳ·
3720 4314 3874 4366 τοῦτο

2302 4411 2409 4480 γὰρ
2437 4409 2800 4481 ἑρμηνεύεται
2821 4407 3061 4461 Χαναὰν
3079 4407 3584 4474 προσκυνούντων
3602 4406 3868 4474 ἀνομίαν.

2372 4500 2464 4563 27,
2494 4501 2582 4554 28.
2616 4501 2724 4553 Καὶ
2752 4499 2821 4552 τὰ
2855 4497 2999 4568 ἔθνη,
3035 4497 3070 4551 ἃ
3103 4496 3178 4567 (6)
3204 4497 3263 4548 τὸ
3307 4495 3571 4565 πρότερον
3624 4497 3776 4548 αὐτοὶ
3799 4493 3871 4547 εἷ-

2303 4609 2395 4662 χον
2447 4592 2534 4646 διὰ
2579 4593 2677 4663 τῆς
2722 4592 2948 4661 πλάνης,
2989 4589 3194 4643 ἔδωκαν
3228 4587 3365 4640 αὐτὰ
3409 4589 3520 4650 τοῖς
3567 4588 3872 4647 ἀποστόλοις

2303 4681 2730 4752 κληρονομῆσαι,
2762 4681 3006 4734 τουτέστι
3038 4677 3494 4750 περιποιήσασθαι
3523 4679 3636 4741 τοῖς
3661 4678 3871 4748 ἀνδράσι

2303 4775 2414 4836 τοῖς
2461 4773 2816 4843 θεασαμένοις
2855 4773 3014 4827 αὐτόν
3037 4789 3049 4801 ο
3096 4770 3339 4839 Ἰσραὴλ
3378 4769 3486 4839 γὰρ
3524 4771 3873 4840 ἑρμηνεύεται

2238 4842 2280 4897 D
2310 4865 2466 4935 ἀνὴρ
2487 4842 2646 4935 operi
2669 4869 2835 4920 Θεόν.

2383 4959 2474 5014 29.
2501 4959 2922 5026 Ἀνεξάλειπτον.

2386 5049 2474 5104 30.
2515 5052 2623 5102 Καὶ
2666 5054 2697 5120 ἡ
2743 5051 2926 5121 μνήμη
2955 5049 3060 5100 τῶν
3086 5046 3424 5116 παθημάτων
3461 5063 3556 5098 σου
3591 5045 3679 5099 ἀεὶ
3707 5043 3856 5113 διαμιέ

2345 5159 2392 5195 ει
2423 5144 2519 5213 (7).

1589 5257 1898 5319 Addenda
1925 5264 1984 5318 et
2013 5257 2395 5335 corrigenda
2447 5275 2521 5319 ex
2581 5259 2719 5319 cod.
2767 5258 2944 5317 Vatic

713 5413 787 5482 (l)
831 5413 918 5474 Εἰς
949 5413 1198 5474 ἇὸυσσον,
1232 5409 1430 5472 καθώς,
1460 5419 1560 5464 etc.

713 5485 788 5552 (2)
817 5483 934 5536 Ἐπὶ
972 5484 1061 5534 τὸν
1085 5483 1344 5542 διάϐολον,
1376 5489 1478 5552 etc.

711 5555 785 5621 (ὅ)
827 5553 1164 5622 Βαπτίσματι
1202 5551 1528 5619 συνέτριψεν.

717 5627 788 5692 (4)
831 5627 937 5696 Γάρ
965 5626 1132 5678 deest.

2497 5409 2662 5491 Ξηρά,
2688 5409 2928 5491 ρεαηότι
2952 5406 3039 5457 τὸν
3057 5406 3313 5491 νθῆἀνατον,
3342 5415 3446 5459 etc.

2383 5476 2459 5610 (ὅ)
2499 5476 2586 5531 Τά
2602 5496 2696 5546 pro
2722 5479 2755 5564 ἐξ.
2782 5480 2861 5534 τό.
2895 5488 3021 5540 clc.,
3056 5476 3272 5538 ἔδωκεν,
3313 5487 3416 5530 etc.

2398 5552 2460 5619 _7)
2502 5552 2764 5602 Διαμενει.

2502 5552 2764 5602 Διαμενεῖ.

711 5783 784 5856 (a)
811 5781 924 5838 Non
955 5784 1145 5853 legitur
1185 5799 1235 5836 m
1272 5783 1390 5837 cod.
1425 5791 1715 5837 comment.
1751 5779 1818 5836 ad
1850 5779 2006 5848 |hune
2039 5795 2202 5842 \'ers.,
2239 5775 2366 5847 quia
2394 5784 2443 5832 et
2470 5775 2521 5829 in
2553 5775 2758 5844 psalmo
2789 5772 3122 5826 desideratur
3159 5785 3297 5824 vers.
3329 5768 3420 5822 26.
