4036 6470
193 405 339 463 1³⁸265

266 522 353 576 Si.
373 522 495 574 Ὅτι
521 524 693 592 κρινεί
722 523 922 593 Κύριος
954 524 1041 573 τὸν
1081 523 1206 575 λαὸν
1234 524 1399 577 αὑτοῦ
1422 543 1434 556 ·

264 611 354 665 52.
394 611 502 664 Καὶ
536 613 628 665 ἐπὶ
660 615 770 676 τοῖς
798 612 1002 676 δούλοις
1034 614 1197 668 αὐτοῦ
1234 618 1732 691 παρακληθήσεται.

265 705 353 759 55.
396 704 476 758 Τὰ
515 704 706 759 εἴδωλα
745 705 851 760 τῶν
903 706 1070 761 ἑθνῶν
1104 711 1366 783 ἀργύριον
1400 714 1494 767 καὶ
1529 716 1750 786 χρυσίον

183 795 335 866 ἔργα
361 796 556 868 χειρῶν
589 797 909 870 ἀνθρώπων.

267 886 357 940 54.
401 887 583 957 Στόμα
612 887 814 957 ἔχουσι,
846 891 936 943 καὶ
961 892 1020 943 ού
1055 891 1379 964 λαλήσουσιν
1400 919 1412 930 ·

264 978 355 1032 55.
382 978 725 1051 Ὀφθαλμοὺς
754 980 956 1051 ἔχουσι,
975 986 1067 1037 καὶ
1090 985 1188 1038 οὐκ
1213 986 1452 1056 ὄψονται.

262 1069 355 1123 56.
374 1065 511 1124 Ὦτα
544 1071 745 1142 ἔχουσι,
777 1076 870 1127 καὶ
898 1076 996 1128 οὐκ
1020 1078 1470 1148 ἐνωτισθήσονται
1493 1079 1774 1151 [ἀκούσον-

177 1160 329 1232 ται]’

262 1257 354 1310 57.
396 1256 531 1311 Οὐδὲ
558 1258 665 1329 γάρ
688 1260 803 1313 ἑστι
835 1260 1051 1329 πνεῦμα
1078 1263 1134 1314 ἐν
1169 1261 1245 1332 τῷ
1275 1263 1501 1333 στόματι
1536 1264 1732 1320 αὐτῶν.

267 1349 360 1402 58.
380 1348 597 1421 Ὅμοιοι
625 1352 809 1417 αὐτοῖς
834 1353 1075 1421 γένοιντο
1104 1356 1153 1407 οί
1185 1355 1463 1418 ποιοῦντες
1490 1358 1650 1423 αὐτὰ,

264 1440 356 1495 59.
401 1442 509 1494 Καὶ
542 1443 740 1506 πάντες
768 1446 814 1497 οἱ
842 1445 1159 1508 πεποιθότες
1184 1447 1271 1497 ἐπ’
1301 1447 1500 1511 αὐτοῖς.

261 1535 356 1590 40.
396 1533 557 1602 Οἶκος
589 1539 824 1609 Ἰσραὴλ,
854 1539 1182 1612 εύλογήσατε
1210 1541 1299 1593 τὸν
1324 1541 1555 1612 Κύριον·

260 1629 354 1681 41.
396 1627 559 1692 Οἶκος
585 1629 818 1700 Ἀαρὼν,
846 1631 1175 1705 εύλογήσατε
1206 1634 1297 1688 τὸν
1317 1634 1519 1706 Κύριον
1539 1653 1550 1664 ·

263 1720 355 1775 -ῑὲ,
397 1715 559 1784 Οἶκος
588 1720 738 1785 Λευῒ,
779 1723 1111 1795 εὐλογήσατε
1139 1726 1229 1778 τὸν
1264 1724 1465 1795 Κύριον
1490 1742 1503 1755 ·

265 1814 356 1867 45.
398 1812 462 1868 Oi
510 1812 835 1885 φοϐούμενοι
883 1817 973 1871 τὸν
1021 1816 1242 1888 Κύριον,
1304 1816 1632 1889 εὐλογήσατε
1683 1820 1771 1871 τὸν

182 1904 236 1955 ι
248 1903 418 1973 ύριον.

270 1995 359 2049 44.
404 1994 707 2068 Εὐλογητὸς
747 1999 949 2070 Κύριος
979 2003 1042 2053 ἑκ
1076 2000 1232 2064 Σιὼν,

266 2083 358 2139 45.
388 2084 447 2140 Ὀ
482 2088 751 2141 κατοικῶν
794 2089 1168 2160 Ἰερουσαλήμ.

1086 410 1175 464 DE
1218 412 1494 468 'l'lTLlJS
1544 415 1997 479 PSALMORUM.
2044 455 2112 470 --
2153 422 2345 478 PSAL.
2382 420 2659 476 CXXXIV.

3262 0 3411 23 :7;‘7,-

3321 432 3340 485 1
3354 434 3457 488 266

1946 534 2037 587 El.
2083 533 2221 600 Quia
2252 533 2522 604 judicabit
2550 534 2813 592 Dominus
2853 542 3113 610 pupulum
3150 560 3306 599 suum
3332 566 3347 597 ι

1950 625 2038 676 5'2.
2083 624 2149 679 Et
2172 626 2224 678 in
2250 625 2423 681 servis
2460 628 2577 681 suis
2603 626 3000 697 deprecabitur.

1946 717 2032 770 55.
2075 718 2379 773 Simulacra
2415 720 2660 787 gentium
2688 731 2967 792 argentum
3000 734 3054 778 et
3086 740 3305 792 aurum,
3332 742 3456 796 ορμ-

1876 822 1932 860 ra
1964 822 2225 862 manuum
2257 810 2559 866 hominum.

1946 902 2034 956 54.
2077 900 2152 957 Os
2181 903 2401 971 habent,
2433 914 2487 959 et
2517 919 2624 959 non
2660 907 2947 977 loquentur
2981 929 2993 961 ε

1945 994 2032 1049 55.
2073 993 2274 1049 Oculos
2305 995 2524 1059 habent,
2555 1007 2609 1051 et
2641 1013 2746 1052 non
2783 998 3057 1055 videbunt.

1946 1085 2030 1140 56.
2076 1085 2250 1141 Aures
2286 1086 2508 1151 habent,
2536 1096 2588 1142 et
2620 1104 2728 1143 non
2763 1089 2986 1144 audient
3016 1108 3028 1143 :

1948 1263 2035 1316 57.
2078 1261 2263 1332 Neque
2288 1264 2433 1318 enim
2465 1272 2553 1319 est
2580 1264 2805 1334 spiritus
2839 1264 2891 1318 in
2923 1278 3017 1319 ore
3048 1265 3312 1335 ipsorum.

1945 1354 2031 1409 58.
2077 1354 2293 1410 Similes
2322 1355 2429 1410 illis
2462 1355 2596 1410 ﬁant
2621 1356 2714 1427 qui
2751 1356 2957 1411 faciunt
2986 1372 3072 1424 ea,

1947 1445 2034 1499 59.
2079 1444 2143 1499 Ει
2169 1460 2359 1500 omnes
2392 1445 2487 1515 qui
2525 1446 2803 1501 confidunt
2832 1447 2884 1500 in
2910 1448 3009 1503 eis.

1948 1543 2035 1597 40.
2075 1542 2281 1598 Domus
2311 1541 2496 1610 Israel,
2536 1544 2841 1599 benedicite
2866 1544 3096 1599 Domino
3124 1566 3133 1598 :

1946 1635 2034 1689 ll.
2079 1633 2284 1690 Domus
2313 1636 2516 1701 Aaron,
2551 1634 2855 1691 benedicite
2885 1636 3114 1692 Domino
3142 1655 3155 1690 :

1945 1727 2034 1780 42.
2082 1725 2287 1781 Domus
2312 1724 2463 1793 Levi,
2498 1726 2800 1783 benedicite
2835 1726 3103 1782 Domino:

1948 1818 2034 1872 45.
2074 1816 2180 1884 Qui
2208 1818 2414 1873 timetis
2447 1817 2760 1887 Dominum,
2796 1818 3097 1875 benedicitc
3132 1818 3375 1875 Domino.

1950 1996 2037 2049 il.
2082 1996 2404 2050 Benedictus
2435 1996 2697 2050 Dominus
2732 2011 2796 2049 ex
2826 1996 2977 2059 Sion,

1951 2088 2038 2141 45.
2081 2087 2185 2153 Qui
2217 2086 2426 2143 habitat
2453 2086 2506 2141 in
2530 2085 2854 2143 Jerusalem.

1325 2286 1703 2343 ATHANASII
1748 2286 2326 2344 INTERPRETATIO.

264 2468 355 2523 51.
375 2468 493 2519 Ὅτι
521 2468 732 2538 ποιήσει
758 2465 961 2539 Κύριος
983 2469 1082 2539 τὴν
1106 2469 1379 2540 ἐκδίκησιν
1408 2469 1499 2522 τοῦ
1525 2469 1652 2521 λαοῦ
1674 2472 1758 2523 αὑ-

182 2560 288 2615 τοῦ
324 2562 388 2613 ἑκ
420 2558 526 2612 τῶν
556 2562 810 2614 ἐναντίων
839 2559 1139 2631 δυνάμεων.

263 2653 355 2707 52.
391 2654 500 2707 Καὶ
551 2655 642 2707 ἐπὶ
675 2656 787 2716 τοῖς
836 2654 1166 2705 ὑπακούουσι
1195 2652 1271 2723 τῷ
1307 2653 1447 2724 λόγῳ
1472 2653 1564 2707 τοῦ
1597 2655 1772 2723 Εὑαγ·

182 2746 375 2815 γελίου
407 2746 599 2799 ἑαυτὸν
631 2747 957 2817 δυσωπήσας
991 2745 1479 2818 καταλλαγήσεται.

264 2839 355 2892 55.
403 2839 483 2891 Τὰ
517 2836 744 2908 σώματα
776 2839 867 2892 καὶ
902 2838 958 2891 αί
1000 2838 1169 2909 ψυχαὶ
1206 2840 1312 2892 τῶν
1349 2838 1573 2903 ἐθνικῶς
1600 2839 1773 2910 βιούν-

184 2948 304 2984 των
359 2930 677 2983 δεδούλωται
720 2932 796 3003 (1)
843 2934 908 3004 τῇ
953 2930 1316 3001 φιλαργυρίᾳ·
1363 2931 1424 2984 τὸ
1463 2932 1559 3002 μὲν
1614 2932 1776 2984 ίδικὸν

185 3021 271 3083 ὡς
300 3020 393 3074 καὶ
424 3020 656 3092 ἀλλαχοῦ
678 3025 889 3095 εἴρηται
921 3022 1077 3091 δῆλον
1109 3022 1276 3081 ἐστιν,
1302 3024 1335 3091 ἡ
1356 3022 1411 3073 δὲ
1437 3020 1636 3093 θεωρία
1656 3020 1775 3073 τοῦ-

187 3131 255 3167 το
291 3112 560 3183 βούλεται.

263 3208 356 3263 54.
395 3207 561 3261 Οὐδὲν
592 3206 699 3277 γὰρ
728 3208 999 3277 εἰρηνικὸν
1033 3209 1089 3261 ἐν
1118 3206 1194 3277 τῷ
1220 3207 1445 3277 στόματι
1472 3207 1666 3261 αὐτῶν.

1947 2469 2033 2522 51.
2069 2468 2336 2535 Quoniam
2369 2468 2633 2525 Dominus
2666 2468 2962 2523 vindicabit
3005 2469 3263 2537 pepulum
3293 2487 3451 2528 suum

1879 2572 1906 2608 a
1940 2557 2232 2612 contrariis
2265 2558 2646 2626 potestatibus.

1948 2648 2036 2702 39..
2101 2647 2165 2702 Et
2223 2647 2277 2703 in
2334 2648 2713 2703 obedientibus
2744 2650 2910 2705 verbo
2958 2651 3237 2723 Evangelii
3284 2654 3366 2710 sui
3396 2671 3454 2711 se

1878 2742 2055 2810 ipsum
2090 2755 2328 2796 exorans
2356 2742 2822 2797 reconciliabitur.

1948 2834 2040 2887 55.
2068 2832 2335 2903 Corpora,
2370 2843 2424 2889 et
2453 2836 2649 2891 animae
2696 2852 2906 2905 eorum,
2949 2838 3038 2907 qui
3077 2838 3349 2909 gentiliter
3375 2842 3453 2895 vi-

1875 2934 2032 2987 vunt,
2062 2924 2363 2979 inserviunt
2394 2926 2638 2980 avaritiae
2687 2946 2699 2980 :
2747 2929 2971 2998 proprie
3006 2941 3186 2985 autem
3217 2932 3347 3003 quid
3379 2934 3453 2987 si-

1876 3016 2092 3086 gniﬁcet
2115 3016 2241 3071 alibi
2262 3017 2426 3071 etiam
2458 3018 2662 3073 dictum
2693 3028 2795 3085 est,
2815 3021 3073 3091 allegoria
3105 3032 3286 3078 autem
3312 3024 3451 3080 hanc

1874 3107 2041 3177 exigit
2068 3106 2513 3177 explicationem.

1946 3201 2035 3255 Si.
2077 3198 2225 3255 Nihil
2252 3202 2398 3255 cnim
2432 3204 2721 3273 paciﬁcum
2756 3205 2808 3259 in
2844 3220 2940 3260 ore
2974 3206 3235 3274 ipsorum.

265 3301 357 3353 55.
385 3299 471 3351 Ἐν
502 3299 682 3351 σκότει
712 3300 820 3372 γὰρ
869 3300 1309 3372 διαπορευόμενοι
1334 3301 1409 3371 (‘2)
1437 3302 1537 3355 ούκ
1579 3303 1775 3372 ἀνανή-
1803 3285 1845 3341 C

1950 3294 2036 3347 55.
2082 3293 2139 3348 1η
2195 3293 2433 3350 tenebris
2466 3310 2680 3368 semper
2708 3298 3052 3353 ambulantes
3086 3300 3150 3353 ad
3186 3298 3444 3355 sobrieta-

189 3406 411 3459 φουσιν.

264 3478 357 3534 56.
377 3478 488 3549 Οὐχ
516 3481 847 3534 ὑπακούουσι
878 3483 984 3554 γὰρ
1009 3486 1118 3546 τοῖς
1142 3485 1232 3536 τοῦ
1265 3483 1398 3536 Θεοῦ
1422 3486 1773 3555 προστάγμα-

192 3586 307 3635 σιν,
341 3568 417 3631 ὠς
461 3569 551 3621 καὶ
602 3570 630 3620 ὁ
680 3569 883 3641 Κύριος
930 3573 1066 3642 πρὸς
1095 3574 1218 3635 τοὺς
1255 3573 1524 3637 τοιούτους
1557 3575 1770 3642 ἔλεγενι

202 3660 265 3712 '0
294 3648 454 3728 ἕχωνί
480 3654 600 3714 ὦτα
633 3661 897 3729 ἀκούειν,
930 3664 1212 3719 ἀκουέτω.

264 3751 357 3805 57.
400 3751 533 3805 Οὐδὲ
566 3754 641 3823 (5)
678 3752 785 3827 γὰρ
817 3755 996 3827 ἔχουσι
1027 3756 1248 3828 Πνεῦμα
1282 3759 1453 3827 ἅγιον.

267 3842 359 3898 58.
387 3843 615 3915 Ὁμοίως
639 3847 747 3901 τῶν
773 3851 1067 3920 χρημάτων
1096 3852 1171 3922 τῷ
1206 3853 1335 3922 πυρὶ
1376 3854 1774 3926 παραδοθήσον-

185 3956 287 3992 ται
320 3938 367 3991 οἱ
400 3938 820 4010 θησαυρίζοντες
846 3945 1011 4017 αὐτά.

269 4031 361 4087 59.
401 4034 511 4086 Καὶ
549 4034 749 4098 πάντες
771 4037 820 4089 οἱ
850 4037 1168 4101 πεποιθότες
1202 4040 1293 4091 ἐπὶ
1321 4039 1549 4093 πλούτου
1584 4040 1773 4110 ἀδηλὸ-

194 4140 345 4195 τητι.

270 4216 364 4270 40.
401 4216 463 4271 Oi
494 4217 707 4272 εὐθεῖαν
740 4219 951 4290 ἔχοντες
978 4220 1076 4293 τὴν
1106 4222 1330 4284 καρδίαν
1354 4222 1488 4295 πρὸς
1510 4224 1599 4277 τὸν
1622 4226 1774 4289 Θεὸν,

194 4309 459 4375 δοξάσατε
489 4312 579 4365 τὸν
608 4313 812 4384 Κύριον
832 4331 844 4344 ·
882 4315 1129 4384 Ἰσραὴλ
1158 4315 1262 4387 γὰρ
1298 4316 1657 4388 ἑρμηνεύεται
1682 4321 1751 4373 εὐ

197 4401 389 4469 θύτης
416 4402 583 4457 Θεοῦ.

273 4492 365 4548 41.
404 4494 463 4547 Οἱ
496 4494 697 4565 ἑδραῖοι
719 4496 869 4559 ὄντες
895 4499 1019 4567 περὶ
1043 4496 1141 4568 τὴν
1174 4499 1356 4551 πίστιν
1382 4501 1473 4553 καὶ
1498 4498 1594 4563 τὰς
1627 4501 1774 4552 ἑντο-

196 4588 302 4651 λὰς
328 4586 421 4640 τοῦ
448 4587 603 4652 Θεοῦ,
636 4588 889 4654 δοξάσατε
921 4590 996 4660 (i)
1024 4590 1113 4643 τὸν
1137 4591 1337 4661 Κύριον
1362 4608 1373 4620 ο
1415 4592 1632 4661 Ἀαρὼν
1669 4592 1776 4663 γὰρ
1807 4630 1851 4683 D

198 4680 564 4750 ἑρμηνεύεται
594 4680 729 4749 ὄρος
754 4681 1033 4736 δυνατόν.

274 4767 366 4823 49...
390 4771 451 4822 Οἱ
482 4771 863 4841 προσκείμενοι
892 4770 969 4841 τῷ
994 4770 1132 4843 Θεῷ,
1157 4772 1412 4839 δοξάσατε
1440 4774 1529 4827 τὸν
1550 4772 1770 4845 Κύριον

198 4859 352 4913 Λευῒ
383 4858 458 4929 (5)
485 4859 592 4929 γὰρ
616 4861 971 4933 ἑρμηνεύεται
1000 4865 1451 4932 προσκείμενος.

275 4949 363 5004 45.
400 4952 461 5004 Oi
488 4952 731 5017 εύλαόεἶς
756 4957 821 5026 τῇ
844 4956 1057 5027 καρδίᾳ,
1084 4956 1460 5026 ἐγκωμιάσατε
1485 4955 1664 5008 αύτόν.

274 5040 366 5104 48,
391 5042 475 5096 45.
510 5042 661 5097 Σιὼν
683 5046 1036 5117 ἑρμηνεύεται
1066 5045 1303 5115 διψῶσα
1323 5063 1336 5077 ο
1382 5043 1772 5113 Ἰερουσαλὴμ

202 5131 566 5201 ἑρμηνεύεται
604 5132 811 5201 ὅρασις
838 5134 1079 5203 εἰρήνης
1102 5153 1114 5165 ·
1145 5138 1208 5188 ὲκ
1237 5136 1458 5207 καρδίας
1483 5130 1575 5188 οὖν
1608 5133 1772 5203 διψώ-

206 5239 310 5292 σης
345 5220 421 5293 (6)
449 5222 735 5294 εὐλογητὸς
760 5225 961 5297 Κύριος
992 5228 1019 5279 ὁ
1053 5226 1317 5281 κατοικῶν
1351 5229 1409 5282 ἑν
1443 5228 1597 5297 αὐτῇ.

1879 3396 1983 3441 tem
2019 3385 2218 3441 mentis
2248 3401 2357 3442 non
2383 3387 2633 3443 redeunt.

1946 3479 2033 3533 56.
2086 3477 2201 3533 Νοη
2238 3479 2383 3534 enim
2426 3480 2684 3534 obediunt
2731 3478 2928 3534 divinis
2973 3484 3277 3550 prmceptis,
3310 3481 3450 3537 sicut

1876 3580 1930 3625 et
1956 3570 2219 3625 Dominus
2241 3569 2360 3625 istis
2389 3570 2525 3625 dixit
2558 3571 2694 3636 :Qui
2720 3572 2871 3627 habet
2897 3588 3050 3627 aures
3080 3573 3329 3627 audiendi
3353 3590 3447 3627 au-

1876 3664 2010 3717 diat.

1945 3757 2032 3810 57.
2075 3755 2258 3827 Neque
2287 3756 2431 3811 enim
2469 3756 2671 3811 habent
2704 3756 2969 3828 Spiritum
3003 3767 3271 3813 sanetum.

1949 3849 2036 3903 58.
2079 3849 2309 3905 Perinde
2356 3863 2419 3905 ac
2464 3850 2705 3917 pecunia:
2732 3850 2841 3921 igni
2873 3852 3155 3906 tradentur
3181 3852 3451 3909 thesauri-

1878 3952 2063 3996 ZMHCS
2086 3958 2196 3996 03$.

1948 4033 2034 4086 59.
2077 4032 2141 4087 Et
2170 4034 2487 4104 omnes,qui
2518 4033 2869 4089 confiduutin
2890 4035 3095 4090 incerto
3112 4034 3444 4091 divitiarum.

1946 4211 2032 4265 40.
2074 4208 2178 4276 Qui
2218 4218 2425 4265 rectum
2457 4208 2668 4264 habetis
2719 4224 2815 4263 cor
2846 4209 2911 4263 ad
2952 4207 3118 4264 Deum
3154 4209 3451 4281 gloriﬁcate

1879 4303 2163 4360 Dominum
2194 4322 2204 4357 :
2240 4301 2410 4355 Israel
2448 4302 2591 4357 enim
2620 4301 3010 4372 interpretatur
3041 4302 3298 4356 rectitudo
3328 4300 3446 4359 Dei.

1949 4484 2038 4537 41.
2070 4482 2172 4547 Qui
2200 4481 2341 4535 ﬁrmi
2367 4482 2499 4537 estis
2526 4482 2579 4535 in
2608 4481 2711 4535 ﬁde
2743 4490 2795 4535 et
2830 4482 3111 4552 prmceptis
3138 4481 3254 4549 Dei,
3283 4482 3447 4552 glori-

1880 4576 2035 4631 ﬁcate
2082 4574 2369 4628 Dominum
2424 4592 2437 4626 ι
2495 4580 2673 4627 Aaron
2711 4575 2853 4627 enim
2891 4574 3270 4643 interpretatur
3304 4591 3448 4629 mons

1881 4671 2051 4741 fortis.

1948 4764 2035 4818 49..
2070 4762 2314 4833 Appositi
2343 4761 2452 4816 Deo
2478 4762 2772 4832 glorilicate
2796 4763 3084 4817 Dominum
3114 4782 3125 4817 :
3158 4762 3281 4817 Levi
3304 4765 3449 4819 enim

1880 4858 2264 4925 interpretatur
2291 4855 2583 4924 appositus.

1940 4945 2025 4998 45.
2057 4942 2136 4999 Pii
2162 4954 2215 5000 et
2240 4945 2488 5000 timentes
2521 4946 2704 5009 corde,
2734 4947 2969 5000 exaltate
2998 4960 3144 5000 eum.

1944 5038 2033 5104 44,
2065 5037 2153 5092 45.
2187 5036 2317 5093 Sion
2351 5038 2736 5107 interpretatur
2765 5038 2946 5091 sitiens
2977 5054 2993 5090 :
3028 5036 3324 5092 Jerusalem
3371 5038 3452 5091 in-

1882 5140 2207 5201 terpretatur
2240 5132 2371 5185 uisio
2400 5132 2547 5200 pacis
2575 5147 2592 5183 :
2623 5148 2689 5185 ex
2718 5132 2878 5185 corde
2907 5132 3069 5200 igitur
3112 5132 3326 5187 sitiente
3366 5131 3453 5187 be-

1885 5224 2134 5279 nedictus
2164 5223 2450 5290 Dominus,
2476 5224 2568 5295 qui
2602 5224 2809 5279 habitat
2844 5223 2897 5277 in
2924 5224 3061 5294 ipso.

1161 5408 1467 5471 Addenda
1510 5413 1571 5469 et
1604 5405 1977 5487 corrigenda
2010 5423 2087 5467 ex
2128 5405 2267 5466 cod.
2304 5404 2503 5466 Vatic.

308 5598 359 5665 l)
397 5596 774 5653 Δεδούλωνται.

307 5668 357 5739 ἓ)
399 5668 777 5739 ῌορευόμενοι.

284 5668 339 5729 (2
399 5668 777 5739 Πορευόμενοι.

284 5668 363 5809 (3i
404 5736 536 5813 Quae
557 5741 658 5795 sub
685 5756 739 5794 n.
766 5740 1072 5813 {iidesunL
1092 5742 1158 5797 At
1196 5742 1281 5813 57,
1310 5742 1396 5807 58,
1418 5741 1488 5813 ita
1515 5760 1528 5794 :
1564 5741 1774 5813 Ομοίως

209 5807 320 5868 τῶν
356 5809 650 5880 χρημάτων
680 5810 1135 5880 παραδοθήσονται
1164 5812 1241 5881 τῷ
1272 5812 1471 5883 αἰωνίῳ
1515 5807 1643 5883 πυρὶ
1683 5811 1777 5883 θη-

1887 5600 2227 5663 σαυρίζοντες
2254 5598 2409 5652 αὐτὰ.

1957 5618 2227 5663 υιιεοντες
2254 5618 2409 5652 αυτα.

1954 5618 2029 5740 (ί)
2068 5668 2334 5743 Δοξᾴσατε
2368 5668 2455 5722 τὸν
2489 5671 2711 5743 Κύριον,
2742 5672 2891 5728 deest
2923 5673 2977 5727 in
3004 5672 3124 5729 cod.

1955 5743 2028 5806 (5)
2068 5740 2229 5811 Λευίς
2263 5741 2388 5811 γάρ,
2417 5750 2519 5796 etc.

1958 5812 2032 5884 (6)
2068 5810 2320 5881 Διψὼσης
2342 5810 2535 5874 αὐτὸν.
2566 5812 2872 5883 εὐλογητὸς,
2907 5823 3011 5871 etc.
