4036 6468
208 391 358 450 1269

283 514 372 569 15.
409 513 510 566 Τὸν
537 514 685 584 ἥλιον
711 516 789 579 είς
821 515 1065 580 ἐξουσίαν
1087 521 1184 590 τῆς
1215 523 1424 593 ἡμέρας
1451 541 1466 556 ο

285 601 369 656 16.
402 603 520 656 ’Ότι
548 606 625 667 εἰς
648 604 737 657 τὸν
761 605 929 658 αἰῶνα
965 609 1022 660 τὸ
1053 608 1196 671 ἔλεος
1227 611 1409 664 αὑτοῦ.

281 693 370 748 17.
405 695 512 748 Τὴν
537 681 759 767 σελήνην
783 698 874 749 καὶ
898 698 1022 761 τοὺς
1052 701 1283 773 ἀστέρας
1305 706 1386 768 εἰς
1410 705 1654 769 ἐξουσίαν
1676 710 1772 778 τῆς

192 785 404 849 νυκτός
424 802 437 814 ⁶

287 877 367 930 18.
410 880 530 932 "Ott
559 882 638 943 εἰς
665 881 756 933 τὸν
790 881 961 936 αἰῶνα
984 892 1044 936 τό
1065 884 1211 950 ἔλεος
1233 889 1415 943 αὐτοῦ.

281 967 370 1019 19.
407 967 494 1038 Τῷ
516 971 812 1036 πατάξαντι
836 973 1108 1040 Αἴγυπτον
1141 979 1236 1030 σὺν
1276 982 1389 1043 τοῖς
1411 982 1770 1050 πρωτοτόκοι-

191 1078 238 1112 σ,
249 1061 389 1115 ὖτῶν
409 1079 422 1092 ’

273 1150 364 1206 20.
399 1154 518 1206 ’Ότι
548 1157 626 1219 είς
654 1156 742 1209 τὸν
771 1159 940 1212 αἰῶνα
970 1160 1031 1213 τὸ
1057 1159 1205 1224 ἔλεος
1229 1163 1411 1215 αὑτοῦ.

275 1244 364 1296 21.
402 1246 508 1298 Ka‘t
531 1246 850 1317 ὲξαγαγόντι
877 1251 966 1304 τὸν
1010 1253 1220 1324 Ἰσραὴλ
1246 1257 1308 1307 ἐκ
1342 1256 1506 1324 μέσου
1531 1259 1707 1310 αὐτῶν
1725 1276 1736 1287 ·

272 1333 363 1386 22.
394 1335 514 1386 Ὅτι
548 1339 624 1401 εἰς
653 1338 741 1391 τὸν
767 1341 937 1394 αἰῶνα
969 1342 1027 1395 τὸ
1056 1343 1197 1407 ἔλεος
1228 1345 1413 1399 αὑτοῦ.

274 1425 366 1478 23.
410 1427 495 1479 Ἐν
520 1431 661 1500 χειρὶ
687 1433 924 1502 κραταιᾷ
953 1434 1044 1485 καὶ
1071 1436 1126 1486 ἐν
1152 1435 1393 1506 βραχίονι
1419 1438 1606 1511 ὑψηλῷ
1627 1459 1638 1470 ·

270 1516 362 1571 2-1.
395 1519 516 1572 ’Ότι
550 1524 628 1585 εἰς
660 1522 750 1575 τὸν
773 1523 945 1578 αἰῶνα
972 1525 1030 1579 τὸ
1051 1527 1197 1591 ἕλεος
1228 1529 1415 1584 αὑτοῦ.

269 1607 361 1661 25⁸.
399 1611 486 1681 Τῷ
531 1613 897 1667 καταδιελόντι
945 1617 1042 1689 τὴν
1084 1617 1350 1691 Ἐρυθρὰν
1380 1621 1652 1676 Θάλασσαν
1687 1641 1764 1688 εις

182 1697 492 1770 διαιρέσεις
509 1720 521 1732 ”

268 1789 360 1844 26.
400 1792 518 1845 ’Ότι
553 1795 628 1857 είς
656 1795 742 1848 τὸν
768 1797 938 1851 αἰῶνα
962 1799 1021 1850 τὸ
1053 1799 1201 1863 ἔλεος
1225 1800 1408 1855 αὐτοῦ.

1095 398 1182 452 DE
1223 398 1496 454 TITULIS
1537 400 1984 460 PSALMORUM.
2028 437 2095 446 —
2137 406 2328 462 PSAL.
2371 410 2628 467 CXXXV.

3306 425 3440 482 1270

1804 533 1846 586 Α
1948 528 2035 582 13.
2077 529 2256 584 Solem
2291 533 2344 585 in
2381 544 2698 602 potestatem
2729 537 2835 591 diei

1952 621 2034 676 lG.
2073 620 2340 687 Quoniam
2366 628 2417 678 in
2449 637 2707 681 aeternum
2751 631 3125 689 misericordia
3159 638 3294 706 ejus.

1957 712 2037 766 l7.
2075 713 2284 769 Lunam
2312 727 2366 772 et
2400 719 2583 774 stellas
2614 720 2666 773 in
2698 732 3022 791 potestatem
3059 728 3261 784 'lOCllS:

1948 892 2034 946 {8.
2080 895 2353 960 Quoniam
2383 915 2434 952 In
2479 909 2741 956 aeternum
2780 905 3151 962 misericordia
3186 910 3324 978 ejus.

1945 985 2032 1040 19.
2065 985 2168 1051 Qui
2222 992 2492 1058 percussit
2531 992 2821 1064 AEgyptum
2883 1013 3007 1052 cum
3064 1003 3434 1072 primogenltis

1870 1093 2059 1133 eorum
2085 1096 2100 1134 ζ

1941 1170 2032 1226 20.
2068 1169 2337 1238 Quoniam
2373 1176 2427 1229 in
2465 1187 2722 1234 attentum
2756 1183 3133 1240 misericordia
3153 1187 3291 1257 ejus.

1937 1261 2026 1314 21.
2062 1259 2166 1327 Qui
2194 1265 2384 1320 eduxit
2415 1265 2579 1323 Israel
2615 1271 2680 1326 de
2705 1275 2884 1331 medio
2908 1292 3127 1332 eorum:

1942 1352 2030 1406 22.
2068 1352 2336 1418 Quoniam
2366 1359 2417 1411 in
2455 1369 2718 1417 aeternum
2774 1366 3148 1423 misericordia
3187 1370 3322 1439 ejus.

1939 1446 2029 1498 25.
2075 1446 2131 1498 In
2169 1462 2333 1501 manu
2362 1454 2570 1518 potenti
2608 1463 2661 1507 et
2693 1455 2914 1511 brachio
2943 1459 3190 1514 excelso:

1942 1537 2034 1589 24.
2069 1537 2342 1602 Quoniam
2374 1542 2425 1594 in
2460 1553 2724 1599 aeternum
2757 1548 3126 1604 misericordia
3155 1553 3290 1621 ejus.

1943 1627 2032 1680 23.
2065 1627 2168 1692 Qui
2193 1630 2376 1686 divisit
2404 1648 2552 1688 mare
2582 1634 2824 1691 Rubrum
2850 1641 2903 1692 in
2937 1640 3263 1696 divisiones:

1945 1805 2032 1859 26.
2070 1806 2339 1873 Quoniam
2384 1812 2437 1865 in
2464 1824 2724 1869 aeternum
2753 1816 3125 1872 misericordia
3151 1819 3290 1888 ejus.

265 1881 360 1936 27.
391 1884 496 1935 Kal.
532 1885 845 1956 διαγαγόντι
883 1891 974 1944 τὸν
1017 1892 1231 1962 Ἰσραὴλ
1268 1891 1353 1944 διὰ
1389 1894 1553 1963 μέσου
1594 1897 1761 1966 αὐτῆς
1796 1873 1817 1928 Ῑ

1943 1900 2032 1955 27.
2071 1899 2135 1954 Ει
2161 1903 2348 1957 eduxit
2379 1901 2544 1959 Israel
2577 1921 2670 1973 per
2693 1907 2930 1962 medium
2967 1908 3085 1977 ejus
3113 1873 3223 1981 [θοι
3255 1912 3431 1968 medio

183 1970 209 2040 [_
233 1974 299 2024 ἐκ
325 1974 487 2042 μέσου
516 1978 693 2031 αὐτῶν
717 1978 736 2051 ]

263 2063 354 2118 28.
393 2066 512 2119 Ὅτι
532 2069 609 2131 εἰς
638 2069 727 2122 τὸν
755 2072 925 2124 αἰῶνα
947 2072 1005 2125 τὸ
1029 2073 1174 2138 ἕλεος
1204 2077 1386 2131 αὐτοῦ.

260 2154 354 2209 29.
388 2158 496 2210 Καὶ
526 2160 858 2225 ἐκτινάξαντι
890 2164 1087 2235 Φαραὼ
1123 2169 1216 2219 καὶ
1248 2167 1346 2238 τὴν
1395 2168 1622 2239 δύναμιν
1653 2170 1754 2222 αὺ-

177 2245 284 2297 τοῦ
319 2250 396 2312 εἰς
421 2249 692 2306 θάλασσαν
744 2255 1025 2325 Ἐρυθράν.

265 2339 344 2408 (α)
376 2338 531 2397 Vcrs.
562 2342 651 2408 27.9,
683 2346 771 2410 50,
807 2348 1002 2402 desunt
1039 2351 1090 2404 iu
1125 2354 1243 2407 cod.

1865 1990 2087 2061 eorum]
2118 2010 2130 2044 :

1933 2082 2023 2135 28.
2057 2082 2328 2148 Quoniam
2357 2090 2412 2140 iu
2442 2098 2702 2144 aeternum
2744 2093 3116 2148 misericordia
3145 2095 3284 2163 ejus.

1933 2171 2024 2226 29.
2058 2175 2135 2243 (α)
2170 2173 2234 2229 Ει
2262 2180 2507 2235 excussit
2543 2179 2883 2238 Pharaonem
2925 2195 2978 2240 et
3019 2185 3271 2240 virtutem
3309 2187 3426 2245 e'u;

1864 2263 1915 2316 in
1947 2264 2080 2317 mari
2114 2264 2296 2321 Rubro
2319 2287 2330 2320 :

1305 2506 1674 2564 ATHANASll
1714 2509 2295 2596 INTERPBETATIO.

262 2651 346 2705 15.
387 2655 522 2719 Τοὺς
568 2657 641 2729 (1)
676 2660 860 2726 ἁγίους
895 2660 1081 2732 ἄρχειν
1128 2661 1223 2715 τοῦ
1253 2664 1381 2717 λαοῦ
1423 2668 1517 2719 τοῦ
1555 2667 1756 2735 φωτὺς,

174 2745 352 2809 αὐτὸς
384 2745 546 2819 [περὶ
579 2751 796 2823 αὐτῶν]
827 2753 932 2825 γὰρ
957 2753 1192 2826 εἴρηται,
1241 2755 1322 2809 ὅτι
1370 2758 1501 2810 τότε
1537 2758 1758 2828 ἐκλάμ-

173 2840 416 2904 ψουσιν
445 2840 524 2905 ὡς
557 2843 589 2894 ὀ
621 2841 811 2908 ἣλιος.

260 2923 348 2977 17.
376 2925 483 2996 Τὴν
517 2928 759 2982 Παλαιὰν
785 2932 1056 3006 Διαθήκην
1090 2934 1330 3002 καὶτοὺς
1355 2941 1636 3011 προφήτας
1660 2939 1758 3013 ἄρ-

175 3032 302 3085 χειν
328 3017 436 3070 τῶν
465 3019 581 3072 τότε
629 3023 910 3078 Ἰουδαίων.

256 3104 341 3160 19.
380 3106 467 3177 Τῷ
491 3111 596 3161 πᾶν
625 3111 683 3162 τὸ
719 3114 917 3184 πλῆθος
949 3118 1055 3169 τῶν
1101 3119 1369 3189 δαιμόνων
1401 3128 1758 3196 συντρίψαντι-

177 3196 283 3250 σὺν
307 3200 427 3261 ταῖς
455 3201 648 3271 ἀρχαῖς
673 3206 765 3257 καὶ
799 3207 877 3275 (2)
906 3212 1025 3272 ταῖς
1066 3210 1336 3276 ἐξουσίαις
1371 3217 1567 3274 αὐτῶν.

251 3287 344 3341 21.
378 3290 485 3342 Kal.
518 3294 807 3365 ῥυσαμένῳ
831 3298 918 3349 τὸν
947 3298 1073 3352 λαὸν
1102 3303 1441 3370 φωτισθέντα
1464 3309 1541 3379 (5)
1558 3313 1623 3380 τῇ
1649 3311 1752 3366 δια-

171 3380 300 3452 νοίᾳ
329 3384 394 3437 ἐκ
419 3385 516 3456 τῆς
547 3387 787 3452 δουλείας
816 3392 1014 3447 αὐτῶν.

247 3471 342 3524 25.
383 3473 468 3526 Ἐν
499 3475 577 3544 τῷ
609 3478 721 3546 Υἰῴ
749 3481 910 3533 αὑτοῦ
941 3483 1017 3552 τῷ
1052 3491 1326 3560 μονογενεῖ
1359 3503 1362 3509 ’

251 3564 344 3617 25.
378 3565 466 3635 Τῷ
488 3567 578 3620 τὸν
609 3569 811 3639 κόσμον
836 3573 1207 3646 διαμερίσαντι
1225 3584 1335 3643 τοῖς
1363 3583 1676 3648 ἀποστόλοις
1694 3587 1749 3638 ἐν

171 3655 256 3725 τῷ
285 3657 598 3730 κηρύγματι
625 3662 820 3717 αὐτῶν.
868 3665 939 3718 Τὸ
978 3669 1076 3736 μὲν
1101 3669 1297 3723 εἰδικόν
1342 3672 1418 3741 (4)
1448 3677 1750 3747 γεγενημέ-

171 3766 269 3800 νον
299 3749 418 3802 τότε
447 3753 504 3804 ὲν
543 3755 608 3824 τῇ
657 3753 890 3827 Ἐρυθρᾷ
936 3758 1178 3831 Θαλάσσῃ
1212 3763 1304 3814 ἐπὶ
1342 3765 1640 3829 Μωῦσέως,
1676 3767 1751 3830 ὼς

172 3841 368 3895 πολλοὶ
399 3843 506 3896 τῶν
536 3846 780 3900 παλαιῶν
832 3851 1135 3922 ἱστοροῦσι,
1179 3856 1366 3926 ὅτιπερ
1411 3859 1491 3921 εἰς
1537 3856 1629 3911 δύο
1659 3861 1752 3912 καὶ

170 3934 312 3987 δέκα
345 3935 485 4006 μέρη
526 3937 684 3991 διεῖλε
723 3941 840 3993 τότε
883 3943 980 4012 τὴν
1016 3944 1288 4000 Θάλασσαν
1319 3949 1420 4019 τὴν
1461 3950 1748 4023 Ἐρυθρὰν.

171 4026 268 4080 ινα
308 4026 512 4099 ἑκάστη
541 4031 682 4101 φυλὴ
734 4033 867 4086 ἰδίαν
909 4037 1024 4088 ὁδὸν
1077 4037 1268 4112 ὁδεύσῃ
1313 4041 1379 4092 δι’
1418 4044 1584 4114 αὐτῆς
1622 4065 1632 4076 ·
1671 4046 1750 4099 διὸ

172 4118 274 4171 καὶ
289 4117 430 4173 οὕτω
451 4119 597 4189 λέγει
623 4125 650 4175 ὁ
664 4123 894 4195 ψαλμὸς,
914 4125 992 4191 τῷ
1015 4130 1424 4185 καταδιελόντι
1451 4135 1564 4203 τὴν
1593 4137 1752 4203 Ἐρυ-

174 4210 328 4276 0p?»-
359 4209 701 4278 θάλασσαν,
739 4216 829 4266 καὶ
853 4217 952 4268 οὐκ
973 4211 1126 4271 εἶπεν
1156 4223 1242 4286 εἰς
1266 4220 1576 4291 διαίρεσιν,
1627 4224 1726 4278 ἀλλ
1745 4224 1756 4241 ’

171 4305 265 4367 εἰς
296 4301 629 4372 διαιρέσεις.
668 4306 818 4377 Αὕτη
866 4303 955 4361 οὖν
993 4311 1026 4380 ἡ
1059 4313 1266 4383 ἱστορία
1314 4317 1345 4383 ὴ
1396 4316 1660 4387 γενομένη
1694 4320 1751 4369 ἐν

169 4397 241 4463 τῇ
288 4393 522 4467 Ἐρυθρᾷ
549 4396 791 4470 Θαλάσσῃ
826 4402 904 4462 εἰς
947 4400 1117 4454 τύπον
1159 4405 1372 4476 ὑπῆρχε

170 4483 271 4536 τοῦ
298 4485 580 4555 μέλλοντος
608 4488 930 4561 διαιρεῖσΘαι
963 4496 1074 4557 τοῖς
1109 4494 1201 4547 δύο
1228 4497 1318 4548 καὶ
1350 4497 1481 4550 δέκα
1511 4498 1742 4552 ἀποστό-

172 4578 290 4640 λοις
321 4578 473 4650 παρὰ
500 4580 722 4650 Κυρίου.

245 4671 336 4724 27.
367 4672 443 4742 (a)
475 4673 585 4726 Kal.
616 4674 778 4726 αὐτὸν
810 4675 900 4728 τὸν
939 4676 1096 4746 χορὸν
1141 4679 1248 4731 τῶν
1289 4680 1598 4734 ἀποστόλων
1639 4681 1744 4735 τῶν

173 4765 530 4836 θεασαμένων
557 4767 718 4820 αὐτὸν
745 4769 1020 4838 διαγαγὼν
1072 4770 1160 4823 διὰ
1218 4773 1381 4842 μέσου
1429 4775 1526 4846 τῆς
1568 4777 1746 4829 οἰκου-

173 4859 366 4928 μένης.

244 4951 333 5007 29.
366 4953 476 5006 Kal.
507 4953 855 5025 συντρίψαντι
881 4955 970 5007 τὸν
993 4954 1255 5020 διάϐολον,
1285 4960 1378 5012 καὶ
1399 4958 1473 5032 (5)
1506 4961 1605 5033 τὴν
1655 4963 1745 5016 δύ-

176 5062 346 5114 ναμιν
371 5045 537 5100 αὐτοῦ
568 5049 626 5100 ἐν
649 5046 725 5118 τῷ
761 5048 1094 5118 βαπτίσματι
1125 5068 1137 5079 ο
1178 5052 1446 5124 Ἐρυθρὰν
1475 5055 1530 5108 δέ
1552 5055 1747 5110 Θάλασο

255 5137 299 5168 ³⁸
325 5134 516 5191 Matth.
561 5153 676 5202 xui,
711 5139 768 5192 4-

1934 2669 2017 2724 15.
2061 2669 2293 2725 Sauctos
2324 2684 2557 2741 praeesse
2586 2672 2785 2741 populo
2818 2674 2975 2738 lucis,
3009 2676 3075 2729 de
3108 2676 3238 2746 ipsis
3282 2679 3425 2734 enim

1855 2762 2063 2816 dictum
2090 2771 2192 2825 est,
2223 2764 2367 2833 quod
2401 2775 2524 2816 tunc
2549 2763 2821 2834 fulgebunt
2855 2769 2989 2819 sicut
3021 2767 3099 2820 sol
3131 2767 3195 2833 ’⁸,
3229 2777 3331 2824 etc.

1928 2951 2018 3007 17.
2060 2950 2228 3007 Vetus
2279 2951 2685 3010 Testamentum
2739 2967 2792 3011 et
2843 2961 3136 3028 prOphetas
3194 2980 3425 3034 praeesse

1779 3072 1824 3134 Ο
1857 3044 1984 3097 olim
2010 3041 2232 3100 Iudaeis.

1927 3136 2012 3189 19.
2049 3138 2150 3200 Qui
2187 3138 2445 3191 contrivit
2501 3155 2716 3193 omnem
2763 3141 3073 3196 daemonum
3125 3146 3415 3201 multitudi-

1852 3240 1974 3278 nem
1993 3241 2116 3279 cum
2150 3226 2542 3296 principatibus
2567 3238 2622 3282 et
2648 3231 3010 3298 potestatibus
3043 3247 3255 3287 eorum.

1925 3315 2017 3368 21.
2052 3314 2113 3368 Et
2135 3316 2227 3385 qui
2282 3317 2483 3384 eripuit
2514 3318 2775 3386 populum
2829 3330 3009 3374 mente
3055 3320 3422 3377 illuminatum

1851 3424 1916 3462 ex
1949 3409 2162 3462 illorum
2190 3410 2468 3463 servitute.

1920 3501 2007 3552 25.
2045 3499 2099 3551 lu
2132 3498 2268 3551 Filio
2300 3516 2400 3552 suo
2431 3501 2731 3570 unigenito.

1921 3590 2010 3642 25.
2046 3587 2146 3652 Qui
2184 3590 2369 3644 divisit
2401 3592 2670 3646 mundum
2706 3596 2966 3664 apostolis
2997 3595 3049 3648 in
3078 3608 3268 3649 eorum
3287 3609 3424 3664 prae-

1851 3685 2142 3739 dieatioue.
2180 3684 2336 3750 Quod
2369 3688 2614 3755 speciale
2643 3692 2861 3758 quidem
2914 3691 3144 3761 contigit
3194 3700 3323 3745 tunc
3372 3693 3424 3746 in

1854 3781 1990 3835 mari
2017 3779 2202 3836 Rubro
2250 3780 2353 3833 sub
2401 3779 2606 3851 Moyse,
2642 3783 3103 3850 quemadmodum
3141 3783 3297 3836 multi
3329 3799 3424 3836 ve-

1854 3883 2029 3928 terum
2062 3876 2332 3939 scribunt,
2372 3875 2517 3943 quod
2547 3890 2693 3929 mare
2721 3874 2962 3929 Rubrum
2995 3875 3228 3930 divisum
3254 3884 3340 3930 est
3371 3876 3424 3929 in

1852 3969 2140 4023 duodecim
2178 3977 2383 4036 partes,
2424 3969 2560 4022 adeo
2591 3977 2650 4021 ut
2680 3970 2934 4037 qumlibet
2974 3970 3150 4024 tribus
3181 3984 3278 4023 sua
3338 3969 3423 4021 via

1854 4076 1950 4129 per
1979 4060 2110 4114 illud
2140 4059 2455 4126 incederet;
2483 4059 2712 4129 ideoque
2741 4061 2810 4111 ita
2856 4061 2988 4114 dicit
3022 4061 3290 4129 psalmus,
3336 4062 3423 4128 qui

1851 4151 2031 4204 divisit
2059 4168 2202 4205 mare
2247 4151 2502 4220 Rubrum,
2534 4161 2587 4205 et
2618 4167 2725 4206 non
2755 4153 2830 4204 ait
2870 4154 2923 4204 in
2965 4152 3299 4215 divisionem,
3332 4152 3424 4204 sed

1852 4240 1905 4291 in
1935 4240 2240 4297 divisiones.
2288 4244 2341 4296 Id
2379 4245 2554 4312 ipsum
2587 4242 2768 4312 igitur,
2792 4243 2934 4311 quod
2964 4258 3030 4296 ex
3062 4242 3290 4297 historia
3316 4253 3424 4295 tra-

1851 4330 2022 4383 ditum
2057 4340 2165 4396 est,
2202 4334 2499 4402 contigisse
2531 4316 2583 4386 in
2619 4334 2751 4386 mari
2788 4331 2996 4397 Rubro,
3032 4335 3083 4387 in
3120 4334 3291 4404 ﬁgura
3323 4332 3425 4387 fuit

1418 4406 1510 4459 τοῦ
1539 4407 1744 4476 κόσμου
1779 4415 1817 4468 ι)

1854 4426 2065 4494 mundi,
2093 4430 2187 4499 qui
2221 4430 2548 4484 dividendus
2605 4439 2724 4483 erat
2771 4445 2800 4484 a
2857 4430 3084 4485 Domino
3139 4430 3419 4486 duodecim

1853 4519 2134 4583 apostolis.

1926 4694 2125 4765 27.,Ει
2185 4697 2361 4766 ipsum
2423 4699 2790 4769 apostolorum
2854 4701 3084 4754 chorum
3122 4697 3419 4754 videntium

1855 4800 2000 4850 eum,
2033 4802 2129 4856 per
2159 4790 2397 4844 medium
2437 4791 2698 4846 mundum
2732 4792 2973 4846 deduxit.

1924 4969 2014 5025 29.
2051 4969 2116 5024 Ει
2146 4973 2403 5027 contrivit
2430 4974 2729 5048 diabolum,
2763 4985 2815 5028 et
2854 4973 3147 5044 potentiam
3205 4973 3322 5044 ejus
3365 4974 3418 5027 iu

1857 5061 2163 5130 baptismo;
2200 5077 2350 5117 mare
2383 5073 2561 5120 autem
2595 5065 2838 5120 Rubrum
2890 5063 3010 5119 ideo
3044 5077 3198 5120 vocat
3243 5065 3416 5133 bapti-

1089 5253 1397 5316 Addenda
1459 5264 1519 5317 et
1577 5259 1953 5339 corrigenda
1986 5283 2060 5326 ex
2108 5269 2247 5330 cod.
2311 5270 2510 5331 Vatic.

243 5381 331 5451 (1)
359 5382 465 5434 Του
491 5380 674 5451 ἄρχειν
695 5399 788 5433 του
825 5381 953 5433 λαοῦ
980 5397 1073 5433 του
1103 5383 1279 5450 φωτός
1303 5399 1316 5412 °
1343 5384 1506 5447 αὐτὸς
1537 5382 1643 5456 γὰρ
1676 5387 1750 5438 εί-

174 5458 492 5526 ρηδεενιβις·

247 5523 325 5590 (2)
359 5521 467 5574 Καί
497 5521 668 5576 deest.

245 5595 321 5675 (5)
355 5593 464 5644 Ka‘t
507 5591 838 5675 φωτισΘέντα
871 5595 968 5663 τὴν
997 5595 1255 5675 διάνοιαν-
1280 5599 1343 5675 ἐκ
1376 5600 1473 5675 τῇς
1493 5600 1744 5675 δουλείας

175 5662 372 5720 αὐτῶν.
405 5662 619 5732 Ἰσραὴλ
656 5663 763 5734 γὰρ
785 5662 1140 5736 ἑρμηνεύεται
1167 5667 1288 5729 νοῦς
1323 5662 1463 5738 ὁρῶν
1485 5669 1634 5724 Θεόν.

1925 5392 2105 5476 (ἆλτο
2136 5391 2232 5476 μὲν
2259 5393 2442 5476 tauros,
2468 5405 2597 5476 clc._,
2628 5394 2702 5476 ῶς
2727 5394 2932 5476 δώδεκα
2953 5393 3091 5476 μέρη
3116 5394 3159 5446 δ.
3192 5409 3350 5476 τρε.⁵

1868 5463 2153 5537 Ἐρυθρὰν,
2182 5474 2310 5537 etc.,
2340 5468 2372 5535 ὴ
2411 5467 2619 5537 ἱστορία
2644 5469 2675 5536 ἠ
2705 5465 2999 5535 γεναμένη,
3027 5474 3157 5528 ele.,
3190 5466 3301 5525 τοῖς
3322 5463 3421 5515 δὼ-

1850 5533 1982 5607 δεκα
2013 5535 2330 5607 ᾁᾳτοστόλοις
2356 5533 2504 5607 παρὰ
2529 5533 2621 5588 τοῦ
2641 5533 2869 5607 Κυρίου,
2903 5546 3005 5607 etc.

1922 5604 1998 5669 (5)
2026 5603 2086 5656 N.
2124 5605 2192 5659 29
2219 5607 2406 5675 incipit
2437 5603 2514 5659 ab
2549 5603 2877 5675 liislverbis,
2908 5606 3016 5657 Καὶ
3051 5607 3168 5674 τήν,
3205 5613 3306 5659 etc.

248 5782 324 5846 ta)
357 5777 812 5860 Commentarius,
858 5799 948 5835 seu
1005 5782 1457 5860 interpretation.
1499 5786 1565 5839 27
1611 5796 1666 5840 et
1725 5786 1793 5841 28
1845 5787 1994 5843 deest
2024 5791 2076 5842 in
2109 5790 2251 5856 cod.,
2285 5791 2372 5845 sed
2405 5791 2522 5860 ejus
2545 5793 2664 5847 loco
2719 5799 2895 5846 exstat
2932 5792 3151 5858 interpr.
3191 5803 3309 5858 qure
3337 5797 3417 5844 est

174 5865 228 5905 n.
264 5849 332 5907 29
367 5859 415 5902 et
448 5850 535 5918 30,
569 5853 655 5921 qui
689 5851 796 5908 due
831 5868 968 5909 vers.
1005 5854 1054 5907 iu
1092 5849 1212 5909 cold.
1251 5855 1522 5911 deﬁciunt.
