4036 6504
563 336 695 392 1271
1481 340 1539 396 S.
1580 340 1956 398 ATHANASII'
1989 343 2138 401 OPP.

2231 346 2358 401 ΑΗΒ
2396 346 2481 401 ΙΙΙ.
2524 376 2591 388 --
2630 342 3038 400 ΕΧΕΟΕΤΙΟᾹ.

630 449 721 505 50.
758 449 1026 519 Quoniam
1050 451 1103 503 in
1134 459 1393 505 teternum
1424 452 1802 509 misericordia
1838 457 1983 526 ejus.

629 542 718 596 51.
758 540 862 607 Qui
892 542 1131 596 traduxit
1178 542 1436 612 populum
1468 559 1626 599 suum
1664 561 1759 615 per
1787 546 2095 602 desertum:

628 633 721 687 32.
756 632 1022 699 Quoniam
1048 634 1102 688 in
1133 642 1399 689 aeternum
1438 636 1811 692 misericordia
1842 639 1981 709 ejus.

629 723 720 778 55.
750 722 854 790 Qui
881 725 1153 793 percussit
1191 740 1342 795 reges
1377 740 1637 795 magnos:

628 816 720 871 54.
755 815 1025 881 Quoniam
1064 816 1117 869 in
1143 826 1405 871 aeternum
1443 819 1820 874 misericordia
1850 819 1987 889 ejus.

628 909 717 964 55.
751 908 817 963 Ει
836 909 1036 965 occidit
1064 925 1217 981 reges
1244 910 1443 967 fortes:

631 1002 720 1057 56.
764 1001 1038 1068 Quoniam
1069 1002 1121 1056 in
1159 1013 1422 1059 aeternum
1457 1004 1833 1059 misericordia
1857 1004 1996 1074 ejus.

630 1094 720 1149 57.
758 1094 937 1149 Sehon
968 1110 1146 1166 regem
1172 1095 1654 1150 Amorrhaeorum:
1976 1086 1981 1091 ’

634 1184 723 1239 58.
763 1185 1033 1251 Quoniam
1064 1188 1118 1241 in
1147 1197 1411 1242 aeternum
1445 1188 1815 1243 misericordia
1844 1187 1988 1257 ejus.

636 1279 725 1333 59.
762 1278 827 1333 Et
854 1279 933 1352 0g
958 1296 1136 1352 regem
1165 1280 1341 1334 Basan
1366 1299 1379 1333 :

632 1371 721 1424 40.
751 1370 1017 1438 Quoniam
1047 1374 1099 1427 in
1126 1383 1387 1427 :eternum
1416 1372 1788 1448 misericordia
1817 1374 1956 1443 ejus.

630 1463 719 1518 41.
755 1462 1000 1519 Et-dedit
1029 1472 1227 1519 terram
1256 1479 1449 1519 eorum
1479 1464 1845 1519 haereditatem
1874 1485 1885 1518 :

632 1554 721 1609 42,
759 1553 1032 1621 Quoniam
1070 1557 1123 1610 in
1152 1566 1412 1611 aeternum
1438 1556 1819 1611 misericordia
1851 1557 1989 1627 ejus.

630 1646 721 1701 45.
761 1643 1138 1701 Haereditatem
1170 1646 1333 1702 Israel
1361 1661 1531 1702 servo
1548 1662 1681 1703 suo:

2309 1652 2398 1706 45.
2434 1650 2817 1722 Κληρονομίαν
2864 1650 3079 1722 Ἰσραὴλ
3102 1649 3274 1721 δούλῳ
3300 1649 3465 1704 αὐτοῦ
3493 1667 3508 1679 ·

630 1738 721 1791 44.
761 1736 1028 1805 Quoniam
1061 1738 1115 1792 in
1151 1747 1415 1794 aeternum
1446 1741 1823 1796 misericordia
1848 1741 1988 1812 ejus.

2306 1745 2395 1798 44.
2428 1744 2548 1797 Ὅτι
2569 1746 2647 1808 εἰς
2674 1743 2766 1797 τὸν
2793 1742 2967 1799 αἰῶνα
2998 1743 3059 1797 τὺ
3078 1743 3227 1807 ἔλεος
3253 1741 3441 1797 αὐτοῦ.

636 1830 727 1884 45.
757 1830 894 1895 Quia
925 1830 978 1884 in
1012 1831 1315 1885 humilitate
1348 1842 1536 1887 nostra
1562 1848 1773 1889 memor
1804 1831 1911 1887 fuit
1958 1833 2134 1888 nostri

2311 1836 2402 1891 45.
2432 1837 2555 1889 Ὅτι
2588 1840 2645 1890 ἐν
2670 1838 2736 1889 τῖ’
2779 1834 3105 1890 ταπεινώσει
3135 1835 3291 1889 ὑμῶν
3322 1832 3571 1906 ἐμνήσθη
3601 1830 3767 1903 ἡμῶν

565 1922 828 1978 Dominus
849 1943 859 1975 :

2242 1928 2445 2000 Κύριος
2471 1945 2485 1957 ·

636 2016 722 2071 46.
759 2016 1029 2082 Quoniam
1062 2018 1115 2072 in
1141 2027 1405 2073 :eternum
1431 2018 1809 2075 misericordia
1828 2018 1970 2091 ejus.

2310 2018 2397 2073 46.
2426 2018 2552 2071 Ὅτι
2581 2020 2659 2082 εἰς
2679 2019 2771 2071 τὸν
2800 2017 2973 2071 αἰῶνα
3002 2017 3063 2069 τὸ
3083 2015 3228 2079 ἔλεος
3250 2016 3436 2070 αὑτοῦ.

635 2110 726 2164 47.
758 2109 826 2163 Et
852 2110 1081 2164 redemit
1104 2124 1205 2165 nos
1239 2110 1309 2163 ab
1331 2109 1568 2165 inimicis
1598 2109 1832 2167 nostris:

2314 2111 2403 2165 47.
2438 2110 2550 2165 Kal
2582 2108 2926 2182 ἐλυτρώσατο
2954 2109 3105 2179 ἡμᾶς
3128 2111 3192 2161 ὲκ
3215 2107 3321 2162 τῶν
3345 2107 3560 2179 ἐχθρῶν
3586 2108 3781 2179 ἡμῶν*

634 2199 723 2255 48.
761 2200 1030 2267 Quoniam
1068 2202 1121 2255 in
1148 2209 1412 2257 aeternum
1440 2202 1816 2259 misericordia
1855 2205 1993 2276 ejus.

2311 2200 2400 2255 48.
2430 2202 2552 2254 Ὀτι
2577 2201 2656 2263 εἰς
2688 2200 2779 2253 τὸν
2802 2199 2970 2253 αἰῶνα
2996 2198 3056 2252 τὸ
3078 2198 3226 2263 ἔλεος
3254 2197 3439 2253 αὑτοῦ.

636 2292 725 2346 49.
760 2291 863 2358 Qui
889 2292 981 2347 dat
1008 2308 1190 2347 escam
1223 2293 1372 2347 omni
1401 2292 1585 2347 carni:

2314 2293 2403 2349 49.
2442 2294 2500 2347 Ὀ
2530 2292 2705 2357 διδοὺς
2729 2294 2935 2365 τροφὴν
2965 2294 3116 2363 πάσῃ
3146 2291 3340 2362 σαρκί·

2158 463 2203 519 Α
2306 458 2393 512 50.
2421 458 2543 510 Ὅτι
2569 460 2649 521 εἰς
2677 458 2769 510 τὸν
2805 455 2979 509 αἰῶνα
3014 454 3074 508 τὸ
3104 454 3251 516 ἔλεος
3275 454 3463 507 αύτου.

2305 550 2395 604 51.
2428 549 2517 620 Τῷ
2546 547 2862 617 ὃιαγαγόντι
2894 546 2985 599 τὸν
3009 545 3135 599 λαὸν
3167 544 3330 598 αὐτοῦ
3354 546 3413 597 ὲν
3454 546 3527 615 τῇ
3560 544 3795 615 ἐρήμῳ·

2309 641 2399 696 52.
2436 643 2557 694 ’Ὀτι
2583 642 2662 703 εἰς
2693 640 2785 694 τὸν
2816 639 2987 693 αἰῶνα
3018 638 3079 693 τδ
3112 637 3259 701 ἔλεος
3282 636 3476 692 αὐτοῦ.

2305 734 2393 788 55.
2429 733 2519 804 Τῷ
2548 730 2846 797 πατάξαντι
2889 730 3127 802 βασιλεῖς
3160 731 3461 802 μεγάλουςο

2309 823 2397 879 54.
2437 825 2560 877 ’Ότι
2588 825 2669 888 εἰς
2694 823 2785 878 τὸν
2810 822 2984 876 αἰῶνα
3014 823 3080 876 τὸ
3114 822 3259 886 ἔλεος
3287 819 3475 875 αὑτοῦ.

2305 917 2395 972 55.
2429 916 2540 971 Καὶ
2561 916 2941 971 ἀποκτείναντι
2965 914 3206 985 βασιλεῖς
3236 912 3569 987 κραταιούς

2304 1006 2394 1061 56.
2433 1009 2554 1061 Ὅτι
2581 1009 2660 1071 εἰς
2682 1006 2771 1060 τὸν
2802 1005 2971 1061 αἰῶνα
3002 1005 3065 1059 τὸ
3091 1005 3237 1068 ἔλεος
3269 1002 3453 1057 αὑτοῦ.

2304 1098 2392 1153 57.
2428 1099 2531 1152 Τὸν
2563 1099 2718 1169 Σηὼν
2752 1097 2977 1169 βασιλέα
3010 1095 3118 1150 τῶν
3160 1096 3507 1167 Ἀμορραίων
3532 1108 3548 1122 ⁵

2304 1192 2395 1247 58.
2426 1193 2550 1246 Ὅτι
2578 1194 2659 1257 εἰς
2692 1193 2780 1245 τὸν
2804 1192 2979 1245 αἰῶνα
3004 1190 3064 1244 τὸ
3093 1190 3245 1253 ἔλεος
3277 1187 3461 1243 αὐτοῦ.

2310 1282 2397 1338 59.
2433 1283 2546 1336 Kal.
2568 1284 2658 1337 τὸν
2686 1285 2786 1353 ’Ὡγ
2819 1284 3045 1354 βασιλέα
3066 1284 3163 1355 τῆς
3185 1283 3364 1337 Βασάν
3383 1299 3397 1313 ·

2308 1374 2399 1429 40.
2429 1375 2555 1429 ’Ότι
2581 1375 2661 1439 εἰς
2693 1375 2785 1428 τὸν
2819 1375 2995 1429 αἰῶνα
3026 1374 3088 1428 τὸ
3114 1376 3260 1438 ἔλεος
3290 1373 3483 1429 αὑτοῦ.

2310 1468 2400 1522 41.
2438 1468 2548 1522 Καὶ
2574 1469 2717 1521 δόντι
2750 1469 2850 1539 τὴν
2883 1467 2988 1539 γῆν
3022 1467 3202 1521 αὐτῶν
3230 1465 3604 1539 κληρονομίαν
3628 1482 3648 1498 ·

2304 1558 2392 1612 42.
2419 1558 2541 1611 Ὅτι
2571 1560 2651 1621 εἰς
2680 1556 2773 1611 τὸν
2796 1558 2971 1611 αἰῶνα
2997 1557 3059 1611 τὸ
3079 1556 3229 1620 ἔλεος
3260 1555 3449 1611 αὐτοῦ.

1701 2448 2073 2507 ATHANASII
2110 2447 2691 2507 INTERPRETATIO.

571 2590 775 2640 smum,
808 2574 933 2644 quia
959 2575 1419 2645 quemadmodum
1453 2574 1509 2629 in
1548 2575 1686 2629 mari
1721 2574 2007 2630 vivescunt
2028 2574 2147 2643 ejus

2250 2590 2348 2626 σαν
2371 2571 2459 2626 διὰ
2493 2571 2649 2625 τοῦτο
2676 2571 2821 2640 λέγει
2855 2571 2916 2625 τὸ
2948 2571 3231 2643 βάπτισμα
3279 2569 3403 2622 ἐπεὶ
3431 2569 3506 2638 (l)
3553 2570 3633 2632 ὡς
3676 2571 3739 2623 ἐν
3763 2572 3829 2640 τῇ

568 2668 767 2735 pisces,
802 2666 875 2719 ita
908 2673 963 2720 et
1013 2665 1068 2719 in
1116 2664 1219 2721 hoc
1266 2666 1473 2720 mundo
1509 2673 1759 2721 natantes
1801 2663 2147 2719 viviﬁcantur

2248 2663 2488 2735 Θαλάσσῃ
2511 2662 2900 2733 ζωογονοῦνται
2937 2664 2986 2716 οἱ
3021 2662 3199 2735 ἰχθύες
3234 2663 3424 2733 αὐτῆς,
3468 2660 3611 2715 οὕτω
3656 2663 3761 2716 καὶ
3781 2664 3830 2714 οξ

571 2759 823 2813 homines
854 2758 1113 2827 baptizati
1146 2758 1199 2811 in
1229 2758 1494 2827 sanguine
1524 2755 1737 2812 Domini
1771 2756 1946 2812 nostri
1976 2754 2139 2812 Jesu:

2244 2755 2301 2811 ἐν
2324 2754 2402 2826 τῷ
2436 2756 2625 2826 κόσμῳ
2640 2755 2813 2826 τούτῳ
2843 2756 3129 2826 νηχόμενοι
3178 2753 3455 2825 ἄνθρωποι
3497 2751 3831 2815 ζωοποιοῦν-

573 2858 861 2918 propterea
879 2848 1024 2902 enim
1057 2848 1260 2903 dicitur
1285 2848 1556 2915 Rubrum,
1586 2856 1646 2903 ut
1670 2849 1897 2920 sanguis
1927 2847 2144 2903 Domini

2250 2863 2370 2911 ται,
2418 2845 2800 2917 βαπτιζόμενοι
2852 2848 2911 2897 ὲν
2937 2844 3015 2915 τῷ
3037 2844 3228 2914 αἵματι
3272 2842 3366 2895 τοῦ
3416 2843 3621 2913 Κυρίου
3670 2843 3832 2913 ἡμῶν

2255 2938 2432 3010 Ἰησοῦ
2463 2956 2475 2967 ·
2496 2938 2583 2992 διὰ
2610 2938 2719 3010 γάρ
2747 2936 2905 2990 τοῦτο
2937 2937 3151 3007 εἴρηται
3191 2932 3446 3006 Ἐρυθρὰ,
3472 2936 3559 2986 ἵνα
3585 2935 3651 2987 τὸ
3691 2930 3830 3006 αἷμα

2241 3030 2332 3084 τοῦ
2358 3030 2432 3102 (2)
2474 3030 2678 3102 Κυρίου
2709 3030 2944 3102 σημαίνῃ
2968 3030 3117 3099 ἡμῖν.

2311 3120 2399 3174 51.
2431 3120 2521 3189 Τῷ
2559 3120 2895 3191 ποιμαίνοντι
2918 3120 3009 3172 τὸν
3038 3120 3166 3173 λαὸν
3194 3118 3358 3172 αὐτοῦ
3390 3120 3449 3172 ὲν
3478 3118 3556 3189 τῷ
3577 3119 3801 3190 κόσμῳ.

2314 3211 2401 3266 55.
2441 3210 2552 3275 Τὰς
2578 3211 2754 3281 ἀρχὰς
2779 3211 2877 3263 τοῦ
2906 3210 3173 3265 διαϐόλου·

572 2940 730 2996 nobis
765 2940 1119 3011 significetur.

643 3119 734 3172 5L
763 3118 864 3183 Qui
896 3117 1162 3187 gubernat
1190 3118 1449 3187 populum
1479 3133 1639 3172 suum
1667 3120 1722 3173 in
1754 3118 1978 3173 mundo.

643 3209 734 3262 55.
760 3207 1110 3277 Principatus
1140 3208 1365 3262 diaboli.

645 3300 735 3354 55.
767 3300 832 3354 Et
862 3309 1155 3370 potestates
1182 3301 1323 3369 ejus.

2315 3300 2405 3354 55.
2434 3300 2545 3354 Καὶ
2576 3300 2676 3365 τὰς
2702 3298 2947 3364 ἐξουσίας
2970 3299 3157 3353 αὐτοῦ.

644 3393 733 3448 57.
771 3393 905 3448 Seon
929 3395 1315 3462 interpretatur
1361 3397 1580 3450 tentatio
1626 3396 1805 3449 calida
1851 3411 1949 3452 seu
2001 3397 2143 3452 vehe-

2313 3393 2399 3447 57.
2434 3392 2607 3463 Σηὼν
2634 3394 2709 3465 (5)
2735 3392 3092 3465 ἑρμηνεύεται
3132 3392 3465 3462 πειρασμὸς
3496 3391 3741 3460 θερμὸς,
3769 3391 3827 3453 ὃς

522 3537 528 3543 .
594 3502 748 3547 nens,
785 3485 963 3553 qualis
993 3494 1078 3537 est
1123 3483 1375 3537 diabolus
1409 3499 1502 3539 rex
1538 3486 1937 3541 mundanarum
1990 3488 2146 3543 volu-

2247 3484 2393 3539 ἔστιν
2424 3489 2453 3541 ὁ
2479 3486 2723 3550 διάϐολος
2747 3487 2776 3539 ὁ
2806 3485 3058 3557 βασιλεὺς
3080 3486 3189 3541 τῶν
3211 3485 3415 3558 ἡδονῶν
3446 3484 3543 3539 τοῦ
3590 3484 3827 3555 κόσμου.

579 3586 789 3648 ptatum
825 3594 838 3631 :
869 3575 1299 3629 Amorrhazorum
1351 3586 1527 3631 autem
1557 3578 1943 3650 interpretatur
1975 3596 2144 3650 aqua-

2257 3577 2611 3648 Ἀμορῤαίων
2632 3579 2688 3632 δὲ
2715 3577 3079 3652 ἑρμηνεύεται
3104 3580 3541 3649 πικραινόντων
3564 3576 3832 3639 ὑδάτων,

578 3689 695 3727 rum
723 3670 1175 3735 exacerbantium,
1207 3669 1397 3739 quales
1424 3681 1549 3724 sunt
1578 3673 1866 3727 contrariae
1911 3684 2147 3743 poteSIa-

2247 3669 2383 3743 ὅπερ
2411 3674 2549 3727 εἰσὶν
2574 3675 2629 3727 αἰ
2661 3673 2905 3728 ἐναντίαι
2932 3672 3214 3743 δυνάμεις,
3242 3673 3299 3724 αἰ
3319 3670 3708 3743 πικραίνουσαι
3731 3674 3837 3725 πᾶν·

580 3778 661 3822 tes
686 3765 1077 3821 exaeerbantes
1103 3778 1321 3818 onmem
1363 3761 1620 3817 animam.

2250 3774 2349 3815 σαν
2369 3762 2563 3834 ψυχήν.

650 3862 740 3915 59.
775 3859 855 3931 Og
888 3860 1279 3929 interpretatur
1310 3872 1629 3927 congregans
1665 3875 1683 3913 :
1732 3860 1913 3916 Basan
1966 3873 2146 3919 autem

2318 3853 2403 3908 '59.
2443 3855 2546 3923 Ὤγ·
2575 3853 2937 3925 ἑρμηνεύεται
2971 3850 3252 3920 αθροίζων
3276 3867 3290 3879 ’
3322 3850 3533 3905 Bacch-
3560 3850 3620 3904 δὲ
3645 3852 3833 3926 ἑρμη·

581 3955 970 4024 interpretatur
996 3953 1285 4023 ignominia
1315 3952 1492 4003 sicca:
1525 3961 1753 4006 mortem
1790 3954 1955 4024 igitur
1980 3956 2149 4025 signi-

2248 3947 2459 4002 νεύεται
2487 3946 2749 4015 αἰσχύνη
2799 3944 2951 4015 ξηρά
2982 3964 2995 3976 ·
3031 3945 3121 3998 τὸν
3151 3944 3379 3998 θάνατον
3419 3938 3512 3997 οὖν
3552 3943 3707 4013 λέγει
3740 3944 3835 3997 τὸν

579 4048 707 4102 ﬁcat
750 4056 1171 4118 congregantem
1218 4044 1436 4114 quidem
1473 4053 1740 4111 mortuos,
1776 4049 2145 4104 dominantem

2251 4037 2551 4106 συνάγοντα
2606 4037 2703 4108 μὲν
2749 4036 2874 4100 τοὺς
2917 4037 3180 4106 νεκροὺς,
3228 4032 3583 4104 βασιλεύοντα
3627 4030 3690 4087 δὲ
3731 4034 3835 4102 τῆς

580 4151 761 4195 autem
790 4156 886 4209 per
909 4155 1069 4210 pecca
1078 4149 1188 4193 tum
1200 4181 1212 4192 .

2248 4130 2537 4202 ἁμαρτίας.

651 4233 740 4285 41.
776 4232 842 4286 Et
864 4232 1015 4287 dedit
1048 4233 1251 4302 populo
1308 4234 1449 4288 lideli
1501 4248 1791 4304 supernam
1826 4233 2147 4302 Jerusalem,

2325 4221 2414 4276 41.
2446 4220 2556 4274 Καὶ
2576 4221 2720 4273 δόντι
2750 4220 2827 4291 τῷ
2854 4219 2968 4290 λαῷ
3000 4219 3077 4291 τῷ
3116 4217 3293 4289 πιστῷ
3323 4214 3423 4288 τὴν
3465 4216 3583 4269 ἄνω
3628 4216 3836 4288 Ἰερου-

2251 4312 2452 4384 σαλὴμ,
2509 4314 2567 4365 ἐν
2685 4307 2829 4367 οὗτοι
2877 4311 3160 4382 κατῴκουν
3192 4309 3299 4382 πρὸ
3343 4307 3440 4363 τοῦ
3497 4308 3727 4381 ῥιφῆναι
3757 4310 3832 4378 (4)

2256 4404 2363 4457 ἀπὸ
2401 4404 2493 4458 τοῦ
2526 4406 2584 4457 οὐ
2595 4404 2773 4476 ρανοῦ.

2323 4496 2409 4552 45.
2446 4498 2824 4569 κληρονομίαν
2847 4499 2958 4560 τοῖς
2980 4498 3155 4565 ἁγίοις
3179 4494 3362 4549 αὑτοῦ.

2322 4590 2404 4643 45.
2442 4591 2561 4643 Ὅτι
2607 4584 2742 4643 εἶδεν
2784 4589 2862 4659 (5)
2896 4590 3045 4660 ἡμᾶς
3083 4585 3514 4655 δεδουλωμένους
3569 4584 3675 4637 ὑπὸ
3722 4583 3833 4639 τῶν

2188 4746 2228 4801 D
2256 4682 2513 4736 ἐναντίων
2531 4682 2832 4753 δυνάμεων,
2862 4682 2955 4734 καὶ
2988 4678 3411 4751 ἐσπλαγχνίσθη,
3465 4677 3561 4730 καὶ
3600 4675 3833 4746 ἠλέησεν

2261 4775 2404 4801 Δηὲρ

2261 4775 2419 4844 ἡμᾶς

2322 4865 2407 4919 47.
2452 4867 2560 4920 Καὶ
2594 4864 2938 4937 ὲλυτρὼσατο
2980 4866 3127 4937 ἡμᾶς
3174 4862 3264 4917 διὰ
3300 4862 3395 4915 τοῦ
3426 4862 3637 4926 πάθους
3665 4862 3831 4915 αὐτοῦ

2252 4960 2314 5011 ἐκ
2341 4958 2448 5011 τῶν
2481 4959 2807 5031 ἀκαθάρτων
2830 4959 3173 5030 πνευμάτων.

2320 5052 2408 5107 49.
2445 5052 2517 5103 Τὸ
2550 5052 2649 5122 μὲν
2696 5052 2893 5104 εἰδικὸν
2935 5050 3093 5120 δῆλόν
3143 5051 3316 5113 ἐστιν,
3371 5049 3405 5118 ή
3456 5046 3515 5099 δὲ
3566 5046 3833 5119 ἑρμηνεία

584 4326 638 4380 in
671 4341 777 4395 qua
813 4325 902 4380 isti
939 4326 1259 4380 habitabant
1298 4326 1615 4397 priusquam
1656 4342 1686 4382 e
1732 4327 1870 4381 cado
1920 4330 2149 4400 projice-

582 4428 793 4473 rentur.

656 4512 745 4565 45.
775 4509 1151 4565 llaereditatem
1185 4512 1389 4566 sanctis
1416 4512 1551 4566 suis.

655 4602 744 4656 45.
779 4601 917 4667 Quia
950 4601 1086 4655 vidit
1110 4616 1208 4657 nos
1238 4603 1290 4656 in
1329 4602 1647 4657 servitutem
1678 4602 1925 4659 redactos
1960 4619 1989 4657 a
2014 4619 2147 4659 con-

582 4696 768 4751 trariis
819 4695 1200 4765 potestatibus,
1232 4693 1687 4750 ctmisericordla
1722 4705 1900 4751 motus
1949 4706 2050 4760 est,
2100 4707 2153 4751 et

583 4790 840 4845 misertus
866 4796 948 4843 est
982 4788 1177 4843 nostri.

654 4881 743 4935 47.
773 4879 837 4933 Et
892 4881 1121 4935 redemit
1172 4895 1272 4935 nos
1317 4882 1576 4951 passione
1625 4897 1724 4937 sua
1757 4883 1824 4936 ah
1858 4883 2153 4938 immundis

581 4973 888 5044 spiritibus.

653 5066 740 5120 49.
780 5064 986 5120 Sensus
1031 5066 1248 5135 quidem
1273 5068 1526 5138 praprius
1559 5068 1882 5123 manifestus
1915 5078 2015 5135 est,
2070 5067 2151 5120 in-

586 5158 897 5229 terpretatio
954 5168 1134 5213 autem
1197 5159 1486 5231 allegorica
1536 5162 1823 5216 verborum
1866 5160 2150 5231 Prophetze.

2246 5144 2340 5197 τοῦ
2370 5144 2443 5216 (6)
2481 5146 2767 5218 Προφήτου
2804 5143 2961 5199 τοῦτο
3018 5144 3210 5216 δηλοῖ·
3276 5144 3305 5195 ὁ
3340 5140 3533 5194 ἑαυτὸν
3576 5140 3833 5211 παρέχων

584 5255 689 5309 hoc
710 5253 1012 5323 signiﬁcat:
1043 5254 1135 5324 qui
1170 5256 1628 5325 prmbetseipsum
1671 5256 1852 5311 cibum
1898 5255 1949 5308 in
1989 5255 2149 5308 vitam

2261 5238 2432 5309 τροφὴ
2491 5240 2571 5302 εἰς
2599 5238 2742 5309 ζωὴν
2768 5237 2984 5292 αἰώνιον
3020 5237 3180 5291 παντὶ
3207 5233 3480 5307 ἀνθρώπῳ
3497 5234 3830 5307 βουλομένῳ.

581 5356 839 5403 aeternam
868 5347 1015 5401 omni
1055 5348 1260 5401 homini
1290 5349 1511 5403 volenti.

1532 5468 1835 5530 Addenda
1870 5478 1928 5530 et
1966 5474 2337 5552 corrigenda
2376 5494 2451 5536 ex
2481 5476 2618 5535 cod.
2659 5475 2857 5534 \‘atic.

2329 5580 2397 5647 (ί)
2435 5578 2688 5647 Ῥιᾳῶσιν
2715 5579 2809 5630 ἀπ’
2844 5575 3105 5647 οὐρανῶν.

2323 5660 2335 5707 (
2347 5646 2398 5705 εἰ)
2432 5646 2599 5703 Εἶδεν.

2324 5724 2396 5785 (ti)
2425 5722 2531 5793 Τῆς
2566 5718 2915 5796 προφητείας.

655 5568 1002 5641 ῌ)Ἐπεῶή.

757 5641 861 5715 ’[ού
903 5640 1075 5711 Ἰησοῦ
1098 5645 1309 5715 σημάνῃ
1329 5648 1479 5713 ἡμῖν.

653 5710 731 5790 (3)
768 5712 921 5790 ξιιῦν,
946 5710 1056 5790 ῥίς.
1111 5710 1239 5782 (leg.
1283 5710 1474 5790 ’Σῄὼη
1506 5718 1639 5790 ὅπερ
1697 5718 1926 5790 ὑπάρχει
1967 5724 1991 5773 ό
2030 5722 2132 5775 διὰ-

584 5780 737 5845 σδλος
768 5785 793 5834 ό
819 5780 1133 5850 βασεὶηεύωνμ
1164 5792 1245 5837 etc
1277 5830 1289 5853 ,
1320 5780 1465 5856 ἆπερ
1500 5780 1650 5849 εἰσίν,
1677 5801 1779 5842 ele.
