4036 6438
167 384 316 445 1275

249 510 339 565 50.
372 512 596 576 Ὀτιδέῑς
622 511 712 565 τὸν
744 510 913 564 αἰῶνα
932 512 991 564 τὸ
1015 512 1160 578 ἔλεος
1183 514 1360 569 αὐτοῦ.

250 602 337 657 51.
384 602 811 673 Ἐξομολογεῖσθε
839 603 915 673 τῷ
935 604 1052 675 Θεῷ
1080 606 1171 660 τοῦ
1197 608 1424 679 οὐρανοῦ
1444 624 1457 636 ’

249 693 339 748 52.
366 693 487 748 ’Ότι
518 694 598 757 εἰς
634 694 723 747 τὸν
762 694 932 749 αἰῶνα
961 696 1023 749 τὸ
1042 696 1188 761 ἔλεος
1209 699 1389 751 αὐτοῦ.

243 785 483 854 Ψαλμός
520 783 599 851 τῷ
630 784 805 839 Δαόὶό
834 784 932 838 διὰ
966 786 1256 855 Ἱερεμίου.
1298 792 1465 843 ΨΑΛ.
1506 793 1653 857 ΡΛυ,
1689 830 1701 843 .

244 876 297 929 Ι.
342 876 460 929 Ἐπὶ
484 874 589 930 τῶν
614 876 867 947 ποταμῶν
888 876 1221 942 Βαὸυλῶνος,

240 965 295 1019 2.
338 968 481 1019 Ἐκεῖ
508 967 837 1037 ἐκαθίσαμέν
867 970 957 1023 καὶ
986 970 1350 1040 ἐκλαύσαμεν.

240 1061 295 1114 5.
336 1062 422 1113 Ἐν
459 1059 534 1131 τῷ
570 1061 871 1131 μνησθῆναι
901 1065 1045 1134 ἡμᾶς
1076 1065 1175 1134 τῆς
1204 1063 1338 1116 Σιών
1370 1062 1490 1133 [τὴν
1518 1061 1696 1135 Σιών].

240 1151 293 1203 4.
341 1152 459 1203 Ἐπὶ
490 1156 608 1215 ταῖς
644 1153 828 1217 ὶτέαις,
859 1155 916 1206 ἐν
950 1156 1097 1225 μέσῳ
1138 1156 1304 1227 αὐτῆς
1345 1155 1724 1227 ἐκρεμάσαμεν

155 1242 235 1295 τὰ
256 1242 460 1311 ὄργανα
480 1242 655 1311 ἡμῶν.

242 1332 293 1385 5.
324 1334 443 1385 Ὅτι
465 1336 579 1387 ἐκεῖ
609 1335 966 1407 ἐπηρώτησαν
992 1339 1141 1409 ἡμᾶς
1166 1338 1215 1389 οἱ
1250 1336 1725 1408 αξχμαλωτεύσαν-

154 1442 256 1488 τες
290 1427 452 1496 ἡμᾶς,
491 1426 682 1495 λόγους
709 1428 886 1496 ᾠδῶν·

233 1518 288 1573 6,
321 1518 423 1573 Καὶ
446 1522 495 1573 οἱ
514 1521 889 1589 ἀπαγαγόντες
912 1523 1076 1593 ἡμᾶς,
1108 1522 1305 1593 ὖμνον⁴

237 1610 293 1663 ’7.
329 1611 527 1682 ’ᾼσατε
560 1613 688 1682 ἡμῖν
722 1614 786 1665 ἐκ
810 1612 917 1666 τῶν
947 1614 1098 1684 ᾠδῶν
1131 1614 1281 1669 Σιών.

234 1702 291 1757 8.
319 1704 439 1767 Πῶς
456 1704 673 1775 ᾄσωμεν
688 1704 785 1777 τὴν
802 1705 943 1777 ᾠδὴν
955 1705 1151 1779 Κυρίου
1173 1706 1267 1761 ἐπὶ
1292 1705 1397 1777 γῆς
1411 1704 1692 1778 ἀλλοτρίας
1710 1724 1723 1773 ;

1008 392 1097 449 DE
1135 395 1409 453 TlTULlS
1446 397 1982 457 PSALMORUM.—
2018 398 2212 455 PSAL.
2250 398 2534 457 CXXXVI.

3251 405 3391 463 1974

1754 520 1799 577 Α
1896 517 1985 573 50.
2018 517 2284 583 Quoniam
2314 518 2367 571 in
2400 528 2660 571 aeternum
2692 516 3063 573 misericordia
3093 516 3235 587 ejus.

1895 610 1983 663 51.
2018 608 2360 663 Conﬁtemini
2391 608 2501 663 Deo
2539 610 2682 666 caeli.

1896 700 1984 754 52.
2024 700 2290 764 Quoniam
2336 701 2386 753 in
2419 710 2678 755 aeternum
2717 700 3082 755 misericordia
3114 702 3251 769 ejus.

1962 787 2207 843 Psalmus
2242 790 2409 843 David
2443 789 2709 845 Jeremiw.
2740 788 2941 846 PSAL.
2970 791 3171 846 CXXX
3190 791 3281 848 Vl.

1899 883 1950 935 1.
1990 880 2162 939 Super
2190 882 2411 937 ﬂumina
2441 883 2733 955 Babylonis
2754 923 2772 950 ,

1897 976 1949 1028 ‘2.
1982 974 2095 1029 Illic
2127 975 2368 1031 sedimus
2397 986 2450 1031 et
2479 976 2726 1033 ﬂevnmus
2747 1020 2761 1042 ,

1898 1067 1947 1119 5.
1979 1066 2113 1121 Cum
2136 1069 2545 1123 recordaremur
2577 1069 2728 1125 Sion.

1903 1159 1946 1211 1.
1982 1159 2035 1211 In
2070 1160 2360 1223 salicibus,
2414 1160 2465 1213 in
2530 1162 2703 1215 medio
2747 1162 2864 1231 ejus
2897 1164 3278 1233 snspendimus
3303 1180 3392 1219 or—

1829 1267 1962 1321 gana
1990 1261 2193 1305 nostra.

1894 1342 1945 1396 5.
1980 1343 2115 1408 Quia
2160 1344 2268 1401 illic
2316 1345 2789 1418 interrogaverunt
2832 1364 2968 1412 nos,
3012 1350 3103 1420 qui
3154 1350 3391 1419 captivos

1826 1432 2095 1489 duxerunt
2121 1452 2242 1501 nos,
2272 1438 2433 1492 verba
2458 1440 2772 1493 cantionum
2795 1477 2811 1502 ,

1898 1521 1949 1572 6.
1976 1519 2041 1572 Et
2070 1521 2159 1581 ani
2190 1520 2531 1576 abduxerunt
2560 1539 2695 1586 nos,
2738 1524 2994 1592 hymnum
3027 1542 3039 1577 :

1898 1610 1948 1661 7.
1992 1610 2217 1663 Cantate
2246 1612 2401 1666 nobis
2425 1613 2491 1666 de
2523 1614 2753 1669 canticis
2790 1614 2940 1667 Sion.

1897 1700 1950 1753 8.
1990 1700 2273 1765 Quomodo
2341 1705 2682 1761 cantabimus
2737 1706 3009 1760 canticum
3067 1704 3279 1760 Domini
3336 1705 3391 1762 in

1830 1800 1969 1845 terra
1998 1793 2211 1845 aliena?

1268 1903 1641 1961 ATHANASII
1679 1903 2249 1959 INTERPRETATIO.

234 1999 325 2063 51,
353 2000 439 2054 52.
468 2001 724 2066 Δοξάζετε
753 2001 841 2056 τὸν
860 2002 992 2056 Θεὸν
1013 2000 1110 2058 τοῦ
1128 2004 1289 2075 χοροῦ
1320 2004 1399 2076 [οἱ
1416 2003 1594 2075 χοροὶ]
1619 2002 1723 2056 τῶν
1757 2006 1787 2064 Ε

1900 2004 1987 2064 51,
2014 2004 2099 2056 52.
2134 2003 2440 2058 Glorificate
2469 2003 2659 2067 Deum,
2704 2003 2857 2059 chori
2898 2014 3230 2067 sanctorum,
3268 2018 3389 2056 nar-

145 2089 351 2157 ἁγὶων,
397 2091 739 2163 διηγούμενοι
764 2094 830 2147 τά
864 2095 939 2164 (1)
988 2095 1372 2166 προλεχθέντα,
1402 2096 1482 2148 ὃτι
1511 2093 1727 2147 ἀτελεύ-

1832 2106 2013 2148 rantes
2041 2111 2162 2164 qua:
2189 2107 2311 2149 ante
2337 2096 2479 2150 dicta
2512 2105 2677 2158 sunt,
2716 2096 2972 2165 quoniam
3006 2095 3121 2149 sine
3159 2095 3261 2148 ﬁne
3291 2094 3386 2146 nii-

144 2199 321 2254 τητον
352 2184 412 2236 τὸ
441 2184 585 2248 ἔλεος
615 2184 801 2239 αὑτοῦ.

1827 2186 2115 2239 scricordia
2150 2188 2285 2255 ejus.

245 2279 311 2331 Ἡ
343 2281 679 2352 προκειμένη
699 2282 975 2353 ἐπιγραφὴ
1004 2282 1246 2355 περιέχει
1269 2281 1344 2353 (2)
1370 2299 1385 2313 ο
1420 2280 1503 2347 Τῷ
1531 2281 1708 2335 Δαϐὶὸ
1734 2280 1831 2334 διὰ
1862 2280 2164 2349 Ἰερεμίου,
2199 2281 2598 2349 ἀνεπίγραφος
2620 2286 2752 2347 παρ’
2787 2281 3095 2347 Ἑϐραίοις.
3125 2279 3270 2348 Α’ύτη
3298 2274 3389 2332 οὖν

143 2376 186 2444 ἡ
214 2374 479 2445 ἑρμηνεία
510 2374 603 2429 τοῦ
637 2379 1074 2449 επιγράμματος,
1109 2378 1189 2445 τῷ
1238 2377 1418 2442 ἱκανῷ
1450 2377 1525 2445 τῇ
1549 2376 1717 2445 χειρὶ,
1748 2376 1823 2444 τῷ
1855 2375 1967 2446 Υἱῴ
2004 2376 2096 2428 τοῦ
2155 2375 2311 2441 Θεοῦ,
2359 2375 2632 2428 τουτέστιν
2664 2374 3097 2443 ἐξομολόγησις
3143 2372 3240 2426 διὰ
3285 2371 3390 2425 τοῦ

137 2470 574 2538 βαπτίσματος
611 2471 729 2525 τῶν
762 2473 1060 2542 προτέρων
1084 2473 1359 2543 πονηρῶν
1381 2471 1673 2541 πράξεων.
1712 2469 1880 2522 Τοῦτο
1915 2470 2021 2539 γὰρ
2050 2471 2407 2540 ἑρμηνεύεται
2437 2470 2496 2522 τὸ
2521 2469 2618 2521 διὰ
2658 2468 2949 2536 Ἰερεμίου,
2970 2466 3181 2537 παροχὴ
3202 2466 3389 2526 ὕδατος

136 2563 352 2636 ᾠσανεὶ
378 2563 438 2615 τὸ
462 2564 761 2637 βάπτισμα,
795 2568 886 2620 καὶ
926 2568 1111 2639 μνήμη
1150 2567 1259 2620 τῶν
1302 2564 1754 2638 προσερχομένων
1782 2563 1859 2633 τῷ
1891 2563 2197 2632 φωτίσματι
2240 2562 2537 2624 Ἰουδαίων,
2582 2562 2698 2622 πῶς
2737 2561 2791 2612 αἱ
2843 2561 3081 2612 ἐναντίαι
3132 2558 3386 2630 δυνάμεις

138 2651 463 2722 ἠνάγκαζον
493 2658 686 2721 αὐτοὺς
712 2658 993 2729 λατρεύειν
1019 2662 1228 2722 αὑταῖς.
1263 2659 1337 2710 Τὸ
1366 2658 1442 2722 δὲ,
1470 2658 1870 2726 ἀνεπίγραφος
1895 2656 2030 2722 παρ’
2070 2655 2371 2722 Ἑϐραίοις,
2397 2653 2757 2725 ἀπρόσδεκτος
2773 2652 2917 2721 λέγει
2957 2655 3069 2715 τοῖς
3100 2652 3382 2706 ἀπειθοῦσι

153 2750 463 2816 Ἰουδαίοις·
494 2755 555 2807 ού
584 2754 899 2825 προείλαντο
932 2755 1039 2830 γὰρ
1068 2757 1127 2808 τὸ
1162 2756 1441 2825 βάπτισμα
1474 2756 1565 2807 τοῦ
1598 2752 1852 2825 Χριστοῦ.

224 2845 443 2902 Titulus
490 2849 812 2918 praepositus
857 2851 1139 2904 continet:
1168 2849 1335 2903 David
1373 2865 1463 2918 per
1510 2847 1819 2912 Jeremiam,
1854 2846 1965 2897 sine
2000 2846 2154 2898 titulo
2187 2846 2326 2913 apud
2363 2844 2630 2898 Hebr-tros.
2684 2843 3059 2912 lnscriptionis
3089 2849 3269 2894 autem
3301 2840 3387 2893 in-

141 2938 473 3006 terpretatio
508 2939 630 2995 talis
662 2951 745 2996 est
783 2960 796 2995 :
835 2960 994 2996 manu
1021 2944 1172 3013 forti,
1206 2960 1399 3013 nempe
1429 2942 1525 2997 Dei
1555 2942 1716 3007 Filio,
1747 2941 2005 3006 confessio
2034 2957 2124 3007 per
2168 2942 2483 3009 baptismum
2518 2942 2753 3009 priorum
2804 2943 3065 2990 maturant
3097 2939 3387 2999 actionum,

140 3028 227 3082 Ita
260 3030 405 3083 enim
458 3030 839 3101 interpretatur
888 3034 1018 3087 illud
1073 3051 1164 3103 per
1210 3034 1495 3087 Jeremiam
1526 3034 1771 3103 praebitio
1801 3048 1973 3101 aquae,
2010 3032 2264 3085 nimirum
2306 3032 2626 3101 baptismus,
2670 3040 2722 3085 et
2752 3030 3054 3085 recordatio
3080 3028 3388 3084 Judaaorum

139 3118 553 3177 advenientium
604 3123 670 3176 ad
724 3124 1197 3191 illuminationem,
1229 3123 1505 3195 quomodo
1537 3125 1821 3181 contraria!
1852 3131 2146 3191 potestates
2177 3124 2440 3191 cogebant
2490 3139 2584 3178 eos
2636 3124 2783 3193 ipsas
2812 3123 3007 3177 colere.
3048 3123 3181 3178 illud
3208 3130 3389 3176 autem

137 3215 261 3274 sine
288 3213 442 3267 titulo
475 3213 615 3283 apud
647 3212 899 3269 Hebraros
930 3216 1199 3286 signiﬁcat
1236 3228 1508 3285 receptum
1565 3232 1670 3270 non
1721 3213 1891 3267 fuisse
1944 3212 2012 3265 ab
2062 3212 2354 3265 incredulis
2403 3211 2645 3279 iudicis;
2684 3226 2793 3266 non
2825 3212 2969 3267 enim
3005 3213 3387 3285 praeelegerunt

134 3306 477 3377 baptismum
502 3304 722 3361 Christi.

222 3421 249 3474 1
263 3460 277 3473 .
308 3422 383 3491 (a)
413 3421 514 3474 Ἐν
533 3421 659 3487 ταῖς
674 3423 1007 3492 ἐπιθυμίαις
1028 3426 1135 3492 τῆς
1156 3428 1531 3495 συγχύσεως.
1548 3428 1715 3480 Τοῦτο
1741 3428 1783 3485 C

1889 3421 1941 3476 1.
1975 3419 2043 3472 1η
2078 3420 2508 3487 concupiscentiis
2537 3421 2859 3488 confusionis
2891 3436 2908 3473 :
2944 3423 3013 3475 ita
3048 3424 3191 3476 enim
3222 3425 3364 3479 inter

140 3512 262 3580 γάρ
293 3509 651 3581 ἑρμηνεύεται
687 3512 1063 3579 Βαϐυλῶνος,
1092 3517 1150 3567 ἐν
1182 3510 1267 3578 αἷς
1301 3516 1713 3586 ἐδελεάσθημεν,

140 3604 244 3658 καὶ
275 3601 674 3672 ἐξεκλύσοημεν
700 3604 800 3673 (5),
832 3605 1305 3677 ἐναπομείναντες.

216 3691 274 3756 Ξ,
306 3692 359 3746 5.
406 3692 552 3743 Ἐκεῖ
584 3691 930 3764 ἐκλαύσαμεν
979 3695 1306 3766 μνησθέντες
1354 3698 1450 3766 τῆς
1498 3697 1714 3767 ἐντολῆς

136 3780 241 3835 τοῦ
271 3781 426 3835 Θεοῦ.
464 3780 614 3835 Σιὼν
647 3782 755 3854 γὰρ
782 3785 1139 3856 ἑρμηνεύεται
1163 3786 1403 3854 ἐντολή.

218 3876 275 3930 4.
323 3875 387 3927 Ἠ
432 3874 549 3927 ἰτέα
582 3875 770 3947 τέρψιν
797 3878 893 3947 μὲν
918 3878 1030 3947 ἔχει
1057 3878 1150 3931 τοῦ
1192 3865 1345 3945 ἷδείν,
1386 3879 1632 3952 ἄκαρπον
1659 3879 1716 3932 δὲ

140 3966 365 4038 δένδρον
411 3966 663 4039 ὑπάρχει.
717 3968 885 4021 Τοῦτο
911 3966 1001 4023 οὖν
1034 3970 1180 4038 λέγει
1216 3971 1311 4041 (4),
1363 3972 1444 4023 ὃτι
1491 3975 1548 4025 ἐν
1599 3976 1717 4036 ταῖς

141 4059 389 4123 ἀπάταις
436 4060 529 4113 καὶ
565 4062 882 4131 ματαιότητι
928 4061 1021 4115 τοῦ
1069 4062 1186 4133 βίου
1236 4065 1620 4135 ἀπεκρέμαντο
1650 4067 1715 4135 τῇ

140 4152 417 4225 ἐπιθυμίᾳ
465 4155 533 4207 τὰ
593 4154 728 4225 μέλη
763 4156 918 4227 ἡμῶν
947 4158 1004 4209 ἐν
1058 4159 1207 4229 μέσῳ
1248 4158 1347 4227 τῆς
1384 4160 1712 4229 συγχύσεως,

136 4247 399 4300 τουτέστι
426 4248 525 4318 τῆς
553 4248 843 4321 ἁμαρτίας.

216 4340 333 4395 5-7.
368 4340 491 4392 Ὀτι
516 4342 651 4404 ἐκεῖ,
702 4345 758 4395 ἐν
807 4347 872 4414 τῇ
909 4344 1166 4415 συγχύσει
1216 4346 1384 4400 ὄντων
1436 4346 1589 4418 ἡμῶν
1615 4346 1715 4416 τῆς

138 4429 442 4500 ἁμαρτίας,
468 4430 652 4485 λοιπὸν
676 4432 768 4485 καὶ
792 4434 1015 4501 ἠπάτων
1036 4437 1183 4505 ἡμᾶς
1214 4440 1267 4490 αἱ
1297 4438 1531 4493 ἐναντίαι
1556 4438 1714 4494 δυνά-

143 4536 275 4589 μεις
298 4519 842 4589 αἱχμαλωτεύσασθαι
870 4523 946 4593 (5)
973 4526 1120 4595 ἡμᾶς
1152 4525 1245 4578 τοῦ
1285 4527 1588 4600 λατρεύειν,
1622 4531 1714 4583 καὶ¹

142 4609 405 4664 σέῦεσθαι
436 4610 623 4675 αὑτὰς,
649 4612 743 4665 καὶ
763 4612 941 4681 λέγειν
972 4616 1100 4685 ἡμῖν
1122 4635 1134 4647 ·
1168 4616 1439 4682 Δοξάσατε
1464 4622 1611 4690 ἡμᾶς
1640 4622 1714 4686 ὼς

136 4701 236 4754 τὸν
270 4701 401 4755 Θεὸν
419 4702 511 4756 τοῦ
539 4704 789 4773 οὐρανοῦ.
815 4706 887 4759 Τὸ
907 4707 1014 4778 γάρ
1046 4708 1197 4762 Σιὼν
1228 4710 1387 4764 πάλιν
1415 4712 1714 4785 ἑρμηνεύεο

139 4812 233 4849 ται
266 4797 446 4861 τόπος
475 4797 627 4851 ὅπου
650 4799 688 4865 ὴ
718 4800 938 4868 σκηνὴ,
963 4801 1159 4855 ὡσανεὶ
1187 4804 1214 4856 ὁ
1249 4805 1494 4875 οὐρανός.

218 4970 273 5026 8.
318 4972 507 5042 Ἡμεῖς
536 4972 591 5025 δὲ
616 4974 749 5045 πρὸς
769 4976 866 5039 τὰς
888 4975 1133 5039 ἐναντίας
1153 4977 1410 5047 δυνάμεις
1432 4978 1705 5050 ἐλέγομεν

140 5063 271 5128 Πῶς
292 5064 418 5135 ύμῖν
446 5064 830 5138 λατρεύσωμεν
855 5070 966 5131 τοῖς
993 5068 1209 5139 δαίμοσι
1241 5073 1351 5133 τοῖς
1399 5071 1605 5143 γηίνοις
1632 5072 1708 5143 (6)

140 5159 257 5220 τοῖς
280 5155 576 5228 ἀλλοτρίοις
596 5175 610 5222 ;

1817 3519 2061 3581 pretatur
2088 3526 2241 3578 super
2269 3510 2491 3578 ﬂumina
2508 3510 2821 3580 Babylonis,
2841 3511 2897 3565 in
2918 3513 3119 3583 quibus
3138 3515 3384 3585 inescati,

1816 3610 1870 3657 et
1899 3602 2169 3657 submersi
2200 3616 2392 3654 sumus
2417 3610 2829 3670 permanentes;

1882 3694 1937 3759 2,
1972 3696 2026 3748 5.
2064 3694 2173 3747 Illic
2209 3693 2454 3747 ﬂevimus
2502 3695 2767 3747 recordati
2803 3695 3042 3748 mandati
3073 3694 3166 3749 Dei
3205 3715 3218 3750 :
3257 3696 3385 3751 Sion

1816 3787 1960 3841 enim
1998 3787 2385 3855 interpretatur
2418 3784 2745 3838 mandatum.
3056 3850 3057 3853 η

1887 3877 1939 3931 ι.
1980 3876 2126 3931 Salix
2159 3886 2378 3946 aspectu
2411 3876 2628 3946 quidem
2665 3876 3029 3943 delectabilis,
3074 3878 3167 3932 sed
3220 3878 3382 3935 arbor

1817 3965 2152 4021 infructil‘era
2200 3977 2302 4021 est.
2340 3966 2454 4021 Hoc
2492 3967 2654 4038 igitur
2681 3969 2968 4037 signiﬁcat,
3008 3969 3155 4038 quod
3195 3969 3249 4024 in
3284 3969 3381 4025 de-

1815 4060 2151 4131 ceptionibus
2175 4069 2227 4113 et
2258 4060 2589 4114 vanitatibus
2644 4062 2766 4113 vita:
2789 4061 2858 4115 ob
2885 4062 3382 4131 concupiscentiam

1816 4167 2079 4221 suspensa
2112 4150 2332 4205 fuerunt
2366 4152 2604 4205 membra
2636 4161 2817 4205 nostra
2863 4152 2917 4205 in
2972 4152 3150 4207 medio
3191 4153 3381 4208 confu-

1816 4246 2008 4311 sionis,
2030 4246 2135 4302 hoc
2162 4255 2245 4300 est
2276 4246 2501 4314 peccati.

1888 4337 2001 4392 5-7.
2054 4336 2317 4403 Quoniam
2350 4337 2495 4399 illic,
2552 4336 2678 4389 dum
2726 4337 2779 4389 in
2820 4337 3141 4391 confusione
3176 4347 3381 4406 peccatt

1814 4443 2083 4490 essemus,
2123 4430 2341 4483 demum
2389 4430 2551 4481 etiam
2605 4443 2703 4481 nos
2749 4429 3383 4496 deccperuntcontraria‘.

1816 4529 2111 4590 potestates
2157 4522 2452 4590 redigendo
2503 4536 2603 4576 nos
2656 4521 2708 4573 in
2765 4521 3125 4590 captivitatem
3176 4522 3241 4576 ad
3288 4539 3381 4577 co-

1814 4613 2029 4668 lendum
2097 4624 2151 4669 et
2233 4616 2567 4669 adorandum
2634 4630 2763 4681 eas,
2838 4631 2901 4669 ac
2980 4615 3208 4671 dicendo
3282 4632 3381 4671 no-

1814 4707 1896 4761 bis
1934 4726 1946 4761 :
1984 4706 2290 4763 Glorilicate
2339 4724 2440 4762 nos
2496 4709 2637 4763 sicut
2686 4705 2854 4761 Deum
2905 4707 3047 4762 cmli.
3080 4704 3210 4760 Nam
3250 4704 3378 4760 Sion

1744 4785 1791 4843 υ
1817 4802 1979 4854 etiam
2022 4801 2405 4871 interpretatur
2434 4802 2575 4856 locus
2614 4802 2702 4854 ubi
2730 4800 3154 4867 tabernaculum,
3190 4799 3379 4853 videli-

1818 4903 1900 4948 cet
1937 4895 2154 4949 cwlum.

1882 4983 1933 5037 8.
1968 4981 2078 5039 Nos
2112 4994 2293 5038 autem
2346 4986 2638 5041 contrariis
2687 4983 3044 5055 potestatibus
3095 4983 3328 5038 diximus
3357 5023 3370 5036 .

1813 5073 2095 5139 Quomodo
2116 5090 2212 5130 vos
2233 5075 2497 5142 colemus,
2519 5077 2611 5147 qui
2635 5078 2767 5132 estis
2793 5076 3067 5131 daemones
3092 5083 3375 5131 terrestres

1816 5167 2015 5221 alieni?

1095 5271 1399 5333 Addenda
1433 5281 1491 5332 et
1516 5274 1887 5353 corrigenda
1938 5295 2014 5338 ex
2055 5280 2194 5340 cod.
2230 5281 2428 5341 Vatic.

178 5370 293 5493 ι(1)
315 5371 498 5425 Ταῦτα
519 5372 586 5425 τά
630 5372 1012 5443 προλεχθέντα,
1045 5374 1125 5426 ὅτι
1150 5374 1500 5444 ἀτελεύτητον
1543 5376 1707 5440 ἐστιν,

202 5457 253 5493 c.

144 5457 253 5497 CIC.

219 5509 297 5653 ἓξ)
337 5512 400 5566 Ἥ
430 5512 517 5566 διά
560 5513 658 5582 τῆς
701 5514 1069 5584 κινναϐάρεως
1121 5515 1399 5584 περιέχει·
1434 5514 1522 5584 Τῷ
1550 5516 1711 5568 Δαὸὶδ
1806 5509 1911 5573 etc;

278 5583 387 5647 διά,
424 5590 528 5637 etc.
568 5582 670 5637 Καὶ
696 5584 882 5653 μνήμη
905 5585 1012 5638 τῶν
1039 5586 1471 5653 προερχομένων.
1496 5593 1599 5639 etc.
1639 5587 1710 5637 Τὸ
1878 5590 1911 5653 (Ξ

145 5601 191 5651 (χ)

200 5582 261 5662 ξὴ
278 5583 387 5667 διά,
424 5590 544 5667 etc‘.‘
568 5582 670 5637 Kal.
696 5584 799 5667 μνῄ
809 5602 882 5654 μη
905 5582 1471 5667 τ’ῶνιπροερχομένων.
1496 5582 1599 5639 etc.
1639 5587 1710 5637 Τὸ

146 5655 287 5727 πῶς,
316 5664 421 5727 et_c.
480 5655 553 5707 Οὐ
590 5656 925 5725 προσήλαντο
976 5656 1083 5726 γὰρ
1128 5655 1203 5727 τῷ

1253 5656 1583 5726 βαπτίσματι
1616 5674 1706 5709 του

148 5725 188 5774 Χ
200 5723 405 5789 ριστοῦ.

1986 5379 2087 5432 Καὶ
2116 5378 2531 5451 ἐξεκλύσθημεν,
2560 5381 2730 5437 deest.

1878 5448 1951 5519 (4)
1985 5451 2167 5519 Λέγει,
2202 5452 2276 5515 ὡς
2306 5448 2525 5521 νομίζω,
2565 5454 2666 5518 ὃτι,
2702 5460 2809 5508 etc.
2847 5450 2951 5506 Τοῦ
2996 5451 3110 5523 βίου
3139 5448 3371 5519 τούτου,

1878 5588 1954 5729 (ὄζ
1981 5592 2519 5662 Αἱχμαλωτεύσασαι.

1878 5661 1929 5726 (6
1986 5663 2108 5725 Τοῖς
2135 5663 2339 5729 γηίνοις
2367 5662 2513 5718 dccst

1877 5661 1950 5729 (6)
1986 5661 2108 5725 Τοῖς
2135 5663 2339 5735 γηίνοις
2367 5662 2531 5718 (lccst.

221 5816 297 5890 (a)
321 5815 385 5871 N.
419 5818 469 5881 1,
500 5817 553 5883 9.,
586 5819 635 5872 5.
675 5817 876 5875 l‘uicus
912 5831 1199 5876 comment.
1239 5819 1297 5873 Et
1330 5825 1581 5883 sut'ntersi
1607 5837 1787 5876 sumus
1824 5820 1990 5878 deest.
