4036 6428
649 375 786 433 1275

1525 375 1580 432 S.
1624 373 1991 430 ATHA‘NAS“
2025 371 2173 427 OPP.
2209 368 2387 426 PARS
2425 367 2511 424 ΙΙΙ.
2534 398 2605 409 —
2646 367 3053 425 EXEGETICA.

3756 371 3771 422 l
3787 376 3878 429 276

714 494 767 548 9.
802 490 861 546 Si
893 491 1092 546 oblitus
1131 490 1279 545 fuero
1313 490 1410 555 tui,
1468 489 1791 556 Jerusalem,
1822 488 2079 544 oblivioni
2107 486 2202 541 de-
2234 494 2254 547 Δ

2373 484 2425 538 9.
2471 483 2594 537 Ἐὰν
2627 481 2968 551 ἐπιλάθωμαι
2992 501 3104 549 σου,
3148 485 3518 556 Ἰερουσαλὴμ,
3559 489 3876 564 ὲπιλησθείη

643 594 732 638 tur
758 583 980 637 dextera
1009 597 1148 636 mea.

717 671 802 726 10.
840 672 1122 726 Adhaereat
1155 673 1337 742 lingua
1376 686 1492 726 mea
1531 670 1780 726 lancibus
1819 671 1990 734 meis,
2020 670 2064 725 si
2098 685 2205 723 non

645 763 945 816 meminero
975 763 1074 817 tui.

718 847 801 899 11.
846 843 903 900 Si
952 861 1060 900 non
1125 861 1462 915 proposuero
1501 849 1801 903 .erusalem
1843 847 1894 900 in
1942 846 2204 916 principio

646 935 840 990 laetitia:
871 950 1023 989 mere.

748 1026 804 1080 ἓ.
841 1025 1042 1080 Memor
1072 1036 1219 1086 esto.
1261 1028 1483 1084 Domine
1546 1027 1779 1084 ﬁliorum
1811 1027 2000 1093 Edom,
2032 1029 2086 1082 in
2118 1029 2204 1084 die

639 1113 966 1171 Jerusalem.

715 1206 802 1260 15.
833 1205 938 1271 Qui
968 1208 1191 1264 dicunt:
1220 1209 1531 1276 Exinanite,
1583 1212 1857 1268 exinanito
1906 1226 2081 1283 usque
2136 1214 2203 1267 ad

643 1294 1050 1353 fundamentum
1078 1301 1218 1369 ejus.

714 1385 799 1441 14.
838 1387 969 1443 Filia
1009 1389 1299 1462 Babylonis
1335 1393 1528 1447 misera
1563 1413 1575 1446 :

721 1476 802 1531 15.
829 1477 1047 1544 Beatus,
1072 1481 1163 1550 qui
1195 1483 1453 1538 retribuet
1475 1485 1570 1539 tibi
1599 1486 2007 1542 retributionem
2032 1497 2198 1548 tuam.

642 1582 806 1636 quam
833 1571 1128 1626 retribuisti
1160 1575 1335 1629 nobis.

715 1656 800 1712 16.
833 1658 1064 1731 Beatus,
1091 1665 1182 1732 qui
1215 1667 1419 1720 tenebit
1487 1678 1541 1721 et
1573 1668 1755 1724 allidet
1796 1673 2049 1739 parvulos
2082 1682 2201 1726 tuos

639 1750 704 1803 ad
737 1762 965 1821 petram.

887 1841 1132 1900 Psalmus
1165 1845 1354 1901 David.
1395 1847 1596 1903 PSAL.
1629 1851 1974 1907 CXXXVII.

716 1932 763 1987 1.
794 1933 1105 1992 Conﬁtebor
1133 1941 1247 2005 tibi,
1283 1941 1530 2008 Domine,
1561 1944 1613 1997 in
1645 1954 1755 1998 toto
1777 1946 1936 1998 corde
1963 1962 2084 1999 meo
2111 1967 2120 2000 :

2367 574 2514 640 δεξιά
2537 590 2657 644 μου.

2371 579 2514 626 ’⁸εειά
2575 590 2657 628 ου.

2308 579 2468 719 ὴῖὄ.
2498 593 2793 737 Κῗλληθείη
2846 665 3160 739 [Κολληθῇ]
3191 669 3218 736 ἡ
3271 669 3492 736 γλῶσσά
3535 689 3640 740 μου
3697 674 3776 744 τῷ
3804 674 3878 728 λά.

2310 758 2467 830 ρυγγῐ
2501 775 2622 829 μου,
2655 758 2749 810 ἐὰν
2787 760 2858 829 μή
2893 775 2983 812 σου
3011 760 3252 831 μνησθῶ.

2376 850 2460 903 11.
2501 851 2626 902 Ἐὰν
2656 849 2728 921 μὴ
2760 851 3224 922 προανατάξωμαι
3255 852 3354 923 τὴν
3403 856 3790 926 Ἰερουσαλὴμ,
3812 860 3877 921 ὡς

2306 943 2361 993 ὲν
2387 943 2524 1012 ἀρχῇ
2563 941 2660 1011 τῆς
2688 941 3024 1013 εὐφροσύνης
3049 960 3168 1013 μου.

2375 1032 2461 1087 12.
2499 1032 2805 1103 Μνήσθητι,
2848 1033 3040 1105 Κύριε,
3073 1034 3180 1088 τῶν
3210 1035 3336 1088 υἱῶν
3375 1037 3577 1109 Ἐδὼμ,
3615 1039 3720 1111 τὴν
3749 1042 3875 1110 ὴμέ-

2309 1141 2406 1195 ραν
2438 1124 2808 1196 Ἰερουσαλήμ.

2377 1218 2460 1272 15.
2489 1218 2608 1271 Τῶν
2628 1219 2891 1285 λεγόντων
2911 1233 2925 1249 ο
2959 1217 3297 1284 Ἐκκενοῦτε,
3327 1221 3620 1275 ὲκκενοῦτε
3647 1223 3759 1284 ἕως
3781 1224 3877 1276 τῶν

2305 1305 2567 1377 θεμελίων
2597 1308 2785 1378 αὐτῆς.

2379 1401 2461 1453 1.1.
2493 1401 2748 1472 Θυγάτηρ
2772 1399 3086 1465 Βαϐυλῶνος
3116 1403 3146 1472 ἡ
3170 1401 3506 1475 ταλαίπωρος
3522 1421 3538 1434 ο

2375 1487 2459 1540 15.
2489 1490 2792 1560 Μακάριος,
2816 1491 2874 1555 ὃς
2895 1493 3262 1547 ἀνταποδώσει
3296 1511 3375 1546 σοι
3423 1495 3484 1547 τὸ
3526 1494 3880 1564 ἀνταπόδομά

2306 1597 2419 1643 σου,
2442 1580 2471 1632 ὃ
2507 1582 2891 1647 ἁνταπὲδωκας
2922 1587 3072 1655 ἡμῖν.

2375 1670 2458 1724 16.
2491 1673 2794 1743 Μακάριος,
2827 1676 2885 1738 ὃς
2915 1678 3195 1749 κρατήσει,
3232 1678 3325 1731 καὶ
3359 1679 3574 1748 ἐδαφιεϊ
3610 1682 3685 1735 τά
3722 1683 3882 1757 νήπια

2309 1777 2398 1812 σου
2434 1759 2551 1833 [καὶ
2578 1764 2785 1832 ἐδαφιεῖ
2813 1765 2975 1838 αὑτά]
3002 1767 3135 1836 πρὸς
3169 1767 3265 1837 τὴν
3295 1769 3518 1840 πέτραν.

2595 1858 2839 1927 Ψαλμὸς
2859 1856 2940 1922 τῷ
2969 1858 3163 1912 Δαϐἰδ.
3209 1863 3379 1914 ΨΑΛ.
3405 1864 3592 1915 PAZ'.

2379 1950 2429 2003 1.
2471 1949 2957 2020 Ἐξομολογήσομαί
2979 1967 3080 2015 σοι,
3111 1949 3297 2021 Κύριε,
3320 1954 3377 2004 ὲν
3401 1954 3498 2026 ὅλῃ
3520 1955 3732 2026 καρδίᾳ
3765 1973 3879 2026 μου.

1790 2080 2154 2137 ATIIANASII
2194 2083 2747 2140 INTERPRETATIO

711 2199 762 2254 9.
796 2200 860 2255 Et
896 2205 1161 2260 exsistens
1211 2207 1262 2261 in
1290 2224 1506 2277 peccato
1528 2255 1542 2278 ,
1579 2214 1624 2268 si
1665 2216 1866 2271 oblitus
1910 2217 2065 2272 fuero
2095 2220 2194 2282 tui,

634 2285 762 2343 Jesu
792 2305 891 2359 pax
921 2302 1122 2356 nostra,
1147 2296 1388 2353 decidam
1415 2303 1484 2355 ab
1513 2304 1717 2356 auxilio
1740 2314 1834 2359 tuo
1859 2324 1870 2358 :
1901 2305 2196 2360 Jerusalem

635 2382 777 2435 enim
812 2383 1194 2454 interpretatur
1237 2391 1368 2442 visio
1401 2395 1547 2459 pacis
1569 2435 1583 2458 ,
1634 2394 1735 2450 hoc
1762 2405 1843 2451 est
1879 2397 1970 2452 Dei
2004 2397 2195 2455 Filius.

634 2474 898 2542 Apparuit
921 2477 1064 2530 enim
1097 2482 1298 2534 mundo
1325 2498 1427 2551 pax
1455 2486 1742 2542 cxsistcns.

708 2562 796 2617 10.
827 2563 1049 2620 Deﬁciat
1092 2570 1270 2623 anima
1318 2588 1433 2626 mea
1476 2589 1725 2644 quaerens
1758 2579 1985 2648 gratiam
2027 2583 2199 2636 sancti

636 2653 892 2724 Spiritus,
922 2668 1108 2714 etnon
1141 2677 1458 2733 asscqu--ns,
1507 2669 1610 2721 nisi
1666 2671 1742 2723 tui
1785 2672 2100 2740 meminero,
2147 2685 2200 2731 ct

634 2760 917 2803 convertar
947 2752 1013 2804 ad
1054 2760 1123 2804 te.

707 2840 790 2893 11.
858 2839 1155 2896 Jerusalem
1227 2845 1611 2916 interpretatur
1689 2854 1909 2922 spiritus
1968 2858 2196 2925 gratim;

632 2933 736 2985 hoc
763 2933 944 3002 igitur,
978 2945 1035 2989 ut
1063 2952 1204 3000 reor,
1241 2939 1510 3008 signiﬁcat
1543 2959 1557 2997 :
1590 2945 1690 2997 nisi
1725 2946 1886 3000 rebus
1917 2949 2193 3013 omnibus,

631 3039 752 3092 quae
784 3026 835 3078 in
872 3029 1073 3082 mundo
1097 3040 1259 3093 sunt,
1289 3034 1569 3101 prtelcram
1608 3038 1836 3107 gratiam
1868 3042 2040 3095 sancti
2075 3040 2196 3111 Spi-
2221 3017 2263 3075 (ἶ

629 3117 782 3180 ritus,
814 3133 934 3173 cum
968 3122 1300 3192 evigilaverit
1332 3142 1422 3180 cor
1449 3144 1652 3183 meum.

703 3209 790 3276 12,
829 3211 912 3265 13.
949 3211 1118 3268 Edam
1164 3217 1550 3286 interpretatur
1579 3223 1823 3288 deﬁciens
1850 3263 1863 3287 ,
1897 3227 2075 3294 qualis
2115 3239 2198 3282 est

630 3302 899 3359 diabolus.
937 3303 1074 3361 Dicit
1105 3308 1287 3380 igitur,
1313 3327 1523 3366 memor
1554 3314 1718 3368 etiam
1749 3325 1868 3369 esto
1897 3318 2190 3386 exprobra-

629 3396 794 3452 tionis
851 3401 1248 3456 contrariarum
1305 3415 1674 3474 potestatum,
1725 3424 1847 3477 qure
1897 3411 2021 3465 ﬁlia:
2069 3413 2194 3466 mali

631 3497 760 3542 sunt
809 3489 1040 3546 dicentis
1074 3511 1085 3544 :
1117 3492 1326 3558 Deﬁcit,
1377 3497 1558 3550 deﬁcit
1605 3513 1774 3565 genus
1829 3501 2111 3571 ﬁdelium;
2144 3516 2195 3560 et

631 3595 825 3634 rursus
869 3581 919 3635 in
957 3585 1144 3640 eodem
1178 3602 1356 3652 versu,
1409 3590 1464 3643 in
1511 3592 1595 3644 die
1623 3591 1915 3648 Jerusalem
1939 3637 1953 3659 ,
1983 3598 2085 3652 hoc
2114 3610 2196 3652 est

630 3669 684 3722 in
720 3671 1113 3731 illuminatione
1173 3694 1422 3748 superum
1482 3682 1724 3738 scientia:
1770 3700 1865 3754 per
1916 3686 2192 3741 lavacrum

629 3766 1071 3825 immortalitatis.

705 3943 785 3998 14.
819 3943 1011 4000 Infelix
1050 3951 1261 4017 anima,
1309 3967 1428 4021 qua:
1464 3953 1573 4008 ﬁlia
1606 3970 1664 4009 es
1696 3955 2053 4016 confusionis,
2087 3958 2194 4011 sci-

630 4033 753 4088 licet
775 4037 981 4104 peccati
1011 4057 1024 4093 :
1051 4038 1290 4110 Babylon
1327 4044 1470 4097 enim
1507 4045 1891 4101 interorctatur
1930 4047 2191 4116 confusio.

701 4211 786 4264 15.
826 4210 1042 4279 Beatus,
1067 4215 1261 4284 inquit,
1285 4224 1385 4281 est,
1406 4217 1498 4286 qui
1530 4220 1673 4270 itam
1705 4229 2015 4274 scmtutem
2035 4237 2189 4276 suam

2363 2219 2416 2272 9.
2447 2218 2551 2272 Καὶ
2572 2222 2628 2272 ὲν
2651 2221 2890 2293 ἁμαρτίᾳ
2915 2225 2989 2294 (ι)
3013 2223 3086 2277 ὣν
3109 2225 3202 2279 ἐάν
3219 2226 3456 2282 ὲπιλάθω
3486 2247 3608 2294 σου,
3642 2231 3823 2301 Ἰησοῦ
3853 2235 3880 2300 ή

2295 2313 2481 2383 είρήνη
2499 2312 2654 2382 ἡμῶν
2667 2355 2677 2373 ,
2692 2314 3056 2386 ἀποπὲσωτῆς
3073 2316 3326 2387 βοηθείας
3343 2337 3455 2372 σου*
3475 2321 3883 2391 Ἰερουσαλὴμ

2296 2403 2403 2475 γὰρ
2437 2405 2795 2475 ἑρμηνεύεται
2829 2407 3038 2476 ὅρασις
3071 2409 3333 2477 εἰρήνης,
3362 2414 3649 2468 τουτέστιν
3697 2419 3728 2469 ὁ
3762 2416 3883 2477 Υἱὸς

2295 2495 2388 2548 τοῦ
2411 2495 2562 2548 Θεοῦ.
2612 2496 2858 2568 Ἐωράθη
2899 2499 3005 2569 γὰρ
3035 2499 3113 2570 τῷ
3139 2503 3327 2571 κόσμῳ
3359 2504 3553 2574 εἰρήνη
3589 2507 3879 2577 ὑπάρχων.

2369 2585 2455 2639 10.
2512 2587 2817 2661 Ἐκλείψηὴ
3020 2610 3118 2662 μου
3169 2593 3405 2666 ζητοῦσα
3447 2596 3549 2666 τὴν
3577 2601 3752 2670 χάριν
3790 2601 3879 2654 τοῦ

2299 2679 2450 2745 ἁγίου
2482 2679 2829 2752 Πνεύματος,
2862 2686 3056 2756 καὶμὴ
3103 2688 3470 2757 τυγχάνουσα,
3517 2690 3622 2743 ὲάν
3673 2692 3753 2761 μή
3795 2708 3878 2744 σου

2298 2772 2540 2842 μνησθῶ,
2573 2775 2664 2827 καὶ
2683 2777 3002 2848 ὲπιστραφῶ
3038 2779 3172 2848 πρὸς
3210 2780 3287 2832 σέ.

2366 2861 2451 2914 11.
2497 2863 2890 2933 Ἰερουσαλὴμ
2929 2867 3288 2937 ἑρμηνεύεται
3335 2870 3579 2938 πνεῦμα
3609 2872 3689 2941 (2.)
3720 2873 3880 2942 κάρι-

2296 2971 2397 3019 τος
2418 2970 2433 2986 ’
2466 2955 2622 3010 τοῦτο
2651 2953 2741 3010 οὖν
2789 2957 2956 3025 λέγει,
2988 2960 3062 3024 ὡς
3093 2961 3298 3030 νομίζω
3318 3003 3330 3017 .
3387 2963 3481 3014 ἐὰν
3520 2964 3601 3034 μὴ
3662 2968 3880 3019 πάντων

2297 3044 2405 3098 τῶν
2436 3047 2492 3098 ὲν
2537 3046 2614 3117 τῷ
2646 3048 2835 3119 κόσμῳ
2879 3051 3199 3122 προτιμήσω
3229 3051 3325 3122 τὴν
3366 3053 3527 3122 χάριν
3571 3053 3670 3106 τοῦ
3727 3057 3879 3123 ἁγίου

2297 3134 2633 3204 Πνεύματος,
2668 3138 2725 3189 ἐν
2762 3137 2841 3208 τῷ
2866 3139 3159 3208 ἀνανήφειν
3184 3141 3277 3213 τὴν
3308 3142 3538 3213 καρδίαν
3571 3161 3705 3212 μου.

2368 3223 2576 3287 12,15.
2639 3226 2828 3297 Ἐδὼμ
2895 3229 3254 3300 ἑρμηνεύεται
3299 3232 3602 3285 ἐκλείπων
3660 3232 3885 3306 [ἐκλεί-

2298 3311 2503 3385 πουσα]
2536 3314 2633 3384 (5),
2685 3316 2822 3386 ὅπερ
2874 3318 3021 3370 ἐστιν
3056 3317 3369 3382 ὁδιάϐολος.
3414 3321 3715 3393 Μνήσθητι
3770 3319 3878 3388 οὖν,

2297 3405 2461 3474 λέγει,
2519 3410 2611 3460 καὶ
2656 3409 2748 3463 τοῦ
2782 3410 3086 3481 ὁνειδισμοῦ
3135 3410 3242 3464 τῶν
3277 3412 3535 3465 ἐναντίων
3565 3414 3877 3480 δυνάμεων,

2294 3497 2402 3550 τῶν
2459 3498 2588 3551 υἱῶν
2638 3500 2731 3553 τοῦ
2795 3500 3032 3571 πονηροῦ
3073 3501 3163 3554 τοῦ
3217 3501 3497 3569 λέγοντος·
3575 3504 3878 3566 Ἐκλείπει,

2295 3589 2532 3643 ἐκλείπει
2585 3592 2645 3645 τὸ
2699 3593 2854 3661 γένος
2899 3594 3008 3647 τῶν
3057 3595 3294 3648 πιστῶν·
3337 3599 3430 3649 καὶ
3459 3597 3632 3650 πάλιν
3662 3601 3748 3662 εἰς
3791 3599 3878 3651 τὸν

2295 3680 2455 3732 αὐτὴν
2494 3681 2706 3752 στίχονο
2749 3684 2867 3752 Τὴν
2894 3685 3123 3753 ἡμέραν
3167 3685 3589 3757 Ἰερουσαλὴμ,
3629 3692 3876 3744 τουτέστι

2294 3770 2384 3823 τὸν
2409 3774 2684 3843 φωτισμὸν
2706 3775 2803 3844 τῆς
2841 3774 3046 3829 ἄνωθεν
3093 3775 3341 3843 γνώσεως
3372 3779 3461 3830 διὰ
3495 3780 3594 3831 τοῦ
3651 3781 3875 3849 λουτροῦ

2294 3862 2391 3932 τῆς
2417 3862 2734 3928 ἀθανασίας.

2366 3952 2452 4006 14.
2486 3954 2841 4029 Ταλαίπωρος
2868 3958 3013 4030 ψυχὴ
3039 3962 3070 4030 ἡ
3096 3956 3228 4014 οὖσα
3259 3960 3505 4032 θυγάτηρ
3533 3962 3638 4032 τῆς
3677 3962 3875 4032 omni}.

2295 4061 2449 4109 σεως,
2478 4046 2678 4101 ὡσανεὶ
2698 4051 2793 4121 τῆς
2821 4052 3124 4122 ἁμαρτίας·
3163 4053 3449 4107 Βαϐυλὼν
3499 4053 3576 4124 (1)
3618 4056 3733 4127 γάρ
3781 4059 3871 4127 ἑρ-

2296 4136 2585 4206 μηνεύεται
2608 4141 2928 4210 σύγχυσις.

2364 4229 2450 4282 15.
2489 4229 2790 4304 Μακάριος,
2813 4233 2981 4304 λέγει,
3009 4236 3156 4289 ἐστιν
3183 4236 3240 4299 ὃς
3269 4235 3442 4299 οὕτως
3464 4237 3872 4292 καταδουλώσει

627 4303 893 4374 redegerit
950 4319 1226 4376 peccatum
1253 4349 1268 4374 ,
1321 4310 1777 4380 quemadmodum
1828 4313 1943 4382 ipse
1975 4314 2125 4382 prius
2160 4331 2187 4366 a
2221 4357 2254 4412 Ε

2306 4316 2469 4390 ἑαυτῷ
2505 4321 2598 4392 τὴν
2622 4325 2913 4394 ἁμαρτίαν,
2935 4327 3122 4399 ῶσπερ
3148 4327 3284 4398 αὑτὴ
3315 4327 3582 4399 πρότερον
3616 4330 3872 4382 κατεδούο

623 4405 846 4464 peccato
872 4398 926 4452 in
960 4402 1271 4457 servitutem
1301 4404 1550 4459 redactus
1577 4414 1679 4459 est.

699 4485 784 4538 16.
821 4485 1060 4557 Beatus,
1113 4495 1205 4563 qui
1264 4498 1567 4550 carnalium
1621 4497 2186 4567 concupiscentiarum

620 4577 878 4635 dominus
909 4581 1131 4639 cﬂ‘ectus
1185 4589 1501 4644 contriverit
1542 4605 1634 4643 cas
1683 4591 1750 4645 ad
1803 4598 2032 4660 petram,
2087 4593 2187 4646 boc

621 4679 706 4722 est
728 4668 1026 4729 Christum.
1067 4674 1229 4733 Petra
1259 4690 1439 4736 autem
1481 4693 1594 4735 erat
1629 4681 1896 4746 Christus,
1926 4685 2187 4754 quemad-

621 4764 842 4818 modum
878 4768 1008 4823 dicit
1038 4763 1331 4839 Apostolus
1360 4777 1427 4828 9".

2293 4409 2460 4463 λωσεν
2491 4414 2651 4467 αὐτόν

2364 4502 2446 4556 16,
2489 4504 2773 4577 Μακάριος
2810 4508 2887 4570 ὃς,
2920 4510 3213 4581 κυριεύσας
3238 4511 3348 4563 τῶν
3379 4511 3661 4583 σαρκικῶν
3685 4513 3872 4566 ἐπιθυ-

2293 4585 2451 4662 μιῶν,
2489 4597 2768 4668 συντρίψει
2808 4599 2882 4666 (5)
2916 4600 3085 4666 αὑτὰς
3128 4603 3264 4674 πρὸς
3291 4604 3390 4673 τὴν
3440 4603 3669 4673 πέτραν,
3714 4620 3870 4656 τουτ-

2290 4686 2405 4740 έστι
2426 4689 2516 4741 τὸν
2539 4691 2804 4753 Χριστόν·
2843 4695 2880 4762 ἡ
2906 4694 3015 4766 γὰρ
3039 4695 3224 4765 πέτρα
3258 4693 3337 4768 ἦν
3367 4700 3400 4750 o’
3437 4698 3695 4765 Χριστὸς
3728 4739 3742 4763 ,
3772 4716 3869 4751 κα»

2289 4779 2396 4845 θὼς
2415 4782 2560 4850 λέγει
2585 4787 2613 4837 ὀ
2651 4784 2990 4852 Ἀπόστολος.

641 4859 698 4928 6)
727 4861 1027 4931 Explicatio
1071 4865 1213 4921 tituli
1251 4867 1404 4937 hujus
1442 4870 1634 4938 psalmi
1669 4872 1808 4924 deest
1850 4872 1902 4923 in
1941 4873 2117 4924 codice
2166 4871 2471 4938 Barberino,
2507 4876 2734 4943 forsitan
2769 4881 2896 4949 quia
2938 4881 3120 4934 eadem
3159 4891 3234 4935 est
3285 4890 3443 4951 atque
3485 4884 3869 4950 antecedentis,

1274 4964 1508 5019 videlicet
1539 4983 1556 5020 :
1587 4965 1834 5021 Psalmus
1869 4965 2056 5033 David,
2089 4968 2184 5022 hoc
2221 4981 2298 5023 est
2329 4987 2490 5025 manu
2523 4971 2671 5041 forti,
2711 4989 2891 5045 nempe
2921 4975 3019 5029 Dei
3055 4975 3217 5030 Filio.

695 5053 744 5108 1.
773 5053 1012 5125 Populus
1032 5072 1244 5126 eorum,
1270 5062 1364 5130 qui
1390 5062 1672 5116 illuminati
1699 5073 1827 5118 sunt
1858 5064 2021 5119 dicit:
2051 5063 2185 5118 Tra-

617 5143 728 5197 didi
764 5160 849 5200 me
876 5147 1052 5216 ipsum
1085 5148 1201 5204 tibi.

687 5259 776 5312 "1
811 5260 933 5318 Cor.
964 5281 1019 5328 ι,
1061 5271 1125 5325 ι.

2363 5067 2413 5121 1.
2464 5068 2520 5121 '0
2547 5071 2674 5133 λαὸς
2702 5070 2808 5126 τῶν
2837 5071 3220 5141 φωτιζομένων
3241 5072 3387 5140 λέγει
3411 5091 3421 5102 ·
3460 5073 3770 5130 Ἐκδέδωκά
3793 5093 3869 5129 σοι

2289 5161 2542 5230 ἐμαυτόν.

1571 5386 1875 5447 Addenda
1910 5395 1970 5449 et
2003 5389 2378 5469 corrigenda
2410 5407 2487 5451 ex
2529 5390 2669 5452 cod.
2703 5391 2902 5453 Vatie.

691 5519 771 5658 (ιζ
803 5520 1118 5593 Ἀμαρτίαις
1154 5523 1248 5588 ῶν,
1286 5527 1380 5578 ἐὰν
1409 5528 1751 5598 ἐπιλάθωμαί
1791 5547 1905 5594 σου,
1936 5540 2039 5585 etc.

715 5589 749 5643 2
806 5591 1032 5658 Πνεῦμα
1065 5595 1230 5648 αὐτοῦ
1280 5598 1536 5658 γάριτος,
1584 5611 1687 5654 etc.
1722 5601 2039 5658 Πνεύματός

715 5589 771 5644 Ἃ
806 5589 1032 5664 Πνεῦμα
1065 5595 1230 5648 αὐτοῦ
1280 5598 1536 5669 χάριτος,
1584 5589 1687 5654 etc.
1722 5589 2039 5671 Πνεύματός
2090 5620 2182 5655 σου

613 5672 761 5806 etc(3)
792 5739 1089 5817 Ἐκλεῖπον,
1114 5737 1636 5817 σιατῶνιλεγόντων
1657 5758 1668 5769 ·
1714 5741 1989 5817 Ἐκλείπῃ,
2020 5744 2181 5798 ἔκλεε.

621 5817 722 5876 σῃ,
749 5817 849 5864 etc.
880 5809 988 5880 Τῆς
1019 5808 1220 5861 ἄνωθεν
1248 5810 1528 5876 γενέσεως,
1561 5822 1661 5866 etc.

2364 5531 2438 5596 (4)
2471 5529 2806 5593 Βαϐυλῶνος.

2365 5601 2439 5674 (5)
2471 5601 2581 5674 Καὶ
2612 5602 2919 5674 συντρίψεις
2946 5602 3134 5667 αὑτάς,
3163 5613 3265 5658 etc.

2363 5670 2445 5747 (δι
2474 5672 2537 5722 Ἢ
2563 5670 2895 5747 “Maium
2916 5673 3192 5747 ἐπιτροφὴ
3217 5675 3250 5744 ἡ
3275 5673 3361 5747 διᾲ
3377 5673 3476 5744 τῆς
3499 5677 3861 5747 κινναϐάρεως

2291 5742 2535 5818 περιέχει
2563 5758 2576 5770 θ
2597 5742 3092 5818 ςΐιξξ-ᾼαϐιρητοῦτ
3128 5742 3271 5799 ἔστιν
3297 5744 3372 5814 τῷ
3397 5742 3569 5815 ἱκανῷ
3600 5750 3667 5817 τῇ
3700 5742 3860 5818 χειρί·

2293 5811 2530 5882 λέγωδὴ
2555 5813 2629 5882 τῷ
2661 5813 2772 5883 Υἱῷ
2803 5813 2896 5867 τοῦ
2925 5812 3059 5866 Θεοῦ
