4036 6458
171 410 318 468 1277
1016 413 1102 466 DE
1140 412 1414 471 TlTULlS
1453 413 1894 471 PSALMORUM.
1928 446 1980 457 —
2025 414 2216 470 PSAL.
2258 413 2567 469 CXXXVII.
3262 414 3394 472 1278

242 528 298 582 2.
327 526 431 582 Kal
455 528 693 582 ἐναντίον
720 527 964 597 ἀγγέλων
995 528 1152 598 ψαλῶ
1174 547 1252 583 σοι
1278 551 1288 564 ·
1765 537 1805 593 Α

1765 537 1805 593 Α
1907 533 1964 587 2.
2000 531 2066 588 Et
2097 533 2149 586 in
2191 544 2481 602 conspectu
2519 531 2832 602 angelorum
2859 532 3085 602 psallam
3115 533 3249 590 tibi:

243 619 298 674 3.
334 619 453 673 Ὅτι
485 621 721 690 ἡκουσας
766 621 940 674 πάντα
972 620 1041 674 τὰ
1067 622 1286 692 ῥήματα
1323 623 1414 676 τοῦ
1471 624 1732 693 στόματός

1588 625 1732 687 tat-.6;
1905 625 1957 679 3.
1997 623 2263 690 Quoniam
2292 623 2489 678 audisti
2517 623 2698 677 omnia
2730 623 2888 677 verba
2916 623 3028 678 oris
3059 624 3182 678 mei.

163 727 298 780 μου.

244 799 298 855 ὁ.
333 800 699 874 Προσκυνήσω
723 802 858 875 πρὸς
896 801 1019 856 ναὸν
1046 804 1198 872 ἅγιόν
1225 821 1316 858 σου
1334 821 1346 833 ο

1912 808 1958 860 1.
1995 806 2248 860 Adorabo
2275 805 2340 858 ad
2371 803 2624 873 templum
2655 809 2900 858 sanctum
2936 811 3122 856 tuum:

243 891 297 948 5.
333 894 440 947 Kal
471 893 929 966 ὲξομολογήσομαι
958 897 1032 968 τῷ
1053 897 1273 968 ὀνόματί
1299 914 1391 949 σου
1413 938 1429 960 ,

1171 897 1273 949 ιατί
1299 914 1391 949 σου
1413 938 1429 960 ,
1909 893 1963 947 5.
1995 890 2061 946 Et
2088 892 2382 946 conlitebor
2417 891 2622 945 nomini
2652 899 2765 957 tuo,

244 984 298 1039 6.
346 986 467 1040 Ἐπὶ
493 987 571 1058 τῷ
604 987 741 1040 ὲλέει
772 1005 865 1041 σου
890 990 983 1041 καὶ
1016 991 1079 1060 τῇ
1120 986 1346 1060 ἀληθείᾳ
1377 1005 1469 1041 σου
1491 1005 1505 1018 ·

1908 985 1960 1037 6.
2001 981 2174 1054 Super
2199 982 2566 1038 misericordia
2597 992 2709 1048 tua,
2736 990 2790 1036 et
2817 983 3038 1037 veritate
3060 989 3148 1036 tua
3173 999 3185 1034 :

243 1077 298 1132 7.
328 1075 449 1131 Ὀτι
477 1078 813 1150 εμεγάλυνας
842 1079 933 1134 ἰπὶ
962 1082 1068 1133 πᾶν
1105 1079 1356 1152 [πάντας]
1397 1081 1458 1134 τὸ
1477 1081 1644 1151 ὄνομα
1676 1079 1736 1136 τὸ

1908 1076 1958 1132 7.
1983 1075 2249 1143 Quoniam
2279 1073 2635 1145 magniﬁcasti
2664 1088 2828 1144 super
2853 1088 3013 1128 omne
3037 1070 3269 1145 [omnes]
3296 1087 3393 1127 no-

160 1171 327 1239 ἆγιόν
357 1188 468 1224 σου.

1835 1187 1957 1227 men
1982 1178 2228 1224 sanctum
2260 1178 2435 1223 tuum.

241 1265 296 1316 8.
343 1263 429 1314 ’Ev
547 1261 613 1316 ἂν
647 1263 826 1335 ἡμέρᾳ
859 1265 1248 1337 ὲπικαλέσομαί
1306 1282 1362 1318 σε
1389 1306 1401 1329 ,
1433 1265 1568 1336 ταχὺ
1635 1266 1734 1318 ἐπ-

1907 1263 1956 1318 8.
1982 1261 2037 1316 ln
2067 1275 2390 1332 quacunque
2411 1260 2499 1317 die
2523 1263 2844 1320 invocavero
2862 1270 2935 1327 te,
2961 1261 3218 1316 velociter
3238 1275 3395 1314 exau-

155 1352 400 1406 άκουσόν
423 1372 543 1426 μοιν

443 1372 543 1408 ιου’
1835 1359 1887 1412 di
1917 1374 2000 1413 me
2026 1375 2037 1410 :

240 1446 294 1501 9.
327 1447 701 1522 Πολυωρήσεις
736 1470 801 1522 με
833 1456 889 1506 ὲν
913 1455 1053 1525 ψυχῇ
1099 1472 1198 1524 μου
1225 1455 1449 1524 δυνάμει
1479 1472 1591 1507 σου.

1911 1453 1964 1502 9.
1997 1449 2375 1517 Multiplicabis
2401 1465 2487 1504 me
2525 1451 2576 1503 in
2607 1451 2788 1504 anima
2822 1465 2939 1504 mea
2965 1449 3160 1501 virtute
3193 1456 3297 1500 tua.

241 1538 328 1593 10.
379 1541 987 1614 Ἐξομολογησάσθωσάν
1043 1563 1124 1599 σοι
1152 1586 1166 1611 ,
1211 1547 1381 1616 Κύριε
1407 1586 1421 1609 ,
1456 1549 1653 1610 πάντες
1687 1549 1735 1599 οἱ

1912 1542 1996 1596 10.
2034 1542 2403 1597 Conﬁteantur
2439 1544 2557 1608 tibi,
2587 1543 2815 1597 Domine
2835 1583 2850 1607 ,
2882 1556 3069 1596 omnes
3104 1555 3254 1609 reges
3285 1551 3394 1592 ter-

159 1631 410 1701 βασιλεῖς
437 1636 535 1705 τῆς
567 1640 668 1707 γῆς
688 1655 701 1668 ·
1837 1652 1909 1691 ra:
1935 1657 1946 1690 :

241 1722 329 1777 11.
362 1722 486 1779 Ὀτι
514 1727 752 1794 ήληυπαν
787 1729 962 1782 πάντα
990 1729 1059 1786 τὰ
1088 1730 1306 1800 ῥήματα
1343 1728 1436 1782 τοῦ
1473 1730 1735 1796 στόματός

1559 1730 1735 1796 ἱματὸς
1913 1727 2002 1782 11.
2037 1727 2174 1794 Quia
2204 1727 2492 1782 audierunt
2519 1727 2698 1782 omnia
2731 1726 2894 1781 verba
2921 1727 3032 1781 oris
3061 1727 3153 1781 tui.

155 1830 266 1868 σου

242 1901 324 1954 12.
362 1903 464 1954 Kal
495 1903 781 1972 ᾲσάτωσαν
816 1909 872 1960 ἐν
897 1910 1012 1972 ταῖς
1044 1910 1180 1973 ὁδοῖς
1202 1910 1405 1982 Κυρίου
1432 1909 1588 1982 [ὁδοῖς
1613 1927 1728 1977 σου,
1763 1883 1805 1941 Β

1795 1885 1805 1939 ι
1908 1909 1993 1965 12.
2023 1908 2087 1964 Ει
2116 1910 2402 1965 cantentin
2430 1909 2533 1964 viis
2553 1907 2766 1964 Domini
2795 1906 2922 1979 [viis
2949 1908 3078 1970 tuis,
3104 1903 3347 1979 Domine]
3374 1923 3389 1959 ;

153 1991 362 2063 Κύριε]
387 2011 397 2022 °

237 2084 326 2138 13.
361 2087 478 2139 Ὀτι
511 2091 717 2158 μεγάλη
744 2092 774 2159 ἡ
803 2090 926 2154 δόξα
949 2091 1170 2160 Κυρίου.

1909 2089 1994 2143 15.
2031 2087 2297 2153 Quoniam
2330 2099 2522 2158 magna
2548 2092 2632 2140 est
2659 2083 2828 2156 gloria
2852 2080 3080 2135 Domini.

235 2176 325 2230 14.
355 2177 476 2230 Ὅτι
504 2178 704 2250 ὑψηλὸς
729 2180 950 2250 Κύριος,
982 2181 1074 2234 καὶ
1105 2181 1172 2234 τὰ
1203 2183 1426 2236 ταπεινὰ
1454 2182 1655 2255 ἐφορᾷο

1906 2180 1992 2233 11.
2012 2178 2277 2245 Quoniam
2294 2177 2543 2233 excelsus
2557 2174 2837 2239 Dominus,
2852 2182 2905 2228 et
2918 2171 3139 2227 humilia
3152 2169 3388 2242 resptcit:

233 2267 324 2323 15.
359 2268 468 2322 Kal
495 2269 565 2323 τὰ
590 2271 767 2341 ὑψηλὰ
805 2273 912 2326 ἀπὸ
946 2274 1217 2346 μακρόθεν
1246 2275 1520 2343 γινώσκει.

1246 2275 1520 2343 γινώσκει.
1909 2272 1995 2327 15.
2028 2271 2095 2325 Et
2126 2272 2231 2327 alta
2271 2287 2301 2326 a
2332 2272 2489 2341 longe
2527 2268 2817 2340 cognoscit.

1281 2443 1655 2499 ATHANASH
1695 2442 2279 2500 INTERPRETATIO.

227 2597 286 2652 2.
320 2595 422 2652 Kal
463 2600 555 2653 ἐπὶ
585 2599 693 2654 τῶν
741 2601 910 2669 ὰμγίων
943 2601 1187 2670 ἀγγέλων
1215 2601 1322 2656 τῶν
1367 2599 1730 2673 παρεστώτων

1894 2598 1945 2653 2.
1983 2595 2046 2651 ἐι
2099 2598 2235 2650 inter
2287 2605 2508 2650 sanctos
2560 2609 2780 2665 angelos
2833 2605 3073 2652 astantes
3122 2595 3230 2651 luci
3287 2604 3392 2650 tua

144 2689 235 2760 τῷ
270 2692 577 2763 φωτίσματί
603 2711 694 2746 σου
721 2694 1013 2764 ἀνυμνήσω
1043 2711 1122 2746 σε.

648 2712 694 2746 πυ
721 2694 1013 2764 ἀνυμνήσω
1043 2711 1122 2746 σε.
1826 2689 2139 2761 glorificabo
2175 2698 2242 2742 te.

231 2782 287 2834 '5.
318 2783 438 2836 Ὀτι
471 2782 773 2854 προσεδέξω
789 2784 882 2853 τὴν
905 2781 1287 2854 ἐξομολόγησιν
1307 2801 1434 2854 μου,
1461 2783 1555 2838 καὶ
1579 2784 1734 2854 ἠξίω-

1901 2783 1955 2836 3.
1995 2780 2264 2846 Quoniam
2299 2780 2553 2850 accepisti
2585 2779 2982 2834 confessionem
3011 2796 3204 2846 meam,
3227 2792 3280 2834 et
3305 2780 3359 2835 di

148 2873 259 2933 σάς
295 2889 360 2942 με
396 2873 492 2942 τῆς
524 2874 738 2943 χάριτός
764 2890 878 2926 σου.

1825 2883 2025 2945 gnatus
2051 2887 2110 2927 es
2143 2887 2231 2926 me
2258 2873 2431 2942 gratia
2461 2884 2572 2926 tua.

231 2975 288 3017 4.
320 2964 586 3017 Εἰσελθὼν
611 2967 668 3015 ἐν
696 2964 773 3033 τῷ
805 2965 878 3033 (1)
913 2965 1051 3037 ἁγίῳ
1082 2967 1195 3036 ναῷ
1240 2983 1333 3020 σου
1371 2965 1732 3036 προσκυνήσω
1755 2995 1800 3056 c

1902 2964 1955 3018 4.
1989 2963 2299 3035 Ingrediens
2327 2963 2381 3017 in
2409 2964 2667 3033 templum
2695 2973 2940 3019 sanctum
2975 2973 3124 3017 tuum
3160 2966 3394 3018 adorabo

149 3072 265 3117 σοι,
300 3055 436 3125 μετὰ
460 3056 520 3108 τὸ
556 3056 888 3125 φωτισθῆναί
918 3073 1005 3126 με.

1775 3055 1781 3056 ί
1832 3065 1905 3121 te,
1943 3066 2228 3127 postquam
2259 3057 2598 3112 illuminatus
2627 3056 2801 3112 fuero.

228 3148 284 3202 5.
318 3150 423 3202 Kal
457 3149 832 3219 ὲξομολογήσω
872 3148 947 3218 (2)
981 3145 1215 3217 ἐμαυτὸν
1258 3147 1616 3200 δεδουλῶσθαι
1649 3141 1731 3216 τῷ

1897 3144 1951 3200 5.
1985 3143 2056 3200 Et
2083 3146 2383 3201 conﬁtebor
2407 3187 2421 3212 ,
2446 3163 2531 3202 me
2563 3148 2738 3218 ipsum
2770 3162 2984 3202 servum
3018 3161 3138 3202 esse
3162 3147 3393 3199 nominis

144 3239 384 3310 ὀνόματί
413 3255 504 3292 σου
527 3277 542 3302 ,
1828 3238 1905 3294 tui
1927 3278 1943 3302 ,

229 3332 285 3386 6.
309 3331 406 3384 Διὰ
425 3330 483 3384 τὸ
509 3331 655 3394 ἔλεός
677 3348 793 3394 σου,
819 3331 912 3384 καὶ
932 3332 1030 3404 τὴν
1050 3332 1303 3405 ἀλήθειάν
1328 3349 1440 3396 σου,
1461 3331 1527 3402 ἢν
1551 3328 1736 3401 ἐποίη-

1898 3330 1952 3387 6.
1999 3329 2230 3401 Propter
2291 3330 2721 3384 misericordiam
2769 3337 2915 3380 tuam
2947 3365 2962 3389 ,
3019 3332 3072 3377 et
3115 3321 3391 3376 veritatem

152 3441 263 3487 σας
294 3426 372 3488 είς
408 3424 521 3494 ἐμέ.

1827 3431 1978 3479 tuam
2004 3466 2019 3488 ,
2055 3438 2218 3493 quam
2251 3422 2422 3476 iecisti
2457 3423 2507 3474 in
2541 3430 2645 3474 ine.

233 3513 288 3565 7.
311 3512 435 3566 Ὀτι
458 3513 550 3565 καὶ
574 3513 664 3564 ἐπὶ
690 3513 764 3580 (3)
789 3514 990 3576 πάντας
1018 3511 1326 3577 δεδόξασται
1349 3511 1409 3562 τὸ
1424 3509 1593 3563 δνοιιά
1609 3526 1725 3564 σου.

1901 3510 1948 3563 7.
1981 3509 2250 3575 Quoniam
2288 3519 2344 3563 et
2372 3525 2534 3578 super
2581 3523 2770 3563 omnes
2801 3506 3156 3578 gloriﬁcatum
3187 3513 3270 3558 est
3298 3520 3393 3556 no-

1831 3617 1954 3658 men
1986 3610 2158 3655 tunm.

231 3684 286 3739 8.
301 3685 418 3753 Ἀφ’
436 3678 495 3737 οὗ
519 3682 756 3753 ἡξίωσάς
783 3701 849 3755 με
873 3683 970 3753 τῆς
992 3684 1281 3748 υἱοθεσίας,
1314 3685 1472 3756 μόνον
1493 3684 1690 3756 βοῶμ)
1712 3701 1728 3714 ⁸

1901 3693 1954 3748 8.
1988 3690 2064 3746 Ex
2098 3708 2207 3762 quo
2237 3692 2490 3762 dignatus
2525 3704 2584 3743 es
2619 3702 2706 3741 me
2735 3687 3025 3755 ad0ptione
3051 3724 3066 3749 ,
3128 3687 3216 3740 vix
3264 3685 3391 3740 dum

148 3775 349 3844 Πάτερ
374 3773 562 3845 ἡμῶν,
588 3778 617 3829 ό
633 3776 702 3828 ἐν
722 3776 846 3841 τοῖς
868 3775 1164 3844 οὐρανοῖς,
1185 3776 1343 3840 εὐθὺς
1364 3775 1578 3840 ἀκούεις
1605 3793 1726 3847 μου.

1831 3785 2004 3841 clamo
2038 3803 2051 3840 :
2085 3783 2246 3838 Pater
2276 3794 2472 3848 noster,
2511 3783 2600 3853 qui
2637 3797 2690 3836 es
2731 3781 2789 3834 in
2818 3780 2994 3834 caelis'
3021 3819 3036 3843 ,
3080 3780 3262 3834 statim
3308 3794 3394 3832 me

1828 3877 2075 3933 exaudis.

221 3955 280 4010 9.
313 3956 404 4019 Εἰς
431 3956 500 4008 τὰ
535 3957 640 4028 ὕψη
678 3957 904 4010 ἔντολων
936 3974 1029 4012 σου
1058 3957 1354 4026 ἀναγάγεις
1382 3958 1458 4028 (5)
1489 3960 1587 4031 τὴν
1626 3959 1728 4028 ψυ-

1900 3966 1953 4021 9.
2009 3964 2065 4019 1η
2101 3963 2414 4019 altitudines
2446 3966 2836 4030 przeeeptorum
2893 3968 3108 4013 tuorum
3161 3956 3393 4012 dedoces

148 4051 259 4119 χήν
288 4065 388 4118 μου
420 4051 486 4118 τῇ
521 4048 743 4119 δυνάμει
777 4066 889 4103 σου.

1837 4057 2077 4112 animam
2113 4071 2286 4111 meam
2314 4055 2514 4108 virtute
2545 4061 2653 4104 tua.

232 4139 318 4193 10.
349 4138 636 4204 Δοξὰσουσί
673 4158 740 4210 με
772 4141 970 4205 πάντες
1001 4143 1049 4194 οἱ
1083 4142 1505 4204 πεπιστευκότες
1537 4143 1618 4204 είς
1646 4143 1725 4197 σέ.

1903 4149 1991 4205 10.
2019 4145 2411 4202 Gloriticabunt
2440 4153 2494 4197 te
2521 4155 2731 4204 omnes,
2761 4140 2853 4209 qui
2881 4138 2932 4192 in
2959 4149 3006 4192 te
3027 4137 3389 4193 crediderunt.

231 4234 318 4287 11.
353 4232 476 4287 Ὀτι
503 4215 768 4302 ἐδέξαντο,
803 4233 896 4287 καὶ
919 4233 1238 4304 ὲπλήρωσας
1270 4234 1345 4304 (6)
1380 4233 1520 4304 ἆπερ
1549 4235 1730 4300 αὐτοῖς

1902 4239 1990 4294 11.
2020 4238 2158 4307 Quia
2190 4241 2514 4304 acceperunt
2577 4241 2630 4288 et
2662 4231 2981 4301 implevisti,
3017 4247 3136 4299 qua:
3163 4231 3268 4284 illis
3297 4229 3392 4284 de-

149 4321 496 4394 ἀπηγγείλω.

1760 4345 1806 4401 D
1830 4333 2111 4389 nuntiasti.

233 4416 317 4469 12.
350 4416 458 4469 Kal
489 4417 546 4469 ὲν
568 4417 878 4484 ἀγαλλιάσει
911 4417 1137 4488 καρδίας
1157 4415 1521 4487 ἀνυμνήσουσί
1548 4417 1622 4486 (7)
1647 4433 1727 4482 σε,

1901 4425 1990 4479 12.
2027 4423 2094 4477 Et
2121 4423 2176 4475 in
2223 4419 2585 4474 exsultatione
2618 4415 2799 4472 cordis
2845 4414 3142 4468 laudabunt
3170 4423 3220 4468 te
3241 4452 3256 4477 ,
3287 4412 3394 4467 Do-

151 4507 352 4578 Κύριε.

1825 4517 1987 4571 mine.

233 4602 320 4656 15.
350 4599 472 4655 Ὅτι
499 4600 857 4670 ἀνεκλὰλητός
880 4600 954 4671 (8)
986 4601 1132 4652 ἐστιν
1157 4601 1192 4670 ἡ
1229 4597 1603 4670 φιλανθρωπία
1631 4596 1724 4649 τοῦ

1600 4639 1603 4648 ι
1631 4596 1724 4649 τοῦ
1896 4608 1980 4662 15.
2019 4603 2289 4673 Quoniam
2319 4603 2607 4660 ineil‘abilis
2639 4609 2721 4657 est
2749 4601 3054 4671 benignitas
3081 4598 3194 4654 Dei.

148 4694 316 4748 Θεοῦ.

231 4787 318 4842 14.
348 4787 469 4842 Ὅτι
495 4787 767 4852 τοσοῦτος,
811 4788 905 4840 καὶ
931 4785 1246 4857 τηλικοῦτος
1273 4783 1348 4837 ὣν
1367 4826 1381 4849 ,
1417 4785 1510 4838 καὶ
1539 4799 1725 4836 κατοιε-

1893 4789 1979 4843 14.
2003 4787 2266 4855 Quoniam
2296 4790 2436 4852 talis,
2467 4797 2523 4843 et
2547 4798 2729 4843 tantus
2758 4786 3047 4846 exsistens,
3077 4792 3132 4838 et
3160 4783 3213 4837 in
3238 4782 3388 4837 cretis

149 4881 269 4936 κῶν
294 4883 350 4934 ἐν
379 4884 490 4944 τοῖς
522 4882 768 4952 οὐρανοῖς
787 4921 799 4941 ,
835 4880 1088 4953 πρόνοιαν
1118 4879 1338 4948 ποιῆσαι
1368 4877 1441 4947 (9)
1470 4879 1726 4948 ἀμαρτω-

1823 4883 2108 4947 habitans,
2139 4897 2323 4937 curam
2358 4883 2501 4953 geris
2529 4881 2596 4935 de
2642 4877 3014 4951 peccatoribus
3037 4916 3051 4940 ,
3095 4891 3159 4930 ac
3191 4873 3387 4928 vilibus

149 4975 282 5036 λῶν,
317 4975 410 5026 καὶ
437 4973 704 5027 ταπεινῶν
742 4971 1067 5044 ἀνθρώπων,
1098 4971 1378 5026 τουτέστιν
1409 4971 1581 5041 ἡμῶν.

1041 4990 1067 5038 ν,
1098 4971 1378 5026 τουτέστιν
1409 4971 1581 5041 ἡμῶν.
1823 4976 2168 5038 hominibus,
2206 4974 2308 5029 hoc
2347 4983 2431 5028 est
2463 4973 2635 5027 nobis.

230 5066 317 5121 15.
336 5067 444 5119 Kal
466 5067 590 5130 τοὺς
615 5066 801 5133 ἁγίους
818 5067 928 5135 (10)
951 5063 1058 5118 ἀπὸ
1085 5063 1499 5135 προκαταόο).ῆς
1520 5063 1722 5133 κόσμου

1898 5067 1986 5121 15.
2018 5067 2082 5120 Et
2119 5075 2337 5122 sanctos
2373 5082 2402 5120 a
2450 5065 2839 5121 constitutione
2873 5060 3060 5115 mundi
3097 5056 3387 5128 praescivit.

153 5158 428 5231 προέγνω,
470 5159 562 5211 καὶ
598 5156 920 5229 προώρισεν.

731 5156 920 5228 ὁρισεν.
1823 5167 1875 5214 et
1904 5160 2325 5216 oraedestinavit.

229 5305 244 5335 ‘
283 5298 469 5356 Matth.
505 5314 578 5362 vl,
612 5297 662 5350 9.

1100 5406 1411 5468 Addenda
1441 5415 1505 5469 et
1534 5407 1903 5486 corrigenda
1940 5426 2016 5470 ex
2045 5411 2183 5470 cod.
2219 5410 2418 5470 Vatic.

225 5562 301 5635 )
447 5560 524 5635 τῷ
552 5557 664 5629 ναῷ
688 5576 780 5612 σου
801 5557 879 5629 τῷ
902 5559 1060 5628 ἁγίῳ,
1095 5568 1200 5613 etc.
1999 5560 2528 5635 i’En-lﬁpwaavﬁmp
2554 5561 2737 5621 αὐτοῖς
2765 5557 3033 5612 ὲνετιίλω.

223 5631 302 5701 (2)
333 5631 707 5703 κὈμολογήσω.
871 5701 880 5703 _
935 5700 943 5703 Α
1027 5698 1044 5703 _
1087 5699 1101 5703 Α
1125 5698 1165 5703 ψ
1891 5631 1967 5700 (7)
1998 5631 2371 5703 ’Λνυμνήσωσί
2398 5646 2476 5691 σε,
2509 5639 2633 5703 εις..

226 5698 303 5774 (3)
331 5698 454 5774 Ἐπὶ
483 5698 607 5762 τοὺς
637 5700 994 5774 ᾁμαρτωλους
1022 5698 1349 5766 δεδόξασται,
1369 5709 1472 5774 e_tc.
1570 5770 1579 5774 Α

1313 5717 1349 5762 ι,
1369 5709 1472 5774 e_lc.
1570 5770 1579 5774 Α
1996 5698 2387 5774 ’Λνέκλεὶπτος,
2404 5710 2538 5774 βίᾳ,
2560 5699 2653 5754 τοῦ
2679 5699 2903 5768 Κυρίου.

229 5769 305 5842 μ)
337 5773 528 5842 Βοήσω
561 5772 695 5841 πρὸς
731 5769 821 5823 σέ·
853 5769 1033 5839 Πάτερ
1066 5787 1189 5839 μου,
1222 5779 1349 5832 etc.,
1383 5769 1612 5823 ἄκουσὼλ
1632 5787 1694 5839 με
1889 5769 1965 5842 (9)
1989 5773 2248 5838 Καταξιοί
2279 5771 2577 5842 ποιεῖσθαι.
2601 5784 2707 5824 etc.

230 5841 304 5916 (5)
339 5841 599 5909 ’Λνάγαγε
611 5881 622 5895 .

1892 5843 2002 5914 (10)
2042 5845 2252 5912 Ἀγίους
2285 5841 2446 5898 αὐτοῦ
2480 5841 2600 5912 πρό.
2636 5849 2738 5896 etc.
