4036 6464
191 433 333 488 1ἳ81
1009 429 1092 484 DE
1131 427 1404 485 TITULIS
1444 423 1887 484 PSALMORUM.
1914 420 2196 476 —PS.\L.
2237 419 2566 474 CXXXVIII.
3281 417 3416 476 1282

269 550 325 602 8.
356 549 425 601 Σὺ
458 548 692 610 ἐπλασάς
726 564 790 618 με
817 587 831 611 ,
863 547 953 600 καὶ
985 546 1185 619 ἕθηκας
1233 547 1317 599 ἐπ’
1348 546 1447 616 ἐμὲ
1477 544 1572 617 τὴν
1600 544 1754 616 χεῖρά
1781 549 1829 604 Α

1821 590 1829 604 _
1926 539 1975 594 8.
2015 538 2094 593 Tu
2127 537 2370 593 formasti
2403 553 2508 603 me,
2539 547 2591 592 ct
2621 535 2845 605 posuisti
2878 550 3038 604 super
3076 550 3162 591 me
3197 552 3415 591 manum

189 657 316 694 σου.

1856 643 2001 688 tuam

265 731 318 785 9.
357 729 774 801 Ἐθαυμαστώθη
813 729 845 800 ἡ
873 727 1070 798 γνῶσίς
1104 745 1194 782 σου
1223 727 1280 793 ἐξ
1306 726 1438 798 ἐμοῦ
1457 740 1470 753 ·

1927 725 1978 779 9.
2011 722 2273 777 Mirabilis
2299 720 2437 776 facta
2473 731 2555 775 est
2584 720 2812 776 scientia
2835 730 2927 776 tua
2959 735 3025 774 ex
3053 736 3140 776 me
3167 739 3177 774 :

263 823 352 876 I0.
391 819 786 893 Ἐκραταιώθη,
812 821 872 873 οὑ
904 819 977 890 μὴ
1006 820 1245 890 δύνωμαι
1272 819 1409 889 πρὸς
1438 817 1622 887 αὐτήν.

1522 818 1622 887 τήν.
1927 815 2011 868 10.
2046 813 2362 870 Confortata
2392 821 2493 876 est,
2527 825 2635 865 non
2665 820 2852 880 potero
2886 811 2952 865 ad
2981 825 3116 865 eam.

265 915 352 968 11.
391 914 501 966 Ποῦ
536 911 784 983 πορευθῶ
821 912 925 964 ἀπὸ
956 909 1049 964 τοῦ
1077 909 1390 980 Πνεύματὸς
1419 925 1543 974 σου;

1143 909 1390 980 νεύματὸς
1419 925 1543 974 σου;
1928 908 2013 962 11.
2043 907 2161 975 Quo
2201 907 2290 962 ibo
2322 921 2352 961 a
2376 905 2578 975 Spiritu
2607 906 2737 959 tuo?

264 1003 352 1058 12.
383 1004 492 1057 Kal
514 1002 621 1055 ἀπὸ
645 1001 739 1054 τοῦ
771 999 1060 1072 προσώπου
1093 1018 1184 1054 σου
1224 1000 1325 1053 ποῦ
1366 999 1550 1069 φύγως

1286 1000 1325 1053 »ὗ
1366 999 1550 1069 φύγως
1929 1001 2015 1054 I2.
2055 999 2120 1053 Et
2145 1014 2252 1070 quo
2283 1015 2312 1052 a
2341 998 2479 1053 facie
2514 1007 2603 1051 tua
2639 996 2880 1066 fugiam?

262 1097 352 1150 I3.
399 1096 522 1148 Ἐὰν
547 1095 730 1149 ἁναὸὤ
761 1097 837 1159 εἰς
865 1095 952 1147 τὸν
981 1095 1224 1165 οὐρανὸν,
1255 1094 1318 1147 σὺ
1353 1096 1468 1147 ἐκεῖ
1496 1087 1575 1145 εἷ’

1540 1088 1575 1143 ῖο
1929 1093 2014 1146 15.
2060 1090 2114 1146 Si
2146 1090 2439 1147 ascendero
2469 1090 2523 1145 in
2552 1091 2772 1152 caelum,
2805 1098 2862 1143 tu
2895 1087 3006 1142 illic
3033 1101 3093 1142 es
3123 1105 3134 1139 ;

258 1187 349 1242 14.
388 1187 509 1240 Ἐὰν
539 1189 755 1241 καταϐῶ
779 1192 857 1252 εἰς
885 1191 973 1242 τὸν
1002 1190 1152 1261 ᾅδην,
1190 1191 1368 1261 πάρει.

1929 1185 2015 1240 11.
2060 1185 2116 1238 Si
2145 1183 2477 1239 descendero
2504 1183 2558 1237 in
2594 1182 2889 1246 infernum,
2918 1180 3065 1235 ades.

262 1275 350 1329 15.
371 1275 492 1329 Ἐὰν
513 1277 836 1350 ἀναλάϐοιμι
857 1279 955 1342 τὰς
977 1280 1249 1351 πτέρυγάς
1274 1297 1373 1350 μου
1396 1279 1515 1333 κατ’
1539 1277 1752 1350 ὄρθρον,

1539 1277 1752 1350 ὄρθρον,
1929 1281 2014 1335 15.
2056 1279 2114 1335 Si
2141 1294 2423 1350 sumpsero
2450 1294 2655 1349 pennas
2679 1292 2829 1332 meas
2855 1275 3114 1338 diluculo,

263 1367 350 1421 16.
370 1369 475 1421 Kal
496 1371 904 1440 κατασκηνώσω
930 1373 1008 1434 εἰς
1023 1373 1089 1424 τὰ
1104 1372 1308 1442 ἔσχατα
1333 1372 1429 1442 τῆς
1447 1371 1718 1442 θαλάσσης
1743 1385 1757 1402 ⁸

1461 1371 1718 1442 ὒαλάσσης
1743 1385 1757 1402 ο
1930 1371 2016 1428 I6.
2049 1371 2112 1426 Et
2144 1371 2458 1426 habit’avero
2488 1371 2543 1424 in
2565 1369 2821 1425 extremis
2852 1367 3055 1423 maris:

259 1460 350 1515 I7.
383 1461 491 1515 Kal
526 1462 632 1533 γὰρ
659 1465 773 1516 ἐκεῖ
803 1466 834 1533 ἡ
867 1465 985 1536 χείρ
1012 1482 1104 1518 σου
1137 1465 1388 1537 ὁδηγήσει
1414 1483 1510 1535 με⁹

1927 1465 2015 1519 17.
2050 1463 2262 1519 Etenim
2296 1464 2423 1519 illuc
2455 1477 2652 1519 manus
2680 1472 2770 1518 tua
2801 1461 3031 1516 deducet
3055 1472 3142 1514 me
3172 1472 3186 1509 :

260 1551 349 1605 18.
381 1553 489 1606 Kal
518 1554 731 1619 καθέξει
769 1573 832 1626 με
869 1559 900 1626 ἡ
933 1556 1080 1621 δεξιά
1107 1575 1222 1610 σου.

1929 1557 2016 1613 18.
2058 1557 2124 1612 Et
2155 1557 2359 1612 tenebit
2389 1572 2474 1612 me
2501 1557 2722 1612 dextera
2758 1567 2868 1611 tua.

257 1645 344 1701 I9.
372 1648 481 1700 Kal
507 1643 660 1700 εἴπα-
691 1651 832 1720 Ἀρα
866 1650 1052 1713 σκότος
1085 1652 1458 1722 καταπατήσει
1495 1666 1579 1702 us.

1930 1649 2016 1704 19.
2063 1651 2128 1704 Et
2155 1650 2266 1704 dixi
2293 1667 2305 1700 :
2335 1649 2587 1705 Forsitan
2617 1651 2854 1704 tenebrae
2878 1647 3270 1704 conculcabunt
3294 1658 3409 1698 me:

255 1736 348 1790 20.
376 1737 484 1792 Καὶ
517 1738 612 1803 νὺξ
645 1741 920 1812 φωτισμὸς
953 1744 1009 1795 ἐν
1037 1745 1102 1814 τῇ
1136 1745 1311 1813 τρυφῇ
1340 1759 1460 1812 μου.

1930 1740 2019 1793 20.
2058 1739 2123 1795 Et
2146 1755 2253 1794 nox
2278 1740 2604 1796 illuminatio
2632 1741 2686 1795 in
2716 1740 2922 1795 deliciis
2948 1740 3100 1795 meis.

258 1828 350 1883 2L
379 1830 496 1882 Ὂτι
528 1832 712 1896 σκότος
742 1834 802 1886 οὐ
833 1835 1240 1904 σκοτισθήσεται
1271 1833 1378 1887 ἀπὸ
1410 1831 1525 1897 σοῦ,
1789 1895 1832 1950 Β

1789 1895 1832 1950 Β
1929 1831 2021 1888 21.
2061 1830 2197 1898 Quia
2232 1832 2467 1888 tenebrae
2500 1847 2607 1888 non
2635 1832 3074 1887 obscurabuntur
3105 1845 3135 1884 a
3164 1838 3237 1884 te.

1301 2058 1676 2117 ATHANASII
1739 2057 2308 2116 INTERPRETATIO.

262 2281 316 2335 8.
346 2282 417 2335 Σὺ
445 2281 876 2353 ἐδημιούργησάς
909 2301 974 2355 με
997 2326 1009 2349 ,
1043 2301 1135 2337 και
1178 2282 1377 2354 ἔθηκας
1415 2283 1502 2336 ἐπ’
1530 2284 1628 2355 ἐμὲ
1659 2283 1756 2356 τὴν

1931 2283 1986 2338 8.
2017 2281 2097 2337 Tu
2124 2281 2319 2338 creasti
2347 2295 2460 2345 me,
2493 2290 2547 2336 et
2576 2282 2804 2351 posuisti
2836 2294 2999 2350 super
3027 2294 3113 2332 me
3157 2279 3415 2334 auxilium

185 2373 446 2444 βοήθειάν
476 2390 567 2426 σου
595 2374 900 2429 σκέπουσάν
931 2393 1018 2447 με.

862 2393 900 2428 ιν
931 2393 1018 2447 με.
1861 2385 2012 2430 tuum
2039 2383 2324 2445 protegens
2352 2388 2456 2428 me.

259 2465 313 2520 9.
338 2460 609 2535 Μνησθεῐς
638 2467 815 2532 τὸ,τὶς
839 2469 1072 2540 ὑπάρχει
1095 2471 1126 2538 ή
1157 2467 1383 2538 δύναμίς
1408 2485 1523 2534 σου,
1551 2467 1655 2532 ἔξω
1678 2467 1755 2537 (1)

1929 2466 1977 2521 9.
2025 2465 2394 2530 Recordatus,
2431 2482 2551 2536 qu:e
2598 2466 2665 2522 sit
2694 2466 2932 2536 potentia
2967 2475 3058 2519 tua
3084 2505 3097 2529 ,
3150 2473 3304 2519 extra
3333 2479 3418 2518 me

180 2553 430 2625 ἐμαυτοῦ
471 2556 671 2624 γέγονα
710 2557 1111 2627 ἀποθαυμάζων
1145 2558 1202 2608 ὲν
1241 2555 1478 2626 ἐμαυτῷ.

1351 2555 1478 2626 υτῷ.
1861 2560 2036 2630 ipsum
2070 2559 2244 2613 factus
2279 2575 2398 2615 sum
2428 2576 2536 2628 pra:
2567 2561 2941 2619 admiratione.

261 2645 348 2705 10.
377 2647 717 2712 Ἀνείκαστος
745 2649 976 2719 ὑπάρχει
1017 2651 1050 2720 ὴ
1078 2647 1303 2718 δύναμίς
1338 2664 1431 2701 σου
1454 2689 1470 2712 ,
1503 2646 1563 2701 οὐ
1596 2645 1756 2699 δύνα-

1933 2651 2019 2705 10.
2053 2649 2442 2720 Investigabilis
2470 2661 2550 2706 est
2575 2653 2743 2708 virtus
2776 2662 2887 2717 tua,
2913 2669 3025 2729 non~
3043 2669 3266 2723 possum
3291 2668 3418 2708 con-

185 2755 291 2808 μαι
325 2739 637 2808 ἀντιστῆναι
668 2739 805 2810 πρὸς
833 2740 1021 2810 αὑτήν.

794 2756 805 2800 ;
833 2740 1021 2810 αὑτήν.
1861 2752 1942 2798 tra
1972 2759 2092 2799 eam
2120 2745 2388 2800 resistere.

265 2831 350 2884 II.
379 2830 490 2882 Ποῦ
516 2830 622 2902 γὰρ
644 2829 872 2901 δύναμαι
893 2831 1156 2903 κρυϐῆναι
1182 2831 1258 2903 (2)
1282 2832 1389 2886 ἀπὸ
1410 2830 1469 2884 τὸ
1489 2830 1647 2900 ἅγιόν
1666 2846 1757 2882 σου

1932 2836 2017 2891 11.
2049 2835 2154 2891 Ubi
2179 2836 2322 2890 enim
2353 2836 2611 2890 abscondi
2645 2850 2868 2905 possum
2920 2850 2950 2890 a
2993 2835 3196 2906 Spiritu
3229 2848 3417 2891 sancto

180 2921 434 2992 Πνεῦμα,
466 2922 524 2974 τὸ
544 2923 806 2990 γινῶσκον
829 2923 943 2995 [τοῦ
973 2925 1127 2992 ἁγίου
1160 2941 1250 2977 σου
1281 2923 1595 2993 Πνεῦματος
1619 2960 1635 2985 ,
1664 2920 1756 2973 τοῦ

973 2925 1127 2992 ἁγίου
1160 2941 1250 2977 σου
1281 2923 1595 2993 Πνεύματος
1619 2960 1635 2985 ,
1664 2920 1756 2973 τοῦ
1861 2936 1975 2993 tuo,
2006 2927 2097 2997 qui
2127 2927 2300 2982 noscit
2336 2928 2514 2982 omnia
2539 2927 2561 2979 ?

180 3013 569 3086 γινώσκοντος]
605 3015 672 3068 τὰ
702 3017 877 3070 πάντα
901 3033 914 3080 ;

259 3106 348 3160 12.
380 3107 489 3159 Kal
514 3106 621 3160 ἀπὸ
655 3106 749 3159 σοῦ
774 3108 842 3159 τὰ
872 3107 948 3177 (5)
982 3109 1160 3162 πάντα
1181 3106 1500 3180 ἐφορῶντος,
1534 3103 1636 3157 ποῦ
1661 3101 1749 3155 6'3-
1790 3172 1822 3180 _

1927 3105 2014 3159 I2.
2045 3104 2110 3158 Et
2141 3113 2267 3168 ate,
2299 3105 2390 3174 qui
2413 3103 2591 3158 omnia
2617 3103 2786 3168 vides,
2815 3118 2923 3172 quo
2952 3117 3172 3172 possum
3199 3099 3417 3172 fugere?

180 3213 358 3266 ναμαι
386 3199 608 3264 φυγεῖν;
635 3197 716 3249 ὅτι
755 3172 951 3250 πάντα
981 3198 1194 3268 γυμνὰ,
1223 3172 1339 3251 ⁷σηιξη
1369 3198 1756 3264 τετραχηλισ-

1609 3198 1756 3264 ιλισ-
1781 3172 1825 3229 C
1858 3198 2115 3269 quoniam
2143 3199 2318 3250 omnia
2347 3197 2518 3263 nuda,
2550 3207 2598 3251 et
2628 3206 2808 3266 aperta
2844 3195 3008 3249 oculis
3041 3197 3141 3247 tuis
3164 3196 3203 3247 ².

172 3287 338 3357 μέγα
365 3287 489 3354 τοῖς
522 3287 848 3358 ὀφθαλμοῖς
875 3302 1012 3343 σου.

257 3381 348 3434 15.
386 3379 710 3453 Ἀχώριστος
735 3380 811 3454 (4)
842 3377 896 3435 εἴ
913 3381 1021 3433 τῶν
1045 3378 1323 3450 πατρικῶν
1345 3377 1578 3431 κόλπων.

1354 3377 1578 3431 κόλπων·
1935 3403 2015 3457 15.
2045 3401 2421 3472 lnseparabilis
2448 3416 2507 3456 es
2540 3417 2569 3454 a
2605 3401 2725 3455 sinu
2756 3401 2948 3457 Patris.

259 3474 347 3526 14.
382 3473 753 3543 Ἐθανατώθης
782 3473 889 3544 γὰρ
917 3474 983 3524 δι’
1009 3473 1130 3541 ἐμέ.

1932 3491 2019 3546 II.
2056 3491 2212 3547 Morti
2237 3492 2383 3545 enim
2415 3491 2645 3546 traditus
2679 3509 2736 3548 es
2767 3501 2984 3562 propter
3011 3509 3113 3546 me.

256 3565 347 3618 15.
373 3562 541 3617 Τοῦτό
589 3581 676 3634 μοι
726 3565 884 3634 μόνον
918 3563 1325 3636 περιλείπεται,
1358 3563 1450 3617 ἐάν
1479 3563 1585 3634 ἄρα
1628 3562 1756 3615 ἀνα-

1931 3582 2020 3638 15.
2048 3581 2159 3637 Hoc
2186 3584 2363 3638 solum
2392 3583 2522 3638 mihi
2563 3585 2832 3652 reliquum
2866 3597 2946 3640 est
2970 3626 2984 3648 ,
3019 3587 3060 3639 si
3095 3584 3229 3640 forte
3260 3604 3414 3641 assu-

179 3654 337 3709 λάϐω
356 3656 451 3718 τὰς
474 3654 797 3726 ἐνθυμήσεις
828 3656 924 3725 τῆς
949 3655 1171 3727 καρδίας
1214 3674 1337 3726 μου,
1371 3655 1668 3725 καταφύγω
1699 3657 1754 3708 ἐν

1858 3689 2000 3728 mam
2029 3675 2384 3745 cogitationes
2415 3676 2596 3730 cordis
2631 3677 2756 3740 mei,
2788 3686 2841 3731 et
2868 3677 3175 3747 confugiam
3203 3680 3268 3733 ad
3294 3681 3413 3732 illu-

181 3745 264 3818 τῷ
295 3746 603 3818 φωτίσματι
626 3747 726 3817 τῆς
758 3746 990 3810 πίστεώς
1031 3765 1121 3800 σου
1151 3747 1250 3818 (5).

917 3746 990 3810 ὡς
1031 3765 1121 3800 σου
1151 3747 1250 3818 (5)-
1859 3768 2207 3823 minationem
2236 3768 2354 3823 fidei
2390 3779 2511 3822 tuae.

259 3843 347 3899 I6.
382 3845 492 3897 Kal
519 3842 674 3896 δώσω
699 3845 933 3915 ἐμαυτὸν
963 3845 1041 3908 εἰς
1071 3845 1130 3897 τὸ
1154 3845 1452 3916 βάπτισμα.

1926 3860 2011 3916 16.
2042 3859 2106 3914 Et
2140 3861 2278 3915 dabo
2310 3877 2395 3915 me
2428 3861 2602 3930 ipsum
2630 3861 2682 3914 in
2717 3858 3064 3930 baptismum.

259 3937 359 4002 I7,
399 3935 486 3990 18.
517 3937 628 3988 Kal
665 3937 773 4006 γὰρ
827 3938 942 3990 ἐκεῖ
977 3938 1008 4008 ὴ
1041 3937 1200 4008 χάρις
1245 3938 1324 4009 (6)
1375 3955 1466 3992 σου
1506 3938 1754 4011 ὁδηγήσει

1927 3953 2123 4019 17,18.
2155 3952 2364 4007 Etenim
2393 3955 2521 4009 illuc
2553 3955 2722 4024 gratia
2757 3963 2847 4008 tua
2875 3954 3104 4008 deducet
3133 3971 3234 4017 me,
3272 3966 3323 4008 et
3358 3957 3408 4009 in

186 4044 280 4097 με,
313 4025 406 4078 καὶ
437 4027 829 4096 περικρατήσει
867 4043 953 4096 με.

754 4043 829 4079 σει
867 4043 953 4096 με.
1857 4059 1942 4099 me
1965 4044 2348 4100 dominabitur.

261 4117 348 4172 I9.
390 4117 500 4170 Kal
550 4117 880 4189 ἐλογισάμην
926 4119 1045 4172 κατ’
1101 4119 1333 4188 ἐμαυτὸν
1376 4121 1578 4188 λέγων’
1611 4119 1756 4196 τΑρα

1932 4135 2018 4189 19.
2049 4134 2114 4189 Et
2142 4150 2354 4191 mecum
2382 4135 2610 4207 cegitavi
2639 4135 2823 4192 dicens
2853 4153 2865 4188 :
2900 4138 2980 4191 An
3008 4137 3083 4194 ita
3118 4141 3292 4210 patiar
3321 4158 3410 4198 us-

177 4210 360 4272 οῦτως
403 4209 723 4281 ἀνάσχωμαι
755 4209 859 4276 ἕως
895 4211 1079 4275 τέλους
1123 4213 1475 4281 κυριεύεσθαι
1517 4215 1621 4266 ὑπὸ
1655 4217 1752 4286 τῆς

177 4301 496 4356 ἁμαρτίαςε

1517 4215 1621 4266 ὑπὸ
1655 4217 1752 4286 τῆς
1856 4242 1960 4298 que
1995 4228 2048 4282 in
2081 4227 2240 4284 ﬁnem
2266 4229 2537 4285 dominari
2571 4231 2624 4283 in
2654 4246 2736 4285 me
2767 4230 3086 4301 peccatum?

269 4317 496 4367 αρτιας;

269 4319 304 4353 α
341 4317 432 4353 tta
480 4317 496 4367 ;

227 4317 348 4441 μεὲ.
379 4319 489 4442 Κάὶ
532 4389 861 4463 ἐλογισάμην
906 4392 1088 4446 δοῦναι
1127 4397 1360 4464 ἐμαυτὸν
1388 4397 1465 4466 (7)
1491 4399 1554 4469 τῇ
1587 4414 1754 4451 κατα-

1925 4399 2009 4454 ΞΟ.
2060 4401 2123 4455 Et
2169 4403 2400 4473 cogitavi
2449 4405 2660 4460 tradere
2707 4421 2792 4460 me
2843 4406 3015 4475 ipsum
3068 4407 3407 4475 baptismatis

177 4483 336 4535 δύσει
361 4481 452 4536 τοῦ
485 4482 873 4554 βαπτίσματος,
906 4487 986 4538 ὄτι
1020 4487 1296 4557 φωτισμὸς
1323 4491 1418 4542 καὶ
1443 4492 1622 4564 τρυφή
1648 4494 1748 4563 μού

1812 4535 1828 4587 ι
1857 4492 2189 4548 immersioni
2216 4535 2230 4559 ,
2259 4496 2514 4565 quoniam
2554 4497 2897 4561 illuminatio,
2936 4508 2987 4552 et
3022 4499 3228 4554 deliciae
3276 4517 3406 4555 mea:

177 4576 303 4626 ὲστι
328 4574 389 4627 τὸ
413 4574 633 4647 λουτρὸν
658 4578 755 4647 τῆς
781 4575 1076 4641 ἀθανασίας
1095 4597 1109 4609 ·
1135 4580 1250 4632 ἐκεῖ
1273 4580 1379 4650 γὰρ
1408 4584 1751 4654 καταλιμπά-

1812 4574 1825 4587 ’
1853 4593 1979 4638 sunt
2027 4585 2300 4640 lavacrum
2337 4587 2802 4643 immortalitatis:
2844 4590 2915 4644 ibi
2963 4591 3108 4646 enim
3160 4594 3406 4662 relinquo

177 4685 260 4720 νω
289 4667 387 4730 τὰς
418 4669 690 4740 ἁμαρτίας
720 4689 841 4743 μου.

645 4688 690 4735 ις
720 4689 841 4743 μου.
1852 4686 2071 4745 peccata
2100 4694 2239 4733 mea.

251 4759 344 4814 21.
376 4762 497 4814 Ὅτι
528 4764 677 4818 πᾶσα
708 4764 852 4837 ψυχὴ
881 4768 936 4820 ἐν
975 4765 1152 4819 σκότει
1181 4768 1460 4839 καθημενη
1479 4810 1492 4832 ,
1521 4771 1746 4824 ελθουσα

1918 4768 2006 4821 21.
2040 4768 2177 4836 Quia
2213 4771 2392 4826 omnis
2439 4772 2618 4826 anima
2663 4773 2715 4826 in
2771 4774 3007 4829 tenebris
3054 4776 3247 4829 sedens
3282 4792 3403 4832 cum

177 4850 276 4902 ἐπὶ
307 4851 370 4904 τὸ
395 4851 693 4925 βάπτισμα,
725 4857 824 4911 οὐκ
850 4857 927 4910 ἔτι
954 4857 1397 4928 σκοτισθήσεται,
1423 4860 1530 4913 ἀπὸ
1562 4861 1651 4914 τοῦ
1688 4881 1744 4916 σε

1849 4862 2053 4915 venerit
2078 4862 2142 4916 ad
2173 4862 2522 4933 baptismum,
2547 4881 2652 4920 non
2676 4866 2907 4934 amplius
2939 4866 3401 4934 obtenebrabitur,

177 4941 240 4994 τὸ
267 4941 463 5014 ἀληθὲς
487 4944 568 5015 (8)
600 4945 713 5014 φῶς
738 4947 989 5000 ἐπιϐῆναι
1021 4949 1078 5001 ἐν
1105 4949 1264 5020 αὐτῇ.

1848 4954 2103 5022 quoniam
2138 4963 2227 5020 tu,
2252 4956 2346 5026 qui
2376 4972 2499 5011 vera
2531 4957 2622 5011 lux
2654 4973 2734 5026 es,
2763 4957 3013 5015 ascendis
3045 4958 3100 5013 in
3136 4959 3327 5030 ipsam.

250 5121 274 5153 ³
310 5118 472 5178 Hebr.
509 5138 585 5190 ιν,
620 5125 706 5179 15.

1133 5286 1436 5351 Addenda
1466 5298 1527 5353 et
1559 5293 1926 5372 corrigenda
1973 5312 2052 5357 ex
2085 5298 2224 5359 cod.
2253 5300 2452 5361 Vatic.

254 5467 333 5606 (I)
357 5467 448 5533 Ἐξ
475 5469 665 5552 ἑαυτοῦ
690 5473 1052 5555 γέγοναιειοη
1079 5479 1135 5529 ἐν
1162 5478 1353 5549 ἐαυτῷ.
1919 5485 1992 5555 (5)
2026 5485 2126 5538 Σοῦ
2152 5487 2319 5541 deost.

254 5538 311 5606 (2
367 5538 645 5606 Κρυὸηναι
678 5543 737 5595 τὸ
781 5546 1002 5606 Πνευμα
1040 5545 1100 5599 τὸ
1126 5546 1278 5606 ἆγιόν
1312 5565 1401 5602 σου
1455 5551 1516 5605 τὸ
1569 5554 1740 5606 πάντα
1919 5557 1996 5606 (6)
2033 5558 2095 5606 'H
2123 5558 2239 5606 νείο
2269 5575 2319 5606 σε

253 5538 338 5628 (ἓ),
678 5538 737 5595 τὸ
771 5538 1002 5628 ’ῃνεῦμα
1022 5545 1100 5628 ..τὸ
1126 5546 1278 5628 ἆγλιόν
1307 5538 1401 5602 σου
1455 5551 1516 5605 τὸ
1569 5554 1740 5607 πάντα
2032 5558 2095 5628 Ἡ
2123 5538 2379 5628 χέε-ῥ-άδυ,

177 5612 706 5696 γιγχωσηκονταλιοβ.
741 5615 852 5696 vid.
888 5612 1230 5684 γιγνῶσκον).

806 5615 852 5670 d.
888 5612 1230 5684 γιγνῶσκον).
2028 5612 2268 5690 Ἑαῧτὸν,
2298 5639 2400 5682 etc.

250 5677 331 5746 (3)
358 5678 460 5731 Σοῦ
485 5677 695 5746 τοῦτᾶ,
729 5695 834 5739 etc.
900 5677 911 5684 ’
959 5677 969 5684 ’

252 5746 331 5818 (4)
366 5748 688 5822 Ἀχώριστος
710 5756 832 5826 γάρ,
865 5764 968 5811 etc.

1915 5677 1990 5768 (8)
2031 5677 2446 5768 massae;
2476 5700 2729 5770 ἐπιϐῆναι
2763 5705 2818 5755 ὲν
2844 5703 3031 5775 ταύτῃ.
