  <div class='ocr_page' id='page_1' title='image "/cluster/home/n/w/nwhite01/storage/ocr_20150623/27/ien.35556001660521/655.png"; bbox 0 0 4036 6424; ppageno 0'>
   <div class='ocr_carea' id='block_1_1' title="bbox 635 339 2229 426">
    <p class='ocr_par' dir='ltr' id='par_1_1' title="bbox 635 346 2229 426">
     <span class='ocr_line' id='line_1_1' title="bbox 635 346 2229 426; baseline -0.015 0"><span class='ocrx_word' id='word_1_1' title='bbox 635 369 776 426; x_wconf 77' lang='grc'><strong>1287</strong></span> <span class='ocrx_word' id='word_1_2' title='bbox 1502 354 1560 410; x_wconf 90' lang='lat' dir='ltr'><strong>S.</strong></span> <span class='ocrx_word' id='word_1_3' title='bbox 1600 347 1967 407; x_wconf 76' lang='lat' dir='ltr'><strong>ATIIANASII</strong></span> <span class='ocrx_word' id='word_1_4' title='bbox 2007 346 2156 404; x_wconf 83' lang='grc' dir='ltr'><strong>ΟΡΡ.</strong></span> <span class='ocrx_word' id='word_1_5' title='bbox 2201 347 2229 402; x_wconf 77' lang='lat' dir='ltr'>F</span> 
     </span>
    </p>
   </div>
   <div class='ocr_carea' id='block_1_2' title="bbox 2268 339 3862 426">
    <p class='ocr_par' dir='ltr' id='par_1_2' title="bbox 2268 339 3862 402">
     <span class='ocr_line' id='line_1_2' title="bbox 2268 339 3862 402; baseline -0.003 -1"><span class='ocrx_word' id='word_1_6' title='bbox 2268 347 2381 402; x_wconf 61' lang='lat' dir='ltr'><strong>[BS</strong></span> <span class='ocrx_word' id='word_1_7' title='bbox 2419 343 2507 400; x_wconf 85' lang='lat' dir='ltr'><strong>Ill.</strong></span> <span class='ocrx_word' id='word_1_8' title='bbox 2547 373 2615 384; x_wconf 93' lang='lat'><strong><em>—</em></strong></span> <span class='ocrx_word' id='word_1_9' title='bbox 2653 339 3061 399; x_wconf 80' lang='lat' dir='ltr'><strong>EXEGETICA.</strong></span> <span class='ocrx_word' id='word_1_10' title='bbox 3733 339 3862 396; x_wconf 67' lang='lat'><strong>1288</strong></span> 
     </span>
    </p>
   </div>
   <div class='ocr_carea' id='block_1_3' title="bbox 728 461 2322 556">
    <p class='ocr_par' dir='ltr' id='par_1_3' title="bbox 728 471 2264 556">
     <span class='ocr_line' id='line_1_3' title="bbox 728 471 2264 556; baseline -0.012 -13"><span class='ocrx_word' id='word_1_11' title='bbox 728 486 796 543; x_wconf 80' lang='lat' dir='ltr'><strong>In</strong></span> <span class='ocrx_word' id='word_1_12' title='bbox 815 487 972 556; x_wconf 77' lang='lat' dir='ltr'><strong>ﬁnem</strong></span> <span class='ocrx_word' id='word_1_13' title='bbox 993 501 1010 538; x_wconf 93' lang='lat'><em>:</em></span> <span class='ocrx_word' id='word_1_14' title='bbox 1035 481 1276 538; x_wconf 73' lang='lat' dir='ltr'><strong>Psalmus</strong></span> <span class='ocrx_word' id='word_1_15' title='bbox 1305 477 1488 535; x_wconf 80' lang='lat' dir='ltr'><strong>David.</strong></span> <span class='ocrx_word' id='word_1_16' title='bbox 1524 473 1723 530; x_wconf 85' lang='lat' dir='ltr'><strong>PSAL.</strong></span> <span class='ocrx_word' id='word_1_17' title='bbox 1761 471 2077 527; x_wconf 73' lang='lat' dir='ltr'><strong>CXXXIX.</strong></span> <span class='ocrx_word' id='word_1_18' title='bbox 2219 475 2264 532; x_wconf 77' lang='grc' dir='ltr'><strong>Α</strong></span> 
     </span>
    </p>
   </div>
   <div class='ocr_carea' id='block_1_4' title="bbox 2197 461 3791 556">
    <p class='ocr_par' dir='ltr' id='par_1_4' title="bbox 2219 461 3791 534">
     <span class='ocr_line' id='line_1_4' title="bbox 2219 461 3791 534; baseline -0.008 -11"><span class='ocrx_word' id='word_1_19' title='bbox 2219 475 2264 532; x_wconf 78' lang='grc' dir='ltr'><strong>Α</strong></span> <span class='ocrx_word' id='word_1_20' title='bbox 2351 471 2455 534; x_wconf 73' lang='grc' dir='ltr'><strong>Εἰς</strong></span> <span class='ocrx_word' id='word_1_21' title='bbox 2483 465 2549 520; x_wconf 83' lang='grc' dir='ltr'>τὸ</span> <span class='ocrx_word' id='word_1_22' title='bbox 2575 465 2750 531; x_wconf 76' lang='grc' dir='ltr'>τέλος</span> <span class='ocrx_word' id='word_1_23' title='bbox 2785 464 3026 534; x_wconf 46' lang='lat' dir='ltr'><strong>ea.ch</strong></span> <span class='ocrx_word' id='word_1_24' title='bbox 3050 461 3129 526; x_wconf 83' lang='grc' dir='ltr'>τῷ</span> <span class='ocrx_word' id='word_1_25' title='bbox 3158 461 3351 514; x_wconf 70' lang='grc' dir='ltr'>Δαϐίδ.</span> <span class='ocrx_word' id='word_1_26' title='bbox 3396 462 3568 514; x_wconf 78' lang='grc' dir='ltr'><strong>ΨΑΛ.</strong></span> <span class='ocrx_word' id='word_1_27' title='bbox 3606 461 3791 512; x_wconf 69' lang='lat' dir='ltr'><strong>PAO.</strong></span> 
     </span>
    </p>
   </div>
   <div class='ocr_carea' id='block_1_5' title="bbox 701 550 2295 646">
    <p class='ocr_par' dir='ltr' id='par_1_5' title="bbox 701 567 1932 646">
     <span class='ocr_line' id='line_1_5' title="bbox 701 567 1932 646; baseline -0.011 -14"><span class='ocrx_word' id='word_1_28' title='bbox 701 578 752 634; x_wconf 91' lang='grc'><strong>1.</strong></span> <span class='ocrx_word' id='word_1_29' title='bbox 784 577 945 646; x_wconf 81' lang='lat' dir='ltr'><strong>Eripe</strong></span> <span class='ocrx_word' id='word_1_30' title='bbox 976 591 1080 642; x_wconf 90' lang='lat' dir='ltr'><strong>me,</strong></span> <span class='ocrx_word' id='word_1_31' title='bbox 1118 573 1361 636; x_wconf 86' lang='lat' dir='ltr'><strong>Domine,</strong></span> <span class='ocrx_word' id='word_1_32' title='bbox 1391 571 1458 624; x_wconf 88' lang='lat' dir='ltr'><strong>ab</strong></span> <span class='ocrx_word' id='word_1_33' title='bbox 1493 568 1714 624; x_wconf 85' lang='lat' dir='ltr'><strong>homine</strong></span> <span class='ocrx_word' id='word_1_34' title='bbox 1745 567 1887 620; x_wconf 88' lang='lat' dir='ltr'><strong>malo</strong></span> <span class='ocrx_word' id='word_1_35' title='bbox 1921 587 1932 620; x_wconf 88' lang='lat'><strong>:</strong></span> 
     </span>
    </p>
   </div>
   <div class='ocr_carea' id='block_1_6' title="bbox 2115 550 3709 646">
    <p class='ocr_par' dir='ltr' id='par_1_6' title="bbox 2367 550 3709 629">
     <span class='ocr_line' id='line_1_6' title="bbox 2367 550 3709 629; baseline -0.009 -14"><span class='ocrx_word' id='word_1_36' title='bbox 2367 561 2416 614; x_wconf 84' lang='grc'><strong>1.</strong></span> <span class='ocrx_word' id='word_1_37' title='bbox 2447 560 2656 625; x_wconf 80' lang='grc' dir='ltr'>Ἐξελοῦ</span> <span class='ocrx_word' id='word_1_38' title='bbox 2686 577 2772 629; x_wconf 88' lang='grc' dir='ltr'><strong>με,</strong></span> <span class='ocrx_word' id='word_1_39' title='bbox 2805 557 2998 627; x_wconf 83' lang='grc' dir='ltr'>Κύριε,</span> <span class='ocrx_word' id='word_1_40' title='bbox 3033 555 3092 620; x_wconf 86' lang='grc' dir='ltr'><strong>ἐξ</strong></span> <span class='ocrx_word' id='word_1_41' title='bbox 3119 553 3404 625; x_wconf 67' lang='grc' dir='ltr'>ἀνθρώπου</span> <span class='ocrx_word' id='word_1_42' title='bbox 3437 550 3709 622; x_wconf 77' lang='grc' dir='ltr'>πονηροῦ·</span> 
     </span>
    </p>
   </div>
   <div class='ocr_carea' id='block_1_7' title="bbox 701 645 2295 738">
    <p class='ocr_par' dir='ltr' id='par_1_7' title="bbox 701 645 1493 738">
     <span class='ocr_line' id='line_1_7' title="bbox 701 645 1493 738; baseline -0.011 -14"><span class='ocrx_word' id='word_1_43' title='bbox 701 671 755 726; x_wconf 74' lang='grc'><strong>2.</strong></span> <span class='ocrx_word' id='word_1_44' title='bbox 784 670 824 724; x_wconf 79' lang='grc' dir='ltr'>Α</span> <span class='ocrx_word' id='word_1_45' title='bbox 855 645 970 723; x_wconf 84' lang='lat' dir='ltr'><strong>viro</strong></span> <span class='ocrx_word' id='word_1_46' title='bbox 998 669 1183 738; x_wconf 91' lang='lat' dir='ltr'><strong>iniquo</strong></span> <span class='ocrx_word' id='word_1_47' title='bbox 1205 666 1352 735; x_wconf 86' lang='lat' dir='ltr'><strong>eripe</strong></span> <span class='ocrx_word' id='word_1_48' title='bbox 1389 679 1493 718; x_wconf 87' lang='lat' dir='ltr'><strong>tne.</strong></span> 
     </span>
    </p>
   </div>
   <div class='ocr_carea' id='block_1_8' title="bbox 1741 645 3335 738">
    <p class='ocr_par' dir='ltr' id='par_1_8' title="bbox 2362 645 3335 721">
     <span class='ocr_line' id='line_1_8' title="bbox 2362 645 3335 721; baseline -0.008 -17"><span class='ocrx_word' id='word_1_49' title='bbox 2362 652 2416 704; x_wconf 74' lang='grc'><strong>2.</strong></span> <span class='ocrx_word' id='word_1_50' title='bbox 2447 653 2578 703; x_wconf 74' lang='grc' dir='ltr'>Ἀπὸ</span> <span class='ocrx_word' id='word_1_51' title='bbox 2611 650 2807 721; x_wconf 87' lang='grc' dir='ltr'>ἀνδρὸς</span> <span class='ocrx_word' id='word_1_52' title='bbox 2839 647 3024 701; x_wconf 83' lang='grc' dir='ltr'>ἀδίκου</span> <span class='ocrx_word' id='word_1_53' title='bbox 3059 645 3219 716; x_wconf 82' lang='grc' dir='ltr'>ῥῦσαί</span> <span class='ocrx_word' id='word_1_54' title='bbox 3251 662 3335 715; x_wconf 85' lang='grc' dir='ltr'>με.</span> 
     </span>
    </p>
   </div>
   <div class='ocr_carea' id='block_1_9' title="bbox 701 734 2295 830">
    <p class='ocr_par' dir='ltr' id='par_1_9' title="bbox 701 734 1950 830">
     <span class='ocr_line' id='line_1_9' title="bbox 701 734 1950 830; baseline -0.01 -13"><span class='ocrx_word' id='word_1_55' title='bbox 701 763 756 818; x_wconf 82' lang='lat'><strong>&#39;5.</strong></span> <span class='ocrx_word' id='word_1_56' title='bbox 786 762 888 827; x_wconf 82' lang='lat' dir='ltr'><strong>Qui</strong></span> <span class='ocrx_word' id='word_1_57' title='bbox 912 734 1624 830; x_wconf 72' lang='lat' dir='ltr'><strong>cogitaveruntiniquitates</strong></span> <span class='ocrx_word' id='word_1_58' title='bbox 1665 755 1718 806; x_wconf 90' lang='lat' dir='ltr'><strong>in</strong></span> <span class='ocrx_word' id='word_1_59' title='bbox 1754 753 1950 807; x_wconf 84' lang='lat' dir='ltr'><strong>corde:</strong></span> 
     </span>
    </p>
   </div>
   <div class='ocr_carea' id='block_1_10' title="bbox 2001 734 3595 830">
    <p class='ocr_par' dir='ltr' id='par_1_10' title="bbox 2363 734 3595 807">
     <span class='ocr_line' id='line_1_10' title="bbox 2363 734 3595 807; baseline -0.006 -14"><span class='ocrx_word' id='word_1_60' title='bbox 2363 741 2415 794; x_wconf 81' lang='grc'><strong>5.</strong></span> <span class='ocrx_word' id='word_1_61' title='bbox 2461 740 2669 803; x_wconf 83' lang='grc' dir='ltr'>Οἵτινες</span> <span class='ocrx_word' id='word_1_62' title='bbox 2702 737 3014 807; x_wconf 87' lang='grc' dir='ltr'>ἐλογίσαντο</span> <span class='ocrx_word' id='word_1_63' title='bbox 3045 736 3256 790; x_wconf 83' lang='grc' dir='ltr'>ἀδικίαν</span> <span class='ocrx_word' id='word_1_64' title='bbox 3283 737 3338 788; x_wconf 85' lang='grc' dir='ltr'><strong>ἐν</strong></span> <span class='ocrx_word' id='word_1_65' title='bbox 3368 734 3565 806; x_wconf 87' lang='grc' dir='ltr'>καρδίᾳ</span> <span class='ocrx_word' id='word_1_66' title='bbox 3584 751 3595 763; x_wconf 90' lang='grc'><strong>·</strong></span> 
     </span>
    </p>
   </div>
   <div class='ocr_carea' id='block_1_11' title="bbox 703 821 2297 916">
    <p class='ocr_par' dir='ltr' id='par_1_11' title="bbox 703 821 1704 916">
     <span class='ocr_line' id='line_1_11' title="bbox 703 821 1704 916; baseline -0.011 -7"><span class='ocrx_word' id='word_1_67' title='bbox 703 855 754 909; x_wconf 68' lang='grc'>4.</span> <span class='ocrx_word' id='word_1_68' title='bbox 792 854 924 908; x_wconf 85' lang='lat' dir='ltr'><strong>Tota</strong></span> <span class='ocrx_word' id='word_1_69' title='bbox 953 821 1038 907; x_wconf 71' lang='lat' dir='ltr'><strong>die</strong></span> <span class='ocrx_word' id='word_1_70' title='bbox 1069 821 1467 906; x_wconf 76' lang='lat' dir='ltr'><strong>constituebant</strong></span> <span class='ocrx_word' id='word_1_71' title='bbox 1503 847 1704 916; x_wconf 68' lang='lat' dir='ltr'><strong>prmlia.</strong></span> 
     </span>
    </p>
   </div>
   <div class='ocr_carea' id='block_1_12' title="bbox 2119 821 3713 916">
    <p class='ocr_par' dir='ltr' id='par_1_12' title="bbox 2364 821 3713 899">
     <span class='ocr_line' id='line_1_12' title="bbox 2364 821 3713 899; baseline -0.01 -16"><span class='ocrx_word' id='word_1_72' title='bbox 2364 829 2416 884; x_wconf 76' lang='grc'>4.</span> <span class='ocrx_word' id='word_1_73' title='bbox 2435 829 2599 899; x_wconf 84' lang='grc' dir='ltr'>Ὅλην</span> <span class='ocrx_word' id='word_1_74' title='bbox 2621 827 2716 898; x_wconf 86' lang='grc' dir='ltr'>τὴν</span> <span class='ocrx_word' id='word_1_75' title='bbox 2750 827 2963 897; x_wconf 82' lang='grc' dir='ltr'>ἡμέραν</span> <span class='ocrx_word' id='word_1_76' title='bbox 2989 824 3386 896; x_wconf 84' lang='grc' dir='ltr'><strong>παρετάσσοντο</strong></span> <span class='ocrx_word' id='word_1_77' title='bbox 3419 821 3713 890; x_wconf 80' lang='grc' dir='ltr'><strong>πολέμους.</strong></span> 
     </span>
    </p>
   </div>
   <div class='ocr_carea' id='block_1_13' title="bbox 706 915 2300 1013">
    <p class='ocr_par' dir='ltr' id='par_1_13' title="bbox 706 938 1973 1013">
     <span class='ocr_line' id='line_1_13' title="bbox 706 938 1973 1013; baseline -0.009 -12"><span class='ocrx_word' id='word_1_78' title='bbox 706 948 756 1003; x_wconf 87' lang='grc'><strong>5.</strong></span> <span class='ocrx_word' id='word_1_79' title='bbox 792 947 1067 1000; x_wconf 86' lang='lat' dir='ltr'><strong>Acuerunt</strong></span> <span class='ocrx_word' id='word_1_80' title='bbox 1103 945 1311 1013; x_wconf 79' lang='lat' dir='ltr'><strong>linguas</strong></span> <span class='ocrx_word' id='word_1_81' title='bbox 1335 957 1460 997; x_wconf 91' lang='lat' dir='ltr'><strong>suas</strong></span> <span class='ocrx_word' id='word_1_82' title='bbox 1505 941 1642 994; x_wconf 90' lang='lat' dir='ltr'><strong>sicut</strong></span> <span class='ocrx_word' id='word_1_83' title='bbox 1668 938 1931 1006; x_wconf 80' lang='lat' dir='ltr'><strong>serpentis</strong></span> <span class='ocrx_word' id='word_1_84' title='bbox 1960 954 1973 989; x_wconf 91' lang='lat'>:</span> 
     </span>
    </p>
   </div>
   <div class='ocr_carea' id='block_1_14' title="bbox 2018 915 3612 1013">
    <p class='ocr_par' dir='ltr' id='par_1_14' title="bbox 2367 915 3612 991">
     <span class='ocr_line' id='line_1_14' title="bbox 2367 915 3612 991; baseline -0.006 -18"><span class='ocrx_word' id='word_1_85' title='bbox 2367 922 2419 974; x_wconf 83' lang='grc'><strong>5.</strong></span> <span class='ocrx_word' id='word_1_86' title='bbox 2445 921 2747 991; x_wconf 84' lang='grc' dir='ltr'>Ἦκόνησαν</span> <span class='ocrx_word' id='word_1_87' title='bbox 2771 919 3021 989; x_wconf 81' lang='grc' dir='ltr'>γλῶσσαν</span> <span class='ocrx_word' id='word_1_88' title='bbox 3043 916 3220 971; x_wconf 84' lang='grc' dir='ltr'>αὑτῶν</span> <span class='ocrx_word' id='word_1_89' title='bbox 3244 915 3374 968; x_wconf 76' lang='grc' dir='ltr'>ὡσεὶ</span> <span class='ocrx_word' id='word_1_90' title='bbox 3403 915 3580 984; x_wconf 72' lang='grc' dir='ltr'>ὄφεως</span> <span class='ocrx_word' id='word_1_91' title='bbox 3598 925 3612 945; x_wconf 85' lang='grc'><strong><em>⁸</em></strong></span> 
     </span>
    </p>
   </div>
   <div class='ocr_carea' id='block_1_15' title="bbox 703 1007 2297 1106">
    <p class='ocr_par' dir='ltr' id='par_1_15' title="bbox 703 1032 1902 1106">
     <span class='ocr_line' id='line_1_15' title="bbox 703 1032 1902 1106; baseline -0.01 -12"><span class='ocrx_word' id='word_1_92' title='bbox 703 1039 754 1095; x_wconf 85' lang='grc'><strong>6.</strong></span> <span class='ocrx_word' id='word_1_93' title='bbox 785 1038 1062 1093; x_wconf 87' lang='lat' dir='ltr'><strong>Venenum</strong></span> <span class='ocrx_word' id='word_1_94' title='bbox 1099 1035 1345 1106; x_wconf 90' lang='lat' dir='ltr'><strong>aspidum</strong></span> <span class='ocrx_word' id='word_1_95' title='bbox 1375 1034 1475 1089; x_wconf 91' lang='lat' dir='ltr'><strong>sub</strong></span> <span class='ocrx_word' id='word_1_96' title='bbox 1504 1032 1661 1086; x_wconf 81' lang='lat' dir='ltr'><strong>labiis</strong></span> <span class='ocrx_word' id='word_1_97' title='bbox 1690 1046 1902 1084; x_wconf 89' lang='lat' dir='ltr'><strong>eorum.</strong></span> 
     </span>
    </p>
   </div>
   <div class='ocr_carea' id='block_1_16' title="bbox 2105 1007 3699 1106">
    <p class='ocr_par' dir='ltr' id='par_1_16' title="bbox 2367 1007 3431 1082">
     <span class='ocr_line' id='line_1_16' title="bbox 2367 1007 3431 1082; baseline -0.008 -16"><span class='ocrx_word' id='word_1_98' title='bbox 2367 1013 2422 1066; x_wconf 88' lang='grc'><strong>6.</strong></span> <span class='ocrx_word' id='word_1_99' title='bbox 2448 1012 2547 1075; x_wconf 79' lang='grc' dir='ltr'>Ίὸς</span> <span class='ocrx_word' id='word_1_100' title='bbox 2575 1012 2814 1066; x_wconf 80' lang='grc' dir='ltr'><strong>ἀσπίδων</strong></span> <span class='ocrx_word' id='word_1_101' title='bbox 2841 1012 2943 1065; x_wconf 84' lang='grc' dir='ltr'><strong>ὑπὸ</strong></span> <span class='ocrx_word' id='word_1_102' title='bbox 2961 1011 3030 1066; x_wconf 86' lang='grc' dir='ltr'><strong>τά</strong></span> <span class='ocrx_word' id='word_1_103' title='bbox 3060 1011 3209 1082; x_wconf 92' lang='grc' dir='ltr'>χείλη</span> <span class='ocrx_word' id='word_1_104' title='bbox 3234 1007 3431 1062; x_wconf 84' lang='grc' dir='ltr'>αὑτῶν.</span> 
     </span>
    </p>
   </div>
   <div class='ocr_carea' id='block_1_17' title="bbox 705 1098 2299 1192">
    <p class='ocr_par' dir='ltr' id='par_1_17' title="bbox 705 1122 2050 1192">
     <span class='ocr_line' id='line_1_17' title="bbox 705 1122 2050 1192; baseline -0.007 -9"><span class='ocrx_word' id='word_1_105' title='bbox 705 1132 754 1184; x_wconf 87' lang='lat'><strong>7.</strong></span> <span class='ocrx_word' id='word_1_106' title='bbox 784 1129 1006 1186; x_wconf 79' lang='lat' dir='ltr'><strong>Custodi</strong></span> <span class='ocrx_word' id='word_1_107' title='bbox 1034 1145 1145 1192; x_wconf 87' lang='lat' dir='ltr'><strong>me,</strong></span> <span class='ocrx_word' id='word_1_108' title='bbox 1181 1127 1407 1183; x_wconf 88' lang='lat' dir='ltr'><strong>Domine</strong></span> <span class='ocrx_word' id='word_1_109' title='bbox 1427 1168 1440 1191; x_wconf 95' lang='lat'><strong>,</strong></span> <span class='ocrx_word' id='word_1_110' title='bbox 1467 1124 1531 1179; x_wconf 90' lang='lat' dir='ltr'><strong>de</strong></span> <span class='ocrx_word' id='word_1_111' title='bbox 1559 1139 1719 1177; x_wconf 91' lang='lat' dir='ltr'><strong>manu</strong></span> <span class='ocrx_word' id='word_1_112' title='bbox 1753 1122 2050 1192; x_wconf 85' lang='lat' dir='ltr'><strong>peccatoris</strong></span> 
     </span>
    </p>
   </div>
   <div class='ocr_carea' id='block_1_18' title="bbox 2130 1098 3724 1192">
    <p class='ocr_par' dir='ltr' id='par_1_18' title="bbox 2368 1098 3724 1174">
     <span class='ocr_line' id='line_1_18' title="bbox 2368 1098 3724 1174; baseline -0.008 -16"><span class='ocrx_word' id='word_1_113' title='bbox 2368 1105 2419 1158; x_wconf 91' lang='lat'><strong>7.</strong></span> <span class='ocrx_word' id='word_1_114' title='bbox 2457 1103 2694 1169; x_wconf 80' lang='grc' dir='ltr'>Φύλαξόν</span> <span class='ocrx_word' id='word_1_115' title='bbox 2725 1120 2815 1174; x_wconf 90' lang='grc' dir='ltr'><strong>με,</strong></span> <span class='ocrx_word' id='word_1_116' title='bbox 2846 1103 3039 1174; x_wconf 83' lang='grc' dir='ltr'>Κύριε,</span> <span class='ocrx_word' id='word_1_117' title='bbox 3067 1105 3129 1156; x_wconf 85' lang='grc' dir='ltr'><strong>ἐκ</strong></span> <span class='ocrx_word' id='word_1_118' title='bbox 3161 1101 3340 1174; x_wconf 85' lang='grc' dir='ltr'>χειρὸς</span> <span class='ocrx_word' id='word_1_119' title='bbox 3365 1098 3724 1169; x_wconf 70' lang='grc' dir='ltr'>ἀμαρτωλοῦ</span> 
     </span>
    </p>
   </div>
   <div class='ocr_carea' id='block_1_19' title="bbox 704 1193 2298 1289">
    <p class='ocr_par' dir='ltr' id='par_1_19' title="bbox 704 1216 1758 1289">
     <span class='ocr_line' id='line_1_19' title="bbox 704 1216 1758 1289; baseline -0.008 -11"><span class='ocrx_word' id='word_1_120' title='bbox 704 1224 755 1278; x_wconf 90' lang='lat'><strong>8.</strong></span> <span class='ocrx_word' id='word_1_121' title='bbox 792 1224 872 1277; x_wconf 82' lang='lat' dir='ltr'><strong>Ab</strong></span> <span class='ocrx_word' id='word_1_122' title='bbox 896 1221 1204 1276; x_wconf 88' lang='lat' dir='ltr'><strong>hominibus</strong></span> <span class='ocrx_word' id='word_1_123' title='bbox 1238 1219 1438 1289; x_wconf 89' lang='lat' dir='ltr'><strong>iniqttis</strong></span> <span class='ocrx_word' id='word_1_124' title='bbox 1460 1216 1608 1284; x_wconf 85' lang='lat' dir='ltr'><strong>eripe</strong></span> <span class='ocrx_word' id='word_1_125' title='bbox 1636 1232 1719 1269; x_wconf 89' lang='lat' dir='ltr'><strong>me</strong></span> <span class='ocrx_word' id='word_1_126' title='bbox 1745 1235 1758 1270; x_wconf 90' lang='lat'>:</span> 
     </span>
    </p>
   </div>
   <div class='ocr_carea' id='block_1_20' title="bbox 1875 1193 3469 1289">
    <p class='ocr_par' dir='ltr' id='par_1_20' title="bbox 2362 1193 3469 1270">
     <span class='ocr_line' id='line_1_20' title="bbox 2362 1193 3469 1270; baseline -0.005 -18"><span class='ocrx_word' id='word_1_127' title='bbox 2362 1199 2414 1255; x_wconf 88' lang='lat'><strong>8.</strong></span> <span class='ocrx_word' id='word_1_128' title='bbox 2441 1198 2573 1252; x_wconf 82' lang='grc' dir='ltr'>Ἀπὸ</span> <span class='ocrx_word' id='word_1_129' title='bbox 2597 1196 2897 1270; x_wconf 87' lang='grc' dir='ltr'>ἀνθρώπων</span> <span class='ocrx_word' id='word_1_130' title='bbox 2923 1197 3121 1250; x_wconf 83' lang='grc' dir='ltr'>ἀδίκων</span> <span class='ocrx_word' id='word_1_131' title='bbox 3153 1193 3336 1262; x_wconf 77' lang='grc' dir='ltr'>ἐξελοῦ</span> <span class='ocrx_word' id='word_1_132' title='bbox 3371 1211 3437 1265; x_wconf 86' lang='grc' dir='ltr'><strong>με</strong></span> <span class='ocrx_word' id='word_1_133' title='bbox 3458 1210 3469 1219; x_wconf 91' lang='grc'><strong>·</strong></span> 
     </span>
    </p>
   </div>
   <div class='ocr_carea' id='block_1_21' title="bbox 704 1298 2298 1385">
    <p class='ocr_par' dir='ltr' id='par_1_21' title="bbox 704 1311 2116 1385">
     <span class='ocr_line' id='line_1_21' title="bbox 704 1311 2116 1385; baseline -0.007 -15"><span class='ocrx_word' id='word_1_134' title='bbox 704 1318 754 1371; x_wconf 89' lang='grc'><strong>9.</strong></span> <span class='ocrx_word' id='word_1_135' title='bbox 795 1315 897 1382; x_wconf 86' lang='lat' dir='ltr'><strong>Qui</strong></span> <span class='ocrx_word' id='word_1_136' title='bbox 921 1315 1294 1385; x_wconf 71' lang='lat' dir='ltr'><strong>c03itaverunt</strong></span> <span class='ocrx_word' id='word_1_137' title='bbox 1315 1311 1660 1381; x_wconf 72' lang='lat' dir='ltr'><strong>supplantare</strong></span> <span class='ocrx_word' id='word_1_138' title='bbox 1691 1323 1911 1378; x_wconf 78' lang='lat' dir='ltr'><strong>gressus</strong></span> <span class='ocrx_word' id='word_1_139' title='bbox 1945 1321 2116 1360; x_wconf 90' lang='lat' dir='ltr'><strong>meos.</strong></span> 
     </span>
    </p>
   </div>
   <div class='ocr_carea' id='block_1_22' title="bbox 2285 1298 3879 1385">
    <p class='ocr_par' dir='ltr' id='par_1_22' title="bbox 2365 1298 3879 1377">
     <span class='ocr_line' id='line_1_22' title="bbox 2365 1298 3879 1377; baseline -0.009 -13"><span class='ocrx_word' id='word_1_140' title='bbox 2365 1309 2418 1364; x_wconf 91' lang='lat'><strong>9.</strong></span> <span class='ocrx_word' id='word_1_141' title='bbox 2461 1307 2668 1370; x_wconf 81' lang='grc' dir='ltr'>Οῖτινες</span> <span class='ocrx_word' id='word_1_142' title='bbox 2692 1306 3056 1377; x_wconf 83' lang='grc' dir='ltr'>διελογίσαντο</span> <span class='ocrx_word' id='word_1_143' title='bbox 3079 1304 3173 1358; x_wconf 87' lang='grc' dir='ltr'><strong>τοῦ</strong></span> <span class='ocrx_word' id='word_1_144' title='bbox 3196 1305 3268 1374; x_wconf 82' lang='lat' dir='ltr'><strong>(a‘,</strong></span> <span class='ocrx_word' id='word_1_145' title='bbox 3291 1301 3650 1356; x_wconf 81' lang='grc' dir='ltr'>ὑποσκελίσαι</span> <span class='ocrx_word' id='word_1_146' title='bbox 3675 1299 3746 1352; x_wconf 70' lang='grc' dir='ltr'>τὰ</span> <span class='ocrx_word' id='word_1_147' title='bbox 3776 1298 3879 1351; x_wconf 76' lang='grc' dir='ltr'>δια-</span> 
     </span>
    </p>
   </div>
   <div class='ocr_carea' id='block_1_23' title="bbox 2299 1397 2667 1470">
    <p class='ocr_par' dir='ltr' id='par_1_23' title="bbox 2299 1397 2667 1470">
     <span class='ocr_line' id='line_1_23' title="bbox 2299 1397 2667 1470; baseline -0.003 -18"><span class='ocrx_word' id='word_1_148' title='bbox 2299 1399 2364 1470; x_wconf 85' lang='grc' dir='ltr'><strong>6ή</strong></span> <span class='ocrx_word' id='word_1_149' title='bbox 2375 1397 2518 1470; x_wconf 85' lang='grc' dir='ltr'><strong>ματά</strong></span> <span class='ocrx_word' id='word_1_150' title='bbox 2545 1415 2667 1468; x_wconf 88' lang='grc' dir='ltr'>μου.</span> 
     </span>
    </p>
   </div>
   <div class='ocr_carea' id='block_1_24' title="bbox 705 1489 2299 1562">
    <p class='ocr_par' dir='ltr' id='par_1_24' title="bbox 705 1489 1952 1562">
     <span class='ocr_line' id='line_1_24' title="bbox 705 1489 1952 1562; baseline -0.005 -15"><span class='ocrx_word' id='word_1_151' title='bbox 705 1493 788 1547; x_wconf 87' lang='grc'><strong>10.</strong></span> <span class='ocrx_word' id='word_1_152' title='bbox 822 1492 1232 1549; x_wconf 78' lang='lat' dir='ltr'><strong>Absconderunt</strong></span> <span class='ocrx_word' id='word_1_153' title='bbox 1262 1491 1477 1562; x_wconf 85' lang='lat' dir='ltr'><strong>superbi</strong></span> <span class='ocrx_word' id='word_1_154' title='bbox 1513 1491 1763 1560; x_wconf 82' lang='lat' dir='ltr'><strong>laqueum</strong></span> <span class='ocrx_word' id='word_1_155' title='bbox 1797 1489 1952 1542; x_wconf 88' lang='lat' dir='ltr'><strong>mihi.</strong></span> 
     </span>
    </p>
   </div>
   <div class='ocr_carea' id='block_1_25' title="bbox 1923 1489 3517 1562">
    <p class='ocr_par' dir='ltr' id='par_1_25' title="bbox 1923 1489 3517 1561">
     <span class='ocr_line' id='line_1_25' title="bbox 1923 1489 3517 1561; baseline -0.001 -20"><span class='ocrx_word' id='word_1_156' title='bbox 1923 1489 1952 1541; x_wconf 94' lang='lat' dir='ltr'><strong>i.</strong></span> <span class='ocrx_word' id='word_1_157' title='bbox 2374 1491 2459 1544; x_wconf 83' lang='grc'><strong>10.</strong></span> <span class='ocrx_word' id='word_1_158' title='bbox 2482 1489 2762 1561; x_wconf 77' lang='grc' dir='ltr'>Ἐκρυψαν</span> <span class='ocrx_word' id='word_1_159' title='bbox 2789 1490 3126 1560; x_wconf 82' lang='grc' dir='ltr'>ὑπερήφανοι</span> <span class='ocrx_word' id='word_1_160' title='bbox 3163 1489 3364 1556; x_wconf 80' lang='grc' dir='ltr'>παγίδα</span> <span class='ocrx_word' id='word_1_161' title='bbox 3396 1504 3517 1557; x_wconf 80' lang='grc' dir='ltr'>μοι’</span> 
     </span>
    </p>
   </div>
   <div class='ocr_carea' id='block_1_26' title="bbox 710 1579 2304 1654">
    <p class='ocr_par' dir='ltr' id='par_1_26' title="bbox 710 1579 2193 1654">
     <span class='ocr_line' id='line_1_26' title="bbox 710 1579 2193 1654; baseline -0.004 -14"><span class='ocrx_word' id='word_1_162' title='bbox 710 1586 796 1640; x_wconf 86' lang='grc'><strong>11.</strong></span> <span class='ocrx_word' id='word_1_163' title='bbox 829 1584 892 1638; x_wconf 79' lang='lat' dir='ltr'><strong>Et</strong></span> <span class='ocrx_word' id='word_1_164' title='bbox 907 1586 1125 1639; x_wconf 74' lang='lat' dir='ltr'><strong>funibus</strong></span> <span class='ocrx_word' id='word_1_165' title='bbox 1138 1584 1754 1654; x_wconf 85' lang='lat' dir='ltr'><strong>extenderuntlaqueum</strong></span> <span class='ocrx_word' id='word_1_166' title='bbox 1780 1581 2008 1651; x_wconf 87' lang='lat' dir='ltr'><strong>pedibus</strong></span> <span class='ocrx_word' id='word_1_167' title='bbox 2030 1579 2193 1636; x_wconf 83' lang='lat' dir='ltr'><strong>meis:</strong></span> 
     </span>
    </p>
   </div>
   <div class='ocr_carea' id='block_1_27' title="bbox 2282 1579 3876 1654">
    <p class='ocr_par' dir='ltr' id='par_1_27' title="bbox 2381 1580 3876 1652">
     <span class='ocr_line' id='line_1_27' title="bbox 2381 1580 3876 1652; baseline -0.001 -19"><span class='ocrx_word' id='word_1_168' title='bbox 2381 1580 2466 1634; x_wconf 84' lang='grc' dir='ltr'><strong>Η.</strong></span> <span class='ocrx_word' id='word_1_169' title='bbox 2508 1581 2618 1634; x_wconf 77' lang='grc' dir='ltr'><strong>Καὶ</strong></span> <span class='ocrx_word' id='word_1_170' title='bbox 2650 1582 2902 1652; x_wconf 68' lang='grc' dir='ltr'>σχοινίοις</span> <span class='ocrx_word' id='word_1_171' title='bbox 2929 1582 3186 1635; x_wconf 79' lang='grc' dir='ltr'>διέτειναν</span> <span class='ocrx_word' id='word_1_172' title='bbox 3213 1581 3413 1648; x_wconf 80' lang='grc' dir='ltr'>παγίδα</span> <span class='ocrx_word' id='word_1_173' title='bbox 3444 1583 3557 1643; x_wconf 88' lang='grc' dir='ltr'>τοῖς</span> <span class='ocrx_word' id='word_1_174' title='bbox 3590 1581 3722 1633; x_wconf 81' lang='grc' dir='ltr'>ποσί</span> <span class='ocrx_word' id='word_1_175' title='bbox 3751 1597 3876 1650; x_wconf 75' lang='grc' dir='ltr'>μου·</span> 
     </span>
    </p>
   </div>
   <div class='ocr_carea' id='block_1_28' title="bbox 709 1671 2303 1745">
    <p class='ocr_par' dir='ltr' id='par_1_28' title="bbox 709 1671 1916 1744">
     <span class='ocr_line' id='line_1_28' title="bbox 709 1671 1916 1744; baseline -0.002 -16"><span class='ocrx_word' id='word_1_176' title='bbox 709 1676 793 1729; x_wconf 73' lang='grc'><strong>12.</strong></span> <span class='ocrx_word' id='word_1_177' title='bbox 827 1674 984 1729; x_wconf 83' lang='lat' dir='ltr'><strong>Juxta</strong></span> <span class='ocrx_word' id='word_1_178' title='bbox 1012 1677 1112 1730; x_wconf 85' lang='lat' dir='ltr'><strong>iter</strong></span> <span class='ocrx_word' id='word_1_179' title='bbox 1140 1674 1390 1730; x_wconf 89' lang='lat' dir='ltr'><strong>scandala</strong></span> <span class='ocrx_word' id='word_1_180' title='bbox 1435 1682 1734 1744; x_wconf 90' lang='lat' dir='ltr'><strong>posuerunt</strong></span> <span class='ocrx_word' id='word_1_181' title='bbox 1765 1671 1916 1725; x_wconf 89' lang='lat' dir='ltr'><strong>mihi.</strong></span> 
     </span>
    </p>
   </div>
   <div class='ocr_carea' id='block_1_29' title="bbox 2028 1671 3622 1745">
    <p class='ocr_par' dir='ltr' id='par_1_29' title="bbox 2377 1671 3622 1745">
     <span class='ocr_line' id='line_1_29' title="bbox 2377 1671 3622 1745; baseline 0.001 -21"><span class='ocrx_word' id='word_1_182' title='bbox 2377 1671 2463 1725; x_wconf 73' lang='grc'><strong>12.</strong></span> <span class='ocrx_word' id='word_1_183' title='bbox 2491 1672 2752 1743; x_wconf 84' lang='grc' dir='ltr'>Ἐχόμενα</span> <span class='ocrx_word' id='word_1_184' title='bbox 2775 1673 2962 1745; x_wconf 82' lang='grc' dir='ltr'>τρίϐου</span> <span class='ocrx_word' id='word_1_185' title='bbox 2996 1674 3262 1728; x_wconf 81' lang='grc' dir='ltr'>σκάνδαλα</span> <span class='ocrx_word' id='word_1_186' title='bbox 3293 1673 3474 1726; x_wconf 83' lang='grc' dir='ltr'>ἐθεντό</span> <span class='ocrx_word' id='word_1_187' title='bbox 3510 1690 3622 1743; x_wconf 88' lang='grc' dir='ltr'>μοι.</span> 
     </span>
    </p>
   </div>
   <div class='ocr_carea' id='block_1_30' title="bbox 713 1783 3389 1861">
    <p class='ocr_par' dir='ltr' id='par_1_30' title="bbox 713 1783 3389 1861">
     <span class='ocr_line' id='line_1_30' title="bbox 713 1783 3389 1861; baseline -0.003 -16"><span class='ocrx_word' id='word_1_188' title='bbox 713 1793 785 1861; x_wconf 89' lang='lat' dir='ltr'><strong>(a)</strong></span> <span class='ocrx_word' id='word_1_189' title='bbox 820 1791 969 1846; x_wconf 83' lang='lat' dir='ltr'><strong>Vers.</strong></span> <span class='ocrx_word' id='word_1_190' title='bbox 999 1793 1052 1844; x_wconf 78' lang='lat'><strong>&#39;5.</strong></span> <span class='ocrx_word' id='word_1_191' title='bbox 1090 1791 1298 1857; x_wconf 80' lang='lat' dir='ltr'><strong>Omnes,</strong></span> <span class='ocrx_word' id='word_1_192' title='bbox 1325 1800 1426 1845; x_wconf 90' lang='lat' dir='ltr'><strong>etc.</strong></span> <span class='ocrx_word' id='word_1_193' title='bbox 1453 1791 1482 1859; x_wconf 53' lang='grc' dir='ltr'><em>ᾗ</em></span> <span class='ocrx_word' id='word_1_194' title='bbox 1510 1790 1563 1844; x_wconf 67' lang='grc'><strong>1.</strong></span> <span class='ocrx_word' id='word_1_195' title='bbox 1591 1789 1715 1856; x_wconf 80' lang='lat' dir='ltr'><strong>Qui,</strong></span> <span class='ocrx_word' id='word_1_196' title='bbox 1745 1797 1875 1852; x_wconf 90' lang='lat' dir='ltr'><strong>etc.,</strong></span> <span class='ocrx_word' id='word_1_197' title='bbox 1907 1796 1956 1841; x_wconf 91' lang='lat' dir='ltr'><strong>et</strong></span> <span class='ocrx_word' id='word_1_198' title='bbox 1986 1785 2065 1840; x_wconf 89' lang='lat' dir='ltr'><strong>sic</strong></span> <span class='ocrx_word' id='word_1_199' title='bbox 2092 1785 2370 1854; x_wconf 89' lang='lat' dir='ltr'><strong>deinceps,</strong></span> <span class='ocrx_word' id='word_1_200' title='bbox 2399 1783 2451 1838; x_wconf 79' lang='lat' dir='ltr'><strong>It.</strong></span> <span class='ocrx_word' id='word_1_201' title='bbox 2477 1801 2524 1839; x_wconf 87' lang='lat' dir='ltr'><strong>e.</strong></span> <span class='ocrx_word' id='word_1_202' title='bbox 2555 1800 2699 1840; x_wconf 84' lang='lat' dir='ltr'><strong>vers.</strong></span> <span class='ocrx_word' id='word_1_203' title='bbox 2742 1786 2795 1839; x_wconf 90' lang='lat' dir='ltr'><strong>in</strong></span> <span class='ocrx_word' id='word_1_204' title='bbox 2827 1785 2948 1840; x_wconf 88' lang='lat' dir='ltr'><strong>cod.</strong></span> <span class='ocrx_word' id='word_1_205' title='bbox 2977 1784 3097 1839; x_wconf 85' lang='lat' dir='ltr'><strong>Vat.</strong></span> <span class='ocrx_word' id='word_1_206' title='bbox 3125 1795 3249 1839; x_wconf 88' lang='lat' dir='ltr'><strong>sunt</strong></span> <span class='ocrx_word' id='word_1_207' title='bbox 3277 1802 3331 1839; x_wconf 92' lang='lat' dir='ltr'><strong>n.</strong></span> <span class='ocrx_word' id='word_1_208' title='bbox 3357 1784 3389 1838; x_wconf 88' lang='grc'>8</span> 
     </span>
    </p>
   </div>
   <div class='ocr_carea' id='block_1_31' title="bbox 1747 1948 2769 2009">
    <p class='ocr_par' dir='ltr' id='par_1_31' title="bbox 1747 1948 2769 2009">
     <span class='ocr_line' id='line_1_31' title="bbox 1747 1948 2769 2009; baseline 0.006 -6"><span class='ocrx_word' id='word_1_209' title='bbox 1747 1948 2116 2004; x_wconf 56' lang='grc' dir='ltr'><strong>ΑΤΗΑΝᾹΞΙΙ</strong></span> <span class='ocrx_word' id='word_1_210' title='bbox 2176 1949 2769 2009; x_wconf 75' lang='lat' dir='ltr'><strong>INTERPRETATIO.</strong></span> 
     </span>
    </p>
   </div>
   <div class='ocr_carea' id='block_1_32' title="bbox 719 2105 3892 2182">
    <p class='ocr_par' dir='ltr' id='par_1_32' title="bbox 719 2105 3892 2182">
     <span class='ocr_line' id='line_1_32' title="bbox 719 2105 3892 2182; baseline -0.002 -18"><span class='ocrx_word' id='word_1_211' title='bbox 719 2108 781 2163; x_wconf 87' lang='grc' dir='ltr'><strong>Ἦ</strong></span> <span class='ocrx_word' id='word_1_212' title='bbox 813 2111 1148 2181; x_wconf 78' lang='grc' dir='ltr'>προκειμένη</span> <span class='ocrx_word' id='word_1_213' title='bbox 1176 2106 1454 2179; x_wconf 82' lang='grc' dir='ltr'>ἐπιγραφὴ</span> <span class='ocrx_word' id='word_1_214' title='bbox 1481 2105 1719 2178; x_wconf 77' lang='grc' dir='ltr'>περιέχει</span> <span class='ocrx_word' id='word_1_215' title='bbox 1748 2105 1844 2176; x_wconf 89' lang='grc'><strong>(1)·</strong></span> <span class='ocrx_word' id='word_1_216' title='bbox 1876 2109 1980 2172; x_wconf 73' lang='grc' dir='ltr'><strong>Εἰς</strong></span> <span class='ocrx_word' id='word_1_217' title='bbox 2007 2106 2073 2160; x_wconf 82' lang='grc' dir='ltr'>τὸ</span> <span class='ocrx_word' id='word_1_218' title='bbox 2104 2106 2277 2172; x_wconf 77' lang='grc' dir='ltr'>τέλος</span> <span class='ocrx_word' id='word_1_219' title='bbox 2304 2107 2385 2174; x_wconf 85' lang='grc' dir='ltr'>τῷ</span> <span class='ocrx_word' id='word_1_220' title='bbox 2410 2109 2588 2162; x_wconf 75' lang='grc' dir='ltr'><strong>Δαϐίό</strong></span> <span class='ocrx_word' id='word_1_221' title='bbox 2617 2108 2880 2178; x_wconf 73' lang='grc' dir='ltr'>ψαλμὸς,</span> <span class='ocrx_word' id='word_1_222' title='bbox 2917 2109 3052 2179; x_wconf 79' lang='grc' dir='ltr'>ὅπερ</span> <span class='ocrx_word' id='word_1_223' title='bbox 3087 2110 3445 2182; x_wconf 78' lang='grc' dir='ltr'>ἑρμηνεύεται</span> <span class='ocrx_word' id='word_1_224' title='bbox 3488 2107 3621 2178; x_wconf 76' lang='grc' dir='ltr'>περὶ</span> <span class='ocrx_word' id='word_1_225' title='bbox 3660 2107 3771 2160; x_wconf 84' lang='grc' dir='ltr'><strong>τῶν</strong></span> <span class='ocrx_word' id='word_1_226' title='bbox 3809 2110 3892 2161; x_wconf 75' lang='grc' dir='ltr'><strong>ἐπὶ</strong></span> 
     </span>
    </p>
   </div>
   <div class='ocr_carea' id='block_1_33' title="bbox 643 2195 3893 2273">
    <p class='ocr_par' dir='ltr' id='par_1_33' title="bbox 643 2195 3893 2273">
     <span class='ocr_line' id='line_1_33' title="bbox 643 2195 3893 2273; baseline -0.002 -17"><span class='ocrx_word' id='word_1_227' title='bbox 643 2201 918 2271; x_wconf 80' lang='grc' dir='ltr'>συντελείᾳ</span> <span class='ocrx_word' id='word_1_228' title='bbox 951 2200 1058 2252; x_wconf 85' lang='grc' dir='ltr'><strong>τῶν</strong></span> <span class='ocrx_word' id='word_1_229' title='bbox 1088 2198 1296 2252; x_wconf 86' lang='grc' dir='ltr'>αἰώνων</span> <span class='ocrx_word' id='word_1_230' title='bbox 1329 2197 1623 2268; x_wconf 85' lang='grc' dir='ltr'>μελλόντων</span> <span class='ocrx_word' id='word_1_231' title='bbox 1666 2195 1881 2249; x_wconf 80' lang='grc' dir='ltr'>ἔσεσθαι</span> <span class='ocrx_word' id='word_1_232' title='bbox 1930 2200 2044 2260; x_wconf 88' lang='grc' dir='ltr'>τοῖς</span> <span class='ocrx_word' id='word_1_233' title='bbox 2087 2197 2502 2268; x_wconf 87' lang='grc' dir='ltr'>ἀνθισταμένοις</span> <span class='ocrx_word' id='word_1_234' title='bbox 2536 2202 2601 2270; x_wconf 81' lang='grc' dir='ltr'>τῇ</span> <span class='ocrx_word' id='word_1_235' title='bbox 2637 2199 2886 2271; x_wconf 80' lang='grc' dir='ltr'>ἀληθείᾳ,</span> <span class='ocrx_word' id='word_1_236' title='bbox 2919 2202 3012 2254; x_wconf 74' lang='grc' dir='ltr'>καὶ</span> <span class='ocrx_word' id='word_1_237' title='bbox 3037 2203 3164 2273; x_wconf 76' lang='grc' dir='ltr'>περὶ</span> <span class='ocrx_word' id='word_1_238' title='bbox 3189 2203 3289 2273; x_wconf 79' lang='grc' dir='ltr'><strong>τῆς</strong></span> <span class='ocrx_word' id='word_1_239' title='bbox 3317 2200 3752 2273; x_wconf 85' lang='grc' dir='ltr'>μισθαποδοσίας</span> <span class='ocrx_word' id='word_1_240' title='bbox 3795 2202 3893 2252; x_wconf 67' lang='grc' dir='ltr'><strong>τῶν</strong></span> 
     </span>
    </p>
   </div>
   <div class='ocr_carea' id='block_1_34' title="bbox 643 2291 3895 2370">
    <p class='ocr_par' dir='ltr' id='par_1_34' title="bbox 643 2291 3895 2370">
     <span class='ocr_line' id='line_1_34' title="bbox 643 2291 3895 2370; baseline 0 -18"><span class='ocrx_word' id='word_1_241' title='bbox 643 2299 811 2367; x_wconf 78' lang='grc' dir='ltr'>ἁγίων</span> <span class='ocrx_word' id='word_1_242' title='bbox 859 2298 1069 2368; x_wconf 74' lang='grc' dir='ltr'>εἴρηται</span> <span class='ocrx_word' id='word_1_243' title='bbox 1112 2295 1324 2365; x_wconf 73' lang='grc' dir='ltr'>ψαλμδς</span> <span class='ocrx_word' id='word_1_244' title='bbox 1365 2293 1444 2360; x_wconf 85' lang='grc' dir='ltr'>τῷ</span> <span class='ocrx_word' id='word_1_245' title='bbox 1491 2291 1674 2358; x_wconf 78' lang='grc' dir='ltr'>ικανῷ</span> <span class='ocrx_word' id='word_1_246' title='bbox 1708 2291 1780 2360; x_wconf 78' lang='grc' dir='ltr'>τῇ</span> <span class='ocrx_word' id='word_1_247' title='bbox 1818 2292 1987 2361; x_wconf 78' lang='grc' dir='ltr'>χειρὶ,</span> <span class='ocrx_word' id='word_1_248' title='bbox 2013 2293 2293 2346; x_wconf 83' lang='grc' dir='ltr'>τουτέστιν</span> <span class='ocrx_word' id='word_1_249' title='bbox 2320 2293 2396 2365; x_wconf 82' lang='grc' dir='ltr'>τῷ</span> <span class='ocrx_word' id='word_1_250' title='bbox 2427 2294 2542 2366; x_wconf 83' lang='grc' dir='ltr'><strong>Υἱῷ</strong></span> <span class='ocrx_word' id='word_1_251' title='bbox 2563 2293 2658 2348; x_wconf 84' lang='grc' dir='ltr'><strong>τοῦ</strong></span> <span class='ocrx_word' id='word_1_252' title='bbox 2685 2295 2820 2348; x_wconf 85' lang='grc' dir='ltr'>Θεοῦ</span> <span class='ocrx_word' id='word_1_253' title='bbox 2842 2313 2854 2326; x_wconf 79' lang='grc'><em>’</em></span> <span class='ocrx_word' id='word_1_254' title='bbox 2881 2297 3038 2350; x_wconf 89' lang='grc' dir='ltr'>τοῦτο</span> <span class='ocrx_word' id='word_1_255' title='bbox 3061 2299 3169 2368; x_wconf 82' lang='grc' dir='ltr'>γὰρ</span> <span class='ocrx_word' id='word_1_256' title='bbox 3204 2297 3566 2370; x_wconf 76' lang='grc' dir='ltr'>ἑρμηνεύεται</span> <span class='ocrx_word' id='word_1_257' title='bbox 3599 2296 3803 2360; x_wconf 75' lang='grc' dir='ltr'>Δαόὶδ,</span> <span class='ocrx_word' id='word_1_258' title='bbox 3828 2299 3895 2353; x_wconf 71' lang='grc' dir='ltr'><strong>ὡς</strong></span> 
     </span>
    </p>
   </div>
   <div class='ocr_carea' id='block_1_35' title="bbox 645 2391 1254 2462">
    <p class='ocr_par' dir='ltr' id='par_1_35' title="bbox 645 2391 1254 2462">
     <span class='ocr_line' id='line_1_35' title="bbox 645 2391 1254 2462; baseline -0.01 -14"><span class='ocrx_word' id='word_1_259' title='bbox 645 2392 903 2455; x_wconf 84' lang='grc' dir='ltr'>πολλάκις</span> <span class='ocrx_word' id='word_1_260' title='bbox 935 2391 1128 2462; x_wconf 81' lang='grc' dir='ltr'>είρήκα</span> <span class='ocrx_word' id='word_1_261' title='bbox 1137 2406 1254 2455; x_wconf 90' lang='grc' dir='ltr'>μεν.</span> 
     </span>
    </p>
   </div>
   <div class='ocr_carea' id='block_1_36' title="bbox 721 2503 3899 2580">
    <p class='ocr_par' dir='ltr' id='par_1_36' title="bbox 721 2503 3899 2580">
     <span class='ocr_line' id='line_1_36' title="bbox 721 2503 3899 2580; baseline -0 -16"><span class='ocrx_word' id='word_1_262' title='bbox 721 2510 935 2564; x_wconf 87' lang='lat' dir='ltr'><strong>Titulus</strong></span> <span class='ocrx_word' id='word_1_263' title='bbox 970 2508 1296 2577; x_wconf 70' lang='lat' dir='ltr'><strong>praepositus</strong></span> <span class='ocrx_word' id='word_1_264' title='bbox 1330 2505 1570 2560; x_wconf 91' lang='lat' dir='ltr'><strong>continet</strong></span> <span class='ocrx_word' id='word_1_265' title='bbox 1599 2523 1612 2558; x_wconf 88' lang='lat'><strong>:</strong></span> <span class='ocrx_word' id='word_1_266' title='bbox 1650 2503 1716 2558; x_wconf 85' lang='lat' dir='ltr'><strong>In</strong></span> <span class='ocrx_word' id='word_1_267' title='bbox 1745 2505 1900 2575; x_wconf 78' lang='lat' dir='ltr'><strong>ﬁnem</strong></span> <span class='ocrx_word' id='word_1_268' title='bbox 1923 2509 2160 2575; x_wconf 77' lang='lat' dir='ltr'><strong>psalmus</strong></span> <span class='ocrx_word' id='word_1_269' title='bbox 2192 2507 2388 2576; x_wconf 83' lang='lat' dir='ltr'><strong>David,</strong></span> <span class='ocrx_word' id='word_1_270' title='bbox 2422 2511 2568 2580; x_wconf 89' lang='lat' dir='ltr'><strong>quod</strong></span> <span class='ocrx_word' id='word_1_271' title='bbox 2597 2511 2983 2578; x_wconf 82' lang='lat' dir='ltr'><strong>interpretatur</strong></span> <span class='ocrx_word' id='word_1_272' title='bbox 3053 2512 3120 2566; x_wconf 90' lang='lat' dir='ltr'><strong>de</strong></span> <span class='ocrx_word' id='word_1_273' title='bbox 3181 2511 3266 2574; x_wconf 92' lang='lat' dir='ltr'><strong>iis,</strong></span> <span class='ocrx_word' id='word_1_274' title='bbox 3296 2525 3416 2580; x_wconf 70' lang='lat' dir='ltr'><strong>quae</strong></span> <span class='ocrx_word' id='word_1_275' title='bbox 3446 2509 3499 2564; x_wconf 92' lang='lat' dir='ltr'><strong>in</strong></span> <span class='ocrx_word' id='word_1_276' title='bbox 3533 2510 3647 2566; x_wconf 87' lang='lat' dir='ltr'><strong>line</strong></span> <span class='ocrx_word' id='word_1_277' title='bbox 3676 2511 3899 2567; x_wconf 70' lang='lat' dir='ltr'><strong>saeculo-</strong></span> 
     </span>
    </p>
   </div>
   <div class='ocr_carea' id='block_1_37' title="bbox 641 2597 3898 2674">
    <p class='ocr_par' dir='ltr' id='par_1_37' title="bbox 641 2597 3898 2674">
     <span class='ocr_line' id='line_1_37' title="bbox 641 2597 3898 2674; baseline 0 -19"><span class='ocrx_word' id='word_1_278' title='bbox 641 2618 768 2656; x_wconf 83' lang='lat' dir='ltr'><strong>rum</strong></span> <span class='ocrx_word' id='word_1_279' title='bbox 801 2602 983 2654; x_wconf 79' lang='lat' dir='ltr'><strong>futura</strong></span> <span class='ocrx_word' id='word_1_280' title='bbox 1012 2609 1142 2654; x_wconf 89' lang='lat' dir='ltr'><strong>sunt</strong></span> <span class='ocrx_word' id='word_1_281' title='bbox 1173 2599 1304 2661; x_wconf 91' lang='lat' dir='ltr'><strong>illis,</strong></span> <span class='ocrx_word' id='word_1_282' title='bbox 1340 2597 1433 2665; x_wconf 86' lang='lat' dir='ltr'><strong>qui</strong></span> <span class='ocrx_word' id='word_1_283' title='bbox 1467 2597 1731 2652; x_wconf 86' lang='lat' dir='ltr'><strong>resistunt</strong></span> <span class='ocrx_word' id='word_1_284' title='bbox 1761 2601 1996 2665; x_wconf 75' lang='lat' dir='ltr'><strong>veritati,</strong></span> <span class='ocrx_word' id='word_1_285' title='bbox 2023 2611 2076 2655; x_wconf 87' lang='lat' dir='ltr'><strong>et</strong></span> <span class='ocrx_word' id='word_1_286' title='bbox 2109 2602 2175 2656; x_wconf 89' lang='lat' dir='ltr'><strong>de</strong></span> <span class='ocrx_word' id='word_1_287' title='bbox 2199 2602 2558 2658; x_wconf 88' lang='lat' dir='ltr'><strong>retributione</strong></span> <span class='ocrx_word' id='word_1_288' title='bbox 2591 2611 2940 2660; x_wconf 88' lang='lat' dir='ltr'><strong>sanctorum:</strong></span> <span class='ocrx_word' id='word_1_289' title='bbox 2972 2605 3149 2660; x_wconf 91' lang='lat' dir='ltr'><strong>dictus</strong></span> <span class='ocrx_word' id='word_1_290' title='bbox 3178 2613 3261 2660; x_wconf 89' lang='lat' dir='ltr'><strong>est</strong></span> <span class='ocrx_word' id='word_1_291' title='bbox 3289 2604 3532 2674; x_wconf 88' lang='lat' dir='ltr'><strong>psalmus</strong></span> <span class='ocrx_word' id='word_1_292' title='bbox 3564 2621 3733 2657; x_wconf 75' lang='lat' dir='ltr'><strong>manu</strong></span> <span class='ocrx_word' id='word_1_293' title='bbox 3759 2606 3898 2672; x_wconf 74' lang='lat' dir='ltr'><strong>forti,</strong></span> 
     </span>
    </p>
   </div>
   <div class='ocr_carea' id='block_1_38' title="bbox 646 2692 2684 2768">
    <p class='ocr_par' dir='ltr' id='par_1_38' title="bbox 646 2692 2684 2768">
     <span class='ocr_line' id='line_1_38' title="bbox 646 2692 2684 2768; baseline 0.002 -18"><span class='ocrx_word' id='word_1_294' title='bbox 646 2695 750 2750; x_wconf 83' lang='lat' dir='ltr'><strong>hoc</strong></span> <span class='ocrx_word' id='word_1_295' title='bbox 777 2704 860 2749; x_wconf 91' lang='lat' dir='ltr'><strong>est</strong></span> <span class='ocrx_word' id='word_1_296' title='bbox 889 2693 982 2748; x_wconf 89' lang='lat' dir='ltr'><strong>Dei</strong></span> <span class='ocrx_word' id='word_1_297' title='bbox 1015 2693 1171 2757; x_wconf 88' lang='lat' dir='ltr'><strong>Filio,</strong></span> <span class='ocrx_word' id='word_1_298' title='bbox 1200 2694 1273 2748; x_wconf 91' lang='lat' dir='ltr'><strong>ita</strong></span> <span class='ocrx_word' id='word_1_299' title='bbox 1303 2695 1447 2747; x_wconf 89' lang='lat' dir='ltr'><strong>enim</strong></span> <span class='ocrx_word' id='word_1_300' title='bbox 1480 2693 1863 2764; x_wconf 86' lang='lat' dir='ltr'><strong>interpretatur</strong></span> <span class='ocrx_word' id='word_1_301' title='bbox 1896 2692 2082 2760; x_wconf 82' lang='lat' dir='ltr'><strong>David,</strong></span> <span class='ocrx_word' id='word_1_302' title='bbox 2109 2703 2170 2752; x_wconf 87' lang='lat' dir='ltr'><strong>ut</strong></span> <span class='ocrx_word' id='word_1_303' title='bbox 2194 2695 2400 2768; x_wconf 87' lang='lat' dir='ltr'><strong>pluries</strong></span> <span class='ocrx_word' id='word_1_304' title='bbox 2423 2696 2684 2754; x_wconf 79' lang='lat' dir='ltr'><strong>diximus.</strong></span> 
     </span>
    </p>
   </div>
   <div class='ocr_carea' id='block_1_39' title="bbox 719 2850 2313 2929">
    <p class='ocr_par' dir='ltr' id='par_1_39' title="bbox 719 2850 2285 2925">
     <span class='ocr_line' id='line_1_39' title="bbox 719 2850 2285 2925; baseline 0.003 -20"><span class='ocrx_word' id='word_1_305' title='bbox 719 2853 769 2905; x_wconf 91' lang='grc'><strong>1.</strong></span> <span class='ocrx_word' id='word_1_306' title='bbox 809 2850 996 2905; x_wconf 87' lang='lat' dir='ltr'><strong>Libera</strong></span> <span class='ocrx_word' id='word_1_307' title='bbox 1033 2867 1148 2915; x_wconf 88' lang='lat' dir='ltr'><strong>me,</strong></span> <span class='ocrx_word' id='word_1_308' title='bbox 1180 2850 1439 2918; x_wconf 88' lang='lat' dir='ltr'><strong>Domine,</strong></span> <span class='ocrx_word' id='word_1_309' title='bbox 1473 2851 1540 2905; x_wconf 88' lang='lat' dir='ltr'><strong>ab</strong></span> <span class='ocrx_word' id='word_1_310' title='bbox 1569 2852 1658 2917; x_wconf 90' lang='lat' dir='ltr'><strong>iis,</strong></span> <span class='ocrx_word' id='word_1_311' title='bbox 1694 2853 1787 2922; x_wconf 87' lang='lat' dir='ltr'><strong>qui</strong></span> <span class='ocrx_word' id='word_1_312' title='bbox 1822 2855 2057 2923; x_wconf 88' lang='lat' dir='ltr'><strong>speciem</strong></span> <span class='ocrx_word' id='word_1_313' title='bbox 2085 2856 2211 2925; x_wconf 88' lang='lat' dir='ltr'><strong>qui-</strong></span> <span class='ocrx_word' id='word_1_314' title='bbox 2241 2865 2285 2920; x_wconf 82' lang='grc' dir='ltr'>Β</span> 
     </span>
    </p>
   </div>
   <div class='ocr_carea' id='block_1_40' title="bbox 2308 2850 3902 2929">
    <p class='ocr_par' dir='ltr' id='par_1_40' title="bbox 2386 2855 3902 2929">
     <span class='ocr_line' id='line_1_40' title="bbox 2386 2855 3902 2929; baseline -0.002 -19"><span class='ocrx_word' id='word_1_315' title='bbox 2386 2858 2438 2912; x_wconf 93' lang='grc'><strong>1.</strong></span> <span class='ocrx_word' id='word_1_316' title='bbox 2479 2857 2765 2929; x_wconf 82' lang='grc' dir='ltr'>Δὺτρωσαί</span> <span class='ocrx_word' id='word_1_317' title='bbox 2789 2875 2877 2928; x_wconf 90' lang='grc' dir='ltr'><strong>με,</strong></span> <span class='ocrx_word' id='word_1_318' title='bbox 2906 2856 3100 2925; x_wconf 84' lang='grc' dir='ltr'>Κύριε,</span> <span class='ocrx_word' id='word_1_319' title='bbox 3126 2858 3192 2909; x_wconf 88' lang='grc' dir='ltr'><strong>ἐκ</strong></span> <span class='ocrx_word' id='word_1_320' title='bbox 3213 2855 3320 2909; x_wconf 85' lang='grc' dir='ltr'>τῶν</span> <span class='ocrx_word' id='word_1_321' title='bbox 3352 2855 3588 2926; x_wconf 88' lang='grc' dir='ltr'>ἐχόντων</span> <span class='ocrx_word' id='word_1_322' title='bbox 3623 2856 3902 2928; x_wconf 59' lang='grc' dir='ltr'>μόρφωστν</span> 
     </span>
    </p>
   </div>
   <div class='ocr_carea' id='block_1_41' title="bbox 647 2944 2241 3020">
    <p class='ocr_par' dir='ltr' id='par_1_41' title="bbox 647 2944 2211 3014">
     <span class='ocr_line' id='line_1_41' title="bbox 647 2944 2211 3014; baseline 0.002 -15"><span class='ocrx_word' id='word_1_323' title='bbox 647 2946 766 2999; x_wconf 88' lang='lat' dir='ltr'><strong>dem</strong></span> <span class='ocrx_word' id='word_1_324' title='bbox 800 2945 997 2998; x_wconf 82' lang='lat' dir='ltr'><strong>habent</strong></span> <span class='ocrx_word' id='word_1_325' title='bbox 1025 2945 1262 3012; x_wconf 86' lang='lat' dir='ltr'><strong>pietatis,</strong></span> <span class='ocrx_word' id='word_1_326' title='bbox 1281 2945 1399 3013; x_wconf 85' lang='lat' dir='ltr'><strong>ejus</strong></span> <span class='ocrx_word' id='word_1_327' title='bbox 1423 2954 1605 2998; x_wconf 90' lang='lat' dir='ltr'><strong>autem</strong></span> <span class='ocrx_word' id='word_1_328' title='bbox 1635 2944 1905 3014; x_wconf 79' lang='lat' dir='ltr'><strong>denegant</strong></span> <span class='ocrx_word' id='word_1_329' title='bbox 1928 2947 2211 3002; x_wconf 85' lang='lat' dir='ltr'><strong>virtutem.</strong></span> 
     </span>
    </p>
   </div>
   <div class='ocr_carea' id='block_1_42' title="bbox 2270 2944 3864 3020">
    <p class='ocr_par' dir='ltr' id='par_1_42' title="bbox 2319 2945 3864 3020">
     <span class='ocr_line' id='line_1_42' title="bbox 2319 2945 3864 3020; baseline -0.002 -19"><span class='ocrx_word' id='word_1_330' title='bbox 2319 2947 2417 3019; x_wconf 81' lang='grc' dir='ltr'>μὲν</span> <span class='ocrx_word' id='word_1_331' title='bbox 2443 2949 2742 3014; x_wconf 78' lang='grc' dir='ltr'>εὐσεϐείας,</span> <span class='ocrx_word' id='word_1_332' title='bbox 2774 2948 2870 3020; x_wconf 81' lang='grc' dir='ltr'>τὴν</span> <span class='ocrx_word' id='word_1_333' title='bbox 2895 2947 2951 3001; x_wconf 83' lang='grc' dir='ltr'><strong>δὲ</strong></span> <span class='ocrx_word' id='word_1_334' title='bbox 2978 2947 3204 3018; x_wconf 77' lang='grc' dir='ltr'>δύναμιν</span> <span class='ocrx_word' id='word_1_335' title='bbox 3233 2945 3401 3015; x_wconf 86' lang='grc' dir='ltr'>αὑτῆς</span> <span class='ocrx_word' id='word_1_336' title='bbox 3425 2947 3739 3016; x_wconf 74' lang='grc' dir='ltr'>ἠρνημένοι</span> <span class='ocrx_word' id='word_1_337' title='bbox 3774 2948 3864 3014; x_wconf 70' lang='lat'><strong>(2).</strong></span> 
     </span>
    </p>
   </div>
   <div class='ocr_carea' id='block_1_43' title="bbox 718 3036 2312 3112">
    <p class='ocr_par' dir='ltr' id='par_1_43' title="bbox 718 3036 2215 3106">
     <span class='ocr_line' id='line_1_43' title="bbox 718 3036 2215 3106; baseline 0.003 -15"><span class='ocrx_word' id='word_1_338' title='bbox 718 3039 771 3092; x_wconf 73' lang='lat'><strong>2.</strong></span> <span class='ocrx_word' id='word_1_339' title='bbox 809 3038 890 3091; x_wconf 84' lang='lat' dir='ltr'><strong>Ab</strong></span> <span class='ocrx_word' id='word_1_340' title='bbox 917 3037 1064 3090; x_wconf 89' lang='lat' dir='ltr'><strong>omni</strong></span> <span class='ocrx_word' id='word_1_341' title='bbox 1101 3036 1249 3098; x_wconf 89' lang='lat' dir='ltr'><strong>viro,</strong></span> <span class='ocrx_word' id='word_1_342' title='bbox 1285 3037 1380 3106; x_wconf 92' lang='lat' dir='ltr'><strong>qui</strong></span> <span class='ocrx_word' id='word_1_343' title='bbox 1425 3045 1670 3094; x_wconf 88' lang='lat' dir='ltr'><strong>armatus</strong></span> <span class='ocrx_word' id='word_1_344' title='bbox 1715 3045 1800 3093; x_wconf 89' lang='lat' dir='ltr'><strong>est</strong></span> <span class='ocrx_word' id='word_1_345' title='bbox 1845 3048 2036 3096; x_wconf 88' lang='lat' dir='ltr'><strong>contra</strong></span> <span class='ocrx_word' id='word_1_346' title='bbox 2067 3041 2215 3096; x_wconf 88' lang='lat' dir='ltr'><strong>veri-</strong></span> 
     </span>
    </p>
   </div>
   <div class='ocr_carea' id='block_1_44' title="bbox 2307 3036 3901 3112">
    <p class='ocr_par' dir='ltr' id='par_1_44' title="bbox 2387 3038 3901 3112">
     <span class='ocr_line' id='line_1_44' title="bbox 2387 3038 3901 3112; baseline -0.003 -15"><span class='ocrx_word' id='word_1_347' title='bbox 2387 3043 2439 3097; x_wconf 72' lang='grc'><strong>2.</strong></span> <span class='ocrx_word' id='word_1_348' title='bbox 2463 3043 2594 3096; x_wconf 76' lang='grc' dir='ltr'><strong>Ἀπὸ</strong></span> <span class='ocrx_word' id='word_1_349' title='bbox 2626 3043 2823 3106; x_wconf 82' lang='grc' dir='ltr'>παντὸς</span> <span class='ocrx_word' id='word_1_350' title='bbox 2851 3041 3206 3112; x_wconf 78' lang='grc' dir='ltr'>όπλιζομένου</span> <span class='ocrx_word' id='word_1_351' title='bbox 3226 3039 3363 3094; x_wconf 85' lang='grc' dir='ltr'><strong>κατά</strong></span> <span class='ocrx_word' id='word_1_352' title='bbox 3391 3038 3490 3102; x_wconf 64' lang='grc' dir='ltr'>τῆς</span> <span class='ocrx_word' id='word_1_353' title='bbox 3516 3039 3790 3109; x_wconf 76' lang='grc' dir='ltr'>ἀληθείας</span> <span class='ocrx_word' id='word_1_354' title='bbox 3812 3041 3901 3109; x_wconf 54' lang='lat'><strong>(3..-</strong></span> 
     </span>
    </p>
   </div>
   <div class='ocr_carea' id='block_1_45' title="bbox 650 3141 836 3185">
    <p class='ocr_par' dir='ltr' id='par_1_45' title="bbox 650 3141 836 3185">
     <span class='ocr_line' id='line_1_45' title="bbox 650 3141 836 3185; baseline -0.005 -1"><span class='ocrx_word' id='word_1_355' title='bbox 650 3141 836 3185; x_wconf 87' lang='lat' dir='ltr'><strong>tatem.</strong></span> 
     </span>
    </p>
   </div>
   <div class='ocr_carea' id='block_1_46' title="bbox 724 3219 2318 3295">
    <p class='ocr_par' dir='ltr' id='par_1_46' title="bbox 724 3221 1929 3295">
     <span class='ocr_line' id='line_1_46' title="bbox 724 3221 1929 3295; baseline 0.002 -19"><span class='ocrx_word' id='word_1_356' title='bbox 724 3223 774 3276; x_wconf 77' lang='lat'><strong>5.</strong></span> <span class='ocrx_word' id='word_1_357' title='bbox 810 3222 911 3288; x_wconf 87' lang='lat' dir='ltr'><strong>Qui</strong></span> <span class='ocrx_word' id='word_1_358' title='bbox 937 3221 1339 3276; x_wconf 89' lang='lat' dir='ltr'><strong>simulationem</strong></span> <span class='ocrx_word' id='word_1_359' title='bbox 1370 3221 1571 3277; x_wconf 90' lang='lat' dir='ltr'><strong>habent</strong></span> <span class='ocrx_word' id='word_1_360' title='bbox 1601 3223 1654 3276; x_wconf 93' lang='lat' dir='ltr'><strong>in</strong></span> <span class='ocrx_word' id='word_1_361' title='bbox 1685 3239 1743 3279; x_wconf 91' lang='lat' dir='ltr'><strong>se</strong></span> <span class='ocrx_word' id='word_1_362' title='bbox 1774 3223 1929 3295; x_wconf 91' lang='lat' dir='ltr'><strong>ipsis.</strong></span> 
     </span>
    </p>
   </div>
   <div class='ocr_carea' id='block_1_47' title="bbox 2134 3219 3728 3295">
    <p class='ocr_par' dir='ltr' id='par_1_47' title="bbox 2390 3219 3728 3292">
     <span class='ocr_line' id='line_1_47' title="bbox 2390 3219 3728 3292; baseline -0.003 -16"><span class='ocrx_word' id='word_1_363' title='bbox 2390 3224 2441 3276; x_wconf 77' lang='lat'><strong>3.</strong></span> <span class='ocrx_word' id='word_1_364' title='bbox 2485 3221 2691 3285; x_wconf 81' lang='grc' dir='ltr'>Οἷτινες</span> <span class='ocrx_word' id='word_1_365' title='bbox 2710 3221 2808 3292; x_wconf 81' lang='grc' dir='ltr'>τὴν</span> <span class='ocrx_word' id='word_1_366' title='bbox 2835 3221 3120 3291; x_wconf 82' lang='grc' dir='ltr'>ὑπόκρισιν</span> <span class='ocrx_word' id='word_1_367' title='bbox 3156 3219 3367 3290; x_wconf 80' lang='grc' dir='ltr'>ἔχουσιν</span> <span class='ocrx_word' id='word_1_368' title='bbox 3394 3222 3450 3273; x_wconf 93' lang='grc' dir='ltr'><strong>ἐν</strong></span> <span class='ocrx_word' id='word_1_369' title='bbox 3482 3221 3728 3284; x_wconf 78' lang='grc' dir='ltr'>ἑαυτοῖς.</span> 
     </span>
    </p>
   </div>
   <div class='ocr_carea' id='block_1_48' title="bbox 725 3306 2319 3388">
    <p class='ocr_par' dir='ltr' id='par_1_48' title="bbox 725 3311 2212 3388">
     <span class='ocr_line' id='line_1_48' title="bbox 725 3311 2212 3388; baseline 0.002 -20"><span class='ocrx_word' id='word_1_370' title='bbox 725 3315 774 3368; x_wconf 77' lang='grc'><strong>4.</strong></span> <span class='ocrx_word' id='word_1_371' title='bbox 815 3314 1038 3384; x_wconf 86' lang='lat' dir='ltr'><strong>Semper</strong></span> <span class='ocrx_word' id='word_1_372' title='bbox 1069 3311 1251 3368; x_wconf 83' lang='lat' dir='ltr'><strong>festini</strong></span> <span class='ocrx_word' id='word_1_373' title='bbox 1275 3321 1402 3367; x_wconf 91' lang='lat' dir='ltr'><strong>sunt</strong></span> <span class='ocrx_word' id='word_1_374' title='bbox 1423 3313 1488 3367; x_wconf 90' lang='lat' dir='ltr'><strong>ad</strong></span> <span class='ocrx_word' id='word_1_375' title='bbox 1522 3313 1849 3368; x_wconf 76' lang='lat' dir='ltr'><strong>fundendum</strong></span> <span class='ocrx_word' id='word_1_376' title='bbox 1870 3317 2212 3388; x_wconf 83' lang='lat' dir='ltr'><strong>sanguinem.</strong></span> 
     </span>
    </p>
   </div>
   <div class='ocr_carea' id='block_1_49' title="bbox 2155 3306 3749 3388">
    <p class='ocr_par' dir='ltr' id='par_1_49' title="bbox 2155 3306 3749 3382">
     <span class='ocr_line' id='line_1_49' title="bbox 2155 3306 3749 3382; baseline -0.003 -11"><span class='ocrx_word' id='word_1_377' title='bbox 2155 3332 2212 3371; x_wconf 90' lang='lat' dir='ltr'><strong>n.</strong></span> <span class='ocrx_word' id='word_1_378' title='bbox 2391 3316 2443 3370; x_wconf 77' lang='grc'><strong>4.</strong></span> <span class='ocrx_word' id='word_1_379' title='bbox 2465 3314 2844 3377; x_wconf 83' lang='grc' dir='ltr'>Ἀδιαλείπτως</span> <span class='ocrx_word' id='word_1_380' title='bbox 2872 3312 3079 3382; x_wconf 87' lang='grc' dir='ltr'>ταχινοί</span> <span class='ocrx_word' id='word_1_381' title='bbox 3109 3313 3214 3364; x_wconf 82' lang='grc' dir='ltr'>είσι</span> <span class='ocrx_word' id='word_1_382' title='bbox 3239 3311 3331 3364; x_wconf 92' lang='grc' dir='ltr'><strong>τοῦ</strong></span> <span class='ocrx_word' id='word_1_383' title='bbox 3357 3311 3543 3380; x_wconf 87' lang='grc' dir='ltr'>ἐκχέαι</span> <span class='ocrx_word' id='word_1_384' title='bbox 3577 3306 3749 3378; x_wconf 73' lang='grc' dir='ltr'>αἷμα.</span> 
     </span>
    </p>
   </div>
   <div class='ocr_carea' id='block_1_50' title="bbox 726 3403 2320 3479">
    <p class='ocr_par' dir='ltr' id='par_1_50' title="bbox 726 3404 2217 3476">
     <span class='ocr_line' id='line_1_50' title="bbox 726 3404 2217 3476; baseline 0.001 -14"><span class='ocrx_word' id='word_1_385' title='bbox 726 3407 777 3462; x_wconf 83' lang='lat'><strong>5.</strong></span> <span class='ocrx_word' id='word_1_386' title='bbox 817 3405 1095 3474; x_wconf 90' lang='lat' dir='ltr'><strong>Decipiunt</strong></span> <span class='ocrx_word' id='word_1_387' title='bbox 1149 3404 1307 3459; x_wconf 91' lang='lat' dir='ltr'><strong>bonis</strong></span> <span class='ocrx_word' id='word_1_388' title='bbox 1364 3404 1417 3459; x_wconf 93' lang='lat' dir='ltr'><strong>in</strong></span> <span class='ocrx_word' id='word_1_389' title='bbox 1473 3406 1706 3475; x_wconf 88' lang='lat' dir='ltr'><strong>speciem</strong></span> <span class='ocrx_word' id='word_1_390' title='bbox 1742 3409 2111 3476; x_wconf 91' lang='lat' dir='ltr'><strong>sermonibus,</strong></span> <span class='ocrx_word' id='word_1_391' title='bbox 2163 3419 2217 3464; x_wconf 90' lang='lat' dir='ltr'><strong>et</strong></span> 
     </span>
    </p>
   </div>
   <div class='ocr_carea' id='block_1_51' title="bbox 2313 3403 3907 3479">
    <p class='ocr_par' dir='ltr' id='par_1_51' title="bbox 2393 3403 3907 3479">
     <span class='ocr_line' id='line_1_51' title="bbox 2393 3403 3907 3479; baseline -0.005 -18"><span class='ocrx_word' id='word_1_392' title='bbox 2393 3409 2444 3462; x_wconf 84' lang='lat'><strong>5.</strong></span> <span class='ocrx_word' id='word_1_393' title='bbox 2483 3407 2580 3461; x_wconf 86' lang='grc' dir='ltr'>Διά</span> <span class='ocrx_word' id='word_1_394' title='bbox 2613 3407 2710 3479; x_wconf 86' lang='grc' dir='ltr'><strong>τῆς</strong></span> <span class='ocrx_word' id='word_1_395' title='bbox 2735 3405 3122 3478; x_wconf 83' lang='grc' dir='ltr'>χρηστολογίας</span> <span class='ocrx_word' id='word_1_396' title='bbox 3151 3405 3244 3458; x_wconf 78' lang='grc' dir='ltr'><strong>καὶ</strong></span> <span class='ocrx_word' id='word_1_397' title='bbox 3265 3403 3511 3471; x_wconf 81' lang='grc' dir='ltr'>εὐλογίας</span> <span class='ocrx_word' id='word_1_398' title='bbox 3535 3404 3797 3456; x_wconf 81' lang='grc' dir='ltr'>ἀπατῶσι</span> <span class='ocrx_word' id='word_1_399' title='bbox 3818 3404 3907 3468; x_wconf 65' lang='grc' dir='ltr'>τὰς</span> 
     </span>
    </p>
   </div>
   <div class='ocr_carea' id='block_1_52' title="bbox 654 3496 2248 3571">
    <p class='ocr_par' dir='ltr' id='par_1_52' title="bbox 654 3497 2216 3571">
     <span class='ocr_line' id='line_1_52' title="bbox 654 3497 2216 3571; baseline 0.001 -16"><span class='ocrx_word' id='word_1_400' title='bbox 654 3501 792 3554; x_wconf 79' lang='lat' dir='ltr'><strong>lictis</strong></span> <span class='ocrx_word' id='word_1_401' title='bbox 837 3498 1082 3552; x_wconf 90' lang='lat' dir='ltr'><strong>laudibus</strong></span> <span class='ocrx_word' id='word_1_402' title='bbox 1121 3497 1333 3551; x_wconf 90' lang='lat' dir='ltr'><strong>animas</strong></span> <span class='ocrx_word' id='word_1_403' title='bbox 1378 3497 1726 3566; x_wconf 89' lang='lat' dir='ltr'><strong>simplicium,</strong></span> <span class='ocrx_word' id='word_1_404' title='bbox 1759 3501 2216 3571; x_wconf 87' lang='lat' dir='ltr'><strong>quemadmodum</strong></span> 
     </span>
    </p>
   </div>
   <div class='ocr_carea' id='block_1_53' title="bbox 2311 3496 3905 3571">
    <p class='ocr_par' dir='ltr' id='par_1_53' title="bbox 2319 3496 3905 3571">
     <span class='ocr_line' id='line_1_53' title="bbox 2319 3496 3905 3571; baseline -0.004 -18"><span class='ocrx_word' id='word_1_405' title='bbox 2319 3499 2496 3571; x_wconf 73' lang='grc' dir='ltr'>ψυχὰς</span> <span class='ocrx_word' id='word_1_406' title='bbox 2525 3507 2632 3552; x_wconf 84' lang='grc' dir='ltr'>τῶν</span> <span class='ocrx_word' id='word_1_407' title='bbox 2656 3499 2897 3562; x_wconf 82' lang='grc' dir='ltr'>ἀκάκων,</span> <span class='ocrx_word' id='word_1_408' title='bbox 2933 3497 3121 3568; x_wconf 81' lang='grc' dir='ltr'>ὥσπερ</span> <span class='ocrx_word' id='word_1_409' title='bbox 3155 3500 3183 3550; x_wconf 90' lang='grc' dir='ltr'><strong>ό</strong></span> <span class='ocrx_word' id='word_1_410' title='bbox 3213 3497 3334 3566; x_wconf 75' lang='grc' dir='ltr'>ὄφις</span> <span class='ocrx_word' id='word_1_411' title='bbox 3363 3496 3449 3548; x_wconf 77' lang='grc' dir='ltr'>διὰ</span> <span class='ocrx_word' id='word_1_412' title='bbox 3481 3496 3596 3549; x_wconf 85' lang='grc' dir='ltr'>τῶν</span> <span class='ocrx_word' id='word_1_413' title='bbox 3619 3497 3798 3564; x_wconf 88' lang='grc' dir='ltr'>λόγων</span> <span class='ocrx_word' id='word_1_414' title='bbox 3819 3499 3905 3548; x_wconf 66' lang='grc' dir='ltr'><strong>αὺν</strong></span> 
     </span>
    </p>
   </div>
   <div class='ocr_carea' id='block_1_54' title="bbox 656 3587 2250 3664">
    <p class='ocr_par' dir='ltr' id='par_1_54' title="bbox 656 3587 1837 3661">
     <span class='ocr_line' id='line_1_54' title="bbox 656 3587 1837 3661; baseline 0 -15"><span class='ocrx_word' id='word_1_415' title='bbox 656 3605 877 3659; x_wconf 85' lang='lat' dir='ltr'><strong>serpens</strong></span> <span class='ocrx_word' id='word_1_416' title='bbox 905 3587 1246 3643; x_wconf 88' lang='lat' dir='ltr'><strong>sermonibus</strong></span> <span class='ocrx_word' id='word_1_417' title='bbox 1280 3587 1393 3643; x_wconf 88' lang='lat' dir='ltr'><strong>suis</strong></span> <span class='ocrx_word' id='word_1_418' title='bbox 1411 3587 1575 3642; x_wconf 86' lang='lat' dir='ltr'><strong>Evam</strong></span> <span class='ocrx_word' id='word_1_419' title='bbox 1604 3590 1837 3661; x_wconf 77' lang='lat' dir='ltr'><strong>decepit.</strong></span> 
     </span>
    </p>
   </div>
   <div class='ocr_carea' id='block_1_55' title="bbox 1381 3587 2975 3664">
    <p class='ocr_par' dir='ltr' id='par_1_55' title="bbox 1381 3587 2975 3664">
     <span class='ocr_line' id='line_1_55' title="bbox 1381 3587 2975 3664; baseline 0.001 -22"><span class='ocrx_word' id='word_1_420' title='bbox 1381 3587 1575 3642; x_wconf 74' lang='lat' dir='ltr'><strong>iEvam</strong></span> <span class='ocrx_word' id='word_1_421' title='bbox 1604 3590 1837 3661; x_wconf 76' lang='lat' dir='ltr'><strong>decepit.</strong></span> <span class='ocrx_word' id='word_1_422' title='bbox 2323 3593 2416 3646; x_wconf 90' lang='grc' dir='ltr'><strong>τοῦ</strong></span> <span class='ocrx_word' id='word_1_423' title='bbox 2445 3591 2586 3646; x_wconf 81' lang='grc' dir='ltr'>Εὑαν</span> <span class='ocrx_word' id='word_1_424' title='bbox 2617 3591 2975 3664; x_wconf 74' lang='grc' dir='ltr'>ἐξηπάτησεν.</span> 
     </span>
    </p>
   </div>
   <div class='ocr_carea' id='block_1_56' title="bbox 726 3680 2320 3753">
    <p class='ocr_par' dir='ltr' id='par_1_56' title="bbox 726 3681 2218 3753">
     <span class='ocr_line' id='line_1_56' title="bbox 726 3681 2218 3753; baseline 0.002 -16"><span class='ocrx_word' id='word_1_425' title='bbox 726 3683 778 3737; x_wconf 88' lang='grc'>6.</span> <span class='ocrx_word' id='word_1_426' title='bbox 807 3681 1059 3736; x_wconf 90' lang='lat' dir='ltr'><strong>Doctrina</strong></span> <span class='ocrx_word' id='word_1_427' title='bbox 1089 3696 1274 3734; x_wconf 91' lang='lat' dir='ltr'><strong>eorum</strong></span> <span class='ocrx_word' id='word_1_428' title='bbox 1302 3721 1316 3744; x_wconf 95' lang='lat'><strong>,</strong></span> <span class='ocrx_word' id='word_1_429' title='bbox 1363 3691 1416 3736; x_wconf 88' lang='lat' dir='ltr'><strong>et</strong></span> <span class='ocrx_word' id='word_1_430' title='bbox 1459 3683 1757 3738; x_wconf 84' lang='lat' dir='ltr'><strong>admonitio</strong></span> <span class='ocrx_word' id='word_1_431' title='bbox 1801 3684 2084 3740; x_wconf 79' lang='lat' dir='ltr'><strong>mortifera</strong></span> <span class='ocrx_word' id='word_1_432' title='bbox 2115 3700 2218 3753; x_wconf 90' lang='lat' dir='ltr'><strong>est,</strong></span> 
     </span>
    </p>
   </div>
   <div class='ocr_carea' id='block_1_57' title="bbox 2314 3680 3908 3753">
    <p class='ocr_par' dir='ltr' id='par_1_57' title="bbox 2395 3680 3908 3752">
     <span class='ocr_line' id='line_1_57' title="bbox 2395 3680 3908 3752; baseline -0.005 -12"><span class='ocrx_word' id='word_1_433' title='bbox 2395 3686 2448 3740; x_wconf 88' lang='lat'><strong>6.</strong></span> <span class='ocrx_word' id='word_1_434' title='bbox 2474 3686 2539 3738; x_wconf 82' lang='lat' dir='ltr'><strong>&#39;H</strong></span> <span class='ocrx_word' id='word_1_435' title='bbox 2578 3685 2896 3738; x_wconf 83' lang='grc' dir='ltr'>διδασκαλία</span> <span class='ocrx_word' id='word_1_436' title='bbox 2923 3683 3100 3736; x_wconf 82' lang='grc' dir='ltr'>αὐτῶν</span> <span class='ocrx_word' id='word_1_437' title='bbox 3127 3683 3222 3736; x_wconf 60' lang='grc' dir='ltr'><strong>καλ⁸</strong></span> <span class='ocrx_word' id='word_1_438' title='bbox 3252 3685 3284 3752; x_wconf 83' lang='grc' dir='ltr'>ὴ</span> <span class='ocrx_word' id='word_1_439' title='bbox 3315 3680 3566 3734; x_wconf 86' lang='grc' dir='ltr'>νουθεσία</span> <span class='ocrx_word' id='word_1_440' title='bbox 3603 3681 3908 3751; x_wconf 63' lang='grc' dir='ltr'>θανατηςό-</span> 
     </span>
    </p>
   </div>
   <div class='ocr_carea' id='block_1_58' title="bbox 657 3773 2251 3852">
    <p class='ocr_par' dir='ltr' id='par_1_58' title="bbox 657 3773 1377 3841">
     <span class='ocr_line' id='line_1_58' title="bbox 657 3773 1377 3841; baseline -0.004 -12"><span class='ocrx_word' id='word_1_441' title='bbox 657 3775 821 3829; x_wconf 85' lang='lat' dir='ltr'><strong>velnti</strong></span> <span class='ocrx_word' id='word_1_442' title='bbox 859 3790 1122 3828; x_wconf 86' lang='lat' dir='ltr'><strong>venenum</strong></span> <span class='ocrx_word' id='word_1_443' title='bbox 1151 3773 1377 3841; x_wconf 86' lang='lat' dir='ltr'><strong>aspidis.</strong></span> 
     </span>
    </p>
   </div>
   <div class='ocr_carea' id='block_1_59' title="bbox 1815 3773 3409 3852">
    <p class='ocr_par' dir='ltr' id='par_1_59' title="bbox 2328 3775 3409 3852">
     <span class='ocr_line' id='line_1_59' title="bbox 2328 3775 3409 3852; baseline -0.006 -19"><span class='ocrx_word' id='word_1_444' title='bbox 2328 3798 2418 3852; x_wconf 85' lang='grc' dir='ltr'><strong>ρος</strong></span> <span class='ocrx_word' id='word_1_445' title='bbox 2451 3777 2728 3848; x_wconf 86' lang='grc' dir='ltr'>τυγχάνει,</span> <span class='ocrx_word' id='word_1_446' title='bbox 2765 3778 2839 3841; x_wconf 81' lang='grc' dir='ltr'><strong>ὡς</strong></span> <span class='ocrx_word' id='word_1_447' title='bbox 2871 3778 2898 3830; x_wconf 93' lang='grc' dir='ltr'><strong>ό</strong></span> <span class='ocrx_word' id='word_1_448' title='bbox 2932 3777 3007 3840; x_wconf 77' lang='grc' dir='ltr'>ἰὸς</span> <span class='ocrx_word' id='word_1_449' title='bbox 3038 3775 3138 3846; x_wconf 82' lang='grc' dir='ltr'>τῆς</span> <span class='ocrx_word' id='word_1_450' title='bbox 3168 3775 3409 3838; x_wconf 83' lang='grc' dir='ltr'>ἀσπίδος.</span> 
     </span>
    </p>
   </div>
   <div class='ocr_carea' id='block_1_60' title="bbox 730 3863 2324 3940">
    <p class='ocr_par' dir='ltr' id='par_1_60' title="bbox 730 3863 2222 3933">
     <span class='ocr_line' id='line_1_60' title="bbox 730 3863 2222 3933; baseline 0.003 -15"><span class='ocrx_word' id='word_1_451' title='bbox 730 3867 782 3918; x_wconf 89' lang='grc'><strong>7.</strong></span> <span class='ocrx_word' id='word_1_452' title='bbox 814 3865 895 3918; x_wconf 86' lang='lat' dir='ltr'><strong>Ab</strong></span> <span class='ocrx_word' id='word_1_453' title='bbox 929 3863 1241 3932; x_wconf 71' lang='lat' dir='ltr'><strong>hujusmodi</strong></span> <span class='ocrx_word' id='word_1_454' title='bbox 1279 3865 1592 3920; x_wconf 89' lang='lat' dir='ltr'><strong>hominibus</strong></span> <span class='ocrx_word' id='word_1_455' title='bbox 1620 3867 1832 3921; x_wconf 90' lang='lat' dir='ltr'><strong>custodi</strong></span> <span class='ocrx_word' id='word_1_456' title='bbox 1870 3883 1990 3933; x_wconf 89' lang='lat' dir='ltr'><strong>me,</strong></span> <span class='ocrx_word' id='word_1_457' title='bbox 2035 3867 2222 3924; x_wconf 91' lang='lat' dir='ltr'><strong>Domi-</strong></span> 
     </span>
    </p>
   </div>
   <div class='ocr_carea' id='block_1_61' title="bbox 2317 3863 3911 3940">
    <p class='ocr_par' dir='ltr' id='par_1_61' title="bbox 2396 3865 3911 3940">
     <span class='ocr_line' id='line_1_61' title="bbox 2396 3865 3911 3940; baseline -0.008 -16"><span class='ocrx_word' id='word_1_458' title='bbox 2396 3872 2447 3926; x_wconf 91' lang='lat'><strong>7.</strong></span> <span class='ocrx_word' id='word_1_459' title='bbox 2474 3871 2711 3937; x_wconf 78' lang='grc' dir='ltr'>Φύλαξόν</span> <span class='ocrx_word' id='word_1_460' title='bbox 2751 3887 2838 3940; x_wconf 89' lang='grc' dir='ltr'><strong>με,</strong></span> <span class='ocrx_word' id='word_1_461' title='bbox 2879 3868 3072 3938; x_wconf 80' lang='grc' dir='ltr'>Κύριε,</span> <span class='ocrx_word' id='word_1_462' title='bbox 3101 3869 3164 3919; x_wconf 86' lang='grc' dir='ltr'><strong>ἐκ</strong></span> <span class='ocrx_word' id='word_1_463' title='bbox 3190 3866 3296 3918; x_wconf 83' lang='grc' dir='ltr'><strong>τῶν</strong></span> <span class='ocrx_word' id='word_1_464' title='bbox 3333 3866 3615 3927; x_wconf 84' lang='grc' dir='ltr'>τοιούτων,</span> <span class='ocrx_word' id='word_1_465' title='bbox 3669 3865 3754 3916; x_wconf 86' lang='grc' dir='ltr'>ὅτι</span> <span class='ocrx_word' id='word_1_466' title='bbox 3801 3865 3911 3933; x_wconf 72' lang='grc' dir='ltr'>χεὶρ</span> 
     </span>
    </p>
   </div>
   <div class='ocr_carea' id='block_1_62' title="bbox 661 3959 2255 4032">
    <p class='ocr_par' dir='ltr' id='par_1_62' title="bbox 661 3959 1677 4029">
     <span class='ocr_line' id='line_1_62' title="bbox 661 3959 1677 4029; baseline 0 -16"><span class='ocrx_word' id='word_1_467' title='bbox 661 3975 746 4022; x_wconf 85' lang='lat' dir='ltr'><strong>ne,</strong></span> <span class='ocrx_word' id='word_1_468' title='bbox 775 3959 1031 4029; x_wconf 88' lang='lat' dir='ltr'><strong>quoniam</strong></span> <span class='ocrx_word' id='word_1_469' title='bbox 1066 3973 1257 4012; x_wconf 77' lang='lat' dir='ltr'><strong>manus</strong></span> <span class='ocrx_word' id='word_1_470' title='bbox 1289 3959 1487 4013; x_wconf 91' lang='lat' dir='ltr'><strong>diaboli</strong></span> <span class='ocrx_word' id='word_1_471' title='bbox 1530 3969 1677 4014; x_wconf 89' lang='lat' dir='ltr'><strong>sunt.</strong></span> 
     </span>
    </p>
   </div>
   <div class='ocr_carea' id='block_1_63' title="bbox 1483 3959 3077 4032">
    <p class='ocr_par' dir='ltr' id='par_1_63' title="bbox 1483 3961 3077 4032">
     <span class='ocr_line' id='line_1_63' title="bbox 1483 3961 3077 4032; baseline -0.001 -20"><span class='ocrx_word' id='word_1_472' title='bbox 1483 3961 1487 4012; x_wconf 77' lang='lat' dir='ltr'><strong>i</strong></span> <span class='ocrx_word' id='word_1_473' title='bbox 1530 3969 1677 4014; x_wconf 88' lang='lat' dir='ltr'><strong>sunt.</strong></span> <span class='ocrx_word' id='word_1_474' title='bbox 2326 3963 2419 4018; x_wconf 85' lang='grc' dir='ltr'><strong>τοῦ</strong></span> <span class='ocrx_word' id='word_1_475' title='bbox 2454 3963 2698 4017; x_wconf 75' lang='grc' dir='ltr'>διαϐόλου</span> <span class='ocrx_word' id='word_1_476' title='bbox 2727 3961 3077 4032; x_wconf 84' lang='grc' dir='ltr'>ὑπάρχουσιν.</span> 
     </span>
    </p>
   </div>
   <div class='ocr_carea' id='block_1_64' title="bbox 732 4048 2326 4126">
    <p class='ocr_par' dir='ltr' id='par_1_64' title="bbox 732 4048 2222 4119">
     <span class='ocr_line' id='line_1_64' title="bbox 732 4048 2222 4119; baseline 0.004 -15"><span class='ocrx_word' id='word_1_477' title='bbox 732 4050 785 4104; x_wconf 88' lang='grc'>8.</span> <span class='ocrx_word' id='word_1_478' title='bbox 821 4051 974 4119; x_wconf 76' lang='lat' dir='ltr'><strong>Eripe</strong></span> <span class='ocrx_word' id='word_1_479' title='bbox 997 4065 1083 4103; x_wconf 88' lang='lat' dir='ltr'><strong>me</strong></span> <span class='ocrx_word' id='word_1_480' title='bbox 1113 4048 1179 4102; x_wconf 89' lang='lat' dir='ltr'><strong>ab</strong></span> <span class='ocrx_word' id='word_1_481' title='bbox 1211 4049 1522 4106; x_wconf 91' lang='lat' dir='ltr'><strong>hominibus</strong></span> <span class='ocrx_word' id='word_1_482' title='bbox 1548 4053 1913 4109; x_wconf 81' lang='lat' dir='ltr'><strong>detinentibus</strong></span> <span class='ocrx_word' id='word_1_483' title='bbox 1937 4056 2222 4112; x_wconf 85' lang='lat' dir='ltr'><strong>veritatem</strong></span> 
     </span>
    </p>
   </div>
   <div class='ocr_carea' id='block_1_65' title="bbox 2316 4048 3910 4126">
    <p class='ocr_par' dir='ltr' id='par_1_65' title="bbox 2400 4048 3910 4126">
     <span class='ocr_line' id='line_1_65' title="bbox 2400 4048 3910 4126; baseline -0.009 -15"><span class='ocrx_word' id='word_1_484' title='bbox 2400 4059 2452 4112; x_wconf 89' lang='lat'><strong>8.</strong></span> <span class='ocrx_word' id='word_1_485' title='bbox 2491 4057 2624 4109; x_wconf 81' lang='grc' dir='ltr'>Ἀπὸ</span> <span class='ocrx_word' id='word_1_486' title='bbox 2664 4053 2964 4126; x_wconf 84' lang='grc' dir='ltr'>ἀνθρώπων</span> <span class='ocrx_word' id='word_1_487' title='bbox 3014 4052 3122 4105; x_wconf 84' lang='grc' dir='ltr'>τῶν</span> <span class='ocrx_word' id='word_1_488' title='bbox 3173 4052 3271 4123; x_wconf 80' lang='grc' dir='ltr'>τὴν</span> <span class='ocrx_word' id='word_1_489' title='bbox 3303 4048 3561 4114; x_wconf 88' lang='grc' dir='ltr'>ἀλήθειαν</span> <span class='ocrx_word' id='word_1_490' title='bbox 3628 4051 3688 4101; x_wconf 80' lang='grc' dir='ltr'><strong>ἐν</strong></span> <span class='ocrx_word' id='word_1_491' title='bbox 3738 4049 3910 4114; x_wconf 64' lang='grc' dir='ltr'>ἀδικία</span> 
     </span>
    </p>
   </div>
   <div class='ocr_carea' id='block_1_66' title="bbox 661 4143 2255 4220">
    <p class='ocr_par' dir='ltr' id='par_1_66' title="bbox 661 4143 1072 4213">
     <span class='ocr_line' id='line_1_66' title="bbox 661 4143 1072 4213; baseline 0 -15"><span class='ocrx_word' id='word_1_492' title='bbox 661 4143 714 4198; x_wconf 83' lang='grc' dir='ltr'>ἱη</span> <span class='ocrx_word' id='word_1_493' title='bbox 744 4144 1007 4213; x_wconf 78' lang='lat' dir='ltr'><strong>injustitia</strong></span> <span class='ocrx_word' id='word_1_494' title='bbox 1032 4145 1072 4198; x_wconf 75' lang='grc'><strong>⁸.</strong></span> 
     </span>
    </p>
   </div>
   <div class='ocr_carea' id='block_1_67' title="bbox 1397 4143 2991 4220">
    <p class='ocr_par' dir='ltr' id='par_1_67' title="bbox 2331 4146 2991 4220">
     <span class='ocr_line' id='line_1_67' title="bbox 2331 4146 2991 4220; baseline -0.005 -16"><span class='ocrx_word' id='word_1_495' title='bbox 2331 4150 2664 4220; x_wconf 74' lang='grc' dir='ltr'>κατεχόντων</span> <span class='ocrx_word' id='word_1_496' title='bbox 2698 4146 2879 4215; x_wconf 77' lang='grc' dir='ltr'>ἐξελοῦ</span> <span class='ocrx_word' id='word_1_497' title='bbox 2906 4164 2991 4217; x_wconf 90' lang='grc' dir='ltr'>με.</span> 
     </span>
    </p>
   </div>
   <div class='ocr_carea' id='block_1_68' title="bbox 729 4234 2323 4312">
    <p class='ocr_par' dir='ltr' id='par_1_68' title="bbox 729 4235 2294 4303">
     <span class='ocr_line' id='line_1_68' title="bbox 729 4235 2294 4303; baseline 0.005 -15"><span class='ocrx_word' id='word_1_498' title='bbox 729 4235 782 4289; x_wconf 87' lang='lat'><strong>9.</strong></span> <span class='ocrx_word' id='word_1_499' title='bbox 818 4236 920 4300; x_wconf 88' lang='lat' dir='ltr'><strong>Qui</strong></span> <span class='ocrx_word' id='word_1_500' title='bbox 960 4236 1200 4288; x_wconf 87' lang='lat' dir='ltr'><strong>meditati</strong></span> <span class='ocrx_word' id='word_1_501' title='bbox 1238 4243 1364 4288; x_wconf 90' lang='lat' dir='ltr'><strong>sunt</strong></span> <span class='ocrx_word' id='word_1_502' title='bbox 1408 4237 1792 4303; x_wconf 85' lang='lat' dir='ltr'><strong>persuasibiles</strong></span> <span class='ocrx_word' id='word_1_503' title='bbox 1835 4253 2115 4295; x_wconf 88' lang='lat' dir='ltr'><strong>sermones</strong></span> <span class='ocrx_word' id='word_1_504' title='bbox 2158 4240 2224 4294; x_wconf 91' lang='lat' dir='ltr'><strong>ad</strong></span> <span class='ocrx_word' id='word_1_505' title='bbox 2253 4238 2294 4297; x_wconf 87' lang='lat' dir='ltr'><strong><em>C</em></strong></span> 
     </span>
    </p>
   </div>
   <div class='ocr_carea' id='block_1_69' title="bbox 2317 4234 3911 4312">
    <p class='ocr_par' dir='ltr' id='par_1_69' title="bbox 2400 4234 3911 4312">
     <span class='ocr_line' id='line_1_69' title="bbox 2400 4234 3911 4312; baseline -0.01 -13"><span class='ocrx_word' id='word_1_506' title='bbox 2400 4245 2453 4300; x_wconf 89' lang='lat'><strong>9.</strong></span> <span class='ocrx_word' id='word_1_507' title='bbox 2489 4244 2692 4306; x_wconf 82' lang='grc' dir='ltr'>υἶτινες</span> <span class='ocrx_word' id='word_1_508' title='bbox 2740 4241 3030 4312; x_wconf 82' lang='grc' dir='ltr'>ἐσκέχαντο</span> <span class='ocrx_word' id='word_1_509' title='bbox 3075 4238 3151 4308; x_wconf 67' lang='grc'><strong>(4)</strong></span> <span class='ocrx_word' id='word_1_510' title='bbox 3198 4235 3562 4305; x_wconf 80' lang='grc' dir='ltr'>πιθανότητας</span> <span class='ocrx_word' id='word_1_511' title='bbox 3596 4234 3780 4301; x_wconf 88' lang='grc' dir='ltr'>λόγων</span> <span class='ocrx_word' id='word_1_512' title='bbox 3815 4234 3911 4285; x_wconf 63' lang='grc' dir='ltr'>ἀπὸ</span> 
     </span>
    </p>
   </div>
   <div class='ocr_carea' id='block_1_70' title="bbox 663 4326 3816 4408">
    <p class='ocr_par' dir='ltr' id='par_1_70' title="bbox 663 4326 3816 4408">
     <span class='ocr_line' id='line_1_70' title="bbox 663 4326 3816 4408; baseline -0.003 -16"><span class='ocrx_word' id='word_1_513' title='bbox 663 4327 1031 4381; x_wconf 69' lang='lat' dir='ltr'><strong>deducendum</strong></span> <span class='ocrx_word' id='word_1_514' title='bbox 1068 4343 1150 4380; x_wconf 77' lang='lat' dir='ltr'><strong>me</strong></span> <span class='ocrx_word' id='word_1_515' title='bbox 1183 4343 1210 4379; x_wconf 79' lang='grc'><strong>³</strong></span> <span class='ocrx_word' id='word_1_516' title='bbox 1238 4326 1438 4380; x_wconf 63' lang='lat' dir='ltr'><strong>Chris“</strong></span> <span class='ocrx_word' id='word_1_517' title='bbox 1466 4327 1586 4381; x_wconf 73' lang='grc' dir='ltr'>ίίάθο</span> <span class='ocrx_word' id='word_1_518' title='bbox 2327 4340 2420 4394; x_wconf 90' lang='grc' dir='ltr'><strong>τοῦ</strong></span> <span class='ocrx_word' id='word_1_519' title='bbox 2450 4341 2781 4408; x_wconf 85' lang='grc' dir='ltr'>καταγαγεῖν</span> <span class='ocrx_word' id='word_1_520' title='bbox 2808 4354 2873 4408; x_wconf 90' lang='grc' dir='ltr'><strong>με</strong></span> <span class='ocrx_word' id='word_1_521' title='bbox 2900 4333 3006 4388; x_wconf 80' lang='grc' dir='ltr'><strong>ἀπὸ</strong></span> <span class='ocrx_word' id='word_1_522' title='bbox 3037 4333 3136 4403; x_wconf 82' lang='grc' dir='ltr'>τῆς</span> <span class='ocrx_word' id='word_1_523' title='bbox 3175 4334 3253 4394; x_wconf 85' lang='grc' dir='ltr'><strong>είς</strong></span> <span class='ocrx_word' id='word_1_524' title='bbox 3284 4330 3514 4402; x_wconf 77' lang='grc' dir='ltr'>Χριστὸν</span> <span class='ocrx_word' id='word_1_525' title='bbox 3548 4330 3816 4392; x_wconf 84' lang='grc' dir='ltr'>πίστεως.</span> 
     </span>
    </p>
   </div>
   <div class='ocr_carea' id='block_1_71' title="bbox 737 4418 2331 4498">
    <p class='ocr_par' dir='ltr' id='par_1_71' title="bbox 737 4418 2232 4491">
     <span class='ocr_line' id='line_1_71' title="bbox 737 4418 2232 4491; baseline 0.005 -19"><span class='ocrx_word' id='word_1_526' title='bbox 737 4419 821 4472; x_wconf 83' lang='grc'><strong>10.</strong></span> <span class='ocrx_word' id='word_1_527' title='bbox 859 4418 1335 4491; x_wconf 75' lang='lat' dir='ltr'><strong>Congregaverunt</strong></span> <span class='ocrx_word' id='word_1_528' title='bbox 1381 4421 1483 4474; x_wconf 85' lang='lat' dir='ltr'><strong>sibi</strong></span> <span class='ocrx_word' id='word_1_529' title='bbox 1529 4421 1680 4490; x_wconf 91' lang='lat' dir='ltr'><strong>ipsis,</strong></span> <span class='ocrx_word' id='word_1_530' title='bbox 1735 4423 1826 4490; x_wconf 90' lang='lat' dir='ltr'><strong>qui</strong></span> <span class='ocrx_word' id='word_1_531' title='bbox 1877 4421 1968 4478; x_wconf 91' lang='lat' dir='ltr'><strong>Dei</strong></span> <span class='ocrx_word' id='word_1_532' title='bbox 2017 4425 2232 4480; x_wconf 83' lang='lat' dir='ltr'><strong>veritati</strong></span> 
     </span>
    </p>
   </div>
   <div class='ocr_carea' id='block_1_72' title="bbox 2317 4418 3911 4498">
    <p class='ocr_par' dir='ltr' id='par_1_72' title="bbox 2405 4418 3911 4498">
     <span class='ocr_line' id='line_1_72' title="bbox 2405 4418 3911 4498; baseline -0.009 -15"><span class='ocrx_word' id='word_1_533' title='bbox 2405 4430 2491 4485; x_wconf 88' lang='grc'><strong>10.</strong></span> <span class='ocrx_word' id='word_1_534' title='bbox 2525 4430 2833 4498; x_wconf 86' lang='grc' dir='ltr'>Συνήγαγον</span> <span class='ocrx_word' id='word_1_535' title='bbox 2862 4423 3086 4485; x_wconf 78' lang='grc' dir='ltr'>ἑαυτοὺς</span> <span class='ocrx_word' id='word_1_536' title='bbox 3110 4419 3367 4492; x_wconf 82' lang='grc' dir='ltr'>[ἑαυτοῖς]</span> <span class='ocrx_word' id='word_1_537' title='bbox 3397 4419 3474 4490; x_wconf 87' lang='lat'><strong>(5)</strong></span> <span class='ocrx_word' id='word_1_538' title='bbox 3503 4420 3552 4471; x_wconf 82' lang='grc' dir='ltr'><strong>οί</strong></span> <span class='ocrx_word' id='word_1_539' title='bbox 3587 4421 3657 4490; x_wconf 78' lang='grc' dir='ltr'>τῇ</span> <span class='ocrx_word' id='word_1_540' title='bbox 3690 4418 3911 4489; x_wconf 63' lang='grc' dir='ltr'>ἀληθείᾳ</span> 
     </span>
    </p>
   </div>
   <div class='ocr_carea' id='block_1_73' title="bbox 666 4511 2260 4588">
    <p class='ocr_par' dir='ltr' id='par_1_73' title="bbox 666 4511 2234 4584">
     <span class='ocr_line' id='line_1_73' title="bbox 666 4511 2234 4584; baseline 0.005 -20"><span class='ocrx_word' id='word_1_541' title='bbox 666 4511 945 4574; x_wconf 85' lang='lat' dir='ltr'><strong>resistunt,</strong></span> <span class='ocrx_word' id='word_1_542' title='bbox 983 4527 1261 4567; x_wconf 90' lang='lat' dir='ltr'><strong>sermones</strong></span> <span class='ocrx_word' id='word_1_543' title='bbox 1317 4513 1584 4584; x_wconf 89' lang='lat' dir='ltr'><strong>quosdam</strong></span> <span class='ocrx_word' id='word_1_544' title='bbox 1642 4515 1940 4584; x_wconf 84' lang='lat' dir='ltr'><strong>captiosos,</strong></span> <span class='ocrx_word' id='word_1_545' title='bbox 1991 4515 2234 4571; x_wconf 79' lang='lat' dir='ltr'><strong>volentes</strong></span> 
     </span>
    </p>
   </div>
   <div class='ocr_carea' id='block_1_74' title="bbox 2317 4511 3911 4588">
    <p class='ocr_par' dir='ltr' id='par_1_74' title="bbox 2333 4512 3911 4588">
     <span class='ocr_line' id='line_1_74' title="bbox 2333 4512 3911 4588; baseline -0.008 -12"><span class='ocrx_word' id='word_1_546' title='bbox 2333 4522 2425 4576; x_wconf 86' lang='grc' dir='ltr'><strong>τοῦ</strong></span> <span class='ocrx_word' id='word_1_547' title='bbox 2456 4521 2589 4574; x_wconf 88' lang='grc' dir='ltr'>Θεοῦ</span> <span class='ocrx_word' id='word_1_548' title='bbox 2618 4518 2993 4588; x_wconf 86' lang='grc' dir='ltr'>ἀνθιστάμενοι</span> <span class='ocrx_word' id='word_1_549' title='bbox 3039 4515 3228 4582; x_wconf 79' lang='grc' dir='ltr'>λόγους</span> <span class='ocrx_word' id='word_1_550' title='bbox 3254 4512 3406 4576; x_wconf 82' lang='grc' dir='ltr'>τινὰς</span> <span class='ocrx_word' id='word_1_551' title='bbox 3444 4512 3788 4583; x_wconf 81' lang='grc' dir='ltr'>ζητημάτων</span> <span class='ocrx_word' id='word_1_552' title='bbox 3817 4529 3911 4563; x_wconf 77' lang='grc' dir='ltr'>πα-</span> 
     </span>
    </p>
   </div>
   <div class='ocr_carea' id='block_1_75' title="bbox 668 4602 2262 4681">
    <p class='ocr_par' dir='ltr' id='par_1_75' title="bbox 668 4602 1104 4672">
     <span class='ocr_line' id='line_1_75' title="bbox 668 4602 1104 4672; baseline 0.002 -17"><span class='ocrx_word' id='word_1_553' title='bbox 668 4618 753 4656; x_wconf 89' lang='lat' dir='ltr'><strong>me</strong></span> <span class='ocrx_word' id='word_1_554' title='bbox 791 4602 1020 4672; x_wconf 85' lang='lat' dir='ltr'><strong>illaquea</strong></span> <span class='ocrx_word' id='word_1_555' title='bbox 1032 4618 1104 4656; x_wconf 91' lang='lat' dir='ltr'><strong>re.</strong></span> 
     </span>
    </p>
   </div>
   <div class='ocr_carea' id='block_1_76' title="bbox 1365 4602 2959 4681">
    <p class='ocr_par' dir='ltr' id='par_1_76' title="bbox 2336 4609 2959 4681">
     <span class='ocr_line' id='line_1_76' title="bbox 2336 4609 2959 4681; baseline -0.005 -16"><span class='ocrx_word' id='word_1_556' title='bbox 2336 4611 2575 4681; x_wconf 89' lang='grc' dir='ltr'>γιδεῦσαί</span> <span class='ocrx_word' id='word_1_557' title='bbox 2604 4627 2669 4680; x_wconf 91' lang='grc' dir='ltr'><strong>με</strong></span> <span class='ocrx_word' id='word_1_558' title='bbox 2701 4609 2959 4670; x_wconf 86' lang='grc' dir='ltr'>θέλοντες.</span> 
     </span>
    </p>
   </div>
   <div class='ocr_carea' id='block_1_77' title="bbox 741 4683 2335 4768">
    <p class='ocr_par' dir='ltr' id='par_1_77' title="bbox 741 4683 2238 4766">
     <span class='ocr_line' id='line_1_77' title="bbox 741 4683 2238 4766; baseline 0.007 -22"><span class='ocrx_word' id='word_1_559' title='bbox 741 4683 832 4746; x_wconf 92' lang='grc'><strong>11.¹</strong></span> <span class='ocrx_word' id='word_1_560' title='bbox 867 4690 931 4746; x_wconf 88' lang='lat' dir='ltr'><strong>Et</strong></span> <span class='ocrx_word' id='word_1_561' title='bbox 957 4708 1129 4748; x_wconf 77' lang='lat' dir='ltr'><strong>nexus</strong></span> <span class='ocrx_word' id='word_1_562' title='bbox 1161 4693 1427 4763; x_wconf 89' lang='lat' dir='ltr'><strong>quosdam</strong></span> <span class='ocrx_word' id='word_1_563' title='bbox 1479 4710 1704 4758; x_wconf 86' lang='lat' dir='ltr'><strong>eorum,</strong></span> <span class='ocrx_word' id='word_1_564' title='bbox 1747 4697 1839 4766; x_wconf 92' lang='lat' dir='ltr'><strong>qui</strong></span> <span class='ocrx_word' id='word_1_565' title='bbox 1891 4697 1942 4750; x_wconf 93' lang='lat' dir='ltr'><strong>in</strong></span> <span class='ocrx_word' id='word_1_566' title='bbox 1987 4714 2238 4754; x_wconf 86' lang='lat' dir='ltr'><strong>sermone</strong></span> 
     </span>
    </p>
   </div>
   <div class='ocr_carea' id='block_1_78' title="bbox 2313 4683 3907 4768">
    <p class='ocr_par' dir='ltr' id='par_1_78' title="bbox 2419 4697 3907 4768">
     <span class='ocr_line' id='line_1_78' title="bbox 2419 4697 3907 4768; baseline -0.007 -11"><span class='ocrx_word' id='word_1_567' title='bbox 2419 4705 2502 4758; x_wconf 89' lang='grc'><strong>11.</strong></span> <span class='ocrx_word' id='word_1_568' title='bbox 2531 4705 2639 4758; x_wconf 73' lang='grc' dir='ltr'><strong>Καὶ</strong></span> <span class='ocrx_word' id='word_1_569' title='bbox 2670 4702 2870 4764; x_wconf 81' lang='grc' dir='ltr'>πλοκάς</span> <span class='ocrx_word' id='word_1_570' title='bbox 2898 4716 3048 4762; x_wconf 83' lang='grc' dir='ltr'>τινας</span> <span class='ocrx_word' id='word_1_571' title='bbox 3084 4697 3159 4768; x_wconf 84' lang='grc'><strong>(6)</strong></span> <span class='ocrx_word' id='word_1_572' title='bbox 3189 4697 3294 4751; x_wconf 84' lang='grc' dir='ltr'>τῶν</span> <span class='ocrx_word' id='word_1_573' title='bbox 3332 4697 3791 4767; x_wconf 85' lang='grc' dir='ltr'>διεστραμμένων</span> <span class='ocrx_word' id='word_1_574' title='bbox 3820 4697 3907 4750; x_wconf 67' lang='grc' dir='ltr'><strong>αὖ·</strong></span> 
     </span>
    </p>
   </div>
   <div class='ocr_carea' id='block_1_79' title="bbox 613 4783 2207 4866">
    <p class='ocr_par' dir='ltr' id='par_1_79' title="bbox 613 4783 2203 4854">
     <span class='ocr_line' id='line_1_79' title="bbox 613 4783 2203 4854; baseline 0.008 -22"><span class='ocrx_word' id='word_1_575' title='bbox 613 4821 623 4832; x_wconf 89' lang='grc'><strong>.</strong></span> <span class='ocrx_word' id='word_1_576' title='bbox 671 4798 770 4837; x_wconf 89' lang='lat' dir='ltr'><strong>suo</strong></span> <span class='ocrx_word' id='word_1_577' title='bbox 807 4784 1039 4852; x_wconf 84' lang='lat' dir='ltr'><strong>perversi</strong></span> <span class='ocrx_word' id='word_1_578' title='bbox 1067 4793 1214 4848; x_wconf 90' lang='lat' dir='ltr'><strong>sunt,</strong></span> <span class='ocrx_word' id='word_1_579' title='bbox 1249 4783 1316 4838; x_wconf 87' lang='lat' dir='ltr'><strong>ad</strong></span> <span class='ocrx_word' id='word_1_580' title='bbox 1340 4785 1907 4854; x_wconf 85' lang='lat' dir='ltr'><strong>comprehendendum</strong></span> <span class='ocrx_word' id='word_1_581' title='bbox 1947 4805 2032 4845; x_wconf 89' lang='lat' dir='ltr'><strong>me</strong></span> <span class='ocrx_word' id='word_1_582' title='bbox 2063 4801 2203 4846; x_wconf 90' lang='lat' dir='ltr'><strong>teten</strong></span> 
     </span>
    </p>
   </div>
   <div class='ocr_carea' id='block_1_80' title="bbox 2197 4783 3791 4866">
    <p class='ocr_par' dir='ltr' id='par_1_80' title="bbox 2197 4788 3791 4866">
     <span class='ocr_line' id='line_1_80' title="bbox 2197 4788 3791 4866; baseline -0.001 -22"><span class='ocrx_word' id='word_1_583' title='bbox 2197 4810 2238 4844; x_wconf 84' lang='lat' dir='ltr'><strong>i-</strong></span> <span class='ocrx_word' id='word_1_584' title='bbox 2339 4795 2446 4849; x_wconf 79' lang='grc' dir='ltr'><strong>τῶν</strong></span> <span class='ocrx_word' id='word_1_585' title='bbox 2472 4795 2640 4864; x_wconf 88' lang='grc' dir='ltr'>λόγων</span> <span class='ocrx_word' id='word_1_586' title='bbox 2671 4791 3019 4866; x_wconf 86' lang='grc' dir='ltr'>προσέτεινάν</span> <span class='ocrx_word' id='word_1_587' title='bbox 3049 4807 3136 4862; x_wconf 82' lang='grc' dir='ltr'><strong>μοι</strong></span> <span class='ocrx_word' id='word_1_588' title='bbox 3167 4791 3257 4843; x_wconf 81' lang='grc' dir='ltr'>ἐπὶ</span> <span class='ocrx_word' id='word_1_589' title='bbox 3285 4788 3345 4842; x_wconf 80' lang='grc' dir='ltr'>τὸ</span> <span class='ocrx_word' id='word_1_590' title='bbox 3373 4788 3637 4845; x_wconf 73' lang='grc' dir='ltr'>λαϐέσθαι</span> <span class='ocrx_word' id='word_1_591' title='bbox 3666 4806 3791 4860; x_wconf 85' lang='grc' dir='ltr'>μου.</span> 
     </span>
    </p>
   </div>
   <div class='ocr_carea' id='block_1_81' title="bbox 671 4875 1042 4930">
    <p class='ocr_par' dir='ltr' id='par_1_81' title="bbox 671 4875 1042 4930">
     <span class='ocr_line' id='line_1_81' title="bbox 671 4875 1042 4930; baseline 0.008 -3"><span class='ocrx_word' id='word_1_592' title='bbox 671 4875 865 4927; x_wconf 83' lang='lat' dir='ltr'><strong>derunt</strong></span> <span class='ocrx_word' id='word_1_593' title='bbox 887 4875 1042 4930; x_wconf 90' lang='lat' dir='ltr'><strong>mihi.</strong></span> 
     </span>
    </p>
   </div>
   <div class='ocr_carea' id='block_1_82' title="bbox 746 4967 2340 5046">
    <p class='ocr_par' dir='ltr' id='par_1_82' title="bbox 746 4967 2238 5040">
     <span class='ocr_line' id='line_1_82' title="bbox 746 4967 2238 5040; baseline 0.007 -21"><span class='ocrx_word' id='word_1_594' title='bbox 746 4967 831 5021; x_wconf 73' lang='grc'><strong>12.</strong></span> <span class='ocrx_word' id='word_1_595' title='bbox 868 4967 930 5021; x_wconf 85' lang='grc' dir='ltr'>Ει</span> <span class='ocrx_word' id='word_1_596' title='bbox 961 4969 1286 5039; x_wconf 81' lang='lat' dir='ltr'><strong>quaestiones</strong></span> <span class='ocrx_word' id='word_1_597' title='bbox 1331 4969 1596 5040; x_wconf 87' lang='lat' dir='ltr'><strong>quasdam</strong></span> <span class='ocrx_word' id='word_1_598' title='bbox 1635 4972 1863 5039; x_wconf 78' lang='lat' dir='ltr'><strong>noxias,</strong></span> <span class='ocrx_word' id='word_1_599' title='bbox 1921 4982 1975 5028; x_wconf 89' lang='lat' dir='ltr'><strong>et</strong></span> <span class='ocrx_word' id='word_1_600' title='bbox 2018 4975 2238 5030; x_wconf 80' lang='lat' dir='ltr'><strong>inutiles</strong></span> 
     </span>
    </p>
   </div>
   <div class='ocr_carea' id='block_1_83' title="bbox 2313 4967 3907 5046">
    <p class='ocr_par' dir='ltr' id='par_1_83' title="bbox 2411 4971 3907 5046">
     <span class='ocr_line' id='line_1_83' title="bbox 2411 4971 3907 5046; baseline -0.007 -16"><span class='ocrx_word' id='word_1_601' title='bbox 2411 4976 2496 5030; x_wconf 71' lang='grc'><strong>12.</strong></span> <span class='ocrx_word' id='word_1_602' title='bbox 2551 4977 2658 5030; x_wconf 72' lang='grc' dir='ltr'><strong>Καὶ</strong></span> <span class='ocrx_word' id='word_1_603' title='bbox 2705 4975 2958 5046; x_wconf 80' lang='grc' dir='ltr'>ζητήσεις</span> <span class='ocrx_word' id='word_1_604' title='bbox 3002 4973 3152 5036; x_wconf 90' lang='grc' dir='ltr'>τινάς</span> <span class='ocrx_word' id='word_1_605' title='bbox 3187 4972 3451 5044; x_wconf 77' lang='grc' dir='ltr'>βλαὸεράς</span> <span class='ocrx_word' id='word_1_606' title='bbox 3482 4971 3578 5025; x_wconf 77' lang='grc' dir='ltr'><strong>καὶ</strong></span> <span class='ocrx_word' id='word_1_607' title='bbox 3619 4971 3907 5040; x_wconf 69' lang='grc' dir='ltr'>ἀνωφελεῖς</span> 
     </span>
    </p>
   </div>
   <div class='ocr_carea' id='block_1_84' title="bbox 676 5059 2270 5138">
    <p class='ocr_par' dir='ltr' id='par_1_84' title="bbox 676 5059 1151 5128">
     <span class='ocr_line' id='line_1_84' title="bbox 676 5059 1151 5128; baseline 0.011 -18"><span class='ocrx_word' id='word_1_608' title='bbox 676 5059 974 5128; x_wconf 87' lang='lat' dir='ltr'><strong>injecerunt</strong></span> <span class='ocrx_word' id='word_1_609' title='bbox 1000 5061 1151 5115; x_wconf 89' lang='lat' dir='ltr'><strong>mihi.</strong></span> 
     </span>
    </p>
   </div>
   <div class='ocr_carea' id='block_1_85' title="bbox 1386 5059 2980 5138">
    <p class='ocr_par' dir='ltr' id='par_1_85' title="bbox 2345 5067 2980 5138">
     <span class='ocr_line' id='line_1_85' title="bbox 2345 5067 2980 5138; baseline -0.002 -18"><span class='ocrx_word' id='word_1_610' title='bbox 2345 5067 2734 5138; x_wconf 77' lang='grc' dir='ltr'>προσεϐάλοντό</span> <span class='ocrx_word' id='word_1_611' title='bbox 2763 5067 2836 5136; x_wconf 93' lang='lat'><strong>(7)</strong></span> <span class='ocrx_word' id='word_1_612' title='bbox 2873 5084 2980 5137; x_wconf 87' lang='grc' dir='ltr'>μοι.</span> 
     </span>
    </p>
   </div>
   <div class='ocr_carea' id='block_1_86' title="bbox 745 5220 1121 5278">
    <p class='ocr_par' dir='ltr' id='par_1_86' title="bbox 745 5220 1121 5278">
     <span class='ocr_line' id='line_1_86' title="bbox 745 5220 1121 5278; baseline 0.008 -5"><span class='ocrx_word' id='word_1_613' title='bbox 745 5222 762 5251; x_wconf 77' lang='grc'><strong><em>⁸</em></strong></span> <span class='ocrx_word' id='word_1_614' title='bbox 793 5220 943 5278; x_wconf 79' lang='lat' dir='ltr'><strong>Rom.</strong></span> <span class='ocrx_word' id='word_1_615' title='bbox 973 5241 987 5278; x_wconf 81' lang='grc' dir='ltr'><strong>ι</strong></span> <span class='ocrx_word' id='word_1_616' title='bbox 1037 5225 1121 5278; x_wconf 90' lang='grc'><strong>18.</strong></span> 
     </span>
    </p>
   </div>
   <div class='ocr_carea' id='block_1_87' title="bbox 1625 5385 2962 5467">
    <p class='ocr_par' dir='ltr' id='par_1_87' title="bbox 1625 5385 2962 5467">
     <span class='ocr_line' id='line_1_87' title="bbox 1625 5385 2962 5467; baseline -0.002 -20"><span class='ocrx_word' id='word_1_617' title='bbox 1625 5388 1923 5450; x_wconf 79' lang='lat' dir='ltr'><strong>Addenda</strong></span> <span class='ocrx_word' id='word_1_618' title='bbox 1973 5398 2033 5451; x_wconf 90' lang='lat' dir='ltr'><strong>et</strong></span> <span class='ocrx_word' id='word_1_619' title='bbox 2067 5387 2442 5467; x_wconf 82' lang='lat' dir='ltr'><strong>corrigenda</strong></span> <span class='ocrx_word' id='word_1_620' title='bbox 2489 5404 2565 5447; x_wconf 77' lang='lat' dir='ltr'><strong>ex</strong></span> <span class='ocrx_word' id='word_1_621' title='bbox 2599 5386 2734 5447; x_wconf 85' lang='lat' dir='ltr'><strong>cod.</strong></span> <span class='ocrx_word' id='word_1_622' title='bbox 2765 5385 2962 5446; x_wconf 78' lang='lat' dir='ltr'><strong>Vatic.</strong></span> 
     </span>
    </p>
   </div>
   <div class='ocr_carea' id='block_1_88' title="bbox 780 5553 2374 5630">
    <p class='ocr_par' dir='ltr' id='par_1_88' title="bbox 780 5553 1966 5630">
     <span class='ocr_line' id='line_1_88' title="bbox 780 5553 1966 5630; baseline 0.004 -25"><span class='ocrx_word' id='word_1_623' title='bbox 780 5553 830 5630; x_wconf 63' lang='grc'><strong>1)</strong></span> <span class='ocrx_word' id='word_1_624' title='bbox 939 5553 1028 5606; x_wconf 85' lang='grc' dir='ltr'>διὰ</span> <span class='ocrx_word' id='word_1_625' title='bbox 1052 5555 1148 5630; x_wconf 72' lang='grc' dir='ltr'>τῆς</span> <span class='ocrx_word' id='word_1_626' title='bbox 1174 5557 1537 5628; x_wconf 76' lang='grc' dir='ltr'>κινναϐάρεως</span> <span class='ocrx_word' id='word_1_627' title='bbox 1562 5576 1820 5630; x_wconf 75' lang='grc' dir='ltr'>περιέχει,</span> <span class='ocrx_word' id='word_1_628' title='bbox 1862 5570 1966 5613; x_wconf 79' lang='lat' dir='ltr'><strong>etc.</strong></span> 
     </span>
    </p>
   </div>
   <div class='ocr_carea' id='block_1_89' title="bbox 1407 5553 3001 5630">
    <p class='ocr_par' dir='ltr' id='par_1_89' title="bbox 1407 5563 3001 5630">
     <span class='ocr_line' id='line_1_89' title="bbox 1407 5563 3001 5630; baseline 0.004 -21"><span class='ocrx_word' id='word_1_629' title='bbox 1407 5575 1537 5628; x_wconf 87' lang='grc' dir='ltr'>ρεως</span> <span class='ocrx_word' id='word_1_630' title='bbox 1562 5576 1820 5630; x_wconf 87' lang='grc' dir='ltr'>περιεχει,</span> <span class='ocrx_word' id='word_1_631' title='bbox 1862 5570 1966 5613; x_wconf 82' lang='lat' dir='ltr'><strong>etc.</strong></span> <span class='ocrx_word' id='word_1_632' title='bbox 2419 5564 2494 5627; x_wconf 82' lang='lat'><strong>(5)</strong></span> <span class='ocrx_word' id='word_1_633' title='bbox 2516 5563 2606 5614; x_wconf 83' lang='grc' dir='ltr'>Ἐν</span> <span class='ocrx_word' id='word_1_634' title='bbox 2638 5564 2870 5627; x_wconf 89' lang='grc' dir='ltr'>ἐαυτοις,</span> <span class='ocrx_word' id='word_1_635' title='bbox 2900 5569 3001 5617; x_wconf 79' lang='lat' dir='ltr'><strong>elc.</strong></span> 
     </span>
    </p>
   </div>
   <div class='ocr_carea' id='block_1_90' title="bbox 775 5622 3913 5702">
    <p class='ocr_par' dir='ltr' id='par_1_90' title="bbox 775 5622 3913 5702">
     <span class='ocr_line' id='line_1_90' title="bbox 775 5622 3913 5702; baseline -0.008 1"><span class='ocrx_word' id='word_1_636' title='bbox 775 5622 1248 5702; x_wconf 46' lang='grc' dir='ltr'><strong>ἓίᾞρνῖηῆένωνέ-</strong></span> <span class='ocrx_word' id='word_1_637' title='bbox 1337 5701 1343 5702; x_wconf 61' lang='lat'><strong><em>,</em></strong></span> <span class='ocrx_word' id='word_1_638' title='bbox 1403 5622 1413 5628; x_wconf 36' lang='lat' dir='ltr'><strong>I</strong></span> <span class='ocrx_word' id='word_1_639' title='bbox 1634 5622 1644 5630; x_wconf 38' lang='lat'><strong>&#39;</strong></span> <span class='ocrx_word' id='word_1_640' title='bbox 1719 5622 1749 5629; x_wconf 50' lang='grc' dir='ltr'><em>Π</em></span> <span class='ocrx_word' id='word_1_641' title='bbox 1810 5622 1814 5625; x_wconf 22' lang='grc'><strong>1</strong></span> <span class='ocrx_word' id='word_1_642' title='bbox 2533 5633 2693 5696; x_wconf 76' lang='grc' dir='ltr'>Τινὰς</span> <span class='ocrx_word' id='word_1_643' title='bbox 2719 5622 3160 5702; x_wconf 58' lang='grc' dir='ltr'>διεστραμμένων</span> <span class='ocrx_word' id='word_1_644' title='bbox 3189 5632 3364 5687; x_wconf 84' lang='grc' dir='ltr'>αὑτῶν</span> <span class='ocrx_word' id='word_1_645' title='bbox 3386 5631 3562 5698; x_wconf 88' lang='grc' dir='ltr'>λόγων</span> <span class='ocrx_word' id='word_1_646' title='bbox 3601 5624 3913 5699; x_wconf 68' lang='grc' dir='ltr'>προέτεινάν</span> 
     </span>
    </p>
   </div>
   <div class='ocr_carea' id='block_1_91' title="bbox 755 5693 3063 5835">
    <p class='ocr_par' dir='ltr' id='par_1_91' title="bbox 755 5693 3063 5835">
     <span class='ocr_line' id='line_1_91' title="bbox 755 5693 3063 5835; baseline 0.004 -89"><span class='ocrx_word' id='word_1_647' title='bbox 850 5693 1151 5835; x_wconf 49' lang='grc' dir='ltr'>ςέᾇηθείας,</span> <span class='ocrx_word' id='word_1_648' title='bbox 1190 5698 1344 5768; x_wconf 80' lang='grc' dir='ltr'>ῥῦσαί</span> <span class='ocrx_word' id='word_1_649' title='bbox 1377 5718 1460 5770; x_wconf 91' lang='grc' dir='ltr'>με.</span> <span class='ocrx_word' id='word_1_650' title='bbox 1797 5772 1805 5782; x_wconf 41' lang='grc'><strong><em>.</em></strong></span> <span class='ocrx_word' id='word_1_651' title='bbox 2353 5693 2440 5773; x_wconf 78' lang='grc' dir='ltr'><strong>μοι</strong></span> <span class='ocrx_word' id='word_1_652' title='bbox 2466 5693 2556 5753; x_wconf 72' lang='grc' dir='ltr'><strong>ἐπὶ</strong></span> <span class='ocrx_word' id='word_1_653' title='bbox 2583 5703 2642 5755; x_wconf 81' lang='grc' dir='ltr'><strong>τὸ</strong></span> <span class='ocrx_word' id='word_1_654' title='bbox 2668 5693 2922 5788; x_wconf 72' lang='grc' dir='ltr'>λαϐέσθαι</span> <span class='ocrx_word' id='word_1_655' title='bbox 2943 5693 3063 5771; x_wconf 65' lang='grc' dir='ltr'>μοι.</span> 
     </span>
     <span class='ocr_line' id='line_1_92' title="bbox 981 5770 3042 5835; baseline 0.005 -17"><span class='ocrx_word' id='word_1_656' title='bbox 981 5783 1173 5822; x_wconf 86' lang='grc' dir='ltr'>υσαντο</span> <span class='ocrx_word' id='word_1_657' title='bbox 1196 5770 1548 5834; x_wconf 64' lang='grc' dir='ltr'>πιθανότητάς</span> <span class='ocrx_word' id='word_1_658' title='bbox 1574 5789 1722 5835; x_wconf 89' lang='grc' dir='ltr'>τινας</span> <span class='ocrx_word' id='word_1_659' title='bbox 1750 5772 1940 5835; x_wconf 84' lang='grc' dir='ltr'>λογων,</span> <span class='ocrx_word' id='word_1_660' title='bbox 1978 5779 2080 5827; x_wconf 78' lang='lat' dir='ltr'><strong>etc.</strong></span> <span class='ocrx_word' id='word_1_661' title='bbox 2420 5774 2494 5835; x_wconf 88' lang='lat'><strong>(7)</strong></span> <span class='ocrx_word' id='word_1_662' title='bbox 2534 5773 2897 5835; x_wconf 75' lang='grc' dir='ltr'>Προεδαλοντό</span> <span class='ocrx_word' id='word_1_663' title='bbox 2933 5790 3042 5835; x_wconf 89' lang='grc' dir='ltr'>μοι.</span> 
     </span>
    </p>
   </div>
   <div class='ocr_carea' id='block_1_92' title="bbox 1238 5773 3042 5845">
    <p class='ocr_par' dir='ltr' id='par_1_92' title="bbox 1238 5773 3042 5845">
     <span class='ocr_line' id='line_1_93' title="bbox 1238 5773 3042 5845; baseline 0.004 -24"><span class='ocrx_word' id='word_1_664' title='bbox 1238 5773 1548 5834; x_wconf 65' lang='grc' dir='ltr'>ιθανόττπτάς</span> <span class='ocrx_word' id='word_1_665' title='bbox 1574 5789 1722 5837; x_wconf 89' lang='grc' dir='ltr'>τινας</span> <span class='ocrx_word' id='word_1_666' title='bbox 1750 5773 1940 5840; x_wconf 80' lang='grc' dir='ltr'>λόγων,</span> <span class='ocrx_word' id='word_1_667' title='bbox 1978 5779 2080 5827; x_wconf 78' lang='lat' dir='ltr'><strong>etc.</strong></span> <span class='ocrx_word' id='word_1_668' title='bbox 2420 5774 2494 5842; x_wconf 89' lang='lat'><strong>(7)</strong></span> <span class='ocrx_word' id='word_1_669' title='bbox 2534 5773 2897 5845; x_wconf 75' lang='grc' dir='ltr'>Προεδάλοντό</span> <span class='ocrx_word' id='word_1_670' title='bbox 2933 5790 3042 5843; x_wconf 87' lang='grc' dir='ltr'>μοι.</span> 
     </span>
    </p>
   </div>
  </div>
