4036 6466
220 410 368 466 1289
1126 413 1213 466 DE
1254 411 1533 467 TITULlS
1574 411 1814 466 PSALM'

1885 411 2027 467 lUM.
2070 444 2137 452 —
2176 411 2369 468 PSAL.
2401 411 2690 468 CXXXIX.
3343 412 3479 470 1290

296 529 383 582 13.
425 524 564 580 Εἷπα
593 528 669 600 τῷ
697 529 885 600 Κυρίῳ
904 545 918 559 ο
949 529 1081 592 Θεὸς
1117 548 1217 599 μου
1246 527 1297 582 εἴ
1325 530 1409 584 σύ.
1833 543 1878 595 Α

1833 543 1878 595 Α
1983 530 2063 583 15.
2103 529 2222 582 Dixi
2254 529 2480 583 Domino
2509 550 2521 583 :
2555 529 2698 586 Deus
2732 545 2886 587 meus
2915 547 2974 587 es
3000 540 3077 587 tu.

295 619 384 674 14.
413 619 713 683 Ἐνώτισαι,
733 621 926 690 Κύριε,
952 620 1052 691 τὴν
1082 621 1264 690 φωνὴν
1292 622 1391 690 τῆς
1419 620 1655 693 δεήσεως
1685 638 1806 690 μου.

1980 620 2066 672 ti.
2105 620 2332 684 Exaudi,
2359 619 2608 686 Domine,
2645 637 2830 676 vocem
2859 623 3261 692 deprecationis
3290 641 3441 684 mea.

294 711 382 764 15.
424 713 616 782 Κύριε,
649 713 840 784 Κύριε,
874 711 1104 781 δύναμις
1129 712 1227 780 τῆς
1263 714 1538 783 σωτηρίας
1575 729 1700 781 μου,

1675 739 1700 775 ι,
1983 710 2069 763 15.
2108 708 2358 773 Domine,
2393 709 2645 777 Domine,
2680 712 2854 766 virtus
2887 713 3080 769 salutis
3103 731 3269 781 mea,

300 803 386 857 16.
414 805 770 869 Ἐπεσκὶασας
799 806 889 858 ἐπὶ
916 805 1016 875 τὴν
1047 804 1285 874 κεφαλήν
1312 822 1411 875 μου
1436 806 1492 857 ὲν
1513 806 1694 875 ἡμέρᾳ
1715 820 1810 856 πο-

1985 797 2069 851 16.
2097 797 2445 854 Obumbrasti
2475 813 2637 869 super
2659 811 2822 871 caput
2848 817 3027 856 meum
3059 803 3112 858 in
3147 805 3234 859 die
3262 806 3405 860 belli.

221 893 282 946 λέ
293 910 393 962 μου
403 933 416 946 .

298 984 385 1039 17.
425 984 515 1055 Μὴ
567 983 824 1056 παραδῷς
867 1001 934 1054 με
966 983 1063 1056 (a),
1093 982 1285 1052 Κύριε,
1322 983 1429 1034 ἀπὸ
1472 982 1571 1052 τῆς
1621 982 1810 1035 ἐπιθυ-

1985 972 2069 1025 17.
2101 971 2180 1028 Ne
2204 974 2384 1030 tradas
2412 991 2515 1044 me,
2544 974 2792 1041 Domine,
2840 995 2869 1034 a
2893 980 3163 1037 desiderio
3206 998 3326 1039 meo
3356 1002 3483 1054 pec-

226 1075 360 1147 μὶας
396 1093 493 1146 μου
520 1077 634 1146 ἁμα
644 1075 852 1147 ρτωλῷ.

520 1075 852 1147 ἁμαρτωλῷ.
1909 1066 2097 1120 calori.

302 1168 387 1222 18.
427 1167 803 1237 Διελογίσαντο
833 1168 951 1220 κατ’
978 1166 1134 1238 ἐμοῦ,
1170 1167 1244 1239 μὴ
1292 1165 1663 1236 ὲγκαταλίπῃς
1719 1185 1806 1237 με,

1983 1158 2068 1212 18.
2099 1159 2485 1230 Cogitaverunt
2513 1172 2702 1218 contra
2731 1181 2818 1220 me
2842 1205 2858 1231 ,
2891 1180 2959 1221 ne
2987 1168 3330 1241 derelinquas
3371 1188 3476 1239 me,

229 1259 444 1329 μήποτε
475 1256 784 1326 ὑψωθῶσιν.

1914 1268 1980 1305 ne
2011 1251 2149 1306 forte
2176 1255 2500 1310 exaltentur.

303 1349 386 1403 19.
412 1351 476 1402 ’Π
505 1349 714 1420 κεφαλὴ
742 1347 836 1401 τοῦ
867 1346 1222 1418 κυκλώματος
1255 1345 1454 1400 αὐτῶν.

1221 1368 1222 1373 η
1255 1345 1454 1400 αὐτῶν.
1987 1345 2074 1399 19.
2112 1345 2288 1416 Caput
2313 1347 2580 1402 circuitus
2607 1365 2815 1402 eorum.

298 1438 388 1491 9.0.
429 1440 610 1503 Κόττος
631 1439 738 1491 τῶν
763 1437 984 1508 χειλέων
1009 1436 1186 1490 αὐτῶν
1215 1435 1439 1504 καλύψει
1471 1436 1665 1499 αὐτούς
1688 1453 1701 1466 ·

1688 1453 1701 1466 ·
1983 1437 2072 1491 20.
2111 1437 2290 1493 Labor
2315 1439 2586 1494 labiorum
2620 1441 2860 1510 ipsorum
2890 1454 3097 1512 openet
3135 1461 3228 1500 eos
3258 1465 3269 1500 :

295 1529 358 1582 2i
374 1572 386 1583 .
429 1530 725 1582 ΙΙεσοῦνται
749 1530 836 1580 ἐπ’
860 1527 1056 1591 αὐτοὺς
1081 1526 1354 1598 ἄνθρακες
1374 1542 1386 1554 ·

1374 1542 1386 1554 ·
1981 1530 2070 1582 2f.
2111 1531 2318 1584 Cadent
2347 1546 2509 1601 super
2533 1547 2630 1586 eos
2657 1533 2950 1589 carbones:

295 1622 384 1674 22.
417 1623 502 1674 'Ev
528 1622 660 1692 πυρὶ
690 1621 1014 1684 καταϐαλεῖς
1043 1621 1240 1684 αὐτούς
1272 1619 1354 1691 [ἐν
1375 1622 1441 1690 τῇ
1469 1618 1587 1690 ﬁ].

1483 1618 1587 1690 τῃ.
1982 1623 2072 1677 22.
2111 1621 2168 1676 In
2195 1623 2375 1692 ignem
2398 1622 2618 1692 dejicics
2651 1639 2745 1678 eos
2778 1623 2860 1698 [in
2891 1625 3077 1699 terra].

293 1713 384 1768 25.
407 1716 498 1768 Ἐν
518 1713 928 1784 ταλαιπωρίαις,
966 1713 1059 1765 καὶ
1087 1713 1146 1765 οὐ
1186 1712 1260 1784 μὴ
1296 1711 1626 1766 ὑποστῶσιν.

1325 1711 1626 1766 ηποστῶσιν.
1983 1713 2073 1767 25.
2111 1711 2167 1765 1n
2195 1713 2430 1768 miseriis
2460 1725 2568 1768 non
2605 1715 2919 1769 subsistent.

293 1804 385 1858 24.
409 1803 571 1876 Ἀνὴρ
602 1801 927 1873 γλωσσώδης
954 1802 1016 1854 οὐ
1048 1801 1538 1872 κατευθυνθήσεται
1572 1802 1664 1853 ἐπὶ
1715 1802 1811 1872 τῆς

1644 1802 1664 1853 ὶ
1715 1802 1811 1872 τῆς
1983 1805 2072 1858 24.
2105 1804 2198 1857 Vir
2220 1805 2504 1872 linguosus
2548 1820 2658 1858 non
2681 1805 2944 1876 dirigetur
2965 1805 3020 1862 in
3051 1817 3195 1864 terra
3224 1827 3238 1863 :

299 1915 360 1960 ς’
1839 1916 1880 1969 Β

216 1915 605 2061 γτλΞ5.¹’Δνδρα
655 1981 840 2044 ἄδικον
885 1990 1031 2044 κακὰ
1075 1989 1328 2061 θηρεύσει
1378 1986 1669 2060 [θηρεύσῃ]
1723 1987 1804 2048 είς

1745 1987 1804 2048 ηις
1839 1916 1880 1969 Β
1982 1982 2072 2037 25.
2108 1983 2293 2035 Virum
2317 1982 2580 2052 injustum
2616 1985 2756 2039 mala
2783 1986 3000 2056 capient
3021 1988 3075 2043 in
3098 1989 3339 2047 interitu.

215 2080 535 2152 διαφθοράν.

290 2172 633 2242 96.”Εγνων,
683 2173 766 2227 ὅτι
812 2174 1024 2242 ποιήσει
1078 2171 1281 2244 Κύριος
1334 2171 1432 2242 τὴν
1475 2170 1654 2242 κρίσιν
1695 2169 1803 2222 τῶν

1981 2161 2072 2214 26.
2103 2159 2344 2230 Cognovi
2368 2199 2383 2223 ,
2424 2161 2556 2231 quia
2601 2161 2762 2219 faciet
2799 2163 3064 2223 Dominus
3101 2168 3368 2238 judicium
3401 2172 3485 2227 in-

218 2262 476 2332 πτωχῶν,

1911 2269 2073 2324 opum
2103 2293 2115 2318 ,

292 2358 377 2427 (a)
421 2359 505 2412 Me
543 2358 718 2412 deest.

1356 2423 1734 2480 ATHANASII
1771 2419 2366 2477 INTERPRETATIO.

290 2546 380 2607 15,
413 2545 499 2600 14.
543 2543 783 2614 (1)Ἐγὼ
813 2545 869 2598 δὲ
897 2539 1028 2600 εἶπα
1067 2545 1143 2618 τῷ
1169 2547 1390 2618 Κυρίῳο
1426 2545 1558 2608 Θεός
1607 2560 1707 2616 μου
1753 2539 1806 2595 εἷ

1984 2540 2070 2603 15,
2109 2539 2194 2591 14.
2237 2538 2352 2606 Ego
2382 2546 2562 2593 autem
2598 2537 2711 2593 dixi
2739 2538 2971 2595 Domino
3003 2559 3018 2596 :
3051 2539 3193 2598 Deus
3230 2559 3386 2600 meus
3425 2563 3484 2603 es

217 2639 286 2692 σὺ
317 2639 346 2689 6
374 2636 706 2708 σταυρωθείς
763 2635 1012 2700 ἄκουσον.
1045 2636 1240 2710 Κύριε,
1263 2637 1358 2692 τοῦ
1383 2652 1687 2707 στεναγμου
1708 2635 1804 2706 τῆς

1911 2639 1989 2694 tu,
2016 2632 2108 2700 qui
2138 2627 2435 2685 cruciﬁxus
2466 2643 2556 2692 es;
2591 2631 2748 2695 audi,
2791 2629 3046 2698 Domine,
3075 2634 3334 2704 gemitum
3363 2650 3487 2693 cor-

214 2728 450 2799 καρδίας
482 2745 605 2799 μου.

556 2746 605 2781 υ.
1911 2723 1996 2778 dis
2025 2723 2150 2776 mei.

292 2819 379 2873 15.
409 2818 603 2888 Κύριε,
635 2819 828 2888 Κύριε,
859 2817 928 2871 τὰ
956 2817 1256 2889 παθήματά
1282 2835 1376 2871 σου
1409 2819 1545 2871 εἰσὶν
1583 2819 1661 2881 εἰς
1698 2835 1802 2870 σω-

1982 2814 2072 2867 15.
2107 2811 2355 2878 Domine,
2381 2811 2632 2878 Domine,
2654 2814 2935 2883 passiones
2958 2824 3064 2872 tuae
3081 2819 3284 2874 suntin
3307 2835 3485 2876 meam

211 2926 284 2980 τη
295 2909 414 2981 ρίαν
443 2927 564 2980 μου.

1913 2906 2168 2960 salutem.

291 3002 378 3055 16.
415 3001 787 3072 Κατέπεμψας
815 3003 914 3074 τὴν
951 3003 1112 3074 χάριν
1139 3017 1235 3056 σου
1266 3008 1522 3075 φρουρεῖν
1544 3005 1641 3078 τὴν
1670 3023 1804 3077 καρ-

1983 2996 2072 3052 16.
2106 2996 2298 3052 Misisti
2349 2999 2577 3066 gratiam
2632 3007 2781 3056 tuam
2825 3003 2893 3058 ad
2933 3005 3355 3062 custodiendum
3395 3023 3488 3064 cor

211 3094 336 3146 δίαν
363 3109 462 3162 μου
483 3093 540 3144 ὲν
557 3092 635 3164 τῷ
664 3092 842 3164 καιρῷ
860 3093 961 3162 τῆς
984 3093 1310 3157 ἀντιθέσεως
1329 3095 1430 3163 τῆς
1455 3095 1804 3164 ψευδωνύμου

1913 3104 2094 3143 meum
2173 3089 2228 3142 in
2303 3098 2545 3159 tempore
2627 3094 2986 3164 oppositionis
3065 3094 3213 3153 falsa:
3293 3114 3484 3155 eorum

212 3187 397 3238 αὐτῶν
431 3185 698 3248 συνέσεως
723 3185 822 3255 (2).

579 3203 698 3248 ςεως
723 3185 822 3255 (2).
1837 3185 1880 3242 C
1915 3183 2173 3238 scientiae.

287 3275 375 3329 17.
411 3277 503 3346 Μὴ
536 3276 915 3346 συγχωρήσῃς,
951 3277 1146 3348 Κύριε,
1193 3275 1271 3348 τῷ
1301 3275 1532 3348 διαϐόλῳ
1567 3277 1810 3349 ἀποστῆ-

1985 3276 2072 3332 17.
2108 3273 2185 3330 Ne
2217 3276 2523 3346 permittas,
2559 3277 2809 3344 Domine,
2835 3281 3076 3346 diabolo,
3119 3292 3176 3337 ut
3207 3299 3293 3338 me
3334 3300 3485 3340 aver-

213 3367 308 3419 σαί
344 3383 412 3436 με
439 3366 536 3436 τῆς
569 3365 803 3430 πίστεώς
833 3384 926 3420 σου
949 3384 962 3398 ο
1000 3367 1139 3440 αὕτη
1164 3368 1272 3436 γὰρ
1296 3369 1531 3440 ὑπάρχει
1560 3372 1592 3440 ἡ
1620 3369 1807 3422 ἐπιθυ-

1913 3376 1988 3421 tat
2013 3382 2042 3421 a
2069 3367 2172 3422 ﬁde
2197 3377 2288 3421 tua
2309 3405 2326 3428 ,
2353 3369 2615 3436 quoniam
2649 3368 2766 3438 ipsa
2795 3380 2880 3425 est
2908 3371 3238 3428 desiderium
3279 3391 3482 3431 meum.

263 3458 318 3511 ἔα
351 3475 471 3514 μου.

263 3476 318 3511 ια
390 3476 471 3514 ου.

216 3477 257 3530 μ
290 3476 733 3620 1811Ἐσκεψαντό
779 3568 929 3613 τινας
974 3551 1350 3622 ἐξερευνήσεις
1398 3553 1517 3603 κατ’
1547 3549 1680 3620 ἐμοῦ
1711 3551 1810 3621 (3),

1977 3539 2064 3594 18.
2096 3539 2333 3595 Meditati
2371 3551 2500 3596 sunt
2542 3542 2958 3602 adiuventiones
2987 3549 3251 3617 quasdam
3293 3561 3484 3610 contra

209 3642 356 3714 πρὸς
380 3640 440 3693 τὺ
472 3640 752 3709 ἀπατῆσαί
779 3657 844 3710 με
867 3657 880 3669 ο
918 3640 1316 3713 μὴ-ὰντανέλῃς
1356 3638 1454 3713 τὴν
1492 3641 1651 3712 χάριν
1690 3657 1803 3702 σου,

1913 3648 1999 3687 me
2022 3673 2036 3696 ,
2090 3641 2148 3687 ut
2195 3647 2282 3688 me
2315 3633 2627 3703 deciperent
2657 3653 2672 3702 ;
2713 3653 2781 3692 ne
2819 3639 3038 3696 auferas
3069 3657 3100 3696 a
3134 3658 3218 3696 me
3258 3646 3483 3713 gratiam

213 3736 431 3807 μήποτε
458 3733 865 3805 καυχήσωνται,
890 3733 967 3797 ὡς
996 3735 1347 3808 ὴδικήσαντο.

1911 3731 2095 3790 tuam,
2139 3725 2428 3795 nequando
2488 3725 2809 3796 glorientur,
2845 3731 2989 3799 quod
3033 3747 3122 3788 me
3154 3734 3342 3806 inique
3384 3752 3484 3808 0p-

1950 3829 2160 3870 resseru
2169 3823 2246 3869 nt.

286 3911 376 3968 19.
417 3912 491 3964 Τὸ
524 3910 779 3981 φρόνημα
798 3910 898 3981 τῆς
922 3909 1148 3980 καρδίας
1169 3907 1352 3964 αὐτῶν
1376 3906 1600 3972 ἀσθενὲς
1638 3907 1812 3979 ὑπάρ-

1911 3830 2246 3884 presserunt.

1573 3926 1600 3972 ς
1638 3907 1812 3979 ὑπάρα
1985 3907 2072 3961 19.
2110 3907 2316 3964 Sensus
2342 3908 2524 3966 cordis
2554 3925 2744 3966 eorum
2787 3911 3037 3969 infirmus
3065 3925 3165 3970 est.

214 4004 732 4164 χεέθξὶλὶσθενῆσαι
755 4093 980 4164 ποίησαι
1005 4093 1081 4162 (5)
1107 4093 1198 4145 καὶ
1233 4092 1358 4154 τοὺς
1392 4089 1582 4159 λόγους
1602 4093 1702 4162 τῆς
1726 4107 1808 4145 σο-

1980 4076 2069 4131 20.
2101 4077 2345 4134 lnfirmos
2369 4080 2520 4136 eﬂice
2545 4082 2710 4137 etiam
2737 4098 3019 4142 sermones
3065 4090 3344 4160 sapientiae
3389 4109 3481 4150 eo-

211 4185 346 4256 φίας
366 4184 567 4248 αὐτῶν,
583 4184 677 4238 καὶ
698 4182 960 4238 πεσοῦντε
979 4180 1416 4254 [ἐπιπεσοῦνται]
1434 4181 1549 4252 ἅμα
1570 4181 1770 4235 αὐτῶν.

1338 4180 1549 4252 Nam
1570 4181 1770 4235 αὐτῶν,
1910 4183 2052 4231 rum,
2087 4177 2141 4222 et
2166 4182 2270 4223 una
2307 4185 2431 4224 cum
2463 4171 2596 4242 ipsis
2618 4174 2926 4230 concident.

285 4277 377 4332 21.
409 4275 474 4332 Οἱ
503 4277 612 4347 γὰρ
630 4277 778 4347 λόγοι
805 4275 908 4346 τῆς
948 4276 1170 4346 χάριτος
1188 4274 1285 4343 (6),
1318 4272 1412 4337 οὒς
1434 4273 1652 4345 λαλήσω
1673 4273 1809 4346 πρὸς

1978 4261 2066 4315 21.
2109 4259 2402 4319 Sermones
2427 4270 2572 4320 enim
2593 4267 2801 4338 gratiae,
2831 4285 2968 4339 quos
3006 4272 3197 4343 loquar
3220 4275 3285 4330 ad
3313 4276 3481 4347 ipsos,

210 4371 438 4433 αὐτοὺς,
470 4369 545 4431 ὠς
573 4368 843 4438 ἄνθρακες
872 4365 1015 4436 [σου]
1052 4364 1441 4418 ἐπιπεσοῦνται
1476 4366 1562 4418 ἐπ’
1584 4365 1804 4428 αὐτούς.

1341 4382 1441 4418 ,ται
1476 4366 1562 4418 ἐπ’
1584 4365 1804 4428 αὐτούς,
1909 4353 2074 4408 veluti
2106 4355 2372 4412 carbones
2407 4357 2601 4412 cadent
2629 4375 2793 4427 super
2820 4376 2935 4416 eos.

285 4460 378 4514 22.
397 4458 507 4510 Καὶ
521 4455 598 4528 τῷ
613 4455 888 4525 Πνεύματί
907 4471 999 4507 σου
1017 4453 1093 4524 τῷ
1110 4454 1251 4524 ἁγίῳ
1267 4453 1562 4524 νεκρὼσεις
1581 4454 1799 4516 αὐτούς.

1581 4454 1799 4516 αὐτούς,
1978 4443 2068 4496 22.
2103 4443 2169 4498 Et
2205 4444 2410 4515 Spiritu
2446 4457 2636 4502 sancto
2670 4458 2763 4504 tuo
2802 4453 3017 4509 occides
3048 4471 3161 4512 eos.

287 4550 476 4605 23.’Ev
496 4551 612 4612 ταῖς
636 4546 1032 4617 ταλαιπωρίαις
1058 4544 1166 4598 τῶν
1195 4545 1604 4614 σεσοφισμένων
1623 4544 1799 4596 αὐτῶν
1835 4547 1874 4601 D

1978 4535 2068 4589 23.
2100 4537 2154 4590 In
2191 4538 2429 4593 miseriis
2465 4553 2778 4596 sermonum
2810 4560 3058 4612 suorum,
3101 4565 3239 4620 quos
3266 4552 3483 4624 excogi—

209 4641 394 4708 λὸγων
420 4638 482 4691 οὐ
508 4639 582 4709 μὴ
609 4637 908 4708 δυνηθῶσιν
939 4634 1251 4706 ἀντιστῆναι
1289 4633 1425 4705 πρὸς
1454 4634 1511 4686 σὲ
1539 4633 1636 4705 τὴν
1669 4634 1796 4704 ἀλήο

1742 4634 1796 4704 ἡ-
1911 4636 2180 4691 taverunt,
2209 4643 2316 4683 non
2353 4641 2651 4700 patuerunt
2683 4636 2937 4692 resistere
2968 4641 3180 4695 veritati
3215 4653 3336 4698 tuae.

214 4731 374 4783 θειαν
415 4729 517 4798 (7).

286 4820 378 4874 24.
399 4820 809 4891 Ἀνδριζόμενος
842 4818 985 4872 κατὰ
1020 4818 1136 4884 σοῦ,
1179 4817 1273 4872 καὶ
1306 4815 1481 4870 λαλῶν
1509 4815 1804 4886 διεστραμ-

1977 4805 2066 4859 24.
2097 4805 2420 4865 Obstinatus
2443 4822 2632 4866 contra
2661 4821 2732 4879 te,
2764 4821 2817 4868 et
2838 4831 3093 4885 perverse
3115 4820 3344 4892 loquens
3369 4842 3476 4881 non

219 4915 399 4986 ιιένως
428 4912 526 4982 (8),
555 4912 654 4964 ούκ
697 4910 1064 4964 εἰσελεύσεται
1093 4913 1174 4974 εἰς
1207 4910 1320 4964 ἄνω
1359 4904 1730 4980 Ἰερουσαλήμ.

1409 4904 1730 4980 ερουσαλήμ,
1910 4897 2244 4965 ingredietur
2276 4901 2329 4954 in
2355 4917 2644 4971 supernam
2678 4905 3003 4964 Jerusalem.

288 5001 380 5056 9.5.
406 5001 609 5070 Ἀνδρα
635 4999 1022 5070 ἀνθιστάμενον
1052 5001 1118 5068 τῇ
1146 4996 1373 5068 ἀληθείᾳ
1415 4996 1510 5050 τοῦ
1545 4993 1679 5048 Θεοῦ
1707 4994 1803 5049 καὶ

1980 4987 2070 5043 25.
2102 4986 2389 5045 Hominem
2418 4995 2762 5052 resistentem
2796 5000 2991 5056 divina:
3025 5005 3234 5059 veritati
3260 5017 3313 5061 et
3349 5009 3479 5064 reli-

216 5095 278 5147 αἱ
326 5093 512 5146 λοιπαὶ
562 5089 824 5163 ἁμαρτίαι
873 5088 1348 5162 περικυκλώσουσι
1374 5127 1388 5153 ,
1436 5087 1798 5157 φυλάττουσαι

1907 5095 2012 5149 qua
2045 5092 2266 5150 peccata
2296 5083 2750 5157 circumdabant,
2789 5106 2910 5161 qua:
2941 5093 3248 5150 custodient
3269 5112 3393 5152 eum
3425 5101 3478 5154 iu

218 5187 384 5241 αὑτδν
406 5188 485 5248 εἰς
518 5183 812 5239 ἀπώλειαν.

613 5183 812 5237 ὒλειαν.
1908 5173 2207 5229 interitum.

290 5277 382 5332 26.
434 5271 585 5341 Οἶδα,
611 5277 693 5328 ὅτι
749 5275 963 5344 ποιήσει
993 5273 1197 5343 Κύριος
1235 5274 1335 5344 τὴν
1377 5272 1652 5342 ἐκδίκησιν
1691 5268 1800 5323 τῶν

1977 5267 2068 5320 26.
2103 5267 2259 5333 Novi,
2285 5271 2428 5340 quod
2454 5271 2618 5329 faciet
2647 5273 2910 5332 Dominus
2941 5277 3232 5334 vindictam
3259 5289 3479 5338 sancto-

220 5371 391 5440 ἁγίων
420 5368 604 5424 αὑτοῦ.

1907 5374 2030 5412 ιἰιιιι
2065 5373 2311 5415 suorum.

1177 5483 1484 5544 Addenda
1531 5490 1589 5543 et
1622 5476 1998 5559 corrigenda
2035 5493 2114 5535 ex
2145 5478 2286 5538 cod.
2322 5480 2523 5541 Vatic.

292 5585 368 5658 (|_)
408 5586 475 5639 N.
509 5584 594 5649 15,
619 5582 782 5652 Ἐγώ,
829 5593 935 5640 etc.
986 5584 1052 5636 N.
1087 5584 1450 5649 14,¹Αχουσον
1481 5581 1572 5636 τοῦ
1611 5598 1801 5635 στενα-

775 5625 782 5647 ,
829 5593 935 5640 etc.
986 5584 1052 5636 N.
1087 5584 1450 5649 14,¹Αχουσον
1481 5581 1572 5636 τοῦ
1611 5598 1801 5635 στενα-
2077 5577 2369 5658 ’Ῑπᾴρχοι

219 5673 386 5773 79720),
407 5666 695 5773 Ιὲἒξὶσειιψ
724 5725 824 5773 leg.
853 5723 1066 5773 videtur
1095 5725 1377 5773 συνέσεως.

2093 5645 2336 5772 ξζῐὲιήσέι.
2373 5659 2503 5716 etc.,
2536 5653 2651 5724 ἅμα
2678 5654 2773 5707 σὺν
2803 5659 3003 5722 αὐτοῖς.

2183 5716 2326 5773 and:
2354 5730 2468 5773 σου.
2503 5731 2610 5773 etc-

295 5716 380 5793 (2)7
407 5726 695 5787 Γενέσεως’
724 5725 824 5794 leg.
853 5723 1066 5777 videtur
1095 5725 1377 5788 συνέσεως.
1714 5793 1721 5794 7
1781 5788 1794 5794 _

1015 5740 1066 5777 ιι·
1095 5725 1377 5788 συνέσεως.
1714 5793 1721 5794 7
1781 5788 1794 5794 _
2093 5716 2326 5794 ζάρὶτός
2354 5730 2468 5794 σου,
2503 5716 2609 5780 etc.

295 5786 374 5863 (ὅ)
413 5798 534 5849 Ἀπ’
562 5786 732 5867 ἐμοῦνζ
889 5795 1181 5866 ἀντανὲλῃς
1225 5786 1513 5867 τὴννχάριν
1560 5810 1652 5846 σου
1701 5788 1796 5847 ἀπ’
2263 5790 2360 5860 τὴν
2397 5791 2669 5867 ἀλήθειαν.

223 5855 379 5938 ὲμού,
406 5876 537 5928 etc.,
574 5855 648 5930 ὥς
678 5855 1174 5942 ήδήνίκήσαντεςίν
1281 5855 1292 5865 ’
1359 5855 1388 5865 ”
1432 5855 1443 5867 ’

1983 5855 2059 5928 (8)
2101 5855 2546 5932 Δὲεστρσὶμμένα,
2575 5875 2702 5933 etc.,
2741 5870 2819 5932 εἰς
2856 5869 2954 5946 τὴν
2987 5871 3119 5930 ἄνω.
3155 5869 3262 5923 etc.

512 5962 779 6022 ΡΑτιιοι..
810 5958 926 6021 Gn.
965 5958 1229 6020 XXV”.

3078 5963 3147 6022 ιιι
