  <div class='ocr_page' id='page_1' title='image "/cluster/home/n/w/nwhite01/storage/ocr_20150623/27/ien.35556001660521/657.png"; bbox 0 0 4036 6424; ppageno 0'>
   <div class='ocr_carea' id='block_1_1' title="bbox 663 372 795 429">
    <p class='ocr_par' dir='ltr' id='par_1_1' title="bbox 663 372 795 429">
     <span class='ocr_line' id='line_1_1' title="bbox 663 372 795 429; baseline -0.023 -1"><span class='ocrx_word' id='word_1_1' title='bbox 663 372 795 429; x_wconf 67' lang='grc'><strong>1291</strong></span> 
     </span>
    </p>
   </div>
   <div class='ocr_carea' id='block_1_2' title="bbox 730 491 1592 559">
    <p class='ocr_par' dir='ltr' id='par_1_2' title="bbox 730 491 1592 559">
     <span class='ocr_line' id='line_1_2' title="bbox 730 491 1592 559; baseline -0.01 -9"><span class='ocrx_word' id='word_1_2' title='bbox 730 495 819 550; x_wconf 83' lang='lat'>27.</span> <span class='ocrx_word' id='word_1_3' title='bbox 849 492 912 548; x_wconf 82' lang='lat' dir='ltr'><strong>Et</strong></span> <span class='ocrx_word' id='word_1_4' title='bbox 944 491 1236 547; x_wconf 76' lang='lat' dir='ltr'>vindictam</span> <span class='ocrx_word' id='word_1_5' title='bbox 1273 502 1592 559; x_wconf 81' lang='lat' dir='ltr'>pauperum.</span> 
     </span>
    </p>
   </div>
   <div class='ocr_carea' id='block_1_3' title="bbox 729 574 2217 650">
    <p class='ocr_par' dir='ltr' id='par_1_3' title="bbox 729 574 2217 650">
     <span class='ocr_line' id='line_1_3' title="bbox 729 574 2217 650; baseline -0.009 -10"><span class='ocrx_word' id='word_1_6' title='bbox 729 586 816 641; x_wconf 78' lang='lat'>28.</span> <span class='ocrx_word' id='word_1_7' title='bbox 851 584 1234 638; x_wconf 77' lang='lat' dir='ltr'>Verumtamen</span> <span class='ocrx_word' id='word_1_8' title='bbox 1258 580 1391 650; x_wconf 85' lang='lat' dir='ltr'><strong>justi</strong></span> <span class='ocrx_word' id='word_1_9' title='bbox 1425 578 1825 633; x_wconf 77' lang='lat' dir='ltr'><strong>conﬁtebuntur</strong></span> <span class='ocrx_word' id='word_1_10' title='bbox 1852 574 2058 628; x_wconf 84' lang='lat' dir='ltr'><strong>nomini</strong></span> <span class='ocrx_word' id='word_1_11' title='bbox 2087 583 2217 627; x_wconf 89' lang='lat' dir='ltr'><strong>tuo:</strong></span> 
     </span>
    </p>
   </div>
   <div class='ocr_carea' id='block_1_4' title="bbox 733 670 1909 735">
    <p class='ocr_par' dir='ltr' id='par_1_4' title="bbox 733 670 1909 735">
     <span class='ocr_line' id='line_1_4' title="bbox 733 670 1909 735; baseline -0.012 -1"><span class='ocrx_word' id='word_1_12' title='bbox 733 679 822 735; x_wconf 84' lang='lat'><strong>29.</strong></span> <span class='ocrx_word' id='word_1_13' title='bbox 856 678 922 732; x_wconf 84' lang='lat' dir='ltr'><strong>Et</strong></span> <span class='ocrx_word' id='word_1_14' title='bbox 952 676 1271 732; x_wconf 86' lang='lat' dir='ltr'><strong>babitabunt</strong></span> <span class='ocrx_word' id='word_1_15' title='bbox 1300 673 1432 727; x_wconf 90' lang='lat' dir='ltr'><strong>reeti</strong></span> <span class='ocrx_word' id='word_1_16' title='bbox 1467 685 1588 726; x_wconf 91' lang='lat' dir='ltr'>cum</span> <span class='ocrx_word' id='word_1_17' title='bbox 1614 670 1762 722; x_wconf 89' lang='lat' dir='ltr'><strong>vultu</strong></span> <span class='ocrx_word' id='word_1_18' title='bbox 1797 677 1909 721; x_wconf 90' lang='lat' dir='ltr'><strong>tuo.</strong></span> 
     </span>
    </p>
   </div>
   <div class='ocr_carea' id='block_1_5' title="bbox 974 779 1905 847">
    <p class='ocr_par' dir='ltr' id='par_1_5' title="bbox 974 779 1905 847">
     <span class='ocr_line' id='line_1_5' title="bbox 974 779 1905 847; baseline -0.012 0"><span class='ocrx_word' id='word_1_19' title='bbox 974 791 1221 847; x_wconf 71' lang='lat' dir='ltr'><strong>Psalmus</strong></span> <span class='ocrx_word' id='word_1_20' title='bbox 1258 787 1450 842; x_wconf 85' lang='lat' dir='ltr'><strong>David.</strong></span> <span class='ocrx_word' id='word_1_21' title='bbox 1507 783 1711 839; x_wconf 70' lang='lat' dir='ltr'>PSAL.</span> <span class='ocrx_word' id='word_1_22' title='bbox 1744 779 1905 837; x_wconf 81' lang='lat' dir='ltr'>CXL.</span> 
     </span>
    </p>
   </div>
   <div class='ocr_carea' id='block_1_6' title="bbox 736 876 1873 950">
    <p class='ocr_par' dir='ltr' id='par_1_6' title="bbox 736 876 1873 950">
     <span class='ocr_line' id='line_1_6' title="bbox 736 876 1873 950; baseline -0.013 -8"><span class='ocrx_word' id='word_1_23' title='bbox 736 889 785 943; x_wconf 86' lang='lat' dir='ltr'><strong>l.</strong></span> <span class='ocrx_word' id='word_1_24' title='bbox 821 886 1067 950; x_wconf 80' lang='lat' dir='ltr'>Domine,</span> <span class='ocrx_word' id='word_1_25' title='bbox 1091 881 1319 939; x_wconf 83' lang='lat' dir='ltr'>clamavi</span> <span class='ocrx_word' id='word_1_26' title='bbox 1342 880 1408 934; x_wconf 89' lang='lat' dir='ltr'>ad</span> <span class='ocrx_word' id='word_1_27' title='bbox 1433 889 1502 940; x_wconf 91' lang='lat' dir='ltr'>te,</span> <span class='ocrx_word' id='word_1_28' title='bbox 1527 876 1720 932; x_wconf 83' lang='lat' dir='ltr'>exaudi</span> <span class='ocrx_word' id='word_1_29' title='bbox 1751 889 1835 928; x_wconf 90' lang='lat' dir='ltr'>mc</span> <span class='ocrx_word' id='word_1_30' title='bbox 1861 894 1873 927; x_wconf 89' lang='lat'>:</span> 
     </span>
    </p>
   </div>
   <div class='ocr_carea' id='block_1_7' title="bbox 725 968 1779 1040">
    <p class='ocr_par' dir='ltr' id='par_1_7' title="bbox 725 968 1779 1040">
     <span class='ocr_line' id='line_1_7' title="bbox 725 968 1779 1040; baseline -0.015 -7"><span class='ocrx_word' id='word_1_31' title='bbox 725 980 779 1034; x_wconf 89' lang='lat'>2.</span> <span class='ocrx_word' id='word_1_32' title='bbox 809 978 1030 1031; x_wconf 87' lang='lat' dir='ltr'><strong>Intende</strong></span> <span class='ocrx_word' id='word_1_33' title='bbox 1052 974 1170 1028; x_wconf 84' lang='lat' dir='ltr'>voci</span> <span class='ocrx_word' id='word_1_34' title='bbox 1200 968 1596 1040; x_wconf 75' lang='lat' dir='ltr'>deprecationis</span> <span class='ocrx_word' id='word_1_35' title='bbox 1625 979 1779 1026; x_wconf 70' lang='lat' dir='ltr'><strong>meae,</strong></span> 
     </span>
    </p>
   </div>
   <div class='ocr_carea' id='block_1_8' title="bbox 732 1061 1492 1124">
    <p class='ocr_par' dir='ltr' id='par_1_8' title="bbox 732 1061 1492 1124">
     <span class='ocr_line' id='line_1_8' title="bbox 732 1061 1492 1124; baseline -0.016 0"><span class='ocrx_word' id='word_1_36' title='bbox 732 1073 788 1124; x_wconf 76' lang='lat'>3.‘</span> <span class='ocrx_word' id='word_1_37' title='bbox 814 1070 948 1123; x_wconf 87' lang='lat' dir='ltr'><strong>Cum</strong></span> <span class='ocrx_word' id='word_1_38' title='bbox 986 1068 1290 1122; x_wconf 86' lang='lat' dir='ltr'><strong>clamavero</strong></span> <span class='ocrx_word' id='word_1_39' title='bbox 1321 1061 1385 1115; x_wconf 91' lang='lat' dir='ltr'>ad</span> <span class='ocrx_word' id='word_1_40' title='bbox 1419 1070 1492 1114; x_wconf 91' lang='lat' dir='ltr'>te.</span> 
     </span>
    </p>
   </div>
   <div class='ocr_carea' id='block_1_9' title="bbox 730 1146 2228 1227">
    <p class='ocr_par' dir='ltr' id='par_1_9' title="bbox 730 1146 2228 1227">
     <span class='ocr_line' id='line_1_9' title="bbox 730 1146 2228 1227; baseline -0.011 -14"><span class='ocrx_word' id='word_1_41' title='bbox 730 1161 781 1213; x_wconf 67' lang='grc'><strong>4.</strong></span> <span class='ocrx_word' id='word_1_42' title='bbox 810 1159 1083 1227; x_wconf 82' lang='lat' dir='ltr'><strong>Dirigatur</strong></span> <span class='ocrx_word' id='word_1_43' title='bbox 1103 1155 1278 1209; x_wconf 88' lang='lat' dir='ltr'><strong>oratio</strong></span> <span class='ocrx_word' id='word_1_44' title='bbox 1302 1167 1417 1206; x_wconf 90' lang='lat' dir='ltr'>mea</span> <span class='ocrx_word' id='word_1_45' title='bbox 1445 1151 1586 1204; x_wconf 90' lang='lat' dir='ltr'>sicut</span> <span class='ocrx_word' id='word_1_46' title='bbox 1610 1149 1891 1201; x_wconf 87' lang='lat' dir='ltr'><strong>incensum</strong></span> <span class='ocrx_word' id='word_1_47' title='bbox 1919 1146 1972 1198; x_wconf 94' lang='lat' dir='ltr'><strong>in</strong></span> <span class='ocrx_word' id='word_1_48' title='bbox 2000 1156 2228 1213; x_wconf 89' lang='lat' dir='ltr'><strong>conspe-</strong></span> 
     </span>
    </p>
   </div>
   <div class='ocr_carea' id='block_1_10' title="bbox 663 1261 934 1307">
    <p class='ocr_par' dir='ltr' id='par_1_10' title="bbox 663 1261 934 1307">
     <span class='ocr_line' id='line_1_10' title="bbox 663 1261 934 1307; baseline -0.018 -1"><span class='ocrx_word' id='word_1_49' title='bbox 663 1263 752 1307; x_wconf 91' lang='lat' dir='ltr'>ctu</span> <span class='ocrx_word' id='word_1_50' title='bbox 791 1261 883 1306; x_wconf 77' lang='grc' dir='ltr'>1.υο</span> <span class='ocrx_word' id='word_1_51' title='bbox 921 1266 934 1301; x_wconf 75' lang='lat'><strong>2</strong></span> 
     </span>
    </p>
   </div>
   <div class='ocr_carea' id='block_1_11' title="bbox 733 1327 2200 1398">
    <p class='ocr_par' dir='ltr' id='par_1_11' title="bbox 733 1327 2200 1398">
     <span class='ocr_line' id='line_1_11' title="bbox 733 1327 2200 1398; baseline -0.014 0"><span class='ocrx_word' id='word_1_52' title='bbox 733 1343 786 1398; x_wconf 88' lang='lat'><strong>5.</strong></span> <span class='ocrx_word' id='word_1_53' title='bbox 825 1342 1062 1396; x_wconf 81' lang='lat' dir='ltr'><strong>Elevatio</strong></span> <span class='ocrx_word' id='word_1_54' title='bbox 1092 1353 1347 1393; x_wconf 88' lang='lat' dir='ltr'><strong>manuum</strong></span> <span class='ocrx_word' id='word_1_55' title='bbox 1381 1349 1624 1390; x_wconf 87' lang='lat' dir='ltr'><strong>mearum</strong></span> <span class='ocrx_word' id='word_1_56' title='bbox 1659 1327 1982 1386; x_wconf 90' lang='lat' dir='ltr'><strong>sacriﬁcium</strong></span> <span class='ocrx_word' id='word_1_57' title='bbox 2010 1340 2200 1395; x_wconf 85' lang='lat' dir='ltr'><strong>vesper</strong></span> 
     </span>
    </p>
   </div>
   <div class='ocr_carea' id='block_1_12' title="bbox 665 1446 860 1490">
    <p class='ocr_par' dir='ltr' id='par_1_12' title="bbox 665 1446 860 1490">
     <span class='ocr_line' id='line_1_12' title="bbox 665 1446 860 1490; baseline 0 -1"><span class='ocrx_word' id='word_1_58' title='bbox 665 1446 860 1490; x_wconf 78' lang='lat' dir='ltr'><strong>tinum.</strong></span> 
     </span>
    </p>
   </div>
   <div class='ocr_carea' id='block_1_13' title="bbox 734 1518 1914 1590">
    <p class='ocr_par' dir='ltr' id='par_1_13' title="bbox 734 1518 1914 1590">
     <span class='ocr_line' id='line_1_13' title="bbox 734 1518 1914 1590; baseline -0.014 -8"><span class='ocrx_word' id='word_1_59' title='bbox 734 1531 785 1582; x_wconf 86' lang='lat'><strong>6.</strong></span> <span class='ocrx_word' id='word_1_60' title='bbox 817 1528 982 1590; x_wconf 84' lang='lat' dir='ltr'><strong>Pone,</strong></span> <span class='ocrx_word' id='word_1_61' title='bbox 1017 1526 1264 1588; x_wconf 82' lang='lat' dir='ltr'><strong>Domine,</strong></span> <span class='ocrx_word' id='word_1_62' title='bbox 1293 1522 1596 1576; x_wconf 85' lang='lat' dir='ltr'><strong>custodiam</strong></span> <span class='ocrx_word' id='word_1_63' title='bbox 1631 1518 1712 1570; x_wconf 91' lang='lat' dir='ltr'>ori</span> <span class='ocrx_word' id='word_1_64' title='bbox 1741 1529 1861 1568; x_wconf 88' lang='lat' dir='ltr'>meo</span> <span class='ocrx_word' id='word_1_65' title='bbox 1900 1529 1914 1565; x_wconf 91' lang='lat'><strong>:</strong></span> 
     </span>
    </p>
   </div>
   <div class='ocr_carea' id='block_1_14' title="bbox 741 1605 2096 1674">
    <p class='ocr_par' dir='ltr' id='par_1_14' title="bbox 741 1605 2096 1674">
     <span class='ocr_line' id='line_1_14' title="bbox 741 1605 2096 1674; baseline -0.014 -2"><span class='ocrx_word' id='word_1_66' title='bbox 741 1621 792 1674; x_wconf 90' lang='lat'>7.</span> <span class='ocrx_word' id='word_1_67' title='bbox 824 1619 889 1674; x_wconf 86' lang='lat' dir='ltr'><strong>Et</strong></span> <span class='ocrx_word' id='word_1_68' title='bbox 922 1619 1120 1672; x_wconf 89' lang='lat' dir='ltr'><strong>ostium</strong></span> <span class='ocrx_word' id='word_1_69' title='bbox 1157 1609 1586 1670; x_wconf 75' lang='lat' dir='ltr'><strong>circnmstantim</strong></span> <span class='ocrx_word' id='word_1_70' title='bbox 1613 1609 1755 1661; x_wconf 81' lang='lat' dir='ltr'><strong>circa</strong></span> <span class='ocrx_word' id='word_1_71' title='bbox 1787 1605 1926 1659; x_wconf 81' lang='lat' dir='ltr'><strong>labia</strong></span> <span class='ocrx_word' id='word_1_72' title='bbox 1957 1617 2096 1655; x_wconf 74' lang='lat' dir='ltr'><strong>mea.</strong></span> 
     </span>
    </p>
   </div>
   <div class='ocr_carea' id='block_1_15' title="bbox 735 1695 2087 1767">
    <p class='ocr_par' dir='ltr' id='par_1_15' title="bbox 735 1695 2087 1767">
     <span class='ocr_line' id='line_1_15' title="bbox 735 1695 2087 1767; baseline -0.014 -1"><span class='ocrx_word' id='word_1_73' title='bbox 735 1713 789 1767; x_wconf 90' lang='lat'><strong>8.</strong></span> <span class='ocrx_word' id='word_1_74' title='bbox 825 1710 941 1765; x_wconf 83' lang='lat' dir='ltr'>Non</span> <span class='ocrx_word' id='word_1_75' title='bbox 971 1710 1207 1764; x_wconf 89' lang='lat' dir='ltr'><strong>declines</strong></span> <span class='ocrx_word' id='word_1_76' title='bbox 1230 1723 1323 1763; x_wconf 91' lang='lat' dir='ltr'>cor</span> <span class='ocrx_word' id='word_1_77' title='bbox 1347 1720 1525 1760; x_wconf 89' lang='lat' dir='ltr'><strong>meum</strong></span> <span class='ocrx_word' id='word_1_78' title='bbox 1568 1701 1618 1753; x_wconf 93' lang='lat' dir='ltr'><strong>in</strong></span> <span class='ocrx_word' id='word_1_79' title='bbox 1651 1699 1811 1752; x_wconf 84' lang='lat' dir='ltr'><strong>verba</strong></span> <span class='ocrx_word' id='word_1_80' title='bbox 1847 1695 2087 1758; x_wconf 56' lang='lat' dir='ltr'><strong>malitia,</strong></span> 
     </span>
    </p>
   </div>
   <div class='ocr_carea' id='block_1_16' title="bbox 1514 355 3086 420">
    <p class='ocr_par' dir='ltr' id='par_1_16' title="bbox 1514 355 3086 420">
     <span class='ocr_line' id='line_1_16' title="bbox 1514 355 3086 420; baseline -0.006 -3"><span class='ocrx_word' id='word_1_81' title='bbox 1514 365 1571 420; x_wconf 92' lang='lat' dir='ltr'>S.</span> <span class='ocrx_word' id='word_1_82' title='bbox 1613 361 1979 418; x_wconf 77' lang='lat' dir='ltr'>ATHANASII</span> <span class='ocrx_word' id='word_1_83' title='bbox 2021 359 2170 417; x_wconf 84' lang='lat' dir='ltr'>OPP.</span> <span class='ocrx_word' id='word_1_84' title='bbox 2217 358 2397 415; x_wconf 82' lang='lat' dir='ltr'>PARS</span> <span class='ocrx_word' id='word_1_85' title='bbox 2437 358 2503 413; x_wconf 90' lang='grc'>111</span> <span class='ocrx_word' id='word_1_86' title='bbox 2567 386 2634 398; x_wconf 93' lang='grc'><strong><em>-</em></strong></span> <span class='ocrx_word' id='word_1_87' title='bbox 2675 355 3086 412; x_wconf 80' lang='lat' dir='ltr'>EXEGETICA.</span> 
     </span>
    </p>
   </div>
   <div class='ocr_carea' id='block_1_17' title="bbox 2255 475 3392 549">
    <p class='ocr_par' dir='ltr' id='par_1_17' title="bbox 2255 475 3392 549">
     <span class='ocr_line' id='line_1_17' title="bbox 2255 475 3392 549; baseline -0.01 -13"><span class='ocrx_word' id='word_1_88' title='bbox 2255 486 2302 542; x_wconf 75' lang='grc' dir='ltr'>Α</span> <span class='ocrx_word' id='word_1_89' title='bbox 2397 481 2485 535; x_wconf 83' lang='lat'>27.</span> <span class='ocrx_word' id='word_1_90' title='bbox 2531 480 2639 532; x_wconf 75' lang='lat' dir='ltr'><strong>Kal.</strong></span> <span class='ocrx_word' id='word_1_91' title='bbox 2675 478 2772 549; x_wconf 81' lang='grc' dir='ltr'>τὴν</span> <span class='ocrx_word' id='word_1_92' title='bbox 2807 477 2960 545; x_wconf 80' lang='grc' dir='ltr'>δίκην</span> <span class='ocrx_word' id='word_1_93' title='bbox 2989 475 3096 528; x_wconf 73' lang='grc' dir='ltr'>τᾶν</span> <span class='ocrx_word' id='word_1_94' title='bbox 3128 475 3392 543; x_wconf 80' lang='grc' dir='ltr'>πενήτων.</span> 
     </span>
    </p>
   </div>
   <div class='ocr_carea' id='block_1_18' title="bbox 3780 350 3904 406">
    <p class='ocr_par' dir='ltr' id='par_1_18' title="bbox 3780 350 3904 406">
     <span class='ocr_line' id='line_1_18' title="bbox 3780 350 3904 406; baseline 0.024 -3"><span class='ocrx_word' id='word_1_95' title='bbox 3780 350 3904 406; x_wconf 72' lang='lat'><strong>1292</strong></span> 
     </span>
    </p>
   </div>
   <div class='ocr_carea' id='block_1_19' title="bbox 2399 562 3904 640">
    <p class='ocr_par' dir='ltr' id='par_1_19' title="bbox 2399 562 3904 640">
     <span class='ocr_line' id='line_1_19' title="bbox 2399 562 3904 640; baseline -0.009 -16"><span class='ocrx_word' id='word_1_96' title='bbox 2399 571 2488 624; x_wconf 93' lang='lat'>28.</span> <span class='ocrx_word' id='word_1_97' title='bbox 2531 570 2674 640; x_wconf 80' lang='grc' dir='ltr'>Πλὴν</span> <span class='ocrx_word' id='word_1_98' title='bbox 2698 569 2891 622; x_wconf 76' lang='grc' dir='ltr'>δίκαιοι</span> <span class='ocrx_word' id='word_1_99' title='bbox 2923 566 3400 636; x_wconf 72' lang='grc' dir='ltr'>ἐξομολογήσονται</span> <span class='ocrx_word' id='word_1_100' title='bbox 3427 563 3505 632; x_wconf 81' lang='grc' dir='ltr'>τῷ</span> <span class='ocrx_word' id='word_1_101' title='bbox 3531 562 3766 631; x_wconf 69' lang='grc' dir='ltr'>ὀνόματί</span> <span class='ocrx_word' id='word_1_102' title='bbox 3794 576 3904 612; x_wconf 72' lang='grc' dir='ltr'>σου*</span> 
     </span>
    </p>
   </div>
   <div class='ocr_carea' id='block_1_20' title="bbox 2399 651 3900 730">
    <p class='ocr_par' dir='ltr' id='par_1_20' title="bbox 2399 651 3900 730">
     <span class='ocr_line' id='line_1_20' title="bbox 2399 651 3900 730; baseline -0.009 -15"><span class='ocrx_word' id='word_1_103' title='bbox 2399 663 2488 716; x_wconf 89' lang='lat'><strong>29.</strong></span> <span class='ocrx_word' id='word_1_104' title='bbox 2529 661 2636 713; x_wconf 76' lang='grc' dir='ltr'>Καὶ</span> <span class='ocrx_word' id='word_1_105' title='bbox 2654 660 3062 730; x_wconf 79' lang='grc' dir='ltr'>κατοικήσουσιν</span> <span class='ocrx_word' id='word_1_106' title='bbox 3079 657 3250 719; x_wconf 81' lang='grc' dir='ltr'>εὐθεῖς</span> <span class='ocrx_word' id='word_1_107' title='bbox 3277 658 3371 708; x_wconf 72' lang='grc' dir='ltr'>σὺν</span> <span class='ocrx_word' id='word_1_108' title='bbox 3386 653 3462 723; x_wconf 76' lang='grc' dir='ltr'>τῷ</span> <span class='ocrx_word' id='word_1_109' title='bbox 3486 651 3772 721; x_wconf 76' lang='grc' dir='ltr'>προσώπῳ</span> <span class='ocrx_word' id='word_1_110' title='bbox 3795 669 3900 703; x_wconf 77' lang='grc' dir='ltr'>σου.</span> 
     </span>
    </p>
   </div>
   <div class='ocr_carea' id='block_1_21' title="bbox 2650 771 3585 843">
    <p class='ocr_par' dir='ltr' id='par_1_21' title="bbox 2650 771 3585 843">
     <span class='ocr_line' id='line_1_21' title="bbox 2650 771 3585 843; baseline -0.01 -14"><span class='ocrx_word' id='word_1_111' title='bbox 2650 774 2894 843; x_wconf 75' lang='grc' dir='ltr'>Ψαλμὸς</span> <span class='ocrx_word' id='word_1_112' title='bbox 2915 772 2994 837; x_wconf 83' lang='grc' dir='ltr'>τῷ</span> <span class='ocrx_word' id='word_1_113' title='bbox 3020 771 3212 825; x_wconf 78' lang='grc' dir='ltr'>Δοϐίδ.</span> <span class='ocrx_word' id='word_1_114' title='bbox 3245 773 3418 824; x_wconf 80' lang='grc' dir='ltr'><strong>ΨΛΛ.</strong></span> <span class='ocrx_word' id='word_1_115' title='bbox 3447 773 3585 822; x_wconf 75' lang='lat' dir='ltr'>PM&#39;.</span> 
     </span>
    </p>
   </div>
   <div class='ocr_carea' id='block_1_22' title="bbox 2404 861 3804 939">
    <p class='ocr_par' dir='ltr' id='par_1_22' title="bbox 2404 861 3804 939">
     <span class='ocr_line' id='line_1_22' title="bbox 2404 861 3804 939; baseline -0.01 -17"><span class='ocrx_word' id='word_1_116' title='bbox 2404 871 2454 924; x_wconf 83' lang='grc'><strong>1.</strong></span> <span class='ocrx_word' id='word_1_117' title='bbox 2495 868 2690 939; x_wconf 81' lang='grc' dir='ltr'>Κύριε,</span> <span class='ocrx_word' id='word_1_118' title='bbox 2731 866 3002 937; x_wconf 80' lang='grc' dir='ltr'>ἐκέκραξα</span> <span class='ocrx_word' id='word_1_119' title='bbox 3032 866 3168 936; x_wconf 84' lang='grc' dir='ltr'>πρὸς</span> <span class='ocrx_word' id='word_1_120' title='bbox 3199 863 3278 926; x_wconf 80' lang='grc' dir='ltr'>σὲ,</span> <span class='ocrx_word' id='word_1_121' title='bbox 3316 861 3640 915; x_wconf 73' lang='grc' dir='ltr'>είσάκουσόν</span> <span class='ocrx_word' id='word_1_122' title='bbox 3674 877 3804 930; x_wconf 66' lang='grc' dir='ltr'>μου·</span> 
     </span>
    </p>
   </div>
   <div class='ocr_carea' id='block_1_23' title="bbox 2403 953 3562 1032">
    <p class='ocr_par' dir='ltr' id='par_1_23' title="bbox 2403 953 3562 1032">
     <span class='ocr_line' id='line_1_23' title="bbox 2403 953 3562 1032; baseline -0.01 -17"><span class='ocrx_word' id='word_1_123' title='bbox 2403 962 2456 1016; x_wconf 86' lang='lat'><strong>2.</strong></span> <span class='ocrx_word' id='word_1_124' title='bbox 2495 961 2734 1032; x_wconf 80' lang='grc' dir='ltr'>Πρόσχες</span> <span class='ocrx_word' id='word_1_125' title='bbox 2764 960 2830 1029; x_wconf 79' lang='grc' dir='ltr'>τῇ</span> <span class='ocrx_word' id='word_1_126' title='bbox 2861 960 3009 1028; x_wconf 80' lang='grc' dir='ltr'>φωνῇ</span> <span class='ocrx_word' id='word_1_127' title='bbox 3040 957 3137 1026; x_wconf 81' lang='grc' dir='ltr'>τῆς</span> <span class='ocrx_word' id='word_1_128' title='bbox 3167 953 3402 1026; x_wconf 74' lang='grc' dir='ltr'>δεήσεως</span> <span class='ocrx_word' id='word_1_129' title='bbox 3436 970 3562 1022; x_wconf 81' lang='grc' dir='ltr'>μου,</span> 
     </span>
    </p>
   </div>
   <div class='ocr_carea' id='block_1_24' title="bbox 2401 1046 3407 1123">
    <p class='ocr_par' dir='ltr' id='par_1_24' title="bbox 2401 1046 3407 1123">
     <span class='ocr_line' id='line_1_24' title="bbox 2401 1046 3407 1123; baseline -0.011 -15"><span class='ocrx_word' id='word_1_130' title='bbox 2401 1055 2455 1108; x_wconf 79' lang='lat'>3.</span> <span class='ocrx_word' id='word_1_131' title='bbox 2497 1055 2585 1107; x_wconf 86' lang='grc' dir='ltr'>Ἐν</span> <span class='ocrx_word' id='word_1_132' title='bbox 2618 1053 2693 1123; x_wconf 78' lang='grc' dir='ltr'>τῷ</span> <span class='ocrx_word' id='word_1_133' title='bbox 2719 1050 3046 1122; x_wconf 81' lang='grc' dir='ltr'>κεκραγέναι</span> <span class='ocrx_word' id='word_1_134' title='bbox 3076 1067 3140 1118; x_wconf 89' lang='grc' dir='ltr'>με</span> <span class='ocrx_word' id='word_1_135' title='bbox 3165 1049 3301 1118; x_wconf 76' lang='grc' dir='ltr'>πρὸς</span> <span class='ocrx_word' id='word_1_136' title='bbox 3330 1046 3407 1098; x_wconf 86' lang='grc' dir='ltr'>σέ.</span> 
     </span>
    </p>
   </div>
   <div class='ocr_carea' id='block_1_25' title="bbox 2406 1134 3902 1214">
    <p class='ocr_par' dir='ltr' id='par_1_25' title="bbox 2406 1134 3902 1214">
     <span class='ocr_line' id='line_1_25' title="bbox 2406 1134 3902 1214; baseline -0.011 -15"><span class='ocrx_word' id='word_1_137' title='bbox 2406 1147 2456 1199; x_wconf 82' lang='grc'>4.</span> <span class='ocrx_word' id='word_1_138' title='bbox 2494 1143 2922 1214; x_wconf 79' lang='grc' dir='ltr'>Κατευθυνθήτω</span> <span class='ocrx_word' id='word_1_139' title='bbox 2971 1144 3004 1212; x_wconf 88' lang='grc' dir='ltr'>ή</span> <span class='ocrx_word' id='word_1_140' title='bbox 3068 1139 3339 1211; x_wconf 76' lang='grc' dir='ltr'>προσευχὴ</span> <span class='ocrx_word' id='word_1_141' title='bbox 3379 1155 3477 1207; x_wconf 81' lang='grc' dir='ltr'>μου</span> <span class='ocrx_word' id='word_1_142' title='bbox 3525 1135 3600 1198; x_wconf 78' lang='grc' dir='ltr'>ὡς</span> <span class='ocrx_word' id='word_1_143' title='bbox 3667 1134 3902 1203; x_wconf 68' lang='grc' dir='ltr'>θυμιαμα</span> 
     </span>
    </p>
   </div>
   <div class='ocr_carea' id='block_1_26' title="bbox 2337 1237 2715 1289">
    <p class='ocr_par' dir='ltr' id='par_1_26' title="bbox 2337 1237 2715 1289">
     <span class='ocr_line' id='line_1_26' title="bbox 2337 1237 2715 1289; baseline -0.003 0"><span class='ocrx_word' id='word_1_144' title='bbox 2337 1237 2566 1289; x_wconf 76' lang='grc' dir='ltr'>ἐνώπιόν</span> <span class='ocrx_word' id='word_1_145' title='bbox 2601 1253 2715 1288; x_wconf 87' lang='grc' dir='ltr'>σου·</span> 
     </span>
    </p>
   </div>
   <div class='ocr_carea' id='block_1_27' title="bbox 2403 1316 3760 1397">
    <p class='ocr_par' dir='ltr' id='par_1_27' title="bbox 2403 1316 3760 1397">
     <span class='ocr_line' id='line_1_27' title="bbox 2403 1316 3760 1397; baseline -0.012 -15"><span class='ocrx_word' id='word_1_146' title='bbox 2403 1329 2454 1382; x_wconf 86' lang='lat'><strong>5.</strong></span> <span class='ocrx_word' id='word_1_147' title='bbox 2489 1328 2756 1397; x_wconf 85' lang='grc' dir='ltr'>Ἐπαρσις</span> <span class='ocrx_word' id='word_1_148' title='bbox 2785 1321 2891 1375; x_wconf 84' lang='grc' dir='ltr'>τῶν</span> <span class='ocrx_word' id='word_1_149' title='bbox 2915 1319 3111 1394; x_wconf 81' lang='grc' dir='ltr'>χειρῶν</span> <span class='ocrx_word' id='word_1_150' title='bbox 3148 1338 3246 1390; x_wconf 85' lang='grc' dir='ltr'>μου</span> <span class='ocrx_word' id='word_1_151' title='bbox 3272 1318 3430 1371; x_wconf 79' lang='grc' dir='ltr'>Θυσία</span> <span class='ocrx_word' id='word_1_152' title='bbox 3462 1316 3760 1385; x_wconf 83' lang='grc' dir='ltr'>έσπερινή.</span> 
     </span>
    </p>
   </div>
   <div class='ocr_carea' id='block_1_28' title="bbox 2405 1492 3673 1573">
    <p class='ocr_par' dir='ltr' id='par_1_28' title="bbox 2405 1492 3673 1573">
     <span class='ocr_line' id='line_1_28' title="bbox 2405 1492 3673 1573; baseline -0.014 -14"><span class='ocrx_word' id='word_1_153' title='bbox 2405 1505 2458 1559; x_wconf 89' lang='grc'>6.</span> <span class='ocrx_word' id='word_1_154' title='bbox 2494 1503 2620 1565; x_wconf 83' lang='grc' dir='ltr'>Θοῦ,</span> <span class='ocrx_word' id='word_1_155' title='bbox 2653 1501 2847 1573; x_wconf 83' lang='grc' dir='ltr'>Κύριε,</span> <span class='ocrx_word' id='word_1_156' title='bbox 2880 1496 3121 1568; x_wconf 80' lang='grc' dir='ltr'>φυλακὴν</span> <span class='ocrx_word' id='word_1_157' title='bbox 3153 1494 3228 1564; x_wconf 81' lang='grc' dir='ltr'>τῷ</span> <span class='ocrx_word' id='word_1_158' title='bbox 3263 1492 3490 1562; x_wconf 78' lang='grc' dir='ltr'>στόματί</span> <span class='ocrx_word' id='word_1_159' title='bbox 3530 1508 3634 1560; x_wconf 85' lang='grc' dir='ltr'>μου</span> <span class='ocrx_word' id='word_1_160' title='bbox 3660 1507 3673 1519; x_wconf 89' lang='grc'><strong>·</strong></span> 
     </span>
    </p>
   </div>
   <div class='ocr_carea' id='block_1_29' title="bbox 2408 1583 3670 1661">
    <p class='ocr_par' dir='ltr' id='par_1_29' title="bbox 2408 1583 3670 1661">
     <span class='ocr_line' id='line_1_29' title="bbox 2408 1583 3670 1661; baseline -0.013 -15"><span class='ocrx_word' id='word_1_161' title='bbox 2408 1594 2458 1646; x_wconf 91' lang='lat'><strong>7.</strong></span> <span class='ocrx_word' id='word_1_162' title='bbox 2492 1592 2600 1646; x_wconf 74' lang='grc' dir='ltr'>Καὶ</span> <span class='ocrx_word' id='word_1_163' title='bbox 2631 1589 2802 1661; x_wconf 79' lang='grc' dir='ltr'>Θύραν</span> <span class='ocrx_word' id='word_1_164' title='bbox 2831 1587 3088 1657; x_wconf 81' lang='grc' dir='ltr'>περιοχῆς</span> <span class='ocrx_word' id='word_1_165' title='bbox 3116 1584 3240 1652; x_wconf 75' lang='grc' dir='ltr'>περὶ</span> <span class='ocrx_word' id='word_1_166' title='bbox 3269 1584 3335 1634; x_wconf 79' lang='grc' dir='ltr'>τὰ</span> <span class='ocrx_word' id='word_1_167' title='bbox 3356 1583 3504 1651; x_wconf 79' lang='grc' dir='ltr'>χείλη</span> <span class='ocrx_word' id='word_1_168' title='bbox 3541 1597 3670 1649; x_wconf 81' lang='grc' dir='ltr'>μου.</span> 
     </span>
    </p>
   </div>
   <div class='ocr_carea' id='block_1_30' title="bbox 2409 1668 3900 1752">
    <p class='ocr_par' dir='ltr' id='par_1_30' title="bbox 2409 1668 3900 1752">
     <span class='ocr_line' id='line_1_30' title="bbox 2409 1668 3900 1752; baseline -0.013 -15"><span class='ocrx_word' id='word_1_169' title='bbox 2409 1684 2461 1737; x_wconf 91' lang='grc'>8.</span> <span class='ocrx_word' id='word_1_170' title='bbox 2481 1681 2571 1752; x_wconf 81' lang='grc' dir='ltr'>Μὴ</span> <span class='ocrx_word' id='word_1_171' title='bbox 2586 1679 2834 1749; x_wconf 74' lang='grc' dir='ltr'>ἐκκλίνῃς</span> <span class='ocrx_word' id='word_1_172' title='bbox 2851 1676 2947 1746; x_wconf 81' lang='grc' dir='ltr'>τὴν</span> <span class='ocrx_word' id='word_1_173' title='bbox 2967 1675 3191 1745; x_wconf 73' lang='grc' dir='ltr'>καρδίαν</span> <span class='ocrx_word' id='word_1_174' title='bbox 3213 1691 3311 1742; x_wconf 88' lang='grc' dir='ltr'>μου</span> <span class='ocrx_word' id='word_1_175' title='bbox 3326 1671 3610 1738; x_wconf 79' lang='grc' dir='ltr'>εἰς).όγους</span> <span class='ocrx_word' id='word_1_176' title='bbox 3628 1668 3900 1738; x_wconf 81' lang='grc' dir='ltr'>πονηρίας,</span> 
     </span>
    </p>
   </div>
   <div class='ocr_carea' id='block_1_31' title="bbox 1780 1785 2794 1864">
    <p class='ocr_par' dir='ltr' id='par_1_31' title="bbox 1780 1785 2794 1864">
     <span class='ocr_line' id='line_1_31' title="bbox 1780 1785 2794 1864; baseline -0.017 0"><span class='ocrx_word' id='word_1_177' title='bbox 1780 1785 2158 1864; x_wconf 73' lang='grc' dir='ltr'>ΑτιιΑΝᾸειι</span> <span class='ocrx_word' id='word_1_178' title='bbox 2203 1791 2794 1856; x_wconf 79' lang='lat' dir='ltr'>INTERPRETATIO.</span> 
     </span>
    </p>
   </div>
   <div class='ocr_carea' id='block_1_32' title="bbox 731 1897 2297 1996">
    <p class='ocr_par' dir='ltr' id='par_1_32' title="bbox 731 1905 2297 1996">
     <span class='ocr_line' id='line_1_32' title="bbox 731 1905 2297 1996; baseline -0.012 -6"><span class='ocrx_word' id='word_1_179' title='bbox 731 1936 821 1990; x_wconf 82' lang='lat'>27.</span> <span class='ocrx_word' id='word_1_180' title='bbox 858 1934 924 1989; x_wconf 87' lang='lat' dir='ltr'><strong>Et</strong></span> <span class='ocrx_word' id='word_1_181' title='bbox 950 1932 1240 1988; x_wconf 76' lang='lat' dir='ltr'><strong>vindictam</strong></span> <span class='ocrx_word' id='word_1_182' title='bbox 1279 1944 1490 1994; x_wconf 91' lang='lat' dir='ltr'><strong>eorum,</strong></span> <span class='ocrx_word' id='word_1_183' title='bbox 1518 1928 1607 1996; x_wconf 89' lang='lat' dir='ltr'>qui</span> <span class='ocrx_word' id='word_1_184' title='bbox 1643 1940 1792 1979; x_wconf 92' lang='lat' dir='ltr'><strong>nunc</strong></span> <span class='ocrx_word' id='word_1_185' title='bbox 1820 1922 2098 1976; x_wconf 89' lang='lat' dir='ltr'><strong>laboribus</strong></span> <span class='ocrx_word' id='word_1_186' title='bbox 2127 1933 2224 1988; x_wconf 90' lang='lat' dir='ltr'><strong>op-</strong></span> <span class='ocrx_word' id='word_1_187' title='bbox 2258 1905 2297 1958; x_wconf 82' lang='grc' dir='ltr'><strong>Β</strong></span> 
     </span>
    </p>
   </div>
   <div class='ocr_carea' id='block_1_33' title="bbox 2349 1897 3905 1996">
    <p class='ocr_par' dir='ltr' id='par_1_33' title="bbox 2397 1897 3905 1978">
     <span class='ocr_line' id='line_1_33' title="bbox 2397 1897 3905 1978; baseline -0.009 -15"><span class='ocrx_word' id='word_1_188' title='bbox 2397 1910 2484 1964; x_wconf 88' lang='lat'>27.</span> <span class='ocrx_word' id='word_1_189' title='bbox 2521 1909 2629 1962; x_wconf 76' lang='lat' dir='ltr'><strong>Kal.</strong></span> <span class='ocrx_word' id='word_1_190' title='bbox 2646 1909 2745 1978; x_wconf 86' lang='grc' dir='ltr'>τὴν</span> <span class='ocrx_word' id='word_1_191' title='bbox 2767 1906 3041 1976; x_wconf 73' lang='grc' dir='ltr'>ἐκδίκησιν</span> <span class='ocrx_word' id='word_1_192' title='bbox 3070 1902 3176 1956; x_wconf 78' lang='grc' dir='ltr'>τῶν</span> <span class='ocrx_word' id='word_1_193' title='bbox 3201 1899 3701 1968; x_wconf 83' lang='grc' dir='ltr'>καταπονουμένων</span> <span class='ocrx_word' id='word_1_194' title='bbox 3723 1897 3815 1950; x_wconf 90' lang='grc' dir='ltr'>νῦν</span> <span class='ocrx_word' id='word_1_195' title='bbox 3833 1898 3905 1950; x_wconf 62' lang='grc' dir='ltr'>διὰ</span> 
     </span>
    </p>
   </div>
   <div class='ocr_carea' id='block_1_34' title="bbox 667 2011 1837 2090">
    <p class='ocr_par' dir='ltr' id='par_1_34' title="bbox 667 2011 1837 2090">
     <span class='ocr_line' id='line_1_34' title="bbox 667 2011 1837 2090; baseline -0.012 -16"><span class='ocrx_word' id='word_1_196' title='bbox 667 2021 834 2090; x_wconf 81' lang='lat' dir='ltr'><strong>pressi</strong></span> <span class='ocrx_word' id='word_1_197' title='bbox 868 2029 994 2074; x_wconf 89' lang='lat' dir='ltr'><strong>sunt</strong></span> <span class='ocrx_word' id='word_1_198' title='bbox 1022 2026 1238 2086; x_wconf 88' lang='lat' dir='ltr'><strong>propter</strong></span> <span class='ocrx_word' id='word_1_199' title='bbox 1272 2030 1419 2083; x_wconf 91' lang='lat' dir='ltr'><strong>spem</strong></span> <span class='ocrx_word' id='word_1_200' title='bbox 1455 2013 1508 2066; x_wconf 89' lang='lat' dir='ltr'><strong>in</strong></span> <span class='ocrx_word' id='word_1_201' title='bbox 1536 2011 1837 2064; x_wconf 79' lang='lat' dir='ltr'><strong>Christum.</strong></span> 
     </span>
    </p>
   </div>
   <div class='ocr_carea' id='block_1_35' title="bbox 735 2095 2228 2177">
    <p class='ocr_par' dir='ltr' id='par_1_35' title="bbox 735 2095 2228 2177">
     <span class='ocr_line' id='line_1_35' title="bbox 735 2095 2228 2177; baseline -0.011 -12"><span class='ocrx_word' id='word_1_202' title='bbox 735 2111 823 2165; x_wconf 90' lang='lat'>28.</span> <span class='ocrx_word' id='word_1_203' title='bbox 857 2109 1068 2163; x_wconf 82' lang='lat' dir='ltr'><strong>Etenim</strong></span> <span class='ocrx_word' id='word_1_204' title='bbox 1096 2117 1286 2177; x_wconf 70' lang='lat' dir='ltr'><strong>praeter</strong></span> <span class='ocrx_word' id='word_1_205' title='bbox 1315 2105 1462 2174; x_wconf 91' lang='lat' dir='ltr'><strong>ipsos</strong></span> <span class='ocrx_word' id='word_1_206' title='bbox 1503 2109 1721 2157; x_wconf 89' lang='lat' dir='ltr'><strong>sanctos</strong></span> <span class='ocrx_word' id='word_1_207' title='bbox 1750 2099 1933 2153; x_wconf 90' lang='lat' dir='ltr'><strong>nullus</strong></span> <span class='ocrx_word' id='word_1_208' title='bbox 1971 2106 2053 2152; x_wconf 89' lang='lat' dir='ltr'>est</span> <span class='ocrx_word' id='word_1_209' title='bbox 2088 2095 2228 2149; x_wconf 86' lang='lat' dir='ltr'><strong>alius</strong></span> 
     </span>
    </p>
   </div>
   <div class='ocr_carea' id='block_1_36' title="bbox 667 2195 1533 2272">
    <p class='ocr_par' dir='ltr' id='par_1_36' title="bbox 667 2195 1533 2272">
     <span class='ocr_line' id='line_1_36' title="bbox 667 2195 1533 2272; baseline -0.01 -16"><span class='ocrx_word' id='word_1_210' title='bbox 667 2203 1016 2272; x_wconf 86' lang='lat' dir='ltr'><strong>injustorum,</strong></span> <span class='ocrx_word' id='word_1_211' title='bbox 1051 2199 1144 2268; x_wconf 91' lang='lat' dir='ltr'><strong>qui</strong></span> <span class='ocrx_word' id='word_1_212' title='bbox 1173 2206 1224 2251; x_wconf 91' lang='lat' dir='ltr'>te</span> <span class='ocrx_word' id='word_1_213' title='bbox 1253 2195 1533 2266; x_wconf 75' lang='lat' dir='ltr'><strong>glorilicet.</strong></span> 
     </span>
    </p>
   </div>
   <div class='ocr_carea' id='block_1_37' title="bbox 738 2278 2232 2360">
    <p class='ocr_par' dir='ltr' id='par_1_37' title="bbox 738 2278 2232 2360">
     <span class='ocr_line' id='line_1_37' title="bbox 738 2278 2232 2360; baseline -0.013 -11"><span class='ocrx_word' id='word_1_214' title='bbox 738 2295 827 2349; x_wconf 82' lang='lat'><strong>29.</strong></span> <span class='ocrx_word' id='word_1_215' title='bbox 863 2292 924 2348; x_wconf 84' lang='lat' dir='ltr'><strong>Et</strong></span> <span class='ocrx_word' id='word_1_216' title='bbox 954 2294 1026 2347; x_wconf 89' lang='lat' dir='ltr'>ita</span> <span class='ocrx_word' id='word_1_217' title='bbox 1074 2305 1287 2360; x_wconf 87' lang='lat' dir='ltr'><strong>semper</strong></span> <span class='ocrx_word' id='word_1_218' title='bbox 1313 2298 1473 2343; x_wconf 89' lang='lat' dir='ltr'><strong>erunt</strong></span> <span class='ocrx_word' id='word_1_219' title='bbox 1519 2285 1694 2342; x_wconf 89' lang='lat' dir='ltr'><strong>sancti</strong></span> <span class='ocrx_word' id='word_1_220' title='bbox 1729 2283 1806 2337; x_wconf 90' lang='lat' dir='ltr'>tui</span> <span class='ocrx_word' id='word_1_221' title='bbox 1863 2280 2061 2352; x_wconf 89' lang='lat' dir='ltr'><strong>gaudio</strong></span> <span class='ocrx_word' id='word_1_222' title='bbox 2093 2278 2232 2333; x_wconf 77' lang='lat' dir='ltr'><strong>inef-</strong></span> 
     </span>
    </p>
   </div>
   <div class='ocr_carea' id='block_1_38' title="bbox 668 2369 2221 2450">
    <p class='ocr_par' dir='ltr' id='par_1_38' title="bbox 668 2369 2221 2450">
     <span class='ocr_line' id='line_1_38' title="bbox 668 2369 2221 2450; baseline -0.01 -13"><span class='ocrx_word' id='word_1_223' title='bbox 668 2385 816 2440; x_wconf 80' lang='lat' dir='ltr'><strong>fabili</strong></span> <span class='ocrx_word' id='word_1_224' title='bbox 846 2383 1088 2438; x_wconf 89' lang='lat' dir='ltr'><strong>videntes</strong></span> <span class='ocrx_word' id='word_1_225' title='bbox 1142 2379 1365 2450; x_wconf 84' lang='lat' dir='ltr'><strong>gloriam</strong></span> <span class='ocrx_word' id='word_1_226' title='bbox 1418 2386 1588 2437; x_wconf 89' lang='lat' dir='ltr'><strong>tuam,</strong></span> <span class='ocrx_word' id='word_1_227' title='bbox 1641 2382 1696 2427; x_wconf 92' lang='lat' dir='ltr'>et</span> <span class='ocrx_word' id='word_1_228' title='bbox 1742 2373 2078 2426; x_wconf 84' lang='lat' dir='ltr'><strong>incessanter</strong></span> <span class='ocrx_word' id='word_1_229' title='bbox 2108 2369 2221 2423; x_wconf 85' lang='lat' dir='ltr'><strong>lau-</strong></span> 
     </span>
    </p>
   </div>
   <div class='ocr_carea' id='block_1_39' title="bbox 669 2481 965 2530">
    <p class='ocr_par' dir='ltr' id='par_1_39' title="bbox 669 2481 965 2530">
     <span class='ocr_line' id='line_1_39' title="bbox 669 2481 965 2530; baseline 0 -3"><span class='ocrx_word' id='word_1_230' title='bbox 669 2481 862 2530; x_wconf 87' lang='lat' dir='ltr'><strong>dantes</strong></span> <span class='ocrx_word' id='word_1_231' title='bbox 893 2484 965 2528; x_wconf 91' lang='lat' dir='ltr'>te.</span> 
     </span>
    </p>
   </div>
   <div class='ocr_carea' id='block_1_40' title="bbox 2333 1998 3037 2074">
    <p class='ocr_par' dir='ltr' id='par_1_40' title="bbox 2333 1998 3037 2074">
     <span class='ocr_line' id='line_1_40' title="bbox 2333 1998 3037 2074; baseline -0.011 -18"><span class='ocrx_word' id='word_1_232' title='bbox 2333 2002 2432 2074; x_wconf 79' lang='grc' dir='ltr'>τὴν</span> <span class='ocrx_word' id='word_1_233' title='bbox 2460 2003 2538 2064; x_wconf 75' lang='grc' dir='ltr'>εἰς</span> <span class='ocrx_word' id='word_1_234' title='bbox 2567 1999 2798 2071; x_wconf 77' lang='grc' dir='ltr'>Χριστὸν</span> <span class='ocrx_word' id='word_1_235' title='bbox 2829 1998 3037 2050; x_wconf 80' lang='grc' dir='ltr'>ἐλπίδα.</span> 
     </span>
    </p>
   </div>
   <div class='ocr_carea' id='block_1_41' title="bbox 2406 2080 3908 2162">
    <p class='ocr_par' dir='ltr' id='par_1_41' title="bbox 2406 2080 3908 2162">
     <span class='ocr_line' id='line_1_41' title="bbox 2406 2080 3908 2162; baseline -0.013 -14"><span class='ocrx_word' id='word_1_236' title='bbox 2406 2095 2497 2149; x_wconf 87' lang='lat'>28.</span> <span class='ocrx_word' id='word_1_237' title='bbox 2532 2092 2678 2162; x_wconf 84' lang='grc' dir='ltr'>Πλὴν</span> <span class='ocrx_word' id='word_1_238' title='bbox 2704 2091 2813 2161; x_wconf 85' lang='grc' dir='ltr'>γὰρ</span> <span class='ocrx_word' id='word_1_239' title='bbox 2844 2087 3018 2141; x_wconf 83' lang='grc' dir='ltr'>αὐτῶν</span> <span class='ocrx_word' id='word_1_240' title='bbox 3056 2085 3162 2138; x_wconf 73' lang='grc' dir='ltr'>τῶν</span> <span class='ocrx_word' id='word_1_241' title='bbox 3195 2084 3366 2151; x_wconf 85' lang='grc' dir='ltr'>ἀγίων</span> <span class='ocrx_word' id='word_1_242' title='bbox 3393 2099 3572 2143; x_wconf 84' lang='grc' dir='ltr'>ουοεις</span> <span class='ocrx_word' id='word_1_243' title='bbox 3603 2098 3794 2150; x_wconf 80' lang='grc' dir='ltr'>ετερος</span> <span class='ocrx_word' id='word_1_244' title='bbox 3816 2080 3908 2131; x_wconf 72' lang='grc' dir='ltr'>τῶν</span> 
     </span>
    </p>
   </div>
   <div class='ocr_carea' id='block_1_42' title="bbox 2332 2179 3138 2244">
    <p class='ocr_par' dir='ltr' id='par_1_42' title="bbox 2332 2179 3138 2244">
     <span class='ocr_line' id='line_1_42' title="bbox 2332 2179 3138 2244; baseline -0.011 -3"><span class='ocrx_word' id='word_1_245' title='bbox 2332 2187 2532 2243; x_wconf 83' lang='grc' dir='ltr'>ἀδίκων</span> <span class='ocrx_word' id='word_1_246' title='bbox 2559 2185 2705 2236; x_wconf 68' lang='grc' dir='ltr'>ἐστὶν</span> <span class='ocrx_word' id='word_1_247' title='bbox 2734 2184 2762 2234; x_wconf 85' lang='grc' dir='ltr'><strong>ὁ</strong></span> <span class='ocrx_word' id='word_1_248' title='bbox 2789 2179 3022 2244; x_wconf 79' lang='grc' dir='ltr'>δοξάζων</span> <span class='ocrx_word' id='word_1_249' title='bbox 3059 2195 3138 2232; x_wconf 90' lang='grc' dir='ltr'>σε.</span> 
     </span>
    </p>
   </div>
   <div class='ocr_carea' id='block_1_43' title="bbox 2404 2264 3907 2335">
    <p class='ocr_par' dir='ltr' id='par_1_43' title="bbox 2404 2264 3907 2335">
     <span class='ocr_line' id='line_1_43' title="bbox 2404 2264 3907 2335; baseline -0.012 -5"><span class='ocrx_word' id='word_1_250' title='bbox 2404 2277 2495 2331; x_wconf 86' lang='lat'><strong>29.</strong></span> <span class='ocrx_word' id='word_1_251' title='bbox 2542 2276 2653 2327; x_wconf 74' lang='grc' dir='ltr'>Καὶ</span> <span class='ocrx_word' id='word_1_252' title='bbox 2685 2273 2856 2335; x_wconf 72' lang='grc' dir='ltr'>οὕτως</span> <span class='ocrx_word' id='word_1_253' title='bbox 2889 2272 3118 2325; x_wconf 84' lang='grc' dir='ltr'>πάντοτε</span> <span class='ocrx_word' id='word_1_254' title='bbox 3163 2267 3374 2320; x_wconf 80' lang='grc' dir='ltr'>ἔσονται</span> <span class='ocrx_word' id='word_1_255' title='bbox 3410 2266 3458 2319; x_wconf 75' lang='grc' dir='ltr'>οἱ</span> <span class='ocrx_word' id='word_1_256' title='bbox 3507 2269 3522 2321; x_wconf 88' lang='lat'><strong>(</strong></span> <span class='ocrx_word' id='word_1_257' title='bbox 3536 2266 3589 2333; x_wconf 84' lang='grc'>1)</span> <span class='ocrx_word' id='word_1_258' title='bbox 3638 2264 3788 2330; x_wconf 71' lang='grc' dir='ltr'>ἀγιοι</span> <span class='ocrx_word' id='word_1_259' title='bbox 3833 2281 3907 2314; x_wconf 62' lang='grc' dir='ltr'>σου</span> 
     </span>
    </p>
   </div>
   <div class='ocr_carea' id='block_1_44' title="bbox 2337 2357 3913 2442">
    <p class='ocr_par' dir='ltr' id='par_1_44' title="bbox 2337 2357 3913 2442">
     <span class='ocr_line' id='line_1_44' title="bbox 2337 2357 3913 2442; baseline -0.013 -17"><span class='ocrx_word' id='word_1_260' title='bbox 2337 2370 2481 2442; x_wconf 82' lang='grc' dir='ltr'>χαρᾷ</span> <span class='ocrx_word' id='word_1_261' title='bbox 2530 2365 2878 2436; x_wconf 83' lang='grc' dir='ltr'>ἀνεκλαλήτῳ</span> <span class='ocrx_word' id='word_1_262' title='bbox 2926 2361 3254 2433; x_wconf 75' lang='grc' dir='ltr'>θεωροῦντες</span> <span class='ocrx_word' id='word_1_263' title='bbox 3302 2359 3401 2413; x_wconf 54' lang='grc' dir='ltr'>τήν</span> <span class='ocrx_word' id='word_1_264' title='bbox 3447 2358 3611 2423; x_wconf 70' lang='grc' dir='ltr'>δόξαν</span> <span class='ocrx_word' id='word_1_265' title='bbox 3671 2374 3791 2418; x_wconf 78' lang='grc' dir='ltr'>σου,</span> <span class='ocrx_word' id='word_1_266' title='bbox 3835 2357 3913 2407; x_wconf 65' lang='grc' dir='ltr'>καὶ</span> 
     </span>
    </p>
   </div>
   <div class='ocr_carea' id='block_1_45' title="bbox 2340 2454 3073 2529">
    <p class='ocr_par' dir='ltr' id='par_1_45' title="bbox 2340 2454 3073 2529">
     <span class='ocr_line' id='line_1_45' title="bbox 2340 2454 3073 2529; baseline -0.016 -13"><span class='ocrx_word' id='word_1_267' title='bbox 2340 2461 2636 2523; x_wconf 74' lang='grc' dir='ltr'>ἀπαύστως</span> <span class='ocrx_word' id='word_1_268' title='bbox 2668 2454 2962 2529; x_wconf 70' lang='grc' dir='ltr'>ὑμνοῦντες</span> <span class='ocrx_word' id='word_1_269' title='bbox 2996 2471 3073 2505; x_wconf 87' lang='grc' dir='ltr'>σε.</span> 
     </span>
    </p>
   </div>
   <div class='ocr_carea' id='block_1_46' title="bbox 740 2563 3914 2660">
    <p class='ocr_par' dir='ltr' id='par_1_46' title="bbox 740 2563 3914 2660">
     <span class='ocr_line' id='line_1_46' title="bbox 740 2563 3914 2660; baseline -0.009 -20"><span class='ocrx_word' id='word_1_270' title='bbox 740 2590 899 2660; x_wconf 69' lang='grc' dir='ltr'>(9)Ἦ</span> <span class='ocrx_word' id='word_1_271' title='bbox 924 2585 1251 2657; x_wconf 76' lang='grc' dir='ltr'>προκειμένη</span> <span class='ocrx_word' id='word_1_272' title='bbox 1277 2582 1551 2656; x_wconf 83' lang='grc' dir='ltr'>ἐπιγραφὴ</span> <span class='ocrx_word' id='word_1_273' title='bbox 1577 2581 1817 2652; x_wconf 78' lang='grc' dir='ltr'>περιέχει</span> <span class='ocrx_word' id='word_1_274' title='bbox 1836 2580 1956 2649; x_wconf 78' lang='lat'>(2‘)&#39;</span> <span class='ocrx_word' id='word_1_275' title='bbox 1982 2579 2224 2647; x_wconf 69' lang='grc' dir='ltr'>Ψαλμός</span> <span class='ocrx_word' id='word_1_276' title='bbox 2251 2576 2328 2643; x_wconf 82' lang='grc' dir='ltr'>τῷ</span> <span class='ocrx_word' id='word_1_277' title='bbox 2351 2563 2548 2639; x_wconf 69' lang='grc' dir='ltr'>Δαὲὶδ,</span> <span class='ocrx_word' id='word_1_278' title='bbox 2565 2577 2696 2648; x_wconf 81' lang='grc' dir='ltr'>ὅπερ</span> <span class='ocrx_word' id='word_1_279' title='bbox 2717 2571 3072 2647; x_wconf 78' lang='grc' dir='ltr'>ἑρμηνεύεται</span> <span class='ocrx_word' id='word_1_280' title='bbox 3087 2568 3325 2636; x_wconf 71' lang='grc' dir='ltr'>ψαλμὸς</span> <span class='ocrx_word' id='word_1_281' title='bbox 3339 2566 3416 2631; x_wconf 81' lang='grc' dir='ltr'>τῷ</span> <span class='ocrx_word' id='word_1_282' title='bbox 3430 2566 3617 2630; x_wconf 74' lang='grc' dir='ltr'>ἱκανῷ</span> <span class='ocrx_word' id='word_1_283' title='bbox 3647 2565 3728 2632; x_wconf 81' lang='grc' dir='ltr'>τῇ</span> <span class='ocrx_word' id='word_1_284' title='bbox 3762 2565 3914 2634; x_wconf 60' lang='grc' dir='ltr'>χειρὶ,</span> 
     </span>
    </p>
   </div>
   <div class='ocr_carea' id='block_1_47' title="bbox 668 2659 3915 2752">
    <p class='ocr_par' dir='ltr' id='par_1_47' title="bbox 668 2659 3915 2752">
     <span class='ocr_line' id='line_1_47' title="bbox 668 2659 3915 2752; baseline -0.008 -15"><span class='ocrx_word' id='word_1_285' title='bbox 668 2682 910 2738; x_wconf 80' lang='grc' dir='ltr'>τουτέστι</span> <span class='ocrx_word' id='word_1_286' title='bbox 940 2681 1016 2752; x_wconf 79' lang='grc' dir='ltr'>τῷ</span> <span class='ocrx_word' id='word_1_287' title='bbox 1042 2681 1153 2751; x_wconf 80' lang='grc' dir='ltr'>Υίῷ</span> <span class='ocrx_word' id='word_1_288' title='bbox 1178 2679 1269 2733; x_wconf 81' lang='grc' dir='ltr'>τοῦ</span> <span class='ocrx_word' id='word_1_289' title='bbox 1301 2676 1434 2730; x_wconf 87' lang='grc' dir='ltr'>Θεοῦ</span> <span class='ocrx_word' id='word_1_290' title='bbox 1455 2693 1466 2705; x_wconf 92' lang='grc'><strong>·</strong></span> <span class='ocrx_word' id='word_1_291' title='bbox 1499 2674 1655 2727; x_wconf 87' lang='grc' dir='ltr'>τοῦτο</span> <span class='ocrx_word' id='word_1_292' title='bbox 1685 2675 1811 2742; x_wconf 70' lang='grc' dir='ltr'>γὰρ,</span> <span class='ocrx_word' id='word_1_293' title='bbox 1842 2673 1917 2734; x_wconf 83' lang='grc' dir='ltr'>ὡς</span> <span class='ocrx_word' id='word_1_294' title='bbox 1951 2674 2007 2723; x_wconf 82' lang='grc' dir='ltr'>ἐν</span> <span class='ocrx_word' id='word_1_295' title='bbox 2033 2676 2143 2734; x_wconf 85' lang='grc' dir='ltr'>τοῖς</span> <span class='ocrx_word' id='word_1_296' title='bbox 2173 2670 2477 2743; x_wconf 73' lang='grc' dir='ltr'>ἔμπροσθεν</span> <span class='ocrx_word' id='word_1_297' title='bbox 2511 2671 2836 2740; x_wconf 81' lang='grc' dir='ltr'>εἰρήκαμεν,</span> <span class='ocrx_word' id='word_1_298' title='bbox 2867 2667 2927 2718; x_wconf 89' lang='grc' dir='ltr'>τὸ</span> <span class='ocrx_word' id='word_1_299' title='bbox 2960 2664 3065 2718; x_wconf 84' lang='grc' dir='ltr'>τοῦ</span> <span class='ocrx_word' id='word_1_300' title='bbox 3097 2661 3271 2715; x_wconf 76' lang='grc' dir='ltr'>Δαόὶδ</span> <span class='ocrx_word' id='word_1_301' title='bbox 3322 2661 3523 2730; x_wconf 76' lang='grc' dir='ltr'>ὄνομα·</span> <span class='ocrx_word' id='word_1_302' title='bbox 3562 2661 3660 2712; x_wconf 73' lang='grc' dir='ltr'>καὶ</span> <span class='ocrx_word' id='word_1_303' title='bbox 3692 2659 3915 2719; x_wconf 64' lang='grc' dir='ltr'>ἀλλκᾶ</span> 
     </span>
    </p>
   </div>
   <div class='ocr_carea' id='block_1_48' title="bbox 675 2760 3034 2849">
    <p class='ocr_par' dir='ltr' id='par_1_48' title="bbox 675 2760 3034 2849">
     <span class='ocr_line' id='line_1_48' title="bbox 675 2760 3034 2849; baseline -0.009 -20"><span class='ocrx_word' id='word_1_304' title='bbox 675 2775 965 2849; x_wconf 63' lang='grc' dir='ltr'>ἑρμηνείας</span> <span class='ocrx_word' id='word_1_305' title='bbox 1000 2772 1111 2842; x_wconf 77' lang='grc' dir='ltr'>ἔχει</span> <span class='ocrx_word' id='word_1_306' title='bbox 1138 2771 1198 2823; x_wconf 74' lang='grc' dir='ltr'>τὸ</span> <span class='ocrx_word' id='word_1_307' title='bbox 1220 2768 1351 2821; x_wconf 80' lang='grc' dir='ltr'>αὐτὸ</span> <span class='ocrx_word' id='word_1_308' title='bbox 1383 2767 1582 2835; x_wconf 76' lang='grc' dir='ltr'>δνομα”</span> <span class='ocrx_word' id='word_1_309' title='bbox 1612 2763 1841 2816; x_wconf 76' lang='grc' dir='ltr'>ἐνταῦθα</span> <span class='ocrx_word' id='word_1_310' title='bbox 1874 2761 2032 2814; x_wconf 85' lang='grc' dir='ltr'>τοῦτο</span> <span class='ocrx_word' id='word_1_311' title='bbox 2065 2761 2448 2834; x_wconf 73' lang='grc' dir='ltr'>ἑρμηνεύεται,</span> <span class='ocrx_word' id='word_1_312' title='bbox 2484 2761 2560 2824; x_wconf 86' lang='grc' dir='ltr'>ὠς</span> <span class='ocrx_word' id='word_1_313' title='bbox 2594 2760 3034 2830; x_wconf 83' lang='grc' dir='ltr'>προγέγραπται.</span> 
     </span>
    </p>
   </div>
   <div class='ocr_carea' id='block_1_49' title="bbox 742 2860 3915 2955">
    <p class='ocr_par' dir='ltr' id='par_1_49' title="bbox 742 2860 3915 2955">
     <span class='ocr_line' id='line_1_49' title="bbox 742 2860 3915 2955; baseline -0.01 -11"><span class='ocrx_word' id='word_1_314' title='bbox 742 2885 956 2944; x_wconf 83' lang='lat' dir='ltr'><strong>Titulus</strong></span> <span class='ocrx_word' id='word_1_315' title='bbox 987 2883 1306 2955; x_wconf 73' lang='lat' dir='ltr'><strong>praepositus</strong></span> <span class='ocrx_word' id='word_1_316' title='bbox 1331 2880 1572 2935; x_wconf 82' lang='lat' dir='ltr'><strong>continet</strong></span> <span class='ocrx_word' id='word_1_317' title='bbox 1599 2896 1612 2932; x_wconf 90' lang='lat'><strong>:</strong></span> <span class='ocrx_word' id='word_1_318' title='bbox 1641 2876 1892 2930; x_wconf 73' lang='lat' dir='ltr'><strong>Psalmus</strong></span> <span class='ocrx_word' id='word_1_319' title='bbox 1925 2875 2118 2941; x_wconf 83' lang='lat' dir='ltr'><strong>David,</strong></span> <span class='ocrx_word' id='word_1_320' title='bbox 2152 2874 2296 2943; x_wconf 89' lang='lat' dir='ltr'><strong>quod</strong></span> <span class='ocrx_word' id='word_1_321' title='bbox 2321 2874 2729 2941; x_wconf 84' lang='lat' dir='ltr'><strong>interpretatur,</strong></span> <span class='ocrx_word' id='word_1_322' title='bbox 2761 2868 3004 2939; x_wconf 85' lang='lat' dir='ltr'><strong>psalmus</strong></span> <span class='ocrx_word' id='word_1_323' title='bbox 3032 2881 3192 2918; x_wconf 86' lang='lat' dir='ltr'><strong>manu</strong></span> <span class='ocrx_word' id='word_1_324' title='bbox 3225 2863 3375 2931; x_wconf 75' lang='lat' dir='ltr'><strong>forti,</strong></span> <span class='ocrx_word' id='word_1_325' title='bbox 3401 2877 3601 2932; x_wconf 90' lang='lat' dir='ltr'><strong>nempe</strong></span> <span class='ocrx_word' id='word_1_326' title='bbox 3628 2860 3730 2916; x_wconf 89' lang='lat' dir='ltr'><strong>Dei</strong></span> <span class='ocrx_word' id='word_1_327' title='bbox 3757 2861 3915 2922; x_wconf 76' lang='lat' dir='ltr'><strong>Filio;</strong></span> 
     </span>
    </p>
   </div>
   <div class='ocr_carea' id='block_1_50' title="bbox 672 2954 3917 3046">
    <p class='ocr_par' dir='ltr' id='par_1_50' title="bbox 672 2954 3917 3046">
     <span class='ocr_line' id='line_1_50' title="bbox 672 2954 3917 3046; baseline -0.01 -9"><span class='ocrx_word' id='word_1_328' title='bbox 672 2984 777 3037; x_wconf 86' lang='lat' dir='ltr'>hoc</span> <span class='ocrx_word' id='word_1_329' title='bbox 803 2980 970 3046; x_wconf 90' lang='lat' dir='ltr'><strong>enim,</strong></span> <span class='ocrx_word' id='word_1_330' title='bbox 1001 2987 1059 3031; x_wconf 90' lang='lat' dir='ltr'>ut</span> <span class='ocrx_word' id='word_1_331' title='bbox 1093 2991 1252 3045; x_wconf 90' lang='lat' dir='ltr'><strong>supra</strong></span> <span class='ocrx_word' id='word_1_332' title='bbox 1284 2974 1546 3038; x_wconf 82' lang='lat' dir='ltr'><strong>diximus,</strong></span> <span class='ocrx_word' id='word_1_333' title='bbox 1579 2969 1748 3024; x_wconf 84' lang='lat' dir='ltr'><strong>David</strong></span> <span class='ocrx_word' id='word_1_334' title='bbox 1798 2983 1997 3024; x_wconf 90' lang='lat' dir='ltr'><strong>nomen</strong></span> <span class='ocrx_word' id='word_1_335' title='bbox 2028 2966 2339 3038; x_wconf 87' lang='lat' dir='ltr'><strong>signiﬁcat;</strong></span> <span class='ocrx_word' id='word_1_336' title='bbox 2375 2967 2512 3021; x_wconf 89' lang='lat' dir='ltr'><strong>alias</strong></span> <span class='ocrx_word' id='word_1_337' title='bbox 2545 2965 2709 3020; x_wconf 88' lang='lat' dir='ltr'><strong>etiam</strong></span> <span class='ocrx_word' id='word_1_338' title='bbox 2747 2959 3172 3032; x_wconf 88' lang='lat' dir='ltr'><strong>signiﬁcationes</strong></span> <span class='ocrx_word' id='word_1_339' title='bbox 3218 2955 3379 3009; x_wconf 87' lang='lat' dir='ltr'><strong>habet</strong></span> <span class='ocrx_word' id='word_1_340' title='bbox 3417 2955 3521 3008; x_wconf 88' lang='lat' dir='ltr'>hoc</span> <span class='ocrx_word' id='word_1_341' title='bbox 3569 2970 3813 3019; x_wconf 84' lang='lat' dir='ltr'><strong>nomen;</strong></span> <span class='ocrx_word' id='word_1_342' title='bbox 3844 2954 3917 3006; x_wconf 83' lang='lat' dir='ltr'><strong>hic</strong></span> 
     </span>
    </p>
   </div>
   <div class='ocr_carea' id='block_1_51' title="bbox 673 3064 1888 3141">
    <p class='ocr_par' dir='ltr' id='par_1_51' title="bbox 673 3064 1888 3141">
     <span class='ocr_line' id='line_1_51' title="bbox 673 3064 1888 3141; baseline -0.009 -13"><span class='ocrx_word' id='word_1_343' title='bbox 673 3075 746 3130; x_wconf 90' lang='lat' dir='ltr'>ita</span> <span class='ocrx_word' id='word_1_344' title='bbox 772 3075 1177 3141; x_wconf 86' lang='lat' dir='ltr'><strong>interpretatur,</strong></span> <span class='ocrx_word' id='word_1_345' title='bbox 1207 3077 1266 3121; x_wconf 92' lang='lat' dir='ltr'>ut</span> <span class='ocrx_word' id='word_1_346' title='bbox 1293 3066 1452 3120; x_wconf 92' lang='lat' dir='ltr'><strong>modo</strong></span> <span class='ocrx_word' id='word_1_347' title='bbox 1487 3064 1749 3135; x_wconf 87' lang='lat' dir='ltr'><strong>scriptum</strong></span> <span class='ocrx_word' id='word_1_348' title='bbox 1783 3070 1888 3118; x_wconf 90' lang='lat' dir='ltr'><strong>est.</strong></span> 
     </span>
    </p>
   </div>
   <div class='ocr_carea' id='block_1_52' title="bbox 747 3166 2297 3249">
    <p class='ocr_par' dir='ltr' id='par_1_52' title="bbox 747 3179 2297 3249">
     <span class='ocr_line' id='line_1_52' title="bbox 747 3179 2297 3249; baseline -0.007 -5"><span class='ocrx_word' id='word_1_349' title='bbox 747 3193 798 3244; x_wconf 80' lang='lat' dir='ltr'><strong>t.</strong></span> <span class='ocrx_word' id='word_1_350' title='bbox 826 3187 1083 3249; x_wconf 88' lang='lat' dir='ltr'><strong>Domine,</strong></span> <span class='ocrx_word' id='word_1_351' title='bbox 1117 3186 1172 3240; x_wconf 91' lang='lat' dir='ltr'><strong>in</strong></span> <span class='ocrx_word' id='word_1_352' title='bbox 1216 3184 1404 3238; x_wconf 89' lang='lat' dir='ltr'><strong>dolore</strong></span> <span class='ocrx_word' id='word_1_353' title='bbox 1445 3182 1626 3237; x_wconf 87' lang='lat' dir='ltr'><strong>cordis</strong></span> <span class='ocrx_word' id='word_1_354' title='bbox 1665 3181 1771 3234; x_wconf 91' lang='lat' dir='ltr'>mei</span> <span class='ocrx_word' id='word_1_355' title='bbox 1811 3180 2038 3234; x_wconf 90' lang='lat' dir='ltr'><strong>clamavi</strong></span> <span class='ocrx_word' id='word_1_356' title='bbox 2069 3180 2135 3233; x_wconf 89' lang='lat' dir='ltr'>ad</span> <span class='ocrx_word' id='word_1_357' title='bbox 2161 3189 2232 3244; x_wconf 89' lang='lat' dir='ltr'>te,</span> <span class='ocrx_word' id='word_1_358' title='bbox 2264 3179 2297 3239; x_wconf 83' lang='lat' dir='ltr'><strong>C</strong></span> 
     </span>
    </p>
   </div>
   <div class='ocr_carea' id='block_1_53' title="bbox 2349 3166 3919 3249">
    <p class='ocr_par' dir='ltr' id='par_1_53' title="bbox 2410 3166 3919 3247">
     <span class='ocr_line' id='line_1_53' title="bbox 2410 3166 3919 3247; baseline -0.011 -16"><span class='ocrx_word' id='word_1_359' title='bbox 2410 3177 2458 3230; x_wconf 82' lang='grc'><strong>1.</strong></span> <span class='ocrx_word' id='word_1_360' title='bbox 2496 3175 2690 3247; x_wconf 83' lang='grc' dir='ltr'>Κύριε,</span> <span class='ocrx_word' id='word_1_361' title='bbox 2725 3176 2782 3228; x_wconf 74' lang='grc' dir='ltr'>ἰν</span> <span class='ocrx_word' id='word_1_362' title='bbox 2810 3171 2972 3242; x_wconf 72' lang='grc' dir='ltr'>ὀδύνῃ</span> <span class='ocrx_word' id='word_1_363' title='bbox 3002 3171 3098 3241; x_wconf 83' lang='grc' dir='ltr'>τῆς</span> <span class='ocrx_word' id='word_1_364' title='bbox 3123 3168 3346 3238; x_wconf 80' lang='grc' dir='ltr'>καρδίας</span> <span class='ocrx_word' id='word_1_365' title='bbox 3367 3185 3465 3238; x_wconf 79' lang='grc' dir='ltr'>μου</span> <span class='ocrx_word' id='word_1_366' title='bbox 3495 3166 3779 3237; x_wconf 70' lang='grc' dir='ltr'>ἀνεεὸησα</span> <span class='ocrx_word' id='word_1_367' title='bbox 3803 3167 3919 3234; x_wconf 65' lang='grc' dir='ltr'>πρὸς</span> 
     </span>
    </p>
   </div>
   <div class='ocr_carea' id='block_1_54' title="bbox 674 3281 1019 3338">
    <p class='ocr_par' dir='ltr' id='par_1_54' title="bbox 674 3281 1019 3338">
     <span class='ocr_line' id='line_1_54' title="bbox 674 3281 1019 3338; baseline -0.012 0"><span class='ocrx_word' id='word_1_368' title='bbox 674 3281 866 3338; x_wconf 74' lang='lat' dir='ltr'><strong>exaudi</strong></span> <span class='ocrx_word' id='word_1_369' title='bbox 913 3294 1019 3334; x_wconf 92' lang='lat' dir='ltr'>me.</span> 
     </span>
    </p>
   </div>
   <div class='ocr_carea' id='block_1_55' title="bbox 744 3365 1628 3428">
    <p class='ocr_par' dir='ltr' id='par_1_55' title="bbox 744 3365 1628 3428">
     <span class='ocr_line' id='line_1_55' title="bbox 744 3365 1628 3428; baseline -0.01 -1"><span class='ocrx_word' id='word_1_370' title='bbox 744 3375 799 3427; x_wconf 86' lang='lat'>2.</span> <span class='ocrx_word' id='word_1_371' title='bbox 833 3367 1053 3425; x_wconf 83' lang='lat' dir='ltr'><strong>Intende</strong></span> <span class='ocrx_word' id='word_1_372' title='bbox 1088 3368 1259 3423; x_wconf 91' lang='lat' dir='ltr'><strong>labori</strong></span> <span class='ocrx_word' id='word_1_373' title='bbox 1293 3365 1474 3422; x_wconf 90' lang='lat' dir='ltr'><strong>cordis</strong></span> <span class='ocrx_word' id='word_1_374' title='bbox 1498 3365 1628 3428; x_wconf 90' lang='lat' dir='ltr'><strong>mei,</strong></span> 
     </span>
    </p>
   </div>
   <div class='ocr_carea' id='block_1_56' title="bbox 748 3455 1684 3525">
    <p class='ocr_par' dir='ltr' id='par_1_56' title="bbox 748 3455 1684 3525">
     <span class='ocr_line' id='line_1_56' title="bbox 748 3455 1684 3525; baseline -0.009 -9"><span class='ocrx_word' id='word_1_375' title='bbox 748 3465 801 3516; x_wconf 76' lang='grc'><strong>5.</strong></span> <span class='ocrx_word' id='word_1_376' title='bbox 835 3461 971 3515; x_wconf 90' lang='lat' dir='ltr'><strong>Cum</strong></span> <span class='ocrx_word' id='word_1_377' title='bbox 1004 3461 1131 3514; x_wconf 92' lang='lat' dir='ltr'><strong>illud</strong></span> <span class='ocrx_word' id='word_1_378' title='bbox 1158 3457 1481 3525; x_wconf 86' lang='lat' dir='ltr'><strong>ingemuerit</strong></span> <span class='ocrx_word' id='word_1_379' title='bbox 1508 3455 1574 3510; x_wconf 91' lang='lat' dir='ltr'>ad</span> <span class='ocrx_word' id='word_1_380' title='bbox 1610 3464 1684 3509; x_wconf 90' lang='lat' dir='ltr'>te.</span> 
     </span>
    </p>
   </div>
   <div class='ocr_carea' id='block_1_57' title="bbox 744 3546 2242 3618">
    <p class='ocr_par' dir='ltr' id='par_1_57' title="bbox 744 3546 2242 3618">
     <span class='ocr_line' id='line_1_57' title="bbox 744 3546 2242 3618; baseline -0.004 -12"><span class='ocrx_word' id='word_1_381' title='bbox 744 3554 796 3606; x_wconf 72' lang='lat'>4.</span> <span class='ocrx_word' id='word_1_382' title='bbox 835 3552 1062 3606; x_wconf 89' lang='lat' dir='ltr'><strong>Sursum</strong></span> <span class='ocrx_word' id='word_1_383' title='bbox 1097 3551 1315 3604; x_wconf 83' lang='lat' dir='ltr'><strong>elevans</strong></span> <span class='ocrx_word' id='word_1_384' title='bbox 1342 3547 1511 3618; x_wconf 90' lang='lat' dir='ltr'><strong>gratia</strong></span> <span class='ocrx_word' id='word_1_385' title='bbox 1544 3557 1634 3601; x_wconf 90' lang='lat' dir='ltr'>tua</span> <span class='ocrx_word' id='word_1_386' title='bbox 1684 3546 1987 3601; x_wconf 90' lang='lat' dir='ltr'><strong>orationem</strong></span> <span class='ocrx_word' id='word_1_387' title='bbox 2041 3563 2242 3613; x_wconf 85' lang='lat' dir='ltr'><strong>meam,</strong></span> 
     </span>
    </p>
   </div>
   <div class='ocr_carea' id='block_1_58' title="bbox 679 3637 2246 3708">
    <p class='ocr_par' dir='ltr' id='par_1_58' title="bbox 679 3637 2246 3708">
     <span class='ocr_line' id='line_1_58' title="bbox 679 3637 2246 3708; baseline -0.004 -9"><span class='ocrx_word' id='word_1_388' title='bbox 679 3655 732 3699; x_wconf 86' lang='lat' dir='ltr'>et</span> <span class='ocrx_word' id='word_1_389' title='bbox 767 3643 1006 3699; x_wconf 81' lang='lat' dir='ltr'><strong>suaviter</strong></span> <span class='ocrx_word' id='word_1_390' title='bbox 1049 3640 1268 3694; x_wconf 86' lang='lat' dir='ltr'><strong>trahens</strong></span> <span class='ocrx_word' id='word_1_391' title='bbox 1298 3642 1364 3690; x_wconf 86' lang='lat' dir='ltr'>ad</span> <span class='ocrx_word' id='word_1_392' title='bbox 1392 3639 1652 3708; x_wconf 88' lang='lat' dir='ltr'><strong>seipsam,</strong></span> <span class='ocrx_word' id='word_1_393' title='bbox 1691 3646 1746 3690; x_wconf 91' lang='lat' dir='ltr'>nt</span> <span class='ocrx_word' id='word_1_394' title='bbox 1781 3637 2062 3691; x_wconf 87' lang='lat' dir='ltr'><strong>incensum</strong></span> <span class='ocrx_word' id='word_1_395' title='bbox 2107 3641 2246 3693; x_wconf 87' lang='lat' dir='ltr'><strong>deti-</strong></span> 
     </span>
    </p>
   </div>
   <div class='ocr_carea' id='block_1_59' title="bbox 684 3735 1087 3804">
    <p class='ocr_par' dir='ltr' id='par_1_59' title="bbox 684 3735 1087 3804">
     <span class='ocr_line' id='line_1_59' title="bbox 684 3735 1087 3804; baseline -0.015 -12"><span class='ocrx_word' id='word_1_396' title='bbox 684 3745 807 3792; x_wconf 87' lang='lat' dir='ltr'><strong>neat</strong></span> <span class='ocrx_word' id='word_1_397' title='bbox 833 3735 973 3804; x_wconf 88' lang='lat' dir='ltr'><strong>apud</strong></span> <span class='ocrx_word' id='word_1_398' title='bbox 1010 3749 1087 3787; x_wconf 90' lang='lat' dir='ltr'>se.</span> 
     </span>
    </p>
   </div>
   <div class='ocr_carea' id='block_1_60' title="bbox 756 3822 2242 3882">
    <p class='ocr_par' dir='ltr' id='par_1_60' title="bbox 756 3822 2242 3882">
     <span class='ocr_line' id='line_1_60' title="bbox 756 3822 2242 3882; baseline -0.005 0"><span class='ocrx_word' id='word_1_399' title='bbox 756 3829 806 3882; x_wconf 82' lang='grc'>5.</span> <span class='ocrx_word' id='word_1_400' title='bbox 839 3824 1172 3880; x_wconf 80' lang='lat' dir='ltr'><strong>Exclamatio</strong></span> <span class='ocrx_word' id='word_1_401' title='bbox 1229 3822 1411 3876; x_wconf 87' lang='lat' dir='ltr'><strong>cordis</strong></span> <span class='ocrx_word' id='word_1_402' title='bbox 1465 3822 1568 3874; x_wconf 91' lang='lat' dir='ltr'>mei</span> <span class='ocrx_word' id='word_1_403' title='bbox 1600 3823 1670 3874; x_wconf 87' lang='lat' dir='ltr'>ita</span> <span class='ocrx_word' id='word_1_404' title='bbox 1706 3822 2013 3875; x_wconf 88' lang='lat' dir='ltr'><strong>inveniatur</strong></span> <span class='ocrx_word' id='word_1_405' title='bbox 2058 3837 2242 3876; x_wconf 91' lang='lat' dir='ltr'><strong>coram</strong></span> 
     </span>
    </p>
   </div>
   <div class='ocr_carea' id='block_1_61' title="bbox 687 3911 2242 3983">
    <p class='ocr_par' dir='ltr' id='par_1_61' title="bbox 687 3911 2242 3983">
     <span class='ocr_line' id='line_1_61' title="bbox 687 3911 2242 3983; baseline -0.004 -11"><span class='ocrx_word' id='word_1_406' title='bbox 687 3928 737 3974; x_wconf 86' lang='lat' dir='ltr'>te</span> <span class='ocrx_word' id='word_1_407' title='bbox 767 3916 930 3971; x_wconf 90' lang='lat' dir='ltr'><strong>veluti</strong></span> <span class='ocrx_word' id='word_1_408' title='bbox 967 3913 1315 3976; x_wconf 91' lang='lat' dir='ltr'><strong>sacriﬁcium,</strong></span> <span class='ocrx_word' id='word_1_409' title='bbox 1373 3911 1515 3983; x_wconf 89' lang='lat' dir='ltr'><strong>quod</strong></span> <span class='ocrx_word' id='word_1_410' title='bbox 1567 3911 1802 3964; x_wconf 75' lang='lat' dir='ltr'><strong>oﬁ‘erunt</strong></span> <span class='ocrx_word' id='word_1_411' title='bbox 1863 3912 2035 3966; x_wconf 85' lang='lat' dir='ltr'><strong>sancti</strong></span> <span class='ocrx_word' id='word_1_412' title='bbox 2069 3913 2242 3980; x_wconf 74' lang='lat' dir='ltr'><strong>angeli</strong></span> 
     </span>
    </p>
   </div>
   <div class='ocr_carea' id='block_1_62' title="bbox 685 4004 2244 4066">
    <p class='ocr_par' dir='ltr' id='par_1_62' title="bbox 685 4004 2244 4066">
     <span class='ocr_line' id='line_1_62' title="bbox 685 4004 2244 4066; baseline -0.005 0"><span class='ocrx_word' id='word_1_413' title='bbox 685 4010 764 4066; x_wconf 83' lang='lat' dir='ltr'>tui</span> <span class='ocrx_word' id='word_1_414' title='bbox 789 4014 1162 4065; x_wconf 84' lang='lat' dir='ltr'><strong>convertentes</strong></span> <span class='ocrx_word' id='word_1_415' title='bbox 1194 4021 1253 4060; x_wconf 89' lang='lat' dir='ltr'>se</span> <span class='ocrx_word' id='word_1_416' title='bbox 1306 4005 1372 4059; x_wconf 91' lang='lat' dir='ltr'>ad</span> <span class='ocrx_word' id='word_1_417' title='bbox 1417 4015 1467 4058; x_wconf 88' lang='lat' dir='ltr'>te</span> <span class='ocrx_word' id='word_1_418' title='bbox 1512 4019 1542 4058; x_wconf 91' lang='lat' dir='ltr'>a</span> <span class='ocrx_word' id='word_1_419' title='bbox 1574 4004 1877 4058; x_wconf 87' lang='lat' dir='ltr'><strong>ministerio</strong></span> <span class='ocrx_word' id='word_1_420' title='bbox 1907 4020 2093 4059; x_wconf 90' lang='lat' dir='ltr'><strong>eorum</strong></span> <span class='ocrx_word' id='word_1_421' title='bbox 2151 4005 2244 4061; x_wconf 89' lang='lat' dir='ltr'>uui</span> 
     </span>
    </p>
   </div>
   <div class='ocr_carea' id='block_1_63' title="bbox 685 4097 1508 4158">
    <p class='ocr_par' dir='ltr' id='par_1_63' title="bbox 685 4097 1508 4158">
     <span class='ocr_line' id='line_1_63' title="bbox 685 4097 1508 4158; baseline -0.011 0"><span class='ocrx_word' id='word_1_422' title='bbox 685 4103 925 4158; x_wconf 57' lang='lat' dir='ltr'><strong>heredes</strong></span> <span class='ocrx_word' id='word_1_423' title='bbox 956 4099 1120 4153; x_wconf 77' lang='lat' dir='ltr'><strong>futuri</strong></span> <span class='ocrx_word' id='word_1_424' title='bbox 1149 4107 1273 4152; x_wconf 90' lang='lat' dir='ltr'><strong>sunt</strong></span> <span class='ocrx_word' id='word_1_425' title='bbox 1298 4097 1508 4152; x_wconf 87' lang='lat' dir='ltr'><strong>salutis.</strong></span> 
     </span>
    </p>
   </div>
   <div class='ocr_carea' id='block_1_64' title="bbox 751 4188 2244 4256">
    <p class='ocr_par' dir='ltr' id='par_1_64' title="bbox 751 4188 2244 4256">
     <span class='ocr_line' id='line_1_64' title="bbox 751 4188 2244 4256; baseline -0.003 -10"><span class='ocrx_word' id='word_1_426' title='bbox 751 4193 803 4254; x_wconf 81' lang='lat'><strong>6,</strong></span> <span class='ocrx_word' id='word_1_427' title='bbox 836 4192 884 4244; x_wconf 92' lang='lat'><strong>7.</strong></span> <span class='ocrx_word' id='word_1_428' title='bbox 914 4188 1081 4252; x_wconf 70' lang='lat' dir='ltr'><strong>Huni,</strong></span> <span class='ocrx_word' id='word_1_429' title='bbox 1111 4188 1360 4250; x_wconf 88' lang='lat' dir='ltr'><strong>Domine,</strong></span> <span class='ocrx_word' id='word_1_430' title='bbox 1401 4203 1462 4240; x_wconf 90' lang='lat' dir='ltr'>os</span> <span class='ocrx_word' id='word_1_431' title='bbox 1500 4202 1705 4248; x_wconf 82' lang='lat' dir='ltr'><strong>meum,</strong></span> <span class='ocrx_word' id='word_1_432' title='bbox 1729 4196 1782 4240; x_wconf 89' lang='lat' dir='ltr'>et</span> <span class='ocrx_word' id='word_1_433' title='bbox 1816 4188 2046 4256; x_wconf 84' lang='lat' dir='ltr'><strong>gratiam</strong></span> <span class='ocrx_word' id='word_1_434' title='bbox 2100 4196 2244 4241; x_wconf 90' lang='lat' dir='ltr'><strong>tuam</strong></span> 
     </span>
    </p>
   </div>
   <div class='ocr_carea' id='block_1_65' title="bbox 688 4277 2244 4344">
    <p class='ocr_par' dir='ltr' id='par_1_65' title="bbox 688 4277 2244 4344">
     <span class='ocr_line' id='line_1_65' title="bbox 688 4277 2244 4344; baseline -0.005 -8"><span class='ocrx_word' id='word_1_435' title='bbox 688 4282 819 4336; x_wconf 89' lang='lat' dir='ltr'><strong>mihi</strong></span> <span class='ocrx_word' id='word_1_436' title='bbox 848 4280 1050 4333; x_wconf 84' lang='lat' dir='ltr'><strong>circum</strong></span> <span class='ocrx_word' id='word_1_437' title='bbox 1089 4277 1226 4330; x_wconf 79' lang='lat' dir='ltr'><strong>labia</strong></span> <span class='ocrx_word' id='word_1_438' title='bbox 1251 4290 1393 4340; x_wconf 90' lang='lat' dir='ltr'><strong>mea,</strong></span> <span class='ocrx_word' id='word_1_439' title='bbox 1423 4290 1488 4328; x_wconf 92' lang='lat' dir='ltr'><strong>ne</strong></span> <span class='ocrx_word' id='word_1_440' title='bbox 1512 4277 1734 4344; x_wconf 85' lang='lat' dir='ltr'><strong>prodeat</strong></span> <span class='ocrx_word' id='word_1_441' title='bbox 1767 4290 1832 4329; x_wconf 76' lang='lat' dir='ltr'>ex</span> <span class='ocrx_word' id='word_1_442' title='bbox 1859 4291 1952 4329; x_wconf 92' lang='lat' dir='ltr'>ore</span> <span class='ocrx_word' id='word_1_443' title='bbox 1981 4292 2100 4330; x_wconf 88' lang='lat' dir='ltr'>meo</span> <span class='ocrx_word' id='word_1_444' title='bbox 2129 4293 2244 4330; x_wconf 86' lang='lat' dir='ltr'><strong>ser-</strong></span> 
     </span>
    </p>
   </div>
   <div class='ocr_carea' id='block_1_66' title="bbox 688 4367 2245 4440">
    <p class='ocr_par' dir='ltr' id='par_1_66' title="bbox 688 4367 2245 4440">
     <span class='ocr_line' id='line_1_66' title="bbox 688 4367 2245 4440; baseline -0.004 -13"><span class='ocrx_word' id='word_1_445' title='bbox 688 4390 776 4428; x_wconf 90' lang='lat' dir='ltr'>mo</span> <span class='ocrx_word' id='word_1_446' title='bbox 816 4373 1085 4440; x_wconf 92' lang='lat' dir='ltr'><strong>impurus,</strong></span> <span class='ocrx_word' id='word_1_447' title='bbox 1116 4378 1166 4424; x_wconf 90' lang='lat' dir='ltr'>et</span> <span class='ocrx_word' id='word_1_448' title='bbox 1199 4368 1266 4421; x_wconf 88' lang='lat' dir='ltr'>de</span> <span class='ocrx_word' id='word_1_449' title='bbox 1301 4367 1465 4421; x_wconf 91' lang='lat' dir='ltr'><strong>verbo</strong></span> <span class='ocrx_word' id='word_1_450' title='bbox 1498 4367 1679 4420; x_wconf 83' lang='lat' dir='ltr'><strong>otioso</strong></span> <span class='ocrx_word' id='word_1_451' title='bbox 1709 4368 1974 4420; x_wconf 90' lang='lat' dir='ltr'><strong>rationem</strong></span> <span class='ocrx_word' id='word_1_452' title='bbox 2025 4368 2245 4422; x_wconf 86' lang='lat' dir='ltr'><strong>reddere</strong></span> 
     </span>
    </p>
   </div>
   <div class='ocr_carea' id='block_1_67' title="bbox 686 4459 2244 4530">
    <p class='ocr_par' dir='ltr' id='par_1_67' title="bbox 686 4459 2244 4530">
     <span class='ocr_line' id='line_1_67' title="bbox 686 4459 2244 4530; baseline -0.004 -11"><span class='ocrx_word' id='word_1_453' title='bbox 686 4465 928 4528; x_wconf 84' lang='lat' dir='ltr'><strong>debeam,</strong></span> <span class='ocrx_word' id='word_1_454' title='bbox 959 4461 1053 4516; x_wconf 88' lang='lat' dir='ltr'>sed</span> <span class='ocrx_word' id='word_1_455' title='bbox 1111 4461 1288 4530; x_wconf 90' lang='lat' dir='ltr'><strong>potius</strong></span> <span class='ocrx_word' id='word_1_456' title='bbox 1335 4460 1377 4515; x_wconf 91' lang='lat' dir='ltr'>si</span> <span class='ocrx_word' id='word_1_457' title='bbox 1419 4459 1546 4530; x_wconf 91' lang='lat' dir='ltr'><strong>quid</strong></span> <span class='ocrx_word' id='word_1_458' title='bbox 1597 4469 1680 4513; x_wconf 90' lang='lat' dir='ltr'>est</span> <span class='ocrx_word' id='word_1_459' title='bbox 1718 4461 1784 4512; x_wconf 91' lang='lat' dir='ltr'>ad</span> <span class='ocrx_word' id='word_1_460' title='bbox 1833 4460 2244 4514; x_wconf 62' lang='lat' dir='ltr'><strong>aediﬁcationem</strong></span> 
     </span>
    </p>
   </div>
   <div class='ocr_carea' id='block_1_68' title="bbox 2350 3266 2933 3334">
    <p class='ocr_par' dir='ltr' id='par_1_68' title="bbox 2350 3266 2933 3334">
     <span class='ocr_line' id='line_1_68' title="bbox 2350 3266 2933 3334; baseline -0.012 -13"><span class='ocrx_word' id='word_1_461' title='bbox 2350 3269 2429 3332; x_wconf 77' lang='grc' dir='ltr'>σὲ,</span> <span class='ocrx_word' id='word_1_462' title='bbox 2464 3266 2781 3320; x_wconf 75' lang='grc' dir='ltr'>εἰσάκουσον</span> <span class='ocrx_word' id='word_1_463' title='bbox 2812 3281 2933 3334; x_wconf 88' lang='grc' dir='ltr'>μου.</span> 
     </span>
    </p>
   </div>
   <div class='ocr_carea' id='block_1_69' title="bbox 2413 3348 3531 3429">
    <p class='ocr_par' dir='ltr' id='par_1_69' title="bbox 2413 3348 3531 3429">
     <span class='ocr_line' id='line_1_69' title="bbox 2413 3348 3531 3429; baseline -0.011 -16"><span class='ocrx_word' id='word_1_464' title='bbox 2413 3361 2468 3413; x_wconf 88' lang='lat'>2.</span> <span class='ocrx_word' id='word_1_465' title='bbox 2494 3359 2736 3429; x_wconf 88' lang='grc' dir='ltr'>Πρόσχες</span> <span class='ocrx_word' id='word_1_466' title='bbox 2759 3355 2834 3425; x_wconf 84' lang='grc' dir='ltr'>τῷ</span> <span class='ocrx_word' id='word_1_467' title='bbox 2859 3355 3004 3422; x_wconf 86' lang='grc' dir='ltr'>πόνῳ</span> <span class='ocrx_word' id='word_1_468' title='bbox 3026 3350 3128 3422; x_wconf 79' lang='grc' dir='ltr'>τῆς</span> <span class='ocrx_word' id='word_1_469' title='bbox 3157 3348 3381 3422; x_wconf 84' lang='grc' dir='ltr'>καρδίας</span> <span class='ocrx_word' id='word_1_470' title='bbox 3407 3367 3531 3420; x_wconf 71' lang='grc' dir='ltr'>μου,</span> 
     </span>
    </p>
   </div>
   <div class='ocr_carea' id='block_1_70' title="bbox 2415 3442 3422 3519">
    <p class='ocr_par' dir='ltr' id='par_1_70' title="bbox 2415 3442 3422 3519">
     <span class='ocr_line' id='line_1_70' title="bbox 2415 3442 3422 3519; baseline -0.012 -14"><span class='ocrx_word' id='word_1_471' title='bbox 2415 3453 2470 3505; x_wconf 79' lang='lat'>&#39;5.</span> <span class='ocrx_word' id='word_1_472' title='bbox 2516 3452 2602 3503; x_wconf 86' lang='lat' dir='ltr'>‘Ev</span> <span class='ocrx_word' id='word_1_473' title='bbox 2627 3448 2704 3519; x_wconf 82' lang='grc' dir='ltr'>τῷ</span> <span class='ocrx_word' id='word_1_474' title='bbox 2739 3448 2945 3501; x_wconf 83' lang='grc' dir='ltr'>στένειν</span> <span class='ocrx_word' id='word_1_475' title='bbox 2979 3446 3149 3514; x_wconf 75' lang='grc' dir='ltr'>αὐτὴν</span> <span class='ocrx_word' id='word_1_476' title='bbox 3182 3444 3318 3514; x_wconf 85' lang='grc' dir='ltr'>πρὸς</span> <span class='ocrx_word' id='word_1_477' title='bbox 3343 3442 3422 3494; x_wconf 89' lang='grc' dir='ltr'>σέ.</span> 
     </span>
    </p>
   </div>
   <div class='ocr_carea' id='block_1_71' title="bbox 2416 3533 3917 3610">
    <p class='ocr_par' dir='ltr' id='par_1_71' title="bbox 2416 3533 3917 3610">
     <span class='ocr_line' id='line_1_71' title="bbox 2416 3533 3917 3610; baseline -0.007 -15"><span class='ocrx_word' id='word_1_478' title='bbox 2416 3543 2467 3596; x_wconf 72' lang='lat'>4.</span> <span class='ocrx_word' id='word_1_479' title='bbox 2517 3539 2951 3610; x_wconf 82' lang='grc' dir='ltr'>Ἀνειμησαμένη</span> <span class='ocrx_word' id='word_1_480' title='bbox 2974 3538 3049 3607; x_wconf 69' lang='grc'>(5)</span> <span class='ocrx_word' id='word_1_481' title='bbox 3086 3533 3558 3607; x_wconf 71' lang='grc' dir='ltr'>[Ἄνιμησαμένη]</span> <span class='ocrx_word' id='word_1_482' title='bbox 3587 3537 3620 3603; x_wconf 78' lang='grc' dir='ltr'>ὴ</span> <span class='ocrx_word' id='word_1_483' title='bbox 3652 3535 3813 3605; x_wconf 69' lang='grc' dir='ltr'>χάρις</span> <span class='ocrx_word' id='word_1_484' title='bbox 3842 3553 3917 3585; x_wconf 73' lang='grc' dir='ltr'>σου</span> 
     </span>
    </p>
   </div>
   <div class='ocr_carea' id='block_1_72' title="bbox 2347 3625 3919 3705">
    <p class='ocr_par' dir='ltr' id='par_1_72' title="bbox 2347 3625 3919 3705">
     <span class='ocr_line' id='line_1_72' title="bbox 2347 3625 3919 3705; baseline -0.006 -19"><span class='ocrx_word' id='word_1_485' title='bbox 2347 3636 2443 3705; x_wconf 76' lang='grc' dir='ltr'>τὴν</span> <span class='ocrx_word' id='word_1_486' title='bbox 2476 3633 2788 3705; x_wconf 84' lang='grc' dir='ltr'>προσευχήν</span> <span class='ocrx_word' id='word_1_487' title='bbox 2823 3647 2946 3700; x_wconf 88' lang='grc' dir='ltr'>μου,</span> <span class='ocrx_word' id='word_1_488' title='bbox 2973 3628 3065 3680; x_wconf 75' lang='grc' dir='ltr'>καὶ</span> <span class='ocrx_word' id='word_1_489' title='bbox 3102 3626 3269 3697; x_wconf 76' lang='grc' dir='ltr'>ἡδέως</span> <span class='ocrx_word' id='word_1_490' title='bbox 3297 3625 3576 3678; x_wconf 78' lang='grc' dir='ltr'>ἑλκύσασα</span> <span class='ocrx_word' id='word_1_491' title='bbox 3625 3630 3765 3697; x_wconf 62' lang='grc' dir='ltr'>πρὸς</span> <span class='ocrx_word' id='word_1_492' title='bbox 3812 3630 3919 3679; x_wconf 61' lang='grc' dir='ltr'>ἑαυ-</span> 
     </span>
    </p>
   </div>
   <div class='ocr_carea' id='block_1_73' title="bbox 2346 3719 3468 3798">
    <p class='ocr_par' dir='ltr' id='par_1_73' title="bbox 2346 3719 3468 3798">
     <span class='ocr_line' id='line_1_73' title="bbox 2346 3719 3468 3798; baseline -0.008 -20"><span class='ocrx_word' id='word_1_493' title='bbox 2346 3727 2465 3798; x_wconf 80' lang='grc' dir='ltr'>τὴν,</span> <span class='ocrx_word' id='word_1_494' title='bbox 2490 3726 2563 3788; x_wconf 83' lang='grc' dir='ltr'>ὡς</span> <span class='ocrx_word' id='word_1_495' title='bbox 2597 3723 2849 3794; x_wconf 85' lang='grc' dir='ltr'>θυμίαμα</span> <span class='ocrx_word' id='word_1_496' title='bbox 2879 3719 3100 3790; x_wconf 84' lang='grc' dir='ltr'>κατέχει</span> <span class='ocrx_word' id='word_1_497' title='bbox 3125 3719 3252 3788; x_wconf 87' lang='grc' dir='ltr'>παρ’</span> <span class='ocrx_word' id='word_1_498' title='bbox 3283 3720 3468 3788; x_wconf 75' lang='grc' dir='ltr'>ἑαυτῇ.</span> 
     </span>
    </p>
   </div>
   <div class='ocr_carea' id='block_1_74' title="bbox 2418 3809 3920 3885">
    <p class='ocr_par' dir='ltr' id='par_1_74' title="bbox 2418 3809 3920 3885">
     <span class='ocr_line' id='line_1_74' title="bbox 2418 3809 3920 3885; baseline -0.007 -14"><span class='ocrx_word' id='word_1_499' title='bbox 2418 3819 2469 3871; x_wconf 82' lang='grc'>5.</span> <span class='ocrx_word' id='word_1_500' title='bbox 2519 3818 2580 3870; x_wconf 85' lang='grc' dir='ltr'><strong>Ἥ</strong></span> <span class='ocrx_word' id='word_1_501' title='bbox 2609 3816 2899 3885; x_wconf 77' lang='grc' dir='ltr'>ἀναϐόησις</span> <span class='ocrx_word' id='word_1_502' title='bbox 2923 3814 2998 3883; x_wconf 76' lang='grc' dir='ltr'>(ι)</span> <span class='ocrx_word' id='word_1_503' title='bbox 3023 3812 3122 3882; x_wconf 83' lang='grc' dir='ltr'>τῆς</span> <span class='ocrx_word' id='word_1_504' title='bbox 3148 3811 3372 3881; x_wconf 87' lang='grc' dir='ltr'>καρδίας</span> <span class='ocrx_word' id='word_1_505' title='bbox 3405 3827 3507 3881; x_wconf 83' lang='grc' dir='ltr'>μου</span> <span class='ocrx_word' id='word_1_506' title='bbox 3529 3809 3710 3873; x_wconf 88' lang='grc' dir='ltr'>οῦτως</span> <span class='ocrx_word' id='word_1_507' title='bbox 3741 3811 3920 3880; x_wconf 71' lang='grc' dir='ltr'>εὑρεθῇ</span> 
     </span>
    </p>
   </div>
   <div class='ocr_carea' id='block_1_75' title="bbox 2350 3903 3920 3975">
    <p class='ocr_par' dir='ltr' id='par_1_75' title="bbox 2350 3903 3920 3975">
     <span class='ocr_line' id='line_1_75' title="bbox 2350 3903 3920 3975; baseline -0.006 -13"><span class='ocrx_word' id='word_1_508' title='bbox 2350 3910 2579 3963; x_wconf 80' lang='grc' dir='ltr'>ἐνώπιόν</span> <span class='ocrx_word' id='word_1_509' title='bbox 2614 3924 2729 3971; x_wconf 89' lang='grc' dir='ltr'>σου,</span> <span class='ocrx_word' id='word_1_510' title='bbox 2767 3907 2840 3969; x_wconf 84' lang='grc' dir='ltr'>ὡς</span> <span class='ocrx_word' id='word_1_511' title='bbox 2870 3908 2902 3975; x_wconf 84' lang='grc' dir='ltr'>ή</span> <span class='ocrx_word' id='word_1_512' title='bbox 2941 3903 3120 3967; x_wconf 82' lang='grc' dir='ltr'>Θυσία,</span> <span class='ocrx_word' id='word_1_513' title='bbox 3153 3904 3212 3973; x_wconf 71' lang='grc' dir='ltr'>ἦν</span> <span class='ocrx_word' id='word_1_514' title='bbox 3246 3903 3667 3970; x_wconf 60' lang='grc' dir='ltr'>ἀναπέμτωυσιν</span> <span class='ocrx_word' id='word_1_515' title='bbox 3707 3904 3760 3954; x_wconf 75' lang='grc' dir='ltr'>οἱ</span> <span class='ocrx_word' id='word_1_516' title='bbox 3792 3904 3920 3968; x_wconf 74' lang='grc' dir='ltr'>ἅγιοι</span> 
     </span>
    </p>
   </div>
   <div class='ocr_carea' id='block_1_76' title="bbox 2348 3992 3922 4070">
    <p class='ocr_par' dir='ltr' id='par_1_76' title="bbox 2348 3992 3922 4070">
     <span class='ocr_line' id='line_1_76' title="bbox 2348 3992 3922 4070; baseline -0.007 -16"><span class='ocrx_word' id='word_1_517' title='bbox 2348 4000 2566 4070; x_wconf 78' lang='grc' dir='ltr'>ἄγγελοί</span> <span class='ocrx_word' id='word_1_518' title='bbox 2592 4017 2680 4052; x_wconf 90' lang='grc' dir='ltr'>σου</span> <span class='ocrx_word' id='word_1_519' title='bbox 2713 3996 3129 4068; x_wconf 77' lang='grc' dir='ltr'>ἐπιστρέφοντες</span> <span class='ocrx_word' id='word_1_520' title='bbox 3159 3993 3293 4065; x_wconf 76' lang='grc' dir='ltr'>πρὸς</span> <span class='ocrx_word' id='word_1_521' title='bbox 3317 3994 3373 4045; x_wconf 83' lang='grc' dir='ltr'>σὲ</span> <span class='ocrx_word' id='word_1_522' title='bbox 3401 3994 3506 4046; x_wconf 71' lang='grc' dir='ltr'>ἀπὸ</span> <span class='ocrx_word' id='word_1_523' title='bbox 3530 3992 3634 4063; x_wconf 74' lang='grc' dir='ltr'>τῆς</span> <span class='ocrx_word' id='word_1_524' title='bbox 3662 3994 3922 4056; x_wconf 70' lang='grc' dir='ltr'>διακονίας</span> 
     </span>
    </p>
   </div>
   <div class='ocr_carea' id='block_1_77' title="bbox 2347 4085 3492 4162">
    <p class='ocr_par' dir='ltr' id='par_1_77' title="bbox 2347 4085 3492 4162">
     <span class='ocr_line' id='line_1_77' title="bbox 2347 4085 3492 4162; baseline -0.008 -16"><span class='ocrx_word' id='word_1_525' title='bbox 2347 4094 2455 4146; x_wconf 80' lang='grc' dir='ltr'>τῶν</span> <span class='ocrx_word' id='word_1_526' title='bbox 2485 4091 2784 4162; x_wconf 85' lang='grc' dir='ltr'>μελλόντων</span> <span class='ocrx_word' id='word_1_527' title='bbox 2811 4088 3165 4160; x_wconf 86' lang='grc' dir='ltr'>κληρονομεῖν</span> <span class='ocrx_word' id='word_1_528' title='bbox 3199 4085 3492 4155; x_wconf 83' lang='grc' dir='ltr'>σωτηρίαν.</span> 
     </span>
    </p>
   </div>
   <div class='ocr_carea' id='block_1_78' title="bbox 2418 4174 3921 4249">
    <p class='ocr_par' dir='ltr' id='par_1_78' title="bbox 2418 4174 3921 4249">
     <span class='ocr_line' id='line_1_78' title="bbox 2418 4174 3921 4249; baseline -0.01 -12"><span class='ocrx_word' id='word_1_529' title='bbox 2418 4183 2471 4247; x_wconf 89' lang='grc'>6,</span> <span class='ocrx_word' id='word_1_530' title='bbox 2502 4183 2554 4235; x_wconf 91' lang='lat'>7.</span> <span class='ocrx_word' id='word_1_531' title='bbox 2597 4181 2912 4249; x_wconf 79' lang='grc' dir='ltr'>Ἀσφάλισαι</span> <span class='ocrx_word' id='word_1_532' title='bbox 2939 4219 2952 4243; x_wconf 90' lang='grc'><em>,</em></span> <span class='ocrx_word' id='word_1_533' title='bbox 2985 4177 3178 4247; x_wconf 67' lang='grc' dir='ltr'>Κύριε,</span> <span class='ocrx_word' id='word_1_534' title='bbox 3206 4174 3266 4227; x_wconf 84' lang='grc' dir='ltr'>τὸ</span> <span class='ocrx_word' id='word_1_535' title='bbox 3299 4176 3473 4244; x_wconf 77' lang='grc' dir='ltr'>στόμα</span> <span class='ocrx_word' id='word_1_536' title='bbox 3509 4192 3637 4244; x_wconf 85' lang='grc' dir='ltr'>μου,</span> <span class='ocrx_word' id='word_1_537' title='bbox 3691 4177 3789 4227; x_wconf 71' lang='grc' dir='ltr'>καὶ</span> <span class='ocrx_word' id='word_1_538' title='bbox 3836 4175 3921 4241; x_wconf 72' lang='grc' dir='ltr'>τὴν</span> 
     </span>
    </p>
   </div>
   <div class='ocr_carea' id='block_1_79' title="bbox 2349 4267 3924 4345">
    <p class='ocr_par' dir='ltr' id='par_1_79' title="bbox 2349 4267 3924 4345">
     <span class='ocr_line' id='line_1_79' title="bbox 2349 4267 3924 4345; baseline -0.007 -18"><span class='ocrx_word' id='word_1_539' title='bbox 2349 4275 2506 4345; x_wconf 84' lang='grc' dir='ltr'>χάριν</span> <span class='ocrx_word' id='word_1_540' title='bbox 2528 4291 2618 4325; x_wconf 91' lang='grc' dir='ltr'>σου</span> <span class='ocrx_word' id='word_1_541' title='bbox 2636 4273 2723 4334; x_wconf 86' lang='grc' dir='ltr'>δός</span> <span class='ocrx_word' id='word_1_542' title='bbox 2744 4288 2831 4341; x_wconf 88' lang='grc' dir='ltr'>μοι</span> <span class='ocrx_word' id='word_1_543' title='bbox 2849 4269 2976 4341; x_wconf 69' lang='grc' dir='ltr'>περὶ</span> <span class='ocrx_word' id='word_1_544' title='bbox 3004 4267 3071 4321; x_wconf 72' lang='grc' dir='ltr'>τὰ</span> <span class='ocrx_word' id='word_1_545' title='bbox 3100 4267 3253 4340; x_wconf 79' lang='grc' dir='ltr'>χείλη</span> <span class='ocrx_word' id='word_1_546' title='bbox 3281 4283 3403 4336; x_wconf 84' lang='grc' dir='ltr'>μου,</span> <span class='ocrx_word' id='word_1_547' title='bbox 3424 4267 3510 4318; x_wconf 83' lang='grc' dir='ltr'>ἵνα</span> <span class='ocrx_word' id='word_1_548' title='bbox 3538 4268 3618 4336; x_wconf 75' lang='grc' dir='ltr'>μὴ</span> <span class='ocrx_word' id='word_1_549' title='bbox 3637 4267 3924 4338; x_wconf 71' lang='grc' dir='ltr'>ὲκπορεῦη-</span> 
     </span>
    </p>
   </div>
   <div class='ocr_carea' id='block_1_80' title="bbox 2348 4360 3922 4434">
    <p class='ocr_par' dir='ltr' id='par_1_80' title="bbox 2348 4360 3922 4434">
     <span class='ocr_line' id='line_1_80' title="bbox 2348 4360 3922 4434; baseline -0.006 -14"><span class='ocrx_word' id='word_1_550' title='bbox 2348 4386 2436 4420; x_wconf 88' lang='grc' dir='ltr'>ται</span> <span class='ocrx_word' id='word_1_551' title='bbox 2470 4370 2533 4420; x_wconf 80' lang='grc' dir='ltr'>ὲκ</span> <span class='ocrx_word' id='word_1_552' title='bbox 2557 4365 2647 4418; x_wconf 88' lang='grc' dir='ltr'>τοῦ</span> <span class='ocrx_word' id='word_1_553' title='bbox 2676 4365 2940 4434; x_wconf 85' lang='grc' dir='ltr'>στόματός</span> <span class='ocrx_word' id='word_1_554' title='bbox 2971 4381 3070 4433; x_wconf 84' lang='grc' dir='ltr'>μου</span> <span class='ocrx_word' id='word_1_555' title='bbox 3101 4362 3258 4429; x_wconf 88' lang='grc' dir='ltr'>λόγος</span> <span class='ocrx_word' id='word_1_556' title='bbox 3289 4362 3367 4430; x_wconf 87' lang='grc'>(5)</span> <span class='ocrx_word' id='word_1_557' title='bbox 3398 4360 3630 4430; x_wconf 82' lang='grc' dir='ltr'>σαπρὸς,</span> <span class='ocrx_word' id='word_1_558' title='bbox 3667 4362 3768 4412; x_wconf 74' lang='grc' dir='ltr'>καὶ</span> <span class='ocrx_word' id='word_1_559' title='bbox 3797 4361 3922 4427; x_wconf 76' lang='grc' dir='ltr'>ὑπὲρ</span> 
     </span>
    </p>
   </div>
   <div class='ocr_carea' id='block_1_81' title="bbox 2352 4452 3922 4530">
    <p class='ocr_par' dir='ltr' id='par_1_81' title="bbox 2352 4452 3922 4530">
     <span class='ocr_line' id='line_1_81' title="bbox 2352 4452 3922 4530; baseline -0.006 -19"><span class='ocrx_word' id='word_1_560' title='bbox 2352 4458 2521 4530; x_wconf 82' lang='grc' dir='ltr'>ἀργοῦ</span> <span class='ocrx_word' id='word_1_561' title='bbox 2557 4457 2713 4524; x_wconf 74' lang='grc' dir='ltr'>λόγου</span> <span class='ocrx_word' id='word_1_562' title='bbox 2747 4455 2952 4526; x_wconf 78' lang='grc' dir='ltr'>εὑρεθῶ</span> <span class='ocrx_word' id='word_1_563' title='bbox 2980 4454 3136 4522; x_wconf 85' lang='grc' dir='ltr'>λόγον</span> <span class='ocrx_word' id='word_1_564' title='bbox 3166 4453 3360 4515; x_wconf 74' lang='grc' dir='ltr'>διδοὺς,</span> <span class='ocrx_word' id='word_1_565' title='bbox 3395 4452 3529 4504; x_wconf 78' lang='grc' dir='ltr'>ἀλλὰ</span> <span class='ocrx_word' id='word_1_566' title='bbox 3557 4452 3768 4518; x_wconf 78' lang='grc' dir='ltr'>μᾶλλον</span> <span class='ocrx_word' id='word_1_567' title='bbox 3802 4454 3850 4504; x_wconf 81' lang='grc' dir='ltr'>εἴ</span> <span class='ocrx_word' id='word_1_568' title='bbox 3877 4468 3922 4502; x_wconf 84' lang='grc' dir='ltr'>τι</span> 
     </span>
    </p>
   </div>
   <div class='ocr_carea' id='block_1_82' title="bbox 687 4523 2297 4623">
    <p class='ocr_par' dir='ltr' id='par_1_82' title="bbox 687 4523 2297 4623">
     <span class='ocr_line' id='line_1_82' title="bbox 687 4523 2297 4623; baseline -0.004 -14"><span class='ocrx_word' id='word_1_569' title='bbox 687 4555 1048 4619; x_wconf 81' lang='lat' dir='ltr'><strong>audientium,</strong></span> <span class='ocrx_word' id='word_1_570' title='bbox 1073 4562 1128 4606; x_wconf 89' lang='lat' dir='ltr'>ut</span> <span class='ocrx_word' id='word_1_571' title='bbox 1156 4553 1207 4607; x_wconf 88' lang='lat' dir='ltr'>id</span> <span class='ocrx_word' id='word_1_572' title='bbox 1237 4554 1449 4623; x_wconf 90' lang='lat' dir='ltr'><strong>loquar,</strong></span> <span class='ocrx_word' id='word_1_573' title='bbox 1483 4562 1536 4607; x_wconf 91' lang='lat' dir='ltr'>et</span> <span class='ocrx_word' id='word_1_574' title='bbox 1569 4552 1858 4621; x_wconf 89' lang='lat' dir='ltr'><strong>impleatur</strong></span> <span class='ocrx_word' id='word_1_575' title='bbox 1883 4552 1936 4604; x_wconf 93' lang='lat' dir='ltr'><strong>in</strong></span> <span class='ocrx_word' id='word_1_576' title='bbox 1971 4568 2055 4606; x_wconf 92' lang='lat' dir='ltr'>me</span> <span class='ocrx_word' id='word_1_577' title='bbox 2078 4551 2241 4604; x_wconf 90' lang='lat' dir='ltr'><strong>illud:</strong></span> <span class='ocrx_word' id='word_1_578' title='bbox 2280 4523 2297 4577; x_wconf 70' lang='grc'>1</span> 
     </span>
    </p>
   </div>
   <div class='ocr_carea' id='block_1_83' title="bbox 2349 4523 3921 4623">
    <p class='ocr_par' dir='ltr' id='par_1_83' title="bbox 2356 4523 3921 4621">
     <span class='ocr_line' id='line_1_83' title="bbox 2356 4523 3921 4621; baseline -0.006 -18"><span class='ocrx_word' id='word_1_579' title='bbox 2356 4553 2490 4621; x_wconf 82' lang='grc' dir='ltr'>πρὸς</span> <span class='ocrx_word' id='word_1_580' title='bbox 2523 4523 2944 4620; x_wconf 40' lang='grc' dir='ltr'>οἰκοδομὴν-τῶν</span> <span class='ocrx_word' id='word_1_581' title='bbox 2982 4548 3283 4601; x_wconf 75' lang='grc' dir='ltr'>ἀκουόντων</span> <span class='ocrx_word' id='word_1_582' title='bbox 3319 4546 3403 4598; x_wconf 84' lang='grc' dir='ltr'>ἴνα</span> <span class='ocrx_word' id='word_1_583' title='bbox 3436 4544 3579 4612; x_wconf 79' lang='grc' dir='ltr'>λέγω</span> <span class='ocrx_word' id='word_1_584' title='bbox 3605 4584 3620 4607; x_wconf 92' lang='lat'>,</span> <span class='ocrx_word' id='word_1_585' title='bbox 3654 4547 3752 4597; x_wconf 76' lang='grc' dir='ltr'>καὶ</span> <span class='ocrx_word' id='word_1_586' title='bbox 3796 4545 3921 4614; x_wconf 70' lang='grc' dir='ltr'>πλη-</span> 
     </span>
    </p>
   </div>
   <div class='ocr_carea' id='block_1_84' title="bbox 685 4647 1324 4716">
    <p class='ocr_par' dir='ltr' id='par_1_84' title="bbox 685 4647 1324 4716">
     <span class='ocr_line' id='line_1_84' title="bbox 685 4647 1324 4716; baseline -0.008 -15"><span class='ocrx_word' id='word_1_587' title='bbox 685 4647 902 4716; x_wconf 83' lang='lat' dir='ltr'><strong>Aperuit</strong></span> <span class='ocrx_word' id='word_1_588' title='bbox 935 4661 989 4698; x_wconf 76' lang='lat' dir='ltr'>os</span> <span class='ocrx_word' id='word_1_589' title='bbox 1015 4659 1187 4705; x_wconf 71' lang='lat' dir='ltr'><strong>suum,</strong></span> <span class='ocrx_word' id='word_1_590' title='bbox 1219 4653 1324 4698; x_wconf 88' lang='lat' dir='ltr'><strong>etc.</strong></span> 
     </span>
    </p>
   </div>
   <div class='ocr_carea' id='block_1_85' title="bbox 758 4734 2243 4808">
    <p class='ocr_par' dir='ltr' id='par_1_85' title="bbox 758 4734 2243 4808">
     <span class='ocr_line' id='line_1_85' title="bbox 758 4734 2243 4808; baseline -0.003 -15"><span class='ocrx_word' id='word_1_591' title='bbox 758 4739 811 4793; x_wconf 94' lang='lat'>8.</span> <span class='ocrx_word' id='word_1_592' title='bbox 847 4736 921 4793; x_wconf 82' lang='lat' dir='ltr'>Ne</span> <span class='ocrx_word' id='word_1_593' title='bbox 954 4736 1237 4808; x_wconf 89' lang='lat' dir='ltr'><strong>permittas</strong></span> <span class='ocrx_word' id='word_1_594' title='bbox 1260 4750 1352 4789; x_wconf 89' lang='lat' dir='ltr'>cor</span> <span class='ocrx_word' id='word_1_595' title='bbox 1385 4748 1585 4798; x_wconf 90' lang='lat' dir='ltr'><strong>meum,</strong></span> <span class='ocrx_word' id='word_1_596' title='bbox 1623 4742 1683 4788; x_wconf 90' lang='lat' dir='ltr'>ut</span> <span class='ocrx_word' id='word_1_597' title='bbox 1705 4749 1763 4789; x_wconf 91' lang='lat' dir='ltr'>se</span> <span class='ocrx_word' id='word_1_598' title='bbox 1784 4734 1961 4788; x_wconf 91' lang='lat' dir='ltr'><strong>tradat</strong></span> <span class='ocrx_word' id='word_1_599' title='bbox 2003 4736 2056 4789; x_wconf 94' lang='lat' dir='ltr'><strong>in</strong></span> <span class='ocrx_word' id='word_1_600' title='bbox 2079 4735 2243 4789; x_wconf 87' lang='lat' dir='ltr'><strong>verba</strong></span> 
     </span>
    </p>
   </div>
   <div class='ocr_carea' id='block_1_86' title="bbox 689 4830 1078 4892">
    <p class='ocr_par' dir='ltr' id='par_1_86' title="bbox 689 4830 1078 4892">
     <span class='ocr_line' id='line_1_86' title="bbox 689 4830 1078 4892; baseline -0.005 -8"><span class='ocrx_word' id='word_1_601' title='bbox 689 4830 1078 4892; x_wconf 81' lang='lat' dir='ltr'><strong>simulationis,</strong></span> 
     </span>
    </p>
   </div>
   <div class='ocr_carea' id='block_1_87' title="bbox 2361 4636 3715 4714">
    <p class='ocr_par' dir='ltr' id='par_1_87' title="bbox 2361 4636 3715 4714">
     <span class='ocr_line' id='line_1_87' title="bbox 2361 4636 3715 4714; baseline -0.004 -20"><span class='ocrx_word' id='word_1_602' title='bbox 2361 4642 2503 4714; x_wconf 80' lang='grc' dir='ltr'>ρωθῇ</span> <span class='ocrx_word' id='word_1_603' title='bbox 2538 4644 2593 4694; x_wconf 83' lang='grc' dir='ltr'>ἐν</span> <span class='ocrx_word' id='word_1_604' title='bbox 2621 4643 2741 4710; x_wconf 75' lang='grc' dir='ltr'>ἐμοὶ</span> <span class='ocrx_word' id='word_1_605' title='bbox 2773 4642 2853 4705; x_wconf 74' lang='grc' dir='ltr'>τὸ,</span> <span class='ocrx_word' id='word_1_606' title='bbox 2881 4638 3149 4704; x_wconf 75' lang='grc' dir='ltr'>Διήνοιξε</span> <span class='ocrx_word' id='word_1_607' title='bbox 3184 4637 3249 4688; x_wconf 84' lang='grc' dir='ltr'>τὸ</span> <span class='ocrx_word' id='word_1_608' title='bbox 3287 4637 3479 4704; x_wconf 83' lang='grc' dir='ltr'>στόμα</span> <span class='ocrx_word' id='word_1_609' title='bbox 3505 4636 3715 4690; x_wconf 77' lang='grc' dir='ltr'>αὑτοῦ.</span> 
     </span>
    </p>
   </div>
   <div class='ocr_carea' id='block_1_88' title="bbox 2423 4727 3919 4807">
    <p class='ocr_par' dir='ltr' id='par_1_88' title="bbox 2423 4727 3919 4807">
     <span class='ocr_line' id='line_1_88' title="bbox 2423 4727 3919 4807; baseline -0.007 -19"><span class='ocrx_word' id='word_1_610' title='bbox 2423 4736 2473 4790; x_wconf 91' lang='lat'>8.</span> <span class='ocrx_word' id='word_1_611' title='bbox 2516 4737 2604 4807; x_wconf 84' lang='grc' dir='ltr'>Μὴ</span> <span class='ocrx_word' id='word_1_612' title='bbox 2630 4735 2983 4806; x_wconf 79' lang='grc' dir='ltr'>συγχωρήσῃς</span> <span class='ocrx_word' id='word_1_613' title='bbox 3006 4733 3102 4802; x_wconf 82' lang='grc' dir='ltr'>τὴν</span> <span class='ocrx_word' id='word_1_614' title='bbox 3131 4731 3358 4796; x_wconf 87' lang='grc' dir='ltr'>καρδίαν</span> <span class='ocrx_word' id='word_1_615' title='bbox 3387 4746 3484 4799; x_wconf 90' lang='grc' dir='ltr'>μου</span> <span class='ocrx_word' id='word_1_616' title='bbox 3521 4727 3705 4781; x_wconf 86' lang='grc' dir='ltr'>δοῦναι</span> <span class='ocrx_word' id='word_1_617' title='bbox 3736 4729 3919 4797; x_wconf 69' lang='grc' dir='ltr'>ἑαυτὴν</span> 
     </span>
    </p>
   </div>
   <div class='ocr_carea' id='block_1_89' title="bbox 2356 4831 3033 4899">
    <p class='ocr_par' dir='ltr' id='par_1_89' title="bbox 2356 4831 3033 4899">
     <span class='ocr_line' id='line_1_89' title="bbox 2356 4831 3033 4899; baseline 0 -18"><span class='ocrx_word' id='word_1_618' title='bbox 2356 4831 2431 4893; x_wconf 77' lang='grc' dir='ltr'>είς</span> <span class='ocrx_word' id='word_1_619' title='bbox 2460 4831 2648 4897; x_wconf 85' lang='grc' dir='ltr'>λόγους</span> <span class='ocrx_word' id='word_1_620' title='bbox 2675 4831 3033 4899; x_wconf 77' lang='grc' dir='ltr'>ὑποκρίσεως,</span> 
     </span>
    </p>
   </div>
   <div class='ocr_carea' id='block_1_90' title="bbox 1597 4942 3012 5024">
    <p class='ocr_par' dir='ltr' id='par_1_90' title="bbox 1597 4942 3012 5024">
     <span class='ocr_line' id='line_1_90' title="bbox 1597 4942 3012 5024; baseline 0.001 -21"><span class='ocrx_word' id='word_1_621' title='bbox 1597 4942 1897 5003; x_wconf 79' lang='lat' dir='ltr'><strong>Addenda</strong></span> <span class='ocrx_word' id='word_1_622' title='bbox 1960 4953 2018 5003; x_wconf 87' lang='lat' dir='ltr'>et</span> <span class='ocrx_word' id='word_1_623' title='bbox 2076 4946 2450 5024; x_wconf 84' lang='lat' dir='ltr'><strong>corrigenda</strong></span> <span class='ocrx_word' id='word_1_624' title='bbox 2505 4964 2582 5007; x_wconf 78' lang='lat' dir='ltr'><strong>ex</strong></span> <span class='ocrx_word' id='word_1_625' title='bbox 2631 4947 2769 5008; x_wconf 85' lang='lat' dir='ltr'><strong>cod.</strong></span> <span class='ocrx_word' id='word_1_626' title='bbox 2813 4946 3012 5006; x_wconf 71' lang='lat' dir='ltr'><strong>Yatie.</strong></span> 
     </span>
    </p>
   </div>
   <div class='ocr_carea' id='block_1_91' title="bbox 763 5071 1592 5146">
    <p class='ocr_par' dir='ltr' id='par_1_91' title="bbox 763 5071 1592 5146">
     <span class='ocr_line' id='line_1_91' title="bbox 763 5071 1592 5146; baseline -0.007 -20"><span class='ocrx_word' id='word_1_627' title='bbox 763 5074 840 5146; x_wconf 72' lang='grc'>(1)</span> <span class='ocrx_word' id='word_1_628' title='bbox 877 5073 1126 5146; x_wconf 74' lang='grc' dir='ltr'>Ἔσονται</span> <span class='ocrx_word' id='word_1_629' title='bbox 1155 5072 1250 5146; x_wconf 72' lang='grc' dir='ltr'>σὺν</span> <span class='ocrx_word' id='word_1_630' title='bbox 1278 5071 1358 5122; x_wconf 65' lang='grc' dir='ltr'>σοι</span> <span class='ocrx_word' id='word_1_631' title='bbox 1386 5072 1455 5132; x_wconf 82' lang='grc' dir='ltr'>οἱ,</span> <span class='ocrx_word' id='word_1_632' title='bbox 1478 5078 1592 5146; x_wconf 88' lang='lat' dir='ltr'><strong>_etc.</strong></span> 
     </span>
    </p>
   </div>
   <div class='ocr_carea' id='block_1_92' title="bbox 763 5137 2250 5212">
    <p class='ocr_par' dir='ltr' id='par_1_92' title="bbox 763 5137 2250 5212">
     <span class='ocr_line' id='line_1_92' title="bbox 763 5137 2250 5212; baseline -0.005 -15"><span class='ocrx_word' id='word_1_633' title='bbox 763 5137 838 5212; x_wconf 73' lang='lat'>(2)</span> <span class='ocrx_word' id='word_1_634' title='bbox 878 5144 1011 5195; x_wconf 79' lang='lat' dir='ltr'><strong>Ante</strong></span> <span class='ocrx_word' id='word_1_635' title='bbox 1065 5140 1275 5212; x_wconf 81' lang='lat' dir='ltr'><strong>titulum</strong></span> <span class='ocrx_word' id='word_1_636' title='bbox 1328 5157 1418 5212; x_wconf 62' lang='lat' dir='ltr'>seu</span> <span class='ocrx_word' id='word_1_637' title='bbox 1471 5140 1862 5212; x_wconf 63' lang='lat' dir='ltr'><strong>inscriptignem</strong></span> <span class='ocrx_word' id='word_1_638' title='bbox 1913 5139 2049 5206; x_wconf 83' lang='lat' dir='ltr'><strong>psal.</strong></span> <span class='ocrx_word' id='word_1_639' title='bbox 2107 5137 2250 5191; x_wconf 78' lang='lat' dir='ltr'>CXL</span> 
     </span>
    </p>
   </div>
   <div class='ocr_carea' id='block_1_93' title="bbox 689 5207 2250 5284">
    <p class='ocr_par' dir='ltr' id='par_1_93' title="bbox 689 5207 2250 5284">
     <span class='ocr_line' id='line_1_93' title="bbox 689 5207 2250 5284; baseline -0.005 -17"><span class='ocrx_word' id='word_1_640' title='bbox 689 5207 882 5284; x_wconf 67' lang='lat' dir='ltr'><strong>legitur</strong></span> <span class='ocrx_word' id='word_1_641' title='bbox 922 5211 1224 5280; x_wconf 74' lang='lat' dir='ltr'><strong>Imjusmodi</strong></span> <span class='ocrx_word' id='word_1_642' title='bbox 1270 5211 1539 5284; x_wconf 75' lang='lat' dir='ltr'><strong>adnotatio</strong></span> <span class='ocrx_word' id='word_1_643' title='bbox 1574 5212 1646 5284; x_wconf 83' lang='lat' dir='ltr'><strong>_de</strong></span> <span class='ocrx_word' id='word_1_644' title='bbox 1694 5207 2092 5284; x_wconf 49' lang='grc' dir='ltr'>Ωἰιιρδιιίηιαιιίἶ</span> <span class='ocrx_word' id='word_1_645' title='bbox 2135 5225 2250 5284; x_wconf 71' lang='lat' dir='ltr'><strong>qua:</strong></span> 
     </span>
    </p>
   </div>
   <div class='ocr_carea' id='block_1_94' title="bbox 692 5279 2249 5348">
    <p class='ocr_par' dir='ltr' id='par_1_94' title="bbox 692 5279 2249 5348">
     <span class='ocr_line' id='line_1_94' title="bbox 692 5279 2249 5348; baseline -0.004 -11"><span class='ocrx_word' id='word_1_646' title='bbox 692 5279 862 5337; x_wconf 63' lang='lat' dir='ltr'><strong>ciunt</strong></span> <span class='ocrx_word' id='word_1_647' title='bbox 889 5279 1051 5334; x_wconf 76' lang='lat' dir='ltr'><strong>etiam</strong></span> <span class='ocrx_word' id='word_1_648' title='bbox 1095 5291 1204 5345; x_wconf 74' lang='lat' dir='ltr'><strong>post</strong></span> <span class='ocrx_word' id='word_1_649' title='bbox 1236 5282 1443 5336; x_wconf 81' lang='lat' dir='ltr'><strong>tertium</strong></span> <span class='ocrx_word' id='word_1_650' title='bbox 1467 5279 1727 5348; x_wconf 75' lang='lat' dir='ltr'><strong>psalmum</strong></span> <span class='ocrx_word' id='word_1_651' title='bbox 1749 5295 1949 5348; x_wconf 75' lang='lat' dir='ltr'><strong>,_supra</strong></span> <span class='ocrx_word' id='word_1_652' title='bbox 1980 5295 1996 5330; x_wconf 92' lang='lat'><em>:</em></span> <span class='ocrx_word' id='word_1_653' title='bbox 2035 5280 2108 5331; x_wconf 85' lang='grc' dir='ltr'>Τὸ</span> <span class='ocrx_word' id='word_1_654' title='bbox 2135 5279 2249 5332; x_wconf 85' lang='grc' dir='ltr'>διά-</span> 
     </span>
    </p>
   </div>
   <div class='ocr_carea' id='block_1_95' title="bbox 691 5345 2248 5423">
    <p class='ocr_par' dir='ltr' id='par_1_95' title="bbox 691 5345 2248 5423">
     <span class='ocr_line' id='line_1_95' title="bbox 691 5345 2248 5423; baseline -0.004 -17"><span class='ocrx_word' id='word_1_655' title='bbox 691 5355 878 5423; x_wconf 77' lang='grc' dir='ltr'>ψαλμα</span> <span class='ocrx_word' id='word_1_656' title='bbox 900 5348 992 5404; x_wconf 84' lang='grc' dir='ltr'>οὖν</span> <span class='ocrx_word' id='word_1_657' title='bbox 1017 5349 1373 5423; x_wconf 61' lang='grc' dir='ltr'>ζρμηνεύεται</span> <span class='ocrx_word' id='word_1_658' title='bbox 1401 5345 1485 5423; x_wconf 78' lang='grc' dir='ltr'>ἀεί</span> <span class='ocrx_word' id='word_1_659' title='bbox 1506 5349 1717 5423; x_wconf 24' lang='grc' dir='ltr'>-Αείςμόν</span> <span class='ocrx_word' id='word_1_660' title='bbox 1747 5345 2049 5423; x_wconf 12' lang='grc' dir='ltr'>οὖνχστίχον</span> <span class='ocrx_word' id='word_1_661' title='bbox 2073 5352 2248 5423; x_wconf 74' lang='grc' dir='ltr'>κεῖται</span> 
     </span>
    </p>
   </div>
   <div class='ocr_carea' id='block_1_96' title="bbox 696 5417 2248 5502">
    <p class='ocr_par' dir='ltr' id='par_1_96' title="bbox 696 5417 2248 5502">
     <span class='ocr_line' id='line_1_96' title="bbox 696 5417 2248 5502; baseline -0.003 -27"><span class='ocrx_word' id='word_1_662' title='bbox 696 5417 1380 5502; x_wconf 35' lang='grc' dir='ltr'>σημαινςιιτδ’,“λεγόμενον</span> <span class='ocrx_word' id='word_1_663' title='bbox 1401 5418 1586 5502; x_wconf 44' lang='grc' dir='ltr'>,ρητρν</span> <span class='ocrx_word' id='word_1_664' title='bbox 1628 5418 1758 5502; x_wconf 31' lang='lat' dir='ltr'>om,</span> <span class='ocrx_word' id='word_1_665' title='bbox 1778 5417 1869 5502; x_wconf 70' lang='grc' dir='ltr'>τοῦ</span> <span class='ocrx_word' id='word_1_666' title='bbox 1906 5420 2136 5502; x_wconf 32' lang='grc' dir='ltr'>ιιιειιίχου,⁵</span> <span class='ocrx_word' id='word_1_667' title='bbox 2169 5421 2248 5470; x_wconf 83' lang='grc' dir='ltr'>ὅτι</span> 
     </span>
    </p>
   </div>
   <div class='ocr_carea' id='block_1_97' title="bbox 691 5483 2248 5558">
    <p class='ocr_par' dir='ltr' id='par_1_97' title="bbox 691 5483 2248 5558">
     <span class='ocr_line' id='line_1_97' title="bbox 691 5483 2248 5558; baseline -0.002 -15"><span class='ocrx_word' id='word_1_668' title='bbox 691 5483 849 5545; x_wconf 71' lang='grc' dir='ltr'>τοῦτο</span> <span class='ocrx_word' id='word_1_669' title='bbox 877 5491 940 5544; x_wconf 64' lang='grc' dir='ltr'>τὸ</span> <span class='ocrx_word' id='word_1_670' title='bbox 961 5483 1243 5558; x_wconf 70' lang='grc' dir='ltr'>λεγόμενον</span> <span class='ocrx_word' id='word_1_671' title='bbox 1270 5490 1326 5540; x_wconf 84' lang='grc' dir='ltr'>ὲν</span> <span class='ocrx_word' id='word_1_672' title='bbox 1354 5483 1439 5557; x_wconf 71' lang='grc' dir='ltr'>τῷ</span> <span class='ocrx_word' id='word_1_673' title='bbox 1460 5483 1620 5558; x_wconf 78' lang='grc' dir='ltr'>στίχῳ</span> <span class='ocrx_word' id='word_1_674' title='bbox 1644 5483 1807 5540; x_wconf 74' lang='grc' dir='ltr'>ἐστίν·</span> <span class='ocrx_word' id='word_1_675' title='bbox 1843 5490 1948 5549; x_wconf 68' lang='grc' dir='ltr'>ἀεὶ,</span> <span class='ocrx_word' id='word_1_676' title='bbox 1979 5483 2086 5540; x_wconf 68' lang='grc' dir='ltr'>εἴτε</span> <span class='ocrx_word' id='word_1_677' title='bbox 2114 5490 2248 5555; x_wconf 85' lang='grc' dir='ltr'>ἀγα-</span> 
     </span>
    </p>
   </div>
   <div class='ocr_carea' id='block_1_98' title="bbox 694 5558 2246 5627">
    <p class='ocr_par' dir='ltr' id='par_1_98' title="bbox 694 5558 2246 5627">
     <span class='ocr_line' id='line_1_98' title="bbox 694 5558 2246 5627; baseline -0.002 -14"><span class='ocrx_word' id='word_1_678' title='bbox 694 5565 785 5614; x_wconf 64' lang='grc' dir='ltr'>θόν</span> <span class='ocrx_word' id='word_1_679' title='bbox 813 5564 958 5613; x_wconf 70' lang='grc' dir='ltr'>ἔστιν</span> <span class='ocrx_word' id='word_1_680' title='bbox 982 5563 1009 5611; x_wconf 82' lang='grc' dir='ltr'>δ</span> <span class='ocrx_word' id='word_1_681' title='bbox 1034 5562 1177 5626; x_wconf 80' lang='grc' dir='ltr'>λέγει</span> <span class='ocrx_word' id='word_1_682' title='bbox 1205 5560 1469 5627; x_wconf 45' lang='grc' dir='ltr'>ὁ-στίχος,</span> <span class='ocrx_word' id='word_1_683' title='bbox 1499 5560 1602 5609; x_wconf 75' lang='grc' dir='ltr'>εἴτε</span> <span class='ocrx_word' id='word_1_684' title='bbox 1649 5559 1869 5627; x_wconf 83' lang='grc' dir='ltr'>φαῦλον.</span> <span class='ocrx_word' id='word_1_685' title='bbox 1899 5561 1970 5610; x_wconf 86' lang='grc' dir='ltr'>Οὐ</span> <span class='ocrx_word' id='word_1_686' title='bbox 2004 5558 2159 5624; x_wconf 86' lang='grc' dir='ltr'>μόνον</span> <span class='ocrx_word' id='word_1_687' title='bbox 2192 5559 2246 5610; x_wconf 82' lang='grc' dir='ltr'>δὲ</span> 
     </span>
    </p>
   </div>
   <div class='ocr_carea' id='block_1_99' title="bbox 695 5624 2245 5707">
    <p class='ocr_par' dir='ltr' id='par_1_99' title="bbox 695 5624 2245 5707">
     <span class='ocr_line' id='line_1_99' title="bbox 695 5624 2245 5707; baseline -0.003 -23"><span class='ocrx_word' id='word_1_688' title='bbox 695 5632 867 5707; x_wconf 59' lang='grc' dir='ltr'>τοῦτοἲ</span> <span class='ocrx_word' id='word_1_689' title='bbox 903 5630 1034 5707; x_wconf 75' lang='grc' dir='ltr'>ἀλλά</span> <span class='ocrx_word' id='word_1_690' title='bbox 1075 5624 1176 5690; x_wconf 73' lang='grc' dir='ltr'>ἕως</span> <span class='ocrx_word' id='word_1_691' title='bbox 1204 5624 1418 5707; x_wconf 33' lang='grc' dir='ltr'>οὖαμὲῤ.</span> <span class='ocrx_word' id='word_1_692' title='bbox 1452 5630 1550 5707; x_wconf 69' lang='grc' dir='ltr'>εἰς)</span> <span class='ocrx_word' id='word_1_693' title='bbox 1575 5624 1923 5707; x_wconf 31' lang='grc' dir='ltr'>ὃνικεῖταιιτὸ</span> <span class='ocrx_word' id='word_1_694' title='bbox 1952 5629 2245 5707; x_wconf 68' lang='grc' dir='ltr'>διάψαλμα,</span> 
     </span>
    </p>
   </div>
   <div class='ocr_carea' id='block_1_100' title="bbox 697 5697 2248 5842">
    <p class='ocr_par' dir='ltr' id='par_1_100' title="bbox 697 5697 2248 5842">
     <span class='ocr_line' id='line_1_100' title="bbox 698 5697 2246 5785; baseline -0.002 -33"><span class='ocrx_word' id='word_1_695' title='bbox 698 5701 966 5770; x_wconf 74' lang='grc' dir='ltr'>σημαίνει,</span> <span class='ocrx_word' id='word_1_696' title='bbox 996 5702 1075 5753; x_wconf 79' lang='grc' dir='ltr'>ὅτι</span> <span class='ocrx_word' id='word_1_697' title='bbox 1104 5697 1596 5785; x_wconf 28' lang='grc' dir='ltr'>πξρὶςάὶλοαλέγει</span> <span class='ocrx_word' id='word_1_698' title='bbox 1621 5700 1660 5778; x_wconf 46' lang='grc' dir='ltr'>.δ</span> <span class='ocrx_word' id='word_1_699' title='bbox 1685 5700 1895 5768; x_wconf 77' lang='grc' dir='ltr'>ψαλμδς</span> <span class='ocrx_word' id='word_1_700' title='bbox 1936 5698 2246 5768; x_wconf 81' lang='grc' dir='ltr'>προσώπου,</span> 
     </span>
     <span class='ocr_line' id='line_1_101' title="bbox 697 5769 2248 5842; baseline -0.001 -23"><span class='ocrx_word' id='word_1_701' title='bbox 697 5771 787 5824; x_wconf 64' lang='grc' dir='ltr'>καὶ</span> <span class='ocrx_word' id='word_1_702' title='bbox 812 5771 930 5840; x_wconf 71' lang='grc' dir='ltr'>οὐχὶ</span> <span class='ocrx_word' id='word_1_703' title='bbox 957 5771 1080 5842; x_wconf 71' lang='grc' dir='ltr'>περὶ</span> <span class='ocrx_word' id='word_1_704' title='bbox 1113 5785 1171 5822; x_wconf 82' lang='grc' dir='ltr'>ου</span> <span class='ocrx_word' id='word_1_705' title='bbox 1216 5769 1396 5837; x_wconf 66' lang='grc' dir='ltr'>ἔλεγεν</span> <span class='ocrx_word' id='word_1_706' title='bbox 1426 5769 1526 5830; x_wconf 84' lang='grc' dir='ltr'>έως</span> <span class='ocrx_word' id='word_1_707' title='bbox 1556 5785 1648 5821; x_wconf 84' lang='grc' dir='ltr'>του</span> <span class='ocrx_word' id='word_1_708' title='bbox 1681 5769 2070 5839; x_wconf 62' lang='grc' dir='ltr'>διαψάλματος.</span> <span class='ocrx_word' id='word_1_709' title='bbox 2103 5769 2248 5838; x_wconf 72' lang='grc' dir='ltr'>Αὕτη</span> 
     </span>
    </p>
   </div>
   <div class='ocr_carea' id='block_1_101' title="bbox 2352 5064 3478 5141">
    <p class='ocr_par' dir='ltr' id='par_1_101' title="bbox 2352 5064 3478 5141">
     <span class='ocr_line' id='line_1_102' title="bbox 2352 5064 3478 5141; baseline -0.01 -18"><span class='ocrx_word' id='word_1_710' title='bbox 2352 5066 2511 5141; x_wconf 82' lang='grc' dir='ltr'>οῦνή</span> <span class='ocrx_word' id='word_1_711' title='bbox 2541 5070 2792 5141; x_wconf 78' lang='grc' dir='ltr'>διήγησις</span> <span class='ocrx_word' id='word_1_712' title='bbox 2820 5069 2946 5141; x_wconf 78' lang='grc' dir='ltr'>περὶ</span> <span class='ocrx_word' id='word_1_713' title='bbox 2974 5064 3478 5141; x_wconf 34' lang='grc' dir='ltr'>τοῦᾼδιαψάλματος.</span> 
     </span>
    </p>
   </div>
   <div class='ocr_carea' id='block_1_102' title="bbox 2425 5132 3920 5207">
    <p class='ocr_par' dir='ltr' id='par_1_102' title="bbox 2425 5132 3920 5207">
     <span class='ocr_line' id='line_1_103' title="bbox 2425 5132 3920 5207; baseline -0.021 0"><span class='ocrx_word' id='word_1_714' title='bbox 2425 5132 2523 5207; x_wconf 41' lang='grc' dir='ltr'>(θ’.)</span> <span class='ocrx_word' id='word_1_715' title='bbox 2552 5132 2746 5193; x_wconf 38' lang='grc' dir='ltr'>Ἦμδὶὰ</span> <span class='ocrx_word' id='word_1_716' title='bbox 2785 5139 2883 5207; x_wconf 80' lang='grc' dir='ltr'>τῆς</span> <span class='ocrx_word' id='word_1_717' title='bbox 2897 5132 3275 5206; x_wconf 72' lang='grc' dir='ltr'>’κινναϐάρεως</span> <span class='ocrx_word' id='word_1_718' title='bbox 3305 5132 3730 5207; x_wconf 42' lang='grc' dir='ltr'>περιέχειηθιρ.Σ</span> <span class='ocrx_word' id='word_1_719' title='bbox 3761 5134 3920 5207; x_wconf 42' lang='lat' dir='ltr'><strong>ten:</strong></span> 
     </span>
    </p>
   </div>
   <div class='ocr_carea' id='block_1_103' title="bbox 2352 5199 3924 5276">
    <p class='ocr_par' dir='ltr' id='par_1_103' title="bbox 2352 5199 3924 5276">
     <span class='ocr_line' id='line_1_104' title="bbox 2352 5199 3924 5276; baseline -0.007 -13"><span class='ocrx_word' id='word_1_720' title='bbox 2352 5199 2566 5264; x_wconf 71' lang='grc' dir='ltr'>νεῦεται</span> <span class='ocrx_word' id='word_1_721' title='bbox 2617 5211 2676 5262; x_wconf 76' lang='grc' dir='ltr'>τὸ</span> <span class='ocrx_word' id='word_1_722' title='bbox 2702 5210 2795 5262; x_wconf 84' lang='grc' dir='ltr'>τοῦ</span> <span class='ocrx_word' id='word_1_723' title='bbox 2819 5199 2984 5260; x_wconf 74' lang='grc' dir='ltr'>Ᾰαὸὶδ</span> <span class='ocrx_word' id='word_1_724' title='bbox 3007 5199 3195 5276; x_wconf 82' lang='grc' dir='ltr'>ὄνομα,</span> <span class='ocrx_word' id='word_1_725' title='bbox 3233 5214 3364 5261; x_wconf 85' lang='lat' dir='ltr'><strong>etc.,</strong></span> <span class='ocrx_word' id='word_1_726' title='bbox 3399 5201 3511 5276; x_wconf 74' lang='grc' dir='ltr'>ἔχει</span> <span class='ocrx_word' id='word_1_727' title='bbox 3541 5199 3604 5250; x_wconf 80' lang='grc' dir='ltr'>τὸ</span> <span class='ocrx_word' id='word_1_728' title='bbox 3639 5203 3734 5276; x_wconf 68' lang='grc' dir='ltr'>τοῦ</span> <span class='ocrx_word' id='word_1_729' title='bbox 3771 5199 3924 5253; x_wconf 67' lang='grc' dir='ltr'>Δαειδ</span> 
     </span>
    </p>
   </div>
   <div class='ocr_carea' id='block_1_104' title="bbox 2352 5269 3924 5350">
    <p class='ocr_par' dir='ltr' id='par_1_104' title="bbox 2352 5269 3924 5350">
     <span class='ocr_line' id='line_1_105' title="bbox 2352 5269 3924 5350; baseline -0.006 -17"><span class='ocrx_word' id='word_1_730' title='bbox 2352 5282 2520 5350; x_wconf 75' lang='grc' dir='ltr'>ὄνομα</span> <span class='ocrx_word' id='word_1_731' title='bbox 2539 5297 2552 5310; x_wconf 74' lang='grc' dir='ltr'><strong><em>ο</em></strong></span> <span class='ocrx_word' id='word_1_732' title='bbox 2583 5281 2730 5349; x_wconf 82' lang='grc' dir='ltr'>ὅμως</span> <span class='ocrx_word' id='word_1_733' title='bbox 2761 5277 2992 5331; x_wconf 72' lang='grc' dir='ltr'>ἐνταῦθα</span> <span class='ocrx_word' id='word_1_734' title='bbox 3040 5269 3199 5330; x_wconf 81' lang='grc' dir='ltr'>τοῦτο</span> <span class='ocrx_word' id='word_1_735' title='bbox 3242 5269 3626 5344; x_wconf 77' lang='grc' dir='ltr'>ἑρμηνεύεται,</span> <span class='ocrx_word' id='word_1_736' title='bbox 3654 5272 3682 5323; x_wconf 85' lang='grc' dir='ltr'>δ</span> <span class='ocrx_word' id='word_1_737' title='bbox 3731 5274 3924 5341; x_wconf 81' lang='grc' dir='ltr'>γέγρα-</span> 
     </span>
    </p>
   </div>
   <div class='ocr_carea' id='block_1_105' title="bbox 2356 5368 3920 5490">
    <p class='ocr_par' dir='ltr' id='par_1_105' title="bbox 2356 5368 3920 5490">
     <span class='ocr_line' id='line_1_106' title="bbox 2356 5368 2505 5403; baseline -0.02 0"><span class='ocrx_word' id='word_1_738' title='bbox 2356 5368 2425 5403; x_wconf 82' lang='grc' dir='ltr'>πτ</span> <span class='ocrx_word' id='word_1_739' title='bbox 2472 5369 2505 5401; x_wconf 91' lang='grc' dir='ltr'>ι.</span> 
     </span>
     <span class='ocr_line' id='line_1_107' title="bbox 2427 5369 3920 5490; baseline -0.005 -18"><span class='ocrx_word' id='word_1_740' title='bbox 2427 5369 2862 5490; x_wconf 57' lang='grc' dir='ltr'>ῗὸγΑνισαμένψ</span> <span class='ocrx_word' id='word_1_741' title='bbox 2895 5417 3030 5473; x_wconf 84' lang='lat' dir='ltr'><strong>forte</strong></span> <span class='ocrx_word' id='word_1_742' title='bbox 3059 5418 3162 5487; x_wconf 81' lang='lat' dir='ltr'><strong>leg.</strong></span> <span class='ocrx_word' id='word_1_743' title='bbox 3193 5417 3543 5488; x_wconf 81' lang='grc' dir='ltr'>ἀνισταμένη,</span> <span class='ocrx_word' id='word_1_744' title='bbox 3581 5425 3711 5468; x_wconf 85' lang='lat' dir='ltr'><strong>etc..</strong></span> <span class='ocrx_word' id='word_1_745' title='bbox 3759 5412 3920 5465; x_wconf 74' lang='grc' dir='ltr'>κατά-</span> 
     </span>
    </p>
   </div>
   <div class='ocr_carea' id='block_1_106' title="bbox 2358 5501 2974 5625">
    <p class='ocr_par' dir='ltr' id='par_1_106' title="bbox 2358 5501 2974 5625">
     <span class='ocr_line' id='line_1_108' title="bbox 2358 5501 2617 5560; baseline 0.008 -18"><span class='ocrx_word' id='word_1_746' title='bbox 2358 5508 2478 5560; x_wconf 83' lang='grc' dir='ltr'>σχῃ.</span> <span class='ocrx_word' id='word_1_747' title='bbox 2516 5501 2617 5544; x_wconf 80' lang='lat' dir='ltr'><strong>etc.</strong></span> 
     </span>
     <span class='ocr_line' id='line_1_109' title="bbox 2428 5559 2974 5625; baseline 0.002 -13"><span class='ocrx_word' id='word_1_748' title='bbox 2428 5560 2502 5625; x_wconf 80' lang='grc'><strong>(4)</strong></span> <span class='ocrx_word' id='word_1_749' title='bbox 2535 5559 2845 5621; x_wconf 77' lang='grc' dir='ltr'>Ἀνάϐασις,</span> <span class='ocrx_word' id='word_1_750' title='bbox 2872 5570 2974 5614; x_wconf 87' lang='lat' dir='ltr'><strong>etc.</strong></span> 
     </span>
    </p>
   </div>
   <div class='ocr_carea' id='block_1_107' title="bbox 2431 5625 3924 5700">
    <p class='ocr_par' dir='ltr' id='par_1_107' title="bbox 2431 5625 3924 5700">
     <span class='ocr_line' id='line_1_110' title="bbox 2431 5625 3924 5700; baseline -0.011 -11"><span class='ocrx_word' id='word_1_751' title='bbox 2431 5631 2505 5700; x_wconf 66' lang='grc' dir='ltr'>(εἰ)</span> <span class='ocrx_word' id='word_1_752' title='bbox 2542 5632 2655 5692; x_wconf 80' lang='grc' dir='ltr'>Πᾶς</span> <span class='ocrx_word' id='word_1_753' title='bbox 2689 5629 2862 5697; x_wconf 79' lang='grc' dir='ltr'>λόγος,</span> <span class='ocrx_word' id='word_1_754' title='bbox 2897 5642 2999 5683; x_wconf 70' lang='lat' dir='ltr'><strong>etc.</strong></span> <span class='ocrx_word' id='word_1_755' title='bbox 3023 5670 3036 5691; x_wconf 97' lang='lat'>,</span> <span class='ocrx_word' id='word_1_756' title='bbox 3061 5631 3165 5683; x_wconf 81' lang='grc' dir='ltr'>εἴτε</span> <span class='ocrx_word' id='word_1_757' title='bbox 3194 5646 3324 5697; x_wconf 85' lang='grc' dir='ltr'>προς</span> <span class='ocrx_word' id='word_1_758' title='bbox 3356 5627 3664 5700; x_wconf 49' lang='grc' dir='ltr'>οἰκοδομήν,</span> <span class='ocrx_word' id='word_1_759' title='bbox 3700 5636 3841 5689; x_wconf 85' lang='lat' dir='ltr'><strong>cte.,</strong></span> <span class='ocrx_word' id='word_1_760' title='bbox 3871 5625 3924 5675; x_wconf 78' lang='grc' dir='ltr'>ὲν</span> 
     </span>
    </p>
   </div>
   <div class='ocr_carea' id='block_1_108' title="bbox 2358 5695 3537 5774">
    <p class='ocr_par' dir='ltr' id='par_1_108' title="bbox 2358 5695 3537 5774">
     <span class='ocr_line' id='line_1_111' title="bbox 2358 5695 3537 5774; baseline -0.003 -23"><span class='ocrx_word' id='word_1_761' title='bbox 2358 5695 2580 5770; x_wconf 69' lang='grc' dir='ltr'>ιμσιτδ,</span> <span class='ocrx_word' id='word_1_762' title='bbox 2629 5695 2838 5766; x_wconf 80' lang='grc' dir='ltr'>’Λνοιγε</span> <span class='ocrx_word' id='word_1_763' title='bbox 2878 5700 3048 5769; x_wconf 83' lang='grc' dir='ltr'>στόμα</span> <span class='ocrx_word' id='word_1_764' title='bbox 3088 5701 3174 5751; x_wconf 74' lang='grc' dir='ltr'>σὺν</span> <span class='ocrx_word' id='word_1_765' title='bbox 3202 5695 3343 5774; x_wconf 73' lang='grc' dir='ltr'>λόγφ</span> <span class='ocrx_word' id='word_1_766' title='bbox 3381 5695 3537 5752; x_wconf 78' lang='grc' dir='ltr'>Θεοῦ.</span> 
     </span>
    </p>
   </div>
  </div>
