4036 6486
284 428 428 484 ηρτ,
1194 413 1282 470 DE
1321 410 1596 470 TlTULlS
1628 405 2080 464 PSALMORUM.
2103 439 2175 448 —
2210 403 2406 465 PSAL.
2447 409 2606 468 CXL.
3375 420 3512 479 4294

357 551 411 601 9.
439 545 545 599 Τοῦ
577 539 1001 614 προφασίζεσθαι
1031 535 1328 608 προφάσεις
1362 535 1418 587 ὲν
1439 531 1750 603 ἁμαρτίαις,
1884 530 1932 585 Α

1743 568 1750 592 ,
1884 530 1932 585 Α
2026 526 2078 582 9.
2115 527 2196 581 Ad
2230 527 2570 583 excusandas
2596 531 2974 587 excusationes
2997 533 3050 588 in
3080 537 3337 605 peccatis.

360 640 445 692 10.
477 639 578 690 Σὺν
602 635 906 705 ἀνθρώποις
934 629 1318 702 ἐργαζομένοις
1339 626 1435 694 τὴν
1469 623 1696 692 ἀνομίαν
1715 637 1731 651 ο

2024 617 2111 673 10.
2144 617 2281 674 Cum
2311 619 2623 676 hominibus
2654 626 3006 692 operantibus
3033 626 3377 697 iniquitatem
3404 647 3416 682 :

363 733 446 786 11.
470 731 576 784 Καὶ
597 731 655 781 οὑ
687 728 760 798 μὴ
787 723 1062 778 συνδυάσω
1081 720 1218 792 μετὰ
1233 719 1338 771 τῶν
1358 715 1627 770 ἐκλεκτῶν
1651 710 1850 766 αὑτῶν.

1793 727 1850 765 ιν.
2024 710 2111 763 11.
2146 708 2211 764 Ει
2249 725 2356 764 non
2386 713 2799 768 communicabo
2824 728 2946 768 cum
2967 716 3154 773 electis
3180 735 3387 774 eorum.

357 822 443 876 12.
476 818 758 874 Παιδεύσει
796 833 861 886 με
899 815 1104 874 δίκαιος
1127 814 1182 864 ὲν
1215 810 1373 870 ἐλέει,
1400 808 1491 861 καὶ
1515 805 1718 873 ἐλέγξει
1752 816 1850 872 με’

2023 801 2110 854 12.
2145 802 2414 872 Corripiet
2441 819 2527 858 me
2545 803 2728 873 justus
2759 806 2814 862 in
2842 808 3237 877 misericordia,
3265 823 3317 867 et
3337 813 3515 869 incre—

1953 893 2101 960 pabit
2127 908 2212 946 me
2239 913 2253 948 :

359 997 442 1050 15.
483 993 700 1048 Ἐλαιον
726 993 782 1044 δὲ
817 986 1139 1062 ἁμαρτωλοῦ
1178 987 1252 1057 μὴ
1296 985 1574 1038 λιπανάτω
1614 980 1711 1050 τὴν
1760 996 1853 1031 κε-

2027 983 2112 1036 15.
2141 983 2330 1039 Oleum
2358 997 2534 1042 autem
2561 991 2864 1058 peccatoris
2888 1007 2995 1045 non
3022 992 3318 1063 impinguet
3351 1005 3515 1064 caput

281 1091 456 1159 φαλήν
489 1106 589 1157 μου
612 1104 625 1116 ·

577 1104 625 1139 ).
1953 1089 2129 1128 meum
2159 1094 2171 1129 ε

360 1178 447 1232 14.
477 1178 598 1228 Ὀτι
632 1174 712 1227 ἔτι
738 1173 830 1226 καὶ
860 1173 891 1243 ἠ
922 1168 1194 1241 προσευχὴ
1229 1184 1326 1237 μου
1355 1167 1412 1217 ἐν
1440 1165 1557 1225 ταῖς
1589 1159 1853 1222 εὑδοκίαις

2022 1165 2106 1218 14.
2139 1164 2405 1231 Quoniam
2439 1170 2617 1226 adhuc
2648 1180 2702 1228 et
2727 1173 2900 1228 oratio
2934 1191 3051 1231 mea
3082 1176 3136 1231 in
3164 1177 3515 1249 beneplacitis

280 1269 484 1323 αὑτῶν.
1951 1271 2162 1310 θοΓιιπῑ-

357 1360 441 1413 15.
471 1357 860 1427 Κατεπόθησαν
885 1353 1117 1424 ὲχὸμενα
1145 1349 1348 1420 πέτρας
1369 1351 1414 1401 οἱ
1447 1346 1626 1418 κριταὶ
1653 1345 1848 1397 αὑτῶν·

2026 1346 2112 1402 15.
2150 1345 2404 1417 Absorpti
2440 1361 2568 1404 sunt
2592 1351 2764 1422 juncti
2789 1362 2954 1423 petrae
2979 1354 3192 1424 judices
3231 1375 3420 1416 eorum
3453 1379 3467 1414 :

357 1452 446 1505 16.
487 1449 832 1503 Ἀκούσονται
865 1446 932 1498 τὰ
963 1443 1183 1516 ῥήματά
1218 1459 1343 1512 μου,
1372 1441 1455 1492 ὅτι
1489 1438 1850 1508 ἠδυνήθησαν.

1777 1453 1850 1488 ιν.
2024 1437 2112 1490 16.
2145 1438 2379 1494 Audient
2411 1443 2573 1496 verba
2608 1461 2748 1510 mea,
2773 1449 3028 1516 quoniam
3055 1461 3371 1519 potuerunt.

354 1541 439 1594 17.
479 1538 622 1592 Ὠσεὶ
653 1537 823 1606 πάχος
855 1535 956 1605 γῆς
986 1532 1192 1604 ἐρράγη
1225 1530 1315 1582 ἐπὶ
1348 1528 1446 1599 τῆς
1483 1529 1580 1598 γῆς
1601 1544 1614 1556 °

2026 1530 2112 1582 17.
2145 1529 2295 1586 Sicut
2319 1536 2624 1591 crassitudo
2657 1548 2814 1594 terrae
2837 1542 3080 1613 disrupta
3112 1554 3196 1599 est
3224 1563 3387 1616 super
3409 1557 3515 1602 ter-

1955 1635 2069 1675 ram
2104 1643 2116 1676 ἓ

356 1720 442 1772 18.
475 1713 870 1786 Διεσκορπίσθη
894 1711 961 1763 τά
995 1711 1127 1764 ὀστᾶ
1156 1707 1332 1762 αὑτῶν
1372 1704 1522 1776 παρὰ
1542 1703 1630 1756 τὸν
1666 1704 1816 1775 ᾅδην.

2027 1713 2112 1766 18.
2141 1713 2407 1785 Dissipata
2440 1729 2564 1774 sunt
2605 1736 2726 1776 ossa
2751 1733 2934 1779 nostra
2972 1742 3130 1784 secus
3162 1730 3458 1788 infernum.

356 1805 443 1858 19.
477 1803 597 1855 Ὅτι
636 1801 768 1871 πρὸς
803 1800 882 1862 σὲ,
918 1797 1111 1869 Κύριε,
1134 1799 1326 1868 Κύριε,
1356 1797 1404 1846 οἱ
1434 1792 1699 1863 ὀφθαλμοί
1728 1811 1849 1863 μου,
1886 1862 1926 1889 D

1747 1811 1849 1855 ιου.
1886 1862 1926 1889 D
2027 1805 2111 1857 19.
2140 1805 2275 1871 Quia
2302 1809 2366 1864 ad
2399 1818 2471 1876 te,
2494 1811 2741 1880 Domine,
2763 1815 3008 1883 Domine,
3046 1823 3187 1877 oeuli
3215 1827 3341 1889 mei,

352 1897 440 1949 20.
483 1896 604 1948 Ἐπὶ
629 1862 710 1946 σοι
735 1891 956 1964 ἤλπισα,
989 1862 1062 1960 μὴ
1086 1862 1381 1974 ἀντανέλῃς
1406 1886 1502 1954 τὴν
1519 1862 1697 1955 ψυχήν
1727 1862 1847 1954 μου.
1886 1862 1928 1915 Β

2149 1862 2183 1871 η
2345 1862 2352 1864 _
2549 1862 3008 1883 __-----,_-......-,
3047 1862 3187 1877 0......
3215 1862 3342 1889 ...νη

1817 1901 1847 1936 ι.
1886 1862 1928 1915 Β
2026 1893 2115 1950 20.
2145 1894 2198 1949 ln
2231 1907 2281 1951 te
2309 1903 2543 1969 speravi,
2579 1921 2686 1959 non
2713 1909 2929 1966 auferas
2955 1913 3190 1969 animam
3216 1931 3411 1974 meam.

352 1985 442 2038 21.
473 1982 708 2046 Φύλαξὸν
731 1999 794 2052 με
825 1981 932 2035 ἀπὸ
953 1980 1195 2047 παγίδος,
1225 1972 1292 2048 ἦς
1315 1975 1712 2045 συνεστήσαντὸ
1739 1991 1848 2044 μοι,

2145 1985 2369 2077 Custodi
2403 2008 2489 2048 me
2519 2010 2550 2048 a
2574 1995 2790 2066 laqueo,
2819 2017 2980 2070 quem
3018 2014 3324 2063 statuerunt
3359 2009 3513 2077 mihi,

350 2079 441 2133 22.
474 2077 582 2133 Καὶ
611 2075 717 2130 ἀπὸ
747 2075 1054 2130 σκανδάλων
1075 2071 1183 2124 τῶν
1203 2069 1579 2143 ἐργαζομένων
1603 2069 1698 2138 τὴν
1725 2069 1848 2120 ἀνο-

1725 2069 1848 2120 ἁνο-
2027 2074 2114 2128 2‘2.
2141 2075 2201 2131 Et
2225 2095 2252 2132 a
2286 2082 2555 2140 scandalis
2589 2069 2928 2156 operantium
2955 2094 3315 2164 iniquitatem.

280 2167 434 2240 μίαν.

351 2261 442 2315 23.
458 2259 752 2313 Πεσοῦνται
767 2259 822 2310 ὲν
844 2255 1239 2326 ἀμφιϐλήστρῳ
1253 2251 1428 2306 αὐτῶν
1441 2251 1488 2303 οἱ
1505 2247 1818 2320 ἁμαρτωλοί
1824 2262 1840 2276 °

1641 2247 1840 2301 πωλοίο
2024 2250 2108 2303 25.
2137 2250 2341 2308 Cadent
2373 2258 2422 2310 in
2450 2261 2710 2317 retiaculo
2748 2266 2866 2335 ejus
2889 2281 3235 2338 peceatores:

1403 2377 1772 2435 ATHANASII
1813 2375 2399 2445 INTERPRETATIO.

347 2489 399 2542 9.
435 2485 541 2538 Τοῦ
615 2483 877 2538 συντιθεῖν
924 2499 1073 2544 τινας
1138 2478 1390 2551 ἀφορμὰς
1452 2477 1631 2529 ἔθελον
1697 2473 1851 2525 εὑλὸ-

2026 2477 2076 2531 9.
2113 2479 2192 2534 Ad
2216 2483 2427 2554 aliquos
2447 2489 2722 2557 speciosos
2758 2504 3049 2564 przetextus
3086 2507 3512 2572 eomponendos.

319 2593 410 2628 ους
452 2576 546 2628 fl).

319 2593 378 2628 ου
479 2576 495 2628 l
534 2615 546 2627 .

275 2594 316 2644 γ
353 2575 628 2722 {afﬂicti}:
662 2666 964 2739 ἀνθρώπων
995 2663 1102 2714 τῶν
1138 2662 1214 2732 μὴ
1242 2658 1577 2730 πειθομένων
1607 2656 1682 2726 τῷ
1705 2655 1854 2727 νόμῳ

2027 2639 2109 2691 19.
2153 2639 2285 2695 Cum
2344 2645 2655 2704 hominibus
2712 2665 2820 2705 non
2866 2653 3366 2726 obtemperantibus
3413 2663 3515 2736 legi

279 2776 397 2822 σου,
418 2757 530 2813 ἀλλ’
563 2758 777 2826 ἀφόϐως
806 2758 1030 2817 ἑαυτοὺς
1063 2753 1460 2824 ποιμαινόντων
1483 2767 1496 2780 ·

1959 2738 2083 2795 ture,
2117 2735 2208 2786 sed
2235 2735 2351 2789 sine
2383 2739 2576 2794 timore
2606 2755 2667 2795 se
2699 2741 2846 2811 ipsos
2876 2745 3306 2813 gubernantibus
3339 2771 3351 2806 :

355 2851 439 2904 11.
474 2849 581 2902 Καὶ
613 2823 674 2900 οὑ
708 2848 782 2918 μὴ
813 2847 1070 2917 σύνθομαι
1103 2823 1202 2916 τὴν
1234 2843 1578 2898 διδασκαλίαν
1626 2841 1734 2894 τῶν
1776 2841 1851 2911 (2)

2028 2824 2114 2877 11.
2145 2823 2209 2878 Et
2237 2844 2343 2881 non
2376 2831 2642 2886 assentiar
2680 2834 2939 2894 doctrina:
2987 2843 3327 2900 sacerdotum
3371 2846 3517 2917 ipso-

1958 2928 2100 2969 rum.

278 2944 472 3014 ἱερέων
500 2941 697 2994 αὐτῶν.

353 3033 441 3086 12.
474 3029 754 3083 Παιδεὺσει
790 3047 857 3099 με
887 3031 994 3089 πᾶς
1025 3027 1193 3079 ποιῶν
1228 3027 1326 3096 τὴν
1357 3022 1724 3092 δικαιοσύνην,
1761 3021 1854 3072 καὶ

2027 3009 2111 3064 12.
2140 3010 2408 3083 Corripiet
2439 3033 2524 3072 me
2574 3021 2774 3085 omnis,
2810 3022 2904 3092 qui
2953 3022 3083 3080 facit
3122 3027 3416 3095 justitiam,
3465 3042 3517 3086 et

274 3121 455 3175 λαλῶν
491 3120 753 3191 ἀλήθειαν
782 3119 838 3169 ἐν
870 3117 1196 3185 σπλάγχνοις
1230 3112 1486 3185 Χριστοῦ,
1511 3112 1603 3165 καὶ
1625 3109 1854 3180 ἐπιπλή-

1922 3186 1924 3193 l
1954 3101 2196 3172 loquitur
2236 3107 2515 3165 veritatem
2546 3112 2599 3165 in
2632 3114 2933 3171 visceribus
2985 3116 3210 3184 Christi,
3244 3132 3296 3176 ct
3328 3123 3516 3193 objur-

287 3214 368 3279 ξει
406 3232 516 3285 μοι.
583 3183 594 3191 Π
1028 3183 1080 3185 Ψ
1283 3183 1291 3185 ἡ

1028 3183 1080 3185 Ψ
1283 3183 1291 3185 ἡ
1882 3183 1924 3241 C
1958 3197 2104 3265 gabit
2132 3215 2237 3254 me.

354 3306 439 3358 15.
487 3305 549 3356 Ἦ
574 3303 628 3355 δὲ
682 3302 890 3370 ἀγάπη,
925 3301 1018 3353 καὶ
1057 3300 1088 3370 ἡ
1123 3298 1199 3369 (5)
1231 3296 1458 3351 κολακία
1508 3295 1615 3349 τῶν
1648 3294 1854 3365 ἐχθρῶν

2027 3288 2112 3342 15.
2143 3289 2367 3348 Dilectio
2398 3303 2603 3360 autem,
2644 3307 2696 3353 et
2735 3299 2977 3356 adulatio
3003 3302 3342 3361 inimicorum
3374 3309 3515 3363 γεισί-

275 3397 377 3464 τῆς
403 3394 660 3464 ἀληθείας
695 3394 769 3464 μὴ
805 3392 1092 3462 πλησιάσει
1120 3393 1184 3461 τῇ
1216 3390 1427 3459 διανοίᾳ
1464 3405 1585 3458 μου.

1410 3406 1427 3459 μ
1464 3405 1585 3458 μου,
1957 3380 2084 3433 tatis
2108 3397 2212 3435 non
2240 3387 2634 3451 approximabit
2662 3393 2825 3443 menti
2856 3408 3004 3448 meae.

352 3488 437 3540 M.
467 3487 687 3541 Ὅτιδιά
717 3485 928 3538 πάντων
958 3482 1113 3534 τοῦτο
1134 3481 1208 3550 (4)
1235 3481 1627 3550 προσεύχομαι,
1656 3478 1715 3529 τὸ
1741 3480 1852 3539 τοῖς

2032 3468 2117 3520 14.
2146 3469 2409 3534 Quoniam
2435 3489 2648 3545 semper
2676 3478 2775 3533 hoc
2801 3479 3088 3550 deprecor,
3125 3496 3183 3541 ut
3203 3503 3399 3559 sequar
3427 3509 3510 3548 ve-

279 3577 452 3648 ἴχνεσι
487 3577 593 3629 τῶν
618 3577 785 3642 ἁγίων
810 3573 1185 3641 ἀκολουθῆναι.
1956 3557 2111 3626 stigia
2140 3571 2471 3618 sanctorum.

355 3672 440 3724 15.
506 3667 881 3738 ’Λνηλώθησαν
936 3665 1010 3735 (5)
1072 3662 1527 3732 καταλειφθέντες
1593 3662 1696 3714 ὑπὸ
1747 3659 1855 3712 τῶν

2029 3651 2114 3705 15.
2145 3652 2466 3728 Consumpti
2509 3668 2636 3712 sunt
2674 3661 2945 3732 principes
3001 3665 3289 3735 impiorum
3319 3687 3346 3723 a
3383 3688 3509 3727 san-

277 3763 451 3829 ἁγίων
478 3761 526 3813 οἱ
559 3761 817 3830 ἄρχοντες
849 3757 956 3810 τῶν
986 3755 1218 3809 ἀσεϐῶν.

747 3776 817 3820 τες
849 3757 956 3810 τῶν
986 3755 1218 3809 ἀσεϐῶν,
1956 3743 2057 3797 οιὶε
2080 3743 2341 3800 derelicti.

351 3850 439 3904 16.
477 3850 706 3920 ’ἰσχύσει
748 3852 779 3919 ἡ
817 3849 891 3916 (6)
939 3848 1119 3918 δέησίς
1165 3863 1266 3917 μου
1318 3844 1547 3898 ἐνώπιόν
1596 3862 1709 3907 σου,
1763 3843 1855 3896 καὶ

2027 3835 2115 3891 16.
2146 3835 2344 3893 Potens
2395 3841 2498 3894 erit
2518 3843 2824 3913 deprecatio
2849 3865 2967 3904 mea
2997 3867 3179 3908 coram
3226 3863 3299 3920 te,
3330 3867 3384 3912 et
3413 3857 3513 3912 im-

275 3943 625 4017 πληρωθήτω
652 3943 792 4013 ἅπερ
816 3940 1104 4011 ᾐτησάμην
1135 3956 1215 3993 σε.

1135 3956 1215 3993 σε,
1956 3927 2247 3995 plebuntur
2282 3947 2404 4000 quae
2432 3943 2482 3989 te
2515 3940 2717 4007 rogavi.

355 4037 440 4090 17.
477 4033 629 4087 Εἶδον
665 4034 756 4085 τὸν
800 4033 1041 4085 Σατανᾶν
1075 4030 1306 4083 πεσόντα
1352 4031 1417 4082 ὲκ
1465 4029 1558 4082 τοῦ
1602 4030 1851 4102 οὐρανοῦ,

2031 4022 2113 4074 17.
2151 4021 2272 4076 Vidi
2302 4024 2560 4083 Satanam
2585 4031 2650 4085 de
2693 4047 2832 4087 emno
2873 4035 3176 4104 cadentem,
3212 4050 3266 4094 ct
3311 4044 3515 4097 contri-

275 4128 374 4179 xa).
416 4123 767 4196 συντριϐέντα
805 4123 934 4174 ὡσεὶ
974 4121 1115 4190 βόλιν
1144 4121 1218 4190 (7)
1248 4120 1371 4191 γῆς.

1144 4121 1218 4190 (7)
1248 4120 1371 4191 γῆς.
1956 4124 2069 4170 tum
2115 4118 2284 4172 veluti
2325 4120 2533 4190 glebam
2557 4130 2732 4178 terrae.

355 4218 440 4272 18.
482 4220 637 4272 Πᾶσα
665 4218 698 4288 ἠ
738 4217 888 4285 ἰσχὺς
921 4214 1100 4267 αὑτῶν
1131 4213 1397 4284 διεφθάρη
1434 4214 1492 4267 ὲν
1519 4216 1640 4277 ταῖς
1664 4214 1854 4266 ἐπιθυ-

2025 4207 2110 4262 18.
2143 4209 2335 4267 Omnis
2357 4227 2542 4268 eorum
2577 4215 2750 4270 virtus
2783 4228 3036 4289 corrupta
3067 4231 3152 4277 est
3177 4222 3228 4277 in
3257 4226 3514 4294 concupi-

281 4311 436 4380 μίαις
461 4310 554 4361 τοῦ
592 4309 845 4362 θανάτου.
1156 4347 1163 4355 -

815 4327 845 4361 ι.
1156 4347 1163 4355 .
1956 4299 2176 4355 scentiis
2199 4302 2409 4356 mortis.

357 4402 441 4456 19.
467 4402 587 4453 Ὂτι
610 4401 746 4470 πρὸς
775 4399 854 4462 σὲ,
887 4399 1081 4468 Κύριε,
1111 4400 1158 4449 οἰ
1189 4396 1459 4468 ὀφθαλμοὶ
1492 4397 1590 4468 τῆς
1614 4397 1851 4460 διανοίας

2027 4391 2112 4447 19.
2147 4392 2414 4458 Quoniam
2451 4393 2515 4449 ad
2548 4405 2619 4463 te,
2663 4397 2928 4467 Domine,
2955 4402 3096 4456 oculi
3147 4405 3341 4459 mentis
3383 4423 3513 4462 mea

282 4513 387 4566 μου
416 4495 681 4561 ἀνατεταγ
689 4494 834 4564 μένοι
867 4492 1220 4562 ὑπάρχουσιν.

718 4494 834 4545 ιένοι
867 4492 1220 4562 ὑπάρχουσιν.
1884 4521 1929 4580 D
1956 4482 2312 4580 elevatisunt.

354 4588 444 4641 ‘20.
493 4588 616 4640 Ἐπὶ
649 4589 729 4639 σοὶ
750 4586 972 4656 ἧλπισα,
1007 4585 1080 4655 μὴ
1104 4585 1395 4657 ἀντανέλῃς
1422 4582 1521 4654 τὴν
1564 4585 1720 4656 χάριν
1762 4603 1852 4639 σου
1884 4573 1920 4580 ”

2027 4576 2115 4628 20.
2144 4573 2198 4628 ln
2224 4583 2274 4628 te
2309 4577 2540 4645 speravi,
2570 4594 2636 4632 ne
2665 4577 2879 4634 auferas
2922 4581 3149 4650 gratiam
3192 4593 3335 4637 tuam
3381 4600 3515 4639 con-

277 4683 381 4752 τὴν
414 4679 744 4734 συνιστῶσαν
779 4681 877 4750 τὴν
902 4678 1078 4748 ψυχήν
1114 4696 1236 4748 μου.

1151 4696 1236 4732 ou,
1955 4669 2260 4723 firmantem
2289 4670 2522 4725 animam
2549 4687 2745 4726 meam.

354 4773 443 4826 21.
481 4769 716 4834 Φὺλαξόν
745 4787 809 4839 με
836 4769 942 4822 ἀπὸ
979 4769 1160 4838 πάσης
1194 4769 1370 4822 αὑτῶν
1402 4769 1745 4832 διδασκαλίας
1772 4787 1857 4822 νο-

2022 4763 2109 4816 21.
2138 4763 2365 4817 Custodi
2423 4779 2508 4818 me
2555 4765 2622 4817 ab
2668 4766 2815 4819 omni
2850 4781 3038 4823 eorum
3077 4767 3353 4833 doctrina,
3391 4785 3510 4841 qua:

284 4863 580 4936 μιζόμενον
627 4862 702 4932 (8)
756 4861 897 4930 ἔχειν
927 4862 1045 4915 τινὰ
1085 4860 1289 4931 τροφὴν
1311 4863 1374 4930 τῇ
1409 4861 1575 4932 ψυχῇ,
1605 4862 1662 4913 έν
1693 4862 1855 4932 ἑαυτῇ

1950 4856 2292 4911 existimatur
2307 4856 2507 4911 habere
2523 4855 2756 4925 aliquem
2777 4858 2956 4913 cibum
2984 4861 3195 4927 animm,
3216 4863 3513 4919 exsisteute

279 4955 450 5025 οὔσης
473 4956 524 5007 δὲ
562 4953 870 5023 συλλήζιεως
897 4956 974 5016 εἰς
1007 4952 1252 5005 θάνατον.

1953 4955 2132 5000 autem
2169 4948 2221 5001 in
2257 4962 2320 5002 ea
2344 4946 2590 5016 decipula
2619 4947 2684 5001 ad
2713 4957 2961 5002 mortem.

354 5044 444 5098 2‘2.
482 5044 588 5096 Καὶ
613 5043 721 5095 ἀπὸ
747 5042 852 5094 τῶν
878 5042 1146 5113 δαιμόνων
1199 5043 1309 5096 τῶν
1367 5044 1724 5098 ὑποτιθέντων
1760 5060 1847 5115 μοι

2020 5038 2110 5091 22.
2144 5037 2210 5093 Et
2237 5055 2266 5094 a
2290 5037 2626 5094 daemonibus
2660 5039 3079 5107 subjicientibus
3101 5042 3233 5096 mihi
3265 5043 3508 5113 volupta-

277 5143 381 5201 τάς
413 5138 601 5208 ἡδονὰς
628 5136 720 5189 τοῦ
745 5135 880 5205 βίου.

628 5136 720 5189 τοῦ
745 5135 880 5205 βίου.
1953 5140 2032 5185 tes
2063 5131 2199 5185 vitm.

353 5229 444 5283 25.
477 5227 857 5297 Συλληφθῶσιν
887 5229 944 5278 ἐν
972 5230 1091 5289 ταῖς
1124 5227 1356 5290 ἀπάταις
1391 5228 1465 5297 (9)
1518 5229 1610 5282 τοῦ
1659 5228 1770 5297 βίου
1800 5230 1846 5282 0i

2022 5227 2111 5284 9.5.
2137 5226 2677 5296 Comprehendentur
2709 5224 2761 5279 in
2790 5223 3015 5280 fallaciis
3045 5225 3189 5288 vitm,
3211 5226 3304 5295 qui
3336 5227 3388 5280 in
3417 5242 3508 5297 pe-

281 5325 342 5377 ὲν
477 5321 697 5388 πελάγει
720 5319 880 5373 αὑτοῦ
911 5319 1211 5386 διάγοντες.

911 5319 1211 5386 διάγοντες.
1953 5320 2073 5390 lago
2101 5319 2272 5390 ipsius
2301 5319 2505 5373 vivunt.

1206 5415 1509 5477 Addenda
1563 5426 1622 5478 et
1682 5419 2057 5500 corrigenda
2111 5439 2188 5482 ex
2222 5419 2360 5479 cod.
2398 5419 2596 5479 Vatie.

360 5518 435 5582 (1)
473 5517 667 5570 Ἑθέλω
699 5519 966 5585 εὐλόγους.
1951 5539 2059 5585 τες,
2091 5530 2195 5574 (ηρ,

356 5589 435 5718 (ἒ)
465 5589 750 5656 Συνθῶμαι
785 5593 848 5658 τῇ
875 5588 1190 5658 διδασκαλίᾳ⁸
1213 5588 1340 5652 τῶν,
1373 5596 1476 5642 etc.

415 5664 432 5718 )
476 5660 534 5711 Ἠ
559 5659 728 5712 (Ιθσιδι.

947 5588 1190 5658 ἱασκαλία
1213 5588 1340 5652 τῶν,
1373 5596 1476 5642 etc.
2022 5590 2101 5718 (6)
2140 5589 2330 5660 Ἰσχὺει
2358 5593 2410 5660 ἠ,
2440 5597 2541 5643 etc.

2048 5662 2099 5718 7)
2131 5660 2313 5718 Βὸλον.
2349 5669 2452 5713 etc.

366 5659 432 5728 β)
476 5660 534 5711 Ἠ
559 5659 728 5712 deest.
874 5727 879 5728 ν

874 5727 879 5728 ,
2022 5659 2099 5728 (7)
2131 5659 2313 5721 Βὸλον,
2349 5669 2451 5713 etc.

360 5727 438 5794 (4)
464 5729 596 5800 fort
625 5728 722 5800 δεῖ.
751 5727 841 5777 καὶ
865 5727 1148 5793 διαπαντὸς
1189 5728 1369 5789 τοῦτο,
1404 5737 1530 5793 etc.,
1565 5727 1847 5793 ἐξακολου-
2020 5727 2096 5798 (8)
2130 5729 2530 5800 Νομιζομένης.
2564 5740 2665 5800 etc.

283 5797 527 5877 θεϊχτῷιξ
554 5798 745 5877 ἁγίων.
1042 5870 1053 5877 ⁸
1111 5869 1121 5877 _
1253 5868 1274 5877 υ
1315 5869 1353 5877 __
1519 5867 1542 5877 η
1610 5870 1621 5877 _
1662 5868 1682 5877 η
2020 5802 2092 5874 (9)
2123 5797 2252 5866 Ταῖς
2283 5797 2753 5877 συνερραμμέναις
2779 5797 3032 5858 ἀπάταις,
3061 5803 3170 5851 etc.

361 5865 438 5938 (5)
481 5866 824 5936 ’Δνὴλθοσαν,
878 5877 1004 5935 elc.,
1034 5869 1135 5922 ὑπὸ
1186 5868 1278 5921 τοῦ
1315 5867 1546 5940 Χριστοῦ
1579 5870 1624 5920 οἱ
1655 5868 1841 5939 ἄρχον-
