4036 6426
647 289 786 348 1295
1458 290 1516 345 S.
1556 291 1933 347 ATHANASII
1972 293 2122 348 OPP.
2165 290 2345 348 PARS
2386 293 2472 348 Ill.
2515 322 2583 332 -—-
2620 291 3037 348 EXEGETICA.
3752 295 3880 351 ιεκ

711 410 800 465 24.
829 409 1184 478 Singulariter
1220 427 1337 464 sum
1371 426 1470 482 ego
1497 415 1667 469 donec
1706 424 2001 469 transeam.
2232 419 2280 476 Α

2271 455 2280 474 ,
2381 413 2468 466 ενι.
2501 412 2818 481 Καταμόνας
2841 412 2953 481 εἰμὶ
2982 409 3106 479 ἐγὼ,
3123 409 3224 472 ἕως
3246 409 3310 462 ἂν
3329 406 3455 480 [ἕως
3481 401 3569 480 οὗ]
3598 411 3865 480 παρέλθω

735 519 1044 579 Intellectus
1069 523 1259 590 David,
1285 541 1401 578 cum
1423 537 1554 579 esset
1583 527 1637 580 in
1670 527 1918 596 spelunca
1950 544 2126 582 orans.

2378 529 2686 590 Συνέσεως
2708 524 2787 590 τῷ
2812 523 3009 585 Δίιὸὶδ,
3036 524 3105 576 ἐν
3132 523 3211 589 τῷ
3233 520 3384 576 εἶναι
3418 523 3610 576 αὐτὸν
3647 525 3719 577 ἐν
3743 522 3822 588 τῷ

1199 614 1326 669 PSA
1338 616 1402 670 L.
1440 615 1637 671 CXLI.
2448 619 2727 684 σπηλαίῳ
2773 634 2793 668 .1

2448 619 2727 684 σπηλαίῳ
2773 616 3279 684 προσευχόμενον.
3330 617 3504 667 ΨΑΛ.
3543 618 3742 668 PMA'.

715 709 765 761 Ι.
806 707 946 760 Voce
979 723 1094 760 mea
1133 707 1196 760 ad
1224 708 1510 762 Dominum
1544 709 1774 762 clamavi
1805 724 1817 759 :

2381 710 2430 762 l.
2464 712 2616 778 Φωνῇ
2646 727 2743 778 μου
2781 709 2914 778 πρὸς
2950 706 3148 777 Κύριον
3180 706 3452 776 ἐκέκραςα
3477 723 3491 736 ·

708 795 761 851 9..
795 796 935 851 Voce
973 813 1089 850 mea
1127 799 1190 850 ad
1224 797 1508 851 Dominum
1535 797 1625 870 [ad
1659 797 1852 870 Deum]
1887 797 2203 867 deprecatus

2375 802 2426 854 2.
2459 803 2611 872 Φωνῇ
2639 819 2738 870 μου
2766 800 2900 870 πρὸς
2933 799 3134 871 Κύριον
3159 798 3318 870 [πρὸς
3339 799 3429 851 τὸν
3445 793 3608 870 θεὸν]
3634 795 3877 868 ἐδεήθην.

639 902 781 942 sum.

704 979 757 1031 5.
786 978 1015 1032 Eﬂ‘untlo
1042 979 1094 1031 in
1126 989 1418 1049 conspectu
1450 982 1566 1049 ejus
1600 983 1906 1036 orationem
1935 997 2109 1036 meam
2153 1001 2163 1034 :

2090 997 2109 1034 η
2153 1001 2163 1034 :
2379 981 2430 1032 5.
2481 977 2685 1048 Ἐκχεῶ
2724 975 2950 1029 ἐνώπιον
2984 974 3148 1030 αὐτοῦ
3183 975 3280 1046 τὴν
3316 974 3502 1044 δέησίν
3540 992 3647 1044 μου
3673 991 3684 1004 ·

706 1071 759 1123 4.
795 1068 1222 1124 Tribulationem
1260 1085 1433 1124 meam
1472 1080 1596 1125 ante
1638 1071 1816 1141 ipsum
1868 1074 2202 1141 pronuntio,

2134 1089 2166 1126 ο
2187 1114 2202 1139 ,
2374 1071 2426 1123 4.
2469 1070 2576 1140 Τὴν
2606 1068 2782 1138 Θλίψιν
2818 1085 2917 1138 μου
2945 1065 3174 1120 ἐνώπιον
3200 1064 3363 1119 αὑτοῦ
3395 1066 3723 1133 ἀπαγγελῶ.

706 1163 758 1219 5.
797 1161 852 1215 ln
881 1163 1183 1218 deficiendo
1217 1177 1281 1217 ex
1319 1179 1405 1218 me
1435 1164 1687 1232 spiritum
1721 1179 1900 1219 meum
1923 1207 1938 1230 ,

2372 1163 2424 1216 5.
2449 1163 2537 1214 Ἐν
2680 1160 2950 1214 ἐκλείπειν
2976 1159 3034 1225 ἐξ
3063 1159 3196 1229 ἐμοῦ
3226 1159 3284 1211 τὸ
3316 1156 3534 1226 πνεῦμά
3563 1177 3693 1227 μου,

703 1252 754 1306 6.
796 1253 861 1306 Et
891 1262 948 1306 tu
990 1253 1295 1322 cognovisti
1337 1254 1560 1307 semitas
1592 1270 1760 1308 meas.

2373 1256 2423 1306 6.
2464 1254 2572 1305 Kal
2608 1255 2668 1306 σὺ
2700 1252 2870 1321 ἔγνως
2903 1251 3003 1313 τὰς
3033 1251 3252 1321 τρίϐους
3283 1267 3404 1320 μου.

704 1345 753 1398 7.
796 1344 850 1398 ln
876 1346 960 1399 via
990 1346 1113 1409 hac,
1146 1361 1253 1415 qua
1289 1346 1659 1413 ambulabam,
1691 1345 2091 1404 absconderunt
2112 1345 2190 1398 ιεμ

2375 1346 2424 1399 7.
2450 1345 2537 1397 Ἐν
2569 1344 2671 1413 6δῷ
2699 1344 2890 1415 ταύτῃ,
3015 1345 3377 1414 ἐπορευόμην,
3407 1343 3657 1414 ἔκρυψαν
3685 1344 3875 1408 παγῖδα

631 1453 828 1506 qucum
855 1437 1006 1491 mihi.
2305 1454 2413 1506 μοι.

700 1528 750 1580 8.
794 1529 1224 1583 Considerabam
1256 1528 1322 1582 ad
1354 1529 1656 1593 dexteram,
1693 1537 1746 1582 et
1769 1527 2019 1582 videbam
2047 1546 2059 1580 :

2371 1528 2423 1580 8.
2466 1529 2768 1580 Κατενόουν
2801 1530 2880 1592 εις
2909 1528 2978 1581 τὰ
3000 1529 3170 1594 δεξιὰ,
3199 1531 3292 1581 καὶ
3325 1528 3630 1581 ἐπέϐλεπον
3657 1546 3668 1556 ·

698 1622 751 1674 9.
793 1619 857 1674 Et
881 1637 989 1675 non
1019 1632 1136 1675 crat
1160 1621 1250 1692 qui
1280 1629 1631 1692 cognosceret
1660 1635 1781 1674 me:

2376 1617 2426 1671 9.
2473 1618 2578 1670 Kal
2607 1619 2704 1670 ούκ
2729 1615 2794 1688 ἦν
2823 1621 2850 1670 ὁ
2879 1619 3254 1686 ἐπιγινώσκων
3290 1637 3377 1690 με.

699 1711 783 1764 10.
827 1710 986 1767 Periit
1022 1713 1145 1783 fuga
1179 1729 1209 1767 a
1245 1729 1329 1766 me
1365 1733 1376 1765 :
2227 1705 2273 1761 Β

2227 1705 2273 1761 Β
2373 1709 2454 1762 10.
2485 1710 2755 1764 Ἀπώλετο
2782 1710 2926 1781 φυγὴ
2965 1710 3058 1762 ἀπ’
3082 1709 3213 1780 ἐμοῦ
3235 1726 3247 1739 ·

1745 1803 2121 1860 ATHANASII
2166 1803 2754 1861 INTERPRETATIO.

709 1918 768 1969 Ἠ
791 1919 1122 1991 προκειμένη
1153 1921 1430 1992 ἐπιγραφὴ
1454 1921 1696 1990 περιέχει
1729 1920 1804 1989 (1)
1827 1938 1838 1949 ·
1874 1919 2184 1985 ,ξυνέσεως
2207 1919 2286 1985 τῷ
2307 1917 2482 1972 Δαϐὶδ
2500 1919 2569 1972 ἐν
2598 1919 2675 1984 τῷ
2699 1919 2852 1972 εἶναι
2883 1920 3069 1972 αὑτὸν
3097 1921 3166 1973 ἐν
3196 1919 3272 1984 τῷ
3299 1921 3589 1986 σπηλαίῳ
3627 1936 3878 1988 προσευ-

627 2009 897 2077 χόμενον.
935 2011 1104 2064 Τοῦτο
1124 2007 1215 2063 οὖν
1242 2014 1390 2063 ἐστι·
1442 2013 1501 2064 τὸ
1537 2012 1641 2065 τοῦ
1682 2011 1856 2063 Δαῖὶδ
1891 2012 2058 2082 ὄνομα
2101 2011 2368 2082 διαφόρως
2416 2011 2797 2081 ἑρμηνεύεται,
2835 2009 2908 2072 ὡς
2961 2012 3221 2074 πολλάκις
3269 2011 3609 2080 εἰρήκαμεν
3659 2011 3750 2062 ὅτε
3783 2010 3880 2078 γὰρ

626 2105 705 2167 εἰς
739 2105 1026 2172 πρόσωπον
1082 2105 1175 2158 τοῦ
1220 2107 1424 2178 Κυρίου
1473 2108 1726 2178 εὑρήσεις
1769 2107 1898 2158 αὐτὸ
1945 2107 2216 2175 κείμενον,
2245 2104 2606 2173 ἑρμηνεύεται
2652 2104 2856 2168 ἱκανὸς
2897 2105 3079 2172 χειρί·
3121 2107 3211 2158 ὅτε
3242 2104 3298 2156 δέ
3326 2106 3405 2166 εἰς
3437 2101 3744 2173 πρόσωπον
3783 2103 3880 2153 τῶν

625 2199 863 2263 δικαίων,
904 2199 1261 2271 ἑρμηνεύεται
1286 2202 1700 2270 πεποθήμενος
1720 2217 1733 2230 '
1776 2202 1862 2252 ὅτε
1890 2199 1946 2252 δὲ
1973 2200 2052 2260 εἰς
2082 2198 2370 2267 πρόσωπον
2400 2197 2506 2249 τῶν
2537 2199 2960 2270 ἁμαρτανόντων
3013 2200 3106 2250 καὶ
3145 2196 3592 2266 ἐπιστρεφόντων
3635 2195 3882 2266 εὑρήσεις

625 2294 755 2346 αὐτὸ
786 2294 1050 2364 κείμενον,
1075 2296 1545 2365 ὲξουθενημένον
1569 2297 1653 2348 διὰ
1679 2296 1773 2358 τὰς
1807 2296 2079 2365 ἁμαρτίας
2113 2291 2295 2346 αὑτοῦ.
2333 2291 2582 2363 [Ψαλμὸς
2606 2288 2698 2346 οὖν
2728 2291 2966 2364 εἴρηται]
2995 2294 3075 2354 εἰς
3107 2292 3196 2343 τὸν
3218 2291 3345 2342 λαὸν
3377 2290 3471 2342 τὸν
3494 2289 3880 2362 ἡμαρτηκότα,

626 2386 720 2436 καὶ
755 2387 835 2446 εἰς
870 2385 1081 2438 σύνεσιν
1111 2388 1352 2449 ἐλθόντα,
1385 2389 1479 2439 καὶ
1507 2389 1562 2440 ἐν
1592 2385 1838 2457 σπηλαίῳ
1863 2384 2052 2437 ἑαυτὸν
2091 2381 2544 2444 κατακλείσαντα,
2583 2385 2676 2435 καὶ
2714 2383 3148 2453 προσευχόμενον
3184 2377 3320 2450 μετὰ
3345 2377 3606 2448 δακρύων
3648 2381 3884 2451 ἰσχυρῶ)

625 2475 1110 2544 ὲξομολογούμενον
1128 2490 1142 2506 ·
1168 2475 1244 2538 ὡς
1270 2475 1326 2527 δὲ
1351 2475 1483 2528 αὐτὸ
1515 2474 1672 2527 τοῦτο
1699 2474 1867 2543 δηλοῖ,
1898 2473 2098 2542 ὁμοίως
2129 2470 2186 2522 δέ
2221 2471 2365 2522 καὶὸ
2389 2470 2602 2535 ψαλμὸς
2637 2472 2820 2540 σαφῶς
2843 2471 2999 2524 τοῦτο
3027 2471 3290 2524 διδάσκει.

696 2565 909 2619 Titulus
941 2565 1263 2636 praepositus
1293 2567 1536 2619 continet
1571 2581 1584 2615 :
1631 2563 1936 2616 Intellectus
1963 2561 2154 2628 David,
2177 2577 2292 2614 cum
2317 2573 2450 2614 esset
2483 2578 2591 2630 ipse
2624 2566 2676 2616 in
2708 2564 2958 2632 spelunca
2993 2580 3171 2616 oram.
3201 2565 3277 2616 lla
3307 2562 3475 2632 igitur
3500 2578 3596 2617 res
3619 2572 3711 2618 est
3743 2581 3758 2615 :
3789 2578 3883 2617 no-

624 2677 746 2715 men
775 2661 948 2714 Datid
973 2662 1121 2715 varie
1146 2661 1549 2730 interpretatur,
1584 2670 1641 2712 ut
1677 2659 1876 2727 saepius
1899 2658 2138 2711 diximus
2166 2675 2178 2710 :
2217 2657 2375 2710 modo
2401 2659 2545 2711 enim
2591 2659 2827 2728 positum
2862 2660 3106 2714 invenies
3130 2660 3196 2713 ad
3220 2659 3649 2730 signiﬁcandam
3701 2675 3885 2730 perso-

624 2768 747 2806 nam
772 2751 1007 2813 Domini,
1033 2760 1086 2805 et
1107 2761 1236 2805 tunc
1265 2752 1646 2820 interpretatur
1687 2765 1845 2802 manu
1883 2750 2034 2817 fortis
2071 2765 2087 2801 .’
2117 2749 2276 2803 modo
2307 2760 2486 2802 autem
2515 2751 2580 2802 ad
2608 2766 2894 2819 persimam
2920 2750 3196 2818 justorum
3217 2790 3231 2812 ,
3252 2761 3304 2803 et
3325 2759 3458 2805 tunc
3484 2753 3884 2820 interpretatur

621 2844 947 2898 desideratus
974 2863 990 2898 :
1027 2846 1187 2899 modo
1212 2862 1339 2899 vero
1374 2845 1440 2899 ad
1471 2861 1761 2915 personam
1791 2860 2007 2907 eorum,
2057 2845 2150 2913 qui
2183 2853 2501 2913 peccarunt,
2533 2855 2584 2898 et
2613 2861 2671 2899 se
2706 2854 3115 2909 converterunt,
3155 2844 3283 2898 illud
3332 2846 3579 2914 positum
3607 2847 3882 2909 invenies,

621 2949 672 2990 et
694 2949 822 2994 tunc
853 2940 1239 3010 interpretatur
1270 2951 1593 3010 contemptus
1626 2941 1696 2995 ob
1726 2952 1944 3012 peccata
1969 2955 2087 2996 sua.
2114 2939 2368 2996 l’saltnus
2396 2940 2559 3012 igitur
2593 2941 2772 2997 dictus
2798 2953 2880 2997 est
2907 2941 2973 2996 de
3005 2941 3203 3012 populo
3225 2983 3239 3006 ,
3277 2941 3369 3010 qui
3417 2943 3699 3011 peccavit,
3732 2953 3788 2997 et
3834 2943 3882 2994 in

623 3032 954 3085 intellectum
988 3034 1156 3093 venit,
1191 3043 1244 3087 et
1265 3034 1526 3089 claudens
1571 3049 1630 3088 se
1662 3034 1714 3087 in
1750 3035 2032 3102 spelunca,
2069 3043 2192 3087 orat
2214 3049 2338 3087 cum
2368 3035 2624 3105 lacrymis
2655 3035 2870 3101 validis,
2901 3044 2953 3089 et
2982 3033 3308 3089 conﬁtetur:
3359 3034 3507 3102 quod
3539 3043 3736 3088 autem
3786 3036 3882 3090 hoc

622 3121 796 3187 ipsum
846 3122 1129 3189 significet,
1163 3122 1412 3176 similiter
1436 3133 1489 3177 et
1520 3121 1762 3192 psalmus
1792 3123 1905 3190 ipse
1955 3121 2241 3174 manifeste
2273 3125 2375 3178 llOC
2420 3123 2598 3178 docet.

690 3238 778 3290 ει.
816 3237 928 3290 Non
961 3252 1047 3289 me
1096 3237 1211 3306 ipse
1245 3238 1450 3288 tradam
1507 3238 1558 3289 in
1594 3241 1906 3292 servitutem
1934 3252 2180 3310 peccato,
2212 3226 2252 3282 ε

2355 3235 2444 3289 24.
2482 3238 2593 3289 Οὐκ
2619 3237 2682 3289 ἂν
2713 3237 2963 3290 δουλώσω
2993 3237 3228 3305 ἐμαυτὸν
3261 3239 3328 3306 τῇ
3366 3239 3644 3308 ἁμαρτία,
3676 3242 3786 3304 ἓως
3821 3243 3880 3294 ἂν

621 3331 793 3381 donec
823 3327 1093 3396 perﬁciam
1125 3341 1342 3378 cursum
1383 3339 1583 3377 meum.

1409 3339 1583 3377 neum.
2288 3327 2496 3380 τελέσω
2531 3328 2620 3381 τὸν
2651 3329 2846 3400 ora/1pm
2881 3345 3003 3397 μου.

692 3421 743 3472 1.
774 3420 829 3472 ln
858 3420 1044 3474 dolore
1067 3419 1249 3472 cordis
1277 3421 1381 3474 mei
1422 3421 1656 3488 ingcmui
1694 3420 1758 3474 ad
1790 3431 1859 3475 te.

2363 3423 2413 3474 1.
2463 3423 2547 3474 Ἐν
2587 3423 2747 3495 ὀδύνῃ
2777 3423 2875 3491 τῆς
2903 3421 3127 3491 καρδίας
3155 3438 3254 3492 μου
3291 3421 3554 3486 ἐστέναξα
3589 3425 3734 3493 πρὸς
3760 3426 3838 3476 σέ.

689 3511 743 3564 2.
771 3512 833 3564 Et
865 3526 969 3564 non
1002 3511 1205 3564 audens
1241 3513 1448 3581 aperire
1481 3513 1620 3565 labia
1659 3529 1778 3567 mea
1819 3532 2000 3571 coram
2045 3518 2181 3585 ipso,

2356 3514 2411 3566 2.
2440 3515 2549 3567 Καὶ
2575 3516 2648 3585 μὴ
2678 3514 2858 3583 τολμῶ
2983 3513 3053 3564 τὰ
3085 3511 3236 3583 χείλη
3266 3529 3365 3581 μου
3396 3512 3614 3575 ἀνοῖξαι
3647 3514 3875 3566 ἐνώπιον

620 3603 939 3674 deprecatus
971 3619 1090 3656 sum
1126 3602 1191 3655 ad
1227 3619 1351 3656 eum
1388 3604 1602 3660 ﬂetibus
1633 3606 2111 3665 inenarrabilibus.

2286 3603 2472 3666 αὑτοῦ,
2509 3607 2826 3674 στεναγμοῖς
2859 3603 3148 3674 ἀλαλήτοις
3179 3603 3315 3673 πρὸς
3337 3602 3502 3654 αὑτὸν
3549 3603 3805 3674 ἐδεήθην.

692 3695 746 3747 3.
777 3693 1070 3762 Pr0pterea
1103 3693 1324 3746 effunde
1357 3694 1409 3746 in
1441 3707 1734 3765 conspectu
1770 3699 1888 3767 ejus
1912 3699 2184 3768 lacrymas

2356 3698 2407 3749 5.
2441 3697 2530 3749 Διὸ
2563 3697 2771 3768 δάκρυα
2807 3697 2881 3766 (3)
2913 3697 3010 3766 τῆς
3051 3696 3228 3764 ψυχῆς
3281 3711 3383 3762 μου
3424 3693 3669 3747 ἐνώπιον
3712 3697 3869 3751 αὐτοΞ

622 3787 817 3839 animae
848 3800 1001 3838 meae.

885 3800 1001 3838 lete.
2284 3787 2479 3856 ἐκχεῶ.

689 3879 741 3931 4.
785 3877 850 3930 Ει
881 3876 1179 3931 confitebor
1218 3887 1340 3929 ante
1385 3877 1560 3946 ipsum
1602 3893 1819 3946 peccata
1851 3895 1967 3932 mea
1997 3894 2180 3933 coram

2355 3883 2406 3933 4.
2439 3880 2545 3932 Καὶ
2571 3879 2669 3942 τας
2694 3877 2962 3950 ἁμαρτίας
2983 3894 3104 3947 μου,
3127 3877 3305 3948 ἇσπερ
3323 3871 3428 3929 οἶδε
3451 3877 3561 3949 πρὸ
3584 3877 3700 3932 τῶν
3728 3879 3869 3949 ἐμῶν

620 3973 759 4034 inso,
789 3985 907 4038 qua
938 3970 1251 4038 priusquam
1281 3987 1380 4036 ego
1411 3973 1656 4039 eloquar,
1697 3973 1864 4025 novit.

2287 3971 2562 4042 ῥημάτων,
2599 3969 2823 4023 ἐνώπιον
2860 3970 3023 4022 αὑτοῦ
3058 3969 3540 4038 ἐξομολογήσομαι.

689 4065 742 4116 5.
785 4062 849 4114 Et
877 4077 1042 4124 nunc,
1085 4072 1138 4115 et
1167 4063 1218 4114 iu
1257 4064 1460 4114 ultimis
1492 4064 1684 4116 diebus
1717 4066 1870 4117 meis.

2353 4062 2406 4114 5.
2448 4061 2556 4112 Καὶ
2589 4060 2704 4123 νῦν,
2734 4061 2826 4112 καὶ
2845 4059 2920 4127 (4)
2940 4060 3018 4122 εἰς
3048 4057 3114 4111 τὰ
3139 4060 3342 4126 ἔσχατα
3371 4058 3477 4110 τῶν
3493 4060 3728 4130 ἡμερῶν
3751 4079 3864 4130 μου.

688 4157 742 4215 li.
785 4153 848 4207 Et
885 4167 974 4218 tu,
1032 4154 1126 4222 qui
1181 4156 1425 4206 omnium
1471 4155 1632 4206 corda
1681 4157 1855 4220 nosti,
1897 4158 2181 4224 cognoscis

2351 4151 2401 4205 6.
2444 4153 2552 4204 Kal
2601 4151 2686 4214 σὺ,
2729 4150 3129 4234 καρδιογνῶστα
3164 4150 3406 4208 πάντων,
3439 4149 3742 4216 γινώσκεις
3777 4156 3867 4214 τας

620 4246 892 4314 improbas
927 4260 1074 4298 meas
1119 4243 1378 4298 actiones.

1341 4259 1378 4298 ε.
2282 4244 2520 4313 πονηράς
2562 4258 2661 4312 μου
2695 4239 2935 4310 πράξεις.

690 4335 741 4386 7.
787 4336 840 4386 In
890 4337 1035 4388 omni
1083 4345 1323 4402 tempore
1374 4335 1494 4388 vita
1541 4351 1706 4400 meae,
1740 4347 2091 4391 inseruerunt
2125 4338 2177 4390 in

2349 4335 2402 4385 '7.
2435 4334 2522 4384 Ἐν
2554 4332 2714 4383 παντὶ
2740 4331 2915 4400 χρόνῳ
2945 4329 3042 4399 τῆς
3077 4329 3220 4399 ζωῆς
3257 4347 3358 4398 μου
3390 4328 3770 4397 ἐνεφύτευσαν
3795 4333 3864 4391 εἰς

619 4425 782 4480 c0rdc
811 4440 929 4477 meo
958 4440 1147 4492 pravas
1176 4428 1298 4480 vitzc
1336 4425 1686 4494 cupiditates.

2279 4425 2374 4492 τὴν
2408 4423 2632 4492 καρδίαν
2669 4439 2768 4491 μου
2802 4423 2900 4492 τὴν
2932 4420 3173 4493 πονηρὰν
3201 4419 3293 4472 τοῦ
3330 4421 3445 4488 βίον
3481 4421 3808 4492 ἐπιθυμίαν.

688 4517 741 4569 3.
783 4515 848 4570 Et
876 4517 1135 4584 cvigilans
1163 4520 1476 4586 rcputabam
1529 4520 1579 4569 in
1621 4534 1704 4572 me
1752 4520 1893 4588 ipso,
1931 4536 1996 4573 an
2037 4519 2176 4574 forte

2347 4512 2398 4564 8.
2436 4513 2543 4564 Kal
2561 4511 2836 4582 ἀνανήψας
2854 4510 3172 4581 ἐλογιζόμην
3189 4511 3244 4561 ἐν
3265 4510 3464 4580 ἐαυτῷ,
3482 4513 3532 4562 εἰ
3553 4512 3666 4580 ἄρα
3683 4514 3857 4580 ἐποίη-

618 4607 833 4676 aliquod
871 4607 1068 4660 bonum
1093 4621 1271 4660 coram
1299 4617 1350 4660 te
1383 4606 1655 4662 fecissem.

1461 4608 1655 4662 :issem.
2280 4607 2345 4658 σά
2370 4622 2421 4656 τι
2453 4605 2653 4671 ἀγαθὸν
2687 4604 2914 4657 ἐνώπιόν
2944 4620 3055 4656 σου.

687 4699 740 4752 9.
785 4697 848 4752 Et
882 4700 1085 4753 nullum
1122 4699 1336 4766 penitus
1370 4699 1422 4752 in
1456 4715 1539 4753 me
1569 4709 1684 4753 erat
1711 4701 2010 4770 repositum
2036 4715 2172 4769 opus
2206 4703 2247 4756 D

2347 4699 2397 4749 9.
2433 4697 2540 4748 Kal
2575 4695 2852 4760 παντελῶς
2877 4696 2975 4748 ούκ
3001 4691 3070 4767 ἦν
3108 4697 3166 4749 ἐν
3211 4695 3333 4766 ἐμοὶ
3372 4695 3743 4767 ἀποκείμενον
3772 4697 3852 4768 ιρ-

615 4788 838 4840 bonum.

2281 4807 2373 4855 γον
2406 4788 2605 4854 ἀγαθόν
2636 4788 2730 4856 (5).

686 4877 772 4930 10.
816 4876 878 4930 Et
910 4879 1210 4948 cogitabam
1247 4893 1311 4932 au
1363 4896 1524 4948 quem
1575 4881 1944 4953 confugerem,
1993 4891 2046 4935 et
2094 4883 2174 4936 in-

2357 4883 2442 4934 10.
2478 4883 2584 4934 Καὶ
2612 4881 2988 4954 διελογιζόμην
3030 4881 3093 4935 τὺ
3119 4883 3255 4952 πρὸς
3291 4880 3413 4933 τίνα
3448 4880 3642 4952 φύγω,
3676 4884 3771 4936 καὶ
3801 4884 3856 4938 ἐν

617 4977 815 5034 certus,
848 4979 1010 5038 atque
1047 4971 1199 5038 inops
1229 4973 1439 5025 consilii
1483 4989 1650 5027 eram.

1262 4973 1439 5025 onsilii
1483 4989 1650 5027 eram.
2281 4973 2356 5042 (6)
2375 4972 2653 5043 ἀμηχανία
2682 4973 2851 5043 ήμην.

1520 5087 1830 5149 Addenda
1889 5096 1950 5149 et
2000 5088 2379 5166 corrigenda
2438 5105 2514 5148 ex
2548 5089 2692 5149 eod.
2728 5088 2931 5150 Vatic.

686 5186 763 5253 (1)
805 5187 863 5238 'H
893 5185 978 5239 διὰ
1015 5186 1109 5253 τῆς
1136 5184 1498 5256 κινναβάρεως
1530 5185 1768 5255 περιέχει
1789 5203 1802 5216 ο
1839 5196 1942 5240 etc.
1992 5186 2176 5256 Ἐντῷ
2273 5195 2406 5256 etc.,
2430 5185 2626 5256 σαφῶς
2653 5185 2787 5237 αὐτὸ
2811 5185 2969 5239 τοῦτο
2993 5185 3254 5240 διδάσκει.

617 5256 864 5325 σπηλαίῳ
894 5258 1186 5325 προσευχῇ.
1211 5254 1398 5314 Τοῦτο,
1435 5265 1562 5317 etc.,
1586 5254 1905 5326 εἰρήκαμεν,
1939 5256 2033 5307 καὶ
2058 5254 2173 5309 διαὲ
2341 5255 2418 5390 ξε)
2445 5255 2690 5324 Τολμῶν,
2725 5264 2831 5310 etc.

618 5326 794 5390 φόρως
828 5327 920 5377 καὶ
950 5325 1276 5390 λαμϐάνεται
1305 5347 1314 5356 ·
1346 5325 1433 5376 ὅτε
1464 5327 1570 5390 γάρ
1594 5366 1608 5387 ,
1636 5337 1764 5389 etc.,
1795 5326 1904 5378 τῶν
1947 5327 2170 5380 δικαίων
2367 5326 2420 5390 3)
2451 5325 2530 5376 Τὰ
2552 5325 2784 5390 δάκρυα,
2817 5342 2831 5380 t

618 5326 794 5395 φόρως
828 5327 920 5377 καὶ
950 5325 1276 5393 λαμϐάνεται
1305 5347 1314 5356 ·
1346 5325 1433 5376 ὅτε
1464 5327 1570 5395 γάρ
1594 5366 1608 5387 ,
1636 5337 1764 5389 etc.,
1793 5325 1904 5378 τῶν
1947 5327 2170 5380 δικαίων

1651 5337 1764 5389 etc.,
1793 5325 1904 5378 τῶν
1947 5327 2170 5380 δικαίων
2343 5325 2420 5393 (ὃ)
2451 5325 2530 5376 Τὰ
2552 5325 2784 5394 δάκρυα,
2817 5333 2921 5382 etc.
2949 5329 3050 5381 Διό
3076 5327 3245 5381 deest.

617 5396 863 5466 εὑρήσεις
891 5397 1017 5447 αὐτὸ
1035 5395 1317 5466 κείμενον,
1351 5395 1886 5466 ἐρμηνεύεται,7εξιε.,
1912 5397 2170 5466 ,κείμενον

1172 5410 1317 5457 .ενον,
1351 5395 1886 5466 ἐρμηνεύεται,7εξιε.,
1912 5397 2170 5466 ,κείμενον
2340 5395 2415 5462 (4)
2457 5397 2564 5448 Kal
2595 5397 2766 5451 deest.

616 5464 969 5536 ἑρμηνεύεται
1001 5464 1430 5536 ἐξουθενημένος,
1458 5466 1700 5536 τουτέστι
1731 5465 1818 5536 διὰ
1867 5465 1964 5527 τὰς
1995 5464 2172 5535 ἁμαρ-
2341 5466 2635 5536 (5)¹Ἐργον
2662 5483 2715 5518 τι
2739 5467 2962 5534 ἀγαθόν.

617 5531 732 5609 tia,-
746 5531 1084 5609 :a5705._N\?‘I
1108 5531 1198 5609 οὖν
1227 5531 1818 5609 αύτὸτοῦτο-τδΔαδὶδ
1852 5531 2166 5609 ὄνομαξστι
2336 5531 2409 5604 (ti)
2448 5531 2520 5590 T5
2554 5531 2677 5600 ποῦ,
2708 5537 2740 5609 ἢ
2773 5531 2908 5609 ττρὸς
2939 5538 3060 5592 τίνα
3085 5535 3270 5608 φυγὼν
3301 5537 3386 5589 άεί
3420 5539 3502 5604 ἐν,
3531 5547 3647 5594 etc.

615 5603 795 5657 λαϐεῖν
818 5609 896 5667 εἰς
927 5605 1012 5657 τὸν
1039 5605 1183 5672 λαόν,
1218 5615 1343 5670 ειι’.,
1368 5604 1600 5676 ἰσχυρῶν
1622 5608 1695 5671 ὼς
1728 5608 1819 5660 καὶ
1838 5607 1968 5660 αύτὸ
1989 5605 2165 5672 τοῦτο,
