4036 6474
157 432 301 488 1297

233 554 320 609 11.
362 554 468 606 Kal.
502 555 600 607 οὐκ
624 551 770 606 ἔστιν
797 553 824 604 ὁ
854 554 1097 623 ἐκζητῶν
1135 556 1233 628 τὴν
1259 556 1437 628 ψυχήν
1471 576 1594 628 μου.

235 644 319 698 12.
348 645 645 716 Ἐκέκραξα
679 646 813 716 πρὸς
844 644 924 712 σὲ,
955 645 1149 717 Κύριε,

236 735 321 791 13.
363 733 530 790 Εἶπα·
564 739 635 791 Σὺ
657 735 764 808 εῐή
797 737 950 802 ὲλπίς
985 756 1106 808 μου,

235 828 321 882 14.
363 829 535 900 Μερίς
560 847 658 899 μου
694 825 744 882 εἴ
775 831 832 882 ὲν
859 832 929 900 γῇ
967 828 1200 894 ζώντων.

238 918 322 972 15.
363 918 602 987 Πρὸσχες
635 919 770 988 πρὸς
796 918 894 988 τὴν
919 918 1103 988 δέησίν
1136 936 1235 988 μου
1256 935 1270 949 ·

237 1009 324 1063 16.
342 1010 460 1061 Ὅτι
487 1008 855 1078 ὲταπεινώθην
881 1010 1107 1080 σφόδρα.

235 1099 322 1151 17.
349 1098 534 1153 Ῥῦσαί
569 1116 634 1169 με
667 1101 731 1152 ἐκ
757 1100 864 1152 τῶν
893 1100 1335 1154 καταδιωκόντων
1365 1116 1430 1171 με
1450 1115 1464 1132 ⁶

237 1191 460 1244 18.⁶ὐτι
487 1191 932 1263 ὲκραταιώθησαν
963 1193 1103 1264 ὑπὲρ
1136 1193 1255 1262 ἐμέ.

233 1281 319 1335 19.
349 1282 608 1351 Ἐξὰγαγε
643 1285 707 1335 ὲκ
734 1283 979 1353 φυλακῆς
1008 1284 1106 1353 τὴν
1131 1282 1307 1353 ψυχήν
1343 1299 1467 1352 μου,

231 1371 323 1426 20.
364 1372 469 1425 Τοῦ
495 1369 986 1444 ἐξομολογήσασθαι
1016 1372 1094 1443 τῷ
1121 1374 1342 1443 ὀνόματί
1373 1391 1486 1428 σου.

230 1464 324 1520 21.
349 1463 477 1534 Ἐμὲ
499 1464 821 1534 ὑπομενοῦσι
841 1464 1055 1528 δίκαιοι,
1074 1465 1173 1528 ἕως
1198 1459 1257 1518 οὗ
1283 1466 1594 1535 ἁνταποδῷς
1617 1484 1723 1534 μοι.

158 1555 413 1625 ιὶάλμὸς
435 1553 514 1618 τῷ
543 1554 738 1621 Δαὸὶδ,
774 1555 950 1607 ὁπότε
983 1554 1337 1609 κατεδίωκεν
1363 1555 1548 1608 αὐτὸν
1587 1555 1732 1608 Ἀσε-

399 1650 610 1714 σαλωμ
641 1649 673 1698 ό
700 1647 826 1711 υίὸς
852 1647 1058 1701 αὑτοῦ.
1099 1649 1268 1700 ΨΑΛ.
1306 1649 1486 1700 PMB’.

231 1738 284 1791 1.
324 1737 518 1808 Κύριε,
554 1738 869 1790 εἰσάκουσον
897 1736 997 1806 τῆς
1026 1738 1332 1808 προσευχῆς
1363 1754 1463 1806 μου
1485 1753 1500 1768 ·

229 1831 291 1886 2.
315 1829 594 1883 Ἐνώτισαι
626 1830 726 1902 τὴν
751 1829 934 1900 δέησίν
961 1847 1061 1900 μου
1089 1831 1147 1881 ὲν
1175 1832 1238 1899 τῇ
1273 1828 1499 1900 ἀληθείᾳ
1527 1846 1639 1883 σου.

1025 436 1113 490 DE
1154 438 1428 495 TITULIS
1467 439 1916 496 PSALMORUM.
1952 472 2024 483 -—
2059 439 2259 496 PSAL.
2300 437 2506 496 CXLII.

1750 563 1796 619 Α
1895 557 1981 611 11.
2027 555 2093 610 Et
2130 570 2236 609 non
2264 564 2348 610 est
2377 555 2469 623 qui
2513 550 2751 620 requirat
2784 550 3020 603 animam
3054 563 3254 604 meam.

3260 426 3395 484 1298

1905 649 1988 702 12.
2032 646 2272 701 Clamavi
2307 645 2373 700 ad
2399 655 2472 709 te,
2500 642 2754 704 Domine,

1903 739 1992 794 15.
2033 737 2095 793 Et
2130 737 2242 792 dixi
2279 755 2292 790 :
2326 735 2408 789 Tu
2435 752 2494 790 es
2522 749 2646 804 spes
2670 749 2786 788 mea

1901 832 1990 884 14.
2032 829 2215 884 Portio
2247 845 2364 882 mea
2394 828 2446 881 in
2481 836 2623 880 terra
2656 825 2973 878 viventium.

1900 923 1989 978 15.
2033 921 2257 977 Intende
2290 921 2355 975 ad
2391 919 2823 988 deprecationem
2861 932 3034 971 meam
3071 936 3083 970 :

1903 1013 1992 1067 16.
2033 1011 2170 1077 Quia
2200 1011 2520 1065 humiliatus
2555 1025 2676 1064 sum
2722 1008 2908 1062 nimis.

1903 1102 1994 1157 17.
2037 1101 2230 1158 Libera
2260 1116 2346 1154 me
2380 1117 2409 1153 a
2441 1098 2893 1170 persequentibus
2921 1113 3007 1151 me
3039 1115 3052 1150 :

1905 1193 1990 1248 18.
2033 1192 2170 1259 Quia
2203 1190 2494 1247 eonfortati
2521 1200 2646 1244 sunt
2680 1205 2843 1258 super
2872 1204 2975 1242 me.

1906 1287 1991 1341 19.
2032 1285 2182 1342 Educ
2213 1286 2279 1340 de
2302 1284 2550 1339 custodia
2576 1283 2813 1336 animam
2839 1296 3047 1346 meam,

1903 1375 1995 1432 20.
2037 1376 2118 1430 Ad
2154 1374 2523 1430 conlitendum
2562 1372 2768 1426 nomini
2795 1381 2908 1424 tuo.

1903 1468 1994 1521 21.
2034 1466 2117 1522 Me
2142 1466 2533 1535 exspectabnnt
2557 1464 2711 1532 justi,
2738 1463 2909 1517 donec
2935 1461 3204 1516 retrilmas
3241 1462 3392 1514 miln.

1840 1559 2086 1614 Paalmus
2128 1557 2320 1620 David,
2350 1558 2559 1625 quando
2589 1557 2994 1626 persequebatur
3018 1570 3134 1606 eum
3164 1553 3397 1608 Absalon

2212 1648 2354 1717 ﬁlius
2383 1647 2516 1716 ejus.
2555 1645 2755 1702 PSAL.
2797 1644 3025 1699 CXLII.

1909 1741 1957 1792 1.
2006 1739 2264 1801 Domine,
2296 1738 2496 1792 exaudi
2534 1737 2838 1790 orationem
2867 1752 3040 1791 meam
3072 1754 3084 1789 ε

1907 1833 1962 1886 9..
2003 1831 2243 1886 Auribus
2273 1830 2488 1899 percipe
2532 1829 2966 1884 obsecrationem
3005 1843 3178 1882 meam
3227 1828 3278 1881 in
3311 1843 3401 1881 ve-

1835 1924 1994 1978 ritate
2015 1933 2124 1978 tua.

1275 2013 1662 2070 ATHANASII
1700 2015 2288 2074 INTERPRETATIO.

234 2107 323 2162 11.
363 2107 496 2162 Οὐδὲ
540 2105 649 2177 γὰρ
705 2100 773 2176 ἦν
826 2105 1081 2176 πρόνοιάν
1131 2121 1231 2174 μου
1281 2103 1598 2174 ποιούμενος
1635 2103 1735 2174 τῆς

1907 2108 1992 2162 11.
2025 2106 2208 2177 Neque
2261 2108 2407 2163 enim
2469 2122 2626 2172 erat,
2693 2109 2786 2178 qui
2847 2108 3154 2177 provideret
3208 2109 3403 2162 animm

149 2201 357 2270 ψυχῆς

233 2290 322 2355 12,
357 2289 444 2344 13.
472 2289 560 2352 Ὠς
604 2281 695 2341 οὗν
744 2282 902 2353 εἶδον,
931 2287 1162 2356 ἐμαυτὸν
1198 2287 1498 2357 ἀπήλπισα,
1523 2289 1615 2342 καὶ
1643 2306 1736 2358 με·

149 2381 228 2433 τὰ
258 2380 333 2451 (1)
354 2378 600 2450 δακρύων
640 2377 909 2450 ἁνεῦόησα
950 2379 1085 2449 πρὸς
1116 2379 1196 2441 σὲ,
1230 2379 1420 2450 Κύριε,
1447 2379 1542 2433 καὶ
1567 2376 1730 2434 εἷπα¹

168 2471 493 2539 Ἀπολογίαν
520 2470 619 2523 ούκ
646 2470 754 2539 ἔχω
781 2468 1007 2524 ἐνώπιόν
1042 2487 1133 2523 σου
1153 2486 1166 2498 ·
1197 2472 1278 2533 εἰς
1313 2470 1368 2523 δὲ
1407 2471 1506 2539 τὴν
1551 2471 1736 2539 φιλαν-

154 2566 410 2635 Θρωπίαν
441 2581 533 2618 σου
558 2563 781 2631 ἐλπίζω,
812 2563 894 2616 ὅτι
915 2563 1156 2633 ὲλεήσεις
1193 2578 1280 2632 με.

236 2747 325 2801 14.
363 2746 710 2818 κληρονομία
742 2739 791 2797 εί
824 2744 900 2816 (2)
935 2747 993 2798 ὲν
1035 2747 1102 2815 τῇ
1149 2744 1260 2797 ἁνω
1297 2742 1646 2816 Ἰερουσαλὴμ
1671 2746 1734 2814 τῆ

152 2841 317 2894 πόλει
346 2838 453 2892 τῶν
487 2837 656 2906 ἁγίων
689 2853 804 2890 σου.

234 2931 325 2996 15,
354 2931 440 2986 16.
477 2931 720 3002 Πρόσχες
750 2928 885 2999 πρὸς
909 2928 1008 2998 τὴν
1032 2926 1214 2997 δέησίν
1247 2945 1370 2997 μου,
1399 2928 1491 2980 καὶ
1517 2927 1736 2999 πλήρωο

159 3044 257 3079 σον
297 3023 484 3094 αὐτὴν,
512 3025 589 3075 ὅτι
622 3019 1012 3088 δεδουλωμένος
1044 3018 1160 3085 είμὶ
1187 3020 1252 3087 τῇ
1289 3016 1534 3086 ἁμαρτίᾳ
1567 3017 1663 3085 (ὖ).

239 3178 331 3233 17.
362 3177 548 3231 Ῥὖσαί
580 3193 647 3244 με
679 3174 785 3228 ἀπὸ
806 3173 911 3226 τῶν
933 3171 1191 3226 ἐναντίων
1213 3170 1493 3240 δυνάμεων
1524 3169 1630 3222 τῶν
1654 3172 1739 3224 Οε-

155 3273 366 3327 λόντων
399 3287 466 3341 με
498 3269 802 3337 ἀποστῆσαι
835 3265 942 3320 ἀπὸ
977 3265 1092 3318 σοῦ.

237 3363 327 3417 18.
367 3364 510 3426 Ὅτι,
563 3360 698 3433 ἐμοῦ
727 3358 1127 3431 ἡμαρτηκότος,
1180 3350 1338 3410 αὗται
1400 3355 1738 3426 ίσχυρὸτεροιξ

165 3474 273 3528 μου
315 3455 389 3526 (4)
425 3454 729 3522 γεγόνασιν.

241 3546 327 3598 19.
360 3545 619 3612 Ἐξάγαγε
651 3544 714 3595 ὲκ
741 3539 848 3592 τῶν
881 3539 1094 3608 δεσμῶν
1124 3538 1217 3590 καὶ
1247 3537 1340 3590 τοῦ
1376 3538 1596 3601 σκότους
1634 3535 1741 3589 τῶν

161 3636 410 3708 ἀνομιῶν
436 3637 534 3706 τὴν
559 3634 733 3705 ψυχήν
767 3652 866 3706 μου
891 3652 904 3664 '

240 3730 333 3784 20.
354 3730 560 3792 Ὅπως,
595 3727 761 3781 ἐλθὼν
796 3731 851 3780 ἐν
885 3726 960 3797 τῷ
993 3724 1128 3794 φωτί
1169 3741 1283 3786 σου,
1314 3723 1524 3793 δυνηθῶ
1557 3722 1744 3794 ὲξομο-τ

165 3820 505 3893 λογήσασθαί
537 3836 638 3886 σοι,
662 3821 802 3889 ᾶπερ
819 3817 1126 3888 πέπρακταί
1163 3833 1248 3886 μοι
1268 3832 1280 3845 ·
1308 3817 1413 3868 πᾶν
1439 3821 1546 3887 γὰρ
1565 3816 1625 3868 τὸ
1641 3826 1743 3884 φα-

168 3911 333 3984 νερού
343 3927 502 3982 μενον
537 3910 651 3978 φῶς
674 3912 809 3962 ἐστι.

241 4002 335 4056 ‘21.
367 4001 495 4070 Ἐμὲ
530 3999 856 4070 ὑπομενοῦσι
883 3997 1080 4059 πάντες
1113 3997 1162 4049 οἱ
1182 3996 1374 4051 δίκαιοί
1406 4015 1497 4050 σου
1535 3999 1633 4068 (5),
1657 4001 1750 4053 καὶ

169 4097 230 4149 αἱ
265 4095 418 4162 ἆγιαξ
454 4110 545 4145 σου
587 4092 860 4161 δυνάμεις,
891 4091 975 4143 ἵνα
1011 4089 1342 4160 ἐπιστρέψω,
1373 4092 1466 4143 καὶ
1505 4092 1624 4143 ἀντὶ
1656 4092 1747 4146 τοῦ

172 4186 428 4250 πένθους,
463 4178 522 4237 οὗ
573 4184 678 4254 ἔχω
709 4186 766 4237 ὲν
802 4186 868 4254 τῇ
917 4182 1060 4253 ψυχῇ
1107 4199 1227 4253 μου,
1262 4179 1504 4253 δὼρησαί
1541 4200 1631 4252 μοι
1664 4186 1750 4236 εύ-

173 4279 474 4351 φροσύνην,
513 4278 870 4349 συγχωρήσας
920 4292 1008 4346 μοι
1049 4275 1122 4327 τὰ
1172 4273 1611 4346 παραπτώματα,
1661 4277 1751 4328 καὶ

171 4374 365 4426 λοιπὸν
399 4371 641 4443 συνήθως
668 4371 840 4441 χαρὰν
873 4371 1169 4441 ποιήσωσιν
1213 4367 1508 4438 ὑμνοῦντες
1560 4385 1618 4420 σε
1659 4369 1752 4420 ἐπὶ

175 4465 262 4516 ἑνὶ
293 4461 600 4533 ἁμαρτωλῷ
629 4459 992 4532 μετανοοῦντι,
1034 4459 1309 4512 τουτέστιν
1335 4457 1478 4528 ἐμοί.

1836 2211 1988 2251 mem.

1909 2284 2008 2351 12,
2039 2285 2126 2339 15.
2161 2285 2295 2339 Cum
2332 2286 2495 2356 igitur
2531 2287 2829 2352 aspicerem
2859 2302 2944 2340 me
2972 2287 3146 2355 ipsum
3167 2326 3180 2349 ,
3212 2288 3403 2357 despe-

1836 2378 1982 2439 ravi,
2034 2387 2089 2432 et
2141 2393 2263 2432 cum
2322 2378 2576 2450 laerymis
2628 2379 2855 2434 clamavi
2887 2379 2952 2434 ad
3012 2389 3082 2442 te,
3141 2377 3404 2444 Domine,

1836 2475 1890 2520 et
1947 2466 2057 2521 dixi
2115 2485 2128 2521 :
2183 2467 2559 2523 Defensionem
2633 2484 2739 2522 non
2813 2470 2987 2523 habeo
3058 2485 3238 2523 coram
3317 2479 3401 2536 te;

1837 2556 1894 2611 in
1921 2557 2254 2630 benignitate
2295 2569 2472 2613 autem
2521 2569 2610 2613 tua
2647 2577 2838 2630 spero,
2877 2562 3022 2631 quod
3057 2563 3404 2617 misereberis

1838 2650 1965 2704 mei.

1912 2739 1997 2795 14.
2045 2740 2343 2797 Hereditas
2383 2760 2443 2798 es
2488 2743 2542 2796 in
2585 2758 2820 2813 superna
2858 2741 3158 2798 Jerusalem
3190 2743 3407 2799 civitate

1839 2840 2153 2887 δοηοιοινιιηὶ
2194 2842 2432 2887 tuorum.

1910 2923 1998 2987 15,
2034 2924 2118 2978 16.
2156 2925 2378 2979 Intende
2403 2927 2468 2980 ad
2499 2927 2940 2996 deprecationem
2969 2942 3144 2980 meam
3167 2969 3181 2994 ,
3222 2937 3277 2980 et
3309 2927 3408 2981 im-

1841 3016 1926 3085 ple
1968 3016 2153 3082 illam,
2196 3019 2456 3087 quoniam
2502 3018 2555 3070 in
2597 3020 2911 3072 servitutem
2943 3018 3195 3072 redactus
3227 3035 3347 3072 sum
3379 3035 3409 3071 a

1843 3114 2084 3174 peccato.

1918 3194 2002 3248 17.
2041 3194 2232 3251 Libera
2258 3213 2341 3252 me
2371 3213 2399 3251 a
2431 3198 2720 3253 contrariis
2749 3199 3123 3268 potestatibus,
3161 3216 3280 3269 qua:
3318 3214 3412 3254 vo-

1843 3289 1960 3342 lunt
1983 3304 2069 3342 me
2096 3304 2124 3341 a
2161 3299 2211 3342 te
2252 3300 2514 3345 avertere.

1915 3377 1999 3431 18.
2035 3377 2169 3443 Quia
2201 3393 2286 3431 me
2321 3388 2577 3447 peccante
2602 3419 2616 3442 ,
2681 3383 2810 3448 ipsa:
2848 3379 3101 3433 fortiores
3145 3396 3231 3434 me
3259 3381 3413 3434 factae

1769 3447 1810 3501 ο
1848 3477 1994 3522 sunt.

1922 3551 2008 3605 19.
2047 3550 2194 3606 Educ
2226 3569 2255 3607 e
2287 3553 2548 3621 vinculis,
2581 3571 2610 3609 e
2640 3557 2875 3611 tenebris
2919 3555 3264 3625 iniquitatum
3301 3557 3418 3610 ani-

1849 3659 1994 3699 mam
2024 3661 2220 3710 meam,

1918 3735 2007 3787 20.
2044 3734 2113 3788 Ut
2143 3737 2367 3789 veniens
2410 3736 2466 3790 in
2518 3736 2692 3789 lucem
2737 3745 2882 3791 tuam
2925 3739 3128 3807 possim
3170 3739 3417 3793 conﬁteri

1856 3822 1976 3886 tibi,
2002 3839 2120 3892 quae
2144 3822 2284 3877 facta
2315 3833 2440 3878 sunt
2473 3825 2600 3878 mihi
2637 3845 2647 3879 :
2677 3841 2838 3880 omne
2865 3826 3029 3892 enim,
3063 3828 3208 3896 quod
3243 3829 3419 3882 mani-

1854 3901 2100 3977 festatur,
2132 3916 2220 3969 lux
2253 3925 2333 3970 est
2348 3952 2361 3966 .

1924 4005 2012 4058 21.
2050 4004 2132 4060 Me
2173 4015 2781 4075 exspectanuntomnes
2819 4010 2952 4077 justi
2995 4010 3103 4074 tui,
3140 4018 3192 4064 et
3219 4019 3423 4065 sancte

1857 4105 1962 4149 tuae
1999 4095 2261 4160 virtutes,
2291 4105 2350 4151 ut
2378 4108 2684 4162 convertar,
2719 4109 2772 4153 et
2821 4116 2918 4168 pro
2953 4115 3205 4165 mmrore,
3259 4115 3419 4169 quem

1857 4187 2028 4242 babeo
2058 4189 2108 4240 in
2140 4192 2319 4243 anima
2347 4205 2482 4254 mea,
2518 4191 2658 4245 dona
2676 4191 2808 4244 mihi
2843 4192 3080 4246 lzetitiam
3106 4194 3422 4247 condonans

1857 4278 1992 4332 mihi
2022 4289 2242 4347 peccata
2266 4321 2280 4346 ,
2337 4290 2392 4334 et
2430 4291 2544 4335 tum
2576 4281 2642 4336 de
2668 4296 2822 4337 more
2867 4282 3047 4337 laetitia
3079 4284 3426 4338 exsultabunt

1859 4368 2144 4426 laudantes
2215 4381 2266 4426 te
2316 4388 2480 4442 super
2535 4389 2646 4428 uno
2707 4385 2992 4443 peccatore
3050 4375 3422 4444 ptenitentiam

1864 4472 2055 4530 agente
2077 4463 2120 4528 ',
2147 4463 2248 4518 hoc
2269 4472 2351 4519 est
2375 4479 2541 4534 super
2563 4479 2666 4518 me.

263 4556 329 4608 Ἦ
358 4557 687 4627 προκειμένη
734 4553 1012 4640 ἐπιγραφὴ
1051 4553 1290 4625 περιέχει
1317 4550 1414 4622 (6)’
1451 4553 1696 4621 Ψαλμὸς
1719 4552 1798 4617 τῷ
1829 4555 2024 4621 Δαὸῖδ,
2061 4559 2240 4612 ὁπότε
2261 4560 2446 4613 αὐτὸν
2482 4560 2836 4613 κατεδίωκεν
2871 4560 3206 4630 Ἀϐεσαλὼμ
3236 4566 3268 4614 o’
3297 4561 3426 4627 υίὸς

175 4649 387 4703 αὐτοῦ.
431 4647 604 4701 Δαόὶδ
630 4641 722 4701 οὖν
753 4645 1112 4720 ἑρμηνεύεται
1142 4644 1269 4698 ἔνθα
1301 4644 1727 4712 πεποθημένος,
1767 4647 2008 4700 τουτέστι
2040 4650 2068 4700 ὁ
2091 4650 2430 4720 ἐπιστρέφων
2460 4652 2594 4723 πρὸς
2643 4653 2732 4706 τὸν
2758 4654 2958 4726 Κύριον
2997 4654 3124 4716 λαὸς
3151 4654 3258 4706 τῶν
3297 4655 3427 4707 ’1ου-

256 4741 474 4797 Titulus
511 4742 832 4813 praepositus
863 4742 1103 4798 continet
1136 4759 1150 4795 :
1179 4739 1429 4794 Psalmus
1486 4739 1656 4792 David
1681 4782 1694 4802 ,
1743 4742 1952 4809 quando
2002 4747 2408 4814 persequebatur
2438 4764 2556 4800 eum
2584 4747 2831 4801 Absalom
2877 4751 3020 4818 ﬁlius
3066 4749 3198 4816 ejus.
3260 4748 3427 4804 David

182 4839 354 4908 igitur
410 4837 499 4893 hic
548 4837 939 4907 interpretatur
991 4835 1361 4899 desideratus,
1397 4834 1500 4887 hoc
1532 4842 1615 4887 est
1656 4836 1891 4903 populus
1940 4835 2246 4893 Judaeorum
2283 4850 2607 4896 convertens
2649 4859 2707 4896 se
2747 4845 2810 4896 ad
2853 4843 3163 4896 Dominum.
3211 4842 3412 4899 Deinde

267 4933 317 4991 1.
339 4933 393 4986 2.
430 4930 505 5002 (7)
540 4931 733 5001 Κύριε,
764 4931 1049 5001 πλήρωσον
1074 4929 1172 4998 τὴν
1200 4927 1507 4997 προσευχήν
1527 4943 1648 4996 μου,
1668 4927 1760 4980 καὶ

187 5025 420 5078 ἄκουσον
453 5022 549 5092 τὴν
579 5021 760 5092 δέησίν
794 5039 894 5092 μου
922 5022 980 5073 ἐν
1008 5019 1083 5089 τῷ
1116 5018 1228 5088 Υἰῷ
1263 5035 1356 5070 σου
1392 5018 1668 5087 ὑπάρχων.

261 5115 283 5145 ⁸
316 5113 446 5167 Luc.
479 5130 566 5178 xv,
603 5113 685 5166 10.

1941 4933 1989 4994 1,
2020 4931 2073 4985 2.
2108 4931 2364 4998 Domine,
2402 4937 2565 5005 imple
2593 4936 2891 4990 orationem
2947 4953 3153 5002 meam,
3195 4947 3247 4991 et
3297 4918 3422 4990 audi

1869 5019 2302 5091 deprecationem
2335 5042 2514 5082 meam
2547 5026 2603 5084 in
2627 5024 2764 5081 Filio
2804 5036 2894 5080 tuo
2917 5028 3203 5081 exsistens.

1104 5212 1409 5275 Addenda
1449 5219 1508 5272 et
1571 5211 1943 5289 corrigenda
2007 5212 2258 5275 excod.
2314 5212 2515 5273 Vatic.

266 5315 342 5388 (1)
367 5315 585 5388 Ἑαυτὸν
619 5317 1028 5388 ἁπηλπισμένον
1058 5319 1212 5387 μετά,
1240 5327 1341 5371 etc.

267 5384 341 5457 (2)
380 5384 729 5456 κληρονομία
765 5384 963 5457 μούεῐ,
998 5384 1098 5443 etc.

266 5456 342 5527 (3)
367 5457 637 5527 ’Δμαρτίᾳ
659 5456 818 5510 πάνυ.

266 5462 321 5512 (5
367 5462 637 5526 ’Ᾱμαρτία
659 5462 818 5510 πάνυ.

265 5462 343 5593 (4)
366 5512 720 5597 ’ἰσχυρότεροι
755 5545 876 5596 μου,
905 5537 1010 5582 etc.

1863 5317 2075 5404 τηρίαν,
2105 5328 2238 5404 elc.,
2271 5315 2453 5402 ξλεγεν
2478 5317 2642 5404 ιἱμετὰ
2691 5315 2798 5404 x'a‘t‘
2836 5313 2931 5393 τῇς
2972 5312 3168 5404 1ἁλλ’·ης,
3198 5323 3322 5397 elc.,
3355 5313 3430 5392 τεῷ

1868 5381 2033 5457 στίχῳ
2178 5386 2320 5457 ὀκτὼ
2349 5381 2440 5438 καὶ
2473 5381 2681 5454 δεκάτῳ
2705 5383 2898 5457 ψαλμῷ
2918 5400 2929 5411 ’
2965 5381 3161 5457 ομοίως
3193 5381 3282 5435 καὶ
3312 5381 3432 5457 τούς

1868 5453 2123 5520 -:o,"e'tc.,'
2141 5460 2204 5509 ἐκ
2231 5456 2334 5508 τῶν
2365 5457 2626 5526 οὐρανῶν,
2656 5453 2753 5506 καὶ
2779 5454 2844 5526 τὸν
2861 5453 3432 5526 ἀναϐεϐηκέναι-αὺτὸν

1869 5529 1925 5578 ὲν
1957 5530 2065 5591 τοῖς
2099 5528 2365 5597 οὐρανοῖς,
2391 5521 2448 5578 ὲν
2473 5526 2758 5597 τῷλέχειν
2784 5523 3123 5597 -αύτὸνηεια,
3156 5521 3432 5597 συλλαϐεῖν

268 5590 345 5666 (5)
392 5590 766 5668 Ὑπομένουσι’
793 5599 988 5661 πάντες
1022 5600 1069 5650 οἰ
1103 5598 1245 5666 ἆγιοί
1287 5616 1399 5661 σου,
1426 5608 1552 5661 elc.,
1597 5595 1766 5666 χαρὰν
1873 5598 2004 5649 αὐτὸ
2045 5590 2144 5659 εἰς,
2167 5590 2308 5668 ἰέιρη
2339 5590 2580 5668 ὅτιπερὸ
2607 5590 2716 5668 υἷος
2748 5595 2837 5668 τὸν
2862 5590 3282 5668 κατξραμὲαυτοῦ
3305 5609 3434 5668 κατ-

200 5677 536 5729 ποιήσουσιν,
562 5677 666 5722 elc.

271 5737 346 5809 (6)
381 5739 443 5790 Ἠ
469 5738 684 5810 διὰγτῆς
712 5739 1080 5810 κινναϐάρεως
1107 5737 1368 5810 περιέχει,
1396 5746 1499 5790 etc.
1552 5738 1639 5810 ὅτε
1672 5737 1764 5810 αύ-

196 5806 471 5869 τόν,ἐιε..
502 5809 610 5860 τῶν
635 5806 917 5862 Ἰουδαίων.
947 5806 1014 5861 Ἐξ
1046 5806 1382 5870 τότεαῦτὸν,
1412 5817 1539 5867 etc...
1568 5806 1663 5874 τῆς
1688 5809 1762 5857 εἰ-

201 5880 368 5952 ρήνης
390 5877 586 5932 ὡσανεὶ
612 5880 642 5930 ὁ
663 5879 936 5949 δρομαῖος,
968 5890 1093 5940 elc.,
1126 5880 1215 5933 τοῦ
1242 5881 1531 5948 κατασχεῖν
1554 5879 1630 5938 είς
1665 5893 1767 5928 σω-

1875 5669 2082 5741 edimus,
2118 5667 2279 5741 enim
2319 5663 2554 5737 εὑρήσης
2599 5665 2692 5717 καὶ
2739 5665 2912 5718 τοῦτο.
2951 5664 3008 5714 Ὀ
3030 5663 3155 5732 γάρ,
3190 5663 3439 5741 ειο.,ἰη-

1876 5738 2000 5799 σοῦς
2035 5737 2183 5798 Υἱός,
2209 5747 2312 5790 etc.

1945 5804 2023 5886 (7)
2062 5808 2129 5861 Ν.
2172 5807 2215 5858 1.
2248 5806 2437 5877 Κύριε,
2467 5813 2570 5860 elc.
2600 5807 2663 5857 Ν.
2692 5805 2746 5857 2.
2781 5805 2886 5856 Καὶ
2923 5803 3170 5862 ἄκουσον,
3206 5811 3311 5856 etc.
