4036 6472
600 388 738 446 1299
1433 398 1488 451 S.
1529 394 1902 454 ATHANASN
1944 401 2093 457 OPP.
2137 403 2194 459 Pi

2232 406 2316 462 BS
2354 409 2439 465 ill.
2483 443 2551 452 ——
2580 412 2992 473 EXEGETICA.
3706 422 3826 478 1300

664 510 718 564 5.
762 507 966 565 Exaudi
995 527 1078 568 me
1110 513 1162 568 in
1195 525 1284 569 tua
1315 515 1525 582 justitia
1549 559 1564 582 ,
2184 543 2228 595 Α

2184 543 2228 595 Α
2328 533 2380 585 5.
2424 533 2749 586 Εξσάκουσόν
2787 553 2888 604 μου
2912 537 2968 588 ὲν
2996 539 3060 606 τῇ
3092 537 3407 610 δικαιοσύνῃ
3435 556 3547 603 σου,

661 602 715 654 4.
763 600 826 654 l-Jt
855 619 959 657 non
987 605 1156 661 intres
1190 609 1242 660 in
1267 608 1533 676 judicium
1574 626 1697 664 cum
1732 625 1893 664 servo
1920 621 2010 665 tuo
2042 631 2057 666 :

2331 626 2384 678 4.
2432 625 2533 678 Καὶ
2569 627 2641 695 μὴ
2666 600 2911 696 είσέλθῃς
2930 631 3010 690 εἰς
3031 600 3211 698 κρίσιν
3238 600 3488 698 pecu-iro?»
3512 600 3705 684 δούλου
3725 647 3825 684 σου·

662 693 714 746 5.
757 693 895 760 Quia
913 711 1020 751 non
1048 698 1441 770 justiiicabitur
1465 702 1517 754 in
1543 713 1841 770 conspectu
1869 713 1960 756 tuo
1979 703 2162 758 omnis

2157 721 2162 755 ί
2331 716 2381 768 5.
2401 717 2523 771 Ὅτι,
2555 717 2614 768 οὐ
2645 717 3063 789 δικαιωθήσεται
3098 719 3328 773 ἐνώπιόν
3359 738 3452 773 σου
3482 721 3592 784 πᾶς
3622 721 3751 786 ζῶν.

591 797 793 840 νινρηε.

658 876 709 929 6.
753 876 895 943 Quia
926 893 1247 947 persecutus
1283 892 1365 936 est
1391 883 1649 938 inimicus
1680 885 1918 940 animam
1943 901 2118 941 meam
2145 905 2157 938 :

2069 901 2118 938 nt
2145 905 2157 938 :
2334 885 2384 940 6.
2407 887 2527 938 Ὅτι
2560 884 2882 950 κατεδίωξεν
2912 890 2940 941 δ
2966 887 3158 960 ἐχθρὸς
3183 889 3280 959 τὴν
3306 890 3486 960 ψυχήν
3522 907 3627 960 μου
3646 905 3663 920 ·

659 967 709 1022 7.
755 968 1070 1027 llumiliavit
1109 974 1162 1028 in
1197 984 1337 1030 terra
1373 979 1537 1030 vitam
1571 994 1768 1032 meam.

2335 981 2385 1030 '7.
2417 978 2807 1030 Ἐταπείνωσεν
2833 982 2913 1042 είς
2940 980 3043 1050 γῆν
3071 979 3167 1050 τὴν
3191 979 3333 1051 ζωήν
3363 998 3483 1051 μου.

656 1058 719 1112 8.’
744 1061 1035 1119 Collocavit
1082 1081 1168 1120 me
1210 1067 1265 1121 in
1297 1068 1546 1122 obscuris
1579 1071 1720 1123 sicut
1761 1081 2006 1127 mortuos
2059 1085 2152 1124 szn‘

2336 1068 2385 1123 8.
2424 1069 2670 1122 Ἐκάθισὲ
2707 1085 2775 1139 με
2809 1071 2866 1122 ὲν
2899 1073 3190 1133 σκοτεινοῖς
3213 1070 3285 1133 ὡς
3316 1074 3543 1142 νεκροὺς
3571 1073 3788 1137 αἰῶνος,

583 1150 718 1215 culi,

657 1245 711 1299 9.
741 1244 806 1298 Et
832 1247 1083 1302 anxiatus
1113 1256 1198 1302 est
1234 1263 1397 1318 super
1432 1265 1517 1304 me
1551 1250 1774 1319 spiritus
1811 1265 2008 1306 meus:

1991 1265 2008 1303 :
2335 1253 2386 1307 9.
2423 1251 2531 1304 Καὶ
2551 1253 2847 1322 ὴκηδίασεν
2876 1253 2961 1304 ἐπ’
2989 1252 3087 1321 ἐμὲ
3115 1251 3176 1304 τὸ
3197 1250 3413 1322 πνεῦμά
3445 1269 3547 1321 μου
3573 1269 3585 1281 ·

659 1337 743 1390 10.
772 1337 827 1390 In
861 1355 945 1392 me
973 1340 1248 1395 turbatum
1282 1351 1363 1396 est
1395 1359 1490 1397 cor
1517 1358 1722 1401 meum.

2332 1342 2419 1397 10.
2468 1344 2557 1396 Ἐν
2587 1344 2708 1413 ἐμοὶ
2741 1343 3017 1414 ἐταράχθη
3049 1345 3082 1413 ή
3112 1343 3307 1412 καρδία
3345 1359 3465 1412 μου.

1711 1517 2090 1574 ATHANASII
2129 1517 2712 1576 INTERPRETATIO.

582 1692 843 1749 δαίων.Ἦ
877 1699 1009 1750 τότε
1041 1693 1198 1770 [sitm
1226 1699 1411 1771 ὁπότε]
1443 1699 1628 1754 αὐτὸν
1653 1699 2010 1753 κατεδίωκεν
2038 1701 2369 1771 Ἀὄεσαλὼμ
2394 1705 2426 1756 ό
2455 1703 2582 1769 υἱὸς
2613 1701 2832 1756 αὐτοῦ’
2873 1701 3206 1771 ’Δϐεσαλὼμ
3238 1702 3600 1773 ἑρμηνεύεται
3648 1700 3837 1767 πατὴρ

581 1791 822 1860 εἰρήνης
841 1804 865 1825 ·’
884 1795 973 1846 τὸν
1001 1795 1126 1848 λαὸν
1148 1792 1239 1849 οὖν
1274 1796 1365 1849 τὸν
1393 1797 1786 1867 ἐπιστρέφοντα
1811 1795 1920 1849 τῶν
1955 1797 2220 1850 Ἰουδαίων
2251 1797 2572 1851 κατεδίωκεν
2592 1801 2620 1850 ὁ
2644 1796 2822 1870 πατὴρ
2846 1796 2944 1866 τῆς
2969 1798 3184 1867 εἰρήνης
3218 1795 3420 1867 Ἰησοῦς
3444 1795 3646 1848 ὡσανεὶ
3673 1797 3702 1848 ὁ
3729 1796 3839 1862 δρο-

586 1881 728 1951 μέως
759 1883 1058 1959 [δρομεύςΓ
1090 1887 1446 1957 κατελήλυθεν
1490 1887 1692 1957 Ἰησοῦς
1723 1890 1786 1940 ὲκ
1821 1886 1927 1938 τῶν
1959 1885 2203 1957 οὐρανῶν
2231 1885 2325 1938 τοῦ
2352 1889 2642 1956 κατασχεῖν
2677 1886 2836 1940 αὐτὸν
2867 1887 2946 1948 εἰς
2981 1886 3271 1956 σωτηρίαν.
3294 1885 3462 1937 Τοῦτο
3484 1885 3596 1954 γὰρ
3638 1901 3704 1952 με
3716 1900 3839 1952 μνηο

585 1978 744 2047 μένος
765 1982 791 2033 ὁ
815 1981 1100 2054 Προφήτης
1131 1983 1313 2053 ἔλεγεν
1334 2001 1347 2014 ·
1375 1984 1512 2054 μετὰ
1541 1983 1598 2036 δὲ
1630 1984 1729 2051 τῆς
1759 1982 1921 2051 ἄλλης
1951 1981 2244 2052 ἑρμηνείας
2275 1982 2372 2052 τῆς
2397 1981 2804 2053 παρακειμένης
2833 1981 2910 2050 τῷ
2944 1981 3110 2050 στίχῳ
3132 1977 3223 2031 τοῦ
3249 1978 3600 2045 ὀγδοδεκάτου
3631 1976 3839 2046 ψαλμοῦ

581 2073 779 2142 ὁμοίως
802 2075 856 2127 δὲ
884 2076 1039 2130 τοῦτο
1075 2077 1248 2150 δηλῶν
1277 2078 1338 2130 τὸ
1369 2074 1803 2144 καταϐεϐηκέναι
1833 2074 1992 2126 αὐτὸν
2025 2075 2090 2125 ὲκ
2121 2073 2226 2126 τῶν
2259 2074 2501 2145 οὐρανῶν
2530 2075 2589 2128 ὲν
2616 2075 2693 2145 τῷ
2723 2074 2898 2142 λέγειν
2925 2074 3081 2126 αὐτόν
3100 2089 3114 2102 ·
3146 2071 3594 2139 Ἀγαλλπιάσεται
3638 2073 3723 2135 ὡς
3767 2073 3840 2137 γί-

578 2183 689 2235 γας
725 2166 965 2236 δραμεῖν
992 2169 1152 2233 ὁδὸν,
1181 2171 1282 2223 ἀπ’
1314 2167 1498 2235 ἄκρου
1534 2165 1642 2219 τοῦ
1672 2165 1929 2233 οτῖιρανοῦ
1962 2167 1998 2232 ἠ
2026 2163 2235 2229 ἔξοδος
2264 2165 2469 2229 αὑτοῦ,
2501 2167 2596 2220 καί
2650 2165 2716 2218 τὸ
2761 2163 3100 2232 κατάντημα
3142 2162 3326 2216 αὑτοῦ
3366 2161 3475 2225 ἓως
3509 2159 3705 2226 ἄκρου
3744 2159 3840 2211 τοῦ

580 2260 856 2324 οὐρανοῦ.
891 2261 1037 2332 Αὕτη
1071 2258 1162 2315 οὖν
1192 2265 1225 2332 ὴ
1257 2262 1520 2333 ἑρμηνεία
1544 2261 1637 2314 τοῦ
1661 2262 2076 2330 ἐπιγράμματος
2097 2278 2108 2288 ·
2145 2259 2367 2329 Ψαλμὸς
2393 2259 2471 2329 τῷ
2500 2260 2610 2330 λαῷ
2637 2260 2743 2313 τῶν
2789 2259 3052 2312 Ἰουδαίων
3079 2258 3154 2326 τῷ
3171 2256 3558 2327 ἐπιστρέψαντι
3590 2254 3733 2324 πρὸς
3762 2255 3840 2306 τὴν

581 2349 734 2411 Θεὸν,
761 2351 849 2403 ὅτε
878 2353 905 2403 ὁ
935 2351 1115 2421 πατὴρ
1138 2353 1236 2421 τῆς
1269 2354 1490 2422 εἰρήνης
1534 2351 1738 2421 Ἰησοῦς
1765 2351 2091 2403 κατεδίωκεν
2121 2350 2228 2403 ἀπὸ
2255 2349 2365 2402 τῶν
2391 2350 2632 2420 οὐρανῶν
2664 2349 2723 2402 τὸ
2747 2348 2900 2416 γένος
2927 2347 3037 2399 τῶν
3076 2347 3392 2419 ἀνθρώπων.
3426 2345 3716 2400 συλλαὸεῐν
3756 2347 3844 2397 αἰν-

580 2439 706 2501 τοὺς
734 2441 812 2501 είς
843 2441 1136 2510 σωτηρίαν.
1176 2443 1248 2495 Τὸ
1275 2443 1329 2496 δὲ
1361 2444 1533 2495 εἰπεῖν
1567 2445 1623 2497 ὲν
1648 2441 1725 2512 τῷ
1758 2441 2155 2512 ἐπιγράμματι,
2185 2441 2283 2494 ὅτε
2325 2443 2358 2494 ὁ
2398 2441 2528 2506 υίὸς
2560 2440 2665 2492 τὸν
2704 2437 2926 2506 πατέρα
2955 2436 3138 2490 αὑτοῦ
3173 2437 3508 2500 κατεδίωκε,
3549 2435 3717 2504 δῆλον
3757 2436 3841 2486 εὐ-

581 2534 766 2603 ρήσεις
789 2534 961 2590 τοῦτο.
979 2536 1037 2590 '0
1067 2539 1171 2609 γὰρ
1200 2538 1386 2609 Πατὴρ
1413 2540 1509 2610 τῆς
1539 2540 1759 2608 εἰρήνης
1788 2536 2014 2606 Ἰησοῦς,
2031 2539 2059 2588 ὁ
2081 2537 2206 2598 Υἱὸς
2227 2534 2462 2604 γεγονὼς
2497 2534 2634 2587 κατὰ
2660 2533 2816 2604 χάριν
2846 2531 2976 2584 ίδίαν
3002 2529 3110 2584 τῶν
3138 2529 3426 2597 Ἰουδαίων,
3446 2527 3622 2588 οὕτως
3645 2525 3841 2579 ἐσπού-

580 2623 708 2687 δαζε
743 2627 1021 2683 συλλαϐεῖν
1055 2633 1253 2693 αὐτοὺς
1277 2632 1380 2684 ὐπὸ
1408 2633 1502 2694 τὰς
1529 2634 1805 2701 πτέρυγας
1837 2629 2005 2684 αὐτοῦ
2035 2630 2114 2692 εὶς
2153 2629 2444 2698 σωτηρίαν.

579 2720 788 2785 quando
830 2735 947 2773 eum
991 2722 1394 2788 persequebatur
1431 2721 1676 2774 Absalom
1718 2721 1862 2789 ﬁlius
1897 2721 2008 2788 ejus
2041 2733 2061 2772 .°
2091 2719 2338 2773 Absalom
2390 2720 2775 2789 interpretatur
2801 2729 2952 2788 pater
2989 2721 3136 2790 pacis
3170 2733 3190 2773 :
3215 2717 3473 2788 papulum
3517 2715 3694 2787 igitur
3745 2712 3841 2769 Ju-

588 2810 825 2863 daeorum
860 2819 1263 2866 convertentem
1290 2827 1347 2866 se
1372 2813 1797 2882 persequebatur
1831 2822 1979 2882 pater
2008 2811 2154 2882 pacis
2184 2809 2343 2867 Jesus
2366 2810 2530 2867 veluti
2559 2826 2752 2866 cursor
2780 2830 2792 2865 :
2825 2811 3102 2867 descendit
3129 2811 3276 2866 enim
3305 2810 3463 2866 Jesus
3507 2825 3546 2864 e
3566 2809 3745 2872 cwlo,
3789 2817 3842 2862 ut

589 2919 713 2958 eum
749 2906 1169 2973 apprelieuderct
1198 2947 1211 2971 ,
1247 2923 1309 2961 ac
1349 2908 1557 2962 salvum
1592 2907 1811 2962 faceret.
1848 2906 1958 2960 Hoc
1995 2907 2139 2960 enim
2183 2921 2614 2961 commemorans
2663 2903 2928 2975 Propheta
2960 2906 3156 2960 cecinit
3188 2905 3406 2974 (juncta
3459 2903 3688 2972 quidem
3740 2901 3840 2955 alia

589 2998 1035 3067 interpretatione
1078 3002 1322 3070 apposita
1371 3004 1642 3057 versiculo
1695 3004 1884 3073 psalmi
1916 3003 2111 3057 decimi
2160 3005 2370 3068 octavi,
2408 3004 2502 3072 qui
2533 3003 2636 3057 lioc
2671 3003 2847 3072 ipsum
2893 3002 3196 3081 signiﬁcat,
3237 2999 3587 3056 descendisse
3615 3013 3747 3052 eum
3779 3002 3843 3051 ὼε

585 3093 782 3160 ςωιίε),
809 3092 995 3149 dicens
1019 3111 1031 3146 :
1053 3093 1352 3148 Exsultavit
1401 3105 1456 3147 ut
1501 3098 1646 3166 gigas
1683 3104 1748 3148 ad
1775 3097 2085 3148 currendum
2116 3096 2270 3157 viam,
2297 3114 2329 3148 α
2362 3113 2563 3149 summa
2594 3097 2720 3150 caelo
2745 3097 2970 3165 egressio
3007 3095 3142 3165 ejus,
3171 3104 3220 3148 et
3243 3111 3488 3149 occursus
3515 3093 3633 3163 ejus
3682 3109 3844 3162 usque

589 3186 658 3236 ad
693 3201 952 3237 summum
980 3185 1115 3254 ejus.
1145 3184 1269 3240 llaec
1298 3186 1461 3256 igitur
1492 3200 1574 3242 est
1598 3187 1967 3255 interpretatio
2005 3187 2374 3255 inscriptionis
2411 3206 2423 3240 :
2460 3187 2708 3242 Psalmus
2733 3187 2933 3255 populo
2966 3184 3276 3243 Iudaeorum
3309 3186 3648 3240 convertenti
3682 3202 3744 3240 se
3771 3187 3834 3239 ad

593 3274 802 3340 Deum,
846 3279 1058 3345 quando
1106 3287 1258 3349 pater
1303 3281 1450 3349 pacis
1493 3278 1653 3336 Jesus
1690 3279 2114 3348 persequebatur
2142 3297 2171 3334 e
2210 3279 2362 3334 cualis
2403 3295 2572 3347 genus
2604 3279 2923 3343 humanum,
2970 3289 3028 3333 ut
3055 3278 3536 3347 comprehenderet
3580 3295 3710 3333 eum
3736 3321 3752 3344 ,
3785 3289 3836 3332 et

588 3369 840 3426 saivaret.
887 3371 1041 3436 Quod
1099 3382 1276 3425 autem
1318 3373 1515 3426 dicitur
1554 3373 1606 3426 in
1651 3372 2009 3440 inscriptione
2042 3390 2056 3424 :
2089 3374 2297 3441 quando
2340 3372 2483 3440 [ilius
2525 3380 2726 3438 patrem
2769 3389 2923 3424 suum
2969 3371 3391 3443 persequebatur,
3438 3369 3744 3424 manifesto
3791 3372 3841 3425 id

597 3463 918 3531 comperics.
947 3461 1105 3516 Pater
1133 3463 1276 3516 enim
1304 3464 1449 3532 pacis
1479 3461 1659 3529 Jesus,
1692 3464 1859 3518 Filius
1888 3481 1979 3534 per
2018 3467 2247 3529 gratiam
2278 3481 2433 3522 suam
2479 3463 2787 3520 Judzeorum
2818 3463 3012 3533 factus,
3040 3466 3113 3520 ita
3138 3464 3344 3521 studuit
3369 3465 3842 3534 comprehendere

585 3569 681 3609 eos
716 3555 817 3608 sub
849 3555 964 3608 alas
992 3568 1142 3617 suas,
1175 3563 1232 3608 ut
1263 3556 1441 3609 salvos
1470 3553 1689 3610 faceret.

655 3669 707 3722 5.
752 3670 816 3723 Et
848 3668 1011 3739 imple
1045 3685 1164 3724 eam
1201 3685 1298 3739 per
1329 3671 1526 3741 ipsum.
2187 3661 2230 3714 Β

2187 3661 2230 3714 Β
2329 3673 2382 3728 3.
2423 3673 2532 3726 Καὶ
2560 3673 2846 3746 πλήρωσον
2876 3673 3048 3743 αὐτὴν
3075 3671 3143 3724 δι’
3169 3671 3353 3724 αὐτοῦ.

652 3759 705 3811 4.
750 3758 812 3812 Ει
842 3773 908 3813 ne
934 3760 1069 3814 velis
1113 3761 1373 3813 rationem
1413 3776 1624 3814 mecum
1662 3776 1895 3829 ponere,
1933 3762 2037 3816 hoc
2064 3771 2145 3816 est

2320 3767 2373 3819 4.
2415 3768 2524 3819 Καὶ
2557 3767 2630 3837 μὴ
2663 3767 2894 3837 θελήσῃς
2919 3767 3146 3834 συνᾶραι
3177 3763 3330 3830 λόγον
3360 3765 3476 3833 μετ’
3498 3763 3664 3832 ἐμοῦ,
3686 3781 3841 3818 τουτ-

583 3865 808 3904 ελοιηριι
847 3848 1024 3904 facere
1057 3850 1405 3920 iniquitatqu
1447 3866 1715 3904 mearum.

2251 3858 2396 3910 ἐστιν
2430 3857 2674 3923 ἐξέτασιν
2707 3855 3030 3926 ποιήσασθαι
3053 3855 3159 3907 τῶν
3189 3855 3422 3925 ἀνομιῶν
3455 3873 3558 3924 μου
3593 3857 3697 3927 (1).

654 3941 706 3996 5.
749 3941 1017 4008 Quoniam
1053 3957 1158 3996 non
1191 3950 1273 3997 est
1295 3941 1501 4011 justus,
1535 3958 1710 4012 neque
1745 3960 1920 3998 unus:
1956 3943 2146 3998 Omnes

2322 3948 2375 4002 5.
2399 3947 2520 4000 Ὅτι
2553 3948 2651 3999 οὐκ
2682 3946 2829 4001 ἐστιν
2875 3946 3101 4008 δίκαιος,
3143 3943 3264 3998 οὐτε
3304 3938 3415 4008 εἷς’
3448 3944 3687 4010 Πάντες
3736 3947 3845 4012 τηειρ

580 4034 718 4085 enim
745 4043 1103 4101 peccaverunt,
1138 4044 1186 4088 et
1208 4045 1354 4106 egent
1383 4035 1552 4106 gloria
1580 4044 1691 4100 tua,
1711 4036 2000 4104 justiﬁcati
2020 4053 2147 4106 gra-

2256 4035 2540 4104 ἥμαρτον,
2559 4037 2655 4090 καί
2678 4036 3066 4104 ὑστεροῦνται
3088 4033 3195 4102 τῆς
3209 4033 3393 4101 δόξης
3418 4049 3558 4099 σου,
3575 4033 3842 4088 δικαιού-

584 4126 646 4180 tis
676 4128 850 4195 gratia
877 4136 966 4179 tua
991 4127 1031 4180 ⁸.

2249 4144 2421 4196 μενοι
2458 4127 2683 4195 δωρεὰν
2705 4125 2779 4194 τῇ
2808 4126 2891 4194 σῇ
2925 4125 3139 4195 χάριτι.

653 4215 708 4269 6.
749 4214 1176 4285 Comprehendit
1201 4217 1452 4272 diabolus
1480 4217 1716 4271 animam
1743 4235 1938 4274 meatu.

2321 4217 2374 4271 6.
2414 4218 2678 4287 Συνέσχεν
2709 4217 2782 4288 (2)
2819 4219 2847 4270 ὁ
2872 4215 3115 4278 διάϐολος
3138 4217 3236 4285 τὴν
3264 4215 3439 4286 ψυχήν
3473 4231 3600 4284 μου.

652 4307 706 4362 ’3.
748 4306 1094 4365 Mortiﬁcavit
1134 4311 1191 4364 in
1240 4310 1473 4365 terrenis
1523 4313 1982 4379 concupiscentiis
2030 4311 2151 4365 aui-

2327 4309 2376 4364 7.
2405 4309 2770 4364 Ἐθανάτωσεν
2803 4311 2881 4374 είς
2912 4308 3009 4371 τὰς
3043 4307 3235 4376 γηίνας
3266 4306 3563 4379 ἐπιθυμίας
3601 4309 3707 4380 τὴν
3738 4310 3837 4378 ψυ-

582 4414 724 4453 mani
754 4415 946 4454 meam.

918 4420 946 4454 I.
2254 4405 2352 4474 χήν
2391 4420 2512 4473 μου.

653 4493 704 4545 8.
742 4493 1206 4558 Quemadmooum
1233 4503 1480 4550 mortuos
1501 4495 1557 4550 in
1580 4497 1952 4550 monumentis
1982 4495 2157 4549 inclu—

2328 4495 2383 4550 8.
2431 4495 2517 4558 Ὦς
2549 4496 2676 4558 τοὺς
2704 4495 2778 4564 (5)
2832 4493 3057 4564 νεκροὺς
3110 4493 3169 4544 ἐν
3213 4494 3324 4555 τοῖς
3374 4494 3659 4562 μνήμασιν
3705 4495 3841 4547 ἁπο-

582 4583 737 4648 dunt,
767 4592 820 4637 et
856 4584 1138 4639 dimittunt
1167 4601 1262 4640 eos
1306 4587 1361 4639 in
1401 4585 1569 4641 fetore
1617 4604 1731 4642 suae
1764 4589 2151 4658 corruptionis,

2261 4585 2520 4650 κλείουσι,
2551 4586 2645 4639 καὶ
2679 4585 2840 4638 ἐῶσιν
2872 4585 3066 4648 αὐτοὺς
3119 4585 3176 4635 ὲν
3219 4586 3283 4654 τῇ
3318 4582 3550 4654 δυσωδίᾳ
3577 4585 3682 4654 τῆς
3723 4585 3843 4637 δια-

582 4676 655 4728 ita
684 4677 849 4730 etiam
888 4675 1022 4730 mihi
1050 4675 1175 4730 fecit
1203 4678 1472 4734 diabolus.
1511 4678 1788 4734 Conclusit
1812 4680 1954 4736 enim
1989 4695 2075 4734 me
2100 4681 2152 4735 in

2258 4675 2462 4746 φθορᾶς
2497 4676 2698 4740 αὐτῶν,
2732 4676 2903 4738 οὓτως
2939 4675 3207 4744 πεποίηκὲ
3259 4693 3347 4746 μοι
3387 4677 3478 4727 καὶ
3507 4676 3535 4726 ὁ
3558 4676 3835 4740 διάθολος.

584 4765 776 4821 faetore
802 4777 1144 4837 peccatorum
1179 4784 1447 4835 ineorum,
1474 4779 1534 4824 ut
1561 4785 1962 4841 corrumperer,
1993 4781 2047 4826 et
2076 4771 2153 4826 ita

2270 4767 2579 4823 Ἀπέκλεισε
2608 4768 2711 4838 γάρ
2746 4785 2812 4839 με
2836 4770 2891 4820 ἐν
2918 4771 2981 4838 τῇ
3015 4767 3244 4821 δυσωδία
3268 4767 3375 4820 τῶν
3403 4767 3698 4837 ἁμαρτιῶν
3732 4786 3837 4838 μου

581 4859 911 4928 ιεοῐηρυιιύἰ,
933 4868 991 4914 ιιι
1015 4859 1260 4914 faetorem
1300 4876 1513 4925 eorum,
1538 4878 1659 4932 qua:
1685 4861 1808 4927 feci,
1839 4879 1946 4918 non
1985 4863 2150 4918 ferret

2254 4859 2695 4931 διαφθείρεσθαι,
2758 4859 2850 4911 καὶ
2895 4858 3066 4923 οὕτως
3111 4859 3496 4931 προσὼζουσα,
3532 4861 3682 4914 ὥστε
3735 4862 3835 4930 τὴν

581 4953 758 5005 anima
795 4967 935 5017 mea,
970 4953 1063 5007 sed
1086 4969 1143 5008 sc
1171 4954 1342 5024 ipsam
1371 4953 1793 5008 abominaretur.

2252 4948 2514 5003 δυσωδίαν
2555 4943 2628 5002 ὧν
2653 4950 2866 5020 ἔπραξα
2897 4951 2971 5020 μὴ
3003 4949 3187 5020 φέρειν
3221 4950 3316 5019 τὴν
3342 4949 3516 5021 ιξυχήν
3552 4968 3682 5020 μου,
3716 4952 3833 5004 ἀλλ’

2249 5041 2445 5112 ἑαυτὴν
2475 5038 2874 5111 βδελύττεσθαι.

648 5128 702 5182 9.
733 5128 797 5182 Et
825 5130 1157 5184 conscientia
1187 5132 1370 5186 cordis
1397 5135 1529 5197 mei,

2319 5132 2370 5185 9.
2410 5133 2516 5184 Καὶ
2542 5132 2602 5184 τὸ
2637 5131 2874 5196 συνειδὸς
2899 5133 2995 5202 τῆς
3031 5131 3253 5202 καρδίας
3290 5149 3389 5202 μου
3413 5169 3427 5193 ,

652 5219 736 5274 10.
772 5219 911 5276 Cum
947 5224 1264 5280 recordarer
1293 5224 1465 5279 iuturi
1489 5224 1705 5292 judieii,
1736 5223 1930 5283 timore
1959 5239 2137 5278 corre-

2326 5225 2406 5278 lO.
2441 5225 2783 5296 Μνησθὲντος
2812 5243 2912 5295 μου
2933 5227 3029 5294 τῆς
3063 5224 3358 5297 μελλούσης
3390 5225 3646 5296 κρίσεως,
3673 5226 3828 5296 φόϐῳ

576 5320 666 5382 pta
703 5321 784 5367 est

2254 5316 2566 5385 συνεσχέθη.

705 5423 862 5478 Rom.
892 5441 970 5484 Ill.
1013 5427 1096 5490 l0,
1128 5427 1216 5481 εδ.

1497 5495 1801 5557 Addenda
1870 5506 1930 5558 et
1985 5500 2354 5579 corrigenda
2405 5520 2483 5564 ex
2515 5505 2654 5565 cod.
2701 5503 2902 5567 Vatic.

740 5595 1052 5676 μαρτιῶν
1082 5617 1203 5667 μου.
2253 5603 2533 5676 ἁμαρτιῶν
2559 5604 2983 5676 διαφθείρεσθαι,
3009 5603 3099 5676 καὶ
3117 5604 3286 5676 οὕτως
3317 5601 3659 5676 προσῶζεσα,
3682 5609 3823 5676 Δτις..

889 5665 1296 5745 σὶδνέῗχένκεη·
1441 5741 1451 5745 _
1577 5739 1587 5745 _
1642 5739 1651 5745 _
1883 5741 1892 5745 _
2020 5739 2036 5745 Α
2255 5665 2326 5744 [ιῆ
2359 5665 2597 5744 ᾠθείρειν
2627 5665 2742 5745 τήν,
2768 5665 2896 5736 etc.,
2930 5665 3324 5741 βδελύσσεσθαι.
3477 5674 3555 5726 10.
3592 5673 3705 5725 Καὶ
3739 5673 3822 5732 τό.

649 5727 724 5801 (5i
750 5736 813 5816 N_.
839 5737 892 5816 8,
916 5737 968 5792 9.
987 5727 1237 5816 Ὡξίτούς,
1267 5749 1396 5816 εις..
1431 5739 1804 5816 ἀποκλείουσιν
1850 5741 1896 5789 οἱ
1955 5739 2142 5816 τεθνη-

1431 5739 1804 5816 άποχλεὶουσιν
1850 5741 1896 5789 οἱ
1955 5739 2142 5816 aeq-
2249 5727 2554 5816 etc.lusq.ue
2589 5746 2654 5800 ad
2683 5727 3004 5816 ’συνεί-σχεθη.

579 5806 727 5869 κότις
747 5809 963 5871 αὐτοὺς,
1003 5812 1113 5871 καὶ,
1145 5820 1270 5864 etc..
1302 5810 1394 5878 τῆς
1424 5809 1627 5884 φθορᾶς
1669 5808 1866 5872 αὐτῶν,
1895 5819 1995 5862 etc.
2032 5812 2137 5861 τῶν
