4036 6430
598 335 736 392 1505
1389 342 1450 404 ,5.
1496 342 1875 401 ATHANASH
1916 346 2065 401 OPP.
2111 348 2192 402 ΡΑ

2258 351 2295 406 S
2337 352 2419 406 Ill.
2464 385 2532 395 —-
2572 355 2986 416 EXEGETICA.
3715 369 3847 425 £501

659 450 748 503 27.
788 451 1023 522 Spiritus
1067 463 1190 510 tuus
1234 456 1411 513 bonus
1441 459 1673 516 deducet
1713 479 1801 517 me
1856 465 1908 517 in
1959 477 2156 520 terram
2191 475 2236 528 Α

2331 469 2419 522 27.
2459 472 2531 524 Τὸ
2562 473 2785 544 Πνεῦμά
2837 492 2929 529 σου
2968 477 3028 529 τὺ
3057 477 3262 544 ἀγαθὸν
3292 479 3551 553 ὁδηγήσει
3587 502 3663 553 με
3697 487 3755 538 ὲν
3787 492 3847 558 γῇ

593 550 794 594 rectam
805 582 816 592 .

2271 561 2475 632 εὐθείᾳ·

658 629 749 685 28.
781 631 1004 703 Propter
1035 652 1230 692 nomen
1261 645 1439 703 tuum,
1471 639 1719 707 Domine,
1751 644 2054 702 viviﬁcabis
2080 663 2164 702 me

2341 629 2441 706 28.-
2463 654 2682 711 Ἕνεκεν
2715 658 2808 709 τοῦ
2835 657 3096 727 ὀνόματός
3121 678 3234 725 σου,
3262 661 3454 733 Κύριε,
3483 663 3678 736 ζήσεις
3716 686 3780 735 με
3801 671 3851 720 ἐν

596 721 649 774 in
679 724 949 793 equitate.

2270 748 2334 816 τῇ
2370 746 2683 819 δικαιοσύνῃ
2715 765 2829 803 σου.

660 813 749 868 29.
779 814 986 872 Educes
1005 817 1071 871 de
1099 818 1446 876 tribulatione
1481 823 1721 877 animam
1747 839 1947 888 meam,

2341 837 2428 890 29.
2481 837 2720 904 Ἐξάξεις
2749 843 2812 894 ὲκ
2842 841 3075 912 θλίψεως
3102 844 3203 915 τὴν
3226 847 3406 919 ψυχήν
3437 864 3564 918 μου,

660 906 746 960 50.
780 905 844 961 Et
889 908 942 961 in
995 909 1373 968 misericordia
1415 925 1508 969 tua
1567 916 1852 986 disperdes
1901 919 2162 976 inimicos

2337 927 2423 982 30.
2453 930 2562 982 Καὶ
2589 930 2645 981 ὲν
2668 930 2746 1001 τῷ
2765 932 2907 984 ἐλέει
2930 905 3024 987 σου
3046 905 3450 1008 ἐξολοθρειῖσεις
3468 905 3601 1002 τους
3629 940 3847 1011 ἐχθραὶ,

591 1011 760 1052 meos.
2275 1035 2394 1087 μου.

656 1089 743 1143 51.
778 1087 846 1143 Ει
876 1091 1065 1160 perdes
1083 1106 1276 1150 omnes
1296 1095 1390 1164 qui
1417 1097 1930 1156 tribulantanimam
1961 1119 2158 1160 meam.

2341 1109 2425 1162 5i.
2461 1109 2564 1164 Kal.
2594 1112 2817 1176 ἀπολεῖς
2841 1114 3054 1178 πάντας
3079 1119 3206 1182 τοὺς
3234 1116 3516 1184 θλίϐοντας
3538 1122 3644 1190 τὴν
3680 1121 3849 1192 ψυχήν

2275 1217 2394 1269 μου·

657 1261 744 1316 52.
775 1261 1040 1327 Quoniam
1064 1282 1166 1338 ego
1187 1285 1378 1326 servus
1411 1279 1538 1328 tuus
1566 1290 1710 1329 sum.

1637 1291 1710 1328 m.
2276 1261 2288 1269 '
2341 1291 2431 1346 52.
2471 1294 2590 1347 Ὅτι
2621 1295 2732 1363 ἐγὼ
2757 1297 2942 1363 δοῦλός
2975 1317 3068 1354 σου
3097 1301 3229 1372 εἰμί.

593 1392 831 1452 Psalmus
864 1399 1052 1466 David,
1092 1405 1336 1460 adversus
1368 1408 1602 1463 Goliam.
1643 1409 1840 1465 I’SAL.
1891 1412 2158 1469 CXLIII.

2278 1427 2519 1495 Ψαλμὸς
2546 1427 2625 1494 τῷ
2653 1431 2847 1495 Δαόὶδ,
2883 1435 3030 1502 πρὸς
3053 1435 3156 1488 τὸν
3182 1438 3427 1492 Ιόλιὰθ.
3459 1441 3639 1492 ΨΔΛ.
3664 1439 3845 1495 ΡΜΓ.

662 1509 708 1560 t.
737 1508 1059 1569 Benedictus
1081 1514 1342 1573 Dominus
1371 1519 1517 1577 Deus
1545 1537 1704 1577 meus
1736 1525 1830 1593 qui
1861 1525 2020 1581 docet
2046 1542 2161 1581 ma-

588 1615 689 1652 nus
723 1616 871 1657 meas
901 1605 965 1659 ad
994 1608 1262 1676 praelium,

653 1692 708 1745 2.
738 1692 802 1748 Et
829 1696 1026 1767 digitos
1056 1718 1204 1759 meos
1233 1705 1299 1758 ad
1334 1705 1558 1760 bellum.

655 1784 706 1836 5.
734 1783 1098 1845 Misericordia
1129 1808 1245 1848 mea
1270 1805 1324 1849 et
1354 1796 1620 1866 refugium
1654 1817 1856 1863 meum,

2339 1539 2390 1594 1.
2422 1540 2726 1611 Εὐλογητὸς
2760 1543 2966 1617 Κύριος
3009 1548 3038 1599 6
3076 1547 3209 1612 Θεός
3240 1567 3342 1620 μου
3368 1590 3382 1612 ,
3409 1554 3438 1604 6
3469 1552 3549 1622 (α)
3589 1553 3849 1607 διδάσκων

2270 1630 2365 1691 τὰς
2393 1633 2580 1701 χεῖράς
2607 1650 2706 1701 μου
2734 1636 2813 1698 εἰς
2842 1638 3166 1708 παράταξιν.

2340 1721 2373 1772 2
2425 1722 2562 1784 Τοὺς
2586 1723 2886 1790 δακτύλους
2914 1745 3015 1798 μου
3047 1731 3128 1793 εἰς
3156 1732 3412 1802 πόλεμον,

2340 1809 2392 1862 5.
2430 1811 2614 1876 Ἔλεος
2645 1832 2746 1883 μου
2782 1817 2875 1870 καὶ
2902 1823 3189 1892 καταφυγή
3227 1841 3350 1892 μου,

653 1965 730 2030 la)
765 1924 920 2019 γε’τε.
947 1967 1001 2020 2.
1025 1969 1316 2026 Διδάσκων.

1711 2137 2084 2194 ATHANASH
2126 2138 2718 2196 lNTERPRETATIO.

654 2281 743 2336 27.
776 2281 900 2350 Tui,
926 2285 1018 2355 qui
1047 2287 1225 2344 bonus
1250 2303 1333 2353 es,
1369 2289 1548 2346 bonus
1574 2301 1632 2346 et
1660 2302 1883 2348 sanctus
1919 2294 2154 2365 Spiritus
2189 2307 2229 2362 Β

2327 2295 2417 2350 27.
2449 2295 2550 2349 Σοῦ
2573 2296 2665 2350 τοῦ
2690 2296 2895 2366 ἀγαθοῦ
2920 2298 2980 2351 τὸ
3001 2299 3204 2370 ἀγαθὸν
3230 2302 3322 2356 καὶ
3345 2301 3501 2370 ἅγιον
3520 2303 3757 2375 Πνεῦμα
3782 2278 3849 2375 (ι)

584 2376 815 2430 deducet
842 2393 948 2441 me,
977 2387 1034 2430 ut
1061 2381 1369 2447 perveniam
1403 2383 1457 2435 in
1489 2398 1782 2453 supernam
1826 2385 2148 2445 Jerusalem.

2262 2390 2516 2461 ὁδηγήσει
2561 2407 2628 2459 με
2665 2390 2996 2458 καταντῆσαι
3026 2393 3083 2444 ὲν
3115 2395 3182 2463 τῇ
3212 2392 3323 2447 ἄνω
3360 2395 3751 2466 Ἰερουσαλήμ.

651 2466 740 2520 28.
767 2465 906 2534 Quia
933 2467 1072 2524 Deus
1092 2471 1281 2527 vivens
1307 2486 1388 2540 es,
1410 2482 1466 2527 et
1495 2474 1596 2530 hoc
1623 2475 1717 2530 tibi
1748 2493 1971 2546 nomen,
2001 2490 2054 2535 et
2072 2497 2159 2535 me

2331 2479 2422 2534 28.
2457 2480 2534 2548 (Ξ)
2571 2480 2694 2532 Ὅτι
2741 2479 2847 2542 ζῶν
2876 2481 3157 2550 ὑπάρχων,
3200 2483 3294 2535 καὶ
3347 2483 3510 2539 τοῦτο
3547 2465 3728 2557 ὄνομά
3756 2504 3851 2552 σοι,

585 2558 687 2611 etsi
725 2560 1108 2613 mortiﬁcatum
1150 2563 1360 2619 vivitica
1396 2565 1450 2619 in
1481 2565 1620 2620 Filio
1656 2577 1750 2622 tuo
1773 2569 1924 2637 justo
1951 2571 2157 2639 judice.

2265 2571 2409 2641 κάμὲ
2444 2571 2532 2623 τὸν
2555 2569 2898 2642 νεκρωθέντα
2924 2571 3258 2644 ζωοποίησον
3285 2574 3342 2626 ὲν
3369 2574 3450 2645 τῷ
3506 2575 3627 2646 Υἱῷ
3661 2595 3757 2629 σου
3785 2577 3855 2648 τῷ

2263 2661 2628 2734 δικαιοκρίτῃ.

653 2737 744 2792 29.
780 2738 990 2794 Educes
1016 2755 1102 2794 me
1122 2757 1187 2794 ex
1219 2741 1456 2797 tenebris
1499 2754 1550 2800 et
1579 2745 1808 2802 vinculis
1842 2747 2154 2805 inmerenti-

2333 2755 2424 2808 29.
2467 2755 2706 2820 Ἐξάξεις
2742 2773 2810 2823 με
2862 2757 2925 2808 ὲκ
2957 2755 3050 2808 τοῦ
3083 2758 3308 2822 σκότους
3349 2759 3444 2811 καὶ
3490 2759 3605 2812 τῶν
3637 2761 3856 2830 δεσμῶν

584 2829 686 2883 bus
709 2831 907 2884 anima:
932 2846 1085 2886 mea.

2263 2847 2370 2898 τῶν
2403 2846 2780 2916 προκειμένων
2804 2849 2870 2917 τῇ
2893 2846 3038 2917 ψυχῇ
3073 2865 3196 2916 μου.

653 2921 742 2974 50.
778 2921 844 2975 Et
876 2922 1063 2979 videns
1093 2924 1277 2996 plagas
1312 2926 1510 2982 anima:
1555 2944 1708 2992 meae,
1741 2945 1879 3000 quas
1910 2930 2159 2987 fecerunt

2333 2937 2420 2992 50.
2457 2938 2568 2990 Καὶ
2600 2936 2741 3003 ὁρῶν
2773 2937 2899 3000 τοὺς
2928 2935 3201 3007 μώλωπας
3219 2938 3318 3008 τῆς
3347 2938 3528 3008 ψυχῆς
3590 2957 3723 3008 μου,
3770 2940 3859 3003 οὓς

586 3008 717 3064 mihi
739 3011 947 3067 inimici
978 3013 1108 3082 mei,
1140 3017 1547 3081 commiserere,
1575 3029 1628 3072 et
1653 3030 1854 3076 aateruo
1879 3022 2156 3092 ignitrade

2265 3027 2570 3099 πεποίηκάν
2607 3045 2698 3098 μοι
2723 3030 2773 3080 οἱ
2806 3028 2990 3099 ἐχθροί
3027 3046 3152 3099 μου,
3200 3030 3709 3101 εὐσπλαγχνίσθητι
3759 3033 3856 3101 (5).

587 3099 728 3155 illos.
2265 3121 2360 3172 xui.
2386 3119 2464 3188 τῷ
2491 3119 2694 3189 αἰωνίῳ
2727 3121 2861 3189 πυρὶ
2891 3120 3132 3190 παράδος
3153 3120 3368 3183 αὐτούς.

656 3192 744 3247 51.
777 3192 843 3247 Ει
883 3209 1097 3262 omnes,
1127 3198 1220 3268 qui
1264 3197 1562 3266 subjiciunt
1596 3203 1746 3258 cordi
1791 3218 1914 3258 meo
1957 3205 2160 3274 impro-

2336 3210 2426 3263 51.
2453 3210 2563 3262 Καὶ
2585 3211 2791 3273 πάντας
2813 3210 2939 3273 τοὺς
2960 3211 3388 3282 ὑποτιθεμένους
3414 3215 3483 3284 τῇ
3515 3213 3728 3284 καρδίᾳ
3760 3233 3856 3285 μου

588 3282 684 3337 bas
723 3283 845 3338 vitae
888 3287 1384 3359 concupiscentias,
1432 3291 1684 3362 disperde
1743 3295 1798 3349 iu
1850 3295 2156 3366 gehennam

2266 3302 2362 3364 τὰς
2407 3300 2500 3353 τοῦ
2530 3301 2646 3371 βίου
2693 3301 2935 3372 πονηρὰς
2987 3301 3285 3372 ἐπιθυμίας
3337 3282 3628 3357 ἀπώλεσαν
3655 3282 3742 3369 είς
3761 3282 3858 3369 τὴν

590 3375 750 3446 ignis.
2265 3397 2488 3463 γέενναν
2522 3393 2615 3447 τοῦ
2643 3395 2834 3466 πυρός.

656 3468 744 3522 52.
764 3467 1032 3534 Quoniam
1056 3487 1155 3542 ego
1174 3475 1412 3544 pretioso
1436 3486 1528 3530 tuo
1556 3479 1818 3546 sanguine
1850 3480 2160 3551 redemptus

2335 3485 2423 3537 '52.
2452 3485 2571 3536 ’Ὁτι
2601 3485 2711 3552 ἐγὼ
2748 3484 2825 3554 τῷ
2850 3483 3016 3554 τιμίῳ
3049 3485 3239 3554 αἵματι
3272 3484 3347 3554 (4)
3399 3484 3806 3556 ὲξηγοράσθην.

589 3575 732 3614 sum.
2189 3583 2232 3640 C

685 3705 732 3756 Η
762 3707 1097 3778 προκειμένη
1131 3710 1412 3780 ἐπιγραφὴ
1443 3713 1685 3783 περιέχει
1712 3714 1787 3784 (5)
1807 3729 1820 3743 ·
1856 3716 2104 3784 Ψαλμὸς
2131 3715 2211 3781 τῷ
2244 3717 2442 3780 Δαὸὶδ,
2470 3717 2623 3786 πρὸς
2654 3717 2762 3770 τὸν
2796 3716 3021 3770 Γολιάθ
3047 3732 3059 3744 °
3088 3713 3247 3778 τοῦτο
3291 3709 3384 3767 οὖν
3429 3713 3583 3781 λέγει
3620 3715 3702 3784 τῷ
3750 3713 3855 3780 λαῷ

587 3795 665 3864 τῷ
691 3797 1055 3868 πεποθημένῳ
1091 3799 1194 3852 ὑπὸ
1232 3800 1324 3852 τοῦ
1354 3801 1489 3854 Θεοῦ
1518 3803 1653 3874 πρὸς
1685 3803 1777 3856 τὸν
1799 3805 2043 3859 διάϐολον
2063 3824 2078 3838 ·
2110 3808 2470 3880 ἑρμηνεύεται
2497 3807 2604 3878 γὰρ
2633 3807 2691 3859 τὸ
2735 3806 2829 3859 τοῦ
2868 3806 3047 3860 Δαόὶὸ
3075 3806 3244 3876 ὄνομα
3274 3806 3725 3874 πεποθημένες,
3769 3807 3856 3858 καὶ

588 3887 647 3940 τὸ
675 3887 766 3943 τοῦ
805 3890 1026 3946 Γολιὰθ
1055 3891 1225 3963 ὄνομα
1247 3897 1610 3964 μετοικίζων,
1656 3900 1934 3954 τουτέστιν
1957 3903 2402 3972 αἱχμαλωτίζων
2421 3945 2435 3968 ,
2462 3903 2599 3973 ὅπερ
2628 3901 2814 3972 σαφῶς
2834 3903 2861 3954 6
2885 3901 3128 3965 διάϐολός
3159 3903 3332 3966 ἐστιν,
3353 3903 3382 3954 ὀ
3408 3901 3623 3966 πάντας
3657 3903 3857 3971 αἰχμα-

590 3983 848 4048 λωτίζων.

659 4099 874 4157 Titulus
897 4103 1223 4172 praepositus
1247 4105 1530 4158 continet:
1568 4103 1811 4159 Psalmus
1840 4106 2011 4160 David
2047 4108 2298 4165 adversus
2327 4108 2542 4164 Goliath
2563 4129 2582 4176 ;
2618 4113 2722 4167 hoc
2749 4113 2913 4181 igitur
2942 4111 3076 4166 dicit
3118 4111 3362 4181 psalmus
3398 4109 3604 4178 populo
3641 4109 3858 4164 desidb

589 4207 708 4251 rato
732 4212 759 4250 a
785 4195 895 4250 Deo
917 4197 1182 4254 adversus
1211 4198 1487 4253 diabolum
1517 4219 1528 4253 :
1564 4200 1764 4255 etenim
1795 4217 1992 4257 nomen
2021 4202 2194 4258 David
2223 4206 2610 4274 interpretatur
2638 4207 2989 4272 desideratus,
3019 4215 3075 4260 et
3103 4220 3301 4260 nomen
3336 4203 3557 4258 Goliatlt
3592 4204 3858 4272 interpre»

590 4303 732 4346 tatur
759 4294 1134 4364 transmigrare
1157 4296 1397 4366 faciem:
1423 4298 1529 4353 hoc
1560 4307 1648 4354 est
1676 4299 1733 4352 in
1767 4302 2126 4369 captivitatem
2173 4302 2399 4371 ducens,
2428 4304 2608 4374 qualis
2659 4303 2948 4359 manifeste
2982 4302 3236 4357 diabolus
3279 4311 3383 4368 est,
3416 4301 3513 4365 qui
3545 4316 3750 4356 omnes
3803 4302 3855 4355 i

587 4384 950 4452 captivitatem
973 4386 1144 4442 ducit.

659 4476 712 4530 1.
739 4475 1047 4532 Secundum
1097 4489 1344 4536 naturam
1368 4482 1686 4541 benedictus
1721 4484 1985 4544 Dominus
2020 4488 2163 4544 Deus

2347 4489 2392 4544 Ι.
2424 4490 2578 4543 Κατὰ
2600 4491 2760 4557 φύσιν
2793 4489 3084 4558 εὐλογητὸς
3111 4491 3139 4542 6
3166 4487 3369 4555 Κύριος
3389 4485 3516 4553 6(6)
3549 4485 3688 4548 Θεός
3729 4504 3851 4556 μου,

587 4588 779 4636 meus,
823 4573 918 4642 qui
969 4575 1140 4646 gratia
1191 4577 1365 4632 sancti
1423 4575 1659 4647 Spiritus
1718 4583 1803 4635 sui
1854 4581 2015 4637 docet
2071 4599 2164 4637 cor

2267 4583 2294 4634 6
2328 4581 2403 4650 (7)
2433 4585 2498 4652 τῇ
2530 4583 2712 4653 χάριτι
2746 4581 2839 4634 τοῦ
2872 4581 3027 4649 ἁγίου
3052 4579 3368 4648 Πνεύματος
3396 4577 3564 4630 αὑτοῦ
3581 4578 3854 4631 διδάσκων

590 4680 769 4719 meum
801 4681 858 4720 se
883 4667 1059 4737 ipsum
1098 4682 1400 4736 praeparare
1429 4671 1693 4726 adversus
1738 4687 1956 4728 omnem
1988 4684 2165 4730 tenta-

2267 4672 2363 4743 τὴν
2386 4673 2612 4745 καρδίαν
2643 4691 2744 4743 μου
2769 4671 3108 4742 εὐτρεπίζειν
3130 4670 3326 4742 ἑαυτὴν
3351 4668 3488 4739 πρὸς
3518 4669 3704 4722 πάντα
3734 4685 3852 4720 πει·-

614 4757 812 4812 ionem.
2271 4765 2497 4816 οασιιόν.

591 4768 812 4812 tionem.

656 4842 710 4896 2.
748 4841 810 4897 Et
835 4854 1067 4900 mentem
1097 4861 1274 4900 meam
1306 4847 1560 4903 resistere
1583 4849 1841 4906 omnibus
1871 4853 1994 4906 telis
2021 4853 2161 4923 igni-

2344 4780 2373 4814 σ
2419 4768 2497 4815 6v.

2269 4781 2526 4908 Pa2fLKal.
2548 4857 2646 4924 τὴν
2672 4857 2910 4910 διάνοιάν
2949 4875 3048 4926 μου
3089 4853 3444 4908 ἀνθίστασθαι
3479 4855 3622 4926 πρὸς
3677 4858 3853 4908 πάντα.

591 4935 660 4990 tis
689 4934 918 4990 inimici.

2265 4943 2333 4995 τὰ
2371 4945 2496 5013 βέλη
2523 4945 2616 5001 τοῦ
2649 4945 2845 5015 ἐχθροῦ
2873 4946 2940 4999 τὰ
2975 4946 3365 5014 πεπυρωμένα.

661 5031 711 5083 5.
751 5028 983 5098 Requies
1019 5047 1135 5085 mea
1165 5041 1218 5085 et
1249 5034 1514 5101 protectio
1544 5050 1681 5088 mea.

2340 5037 2390 5090 5.
2433 5039 2759 5100 Ἀνάπαυσῐς
2790 5057 2912 5108 μου,
2950 5040 3042 5092 καὶ
3073 5039 3246 5110 σκέπη
3276 5055 3400 5108 μου.

1510 5299 1816 5360 Addenda
1875 5306 1937 5360 et
1980 5299 2353 5380 corrigenda
2401 5317 2480 5362 ex
2539 5302 2681 5363 cod.
2729 5301 2929 5362 Vatic.

665 5463 739 5521 (ll
773 5463 846 5516 Τὸ
878 5463 1031 5529 ἇγιον
1061 5463 1265 5547 ἀγαθὸν
1295 5463 1538 5533 Πνεῦμα,
1564 5473 1668 5517 etc.
2349 5466 2425 5533 (5)
2468 5467 2531 5517 Ἢ
2564 5465 2650 5548 διά
2682 5470 2782 5536 τῆς
2828 5464 3488 5591 κινναϐάρεως-περιέχει
3512 5483 3524 5494 ·
3572 5467 3667 5536 Τῷ
3694 5465 3855 5521 Δαΰὶδ

666 5536 741 5591 (2)
776 5536 839 5587 N.
867 5533 956 5586 28.
988 5533 1109 5585 Ὅτι
1136 5553 1243 5591 »ων
1271 5535 1556 5591 ὑπάρχεις.
1587 5545 1691 5587 etc.
1735 5549 1908 5591 usque
1937 5535 2000 5588 ad
2045 5537 2171 5591 ζωο-
2278 5536 2413 5591 πρὸς
2436 5535 2527 5587 τὸν
2544 5537 2754 5591 ΓοΑιάδ.
2779 5547 2909 5591 etc..
2938 5536 3031 5590 καὶ
3058 5537 3120 5590 τὸ
3146 5553 3239 5589 του
3261 5537 3330 5590 Γο
3367 5536 3451 5590 «to
3478 5536 3654 5591 δνοιια
3685 5539 3852 5591 tann-

666 5536 741 5638 ςὶ)
776 5536 839 5587 Ν.
867 5533 1243 5638 ἒζζὲὴεὲὦν
1268 5535 2171 5638 ειπάρχεις.ηείξξ.ηὲεηυξῧεῇνζωοο
2276 5533 3031 5638 καὶ
3058 5533 3120 5590 τὸ
3146 5535 3239 5589 τοῦ
3261 5533 3452 5591 roma
3478 5533 3654 5608 δνομὰ
3685 5539 3852 5610 ἑρμηο

594 5604 944 5676 ποίησονηΝ.
970 5604 1059 5676 29.
1092 5605 1193 5676 _’Ev
1225 5604 1325 5673 τῷ.
1360 5604 1463 5661 etc.
1498 5621 1672 5675 usque
1703 5604 1766 5658 ad
1797 5606 1940 5675 ψυχῇ
1974 5624 2093 5676 μου.

1409 5621 1463 5661 .c.
1498 5621 1672 5675 usque
1703 5604 1766 5658 ad
1797 5606 1940 5675 ψυχῇ
1974 5624 2093 5676 μου.
2276 5604 2486 5659 νεύεται
2525 5608 2865 5676 μετοικίζων,
2901 5615 3003 5660 etc.

771 5674 1227 5762 Ξπλαγχνίσθητι,
1265 5687 1367 5730 etc.
1587 5674 1598 5675 ί
1815 5674 1818 5675 ν
1900 5674 1904 5675 ν
1977 5674 1984 5676 ’

1815 5674 1818 5675 ⁷
1900 5674 1904 5675 ν
1977 5674 1984 5676 ’
2455 5676 2756 5762 Ξὺλργητὸς
2771 5674 2856 5762 .27.,
2885 5678 3077 5762 Κύριε,
3108 5679 3154 5744 6,
3186 5689 3286 5733 etc.

669 5744 744 5813 (4)
778 5745 954 5816 Τιμίῳ
989 5763 1080 5799 σου
1111 5747 1322 5814 αἵματι.

2347 5747 2425 5820 (τ)
2455 5747 2520 5799 N.
2556 5749 2610 5800 2.
2649 5744 2704 5802 ‘o
2738 5751 2820 5818 τῇ,
2864 5761 2967 5804 etc.
