  <div class='ocr_page' id='page_1' title='image "/cluster/home/n/w/nwhite01/storage/ocr_20150623/27/ien.35556001660521/664.png"; bbox 0 0 4036 6506; ppageno 0'>
   <div class='ocr_carea' id='block_1_1' title="bbox 145 417 3377 499">
    <p class='ocr_par' dir='ltr' id='par_1_1' title="bbox 145 417 3377 499">
     <span class='ocr_line' id='line_1_1' title="bbox 145 417 3377 499; baseline -0.006 -5"><span class='ocrx_word' id='word_1_1' title='bbox 145 439 282 499; x_wconf 76' lang='lat' dir='ltr'><strong>I505</strong></span> <span class='ocrx_word' id='word_1_2' title='bbox 1015 438 1102 494; x_wconf 85' lang='lat' dir='ltr'><strong>DE</strong></span> <span class='ocrx_word' id='word_1_3' title='bbox 1143 433 1419 492; x_wconf 84' lang='lat' dir='ltr'><strong>TITULIS</strong></span> <span class='ocrx_word' id='word_1_4' title='bbox 1457 427 1912 488; x_wconf 74' lang='lat' dir='ltr'><strong>PSALMORUM.</strong></span> <span class='ocrx_word' id='word_1_5' title='bbox 1948 458 2018 468; x_wconf 93' lang='lat'><strong>—</strong></span> <span class='ocrx_word' id='word_1_6' title='bbox 2057 425 2249 480; x_wconf 80' lang='lat' dir='ltr'><strong>PSAL.</strong></span> <span class='ocrx_word' id='word_1_7' title='bbox 2304 424 2524 480; x_wconf 78' lang='lat' dir='ltr'><strong>CXLIII.</strong></span> <span class='ocrx_word' id='word_1_8' title='bbox 3240 417 3377 474; x_wconf 74' lang='lat' dir='ltr'><strong>I506</strong></span> 
     </span>
    </p>
   </div>
   <div class='ocr_carea' id='block_1_2' title="bbox 214 538 1808 630">
    <p class='ocr_par' dir='ltr' id='par_1_2' title="bbox 214 549 1784 630">
     <span class='ocr_line' id='line_1_2' title="bbox 214 549 1784 630; baseline -0.004 -17"><span class='ocrx_word' id='word_1_9' title='bbox 214 560 267 614; x_wconf 72' lang='grc'><strong>4.</strong></span> <span class='ocrx_word' id='word_1_10' title='bbox 309 559 675 630; x_wconf 83' lang='grc' dir='ltr'>Ἀντιλήπτωρ</span> <span class='ocrx_word' id='word_1_11' title='bbox 717 574 816 628; x_wconf 90' lang='grc' dir='ltr'><strong>μου</strong></span> <span class='ocrx_word' id='word_1_12' title='bbox 857 557 950 610; x_wconf 70' lang='grc' dir='ltr'>καὶ</span> <span class='ocrx_word' id='word_1_13' title='bbox 984 555 1184 626; x_wconf 76' lang='grc' dir='ltr'>ρύστης</span> <span class='ocrx_word' id='word_1_14' title='bbox 1220 572 1355 625; x_wconf 85' lang='grc' dir='ltr'>μου,</span> <span class='ocrx_word' id='word_1_15' title='bbox 1735 549 1784 606; x_wconf 79' lang='grc' dir='ltr'><strong>Α</strong></span> 
     </span>
    </p>
   </div>
   <div class='ocr_carea' id='block_1_3' title="bbox 1431 538 3025 630">
    <p class='ocr_par' dir='ltr' id='par_1_3' title="bbox 1735 538 3025 612">
     <span class='ocr_line' id='line_1_3' title="bbox 1735 538 3025 612; baseline -0.006 -13"><span class='ocrx_word' id='word_1_16' title='bbox 1735 549 1784 606; x_wconf 78' lang='grc' dir='ltr'><strong>Α</strong></span> <span class='ocrx_word' id='word_1_17' title='bbox 1880 543 1932 597; x_wconf 73' lang='grc'><strong>4.</strong></span> <span class='ocrx_word' id='word_1_18' title='bbox 1969 542 2264 612; x_wconf 87' lang='lat' dir='ltr'><strong>Susceptor</strong></span> <span class='ocrx_word' id='word_1_19' title='bbox 2296 557 2454 596; x_wconf 86' lang='lat' dir='ltr'><strong>meus</strong></span> <span class='ocrx_word' id='word_1_20' title='bbox 2473 549 2527 595; x_wconf 92' lang='lat' dir='ltr'><strong>et</strong></span> <span class='ocrx_word' id='word_1_21' title='bbox 2550 538 2806 601; x_wconf 80' lang='lat' dir='ltr'><strong>liberator</strong></span> <span class='ocrx_word' id='word_1_22' title='bbox 2839 552 3025 601; x_wconf 86' lang='lat' dir='ltr'><strong>meus,</strong></span> 
     </span>
    </p>
   </div>
   <div class='ocr_carea' id='block_1_4' title="bbox 216 631 1810 723">
    <p class='ocr_par' dir='ltr' id='par_1_4' title="bbox 216 643 1596 723">
     <span class='ocr_line' id='line_1_4' title="bbox 216 643 1596 723; baseline -0.005 -21"><span class='ocrx_word' id='word_1_23' title='bbox 216 651 269 702; x_wconf 80' lang='grc'><strong>5.</strong></span> <span class='ocrx_word' id='word_1_24' title='bbox 314 650 754 723; x_wconf 73' lang='grc' dir='ltr'>’Υπερασπιστής</span> <span class='ocrx_word' id='word_1_25' title='bbox 787 664 907 718; x_wconf 88' lang='grc' dir='ltr'>μου,</span> <span class='ocrx_word' id='word_1_26' title='bbox 944 647 1040 700; x_wconf 73' lang='grc' dir='ltr'>καὶ</span> <span class='ocrx_word' id='word_1_27' title='bbox 1067 648 1154 700; x_wconf 77' lang='grc' dir='ltr'><strong>ἐπ’</strong></span> <span class='ocrx_word' id='word_1_28' title='bbox 1183 645 1330 716; x_wconf 82' lang='grc' dir='ltr'>αὐτῷ</span> <span class='ocrx_word' id='word_1_29' title='bbox 1357 643 1596 716; x_wconf 74' lang='grc' dir='ltr'>ἧλπισα,</span> 
     </span>
    </p>
   </div>
   <div class='ocr_carea' id='block_1_5' title="bbox 1457 631 3051 723">
    <p class='ocr_par' dir='ltr' id='par_1_5' title="bbox 1457 631 3051 709">
     <span class='ocr_line' id='line_1_5' title="bbox 1457 631 3051 709; baseline -0.008 -13"><span class='ocrx_word' id='word_1_30' title='bbox 1457 659 1596 709; x_wconf 80' lang='grc' dir='ltr'>ιισα,</span> <span class='ocrx_word' id='word_1_31' title='bbox 1885 638 1937 691; x_wconf 81' lang='lat'><strong>5.</strong></span> <span class='ocrx_word' id='word_1_32' title='bbox 1973 635 2250 691; x_wconf 87' lang='lat' dir='ltr'><strong>Protector</strong></span> <span class='ocrx_word' id='word_1_33' title='bbox 2282 649 2457 697; x_wconf 88' lang='lat' dir='ltr'><strong>meus,</strong></span> <span class='ocrx_word' id='word_1_34' title='bbox 2493 641 2547 687; x_wconf 91' lang='lat' dir='ltr'><strong>et</strong></span> <span class='ocrx_word' id='word_1_35' title='bbox 2576 631 2631 686; x_wconf 91' lang='lat' dir='ltr'><strong>in</strong></span> <span class='ocrx_word' id='word_1_36' title='bbox 2661 632 2778 701; x_wconf 90' lang='lat' dir='ltr'><strong>ipso</strong></span> <span class='ocrx_word' id='word_1_37' title='bbox 2799 631 3051 701; x_wconf 82' lang='lat' dir='ltr'><strong>speravi,</strong></span> 
     </span>
    </p>
   </div>
   <div class='ocr_carea' id='block_1_6' title="bbox 215 717 1809 809">
    <p class='ocr_par' dir='ltr' id='par_1_6' title="bbox 215 717 1706 809">
     <span class='ocr_line' id='line_1_6' title="bbox 215 717 1706 809; baseline -0.005 -13"><span class='ocrx_word' id='word_1_38' title='bbox 215 742 269 796; x_wconf 90' lang='lat'><strong>6.</strong></span> <span class='ocrx_word' id='word_1_39' title='bbox 308 742 366 795; x_wconf 85' lang='grc' dir='ltr'>Ὀ</span> <span class='ocrx_word' id='word_1_40' title='bbox 397 717 720 796; x_wconf 81' lang='grc' dir='ltr'>ὑποτάσσων</span> <span class='ocrx_word' id='word_1_41' title='bbox 748 717 840 793; x_wconf 75' lang='grc' dir='ltr'><strong>τδν</strong></span> <span class='ocrx_word' id='word_1_42' title='bbox 872 738 1000 792; x_wconf 88' lang='grc' dir='ltr'>λαόν</span> <span class='ocrx_word' id='word_1_43' title='bbox 1035 755 1134 809; x_wconf 87' lang='grc' dir='ltr'><strong>μου</strong></span> <span class='ocrx_word' id='word_1_44' title='bbox 1166 739 1250 790; x_wconf 78' lang='grc' dir='ltr'><strong>ἐπ’</strong></span> <span class='ocrx_word' id='word_1_45' title='bbox 1280 737 1378 806; x_wconf 85' lang='grc' dir='ltr'><strong>ὲμέ</strong></span> <span class='ocrx_word' id='word_1_46' title='bbox 1411 734 1706 808; x_wconf 51' lang='lat' dir='ltr'><strong>[Orﬁtus].</strong></span> 
     </span>
    </p>
   </div>
   <div class='ocr_carea' id='block_1_7' title="bbox 1479 717 3073 809">
    <p class='ocr_par' dir='ltr' id='par_1_7' title="bbox 1479 717 3073 806">
     <span class='ocr_line' id='line_1_7' title="bbox 1479 717 3073 806; baseline -0.002 -34"><span class='ocrx_word' id='word_1_47' title='bbox 1479 734 1706 806; x_wconf 60' lang='grc' dir='ltr'><strong>π’ὲμέ],</strong></span> <span class='ocrx_word' id='word_1_48' title='bbox 1885 719 1939 774; x_wconf 83' lang='grc'><strong>6.</strong></span> <span class='ocrx_word' id='word_1_49' title='bbox 1981 719 2086 785; x_wconf 84' lang='lat' dir='ltr'><strong>Qui</strong></span> <span class='ocrx_word' id='word_1_50' title='bbox 2119 719 2301 774; x_wconf 86' lang='lat' dir='ltr'><strong>subdit</strong></span> <span class='ocrx_word' id='word_1_51' title='bbox 2328 718 2586 788; x_wconf 90' lang='lat' dir='ltr'><strong>p0pulum</strong></span> <span class='ocrx_word' id='word_1_52' title='bbox 2627 732 2807 771; x_wconf 90' lang='lat' dir='ltr'><strong>meum</strong></span> <span class='ocrx_word' id='word_1_53' title='bbox 2836 717 2938 771; x_wconf 88' lang='lat' dir='ltr'><strong>sub</strong></span> <span class='ocrx_word' id='word_1_54' title='bbox 2967 731 3073 770; x_wconf 91' lang='lat' dir='ltr'><strong>me.</strong></span> 
     </span>
    </p>
   </div>
   <div class='ocr_carea' id='block_1_8' title="bbox 217 807 1811 905">
    <p class='ocr_par' dir='ltr' id='par_1_8' title="bbox 217 807 1705 905">
     <span class='ocr_line' id='line_1_8' title="bbox 217 807 1705 905; baseline -0.002 -21"><span class='ocrx_word' id='word_1_55' title='bbox 217 833 269 886; x_wconf 93' lang='lat'><strong>7.</strong></span> <span class='ocrx_word' id='word_1_56' title='bbox 299 832 486 905; x_wconf 81' lang='grc' dir='ltr'>Κύριε,</span> <span class='ocrx_word' id='word_1_57' title='bbox 520 834 572 886; x_wconf 87' lang='grc' dir='ltr'><strong>τί</strong></span> <span class='ocrx_word' id='word_1_58' title='bbox 606 835 752 886; x_wconf 76' lang='grc' dir='ltr'>ἐστιν</span> <span class='ocrx_word' id='word_1_59' title='bbox 792 807 1098 901; x_wconf 81' lang='grc' dir='ltr'>ἄνθρωπος,</span> <span class='ocrx_word' id='word_1_60' title='bbox 1124 832 1209 884; x_wconf 84' lang='grc' dir='ltr'><strong>ὅτι</strong></span> <span class='ocrx_word' id='word_1_61' title='bbox 1238 807 1517 898; x_wconf 82' lang='grc' dir='ltr'>ὲγνὼσθης</span> <span class='ocrx_word' id='word_1_62' title='bbox 1535 827 1705 898; x_wconf 83' lang='grc' dir='ltr'>αὐτῷ;</span> 
     </span>
    </p>
   </div>
   <div class='ocr_carea' id='block_1_9' title="bbox 1711 807 3305 905">
    <p class='ocr_par' dir='ltr' id='par_1_9' title="bbox 1885 807 3305 880">
     <span class='ocr_line' id='line_1_9' title="bbox 1885 807 3305 880; baseline -0.001 -16"><span class='ocrx_word' id='word_1_63' title='bbox 1885 811 1939 865; x_wconf 90' lang='lat'><strong>7.</strong></span> <span class='ocrx_word' id='word_1_64' title='bbox 1983 810 2231 875; x_wconf 84' lang='lat' dir='ltr'><strong>Domine,</strong></span> <span class='ocrx_word' id='word_1_65' title='bbox 2257 809 2386 880; x_wconf 89' lang='lat' dir='ltr'><strong>quid</strong></span> <span class='ocrx_word' id='word_1_66' title='bbox 2413 819 2496 864; x_wconf 89' lang='lat' dir='ltr'><strong>est</strong></span> <span class='ocrx_word' id='word_1_67' title='bbox 2527 810 2710 872; x_wconf 89' lang='lat' dir='ltr'><strong>homo,</strong></span> <span class='ocrx_word' id='word_1_68' title='bbox 2743 809 2870 878; x_wconf 88' lang='lat' dir='ltr'><strong>quia</strong></span> <span class='ocrx_word' id='word_1_69' title='bbox 2911 807 3195 863; x_wconf 87' lang='lat' dir='ltr'><strong>innotuisti</strong></span> <span class='ocrx_word' id='word_1_70' title='bbox 3221 809 3305 863; x_wconf 77' lang='lat' dir='ltr'><strong>ei?</strong></span> 
     </span>
    </p>
   </div>
   <div class='ocr_carea' id='block_1_10' title="bbox 213 897 1807 988">
    <p class='ocr_par' dir='ltr' id='par_1_10' title="bbox 213 897 1675 988">
     <span class='ocr_line' id='line_1_10' title="bbox 213 897 1675 988; baseline -0.003 -18"><span class='ocrx_word' id='word_1_71' title='bbox 213 917 267 970; x_wconf 91' lang='lat'><strong>8.</strong></span> <span class='ocrx_word' id='word_1_72' title='bbox 308 897 520 981; x_wconf 71' lang='grc' dir='ltr'>’Ἡύίὸς</span> <span class='ocrx_word' id='word_1_73' title='bbox 543 916 850 988; x_wconf 84' lang='grc' dir='ltr'>ἀνθρώπου,</span> <span class='ocrx_word' id='word_1_74' title='bbox 879 897 960 970; x_wconf 74' lang='grc' dir='ltr'><strong>δτι</strong></span> <span class='ocrx_word' id='word_1_75' title='bbox 997 917 1186 986; x_wconf 79' lang='grc' dir='ltr'>λογίζη</span> <span class='ocrx_word' id='word_1_76' title='bbox 1217 897 1364 986; x_wconf 77' lang='grc' dir='ltr'>αὑτῷ</span> <span class='ocrx_word' id='word_1_77' title='bbox 1407 897 1598 986; x_wconf 71' lang='grc' dir='ltr'>[αὐτόν</span> 
     </span>
    </p>
   </div>
   <div class='ocr_carea' id='block_1_11' title="bbox 1517 897 3111 988">
    <p class='ocr_par' dir='ltr' id='par_1_11' title="bbox 1517 897 3111 984">
     <span class='ocr_line' id='line_1_11' title="bbox 1517 897 3111 984; baseline -0.01 -18"><span class='ocrx_word' id='word_1_78' title='bbox 1517 914 1598 966; x_wconf 78' lang='grc' dir='ltr'><strong>τόν</strong></span> <span class='ocrx_word' id='word_1_79' title='bbox 1621 897 1675 984; x_wconf 62' lang='grc' dir='ltr'><strong>]ξ</strong></span> <span class='ocrx_word' id='word_1_80' title='bbox 1885 899 1938 955; x_wconf 89' lang='grc'><strong>8.</strong></span> <span class='ocrx_word' id='word_1_81' title='bbox 1978 901 2082 954; x_wconf 88' lang='lat' dir='ltr'><strong>Aut</strong></span> <span class='ocrx_word' id='word_1_82' title='bbox 2105 900 2249 954; x_wconf 84' lang='lat' dir='ltr'><strong>ﬁlius</strong></span> <span class='ocrx_word' id='word_1_83' title='bbox 2271 899 2525 960; x_wconf 89' lang='lat' dir='ltr'><strong>hominis.</strong></span> <span class='ocrx_word' id='word_1_84' title='bbox 2554 899 2681 968; x_wconf 83' lang='lat' dir='ltr'><strong>quia</strong></span> <span class='ocrx_word' id='word_1_85' title='bbox 2709 907 2928 967; x_wconf 87' lang='lat' dir='ltr'><strong>reputas</strong></span> <span class='ocrx_word' id='word_1_86' title='bbox 2947 897 3111 951; x_wconf 84' lang='lat' dir='ltr'><strong>eum?</strong></span> 
     </span>
    </p>
   </div>
   <div class='ocr_carea' id='block_1_12' title="bbox 213 988 1807 1078">
    <p class='ocr_par' dir='ltr' id='par_1_12' title="bbox 213 1005 1293 1078">
     <span class='ocr_line' id='line_1_12' title="bbox 213 1005 1293 1078; baseline -0.006 -16"><span class='ocrx_word' id='word_1_87' title='bbox 213 1007 268 1062; x_wconf 89' lang='lat'><strong>9.</strong></span> <span class='ocrx_word' id='word_1_88' title='bbox 308 1007 623 1078; x_wconf 83' lang='grc' dir='ltr'><strong>Ἀνθρωπος</strong></span> <span class='ocrx_word' id='word_1_89' title='bbox 647 1006 966 1075; x_wconf 78' lang='grc' dir='ltr'><strong>ματαιότητι</strong></span> <span class='ocrx_word' id='word_1_90' title='bbox 993 1005 1247 1075; x_wconf 82' lang='grc' dir='ltr'><strong>ὡμοιώθη</strong></span> <span class='ocrx_word' id='word_1_91' title='bbox 1279 1021 1293 1035; x_wconf 87' lang='grc'><strong>·</strong></span> 
     </span>
    </p>
   </div>
   <div class='ocr_carea' id='block_1_13' title="bbox 1405 988 2999 1078">
    <p class='ocr_par' dir='ltr' id='par_1_13' title="bbox 1889 988 2999 1048">
     <span class='ocr_line' id='line_1_13' title="bbox 1889 988 2999 1048; baseline -0.006 0"><span class='ocrx_word' id='word_1_92' title='bbox 1889 993 1943 1048; x_wconf 88' lang='lat'><strong>9.</strong></span> <span class='ocrx_word' id='word_1_93' title='bbox 1978 991 2153 1046; x_wconf 91' lang='lat' dir='ltr'><strong>llomo</strong></span> <span class='ocrx_word' id='word_1_94' title='bbox 2188 990 2410 1044; x_wconf 77' lang='lat' dir='ltr'><strong>vanitati</strong></span> <span class='ocrx_word' id='word_1_95' title='bbox 2443 991 2638 1044; x_wconf 85' lang='lat' dir='ltr'><strong>similis</strong></span> <span class='ocrx_word' id='word_1_96' title='bbox 2669 988 2843 1043; x_wconf 81' lang='lat' dir='ltr'><strong>factus</strong></span> <span class='ocrx_word' id='word_1_97' title='bbox 2877 997 2999 1042; x_wconf 86' lang='lat' dir='ltr'><strong>est:</strong></span> 
     </span>
    </p>
   </div>
   <div class='ocr_carea' id='block_1_14' title="bbox 216 1080 1810 1167">
    <p class='ocr_par' dir='ltr' id='par_1_14' title="bbox 216 1095 1497 1167">
     <span class='ocr_line' id='line_1_14' title="bbox 216 1095 1497 1167; baseline -0.002 -17"><span class='ocrx_word' id='word_1_98' title='bbox 216 1097 306 1152; x_wconf 91' lang='grc'><strong>10.</strong></span> <span class='ocrx_word' id='word_1_99' title='bbox 332 1098 394 1149; x_wconf 82' lang='grc' dir='ltr'>Δί</span> <span class='ocrx_word' id='word_1_100' title='bbox 426 1096 626 1167; x_wconf 82' lang='grc' dir='ltr'><strong>ἡμέραι</strong></span> <span class='ocrx_word' id='word_1_101' title='bbox 652 1095 816 1150; x_wconf 87' lang='grc' dir='ltr'>αὐτοῦ</span> <span class='ocrx_word' id='word_1_102' title='bbox 849 1095 980 1148; x_wconf 77' lang='grc' dir='ltr'>ὡσεὶ</span> <span class='ocrx_word' id='word_1_103' title='bbox 1010 1096 1137 1148; x_wconf 84' lang='grc' dir='ltr'>σκιὰ</span> <span class='ocrx_word' id='word_1_104' title='bbox 1170 1095 1497 1164; x_wconf 75' lang='grc' dir='ltr'><strong>παράγουσι.</strong></span> 
     </span>
    </p>
   </div>
   <div class='ocr_carea' id='block_1_15' title="bbox 1435 1080 3029 1167">
    <p class='ocr_par' dir='ltr' id='par_1_15' title="bbox 1435 1080 3029 1150">
     <span class='ocr_line' id='line_1_15' title="bbox 1435 1080 3029 1150; baseline -0.002 -14"><span class='ocrx_word' id='word_1_105' title='bbox 1435 1111 1497 1148; x_wconf 68' lang='grc' dir='ltr'><strong>τι,</strong></span> <span class='ocrx_word' id='word_1_106' title='bbox 1887 1084 1976 1137; x_wconf 91' lang='grc'><strong>10.</strong></span> <span class='ocrx_word' id='word_1_107' title='bbox 2010 1082 2134 1137; x_wconf 87' lang='lat' dir='ltr'><strong>Dies</strong></span> <span class='ocrx_word' id='word_1_108' title='bbox 2157 1082 2274 1150; x_wconf 83' lang='lat' dir='ltr'><strong>ejus</strong></span> <span class='ocrx_word' id='word_1_109' title='bbox 2301 1082 2443 1136; x_wconf 88' lang='lat' dir='ltr'><strong>sicut</strong></span> <span class='ocrx_word' id='word_1_110' title='bbox 2467 1080 2661 1135; x_wconf 88' lang='lat' dir='ltr'><strong>umbra</strong></span> <span class='ocrx_word' id='word_1_111' title='bbox 2687 1089 3029 1149; x_wconf 69' lang='lat' dir='ltr'><strong>praetereunt.</strong></span> 
     </span>
    </p>
   </div>
   <div class='ocr_carea' id='block_1_16' title="bbox 214 1168 1808 1258">
    <p class='ocr_par' dir='ltr' id='par_1_16' title="bbox 214 1182 1496 1258">
     <span class='ocr_line' id='line_1_16' title="bbox 214 1182 1496 1258; baseline -0.005 -17"><span class='ocrx_word' id='word_1_112' title='bbox 214 1188 305 1241; x_wconf 89' lang='grc'><strong>11.</strong></span> <span class='ocrx_word' id='word_1_113' title='bbox 335 1186 530 1258; x_wconf 85' lang='grc' dir='ltr'>Κύριε,</span> <span class='ocrx_word' id='word_1_114' title='bbox 561 1186 737 1239; x_wconf 84' lang='grc' dir='ltr'>κλῖνον</span> <span class='ocrx_word' id='word_1_115' title='bbox 762 1186 1047 1255; x_wconf 72' lang='grc' dir='ltr'>οὐρανοὺς,</span> <span class='ocrx_word' id='word_1_116' title='bbox 1080 1186 1172 1237; x_wconf 72' lang='grc' dir='ltr'>καὶ</span> <span class='ocrx_word' id='word_1_117' title='bbox 1206 1182 1496 1253; x_wconf 76' lang='grc' dir='ltr'>κατάϐηθι·</span> 
     </span>
    </p>
   </div>
   <div class='ocr_carea' id='block_1_17' title="bbox 1567 1168 3161 1258">
    <p class='ocr_par' dir='ltr' id='par_1_17' title="bbox 1891 1168 3161 1236">
     <span class='ocr_line' id='line_1_17' title="bbox 1891 1168 3161 1236; baseline -0.003 -10"><span class='ocrx_word' id='word_1_118' title='bbox 1891 1174 1976 1226; x_wconf 90' lang='lat' dir='ltr'><strong>II.</strong></span> <span class='ocrx_word' id='word_1_119' title='bbox 2015 1171 2262 1236; x_wconf 90' lang='lat' dir='ltr'><strong>Domine,</strong></span> <span class='ocrx_word' id='word_1_120' title='bbox 2297 1172 2495 1226; x_wconf 88' lang='lat' dir='ltr'><strong>inclina</strong></span> <span class='ocrx_word' id='word_1_121' title='bbox 2521 1171 2690 1226; x_wconf 79' lang='lat' dir='ltr'><strong>caelos</strong></span> <span class='ocrx_word' id='word_1_122' title='bbox 2714 1212 2728 1236; x_wconf 91' lang='lat'><strong>,</strong></span> <span class='ocrx_word' id='word_1_123' title='bbox 2769 1179 2823 1224; x_wconf 92' lang='lat' dir='ltr'><strong>et</strong></span> <span class='ocrx_word' id='word_1_124' title='bbox 2854 1168 3118 1224; x_wconf 84' lang='lat' dir='ltr'><strong>descende</strong></span> <span class='ocrx_word' id='word_1_125' title='bbox 3147 1184 3161 1222; x_wconf 89' lang='lat'><strong>:</strong></span> 
     </span>
    </p>
   </div>
   <div class='ocr_carea' id='block_1_18' title="bbox 213 1260 2928 1348">
    <p class='ocr_par' dir='ltr' id='par_1_18' title="bbox 213 1260 2928 1348">
     <span class='ocr_line' id='line_1_18' title="bbox 213 1260 2928 1348; baseline -0.006 -16"><span class='ocrx_word' id='word_1_126' title='bbox 213 1279 302 1332; x_wconf 72' lang='grc'><strong>12.</strong></span> <span class='ocrx_word' id='word_1_127' title='bbox 339 1279 509 1348; x_wconf 57' lang='lat' dir='ltr'><strong>&quot;Atla:</strong></span> <span class='ocrx_word' id='word_1_128' title='bbox 535 1278 644 1330; x_wconf 84' lang='grc' dir='ltr'><strong>τῶν</strong></span> <span class='ocrx_word' id='word_1_129' title='bbox 677 1278 869 1348; x_wconf 78' lang='grc' dir='ltr'>ὀρέων,</span> <span class='ocrx_word' id='word_1_130' title='bbox 897 1278 991 1331; x_wconf 76' lang='grc' dir='ltr'>καὶ</span> <span class='ocrx_word' id='word_1_131' title='bbox 1025 1275 1510 1344; x_wconf 79' lang='grc' dir='ltr'>καπνισθήσονται.</span> <span class='ocrx_word' id='word_1_132' title='bbox 1893 1262 1976 1316; x_wconf 60' lang='grc'><strong>12.</strong></span> <span class='ocrx_word' id='word_1_133' title='bbox 2014 1261 2198 1332; x_wconf 79' lang='lat' dir='ltr'><strong>Tange</strong></span> <span class='ocrx_word' id='word_1_134' title='bbox 2222 1270 2453 1325; x_wconf 78' lang='lat' dir='ltr'><strong>nlonleS,</strong></span> <span class='ocrx_word' id='word_1_135' title='bbox 2480 1269 2533 1315; x_wconf 77' lang='lat' dir='ltr'>CI</span> <span class='ocrx_word' id='word_1_136' title='bbox 2565 1260 2928 1328; x_wconf 80' lang='lat' dir='ltr'><strong>fumigabunt.</strong></span> 
     </span>
    </p>
   </div>
   <div class='ocr_carea' id='block_1_19' title="bbox 217 1350 1811 1442">
    <p class='ocr_par' dir='ltr' id='par_1_19' title="bbox 217 1367 1654 1442">
     <span class='ocr_line' id='line_1_19' title="bbox 217 1367 1654 1442; baseline -0.001 -20"><span class='ocrx_word' id='word_1_137' title='bbox 217 1370 306 1427; x_wconf 76' lang='grc'><strong>15.</strong></span> <span class='ocrx_word' id='word_1_138' title='bbox 343 1370 653 1441; x_wconf 79' lang='grc' dir='ltr'>Ἀστραψον</span> <span class='ocrx_word' id='word_1_139' title='bbox 681 1371 990 1442; x_wconf 82' lang='grc' dir='ltr'>ἀστραπὴν,</span> <span class='ocrx_word' id='word_1_140' title='bbox 1026 1371 1122 1422; x_wconf 78' lang='grc' dir='ltr'>καὶ</span> <span class='ocrx_word' id='word_1_141' title='bbox 1147 1371 1428 1440; x_wconf 87' lang='grc' dir='ltr'>σκορπιεῖς</span> <span class='ocrx_word' id='word_1_142' title='bbox 1458 1367 1654 1430; x_wconf 78' lang='grc' dir='ltr'>αὐτούς</span> 
     </span>
    </p>
   </div>
   <div class='ocr_carea' id='block_1_20' title="bbox 1798 1350 3392 1442">
    <p class='ocr_par' dir='ltr' id='par_1_20' title="bbox 1893 1350 3392 1423">
     <span class='ocr_line' id='line_1_20' title="bbox 1893 1350 3392 1423; baseline -0.001 -15"><span class='ocrx_word' id='word_1_143' title='bbox 1893 1353 1979 1408; x_wconf 80' lang='grc'><strong>15.</strong></span> <span class='ocrx_word' id='word_1_144' title='bbox 2017 1352 2254 1423; x_wconf 86' lang='lat' dir='ltr'><strong>Fulgura</strong></span> <span class='ocrx_word' id='word_1_145' title='bbox 2290 1353 2726 1408; x_wconf 87' lang='lat' dir='ltr'><strong>coruscationem</strong></span> <span class='ocrx_word' id='word_1_146' title='bbox 2754 1393 2768 1416; x_wconf 90' lang='lat'><strong>,</strong></span> <span class='ocrx_word' id='word_1_147' title='bbox 2817 1359 2870 1406; x_wconf 88' lang='lat' dir='ltr'><strong>et</strong></span> <span class='ocrx_word' id='word_1_148' title='bbox 2924 1350 3218 1421; x_wconf 89' lang='lat' dir='ltr'><strong>dissipabis</strong></span> <span class='ocrx_word' id='word_1_149' title='bbox 3249 1363 3344 1404; x_wconf 84' lang='lat' dir='ltr'><strong>eos</strong></span> <span class='ocrx_word' id='word_1_150' title='bbox 3374 1363 3392 1407; x_wconf 89' lang='lat'><strong>.‘</strong></span> 
     </span>
    </p>
   </div>
   <div class='ocr_carea' id='block_1_21' title="bbox 216 1444 1810 1531">
    <p class='ocr_par' dir='ltr' id='par_1_21' title="bbox 216 1461 1714 1531">
     <span class='ocr_line' id='line_1_21' title="bbox 216 1461 1714 1531; baseline -0.003 -14"><span class='ocrx_word' id='word_1_151' title='bbox 216 1462 304 1517; x_wconf 73' lang='grc'><strong>14.</strong></span> <span class='ocrx_word' id='word_1_152' title='bbox 350 1461 758 1526; x_wconf 80' lang='grc' dir='ltr'>Ἐξαπόστειλον</span> <span class='ocrx_word' id='word_1_153' title='bbox 785 1462 853 1514; x_wconf 88' lang='grc' dir='ltr'><strong>τά</strong></span> <span class='ocrx_word' id='word_1_154' title='bbox 886 1461 1014 1531; x_wconf 82' lang='grc' dir='ltr'><strong>βέλη</strong></span> <span class='ocrx_word' id='word_1_155' title='bbox 1052 1478 1169 1524; x_wconf 89' lang='grc' dir='ltr'>σου,</span> <span class='ocrx_word' id='word_1_156' title='bbox 1216 1461 1311 1514; x_wconf 70' lang='grc' dir='ltr'>καὶ</span> <span class='ocrx_word' id='word_1_157' title='bbox 1354 1461 1714 1530; x_wconf 80' lang='grc' dir='ltr'><strong>συνταράξεις</strong></span> 
     </span>
    </p>
   </div>
   <div class='ocr_carea' id='block_1_22' title="bbox 1654 1444 3248 1531">
    <p class='ocr_par' dir='ltr' id='par_1_22' title="bbox 1654 1444 3248 1524">
     <span class='ocr_line' id='line_1_22' title="bbox 1654 1444 3248 1524; baseline -0.005 -21"><span class='ocrx_word' id='word_1_158' title='bbox 1654 1479 1714 1524; x_wconf 36' lang='grc' dir='ltr'><strong>ηις</strong></span> <span class='ocrx_word' id='word_1_159' title='bbox 1894 1447 1980 1501; x_wconf 77' lang='grc'><strong>14.</strong></span> <span class='ocrx_word' id='word_1_160' title='bbox 2021 1445 2219 1501; x_wconf 89' lang='lat' dir='ltr'><strong>Emitte</strong></span> <span class='ocrx_word' id='word_1_161' title='bbox 2253 1446 2478 1516; x_wconf 83' lang='lat' dir='ltr'><strong>sagittas</strong></span> <span class='ocrx_word' id='word_1_162' title='bbox 2505 1455 2648 1511; x_wconf 88' lang='lat' dir='ltr'><strong>tuas,</strong></span> <span class='ocrx_word' id='word_1_163' title='bbox 2673 1454 2727 1500; x_wconf 92' lang='lat' dir='ltr'><strong>et</strong></span> <span class='ocrx_word' id='word_1_164' title='bbox 2760 1444 3110 1500; x_wconf 84' lang='lat' dir='ltr'><strong>conturbabis</strong></span> <span class='ocrx_word' id='word_1_165' title='bbox 3133 1457 3248 1498; x_wconf 90' lang='lat' dir='ltr'><strong>eos.</strong></span> 
     </span>
    </p>
   </div>
   <div class='ocr_carea' id='block_1_23' title="bbox 140 1570 363 1617">
    <p class='ocr_par' dir='ltr' id='par_1_23' title="bbox 140 1570 363 1617">
     <span class='ocr_line' id='line_1_23' title="bbox 140 1570 363 1617; baseline 0.013 -14"><span class='ocrx_word' id='word_1_166' title='bbox 140 1570 363 1617; x_wconf 85' lang='grc' dir='ltr'>αυτους.</span> 
     </span>
    </p>
   </div>
   <div class='ocr_carea' id='block_1_24' title="bbox 219 1641 1813 1712">
    <p class='ocr_par' dir='ltr' id='par_1_24' title="bbox 219 1641 1507 1712">
     <span class='ocr_line' id='line_1_24' title="bbox 219 1641 1507 1712; baseline 0.002 -19"><span class='ocrx_word' id='word_1_167' title='bbox 219 1641 308 1694; x_wconf 84' lang='grc'><strong>15.</strong></span> <span class='ocrx_word' id='word_1_168' title='bbox 358 1642 765 1708; x_wconf 79' lang='grc' dir='ltr'>Ἐξαπόστειλον</span> <span class='ocrx_word' id='word_1_169' title='bbox 794 1641 891 1711; x_wconf 79' lang='grc' dir='ltr'>τὴν</span> <span class='ocrx_word' id='word_1_170' title='bbox 921 1641 1078 1712; x_wconf 79' lang='grc' dir='ltr'>χεῖρά</span> <span class='ocrx_word' id='word_1_171' title='bbox 1105 1659 1196 1694; x_wconf 85' lang='grc' dir='ltr'><strong>σου</strong></span> <span class='ocrx_word' id='word_1_172' title='bbox 1234 1641 1292 1706; x_wconf 74' lang='grc' dir='ltr'>ἐξ</span> <span class='ocrx_word' id='word_1_173' title='bbox 1318 1641 1507 1710; x_wconf 53' lang='grc' dir='ltr'>ὕψους</span> 
     </span>
    </p>
   </div>
   <div class='ocr_carea' id='block_1_25' title="bbox 1362 1641 2956 1712">
    <p class='ocr_par' dir='ltr' id='par_1_25' title="bbox 1362 1642 2956 1710">
     <span class='ocr_line' id='line_1_25' title="bbox 1362 1642 2956 1710; baseline 0.002 -16"><span class='ocrx_word' id='word_1_174' title='bbox 1362 1642 1507 1710; x_wconf 61' lang='grc' dir='ltr'><strong>ξλῡυς⁸</strong></span> <span class='ocrx_word' id='word_1_175' title='bbox 1895 1645 1984 1699; x_wconf 82' lang='lat' dir='ltr'><em>I5.</em></span> <span class='ocrx_word' id='word_1_176' title='bbox 2014 1642 2217 1698; x_wconf 85' lang='lat' dir='ltr'><strong>Emitte</strong></span> <span class='ocrx_word' id='word_1_177' title='bbox 2247 1659 2468 1698; x_wconf 86' lang='lat' dir='ltr'><strong>manum</strong></span> <span class='ocrx_word' id='word_1_178' title='bbox 2512 1651 2662 1699; x_wconf 90' lang='lat' dir='ltr'><strong>tuam</strong></span> <span class='ocrx_word' id='word_1_179' title='bbox 2692 1645 2758 1698; x_wconf 90' lang='lat' dir='ltr'><strong>de</strong></span> <span class='ocrx_word' id='word_1_180' title='bbox 2797 1644 2906 1699; x_wconf 88' lang='lat' dir='ltr'><strong>alto</strong></span> <span class='ocrx_word' id='word_1_181' title='bbox 2944 1662 2956 1697; x_wconf 92' lang='lat'>:</span> 
     </span>
    </p>
   </div>
   <div class='ocr_carea' id='block_1_26' title="bbox 217 1733 1811 1807">
    <p class='ocr_par' dir='ltr' id='par_1_26' title="bbox 217 1733 1689 1804">
     <span class='ocr_line' id='line_1_26' title="bbox 217 1733 1689 1804; baseline 0.001 -20"><span class='ocrx_word' id='word_1_182' title='bbox 217 1733 305 1785; x_wconf 88' lang='grc'><strong>16.</strong></span> <span class='ocrx_word' id='word_1_183' title='bbox 356 1733 566 1796; x_wconf 81' lang='grc' dir='ltr'>Ἐξελοῦ</span> <span class='ocrx_word' id='word_1_184' title='bbox 598 1751 688 1804; x_wconf 87' lang='grc' dir='ltr'><strong>με,</strong></span> <span class='ocrx_word' id='word_1_185' title='bbox 722 1733 816 1786; x_wconf 71' lang='grc' dir='ltr'><strong>καὶ</strong></span> <span class='ocrx_word' id='word_1_186' title='bbox 851 1733 1014 1803; x_wconf 80' lang='grc' dir='ltr'>ῥῦσαί</span> <span class='ocrx_word' id='word_1_187' title='bbox 1043 1751 1110 1802; x_wconf 91' lang='grc' dir='ltr'><strong>με</strong></span> <span class='ocrx_word' id='word_1_188' title='bbox 1136 1733 1195 1796; x_wconf 73' lang='grc' dir='ltr'>ἐξ</span> <span class='ocrx_word' id='word_1_189' title='bbox 1220 1733 1425 1786; x_wconf 73' lang='grc' dir='ltr'>ὑδάτων</span> <span class='ocrx_word' id='word_1_190' title='bbox 1458 1733 1689 1796; x_wconf 82' lang='grc' dir='ltr'>πολλῶν,</span> 
     </span>
    </p>
   </div>
   <div class='ocr_carea' id='block_1_27' title="bbox 1630 1733 3224 1807">
    <p class='ocr_par' dir='ltr' id='par_1_27' title="bbox 1630 1736 3224 1807">
     <span class='ocr_line' id='line_1_27' title="bbox 1630 1736 3224 1807; baseline 0.004 -22"><span class='ocrx_word' id='word_1_191' title='bbox 1630 1750 1689 1796; x_wconf 74' lang='grc' dir='ltr'>ιν,</span> <span class='ocrx_word' id='word_1_192' title='bbox 1899 1737 1983 1792; x_wconf 85' lang='grc'><strong>16.</strong></span> <span class='ocrx_word' id='word_1_193' title='bbox 2021 1736 2182 1807; x_wconf 85' lang='lat' dir='ltr'><strong>Eripe</strong></span> <span class='ocrx_word' id='word_1_194' title='bbox 2212 1753 2319 1804; x_wconf 90' lang='lat' dir='ltr'><strong>me,</strong></span> <span class='ocrx_word' id='word_1_195' title='bbox 2351 1747 2404 1792; x_wconf 91' lang='lat' dir='ltr'><strong>et</strong></span> <span class='ocrx_word' id='word_1_196' title='bbox 2427 1738 2594 1792; x_wconf 90' lang='lat' dir='ltr'><strong>libera</strong></span> <span class='ocrx_word' id='word_1_197' title='bbox 2629 1753 2716 1791; x_wconf 91' lang='lat' dir='ltr'><strong>me</strong></span> <span class='ocrx_word' id='word_1_198' title='bbox 2739 1737 2805 1791; x_wconf 91' lang='lat' dir='ltr'><strong>de</strong></span> <span class='ocrx_word' id='word_1_199' title='bbox 2826 1737 2982 1807; x_wconf 84' lang='lat' dir='ltr'><strong>aquis</strong></span> <span class='ocrx_word' id='word_1_200' title='bbox 3006 1736 3190 1791; x_wconf 90' lang='lat' dir='ltr'><strong>multis</strong></span> <span class='ocrx_word' id='word_1_201' title='bbox 3212 1777 3224 1800; x_wconf 92' lang='lat'><strong>,</strong></span> 
     </span>
    </p>
   </div>
   <div class='ocr_carea' id='block_1_28' title="bbox 217 1824 1811 1896">
    <p class='ocr_par' dir='ltr' id='par_1_28' title="bbox 217 1824 1187 1896">
     <span class='ocr_line' id='line_1_28' title="bbox 217 1824 1187 1896; baseline -0.001 -19"><span class='ocrx_word' id='word_1_202' title='bbox 217 1824 309 1878; x_wconf 87' lang='lat' dir='ltr'><strong>I7.</strong></span> <span class='ocrx_word' id='word_1_203' title='bbox 354 1826 447 1878; x_wconf 85' lang='grc' dir='ltr'><strong>Ἐκ</strong></span> <span class='ocrx_word' id='word_1_204' title='bbox 477 1826 657 1896; x_wconf 86' lang='grc' dir='ltr'>χειρὸς</span> <span class='ocrx_word' id='word_1_205' title='bbox 692 1825 825 1878; x_wconf 83' lang='grc' dir='ltr'>υίῶν</span> <span class='ocrx_word' id='word_1_206' title='bbox 858 1825 1153 1895; x_wconf 77' lang='grc' dir='ltr'><strong>ἀλλοτρίων</strong></span> <span class='ocrx_word' id='word_1_207' title='bbox 1175 1841 1187 1854; x_wconf 74' lang='grc' dir='ltr'><strong>ο</strong></span> 
     </span>
    </p>
   </div>
   <div class='ocr_carea' id='block_1_29' title="bbox 1324 1824 2918 1896">
    <p class='ocr_par' dir='ltr' id='par_1_29' title="bbox 1898 1828 2918 1886">
     <span class='ocr_line' id='line_1_29' title="bbox 1898 1828 2918 1886; baseline -0.001 -4"><span class='ocrx_word' id='word_1_208' title='bbox 1898 1828 1986 1883; x_wconf 90' lang='lat' dir='ltr'><em>I7.</em></span> <span class='ocrx_word' id='word_1_209' title='bbox 2025 1828 2098 1883; x_wconf 91' lang='lat' dir='ltr'><strong>De</strong></span> <span class='ocrx_word' id='word_1_210' title='bbox 2125 1845 2289 1886; x_wconf 89' lang='lat' dir='ltr'><strong>manu</strong></span> <span class='ocrx_word' id='word_1_211' title='bbox 2317 1829 2554 1884; x_wconf 78' lang='lat' dir='ltr'><strong>filiorum</strong></span> <span class='ocrx_word' id='word_1_212' title='bbox 2578 1830 2878 1884; x_wconf 89' lang='lat' dir='ltr'><strong>alienorum</strong></span> <span class='ocrx_word' id='word_1_213' title='bbox 2905 1845 2918 1881; x_wconf 89' lang='lat'><strong>:</strong></span> 
     </span>
    </p>
   </div>
   <div class='ocr_carea' id='block_1_30' title="bbox 220 1911 1814 1990">
    <p class='ocr_par' dir='ltr' id='par_1_30' title="bbox 220 1911 1798 1990">
     <span class='ocr_line' id='line_1_30' title="bbox 220 1911 1798 1990; baseline 0.003 -21"><span class='ocrx_word' id='word_1_214' title='bbox 220 1917 308 1970; x_wconf 89' lang='lat' dir='ltr'><strong>I8.</strong></span> <span class='ocrx_word' id='word_1_215' title='bbox 340 1911 439 1971; x_wconf 84' lang='grc' dir='ltr'><strong>Ὧν</strong></span> <span class='ocrx_word' id='word_1_216' title='bbox 463 1918 524 1971; x_wconf 87' lang='grc' dir='ltr'><strong>τὸ</strong></span> <span class='ocrx_word' id='word_1_217' title='bbox 557 1919 731 1990; x_wconf 83' lang='grc' dir='ltr'>στόμα</span> <span class='ocrx_word' id='word_1_218' title='bbox 753 1918 980 1989; x_wconf 80' lang='grc' dir='ltr'>ὲλάλησε</span> <span class='ocrx_word' id='word_1_219' title='bbox 1019 1917 1374 1989; x_wconf 87' lang='grc' dir='ltr'>ματαιότητα,</span> <span class='ocrx_word' id='word_1_220' title='bbox 1754 1920 1798 1973; x_wconf 84' lang='grc' dir='ltr'><strong>Β</strong></span> 
     </span>
    </p>
   </div>
   <div class='ocr_carea' id='block_1_31' title="bbox 1522 1911 3116 1990">
    <p class='ocr_par' dir='ltr' id='par_1_31' title="bbox 1754 1917 3116 1986">
     <span class='ocr_line' id='line_1_31' title="bbox 1754 1917 3116 1986; baseline -0.001 -13"><span class='ocrx_word' id='word_1_221' title='bbox 1754 1920 1798 1973; x_wconf 85' lang='grc' dir='ltr'><strong>Β</strong></span> <span class='ocrx_word' id='word_1_222' title='bbox 1897 1919 1984 1973; x_wconf 93' lang='grc'><strong>18.</strong></span> <span class='ocrx_word' id='word_1_223' title='bbox 2022 1917 2266 1986; x_wconf 87' lang='lat' dir='ltr'><strong>Quorum</strong></span> <span class='ocrx_word' id='word_1_224' title='bbox 2302 1936 2363 1975; x_wconf 92' lang='lat' dir='ltr'><strong>os</strong></span> <span class='ocrx_word' id='word_1_225' title='bbox 2393 1921 2634 1975; x_wconf 91' lang='lat' dir='ltr'><strong>locutum</strong></span> <span class='ocrx_word' id='word_1_226' title='bbox 2672 1929 2754 1975; x_wconf 90' lang='lat' dir='ltr'><strong>est</strong></span> <span class='ocrx_word' id='word_1_227' title='bbox 2791 1920 3116 1982; x_wconf 80' lang='lat' dir='ltr'><strong>vanitatem,</strong></span> 
     </span>
    </p>
   </div>
   <div class='ocr_carea' id='block_1_32' title="bbox 1269 2072 2250 2133">
    <p class='ocr_par' dir='ltr' id='par_1_32' title="bbox 1269 2072 2250 2133">
     <span class='ocr_line' id='line_1_32' title="bbox 1269 2072 2250 2133; baseline 0.006 -6"><span class='ocrx_word' id='word_1_228' title='bbox 1269 2073 1642 2130; x_wconf 79' lang='lat' dir='ltr'><strong>ATHANASII</strong></span> <span class='ocrx_word' id='word_1_229' title='bbox 1684 2072 2250 2133; x_wconf 79' lang='lat' dir='ltr'><strong>INTERPRETATIO</strong></span> 
     </span>
    </p>
   </div>
   <div class='ocr_carea' id='block_1_33' title="bbox 220 2234 1814 2312">
    <p class='ocr_par' dir='ltr' id='par_1_33' title="bbox 220 2234 1726 2312">
     <span class='ocr_line' id='line_1_33' title="bbox 220 2234 1726 2312; baseline -0.004 -18"><span class='ocrx_word' id='word_1_230' title='bbox 220 2242 274 2295; x_wconf 73' lang='grc'><strong>4.</strong></span> <span class='ocrx_word' id='word_1_231' title='bbox 326 2241 498 2312; x_wconf 84' lang='grc' dir='ltr'>’Υπὲρ</span> <span class='ocrx_word' id='word_1_232' title='bbox 522 2235 655 2309; x_wconf 78' lang='grc' dir='ltr'>ἐμοῦ</span> <span class='ocrx_word' id='word_1_233' title='bbox 690 2235 876 2290; x_wconf 83' lang='grc' dir='ltr'>ὲδίδων</span> <span class='ocrx_word' id='word_1_234' title='bbox 901 2235 965 2308; x_wconf 85' lang='grc' dir='ltr'><strong>[ὁ</strong></span> <span class='ocrx_word' id='word_1_235' title='bbox 1003 2234 1212 2306; x_wconf 79' lang='grc' dir='ltr'>διδοὺς]</span> <span class='ocrx_word' id='word_1_236' title='bbox 1268 2236 1344 2306; x_wconf 90' lang='grc'><strong>(1)</strong></span> <span class='ocrx_word' id='word_1_237' title='bbox 1390 2236 1579 2290; x_wconf 78' lang='grc' dir='ltr'>ἑαυτὸν</span> <span class='ocrx_word' id='word_1_238' title='bbox 1621 2236 1726 2300; x_wconf 77' lang='grc' dir='ltr'>ἓως</span> 
     </span>
    </p>
   </div>
   <div class='ocr_carea' id='block_1_34' title="bbox 1811 2234 3405 2312">
    <p class='ocr_par' dir='ltr' id='par_1_34' title="bbox 1905 2237 3405 2311">
     <span class='ocr_line' id='line_1_34' title="bbox 1905 2237 3405 2311; baseline 0.003 -18"><span class='ocrx_word' id='word_1_239' title='bbox 1905 2240 1959 2294; x_wconf 75' lang='grc'><strong>4.</strong></span> <span class='ocrx_word' id='word_1_240' title='bbox 1996 2237 2102 2292; x_wconf 90' lang='lat' dir='ltr'><strong>Pro</strong></span> <span class='ocrx_word' id='word_1_241' title='bbox 2144 2255 2230 2293; x_wconf 91' lang='lat' dir='ltr'><strong>me</strong></span> <span class='ocrx_word' id='word_1_242' title='bbox 2261 2239 2408 2294; x_wconf 88' lang='lat' dir='ltr'><strong>dedit</strong></span> <span class='ocrx_word' id='word_1_243' title='bbox 2451 2255 2510 2295; x_wconf 87' lang='lat' dir='ltr'><strong>se</strong></span> <span class='ocrx_word' id='word_1_244' title='bbox 2553 2241 2731 2310; x_wconf 91' lang='lat' dir='ltr'><strong>ipsum</strong></span> <span class='ocrx_word' id='word_1_245' title='bbox 2765 2256 2935 2311; x_wconf 88' lang='lat' dir='ltr'><strong>usque</strong></span> <span class='ocrx_word' id='word_1_246' title='bbox 2972 2241 3038 2296; x_wconf 90' lang='lat' dir='ltr'><strong>ad</strong></span> <span class='ocrx_word' id='word_1_247' title='bbox 3080 2251 3327 2307; x_wconf 87' lang='lat' dir='ltr'><strong>mortem,</strong></span> <span class='ocrx_word' id='word_1_248' title='bbox 3352 2252 3405 2297; x_wconf 91' lang='lat' dir='ltr'><strong>et</strong></span> 
     </span>
    </p>
   </div>
   <div class='ocr_carea' id='block_1_35' title="bbox 143 2328 1737 2401">
    <p class='ocr_par' dir='ltr' id='par_1_35' title="bbox 143 2328 939 2401">
     <span class='ocr_line' id='line_1_35' title="bbox 143 2328 939 2401; baseline -0.004 -14"><span class='ocrx_word' id='word_1_249' title='bbox 143 2334 404 2395; x_wconf 86' lang='grc' dir='ltr'>θανάτου,</span> <span class='ocrx_word' id='word_1_250' title='bbox 440 2332 533 2384; x_wconf 75' lang='grc' dir='ltr'>καὶ</span> <span class='ocrx_word' id='word_1_251' title='bbox 561 2328 820 2401; x_wconf 77' lang='grc' dir='ltr'>ῥυόμενός</span> <span class='ocrx_word' id='word_1_252' title='bbox 852 2345 939 2400; x_wconf 88' lang='grc' dir='ltr'>με.</span> 
     </span>
    </p>
   </div>
   <div class='ocr_carea' id='block_1_36' title="bbox 620 2328 2214 2401">
    <p class='ocr_par' dir='ltr' id='par_1_36' title="bbox 620 2328 2214 2400">
     <span class='ocr_line' id='line_1_36' title="bbox 620 2328 2214 2400; baseline 0.004 -22"><span class='ocrx_word' id='word_1_253' title='bbox 620 2328 820 2400; x_wconf 66' lang='grc' dir='ltr'>ιόμενός</span> <span class='ocrx_word' id='word_1_254' title='bbox 852 2345 939 2400; x_wconf 88' lang='grc' dir='ltr'>με.</span> <span class='ocrx_word' id='word_1_255' title='bbox 1831 2330 2080 2385; x_wconf 80' lang='lat' dir='ltr'><strong>liberavit</strong></span> <span class='ocrx_word' id='word_1_256' title='bbox 2109 2345 2214 2385; x_wconf 89' lang='lat' dir='ltr'><strong>me.</strong></span> 
     </span>
    </p>
   </div>
   <div class='ocr_carea' id='block_1_37' title="bbox 217 2416 1811 2507">
    <p class='ocr_par' dir='ltr' id='par_1_37' title="bbox 217 2416 1727 2493">
     <span class='ocr_line' id='line_1_37' title="bbox 217 2416 1727 2493; baseline -0.004 -15"><span class='ocrx_word' id='word_1_257' title='bbox 217 2426 276 2478; x_wconf 84' lang='lat'><strong>5.</strong></span> <span class='ocrx_word' id='word_1_258' title='bbox 302 2420 565 2493; x_wconf 86' lang='grc' dir='ltr'>Πρόνοιάν</span> <span class='ocrx_word' id='word_1_259' title='bbox 595 2436 696 2490; x_wconf 89' lang='grc' dir='ltr'><strong>μου</strong></span> <span class='ocrx_word' id='word_1_260' title='bbox 723 2420 979 2483; x_wconf 87' lang='grc' dir='ltr'>ποιεῖται,</span> <span class='ocrx_word' id='word_1_261' title='bbox 1005 2419 1098 2472; x_wconf 82' lang='grc' dir='ltr'><strong>καὶ</strong></span> <span class='ocrx_word' id='word_1_262' title='bbox 1121 2419 1300 2470; x_wconf 81' lang='grc' dir='ltr'>πᾶσαν</span> <span class='ocrx_word' id='word_1_263' title='bbox 1320 2416 1419 2489; x_wconf 82' lang='grc' dir='ltr'><strong>τὴν</strong></span> <span class='ocrx_word' id='word_1_264' title='bbox 1456 2419 1727 2492; x_wconf 83' lang='grc' dir='ltr'>μέριμνάν</span> 
     </span>
    </p>
   </div>
   <div class='ocr_carea' id='block_1_38' title="bbox 1813 2416 3407 2507">
    <p class='ocr_par' dir='ltr' id='par_1_38' title="bbox 1906 2421 3407 2494">
     <span class='ocr_line' id='line_1_38' title="bbox 1906 2421 3407 2494; baseline 0.004 -18"><span class='ocrx_word' id='word_1_265' title='bbox 1906 2422 1959 2476; x_wconf 83' lang='lat'><em>5.</em></span> <span class='ocrx_word' id='word_1_266' title='bbox 1991 2421 2246 2476; x_wconf 83' lang='lat' dir='ltr'><strong>Providet</strong></span> <span class='ocrx_word' id='word_1_267' title='bbox 2268 2421 2424 2488; x_wconf 86' lang='lat' dir='ltr'><strong>mihi,</strong></span> <span class='ocrx_word' id='word_1_268' title='bbox 2453 2432 2506 2478; x_wconf 91' lang='lat' dir='ltr'><strong>et</strong></span> <span class='ocrx_word' id='word_1_269' title='bbox 2527 2437 2627 2494; x_wconf 80' lang='lat' dir='ltr'><strong>ego</strong></span> <span class='ocrx_word' id='word_1_270' title='bbox 2647 2437 2865 2480; x_wconf 86' lang='lat' dir='ltr'><strong>omnem</strong></span> <span class='ocrx_word' id='word_1_271' title='bbox 2895 2439 3081 2479; x_wconf 90' lang='lat' dir='ltr'><strong>curam</strong></span> <span class='ocrx_word' id='word_1_272' title='bbox 3112 2441 3286 2480; x_wconf 79' lang='lat' dir='ltr'><strong>meam</strong></span> <span class='ocrx_word' id='word_1_273' title='bbox 3314 2445 3407 2482; x_wconf 88' lang='lat' dir='ltr'><strong>su-</strong></span> 
     </span>
    </p>
   </div>
   <div class='ocr_carea' id='block_1_39' title="bbox 146 2511 1740 2590">
    <p class='ocr_par' dir='ltr' id='par_1_39' title="bbox 146 2511 878 2590">
     <span class='ocr_line' id='line_1_39' title="bbox 146 2511 878 2590; baseline -0.01 -19"><span class='ocrx_word' id='word_1_274' title='bbox 146 2535 255 2590; x_wconf 86' lang='grc' dir='ltr'><strong>μου</strong></span> <span class='ocrx_word' id='word_1_275' title='bbox 293 2517 377 2569; x_wconf 78' lang='grc' dir='ltr'><strong>ἐπ’</strong></span> <span class='ocrx_word' id='word_1_276' title='bbox 401 2515 564 2568; x_wconf 80' lang='grc' dir='ltr'>αὑτὸν</span> <span class='ocrx_word' id='word_1_277' title='bbox 586 2511 878 2586; x_wconf 78' lang='grc' dir='ltr'><strong>ὲπέρῤιψα.</strong></span> 
     </span>
    </p>
   </div>
   <div class='ocr_carea' id='block_1_40' title="bbox 802 2511 2396 2590">
    <p class='ocr_par' dir='ltr' id='par_1_40' title="bbox 802 2511 2396 2582">
     <span class='ocr_line' id='line_1_40' title="bbox 802 2511 2396 2582; baseline 0.001 -16"><span class='ocrx_word' id='word_1_278' title='bbox 802 2511 878 2582; x_wconf 58' lang='grc' dir='ltr'><strong>μα.</strong></span> <span class='ocrx_word' id='word_1_279' title='bbox 1833 2528 1928 2582; x_wconf 89' lang='lat' dir='ltr'><strong>per</strong></span> <span class='ocrx_word' id='word_1_280' title='bbox 1961 2512 2137 2581; x_wconf 91' lang='lat' dir='ltr'><strong>ipsum</strong></span> <span class='ocrx_word' id='word_1_281' title='bbox 2172 2513 2396 2582; x_wconf 91' lang='lat' dir='ltr'><strong>projeci.</strong></span> 
     </span>
    </p>
   </div>
   <div class='ocr_carea' id='block_1_41' title="bbox 219 2599 1813 2679">
    <p class='ocr_par' dir='ltr' id='par_1_41' title="bbox 219 2599 1732 2676">
     <span class='ocr_line' id='line_1_41' title="bbox 219 2599 1732 2676; baseline -0.005 -15"><span class='ocrx_word' id='word_1_282' title='bbox 219 2608 278 2661; x_wconf 84' lang='lat'><em>6.</em></span> <span class='ocrx_word' id='word_1_283' title='bbox 324 2607 382 2658; x_wconf 87' lang='grc' dir='ltr'>Ὀ</span> <span class='ocrx_word' id='word_1_284' title='bbox 409 2604 620 2676; x_wconf 85' lang='grc' dir='ltr'>ὲκχύων</span> <span class='ocrx_word' id='word_1_285' title='bbox 646 2621 711 2676; x_wconf 90' lang='grc' dir='ltr'><strong>με</strong></span> <span class='ocrx_word' id='word_1_286' title='bbox 734 2603 811 2675; x_wconf 73' lang='lat'><strong>(‘2)</strong></span> <span class='ocrx_word' id='word_1_287' title='bbox 843 2601 1166 2665; x_wconf 74' lang='grc' dir='ltr'><strong>ὑπωπιάζειν</strong></span> <span class='ocrx_word' id='word_1_288' title='bbox 1197 2618 1298 2672; x_wconf 88' lang='grc' dir='ltr'><strong>μου</strong></span> <span class='ocrx_word' id='word_1_289' title='bbox 1327 2602 1388 2654; x_wconf 82' lang='grc' dir='ltr'><strong>τὸ</strong></span> <span class='ocrx_word' id='word_1_290' title='bbox 1429 2599 1608 2670; x_wconf 87' lang='grc' dir='ltr'>σῶμα,</span> <span class='ocrx_word' id='word_1_291' title='bbox 1639 2603 1732 2654; x_wconf 77' lang='grc' dir='ltr'><strong>καὶ</strong></span> 
     </span>
    </p>
   </div>
   <div class='ocr_carea' id='block_1_42' title="bbox 1815 2599 3409 2679">
    <p class='ocr_par' dir='ltr' id='par_1_42' title="bbox 1906 2603 3409 2679">
     <span class='ocr_line' id='line_1_42' title="bbox 1906 2603 3409 2679; baseline 0.003 -21"><span class='ocrx_word' id='word_1_292' title='bbox 1906 2610 1958 2658; x_wconf 81' lang='lat' dir='ltr'><strong>b.</strong></span> <span class='ocrx_word' id='word_1_293' title='bbox 1993 2603 2371 2658; x_wconf 85' lang='lat' dir='ltr'><strong>Corroborans</strong></span> <span class='ocrx_word' id='word_1_294' title='bbox 2408 2620 2525 2669; x_wconf 90' lang='lat' dir='ltr'><strong>me,</strong></span> <span class='ocrx_word' id='word_1_295' title='bbox 2576 2616 2633 2660; x_wconf 90' lang='lat' dir='ltr'><strong>ut</strong></span> <span class='ocrx_word' id='word_1_296' title='bbox 2675 2609 2932 2677; x_wconf 81' lang='lat' dir='ltr'><strong>castigem</strong></span> <span class='ocrx_word' id='word_1_297' title='bbox 2964 2624 3160 2679; x_wconf 91' lang='lat' dir='ltr'><strong>corpus</strong></span> <span class='ocrx_word' id='word_1_298' title='bbox 3205 2626 3409 2674; x_wconf 80' lang='lat' dir='ltr'><strong>meum.</strong></span> 
     </span>
    </p>
   </div>
   <div class='ocr_carea' id='block_1_43' title="bbox 138 2695 1732 2766">
    <p class='ocr_par' dir='ltr' id='par_1_43' title="bbox 138 2696 701 2766">
     <span class='ocr_line' id='line_1_43' title="bbox 138 2696 701 2766; baseline -0.007 -14"><span class='ocrx_word' id='word_1_299' title='bbox 138 2698 516 2766; x_wconf 78' lang='grc' dir='ltr'>δουλαγωγεῖν</span> <span class='ocrx_word' id='word_1_300' title='bbox 548 2696 701 2748; x_wconf 81' lang='grc' dir='ltr'>αὑτό.</span> 
     </span>
    </p>
   </div>
   <div class='ocr_carea' id='block_1_44' title="bbox 1220 2695 2814 2766">
    <p class='ocr_par' dir='ltr' id='par_1_44' title="bbox 1835 2695 2814 2766">
     <span class='ocr_line' id='line_1_44' title="bbox 1835 2695 2814 2766; baseline -0.002 -14"><span class='ocrx_word' id='word_1_301' title='bbox 1835 2705 1890 2752; x_wconf 89' lang='lat' dir='ltr'><strong>et</strong></span> <span class='ocrx_word' id='word_1_302' title='bbox 1922 2697 2098 2765; x_wconf 90' lang='lat' dir='ltr'><strong>ipsum</strong></span> <span class='ocrx_word' id='word_1_303' title='bbox 2130 2695 2183 2749; x_wconf 91' lang='lat' dir='ltr'><strong>in</strong></span> <span class='ocrx_word' id='word_1_304' title='bbox 2212 2696 2526 2750; x_wconf 73' lang='lat' dir='ltr'><strong>servitutem</strong></span> <span class='ocrx_word' id='word_1_305' title='bbox 2555 2698 2814 2766; x_wconf 81' lang='lat' dir='ltr'><strong>redigam.</strong></span> 
     </span>
    </p>
   </div>
   <div class='ocr_carea' id='block_1_45' title="bbox 222 2783 1816 2861">
    <p class='ocr_par' dir='ltr' id='par_1_45' title="bbox 222 2783 1733 2860">
     <span class='ocr_line' id='line_1_45' title="bbox 222 2783 1733 2860; baseline -0.007 -16"><span class='ocrx_word' id='word_1_306' title='bbox 222 2793 278 2846; x_wconf 89' lang='lat'><em>7.</em></span> <span class='ocrx_word' id='word_1_307' title='bbox 303 2791 497 2860; x_wconf 83' lang='grc' dir='ltr'>Κύριε,</span> <span class='ocrx_word' id='word_1_308' title='bbox 533 2789 586 2841; x_wconf 82' lang='grc' dir='ltr'><strong>τί</strong></span> <span class='ocrx_word' id='word_1_309' title='bbox 633 2789 781 2840; x_wconf 74' lang='grc' dir='ltr'>ἐστιν</span> <span class='ocrx_word' id='word_1_310' title='bbox 815 2785 889 2856; x_wconf 79' lang='grc'><strong>(5)</strong></span> <span class='ocrx_word' id='word_1_311' title='bbox 930 2783 1238 2856; x_wconf 80' lang='grc' dir='ltr'>ἅνθρωπος,</span> <span class='ocrx_word' id='word_1_312' title='bbox 1270 2783 1352 2835; x_wconf 77' lang='grc' dir='ltr'>ὅτι</span> <span class='ocrx_word' id='word_1_313' title='bbox 1388 2783 1733 2852; x_wconf 80' lang='grc' dir='ltr'>κατηξίωσας</span> 
     </span>
    </p>
   </div>
   <div class='ocr_carea' id='block_1_46' title="bbox 1817 2783 3411 2861">
    <p class='ocr_par' dir='ltr' id='par_1_46' title="bbox 1911 2786 3411 2861">
     <span class='ocr_line' id='line_1_46' title="bbox 1911 2786 3411 2861; baseline 0.007 -23"><span class='ocrx_word' id='word_1_314' title='bbox 1911 2787 1960 2840; x_wconf 85' lang='lat'><em>7.</em></span> <span class='ocrx_word' id='word_1_315' title='bbox 2003 2786 2231 2841; x_wconf 89' lang='lat' dir='ltr'><strong>Domine</strong></span> <span class='ocrx_word' id='word_1_316' title='bbox 2262 2827 2276 2853; x_wconf 91' lang='lat'><strong>,</strong></span> <span class='ocrx_word' id='word_1_317' title='bbox 2323 2788 2452 2857; x_wconf 90' lang='lat' dir='ltr'><strong>quid</strong></span> <span class='ocrx_word' id='word_1_318' title='bbox 2499 2798 2581 2844; x_wconf 92' lang='lat' dir='ltr'><strong>est</strong></span> <span class='ocrx_word' id='word_1_319' title='bbox 2619 2790 2820 2855; x_wconf 88' lang='lat' dir='ltr'><strong>homo,</strong></span> <span class='ocrx_word' id='word_1_320' title='bbox 2865 2791 3008 2859; x_wconf 88' lang='lat' dir='ltr'><strong>quod</strong></span> <span class='ocrx_word' id='word_1_321' title='bbox 3056 2790 3309 2861; x_wconf 77' lang='lat' dir='ltr'><strong>dignatus</strong></span> <span class='ocrx_word' id='word_1_322' title='bbox 3353 2809 3411 2849; x_wconf 86' lang='lat' dir='ltr'><strong>es</strong></span> 
     </span>
    </p>
   </div>
   <div class='ocr_carea' id='block_1_47' title="bbox 142 2857 1736 2954">
    <p class='ocr_par' dir='ltr' id='par_1_47' title="bbox 142 2857 994 2954">
     <span class='ocr_line' id='line_1_47' title="bbox 142 2857 994 2954; baseline -0.007 -15"><span class='ocrx_word' id='word_1_323' title='bbox 142 2884 306 2954; x_wconf 73' lang='grc' dir='ltr'>αὑτῴ</span> <span class='ocrx_word' id='word_1_324' title='bbox 339 2857 571 2952; x_wconf 49' lang='grc' dir='ltr'>ὀφθῆναι</span> <span class='ocrx_word' id='word_1_325' title='bbox 599 2881 690 2933; x_wconf 70' lang='grc' dir='ltr'><strong>ἐπὶ</strong></span> <span class='ocrx_word' id='word_1_326' title='bbox 721 2878 818 2949; x_wconf 82' lang='grc' dir='ltr'>τῆς</span> <span class='ocrx_word' id='word_1_327' title='bbox 851 2878 994 2947; x_wconf 81' lang='grc' dir='ltr'><strong>γῆς;</strong></span> 
     </span>
    </p>
   </div>
   <div class='ocr_carea' id='block_1_48' title="bbox 1496 2857 3090 2954">
    <p class='ocr_par' dir='ltr' id='par_1_48' title="bbox 1839 2857 3090 2949">
     <span class='ocr_line' id='line_1_48' title="bbox 1839 2857 3090 2949; baseline 0.002 -15"><span class='ocrx_word' id='word_1_328' title='bbox 1839 2880 1940 2949; x_wconf 88' lang='lat' dir='ltr'><strong>ipsi</strong></span> <span class='ocrx_word' id='word_1_329' title='bbox 1967 2878 2305 2933; x_wconf 85' lang='lat' dir='ltr'><strong>manifestari</strong></span> <span class='ocrx_word' id='word_1_330' title='bbox 2336 2895 2500 2949; x_wconf 83' lang='lat' dir='ltr'><strong>super</strong></span> <span class='ocrx_word' id='word_1_331' title='bbox 2529 2891 2672 2935; x_wconf 90' lang='lat' dir='ltr'><strong>terra</strong></span> <span class='ocrx_word' id='word_1_332' title='bbox 2698 2882 2721 2936; x_wconf 83' lang='lat'><strong>?</strong></span> <span class='ocrx_word' id='word_1_333' title='bbox 2886 2857 2898 2859; x_wconf 16' lang='grc' dir='ltr'>ἡ</span> <span class='ocrx_word' id='word_1_334' title='bbox 3087 2857 3090 2861; x_wconf 23' lang='grc' dir='ltr'><strong>Ι</strong></span> 
     </span>
    </p>
   </div>
   <div class='ocr_carea' id='block_1_49' title="bbox 222 2966 1816 3043">
    <p class='ocr_par' dir='ltr' id='par_1_49' title="bbox 222 2966 1735 3042">
     <span class='ocr_line' id='line_1_49' title="bbox 222 2966 1735 3042; baseline -0.01 -10"><span class='ocrx_word' id='word_1_335' title='bbox 222 2978 280 3032; x_wconf 90' lang='lat'><em>8.</em></span> <span class='ocrx_word' id='word_1_336' title='bbox 321 2976 391 3028; x_wconf 85' lang='grc' dir='ltr'>Ἢ</span> <span class='ocrx_word' id='word_1_337' title='bbox 419 2975 471 3026; x_wconf 90' lang='grc' dir='ltr'><strong>τί</strong></span> <span class='ocrx_word' id='word_1_338' title='bbox 499 2976 615 3026; x_wconf 77' lang='grc' dir='ltr'>ἐστι</span> <span class='ocrx_word' id='word_1_339' title='bbox 649 2973 724 3042; x_wconf 70' lang='grc'><strong>(1)</strong></span> <span class='ocrx_word' id='word_1_340' title='bbox 759 2970 922 3024; x_wconf 84' lang='grc' dir='ltr'>πάλιν</span> <span class='ocrx_word' id='word_1_341' title='bbox 971 2969 1086 3030; x_wconf 82' lang='grc' dir='ltr'>υίὸς</span> <span class='ocrx_word' id='word_1_342' title='bbox 1135 2966 1329 3036; x_wconf 81' lang='grc' dir='ltr'>πηλοῦ,</span> <span class='ocrx_word' id='word_1_343' title='bbox 1369 2967 1450 3020; x_wconf 82' lang='grc' dir='ltr'>ὅτι</span> <span class='ocrx_word' id='word_1_344' title='bbox 1479 2967 1578 3018; x_wconf 80' lang='grc' dir='ltr'>οὐκ</span> <span class='ocrx_word' id='word_1_345' title='bbox 1613 2969 1735 3019; x_wconf 83' lang='grc' dir='ltr'><strong>ὲπι-</strong></span> 
     </span>
    </p>
   </div>
   <div class='ocr_carea' id='block_1_50' title="bbox 1818 2966 3412 3043">
    <p class='ocr_par' dir='ltr' id='par_1_50' title="bbox 1911 2969 3412 3043">
     <span class='ocr_line' id='line_1_50' title="bbox 1911 2969 3412 3043; baseline 0.003 -20"><span class='ocrx_word' id='word_1_346' title='bbox 1911 2970 1963 3023; x_wconf 89' lang='grc'><strong>8.</strong></span> <span class='ocrx_word' id='word_1_347' title='bbox 2005 2969 2112 3024; x_wconf 84' lang='lat' dir='ltr'><strong>Aut</strong></span> <span class='ocrx_word' id='word_1_348' title='bbox 2144 2970 2275 3039; x_wconf 87' lang='lat' dir='ltr'><strong>quid</strong></span> <span class='ocrx_word' id='word_1_349' title='bbox 2317 2985 2512 3023; x_wconf 83' lang='lat' dir='ltr'><strong>rursus</strong></span> <span class='ocrx_word' id='word_1_350' title='bbox 2539 2979 2625 3025; x_wconf 89' lang='lat' dir='ltr'><strong>est</strong></span> <span class='ocrx_word' id='word_1_351' title='bbox 2655 2971 2798 3026; x_wconf 78' lang='lat' dir='ltr'><strong>filius</strong></span> <span class='ocrx_word' id='word_1_352' title='bbox 2845 2973 2981 3036; x_wconf 90' lang='lat' dir='ltr'><strong>luti,</strong></span> <span class='ocrx_word' id='word_1_353' title='bbox 3019 2977 3278 3043; x_wconf 86' lang='lat' dir='ltr'><strong>quoniam</strong></span> <span class='ocrx_word' id='word_1_354' title='bbox 3308 2992 3412 3030; x_wconf 83' lang='lat' dir='ltr'><strong>non</strong></span> 
     </span>
    </p>
   </div>
   <div class='ocr_carea' id='block_1_51' title="bbox 142 3058 1736 3135">
    <p class='ocr_par' dir='ltr' id='par_1_51' title="bbox 142 3058 1736 3130">
     <span class='ocr_line' id='line_1_51' title="bbox 142 3058 1736 3130; baseline -0.011 -5"><span class='ocrx_word' id='word_1_355' title='bbox 142 3069 437 3129; x_wconf 75' lang='grc' dir='ltr'>λανθάνεις</span> <span class='ocrx_word' id='word_1_356' title='bbox 458 3064 645 3130; x_wconf 85' lang='grc' dir='ltr'>αὐτοῦ,</span> <span class='ocrx_word' id='word_1_357' title='bbox 661 3062 1019 3123; x_wconf 81' lang='grc' dir='ltr'><strong>ἀδιαλείπτως</strong></span> <span class='ocrx_word' id='word_1_358' title='bbox 1039 3060 1132 3112; x_wconf 74' lang='grc' dir='ltr'>καὶ</span> <span class='ocrx_word' id='word_1_359' title='bbox 1157 3061 1413 3129; x_wconf 83' lang='grc' dir='ltr'>πρόνοιαν</span> <span class='ocrx_word' id='word_1_360' title='bbox 1441 3058 1605 3110; x_wconf 83' lang='grc' dir='ltr'>αὑτοῦ</span> <span class='ocrx_word' id='word_1_361' title='bbox 1647 3076 1736 3109; x_wconf 89' lang='grc' dir='ltr'>το-</span> 
     </span>
    </p>
   </div>
   <div class='ocr_carea' id='block_1_52' title="bbox 1821 3058 3415 3135">
    <p class='ocr_par' dir='ltr' id='par_1_52' title="bbox 1842 3061 3415 3135">
     <span class='ocr_line' id='line_1_52' title="bbox 1842 3061 3415 3135; baseline 0.003 -19"><span class='ocrx_word' id='word_1_362' title='bbox 1842 3061 2182 3116; x_wconf 83' lang='lat' dir='ltr'><strong>Oblivisceris</strong></span> <span class='ocrx_word' id='word_1_363' title='bbox 2235 3061 2381 3116; x_wconf 91' lang='lat' dir='ltr'><strong>illius</strong></span> <span class='ocrx_word' id='word_1_364' title='bbox 2403 3102 2416 3128; x_wconf 91' lang='lat'><strong>,</strong></span> <span class='ocrx_word' id='word_1_365' title='bbox 2468 3070 2520 3115; x_wconf 90' lang='lat' dir='ltr'><strong>et</strong></span> <span class='ocrx_word' id='word_1_366' title='bbox 2562 3061 2932 3118; x_wconf 90' lang='lat' dir='ltr'><strong>indesinenter</strong></span> <span class='ocrx_word' id='word_1_367' title='bbox 2965 3075 3164 3118; x_wconf 84' lang='lat' dir='ltr'><strong>tantam</strong></span> <span class='ocrx_word' id='word_1_368' title='bbox 3198 3067 3263 3120; x_wconf 82' lang='lat' dir='ltr'><strong>de</strong></span> <span class='ocrx_word' id='word_1_369' title='bbox 3298 3068 3415 3135; x_wconf 91' lang='lat' dir='ltr'><strong>ipso</strong></span> 
     </span>
    </p>
   </div>
   <div class='ocr_carea' id='block_1_53' title="bbox 147 3153 1741 3228">
    <p class='ocr_par' dir='ltr' id='par_1_53' title="bbox 147 3157 752 3228">
     <span class='ocr_line' id='line_1_53' title="bbox 147 3157 752 3228; baseline -0.017 -11"><span class='ocrx_word' id='word_1_370' title='bbox 147 3163 366 3222; x_wconf 75' lang='grc' dir='ltr'>σαύτην</span> <span class='ocrx_word' id='word_1_371' title='bbox 395 3157 718 3228; x_wconf 85' lang='grc' dir='ltr'>ποιούμενος</span> <span class='ocrx_word' id='word_1_372' title='bbox 737 3171 752 3219; x_wconf 91' lang='lat'><strong>;</strong></span> 
     </span>
    </p>
   </div>
   <div class='ocr_carea' id='block_1_54' title="bbox 692 3153 2286 3228">
    <p class='ocr_par' dir='ltr' id='par_1_54' title="bbox 692 3153 2286 3219">
     <span class='ocr_line' id='line_1_54' title="bbox 692 3153 2286 3219; baseline -0.008 0"><span class='ocrx_word' id='word_1_373' title='bbox 692 3173 718 3219; x_wconf 86' lang='grc' dir='ltr'>ς</span> <span class='ocrx_word' id='word_1_374' title='bbox 737 3171 752 3219; x_wconf 90' lang='grc'>;</span> <span class='ocrx_word' id='word_1_375' title='bbox 1841 3169 2026 3208; x_wconf 87' lang='lat' dir='ltr'><strong>curam</strong></span> <span class='ocrx_word' id='word_1_376' title='bbox 2071 3153 2238 3207; x_wconf 82' lang='lat' dir='ltr'><strong>habes</strong></span> <span class='ocrx_word' id='word_1_377' title='bbox 2264 3154 2286 3206; x_wconf 87' lang='lat'><strong>?</strong></span> 
     </span>
    </p>
   </div>
   <div class='ocr_carea' id='block_1_55' title="bbox 225 3241 1819 3316">
    <p class='ocr_par' dir='ltr' id='par_1_55' title="bbox 225 3241 1740 3316">
     <span class='ocr_line' id='line_1_55' title="bbox 225 3241 1740 3316; baseline -0.011 -8"><span class='ocrx_word' id='word_1_378' title='bbox 225 3256 286 3309; x_wconf 91' lang='lat'><em>9.</em></span> <span class='ocrx_word' id='word_1_379' title='bbox 318 3253 589 3312; x_wconf 82' lang='grc' dir='ltr'>Ἕκαστος</span> <span class='ocrx_word' id='word_1_380' title='bbox 638 3247 744 3301; x_wconf 86' lang='grc' dir='ltr'><strong>τῶν</strong></span> <span class='ocrx_word' id='word_1_381' title='bbox 790 3242 1091 3316; x_wconf 84' lang='grc' dir='ltr'>ἀνθρώπων</span> <span class='ocrx_word' id='word_1_382' title='bbox 1160 3241 1239 3313; x_wconf 82' lang='grc' dir='ltr'><strong>τῷ</strong></span> <span class='ocrx_word' id='word_1_383' title='bbox 1306 3242 1496 3312; x_wconf 84' lang='grc' dir='ltr'>κόσμῳ</span> <span class='ocrx_word' id='word_1_384' title='bbox 1566 3242 1740 3313; x_wconf 80' lang='grc' dir='ltr'>τούτῳ</span> 
     </span>
    </p>
   </div>
   <div class='ocr_carea' id='block_1_56' title="bbox 1826 3241 3420 3316">
    <p class='ocr_par' dir='ltr' id='par_1_56' title="bbox 1914 3244 3420 3316">
     <span class='ocr_line' id='line_1_56' title="bbox 1914 3244 3420 3316; baseline 0.001 -16"><span class='ocrx_word' id='word_1_385' title='bbox 1914 3247 1968 3300; x_wconf 85' lang='grc'><strong>9.</strong></span> <span class='ocrx_word' id='word_1_386' title='bbox 2009 3244 2399 3316; x_wconf 85' lang='lat' dir='ltr'><strong>Unusquisque</strong></span> <span class='ocrx_word' id='word_1_387' title='bbox 2446 3245 2733 3300; x_wconf 90' lang='lat' dir='ltr'><strong>hominum</strong></span> <span class='ocrx_word' id='word_1_388' title='bbox 2783 3247 2913 3302; x_wconf 89' lang='lat' dir='ltr'><strong>huic</strong></span> <span class='ocrx_word' id='word_1_389' title='bbox 2956 3248 3162 3304; x_wconf 87' lang='lat' dir='ltr'><strong>mundo</strong></span> <span class='ocrx_word' id='word_1_390' title='bbox 3203 3249 3420 3304; x_wconf 82' lang='lat' dir='ltr'><strong>assimi-</strong></span> 
     </span>
    </p>
   </div>
   <div class='ocr_carea' id='block_1_57' title="bbox 143 3339 1737 3418">
    <p class='ocr_par' dir='ltr' id='par_1_57' title="bbox 143 3343 438 3418">
     <span class='ocr_line' id='line_1_57' title="bbox 143 3343 438 3418; baseline -0.014 -19"><span class='ocrx_word' id='word_1_391' title='bbox 143 3349 195 3399; x_wconf 82' lang='grc' dir='ltr'>ὼ</span> <span class='ocrx_word' id='word_1_392' title='bbox 204 3343 438 3418; x_wconf 79' lang='grc' dir='ltr'>μοιῶθη.</span> 
     </span>
    </p>
   </div>
   <div class='ocr_carea' id='block_1_58' title="bbox 389 3339 1983 3418">
    <p class='ocr_par' dir='ltr' id='par_1_58' title="bbox 389 3339 1983 3414">
     <span class='ocr_line' id='line_1_58' title="bbox 389 3339 1983 3414; baseline -0.003 -18"><span class='ocrx_word' id='word_1_393' title='bbox 389 3362 438 3414; x_wconf 84' lang='grc' dir='ltr'><strong>η.</strong></span> <span class='ocrx_word' id='word_1_394' title='bbox 1766 3341 1807 3397; x_wconf 87' lang='lat' dir='ltr'><strong><em>C</em></strong></span> <span class='ocrx_word' id='word_1_395' title='bbox 1843 3339 1983 3394; x_wconf 89' lang='lat' dir='ltr'><strong>latur</strong></span> 
     </span>
    </p>
   </div>
   <div class='ocr_carea' id='block_1_59' title="bbox 226 3428 1820 3504">
    <p class='ocr_par' dir='ltr' id='par_1_59' title="bbox 226 3430 1204 3504">
     <span class='ocr_line' id='line_1_59' title="bbox 226 3430 1204 3504; baseline -0.009 -13"><span class='ocrx_word' id='word_1_396' title='bbox 226 3437 320 3491; x_wconf 90' lang='grc'><strong>10.</strong></span> <span class='ocrx_word' id='word_1_397' title='bbox 353 3435 676 3504; x_wconf 80' lang='grc' dir='ltr'>Ἀνωφελεῖς</span> <span class='ocrx_word' id='word_1_398' title='bbox 701 3433 795 3484; x_wconf 61' lang='grc' dir='ltr'><strong>καλ¹</strong></span> <span class='ocrx_word' id='word_1_399' title='bbox 821 3430 1204 3484; x_wconf 86' lang='grc' dir='ltr'>ἀνυπόστατοι.</span> 
     </span>
    </p>
   </div>
   <div class='ocr_carea' id='block_1_60' title="bbox 1201 3428 2795 3504">
    <p class='ocr_par' dir='ltr' id='par_1_60' title="bbox 1201 3428 2795 3495">
     <span class='ocr_line' id='line_1_60' title="bbox 1201 3428 2795 3495; baseline 0.001 -14"><span class='ocrx_word' id='word_1_400' title='bbox 1201 3470 1204 3481; x_wconf 84' lang='grc'><strong>.</strong></span> <span class='ocrx_word' id='word_1_401' title='bbox 1915 3429 1999 3482; x_wconf 89' lang='lat' dir='ltr'><strong>I0.</strong></span> <span class='ocrx_word' id='word_1_402' title='bbox 2036 3429 2259 3482; x_wconf 89' lang='lat' dir='ltr'><strong>Inutiles</strong></span> <span class='ocrx_word' id='word_1_403' title='bbox 2293 3437 2458 3495; x_wconf 89' lang='lat' dir='ltr'><strong>atque</strong></span> <span class='ocrx_word' id='word_1_404' title='bbox 2489 3428 2795 3484; x_wconf 82' lang='lat' dir='ltr'><strong>instabiles.</strong></span> 
     </span>
    </p>
   </div>
   <div class='ocr_carea' id='block_1_61' title="bbox 232 3512 1826 3596">
    <p class='ocr_par' dir='ltr' id='par_1_61' title="bbox 232 3512 1739 3596">
     <span class='ocr_line' id='line_1_61' title="bbox 232 3512 1739 3596; baseline -0.012 -14"><span class='ocrx_word' id='word_1_405' title='bbox 232 3530 322 3582; x_wconf 90' lang='grc'><strong>11.</strong></span> <span class='ocrx_word' id='word_1_406' title='bbox 355 3526 544 3596; x_wconf 78' lang='grc' dir='ltr'>Κύριε,</span> <span class='ocrx_word' id='word_1_407' title='bbox 580 3523 766 3582; x_wconf 81' lang='grc' dir='ltr'>κλίνας</span> <span class='ocrx_word' id='word_1_408' title='bbox 802 3537 896 3572; x_wconf 92' lang='grc' dir='ltr'><strong>σου</strong></span> <span class='ocrx_word' id='word_1_409' title='bbox 930 3519 1058 3580; x_wconf 79' lang='grc' dir='ltr'>τοὺς</span> <span class='ocrx_word' id='word_1_410' title='bbox 1092 3517 1389 3587; x_wconf 73' lang='grc' dir='ltr'>οὐρανοὺς,</span> <span class='ocrx_word' id='word_1_411' title='bbox 1440 3513 1560 3567; x_wconf 76' lang='grc' dir='ltr'>ἐλθὲ</span> <span class='ocrx_word' id='word_1_412' title='bbox 1603 3512 1739 3586; x_wconf 82' lang='grc' dir='ltr'>πρὸς</span> 
     </span>
    </p>
   </div>
   <div class='ocr_carea' id='block_1_62' title="bbox 1747 3512 3341 3596">
    <p class='ocr_par' dir='ltr' id='par_1_62' title="bbox 1915 3518 3341 3581">
     <span class='ocr_line' id='line_1_62' title="bbox 1915 3518 3341 3581; baseline 0.003 -7"><span class='ocrx_word' id='word_1_413' title='bbox 1915 3521 2000 3574; x_wconf 88' lang='grc'><strong>11.</strong></span> <span class='ocrx_word' id='word_1_414' title='bbox 2036 3519 2284 3581; x_wconf 87' lang='lat' dir='ltr'><strong>Domine,</strong></span> <span class='ocrx_word' id='word_1_415' title='bbox 2326 3518 2597 3574; x_wconf 87' lang='lat' dir='ltr'><strong>inclinans</strong></span> <span class='ocrx_word' id='word_1_416' title='bbox 2632 3522 2802 3578; x_wconf 66' lang='lat' dir='ltr'><strong>caelos</strong></span> <span class='ocrx_word' id='word_1_417' title='bbox 2827 3531 2948 3578; x_wconf 90' lang='lat' dir='ltr'><strong>tuos</strong></span> <span class='ocrx_word' id='word_1_418' title='bbox 2981 3523 3104 3578; x_wconf 82' lang='lat' dir='ltr'><strong>veni</strong></span> <span class='ocrx_word' id='word_1_419' title='bbox 3135 3525 3200 3579; x_wconf 92' lang='lat' dir='ltr'><strong>ad</strong></span> <span class='ocrx_word' id='word_1_420' title='bbox 3225 3540 3341 3580; x_wconf 82' lang='lat' dir='ltr'><strong>nos.</strong></span> 
     </span>
    </p>
   </div>
   <div class='ocr_carea' id='block_1_63' title="bbox 147 3624 332 3694">
    <p class='ocr_par' dir='ltr' id='par_1_63' title="bbox 147 3624 332 3694">
     <span class='ocr_line' id='line_1_63' title="bbox 147 3624 332 3694; baseline -0.005 0"><span class='ocrx_word' id='word_1_421' title='bbox 147 3624 332 3694; x_wconf 67' lang='grc' dir='ltr'><strong>ἡειίςο</strong></span> 
     </span>
    </p>
   </div>
   <div class='ocr_carea' id='block_1_64' title="bbox 227 3697 1821 3781">
    <p class='ocr_par' dir='ltr' id='par_1_64' title="bbox 227 3697 1739 3781">
     <span class='ocr_line' id='line_1_64' title="bbox 227 3697 1739 3781; baseline -0.014 -13"><span class='ocrx_word' id='word_1_422' title='bbox 227 3714 320 3768; x_wconf 71' lang='grc'><strong>12.</strong></span> <span class='ocrx_word' id='word_1_423' title='bbox 347 3711 581 3781; x_wconf 76' lang='grc' dir='ltr'>Πλησίον</span> <span class='ocrx_word' id='word_1_424' title='bbox 613 3709 770 3780; x_wconf 88' lang='grc' dir='ltr'>μόνον</span> <span class='ocrx_word' id='word_1_425' title='bbox 801 3702 959 3774; x_wconf 89' lang='grc' dir='ltr'>γενοῦ</span> <span class='ocrx_word' id='word_1_426' title='bbox 994 3702 1104 3756; x_wconf 87' lang='grc' dir='ltr'><strong>τῶν</strong></span> <span class='ocrx_word' id='word_1_427' title='bbox 1133 3703 1392 3754; x_wconf 73' lang='grc' dir='ltr'>ἐναντίων</span> <span class='ocrx_word' id='word_1_428' title='bbox 1435 3697 1739 3767; x_wconf 86' lang='grc' dir='ltr'>δυνάμεων,</span> 
     </span>
    </p>
   </div>
   <div class='ocr_carea' id='block_1_65' title="bbox 1823 3697 3417 3781">
    <p class='ocr_par' dir='ltr' id='par_1_65' title="bbox 1917 3697 3417 3770">
     <span class='ocr_line' id='line_1_65' title="bbox 1917 3697 3417 3770; baseline 0.003 -20"><span class='ocrx_word' id='word_1_429' title='bbox 1917 3697 2001 3751; x_wconf 74' lang='grc'><strong>12.</strong></span> <span class='ocrx_word' id='word_1_430' title='bbox 2038 3697 2212 3768; x_wconf 87' lang='lat' dir='ltr'><strong>Prope</strong></span> <span class='ocrx_word' id='word_1_431' title='bbox 2250 3709 2627 3754; x_wconf 86' lang='lat' dir='ltr'><strong>tantummodo</strong></span> <span class='ocrx_word' id='word_1_432' title='bbox 2665 3700 2764 3754; x_wconf 82' lang='lat' dir='ltr'><strong>tias</strong></span> <span class='ocrx_word' id='word_1_433' title='bbox 2797 3703 3088 3755; x_wconf 84' lang='lat' dir='ltr'><strong>contrariis</strong></span> <span class='ocrx_word' id='word_1_434' title='bbox 3136 3701 3417 3770; x_wconf 86' lang='lat' dir='ltr'><strong>potestati-</strong></span> 
     </span>
    </p>
   </div>
   <div class='ocr_carea' id='block_1_66' title="bbox 152 3790 1746 3873">
    <p class='ocr_par' dir='ltr' id='par_1_66' title="bbox 152 3793 1264 3873">
     <span class='ocr_line' id='line_1_66' title="bbox 152 3793 1264 3873; baseline -0.018 -10"><span class='ocrx_word' id='word_1_435' title='bbox 152 3809 258 3863; x_wconf 72' lang='grc' dir='ltr'>καὶ</span> <span class='ocrx_word' id='word_1_436' title='bbox 292 3804 494 3867; x_wconf 73' lang='grc' dir='ltr'>ευθέως</span> <span class='ocrx_word' id='word_1_437' title='bbox 524 3799 777 3873; x_wconf 78' lang='grc' dir='ltr'>ἄρξονται</span> <span class='ocrx_word' id='word_1_438' title='bbox 804 3793 1264 3864; x_wconf 79' lang='grc' dir='ltr'>καταφλέγεσθαι.</span> 
     </span>
    </p>
   </div>
   <div class='ocr_carea' id='block_1_67' title="bbox 1263 3790 2857 3873">
    <p class='ocr_par' dir='ltr' id='par_1_67' title="bbox 1263 3790 2857 3859">
     <span class='ocr_line' id='line_1_67' title="bbox 1263 3790 2857 3859; baseline 0 -17"><span class='ocrx_word' id='word_1_439' title='bbox 1263 3833 1264 3842; x_wconf 32' lang='grc' dir='ltr'>χ</span> <span class='ocrx_word' id='word_1_440' title='bbox 1843 3790 1968 3855; x_wconf 89' lang='lat' dir='ltr'><strong>bus,</strong></span> <span class='ocrx_word' id='word_1_441' title='bbox 1991 3798 2042 3846; x_wconf 91' lang='lat' dir='ltr'><strong>et</strong></span> <span class='ocrx_word' id='word_1_442' title='bbox 2077 3792 2258 3844; x_wconf 85' lang='lat' dir='ltr'><strong>statim</strong></span> <span class='ocrx_word' id='word_1_443' title='bbox 2298 3790 2559 3859; x_wconf 87' lang='lat' dir='ltr'><strong>incipient</strong></span> <span class='ocrx_word' id='word_1_444' title='bbox 2587 3790 2857 3845; x_wconf 92' lang='lat' dir='ltr'><strong>comburi.</strong></span> 
     </span>
    </p>
   </div>
   <div class='ocr_carea' id='block_1_68' title="bbox 233 3879 1827 3968">
    <p class='ocr_par' dir='ltr' id='par_1_68' title="bbox 233 3879 1743 3968">
     <span class='ocr_line' id='line_1_68' title="bbox 233 3879 1743 3968; baseline -0.016 -15"><span class='ocrx_word' id='word_1_445' title='bbox 233 3901 325 3954; x_wconf 80' lang='grc'><strong>15.</strong></span> <span class='ocrx_word' id='word_1_446' title='bbox 376 3894 635 3968; x_wconf 84' lang='grc' dir='ltr'>Ὀράθητι</span> <span class='ocrx_word' id='word_1_447' title='bbox 678 3891 837 3962; x_wconf 83' lang='grc' dir='ltr'>μόνον</span> <span class='ocrx_word' id='word_1_448' title='bbox 865 3888 957 3940; x_wconf 69' lang='grc' dir='ltr'>ἐπὶ</span> <span class='ocrx_word' id='word_1_449' title='bbox 988 3887 1087 3956; x_wconf 82' lang='grc' dir='ltr'>τῆς</span> <span class='ocrx_word' id='word_1_450' title='bbox 1127 3884 1252 3954; x_wconf 81' lang='grc' dir='ltr'>γῆς,</span> <span class='ocrx_word' id='word_1_451' title='bbox 1289 3884 1384 3936; x_wconf 65' lang='grc' dir='ltr'>καὶ</span> <span class='ocrx_word' id='word_1_452' title='bbox 1420 3879 1743 3949; x_wconf 85' lang='grc' dir='ltr'>θεασάμενοι</span> 
     </span>
    </p>
   </div>
   <div class='ocr_carea' id='block_1_69' title="bbox 1834 3879 3428 3968">
    <p class='ocr_par' dir='ltr' id='par_1_69' title="bbox 1919 3881 3428 3953">
     <span class='ocr_line' id='line_1_69' title="bbox 1919 3881 3428 3953; baseline 0.001 -18"><span class='ocrx_word' id='word_1_453' title='bbox 1919 3883 2008 3938; x_wconf 80' lang='grc'><strong>15.</strong></span> <span class='ocrx_word' id='word_1_454' title='bbox 2041 3884 2254 3951; x_wconf 82' lang='lat' dir='ltr'><strong>Appare</strong></span> <span class='ocrx_word' id='word_1_455' title='bbox 2300 3884 2478 3937; x_wconf 84' lang='lat' dir='ltr'><strong>solum</strong></span> <span class='ocrx_word' id='word_1_456' title='bbox 2523 3883 2575 3935; x_wconf 91' lang='lat' dir='ltr'><strong>in</strong></span> <span class='ocrx_word' id='word_1_457' title='bbox 2610 3892 2774 3948; x_wconf 89' lang='lat' dir='ltr'><strong>terra,</strong></span> <span class='ocrx_word' id='word_1_458' title='bbox 2807 3892 2860 3936; x_wconf 84' lang='lat' dir='ltr'><strong>et</strong></span> <span class='ocrx_word' id='word_1_459' title='bbox 2896 3881 3139 3937; x_wconf 90' lang='lat' dir='ltr'><strong>videntes</strong></span> <span class='ocrx_word' id='word_1_460' title='bbox 3173 3882 3428 3953; x_wconf 90' lang='lat' dir='ltr'><strong>splendo-</strong></span> 
     </span>
    </p>
   </div>
   <div class='ocr_carea' id='block_1_70' title="bbox 149 3969 1743 4053">
    <p class='ocr_par' dir='ltr' id='par_1_70' title="bbox 149 3969 1743 4053">
     <span class='ocr_line' id='line_1_70' title="bbox 149 3969 1743 4053; baseline -0.015 -8"><span class='ocrx_word' id='word_1_461' title='bbox 149 3994 218 4046; x_wconf 78' lang='grc' dir='ltr'>τὸ</span> <span class='ocrx_word' id='word_1_462' title='bbox 245 3987 608 4053; x_wconf 74' lang='grc' dir='ltr'>ἀπαύγασμα,</span> <span class='ocrx_word' id='word_1_463' title='bbox 650 3983 728 4042; x_wconf 87' lang='grc' dir='ltr'>εἰς</span> <span class='ocrx_word' id='word_1_464' title='bbox 771 3978 868 4048; x_wconf 81' lang='grc' dir='ltr'>τὴν</span> <span class='ocrx_word' id='word_1_465' title='bbox 893 3977 968 4046; x_wconf 79' lang='grc'><strong>(5)</strong></span> <span class='ocrx_word' id='word_1_466' title='bbox 1021 3975 1126 4044; x_wconf 84' lang='grc' dir='ltr'>γῆν</span> <span class='ocrx_word' id='word_1_467' title='bbox 1162 3977 1452 4026; x_wconf 84' lang='grc' dir='ltr'>πεσοῦνται</span> <span class='ocrx_word' id='word_1_468' title='bbox 1502 3970 1605 4023; x_wconf 81' lang='grc' dir='ltr'>ὑπὸ</span> <span class='ocrx_word' id='word_1_469' title='bbox 1637 3969 1743 4022; x_wconf 87' lang='grc' dir='ltr'><strong>τῶν</strong></span> 
     </span>
    </p>
   </div>
   <div class='ocr_carea' id='block_1_71' title="bbox 1447 3969 3041 4053">
    <p class='ocr_par' dir='ltr' id='par_1_71' title="bbox 1447 3969 3041 4032">
     <span class='ocr_line' id='line_1_71' title="bbox 1447 3969 3041 4032; baseline 0.004 -7"><span class='ocrx_word' id='word_1_470' title='bbox 1447 4012 1452 4025; x_wconf 90' lang='grc'>,</span> <span class='ocrx_word' id='word_1_471' title='bbox 1502 3970 1605 4023; x_wconf 82' lang='grc' dir='ltr'>ὑπὸ</span> <span class='ocrx_word' id='word_1_472' title='bbox 1637 3969 1743 4022; x_wconf 83' lang='grc' dir='ltr'><strong>τῶν</strong></span> <span class='ocrx_word' id='word_1_473' title='bbox 1845 3987 1960 4027; x_wconf 87' lang='lat' dir='ltr'><strong>rem</strong></span> <span class='ocrx_word' id='word_1_474' title='bbox 1993 3974 2188 4027; x_wconf 86' lang='lat' dir='ltr'><strong>cadent</strong></span> <span class='ocrx_word' id='word_1_475' title='bbox 2231 3973 2285 4026; x_wconf 90' lang='lat' dir='ltr'><strong>in</strong></span> <span class='ocrx_word' id='word_1_476' title='bbox 2330 3984 2530 4028; x_wconf 89' lang='lat' dir='ltr'><strong>terram</strong></span> <span class='ocrx_word' id='word_1_477' title='bbox 2565 3974 2668 4029; x_wconf 92' lang='lat' dir='ltr'><strong>sub</strong></span> <span class='ocrx_word' id='word_1_478' title='bbox 2704 3975 3041 4032; x_wconf 85' lang='lat' dir='ltr'><strong>hominibus.</strong></span> 
     </span>
    </p>
   </div>
   <div class='ocr_carea' id='block_1_72' title="bbox 151 4080 492 4152">
    <p class='ocr_par' dir='ltr' id='par_1_72' title="bbox 151 4080 492 4152">
     <span class='ocr_line' id='line_1_72' title="bbox 151 4080 492 4152; baseline -0.021 -15"><span class='ocrx_word' id='word_1_479' title='bbox 151 4085 261 4139; x_wconf 81' lang='grc' dir='ltr'><strong>ἀ,νο</strong></span> <span class='ocrx_word' id='word_1_480' title='bbox 272 4080 470 4152; x_wconf 77' lang='grc' dir='ltr'>ρώπων</span> <span class='ocrx_word' id='word_1_481' title='bbox 479 4117 492 4130; x_wconf 94' lang='grc'><strong>.</strong></span> 
     </span>
    </p>
   </div>
   <div class='ocr_carea' id='block_1_73' title="bbox 238 4151 1832 4234">
    <p class='ocr_par' dir='ltr' id='par_1_73' title="bbox 238 4151 1744 4234">
     <span class='ocr_line' id='line_1_73' title="bbox 238 4151 1744 4234; baseline -0.017 -1"><span class='ocrx_word' id='word_1_482' title='bbox 238 4151 330 4234; x_wconf 54' lang='lat' dir='ltr'><strong>II.</strong></span> <span class='ocrx_word' id='word_1_483' title='bbox 367 4171 710 4229; x_wconf 80' lang='grc' dir='ltr'>Ἀπόστειλον</span> <span class='ocrx_word' id='word_1_484' title='bbox 748 4168 873 4229; x_wconf 72' lang='grc' dir='ltr'>τοὺς</span> <span class='ocrx_word' id='word_1_485' title='bbox 899 4163 1232 4224; x_wconf 82' lang='grc' dir='ltr'>ἀποστόλους</span> <span class='ocrx_word' id='word_1_486' title='bbox 1268 4178 1361 4213; x_wconf 88' lang='grc' dir='ltr'><strong>σου</strong></span> <span class='ocrx_word' id='word_1_487' title='bbox 1406 4159 1524 4212; x_wconf 75' lang='grc' dir='ltr'>κατ’</span> <span class='ocrx_word' id='word_1_488' title='bbox 1567 4156 1744 4211; x_wconf 82' lang='grc' dir='ltr'>αὐτῶν</span> 
     </span>
    </p>
   </div>
   <div class='ocr_carea' id='block_1_74' title="bbox 1836 4151 3430 4234">
    <p class='ocr_par' dir='ltr' id='par_1_74' title="bbox 1917 4151 3430 4225">
     <span class='ocr_line' id='line_1_74' title="bbox 1917 4151 3430 4225; baseline -0.004 -15"><span class='ocrx_word' id='word_1_489' title='bbox 1917 4155 2001 4210; x_wconf 75' lang='lat' dir='ltr'><strong>I4.</strong></span> <span class='ocrx_word' id='word_1_490' title='bbox 2032 4155 2180 4210; x_wconf 85' lang='lat' dir='ltr'><strong>Mitte</strong></span> <span class='ocrx_word' id='word_1_491' title='bbox 2210 4156 2492 4225; x_wconf 87' lang='lat' dir='ltr'><strong>apostolos</strong></span> <span class='ocrx_word' id='word_1_492' title='bbox 2534 4165 2680 4216; x_wconf 87' lang='lat' dir='ltr'><strong>tuos,</strong></span> <span class='ocrx_word' id='word_1_493' title='bbox 2709 4153 2872 4208; x_wconf 81' lang='lat' dir='ltr'><strong>veluti</strong></span> <span class='ocrx_word' id='word_1_494' title='bbox 2902 4151 3007 4207; x_wconf 88' lang='lat' dir='ltr'><strong>tela</strong></span> <span class='ocrx_word' id='word_1_495' title='bbox 3037 4162 3263 4204; x_wconf 83' lang='lat' dir='ltr'><strong>exaeuta</strong></span> <span class='ocrx_word' id='word_1_496' title='bbox 3299 4165 3430 4204; x_wconf 85' lang='lat' dir='ltr'><strong>cnn-</strong></span> 
     </span>
    </p>
   </div>
   <div class='ocr_carea' id='block_1_75' title="bbox 151 4241 1745 4344">
    <p class='ocr_par' dir='ltr' id='par_1_75' title="bbox 151 4249 1744 4344">
     <span class='ocr_line' id='line_1_75' title="bbox 151 4249 1744 4344; baseline -0.018 -17"><span class='ocrx_word' id='word_1_497' title='bbox 151 4267 486 4344; x_wconf 68' lang='grc' dir='ltr'>ὴκονημένη</span> <span class='ocrx_word' id='word_1_498' title='bbox 515 4262 630 4335; x_wconf 82' lang='grc' dir='ltr'><strong>[ὡς</strong></span> <span class='ocrx_word' id='word_1_499' title='bbox 661 4259 789 4330; x_wconf 77' lang='grc' dir='ltr'>βέλη</span> <span class='ocrx_word' id='word_1_500' title='bbox 821 4259 989 4325; x_wconf 70' lang='grc' dir='ltr'>ἡκονη</span> <span class='ocrx_word' id='word_1_501' title='bbox 1000 4253 1172 4325; x_wconf 82' lang='grc' dir='ltr'>μένα]</span> <span class='ocrx_word' id='word_1_502' title='bbox 1206 4254 1303 4323; x_wconf 75' lang='grc'>(6),</span> <span class='ocrx_word' id='word_1_503' title='bbox 1334 4250 1474 4316; x_wconf 77' lang='grc' dir='ltr'>ὀξεῖς</span> <span class='ocrx_word' id='word_1_504' title='bbox 1499 4249 1658 4310; x_wconf 76' lang='grc' dir='ltr'>ὄντας</span> <span class='ocrx_word' id='word_1_505' title='bbox 1677 4249 1744 4317; x_wconf 82' lang='grc' dir='ltr'>τῇ</span> 
     </span>
    </p>
   </div>
   <div class='ocr_carea' id='block_1_76' title="bbox 1835 4241 3429 4344">
    <p class='ocr_par' dir='ltr' id='par_1_76' title="bbox 1847 4241 3429 4317">
     <span class='ocr_line' id='line_1_76' title="bbox 1847 4241 3429 4317; baseline -0.002 -18"><span class='ocrx_word' id='word_1_506' title='bbox 1847 4256 1932 4300; x_wconf 91' lang='lat' dir='ltr'><strong>tra</strong></span> <span class='ocrx_word' id='word_1_507' title='bbox 1981 4249 2200 4301; x_wconf 88' lang='lat' dir='ltr'><strong>easdem</strong></span> <span class='ocrx_word' id='word_1_508' title='bbox 2249 4257 2584 4317; x_wconf 88' lang='lat' dir='ltr'><strong>potestates,</strong></span> <span class='ocrx_word' id='word_1_509' title='bbox 2642 4255 2840 4300; x_wconf 81' lang='lat' dir='ltr'><strong>acutos</strong></span> <span class='ocrx_word' id='word_1_510' title='bbox 2890 4245 3215 4298; x_wconf 78' lang='lat' dir='ltr'><strong>exsistentes</strong></span> <span class='ocrx_word' id='word_1_511' title='bbox 3259 4241 3429 4314; x_wconf 81' lang='lat' dir='ltr'><strong>gratia</strong></span> 
     </span>
    </p>
   </div>
   <div class='ocr_carea' id='block_1_77' title="bbox 153 4336 1747 4437">
    <p class='ocr_par' dir='ltr' id='par_1_77' title="bbox 153 4336 1746 4437">
     <span class='ocr_line' id='line_1_77' title="bbox 153 4336 1746 4437; baseline -0.025 -18"><span class='ocrx_word' id='word_1_512' title='bbox 153 4336 361 4437; x_wconf 48' lang='lat' dir='ltr'><strong>iam}.</strong></span> <span class='ocrx_word' id='word_1_513' title='bbox 388 4357 482 4410; x_wconf 86' lang='grc' dir='ltr'><strong>τοῦ</strong></span> <span class='ocrx_word' id='word_1_514' title='bbox 514 4356 668 4423; x_wconf 82' lang='grc' dir='ltr'>ἁγίου</span> <span class='ocrx_word' id='word_1_515' title='bbox 701 4351 1015 4421; x_wconf 84' lang='grc' dir='ltr'>Πνεύματος</span> <span class='ocrx_word' id='word_1_516' title='bbox 1040 4388 1054 4412; x_wconf 92' lang='grc'><strong>,</strong></span> <span class='ocrx_word' id='word_1_517' title='bbox 1094 4349 1189 4401; x_wconf 73' lang='grc' dir='ltr'><strong>καὶ</strong></span> <span class='ocrx_word' id='word_1_518' title='bbox 1224 4345 1470 4406; x_wconf 78' lang='grc' dir='ltr'>ἀσθενεῖς</span> <span class='ocrx_word' id='word_1_519' title='bbox 1516 4343 1596 4406; x_wconf 68' lang='grc' dir='ltr'>εἰς</span> <span class='ocrx_word' id='word_1_520' title='bbox 1646 4341 1746 4394; x_wconf 59' lang='grc' dir='ltr'><strong>αὖ-</strong></span> 
     </span>
    </p>
   </div>
   <div class='ocr_carea' id='block_1_78' title="bbox 1656 4336 3250 4437">
    <p class='ocr_par' dir='ltr' id='par_1_78' title="bbox 1656 4336 3250 4410">
     <span class='ocr_line' id='line_1_78' title="bbox 1656 4336 3250 4410; baseline -0.004 -16"><span class='ocrx_word' id='word_1_521' title='bbox 1656 4341 1746 4394; x_wconf 68' lang='lat'><strong>1&#39;3-</strong></span> <span class='ocrx_word' id='word_1_522' title='bbox 1850 4341 2028 4394; x_wconf 88' lang='lat' dir='ltr'><strong>saucti</strong></span> <span class='ocrx_word' id='word_1_523' title='bbox 2071 4338 2332 4410; x_wconf 87' lang='lat' dir='ltr'><strong>Spiritus,</strong></span> <span class='ocrx_word' id='word_1_524' title='bbox 2366 4348 2420 4394; x_wconf 89' lang='lat' dir='ltr'><strong>et</strong></span> <span class='ocrx_word' id='word_1_525' title='bbox 2450 4339 2694 4392; x_wconf 83' lang='lat' dir='ltr'><strong>inﬁrmas</strong></span> <span class='ocrx_word' id='word_1_526' title='bbox 2736 4338 2791 4391; x_wconf 89' lang='lat' dir='ltr'><strong>in</strong></span> <span class='ocrx_word' id='word_1_527' title='bbox 2828 4338 2974 4406; x_wconf 90' lang='lat' dir='ltr'><strong>ipsos</strong></span> <span class='ocrx_word' id='word_1_528' title='bbox 3007 4336 3250 4390; x_wconf 91' lang='lat' dir='ltr'><strong>reddent.</strong></span> 
     </span>
    </p>
   </div>
   <div class='ocr_carea' id='block_1_79' title="bbox 150 4447 656 4518">
    <p class='ocr_par' dir='ltr' id='par_1_79' title="bbox 150 4447 656 4518">
     <span class='ocr_line' id='line_1_79' title="bbox 150 4447 656 4518; baseline -0.016 -11"><span class='ocrx_word' id='word_1_529' title='bbox 150 4455 299 4515; x_wconf 72' lang='grc' dir='ltr'>τοὺς</span> <span class='ocrx_word' id='word_1_530' title='bbox 335 4447 656 4518; x_wconf 86' lang='grc' dir='ltr'>ποιήσωσιν.</span> 
     </span>
    </p>
   </div>
   <div class='ocr_carea' id='block_1_80' title="bbox 239 4510 1833 4612">
    <p class='ocr_par' dir='ltr' id='par_1_80' title="bbox 239 4510 1743 4612">
     <span class='ocr_line' id='line_1_80' title="bbox 239 4510 1743 4612; baseline -0.017 -13"><span class='ocrx_word' id='word_1_531' title='bbox 239 4510 334 4600; x_wconf 58' lang='grc' dir='ltr'><strong>1ὲ.</strong></span> <span class='ocrx_word' id='word_1_532' title='bbox 363 4510 463 4612; x_wconf 45' lang='grc' dir='ltr'><strong>Τῷ.</strong></span> <span class='ocrx_word' id='word_1_533' title='bbox 488 4537 606 4609; x_wconf 83' lang='grc' dir='ltr'>Θεῷ</span> <span class='ocrx_word' id='word_1_534' title='bbox 660 4534 834 4606; x_wconf 63' lang='lat' dir='ltr'><strong>[Ia-cpi</strong></span> <span class='ocrx_word' id='word_1_535' title='bbox 883 4532 1044 4586; x_wconf 84' lang='grc' dir='ltr'>πάλιν</span> <span class='ocrx_word' id='word_1_536' title='bbox 1101 4527 1464 4600; x_wconf 80' lang='grc' dir='ltr'>προσεύχεται</span> <span class='ocrx_word' id='word_1_537' title='bbox 1519 4524 1693 4593; x_wconf 77' lang='grc' dir='ltr'>λέγων</span> <span class='ocrx_word' id='word_1_538' title='bbox 1729 4539 1743 4554; x_wconf 72' lang='grc' dir='ltr'><strong>ο</strong></span> 
     </span>
    </p>
   </div>
   <div class='ocr_carea' id='block_1_81' title="bbox 1836 4510 3430 4612">
    <p class='ocr_par' dir='ltr' id='par_1_81' title="bbox 1925 4510 3430 4573">
     <span class='ocr_line' id='line_1_81' title="bbox 1925 4510 3430 4573; baseline -0.004 -2"><span class='ocrx_word' id='word_1_539' title='bbox 1925 4517 2007 4571; x_wconf 82' lang='lat' dir='ltr'><strong>I5.</strong></span> <span class='ocrx_word' id='word_1_540' title='bbox 2045 4516 2215 4573; x_wconf 90' lang='lat' dir='ltr'><strong>Deum</strong></span> <span class='ocrx_word' id='word_1_541' title='bbox 2256 4518 2472 4572; x_wconf 87' lang='lat' dir='ltr'><strong>Patrem</strong></span> <span class='ocrx_word' id='word_1_542' title='bbox 2513 4531 2710 4570; x_wconf 90' lang='lat' dir='ltr'><strong>rursus</strong></span> <span class='ocrx_word' id='word_1_543' title='bbox 2750 4521 2871 4568; x_wconf 90' lang='lat' dir='ltr'><strong>orat</strong></span> <span class='ocrx_word' id='word_1_544' title='bbox 2899 4512 3087 4567; x_wconf 89' lang='lat' dir='ltr'><strong>dicens</strong></span> <span class='ocrx_word' id='word_1_545' title='bbox 3119 4529 3132 4566; x_wconf 89' lang='lat'>:</span> <span class='ocrx_word' id='word_1_546' title='bbox 3162 4510 3312 4566; x_wconf 86' lang='lat' dir='ltr'><strong>Mitte</strong></span> <span class='ocrx_word' id='word_1_547' title='bbox 3342 4510 3430 4565; x_wconf 86' lang='lat' dir='ltr'><strong>Fi-</strong></span> 
     </span>
    </p>
   </div>
   <div class='ocr_carea' id='block_1_82' title="bbox 155 4605 1749 4706">
    <p class='ocr_par' dir='ltr' id='par_1_82' title="bbox 155 4605 1717 4706">
     <span class='ocr_line' id='line_1_82' title="bbox 155 4605 1717 4706; baseline -0.015 -15"><span class='ocrx_word' id='word_1_548' title='bbox 155 4633 398 4706; x_wconf 81' lang='grc' dir='ltr'>Πέμψον</span> <span class='ocrx_word' id='word_1_549' title='bbox 421 4605 510 4683; x_wconf 78' lang='grc' dir='ltr'>τὸν</span> <span class='ocrx_word' id='word_1_550' title='bbox 536 4605 665 4681; x_wconf 24' lang='grc' dir='ltr'>Υνὶόν</span> <span class='ocrx_word' id='word_1_551' title='bbox 693 4605 790 4678; x_wconf 84' lang='grc' dir='ltr'><strong>σου</strong></span> <span class='ocrx_word' id='word_1_552' title='bbox 816 4627 879 4677; x_wconf 84' lang='grc' dir='ltr'><strong>ὲκ</strong></span> <span class='ocrx_word' id='word_1_553' title='bbox 909 4623 1018 4676; x_wconf 87' lang='grc' dir='ltr'><strong>τῶν</strong></span> <span class='ocrx_word' id='word_1_554' title='bbox 1050 4621 1218 4689; x_wconf 85' lang='grc' dir='ltr'>ἁγίων</span> <span class='ocrx_word' id='word_1_555' title='bbox 1262 4637 1356 4672; x_wconf 89' lang='grc' dir='ltr'><strong>σου</strong></span> <span class='ocrx_word' id='word_1_556' title='bbox 1389 4616 1717 4686; x_wconf 69' lang='grc' dir='ltr'>ὑψωμάτων.</span> 
     </span>
    </p>
   </div>
   <div class='ocr_carea' id='block_1_83' title="bbox 1488 4605 3082 4706">
    <p class='ocr_par' dir='ltr' id='par_1_83' title="bbox 1488 4605 3082 4706">
     <span class='ocr_line' id='line_1_83' title="bbox 1488 4605 3082 4706; baseline -0.004 -42"><span class='ocrx_word' id='word_1_557' title='bbox 1488 4616 1717 4686; x_wconf 60' lang='grc' dir='ltr'>αμάτων.</span> <span class='ocrx_word' id='word_1_558' title='bbox 1786 4679 1829 4706; x_wconf 51' lang='grc' dir='ltr'>ἢ</span> <span class='ocrx_word' id='word_1_559' title='bbox 2117 4627 2168 4665; x_wconf 93' lang='lat' dir='ltr'><strong>m</strong></span> <span class='ocrx_word' id='word_1_560' title='bbox 2202 4626 2268 4666; x_wconf 79' lang='lat' dir='ltr'><strong>ex</strong></span> <span class='ocrx_word' id='word_1_561' title='bbox 2299 4610 2505 4666; x_wconf 89' lang='lat' dir='ltr'><strong>sanctis</strong></span> <span class='ocrx_word' id='word_1_562' title='bbox 2537 4609 2648 4663; x_wconf 89' lang='lat' dir='ltr'><strong>tuis</strong></span> <span class='ocrx_word' id='word_1_563' title='bbox 2677 4605 3082 4662; x_wconf 89' lang='lat' dir='ltr'><strong>altitudinibus.</strong></span> 
     </span>
    </p>
   </div>
   <div class='ocr_carea' id='block_1_84' title="bbox 244 4679 1838 4790">
    <p class='ocr_par' dir='ltr' id='par_1_84' title="bbox 244 4679 1829 4790">
     <span class='ocr_line' id='line_1_84' title="bbox 244 4679 1829 4790; baseline -0.014 -11"><span class='ocrx_word' id='word_1_564' title='bbox 244 4679 780 4790; x_wconf 40' lang='lat' dir='ltr'><strong>rav;ii):s&#39;29épw36v</strong></span> <span class='ocrx_word' id='word_1_565' title='bbox 809 4733 874 4788; x_wconf 86' lang='grc' dir='ltr'><strong>με</strong></span> <span class='ocrx_word' id='word_1_566' title='bbox 900 4715 966 4768; x_wconf 82' lang='grc' dir='ltr'>δι’</span> <span class='ocrx_word' id='word_1_567' title='bbox 983 4679 1144 4766; x_wconf 73' lang='grc' dir='ltr'>αὑτοῦ</span> <span class='ocrx_word' id='word_1_568' title='bbox 1173 4711 1281 4765; x_wconf 79' lang='grc' dir='ltr'><strong>ἀπὸ</strong></span> <span class='ocrx_word' id='word_1_569' title='bbox 1303 4710 1411 4763; x_wconf 89' lang='grc' dir='ltr'><strong>τῶν</strong></span> <span class='ocrx_word' id='word_1_570' title='bbox 1429 4679 1753 4778; x_wconf 78' lang='grc' dir='ltr'>πνευμάτων</span> <span class='ocrx_word' id='word_1_571' title='bbox 1786 4679 1829 4735; x_wconf 78' lang='lat' dir='ltr'><strong>D</strong></span> 
     </span>
    </p>
   </div>
   <div class='ocr_carea' id='block_1_85' title="bbox 1836 4679 3430 4790">
    <p class='ocr_par' dir='ltr' id='par_1_85' title="bbox 1930 4693 3430 4770">
     <span class='ocr_line' id='line_1_85' title="bbox 1930 4693 3430 4770; baseline -0.005 -13"><span class='ocrx_word' id='word_1_572' title='bbox 1930 4705 2016 4758; x_wconf 88' lang='lat' dir='ltr'><strong>I6.</strong></span> <span class='ocrx_word' id='word_1_573' title='bbox 2059 4703 2252 4758; x_wconf 87' lang='lat' dir='ltr'><strong>Libera</strong></span> <span class='ocrx_word' id='word_1_574' title='bbox 2284 4717 2371 4755; x_wconf 88' lang='lat' dir='ltr'><strong>me</strong></span> <span class='ocrx_word' id='word_1_575' title='bbox 2406 4717 2501 4770; x_wconf 89' lang='lat' dir='ltr'><strong>per</strong></span> <span class='ocrx_word' id='word_1_576' title='bbox 2536 4699 2713 4769; x_wconf 89' lang='lat' dir='ltr'><strong>ipsum</strong></span> <span class='ocrx_word' id='word_1_577' title='bbox 2749 4712 2776 4751; x_wconf 91' lang='lat' dir='ltr'><strong>a</strong></span> <span class='ocrx_word' id='word_1_578' title='bbox 2811 4695 3093 4767; x_wconf 89' lang='lat' dir='ltr'><strong>spiritibus</strong></span> <span class='ocrx_word' id='word_1_579' title='bbox 3126 4695 3243 4750; x_wconf 88' lang='lat' dir='ltr'><strong>istis</strong></span> <span class='ocrx_word' id='word_1_580' title='bbox 3273 4693 3430 4749; x_wconf 86' lang='lat' dir='ltr'><strong>malis</strong></span> 
     </span>
    </p>
   </div>
   <div class='ocr_carea' id='block_1_86' title="bbox 160 4786 1754 4882">
    <p class='ocr_par' dir='ltr' id='par_1_86' title="bbox 160 4786 1754 4882">
     <span class='ocr_line' id='line_1_86' title="bbox 160 4786 1754 4882; baseline -0.012 -11"><span class='ocrx_word' id='word_1_581' title='bbox 160 4818 385 4875; x_wconf 71' lang='grc' dir='ltr'>τούτων</span> <span class='ocrx_word' id='word_1_582' title='bbox 441 4786 688 4882; x_wconf 81' lang='grc' dir='ltr'>πονηρῶν</span> <span class='ocrx_word' id='word_1_583' title='bbox 725 4786 819 4880; x_wconf 18' lang='grc'><strong>(7)*</strong></span> <span class='ocrx_word' id='word_1_584' title='bbox 845 4807 953 4859; x_wconf 85' lang='grc' dir='ltr'><strong>τῶν</strong></span> <span class='ocrx_word' id='word_1_585' title='bbox 992 4804 1222 4866; x_wconf 85' lang='grc' dir='ltr'>πολλῶν,</span> <span class='ocrx_word' id='word_1_586' title='bbox 1266 4802 1374 4858; x_wconf 88' lang='grc' dir='ltr'><strong>τῶν</strong></span> <span class='ocrx_word' id='word_1_587' title='bbox 1431 4799 1754 4872; x_wconf 80' lang='grc' dir='ltr'>βυθιζόντων</span> 
     </span>
    </p>
   </div>
   <div class='ocr_carea' id='block_1_87' title="bbox 1195 4786 2789 4882">
    <p class='ocr_par' dir='ltr' id='par_1_87' title="bbox 1195 4786 2789 4872">
     <span class='ocr_line' id='line_1_87' title="bbox 1195 4786 2789 4872; baseline -0.011 -17"><span class='ocrx_word' id='word_1_588' title='bbox 1195 4823 1222 4866; x_wconf 81' lang='grc' dir='ltr'>ι,</span> <span class='ocrx_word' id='word_1_589' title='bbox 1266 4802 1374 4858; x_wconf 87' lang='grc' dir='ltr'><strong>τῶν</strong></span> <span class='ocrx_word' id='word_1_590' title='bbox 1431 4799 1754 4872; x_wconf 78' lang='grc' dir='ltr'>βυθιζόντων</span> <span class='ocrx_word' id='word_1_591' title='bbox 1855 4800 1910 4846; x_wconf 91' lang='lat' dir='ltr'><strong>et</strong></span> <span class='ocrx_word' id='word_1_592' title='bbox 1938 4790 2146 4854; x_wconf 80' lang='lat' dir='ltr'><strong>multis,</strong></span> <span class='ocrx_word' id='word_1_593' title='bbox 2170 4786 2649 4858; x_wconf 81' lang='lat' dir='ltr'><strong>submergentibus</strong></span> <span class='ocrx_word' id='word_1_594' title='bbox 2683 4798 2789 4838; x_wconf 90' lang='lat' dir='ltr'><strong>me.</strong></span> 
     </span>
    </p>
   </div>
   <div class='ocr_carea' id='block_1_88' title="bbox 165 4930 244 4984">
    <p class='ocr_par' dir='ltr' id='par_1_88' title="bbox 165 4930 244 4984">
     <span class='ocr_line' id='line_1_88' title="bbox 165 4930 244 4984; baseline 0 -19"><span class='ocrx_word' id='word_1_595' title='bbox 165 4930 244 4984; x_wconf 83' lang='grc' dir='ltr'><strong>με</strong></span> 
     </span>
    </p>
   </div>
   <div class='ocr_carea' id='block_1_89' title="bbox 247 4953 1841 5062">
    <p class='ocr_par' dir='ltr' id='par_1_89' title="bbox 247 4975 1752 5062">
     <span class='ocr_line' id='line_1_89' title="bbox 247 4975 1752 5062; baseline -0.016 -11"><span class='ocrx_word' id='word_1_596' title='bbox 247 4998 340 5052; x_wconf 86' lang='grc'><strong>17.</strong></span> <span class='ocrx_word' id='word_1_597' title='bbox 387 4994 482 5049; x_wconf 84' lang='grc' dir='ltr'><strong>Ἐκ</strong></span> <span class='ocrx_word' id='word_1_598' title='bbox 525 4994 622 5062; x_wconf 75' lang='grc' dir='ltr'>τῆς</span> <span class='ocrx_word' id='word_1_599' title='bbox 658 4987 975 5050; x_wconf 82' lang='grc' dir='ltr'>δυναστείας</span> <span class='ocrx_word' id='word_1_600' title='bbox 1009 4985 1116 5040; x_wconf 87' lang='grc' dir='ltr'><strong>τῶν</strong></span> <span class='ocrx_word' id='word_1_601' title='bbox 1151 4983 1282 5038; x_wconf 83' lang='grc' dir='ltr'>υἱῶν</span> <span class='ocrx_word' id='word_1_602' title='bbox 1325 4982 1418 5035; x_wconf 88' lang='grc' dir='ltr'><strong>τοῦ</strong></span> <span class='ocrx_word' id='word_1_603' title='bbox 1469 4975 1705 5050; x_wconf 82' lang='grc' dir='ltr'>πονηροῦ</span> <span class='ocrx_word' id='word_1_604' title='bbox 1737 5017 1752 5041; x_wconf 92' lang='grc'><strong>,</strong></span> 
     </span>
    </p>
   </div>
   <div class='ocr_carea' id='block_1_90' title="bbox 1837 4953 3431 5062">
    <p class='ocr_par' dir='ltr' id='par_1_90' title="bbox 1927 4953 3431 5033">
     <span class='ocr_line' id='line_1_90' title="bbox 1927 4953 3431 5033; baseline -0.011 -13"><span class='ocrx_word' id='word_1_605' title='bbox 1927 4966 2015 5020; x_wconf 88' lang='lat' dir='ltr'><em>I7.</em></span> <span class='ocrx_word' id='word_1_606' title='bbox 2046 4963 2088 5017; x_wconf 88' lang='grc' dir='ltr'><strong>Ε</strong></span> <span class='ocrx_word' id='word_1_607' title='bbox 2118 4971 2387 5033; x_wconf 88' lang='lat' dir='ltr'><strong>potestate</strong></span> <span class='ocrx_word' id='word_1_608' title='bbox 2425 4959 2662 5014; x_wconf 85' lang='lat' dir='ltr'><strong>ﬁliorum</strong></span> <span class='ocrx_word' id='word_1_609' title='bbox 2708 4954 2965 5025; x_wconf 89' lang='lat' dir='ltr'><strong>improbi,</strong></span> <span class='ocrx_word' id='word_1_610' title='bbox 2991 4953 3094 5006; x_wconf 84' lang='lat' dir='ltr'><strong>hoc</strong></span> <span class='ocrx_word' id='word_1_611' title='bbox 3123 4961 3204 5005; x_wconf 87' lang='lat' dir='ltr'><strong>est</strong></span> <span class='ocrx_word' id='word_1_612' title='bbox 3239 4967 3267 5004; x_wconf 93' lang='lat' dir='ltr'><strong>a</strong></span> <span class='ocrx_word' id='word_1_613' title='bbox 3301 4967 3431 5006; x_wconf 83' lang='lat' dir='ltr'><strong>con-</strong></span> 
     </span>
    </p>
   </div>
   <div class='ocr_carea' id='block_1_91' title="bbox 157 5053 1751 5152">
    <p class='ocr_par' dir='ltr' id='par_1_91' title="bbox 157 5083 928 5152">
     <span class='ocr_line' id='line_1_91' title="bbox 157 5083 928 5152; baseline -0.019 -6"><span class='ocrx_word' id='word_1_614' title='bbox 157 5094 285 5146; x_wconf 82' lang='grc' dir='ltr'><strong>τῶν</strong></span> <span class='ocrx_word' id='word_1_615' title='bbox 318 5087 572 5142; x_wconf 77' lang='grc' dir='ltr'>ἐναντίων</span> <span class='ocrx_word' id='word_1_616' title='bbox 608 5083 890 5152; x_wconf 83' lang='grc' dir='ltr'>δυνάμεων</span> <span class='ocrx_word' id='word_1_617' title='bbox 915 5096 928 5108; x_wconf 88' lang='grc'><strong>·</strong></span> 
     </span>
    </p>
   </div>
   <div class='ocr_carea' id='block_1_92' title="bbox 871 5053 2465 5152">
    <p class='ocr_par' dir='ltr' id='par_1_92' title="bbox 871 5053 2465 5132">
     <span class='ocr_line' id='line_1_92' title="bbox 871 5053 2465 5132; baseline -0.018 0"><span class='ocrx_word' id='word_1_618' title='bbox 871 5099 890 5132; x_wconf 85' lang='grc' dir='ltr'><strong>ν</strong></span> <span class='ocrx_word' id='word_1_619' title='bbox 915 5096 928 5108; x_wconf 87' lang='grc'><strong>·</strong></span> <span class='ocrx_word' id='word_1_620' title='bbox 1857 5058 2041 5112; x_wconf 90' lang='lat' dir='ltr'><strong>trariis</strong></span> <span class='ocrx_word' id='word_1_621' title='bbox 2066 5053 2427 5126; x_wconf 85' lang='lat' dir='ltr'><strong>potestatibus</strong></span> <span class='ocrx_word' id='word_1_622' title='bbox 2453 5067 2465 5103; x_wconf 94' lang='lat'><strong>:</strong></span> 
     </span>
    </p>
   </div>
   <div class='ocr_carea' id='block_1_93' title="bbox 251 5134 1845 5247">
    <p class='ocr_par' dir='ltr' id='par_1_93' title="bbox 251 5134 1755 5247">
     <span class='ocr_line' id='line_1_93' title="bbox 251 5134 1755 5247; baseline -0.016 -12"><span class='ocrx_word' id='word_1_623' title='bbox 251 5134 536 5247; x_wconf 60' lang='grc' dir='ltr'><strong>1ὃῖ</strong></span> <span class='ocrx_word' id='word_1_624' title='bbox 558 5134 879 5229; x_wconf 42' lang='grc' dir='ltr'>διδασξαλία</span> <span class='ocrx_word' id='word_1_625' title='bbox 926 5172 1075 5223; x_wconf 78' lang='grc' dir='ltr'>πᾶσα</span> <span class='ocrx_word' id='word_1_626' title='bbox 1106 5167 1260 5221; x_wconf 79' lang='grc' dir='ltr'>οὐδὲν</span> <span class='ocrx_word' id='word_1_627' title='bbox 1306 5163 1568 5229; x_wconf 83' lang='grc' dir='ltr'>ζωοποιὸν</span> <span class='ocrx_word' id='word_1_628' title='bbox 1601 5160 1713 5231; x_wconf 81' lang='grc' dir='ltr'>ἔχει</span> <span class='ocrx_word' id='word_1_629' title='bbox 1741 5198 1755 5225; x_wconf 93' lang='grc'><strong>,</strong></span> 
     </span>
    </p>
   </div>
   <div class='ocr_carea' id='block_1_94' title="bbox 1838 5134 3432 5247">
    <p class='ocr_par' dir='ltr' id='par_1_94' title="bbox 1937 5134 3432 5215">
     <span class='ocr_line' id='line_1_94' title="bbox 1937 5134 3432 5215; baseline -0.014 -9"><span class='ocrx_word' id='word_1_630' title='bbox 1937 5151 2023 5206; x_wconf 83' lang='grc'><strong>18.</strong></span> <span class='ocrx_word' id='word_1_631' title='bbox 2056 5149 2298 5215; x_wconf 84' lang='lat' dir='ltr'><strong>Quarum</strong></span> <span class='ocrx_word' id='word_1_632' title='bbox 2346 5142 2523 5197; x_wconf 90' lang='lat' dir='ltr'><strong>omnis</strong></span> <span class='ocrx_word' id='word_1_633' title='bbox 2567 5142 2811 5195; x_wconf 81' lang='lat' dir='ltr'><strong>doctrina</strong></span> <span class='ocrx_word' id='word_1_634' title='bbox 2853 5136 2985 5191; x_wconf 88' lang='lat' dir='ltr'><strong>nihil</strong></span> <span class='ocrx_word' id='word_1_635' title='bbox 3017 5134 3294 5188; x_wconf 80' lang='lat' dir='ltr'><strong>viviticans</strong></span> <span class='ocrx_word' id='word_1_636' title='bbox 3339 5134 3432 5186; x_wconf 88' lang='lat' dir='ltr'><strong>ha-</strong></span> 
     </span>
    </p>
   </div>
   <div class='ocr_carea' id='block_1_95' title="bbox 164 5229 1758 5337">
    <p class='ocr_par' dir='ltr' id='par_1_95' title="bbox 164 5229 1661 5337">
     <span class='ocr_line' id='line_1_95' title="bbox 164 5229 1661 5337; baseline -0.015 -9"><span class='ocrx_word' id='word_1_637' title='bbox 164 5229 342 5329; x_wconf 36' lang='lat' dir='ltr'><strong>ara;</strong></span> <span class='ocrx_word' id='word_1_638' title='bbox 372 5229 549 5325; x_wconf 75' lang='grc' dir='ltr'>πάντα</span> <span class='ocrx_word' id='word_1_639' title='bbox 578 5267 654 5337; x_wconf 81' lang='lat'><strong>(8)</strong></span> <span class='ocrx_word' id='word_1_640' title='bbox 696 5267 775 5328; x_wconf 87' lang='grc' dir='ltr'>εἰς</span> <span class='ocrx_word' id='word_1_641' title='bbox 799 5261 1096 5333; x_wconf 72' lang='grc' dir='ltr'>διαφθοράν</span> <span class='ocrx_word' id='word_1_642' title='bbox 1125 5259 1218 5313; x_wconf 69' lang='grc' dir='ltr'>καὶ</span> <span class='ocrx_word' id='word_1_643' title='bbox 1250 5255 1545 5310; x_wconf 85' lang='grc' dir='ltr'>ἀπώλειαν.</span> <span class='ocrx_word' id='word_1_644' title='bbox 1632 5229 1661 5231; x_wconf 31' lang='grc' dir='ltr'>Π</span> 
     </span>
    </p>
   </div>
   <div class='ocr_carea' id='block_1_96' title="bbox 1609 5229 3203 5337">
    <p class='ocr_par' dir='ltr' id='par_1_96' title="bbox 1632 5229 3203 5308">
     <span class='ocr_line' id='line_1_96' title="bbox 1632 5229 3203 5308; baseline -0.015 -5"><span class='ocrx_word' id='word_1_645' title='bbox 1632 5229 1661 5231; x_wconf 27' lang='grc' dir='ltr'>Π</span> <span class='ocrx_word' id='word_1_646' title='bbox 1867 5245 1977 5308; x_wconf 89' lang='lat' dir='ltr'><strong>bet,</strong></span> <span class='ocrx_word' id='word_1_647' title='bbox 2015 5242 2109 5297; x_wconf 86' lang='lat' dir='ltr'><strong>sed</strong></span> <span class='ocrx_word' id='word_1_648' title='bbox 2143 5239 2326 5296; x_wconf 90' lang='lat' dir='ltr'><strong>omnia</strong></span> <span class='ocrx_word' id='word_1_649' title='bbox 2365 5237 2418 5290; x_wconf 90' lang='lat' dir='ltr'><strong>in</strong></span> <span class='ocrx_word' id='word_1_650' title='bbox 2449 5233 2850 5303; x_wconf 82' lang='lat' dir='ltr'><strong>corruptionem</strong></span> <span class='ocrx_word' id='word_1_651' title='bbox 2882 5238 2936 5285; x_wconf 92' lang='lat' dir='ltr'><strong>et</strong></span> <span class='ocrx_word' id='word_1_652' title='bbox 2960 5229 3203 5282; x_wconf 83' lang='lat' dir='ltr'><strong>exitium.</strong></span> 
     </span>
    </p>
   </div>
   <div class='ocr_carea' id='block_1_97' title="bbox 1095 5391 2519 5484">
    <p class='ocr_par' dir='ltr' id='par_1_97' title="bbox 1095 5391 2519 5484">
     <span class='ocr_line' id='line_1_97' title="bbox 1095 5391 2519 5484; baseline -0.018 -6"><span class='ocrx_word' id='word_1_653' title='bbox 1095 5412 1404 5478; x_wconf 82' lang='lat' dir='ltr'><strong>Addenda</strong></span> <span class='ocrx_word' id='word_1_654' title='bbox 1461 5416 1521 5471; x_wconf 93' lang='lat' dir='ltr'><strong>et</strong></span> <span class='ocrx_word' id='word_1_655' title='bbox 1577 5401 1953 5484; x_wconf 83' lang='lat' dir='ltr'><strong>corrigenda</strong></span> <span class='ocrx_word' id='word_1_656' title='bbox 2013 5416 2093 5460; x_wconf 80' lang='lat' dir='ltr'><strong>ex</strong></span> <span class='ocrx_word' id='word_1_657' title='bbox 2143 5393 2284 5458; x_wconf 91' lang='lat' dir='ltr'><strong>cod.</strong></span> <span class='ocrx_word' id='word_1_658' title='bbox 2319 5391 2519 5454; x_wconf 78' lang='lat' dir='ltr'><strong>Valic.</strong></span> 
     </span>
    </p>
   </div>
   <div class='ocr_carea' id='block_1_98' title="bbox 285 5546 1879 5646">
    <p class='ocr_par' dir='ltr' id='par_1_98' title="bbox 285 5556 1879 5646">
     <span class='ocr_line' id='line_1_98' title="bbox 285 5556 1879 5646; baseline -0.027 -11"><span class='ocrx_word' id='word_1_659' title='bbox 285 5582 336 5646; x_wconf 87' lang='lat' dir='ltr'>I)</span> <span class='ocrx_word' id='word_1_660' title='bbox 369 5577 540 5636; x_wconf 82' lang='grc' dir='ltr'>Δίδον,</span> <span class='ocrx_word' id='word_1_661' title='bbox 577 5580 680 5646; x_wconf 81' lang='lat' dir='ltr'><strong>etc.</strong></span> <span class='ocrx_word' id='word_1_662' title='bbox 723 5569 828 5638; x_wconf 80' lang='lat' dir='ltr'><strong>leg.</strong></span> <span class='ocrx_word' id='word_1_663' title='bbox 864 5562 1035 5646; x_wconf 77' lang='grc' dir='ltr'>διδούς</span> <span class='ocrx_word' id='word_1_664' title='bbox 1063 5570 1156 5616; x_wconf 86' lang='lat' dir='ltr'><strong>aut</strong></span> <span class='ocrx_word' id='word_1_665' title='bbox 1178 5556 1357 5620; x_wconf 85' lang='grc' dir='ltr'>διδῶν,</span> <span class='ocrx_word' id='word_1_666' title='bbox 1384 5556 1538 5610; x_wconf 80' lang='lat' dir='ltr'><strong>deest</strong></span> <span class='ocrx_word' id='word_1_667' title='bbox 1562 5569 1649 5622; x_wconf 82' lang='grc' dir='ltr'>με.</span> <span class='ocrx_word' id='word_1_668' title='bbox 1867 5563 1879 5592; x_wconf 59' lang='grc' dir='ltr'><strong>ι</strong></span> 
     </span>
    </p>
   </div>
   <div class='ocr_carea' id='block_1_99' title="bbox 1509 5546 3103 5646">
    <p class='ocr_par' dir='ltr' id='par_1_99' title="bbox 1509 5546 3103 5646">
     <span class='ocr_line' id='line_1_99' title="bbox 1509 5546 3103 5622; baseline 0.004 -19"><span class='ocrx_word' id='word_1_669' title='bbox 1509 5561 1538 5607; x_wconf 32' lang='lat' dir='ltr'><strong>.t</strong></span> <span class='ocrx_word' id='word_1_670' title='bbox 1562 5569 1649 5622; x_wconf 86' lang='grc' dir='ltr'>με.</span> <span class='ocrx_word' id='word_1_671' title='bbox 1867 5546 1988 5616; x_wconf 85' lang='grc' dir='ltr'>τήν.</span> <span class='ocrx_word' id='word_1_672' title='bbox 2019 5552 2122 5598; x_wconf 85' lang='lat' dir='ltr'><strong>etc.</strong></span> <span class='ocrx_word' id='word_1_673' title='bbox 2871 5600 2893 5615; x_wconf 78' lang='grc'><strong>,</strong></span> <span class='ocrx_word' id='word_1_674' title='bbox 3003 5597 3015 5610; x_wconf 96' lang='grc'><strong>.</strong></span> <span class='ocrx_word' id='word_1_675' title='bbox 3093 5595 3103 5609; x_wconf 89' lang='grc'><strong>.</strong></span> 
     </span>
     <span class='ocr_line' id='line_1_100' title="bbox 1942 5600 3103 5646; baseline 0 0"><span class='ocrx_word' id='word_1_676' title='bbox 1942 5615 2019 5646; x_wconf 71' lang='grc' dir='ltr'><strong>[ιι.</strong></span> <span class='ocrx_word' id='word_1_677' title='bbox 2061 5609 2459 5646; x_wconf 63' lang='grc' dir='ltr'><strong>ἰινηηηηιέυηιη-</strong></span> <span class='ocrx_word' id='word_1_678' title='bbox 2513 5613 2642 5646; x_wconf 71' lang='lat' dir='ltr'><strong>om-</strong></span> <span class='ocrx_word' id='word_1_679' title='bbox 2679 5600 2922 5646; x_wconf 71' lang='grc' dir='ltr'>ἀσθενεις</span> <span class='ocrx_word' id='word_1_680' title='bbox 2958 5613 3103 5646; x_wconf 84' lang='grc' dir='ltr'>αυτοι</span> 
     </span>
    </p>
   </div>
   <div class='ocr_carea' id='block_1_100' title="bbox 279 5593 3432 5719">
    <p class='ocr_par' dir='ltr' id='par_1_100' title="bbox 279 5593 3432 5719">
     <span class='ocr_line' id='line_1_101' title="bbox 279 5593 3432 5719; baseline -0.008 -51"><span class='ocrx_word' id='word_1_681' title='bbox 279 5593 336 5719; x_wconf 50' lang='grc' dir='ltr'><strong>ἐς</strong></span> <span class='ocrx_word' id='word_1_682' title='bbox 1063 5593 1156 5616; x_wconf 54' lang='grc' dir='ltr'><strong>Νι</strong></span> <span class='ocrx_word' id='word_1_683' title='bbox 1178 5593 1357 5708; x_wconf 45' lang='lat' dir='ltr'><strong>“NV:</strong></span> <span class='ocrx_word' id='word_1_684' title='bbox 1385 5593 1538 5610; x_wconf 50' lang='lat' dir='ltr'><strong>ww.</strong></span> <span class='ocrx_word' id='word_1_685' title='bbox 1562 5593 1649 5622; x_wconf 61' lang='lat' dir='ltr'><strong>rm</strong></span> <span class='ocrx_word' id='word_1_686' title='bbox 1879 5593 2480 5683; x_wconf 26' lang='grc' dir='ltr'>’ν’(θίἯκονημένους,</span> <span class='ocrx_word' id='word_1_687' title='bbox 2513 5613 2644 5669; x_wconf 91' lang='lat' dir='ltr'><strong>elc.,</strong></span> <span class='ocrx_word' id='word_1_688' title='bbox 2679 5600 2922 5664; x_wconf 77' lang='grc' dir='ltr'>ἀσθενεῖς</span> <span class='ocrx_word' id='word_1_689' title='bbox 2958 5595 3150 5658; x_wconf 76' lang='grc' dir='ltr'>αὐτοὺς</span> <span class='ocrx_word' id='word_1_690' title='bbox 3182 5593 3432 5654; x_wconf 83' lang='grc' dir='ltr'>ποιήσου-</span> 
     </span>
    </p>
   </div>
   <div class='ocr_carea' id='block_1_101' title="bbox 259 5698 1853 5792">
    <p class='ocr_par' dir='ltr' id='par_1_101' title="bbox 259 5698 1616 5792">
     <span class='ocr_line' id='line_1_102' title="bbox 259 5698 1616 5792; baseline -0.024 -14"><span class='ocrx_word' id='word_1_691' title='bbox 370 5698 560 5789; x_wconf 54' lang='lat' dir='ltr'><strong>libora,</strong></span> <span class='ocrx_word' id='word_1_692' title='bbox 582 5698 669 5775; x_wconf 69' lang='grc' dir='ltr'>’τίς</span> <span class='ocrx_word' id='word_1_693' title='bbox 695 5698 862 5772; x_wconf 71' lang='grc' dir='ltr'>ἐστιν,</span> <span class='ocrx_word' id='word_1_694' title='bbox 892 5715 999 5762; x_wconf 86' lang='lat' dir='ltr'><strong>etc.</strong></span> <span class='ocrx_word' id='word_1_695' title='bbox 1018 5701 1193 5792; x_wconf 52' lang='grc' dir='ltr'>ἀὐτὸν</span> <span class='ocrx_word' id='word_1_696' title='bbox 1221 5698 1474 5769; x_wconf 71' lang='grc' dir='ltr'>ὀφθῆναι,</span> <span class='ocrx_word' id='word_1_697' title='bbox 1509 5702 1616 5748; x_wconf 85' lang='lat' dir='ltr'><strong>etc.</strong></span> 
     </span>
    </p>
   </div>
   <div class='ocr_carea' id='block_1_102' title="bbox 1053 5698 2647 5792">
    <p class='ocr_par' dir='ltr' id='par_1_102' title="bbox 1053 5698 2647 5792">
     <span class='ocr_line' id='line_1_103' title="bbox 1053 5698 2647 5769; baseline -0.021 -13"><span class='ocrx_word' id='word_1_698' title='bbox 1053 5701 1193 5756; x_wconf 81' lang='grc' dir='ltr'>ιύτδν</span> <span class='ocrx_word' id='word_1_699' title='bbox 1221 5698 1474 5769; x_wconf 72' lang='grc' dir='ltr'>ὀφθῆναι,</span> <span class='ocrx_word' id='word_1_700' title='bbox 1509 5702 1616 5748; x_wconf 85' lang='lat' dir='ltr'><strong>etc.</strong></span> <span class='ocrx_word' id='word_1_701' title='bbox 1871 5703 1972 5738; x_wconf 89' lang='grc' dir='ltr'>σιν.</span> <span class='ocrx_word' id='word_1_702' title='bbox 2077 5756 2086 5766; x_wconf 31' lang='grc'><strong>1</strong></span> <span class='ocrx_word' id='word_1_703' title='bbox 2141 5751 2153 5764; x_wconf 33' lang='grc' dir='ltr'>ν</span> <span class='ocrx_word' id='word_1_704' title='bbox 2345 5750 2367 5760; x_wconf 36' lang='grc' dir='ltr'><strong><em>φ</em></strong></span> <span class='ocrx_word' id='word_1_705' title='bbox 2626 5744 2647 5756; x_wconf 64' lang='lat'>_</span> 
     </span>
     <span class='ocr_line' id='line_1_104' title="bbox 1086 5753 2647 5792; baseline -0.012 18"><span class='ocrx_word' id='word_1_706' title='bbox 1086 5791 1101 5792; x_wconf 48' lang='grc' dir='ltr'><em>η</em></span> <span class='ocrx_word' id='word_1_707' title='bbox 1150 5791 1157 5792; x_wconf 49' lang='grc' dir='ltr'>ί</span> <span class='ocrx_word' id='word_1_708' title='bbox 1181 5789 1193 5792; x_wconf 90' lang='grc'><strong><em>-</em></strong></span> <span class='ocrx_word' id='word_1_709' title='bbox 1937 5753 2013 5792; x_wconf 80' lang='lat' dir='ltr'><strong>l&#39;n</strong></span> <span class='ocrx_word' id='word_1_710' title='bbox 2047 5756 2073 5792; x_wconf 94' lang='grc'><strong>’1</strong></span> <span class='ocrx_word' id='word_1_711' title='bbox 2092 5769 2266 5792; x_wconf 61' lang='grc' dir='ltr'>ηιιτιιιυ</span> <span class='ocrx_word' id='word_1_712' title='bbox 2303 5766 2409 5792; x_wconf 68' lang='lat' dir='ltr'><strong>eum</strong></span> <span class='ocrx_word' id='word_1_713' title='bbox 2441 5762 2647 5792; x_wconf 69' lang='lat' dir='ltr'><strong>nov-nou</strong></span> 
     </span>
    </p>
   </div>
   <div class='ocr_carea' id='block_1_103' title="bbox 256 5751 2848 5896">
    <p class='ocr_par' dir='ltr' id='par_1_103' title="bbox 256 5751 2848 5896">
     <span class='ocr_line' id='line_1_105' title="bbox 256 5751 2848 5896; baseline -0.007 -81"><span class='ocrx_word' id='word_1_714' title='bbox 362 5751 1196 5852; x_wconf 36' lang='grc' dir='ltr'><strong>Ἧζξξ’ὲξξζ,”ξὶξ’τξξτξὸίῆξάξθξ</strong></span> <span class='ocrx_word' id='word_1_715' title='bbox 1233 5751 1278 5769; x_wconf 19' lang='grc' dir='ltr'>θ’</span> <span class='ocrx_word' id='word_1_716' title='bbox 1350 5751 1360 5768; x_wconf 78' lang='grc'><strong><em>⁸</em></strong></span> <span class='ocrx_word' id='word_1_717' title='bbox 1387 5837 1397 5849; x_wconf 35' lang='grc' dir='ltr'><em>ο</em></span> <span class='ocrx_word' id='word_1_718' title='bbox 1464 5751 1472 5757; x_wconf 83' lang='grc'><strong>’</strong></span> <span class='ocrx_word' id='word_1_719' title='bbox 1937 5753 2013 5896; x_wconf 45' lang='lat' dir='ltr'><strong>E7)</strong></span> <span class='ocrx_word' id='word_1_720' title='bbox 2047 5751 2272 5852; x_wconf 63' lang='grc' dir='ltr'>Τορτων</span> <span class='ocrx_word' id='word_1_721' title='bbox 2303 5751 2409 5803; x_wconf 82' lang='grc' dir='ltr'><strong>τῶν</strong></span> <span class='ocrx_word' id='word_1_722' title='bbox 2441 5751 2709 5816; x_wconf 82' lang='grc' dir='ltr'>πονηρῶν,</span> <span class='ocrx_word' id='word_1_723' title='bbox 2745 5751 2848 5798; x_wconf 89' lang='lat' dir='ltr'><strong>etc.</strong></span> 
     </span>
     <span class='ocr_line' id='line_1_106' title="bbox 261 5825 2430 5896; baseline -0.006 0"><span class='ocrx_word' id='word_1_724' title='bbox 261 5867 337 5896; x_wconf 66' lang='grc' dir='ltr'><strong>ιιι</strong></span> <span class='ocrx_word' id='word_1_725' title='bbox 381 5857 746 5896; x_wconf 54' lang='lat' dir='ltr'><strong>numam“:</strong></span> <span class='ocrx_word' id='word_1_726' title='bbox 778 5851 871 5896; x_wconf 72' lang='grc' dir='ltr'>τῆς</span> <span class='ocrx_word' id='word_1_727' title='bbox 903 5845 1058 5896; x_wconf 74' lang='grc' dir='ltr'>δόξης</span> <span class='ocrx_word' id='word_1_728' title='bbox 1089 5861 1181 5896; x_wconf 82' lang='grc' dir='ltr'><strong>του</strong></span> <span class='ocrx_word' id='word_1_729' title='bbox 1229 5854 1515 5896; x_wconf 74' lang='grc' dir='ltr'>πρόσωπον</span> <span class='ocrx_word' id='word_1_730' title='bbox 1551 5851 1642 5888; x_wconf 85' lang='grc' dir='ltr'><strong>σου</strong></span> <span class='ocrx_word' id='word_1_731' title='bbox 1679 5833 1757 5894; x_wconf 81' lang='grc' dir='ltr'><strong>είς</strong></span> <span class='ocrx_word' id='word_1_732' title='bbox 1965 5826 2016 5896; x_wconf 83' lang='grc'>3)</span> <span class='ocrx_word' id='word_1_733' title='bbox 2059 5825 2292 5886; x_wconf 70' lang='grc' dir='ltr'><strong>Πανταυ</strong></span> <span class='ocrx_word' id='word_1_734' title='bbox 2329 5830 2430 5876; x_wconf 69' lang='lat' dir='ltr'><strong>CIC-</strong></span> 
     </span>
    </p>
   </div>
   <div class='ocr_carea' id='block_1_104' title="bbox 261 5825 2430 5936">
    <p class='ocr_par' dir='ltr' id='par_1_104' title="bbox 261 5825 2430 5936">
     <span class='ocr_line' id='line_1_107' title="bbox 261 5825 2430 5936; baseline -0.023 -13"><span class='ocrx_word' id='word_1_735' title='bbox 381 5825 1195 5925; x_wconf 54' lang='grc' dir='ltr'><strong>ὧδ’</strong></span> <span class='ocrx_word' id='word_1_736' title='bbox 1229 5837 1515 5914; x_wconf 80' lang='grc' dir='ltr'>προσώπου</span> <span class='ocrx_word' id='word_1_737' title='bbox 1551 5851 1642 5888; x_wconf 85' lang='grc' dir='ltr'><strong>σου</strong></span> <span class='ocrx_word' id='word_1_738' title='bbox 1679 5833 1757 5894; x_wconf 82' lang='grc' dir='ltr'><strong>είς</strong></span> <span class='ocrx_word' id='word_1_739' title='bbox 1942 5825 2016 5899; x_wconf 86' lang='lat'><strong>(3)</strong></span> <span class='ocrx_word' id='word_1_740' title='bbox 2059 5825 2292 5886; x_wconf 83' lang='grc' dir='ltr'>Πάντας,</span> <span class='ocrx_word' id='word_1_741' title='bbox 2329 5830 2430 5876; x_wconf 84' lang='lat' dir='ltr'><strong>etc.</strong></span> 
     </span>
    </p>
   </div>
  </div>
