4036 6424
615 347 752 404 1307

683 467 769 522 19.
807 466 870 521 Et
897 467 1116 522 dextera
1135 481 1346 530 eorum,
1371 467 1588 520 dextera
1613 465 1938 535 iniquitatis.

680 559 771 611 20.
814 557 974 623 Deus,
1015 558 1286 612 canticum
1326 573 1524 612 novum
1555 558 1786 612 cantabo
1825 557 1920 610 tibi
1955 574 1968 610 :

680 649 769 702 21.
807 649 862 703 lu
893 650 1152 720 psalterio
1186 648 1523 704 decachordo
1552 648 1781 718 psallam
1813 647 1929 702 tibi.

680 738 771 794 22.
804 738 905 805 Qui
932 739 1032 794 das
1059 739 1288 794 salutem
1319 739 1536 808 regibus
1561 757 1573 792 :

680 828 767 885 25.
799 827 902 895 Qui
943 829 1223 884 redemisti
1255 827 1426 882 David
1457 842 1678 884 servum
1715 835 1868 881 tuum
1899 826 1964 881 de
2001 826 2182 897 gladio

613 923 852 994 maligno
878 922 1156 994 [liberabit
1175 922 1346 994 eum].

676 1015 765 1070 24.
807 1014 963 1083 Eripe
993 1029 1097 1080 me,
1125 1021 1179 1067 et
1210 1028 1342 1068 erue
1369 1027 1457 1067 me
1479 1011 1545 1066 de
1576 1027 1739 1066 manu
1778 1011 2018 1066 ﬁliorum
2048 1009 2181 1064 alie-

611 1121 806 1159 norum
839 1122 852 1158 ζ

678 1195 768 1251 25.
800 1195 1041 1261 Quorum
1066 1211 1128 1251 os
1148 1195 1389 1250 locutum
1413 1204 1496 1249 cst
1523 1195 1811 1249 vanitatem
1828 1235 1844 1259 ,

678 1285 766 1340 26.
799 1286 864 1340 Et
887 1287 1109 1340 dextera
1141 1299 1352 1351 eorum,
1384 1287 1604 1341 dextera
1639 1286 1965 1356 iniquitatis.

678 1374 766 1428 27.
801 1375 1045 1440 Quorum
1069 1376 1164 1430 ﬁlii
1189 1376 1332 1432 sicut
1353 1378 1581 1432 novella:
1604 1375 1972 1445 plantationes
2001 1374 2054 1428 in
2091 1373 2178 1444 ju-

607 1476 824 1522 ventute
851 1483 970 1522 sua.

675 1559 766 1613 28.
800 1558 951 1616 Filia
997 1575 1188 1617 eorum
1243 1559 1600 1630 compositae,
1656 1559 2074 1614 circumornata:
2121 1563 2182 1610 ut

609 1649 907 1705 similitudo
942 1651 1150 1720 templi.

680 1739 770 1794 29.
806 1740 1186 1810 Promptuaria
1207 1757 1396 1797 eorum
1420 1743 1602 1812 plena,
1638 1741 1946 1798 eructantia
1977 1756 2042 1794 ex
2067 1739 2173 1794 hoc

607 1831 663 1886 in
707 1832 861 1887 illud.

676 1921 764 1977 50.
801 1921 939 1978 Oves
972 1938 1161 1979 eorum
1201 1922 1442 1991 ftetosze,
1493 1924 1833 1978 abundantes
1859 1920 1913 1974 in
1938 1919 2176 1990 egressi-

607 2013 710 2068 bus
738 2013 853 2068 suis
878 2031 890 2067 :

1476 347 1533 402 S.
1576 346 1948 403 ATHANASII
1990 345 2138 401 OPP.
2191 346 2374 400 PARS
2413 345 2497 400 Ill.
2540 374 2606 384 --
2637 342 3043 399 EXEGETICA.

3730 342 3865 397 1308

2206 469 2252 524 Α
2353 464 2436 518 19.
2477 464 2581 515 Kal
2611 465 2642 533 ἡ
2677 461 2828 528 δεξιὰ
2856 459 3036 514 αὐτῶν
3063 459 3212 524 δεξιὰ
3236 459 3472 522 ἀδικίας.

2355 557 2443 610 20.
2482 555 2538 608 '0
2569 555 2723 618 Θεὸς,
2752 554 2892 624 ᾠδὴν
2925 553 3118 622 καινὴν
3147 551 3344 622 ᾇσομαί
3385 569 3487 605 σοι.

2351 649 2439 702 21.
2479 651 2566 702 Ἑν
2596 646 2878 718 ψαλτηρίῳ
2908 646 3218 716 δεκαχόρδῳ
3246 643 3400 712 ψαλῶ
3435 658 3539 696 σοι’

2353 741 2442 795 22.
2479 740 2569 810 Τῷ
2596 740 2789 793 διδόντι
2817 738 2912 808 τὴν
2937 736 3208 806 σωτηρίαν
3237 738 3348 797 τοῖς
3375 731 3659 803 βασιλεῦσι
3700 748 3717 763 ⁸

2352 834 2441 887 25.
2475 833 2564 902 Τῷ
2611 830 2964 901 λυτρουμὲνῳ
2995 829 3154 881 Δαὸὶδ
3203 828 3292 880 τὸν
3336 826 3519 880 δοῦλον
3573 822 3745 877 αὑτοῦ
3802 825 3865 875 ἐκ

2284 925 2554 994 ῥομφαίας
2587 924 2830 992 πονηρᾶς
2863 921 3123 992 [ῥύσεται
3152 918 3372 990 αὐτόν].

2352 1015 2439 1066 21.
2483 1013 2670 1067 Ῥὖσαί
2702 1029 2791 1084 με,
2827 1013 2920 1064 καὶ
2949 1011 3132 1077 ἐξελοῦ
3175 1028 3241 1080 με
3285 1012 3348 1063 ἐκ
3389 1009 3569 1081 χειρὸς
3599 1007 3738 1059 υἱῶν
3770 1006 3863 1058 ἀλ-

2284 1105 2512 1177 λοτρίων
2539 1125 2550 1135 ·

2355 1196 2444 1248 25.
2483 1189 2582 1247 Ὧν
2619 1195 2679 1246 τὸ
2711 1194 2883 1263 στόμα
2916 1193 3142 1264 ἐλάλησε
3183 1207 3514 1262 ματαιοτητα
3553 1228 3568 1250 ,

2354 1285 2444 1338 26.
2477 1285 2586 1338 Kal
2614 1287 2646 1354 ἡ
2677 1284 2826 1348 δεξιὰ
2857 1285 3034 1336 αὐτῶν
3061 1282 3210 1348 δεξιὰ
3240 1281 3471 1343 ἀδικίας.

2351 1375 2440 1429 27.
2480 1369 2578 1428 Ὧν
2611 1376 2661 1427 οἱ
2693 1377 2799 1428 υἱοὶ
2831 1375 3007 1428 αὐτῶν
3041 1375 3115 1439 ὡς
3135 1374 3366 1442 νεόφυτα
3393 1372 3657 1442 ἱδρυμένα
3703 1372 3761 1424 ἐν
3796 1374 3858 1439 τῇ

2282 1466 2493 1536 νεότητι
2524 1466 2722 1519 αὐτῶν.

2349 1557 2438 1610 28.
2474 1559 2539 1610 Αἱ
2569 1557 2867 1630 θυγατέρες
2891 1557 3068 1610 αὐτῶν
3114 1555 3648 1625 κεκαλλωπισμέναι,
3707 1571 3861 1624 περι-

2280 1651 2688 1721 κεκοσμημέναι
2724 1649 2797 1718 (α)
2828 1649 2904 1712 ὡς
2927 1649 3176 1719 ὁμοίωμα
3210 1647 3361 1700 ναοῦ.

2351 1742 2439 1796 29.
2474 1742 2555 1794 Τὰ
2596 1746 2816 1812 ταμιεῖα
2863 1740 3041 1794 αὐτῶν
3077 1741 3257 1811 πλήρη
3283 1780 3297 1804 ,
3349 1737 3758 1809 ἐξερευγόμενα
3801 1739 3862 1788 ἐκ

2211 1825 2253 1880 Β
2281 1831 2471 1884 τούτου
2505 1833 2582 1893 είς
2614 1832 2790 1886 τοῦτο.

2355 1921 2444 1978 30.
2478 1920 2558 1972 Τὰ
2588 1921 2834 1990 πρόϐατα
2864 1919 3044 1974 αὐτῶν
3077 1919 3345 1972 πολυτόκα
3368 1959 3382 1984 ,
3415 1918 3760 1990 πληθύνοντα
3807 1935 3861 1970 εν

2283 2015 2405 2075 ταῖς
2437 2011 2637 2076 ἐξόδοις
2670 2013 2846 2065 αὐτῶν
2862 2030 2875 2044 ·

675 2124 751 2194 (α)
787 2119 940 2177 Vers.
971 2122 1062 2186 29,
1092 2121 1634 2194 Περικεκοσμημὲναι
1666 2121 1742 2183 ὡς
1782 2119 2033 2192 ὁμοίωμα
2062 2116 2272 2190 ἀνθρώτ

2295 2138 2372 2172 ου.
2412 2120 2566 2174 Vers.
2603 2121 2692 2186 '50,
2723 2122 2802 2176 Τὰ
2836 2125 3080 2193 ταμιεῖα,
3111 2131 3218 2180 etc.

1717 2238 2096 2294 ATIIANASII
2135 2234 2728 2297 INTERPRETATIO.

677 2329 763 2386 19.
805 2327 925 2386 Non
965 2331 1143 2386 solum
1174 2331 1394 2387 sinistra
1435 2348 1622 2387 earum
1671 2333 1904 2402 perditio
1934 2340 2038 2395 est,
2076 2329 2173 2386 sed

605 2422 768 2477 etiam
799 2437 987 2477 earum
1023 2423 1248 2476 dextera
1280 2439 1428 2477 mors
1449 2425 1684 2479 exsistit.

673 2514 766 2571 20.
796 2513 1056 2568 Mundum
1076 2555 1091 2579 ,
1129 2515 1534 2570 immaculatum
1563 2516 1630 2571 de
1666 2516 1919 2587 passione
1954 2527 2066 2569 tua.

675 2605 766 2662 21.
805 2605 986 2660 Gratia
1035 2609 1210 2662 sancti
1260 2607 1497 2677 Spiritus
1549 2611 1605 2662 in
1661 2609 1848 2662 decem
1892 2608 2174 2677 praceptis

605 2697 893 2768 perliciens
923 2711 1008 2752 me
1036 2697 1238 2767 ipsum,
1262 2697 1582 2767 gloriﬁcabo
1610 2706 1661 2752 te
1693 2698 1852 2753 bonis
1892 2697 2171 2768 operibus.

675 2874 766 2928 22.
806 2873 910 2940 Qui
947 2873 1190 2929 viviﬁcas
1221 2875 1394 2945 gratia
1422 2883 1512 2928 tua
1541 2883 1762 2928 sanctos
1801 2884 2090 2942 regnantes
2122 2875 2173 2926 in

2355 2331 2441 2386 19.
2467 2333 2540 2385 Οὐ
2575 2334 2733 2404 μόνον
2767 2333 2837 2386 τὰ
2871 2333 3134 2404 ἀριστερὰ
3170 2333 3348 2385 αὐτῶν
3396 2333 3648 2387 ἀπώλειὰ
3695 2335 3863 2394 ἐστιν,

2280 2423 2415 2478 ἀλλὰ
2444 2424 2536 2477 καὶ
2567 2427 2599 2495 ὴ
2635 2423 2783 2489 δεξιὰ
2808 2424 2983 2478 αὐτῶν
3008 2424 3238 2478 θανάτου
3273 2424 3348 2492 (1)
3383 2425 3641 2496 ὑπάρχει.

2349 2515 2438 2570 20.
2475 2515 2756 2586 Καθαρὰν,
2787 2516 3016 2586 ἄμωμον
3051 2515 3187 2586 ὑπὲρ
3222 2513 3314 2566 τοῦ
3355 2516 3563 2578 πάθους
3591 2534 3713 2571 σου.

2351 2606 2438 2659 21.
2485 2605 2571 2660 Ἐν
2599 2610 2663 2678 τῇ
2694 2607 2879 2678 χάριτι
2911 2607 3005 2660 τοῦ
3051 2608 3208 2676 ἁγίου
3266 2607 3588 2676 Πνεύματος
3634 2609 3698 2659 ἐν
3746 2612 3866 2670 ταῖς

2281 2698 2412 2754 δέκα
2461 2699 2706 2763 ἐντολαῖς
2739 2700 3074 2772 καταρτίσας
3132 2698 3385 2768 ἐμαυτὸν,
3421 2699 3634 2764 δοξάσω
3693 2715 3754 2751 σε
3802 2700 3865 2752 δι’

2283 2790 2458 2860 ἔργων
2487 2791 2726 2859 ἀγαθῶν.

2353 2882 2443 2937 22.
2478 2883 2568 2953 Τῷ
2601 2881 2950 2948 ζωοποιοῦντι
3002 2883 3090 2936 διὰ
3127 2883 3226 2954 τῆς
3273 2882 3494 2954 χάριτος
3536 2883 3712 2935 αὐτοῦ
3746 2886 3867 2945 τοὺς

607 2973 750 3017 terra
782 2977 969 3020 contra
1000 2973 1317 3035 peccatum,
1362 2972 1416 3018 et
1464 2967 1517 3017 in
1549 2964 1690 3018 coelo
1733 2965 1787 3016 in
1822 2965 2032 3019 inlinita
2075 2981 2172 3018 szc-
2205 2961 2247 3018 C

2295 2975 2470 3042 ὶγίους
2503 2977 2630 3037 τοὺς
2662 2977 2720 3029 ὲν
2750 2980 2813 3046 τῇ
2850 2979 2918 3048 γῇ
2953 2976 3335 3047 βασιλεύοντας
3371 2975 3513 3028 κατὰ
3546 2978 3648 3046 τῆς
3683 2979 3866 3047 ἁμαρ-

607 3055 749 3110 cula.

674 3229 763 3283 25.
799 3227 902 3295 Qui
932 3228 1151 3284 tradidit
1194 3245 1253 3287 se
1293 3231 1471 3300 ipsum
1503 3231 1667 3286 morti
1702 3233 1756 3285 in
1792 3232 2179 3302 redemptionis

607 3320 841 3390 pretium
887 3335 987 3390 pro
1033 3320 1237 3392 populo
1281 3323 1625 3389 desiderato,
1667 3334 1724 3378 ut
1759 3323 1992 3394 eriperet
2017 3339 2119 3378 nos
2149 3339 2180 3378 a

606 3413 844 3467 diabolo.

674 3502 766 3557 24.
809 3502 1023 3568 Libera,
1055 3515 1109 3560 et
1141 3506 1395 3562 abstralte
1430 3524 1515 3563 me
1541 3523 1571 3563 e
1599 3508 1846 3563 dominio
1877 3510 2181 3564 contraria-

605 3612 728 3651 rum
752 3606 1077 3667 potestatum
1111 3618 1124 3654 :

677 3690 767 3744 25.
799 3689 1042 3756 Quarum
1099 3691 1352 3747 doctrina
1394 3693 1719 3749 disseminat
1767 3695 1822 3750 in
1866 3695 2177 3750 hominibus

605 3782 975 3852 iniquitatem,
1004 3793 1058 3837 et
1086 3795 1371 3852 peccatum
1402 3804 1414 3838 :

676 3873 769 3930 26.
805 3874 871 3928 Et
902 3889 1091 3928 earum
1129 3876 1368 3944 potentia
1429 3877 1544 3931 haec
1573 3887 1689 3943 est,
1733 3887 1794 3933 ut
1834 3880 2039 3949 aliquid
2092 3895 2178 3934 ra»

607 3966 780 4034 niant,
802 3975 856 4020 et
878 3966 929 4020 vi
959 3966 1012 4020 in
1045 3968 1362 4021 servitutem
1395 3968 1664 4038 redigant.

678 4057 768 4111 27.
798 4057 865 4111 Ει
886 4058 938 4112 in
970 4058 1454 4127 concupiscentiis,
1487 4068 1542 4112 et
1569 4059 1880 4115 daemonum
1923 4063 2182 4135 iniquita-

607 4148 755 4203 tibus
799 4148 967 4218 geniti
1019 4147 1302 4200 abundant
1331 4147 1570 4213 divitiis,
1617 4157 1672 4203 et
1713 4149 1918 4218 gloria,
1953 4163 2007 4207 et
2048 4168 2180 4209 con-

605 4239 778 4310 specti
831 4239 900 4294 ab
949 4239 1263 4294 hominibus
1320 4239 1375 4292 in
1427 4255 1617 4294 eorum
1675 4240 1891 4298 fallacia
1945 4244 2177 4301 laudan-

606 4342 718 4399 tur,
775 4343 1033 4404 tanquam
1085 4331 1314 4388 novellze
1361 4332 1727 4403 plantationes
1756 4335 1966 4400 validae,
1994 4347 2049 4391 et
2079 4337 2175 4393 llo-

607 4432 812 4479 rentes.

677 4513 767 4568 28.
805 4512 871 4567 Et
911 4513 1106 4568 animae
1142 4527 1332 4568 eorum
1361 4515 1508 4568 omni
1536 4515 1775 4585 pretioso
1804 4517 2005 4572 amictu
2051 4535 2177 4574 coo-

608 4614 796 4676 perta,
839 4613 893 4658 et
935 4618 1092 4671 auro,
1134 4613 1190 4658 et
1218 4615 1467 4675 argento,
1510 4616 1565 4660 et
1596 4607 1774 4677 lapide
1801 4611 2041 4679 pretioso
2072 4611 2175 4666 cir-

609 4695 972 4765 cumstipataa.

680 4787 772 4844 29.
805 4787 978 4842 Corda
1017 4801 1204 4842 eorum
1247 4789 1404 4859 plena
1446 4790 1594 4843 omni
1628 4790 1930 4861 iniquitate,
1965 4802 2019 4848 et
2047 4809 2172 4864 pec-

609 4888 753 4942 cato,
799 4888 854 4934 et
897 4895 964 4934 ex
1015 4896 1125 4935 uno
1179 4882 1427 4952 improbo
1477 4883 1748 4940 desiderio
1795 4895 2081 4942 transeunt
2119 4889 2174 4942 in

609 4969 774 5024 aliam
805 4970 1043 5040 peiorem
1072 4975 1592 5044 concupiscentiam.

679 5061 768 5115 30.
807 5060 973 5114 Iidem
1007 5063 1257 5118 homines
1287 5080 1409 5119 cum
1453 5066 1659 5134 peccati
1689 5067 1870 5137 cupidi
1917 5069 2058 5130 sint,
2096 5069 2170 5121 itt-

609 5162 861 5210 ventores
888 5163 1015 5208 sunt
1048 5156 1314 5211 malorum
1337 5200 1351 5223 ,
1383 5159 1676 5214 educentes
1704 5177 1735 5214 e
1763 5160 2021 5215 cordibus
2057 5161 2174 5216 suis

609 5258 804 5314 pravas
843 5241 1214 5315 cogitationes.

2281 3067 2418 3130 τίας,
2454 3067 2546 3119 καὶ
2571 3068 2629 3120 ἐν
2653 3067 2866 3138 οὐρανῷ
2893 3071 2971 3133 εἰς
3015 3069 3090 3137 (2)
3132 3069 3257 3132 τοὺς
3291 3067 3692 3138 ἁτελευτήτους
3741 3067 3867 3122 αἰῶ-

2283 3167 2399 3212 νας.

2352 3239 2442 3292 25.
2481 3237 2570 3309 Τῷ
2615 3239 2871 3294 δεδωκοτι
2921 3242 3113 3294 ἑαυτὸν
3162 3241 3480 3312 ἀντίλυτρον
3521 3241 3604 3310 τῷ
3646 3242 3866 3308 θανάτῳ

2282 3329 2423 3400 ὑπὲρ
2451 3329 2544 3382 τοῦ
2575 3329 2704 3384 λαοῦ
2730 3331 2825 3384 τοῦ
2866 3331 3268 3401 πεποθημένου,
3305 3335 3451 3396 ὅπως
3484 3331 3750 3403 ἐξέληται
3793 3335 3864 3401 (ὅ)

2279 3425 2312 3492 ὴ
2322 3424 2429 3492 μᾶς
2455 3424 2519 3476 ἐκ
2545 3423 2638 3476 τοῦ
2671 3423 2938 3477 διαϐόλου.

2350 3514 2440 3568 24.
2487 3515 2694 3578 Ῥὖσαι,
2743 3515 2837 3567 καὶ
2891 3515 2966 3584 (4)
3000 3515 3314 3568 ἀπόσπασόν
3362 3532 3428 3586 με
3473 3515 3538 3568 ἐκ
3570 3517 3675 3586 τῆς
3713 3516 3864 3579 ἐξου-

2283 3605 2404 3667 σίας
2427 3605 2536 3657 τῶν
2567 3606 2822 3660 ἐναντίων
2849 3605 3132 3676 δυνάμεων
3157 3625 3169 3638 ·

2349 3694 2438 3748 25.
2469 3689 2568 3747 Ὦν
2600 3697 2633 3766 ἡ
2662 3694 2850 3764 διδαχὴ
2873 3694 3152 3765 διέσπειρε
3175 3696 3404 3766 ἀνομίαν
3433 3697 3512 3765 (5)
3545 3699 3644 3750 καὶ
3679 3700 3862 3769 ἀμαρ-

2281 3785 2404 3838 τίαν
2432 3787 2489 3838 ἐν
2521 3789 2635 3848 τοῖς
2665 3785 2971 3856 ἀνθρώποις
2999 3802 3011 3815 ⁸

2350 3877 2441 3930 26.
2479 3875 2584 3929 Kal
2611 3879 2644 3947 ἡ
2677 3871 2905 3946 δύναμις
2934 3877 3112 3930 αὐτῶν
3153 3878 3289 3950 αὕτη
3341 3879 3510 3943 ἐστὶν,
3547 3881 3603 3933 τί
3653 3882 3745 3934 ἶνα
3773 3883 3863 3949 ἁρ-

2283 3967 2495 4021 πάσωσι
2527 3967 2626 4039 (b),
2659 3970 2752 4021 καὶ
2784 3968 2874 4040 βίᾳ
2899 3967 3428 4023 καταδουλώσωνται.

2348 4059 2438 4114 27.
2475 4059 2579 4114 Kal
2613 4063 2671 4113 ἐν
2698 4063 2817 4122 ταῖς
2852 4059 3172 4130 ἐπιθυμίαις
3202 4062 3294 4113 καὶ
3325 4063 3447 4123 ταῖς
3483 4062 3750 4132 ἀνομίαις
3785 4063 3858 4130 (τι

2280 4152 2387 4204 τῶν
2408 4153 2676 4223 δαιμόνων
2718 4151 3129 4223 γεγεννημένοι,
3171 4150 3459 4221 εὑθηνοῦσι
3508 4152 3734 4222 πλούτῳ
3772 4154 3861 4204 καί

2281 4243 2428 4315 δόξῃ,
2462 4241 2728 4314 ὁρώμενοι
2761 4243 2908 4314 παρὰ
2954 4241 3060 4295 τῶν
3109 4239 3410 4313 ἀνθρώπων
3453 4241 3511 4291 ἐν
3554 4243 3623 4312 τῇ
3673 4242 3858 4312 ἀπάτῃ

2281 4334 2462 4387 αὐτῶν
2483 4333 2865 4404 ἐπαινούμενοι
2895 4334 2969 4396 ὡς
3001 4334 3237 4402 νεόφυτα
3265 4331 3461 4403 ἰσχυρὰ
3485 4333 3582 4385 καὶ
3607 4333 3832 4404 εὐθαλῆ.

2350 4427 2439 4481 28.
2476 4427 2552 4498 (8)
2588 4427 2696 4478 Kal
2730 4428 2783 4480 ai
2814 4425 2984 4496 ψυχαὶ
3017 4425 3196 4479 αὐτῶν
3245 4426 3392 4496 πάσῃ
3437 4424 3706 4494 περιϐολῇ
3763 4443 3854 4478 πο-

2279 4517 2489 4570 λυτελεῖ
2520 4516 2912 4589 ἠμφιεσμέναι,
2962 4519 3056 4570 καὶ
3087 4515 3290 4588 χρυσῷ,
3327 4515 3421 4569 καὶ
3461 4515 3716 4586 ἀργύρῳ,
3767 4521 3856 4570 uti:

2278 4609 2412 4679 λίθῳ
2438 4609 2719 4662 πολυτελεῖ
2746 4607 3235 4679 δορυφορούμεναι.

2347 4701 2437 4758 29.
2465 4704 2531 4756 At
2565 4702 2782 4774 καρδίαι
2814 4700 2995 4754 αὐτῶν
3041 4697 3466 4770 πεπληρωμέναι
3501 4698 3687 4768 πάσης
3731 4701 3853 4752 ἀνο-

2284 4795 2412 4865 μίας
2441 4795 2534 4848 καὶ
2559 4794 2850 4865 ἁμαρτίας,
2880 4794 2974 4847 κα)⁵
2999 4794 3064 4844 ἐκ
3092 4791 3280 4844 τούτου
3317 4789 3410 4842 τοῦ
3455 4790 3698 4863 πονηροῦ
3735 4795 3852 4844 ἐπι-

2281 4885 2618 4958 τηδεύματος
2666 4888 2746 4949 είς
2794 4884 2921 4940 ἄλλο
2952 4883 3250 4954 δεινότερον
3282 4881 3637 4953 μετέρχονται
3662 4882 3851 4934 ἐπιθυ-

2281 4995 2530 5120 mﬁbt
2553 5065 2708 5121 αὐτοὶ
2731 5065 3027 5136 ἄνθρωποι,
3060 5065 3158 5133 τῆς
3182 5062 3455 5134 ἁμαρτίας
3478 5062 3631 5125 ὄντες
3658 5062 3844 5116 ἐπιθυ-

2281 5161 2468 5228 μηταὶ,
2503 5157 2790 5230 ἐφευρεταί
2813 5159 2920 5210 εἱσι
2951 5156 3158 5220 κακῶν,
3183 5154 3467 5224 ἐξάγοντες
3499 5158 3562 5208 ἐκ
3582 5155 3682 5226 τῆς
3713 5174 3839 5229 κερ-

2277 5251 2394 5314 δίας
2419 5249 2597 5304 αὐτῶν
2628 5248 3010 5319 διαλογισμοὺς
3043 5246 3332 5318 πονηρούς.

1520 5341 1826 5407 Addenda
1882 5352 1941 5408 et
1980 5346 2352 5428 corrigenda
2399 5363 2478 5408 ex
2514 5345 2654 5406 cod.
2694 5345 2892 5406 Vatic.

683 5436 762 5514 (ἒ)
795 5436 1069 5514 Θᾷνατρςν.
1085 5453 1188 5514 ειες

681 5508 758 5580 (2)
789 5508 1014 5580 Οὐρανῷ
1047 5509 1427 5578 βασιλεύοντας
1453 5513 1552 5577 εἰς,
1586 5524 1692 5572 etc.

681 5579 757 5646 (ὃ)
801 5578 1113 5642 Ἐξελεῖται,
1139 5590 1242 5635 etc.

715 5649 763 5718 4)
798 5648 968 5702 Ρῦσαί
1006 5667 1093 5718 με,
1120 5651 1231 5713 καί,
1262 5661 1365 5707 etc.

682 5657 763 5860 (ἐξ
789 5657 975 5774 ἒὶἓὶἕέε
997 5657 1246 5790 ἔξδῷξᾷ

686 5789 740 5858 (6
795 5789 941 5860 Αὕτη
976 5793 1089 5844 ἐστὶ
1122 5793 1199 5860 τὸ,
1233 5809 1246 5842 1

686 5789 760 5860 (6)
795 5789 941 5862 Αὕτη
976 5789 1199 5860 ἔστιτὸ,
1233 5793 1282 5844 τί
1310 5795 1650 5866 ἁρπάσωσιν,
1676 5809 1780 5857 etc.

2345 5449 2424 5524 (Ἰ)
2455 5446 2872 5524 Ediscat.an
2904 5455 3008 5524 etc-

2344 5516 2421 5587 (8)
2455 5517 2520 5570 Ν.
2541 5518 2640 5587 28,
2676 5516 2780 5570 Kal
2796 5518 2963 5587 ψυχαὶ
2978 5517 3157 5571 αὐτῶν
3177 5519 3344 5571 πᾶσαι
3361 5532 3533 5585 usque
3551 5516 3620 5570 ad
3645 5517 3845 5585 ἠμφιε-

2275 5586 2489 5659 σμέναι.
2507 5586 2571 5640 Ν.
2591 5588 2852 5659 22.-,Ῑυιιδ
2876 5586 3316 5659 ’Suprascriptatn
3348 5588 3670 5659 divisionem
3702 5606 3713 5637 :
3739 5589 3841 5659 Καὶ

2273 5655 2479 5746 main
2516 5668 2630 5740 ειοε
2653 5655 2720 5738 1";
2754 5660 2842 5746 39,
2876 5659 2938 5746 AF
2960 5655 3210 5746 ’ξαρδίῖιὲο
3245 5655 3457 5746 sle-.3“-
3484 5657 3575 5746 Ξίι
3601 5658 3840 5746 3???"-

2278 5725 2557 5800 tivﬂpmzot
2579 5731 2634 5800 οἱ
2663 5731 2760 5798 τῆς
2784 5725 3072 5797 ἁμαρτίας,
3111 5739 3212 5783 etc.
3245 5726 3441 5800 K752,
3483 5728 3546 5779 Οί
3596 5725 3830 5779 διδάσκα-

2277 5798 2512 5865 λοιίρις.
2549 5798 2612 5852 Ν.
2649 5801 2736 5865 33,
2769 5801 2879 5853 Οὐκ
2907 5800 3020 5852 ἐστι
3043 5801 3162 5852 τινὰ
3191 5799 3444 5867 ἐπιβῆναι
3469 5801 3602 5863 τοῖς,
3633 5809 3739 5852 etc.
