4036 6456
174 412 320 470 1509

246 528 336 582 51.
377 528 436 578 Oi
473 525 592 595 βόες
621 525 798 577 αὑτῶν
829 528 1040 594 παχεῖς.

245 620 340 674 52.
373 619 484 671 Οὑκ
513 617 626 670 ἔστι
654 618 990 687 κατάπτωμα
1021 618 1272 687 φραγμοῦ
1306 618 1424 669 οὐδὲ
1445 615 1690 681 διέξοδος·

242 713 336 766 55.
369 711 499 764 Οὐδὲ
534 710 744 780 κραυγὴ
779 711 835 760 ὲν
863 711 982 772 ταῖς
1013 709 1290 772 πλατείαις
1321 708 1520 762 αὑτῶν.

239 800 332 854 54.
374 801 743 871 Ἐμακάρισαν
769 800 858 851 τὸν
885 798 1029 862 λαὸν,
1065 793 1106 866 ᾧ
1132 799 1304 850 ταῦτα
1334 801 1446 850 ἐστι
1478 815 1491 828 ·
1522 805 1534 817 ⁹

240 891 332 945 55.
370 890 652 960 Μακάριος
681 891 708 942 6
736 889 879 954 λαὸς,
904 883 963 942 οὗ
997 889 1191 959 Κύριος
1225 891 1252 941 6
1282 891 1413 953 Θεὸς
1443 889 1628 944 αὑτοῦ.

447 1001 691 1066 Αἶνεσις
715 999 793 1065 τῷ
822 1001 1014 1054 Δαϐίδ.
1055 1004 1225 1056 ΨΑΑ.
1264 1006 1446 1056 ΡΜΔ’.

239 1093 297 1147 1.
325 1092 402 1164 [In
432 1109 602 1160 marg.
636 1093 702 1146 ad
731 1109 870 1148 vers.
901 1093 947 1148 l.
977 1094 1157 1165 Ἀλέῳ]
1197 1094 1423 1163 Ὑψώσω
1443 1111 1521 1156 σε,
1546 1096 1574 1146 6
1602 1093 1732 1156 Θεός

167 1202 275 1254 μου
305 1185 333 1236 6
363 1184 610 1253 βασιλεύς
648 1202 747 1254 μου
769 1201 782 1213 ·

238 1277 296 1330 2.
331 1277 433 1330 Kal
459 1277 734 1347 εὐλογήσω
763 1277 822 1329 τὸ
843 1277 1012 1347 ὄνομά
1048 1296 1140 1330 σου
1176 1282 1253 1342 εἰς
1278 1280 1367 1331 τὸν
1401 1280 1592 1344 αἰῶνα,

236 1368 296 1423 5.
327 1369 432 1420 Καὶ
457 1370 535 1430 εἰς
563 1367 654 1419 τὸν
681 1367 852 1420 αἰῶνα
874 1369 968 1420 τοῦ
1003 1370 1215 1432 αἰῶνος.

237 1459 296 1514 4.
332 1457 495 1531 [Βήθ]
529 1457 658 1511 Καθ’
692 1458 927 1527 ἑκάστην
966 1460 1176 1530 ἡμέραν
1207 1460 1484 1530 εὐλογήσω
1511 1477 1590 1526 σε,

236 1552 294 1605 5.
328 1549 430 1606 Kal
453 1550 651 1604 αἰνέσω
674 1548 734 1602 τὸ
766 1549 934 1620 ὄνομά
966 1566 1059 1603 σου
1085 1553 1164 1613 είς
1201 1551 1291 1603 τὸν
1316 1551 1485 1603 αἰῶνα
1507 1589 1520 1614 ,

1048 409 1140 464 DE
1178 409 1451 464 TlTULlS
1492 407 1937 468 PSAIMORUNI.
1977 441 2046 450 ——-
2085 410 2282 467 PSAL.
2326 411 2552 468 CXLIV.

1769 531 1816 586 Α
1915 524 2001 577 51.
2037 524 2204 578 Boves
2237 540 2424 580 eorum
2470 542 2688 581 crassa.

3274 415 3411 471 1510

1913 615 2003 667 52.
2048 613 2164 667 Non
2201 625 2282 669 est
2322 618 2481 670 ruina
2517 617 2790 680 macerie,
2823 631 2999 685 neque
3034 617 3338 674 transitus:

1910 704 1998 758 55.
2035 705 2219 775 Neque
2245 707 2452 761 clamor
2481 709 2532 761 in
2562 709 2753 777 plateis
2782 722 2992 762 eorum.

1910 796 1998 850 5-4.
2043 795 2263 850 Beatum
2291 798 2546 850 dixerunt
2576 798 2856 867 populum,
2890 799 2980 852 cui
3007 799 3119 851 haec
3141 808 3304 852 sunt:
3369 807 3371 810 '

1909 887 1998 941 55.
2042 888 2240 944 Beatus
2285 890 2554 958 populus,
2596 891 2753 959 cujus
2807 889 3070 944 Dominus
3100 889 3240 946 Deus
3269 890 3410 959 ejus.

2052 1001 2312 1054 Laur/alio
2354 1003 2452 1072 ipsi
2493 1003 2682 1055 David.
2719 1001 2919 1056 PSAL.
2950 1001 3200 1058 CXLIV.

1915 1095 1966 1150 l.
2005 1095 2222 1167 [Mepan
2262 1096 2522 1150 Exaltabo
2559 1106 2628 1160 te,
2657 1096 2800 1151 Deus
2835 1111 2991 1152 meus
3031 1113 3123 1152 rex
3183 1112 3334 1150 meus
3366 1112 3380 1150 ε

1906 1272 1960 1324 2.
2007 1273 2071 1325 Et
2101 1272 2416 1326 benedicam
2449 1273 2655 1327 nomini
2698 1283 2788 1327 tuo
2824 1273 2876 1327 in
2910 1274 3199 1337 sarculum,

1910 1365 1963 1419 5.
2009 1365 2071 1417 Et
2109 1365 2162 1417 in
2204 1366 2458 1419 sarculum
2493 1366 2697 1420 sa3culi.

1909 1454 1962 1506 4.
2008 1452 2188 1524 [ΒειΙι]
2209 1452 2310 1507 Per
2336 1455 2580 1523 singulos
2605 1454 2719 1508 dies
2743 1455 3055 1508 benedicam
3088 1455 3163 1508 tib

1911 1545 1962 1599 5.
2006 1545 2070 1600 Et
2108 1547 2340 1601 laudabo
2379 1562 2576 1601 nomen
2619 1555 2769 1600 tuum
2811 1547 2862 1600 in
2905 1548 3159 1601 saxulum
3185 1587 3198 1609 ,

1275 1657 1651 1715 ATHANASII
1687 1655 2282 1712 INTERPRETATIO.

232 1774 324 1828 51.
352 1775 412 1827 Οἱ
441 1773 744 1827 διδάσκαλοι
769 1775 946 1830 αὑτῶν
976 1776 1354 1839 σπαταλῶντες
1386 1779 1442 1829 ὲν
1487 1779 1607 1838 ταῖς
1643 1775 1725 1828 εὑ-

1899 1773 1988 1827 51.
2026 1771 2271 1844 Magistri
2314 1788 2506 1827 eorum
2549 1773 2888 1828 luxuriantes
2943 1773 2996 1826 in
3052 1773 3410 1828 comessatio-

157 1884 241 1935 ωχ
253 1866 357 1930 ίαις
373 1864 572 1928 αὐτῶν,
596 1867 690 1918 καὶ
709 1867 1170 1937 μεγαλαυχῶντες
1184 1869 1323 1921 κατὰ
1337 1869 1436 1938 τῆς
1453 1868 1730 1938 ἀληθείας.

234 1954 325 2005 5-2..
361 1952 476 2006 Οὐκ
505 1952 618 2006 ἐστι
645 1954 767 2007 τινὰ
800 1958 1060 2025 ἐπιμῆναι
1080 1958 1192 2018 τοῖς
1224 1959 1496 2027 κτήμασιν
1527 1957 1727 2018 αὑτῶν,

155 2044 285 2095 οὑδὲ
316 2044 606 2116 παρελθεῖν
639 2048 849 2110 ἑαυτοῖς
871 2067 884 2080 ο
919 2049 1066 2120 πάσῃ
1103 2049 1208 2118 γὰρ
1245 2048 1456 2119 φυλακῇ
1503 2047 1731 2120 τηροῦν-

155 2152 273 2187 ται.

231 2226 320 2278 55.
354 2226 485 2279 Οὑδέ
527 2245 644 2279 τινα
669 2227 931 2299 τολμῆσαι
969 2230 1026 2282 ἐν
1055 2233 1171 2292 ταῖς
1200 2230 1272 2300 (1)
1299 2229 1492 2292 οἰκίαις
1517 2229 1694 2282 αὐτῶν
1713 2246 1727 2259 ⁸

153 2319 418 2370 τοσοῦτον
441 2318 602 2385 φόϐον
635 2319 756 2389 ἔχου
767 2337 868 2374 σιν.

227 2409 318 2462 54.
353 2409 455 2462 Kal
498 2410 680 2464 λοιπὸν
711 2413 759 2464 οἰ
788 2413 1059 2484 ἄνθρωποι
1086 2414 1448 2484 ἐμακάρισαν,
1483 2407 1526 2482 ᾧ
1559 2415 1731 2469 ταῦτα

153 2500 402 2570 ὑπῆρξεν

230 2594 321 2648 55.
361 2593 500 2662 Ἐγω
532 2595 588 2648 δὲ
615 2595 756 2664 λέγω
785 2613 795 2624 ⁸
832 2598 1115 2666 Μακάριος
1143 2600 1170 2651 6
1201 2598 1348 2662 λαὸς,
1392 2591 1452 2651 οὗ
1483 2597 1677 2670 Κυριος
1704 2601 1731 2653 6

152 2685 292 2749 Θεὸς
324 2687 510 2750 αὑτοῦ,
550 2686 777 2750 πλοῦτος
805 2689 969 2740 αὑτοῦ
1011 2691 1104 2742 καὶ
1143 2690 1268 2756 δόξα
1322 2691 1580 2761 ὑπάρχων
1631 2691 1724 2762 (2).

155 2776 269 2830 Kal
301 2777 472 2840 ἄλλως
501 2777 558 2830 δὲ
587 2777 702 2830 ἔστι
733 2777 1005 2849 θεωρῆσαι
1038 2782 1166 2844 τοὺς
1196 2785 1584 2853 προκειμένους
1621 2785 1732 2838 στί-

153 2882 290 2936 χους
324 2865 481 2918 πάλιν
520 2869 600 2929 εἰς
632 2868 756 2930 τοὺς
785 2869 971 2936 ἁγίους
995 2872 1159 2923 αὑτοῦ
1184 2888 1195 2900 ·
1228 2873 1438 2926 ὅτιτῶν
1478 2875 1573 2944 μὲν
1613 2875 1730 2930 δαι-

155 2954 341 3020 μόνων
369 2956 435 3008 τὰ
471 2958 717 3028 πρόϐατα
752 2961 843 3012 καὶ
876 2962 924 3012 οἱ
954 2961 1073 3028 βόες
1113 2964 1242 3026 εἰσὶ,
1273 2964 1414 3017 καθὰ
1441 2966 1734 3035 ἑρμηνεύε-

154 3062 249 3098 ται
286 3049 409 3117 περ).
441 3049 617 3102 αὑτῶν
641 3067 652 3079 ·
679 3053 734 3102 ὲν
765 3051 819 3103 δὲ
841 3054 953 3113 τοῖς
986 3052 1210 3115 δικαίοις
1260 3056 1358 3105 οὑκ
1399 3055 1478 3106 ἔτι
1511 3057 1607 3124 τὴν
1644 3058 1731 3126 βο-

157 3137 350 3206 ήθειαν
367 3137 661 3210 [βόσκημα]
686 3140 862 3193 αὑτῶν
889 3141 1279 3212 παλαιωθῆναι,
1305 3145 1396 3197 καὶ
1415 3149 1597 3197 πεσεῖν
1616 3146 1727 3217 [βό-

155 3228 344 3299 σκειν]
378 3247 390 3257 ·
419 3230 568 3283 οὐδὲν
600 3233 706 3304 γὰρ
744 3233 1116 3302 ὑπερηῳανίας
1135 3235 1191 3286 ὲν
1218 3238 1333 3298 ταῖς
1355 3236 1612 3301 διανοίαις
1639 3242 1730 3292 a6-

150 3322 268 3374 τῶν
297 3340 308 3351 ·
342 3323 681 3394 ὲμακάρισαν
730 3328 786 3380 al
823 3327 1064 3397 Γραφαὶ,
1095 3321 1138 3394 ᾧ
1169 3329 1342 3382 ταῦτα
1378 3331 1610 3402 ὑπάρχει
1651 3333 1731 3386 λέ-

151 3431 370 3481 γουσαι’
400 3415 698 3483 Μακάριος
727 3419 760 3470 o'
786 3417 952 3483 λαὸς,
971 3414 1040 3473 οὗ
1072 3421 1284 3487 Κύριος
1312 3424 1343 3473 ό
1361 3421 1501 3487 Θεὸς
1519 3423 1723 3476 αὑτοῦ.

1840 1864 1999 1917 nibus
2028 1863 2166 1925 suis,
2198 1872 2253 1917 et
2282 1864 2576 1931 gloriantes
2614 1873 2802 1918 contra
2829 1863 3126 1917 veritatem.

1907 1954 1998 2011 52.
2039 1953 2158 2008 Νοη
2213 1965 2297 2010 est
2352 1956 2443 2024 qui
2495 1957 2875 2024 possessiones
2933 1970 3121 2008 eorum
3168 1953 3405 2018 invadat,

1838 2059 2012 2112 neque
2049 2060 2142 2098 eas
2188 2055 2530 2116 pertranseat
2562 2063 2575 2100 :
2611 2046 2758 2098 omni
2807 2046 2953 2098 enim
3001 2045 3246 2100 custodia
3289 2061 3405 2100 ser-

1838 2144 2052 2188 vantur.

1905 2226 1992 2280 55.
2028 2225 2210 2297 Neque
2243 2229 2512 2298 quispiam
2567 2229 2619 2281 in
2671 2244 2858 2282 corum
2905 2227 3156 2282 domibus
3202 2227 3407 2297 aliquid

1835 2318 2019 2382 audet,
2062 2319 2197 2373 adeo
2232 2320 2354 2374 illos
2387 2335 2576 2374 omnes
2608 2321 2822 2374 timent.

1904 2415 1992 2467 54.
2030 2413 2095 2468 Et
2145 2415 2363 2469 demum
2409 2415 2628 2470 beatum
2680 2415 2934 2468 homines
2983 2415 3272 2479 dixerunt,
3318 2415 3408 2468 cui

1834 2505 1961 2558 talia
1993 2515 2140 2560 sunt.

1903 2594 1997 2649 55.
2030 2593 2143 2666 Ego
2166 2605 2346 2651 autem
2374 2597 2497 2651 dico
2530 2616 2541 2650 :
2571 2597 2774 2654 Beatus
2808 2599 3040 2668 populus
3060 2639 3074 2664 ,
3116 2599 3274 2667 cujus
3298 2595 3406 2648 Do-

1833 2685 2017 2742 minus
2049 2686 2191 2743 Deus
2236 2688 2355 2758 ejus
2391 2688 2591 2743 divitiae
2637 2689 2810 2759 ipsius
2855 2698 2908 2742 et
2951 2689 3121 2758 gloria
3166 2687 3403 2742 exsistit.

1833 2776 1900 2831 Et
1948 2779 2106 2833 aliter
2158 2781 2321 2834 etiam
2375 2781 2700 2850 praepositos
2749 2796 2939 2834 versus
2988 2779 3275 2849 allegorice
3323 2779 3407 2831 in-

1835 2872 2123 2940 terpretari
2161 2873 2356 2927 iterum
2406 2873 2533 2926 licet
2569 2873 2636 2926 de
2681 2873 2888 2926 sanctis
2940 2871 3058 2940 ejus
3101 2889 3112 2923 :
3147 2870 3405 2940 quoniam

1834 2961 2141 3018 dannonum
2181 2965 2400 3034 quidem
2443 2979 2572 3018 oves
2598 3003 2612 3026 ,
2653 2973 2709 3017 et
2743 2965 2908 3017 boves
2932 2974 3078 3027 sunt,
3106 2964 3406 3017 secundum

1835 3058 1978 3122 quod
2033 3058 2322 3126 allegorice
2372 3058 2438 3111 de
2493 3057 2625 3126 ipsis
2660 3057 3107 3124 interpretantur.
3147 3055 3202 3107 In
3238 3056 3404 3123 jnstis

1757 3133 1797 3188 C
1832 3155 2012 3200 autem
2059 3163 2165 3200 non
2212 3149 2446 3216 amplius
2489 3147 2750 3200 auxilium
2785 3145 2996 3218 [pecus]
3040 3162 3228 3200 eorum
3260 3155 3406 3198 vete-

1841 3254 2091 3299 rascere,
2128 3246 2181 3290 et
2207 3238 2404 3292 cadere
2442 3235 2744 3308 [pascere];
2780 3237 2922 3289 nulla
2970 3238 3112 3288 cnim
3151 3235 3404 3304 superbia

1833 3330 1887 3383 in
1931 3331 2202 3383 mentibus
2245 3345 2469 3395 eorum;
2510 3329 2724 3382 beatum
2775 3328 3030 3381 dixerunt
3081 3326 3400 3396 Scriptum,

1830 3417 1917 3472 cui
1949 3417 2062 3470 haec
2095 3425 2241 3480 sunt,
2274 3416 2518 3469 dicentes
2550 3432 2564 3469 :
2601 3414 2794 3468 Beatus
2826 3413 3048 3482 populus
3069 3453 3084 3481 ,
3116 3414 3267 3475 cuius
3297 3412 3404 3464 Do-

1830 3511 1999 3562 minus
2037 3507 2170 3559 Deus
2208 3506 2340 3576 ejus.

237 3597 304 3648 Ἦ
340 3599 669 3670 προκειμένη
704 3601 980 3672 ἐπιγραφὴ
1010 3604 1250 3674 περιέχει
1291 3605 1365 3673 (5)
1388 3622 1401 3636 '
1436 3607 1684 3672 Αἵνεσις
1718 3605 1796 3671 τῷ
1832 3604 2028 3671 Δαϐἰδ,
2082 3604 2326 3656 τουτέστι
2357 3602 2435 3668 τῷ
2472 3602 2656 3661 ίκανῶ
2691 3602 2764 3672 τῇ
2796 3605 2970 3672 χειρὶ,
3027 3601 3104 3672 τῷ
3149 3601 3262 3671 Υἱῴ
3308 3596 3403 3652 τοῦ

152 3691 294 3744 Θεοῦ
314 3709 325 3720 ·
362 3692 520 3745 τοῦτο
543 3693 652 3764 γὰρ
682 3696 1044 3764 ἑρμηνεύεται
1081 3697 1276 3761 Δαϐἰδ,
1305 3697 1378 3760 ὡς
1419 3699 1677 3763 πολλάκις
1703 3701 2024 3771 εἰρήκαμεν.

228 3783 443 3839 Titulus
475 3787 799 3855 praepositus
823 3788 1067 3841 continet
1099 3805 1114 3842 :
1151 3787 1291 3842 Laus
1310 3787 1505 3852 David,
1543 3791 1645 3844 hoc
1671 3799 1755 3844 est
1787 3807 1944 3844 manu
1976 3789 2126 3858 forti,
2166 3787 2218 3842 id
2241 3796 2325 3842 est
2351 3785 2447 3842 Dei
2475 3784 2612 3841 Filio
2640 3805 2654 3840 :
2688 3786 2762 3840 ita
2812 3785 2957 3840 enim
3014 3786 3402 3856 interpretatur

153 3878 355 3942 David,
385 3889 444 3932 ut
471 3880 672 3950 saepius
705 3880 944 3935 diximus
976 3881 1078 3951 (ᾖ).

230 3972 280 4024 Ι.
317 3972 534 4037 Δοξάσω
562 3990 618 4024 σε
643 4015 659 4039 ,
693 3975 721 4026 6
755 3974 885 4037 Θεὸς
928 3974 1002 4043 (4)
1037 3976 1064 4025 6
1099 3975 1354 4044 βασιλεὺς
1376 3996 1500 4048 μου,
1531 3981 1559 4031 6
1582 3979 1724 4032 διδά-

154 4064 258 4128 ξας
283 4080 348 4131 με
385 4062 581 4129 γνῶναι
603 4078 616 4092 ·
645 4063 705 4115 τὸ
727 4063 835 4135 γὰρ
877 4067 1283 4136 παρακείμενον
1317 4068 1392 4137 τῷ
1420 4073 1586 4139 στίχῳ
1614 4070 1727 4122 ὅνο-

155 4172 236 4223 μα
259 4153 318 4205 τὸ
351 4152 518 4220 Ἀλὲρ
545 4151 903 4223 ἑρμηνεύεται
933 4153 1314 4209 διδασκαλία.

227 4244 281 4298 2.
326 4241 414 4296 Ἐν
435 4245 512 4314 (5)
544 4243 619 4313 τῷ
651 4243 769 4308 νῦν,

227 4333 281 4387 5.
311 4332 416 4386 Kal
447 4335 504 4385 ὲν
528 4334 604 4404 τῷ
634 4335 877 4405 μέλλοντι
896 4336 1069 4390 αἰῶνι.

227 4424 282 4482 4.
318 4423 450 4478 Καθ’
477 4427 712 4499 ἑκάστην
742 4429 940 4500 πρᾶξιν
971 4430 1064 4482 τοῦ
1091 4431 1266 4500 φωτός
1307 4449 1398 4484 σου
1439 4432 1645 4498 δοξάσω
1668 4449 1728 4485 σε

154 4519 216 4570 ὲν
248 4519 314 4588 τῇ
337 4518 532 4588 καρδίᾳ
569 4536 667 4588 μου
695 4520 770 4590 (6)
795 4536 807 4548 υ
836 4520 994 4574 τοῦτο
1021 4522 1130 4594 γὰρ
1173 4523 1324 4593 δηλοῖ
1352 4527 1383 4594 ὴ
1425 4525 1660 4594 omasi:
1693 4528 1726 4595 ή

155 4610 542 4679 παρακειμένη
588 4611 665 4680 τῷ
705 4612 902 4684 στίχῳ·
951 4615 1307 4686 ἑρμηνεύεται
1356 4617 1462 4688 γὰρ
1491 4620 1550 4672 τὸ
1579 4619 1724 4687 BM,

156 4698 346 4767 οἶκος,
381 4703 516 4776 ὅπερ
540 4704 686 4758 ἐστὶν
717 4709 749 4776 ὴ
788 4707 998 4777 καρδία.

233 4795 285 4848 5.
317 4795 391 4848 Οὐ
422 4795 670 4869 διαλείψῃ
700 4796 864 4867 ὕμνος
903 4801 967 4851 ὲκ
1001 4798 1093 4852 τοῦ
1131 4800 1395 4870 στόματός
1427 4818 1528 4871 μου
1558 4802 1723 4853 ἐκπο-

159 4887 450 4959 ρευόμενος
477 4889 533 4940 ὲν
561 4889 638 4959 (7)
663 4889 737 4960 τῷ
758 4888 851 4942 νῦν
877 4891 1055 4947 αἰῶνι.

1904 3979 1954 4032 1.
1998 3976 2326 4032 Gloriﬁcabo
2357 3985 2444 4041 te,
2475 3975 2618 4031 Deus
2657 3993 2750 4031 rex
2799 3991 2952 4030 meus
2976 4017 2990 4038 ,
3026 3975 3119 4045 qui
3166 3976 3397 4030 docuisti

1830 4085 1918 4122 me
1950 4068 2234 4123 scientiam
2268 4086 2281 4122 :
2312 4083 2435 4121 nam
2462 4082 2658 4120 nomen
2691 4067 2855 4136 Alcph
2881 4068 3058 4120 versui
3100 4067 3401 4136 ascriptum

1832 4157 2219 4227 interpretatur
2253 4158 2514 4210 doctrina.

1901 4250 1956 4305 2.
1993 4249 2044 4301 In
2077 4250 2368 4318 praesenti,

1905 4344 1959 4399 5.
1999 4342 2061 4396 Ει
2100 4344 2152 4396 in
2201 4344 2383 4396 l'uturo
2417 4342 2634 4396 saeculo.

1904 4434 1956 4488 4.
2005 4433 2317 4489 Secundum
2365 4434 2612 4504 singulas
2648 4433 2892 4487 actiones
2928 4432 3065 4486 lucis
3103 4441 3209 4486 tua:
3235 4433 3394 4500 glori-

1832 4525 2007 4580 ﬁcabo
2040 4537 2090 4581 te
2125 4527 2176 4580 in
2213 4524 2377 4582 corde
2407 4541 2550 4590 meo,
2591 4527 2695 4579 hoc
2725 4526 2866 4578 enim
2894 4524 3162 4594 signiﬁcat
3194 4525 3397 4596 syllaba

1831 4619 2014 4672 versui
2056 4619 2305 4686 apposita
2349 4636 2362 4673 :
2400 4616 2532 4671 Beth
2576 4618 2721 4671 enim
2757 4617 3146 4687 interpretatur
3189 4617 3395 4682 domus,

1829 4725 1950 4775 quae
1983 4718 2067 4764 est
2099 4727 2214 4764 cor.

1900 4802 1958 4855 5.
1998 4800 2114 4855 Non
2151 4801 2386 4855 cessabit
2416 4803 2651 4872 hymnus
2680 4800 2937 4870 prodiens
2968 4815 3034 4853 ex
3065 4814 3158 4854 ore
3183 4814 3302 4852 meo
3338 4800 3393 4854 in

1830 4895 2083 4964 prazsenti
2125 4894 2345 4948 sarculo.

1072 5002 1380 5066 Addenda
1428 5012 1489 5066 et
1542 5005 1918 5084 corrigenda
1975 5022 2048 5064 ex
2087 5005 2226 5067 cod.
2263 5004 2463 5065 \‘atic.

230 5106 305 5172 (l)
341 5105 621 5175 Τολμῆσαι
650 5106 880 5177 λαλῆσαι
907 5109 964 5161 ὲν
996 5111 1137 5171 ταῖς,
1173 5117 1277 5163 etc.

228 5179 306 5248 (‘2)
336 5177 471 5241 Δόξα
511 5177 909 5248 ὑπάρχειμειε..
940 5179 1152 5232 ὅτιτῶν
1178 5179 1274 5248 μὲν
1301 5178 1627 5248 εὐδαιμόνων
1658 5179 1728 5232 τὰ

155 5243 555 5319 πρόβαταηκαὶ
583 5243 637 5319 αἱ
663 5243 808 5317 βόες,
849 5257 978 5310 etc.,
1027 5250 1126 5302 οὑκ
1168 5243 1285 5301 ἐστι
1334 5243 1724 5319 τῆν’βοήθειαν

150 5317 758 5399 αὑτῶνπαλαιωθῇναι,
791 5319 1142 5399 καὶωπεσεῖν,
1181 5319 1301 5399 οὐδὲ
1337 5317 1594 5399 τελευτὴν
1627 5320 1723 5372 αὑ-

150 5387 298 5460 τῶνς
450 5387 560 5460 γάρ
583 5386 748 5460 ζῶσιν
767 5405 780 5417 ·
812 5389 933 5460 οὐδὲ
956 5390 1305 5460 ὑπερηφανία
1333 5390 1390 5443 ἐν
1425 5386 1564 5452 ταῖς.
1583 5399 1686 5460 etc.

227 5457 304 5520 (5)
445 5456 538 5544 δια
569 5459 668 5527 τῆς
705 5456 1076 5544 κινναὸἁρεως
1103 5456 1718 5544 περιέχει,-εξιε.,,εἰρή-

152 5543 350 5598 καμεν,
384 5528 563 5591 ἱκανὸς
591 5531 754 5599 χειρὶ,
781 5532 915 5601 ὅπερ
939 5528 1088 5582 ἐστὶν
1111 5532 1138 5583 6
1171 5528 1294 5593 Υἱὸς
1319 5528 1411 5582 τοῦ
1438 5529 1588 5583 Θεοῦ.

1905 5110 1980 5179 (ι)
2024 5110 2080 5162 '0
2107 5109 2236 5171 Θεός
2272 5126 2392 5178 μου,
2416 5119 2520 5162 etc.
2557 5110 2582 5160 6
2607 5107 2822 5172 διδάξας
2853 5125 2918 5176 με
2939 5109 3133 5173 γνῶσιν
3158 5124 3169 5138 ·
3199 5107 3262 5158 τὸ
3287 5107 3392 5177 γὰρ

1829 5180 2328 5253 τῆς-κινναϐάρεως
2351 5179 2773 5253 παρακείμενον,
2808 5191 2908 5231 etc.

1925 5250 1977 5321 5)
2011 5249 2076 5303 N.
2109 5253 2162 5303 ἓ.
2193 5247 2244 5303 5.
2285 5249 2388 5302 Kal
2599 5251 2710 5321 νῦν,
2737 5257 2874 5321 _etc..
2908 5247 3079 5300 αἰῶνι.

1925 5251 1977 5321 5)
2011 5251 2076 5303 N.
2109 5253 2162 5303 ἓ.
2195 5251 2244 5303 5.
2285 5251 2388 5302 Kal
2420 5251 2476 5301 ἐν
2504 5251 2579 5316 τῲ
2599 5251 2710 5309 νῦν,
2745 5257 2874 5304 etc..
2908 5251 3079 5300 αἰῶνι.

1898 5251 1971 5390 (6)
2005 5326 2132 5375 Mov
2157 5321 2327 5380 deest,
2358 5318 2646 5389 συλλαόὴή
2674 5317 2761 5371 διὰ
2797 5319 2894 5387 τῆς
2919 5317 3284 5387 κινναϐάρεως
3317 5317 3392 5386 τῷ

1831 5391 1999 5461 στίχῳ
2025 5390 2423 5461 παρακειμένη,
2449 5399 2554 5444 etc.

1895 5447 2068 5532 (ἨΝ.
2099 5447 2153 5523 5,
2185 5461 2234 5516 6.
2268 5447 2482 5532 turrim.
2521 5458 2716 5532 unicus
2747 5500 2758 5512 .
2795 5498 2809 5512 .
2846 5457 2992 5532 _._>f.al
3025 5459 3083 5509 ὲν
3120 5474 3168 5509 τ.
3218 5477 3261 5511 ν.
3308 5460 3388 5513 α’.

1825 5528 1913 5585 καί
1943 5535 1990 5589 ὲ.
2020 5550 2068 5587 τ.
2108 5550 2162 5586 α.
2194 5533 2284 5584 καὶ
2307 5533 2382 5593 εἰς
2401 5530 2498 5594 τὰς
2521 5529 2769 5592 αἰωνίους
2802 5528 2968 5590 αὑλὰς
2996 5545 3108 5580 σου.

224 5663 307 5733 (1-)
333 5663 578 5729 Quatuor
616 5668 854 5736 psalmos
883 5669 1183 5723 secundum
1211 5667 1457 5722 ordinem
1492 5668 1841 5723 llehrzeornm
1877 5669 2113 5737 incipere
2145 5668 2560 5734 elementorum,
2612 5678 2712 5722 etc.
2761 5667 2817 5720 in
2858 5664 3154 5720 centesimo
3178 5664 3386 5718 decimo

152 5746 349 5788 octavo
382 5737 614 5810 psalmo,
650 5739 892 5810 singulas
924 5741 1129 5810 litteras
1163 5740 1342 5810 octoni
1379 5756 1570 5793 versus
1599 5748 1917 5808 sequuntur.
1965 5739 2028 5810 In
2079 5739 2382 5810 centesimo
2435 5738 2859 5810 quadragesimo
2919 5743 3117 5805 quarto
3187 5737 3385 5806 singuli

152 5819 344 5860 versus
363 5805 710 5876 deputantur.
747 5809 891 5866 Hier.
928 5811 978 5864 in
1001 5809 1175 5880 Epist.
1207 5808 1269 5863 ad
1305 5808 1551 5874 Paulam,
1592 5811 1657 5865 de
1677 5805 1969 5880 interpret.
2006 5809 2234 5878 Alphab.
2285 5807 2443 5864 llebr.
