4036 6440
683 319 824 377 1515

1522 312 1583 368 S.
1618 310 1990 366 ATHANASII
2035 307 2182 363 OPP.
2226 306 2406 363 PARS
2444 306 2531 364 IH.
2565 336 2635 347 —
2660 306 3071 363 EXEGETICA.

3795 308 3911 363 1316

752 428 839 484 29.
873 424 946 499 [Ὠ
971 424 1097 481 Sam
1123 424 1221 498 (i)]
1246 424 1447 480 Fidelis
1476 422 1739 479 Dominus
1764 425 1819 477 in
1849 421 2103 477 omnibus
2138 436 2250 475 ver-
2278 455 2287 485 λ

2419 420 2505 474 29.
2542 418 2735 491 [Σάμῖ
2767 420 2961 483 Πιστὸς
2991 419 3186 491 Κύριος
3218 421 3275 472 έν
3294 422 3428 473 πᾶσι
3451 422 3570 483 τοῖς
3604 420 3790 489 λόγοις
3832 419 3913 472 αὖ·

684 523 769 579 bis
806 520 950 583 suis,

751 611 840 668 50.
875 610 942 665 Et
965 618 1189 665 sanctus
1218 608 1271 662 in
1299 606 1553 665 omnibus
1585 606 1848 675 cperibus
1876 604 2013 659 suis.

752 704 841 756 51.
879 701 939 773 [0
983 699 1148 773 Kam]
1200 699 1412 753 Allevat
1469 696 1737 752 Dominus
1771 711 1962 750 omnes
2003 694 2096 764 qui
2130 708 2252 747 cor—

684 806 884 859 ruunt,

752 885 841 938 '52.
874 883 940 937 Et
964 882 1120 952 erigit
1144 896 1333 936 omnes
1365 880 1548 935 elisos.

751 977 842 1031 55.
884 975 942 1048 [π
968 976 1093 1047 Mei]
1122 974 1277 1029 Oculi
1305 974 1547 1028 omnium
1578 972 1633 1026 in
1670 982 1720 1025 te
1755 979 2008 1041 sperant,

752 1066 840 1121 54.
874 1066 940 1119 Ει
976 1076 1029 1123 ιιι
1072 1067 1171 1121 das
1202 1080 1385 1120 escam
1426 1065 1642 1117 illorum
1686 1064 1740 1116 in
1774 1073 2018 1132 tempore
2056 1076 2253 1133 oppor-

683 1168 815 1215 tuno
848 1157 1050 1229 [escam
1085 1158 1165 1212 eis
1199 1156 1536 1226 temporibus
1571 1155 1947 1227 opportunis].

753 1250 841 1304 55.
872 1249 933 1322 [5
962 1249 1095 1320 Phe}
1133 1250 1327 1319 Aperis
1376 1258 1432 1302 tu
1478 1264 1701 1303 manum
1762 1258 1940 1312 tuam,
1972 1257 2026 1301 et
2064 1244 2254 1315 imples

682 1356 844 1398 omne
873 1343 1077 1397 animal
1106 1340 1506 1397 benedictione.

2347 528 2467 571 του,

2417 602 2505 656 50.
2540 600 2644 655 Kal
2675 602 2819 664 ὅσιος
2845 604 2901 654 ὲν
2931 602 3065 655 πᾶσι
3096 604 3206 664 τοῖς
3230 601 3413 674 ἔργοις
3446 602 3641 656 αὐτοῦ.

2417 695 2505 748 51.
2541 693 2740 766 [Χάμ]
2776 694 3155 765 ’Υποστηρίζει
3193 694 3391 767 Κύριος
3419 695 3640 759 πάντας
3666 696 3795 757 τοὺς
3832 713 3915 748 κα-

2346 786 2713 849 ταπίπτοντας
2730 826 2746 851 ,

2422 879 2509 933 5Ξ.
2540 874 2645 932 Kal.
2674 878 2889 950 άνορθοῖ
2916 878 3123 943 πάντας
3150 878 3276 943 τοὺς
3306 880 3821 951 κατερραγμένους.

2422 971 2510 1024 55.
2546 969 2565 1041 [
2587 968 2726 1042 Mei]
2754 972 2816 1022 Οί
2843 970 3108 1041 ὀφθαλμοὶ
3133 971 3350 1026 πάντων
3377 974 3457 1035 είς
3481 973 3541 1025 σὲ
3566 972 3866 1035 ἐλπίζουσι,

2420 1060 2508 1114 54.
2543 1060 2646 1113 Καὶ
2678 1062 2742 1113 σὺ
2785 1061 2940 1123 δίδως
2963 1062 3058 1131 τὴν
3090 1063 3296 1134 τροφὴν
3333 1064 3513 1117 αὐτῶν
3566 1067 3631 1117 ἐν
3678 1066 3917 1135 εὐκαιρία

2349 1151 2372 1223 [
2394 1153 2575 1216 αὐτοῖς
2606 1155 2663 1204 ἐν
2686 1152 2986 1222 εὐκαιρίαις
3008 1152 3027 1225 ]
3054 1169 3067 1181 ·

2421 1245 2509 1298 55.
2542 1242 2693 1316 [Φή]
2735 1243 2999 1310 ’Δνοίγεις
3037 1245 3102 1297 σὺ
3140 1245 3237 1317 τὴν
3262 1247 3423 1319 χεῖρά
3459 1265 3581 1313 σου,
3630 1264 3729 1303 και
3764 1251 3916 1319 ἐμπι-

2353 1334 2492 1404 πλᾷς
2532 1334 2639 1385 πᾶν
2670 1331 2806 1397 ζῶον
2835 1331 3099 1397 εὐδοκίας.

1804 1476 2181 1532 ATHANASN
2217 1471 2795 1529 INTERPRETATIO.

751 1596 840 1651 29.
875 1595 1046 1650 Verax
1067 1636 1083 1655 .
1112 1596 1300 1651 firmus
1321 1635 1335 1660 ,
1370 1596 1725 1651 immutabilis
1755 1596 1808 1649 in
1839 1596 1938 1660 iis,
1970 1614 2091 1668 qua
2117 1597 2250 1651 deﬁ-
2281 1613 2287 1664 ι

2419 1592 2504 1647 29.
2551 1590 2803 1661 Ἀληθὴς,
2838 1590 3071 1662 ἑδραῖος,
3114 1592 3535 1665 ἁμετακίνητος,
3580 1596 3675 1665 ἐφ’
3706 1594 3790 1660 οἷς
3812 1598 3919 1670 ὥρι-

683 1687 819 1741 ηἰνίι
868 1687 921 1740 in
960 1686 1204 1756 judicio;
1260 1686 1363 1740 hoc
1395 1687 1539 1740 enim
1587 1687 1855 1755 signiﬁcat
1882 1688 2107 1759 syllaba,
2131 1701 2251 1757 quze

683 1776 881 1834 dicitur
908 1778 1069 1843 Sam,
1096 1779 1203 1833 hoc
1227 1786 1310 1833 est
1341 1778 1619 1843 stabilivit,
1651 1789 1703 1833 et
1725 1780 1888 1834 etiam
1932 1782 2251 1849 interpreta-

683 1880 772 1925 tur
802 1872 935 1933 illic,
968 1871 1071 1927 hoc
1096 1882 1179 1925 est
1206 1869 1259 1923 in
1288 1869 1517 1939 judicio.

752 1962 842 2017 50.
879 1962 944 2017 Et
984 1962 1472 2032 irreprehensibilis
1501 1962 1556 2016 in
1583 1961 1839 2018 omnibus
1865 1977 1985 2031 quae
2010 1961 2247 2027 creavit;

682 2062 736 2110 et
775 2054 827 2107 in
869 2054 1122 2109 omnibus
1150 2054 1434 2123 praeceptis
1477 2053 1623 2118 suis;
1659 2063 1712 2107 et
1741 2053 1795 2107 in
1849 2055 2103 2107 omnibus
2130 2069 2251 2123 qua:

683 2146 939 2217 suscepit,
968 2155 1021 2201 et
1044 2161 1238 2216 passus
1274 2154 1357 2200 est
1380 2155 1601 2215 propter
1626 2153 1868 2200 nostram
1901 2146 2154 2200 salutem.

751 2326 840 2382 51.
874 2325 1107 2397 Subjicit
1142 2326 1405 2381 Dominus
1432 2325 1661 2396 gratiam
1698 2340 1876 2379 suam.

752 2415 841 2470 52.
876 2416 941 2469 Et
981 2430 1204 2485 surgere
1232 2414 1361 2468 facit
1390 2430 1580 2469 omnes
1623 2414 1902 2483 prolapsos
1942 2412 1995 2465 in
2035 2410 2247 2477 faciem,

683 2505 791 2560 hoc
840 2513 923 2561 est
963 2504 1015 2558 in
1063 2504 1223 2560 corda
1273 2520 1409 2568 sua,
1438 2513 1491 2560 et
1521 2504 1820 2559 inﬁrmatos
1865 2504 1919 2558 in
1966 2504 2246 2573 peccatis:

683 2596 888 2667 syllaba
913 2597 1057 2651 enim
1087 2595 1351 2665 apposita,
1391 2610 1512 2664 quae
1541 2596 1740 2649 dicitur
1767 2594 1954 2658 Cham,
1988 2601 2253 2646 sustenta-

685 2688 861 2742 culum
892 2689 1297 2758 interpretatur,
1330 2686 1551 2757 perinde
1586 2701 1649 2739 ac
1702 2686 1748 2740 si
1801 2685 2003 2739 diceret
2034 2684 2253 2753 subjicit

681 2792 740 2833 se
768 2778 943 2846 ipsum
976 2776 1259 2844 Dominus,
1279 2787 1332 2831 et
1358 2783 1536 2845 portat
1557 2775 1825 2841 infirmos,
1855 2784 1917 2832 ut
1947 2791 2143 2832 versus
2173 2776 2250 2831 si-

684 2866 948 2937 gniﬁcat:
990 2876 1039 2921 et
1075 2875 1451 2937 permanentes
1497 2873 1675 2921 mente
1736 2882 1837 2922 sua
1891 2867 1945 2921 in
1988 2868 2248 2937 peccatis,

2322 1706 2327 1713 ν
2356 1702 2445 1738 σεν
2473 1687 2529 1736 ἐν
2555 1686 2620 1754 τῇ
2653 1684 2830 1753 κρίσει
2851 1700 2864 1712 ο
2900 1683 3057 1737 τοῦτο
3082 1685 3190 1756 γὰρ
3222 1684 3466 1753 βούλεται
3492 1689 3525 1756 ἡ
3564 1690 3814 1758 συλλαϐὴ
3854 1694 3915 1755 μ’

2352 1775 2385 1844 ή
2423 1774 2691 1843 λεγομένη
2720 1773 2868 1837 Σὰμ,
2905 1772 2933 1824 δ
2975 1773 3120 1824 ἐστιν
3161 1772 3462 1841 ἐστήριξε,
3512 1778 3612 1828 καὶ
3644 1778 3808 1830 πάλιν
3840 1781 3918 1847 ἐρ·

2356 1866 2648 1936 μηνεύεται
2682 1862 2829 1926 ἐκεῖ,
2861 1862 3134 1916 τουτέστιν
3174 1865 3231 1915 ὲν
3262 1867 3327 1934 τῇ
3357 1868 3558 1936 κρίσει.

2422 1957 2509 2009 50.
2540 1954 2643 2007 Καὶ
2674 1954 2960 2024 ἄμεμπτος
2997 1956 3055 2006 ὲν
3088 1957 3253 2008 πᾶσιν
3279 1996 3293 2019 ,
3348 1951 3429 2019 οἷς
3466 1958 3920 2030 ἐδημιούργησεν,

2352 2049 2445 2101 καὶ
2467 2049 2525 2100 ὲν
2548 2049 2679 2100 πᾶσι
2718 2050 2830 2109 τοῖς
2858 2047 3275 2118 προστάγμασιν
3317 2048 3502 2111 αὑτοῦ,
3532 2051 3632 2101 καὶ
3665 2054 3725 2103 ἐν
3752 2056 3919 2113 πᾶσιν,

2350 2138 2431 2203 οἷς
2475 2139 2817 2205 κατεδέξατο,
2849 2139 2941 2192 καὶ
2992 2139 3224 2193 πέπονθε
3266 2139 3342 2211 (‘2)
3372 2140 3460 2193 διὰ
3507 2141 3608 2211 τὴν
3664 2143 3921 2213 ἡμετέραν

2354 2248 2497 2300 σωτη
2507 2230 2644 2301 ρίαν.

2419 2322 2503 2375 51.
2538 2321 2615 2389 (5)
2650 2319 2967 2389 Ὑποτίθησι
3000 2318 3198 2390 Κύριος
3229 2321 3326 2391 τὴν
3368 2322 3532 2391 χάριν
3556 2322 3760 2377 αὑτοῦ.

2419 2413 2507 2468 5‘2.
2545 2411 2646 2466 Kal.
2678 2412 2939 2481 ἀνέστησε
2972 2413 3177 2476 πάντας
3211 2416 3334 2476 τοὺς
3363 2416 3824 2481 καταπίπτοντας
3843 2419 3923 2469 ἐπι

2350 2503 2418 2556 τά
2444 2504 2727 2574 πρόσωπα,
2758 2504 3036 2556 τουτέστιν
3082 2505 3175 2557 ἐπὶ
3201 2504 3297 2567 τὰς
3334 2505 3564 2574 καρδίας
3598 2508 3810 2574 αὐτῶν,
3846 2511 3926 2562 καὶ

2351 2592 2706 2654 ἀσθενοῦντας
2729 2594 2786 2645 ὲν
2823 2597 2888 2665 τῇ
2920 2594 3163 2667 ἁμαρτίᾳ
3182 2610 3195 2624 ·
3225 2596 3258 2665 ἡ
3296 2594 3352 2646 δὲ
3395 2598 3797 2668 παρακειμένη
3822 2602 3929 2652 mi}.-

2352 2681 2488 2753 λαϐὴ
2519 2683 2552 2751 ἡ
2586 2681 2855 2751 λεγομένη
2900 2685 3031 2754 Χὰμ
3081 2685 3229 2754 ὅμως
3281 2684 3693 2755 ἑρμηνεύεται,
3741 2689 3927 2743 ὡσανεὶ

2353 2777 2669 2847 ὑποτίθησιν
2699 2777 2883 2829 ἑαυτὸν
2915 2777 2944 2828 ὁ
2977 2775 3196 2846 Κύριος,
3222 2777 3315 2845 καὶ
3337 2777 3600 2845 βαστάζει
3633 2782 3769 2847 τοὺς
3791 2784 3929 2836 ἀσθε-

2351 2870 2479 2931 νεῖς,
2524 2867 2598 2931 ὡς
2638 2870 2666 2920 ὁ
2697 2867 2876 2937 στίχος
2910 2866 3061 2936 δηλοί
3096 2884 3110 2897 ·
3152 2869 3247 2919 καὶ
3286 2870 3411 2932 τοὺς
3459 2872 3928 2944 ὲναπομείναντις

683 2956 847 3011 veluti
894 2972 961 3011 ex
1015 2972 1208 3011 somno
1238 2956 1503 3021 suscitat,
1535 2972 1905 3028 compungens
1941 2972 2035 3013 eos
2079 2958 2249 3028 gratia
2278 2961 2287 3005 1

2351 2960 2417 3028 τῇ
2448 2957 2655 3030 διανοίᾳ
2682 2962 2761 3022 εἰς
2785 2960 2883 3031 τὴν
2907 2959 3204 3030 ἁμαρτίαν,
3246 2959 3322 3023 ὡς
3350 2961 3408 3027 ἐξ
3444 2960 3619 3016 ῦπνου
3658 2966 3926 3037 διεγείρει,

684 3065 806 3114 sua,
834 3059 887 3105 et
913 3065 1138 3121 surgere
1161 3048 1400 3113 faciens,
1434 3058 1495 3103 ut
1524 3049 1906 3116 conﬁteantur,
1946 3058 2001 3104 et
2033 3048 2255 3120 vigilent

684 3139 959 3209 deinceps,
997 3156 1065 3195 ne
1092 3140 1325 3208 amplius
1354 3147 1599 3209 peccent.

753 3312 841 3367 55.
877 3310 1053 3367 Corda
1091 3311 1332 3366 omnium
1370 3310 1709 3366 credentium
1742 3308 1796 3364 in
1831 3319 1883 3364 te
1911 3308 2139 3380 gratiam
2168 3325 2253 3364 re—

682 3405 909 3474 cipiunt.

751 3496 840 3549 51.
878 3496 941 3549 Ει
969 3505 1058 3558 tu,
1116 3509 1238 3548 cum
1290 3506 1444 3547 mens
1489 3507 1677 3547 eorum
1728 3492 1962 3563 quiescit
2006 3490 2075 3546 ab
2105 3492 2252 3546 omni

684 3587 956 3641 mundana
1009 3602 1161 3649 cura,
1211 3597 1264 3640 et
1309 3585 1772 3655 concupiscentia,
1825 3585 2101 3639 illuminas
2157 3600 2252 3640 eos

686 3678 905 3733 scientia
934 3686 1325 3748 praeceptorum
1361 3686 1600 3731 tuorum.

752 3775 840 3830 '55.
876 3774 1229 3829 Abundanter
1256 3773 1510 3826 donando
1538 3771 1770 3840 gratiam
1803 3770 1975 3824 sancti
2014 3768 2248 3841 Spiritus

685 3868 833 3922 omni
886 3864 1133 3927 homini,
1191 3864 1283 3933 qui
1343 3863 1581 3918 adhaeret
1633 3862 1896 3917 voluntati
1954 3871 2060 3916 tua:
2093 3881 2106 3916 :
2140 3861 2247 3916 Phe

684 3959 827 4013 enim
861 3958 1240 4027 interpretatur
1268 3972 1325 4010 os
1350 3997 1364 4021 ,
1401 3955 1502 4008 hoc
1536 3964 1618 4009 est
1650 3954 1930 4009 insulllans
1978 3954 2154 4022 ipsum
2190 3956 2242 4008 in

684 4050 877 4105 faciem
932 4057 1242 4103 sanctorum
1323 4054 1378 4102 et
1429 4046 1616 4101 dicens
1661 4064 1673 4100 :
1712 4046 1946 4115 Accipite
1986 4044 2243 4115 Spiritum

683 4152 922 4194 sanctum
937 4140 979 4193 ⁸.

754 4258 774 4287 ⁸
809 4256 964 4311 Joan.
1002 4273 1091 4326 xx,
1125 4262 1212 4317 22.

2350 3048 2668 3117 κατανύγων
2690 3050 2885 3112 αὐτοὺς
2916 3052 2981 3120 τῇ
3022 3050 3205 3120 χάριτι
3247 3052 3432 3112 αὐτοῦ.
3466 3055 3567 3106 καὶ
3594 3057 3927 3120 ἀναστάντας

2351 3137 2546 3199 αὐτοὺς
2575 3138 3034 3208 ἐξομολογεῖσθαι,
3053 3138 3147 3193 καὶ
3175 3144 3363 3213 νήφειν
3384 3142 3479 3195 τοῦ
3503 3144 3709 3199 λοιποῦ
3736 3147 3831 3200 τοῦ
3862 3151 3927 3217 μὴ

2350 3230 2385 3281 ἁ
2392 3246 2465 3298 μα
2471 3230 2701 3299 ρτάνειν.

2421 3324 2508 3377 55.
2540 3326 2603 3376 Αἱ
2636 3325 2853 3395 καρδίαι
2889 3325 3107 3379 πάντων
3160 3326 3267 3378 τῶν
3316 3329 3695 3384 πιστευόντων
3746 3337 3826 3399 είς
3876 3335 3926 3387 σὲ

2350 3416 2449 3485 τὴν
2474 3416 2631 3485 χάριν
2662 3417 3071 3487 ἀπεκδέχονται.

2418 3505 2506 3559 54.
2537 3504 2638 3558 Καὶ
2670 3508 2755 3573 σὺ,
2782 3508 2909 3561 ὅταν
2944 3506 3204 3579 ἡσυχάζει
3246 3511 3273 3561 ὁ
3308 3508 3432 3573 νοῦς
3469 3511 3661 3565 αὐτῶν
3719 3514 3796 3585 (ί)
3833 3517 3929 3569 ἀπὸ

2349 3596 2528 3665 πάσης
2570 3596 2829 3667 βιωτικῆς
2861 3599 3142 3670 φροντίδος
3176 3599 3269 3652 καὶ
3309 3600 3645 3672 ἐπιθυμίας,
3684 3608 3929 3676 φωτίζεις

2349 3687 2545 3752 αὐτοὺς
2573 3687 2670 3759 τὴν
2689 3689 2890 3757 γνῶσιν
2915 3688 3024 3742 τῶν
3059 3691 3496 3761 προσταγμάτων
3518 3709 3636 3746 σου.

2416 3777 2507 3833 55.
2540 3778 2814 3842 Πλουσίως
2833 3779 3071 3850 δὼρησαι
3108 3780 3207 3850 τὴν
3240 3781 3397 3850 χάριν
3436 3780 3533 3834 τοῦ
3570 3784 3739 3851 ἁγίου
3775 3786 3929 3838 Πνεύ-

2358 3886 2527 3938 ματος
2560 3869 2637 3939 (5)
2663 3871 2825 3922 παντὶ
2847 3869 3116 3941 ἀνθρώπῳ
3148 3871 3496 3942 προκειμένῳ
3539 3873 3622 3943 τῷ
3668 3874 3928 3947 θελήματί

2355 3978 2479 4013 σου·
2522 3962 2583 4014 τὸ
2615 3961 2722 4033 γάρ
2774 3962 2861 4029 Φὴ
2899 3962 3260 4033 ἑρμηνεύεται
3306 3967 3535 4033 στόμα,
3572 3970 3833 4022 τουτέστι
3876 3971 3927 4021 τὸ

2352 4055 2604 4126 ὲμςρυσᾷν
2625 4056 2787 4109 αὑτὸν
2816 4058 2896 4119 εἰς
2926 4056 2996 4108 τὰ
3034 4056 3301 4127 πρόσωπα
3342 4055 3450 4109 τῶν
3480 4057 3684 4125 ἁγίων,
3729 4062 3823 4115 καὶ
3851 4062 3927 4114 λέ-

2278 4134 2323 4189 D
2352 4163 2469 4215 γειν
2492 4166 2504 4177 ·
2535 4148 2755 4203 Λάϐετε
2782 4148 3020 4218 Πνεῦμα
3043 4148 3231 4218 ἅγιον.

1589 4347 1893 4409 Addenda
1950 4355 2010 4408 et
2063 4351 2442 4432 corrigenda
2499 4368 2578 4413 e1
2636 4354 2774 4414 cod.
2810 4353 3015 4413 Vatic.

759 4452 833 4521 (1)
866 4453 936 4525 ζιι
971 4450 1057 4504 διὰ
1080 4453 1181 4525 τῆς
1228 4451 1865 4525 κινναβάρεως-συλλαϐὴ
1905 4450 2238 4525 ήμλεγομένη

686 4524 825 4593 Σὰμ,
860 4521 1234 4593 ἑρμηνεύεται,
1257 4522 1504 4592 στηρίξαι
1524 4521 1636 4585 καί,
1655 4532 1783 4585 clc.,
1807 4521 2082 4575 τουτέστιν
2107 4521 2237 4577 ὲκεῖζ

757 4541 831 4661 (ἐς
860 4539 1144 4645 ῗίὶᾍῖὃϊῖῖ

752 4665 829 4735 (5)
862 4660 933 4735 Ν..
955 4662 1063 4735 5l._
1087 4661 1423 4735 ἰ’ποτίθησι,
1447 4670 1576 4735 etc._.
1604 4663 1698 4714 καὶ
1734 4662 1982 4733 ἀνίστησι
2032 4664 2238 4727 πάντας

682 4731 818 4796 τοὺς
842 4731 1217 4794 ἀσθενοῦντας.
1251 4733 1341 4783 καὶ
1368 4732 1824 4796 καταπίπτοντας,
1854 4731 1983 4796 etc.,
2016 4735 2107 4787 ἐπὶ
2142 4736 2237 4796 τὰς

684 4802 905 4873 καρδίας
932 4802 1107 4873 αύτῷν
1127 4818 1140 4830 ⁸
1169 4802 1201 4873 ἡ
1230 4801 1284 4853 δὲ
1328 4801 1699 4873 παρακειμένη
1733 4801 1818 4853 διὰ
1855 4804 1951 4873 τῆς
1987 4804 2237 4857 κινναϐά-

688 4871 823 4943 ρεως
846 4871 1098 4941 συλλαϐὴ,
1126 4876 1157 4941 ἡ
1187 4871 1449 4943 λεγομένη
1486 4871 1626 4943 me,
1650 4886 1779 4926 εις..
1807 4871 2120 4943 ὑποτίθησιν
2143 4874 2237 4926 αὺ-

682 4941 772 4996 τὸν
805 4946 852 5006 ὀ,
886 4954 1012 5006 clc.,
1048 4944 1170 5005 τοὺς
1197 4941 1461 5003 ἀσθενεῖς,
1499 4941 1679 5005 καθὼς
1708 4943 1800 4996 καὶ
1826 4946 1854 4996 ὁ
1885 4941 2064 5014 στίχος
2087 4944 2244 4997 τοῦτο

2342 4454 2713 4531 δηλοῖηΝῷὶ,
2750 4455 3005 4531 Καὶᾼτοὺς
3036 4457 3517 4527 ὲναπομείναντας,
3559 4466 3697 4523 etc.,
3738 4461 3803 4531 τῇ
3833 4462 3922 4531 χὰ-

2345 4526 2452 4597 ριτι
2478 4526 2642 4579 αὑτοῦ
2672 4526 3030 4597 ἀναστάντας,
3069 4536 3173 4580 etc.

2415 4597 2491 4668 (4)
2541 4597 2726 4668 Αὐτῶν
2770 4600 2799 4650 ὁ
2840 4596 2984 4660 νοῦς,
3026 4606 3155 4668 etc.,
3187 4595 3295 4648 τῶν
3341 4598 3793 4668 προσταγμάτων
3836 4618 3921 4654 σου

2340 4667 2465 4747 τῶν,
2475 4666 2853 4747 διζναμούντων
2890 4666 3106 4747 at)ng

2411 4737 2488 4809 (5)
2521 4736 2632 4810 Τοῦ,
2656 4736 2810 4810 ἁγίου
2835 4754 2929 4810 σου
2961 4736 3315 4810 ληνεύματος,
3334 4746 3477 4810 _elc.,
3515 4741 3917 4810 προσκειμένῳ,

2338 4806 2467 4931 etc”
2495 4807 2556 4860 τὸ
2576 4806 2684 4878 γὰρ
2709 4807 2984 4878 Φὴ,τὺδιὰ
3006 4806 3103 4876 τῆς
3120 4806 3514 4879 κινναϐάρεως,
3534 4806 3918 4879 ἑρμηνεύεται,

2339 4893 2370 4930 e
2396 4894 2443 4931 c.

2339 4893 2443 4932 εις.

754 5059 830 5127 (1)
858 5057 1016 5111 Deest
1050 5057 1103 5111 in
1140 5066 1288 5113 textu
1321 5056 1546 5113 Hebraeo
1580 5060 1753 5113 littera
1784 5072 1832 5119 .1.
1881 5060 2007 5129 quia
2062 5060 2247 5115 deﬁcit
2296 5074 2520 5121 versus.
2578 5060 2669 5129 qui
2714 5060 2782 5114 ab
2819 5060 2910 5114 illa
2950 5059 3189 5129 incipere
3230 5058 3479 5123 debebat,
3528 5073 3732 5129 nempe
3758 5069 3914 5143 pc.

688 5151 746 5207 id
776 5159 862 5203 est
888 5150 1110 5212 Fidelis,
1152 5158 1212 5202 ut
1244 5151 1532 5205 advertunt
1555 5148 1847 5213 Vatablus,
1877 5162 1931 5205 et
1963 5150 2185 5205 Simeon
2221 5151 2287 5207 de
2321 5151 2461 5204 Muis
2483 5190 2497 5214 ,
2526 5150 2749 5219 aliique.
2780 5148 2937 5205 Hunc
2972 5160 3153 5206 autem
3183 5166 3401 5205 versum
3435 5164 3661 5205 necesse
3694 5166 3811 5208 est.
3838 5152 3914 5204 vel

688 5221 1031 5275 librariorum
1072 5220 1227 5287 culpa
1273 5222 1542 5275 excidisse
1568 5263 1582 5276 .
1623 5222 1703 5274 vel
1735 5221 1802 5273 de
1840 5223 2108 5275 industria
2144 5222 2212 5274 ab
2242 5220 2479 5277 Hebraeis
2502 5220 2673 5277 fuisse
2713 5221 3009 5275 sublatum.
3051 5220 3184 5275 Nam
3220 5222 3368 5275 illum
3416 5221 3471 5273 in
3506 5229 3654 5275 textu
3691 5222 3914 5276 Hebrzo

682 5292 1123 5361 originaliantea
1155 5290 1429 5361 exstitisse
1472 5292 1667 5361 probat
1696 5293 1830 5344 ordo
1858 5293 2161 5345 litterarum
2197 5291 2472 5360 alphabeti
2510 5289 2759 5345 Hebraiei
2790 5331 2805 5353 ,
2849 5300 3107 5360 certoque
3134 5292 3423 5346 conﬁrmat
3469 5292 3655 5344 versio
3682 5289 3912 5357 Septua-

682 5365 829 5433 ginta
855 5360 1133 5433 ,_aliaeque
1170 5358 1368 5414 Graece
1399 5358 1706 5417 versiones:
1741 5372 1794 5415 et
1826 5372 2020 5430 praeter
2047 5358 2355 5431 Vulgatam,
2388 5376 2507 5429 quae
2542 5375 2605 5415 ex
2640 5358 3024 5433 Septuaginta:
3053 5373 3267 5433 sumpta
3310 5370 3393 5433 est
3414 5402 3429 5426 ,
3459 5362 3625 5433 etiam
3684 5360 3911 5415 Arabica

682 5429 734 5485 et
774 5429 1028 5500 Syriaca,
1070 5444 1197 5500 quae
1235 5444 1421 5484 omnes
1456 5446 1671 5485 versum
1706 5429 1856 5483 illum
1911 5429 2249 5492 habena—et
2300 5440 2698 5499 consequenter
2728 5432 2780 5483 in
2820 5429 3104 5500 codicibus
3138 5429 3378 5485 Hebrteis
3403 5472 3417 5493 ,
3460 5431 3607 5483 unde
3637 5436 3912 5484 adornata:

684 5496 832 5563 sunt,
868 5496 1129 5568 legerunt.
1165 5496 1347 5569 Quare
1382 5502 1573 5554 merito
1600 5512 1785 5555 contra
1819 5501 2204 5555 Masoretarnm
2240 5496 2591 5555 veneratores
2618 5500 2797 5569 inquit
2836 5499 3056 5555 Grotius
3092 5519 3104 5553 :
3138 5501 3411 5566 Quomodo
3440 5500 3508 5553 ad
3546 5501 3657 5553 hac
3698 5517 3909 5568 respon-

681 5572 891 5629 debunt,
920 5570 1007 5637 qui
1043 5584 1135 5624 na;
1157 5568 1339 5637 jubent
1372 5586 1463 5638 per
1492 5574 1668 5623 omnia
1706 5571 2087 5624 Masoretarum
2115 5582 2255 5624 stare
2286 5572 2551 5625 decretis?
2597 5570 2661 5623 Et
2700 5568 2934 5638 insuper
2968 5571 3068 5624 hae
3100 5571 3166 5625 de
3200 5586 3253 5624 re
3282 5572 3441 5639 digna
3476 5570 3699 5638 quidem
3729 5573 3909 5625 obser-

683 5641 897 5692 vatione
929 5647 1056 5693 sunt

695 5679 897 5692 .........-
929 5679 1056 5693 συ...
1081 5679 1095 5698 ,
1182 5679 1262 5692 ...η
1302 5679 1524 5694 ............
1554 5679 1766 5695 υ.-....ο
1795 5679 2035 5695 ...η-...ω
2062 5683 2071 5693 .

685 5720 793 5763 tum
826 5709 1022 5775 deerat,
1056 5679 1396 5777 "gignendum
1422 5711 1559 5780 quod
1592 5714 1873 5775 cernimus,
1909 5712 2005 5778 ait,
2030 5711 2247 5779 factum.

1140 5653 1262 5707 quae
1302 5639 1524 5694 adnotat
1551 5638 1766 5695 Clarius
1795 5640 2071 5695 referens:
2100 5651 2291 5695 veteres
2327 5639 2575 5694 llebrrros
2611 5642 2809 5694 dixisse
2847 5652 3075 5709 tempore
3114 5641 3319 5695 Messia-
3346 5638 3501 5692 ltunc
3556 5657 3794 5702 versum,
3824 5640 3906 5708 qui
