4036 6460
219 392 366 447 1317
1111 392 1196 446 DE
1235 390 1512 446 TITULIS
1552 391 1999 448 PSALMORUM.
2043 423 2110 434 -—
2149 393 2341 447 PSAL.
2384 395 2614 450 CXLIV.
3333 404 3466 460 1318

298 510 385 569 36.
418 513 631 576 Δίκαιος
664 512 861 582 Κύριος
884 515 940 565 ἑν
964 515 1162 576 πάσαις
1191 515 1312 576 ταῖς
1332 514 1472 577 ὁδοῖς
1495 514 1657 567 αὑτοῦ
1677 556 1690 577 ,
1826 524 1872 578 Α

1826 524 1872 578 Α
1973 515 2060 568 56.
2096 514 2178 586 [Υ]
2217 514 2406 571 Justus
2433 515 2696 573 Dominus
2715 519 2770 573 in
2791 521 3054 575 omnibus
3077 521 3179 577 viis
3206 522 3351 585 suis.

292 606 379 659 '57.
415 603 520 657 Kal
544 607 687 669 ὅσιος
714 608 771 657 ὲν
799 607 930 658 πᾶσι
962 607 1074 667 τοῖς
1113 605 1294 675 ἑργοις
1327 605 1512 658 αὑτοῦ.

1970 608 2058 660 5⁸7.
2095 607 2157 660 Et
2190 618 2409 662 sanctus
2435 610 2485 662 in
2519 611 2772 665 omnibus
2799 613 3051 681 operibus
3080 615 3213 669 suis.

293 696 378 750 58.
418 695 626 768 [Κώφ]
671 697 864 764 Ἐγγὺς
899 694 1093 767 Κύριος
1127 698 1258 749 πᾶσι
1292 697 1402 758 τοῖς
1433 698 1795 771 ἐπικαλουμέ-

1967 699 2055 752 58.
2091 699 2151 784 [Ρ
2178 697 2354 768 Kopb]
2387 697 2556 768 Prope
2595 709 2680 753 est
2723 698 2984 755 Dominus
3013 702 3271 758 omnibus
3311 703 3459 757 invo-

217 806 335 851 νοις
358 789 540 851 αὑτὸν,

1897 792 2148 847 cantibus
2185 807 2308 845 eum
2328 829 2341 853 ,

291 880 377 933 59.
415 881 555 932 Πᾶσι
587 896 698 942 τοις
724 879 1174 949 ἐπικαλουμένοις
1196 881 1356 936 αὐτὸν
1381 884 1438 935 ἑν
1464 883 1708 953 ἀληθείᾳ.

1685 902 1708 936 ι.
1965 884 2050 938 59.
2087 883 2353 938 Omnibus
2380 884 2762 940 invocantibus
2787 900 2912 939 eum
2947 885 3001 939 in
3037 886 3279 943 veritate.

291 971 377 1024 40.
413 971 610 1042 [Ῥήςί
637 971 774 1042 Θέλη
785 989 860 1042 μα
881 971 988 1025 τῶν
1011 972 1356 1043 φοϐουμένων
1370 977 1531 1028 αὐτὸν
1548 977 1787 1046 ποιήσει,

1755 995 1787 1039 ι,
1964 976 2055 1030 40.
2095 976 2156 1048 [η
2190 975 2319 1048 Res]
2350 976 2688 1031 Voluntatem
2720 978 3029 1033 timentium
3071 995 3129 1034 se
3155 980 3349 1043 faciet.

289 1061 348 1114 4t
366 1102 378 1115 .
413 1060 518 1114 Kal
549 1055 646 1131 τῆς
667 1062 902 1132 δεήσεως
927 1062 1104 1114 αὐτῶν
1132 1065 1526 1132 εἰσακούσεται,
1564 1067 1657 1119 καὶ
1681 1066 1789 1119 σώ-

1963 1065 2050 1119 41.
2096 1064 2160 1119 Et
2193 1067 2628 1136 deprecationem
2658 1083 2847 1121 eorum
2877 1069 3168 1136 exaudiet,
3202 1079 3255 1124 et
3277 1069 3456 1125 salvos

216 1169 303 1204 σει
333 1153 548 1216 αὐτούς.

1893 1155 2051 1211 faciet
2072 1172 2187 1211 eos.

293 1243 377 1294 42.
415 1243 593 1314 [Σέμ]
625 1244 889 1298 Φυλάσσει
913 1244 1110 1316 Κύριος
1134 1245 1339 1309 πάντας
1368 1247 1496 1311 τοὺς
1526 1249 1785 1317 ἀγαπῶν--

1957 1249 2044 1302 42.
2068 1248 2142 1320 [ω
2162 1249 2310 1322 Sem]
2329 1250 2574 1304 Custodit
2595 1251 2851 1304 Dominus
2868 1265 3058 1306 omnes
3071 1251 3356 1323 diligentes
3374 1267 3452 1318 se,

213 1350 317 1395 τας
342 1335 522 1398 αὑτὸν,

1957 1341 2046 1395 45.
2089 1342 2152 1394 Et
2182 1358 2373 1395 omnes
2403 1354 2716 1411 peccatores
2739 1344 3030 1412 disperdet.

289 1425 376 1477 43.
414 1425 515 1478 Kal
541 1429 744 1492 πάντας
773 1429 900 1492 τοὺς
929 1431 1284 1501 ἁμαρτωλοὺς
1309 1430 1698 1502 ἑξολοθρεύσει.

1956 1433 2044 1488 44.
2082 1434 2144 1504 [n
2173 1434 2350 1504 Tliau]
2391 1434 2776 1489 Laudationem
2825 1435 3036 1489 Domini
3086 1436 3340 1505 loquetur
3389 1452 3450 1492 os

289 1517 375 1568 44.
413 1516 426 1586 ί
452 1517 563 1569 Θαῦ
591 1517 609 1588 ]
645 1517 856 1570 Δῖνεσιν
881 1517 1078 1588 Κυρίου
1103 1519 1320 1589 λαλήσει
1343 1520 1403 1572 τὸ
1426 1520 1596 1589 στόμα
1629 1537 1753 1588 μου,
1885 1541 2089 1589 meum,

290 1607 378 1660 45.
410 1607 512 1659 Kal
536 1608 824 1675 εὐλογείτω
851 1610 997 1660 πᾶσα
1027 1606 1164 1680 σὰρξ
1209 1611 1267 1662 τὸ
1312 1610 1482 1680 ὄνομα
1525 1610 1585 1661 τὸ
1629 1610 1782 1677 ἅγιον

1954 1617 2043 1671 45.
2076 1619 2141 1672 Et
2169 1618 2452 1674 benedicat
2482 1619 2659 1675 omnis
2701 1635 2829 1675 caro
2857 1620 3061 1675 nomini
3096 1632 3284 1676 sancto
3308 1623 3446 1693 ejus,

210 1713 402 1758 αυτου,

287 1789 372 1840 46.
407 1787 498 1850 Εἰς
518 1790 608 1844 τὸν
638 1789 806 1844 αἰῶνα
831 1788 922 1842 καὶ
945 1791 1023 1852 εἰς
1057 1790 1147 1842 τὸν
1182 1790 1351 1842 αἰῶνα
1386 1787 1476 1840 τοῦ
1509 1788 1718 1852 αἰῶνος.

1550 1788 1718 1852 ίῶνος.
1953 1792 2041 1847 46.
2077 1792 2132 1846 1η
2163 1795 2442 1857 sazculum,
2473 1804 2526 1848 et
2567 1795 2616 1848 in
2643 1795 2899 1850 sazculum
2935 1797 3136 1849 sazculi.

1326 1952 1697 2008 ATllANASll
1740 1952 2327 2008 INTERPRETATIO.

281 2106 369 2159 56.
410 2106 648 2177 ’Δϐαρὴς
690 2109 746 2160 ἑν
784 2105 984 2169 πάσαις
1035 2108 1153 2170 ταῖς
1186 2107 1425 2172 ἐντολαῖς
1455 2109 1617 2162 αὑτοῦ
1647 2125 1658 2137 ·
1684 2109 1776 2180 βα·
1808 2117 1850 2173 Β

1846 2126 1850 2164 ι
1949 2108 2037 2165 56.
2070 2109 2186 2165 Νυη
2225 2127 2490 2166 onerosus
2544 2112 2598 2166 in
2644 2111 2899 2168 omnibus
2943 2117 3223 2185 praeceptis
3282 2117 3440 2172 suis:

209 2201 352 2268 ρεῖαι
385 2199 492 2270 γὰρ
521 2201 619 2252 οὐκ
644 2198 778 2251 εἰσίν
809 2199 907 2266 (1).

1882 2217 2006 2256 nam
2041 2218 2230 2273 graves
2259 2218 2364 2256 non
2399 2213 2544 2258 sunt.

281 2289 367 2341 57.
422 2286 524 2340 Kal
572 2286 986 2357 ἐπαινεθήσεται
1037 2289 1097 2339 ἑν
1140 2289 1271 2340 πᾶσι
1309 2290 1419 2350 τοῖς
1459 2287 1638 2358 ἔργοις
1682 2291 1778 2342 αὑ-

1704 2291 1778 2342 ιὺ-
1949 2293 2036 2346 37.
2071 2294 2135 2346 Et
2165 2294 2474 2348 laudabitur
2509 2295 2561 2348 in
2594 2295 2848 2350 omnibus
2880 2295 3132 2365 operibus
3165 2297 3298 2353 suis.

202 2380 302 2432 τοῦ
344 2380 377 2432 2
407 2419 420 2430 .

278 2380 572 2524 5;.)M6vov
623 2487 670 2523 ει
711 2469 970 2541 θεάσηταί
1032 2474 1108 2538 (3)
1161 2487 1281 2522 τινα
1333 2472 1593 2540 μέλλοντα
1645 2476 1774 2528 ἀνα-

1947 2466 2031 2519 58.
2076 2467 2130 2519 Si
2164 2467 2339 2521 solum
2393 2469 2586 2522 viderit
2642 2469 2900 2539 aliquem,
2957 2471 3051 2540 qui
3107 2471 3439 2528 clamalurus

200 2560 336 2628 ϐοᾷν
367 2559 500 2629 πρὸς
528 2560 710 2623 αὑτὸν,
759 2561 959 2621 εὐθέως
1010 2565 1370 2630 παραγίνεται
1426 2564 1588 2626 αὐτὸς
1636 2565 1770 2634 πρὸς

1875 2558 1945 2610 sit
1973 2557 2036 2609 ad
2073 2573 2218 2616 eum,
2250 2559 2430 2609 statim
2467 2560 2684 2611 advenit
2729 2561 2844 2628 ipse
2877 2558 2945 2612 ad
2987 2560 3139 2614 illum
3183 2580 3195 2614 :
3234 2563 3437 2632 syllaba

199 2646 366 2699 αὐτόν
384 2663 398 2678 ·
436 2649 467 2717 ἡ
504 2647 736 2718 συλλαϐὴ
767 2648 873 2716 γὰρ
897 2651 928 2714 ἡ
954 2648 1215 2719 λεγομένη
1240 2649 1378 2720 Κὼφ
1415 2653 1770 2722 ἑρμηνεύεται

1871 2650 2015 2700 enim
2065 2648 2205 2701 dicta
2243 2648 2384 2717 Copia
2435 2649 2820 2718 interpretatur
2848 2667 3040 2716 sonus,
3075 2652 3179 2708 hoc
3207 2664 3288 2709 est
3327 2657 3438 2709 cla-

197 2737 376 2806 ἐκκρο
387 2737 519 2806 ῦμα,
555 2739 828 2790 τουτέστιν
864 2738 1172 2808 ἀναϐόησις.
1871 2755 2011 2791 mor.

273 2829 358 2882 39.
392 2830 530 2882 nam
565 2831 675 2891 τοῖς
720 2829 784 2880 ἐκ
833 2828 1067 2892 πίστεως
1095 2831 1425 2900 ἁδιακρίτως
1456 2833 1617 2888 αὐτὸν
1647 2836 1767 2887 ἑπι-

1939 2827 2027 2881 59.
2070 2824 2334 2881 Omnibus
2360 2843 2425 2882 ex
2457 2826 2558 2880 {ide
2588 2841 2696 2880 non
2724 2828 2847 2882 licta
2887 2841 3010 2882 eum
3037 2827 3432 2884 invocantibus.

195 2919 572 2988 καλουμένοις.

269 3011 355 3064 40.
393 3011 458 3063 Ἦ
489 3009 722 3080 συλλαϐὴ
764 3010 797 3079 ή
842 3011 1217 3080 παρακειμένη
1255 3011 1330 3081 τῷ
1368 3013 1533 3082 στίχῳ
1559 3015 1586 3082 ἡ
1615 3013 1765 3081 λεγο-

1935 3004 2024 3058 40.
2065 3004 2284 3073 Syllaba
2335 3004 2513 3060 versui
2573 3005 2857 3074 apposita,
2916 3019 3036 3075 qua:
3089 3007 3290 3062 dicitur
3333 3005 3439 3064 Res

196 3102 336 3173 μένη
393 3102 534 3169 Ῥὴς
564 3102 922 3172 ἑρμηνεύεται
957 3103 1187 3170 κεφαλὴ
1219 3103 1325 3172 (4),
1368 3105 1459 3156 καὶ
1503 3107 1714 3171 ὁρατός
1744 3121 1758 3134 ⁸

1863 3097 2250 3166 interpretatur
2311 3104 2467 3166 caput
2521 3107 2574 3150 et
2624 3096 2843 3149 visibilis
2875 3110 2893 3150 :
2925 3095 3074 3150 salus
3133 3098 3297 3166 igitur
3350 3109 3432 3154 est

193 3197 443 3266 σωτηρία
473 3213 564 3248 ουν
587 3196 702 3245 ἑστι
730 3195 841 3256 τοῖς
871 3194 1222 3263 φοϐουμένοις
1270 3195 1449 3262 αὑτὸν,
1481 3197 1573 3249 καὶ
1618 3213 1759 3264 γνω-

1861 3189 2173 3243 timentibus
2228 3203 2388 3254 eum,
2447 3197 2500 3243 et
2544 3197 2706 3242 notus
2743 3187 2876 3258 ipsis
2917 3203 3135 3242 rursum
3170 3186 3435 3246 Dominus

192 3285 320 3347 στὸς
347 3285 528 3348 αὐτοῖς
559 3286 721 3340 πάλιν
746 3285 978 3339 ἔσεταιὸ
1009 3285 1224 3358 Κύριος.
1859 3281 1981 3335 erit.

265 3375 350 3430 4i.
384 3375 486 3429 Kal
525 3377 624 3448 τὴν
662 3378 987 3446 ἁναϐόησιν,
1022 3379 1088 3448 ἣν
1126 3378 1403 3432 ποιοῦνται
1444 3381 1636 3440 νυκτὸς
1664 3382 1758 3434 καὶ

1926 3370 2013 3424 4t.
2039 3369 2102 3425 Et
2125 3370 2437 3432 clamorem,
2472 3385 2631 3438 quem
2656 3370 2909 3424 emittunt
2948 3382 3104 3426 nocte
3137 3380 3298 3442 atque
3319 3372 3425 3440 die,

191 3469 408 3539 ἡμέρας
423 3472 678 3538 ἐκφυγεῖν
716 3471 817 3538 τὴν
847 3469 1140 3539 μέλλουσαν
1181 3471 1380 3540 κρίσιν,
1431 3471 1703 3541 πληρώσει
1738 3475 1766 3524 ὁ

1829 3480 1833 3529 ;
1870 3473 1928 3516 ut
1963 3464 2171 3531 fugiant
2201 3471 2488 3516 venturum
2512 3460 2812 3530 judicium,
2841 3464 3093 3519 exaudiet
3133 3464 3423 3534 Dominus;

189 3557 389 3628 Κύριος
407 3577 419 3589 ⁸
453 3558 672 3624 ἀξιώσει
703 3559 809 3630 γὰρ
834 3560 908 3629 (5)
946 3560 1141 3624 αὐτοὺς
1163 3561 1260 3628 τῆς
1277 3562 1492 3614 αἰωνίου
1521 3563 1755 3633 χάριτος.

1223 3579 1260 3628 ,ς
1277 3562 1492 3614 αἰωνίου
1521 3563 1755 3633 χάριτος,
1859 3571 1983 3608 nam
2015 3554 2240 3608 donabit
2273 3569 2368 3610 eos
2399 3554 2570 3624 gratia
2598 3565 2817 3609 aeterna.

261 3649 348 3702 42.
392 3649 454 3702 'H
510 3649 746 3720 συλλαϐὴ
789 3653 822 3720 ἡ
866 3652 1244 3722 παρακειμένη
1289 3652 1367 3723 τῷ
1418 3653 1603 3724 στίχῳ,
1639 3655 1760 3723 ἥτις

1925 3647 2015 3700 42.
2055 3645 2269 3718 Syllaba
2293 3647 2474 3701 versui
2507 3646 2754 3716 apposita
2775 3689 2788 3710 ,
2814 3663 2935 3717 qua:
2959 3656 3042 3703 est
3068 3646 3189 3704 Sem
3211 3691 3226 3715 ,
3259 3650 3431 3705 inter-

186 3737 268 3807 (6)
314 3739 460 3792 ἐστὶν
499 3740 640 3808 Σὲμ,
699 3741 1061 3813 ἑρμηνεύεται
1091 3742 1309 3812 ὄνομαο
1341 3743 1401 3796 τὸ
1447 3743 1615 3814 ὄνομα
1666 3741 1759 3798 οὖν

1857 3751 2101 3810 pretalur
2129 3757 2315 3794 nomen
2348 3756 2365 3793 :
2403 3755 2598 3794 nomen
2649 3739 2814 3807 igitur
2858 3740 3071 3796 Domini
3115 3744 3423 3800 invocatum

182 3829 282 3882 τοῦ
310 3828 509 3901 Κυρίου
535 3831 968 3903 ἑπικεκλημένον
1010 3835 1102 3886 ἐπὶ
1130 3835 1257 3898 τοὺς
1295 3834 1626 3903 ἀγαπῶντας
1663 3837 1759 3889 αύ-

1327 3834 1626 3903 γαπῶντας
1663 3837 1759 3889 αὑ·
1857 3849 2024 3904 super
2049 3833 2336 3903 diligentes
2361 3847 2485 3888 eum
2515 3832 2752 3888 custodit
2779 3832 2921 3888 illos.

181 3919 276 3972 τὸν
312 3919 566 3987 φυλάττει
596 3921 811 3984 αὐτούς.

257 4011 344 4064 43.
373 4009 690 4080 Παραδώσει
713 4011 790 4081 τῷ
819 4012 1019 4084 αἰωνίῳ
1042 4014 1192 4083 πυρί.

1048 4014 1192 4083 πυρί.
1928 4006 2015 4059 45.
2048 4005 2244 4060 Tradet
2274 4007 2382 4076 igni
2422 4015 2642 4060 aeterno.

255 4101 338 4155 44.
391 4102 454 4154 'H
484 4103 562 4170 τῷ
612 4102 778 4174 στίχῳ
813 4105 1190 4176 παρακειμένη
1252 4106 1485 4178 συλλαϐὴ
1525 4109 1556 4176 ἡ
1599 4108 1752 4177 λεγο-

1931 4096 2018 4149 44.
2054 4095 2267 4166 Syllaba
2317 4097 2495 4150 versui
2540 4096 2804 4166 ascripta,
2831 4112 2950 4167 qure
2987 4107 3210 4152 vocatur
3246 4098 3413 4165 Thau,

183 4189 322 4262 μένη
355 4191 475 4245 Θαῦ
511 4193 584 4261 (7)
617 4193 974 4263 ἑρμηνεύεται
1007 4196 1276 4264 σημεῖον,
1316 4197 1408 4250 καὶ
1452 4199 1653 4263 κλίσις
1674 4239 1688 4260 ,
1718 4199 1750 4269 ἢ

1862 4189 2247 4258 interpretatur
2270 4190 2475 4260 signant
2502 4201 2554 4244 et
2576 4189 2870 4252 inclinatio,
2893 4198 2983 4242 aut
3000 4191 3377 4242 consummatio
3396 4206 3414 4242 :

179 4279 507 4334 συντέλεια
533 4298 545 4311 ·
579 4281 676 4352 τὴν
707 4280 864 4347 δόξαν
895 4279 986 4337 οὖν
1029 4283 1120 4338 τοῦ
1161 4285 1398 4355 σταυροῦ
1443 4285 1625 4350 αὑτοῦ,
1660 4289 1750 4339 καὶ

1859 4282 2083 4352 gloriam
2117 4282 2278 4352 igitur
2307 4281 2484 4336 crucis
2507 4296 2651 4343 suae,
2691 4288 2744 4332 et
2770 4278 3288 4332 consummationem
3314 4295 3413 4333 sa:-

179 4370 280 4442 τὴν
313 4371 617 4425 συντέλειαν
657 4373 749 4426 τοῦ
798 4375 994 4438 αἰῶνος
1023 4377 1080 4428 ἐν
1117 4373 1193 4444 τῷ
1219 4375 1438 4446 ψαλμῷ,
1470 4376 1634 4446 λέγει,
1674 4378 1751 4431 δι-

1228 4375 1438 4446 ψαλμῷ,
1470 4376 1634 4446 λέγει,
1674 4378 1751 4431 δι-
1857 4376 1962 4428 culi
2002 4377 2053 4428 in
2085 4376 2314 4446 psalmo,
2345 4373 2538 4442 inquit,
2572 4372 2822 4426 narrabo.

177 4462 477 4532 ηγήσομαι.

256 4551 345 4605 45.
377 4553 486 4605 Kal
518 4552 785 4618 δοξαζέτω
827 4554 894 4606 δι’
933 4556 1108 4624 ἔργων
1149 4554 1368 4624 ἀγαθῶν
1410 4558 1514 4618 πᾶς
1544 4555 1750 4626 ἄνθρω-

1923 4552 2010 4606 45.
2042 4552 2102 4606 Et
2126 4549 2384 4620 gloriﬁcet
2429 4549 2684 4619 operibus
2731 4547 2886 4601 bonis
2913 4545 3092 4601 omnis
3125 4546 3284 4602 homo
3308 4561 3408 4604 no-

180 4660 283 4705 πος
309 4643 368 4695 τὸ
395 4643 564 4714 ὄνομα
591 4647 653 4698 τὸ
680 4645 834 4713 ἅγιον
861 4645 1047 4698 αὑτοῦ.

818 4664 834 4698 θ
861 4645 1047 4698 αὑτοῦ.
1853 4659 1974 4698 men
1999 4651 2244 4696 sanetum
2274 4640 2412 4710 ejus.

251 4733 343 4787 46.
377 4733 484 4787 Kal
505 4735 563 4787 ὲν
594 4735 670 4806 τῷ
697 4739 792 4793 νῦν
815 4736 908 4789 καὶ
937 4739 994 4789 ἑν
1017 4734 1092 4807 τῷ
1125 4737 1370 4807 μέλλοντι
1399 4737 1574 4791 αἰῶνι.
1779 4757 1824 4810 ι)

1333 4755 1370 4790 ιι
1399 4737 1574 4791 αἰῶνι.
1779 4757 1824 4810 ι)
1922 4734 2007 4790 46.
2047 4735 2108 4788 Et
2132 4749 2275 4789 nunc
2306 4743 2358 4789 et
2394 4735 2444 4786 in
2473 4731 2655 4785 futuro
2679 4728 2927 4785 saeculo.-

1064 4915 1371 4975 Addenda
1427 4923 1487 4975 et
1531 4915 1904 4994 corrigenda
1964 4931 2039 4974 ex
2089 4912 2226 4974 cod.
2262 4910 2457 4972 Velie.

249 5116 322 5186 (l)
368 5119 558 5182 Αὐτοῦ,
587 5118 766 5183 καθὼς
793 5123 820 5173 ὀ
857 5121 1177 5185 Ἀπὸστολος
1222 5121 1367 5188 λέγει
1393 5139 1402 5148 ·
1440 5121 1541 5175 Kal
1575 5124 1628 5175 αἰ
1657 5123 1742 5174 ἑν-
1844 5122 2002 5176 πάλιν
2025 5122 2196 5182 ἔσται,
2219 5131 2318 5175 etc.

170 5187 322 5263 τολαί
344 5189 514 5263 αὑτοῦΔ
536 5191 868 5263 βαρεῖαιούκ
889 5192 1044 5246 εἰσίν.
1911 5192 1986 5260 (5,l
2037 5191 2339 5263 Πληρώσεμ.
2368 5192 2425 5253 ὃς
2457 5190 2674 5263 ἀξιώσει
2719 5189 2846 5260 γάρ,
2867 5194 2978 5263 ἓὲθο

245 5257 323 5333 (2)
347 5257 470 5333 Ῑσῖς
493 5255 668 5333 dita};
697 5261 881 5316 αὑτοῦ.
1079 5332 1084 5333 ν
1905 5255 1980 5333 (6)
2023 5263 2085 5314 Ἡ
2119 5255 2409 5333 συλλαϐὴὴ
2443 5262 2528 5314 διὰ
2572 5262 2666 5332 τῆς
2705 5255 3070 5329 κινναϐάρεως
3101 5255 3176 5327 τῷ
3228 5255 3398 5326 στίχῳ

243 5327 319 5395 (ὅ)
348 5327 519 5413 Μόνρν
566 5329 823 5413 Θεάσηται
847 5371 860 5394 ,
897 5340 1024 5413 etc.,
1064 5332 1096 5402 ἡ
1134 5333 1378 5413 Δσυλλειϐἰνι
1420 5333 1525 5402 γὰρ
1571 5335 1603 5404 ἡ
1647 5333 1734 5387 διὰ
1837 5327 2241 5413 παξεᾲκξεμὲνῃν
2277 5327 2418 5413 ἦξτιςνν
2449 5341 2551 5385 θίεο
2580 5327 2637 5413 ,ξ
2906 5327 2955 5413 ,ξ
3009 5396 3057 5413 ρ.
3157 5395 3181 5407 ..

165 5396 734 5479 τῆς.κιν.ναϐάρεως,ή
771 5401 1061 5479 λεγομένῃ,
1085 5396 1224 5467 elc.,
1265 5396 1608 5479 ἔκκρουσμαί
1625 5415 1729 5479 et_c_.
1908 5396 1984 5468 (7)
2025 5396 2097 5453 Ἡ
2130 5396 2220 5479 ῥιᾶ
2421 5400 2784 5479 κινναϐάρεῳς
2838 5396 3073 5479 συλλαϐὴ
3107 5396 3192 5479 ,τῷ
3228 5396 3396 5479 στίχῳ

245 5466 319 5533 (4)
351 5465 800 5554 Ἐρμηθερετσσέοή
826 5465 915 5524 διά
964 5465 1063 5554 τῇς
1100 5465 1468 5554 κινναϐᾁρὲως
1497 5465 1731 5544 συλλαϐὴ
1836 5465 2230 5554 παρακειμένη,
2260 5475 2291 5542 ὴ
2320 5465 2602 5543 λεγομένη,
2633 5465 2768 5537 Gai),
2799 5477 2926 5535 elc.,
2952 5468 3044 5520 καὶ
3073 5467 3264 5528 κλίσις,
3301 5468 3393 5518 καὶ

165 5535 200 5586 ἢ
233 5551 288 5588 π.
323 5553 371 5588 τ.
397 5535 477 5591 στ.
513 5535 550 5606 ’ἡ
591 5538 639 5592 λ.
678 5535 824 5610 Ῥήξ,
863 5535 1108 5614 κεφαλή,
1135 5553 1237 5598 etc.
1270 5535 1360 5596 οὖν
1385 5535 1552 5607 ἔσται,
1597 5535 1730 5608 (ηαξ

678 5535 824 5610 Ῥήξ.
863 5535 1108 5614 κεφαλή,
1135 5553 1237 5598 etc.
1270 5535 1360 5596 οὖν
1385 5535 1552 5607 ἔσται,
1597 5535 1730 5608 etc.,'
1837 5535 2128 5608 συντέλεια,
2154 5535 2254 5597 etc.
