4036 6424
619 348 757 404 1319
1467 347 1522 401 5.
1564 346 1936 402 ATHANASII
1970 345 2121 401 OPP.
2164 345 2213 400 P.

2296 346 2346 400 .S
2381 343 2468 400 111.
2508 375 2577 385 -
2615 343 3029 401 EXEGETICA.
3767 343 3890 398 1320

729 460 976 515 Alleluia.
1012 461 1192 532 Aggm'
1210 469 1257 514 et
1298 459 1596 517 Zaclzariw.
1636 461 1840 519 PSAL.
1868 463 2086 519 CXLV.
2227 475 2269 532 Α
2313 465 2323 518 ‘.

2313 464 2686 531 Ἆλληλούῖα.
2706 464 2968 533 Ἀγγαίου
2992 462 3090 518 καὶ
3127 463 3448 532 Ζαχαρίου.
3491 465 3674 516 ΨΑΑ.
3714 464 3890 514 PME.

695 576 747 631 1.
781 573 987 638 Lauda,
1031 572 1213 626 anima
1241 586 1384 636 mea,
1419 569 1711 626 Dominum
1737 614 1751 638 ,

2379 558 2429 612 1.
2471 558 2640 622 Δῖνει,
2673 557 2871 629 ἡψυχὴ
2907 575 3032 627 μου,
3061 557 3153 610 τὸν
3179 556 3403 627 Κύριον,

693 664 748 717 2.
785 661 1040 716 Laudabo
1075 658 1362 713 Dominum
1394 660 1448 713 in
1478 661 1587 715 vita
1623 677 1782 715 mea:

2376 646 2432 699 2.
2471 645 2916 722 Αίνέσω-Κύριον
2945 647 3002 697 ὲν
3024 649 3090 717 τῇ
3122 645 3232 717 ζωῇ
3263 663 3386 716 μου·

696 755 749 809 5.
783 753 1016 808 Psallam
1061 750 1172 805 Deo
1207 764 1330 805 meo
1359 752 1601 821 quandiu
1639 752 1810 808 fuero.

2381 735 2433 790 5.
2475 736 2642 790 Ψαλῶ
2671 737 2747 807 τῷ
2780 737 2898 808 Θεῴ
2939 754 3041 807 μου
3079 737 3182 801 ἕως
3213 736 3461 808 ὑπάργω.

697 846 750 901 4.
784 844 960 900 Nolite
994 844 1265 899 conlidere
1299 843 1354 896 in
1398 843 1758 913 principibus,
1814 843 1867 896 in
1925 845 2048 899 [iliis
2103 845 2203 897 ho-

2376 827 2431 882 4.
2471 828 2564 898 Μὴ
2593 827 2886 881 πεποίθατε
2913 831 2997 881 ἐπ’
3029 828 3317 898 ἄρχοντας,
3353 828 3446 880 ἐπὶ
3491 829 3567 894 (a)
3623 825 3778 885 υἱοὺς
3811 839 3891 874 αν-

629 938 860 1005 minum,
893 937 946 991 in
981 936 1182 1007 quibus
1209 949 1318 990 non
1358 943 1442 990 est
1471 935 1641 992 salus.

1628 979 1641 992 ο
2310 919 2544 991 θρώπων
2570 919 2650 986 οἷς
2686 922 2785 975 οὑκ
2809 922 2925 976 ἐστι
2957 922 3218 994 σωτηρία.

701 1026 752 1081 5.
789 1025 972 1080 Exibit
1003 1024 1233 1093 spiritus
1267 1023 1385 1093 ejus
1407 1064 1421 1090 ,

2380 1011 2434 1068 5.
2462 1013 2831 1078 Ἐξελεύσεται
2855 1015 2916 1067 τὸ
2949 1013 3168 1084 πνεῦμα
3197 1011 3380 1076 αὑτοῦ,

701 1117 755 1172 6.
798 1115 863 1172 Et
892 1124 1196 1172 revertetur
1230 1116 1284 1169 in
1326 1124 1527 1169 terram
1557 1130 1734 1170 suam.

2383 1109 2436 1163 6.
2477 1110 2586 1162 Καὶ
2611 1108 2925 1180 ἐπιστρέψει
2956 1111 3033 1172 είς
3056 1109 3153 1178 τὴν
3182 1108 3284 1177 γῆν
3315 1105 3503 1159 αὑτοῦ·

704 1211 756 1266 7.
795 1211 853 1265 ln
901 1211 990 1265 illa
1018 1211 1108 1266 die
1155 1209 1412 1280 peribunt
1439 1223 1632 1263 omnes
1661 1208 2018 1278 cogitationes
2063 1208 2203 1279 ejus.

2386 1199 2437 1255 7.
2465 1201 2552 1254 Ἐν
2584 1201 2763 1273 ἐκείνῃ
2797 1205 2863 1273 τῇ
2901 1203 3082 1273 ἡμέρᾳ
3113 1199 3437 1255 ἀπολοῦνται
3474 1199 3687 1261 πάντες
3716 1196 3768 1249 οἱ
3794 1195 3896 1246 δια-

2316 1289 2565 1362 λογισμοὶ
2596 1292 2782 1350 αὑτοῦ.

704 1385 758 1441 8.
795 1385 992 1440 Beatus
1013 1423 1028 1449 ,
1060 1383 1220 1453 cujus
1247 1381 1391 1437 Deus
1424 1380 1593 1436 Jacob
1615 1382 1830 1452 adjutor
1851 1382 1972 1452 ejus
2003 1400 2018 1436 :

2389 1382 2442 1437 8.
2481 1383 2783 1454 Μακάριος,
2813 1378 2874 1437 οὑ
2902 1385 2930 1437 ὁ
2958 1383 3090 1447 Θεὸς
3115 1381 3311 1436 Ἰακὼὸ
3343 1379 3540 1452 βοηθὸς
3573 1378 3750 1434 αὑτοῦ
3770 1396 3783 1408 ·

703 1477 757 1530 9.
794 1475 929 1546 Spes
958 1475 1076 1545 ejus
1099 1476 1153 1528 in
1189 1473 1416 1528 Domino
1444 1473 1553 1528 Deo
1596 1475 1790 1543 ipsius,

2391 1475 2442 1528 9.
2471 1474 2534 1527 Ἦ
2560 1477 2710 1538 ἐλπὶς
2744 1477 2908 1530 αὑτοῦ
2939 1479 3033 1530 ἐπὶ
3055 1477 3258 1548 Κύριον
3290 1475 3379 1528 τὸν
3404 1473 3540 1527 Θεὸν
3571 1472 3769 1556 αὑτοῦ,

708 1568 793 1621 10.
837 1566 939 1632 Qui
975 1565 1104 1620 fecit
1146 1565 1344 1620 ccelum
1385 1574 1439 1618 et
1475 1572 1673 1618 terram
1697 1604 1710 1627 ,
1748 1579 1900 1619 mare
1945 1573 1998 1618 et
2027 1565 2209 1618 omnia

2393 1567 2478 1623 10.
2523 1569 2624 1621 Τὸν
2657 1572 2958 1640 ποιήσαντα
3000 1571 3090 1623 τὸν
3129 1571 3357 1643 οὐρανὸν
3384 1570 3480 1622 καὶ
3515 1566 3619 1638 τὴν
3650 1566 3782 1633 γῆνν
3813 1567 3900 1633 τὴν

636 1675 760 1726 qua:
789 1659 842 1712 in
871 1659 951 1714 eis
981 1666 1109 1713 sunt
1144 1676 1159 1712 :

2322 1656 2592 1711 θάλασσαν
2618 1661 2711 1712 καὶ
2744 1661 2921 1713 πάντα
2945 1661 3013 1714 τὰ
3047 1663 3103 1715 ὲν
3135 1663 3318 1722 αὑτοῖς
3338 1680 3349 1690 ο

709 1776 786 1848 (a)
829 1773 976 1829 Vers.
1007 1773 1213 1848 5.-1ςαὶ-
1229 1772 1320 1824 ἐπὶ
1346 1771 1531 1848 υἱούς,Δ
1552 1780 1660 1848 etc.
1701 1771 1766 1826 γ.
1803 1773 1857 1827 6.
1901 1773 2294 1840 Ἐξελεύσεται,

2331 1784 2462 1840 εισι.
2501 1777 2856 1848 ἀποστρέψει,
2894 1788 3023 1844 etc.,
3072 1794 3246 1848 usque
3281 1779 3346 1833 ad
3396 1778 3592 1832 αὑτοῦ.
3635 1776 3698 1830 ν.
3742 1777 3793 1827 7.
3827 1774 3901 1828 Ἑν

639 1843 844 1918 ⁸πείνῃ,
873 1857 998 1908 etc.,
1031 1846 1079 1896 οἰ
1112 1843 1451 1913 διαλογισμοὶ
1475 1843 1672 1898 αὐτῶν.

1564 2003 1572 2015 .
1780 1957 2153 2012 ATHANASII
2192 1957 2773 2015 INTERPRETATIO.

720 2048 786 2100 Ἦ
812 2046 1144 2120 προκειμένη
1175 2048 1455 2119 ἐπιγραφὴ
1481 2047 1726 2120 περιέχει
1755 2048 1851 2119 (1)’
1886 2037 2541 2117 Ἀλληλούϊα,ᾋγηεαίου
2574 2048 2672 2102 καὶ
2703 2050 3000 2118 Ζαχαρίου
3021 2069 3032 2081 ·
3062 2049 3402 2118 ἀλληλούιᾏι
3425 2043 3521 2101 οὖν
3544 2051 3903 2118 ἑρμηνεύεται

641 2142 941 2207 alr-caute,
984 2140 1295 2211 ὑμνήσατε
1323 2142 1429 2196 τὸν
1469 2140 1613 2194 ὄντα
1653 2141 1833 2194 Θεόνο
1882 2140 2147 2210 Ἀγγαίου
2195 2139 2250 2192 δὲ
2285 2141 2642 2212 ἑρμηνεύεται
2683 2141 3087 2210 ἐορτὰζοντος·
3122 2142 3422 2212 Ζαχαρίου
3455 2140 3515 2192 δὲ
3547 2141 3906 2210 ἑρμηνεύεται

643 2237 779 2304 νίκη
807 2235 1070 2302 λέοντος.
1098 2237 1356 2290 Αίνέσατε
1386 2231 1478 2290 οὖν
1505 2235 1602 2307 τὴν
1636 2236 1830 2307 ἑορτὴν
1853 2236 1961 2289 τῶν
1994 2237 2331 2308 παθημάτων
2354 2238 2446 2290 τοῦ
2481 2238 2694 2302 λέοντος
2719 2239 2812 2292 τοῦ
2845 2239 3090 2309 νικητοῦ,
3109 2237 3284 2310 Ἰησοῦ
3323 2238 3420 2292 τοῦ
3467 2237 3691 2307 Κυρίου
3741 2237 3905 2305 ἡμῶν.

640 2331 732 2384 Διὸ
761 2333 854 2385 καὶ
886 2334 913 2385 ὁ
944 2332 1237 2404 Προφήτης
1261 2332 1394 2384 αὑτὸ
1417 2329 1576 2382 τοῦτο
1605 2331 1832 2400 ἄρχεται
1859 2331 1945 2384 διὰ
1977 2331 2070 2384 τοῦ
2103 2331 2316 2401 λέγεινθ
2349 2334 2534 2398 Atrei,
2569 2335 2606 2402 ἠ
2639 2335 2809 2404 ψυχή
2838 2353 2979 2405 μου.

713 2424 927 2480 Titulus
954 2424 1279 2494 prmpositus
1312 2422 1594 2478 continet:
1629 2421 1898 2490 Alleluia,
1948 2423 2166 2495 Aggwi,
2211 2437 2261 2480 et
2314 2425 2632 2481 Zachariw:
2669 2427 2889 2481 alleluia
2931 2426 3097 2496 igitur
3135 2425 3533 2494 interpretatur
3566 2437 3830 2485 iuuante,
3871 2435 3910 2474 cl

646 2517 900 2585 hymnum
922 2515 1083 2568 dicite
1115 2513 1222 2567 Deo
1252 2530 1370 2568 vero
1403 2530 1422 2568 :
1458 2515 1639 2585 Aggcei
1676 2525 1856 2570 autem
1889 2517 2280 2585 interpretatur
2324 2518 2515 2584 festum
2558 2519 2758 2588 agentis
2794 2534 2812 2571 :
2846 2516 3127 2572 Zachariae
3162 2532 3292 2570 vero
3323 2517 3730 2586 interpretatur
3761 2521 3913 2569 ricta-

646 2608 742 2660 riae
785 2605 971 2659 leonis.
1024 2603 1266 2660 Laudate
1297 2607 1465 2677 igitur
1498 2606 1699 2662 lestum
1727 2607 2000 2675 passionis
2030 2607 2229 2673 leonis,
2263 2609 2357 2678 qui
2407 2610 2691 2668 victoriam
2729 2609 2939 2676 retulit,
2965 2607 3092 2664 Jesu
3127 2607 3347 2663 Domini
3381 2608 3585 2662 nostri.
3625 2605 3913 2676 Propterea

643 2707 698 2753 et
722 2696 993 2767 Propheta
1028 2711 1093 2751 ex
1139 2696 1245 2750 hoc
1273 2697 1394 2766 ipso
1431 2696 1717 2750 exorditur
1753 2697 1984 2752 dicendo
2017 2716 2031 2754 :
2068 2697 2277 2767 Lauda,
2310 2701 2488 2754 anima
2514 2717 2649 2768 mea,
2684 2709 2789 2755 etc.

717 2794 768 2846 1.
806 2791 1021 2846 Laudes
1063 2791 1256 2861 dignas
1287 2791 1520 2862 repende
1561 2790 1794 2847 Domino
1825 2802 1940 2859 tuo,
1968 2796 2062 2865 qui
2095 2796 2217 2851 red-
2248 2810 2290 2864 Β

2391 2793 2441 2851 1.
2465 2795 2750 2859 Ἐπαίνους
2782 2795 2963 2861 ἀξίους
2998 2793 3293 2864 ἀνάπεμπε
3317 2792 3394 2864 τῷ
3421 2793 3686 2866 Δεσπὰτῃ
3731 2810 3825 2846 σου
3851 2792 3915 2859 τῷ

647 2884 778 2941 emit
816 2893 866 2938 te
899 2883 1121 2954 proprio
1149 2885 1434 2954 sanguine.

2329 2889 2718 2960 ὲξαγοράσαντί
2755 2905 2812 2940 σε
2839 2888 2918 2958 τῷ
2948 2889 3061 2959 ἰδίῳ
3094 2888 3307 2958 αἵματι.

715 2976 770 3039 9.,
792 2975 844 3030 5.
867 2973 1126 3029 Laudabo
1141 2990 1286 3041 eum,
1303 2975 1474 3030 donec
1491 2976 1723 3047 accipiat
1739 2977 1991 3046 spiritum
2021 2993 2224 3043 meum,

2395 2980 2451 3049 2,
2486 2982 2538 3035 5.
2561 2980 2884 3052 Ἀνυμνήσω
2924 2979 3088 3032 αὑτὸν
3115 2979 3220 3040 ἓως
3246 2976 3312 3031 ἂν
3339 2975 3566 3046 δέξηται
3601 2976 3671 3029 τὸ
3705 2977 3917 3044 πνεῦμά

645 3078 700 3124 et
722 3085 913 3123 rursus
938 3076 1227 3139 postquam
1260 3069 1532 3122 acceperit
1560 3069 1677 3124 inse
1724 3069 1976 3126 soiritum
2020 3086 2224 3135 meum,

2332 3088 2453 3141 μου,
2494 3072 2588 3124 καὶ
2631 3071 2790 3124 πάλιν
2829 3071 2966 3142 μετὰ
3006 3070 3066 3123 τὸ
3107 3067 3364 3133 δέξασθαι
3401 3065 3576 3121 αὑτὸν
3611 3067 3680 3119 τὸ
3713 3067 3920 3136 πνεῦμά

648 3161 760 3215 illic
783 3159 1019 3213 laudabo
1053 3174 1203 3212 eum.

2333 3178 2457 3234 μου,
2483 3165 2598 3217 ἐκεῖ
2626 3164 2921 3234 ὰνυμνήσω
2947 3162 3130 3215 αὑτόν.

719 3253 771 3306 4.
811 3249 986 3306 Nolite
1027 3249 1325 3320 confugere
1374 3252 1440 3306 ad
1490 3252 1752 3306 auxilium
1786 3267 1974 3306 eorum
1997 3295 2010 3318 ,
2045 3255 2138 3323 qui
2172 3255 2227 3308 in

2398 3256 2452 3310 4.
2491 3255 2566 3326 (2)
2601 3257 2692 3328 Μὴ
2727 3255 3068 3323 καταφύγετε
3100 3256 3192 3307 ἐπὶ
3220 3253 3318 3323 τὴν
3357 3251 3618 3323 βοήθειαν
3664 3253 3851 3306 αὐτῶν
3875 3255 3923 3305 ὲν

649 3342 982 3400 sublimitate
1033 3348 1197 3409 sunt,
1246 3357 1418 3413 neque
1471 3342 1538 3397 ad
1591 3341 1735 3398 ﬁlios
1781 3342 2100 3407 hominum,
2134 3343 2228 3413 qui

2329 3350 2567 3422 ὑπεροχῇ
2599 3349 2788 3414 ὄντων,
2833 3348 2967 3419 μηδὲ
2989 3348 3082 3401 ἐπὶ
3123 3347 3273 3409 υἱοὺς
3307 3344 3644 3416 ἀνθρώπων,
3684 3349 3816 3408 τοὺς
3861 3348 3922 3414 μὴ

649 3451 758 3492 non
809 3443 1044 3506 possunt
1093 3449 1154 3489 se
1199 3434 1350 3503 ipsos
1411 3435 1644 3501 salvare,
1693 3433 1785 3489 sed
1822 3433 1877 3489 in
1919 3435 2072 3490 illum
2105 3450 2228 3506 spec

2330 3444 2656 3514 δυναμένους
2684 3443 2908 3505 ἑαυτοὺς
2935 3441 3107 3495 σῶσαι
3128 3459 3142 3472 ο
3178 3441 3290 3494 ἀλλ’
3326 3443 3412 3493 ἐπ’
3429 3444 3651 3494 ἐκεῖνον
3676 3441 3924 3494 Elatiae-.5

647 3539 798 3592 rate,
845 3527 939 3598 qui
983 3526 1164 3581 dictus
1206 3532 1289 3580 est
1337 3523 1509 3582 Filius
1547 3525 1789 3581 hominis
1837 3537 2058 3596 propter
2102 3543 2230 3598 pro-

2331 3540 2418 3592 ¹τὸν
2450 3538 2740 3608 λεγόμενον
2769 3536 2894 3588 Υίὸν
2923 3534 3210 3606 ἀνθρώπου
3241 3534 3331 3586 διὰ
3371 3535 3471 3604 τὴν
3501 3535 3727 3587 οἰκείαν
3754 3535 3925 3604 φιλαν-

647 3623 824 3692 priam
854 3617 1280 3685 humanitatem,
1310 3614 1560 3673 Salvator
1595 3624 1778 3672 autem
1812 3632 1937 3672 cum
1964 3617 2035 3673 sit
2063 3634 2228 3689 gene-

2330 3630 2598 3703 θρωπίαν,
2623 3627 2849 3699 Σωτῆρα
2879 3626 2935 3680 δὲ
2972 3626 3103 3681 ὄντα
3134 3625 3228 3679 τοῦ
3251 3626 3440 3694 γένους
3461 3625 3575 3678 τῶν
3601 3623 3921 3698 ἀνθρώπων.

650 3714 728 3768 ris
758 3709 1006 3766 humani.

723 3803 784 3867 5,
823 3802 875 3856 6.
937 3799 1380 3871 Uniuscujusque
1440 3800 1679 3856 hominis
1739 3801 2028 3855 morientis
2089 3800 2230 3856 redit

2400 3815 2452 3878 5,
2490 3812 2543 3866 6.
2580 3812 2838 3866 Ἐκάστου
2867 3807 3154 3881 ἀνθρώπου
3184 3807 3620 3876 τελευτήσαντος
3672 3807 3928 3876 ὑποστρέ-

654 3894 960 3950 substantia
993 3894 1049 3948 in
1079 3902 1300 3956 terram,
1334 3907 1403 3946 ex
1452 3908 1557 3961 qua
1603 3901 1818 3962 sumpta
1847 3901 1931 3947 est
1963 3909 1977 3944 :
2009 3891 2100 3946 ille
2127 3907 2228 3946 au-

2331 3924 2419 3977 φει
2448 3905 2744 3968 ὑπόστασις
2783 3905 2861 3967 είς
2890 3903 2988 3973 τὴν
3019 3904 3143 3973 γῆν,
3180 3901 3240 3967 ἐξ
3270 3895 3337 3972 ἦς
3360 3899 3574 3970 ἐλήφθη
3595 3916 3609 3929 ·
3651 3899 3925 3961 έκεῐνοςδὲ

655 3998 762 4044 tem
804 3985 976 4040 Filius
1004 3985 1264 4051 hominis,
1295 3986 1458 4039 etiam
1491 3993 1783 4054 postquam
1833 3992 2088 4040 mortuus
2124 3983 2230 4039 fuit

2332 3997 2459 4060 Υἱὸς
2491 3995 2586 4050 τοῦ
2616 3995 2924 4068 ἀνθρώπου,
2960 3995 3055 4048 καὶ
3112 3993 3251 4064 μετὰ
3296 3993 3358 4046 τὸ
3407 3991 3597 4045 Θανεῖν
3654 3992 3829 4045 αὑτὸν
3871 3991 3926 4042 δι’

655 4089 874 4154 propter
903 4094 1023 4146 nos,
1054 4087 1108 4134 et
1139 4079 1491 4148 incorruptus
1514 4078 1814 4147 permansit
1852 4078 2075 4143 probria
2115 4078 2227 4132 vir-

2335 4094 2500 4162 ήμᾶς,
2534 4093 2628 4146 καὶ
2681 4088 2956 4161 ἄφθαρτος
3000 4087 3268 4156 διέμεινεν
3323 4084 3502 4156 οἰκείᾳ
3554 4085 3820 4154 δυνάμει,
3848 4087 3929 4137 καὶ

657 4183 790 4242 tute,
817 4184 870 4229 et
907 4178 1153 4227 mortuos
1182 4170 1496 4225 viviﬁcavit.

2257 4167 2299 4224 ο
2332 4189 2457 4250 τοὺς
2490 4187 2714 4257 νεκροὺς
2745 4183 3129 4254 ἐζωοποίησεν.

728 4268 779 4320 7.
810 4266 869 4320 ln
892 4265 978 4319 die
996 4264 1188 4335 judicii
1215 4263 1425 4318 occulta
1445 4262 1726 4318 hominum
1753 4260 2025 4331 judicahit
2055 4261 2222 4326 Deus,

2408 4281 2458 4335 7.
2483 4281 2573 4333 ’Ev
2600 4281 2665 4352 τῇ
2701 4278 2885 4350 ἡμέρᾳ.
2923 4277 3024 4349 τῆς
3071 4274 3308 4348 κρίσεως
3348 4275 3416 4328 τὰ
3446 4274 3679 4346 κρυπτὰ
3701 4275 3813 4328 τῶν
3851 4276 3930 4327 ἁν-

659 4358 1044 4414 accusantibus
1085 4355 1509 4426 cogitationibus
1558 4369 2006 4425 unumquemque
2041 4356 2109 4410 de
2140 4369 2232 4410 ac-

2338 4374 2569 4448 θρὼπων
2601 4374 2825 4446 κρινεῖὸ
2853 4371 3007 4436 Θεὸς,
3032 4367 3488 4440 κατηγορούντων
3519 4367 3633 4420 τῶν
3657 4367 3931 4438 λογισμῶν

661 4451 898 4505 tionibus
932 4450 1048 4505 δυίε
1074 4451 1117 4503 ὀ
2337 4467 2566 4520 ἕκαστον
2597 4465 2673 4537 (5)
2706 4463 2964 4536 περὶτῶν
2997 4462 3172 4534 ἔργων
3204 4461 3390 4516 αὑτοῦ.

731 4541 782 4595 8.
820 4540 1015 4594 Beatus
1051 4539 1236 4605 homo,
1264 4538 1422 4608 cujus
1454 4537 1830 4607 inseparabilis
1856 4537 2073 4607 adjutor
2112 4537 2231 4607 ejus

2410 4559 2464 4613 8.
2496 4557 2778 4628 Μακάριος
2810 4557 2838 4610 ὁ
2873 4555 3180 4627 ἄνθρωπος,
3239 4544 3301 4606 οὗ
3343 4555 3372 4606 ὁ
3416 4553 3551 4616 Θεὸς
3585 4570 3687 4605 του
3733 4554 3929 4606 ἀπελά-

662 4643 747 4689 οδι
769 4633 935 4688 οειιδσ
2349 4668 2473 4704 στου
2510 4647 2860 4722 [ἀπέλαστος]
2897 4647 3089 4718 βοηθὸς
3123 4645 3198 4716 (4)
3228 4644 3395 4698 αὑτοῦ
3420 4646 3593 4700 ἐστιν.

731 4725 784 4781 9.
821 4723 886 4778 Et
913 4736 1133 4777 omnem
1182 4737 1338 4777 suam
1371 4738 1557 4777 curam
1591 4722 1845 4794 projiciet
1875 4724 1930 4779 in
1960 4725 2164 4794 ipsum.

2416 4744 2470 4799 9.
2511 4743 2621 4796 Καὶ
2666 4742 2846 4794 πᾶσαν
2873 4739 2971 4810 τὴν
3008 4738 3280 4810 μέριμναν
3319 4735 3482 4790 αὑτοῦ
3528 4737 3824 4807 ἑπιρῤίψει
3857 4737 3932 4789 ἐπ’

2347 4835 2528 4889 αὑτόν.

736 4919 823 4975 10.
855 4918 1018 4986 Mare,
1044 4929 1096 4975 et
1123 4920 1306 4974 omnia
1339 4935 1460 4990 qua:
1489 4921 1542 4975 in
1572 4922 1651 4977 eis
1691 4932 1816 4977 sunt
1839 4964 1853 4989 ,
1894 4921 2124 4977 Creator
2157 4922 2237 4976 rio

2422 4925 2505 4979 10.
2546 4925 2657 4995 Τὴν
2692 4923 2985 4985 Θάλασσαν,
3002 4923 3096 4974 καὶ
3122 4920 3300 4974 πάντα
3324 4919 3392 4972 τὰ
3424 4920 3483 4971 ὲν
3517 4919 3734 4981 αὑτοῖς,
3755 4919 3846 4970 τὸν
3866 4917 3931 4987 (5]

666 5015 928 5082 sibilium,
959 5025 1013 5071 et
1053 5016 1408 5071 iuvisibilium
1435 5019 1704 5071 omnium.

2341 5019 2681 5091 Δημιουργὸν
2704 5017 2814 5070 τῶν
2842 5015 3089 5086 ἀοράτων
3118 5015 3213 5066 καὶ
3240 5011 3450 5083 ὁρατῶν
3477 5011 3725 5066 πάντων.

735 5151 756 5183 ³
789 5150 944 5206 Rom.
970 5167 1031 5214 ιι,
1061 5147 1147 5213 15,
1179 5149 1264 5205 16.

1509 5265 1812 5327 Addenda
1852 5271 1912 5327 et
1950 5266 2327 5344 corrigenda
2359 5283 2434 5325 ex
2463 5265 2606 5326 cod.
2640 5265 2845 5326 Vatic.

739 5368 814 5438 (1)
841 5367 905 5420 Ἥ
935 5366 1020 5420 διὰ
1051 5367 1149 5437 τῆς
1193 5367 1560 5440 κινναϐάρεως
1601 5368 1863 5438 περιέχει.
1910 5376 2012 5422 etc.
2033 5368 2238 5506 ’Υμνΐζ-
2347 5367 2573 5438 Σωτῆρα
2601 5367 2695 5420 τοῦ
2737 5369 2925 5434 γένους
2965 5366 3072 5418 τῶν
3121 5362 3442 5434 ἀνθρώπων.
3476 5358 3545 5414 Ν.
3577 5363 3632 5415 ϐ.
3653 5363 3932 5420 Ἐκάε-τσυ,

740 5455 798 5491 τε
834 5438 924 5489 τὸν
953 5437 1171 5506 Κύριον.
1192 5438 1437 5506 Ἀγγέου,
1469 5445 1571 5492 etc.
1610 5439 1865 5490 Δίνέσατε
1911 5435 2022 5500 οὖν,
2070 5439 2174 5506 ὑμν
2215 5468 2242 5480 -
2347 5449 2474 5500 etc.,
2507 5441 2600 5491 καὶ
2633 5438 2908 5506 ἄφθαρτος
2937 5436 3171 5506 ἔμεινεν,
3206 5445 3310 5488 etc.

673 5435 803 5492 σατε
834 5438 924 5508 τὸν
953 5435 1171 5506 Κύριον.
1192 5435 1437 5506 Ἀγγέου,
1469 5445 1571 5492 etc.
1610 5435 1865 5490 Δίνέσατε
1911 5435 2022 5500 οὖν,
2070 5435 2242 5507 ὑμνή-
2347 5435 2600 5500 οιαζκαὶ
2633 5438 2908 5508 ἄφθαρτος
2937 5436 3171 5506 ἔμεινεν,
3206 5445 3310 5488 etc.

673 5525 799 5579 σατε
827 5507 1160 5579 τὴνλέορτήν,
1198 5517 1325 5571 etc.,
1360 5508 1451 5560 τοῦ
1490 5508 1728 5579 νικητοῦ,
1756 5509 2030 5560 τουτέστιν
2065 5508 2237 5579 Ἰησοῦ

1360 5508 1451 5560 τοῦ
1490 5508 1728 5579 νικητοῦ,
1756 5509 2030 5560 τουτέστιν
2065 5508 2237 5579 Ἰησοῦ
2419 5511 2493 5578 (3)
2524 5507 2806 5567 Ἐκάστου,
2833 5520 2936 5579 etc.

672 5578 762 5648 τοῦ
796 5575 1202 5648 Κυρίουήμῶν,
1234 5579 1308 5641 ὡς
1338 5579 1430 5630 καὶ
1457 5580 1503 5640 ὁ,
1527 5575 1657 5643 etc.,
1685 5579 1925 5648 ἄρχεται.
1958 5579 2056 5630 Διὰ
2080 5575 2239 5630 τοῦτο
2418 5575 2494 5648 (4)
2520 5579 2817 5632 Ἀπλάστου
2847 5577 2973 5630 λαοῦ
3005 5575 3215 5647 βοηθός,
3251 5587 3355 5648 etc.

672 5583 762 5629 τοῦ
796 5583 998 5646 Κυρίου
1028 5583 1202 5647 ἡμῶν,
1234 5583 1308 5641 ὡς
1338 5583 1430 5630 καὶ
1457 5583 1503 5640 ὁ,
1527 5589 1657 5643 etc.,
1685 5583 1925 5648 ἄρχεται.
1958 5583 2056 5630 Διὰ
2080 5583 2239 5630 τοῦτο

672 5646 815 5720 λέγει
833 5646 1051 5720 χᾼῐνει,
1078 5659 1184 5720 etc.
1559 5719 1565 5720 γ
1848 5717 1861 5720 _
1918 5719 1924 5720 γ
1949 5717 1961 5720 _
2175 5717 2195 5720 ξ

2441 5583 2472 5632 4
2520 5583 2817 5632 Ἀπλάστου
2848 5583 2973 5630 λαοῦ
3005 5583 3215 5647 βοηθός,
3251 5587 3355 5630 etc.

2535 5651 2602 5704 N.
2642 5651 2726 5704 10.
2771 5650 2962 5718 Incipit
3002 5651 3068 5702 ab
3100 5649 3183 5701 his
3215 5647 3413 5712 verbis,
3445 5645 3540 5699 τὸν
3581 5645 3925 5718 δημιουργόν,

741 5718 814 5786 (2)
853 5718 920 5770 N.
954 5716 1003 5768 4.
1037 5718 1126 5788 Μὴ
1159 5721 1504 5788 καταφύγητε
1551 5719 1643 5770 ἐπὶ
1690 5722 1787 5788 τὴν
1841 5717 2091 5788 βοήθειαν
2132 5717 2238 5768 τῶν
2345 5716 2447 5776 etc.

674 5791 730 5842 tv
775 5790 1012 5866 ὑπεροχῇ
1063 5791 1231 5843 ὄντων
1302 5790 1366 5841 Ν.
1404 5790 1452 5843 5.
1489 5789 1637 5860 Μηδὲ
1665 5789 1775 5848 ἐπί.
1806 5798 1932 5858 etc.,
1965 5804 2136 5858 usque
2167 5789 2233 5842 ad
