4036 6466
165 414 301 468 1321

236 531 324 583 11.
363 529 462 581 Τὸν
490 529 824 597 φυλάσσοντα
851 530 1106 602 ἀλήθειαν
1140 534 1218 595 είς
1239 533 1330 585 τὸν
1357 533 1528 585 αἰῶνα
1549 550 1564 564 ο

236 620 323 673 12.
365 619 622 672 Ποιοῦντα
655 623 828 690 κρῖμα
856 622 967 684 τοῖς
993 621 1367 692 ἀδικουμένοις
1388 640 1401 652 ·

234 712 320 765 15.
361 712 580 765 Διδὸντα
599 713 802 782 τροφὴν
825 715 936 774 τοῖς
962 714 1208 768 πεινῶσι.

233 802 321 856 ιι.
362 803 560 873 Κύριος
592 803 706 855 λύει
736 804 1176 874 πεπεδημένους·

234 894 320 946 15.
362 893 561 966 Κύριος
595 898 748 963 σοφοί
775 894 1004 963 τυφλούς
1030 913 1042 925 ·

232 985 320 1038 16.
359 984 560 1055 Κύριος
593 985 807 1056 ἀνορθοῐ
834 987 1338 1057 κατερῤαγμένους*

233 1075 319 1129 17.
360 1076 560 1146 Κύριος
591 1077 780 1147 ἀγαπᾷ
807 1076 1049 1140 δικαίους
1070 1094 1084 1109 ο

233 1167 319 1222 18.
361 1167 560 1238 Κύριος
591 1167 851 1237 φυλάσσει
874 1169 999 1232 τοὺς
1032 1168 1414 1239 προσηλύτους.

231 1258 318 1312 19.
341 1259 602 1329 Ὀρφανὺν
636 1261 727 1312 καὶ
763 1261 938 1330 χήραν
970 1260 1320 1330 ἀναλήψεται,

228 1348 320 1402 20.
361 1350 468 1402 Kal
498 1349 613 1402 ὁδὸν
643 1349 978 1421 ἁμαρτωλῶν
1007 1351 1244 1419 ἀφανιεῖ.

228 1440 320 1492 21.
360 1441 667 1494 Βασιλεύσει
715 1441 914 1512 Κύριος
957 1443 1036 1505 εἰς
1088 1441 1180 1494 τὸν
1224 1441 1465 1504 αἰῶνα,ὁ
1495 1442 1568 1512 (a)
1600 1441 1729 1505 Θεός

153 1549 257 1583 σου
287 1531 444 1596 Σιὼν,

225 1623 316 1676 22.
357 1625 447 1687 Εἰς
479 1624 668 1692 γενεὰν
699 1625 789 1677 καὶ
829 1624 1042 1692 γενεάν.

148 1715 530 1781 Ἀλληλούῖα.
550 1717 816 1786 Ἀγγαίου
845 1717 942 1769 καὶ
975 1716 1292 1784 Ζαχαρίου.
1332 1718 1500 1768 ΨΑΛ.
1527 1716 1720 1780 PMC'.

228 1809 280 1860 1.
322 1809 523 1860 Αἰνεῖτε
548 1807 636 1859 τὸν
672 1807 893 1877 Κύριον,
925 1808 1006 1859 ὅτι
1035 1804 1237 1873 ἀγαθὸν
1264 1805 1474 1874 ψαλμός
1497 1822 1509 1835 ·

1038 409 1126 464 DE
1164 409 1436 466 TITULIS
1469 407 1917 466 PSALMORUM.
1960 442 2028 452 —
2067 412 2263 467 PSAL.
2308 412 2538 469 CXLVI.

1757 536 1799 590 Α
1900 531 1988 585 11.
2030 531 2133 597 Qui
2160 533 2701 588 eustoditveritatem
2736 532 2790 586 in
2824 534 3083 589 saeculum
3122 552 3136 588 :

3260 424 3279 470 1
3293 420 3395 473 529.

1905 625 1991 678 12.
2026 624 2174 679 Facit
2197 624 2464 695 judicium
2491 625 2746 694 injuriam
2779 626 3113 694 patientibus
3147 641 3162 678 :

1907 717 1990 769 15.
2025 715 2127 770 Dat
2161 731 2340 770 escam
2368 717 2757 771 esurientibus.

1905 807 1990 860 M.
2029 806 2293 861 Dominus
2322 807 2485 861 solvit
2517 809 2892 877 compeditos:

1905 895 1990 949 15.
2031 894 2294 949 Dominus
2321 895 2593 949 illuminat
2619 910 2795 951 caecos
2826 913 2841 950 :

1909 985 1990 1040 16.
2038 986 2299 1042 Dominus
2335 985 2494 1055 erigit
2519 986 2685 1041 elisos
2721 1005 2733 1039 :

1906 1077 1992 1130 Π.
2028 1076 2295 1131 Dominus
2319 1076 2496 1146 diligit
2520 1077 2697 1146 justos
2729 1096 2743 1130 :

1906 1169 1993 1222 18.
2031 1167 2286 1222 Dominus
2320 1169 2561 1223 custodit
2596 1169 2856 1223 advenas.

1907 1257 1994 1313 19.
2023 1256 2315 1327 Pupillum,
2345 1267 2398 1313 et
2428 1259 2646 1313 viduam
2681 1257 2943 1326 suscipiet
2963 1297 2980 1322 .

1905 1348 1997 1403 20.
2034 1349 2100 1404 Ει
2134 1349 2250 1404 vias
2281 1357 2628 1420 peccatorum
2657 1350 2957 1420 disperdet.

1904 1442 1996 1495 21.
2031 1441 2299 1510 Regnabit
2319 1441 2582 1496 Dominus
2609 1440 2662 1494 in
2701 1441 2896 1496 saecula
2929 1439 3072 1494 Deus
3094 1442 3222 1494 tuus
3243 1434 3396 1502 Sion,

1900 1617 1991 1672 22.
2029 1618 2084 1671 ln
2115 1618 2516 1687 generationem
2549 1627 2604 1672 et
2644 1618 3064 1688 generationem.

1914 1709 2162 1763 Alleluia.
2200 1710 2381 1779 Λαραιὶ
2409 1719 2458 1764 et
2491 1708 2790 1765 Zachariae.
2836 1708 3034 1764 PSAL.
3075 1705 3327 1763 CXLVI.

1901 1802 1952 1856 1.
1989 1799 2230 1855 Laudate
2266 1799 2553 1855 Dominum
2577 1843 2591 1869 ,
2636 1803 2896 1874 quoniam
2921 1801 3122 1857 bonum
3152 1809 3235 1856 est
3261 1799 3402 1868 psal-

1831 1907 1954 1946 mus
1996 1909 2008 1943 ἒ

227 2012 304 2080 (a)
346 2008 494 2064 Vers.
526 2010 687 2063 9.9.30
722 2009 851 2073 θεὸς
889 2027 1004 2074 σου,
1037 2018 1166 2074 etc.,
1210 2025 1384 2079 usque
1413 2009 1479 2063 ad
1514 2011 1607 2062 καὶ
1640 2009 1855 2078 γενεάν.

1267 2143 1648 2197 ATHANASII
1691 2138 2277 2199 INTEBPRETATIO.

227 2259 287 2313 11
304 2303 314 2315 .
356 2259 458 2312 Τὸν
485 2259 687 2329 ἀψευδῆ
701 2258 830 2312 Θεὸν
850 2258 938 2312 τὸν
959 2259 1296 2331 φρουροῦντα
1314 2263 1489 2314 πᾶσαν
1509 2261 1729 2333 καρδίαν

1906 2263 1990 2315 11.
2027 2261 2133 2328 Qui
2165 2276 2328 2316 verax
2365 2259 2506 2316 Deus
2544 2266 2627 2315 est
2673 2260 2986 2316 custodiens
3013 2261 3182 2315 corda
3219 2262 3401 2317 omnia

145 2353 266 2406 τῶν
290 2352 454 2420 ἁγίων
481 2350 666 2404 αὑτοῦ.

227 2444 312 2496 12.
354 2442 610 2495 Ποιοῦντα
650 2442 921 2512 ἐκδίκησιν
966 2442 1060 2494 καὶ
1105 2445 1160 2493 ἐν
1191 2441 1266 2511 τῷ
1297 2442 1412 2505 νῦν,
1447 2445 1540 2495 καὶ
1572 2445 1628 2495 ὲν
1654 2443 1730 2514 τῷ

151 2534 401 2605 μέλλοντι
437 2535 590 2587 αἰῶνι
620 2537 733 2598 τοῖς
767 2532 1280 2603 καταπονουμένοις,
1315 2533 1348 2604 ἢ
1384 2534 1486 2585 ὑπὸ
1520 2533 1728 2606 ἀνθρώ-

146 2645 292 2691 πων,
316 2629 346 2699 ἢ
376 2627 478 2680 ὑπὸ
507 2627 614 2680 τῶν
645 2628 900 2681 ἐναντίων
925 2628 1226 2698 δυνάμεων.

224 2720 314 2775 15.
344 2720 414 2773 Τὸ
441 2721 536 2791 μὲν
567 2720 729 2774 ίδικὸν
757 2721 912 2791 δῆλόν
942 2723 1110 2784 ἐστιν,
1128 2721 1209 2773 ὅτι
1232 2719 1392 2783 αὐτὸς
1414 2720 1601 2792 τρέφει
1624 2721 1728 2774 πᾶ-

145 2829 255 2865 σαν
281 2813 456 2884 σάρκα
482 2831 495 2843 ·
528 2815 677 2882 ὅμως
702 2813 758 2866 δὲ
784 2813 859 2882 (1)
888 2813 981 2865 καὶ
1003 2812 1158 2865 τοῦτο
1184 2812 1488 2883 θεωρεῖται,
1515 2813 1596 2863 ὅτι
1620 2815 1731 2875 τοῖς

146 2907 375 2961 ποθοῦσι
402 2907 501 2977 τὴν
534 2907 692 2978 χάριν
717 2903 883 2959 αὑτοῦ
921 2904 1186 2966 πλουσίως
1217 2903 1384 2974 αὐτὴν
1419 2903 1662 2974 παρέχει.

223 3081 311 3134 14.
350 3080 486 3142 Τοὺς
519 3078 974 3148 συνεσφιγμένους
1005 3079 1108 3131 ὑπὸ
1141 3079 1246 3131 τῶν
1278 3078 1420 3132 ίδίων
1452 3079 1522 3149 (2)
1550 3081 1728 3151 ἀμαρ-

144 3171 281 3224 τιῶν
312 3170 638 3223 ἀπαλλάττει
666 3170 862 3232 αὐτοὺς
892 3171 978 3223 διὰ
1006 3172 1100 3242 τῆς
1124 3171 1342 3241 χάριτος
1373 3172 1560 3226 αὑτοῦ.

221 3261 310 3315 15.
341 3262 477 3324 Τοὺς
502 3261 930 3332 πεπηρωμένους
962 3263 1038 3332 (5)
1065 3263 1162 3332 τὴν
1182 3261 1418 3315 διάνοιαν
1448 3266 1600 3331 σοφοϊ
1632 3265 1726 3318 αύ-

142 3356 296 3416 τοὺς,
329 3355 387 3406 οὐ
436 3355 535 3425 τὴν
585 3356 774 3422 σοφίαν
818 3353 912 3407 τοῦ
953 3354 1158 3425 κύσμου
1198 3355 1407 3420 τούτου,
1444 3356 1577 3409 ἀλλά
1627 3358 1724 3427 τὴν

143 3447 403 3517 ἀνίκητον
433 3445 730 3517 [ἀκίνητον]
763 3448 855 3499 καὶ
880 3446 1252 3516 ἀτελεύτητον.

220 3537 309 3592 16.
355 3537 557 3605 Κύριος
593 3536 856 3606 ἀνεγείρει
888 3537 1014 3599 τοὺς
1047 3535 1456 3597 καταπεσόντας
1499 3539 1556 3588 ὲν
1603 3539 1721 3599 ταῖς

144 3626 466 3697 ἁμαρτίαις.

219 3719 246 3771 1
260 3718 478 3771 7.”Ωστε
495 3719 586 3769 καὶ
602 3715 697 3787 τὴν
712 3715 890 3786 ψυχὴν
902 3715 1067 3769 αὑτοῦ
1085 3715 1164 3786 (4)
1185 3715 1354 3770 θεῖναι
1372 3717 1509 3788 ὑπὲρ
1526 3717 1723 3771 αὐτῶν.

219 3811 309 3864 18.
349 3811 487 3874 Τοὺς
533 3809 971 3881 προσφεύγοντας
1006 3808 1153 3879 αύτῷ
1205 3809 1391 3862 σκέπει
1431 3813 1496 3880 τῇ
1547 3810 1726 3881 χάριτι

142 3899 338 3954 αὐτοῦ.

219 3993 308 4046 19.
350 3992 422 4043 Τὸ
474 3991 571 4059 μὲν
615 3990 810 4044 εἰδικὺν
839 3989 995 4059 δῆλόν
1029 3991 1198 4053 ἐστιν,
1256 3990 1333 4042 ’ότι
1374 3991 1606 4060 ὀρφανὸν
1633 3992 1726 4044 καὶ

139 4086 320 4153 χήραν
353 4080 786 4151 ἀναλαμϐάνεται
809 4095 822 4110 ·
871 4081 1000 4151 περὶ
1038 4081 1094 4132 δὲ
1126 4081 1218 4133 τοῦ
1249 4082 1528 4134 νεανίσκου
1556 4082 1721 4151 λέγει,

141 4170 206 4228 οὗ
237 4172 529 4243 ἀνέστησεν
563 4173 592 4223 ὁ
619 4171 820 4241 Κύριος
865 4172 922 4223 ὲν
962 4173 1026 4239 τῇ
1072 4168 1229 4233 Ναῒν,
1265 4170 1357 4222 καὶ
1397 4171 1495 4240 τῆς
1534 4171 1721 4224 τούτου

146 4265 378 4336 μητρόςο

215 4350 308 4422 20.
350 4348 456 4400 Kal
502 4349 678 4401 πᾶσαν
712 4348 808 4419 τὴν
841 4347 1155 4420 ἐπιθυμίαν,
1205 4350 1298 4402 καὶ
1339 4349 1437 4421 τὴν
1485 4348 1721 4419 ἀπάτην,

141 4441 243 4496 καὶ
268 4423 367 4512 ¹τὴν
393 4440 736 4494 διδασκαλίαν
767 4440 873 4494 τῶν
897 4443 1170 4513 ἀρχόντων
1196 4442 1290 4494 τοῦ
1319 4443 1509 4505 αἰῶνος
1534 4441 1721 4494 τούτου

145 4532 476 4589 συντελέσει.

217 4624 307 4688 21,
335 4625 424 4678 22.
469 4623 545 4694 (5)
582 4623 971 4694 Ἀτελευτήτως
1013 4626 1041 4675 ὁ
1082 4625 1212 4687 Θεός
1268 4641 1360 4676 σου
1393 4632 1424 4694 η
1476 4623 1586 4676 ἄνω
1630 4624 1723 4677 Ἱε-

146 4716 448 4789 ρουσαλὴμ,
475 4716 600 4770 ἔνθα
631 4717 689 4769 τὸ
714 4717 1029 4787 ἐπουράνιον
1054 4716 1433 4786 θυσιαστήριον
1461 4716 1718 4786 ὑπάρχει·

144 4811 305 4865 Σιὼν
331 4811 440 4880 γὰρ
473 4810 831 4881 ἑρμηνεύεται
865 4811 1044 4874 τόπος
1066 4809 1217 4861 ὅπου
1250 4809 1288 4874 ἡ
1319 4807 1542 4876 σκηνὴ,
1566 4825 1719 4860 τουτ-

142 4903 295 4955 έστιν
322 4903 452 4955 ὅπου
486 4904 547 4956 τὸ
575 4902 890 4972 ἐπουράνιον
924 4901 1325 4972 θυσιαστήριον.

1835 2362 2146 2411 sanctorum
2184 2369 2431 2409 suorum.

1905 2444 1991 2499 12.
2022 2442 2348 2505 Vindicans,
2393 2442 2531 2498 etin
2572 2441 2855 2512 praesenti,
2890 2449 2944 2496 et
2983 2443 3035 2496 in
3072 2443 3257 2499 futuro
3298 2460 3401 2500 sar-

1831 2536 1954 2590 culo
2012 2534 2264 2599 afﬂictos,
2305 2543 2400 2588 aut
2447 2534 2516 2588 ab
2546 2533 2890 2601 hominibus,
2924 2543 3017 2588 aut
3041 2550 3073 2590 λ
3108 2537 3400 2592 contrariis

1831 2625 2221 2695 potestatibus.

1904 2718 1989 2772 15.
2019 2716 2281 2789 Pr0prius
2300 2718 2523 2786 quidem
2550 2731 2746 2770 sensus
2771 2715 3094 2771 manifestus
3110 2726 3215 2782 est,
3249 2707 3396 2788 quod

1833 2809 1949 2878 ipse
1987 2824 2208 2863 omnem
2240 2824 2459 2862 carnem
2485 2807 2580 2862 alit
2608 2848 2621 2860 .
2650 2818 3021 2862 verumtamen
3046 2808 3095 2861 id
3113 2809 3400 2879 allegorice

1829 2898 1990 2951 etiam
2027 2898 2292 2968 explicari
2356 2906 2572 2966 potest,
2628 2896 2773 2966 quod
2811 2897 3244 2953 desiderantibus
3273 2916 3398 2970 gra-

1829 2991 1958 3044 tiarn
1986 3006 2141 3044 suam
2175 2989 2517 3044 abundanter
2561 2990 2731 3058 ipsam
2764 2990 3001 3044 exhibet.

1900 3079 1986 3132 14.
2028 3079 2370 3134 Constrictos
2411 3095 2440 3134 a
2487 3080 2723 3150 propriis
2776 3080 3012 3150 peccatis
3064 3081 3259 3135 liberat
3304 3097 3398 3137 eos

1827 3171 1998 3241 gratia
2023 3187 2142 3226 sua.

1898 3263 1984 3316 15.
2035 3262 2210 3317 Mente
2256 3270 2560 3318 excaecatos
2614 3264 2889 3332 sapientes
2939 3264 3114 3316 reddit
3142 3280 3255 3329 eos,
3291 3281 3397 3319 non

1827 3356 2090 3424 sapientia
2118 3354 2281 3422 hujus
2323 3354 2548 3420 mundi,
2581 3355 2674 3409 sed
2725 3354 3083 3423 insuperabili
3117 3355 3396 3425 [immuta—

1822 3442 1941 3514 bili]
1982 3456 2034 3497 et
2071 3451 2294 3496 aeterna.

1896 3532 1989 3586 16.
2019 3532 2283 3590 Dominus
2319 3534 2481 3606 erigit
2505 3550 2689 3604 lapsos
2713 3536 2767 3589 in
2803 3546 3044 3606 peccata.

1907 3725 1992 3779 17.
2029 3726 2180 3783 Adeo
2211 3737 2270 3782 ut
2299 3737 2353 3783 et
2382 3731 2621 3785 animam
2664 3747 2814 3785 suam
2847 3748 2944 3801 pro
2969 3735 3101 3802 ipsis
3131 3736 3389 3802 posuerit.

1903 3815 1990 3871 18.
2026 3816 2414 3890 Confugientes
2444 3821 2510 3875 ad
2543 3822 2721 3890 ipsum
2751 3823 2986 3893 protegit
3007 3823 3177 3893 gratia
3202 3839 3320 3879 sua.

1901 3996 1986 4050 19.
2023 3996 2231 4052 Sensus
2253 3999 2470 4067 quidem
2499 4002 2754 4070 proprius
2778 4002 3099 4056 manifestus
3123 4011 3225 4064 est,
3247 4003 3390 4071 quod

1831 4087 2018 4155 pupilli
2059 4098 2112 4142 et
2153 4088 2327 4143 viduae
2351 4103 2536 4144 curam
2571 4092 2836 4159 suscipit:
2872 4093 3160 4163 allegorice
3213 4103 3392 4148 autem

1829 4176 2066 4244 loquitur
2111 4178 2178 4233 de
2222 4179 2454 4248 juvene,
2502 4197 2662 4250 quem
2712 4183 2970 4239 Dominus
3009 4185 3291 4240 suscitavit
3339 4187 3390 4240 in

1829 4269 1963 4322 urbe
1987 4269 2145 4335 Nain,
2171 4280 2225 4325 et
2253 4273 2318 4326 de
2340 4273 2484 4328 illius
2512 4284 2706 4331 matre.

1897 4358 1986 4412 20.
2026 4360 2090 4413 Ει
2117 4377 2330 4416 omnem
2355 4366 2853 4433 concupiscentiam
2880 4409 2894 4432 ,
2942 4378 2994 4422 et
3017 4368 3412 4436 deceptionem'

1827 4456 1882 4501 et
1917 4449 2218 4504 doctrinam
2247 4452 2552 4522 principum
2583 4455 2745 4525 hujus
2775 4458 2956 4511 saeculi
2981 4457 3250 4513 conﬁciet.

1898 4624 1987 4689 21,
2012 4625 2100 4678 22.
2130 4625 2189 4679 ln
2212 4634 2474 4680 aeternum
2500 4625 2642 4681 Deus
2670 4635 2795 4682 tuus
2818 4643 3052 4696 superna
3070 4627 3389 4694 Jerusalem,

1825 4717 1916 4770 ubi
1951 4718 2339 4786 supercaeleste
2381 4718 2551 4772 altare
2583 4719 2796 4773 exsistit
2829 4734 2843 4772 :
2877 4718 3002 4774 Sion
3038 4720 3180 4773 enim
3228 4721 3392 4772 inter-

1824 4815 2065 4876 pretatur
2105 4807 2250 4861 locus
2308 4809 2395 4861 ubi
2427 4808 2855 4874 tabernaculum,
2894 4813 2997 4864 hoc
3033 4820 3116 4863 est
3153 4811 3241 4864 ubi
3300 4827 3391 4865 su-

1756 4917 1799 4971 ι)
1826 4899 2143 4968 percoeleste
2168 4900 2355 4956 altare.

230 5017 296 5067 Ἦ
333 5017 665 5088 προκειμένη
699 5017 976 5087 ἐπιγραφὴ
1011 5016 1249 5088 περιέχει
1279 5015 1375 5086 (6)’
1417 5016 1786 5081 Ἀλλ-ηλούῖα,
1839 5014 2101 5084 Ἀγγαίου
2136 5015 2234 5067 καὶ
2265 5016 2560 5083 Ζαχαρίου
2580 5033 2592 5044 ·
2618 5015 2952 5082 ἁλληλούῖα
2982 5011 3072 5068 οὖν
3097 5016 3389 5086 ἑρμηνεύε-

220 5102 436 5159 Titulus
465 5106 785 5174 prazpositus
820 5106 1061 5159 continet
1092 5126 1103 5158 :
1139 5105 1367 5158 Alleluia
1388 5145 1402 5168 ,
1434 5106 1610 5173 Aggaei
1633 5146 1645 5169 ,
1686 5115 1736 5157 et
1764 5104 2043 5159 Zachariae
2076 5121 2094 5157 :
2122 5106 2336 5159 alleluia
2376 5108 2539 5176 igitur
2566 5109 2949 5177 interpretatur
2976 5111 3091 5161 laus
3151 5123 3198 5163 et
3239 5111 3388 5178 Itym-

221 5192 273 5247 1.
314 5194 518 5246 Αἰνεῖτε
560 5195 649 5247 τὸν
697 5195 916 5267 Κύριον,
947 5197 1026 5249 ὃτι
1070 5197 1167 5266 ἡδὺ
1213 5194 1290 5264 τῷ
1341 5196 1460 5264 Θεῷ
1494 5196 1552 5247 τὸ
1585 5195 1724 5265 ψάλ-

147 5285 262 5336 λειν
296 5285 372 5355 (7)
405 5287 573 5356 αὐτῷ.

1903 5198 1953 5249 1.
1989 5195 2231 5251 Laudale
2276 5197 2608 5262 Dominum,
2657 5200 2915 5268 quoniam
2959 5199 3258 5269 jucundum
3309 5209 3387 5253 est

1833 5286 1962 5353 Deo,
1993 5297 2052 5340 ut
2077 5289 2177 5358 ipsi
2203 5289 2483 5358 psallatur.

1020 5400 1323 5461 Addenda
1354 5409 1416 5462 et
1453 5400 1824 5477 corrigenda
1857 5418 1932 5460 ex
1966 5402 2104 5462 cod.
2141 5402 2343 5464 Vatic.

224 5492 297 5561 (1)
339 5495 404 5548 Δέ
432 5496 601 5553 deest.

222 5566 300 5632 (2)
328 5566 491 5619 Ἰδίων
527 5567 696 5622 deest.

222 5636 297 5708 (ἦ)
335 5637 760 5708 Πεπορωμένους
785 5639 886 5704 leg.
918 5639 1126 5692 videtur
1159 5638 1604 5708 πεπηρωμένους.

223 5705 298 5776 (ᾇ)
339 5705 548 5776 suum.
586 5708 684 5776 leg.
718 5710 900 5762 αὑτοῦ.

223 5774 298 5842 (5)
338 5775 404 5827 Ν.
450 5774 964 5845 21.”Ατελευτήτως.
1003 5778 1070 5832 Ν.
1114 5776 1203 5830 22.
1240 5779 1296 5831 '0
1343 5778 1470 5841 Θεὸς
1509 5781 1540 5847 ἡ
1585 5777 1714 5840 ἄνω,

471 5870 739 5930 ΡΑτιιοι..
773 5872 888 5927 Gn.
929 5868 1186 5926 XXVII.

1827 5507 1955 5560 etc.,
1986 5500 2257 5552 τουτέστιν
2284 5502 2462 5564 τόπος.
2493 5503 2648 5565 ὅπου,
2675 5513 2777 5557 etc.

1900 5570 1973 5643 (6)
2005 5569 2067 5620 'H
2107 5570 2194 5643 διά
2226 5570 2322 5639 τῆς
2357 5572 2719 5642 κινναϐάρεως
2751 5575 3010 5643 περιέχει,
3043 5580 3172 5629 etc.,
3205 5572 3379 5643 έρμης

1827 5639 2036 5712 νὲύεῗιι
2082 5641 2265 5709 μνήμη
2307 5643 2531 5712 Κυρίου,
2569 5639 2698 5709 etc.,
2739 5639 3119 5711 αἶνος,”ὖμνος
3161 5639 3247 5710 τῷ.
3273 5639 3382 5708 θείς

1824 5707 1900 5777 τῷ
1937 5709 2047 5759 ὄντι
2073 5707 2238 5778 παρά,
2257 5707 2369 5764 ὀίω.

1895 5779 1970 5846 (τ)
2011 5778 2209 5846 mm,
2243 5789 2346 5833 cm.

3067 5875 3139 5936 12
