4036 6424
785 507 795 518 .
831 465 941 519 Deo
973 474 1158 519 nostro
1187 466 1257 518 sit
1282 465 1520 534 jucunda
1560 467 1820 521 laudatio.

781 596 796 610 .
832 555 1130 611 Ediﬁcans
1158 555 1458 611 Jerusalem
1487 557 1746 612 Dominus
1782 573 1796 610 :

743 649 796 702 4.
834 649 1203 717 Dispersioncs
1233 649 1442 703 lsraelis
1470 650 1836 718 eongregabit.

742 741 793 794 5.
824 738 925 806 Qui
957 749 1110 793 sanat
1143 739 1406 794 contritos
1443 740 1640 803 corde;

742 831 790 885 6.
825 831 882 884 Et
926 832 1107 900 alligat
1138 830 1494 886 contritiones
1521 847 1726 893 eorum,

739 924 788 977 7.
828 923 929 989 Qui
963 934 1211 978 numerat
1240 923 1640 978 multitudinem
1674 923 1950 978 stellarum
1975 965 1988 988 ,

741 1012 789 1066 8.
826 1012 890 1067 Et
923 1015 1174 1068 omnibus
1215 1014 1293 1068 eis
1326 1013 1543 1066 nomina
1579 1021 1752 1066 vocat.

711 349 776 401 '52

743 558 777 611 5

782 350 816 404 5
1479 349 1534 402 S.
1577 346 1953 403 ATHANASII
1991 345 2142 402 OPP.
2185 345 2366 403 PARS
2403 348 2490 404 lll.
2538 379 2603 390 —
2644 349 3058 407 EXEGETICA.

3791 353 3921 417 1334

2273 474 2316 530 Α
2411 467 2465 521 2.
2505 468 2622 538 Θεῷ
2649 469 2894 539 ἡδυνθείη
2917 469 3140 533 αῐνεσις.

2413 562 2466 614 5.
2507 561 2816 630 Οίκοδομῶν
2854 561 3206 632 Ἰερουσαλὴμ
3227 562 3255 614 δ
3281 561 3508 633 Κύριος·

2407 654 2460 706 '5.
2501 654 2610 716 Τὰς
2644 653 2940 723 διασπορὰς
2968 653 3063 704 τοῦ
3092 653 3310 724 Ἰσραὴλ
3337 653 3680 720 ἐπισυνάξει.

2408 743 2460 796 5.
2508 741 2563 796 'O
2596 742 2818 812 ἰώμενος
2847 743 2971 806 τοὺς
2997 744 3485 814 συντετριμμένους
3511 745 3615 808 τὴν
3663 741 3915 814 καρδίαν·

2407 833 2458 886 6.
2497 835 2602 886 Καὶ
2624 834 2900 904 δεσμεύων
2933 835 3001 886 τά
3026 836 3406 905 συντρίμματα
3426 833 3634 887 αὐτῶν.

2409 925 2461 977 7.
2507 924 2567 978 '0
2593 924 2838 996 ἀριθμῶν
2866 925 3044 996 πλήθη
3066 927 3277 995 ἄστρων
3297 963 3310 987 ,

2408 1014 2462 1068 8.
2498 1015 2606 1067 Καὶ
2637 1016 2800 1067 πᾶσιν
2824 1016 3005 1078 αὐτοῖς
3033 1015 3271 1084 ὀνόματα
3298 1012 3496 1068 καλῶν.

1786 1158 2162 1213 ATIlANASll
2200 1159 2786 1221 INTERPRETATIU.

672 1322 756 1358 ται
782 1299 948 1368 αἶνος
978 1300 1073 1354 καί.
1114 1301 1332 1369 ῦμνοςο
1360 1300 1622 1369 Ἀγγαίου
1655 1298 1710 1350 δὲ
1742 1299 2098 1367 ἑρμηνεύεται
2127 1299 2504 1368 ἐορτὰζοντος
2523 1320 2536 1333 ο
2569 1307 2862 1374 Ζαχαρίου
2891 1305 2945 1358 δὲ
3003 1307 3358 1376 ἑρμηνεύεται
3385 1307 3640 1376 μνήμης
3677 1307 3915 1378 Κυρίου.

670 1402 860 1471 Σαφῶς
887 1401 978 1455 οὖν
1008 1398 1162 1451 τοῦτο
1194 1398 1357 1465 λέγει,
1391 1393 1535 1458 αἶνος
1561 1395 1652 1449 καὶ
1689 1394 1852 1465 ὕμνος
1875 1393 1952 1464 τῷ
1982 1394 2093 1447 ὄντι
2124 1394 2243 1465 Θεῷ
2283 1399 2431 1472 παρὰ
2459 1399 2550 1452 τοῦ
2582 1401 2928 1472 ἐορτάζοντος
2957 1402 3084 1455 λαοῦ
3123 1403 3216 1473 τὴν
3254 1406 3473 1476 μνήμην
3502 1407 3616 1458 τῶν
3665 1408 3917 1476 παθημά-

669 1517 773 1551 των
799 1499 980 1551 αὑτοῦ.

668 1610 766 1644 nus
797 1609 814 1645 :
841 1592 1016 1661 Agga’i
1058 1600 1234 1644 autem
1292 1587 1473 1655 festum
1503 1593 1703 1653 agentis
1732 1597 1749 1633 :
1783 1581 2061 1636 Zacharias
2084 1591 2261 1636 autem
2305 1583 2692 1656 interpretatur
2730 1591 2996 1643 memoria:
3027 1590 3254 1643 Domini.
3285 1592 3483 1660 Aperte
3516 1595 3689 1664 igitur
3724 1597 3827 1649 hoc
3855 1597 3917 1648 si-

670 1688 907 1758 gnificat,
940 1687 1057 1738 laus
1089 1698 1140 1737 et
1171 1686 1402 1752 hymnus
1433 1679 1542 1733 Deo
1589 1691 1719 1731 vero
1754 1692 1782 1730 a
1819 1676 2049 1745 populo,
2079 1679 2170 1747 qui
2206 1677 2405 1736 festum
2439 1684 2548 1754 agit
2584 1685 2862 1740 memoria:
2894 1687 3164 1755 passionis
3190 1689 3329 1758 ejus.

737 1800 790 1854 9..
823 1799 1182 1853 Delectabitur
1210 1797 1352 1850 enim
1386 1792 1698 1862 bujusmodi
1725 1791 1887 1846 laude
1922 1791 2085 1846 Deus.

737 1893 790 1946 5.
819 1890 1115 1942 Jerusalem
1157 1889 1540 1954 interpretatur
1575 1884 1704 1936 visio
1746 1883 1913 1951 pacis,
1956 1883 2116 1952 quale
2152 1893 2234 1937 est

668 1997 761 2034 eor
796 1979 991 2032 fidele:
1027 1977 1237 2046 singula
1290 1974 1453 2044 igitur
1504 1972 1818 2040 hujusmodi
1858 1973 2022 2025 corda
2073 1972 2235 2026 aedili.

667 2082 756 2127 cat
789 2071 1070 2124 Dominus.
1133 2066 1613 2120 Verumenimvero
1661 2079 1951 2132 supernam
2015 2061 2234 2118 Jerusa-

669 2168 770 2218 lcm
804 2167 916 2234 ipse
943 2163 1265 2228 ardilicavit;
1313 2170 1368 2214 et
1400 2160 1689 2213 multitudo
1733 2159 2052 2229 angelorum
2100 2159 2235 2212 dici-

665 2270 756 2311 tur
807 2256 1103 2310 Jerusalem
1132 2296 1146 2318 ,
1192 2263 1243 2305 et
1282 2252 1539 2306 omnibus
1572 2249 1922 2304 manifestum
1950 2258 2054 2312 est,
2087 2250 2232 2317 quod

669 2351 782 2416 ipse
809 2363 902 2401 eos
934 2347 1164 2400 azdilicat
1193 2343 1415 2394 domum
1463 2339 1802 2408 spiritualem
1825 2382 1841 2406 ,
1873 2339 2233 2408 quemadmo-

666 2441 795 2493 dum
820 2438 995 2505 inquit
1025 2435 1306 2503 apostolus
1336 2435 1400 2485 ¹⁰.

737 2530 788 2582 4.
824 2529 1076 2597 Dispersa
1111 2527 1350 2580 membra
1378 2534 1716 2588 sanctorum,
1741 2523 1844 2576 hoc
1870 2531 1955 2577 est
1979 2521 2229 2592 populos,

666 2622 757 2690 qui
783 2637 846 2674 ex
879 2618 1080 2673 Judaais
1108 2629 1268 2681 sunt,
1299 2627 1352 2672 et
1393 2617 1486 2687 qui
1528 2632 1596 2671 ex
1632 2615 1906 2683 gentibus,
1932 2627 2232 2682 congrega-

667 2713 743 2766 bit
771 2727 864 2779 per
889 2711 1198 2780 passionem
1224 2725 1401 2764 suam.
1428 2709 1605 2762 Aliam
1635 2706 1798 2760 etiam
1832 2705 2233 2774 interpretatio-

667 2819 789 2856 nem
838 2803 998 2870 hujus
1027 2816 1216 2854 versus
1247 2800 1444 2853 dicam.
1500 2797 1669 2851 Israel
1716 2798 2102 2865 interpretatur
2155 2796 2231 2848 vi-

667 2896 791 2946 dens
844 2892 1008 2945 Deum
1046 2907 1063 2944 :
1106 2893 1302 2945 mentis
1345 2891 1505 2961 igitur
1541 2890 1775 2943 videntis
1831 2904 1955 2942 eum
2012 2901 2229 2940 omnem

665 2987 1026 3055 captivitatem
1058 2983 1440 3053 congregabit.
1490 2990 1545 3036 et.
1579 2982 1633 3034 in
1670 2997 1824 3036 suam
1876 2981 2102 3034 liberam
2137 2993 2233 3048 po-

667 3088 912 3133 testatem
952 3079 1121 3146 ipsam
1165 3078 1431 3129 restituet.

2264 1782 2305 1836 Β
2403 1799 2456 1852 2.
2498 1799 2870 1870 Τερφθήσεται
2898 1801 3006 1872 γὰρ
3029 1804 3119 1854 ἐπὶ
3139 1807 3203 1873 τῇ
3233 1803 3453 1874 τοιαύτη
3483 1803 3699 1856 αἰνέσει
3726 1807 3755 1857 δ
3777 1804 3916 1869 Θεὲς.

2402 1891 2453 1944 5.
2483 1891 2865 1961 Ἰερουσαλὴμ
2935 1894 3288 1964 ἑρμηνεύεται
3354 1897 3568 1964 ὅρασις
3639 1897 3916 1972 εἰρήνης,

2333 1978 2468 2049 ὅπερ
2503 1979 2735 2049 ὑπάρχει
2777 1983 2972 2052 καρδία
3021 1986 3223 2052 πιστή·
3274 1986 3511 2055 ἑκάστην
3543 1981 3644 2039 οὖν
3672 1990 3918 2055 rosae-7..»

2333 2069 2558 2138 καρδίαν
2591 2072 2862 2141 οἰκοδομεῖ
2904 2077 2931 2126 ὁ
2962 2074 3378 2145 Κύριος.”’ομως
3429 2075 3486 2128 δὲ
3535 2077 3616 2144 (l)
3671 2078 3775 2147 τὴν
3823 2079 3918 2131 ἄνω

2343 2161 2696 2234 Ἰερουσαλὴμ
2741 2164 2900 2226 αὐτὸς
2941 2164 3356 2236 ἐδημιούργησε,
3392 2168 3487 2220 καὶ
3536 2167 3602 2219 τὸ
3635 2169 3917 2239 πλῆθος

2333 2253 2439 2303 τῶν
2465 2253 2709 2320 ἀγγέλων
2733 2253 2947 2322 λέγεται
2977 2257 3346 2328 Ἰερουσαλὴμ,
3370 2259 3464 2312 καὶ
3493 2260 3662 2329 δῆλόν
3685 2263 3804 2313 ἐστι
3828 2265 3918 2312 τεὶ-

2335 2359 2406 2403 σι,
2439 2343 2626 2412 ὅτιπερ
2656 2344 2814 2405 αὐτὸς
2837 2343 3030 2406 αὐτοὺς
3052 2344 3322 2414 οἰκοδομεῖ
3343 2341 3491 2398 οἷκον
3524 2348 3916 2418 πνευματικὸν,

2333 2432 2510 2494 καθὼς
2543 2433 2617 2502 (2)
2649 2428 2801 2484 εἶπεν
2831 2433 3208 2496 ὁἈπὸστολος.

2401 2524 2452 2576 4.
2496 2524 2574 2575 Τὰ
2606 2524 3062 2593 διεσκορπισμένα
3112 2524 3247 2594 μέλη
3296 2523 3405 2577 τῶν
3451 2526 3654 2593 ἁγίων,
3683 2528 3919 2580 τουτέστ.

2329 2615 2454 2676 τοὺς
2505 2614 2561 2678 ἐξ
2603 2615 2868 2668 Ἰουδαίων
2915 2615 3094 2677 λαοὺς,
3156 2616 3248 2668 καὶ
3291 2617 3416 2679 τοὺς
3455 2617 3516 2679 ἐξ
3562 2619 3777 2682 ἐθνῶν,
3813 2624 3918 2672 ἐπε·

2334 2703 2547 2770 συνάξει
2574 2703 2661 2755 διὰ
2689 2704 2782 2756 τοῦ
2819 2703 3020 2766 πάθους
3045 2704 3228 2757 αὐτοῦ.
3263 2705 3372 2757 Καὶ
3406 2705 3578 2775 ἄλλην
3623 2706 3684 2758 δὲ
3718 2709 3798 2777 τῷ
3830 2712 3917 2760 1L-

2330 2793 2406 2863 τῷ
2428 2794 2592 2864 στίχῳ
2625 2793 2916 2865 ἑρμηνείαν
2933 2792 3175 2863 λέξομεν.
3194 2794 3426 2860 Ἰσραὴλ
3449 2795 3528 2863 (5)
3558 2795 3917 2865 ἑρμηνεύεται

2331 2881 2484 2950 ὀρῶν
2519 2884 2697 2936 Θεόν’
2735 2885 2830 2952 τῆς
2862 2883 3097 2944 διανοίας
3130 2880 3222 2935 οὖν
3251 2885 3349 2952 τῆς
3375 2883 3597 2954 ὁρώσης
3629 2887 3799 2939 αὑτὸν
3833 2891 3916 2939 πᾶ-

2334 2990 2430 3026 σαν
2456 2972 2830 3043 αἰχμαλωσίαν
2853 2972 3185 3036 ἐπισυνάξει,
3217 2975 3309 3026 καὶ
3339 2975 3418 3036 είς
3463 2975 3567 3046 τὴν
3593 2978 3772 3048 αὐτῆς
3803 2981 3916 3032 αὑτ-

2338 3065 2688 3136 εξουσιότητα
2715 3065 2874 3118 αὑτὸν
2908 3065 3366 3137 ἀποκαταστήσει.

1046 3190 1412 3261 Interpretatio
1444 3187 1686 3243 versiculi
1721 3190 1888 3257 quinti
1915 3203 2076 3257 usque
2112 3185 2180 3238 ad
2208 3184 2465 3238 decimum
2495 3191 2734 3234 octavum
2763 3197 2865 3234 non
2891 3191 3064 3235 exstat
3097 3183 3151 3235 in
3184 3182 3302 3239 cod.
3338 3181 3503 3236 Barb.

737 3310 799 3372 5,
853 3309 905 3362 6.
967 3307 1028 3360 Et
1107 3305 1572 3374 concupiscentias
1637 3317 1824 3357 eorum
1883 3307 2225 3355 conterentes

2399 3296 2451 3362 5,
2487 3297 2540 3349 6.
2603 3297 2713 3349 Καὶ
2762 3297 2858 3358 τὰς
2920 3297 3217 3365 ἐπιθυμίας
3282 3296 3460 3349 αὐτῶν
3504 3300 3609 3361 τὰς
3665 3302 3915 3372 πρότερον

668 3411 821 3454 antea
847 3400 1006 3454 corda
1035 3397 1310 3450 hominum
1353 3395 1580 3460 alligans
1621 3392 1851 3449 vinculis
1881 3388 2100 3445 teternis
2127 3428 2142 3449 .
2178 3396 2232 3442 et

669 3494 883 3548 tradens
916 3490 1022 3560 igni
1053 3499 1253 3542 aeterno
1278 3528 1291 3550 ,
1331 3487 1434 3540 hoc
1458 3495 1542 3540 est
1575 3484 1877 3539 contrarias
1911 3489 2226 3552 potestates.

738 3667 788 3728 7,
839 3663 889 3718 8.
947 3661 1287 3714 Manifestum
1359 3657 1577 3727 quidem
1627 3663 1740 3718 est,
1795 3653 1939 3724 quod
2002 3651 2116 3721 ipse
2175 3659 2232 3704 ut

671 3755 875 3816 factor,
935 3753 1084 3805 novit
1115 3750 1470 3817 quantitatem
1514 3761 1701 3801 earum
1738 3747 2018 3800 stellarum
2047 3783 2061 3806 ,
2095 3757 2231 3811 quas

670 3850 814 3904 fecit.
857 3849 928 3901 De
955 3847 1155 3899 sanctis
1187 3845 1346 3897 etiam
1377 3842 1662 3910 allegorice
1691 3839 1947 3908 explicari
1982 3847 2228 3907 possunt,

669 3956 789 4009 qua:
815 3939 879 3992 de
908 3937 1179 3991 stellarum
1219 3951 1442 3988 numero
1471 3934 1759 3999 dicuntur;
1793 3932 2041 3986 similiter
2083 3931 2228 3984 enim

669 4045 720 4087 et
749 4034 938 4085 horum
969 4045 1250 4082 munerum
1281 4026 1542 4096 agnoscit.
1573 4024 1686 4078 Nisi
1737 4025 1880 4078 enim
1915 4023 2231 4092 praevideret

667 4139 790 4192 qure
816 4124 884 4174 sit
909 4135 1095 4173 eorum
1123 4118 1400 4186 quantitas
1421 4155 1434 4176 ,
1469 4131 1573 4167 non
1611 4121 1966 4182 praeparasset
1996 4111 2127 4180 ipsis
2153 4111 2230 4164 ci-

671 4215 886 4267 vitatem
908 4252 923 4275 ,
957 4226 1076 4278 qua:
1103 4216 1284 4275 posset
1312 4221 1404 4258 eos
1435 4205 1704 4272 excipere.
1732 4201 2042 4255 Numerans
2072 4201 2234 4271 igitur

671 4302 1064 4360 multitudinem
1124 4298 1434 4359 stellarum,
1499 4294 1830 4363 perspiciens
1888 4301 1939 4345 et
1999 4292 2234 4360 probans

673 4397 830 4465 quale
883 4391 1153 4447 charisma
1184 4431 1197 4453 ,
1243 4398 1295 4442 et
1341 4395 1603 4455 quantum
1652 4386 1822 4454 possit
1861 4383 2234 4451 unusquisque

673 4495 982 4541 sanctorum
1017 4483 1256 4548 accipere
1277 4522 1289 4541 ,
1319 4487 1372 4532 ct
1403 4478 1472 4530 ita
1501 4476 1782 4530 exhibens.
1832 4474 2031 4528 Deinde
2055 4477 2235 4542 sequi-

674 4590 759 4631 tur
790 4577 841 4628 in
874 4574 1078 4642 psalmo
1108 4591 1120 4624 :
1150 4571 1214 4622 Et
1245 4569 1481 4621 omnibus
1512 4568 1585 4618 eis
1619 4567 1831 4618 nomina
1864 4580 2048 4617 vocans
2075 4579 2092 4616 :
2116 4578 2234 4616 mos

2333 3387 2723 3460 συντριϐούσας
2756 3389 2854 3449 τὰς
2883 3388 3106 3458 καρδίας
3135 3387 3242 3439 τῶν
3287 3387 3597 3458 ἀνθρώπων
3649 3391 3914 3461 δεσμεύων.

2330 3482 2548 3550 δεσμοῖς
2571 3481 2783 3541 ἀϊδίοις,
2807 3479 2899 3532 καὶ
2924 3478 3246 3549 παραδιδοὺς
3269 3478 3346 3548 τῷ
3368 3479 3578 3548 αἰωνίῳ
3602 3485 3766 3552 πυρὶ,
3785 3500 3907 3534 τουτ-

2333 3573 2446 3623 έστι
2472 3571 2570 3630 τὰς
2607 3571 2854 3630 ἐναντίας
2883 3569 3163 3638 δυνάμεις.

2423 3663 2475 3725 7,
2505 3662 2557 3716 8.
2620 3661 2786 3731 Δῆλον
2847 3660 2943 3730 μέν
2998 3662 3164 3722 ἐστιν,
3193 3660 3294 3723 ὅτι,
3326 3661 3400 3724 ὠς
3433 3667 3790 3732 πεποιηκὼς,
3821 3663 3913 3718 aiis

2333 3755 2429 3824 τὴν
2469 3754 2739 3822 ποσότητα
2763 3746 2836 3805 ὧν
2868 3751 3185 3819 πεποίηκεν.
3237 3752 3346 3803 Kal.
3379 3753 3459 3814 εἰς
3493 3754 3624 3816 τοὺς
3661 3757 3850 3823 ἁγίους
3873 3758 3914 3808 δὲ

2336 3843 2616 3914 θεωρεῖται
2639 3845 2665 3893 ὁ
2693 3841 2893 3893 τούτων
2917 3841 3167 3911 ἀριθμὸς,
3194 3841 3501 3910 καὶὸμοίως
3517 3843 3692 3895 πάλιν
3721 3847 3816 3897 καὶ
3844 3848 3900 3898 αὖ

2333 3934 2440 3986 τῶν
2462 3931 2716 4001 γινώσκει
2743 3933 2832 3984 τὸν
2859 3932 3107 4002 ἀριθμόν.
3129 3933 3191 3984 Εἰ
3217 3931 3288 4002 μὴ
3316 3930 3424 4002 γὰρ
3452 3933 3654 4003 προῖδῃ
3677 3934 3773 4001 (5⁸)
3795 3935 3913 3987 misr

2335 4027 2487 4078 ἔσται
2519 4029 2550 4096 ἡ
2585 4026 2818 4095 ποσότης
2853 4025 3052 4088 αὐτῶν,
3077 4027 3176 4077 οὐκ
3206 4026 3269 4077 ἂν
3303 4027 3727 4096 προητοίμασεν
3752 4032 3916 4091 αὐταῖς

2336 4119 2489 4171 πόλιν
2534 4119 2633 4186 τὴν
2667 4118 2969 4187 δυναμένην
3008 4118 3202 4180 αὑτοὺς
3229 4117 3504 4182 δέξασθαι.
3586 4119 3649 4171 '0
3682 4121 3915 4190 ἀριθμῶ.

2334 4208 2424 4264 οὖν
2461 4211 2635 4281 πλήθη
2670 4210 2884 4281 ἄστρων
2909 4250 2922 4271 ,
2972 4212 2997 4260 ὁ
3029 4210 3248 4280 θεωρῶν
3279 4211 3372 4262 καὶ
3419 4210 3744 4279 δοκιμάζων
3785 4218 3916 4266 ποῖα.

2335 4303 2576 4371 χάρισμα
2601 4341 2614 4360 ,
2652 4301 2745 4352 καὶ
2801 4300 2963 4352 πόσον
2993 4299 3214 4351 δύναται
3245 4298 3500 4362 δέξασθαι
3550 4300 3796 4364 ἕκαστος
3827 4305 3916 4353 τῶι

2337 4393 2526 4458 ἁγίων,
2559 4394 2652 4444 καὶ
2683 4392 2824 4443 οὕτω
2865 4392 3138 4460 παρέχων.
3175 4387 3325 4452 Εἶτα,
3358 4392 3467 4445 Καὶ
3501 4393 3707 4447 πᾶσιν
3730 4399 3921 4461 ιιύῖβς

2337 4486 2596 4553 ὀνόματα
2623 4484 2853 4537 καλῶν·
2897 4483 3046 4541 ἔθνος
3089 4482 3195 4551 γὰρ
3242 4483 3298 4532 ἐν
3351 4484 3418 4550 τῇ
3466 4482 3777 4554 Ἐκκλησία
3808 4493 3920 4548 τοις

2339 4573 2523 4640 ἁγίους
2549 4574 2716 4642 αὐτῆς
2737 4573 2861 4634 τοὺς
2890 4572 2986 4639 μὲν
3009 4570 3357 4633 ἀποστόλους,
3375 4573 3500 4633 τοὺς
3523 4571 3583 4624 δὲ
3614 4577 3919 4645 προφήτας,

669 4671 814 4724 enim
848 4669 900 4721 iu
937 4664 1169 4720 Ecclesia
1200 4673 1273 4716 est
1308 4670 1525 4715 sanctos
1553 4674 1682 4712 suos
1730 4657 1865 4710 alios
1894 4657 2112 4724 quidem
2140 4669 2232 4707 vo-

2339 4635 2462 4726 τοὺς
2487 4664 2542 4716 δέ
2572 4635 2940 4725 διδασκάλους
2972 4658 3090 4714 εἶτα
3111 4662 3387 4732 δυνάμεις,
3414 4665 3616 4728 οἵτινες
3651 4635 3922 4739 ύπαρχοιιο

671 4775 797 4813 care
833 4757 1124 4826 apostolos,
1156 4753 1290 4806 alios
1324 4761 1501 4805 autem
1536 4747 1826 4817 prophetas
1852 4785 1866 4808 ,
1897 4746 2030 4798 alios
2053 4753 2232 4798 autem

676 4847 997 4917 magistros;
1029 4844 1218 4898 deinde
1245 4844 1491 4900 lectores,
1525 4838 1716 4892 deinde
1741 4838 2060 4904 interpretes
2088 4835 2236 4888 Scri-

675 4951 948 5009 pturarum
969 4954 1030 4990 ex
1063 4952 1166 4989 una
1199 4936 1376 4999 lingua
1410 4933 1459 4984 in
1481 4932 1659 4985 aliam.
1681 4927 1778 4983 Hic
1807 4929 1969 4995 igitur
1999 4941 2116 4981 mos
2133 4935 2234 4990 est,

675 5035 919 5099 inquam,
969 5026 1216 5081 omnibus
1241 5026 1319 5078 eis
1349 5022 1565 5076 nomina
1597 5035 1797 5073 vocans
1825 5018 1920 5087 (a).

749 5147 788 5174 ¹⁰
818 5145 836 5196 1
872 5143 1014 5194 Pelr.
1049 5159 1106 5205 ιι,
1143 5141 1192 5191 Si.

2343 4771 2424 4806 σιν
2463 4756 2511 4806 οἱ
2537 4755 2809 4807 διάκονοι·
2849 4749 2967 4806 εἶτα
2998 4754 3122 4815 τοὺς
3149 4753 3530 4816 ἐπιτελοῦντας
3581 4758 3686 4820 τὰς
3725 4763 3918 4824 iam,“

2342 4840 2458 4896 εἶτα
2482 4844 2828 4912 ἀναγνώστας
2847 4863 2859 4877 ·
2889 4841 3008 4897 εἶτα
3029 4844 3155 4903 τοὺς
3183 4845 3587 4914 ἐρμηνεύοντας
3621 4851 3737 4903 ἀπὸ
3771 4853 3920 4921 τῆςδε

2342 4937 2438 5003 τῆς
2479 4935 2727 5006 γλώσσης
2757 4938 2835 4998 εἰς
2865 4936 3021 5006 τήνδε
3055 4935 3152 4996 τὰς
3187 4937 3226 4988 Γ
3231 4938 3430 5008 ραφάς.
3469 4940 3652 4994 Τοῦτο
3684 4940 3782 4997 οὖν
3819 4948 3920 4996 ἐστι

2344 5024 2422 5087 τὸ,
2462 5028 2624 5078 πᾶσιν
2651 5029 2834 5089 αὐτοῖς
2859 5026 3097 5096 ὀνόματα
3126 5027 3318 5081 καλῶν.

1629 5203 1926 5264 Addenda
1969 5212 2026 5264 et
2061 5204 2434 5285 ccrrigenda
2470 5223 2542 5264 ex
2579 5206 2713 5265 cod.
2746 5204 2945 5265 Vatic.

773 5339 817 5388 ll
858 5337 962 5388 Καί
993 5351 1085 5388 pro
1119 5336 1191 5387 Ei.

773 5342 788 5388 ι
858 5342 962 5388 Καί
1007 5351 1085 5388 iro
1119 5342 1191 5387 δὲ.

743 5342 817 5474 i2;
861 5354 1048 5467 Καϐύης
1083 5402 1231 5456 εἶπεν
1258 5406 1283 5454 ὁ
1322 5402 1655 5463 ’Δπόστολος,
1685 5402 1878 5453 desunt
1905 5402 2015 5453 lure
2047 5403 2232 5454 ultima

671 5481 830 5531 verba
870 5483 917 5528 in
956 5478 1073 5526 cmi.

2413 5330 2491 5405 (5)»
2519 5328 2730 5398 Ἰσραὴλ
2762 5328 2871 5405 γάρ
2915 5327 3272 5396 ἑρμηνεύεται
3304 5331 3425 5394 νοῦς
3468 5335 3636 5405 ὀρῶν,
3668 5347 3804 5401 etc.,
3837 5338 3921 5391 αὑ-

2339 5402 2437 5465 τὴν
2471 5400 2930 5466 ἀποκαταστήσει.

2405 5473 2496 5538 (5')
2531 5468 2612 5531 l..,
2644 5469 2881 5538 προῄδει.
2909 5469 3059 5525 Enn.

742 5597 818 5715 ηπ)
865 5596 935 5646 Ex
971 5597 1277 5660 hnjnsmodi
1331 5606 1506 5647 autem
1540 5597 1790 5662 loquendi
1837 5597 2044 5648 ratione
2072 5636 2084 5654 ,
2123 5611 2224 5664 qua
2261 5596 2362 5645 hoc
2410 5595 2529 5645 loco
2566 5595 2832 5662 interpres
2862 5605 3051 5647 noster
3083 5597 3262 5648 varios
3307 5607 3622 5650 sanctorum
3681 5602 3912 5654 ﬁdelium

742 5669 886 5715 lines
919 5666 968 5715 in
998 5664 1051 5713 li.
1086 5665 1232 5715 Pauli
1265 5664 1516 5715 Epistolis
1561 5681 1848 5715 expressos
1894 5666 2094 5715 refert.
2138 5668 2371 5715 uuisnue
2425 5680 2603 5715 rerqu
2645 5665 2968 5715 tf‘f‘it‘SiﬂSlit
2986 5682 3139 5715 arum
3169 5682 3371 5715 neruus
3417 5668 3536 5715 eius
3595 5682 3911 5715 ιριιιςιειιι-τιι

671 5664 886 5717 Ordines
919 5666 968 5715 in
998 5664 1051 5713 li.
1086 5665 1232 5716 l‘onli
1265 5664 1516 5731 Epistolis
1561 5681 1848 5731 expressos
1894 5666 2056 5717 refert
2083 5707 2094 5726 ,
2138 5668 2371 5731 quisque
2425 5680 2603 5715 rerum
2645 5665 2968 5716 trclcsiastit
2986 5682 3139 5718 arum
3169 5682 3371 5734 peritus
3417 5668 3536 5734 eius
3595 5682 3911 5723 \ctnstatcm

671 5736 940 5798 coniicere
969 5745 1160 5800 potest,
1197 5747 1307 5784 tum
1334 5737 1493 5786 etiam
1529 5752 1589 5786 ex
1622 5739 1687 5786 iis
1721 5752 1840 5802 qum
1876 5737 1928 5785 iu
1953 5736 2314 5804 explicatione
2349 5750 2489 5784 vers.
2523 5734 2614 5795 12,
2649 5735 2783 5799 psal.
2815 5751 2960 5795 xxvi,
2989 5736 3277 5804 leguntur:
3310 5753 3501 5804 nempe
3534 5742 3929 5802 l'-:Ipli~leriun‘._

675 5807 837 5854 fuisse
875 5806 1048 5855 locum
1083 5808 1352 5856 occultum
1386 5805 1436 5855 in
1468 5807 1716 5858 ecclesia.
1756 5805 1886 5856 Nam
1923 5805 2112 5867 primis
2138 5803 2391 5858 Ecclesia:
2421 5804 2639 5857 saeculis
2678 5813 2729 5856 et
2783 5804 2835 5857 in
2869 5805 2983 5872 ipsa
3019 5806 3152 5860 urbe
3185 5803 3511 5861 Alexandria
3535 5811 3912 5878 baptzsterium
