4036 6458
199 382 342 438 1325

266 498 319 552 9.
356 493 546 562 Μέγας
574 490 648 561 (a)
676 493 702 543 6
725 490 925 561 Κύριος
954 491 1139 562 ἡμῶν,

270 587 354 641 10.
388 585 496 637 Καὶ
535 583 742 654 μεγάλη
776 585 808 652 ἡ
846 584 996 652 ἰσχὺς
1029 582 1215 647 αὑτοῦ,

271 678 357 732 11.
403 677 511 728 Καὶ
544 676 641 744 τῆς
676 675 940 736 συνέσεως
976 674 1138 726 αὐτοῦ
1193 676 1292 728 οὐκ
1320 675 1466 729 ἐστιν
1517 677 1769 749 ἀριθμός.

270 769 356 821 1‘2.
401 765 818 835 Ἀναλαμϐάνων
855 769 1046 836 πραεῖς
1089 767 1116 816 ὁ
1153 765 1352 835 Κύριος
1374 784 1385 795 ο

269 862 356 914 15.
390 857 672 912 Ταπεινῶν
711 858 766 910 δὲ
795 857 1152 927 ἁμαρτωλοὺς
1178 857 1280 919 ἓως
1313 858 1411 927 τῆς
1444 863 1564 930 γῆς,

271 953 357 1006 14.
407 950 695 1020 Ἐξάρξατε
723 947 800 1018 τῷ
830 948 1018 1018 Κυρίῳ
1053 949 1109 1000 έν
1141 946 1522 1018 ἐξομολογήσει
1543 966 1556 977 ⁸

271 1044 357 1096 15.
390 1042 608 1095 Ψάλατε
641 1039 717 1108 τῷ
743 1038 861 1108 Θεῷ
887 1037 1044 1108 ἡμῶν
1077 1039 1133 1090 ὲν
1170 1038 1390 1109 κιθάρᾳ.

271 1135 358 1188 16.
390 1133 478 1201 Τῷ
511 1131 887 1202 περιδάλλοντι
924 1131 1013 1182 τὸν
1047 1130 1276 1200 οὐρανὸν
1311 1132 1366 1182 ἐν
1394 1130 1665 1199 νεφέλαις,

271 1227 357 1279 17.
391 1224 480 1292 Τῷ
510 1221 848 1293 ἐτοιμάζοντι
875 1225 941 1292 τῇ
973 1224 1041 1291 γῇ
1073 1221 1242 1272 ὑετόν.

270 1317 356 1369 18.
393 1315 481 1385 Τῷ
518 1315 916 1379 ὲξανατέλλοντι
945 1316 1000 1365 ὲν
1034 1314 1181 1384 ὄρεσι
1214 1312 1406 1384 χόρτον
1430 1354 1444 1375 ,

269 1407 354 1460 19.
391 1408 501 1459 Καὶ
534 1407 694 1476 χλόην
725 1409 788 1475 τῇ
823 1405 1036 1474 δουλείᾳ.
1065 1404 1173 1456 τῶν
1206 1405 1528 1476 ἀνθρώπων.

264 1500 354 1554 20.
384 1500 588 1552 Διδόντι
617 1501 729 1561 τοῖς
753 1501 977 1567 κτήνεσι
1004 1498 1211 1568 τροφὴν
1240 1499 1446 1559 αὐτῶν,

263 1590 356 1644 21.
387 1591 497 1644 Καὶ
520 1593 632 1651 τοῖς
658 1591 894 1651 νεοσσοῖς
927 1588 1034 1641 τῶν
1064 1589 1314 1659 κοράκων
1341 1593 1450 1652 τοῖς
1485 1590 1774 1642 ἐπικαλου-

193 1682 380 1753 μένοις
409 1682 590 1736 αὐτόν.

1100 373 1186 427 DE
1221 373 1498 430 TITULIS
1538 375 1991 432 PSALMORUM.
2028 409 2096 417 —
2134 375 2330 431 PSAL.
2371 376 2602 431 CXLVI.

3318 370 3336 422 1
3347 368 3449 424 536

1801 507 1841 554 Α
1944 496 1992 549 9.
2027 494 2255 564 Magnus
2286 495 2548 551 Dominus
2575 505 2779 560 noster,

1950 586 2029 641 10.
2066 588 2128 641 Et
2158 603 2350 656 magna
2379 589 2548 642 virtus
2574 588 2712 657 ejus,

1949 681 2032 733 11.
2074 679 2138 735 Et
2167 681 2444 750 sapientiae
2475 681 2595 749 ejus
2619 697 2724 734 non
2749 686 2832 734 est
2861 692 3140 732 numerus.

1951 774 2036 826 12.
2073 773 2385 843 Suscipiens
2421 783 2737 828 mansuetos
2774 772 3075 826 Dominus:

1954 865 2038 917 15.
2071 863 2374 919 llumilians
2396 873 2574 920 autem
2601 876 2911 934 peccatores
2937 878 3110 932 usque
3132 862 3197 916 ad
3227 870 3444 915 terram.

1953 956 2035 1008 14.
2067 953 2352 1010 PI-azcinite
2381 955 2610 1009 Domino
2641 955 2692 1009 in
2727 955 3066 1010 confessione
3098 972 3112 1006 :

1951 1047 2036 1100 15.
2073 1045 2291 1101 Psallite
2315 1045 2424 1100 Deo
2459 1055 2647 1101 nostro
2671 1046 2724 1100 in
2765 1046 2989 1101 cithara.

1950 1138 2036 1191 16.
2070 1139 2172 1204 Qui
2209 1141 2382 1209 operit
2411 1139 2610 1194 coelum
2642 1139 2912 1200 nubibus,

1950 1230 2034 1283 17.
2077 1231 2140 1283 Et
2177 1241 2330 1300 parat
2371 1240 2525 1284 terra:
2561 1230 2818 1300 pluviam.

1953 1320 2037 1373 18.
2079 1321 2179 1385 Qui
2214 1321 2467 1390 producit
2499 1320 2552 1374 iu
2587 1319 2864 1374 montibus
2898 1317 3102 1380 fenum,

1956 1410 2041 1464 19.
2071 1409 2137 1462 Et
2167 1410 2385 1465 herbam
2417 1409 2662 1465 servituti
2691 1410 2994 1464 hominum.

1950 1502 2038 1556 20.
2073 1499 2176 1567 Qui
2205 1503 2291 1556 dat
2323 1503 2583 1571 jumentis
2608 1518 2788 1557 escam
2825 1504 3063 1572 ipsorum
3090 1544 3104 1561 .

1953 1593 2040 1647 ‘21.
2071 1591 2133 1646 Et
2163 1594 2323 1662 pullis
2358 1609 2646 1648 corvorum
2679 1594 3055 1649 invocantibus
3081 1609 3224 1647 eum.

269 1795 350 1868 (al
391 1794 548 1868 νοτ-ε.
573 1794 627 1848 9.
657 1795 878 1868 Μέγας,
927 1804 1059 1868 ct_c.,
1099 1811 1271 1868 usque
1304 1797 1374 1868 ad
1400 1797 1584 1850 αὐτοῦ.
1621 1795 1768 1851 Vers.

1874 1802 1902 1850 l.
1939 1797 2048 1850 Καὶ
2091 1797 2218 1867 τῆς,
2246 1808 2349 1852 etc.
2390 1797 2542 1853 Vcrs.
2567 1799 2651 1852 11.
2693 1797 3137 1868 Ἀναλαμϐάνων,
3163 1805 3266 1850 etc.
3292 1792 3447 1850 Vers.

191 1867 282 1921 12.
309 1865 611 1929 Ταπεινῶν,
647 1873 775 1928 etc.,
808 1865 909 1927 ἕως
939 1866 1062 1933 γῆς,
1098 1873 1150 1920 et
1180 1867 1259 1920 sic
1286 1866 1541 1938 deinceps
1577 1868 1629 1920 in
1662 1869 1768 1922 cod.

1874 1882 1962 1921 :rs.
2011 1865 2378 1923 recensentur.

1331 1983 1705 2038 ATHANASII
1747 1983 2328 2041 INTERPRETATIO.

265 2079 424 2144 9,10.
460 2078 522 2133 Ὀ
548 2080 634 2133 διὰ
665 2078 755 2130 τοῦ
806 2079 1037 2132 Θανάτου
1073 2079 1237 2132 αὐτοῦ
1270 2082 1624 2150 καταργήσας
1678 2080 1768 2133 τὸν

1941 2081 1996 2142 9,
2043 2081 2126 2134 10.
2179 2083 2280 2148 Qui
2336 2100 2429 2153 per
2490 2095 2716 2139 mortem
2753 2099 2908 2138 suam
2970 2081 3274 2151 proﬂigavit
3305 2095 3450 2145 eum,

188 2173 254 2227 τὸ
282 2173 479 2244 κράτος
508 2171 698 2241 ἔχοντα
725 2170 818 2222 τοῦ
846 2169 1097 2232 θανάτου,
1132 2171 1374 2223 τουτέστι
1391 2172 1478 2224 τὸν
1506 2171 1768 2226 διάϐολον.

268 2265 353 2318 11.
395 2265 458 2315 Ὢ
509 2261 702 2326 ,βάθος
752 2263 1040 2324 πλούτου,
1096 2263 1189 2315 καὶ
1224 2264 1480 2330 σοφίας,
1513 2263 1609 2316 καὶ
1637 2263 1776 2333 γνώ-

186 2371 348 2419 σεως
383 2351 564 2406 Θεοῦ]
597 2352 672 2418 ὡς
705 2351 1140 2418 άνεξερεύνητα
1170 2352 1240 2404 τὰ
1280 2353 1530 2420 κρίματα
1563 2354 1770 2417 αὑτοῦ,

188 2444 292 2498 καὶ
333 2443 778 2512 ἀνεξιχνίαστοι
809 2446 868 2496 αἱ
918 2444 1043 2496 ὁδοί
1087 2443 1274 2497 αὐτοῦ
1298 2443 1318 2495 .'
1352 2444 1445 2508 Τίς
1484 2444 1592 2512 γὰρ
1625 2443 1776 2514 ἔγνω

185 2531 342 2588 γοῦν
388 2533 643 2601 Κυρίου;
673 2532 710 2600 ἢ
757 2533 846 2597 τίς
889 2533 1236 2599 σύμϐουλος
1268 2531 1453 2585 αὑτοῦ
1495 2531 1775 2600 crevere;

188 2625 292 2679 σὺν
319 2624 398 2696 τῷ
437 2625 612 2695 Πατρὶ
640 2624 873 2696 γὰρ-καὶ
897 2622 973 2692 τῷ
1000 2624 1140 2692 ἁγίῳ
1171 2623 1447 2694 Πνεύματι
1482 2624 1775 2694 βουλευσά-

189 2733 386 2788 μενος,
417 2715 748 2778 θανατωθεὶς
778 2715 1111 2786 ὲςωοποίησε
1139 2716 1265 2778 τοὺς
1293 2716 1537 2787 νεκρούς.

265 2809 354 2862 12.
403 2808 799 2879 Προσκαλεῖται
864 2808 1000 2878 πρὸς
1065 2808 1257 2861 ἑαυτὸν
1330 2808 1458 2872 τοὺς
1528 2809 1604 2880 μὴ
1651 2809 1777 2863 ἀνθ-

187 2901 520 2970 ισταμένους
551 2901 664 2962 τοῖς
695 2900 1110 2970 προστάγμασιν
1143 2897 1326 2951 αὑτοῦ.

269 2994 358 3046 15.
383 2991 667 3064 Παραδοὺς
710 2991 766 3044 δὲ
801 2990 891 3042 τὸν
930 2990 1176 3042 διάϐολον
1197 2991 1501 3061 τηρεῖσθαι,
1537 2991 1776 3056 καὶτοὺς

184 3083 457 3152 ἀγγέλους
500 3081 699 3148 αὑτοῦ,
752 3083 845 3134 καὶ
886 3082 1011 3144 τοὺς
1067 3082 1426 3153 πειθομένους
1476 3083 1658 3146 αὐτοῖς
1715 3085 1774 3136 ὲν

183 3179 304 3239 τοῖς
335 3175 671 3236 κατωτάτοις
705 3174 803 3244 τῆς
842 3174 964 3244 γῆς.

262 3270 351 3324 14.
412 3269 724 3335 Διανοίξατε
786 3267 883 3329 τὰς
959 3265 1178 3336 καρδίας
1226 3265 1379 3336 ὑμῶν
1429 3265 1508 3337 τῷ
1564 3266 1774 3338 Κυρίῳ,

183 3361 671 3433 ἐξομολογούμενοι
710 3359 877 3428 αὐτῷ.
966 3403 978 3416 ,

1876 2175 1968 2244 qui
2017 2177 2211 2231 mortis
2243 2178 2530 2246 imperium
2591 2179 2853 2240 habebat,
2887 2179 2991 2232 hoc
3014 2187 3098 2232 est
3152 2177 3449 2231 diabolum.

1949 2268 2034 2321 11.
2085 2267 2129 2322 0
2170 2267 2398 2322 altitudo
2440 2270 2766 2334 divitiarum,
2809 2283 2859 2323 et
2903 2272 3191 2339 sapientia,
3218 2282 3266 2324 et
3294 2273 3454 2324 scien-

1878 2359 1966 2412 tia:
1992 2359 2129 2413 Dei!
2155 2378 2311 2432 quam
2334 2363 2813 2431 imperscrutabilia
2845 2372 2966 2416 sunt
2987 2362 3195 2431 judicia
3225 2364 3340 2431 ejus
3362 2404 3376 2426 ,
3407 2375 3454 2417 et

1875 2452 2264 2520 investigabiles
2293 2454 2389 2505 viae
2409 2455 2521 2522 ejus
2550 2454 2569 2506 !
2597 2453 2727 2519 Qui:
2757 2456 2894 2508 enim
2930 2456 3070 2509 norit
3103 2466 3321 2510 mentem
3353 2455 3452 2508 Do-

1877 2543 2028 2605 mini,
2069 2545 2256 2612 etquis
2285 2545 2622 2598 consiliarius
2653 2546 2766 2615 ejus
2785 2548 2887 2615 fuit
2907 2549 2946 2578 “
2962 2550 2984 2600 Υ
3003 2546 3136 2602 Nam
3155 2563 3277 2602 cum
3295 2548 3454 2605 Patre

1876 2643 1930 2688 et
1958 2651 2081 2689 cum
2113 2633 2316 2705 Spiritu
2350 2649 2541 2691 sancto
2587 2638 2720 2692 inito
2748 2640 2998 2704 consilio,
3032 2641 3193 2695 morti
3225 2641 3454 2696 traditus

1878 2736 2126 2782 mortuos
2160 2728 2468 2783 viviﬁcavit.

1949 2819 2034 2872 12.
2088 2820 2332 2875 Advocat
2373 2825 2441 2876 ad
2482 2837 2541 2876 se
2597 2824 2774 2892 ipsum
2808 2839 2916 2878 non
2945 2826 3297 2882 adversantes
3317 2841 3448 2897 prae-

1876 2912 2048 2980 ceptis
2081 2912 2216 2966 suis.

1947 3005 2030 3058 15.
2083 3003 2328 3060 Tradidit
2375 3014 2553 3061 autem
2594 3006 2894 3071 diabolum,
2939 3017 2991 3063 et
3046 3011 3265 3079 angelos
3311 3027 3453 3081 ejus,

1874 3104 1930 3151 et
1951 3096 2270 3154 obedientes
2304 3099 2456 3168 ipsis,
2491 3109 2551 3155 ut
2579 3101 2990 3156 custodirentur
3024 3105 3077 3157 in
3109 3103 3450 3162 inferioribus

1877 3195 2052 3241 terrae.

1947 3277 2030 3332 14.
2095 3279 2306 3348 Aperite
2360 3283 2524 3337 corda
2572 3295 2746 3338 vestra
2809 3285 3068 3352 Domino,
3140 3293 3450 3347 conﬁtentes

1880 3379 2002 3432 ψει.

263 3453 353 3507 15.
386 3451 781 3522 Νεκρώσαντες
833 3451 899 3502 τὰ
927 3450 1060 3520 μέλη
1111 3449 1284 3518 ὑμῶν,
1332 3447 1586 3514 δοξάσατε
1613 3448 1768 3501 αὐτὸν

1950 3456 2034 3510 15.
2070 3456 2456 3519 Mortiﬁcantes
2489 3465 2733 3521 membra
2774 3476 2973 3535 vestra,
3003 3470 3300 3542 gloriﬁcate
3325 3488 3450 3530 eum

183 3545 251 3600 ὲν
277 3544 481 3607 αὐτοῖς.

258 3633 347 3688 16.
377 3633 469 3704 Τῷ
496 3633 752 3686 σκέποντι
808 3632 899 3684 τὸν
961 3631 1118 3703 χορὸν
1171 3631 1280 3686 τῶν
1320 3633 1491 3700 ἁγίων
1522 3631 1687 3685 αὐτοῦ
1715 3634 1773 3685 ἐν

179 3728 301 3789 τοῖς
325 3726 657 3798 χαρίσμασιν
682 3723 773 3777 τοῦ
797 3722 936 3776 Πνεύ
946 3740 1112 3794 ματος
1134 3723 1228 3776 τοῦ
1255 3725 1433 3791 ἁγίου.
1466 3724 1574 3776 Καὶ
1599 3723 1774 3787 ἄλλως

179 3817 251 3890 δὴ
300 3816 573 3888 λέξωμεν·
630 3818 734 3872 Τὸν
787 3818 1098 3889 πληροῦντα
1147 3817 1238 3870 τὸν
1287 3816 1613 3897 παράδεισον
1653 3806 1772 3870 ’τῶν

179 3904 360 3974 ἁγίων
393 3904 578 3958 αὑτοῦ.

260 3998 348 4050 17.
394 3997 485 4066 Τῷ
542 3997 914 4068 εὐτρεπίζοντι
954 3997 1015 4049 τὸ
1050 3998 1310 4067 κήρυγμα
1366 3996 1530 4049 αὑτοῦ
1584 4000 1651 4068 τῇ
1691 4000 1773 4050 ol-

179 4089 447 4160 κουμένῃ.
516 4089 706 4159 Ὅμως
737 4089 831 4143 καὶ
864 4089 1036 4151 ἄλλως
1080 4088 1352 4158 λέξωμεν·
1406 4087 1497 4158 Τῷ
1541 4089 1772 4160 ἑτοίμως

179 4181 480 4252 παρέχοντι
505 4182 704 4253 καρδίᾳ
733 4185 898 4252 πιστῇ
930 4182 1030 4253 τὴν
1059 4181 1218 4253 χάριν
1247 4181 1432 4236 αὑτοῦ.

259 4273 348 4328 18.
383 4273 460 4345 (1)
490 4274 570 4326 Τὰ
614 4273 751 4344 ἄνθη
808 4275 917 4328 τῶν
963 4275 1318 4345 χαρισμάτων
1356 4274 1522 4328 αὑτοῦ
1569 4277 1627 4328 ἐν
1658 4279 1772 4340 τοῖς

177 4365 307 4420 leve
315 4382 418 4419 σιν.

257 4455 345 4509 19.
368 4455 477 4508 Καὶ
503 4456 571 4508 τὰ
603 4455 760 4523 λόγια
789 4456 954 4509 αὐτοῦ
988 4459 1067 4520 εἰς
1087 4457 1393 4510 ἀνάπαυσιν
1420 4459 1540 4520 ταῖς
1571 4457 1770 4529 ψυχαῖς

177 4547 278 4600 καὶ
303 4548 417 4609 τοῖς
449 4546 635 4616 μέλεσι
663 4546 773 4600 τῶν
809 4546 1130 4617 ἀνθρώπων.

253 4638 344 4692 20.
383 4638 588 4691 Διδόντι
633 4642 743 4701 τοῖς
785 4637 1064 4698 ἀσυνέτοις
1114 4638 1326 4691 σύνεσιν
1359 4638 1451 4692 τοῦ
1490 4641 1768 4712 μεταλαμ-

1875 3562 1929 3600 ιη
1957 3563 2111 3603 IDSIS.

1957 3564 1970 3600 ι
2014 3563 2111 3603 SIS.

1947 3563 2032 3693 1:.
2082 3639 2186 3708 Qui
2237 3646 2466 3717 protegit
2505 3647 2731 3702 chorum
2760 3661 3074 3706 sanctorum
3103 3655 3223 3723 ejus
3270 3656 3324 3710 in
3354 3656 3453 3712 do-

1876 3729 1962 3783 nis
1998 3729 2236 3801 Spiritus
2266 3737 2462 3791 sancti.
2503 3737 2568 3791 Et
2603 3740 2759 3794 aliter
2793 3743 3009 3812 quidem
3033 3745 3450 3814 explicabimus,

1877 3819 2108 3878 dicendo
2136 3843 2148 3879 :
2174 3824 2280 3892 Qui
2309 3828 2496 3899 implet
2523 3831 2840 3902 paradisum
2871 3838 3078 3892 sanctis
3103 3839 3235 3894 suis.

1953 4000 2042 4055 17.
2084 4002 2190 4070 Qui
2226 4017 2497 4076 prmparat
2544 4013 2982 4080 praedicationem
3033 4033 3187 4074 suam
3235 4023 3451 4079 univer-

1876 4105 1951 4145 sae
2001 4103 2173 4149 terrae.
2209 4094 2597 4155 Verumtamen
2644 4112 2700 4157 et
2751 4107 2907 4162 aliter
2933 4109 3252 4178 explicando
3301 4115 3453 4169 dice-

1875 4199 1999 4239 mus
2017 4204 2029 4239 :
2046 4184 2149 4252 Qui
2172 4199 2420 4259 prompte
2442 4193 2664 4250 exhibet
2684 4199 2833 4252 cordi
2861 4199 2998 4254 ﬁdeli
3024 4203 3249 4270 gratiam
3268 4221 3446 4264 suam.

1947 4283 2032 4337 18.
2062 4285 2249 4342 Flores
2275 4287 2394 4356 ejus
2433 4290 2823 4350 charismatum
2846 4297 2898 4350 in
2929 4301 3202 4367 gentibus.

1946 4463 2034 4518 19.
2063 4464 2128 4520 Et
2158 4467 2377 4537 eloquia
2427 4471 2548 4541 ejus
2576 4473 2628 4527 in
2681 4477 2920 4546 requiem
2956 4481 3152 4537 animis
3187 4493 3243 4539 et
3274 4501 3447 4542 mem-

1872 4554 1986 4610 bris
2017 4557 2322 4616 hominum.

1948 4646 2034 4700 20.
2070 4648 2174 4715 Qui
2203 4651 2295 4706 dat
2334 4653 2716 4725 insipientibus
2743 4658 3071 4717 intellectum
3105 4666 3172 4720 ad
3202 4682 3449 4739 compre-

175 4729 368 4782 δάνειν
404 4729 511 4782 τῶν
551 4731 987 4800 προσταγμάτων
1017 4730 1182 4782 αὑτοῦ
1219 4729 1327 4784 τῶν
1361 4731 1768 4794 ζωοποιούντων

182 4822 344 4843 ...9.--3
366 4841 380 4843 -

1875 4739 2159 4797 hendenda
2189 4744 2310 4814 ejus
2339 4758 2604 4819 praecepta
2627 4793 2642 4818 ,
2668 4753 2868 4822 quibus
2899 4758 3256 4815 viviticantur.

173 4822 402 4877 αὐτούς.

249 4841 348 4874 ιτου
388 4861 402 4876 .

249 4841 485 4969 21.ςΚαὶ
515 4917 627 4976 τοῖς
668 4913 775 4967 τῶν
807 4914 1284 4985 μεμελανωμένωνΔ
1315 4917 1407 4968 καὶ
1436 4916 1764 4988 ἀκαθάρτων

175 5003 350 5058 ἐθνῶν
375 5004 584 5066 τέκνοις
622 5003 796 5067 διδοὺς
834 5004 1039 5075 τροφὴν
1079 5005 1176 5075 τὴν
1217 5006 1374 5075 χάριν
1417 5006 1580 5059 αὑτοῦ
1602 5048 1615 5071 ,
1652 5013 1763 5074 τοῖς

171 5093 267 5146 διὰ
295 5093 396 5163 τῆς
427 5093 662 5156 πίστεως
689 5094 958 5147 άναϐοῶσι
990 5095 1125 5166 πρὸς
1155 5096 1334 5148 αὐτόν.

254 5208 294 5238 ³³
336 5204 492 5259 Rom.
534 5223 625 5273 xl,
655 5207 746 5261 53.

1941 4921 2030 4976 21.
2050 4921 2117 4977 Et
2140 4924 2265 4982 ﬁliis
2290 4929 2553 4997 gentium,
2576 4947 2698 5001 qua:
2750 4933 3043 5008 denigratae
3068 4951 3122 4996 et
3153 4943 3445 5003 immundae

1871 5022 2022 5076 sunt,
2058 5015 2424 5074 clamantibus
2450 5022 2519 5076 ad
2549 5038 2674 5077 eum
2704 5040 2801 5094 per
2831 5029 2989 5083 tidem
3019 5032 3072 5086 in
3108 5036 3289 5091 cilium
3319 5056 3443 5094 ora-

1870 5105 1998 5157 tiam
2035 5123 2190 5161 suam
2223 5113 2441 5180 praebet.

1144 5277 1448 5338 Addenda
1487 5286 1546 5339 et
1587 5281 1959 5362 corrigenda
1994 5306 2070 5349 ex
2103 5293 2242 5354 cod.
2279 5297 2480 5361 Vatic.

250 5379 327 5459 t1)
349 5380 546 5459 _N_..17.
577 5380 667 5450 Τῷ
693 5379 1096 5459 ἐξανατέλλοντι
1125 5379 1190 5432 τὰ
1242 5378 1400 5459 ἄνθη,
1428 5380 1648 5459 etc._N._

175 5450 372 5504 Καὶτά
395 5451 683 5519 λόγια,ειο.
702 5452 769 5505 Ν.
792 5452 856 5505 19
891 5450 1114 5511 Διδόντι,
1141 5450 1376 5514 (δια,τοῦ
1408 5451 1754 5520 μεταλαϐεῖν,

1866 5460 1923 5509 ἐν
1948 5478 1996 5513 τ.

1867 5397 2349 5475 τεταπεινωμένῃ,
2383 5410 2488 5475 etc.
2526 5404 2735 5459 εὐδοκεῖ
2781 5413 3072 5466 κατοικεῖν.
3110 5414 3179 5470 Ν.
3204 5415 3290 5470 24.
3336 5420 3444 5475 Καὶ

2207 5469 2290 5553 ἔφ’
2455 5475 2523 5554 εί.
2552 5475 2750 5556 δίκαιοι
2771 5495 2784 5507 ·
2812 5469 3266 5556 ἐλπίζονταςυοῖε.

175 5530 282 5574 etc.
309 5521 471 5577 ΝΞΟ.
498 5523 606 5573 Καὶ
632 5520 740 5573 τῶν
772 5521 1259 5591 μεμελανωμένων,
1291 5529 1394 5573 etc.
1428 5522 1494 5573 N.
1521 5521 1610 5575 2|.
1639 5522 1755 5577 Οὔκ

177 5591 236 5620 In.
285 5602 367 5620 nln
415 5592 461 5620 Ν
511 5591 580 5620 aa
631 5591 857 5620 negt-:3.
893 5600 976 5620 ηοη
1015 5590 1060 5620 Ν
1113 5590 1181 5620 Οἳ
1239 5590 1376 5620 ἈἹἏ⁹
1405 5593 1461 5620 ἑ..
1495 5610 1526 5620 ι.
1577 5609 1607 5620 ρ
1661 5595 1749 5620 ...Α

1874 5520 2068 5602 ζουσιν)
2090 5535 2177 5601 δὲ,
2209 5520 2291 5592 ὅτι
2320 5541 2407 5594 διὰ
2437 5544 2538 5614 τῆς
2565 5545 2898 5620 ἀγαθότητος

176 5591 256 5655 ὲν,
284 5602 384 5644 etc.
414 5592 480 5643 Ν.
511 5591 601 5644 22.
631 5590 996 5662 Ob6ét§b,etc.
1015 5590 1081 5642 N.
1113 5590 1202 5644 25.
1239 5590 1376 5642 Ἀλλ’
1405 5593 1461 5644 ἐν
1495 5610 1548 5645 κ.
1577 5609 1627 5644 σ.
1661 5595 1754 5646 καὶ

178 5705 348 5783 puisse
369 5705 552 5783 togam
588 5706 1259 5783 abecclesiasejunctum
1297 5714 1352 5783 et
1383 5706 1677 5783 ecclesiam
1711 5709 2040 5783 adeuntibus
2085 5713 2464 5775 absconditum
2499 5723 2779 5783 declarant

2815 5732 3157 5807 potissimum
3176 5751 3247 5807 ea
3269 5780 3282 5801 .
3320 5755 3440 5807 (μην

177 5777 245 5830 de
276 5779 421 5868 cede
448 5775 682 5868 t’roterii
701 5776 939 5868 episcopi
968 5776 1320 5857 Alexandrini
1347 5777 1421 5868 ab
1447 5775 1676 5868 Evagrio
1695 5790 1750 5833 et
1774 5779 2028 5868 Eiberato
2054 5783 2316 5868 diacono.
2342 5775 3433 5868 aliisque'tradﬁi‘t'a

182 5855 336 5902 sexto
363 5856 572 5902 centum
603 5855 704 5908 est.
743 5847 1060 5908 baptisteria
1090 5847 1144 5901 in
1173 5846 1461 5916 propatulo
1495 5856 1548 5902 et
1582 5848 1637 5904 in
1673 5851 1932 5906 narthece
1960 5853 2203 5913 ecclesiae
2238 5846 2502 5920 adiﬁcata
2531 5846 2721 5924 ruﬁs}:
