4036 6426
666 327 799 383 1327
1451 333 1509 389 S.
1553 332 1926 388 A'I'llANASll
1965 333 2114 387 UPP.
2161 332 2338 384 PARS
2379 332 2464 387 lll.
2505 362 2571 372 —
2613 333 3024 392 EXEGETICA.
3763 339 3892 398 l3”

714 447 803 501 22.
832 445 948 501 Non
983 448 1034 501 in
1072 447 1390 504 fortitudine
1427 454 1550 522 equi
1585 455 1912 509 voluntatem
1946 455 2161 510 habebit
2193 473 2206 508 :
2241 462 2282 515 Α

2127 455 2161 508 it
2193 473 2206 508 :
2241 462 2282 515 Α
2382 453 2468 509 22.
2501 458 2612 510 Ούκ
2647 459 2704 509 ἐν
2740 461 2805 528 τῇ
2833 457 3116 529 δυναστείᾳ
3145 459 3243 511 τοῦ
3273 459 3440 512 ἵππου
3474 461 3721 531 θελήσει·

714 538 804 592 25.
839 536 947 592 Nec
976 539 1028 591 in
1063 540 1209 594 tibiis
1236 542 1335 595 viri
1361 543 1750 612 beneplacitum
1781 548 1885 600 erit
1912 548 1977 602 ei.

2382 547 2469 600 23.
2499 547 2630 600 Ούδὲ
2659 549 2714 599 ἐν
2749 551 2865 611 ταῖς
2899 551 3131 619 κνήμαις
3158 549 3249 603 τοῦ
3279 551 3468 622 ἀνδρὸς
3497 552 3757 605 εὐδοκιεῖ,

714 629 805 683 24.
828 629 1228 700 Beneplacitum
1250 642 1332 687 est
1357 633 1581 690 Domino
1605 653 1769 706 super
1791 638 2040 694 timentes
2061 655 2206 702 eum,

2195 680 2206 702 ,
2380 639 2468 692 24.
2507 639 2733 692 Εύδοκεῖ
2757 640 2950 711 Κύριος
2981 646 3035 695 ἐν
3061 647 3173 706 τοῖς
3202 643 3558 712 φοϐουμένοις
3600 646 3789 706 αὑτὸν,

713 723 799 777 25.
837 721 901 775 Ει
921 723 974 776 ἰη
1005 723 1085 778 eis
1111 724 1204 793 qui
1236 737 1454 796 sperant
1484 743 1646 797 Super
1669 730 2034 784 misericordia
2068 732 2204 797 ejus.

2377 727 2466 780 25.
2504 729 2612 780 Καὶ
2644 731 2701 781 ἐν
2729 731 2803 799 (α)
2829 734 2941 794 τοῖς
2964 731 3270 795 ἐλπίζουσιν
3299 734 3392 786 ἐπὶ
3424 734 3485 786 τὸ
3515 734 3670 797 ἕλεος
3705 735 3882 788 αὑτοῦ.

701 829 953 884 Alleluia.
997 831 1177 902 Aggazi
1207 844 1254 887 et
1287 834 1585 900 Zachariae,
1620 837 1820 893 PSAL.
1853 839 2135 895 CXLVII.

2320 841 2688 906 ’Auundodi'a.
2726 841 3000 911 Ἀγγαίου
3022 843 3116 896 καί
3137 847 3451 911 Ζαχαρίου.
3494 848 3679 900 ΨΑΛ.
3699 851 3883 900 PMZ'.

709 921 759 974 1.
791 920 1000 985 Lauda,
1037 921 1394 988 Hierusalem.
1433 928 1720 984 Dominum
1743 970 1760 996 ,

2379 932 2430 984 1.
2475 931 2732 996 Ἐπαίνει,
2767 932 3142 1004 Ἰερουσαλὴμ,
3173 935 3263 986 τὸν
3303 935 3528 1007 Κύριον,

705 1011 760 1067 2.
802 1011 985 1067 Lauda
1019 1013 1185 1069 Deum
1218 1026 1393 1098 tuum,
1428 1018 1578 1074 Sion.

2374 1020 2427 1076 2.
2460 1020 2607 1074 Αίνει
2641 1022 2732 1074 τὸν
2761 1022 2892 1074 Θεόν
2918 1040 3010 1075 σου
3032 1063 3047 1087 ,
3075 1025 3231 1077 Σιών.

704 1102 758 1157 3.
794 1101 1058 1169 Quoniam
1089 1107 1415 1164 confortavit
1446 1126 1596 1166 seras
1629 1122 1906 1180 partarum
1948 1123 2196 1169 tuarum:

2376 1113 2428 1166 3.
2466 1114 2587 1166 Ὅτι
2635 1114 2884 1185 ἑνίσχυσε
2939 1118 3065 1179 τοὺς
3107 1117 3335 1188 μοχλοὺς
3365 1135 3474 1170 των
3520 1118 3712 1171 πυλῶν
3762 1136 3884 1170 σου·

707 1191 756 1246 1.
795 1191 1070 1251 Benedixit
1105 1198 1230 1252 filiis
1260 1199 1365 1253 tuis
1397 1200 1451 1254 in
1480 1208 1549 1254 te.

2373 1202 2428 1257 4.
2465 1203 2894 1275 Εύλόγησε·τοὺς
2923 1208 3070 1271 υἱούς
3102 1225 3193 1260 σου
3217 1211 3273 1261 ὲν
3303 1208 3403 1265 σοί.

703 1283 758 1338 5.
799 1283 900 1351 Qui
935 1288 1115 1356 posuit
1143 1288 1275 1343 lines
1307 1301 1428 1345 tuos
1463 1307 1673 1360 pacem,

2374 1294 2427 1349 5.
2477 1295 2534 1347 '0
2559 1296 2726 1360 τιθεὶς
2751 1296 2819 1350 τὰ
2846 1299 2969 1369 ὅριά
2999 1316 3091 1352 σου
3117 1302 3360 1371 εἰρήνην,

703 1373 754 1427 6.
800 1373 862 1429 Et
894 1377 1050 1444 adipe
1085 1375 1342 1433 frumenti
1372 1381 1534 1435 satiat
1568 1390 1638 1436 te.

2367 1385 2416 1440 6.
2460 1387 2570 1440 Kal.
2597 1388 2761 1459 στέαρ
2791 1391 2963 1461 πυροῦ
2993 1390 3282 1460 ἐμπιπλῶν
3319 1409 3397 1444 σε.

691 1587 942 1673 ῖαβὲῗε.
969 1603 1057 1654 2‘.
1085 1601 1137 1655 in
1162 1603 1279 1656 cod.
1313 1604 1424 1656 Kal
1455 1606 1511 1656 ἐν
1546 1606 1680 1657 πᾶσι
1712 1609 1844 1672 τοῖς,
1877 1617 1980 1662 etc.

1748 1760 2123 1817 ATHANASII
2169 1761 2751 1820 INTERPRETATIO.

693 1912 782 1966 22.
814 1910 930 1967 Non
956 1913 1008 1967 in
1033 1912 1348 1971 fortitudine
1372 1916 1675 1987 insipientis
1695 1919 2020 1974 voluntatem
2040 1920 2197 1976 liabe-
2227 1926 2270 1984 Β

2367 1922 2436 1976 22
2481 1922 2597 1977 Οὐκ
2621 1925 2678 1977 ἑν
2697 1926 2761 1994 τῇ
2784 1923 3070 1995 δυναστείᾳ
3095 1922 3187 1975 τοῦ
3216 1922 3475 1975 ἀσυνέτου
3503 1923 3730 1996 θελήσει
3754 1929 3874 1980 ἐνοι-

625 2002 724 2066 bit,
753 2011 811 2057 ut
839 2003 1103 2060 inhabitet
1130 2008 1302 2078 gratia
1330 2024 1450 2063 sua.

1364 2024 1450 2062 ua.
2289 2013 2453 2081 κῆσαι
2483 2011 2578 2082 τὴν
2599 2013 2757 2083 χάριν
2775 2010 2958 2065 αὑτοῦ.

694 2094 782 2148 23.
813 2093 997 2167 Neque
1043 2099 1447 2170 magnitudine,
1492 2109 1545 2154 et
1589 2100 1753 2156 corde
1797 2101 2065 2171 cujusque
2094 2100 2190 2156 de-

2359 2102 2450 2156 25.
2483 2088 2618 2157 ῧὺὁὲ
2644 2103 2720 2174 τῷ
2755 2102 2997 2174 μεγέθει,
3031 2101 3127 2154 καὶ
3155 2103 3220 2171 τῇ
3258 2099 3455 2171 καρδίᾳ
3485 2099 3728 2153 ἑκάστου
3758 2103 3873 2172 τέρ-

623 2187 871 2242 lectatur.

857 2229 871 2242 .
2295 2212 2451 2248 πεται

691 2281 781 2336 24.
817 2281 922 2336 Sed
956 2283 1007 2336 in
1062 2281 1229 2336 corde
1261 2281 1495 2337 contrito
1550 2291 1603 2336 et
1630 2283 1912 2338 humilialo
1939 2298 1968 2336 a
2000 2283 2195 2338 timore

2364 2287 2451 2340 24.
2495 2286 2632 2340 Ἀλλ’
2660 2288 2716 2339 ἐν
2749 2283 2942 2356 καρδίᾳ
2970 2284 3423 2354 συντετριμμένῃ.
3457 2283 3869 2352 τεταπεινωμέ-

621 2391 723 2432 suo
754 2375 1149 2444 beneplacitum
1189 2387 1273 2430 est
1298 2376 1345 2430 ei
1370 2417 1385 2439 ,
1410 2385 1464 2429 et
1495 2376 1780 2430 inhabitat.

2298 2394 2362 2451 νῃ
2392 2379 2496 2432 ὑπὸ
2526 2378 2618 2431 τοῦ
2656 2377 2820 2446 φόϐου
2856 2375 3019 2429 αὑτοῦ
3050 2375 3276 2435 εὐδοκεῖ,
3306 2376 3402 2427 καὶ
3429 2378 3707 2429 κατοικεῖ.

687 2463 776 2519 25.
803 2464 870 2521 Et
901 2481 1006 2521 non
1047 2467 1098 2519 in
1141 2467 1222 2521 eis
1244 2507 1260 2528 ,
1291 2466 1382 2535 qui
1409 2465 1689 2520 confidunt
1713 2468 1766 2520 in
1795 2482 1851 2520 se
1882 2466 2012 2535 ipsis
2038 2464 2185 2534 quod

2361 2471 2451 2525 25.
2490 2471 2598 2524 Kal.
2625 2472 2682 2524 ὲν
2709 2472 2820 2532 τοῖς
2857 2467 2931 2539 μὴ
2961 2466 3276 2519 πεποιθόσιν
3309 2469 3365 2519 ἑν
3393 2467 3636 2530 ἑαυτοῖς,
3665 2470 3751 2521 ὅτι
3781 2471 3874 2522 εἰσὶ

619 2555 729 2610 sint
745 2555 911 2625 justi;
952 2559 1041 2611 sed
1068 2558 1119 2611 in
1143 2557 1222 2611 eis
1245 2559 1337 2627 qui
1367 2567 1608 2626 sperant,
1631 2557 1776 2627 quod
1799 2557 1870 2611 ob
1893 2557 2011 2626 ejus
2035 2557 2187 2611 boni-

2291 2558 2485 2611 δίκαιοι
2525 2558 2866 2621 ἐλπίζοντας·
2898 2558 2980 2610 διὸ
3013 2557 3106 2610 καὶ
3137 2555 3276 2626 [ἀλλ’
3309 2557 3366 2607 ἑν
3393 2559 3506 2618 τοῖς
3541 2556 3873 2620 ἐλπίζουσιν,

619 2656 780 2703 tatem
813 2649 958 2718 digni
992 2650 1118 2702 ﬁent
1147 2649 1536 2704 misericordia.

2292 2650 2372 2701 ὅτι
2396 2649 2601 2720 καὶ]διὰ
2627 2649 2722 2718 τὴν
2746 2648 3054 2718 ἁγαθότητα
3069 2647 3232 2701 αὑτοῦ
3250 2647 3650 2720 ἀξιωθήσονται
3676 2649 3873 2712 ἐλέους.

696 2820 762 2874 Ἦ
790 2822 1120 2893 προκειμένη
1153 2822 1430 2893 ἐπιγραφὴ
1457 2823 1699 2896 περιέχει
1731 2824 1808 2893 (1)
1831 2841 1842 2851 ·
1887 2825 2270 2892 Ἀλληλούϊα,
2303 2824 2576 2893 Ἀγγαίου
2605 2822 2701 2875 καί
2736 2821 3033 2890 Ζαχαρίου
3053 2863 3067 2887 ,
3097 2820 3171 2884 ὡς
3202 2822 3535 2893 προείρηκα.
3583 2824 3686 2875 καὶ
3723 2825 3875 2876 πάλιν

619 2913 775 2982 λέγω,
797 2915 1131 2981 ἀλληλούτα
1159 2916 1514 2988 ἑρμηνεύεται
1545 2918 1761 2972 (κινεῖτε
1781 2919 1887 2972 τὸν
1917 2920 2064 2973 Θεόν
2084 2935 2098 2950 ·
2128 2921 2393 2989 Ἀγγαίου
2421 2919 2476 2971 δὲ
2504 2919 2864 2990 ἑρμηνεύεται
2895 2918 3033 2986 νίκη
3057 2915 3304 2978 λέοντος
3334 2911 3509 2982 Ἰησοῦ
3547 2911 3648 2964 τοῦ
3673 2913 3874 2982 Κυρίου

618 3007 790 3076 ήμῶν,
817 3008 882 3082 ἦν
913 3011 1202 3073 ἐποιήσατο
1225 3009 1311 3062 διὰ
1333 3013 1432 3082 τῆς
1462 3014 1762 3083 παρουσίας
1795 3014 1890 3067 καὶ
1917 3015 2026 3067 τῶν
2064 3005 2402 3086 παθημάτων
2428 3014 2615 3068 αὑτοῦ.

685 3094 897 3151 Titulus
930 3101 1252 3167 prepositus
1285 3105 1526 3158 continet
1557 3122 1570 3158 :
1607 3105 1856 3168 Alleluia,
1893 3106 2074 3174 Aggmi
2117 3115 2166 3158 et
2197 3105 2474 3159 Zacharia:
2502 3122 2520 3158 :
2558 3114 2617 3159 ut
2657 3105 2792 3168 dixi,
2835 3113 2889 3159 et
2923 3119 3115 3159 rursus
3161 3102 3317 3164 dico,
3345 3099 3570 3152 alleluia
3603 3099 3870 3169 interpre-

615 3196 758 3244 tatur
788 3189 1002 3244 laudate
1023 3191 1192 3246 Deum
1221 3211 1239 3248 :
1269 3195 1490 3264 Aggwus
1521 3204 1701 3249 autem
1735 3194 2123 3266 interpretatur
2154 3197 2376 3250 victoria
2394 3190 2584 3250 Leonis
2611 3193 2738 3249 Jesu
2760 3194 2972 3249 Domini
3004 3193 3198 3258 nostri,
3225 3203 3389 3261 quam
3415 3190 3608 3243 retulit
3635 3191 3870 3245 adventu

613 3289 664 3334 et
697 3281 949 3350 passione
979 3298 1097 3337 sua.

681 3428 731 3480 1.
767 3424 914 3478 Visio
945 3427 1092 3495 pacis
1127 3428 1364 3497 gloriﬁca
1397 3429 1711 3494 Dominum,
1740 3431 1844 3483 hoc
1872 3438 1957 3484 est
1987 3427 2173 3482 Eccle-
2202 3435 2245 3491 ο

2350 3427 2400 3480 1.
2431 3423 2661 3496 Ὂρασις
2693 3423 2794 3494 τῆς
2827 3424 3070 3495 εἰρήνης,
3097 3425 3319 3490 δόξασον
3351 3427 3440 3479 τὸν
3458 3427 3698 3498 Κύριον,
3719 3447 3863 3482 τουτ-

612 3519 691 3572 sia
729 3533 794 3573 ex
832 3520 1097 3589 gentibus,
1131 3520 1183 3574 in
1217 3538 1322 3591 qua
1352 3524 1465 3578 visa
1498 3535 1613 3588 est,
1644 3533 1697 3578 et
1726 3524 1940 3577 videtur
1967 3537 2070 3591 pax
2098 3529 2180 3574 to-

2286 3519 2432 3570 ἐστιν
2488 3518 2520 3587 ἡ
2549 3517 2607 3580 ἐξ
2634 3515 2801 3569 ἐθνῶν
2842 3515 3134 3584 Ἐκκλησία
3158 3559 3172 3580 ,
3201 3519 3256 3568 ἑν
3340 3518 3581 3589 ἑωράθη,
3618 3521 3719 3573 καὶ
3749 3522 3855 3590 ὁρᾶ

611 3610 718 3664 tius
751 3611 940 3665 mundi
967 3611 1225 3668 Dominus
1255 3625 1436 3670 noster
1455 3614 1616 3673 Jesus
1637 3635 1650 3671 :
1669 3615 2003 3670 Hierusalem
2031 3615 2176 3671 enim

2284 3628 2371 3663 ται
2405 3610 2595 3680 εἰρήνη
2639 3607 2716 3679 (2)
2764 3607 2858 3660 τοῦ
2895 3608 3095 3670 παντὸς
3148 3609 3352 3678 κόσμου
3399 3611 3426 3660 ὁ
3460 3609 3673 3679 Κύριος
3713 3611 3860 3680 ﬁt;ch

611 3699 996 3770 interpretatur
1030 3705 1157 3757 visio
1187 3707 1350 3772 pacis.

2299 3701 2500 3770 Ἰησοῦς
2521 3716 2533 3729 °
2580 3698 2964 3767 Ἰερουσαλὴμ
2995 3699 3103 3769 γὰρ
3132 3699 3493 3770 ἑρμηνεύεται
3537 3700 3762 3768 ὅρασις
3797 3706 3843 3755 ει

2273 3793 2489 3860 ρήνηςο

676 3876 728 3930 2.
772 3875 952 3932 Lauda
985 3878 1150 3934 Deum
1178 3891 1352 3946 tuum,
1376 3881 1615 3938 Ecclesia
1651 3884 1840 3952 ipsius,
1873 3887 1926 3938 in
1966 3900 2072 3954 qua
2093 3893 2177 3938 est

2349 3883 2404 3937 2.
2440 3881 2588 3935 Αίνει
2621 3883 2709 3937 τὸν
2736 3883 2869 3936 Θεόν
2903 3897 3018 3944 σου,
3049 3883 3080 3952 ή
3114 3880 3279 3935 αὑτοῦ
3306 3881 3382 3950 (5)
3421 3880 3753 3953 Ἐκκλησία,
3787 3884 3857 3935 ἒν-

609 3972 976 4023 sanctuarinm
1024 3971 1209 4040 gratiae
1237 3973 1354 4040 ejus
1386 3991 1398 4025 :
1431 3970 1558 4027 Sion
1599 3974 1743 4026 enim
1791 3973 2175 4044 interpretatur

2280 3971 2347 4025 θα
2375 3971 2436 4024 τὸ
2479 3971 2727 4042 ἅγίασμα
2755 3972 2852 4041 τῆς
2879 3970 3097 4040 χάριτος
3129 3970 3293 4024 αὐτοῦ
3328 3971 3443 4022 ἐστι
3465 3988 3477 4000 ο
3549 3971 3715 4025 Σιὼν
3761 3973 3856 4043 τὰ(

607 4058 750 4112 locus
781 4059 870 4111 ubi
902 4062 1311 4117 tabernaculum.

2279 4063 2637 4134 ἑρμηνεύεται
2670 4064 2851 4126 τόπος
2887 4061 3038 4114 ὅπου
3073 4063 3111 4129 ἠ
3144 4061 3368 4128 σκηνή.

676 4151 726 4203 5.
757 4147 1024 4216 Quoniam
1055 4152 1428 4206 corroboravit
1453 4152 1750 4222 potentiam
1773 4153 2167 4222 apostolorum,

2345 4156 2398 4209 5.
2437 4154 2562 4208 Ὀτι
2591 4154 2962 4222 ὲνεδυνάμωσε
2992 4151 3091 4215 τὰς
3116 4152 3437 4212 δυναστείας
3480 4151 3593 4204 τῶν
3629 4153 3839 4206 amns

607 4254 702 4304 per
729 4257 868 4310 quos
897 4256 1088 4298 omnes
1119 4244 1496 4314 ingrediuntur
1523 4245 1588 4300 ad
1624 4255 1696 4299 te.

2275 4245 2401 4308 λων,
2428 4245 2494 4298 δι’
2527 4238 2600 4298 ὧν
2631 4244 2827 4308 πάντες
2855 4245 3189 4315 εἰσέρχονται
3217 4243 3353 4315 πρὸς
3377 4242 3457 4296 σέ.

676 4332 728 4386 ι.
772 4333 1137 4390 Sanctificavit
1167 4353 1262 4391 eos
1288 4338 1340 4391 in
1366 4348 1551 4393 ventre
1578 4354 1699 4403 suo,
1747 4341 1849 4393 hoc
1873 4347 1958 4393 est
1993 4337 2048 4392 in
2086 4338 2169 4392 la-

2343 4335 2395 4388 4.
2435 4334 2685 4401 Ἡγίασεν
2715 4334 2908 4397 αὐτοὺς
2943 4335 3000 4386 ἐν
3031 4336 3097 4404 τῇ
3125 4333 3319 4404 γαστρί
3347 4349 3462 4394 σου,
3496 4333 3786 4387 τουτέστιν
3810 4338 3857 4387 ὲκ

607 4441 788 4479 νεα-ο.

2273 4428 2339 4494 τῇ
2369 4423 2741 4494 κολυμϐήθρᾳ.

684 4519 736 4572 5.
776 4516 952 4574 Porta
990 4521 1132 4574 enim
1167 4519 1324 4576 inferi
1356 4536 1461 4576 non
1511 4522 1878 4590 praevalebunt
1907 4522 2168 4576 adversus

2046 4537 2168 4576 rsus
2343 4514 2394 4568 5.
2424 4514 2594 4567 Πύλαι
2629 4515 2738 4585 γὰρ
2767 4513 2892 4583 ᾅδου
2916 4514 2978 4566 ού
3006 4511 3404 4584 κατασχύσουσί
3435 4529 3497 4565 σε
3534 4514 3639 4584 (4).

605 4619 658 4665 te
681 4613 744 4665 ".

674 4702 724 4754 6.
783 4702 848 4759 Et
888 4703 1046 4774 adipe
1091 4705 1493 4771 superemlestis
1541 4704 1798 4759 frumenti
1855 4705 2019 4760 satiat
2079 4715 2162 4769 te,

2341 4709 2394 4763 6.
2422 4711 2531 4762 Kal.
2561 4710 2623 4761 τὸ
2658 4709 2825 4782 στέαρ
2869 4709 2961 4762 τοῦ
3008 4711 3328 4781 ἐπουρανίου
3362 4714 3510 4764 σίτου
3560 4716 3854 4784 ἐμπιπλῶν

604 4795 746 4864 quod
796 4797 1021 4850 moritur
1065 4798 1117 4849 in
1153 4805 1314 4860 terra,
1359 4807 1414 4852 et
1457 4799 1762 4868 germinare
1806 4796 1936 4853 facit
1984 4799 2198 4870 spicasl

2270 4815 2351 4861 σε,
2381 4799 2474 4853 τοῦ
2510 4798 2874 4863 ἀποθανόντος
2907 4801 2964 4852 ἐν
2997 4802 3063 4870 τῇ
3092 4803 3160 4871 γῇ
3183 4839 3197 4862 ,
3229 4801 3321 4856 καὶ
3355 4800 3430 4870 (5)
3463 4801 3853 4868 ἀνατείλαντος

605 4903 734 4943 suas
768 4888 820 4942 in
845 4898 958 4942 toto
990 4889 1193 4943 mundo
1210 4891 1271 4944 “.

2268 4892 2394 4954 τοὺς
2425 4890 2662 4960 στάχυας
2694 4890 2858 4947 αὑτοῦ
2887 4893 2944 4943 ἐν
2969 4890 3072 4962 ὅλῳ
3095 4891 3175 4962 τῷ
3199 4891 3405 4962 κόσμῳ.

677 5089 716 5119 ¹⁹
755 5086 942 5142 Matth.
983 5105 1094 5153 xw,
1136 5089 1220 5144 18.
1300 5091 1342 5122 ⁸³
1379 5088 1538 5145 Joan.
1582 5106 1679 5156 xu,
1717 5090 1807 5154 24,
1847 5090 1940 5146 25.

1542 5316 1844 5380 Addenda
1869 5324 1930 5379 et
1980 5315 2351 5395 corrigenda
2386 5334 2464 5379 ex
2495 5317 2636 5380 cod.
2669 5316 2873 5380 Vatic.

671 5507 744 5571 (Ι)
777 5507 839 5559 Ἢ
856 5506 942 5559 διὰ
962 5507 1448 5587 τῆςαιννασαρειιξς
1480 5508 1880 5587 περιέχει,ςῑ(ξ.,
1898 5509 1973 5587 ᾡς
1992 5525 2164 5587 προει-
2553 5507 2903 5587 είρήνη,Αοι(ὶ.

637 5575 1244 5650 ηκαμεν,οισ.,αίνείτε,
1265 5575 1480 5648 ὑμνεῖτε
1499 5575 1584 5630 τὸν
1601 5575 1887 5650 ὄνταγΘεον.
1909 5575 2160 5650 ’Δγγαίου
2448 5575 2619 5650 ᾼγὺτοῦ
2646 5575 2739 5650 τᾷῦ
2763 5576 2896 5650 Θεοῦ
2932 5575 3244 5650 Ἐκκλησία,
3272 5586 3376 5632 etc.

637 5594 1005 5648 ηκαμεν,ρισ.,
1028 5594 1244 5638 αινειτε,
1265 5594 1480 5648 υμνειτε
1499 5594 1584 5630 τον
1601 5594 1724 5630 οντα
1739 5594 1887 5630 δεον.
1913 5594 2160 5644 Αγγαιου
2341 5594 2418 5642 (ο)
2448 5594 2619 5628 Λυτου
2646 5594 2736 5629 του
2763 5594 2896 5629 σεου
2937 5594 2998 5629 'n:

599 5594 655 5698 ἕὲ
675 5647 1025 5718 ἑρμηνεύεται
1044 5649 1385 5717 ἑορτάζοντος
1403 5665 1415 5676 ·
1437 5647 1700 5718 Ζαχαρίου
1724 5649 1778 5700 δὲ
1803 5649 2160 5718 ἑρμηνεύεται
2338 5648 2416 5718 (οξ)
2459 5647 2854 5718 Κατισχύσουσί
2886 5663 2998 5718 σου.

599 5718 719 5776 νίκη
760 5717 986 5779 λέοντπ,
1013 5716 1114 5772 elc.
1593 5716 1600 5718 “
1834 5716 1842 5718 “
1875 5716 1880 5717 ⁷
1936 5716 1941 5717 ⁷

1593 5716 1600 5718 ⁷
1834 5716 1842 5718 “
1875 5716 1880 5717 “
1936 5716 1941 5717 “
2341 5716 2417 5786 (5}
2459 5717 2551 5780 Είς
2581 5717 2677 5770 τὶκν
2699 5718 2821 5786 γῆν,
2856 5716 2968 5779 καί.
2993 5726 3095 5771 etc.
