4036 6442
175 403 315 459 i329

242 516 296 572 7.
349 518 406 571 '0
436 519 775 572 ἀποστέλλων
806 522 867 573 τὸ
892 522 1068 590 λόγιον
1100 525 1262 580 αὐτοῦ
1289 532 1352 599 τῇ
1382 533 1452 599 γῇ
1471 547 1483 560 ·

237 607 291 663 8.
323 606 467 671 Ἕως
494 612 688 680 τάχους
717 611 1003 681 δραμεῖται
1034 616 1061 666 ὁ
1086 616 1241 684 λόγος
1268 621 1453 674 αὑτοῦ.

240 700 296 755 9.
336 700 576 759 Διδόντος
604 704 753 772 χιόνα
778 704 941 756 αὑτοῦ
968 705 1096 758 ὡσεὶ
1119 708 1261 779 ἔριον
1279 727 1292 741 ο

240 786 326 842 10.
381 788 639 860 Ὁμίχλην
663 790 792 843 ὡσεὶ
821 792 1009 845 σποδὸν
1041 795 1357 861 πάσσοντος.

242 879 328 933 11.
371 878 660 943 Βάλλοντος
686 882 1014 955 κρύσταλλον
1040 886 1203 938 αὑτοῦ
1227 888 1358 941 ὡσεὶ
1382 890 1606 959 ψωμούς
1632 911 1643 923 ·

238 970 325 1024 12.
346 972 500 1024 Κατὰ
521 973 809 1042 πρόσωπον
830 975 1031 1046 ψύχους
1052 980 1215 1032 αὑτοῦ
1244 982 1327 1044 τίς
1346 984 1733 1054 ὑποστήσεται;

234 1062 323 1115 15.
352 1062 728 1126 Ἐξαποστελεί
750 1067 840 1119 τὸν
868 1069 1024 1136 λόγον
1052 1072 1238 1134 αὐτοῦ,
1268 1074 1359 1125 καὶ
1390 1075 1538 1145 τήξει
1560 1079 1729 1131 αὐτά·

241 1152 324 1205 14,
346 1152 572 1206 Πνεύσει
594 1156 654 1207 τὸ
672 1157 885 1227 πνεῦμα
918 1159 1101 1224 αὑτοῦ,
1130 1163 1223 1213 καὶ
1253 1165 1510 1233 ρυήσεται
1546 1166 1728 1221 ὕδατα.

236 1242 324 1296 15.
376 1244 434 1295 '0
462 1245 818 1313 ἀπαγγέλλων
845 1250 905 1300 τὸ
931 1249 1109 1318 λόγιον
1134 1252 1297 1305 αὑτοῦ
1330 1255 1405 1323 τῷ
1448 1256 1658 1321 Ἰακὼϐ,

238 1331 322 1384 16.
364 1333 718 1405 Δικαιώματα
742 1340 835 1390 καὶ
860 1340 1102 1410 κρίματα
1132 1344 1293 1397 αὑτοῦ
1328 1346 1403 1416 τῷ
1441 1347 1671 1422 Ἰσραήλ.

238 1422 325 1476 17.
367 1426 478 1477 Οὐκ
502 1426 753 1495 ἐποίησεν
784 1428 925 1483 οὕτω
958 1433 1117 1485 παντὶ
1150 1433 1309 1487 ἔθνει.

234 1513 319 1566 18.
367 1514 473 1567 Καὶ
499 1515 565 1567 τὰ
596 1516 837 1587 κρίματα
876 1522 1037 1575 αὑτοῦ
1074 1524 1173 1577 οὐκ
1211 1526 1476 1597 ἐδήλωσεν
1521 1533 1722 1597 αὐτοῖς.

1032 405 1116 460 DE
1153 407 1429 465 TITUIJS
1470 411 1918 472 PSALMORUM.
1962 448 2031 457 —
2068 418 2257 475 PSAL.
2302 421 2556 478 CXLVII.

3265 433 3404 493 1330

1763 544 1807 598 Α
1909 538 1959 590 7.
2000 538 2101 604 Qui
2133 542 2328 594 emittit
2352 543 2628 611 eloquium
2660 559 2819 599 suum
2858 556 3052 603 teri-aa:

1910 629 1960 680 8.
2005 627 2272 683 Velociter
2301 633 2471 685 currit
2505 648 2686 688 sermo
2714 637 2853 702 ejus.

1906 716 1957 769 9.
1999 717 2101 781 Qui
2133 720 2224 772 dat
2253 721 2427 774 nivem
2458 724 2599 776 sicut
2626 726 2802 778 lanam
2835 744 2848 778 :

1910 806 1992 859 l0.
2034 807 2292 865 Nebulam
2330 813 2471 866 sicut
2498 817 2735 871 cinerem
2774 820 2995 888 spargit.

1908 900 1992 952 11.
2033 898 2194 954 Mittit
2223 905 2536 973 crystallum
2563 922 2720 961 suum
2759 910 2899 963 sicut
2930 910 3201 965 buccellas
3230 929 3242 961 :

1908 989 1994 1043 12.
2033 989 2176 1046 Ante
2205 992 2397 1048 faciem
2435 994 2653 1066 frigoris
2682 1001 2800 1068 ejus
2827 1002 2946 1069 quis
2977 1004 3299 1057 sustinebit?

1909 1081 1994 1135 15.
2034 1080 2254 1138 Emittet
2282 1086 2557 1155 eloquium
2592 1104 2771 1156 suum,
2796 1101 2852 1144 et
2885 1092 3193 1159 liquefaciet
3223 1109 3285 1147 ea
3317 1111 3329 1147 :

1906 1170 1991 1224 M.
2030 1170 2207 1228 Flabit
2233 1178 2457 1245 spiritus
2483 1180 2621 1248 ejus,
2657 1192 2710 1236 et
2733 1184 2897 1237 liuent
2920 1200 3093 1253 aquae.

1904 1262 1987 1315 15.
2031 1262 2131 1327 Qui
2160 1269 2451 1322 annuntiat
2482 1272 2704 1326 verbum
2735 1290 2896 1328 suum
2922 1274 3090 1329 Jacob
3117 1293 3130 1327 :

1903 1352 1991 1409 16.
2030 1353 2283 1411 Justitias
2311 1369 2366 1413 et
2391 1360 2599 1426 judicia
2632 1380 2730 1417 sua
2756 1364 2941 1418 Israel.

1905 1443 1991 1498 17.
2033 1444 2150 1499 Νοη
2179 1446 2306 1502 fecit
2336 1450 2513 1505 taliter
2543 1454 2689 1506 omni
2718 1455 2940 1509 nationi.

1904 1537 1992 1591 18.
2034 1538 2099 1594 Ει
2122 1542 2332 1611 judicia
2355 1560 2456 1599 sua
2485 1561 2593 1600 non
2627 1547 2996 1603 manifestavit
3024 1548 3125 1607 eis.

1282 1658 1651 1717 ATHANASII
1691 1665 2273 1732 INTERPRETATIO.

242 1787 305 1851 7,
338 1788 390 1841 8.
420 1789 493 1858 (1)
544 1791 601 1842 '0
642 1791 982 1848 ἀποστέλλων
1024 1797 1085 1849 τὸ
1124 1800 1382 1870 κήρυγμα
1435 1804 1599 1857 αὐτοῦ
1639 1806 1726 1861 διὰ
1760 1819 1770 1873 |

1902 1815 1950 1879 7,
1985 1817 2038 1870 8.
2082 1818 2186 1885 Qui
2220 1823 2421 1878 emittit
2443 1824 2879 1894 przedicationem
2918 1844 3071 1882 suam
3109 1842 3283 1895 terrae,
3303 1848 3395 1900 per

166 1878 270 1931 τῶν
296 1880 584 1951 προφητῶν
600 1882 699 1953 τῆς
717 1888 1036 1956 συναγωγῆς
1062 1891 1128 1959 τῇ
1154 1891 1319 1964 γηίνῃ
1347 1892 1434 1965 [τῇ
1461 1895 1578 1967 γῇ],
1603 1899 1725 1964 ἕως,

167 1969 256 2022 τοῦ
288 1970 492 2041 κόσμου
519 1973 611 2025 τοῦ
648 1977 705 2027 ἐν
739 1977 891 2047 τάχει
929 1980 1236 2049 παριόντος,
1270 1989 1671 2060 κηρυχθήσεται
1701 1993 1730 2044 ό

159 2058 244 2128 λόγ
257 2077 315 2123 ος
341 2062 524 2113 αὑτοῦ.

229 2156 281 2210 9.
328 2157 398 2209 Τὸ
446 2158 684 2227 καθαρὸν
716 2160 790 2229 (2)
844 2161 936 2214 τοῦ
985 2161 1141 2232 λόγου
1191 2166 1337 2236 λέγει
1385 2171 1477 2222 καὶ
1525 2171 1728 2226 ἁπαλὸν

159 2248 270 2308 τοῖς
300 2246 640 2317 βουλομένοις
663 2289 676 2311 ,
722 2252 812 2303 καὶ
840 2252 1029 2324 ὅτιπερ
1066 2261 1175 2320 τοῖς
1203 2261 1477 2329 ἐπιμελῶς
1504 2265 1729 2333 ἐργαζο-

154 2336 342 2406 μένοις
376 2338 530 2406 λόγον
558 2339 802 2408 γίνεται,
828 2344 903 2407 ὡς
932 2346 1039 2399 ἀπὸ
1071 2348 1250 2419 ἐρέας,
1283 2353 1622 2423 περιδόλαιον
1661 2361 1725 2429 τῇ

154 2428 319 2497 φυχῆ-

223 2519 311 2571 10.
342 2519 413 2571 Τὸ
437 2519 761 2577 λεπτότατον
787 2525 879 2578 καὶ
902 2526 1189 2599 δυσνόητον
1214 2535 1271 2587 ἐν
1300 2538 1412 2599 τοῖς
1438 2536 1617 2605 λόγοις
1637 2542 1728 2593 αύ-

158 2610 249 2663 ιοῦ
284 2613 597 2682 ἐγκείμενον
624 2615 807 2687 δηλοίη
850 2619 1040 2692 ὅτιπερ
1080 2623 1149 2677 τὰ
1188 2626 1415 2698 πλησίον
1461 2629 1588 2683 ὄντα
1632 2631 1725 2684 τοῦ

153 2701 617 2770 ἀναγινώσκοντος
640 2706 795 2775 λόγια
834 2712 895 2762 οὐ
938 2717 1299 2785 συγχωρεῖται
1333 2722 1365 2789 ἡ
1394 2719 1601 2774 διάνοια
1630 2723 1727 2775 αὺ-

160 2794 249 2848 τοῦ
281 2795 620 2866 καθορᾷνδιὰ
644 2800 739 2870 τὴν
767 2795 928 2853 οὖσαν
952 2806 1009 2855 ἐν
1050 2806 1259 2870 ἑαυτοῖς
1284 2809 1381 2879 (21')
1404 2811 1724 2883 λεπτότητα,

152 2884 344 2957 ὥσπερ
368 2888 595 2958 ὁμίχλης
620 2892 971 2963 ἐπικειμένης
1006 2897 1061 2947 ἐν
1093 2899 1307 2963 αὐτοῖς·
1342 2904 1498 2973 χρεία
1522 2901 1612 2959 οὖν
1639 2907 1725 2960 ἵνα

152 2977 411 3049 ἀνατείλῃ
439 2980 495 3030 ἐν
525 2981 587 3050 τῇ
616 2979 822 3052 διανοίᾳ
861 2983 1009 3053 ἥλιος
1036 2987 1402 3063 δικαιοσύνης,
1437 2998 1530 3048 καὶ
1585 3016 1725 3069 παρ-

152 3069 339 3139 αγάγῃ
375 3071 449 3137 (3)
485 3071 582 3142 τὴν
609 3073 961 3147 ἐπικειμένην
985 3080 1234 3151 ὁμίχλην,
1274 3084 1338 3135 ἵν’
1362 3085 1501 3138 οὕτω
1526 3088 1721 3161 δυνηθῇ

1832 1907 2123 1975 prophetas
2157 1928 2461 1984 synagogaa,
2495 1917 2667 1972 donec
2698 1959 2712 1982 ,
2758 1919 2959 1974 mundo
3005 1922 3247 1975 celeriter
3282 1939 3396 1991 pcr-

1831 2005 2165 2067 transeunte,
2199 2006 2587 2073 praedicabitur
2613 2026 2794 2065 sermo
2819 2012 2958 2080 ejus.

1898 2172 1952 2226 9.
1991 2172 2287 2232 Puritatem
2318 2181 2585 2235 sermonis
2609 2182 2726 2252 ejus
2755 2185 3040 2254 significat,
3088 2198 3139 2241 et
3167 2187 3393 2244 facilita-

1828 2269 1934 2316 tem
1966 2265 2291 2331 volentibus,
2318 2277 2372 2324 et
2404 2272 2547 2341 quod
2581 2273 2863 2344 diligenter
2893 2278 3242 2345 operantibus
3278 2295 3392 2335 ser-

1831 2370 2042 2410 monem
2088 2358 2147 2412 [it
2177 2362 2372 2417 anima:
2425 2379 2651 2430 eorum,
2693 2366 2858 2421 veluti
2902 2369 3296 2438 operimentum
3325 2387 3391 2426 ex

1828 2446 1971 2501 lana.

1899 2537 1983 2591 10.
2025 2538 2429 2610 Subtilitatem,
2481 2556 2535 2601 et
2600 2549 2930 2621 intelligendi
2991 2552 3384 2617 diﬂicultatem.

1827 2645 1948 2699 qua:
1985 2633 2038 2686 in
2085 2637 2432 2694 sermonibus
2482 2639 2601 2709 ejus
2638 2652 2751 2706 est,
2792 2643 3060 2713 significat
3087 2663 3101 2699 :
3132 2648 3385 2716 quoniam

1826 2736 1951 2776 cum
1984 2739 2146 2793 prope
2189 2726 2448 2797 legentem
2499 2730 2609 2784 sint
2640 2732 2853 2802 eloquia
2879 2774 2895 2797 ,
2944 2749 3051 2788 non
3079 2738 3390 2793 conceditur

1829 2815 1994 2868 menti
2029 2816 2200 2883 ipsius
2226 2834 2289 2872 ea
2317 2820 2672 2888 introspicere
2714 2833 2931 2894 pr0pter
2954 2843 3145 2883 eorum
3175 2829 3387 2884 subtili—

1827 2914 2011 2967 tatem,
2051 2907 2273 2975 peninde
2304 2925 2367 2961 ac
2397 2911 2441 2964 si
2474 2911 2667 2965 nebula
2691 2929 2754 2967 ea
2798 2915 3106 2983 obtegeret;
3137 2933 3274 2987 opus
3303 2930 3388 2973 est

1826 2994 2007 3063 igitur,
2042 3006 2099 3048 ut
2131 2996 2182 3049 in
2213 3008 2390 3052 mente
2422 3000 2704 3054 exoriatur
2735 3003 2814 3057 sol
2837 3004 3082 3073 justitiae,
3127 3015 3183 3062 et
3208 3007 3389 3079 abigat

1828 3085 2173 3141 incubantem
2211 3090 2482 3155 nebulam,
2514 3101 2572 3145 ut
2603 3093 2673 3146 ita
2705 3096 2872 3162 possit
2904 3097 3072 3152 lector
3098 3114 3234 3168 puro
3260 3115 3387 3155 cor-

152 3161 381 3232 καθαρῷ
411 3162 719 3235 τῷιὸμματι
741 3168 837 3239 τῆς
861 3170 1086 3242 καρδίας
1116 3172 1239 3227 ἰδεῖν
1268 3178 1294 3228 ό
1328 3177 1715 3246 ἀναγινώσκων
1743 3172 1770 3229 ί

1827 3177 1902 3231 dis
1936 3179 2094 3232 oculo
2119 3180 2300 3235 videre
2325 3198 2544 3238 sensum
2577 3186 2848 3241 latentem.

151 3253 244 3304 τὸν
276 3254 592 3322 ἐγκείμενον
616 3257 756 3312 νοῦν.

221 3342 307 3396 11.
355 3345 427 3398 Τὸ
461 3347 692 3420 σκληρὸν
734 3351 827 3404 τοῦ
873 3353 1031 3422 λόγου
1072 3356 1235 3410 αὑτοῦ
1282 3360 1373 3412 καὶ
1419 3362 1721 3432 τηλαυγὲς,

149 3434 344 3507 ὥσπερ
382 3440 442 3491 τὸ
484 3441 817 3511 κρύσταλλον
844 3462 855 3474 ·
893 3447 1146 3516 σημαίνει
1176 3449 1231 3499 δὲ
1269 3450 1344 3519 (4)
1373 3455 1467 3505 καὶ
1507 3454 1566 3505 τὸ
1593 3454 1725 3517 ζωο-

148 3527 339 3580 ποιοῦν
368 3530 553 3591 αὑτοῦ,
582 3532 768 3605 ὥσπερ
794 3538 820 3587 ό
852 3536 1062 3605 ψωμός.

222 3621 307 3673 19..
346 3622 418 3674 Τὸ
447 3624 714 3692 φρικῶδες
755 3628 847 3680 καὶ
877 3628 1104 3699 φοὸερὸν
1158 3630 1250 3683 τοῦ
1302 3632 1465 3703 νόμου
1505 3634 1579 3706 (5)
1604 3635 1723 3705 ἐδή-

147 3723 342 3773 λωσεν,
374 3712 448 3776 ὡς
478 3715 702 3785 νομίζω.

224 3804 308 3858 15.
332 3804 712 3868 Ἐξαποστελεῖ
740 3810 829 3863 τὸν
866 3811 992 3864 Υἱὸν
1022 3812 1187 3866 αὑτοῦ
1220 3814 1307 3868 τὸν
1339 3818 1598 3888 μονογενῆ
1631 3818 1722 3872 τὸν

148 3896 308 3966 ⁴ἳίγλιον
338 3898 437 3967 τῆς
461 3898 822 3963 δικαιοσύνης,
844 3903 936 3955 καὶ
958 3902 1196 3957 διαλύσει
1224 3905 1382 3970 αὐτὰ,
1407 3907 1721 3978 ἑρμηνεύων

146 3990 180 4057 ἡ
190 3990 282 4055 μίν
313 3988 381 4041 τὰ
408 3990 616 4060 σκληρὰ
641 3995 733 4044 καὶ
757 3994 1020 4062 δυσνόητα
1055 3995 1146 4048 τοῦ
1174 3997 1338 4066 νόμου
1365 3996 1463 4067 (6).

227 4079 313 4135 14.
377 4082 745 4154 Ἐπιφοιτήσει
792 4087 846 4139 τὸ
880 4085 1102 4157 Πνεῦμα
1154 4088 1215 4140 τὸ
1258 4089 1414 4156 ἅγιον
1463 4089 1627 4143 αὐτοῦ
1662 4093 1720 4145 ἐν

143 4174 259 4235 τοῖς
284 4172 609 4243 ἀνθρώποις,
639 4178 731 4228 καὶ
765 4180 1049 4247 ῥεύσουσιν
1080 4182 1144 4232 ἐκ
1178 4180 1277 4249 τῆς
1309 4180 1515 4243 κοιλίας
1541 4181 1720 4234 αὐτῶν

146 4266 389 4335 ποταμοὶ
424 4264 612 4329 ὓδατος
636 4266 858 4332 ζῶντος.

221 4354 308 4408 15.
353 4354 409 4407 '0
440 4357 685 4427 φανερῶν
731 4359 820 4411 τὸν
855 4360 978 4411 Υίδν
1013 4360 1174 4413 αὑτοῦ
1207 4359 1285 4430 τῷ
1316 4359 1425 4431 λαῷ
1458 4359 1521 4431 τῷ
1555 4360 1717 4430 ἐσχά-

142 4461 243 4515 τῳ.
262 4445 462 4499 Ἰακὼϐ
484 4447 591 4519 γὰρ
620 4449 974 4519 ἑρμηνεύεται
1002 4451 1231 4520 κρατῶν
1256 4456 1505 4521 ἔσχατα.

1900 3360 1983 3413 11.
2017 3360 2242 3425 Durum,
2288 3376 2353 3415 ac
2398 3361 2693 3416 dilucidum
2736 3380 2855 3418 esse
2900 3381 3207 3421 sermonem
3245 3368 3386 3438 ejus,

1825 3451 1967 3504 sicut
2011 3452 2321 3521 crystallum
2352 3468 2365 3502 :
2396 3452 2666 3522 significat
2699 3464 2877 3508 autem
2925 3458 3086 3511 etiam
3114 3459 3385 3514 viviﬁcum

1824 3558 1964 3605 esse,
2000 3544 2163 3596 veluti
2199 3544 2518 3600 buccellam.

1895 3635 1980 3689 12.
2019 3633 2315 3692 Ostendere
2364 3639 2555 3704 voluit,
2583 3646 2641 3692 ut
2669 3648 2819 3709 puto,
2867 3641 3161 3696 timendum
3186 3659 3250 3698 ac
3284 3653 3387 3699 tre-

1823 3726 2078 3780 mendum
2110 3742 2230 3783 esse
2255 3743 2563 3784 sermonem
2590 3730 2732 3798 ejus.

1895 3817 1980 3872 15.
2025 3816 2244 3874 Emittet
2270 3817 2465 3873 Filium
2523 3834 2682 3874 suum
2711 3820 3045 3889 unigenitum
3091 3823 3257 3877 solem
3299 3823 3385 3893 ju-

1823 3909 2002 3975 stitiae,
2026 3919 2076 3965 et
2110 3910 2367 3965 dissolvet
2388 3926 2452 3965 ea
2485 3912 2613 3980 (hoc
2642 3921 2724 3967 est
2765 3914 2977 3982 eloquia
3026 3914 3386 3984 interpretans

1824 4004 1980 4057 nobis
2002 4002 2234 4056 obscura
2259 4012 2313 4057 et
2340 4002 2573 4057 difﬁcilia
2601 4004 2774 4074 legis).

1894 4093 1979 4147 14.
2020 4092 2281 4147 Adveniet
2325 4093 2558 4163 Spiritus
2601 4104 2821 4148 sanctus
2864 4095 2983 4164 ejus
3010 4096 3063 4147 in
3100 4096 3381 4159 homines,

1822 4190 1876 4235 et
1912 4180 2078 4235 ﬂuent
2107 4198 2172 4235 ex
2217 4183 2458 4251 ipsorum
2489 4193 2675 4238 ventre
2720 4183 2943 4238 ﬂumina
2978 4198 3130 4253 aqua:
3160 4184 3295 4239 vivae
3316 4184 3380 4239 ¹¹⁵.

1894 4355 1981 4410 15.
2022 4355 2125 4423 Qui
2167 4358 2482 4415 manifestat
2527 4360 2726 4415 Filium
2778 4379 2937 4417 suum
2972 4364 3171 4434 popqu
3203 4366 3381 4421 novis-

1822 4449 1982 4503 simo.
2035 4448 2199 4504 Ιατοὺ
2228 4453 2371 4506 enim
2406 4456 2786 4525 interpretatur
2815 4467 2990 4513 tenens
3021 4470 3275 4513 extrema.

220 4537 306 4590 16.
333 4538 438 4591 Καὶ
464 4509 531 4593 τὰ
550 4509 946 4612 προστάγματα
968 4509 1133 4596 αὐτοῦ
1166 4509 1415 4616 (paveva
1440 4546 1554 4607 τοῖς
1578 4546 1714 4617 6ρῶ-
1750 4509 1770 4564 Ῑ

1890 4538 1977 4593 16.
2020 4540 2085 4595 Ει
2116 4552 2381 4611 praecepta
2414 4559 2513 4597 sua
2548 4509 2866 4602 manifestat
2909 4549 2975 4602 iis
3001 4588 3016 4614 ,
3062 4549 3154 4617 qui
3203 4556 3383 4603 mente

143 4646 232 4681 σιν
260 4630 420 4681 αὐτὸν
448 4634 514 4701 τῇ
549 4632 775 4703 διανοίᾳ.

215 4719 301 4772 17.
332 4721 477 4785 Ἕως
504 4723 609 4793 γὰρ
642 4723 741 4793 τῆς
782 4725 1079 4793 παρουσίας
1107 4726 1270 4779 αὑτοῦ
1302 4728 1400 4780 οὐκ
1462 4729 1714 4799 ἐποίησεν

139 4808 288 4863 οὕτω
320 4813 480 4865 παντὶ
532 4813 695 4879 ἔθνει,
736 4814 795 4867 τὸ
838 4814 912 4884 (7)
943 4815 1033 4867 τὸν
1083 4815 1237 4885 λόγον
1273 4818 1435 4871 αὐτοῦ
1486 4818 1714 4872 ἀκοῦσαι

138 4899 211 4949 ἐκ
244 4899 505 4969 στόματός
535 4919 656 4971 μου.

220 4988 305 5044 18.
337 4992 446 5045 Καὶ
485 4992 628 5047 οὕτω
668 4995 737 5048 τὰ
762 4997 1004 5067 κρίματα
1027 4996 1189 5048 αὐτοῦ
1216 4997 1316 5050 οὐκ
1339 4996 1622 5068 ἐδήλωσεν,
1639 4998 1713 5060 ὡς

138 5083 255 5145 τοῖς
285 5083 373 5134 ἐπ’
397 5085 639 5155 ἐσχάτων
664 5086 770 5139 τῶν
794 5088 1015 5160 ἡμερῶν
1038 5088 1391 5142 πιστεύσασιν
1412 5092 1491 5152 είς
1522 5090 1705 5145 αὐτόν.

216 5219 263 5249 ’δ
298 5218 455 5279 Joan.
500 5240 594 5291 vn,
637 5225 723 5291 38,
766 5227 857 5282 59.

1819 4648 1943 4688 eum
1975 4634 2171 4688 vident.

1892 4724 1978 4779 17.
2026 4725 2205 4793 Usque
2232 4726 2374 4780 enim
2410 4728 2476 4781 ad
2518 4728 2805 4783 adventum
2832 4730 2951 4800 ejus
2982 4731 3113 4784 nulli
3140 4730 3283 4800 genti
3309 4730 3379 4784 ila

1819 4816 1966 4885 fecit,
2001 4827 2057 4871 ut
2086 4818 2309 4872 verbum
2340 4834 2498 4873 suum
2529 4835 2595 4875 ex
2630 4836 2724 4875 ore
2752 4822 2869 4892 ejus
2898 4822 3169 4877 audirent.

1892 4997 1977 5051 18.
2018 4995 2203 5066 Neque
2233 4997 2306 5049 ita
2334 4997 2538 5066 judicia
2568 5013 2667 5053 sua
2699 4999 3089 5067 manifestavit,
3122 5007 3182 5053 ut
3210 5001 3263 5052 in
3295 5000 3378 5051 ul-

1816 5087 1969 5143 timis
1996 5088 2187 5143 diebus
2216 5089 2563 5145 credentibus
2591 5090 2643 5144 in
2666 5105 2814 5148 eum.

1087 5343 1387 5403 Addenda
1432 5350 1491 5404 et
1525 5342 1896 5422 corrigenda
1930 5358 2006 5403 ex
2056 5343 2192 5404 cod.
2228 5342 2429 5402 Vatis.

213 5508 290 5578 (1)
317 5507 468 5582 7N.A7.
507 5510 565 5582 ’ρ
598 5508 956 5582 ἀποστέλλων,
988 5517 1113 5582 εις..
1142 5510 1451 5582 ,προφητῶν
1471 5513 1539 5582 τῇ
1574 5529 1697 5565 συν-

134 5577 622 5651 αγωγῇίτῇγηίνῃ.
648 5577 713 5633 Ν.
742 5579 946 5651 8.Ἔως
973 5579 1067 5631 τοῦ
1089 5577 1292 5649 κόσμου
1317 5577 1375 5651 ἐν
1396 5577 1571 5651 τάχει,
1591 5592 1695 5638 etc.

212 5647 740 5721 (argumean
765 5650 865 5718 leg.
891 5656 1069 5703 tamen
1098 5647 1204 5703 vid.
1234 5647 1487 5721 καθαρόν.

213 5718 311 5787 (‘2')
342 5717 424 5782 L.,
455 5718 655 5779 αὐτοῖς.
692 5717 843 5771 Enn.

214 5788 289 5853 (ὅ)
326 5789 691 5856 Παραγαγεϊν,
719 5799 846 5852 elc.,
881 5788 1098 5852 καοδίας
1125 5788 1345 5855 ἐπιδεῖν,
1371 5800 1477 5845 etc.

1899 5515 1954 5564 si
1992 5510 2059 5562 Δέ
2090 5511 2257 5564 deest.

1899 5524 1931 5563 4
1992 5512 2059 5562 Δέ
2090 5512 2257 5564 deest.

1877 5512 1954 5648 i5;
1994 5578 2100 5632 Τοῦ
2130 5581 2295 5652 νόμου
2345 5579 2630 5652 ἐδήλωσεν,
2663 5579 2737 5644 ὡς
2779 5580 3077 5652 λογίζομαι.
3106 5612 3173 5624 ---
3196 5582 3365 5651 Ais-(ou

1807 5650 1861 5703 in
1890 5664 2061 5717 marg.
2092 5648 2211 5704 cod.
2241 5648 2518 5704 Barberin.

1879 5717 1955 5786 (6)
1994 5719 2139 5771 Βίου.

1879 5722 1933 5786 (6
1994 5722 2139 5771 Βίου.

1879 5722 1955 5857 (7;
1991 5789 2080 5859 Τῷ
2106 5789 2214 5853 τόν,
2244 5798 2375 5856 etc.,
2402 5790 2659 5860 στόματος
2694 5790 2876 5842 αὐτοῦ.
