4036 6442
158 380 298 434 1353
969 390 1054 443 DE
1098 391 1374 448 TlTULlS
1417 397 1869 455 PSAIJIURUM.
1905 433 1974 442 -—-
2017 404 2210 458 PSAL.
2249 407 2525 461 CXLVIII.
3256 416 3394 472 1334

224 500 280 555 8.
320 502 427 554 Καὶ
461 503 519 553 τὸ
550 502 690 573 ὕδωρ
724 506 782 557 rb
818 508 1070 576 ὑπεράνω
1099 512 1205 564 τῶν
1239 515 1501 583 οὐρανῶν,
1750 554 1790 605 Α

1239 515 1501 583 οὐρανῶν,
1750 554 1790 605 Α
1895 523 1946 575 8.
1991 522 2055 576 Et
2086 540 2226 592 aqua
2259 542 2380 594 qum
2422 543 2587 596 super
2628 530 2813 592 eteius,

223 591 276 644 9.
313 593 686 647 Αίνεσάτωσαν
716 596 774 648 τὸ
806 597 970 667 δνομα
1005 602 1207 670 Κυρίου
1227 617 1240 630 ·
1750 591 1790 605 ⁸³

1160 617 1240 654 γλ·
1750 591 1790 605 η
1893 613 1944 666 9.
1990 612 2231 667 Laudent
2260 632 2457 670 nomen
2497 617 2711 672 Domini
2746 640 2754 671 :

224 678 310 733 10.
349 683 468 734 Ὀτι
494 684 650 746 αὐτὸς
677 680 815 749 εἷπε,
847 690 938 740 καὶ
964 691 1298 761 ἐγενήθησαν
1323 712 1335 724 ·

1895 705 1975 756 10.
2019 704 2153 769 Quia
2185 706 2296 772 ipse
2330 707 2507 765 dixit.
2543 720 2596 762 et
2634 711 2776 764 facta
2811 721 2973 766 sunt:

224 771 312 824 H.
347 773 514 836 Αὐτὸς
544 777 859 839 ἐνετείλατο,
892 783 984 832 καὶ
1013 783 1360 852 ἐκτίσθησαν.

1347 826 1360 839 .
1896 797 1980 849 11.
2029 797 2146 864 Ipse
2178 799 2474 863 mandavit,
2505 813 2556 854 et
2588 814 2764 856 creata
2790 815 2934 856 sunt.

224 861 309 915 12.
349 864 610 933 Ἐστησεν
648 868 785 921 αὐτὰ
816 872 892 932 εἰς
921 872 1010 924 τὸν
1034 873 1223 936 αἰῶνα,

1094 873 1223 936 ῶνα,
1887 883 1965 934 12.
2015 861 2216 938 Statuit
2237 901 2298 939 ea
2326 887 2378 940 in
2403 899 2688 956 aeternum,

223 953 309 1007 15.
341 955 448 1006 Καὶ
475 958 553 1019 είς
581 957 668 1010 τὸν
694 960 860 1012 αἰῶνα
887 961 978 1014 τοῦ
1011 965 1200 1026 αἰῶνος
1223 983 1234 993 ·

1125 983 1234 1026 νος·
1888 974 1970 1030 15.
2009 976 2073 1029 Et
2113 977 2163 1030 in
2196 979 2458 1034 szeculum
2491 985 2671 1035 saeculi
2709 1004 2719 1038 :

221 1043 307 1095 H.
339 1044 666 1116 Πρόσταγμα
695 1049 861 1114 ἔθετο,
893 1054 982 1104 καὶ
1011 1055 1071 1106 οὑ
1108 1058 1516 1126 παρελεύσεται.

1892 1067 1976 1120 11.
2020 1067 2350 1140 Praeceptum
2381 1078 2585 1143 posuit,
2620 1087 2673 1129 et
2706 1093 2810 1131 non
2842 1080 3151 1146 praeteribit.

222 1134 308 1187 15.
337 1136 541 1189 Αἰνεῖτε
573 1139 661 1191 τὸν
685 1140 885 1211 Κύριον
915 1145 977 1196 ὲκ
999 1147 1097 1214 τῆς
1119 1148 1240 1216 γῆς,

1892 1158 1976 1210 15.
2023 1160 2262 1215 Laudate
2297 1163 2588 1220 Dominum
2615 1171 2682 1221 de
2721 1183 2883 1233 terra,

222 1223 308 1278 16.
339 1227 636 1297 Δράκοντες
667 1233 760 1283 καὶ
784 1234 951 1285 πᾶσαι
979 1236 1220 1292 ἄϐυσσοι.

1889 1248 1973 1304 16.
2017 1249 2289 1308 Dracones
2320 1265 2372 1309 et
2415 1273 2603 1312 onntes
2626 1259 2823 1329 abyssi.

1258 1412 1639 1466 ATHANASH
1679 1413 2262 1477 ΙΝΤΕΠΡΒΕΤΑΤΙΟ.

221 1558 273 1620 8,
296 1559 347 1612 9.
378 1559 450 1611 Tb
481 1561 577 1630 μὲν
606 1561 746 1634 ὕδωρ
782 1564 841 1614 rb
872 1565 1127 1635 ὑπεράνω
1173 1565 1278 1620 τῶν
1303 1567 1547 1636 οὐρανῶν
1583 1568 1708 1638 ᾔνε-
1743 1577 1781 1630 Β

1880 1571 1934 1638 8,
1960 1575 2010 1628 9.
2045 1574 2198 1646 Aqua
2234 1581 2471 1649 quidem,
2496 1600 2614 1654 quae
2644 1603 2808 1656 super
2835 1593 3004 1646 cmlos
3036 1607 3116 1649 cst
3144 1597 3382 1654 laudavit

142 1665 237 1700 σεν
261 1652 420 1703 αὑτὸν
442 1653 532 1703 ὲπὶ
559 1652 651 1706 τοῦ
685 1654 824 1717 Νῶε,
850 1657 1034 1725 σαφῶς
1062 1658 1344 1723 ἀποδεῖξαν
1366 1660 1462 1731 τὴν
1484 1660 1710 1731 δύναμιν

1816 1677 1938 1718 cum
1973 1669 2073 1722 sub
2100 1668 2246 1735 Noe,
2279 1675 2565 1731 manifeste
2609 1683 2900 1739 ostendens
2930 1687 3187 1742 virtutem
3219 1691 3383 1748 Crea-

141 1739 235 1791 τοῦ
276 1742 634 1810 Δημιουργοῦ,
678 1744 758 1795 ὅτι
807 1747 1188 1816 προστάγματι
1222 1747 1384 1801 αὑτοῦ
1419 1750 1511 1801 καὶ
1541 1767 1707 1802 κατα-

1817 1758 1970 1820 toris,
2021 1763 2278 1829 quoniam
2316 1779 2583 1835 praecepto
2618 1772 2736 1839 ejus
2779 1783 2831 1827 et
2876 1777 3152 1833 descendit
3190 1783 3240 1836 in
3272 1794 3373 1838 ter-

139 1826 377 1898 ϐέϐηκεν
401 1833 479 1893 είς
504 1832 601 1902 τὴν
636 1834 753 1903 γῆν,
783 1835 902 1887 ὅθεν
933 1836 1140 1906 ἀνήχθη
1176 1838 1232 1889 ὲν
1262 1841 1327 1909 τῇ
1364 1841 1707 1910 κοσμοποιία,

1820 1861 1934 1900 ram
1957 1890 1970 1912 ,
2001 1852 2142 1903 unde
2174 1867 2451 1923 assumpta
2483 1859 2659 1913 fuerat
2689 1862 2738 1914 in
2777 1867 2964 1919 mundi
2994 1870 3300 1936 creatione;
3331 1884 3383 1928 ct

139 1921 239 1973 καὶ
277 1921 435 1974 πάλιν
479 1923 783 1996 ἀναϐέϐηκε
827 1927 962 1995 μετὰ
1007 1928 1096 1980 τὸν
1137 1931 1538 2001 κατακλυσμὸν,
1589 1933 1710 1984 ὅθεν

1818 1954 2009 1995 rursus
2041 1945 2285 1999 ascendit
2314 1959 2436 2016 post
2480 1950 2741 2007 diluvitnn
2763 1996 2778 2021 ,
2810 1958 2951 2009 unde
2985 1974 3238 2029 venerat,
3281 1965 3382 2020 hoc

139 2014 521 2082 κατελήλυθεν,
546 2018 820 2070 τουτέστιν
850 2021 912 2071 ὲκ
938 2020 1046 2073 τῶν
1077 2022 1319 2092 οὐρανῶν
1341 2041 1352 2052 ·
1389 2026 1536 2094 ὅμως
1564 2025 1706 2095 τάχα

139 2101 237 2126 ηπ-.
296 2105 418 2126 --9.-.1
437 2123 501 2126 __,
530 2124 541 2126 μ
594 2108 636 2126 ,\
693 2107 752 2126 κθ
920 2111 934 2126 \
1009 2111 1021 2126 ι
1157 2114 1168 2126 1
1346 2113 1371 2125 α-
1508 2115 1519 2126 ι
1649 2115 1672 2125 .-

1815 2040 1949 2084 este
1972 2035 2122 2088 caelis
2145 2051 2158 2099 ;
2184 2045 2362 2091 tamen
2399 2038 2536 2094 forte
2582 2059 2726 2099 nunc
2761 2047 3004 2103 invenies
3035 2066 3231 2121 aquam
3265 2071 3383 2126 qua:

139 2101 237 2155 νῦν
291 2105 542 2176 εὑρήσεις
587 2108 645 2158 rb
692 2107 833 2179 ὕδωρ
886 2111 945 2161 rb
1001 2111 1255 2182 ὑπεράνω
1306 2113 1412 2166 τῶν
1469 2115 1712 2185 οὐρανῶν

139 2193 654 2216 re-,~.-,~1,\,,~n
780 2201 791 2215 Ι
1031 2203 1091 2216 κο.
1257 2206 1268 2216 ι
1313 2207 1325 2216 .
1384 2208 1395 2216 ι
1615 2208 1674 2216 ι..

2958 2101 2999 2103 ,_
3041 2101 3231 2121 “1-”---
3266 2101 3377 2126 γ...

1815 2140 1975 2194 supra
2007 2128 2176 2183 caelos
2200 2141 2302 2194 est,
2335 2149 2455 2187 esse
2488 2134 2847 2211 [significare]
2876 2156 3073 2211 aquam
3100 2145 3377 2216 baptismi,

136 2193 408 2267 [δουλοῦν]
432 2197 490 2249 rb
510 2197 602 2249 τοῦ
630 2199 1002 2270 βαπτίσματος
1031 2203 1196 2276 ὕδωρ,
1221 2206 1282 2258 τὸ
1306 2207 1445 2278 ὑπὲρ
1471 2208 1711 2278 κεφαλῆς

1889 2193 1894 2194 γ
2489 2193 2505 2205 ι-
2561 2193 2589 2205 υ
2830 2193 2847 2211 ,ι
2882 2193 3072 2211 **'1“""'
3101 2193 3378 2216 ""r‘"'""t

1814 2231 1933 2284 quae
1967 2233 2128 2288 supra
2172 2231 2335 2290 caput
2365 2225 2580 2292 quidem
2634 2228 2911 2282 invenitur
2948 2233 3211 2288 cmlorum
3235 2278 3248 2301 ,
3279 2238 3381 2291 hoc

139 2285 243 2353 μὲν
294 2285 674 2355 εὑρισκόμενον
715 2287 821 2340 τῶν
862 2291 1126 2360 οὐρανῶν,
1172 2294 1370 2347 ὡσανεὶ
1402 2297 1509 2348 τῶν
1548 2313 1710 2348 πεπι-

1814 2316 1896 2360 est
1923 2310 2277 2375 credentium,
2321 2311 2487 2367 eﬂ‘usa
2521 2330 2650 2370 vero
2686 2333 2847 2386 super
2876 2323 3040 2388 ipsos.
3075 2322 3207 2377 Nam
3244 2327 3379 2381 sicut

137 2375 472 2441 στευκότων,
502 2377 810 2447 ἐκχεόμενοι
854 2379 928 2450 (1)
961 2381 1016 2434 δὲ
1051 2384 1211 2436 πάλιν
1238 2386 1461 2450 ἑαυτούς
1493 2387 1703 2458 [ἐκχεόο

1815 2412 1977 2467 aqua,
2009 2416 2129 2469 quae
2162 2418 2325 2470 super
2370 2407 2540 2461 caelos
2572 2421 2686 2474 est,
2719 2413 3042 2481 submersit,
3069 2425 3122 2471 et
3153 2421 3381 2487 perdidit

137 2482 302 2535 μενον
345 2466 401 2518 δὲ
444 2468 582 2538 ὑπὲρ
621 2471 838 2543 αὐτούς]
866 2490 879 2502 ·
911 2475 984 2536 ὡς
1016 2474 1123 2545 γὰρ
1161 2477 1220 2528 τὸ
1267 2476 1406 2550 ὓδωρ
1446 2478 1506 2532 τὸ
1542 2480 1681 2554 ὑπερ

1869 2466 1874 2467 ,
2025 2466 2040 2469 _
2233 2466 2242 2470 ,
2675 2466 2684 2474 ,
2891 2466 2896 2467 κ
2941 2466 2959 2468 -
2994 2466 3042 2481 _,
3076 2466 3120 2471 --
3153 2466 3378 2487 ,----_-.

1816 2503 2003 2542 omnes
2029 2487 2120 2542 Dei
2155 2490 2438 2558 inimicos;
2471 2497 2543 2549 ila
2579 2514 2720 2564 aqua
2748 2501 2996 2570 baptismi
3034 2505 3248 2561 inventa
3287 2524 3378 2562 sn—

136 2559 254 2611 άνω
295 2559 401 2612 τῶν
447 2562 688 2632 οὐρανῶν
722 2566 1019 2619 κατέκλυσε
1041 2608 1053 2629 ,
1090 2570 1183 2622 καὶ
1215 2571 1456 2624 ἀπώλεσε
1506 2575 1712 2640 πάντας

1817 2595 1929 2648 per,
1961 2583 2202 2651 inquam,
2232 2594 2391 2652 caput
2416 2588 2775 2654 credentium,
2810 2594 3106 2666 submergit
3135 2607 3184 2651 et
3209 2603 3381 2668 perdit

134 2652 263 2713 τοὺς
290 2652 514 2724 ἐχθροὺς
544 2654 635 2705 τοῦ
664 2655 797 2706 Θεοῦ
819 2670 831 2683 ·
872 2655 1011 2709 οὕτω
1063 2659 1123 2710 τὸ
1153 2662 1246 2713 καὶ
1273 2662 1365 2715 τοῦ
1411 2663 1714 2736 ϐαπτίσμα-

1819 2671 2119 2724 contrarias
2151 2682 2467 2740 potestates,
2495 2652 2954 2745 quemadmodum
2989 2652 3272 2741 invdiluv‘io
3303 2688 3377 2745 fe-

135 2760 230 2804 τος
274 2745 654 2816 εὑρισκόμενον
694 2747 982 2819 ὑπεράνω,
1033 2748 1262 2819 λέγωδὲ
1295 2755 1434 2826 ὑπὲρ
1476 2759 1713 2831 κεφαλῆς

1691 2779 1713 2824 ς
1822 2763 1894 2816 cit
1923 2763 2182 2818 adversus
2208 2766 2423 2836 iniquos
2450 2785 2611 2838 aqua,
2648 2787 2767 2842 qua:
2799 2790 2959 2842 super
2993 2778 3158 2832 cmlos
3187 2787 3285 2834 est.

134 2835 246 2888 τῶν
297 2839 714 2903 πιστευσάντων,
763 2841 1087 2906 κατακλύζει
1149 2845 1242 2897 καὶ
1289 2848 1546 2904 ἀπόλλυσι
1599 2854 1694 2917 τὰς
1725 2855 1970 2920 ἐναντίας
2030 2856 2316 2927 δυνάμεις·
2356 2858 2430 2922 ὡς
2472 2861 2528 2912 ὲν
2563 2861 2636 2930 τῷ
2678 2865 3043 2936 κατακλυσμῷ
3083 2873 3378 2942 πεποίηκεν

134 2931 231 2984 ἐπὶ
258 2933 382 2995 τοὺς
409 2933 640 3003 ἀνόμους
663 2934 722 2986 rb
751 2936 1003 3006 ὑπεράνω
1038 2937 1145 2992 τῶν
1174 2941 1417 3012 οὐρανῶν
1452 2945 1512 2996 rb
1540 2945 1704 3020 ὕδωρ.

208 3025 297 3080 10.
327 3026 496 3088 Αὐτὸς
535 3028 643 3098 γὰρ
707 3025 857 3082 εἴπεν
914 3032 1344 3107 ἀναγεννηθῆναι
1391 3040 1586 3105 αὐτοὺς
1633 3045 1698 3097 δι’
1725 3048 1768 3107 C

1872 3042 1956 3097 10.
1997 3041 2070 3112 (a)
2122 3041 2241 3110 Ipse
2298 3041 2445 3096 enim
2493 3042 2630 3097 dixit
2675 3059 2770 3099 eos
2811 3048 3206 3116 regenerandos
3258 3067 3377 3106 esse

134 3115 329 3180 ὕδατος
353 3116 449 3168 καὶ
477 3117 619 3169 Πνεύ
627 3136 817 3188 ματος.

1808 3154 1903 3211 per
1924 3151 2120 3206 aquam
2150 3145 2204 3190 et
2237 3133 2517 3206 Spiritum.

206 3207 293 3260 11.
322 3207 493 3270 Δὺτὸς
508 3208 615 3280 γὰρ
636 3208 937 3265 ἐνετείλατο
961 3216 1071 3277 τοῖς
1089 3214 1404 3286 ἀποστόλοις
1429 3223 1592 3278 αὑτοῦ
1613 3225 1702 3279 λέ-

1808 3207 1827 3211 -
1882 3230 1969 3284 11.
2006 3229 2124 3298 Ipse
2171 3229 2315 3282 enim
2367 3230 2613 3299 praecipit
2661 3233 2923 3299 apostolis
2973 3235 3089 3289 suis
3140 3237 3371 3292 dicens:

132 3317 267 3367 γωψ
287 3303 680 3369 Πορευθέντες
706 3306 1120 3372 μαθητεύσατε
1132 3311 1325 3366 πάντα
1340 3316 1411 3369 τὰ
1421 3317 1583 3385 ἔθνη,
1593 3319 1705 3383 ,βα-

1811 3321 2006 3376 Euntes
2039 3322 2217 3374 docete
2250 3336 2426 3374 omnes
2467 3331 2663 3390 gentes,
2701 3323 3025 3391 baptizantes
3055 3344 3141 3380 eos
3190 3329 3244 3382 in
3292 3347 3376 3381 no-

132 3387 439 3454 πτίζοντες
452 3392 673 3457 αὐτοὺς
694 3395 779 3457 εὶς
797 3393 864 3445 τὸ
879 3393 1074 3463 ὄνομα
1093 3398 1198 3453 τοῦ
1216 3403 1462 3469 Πατρός,
1484 3406 1579 3458 καὶ
1600 3407 1704 3460 τοῦ

1809 3415 1946 3467 mine
1988 3412 2194 3478 Patris,
2238 3422 2285 3466 et
2330 3387 2491 3475 Filii,
2535 3422 2582 3465 et
2629 3387 2860 3482 Spiritus
2897 3418 3066 3470 sancti
3095 3419 3156 3484 ¹⁶,
3207 3429 3260 3473 et
3305 3421 3373 3473 ita

142 3483 188 3533 Υ
185 3480 300 3542 ἰοῦ,
325 3481 542 3538 καὶτοῦ
565 3481 736 3552 ἁγὼν
758 3483 998 3556 Πνεῦμα
1007 3504 1123 3552 τος,
1141 3490 1229 3542 καὶ
1246 3490 1415 3553 οὓτως
1430 3493 1705 3548 ἁνεκαινο-

1028 3490 1415 3553 ὀςνκαὶοῦτως
1430 3493 1705 3548 ἀνεκαινο-
1808 3503 2054 3558 renovati
2078 3512 2207 3558 sunt
2236 3502 2291 3556 in
2326 3502 2622 3573 baptismo.

130 3572 438 3643 ποιήθησαν
460 3575 517 3628 ὲν
544 3573 622 3645 τῷ
656 3574 1013 3647 βαπτίσματι.

203 3660 292 3726 12,
327 3662 414 3716 13.
445 3663 589 3734 Δῆλα
615 3665 712 3736 μέν
741 3668 846 3720 είσι
872 3668 941 3720 τὰ
971 3674 1102 3738 περὶ
1148 3670 1256 3724 τῶν
1295 3671 1535 3725 είδικῶν·
1579 3676 1612 3745 ἡ
1644 3675 1701 3728 δὲ

1882 3682 1968 3745 12,
2001 3681 2086 3737 15.
2129 3679 2415 3737 Manifesta
2461 3681 2676 3752 quidem
2714 3693 2863 3747 sunt,
2895 3699 3015 3753 quae
3048 3687 3112 3738 ad
3154 3701 3374 3740 sensum

130 3754 440 3824 προφητεία
470 3756 598 3827 περὶ
640 3751 713 3811 ὧν
758 3760 887 3830 ἡμῖν
915 3764 942 3814 ὁ
992 3761 1150 3829 λόγος
1196 3765 1359 3830 ἐστὶν,
1393 3765 1581 3837 δηλοῖ,
1621 3769 1701 3821 ὅτι

1807 3775 2088 3845 proprium
2115 3783 2391 3844 spectant;
2427 3775 2711 3845 prophetia
2739 3787 2918 3831 autem
2948 3793 3132 3832 earum
3169 3796 3370 3841 rerum,

128 3845 259 3906 τοὺς
293 3847 351 3896 ὲν
402 3844 477 3916 τῷ
529 3846 864 3918 βαπτίσματι
910 3853 938 3903 ὁ
994 3853 1198 3924 Κύριος
1254 3855 1551 3927 προσέταξε
1603 3857 1703 3930 ζῇν

1806 3865 1873 3919 de
1899 3844 2096 3933 quibus
2125 3867 2280 3920 nobis
2309 3881 2486 3920 sermo
2519 3844 2620 3930 est,
2661 3868 2946 3937 signiﬁcat,
2973 3871 3117 3939 quod
3160 3881 3375 3926 renatos

128 3930 523 4003 ἀτελευτήτως,
539 3934 716 3998 καθὼς
734 3938 790 3990 ὲν
806 3938 1052 4007 Εὑαγγελ
1061 3942 1121 4011 ίῳ
1141 3945 1376 4016 εἴρηκεν·
1398 3951 1703 4003 Πιστεύων

1809 3956 1862 4009 in
1888 3930 2177 4026 baptismo,
2223 3955 2486 4013 Dominus
2516 3959 2818 4024 constituit,
2849 3969 2906 4012 ut
2939 3962 3116 4014 vivant
3140 3961 3191 4014 in
3220 3972 3375 4016 reter-

127 4024 218 4086 εις
243 4022 368 4091 ἐμὲ,
403 4022 518 4077 κᾶν
545 4024 836 4095 ἀποθάνῃ,
864 4027 1122 4095 ζήσεται.

1810 4022 1975 4114 num,
1999 4050 2457 4120 quemadmodum
2489 4051 2544 4106 in
2587 4051 2879 4121 Evangelio
2918 4053 3055 4106 dixit
3083 4072 3095 4107 :
3130 4053 3232 4120 Qui
3265 4071 3371 4108 cre-

1809 4141 1887 4194 dit
1917 4141 1970 4194 in
2005 4157 2104 4208 me,
2134 4142 2345 4196 etiamsi
2372 4153 2610 4196 mortuus
2643 4144 2822 4211 fuerit,
2855 4147 2980 4199 vivet
3009 4146 3094 4200 ¹⁸·.

207 4220 292 4273 14.
323 4220 434 4291 Τὴν
461 4223 676 4295 ἡμέραν
705 4226 806 4296 τῆς
841 4227 1050 4293 δικαίας
1077 4230 1499 4296 άνταποδόσεως.

1190 4232 1499 4296 ιποδόσεως.
1883 4232 1968 4287 14.
2013 4230 2161 4285 Diem
2188 4231 2348 4301 justas
2388 4233 2784 4287 retributionis.

210 4315 291 4369 15.
321 4314 406 4369 16.
442 4317 508 4368 Αἱ
541 4317 634 4369 τοῦ
685 4318 878 4390 ἐχθροῦ
910 4322 1170 4393 δυνάμεις
1203 4326 1257 4376 al
1313 4325 1575 4392 ἓρπουσαι
1609 4326 1701 4380 ἐπὶ

1887 4323 1974 4388 15,
2014 4324 2100 4378 16.
2137 4323 2441 4379 PoteStates
2473 4323 2677 4379 inimici
2711 4336 2958 4395 repentes
2989 4343 3150 4397 super
3175 4337 3371 4383 terram

127 4409 237 4478 τῆς
262 4408 365 4479 γῆς
405 4411 770 4480 συντριϐεῖσαι
799 4413 889 4483 ὑπ’
911 4415 1074 4468 αὑτοῦ
1094 4455 1107 4478 ,
1146 4416 1238 4469 καὶ
1275 4416 1348 4486 μὴ
1386 4417 1705 4488 βουλόμεναι

1811 4417 2060 4470 contrita:
2088 4415 2156 4470 ab
2194 4415 2337 4486 ipso,
2385 4425 2440 4471 et
2469 4418 2715 4473 nolentes
2765 4419 3010 4472 contiteri
3044 4431 3258 4475 aeternae
3287 4421 3373 4474 di-

127 4501 412 4571 ὁμολογεϊν
460 4503 558 4574 τῆς
604 4505 771 4557 ἀϊδίου
808 4505 1059 4578 Θεότητος
1088 4509 1252 4561 αὑτοῦ
1315 4509 1600 4564 αὑϐεντίαν
1647 4529 1704 4564 τε

1811 4510 2053 4566 vinitatis
2081 4511 2200 4579 ejus
2251 4511 2629 4566 auctoritatem
2664 4520 2718 4566 et
2749 4513 3000 4566 virtutem
3033 4514 3330 4568 clamantes
3359 4534 3372 4568 :

129 4595 229 4647 καὶ
253 4593 484 4666 δύναμιν
520 4595 722 4665 βοῶσαι
745 4616 757 4627 ·
795 4600 927 4664 Ἔα,
965 4600 1020 4653 τί
1055 4601 1200 4668 ἡμῖν
1233 4602 1330 4656 καὶ
1361 4605 1484 4669 σοι,
1511 4602 1705 4669 Ἰησοῦ

1813 4602 1957 4666 Sine,
1991 4605 2113 4673 quid
2142 4603 2289 4658 nobis
2319 4612 2369 4658 et
2401 4605 2513 4668 tibi,
2550 4603 2678 4657 Iesu
2721 4603 2930 4658 Christe
2979 4603 3090 4660 Fili
3133 4605 3248 4672 Dei,
3287 4624 3373 4660 nec

127 4685 350 4754 Χριστὲ
375 4687 468 4739 Υἱὲ
505 4687 609 4740 τοῦ
636 4688 803 4754 Θεοῦ,
830 4685 1012 4759 ἦλθες
1037 4689 1148 4757 πρὸ
1173 4692 1381 4759 καιροῦ
1410 4693 1706 4748 ἀπολέσαι

1812 4698 1940 4751 nisti
1978 4706 2098 4751 ante
2129 4712 2330 4766 tempus
2359 4700 2571 4767 perdere
2617 4714 2712 4751 nos
2757 4698 2833 4750 '7?
2857 4706 2911 4752 et
2938 4708 3195 4769 tanquam
3226 4699 3372 4769 judi-

128 4774 323 4845 ἡμᾶς
355 4778 444 4830 καὶ
476 4779 624 4840 ὅπως
661 4779 850 4851 κριτὴν
894 4780 986 4834 τοῦ
1029 4781 1308 4851 μέλλοντος
1337 4785 1429 4837 καὶ
1469 4784 1542 4856 μὴ
1583 4785 1708 4855 βου⁴

1811 4803 1926 4841 cem
1960 4785 2127 4842 futuri
2161 4787 2404 4843 nolentes
2432 4789 2594 4842 etiam
2630 4787 2878 4842 confiteri
2916 4790 3116 4859 ipsum,
3144 4799 3202 4845 ut
3230 4807 3371 4862 prae-

128 4865 356 4936 λόμεναι
382 4868 661 4937 ὁμολογεῖν
698 4869 881 4933 αὑτὸν,
921 4871 1060 4924 καθὰ
1105 4873 1462 4944 προείπαμεν.
1740 4874 1785 4932 D
1810 4879 2064 4934 diximus.

206 5004 248 5034 ⁸⁸
287 5001 475 5058 Matth.
502 5021 704 5070 xxvnl,
738 5008 826 5062 19.
908 5010 970 5040 ⁸⁸⁸
1006 5008 1162 5066 Juan.
1195 5027 1248 5064 ιι
1270 5053 1283 5076 ,
1315 5011 1404 5065 25.
1484 5013 1525 5044 ⁸⁷
1566 5012 1730 5071 Marc.
1760 5034 1800 5080 ι,

738 5008 826 5062 19.
908 5010 970 5040 ¹⁶⁸
1006 5008 1162 5066 Juan.
1195 5027 1283 5076 ιι,
1315 5011 1404 5065 25.
1484 5013 1525 5044 ⁸⁷
1566 5012 1730 5071 Marc.
1760 5034 1806 5080 ι,
1839 5016 1941 5084 25;
1972 5016 2102 5072 Luc.
2136 5033 2210 5084 tv,
2246 5021 2332 5074 55.

1076 5195 1379 5256 Addenda
1411 5202 1475 5255 et
1514 5194 1888 5275 corrigenda
1920 5212 1997 5257 ex
2028 5196 2166 5257 cod.
2199 5197 2399 5259 Vatic.

207 5339 285 5423 (1)
323 5339 669 5422 Ἐκχεόμενον
690 5341 938 5423 δὲηπάλιν
1095 5345 1332 5423 αὑτοὺς,
1352 5345 1426 5406 ὡς
1457 5344 1531 5423 _rb
1557 5343 1725 5416 ὕδωρφ
1803 5355 1932 5412 etc.,
1970 5345 2112 5414 λέγω
2139 5347 2222 5418 δή,
2258 5359 2384 5416 etc.,
2411 5347 2484 5413 ὡς
2531 5350 2587 5402 ὲν
2627 5349 2703 5420 τῷ
2758 5350 3122 5422 κατακλυσμῷ
3157 5356 3371 5423 πεποίη-

129 5409 190 5461 rb
237 5409 510 5478 ὑπεράνω,
539 5420 669 5474 ctc.,
718 5411 888 5474 οὑτως
935 5413 1120 5466 καὶτὸ
1157 5414 1250 5466 τοῦ
1308 5409 1696 5485 βαπτίσματος,
1804 5409 2054 5481 κεν,ἐῑοξ

202 5567 282 5636 (a)
321 5564 612 5621 Comment.
648 5584 680 5620 a
715 5583 846 5621 vers.
888 5569 972 5632 10,
1016 5584 1176 5647 usque
1209 5570 1277 5622 ad
1328 5570 1485 5638 ﬁnem
1527 5571 1860 5647 desideratur
1891 5590 1996 5626 una
2025 5590 2142 5626 cum
2187 5575 2458 5647 uersiculis
2511 5573 2734 5642 Psalmi,
2777 5579 2864 5647 qui
2914 5580 3212 5630 alternatim
3253 5596 3369 5631 cum

131 5639 580 5704 interpretatione,
613 5653 728 5707 qua:
755 5640 1109 5719 interlineaﬂris
1147 5649 1242 5703 est,
1281 5657 1369 5692 seu
1420 5641 1640 5719 singulis
1695 5644 2022 5719 psalmorum
2053 5644 2345 5719 curriculis
2392 5639 2729 5715 interposita,
2763 5639 2946 5717 scripti
2981 5661 3121 5701 sunt.
3158 5649 3370 5719 Integra

129 5710 268 5760 enim
293 5707 486 5776 pagina
507 5707 644 5761 deest
676 5709 727 5787 in
771 5710 967 5761 codice.
1013 5707 1237 5787 sequens
1281 5723 1456 5763 autem
1493 5707 1900 5781 pagina-incipit
1932 5713 1995 5765 ab
2044 5715 2124 5767 Itis
2153 5715 2318 5768 verbis
2365 5707 2742 5785 commentarii,
2788 5707 2880 5772 seu,
2925 5707 3370 5787 interpretationis

131 5776 375 5831 versiculi
403 5778 569 5847 quinti
609 5778 801 5846 psalmi
840 5776 1100 5848 sequentis
1135 5795 1313 5833 (λι-χ.
