4036 6426
673 372 812 430 1335
1496 367 1551 420 S.
1593 365 1966 419 ATHANASII
2003 365 2152 425 OPP.
2195 364 2376 420 PARS
2414 367 2502 422 Ill.
2544 400 2612 408 —
2653 365 3059 423 EXEGETICA.
3782 368 3892 420 I336

735 492 822 545 1⁵1.
865 489 1006 561 Ignis
1031 489 1256 560 grando,
1303 487 1416 553 nix,
1453 487 1790 556 crystallum,
1834 488 2058 555 spiritus
2091 503 2218 557 pro-
2251 494 2296 548 Α

2280 505 2296 548 ι
2401 490 2480 541 l7.
2512 490 2648 559 Πῦρ,
2673 491 2900 560 χάλαζα,
2935 489 3065 560 χιὼν
3087 528 3100 551 ,
3141 487 3494 559 κρύσταλλος,
3535 487 3762 539 rae-Sua
3788 506 3874 540 κατ

663 583 832 648 ςειιω,

2332 582 2555 647 αιγίδος,

733 675 819 729 18.
862 673 988 740 Quae
1017 673 1221 727 faciunt
1247 672 1469 726 verbum
1514 671 1656 739 ejus,

2402 671 2487 724 18.
2529 671 2607 724 Τά
2643 671 2893 723 ποιοῦντα
2927 669 3196 738 τὸνλόγον
3220 667 3404 733 αὑτοῦ,

731 767 815 821 19.
860 764 1066 818 Montes
1088 774 1139 817 ct
1170 777 1360 816 omnes
1389 762 1578 825 colles,

2402 764 2483 817 19.
2523 765 2602 815 Τά
2624 763 2720 832 ὅρη
2746 763 2838 815 καὶ
2868 763 3068 823 πάντες
3093 763 3142 812 oi
3177 760 3368 828 βουνοὶ,

729 855 817 908 20.
860 853 1028 922 Ligna
1055 850 1332 905 fructifera
1363 859 1415 905 ct
1448 867 1638 906 omnes
1681 850 1848 910 cedri,

2393 855 2481 908 20.
2508 855 2648 906 Ξύλα
2679 851 2999 924 καρποφόρα
3023 852 3115 903 καὶ
3144 853 3310 904 πᾶσαι
3343 850 3544 921 κέδροι,

726 948 813 1001 21.
855 946 1048 1000 Bestia:
1082 956 1136 999 et
1186 946 1435 1000 universa
1481 960 1703 1014 pecora,

2393 947 2482 1000 21.
2515 946 2596 998 Τά
2623 946 2785 1016 θηρία
2812 947 2903 998 καὶ
2927 946 3101 998 πάντα
3121 944 3188 997 τὰ
3218 945 3411 1014 κτήνη,

722 1039 813 1092 22.
858 1039 1143 1107 Serpentes
1174 1049 1227 1090 et
1255 1038 1502 1092 volucres
1535 1045 1802 1106 pennataz,

2393 1037 2481 1090 22.
2527 1037 2759 1106 Ἑρπετὰ
2787 1038 2881 1089 καὶ
2919 1035 3139 1089 πετεινά
3167 1035 3431 1104 πτερωτὰ,

719 1130 809 1182 25.
853 1126 1027 1196 Reges
1051 1137 1209 1183 terra:
1231 1139 1286 1183 et
1317 1141 1509 1182 omnes
1534 1127 1738 1197 populi,

2393 1125 2484 1178 25.
2517 1124 2762 1186 Βασιλεῖς
2788 1125 2885 1193 τῆς
2907 1124 3010 1192 γῆς
3035 1124 3127 1177 καὶ
3160 1123 3358 1187 πάντες
3385 1123 3524 1186 λαοὶ,

719 1220 811 1272 24.
856 1218 1131 1289 Principes
1158 1227 1213 1273 et
1247 1233 1439 1273 omnes
1476 1217 1687 1287 iudices
1721 1226 1899 1282 teri-ie,

2391 1215 2482 1267 21.
2523 1217 2811 1286 ’Ἄρχοντες
2841 1217 2935 1267 καὶ
2970 1217 3166 1278 πάντες
3196 1215 3376 1286 κριταὶ
3403 1214 3539 1284 γῆς,

719 1312 810 1365 25.
844 1309 1078 1366 Juvenes
1109 1323 1164 1366 et
1191 1313 1449 1382 virgines,

2391 1304 2480 1357 25.
2517 1305 2801 1356 Νεανίσκοι
2835 1305 2926 1356 καὶ
2956 1304 3233 1374 παρθένοι,

713 1401 802 1456 26.
874 1399 1043 1455 Senes
1076 1416 1201 1456 cum
1233 1399 1563 1469 junioribus,

2393 1395 2481 1449 26.
2514 1395 2877 1465 Πρεσϐύτεροι
2906 1396 3042 1464 μετὰ
3065 1396 3357 1465 νεωτέρων,

716 1491 805 1545 27.
845 1488 1092 1545 Laudent
1125 1503 1323 1543 nomen
1362 1489 1578 1542 Domini
1614 1507 1625 1540 :

2391 1485 2479 1540 27.
2511 1485 2886 1537 Λίνεσάτωσαν
2921 1484 2980 1536 τὸ
2998 1483 3166 1553 ὄνομα
3196 1482 3399 1552 Κυρίου
3424 1498 3436 1511 ·

714 1580 803 1635 28.
844 1578 980 1645 Quia
1007 1580 1301 1634 exaltatum
1324 1589 1403 1633 est
1441 1593 1638 1632 nomen
1684 1578 1803 1646 ejus
1841 1577 2033 1631 solius.

1952 1594 2033 1631 us.
2392 1576 2480 1629 28.
2516 1576 2639 1627 Ὅτι
2666 1573 2853 1644 ὑψώθη
2876 1575 2935 1627 τὸ
2968 1575 3134 1644 ὄνομα
3163 1571 3326 1625 αὑτοῦ
3353 1572 3536 1642 μόνου.

1770 1750 2147 1808 ATHANASII
2189 1749 2766 1805 INTERPRETATIO.

723 1949 813 2013 17,
857 1946 948 2002 18.
990 1943 1257 1997 Nimirum
1317 1941 1428 2012 igni
1501 1938 1790 1994 assimilati
1845 1944 1973 1991 sunt
2044 1935 2218 1988 sancti
2251 1940 2292 1993 Β

2291 1974 2292 1980 η
2388 1929 2474 1992 17,
2509 1929 2597 1981 18.
2632 1929 2880 1998 Δηλονότι
2927 1927 3004 1997 τῷ
3038 1929 3172 2000 πυρὶ
3211 1928 3451 1980 ἐοίκασιν
3488 1929 3536 1979 οί
3574 1927 3728 1993 ἆγιοι
3764 1926 3885 1980 ἀπό-

641 2041 872 2114 apostoli
923 2038 1307 2094 comburentes
1348 2033 1658 2089 contrarias
1707 2036 2027 2099 potestates,
2074 2041 2210 2095 quo-

2315 2021 2515 2082 στολοι,
2541 2021 2637 2082 τὰς
2665 2020 2907 2083 ἐναντίας
2927 2020 3179 2090 δυνάμεις
3214 2019 3651 2087 καταφλέγοντες
3671 2034 3684 2046 '
3714 2019 3885 2070 ἐπειδὶ

643 2113 786 2188 niam
832 2146 897 2186 ex
931 2131 1074 2198 igne,
1111 2127 1205 2197 qui
1237 2126 1353 2180 haec
1387 2123 1570 2176 omnia
1610 2120 1903 2181 consumit,
1931 2115 2210 2174 constituti

2313 2115 2405 2170 καὶ
2444 2116 2507 2168 ἐκ
2537 2113 2628 2166 τοῦ
2665 2113 2832 2185 πυρὸς
2856 2113 3024 2168 ταῦτα
3048 2115 3222 2167 πάντα
3249 2113 3749 2174 καταναλίσκοντος
3780 2115 3884 2165 aca-

642 2233 792 2289 sunt,
815 2233 867 2278 et
899 2221 1102 2291 impleti
1133 2227 1282 2285 sunt,
1314 2219 1419 2272 hoc
1443 2225 1523 2271 est
1560 2213 1763 2283 Spiritu
1798 2219 2007 2266 sancto.
2049 2209 2210 2263 Simi-

2314 2205 2540 2276 χθησαν,
2594 2205 2688 2258 καὶ
2732 2205 3222 2276 ὲνεπληρὼθησαν,
3274 2205 3522 2258 τουτέστι
3574 2204 3885 2272 Πνεύματος,

642 2317 763 2370 liter
789 2313 1012 2386 perinde
1040 2327 1106 2366 ac
1136 2311 1344 2382 grando
1379 2317 1507 2362 sunt
1531 2307 1692 2360 iidem
1721 2302 1978 2373 apostoli,
2011 2301 2211 2356 caden-

2312 2297 2487 2364 ἁγίου.
2540 2295 2768 2367 Ὁμοίως
2821 2298 2914 2348 καὶ
2962 2297 3168 2366 χάλαζα
3221 2299 3582 2366 τυγχάνουσιν
3646 2298 3698 2348 οἱ
3746 2298 3885 2348 αὐτόν

641 2418 724 2464 tes
757 2408 900 2462 enim
932 2421 1097 2475 super
1146 2412 1422 2471 serpentes
1453 2408 1509 2455 et
1542 2398 1878 2467 scorpiones,
1918 2405 1970 2450 et
1994 2409 2208 2448 omnem

2312 2387 2594 2440 ἀπόστολοι
2620 2405 2630 2416 ·
2667 2387 3027 2456 ἐμπίπτοντες
3045 2386 3151 2457 γὰρ
3172 2389 3248 2449 εἰς
3269 2387 3392 2448 τοὺς
3421 2389 3588 2454 δφεας
3614 2387 3714 2439 καὶ
3743 2401 3885 2454 σκορ-

643 2497 850 2554 inimici
895 2502 1238 2566 potestatem,
1274 2491 1734 2548 conculcaverunt
1773 2503 1867 2543 eos
1912 2499 2212 2554 eorumque

2314 2479 2487 2539 πίους,
2520 2479 2611 2530 καὶ
2653 2479 2830 2530 πᾶσαν
2873 2477 2970 2548 τὴν
3010 2478 3232 2546 δύναμιν
3263 2475 3352 2529 τοῦ
3386 2475 3612 2546 ἐχθροῦ,
3649 2475 3883 2528 κατεπά-

641 2591 937 2662 potentiam
970 2590 1012 2620 ¹¹¹
1047 2607 1060 2641 :
1100 2589 1191 2641 nix
1223 2598 1405 2640 autem
1433 2584 1596 2640 etiam
1626 2591 1756 2636 sunt
1776 2589 1996 2650 propter
2029 2577 2212 2632 cordis

2314 2587 2438 2622 τουν
2476 2571 2690 2633 αὐτοὺς,
2721 2571 2815 2624 καὶ
2840 2571 2938 2640 τὴν
2971 2571 3149 2624 αὐτῶν
3177 2570 3404 2639 δύναμιν
3430 2586 3443 2598 ·
3477 2571 3613 2638 χιὼν
3653 2570 3711 2621 δὲ
3737 2570 3887 2621 πάλιν

641 2661 993 2746 munditiem;
1018 2693 1072 2735 et
1096 2679 1415 2750 crystallum
1463 2689 1681 2746 quoque
1711 2683 1840 2729 sunt
1866 2681 2088 2742 propter
2115 2687 2211 2725 eo-

2315 2663 2618 2734 ὑπάρχουσι
2681 2663 2771 2715 διὰ
2836 2664 2896 2716 τὸ
2943 2663 3179 2734 καθαρὸν
3247 2661 3423 2716 αὐτῶν
3473 2663 3575 2730 τῆς
3625 2661 3886 2731 καρδίας,

642 2791 765 2831 rum
786 2773 1159 2830 claritudinem
1193 2779 1246 2826 et
1272 2769 1394 2825 fidei
1423 2769 1736 2823 ﬁrmitatem
1775 2785 1788 2820 :
1827 2766 2010 2834 itaque
2051 2764 2209 2834 ignis,

2314 2753 2406 2804 καί
2453 2753 2781 2824 κρύσταλλός
2824 2757 2928 2806 είσι
2981 2756 3068 2807 διὰ
3126 2756 3185 2807 τὸ
3225 2755 3488 2823 τηλαυγὲς
3546 2755 3769 2818 αὐτῶν,
3805 2757 3884 2806 κατ

644 2865 866 2934 grando,
899 2863 1012 2927 nix,
1055 2862 1377 2933 crystallum
1429 2859 1742 2931 signiﬁcant
1791 2857 1895 2910 hoc
1929 2857 2048 2908 loco
2081 2869 2211 2922 apo-

2318 2844 2534 2914 ἰσχυρὸν
2557 2845 2655 2914 τῆς
2688 2847 2956 2906 πίστεως·
3005 2846 3192 2899 οὐκοῦν
3250 2847 3381 2917 πῦρ.
3437 2846 3676 2915 χάλαζα,
3739 2847 3884 2915 χιὼν,

643 2955 836 3019 stolos,
861 2953 1321 3025 quemadmodum
1346 2953 1780 3008 demonstratum
1811 2957 1914 3002 est.
1947 2945 2210 3016 Spiritum

2316 2935 2642 3006 κρύσταλλος
2713 2938 3043 3008 ὑπάρχουσιν
3119 2937 3348 2990 ἐνταῦθα
3429 2938 3478 2988 οἱ
3575 2937 3886 2999 ἀπόστολοι,

643 3057 826 3103 autem
881 3048 1133 3118 procellae
1168 3047 1412 3101 invenies
1467 3045 1617 3097 illum
1670 3042 2131 3110 obtemperantem
2161 3038 2210 3092 ei

2312 3027 2492 3092 καθὼς
2517 3029 2911 3082 ἀποδέδεικται.
2958 3029 3181 3099 Πνεῦμα
3205 3029 3258 3081 δὲ
3288 3029 3598 3095 καταιγίδος
3637 3030 3885 3099 εὑρήσεις

646 3143 700 3194 in
739 3139 905 3193 ﬂuctu
949 3139 1136 3200 maris,
1181 3136 1400 3206 quando
1445 3135 1694 3189 dicebant
1749 3131 1978 3202 apostoli
2015 3149 2027 3183 :
2079 3128 2209 3192 Quis

2313 3119 2486 3172 ἐκεῖνο
2513 3120 2574 3172 τὸ
2604 3119 2916 3173 ὑπανιοῦσαν
2951 3120 3098 3189 αὑτῷ
3123 3122 3179 3172 ἐν
3205 3120 3280 3190 τῷ
3306 3120 3536 3172 κλύδωνι
3563 3121 3666 3189 τῆς
3695 3120 3884 3172 θαλασ-

641 3242 716 3287 est
747 3233 852 3296 hic,
885 3231 1010 3301 quia
1039 3240 1086 3282 et
1113 3229 1246 3281 venti
1285 3237 1332 3282 et
1373 3243 1514 3280 mare
1555 3225 1798 3279 obediunt
1830 3224 1876 3276 ei
1911 3220 1988 3272 "?
2013 3221 2078 3273 de
2104 3236 2212 3289 quo

2316 3227 2434 3280 σης,
2462 3211 2548 3263 ὅτε
2579 3211 2760 3278 ἔλεγον
2791 3213 2838 3262 οἱ
2867 3211 3188 3264 ἀπόστολοι·
3227 3212 3321 3275 Τίς
3346 3213 3516 3263 ἐστιν
3547 3208 3766 3278 οὗτος,
3805 3212 3883 3264 ὁτι

641 3321 804 3376 etiam
838 3279 1112 3390 bropheta
1157 3318 1296 3372 dixit
1347 3318 1400 3371 in
1446 3317 1589 3370 libro
1636 3313 1983 3369 Psalmorum
2011 3310 2057 3341 ’°
2092 3327 2103 3362 :
2141 3307 2210 3361 Et

2313 3299 2410 3352 καί
2443 3299 2666 3368 ἄνεμοι.
2703 3300 2799 3352 καί
2821 3301 2859 3368 ἡ
2911 3299 3192 3353 θάλασσα
3222 3301 3646 3352 ὑπακούουσιν
3695 3301 3882 3365 mitti);

641 3412 913 3480 imperavit
944 3383 1207 3481 procellis,
1239 3421 1284 3462 et
1321 3409 1469 3462 stetit
1493 3408 1548 3459 in
1575 3422 1712 3469 aere,
1737 3415 1784 3458 et
1821 3403 2075 3458 siluerunt
2107 3403 2211 3472 [lu-

2313 3391 2439 3462 περὶ
2472 3383 2532 3443 οὗ
2578 3392 2668 3444 καὶ
2705 3391 2732 3443 ὁ
2762 3392 3046 3462 προφήτης
3090 3391 3275 3458 ἔλεγεν
3310 3392 3366 3442 ἐν
3398 3389 3569 3460 βίϐλῳ
3598 3391 3846 3461 Ψαλμῶν
3869 3408 3880 3419 ·

642 3512 756 3554 ctus
808 3501 943 3569 ejus.
997 3499 1242 3568 Apostoli
1297 3498 1463 3568 igitur
1507 3495 1669 3550 simul
1719 3505 1772 3550 et
1821 3504 2014 3551 ventus
2057 3503 2212 3548 erant

2312 3484 2420 3537 Καὶ
2455 3483 2703 3548 ἐπέταξε
2737 3483 2808 3551 τῇ
2837 3482 3123 3550 καταιγίδι
3151 3523 3164 3546 ,
3200 3483 3294 3536 καὶ
3329 3483 3476 3548 ἔστη
3531 3484 3621 3548 είς
3676 3484 3881 3549 αὔραν,

641 3601 773 3645 tunc
795 3591 848 3644 in
881 3591 1149 3660 idipsum;
1181 3589 1410 3659 apostoli
1441 3588 1658 3658 quidem
1708 3596 2013 3657 spectantes
2039 3587 2208 3640 mira-

2313 3575 2406 3627 καὶ
2441 3575 2736 3642 ἐσίγησαν
2767 3575 2838 3626 τὰ
2865 3576 3095 3642 κύματα
3130 3573 3338 3640 αὐτῆς.
3370 3575 3431 3626 Οί
3477 3574 3775 3625 ἀπόστολοι
3799 3569 3881 3625 οὖν

642 3685 851 3748 culum,
894 3692 1086 3738 ventus
1132 3692 1313 3736 autem
1344 3681 1542 3735 cedens
1573 3680 1739 3734 verbo
1786 3680 2041 3749 imperii:
2085 3677 2208 3732 ideo

2311 3663 2466 3735 ὁμοῦ,
2491 3666 2583 3717 καὶ
2613 3667 2640 3717 ὁ
2663 3664 2858 3734 ἄνεμος
2883 3662 2950 3735 ἧν
2975 3664 3273 3716 ἐπαναυτὺν
3302 3663 3431 3730 [ἐπὶ
3452 3663 3510 3714 τὸ
3533 3663 3707 3735 αὐτὸ]
3735 3665 3877 3716 τότε·

643 3776 867 3846 subjicit
915 3776 983 3830 de
1024 3774 1283 3844 apostolis
1324 3781 1378 3827 et
1424 3771 1616 3841 spiritu
1668 3771 2046 3841 tempestatis:
2079 3768 2209 3834 Quae

2309 3760 2357 3810 οί
2395 3758 2491 3827 μὲν
2525 3756 2809 3808 ἀπόστολοι
2843 3756 3144 3826 ἑωρακότες
3181 3754 3241 3805 τὸ
3276 3753 3480 3823 θαῦμα,
3526 3754 3556 3804 ὁ
3588 3753 3644 3806 δὲ
3692 3756 3879 3823 ἄνεμος

643 3843 845 3939 faciunt
891 3843 1101 3921 verbum
1130 3867 1263 3936 ejus.

2311 3846 2659 3917 καταπτήξας
2713 3845 2789 3916 τῷ
2827 3846 2968 3916 λόγῳ
2999 3844 3092 3898 τοῦ
3138 3843 3588 3915 προστάγματος·
3639 3845 3734 3897 διὰ
3791 3846 3880 3916 γὰρ

2308 3936 2464 3989 τοῦτο
2497 3937 2686 4005 ἐπάγει
2721 3936 2847 4006 περὶ
2890 3935 2998 3988 τῶν
3047 3935 3354 3988 ἀποστόλων
3387 3935 3480 3986 καὶ
3513 3933 3611 3990 τοῦ
3646 3939 3880 4006 πνεύμαα

2310 4046 2397 4090 τος
2418 4028 2517 4097 τῆς
2540 4030 2848 4097 καταιγίδος
2867 4047 2879 4057 ·
2919 4028 2994 4082 Τὰ
3020 4027 3306 4081 ποιοῦντα
3340 4027 3654 4096 τὸνλόγον
3675 4029 3881 4105 aurci.

711 4128 800 4192 19,
841 4125 928 4180 20.
973 4124 1245 4179 Sublimes
1293 4127 1610 4194 praeceptis,
1664 4133 1720 4179 et
1754 4125 1990 4179 humiles
2045 4125 2208 4179 corde

2383 4120 2467 4181 19,
2503 4120 2591 4173 20.
2623 4119 2689 4173 Οἱ
2719 4119 2910 4190 ὑψηλοὶ
2935 4122 3052 4182 ταῖς
3081 4118 3340 4180 ἐντολαῖς,
3385 4117 3481 4170 καὶ
3511 4121 3769 4171 ταπεινοὶ
3823 4122 3881 4186 τῇ

643 4220 898 4273 facientes
943 4217 1180 4270 fructum
1231 4216 1478 4284 iustitiae,
1528 4224 1583 4271 et
1633 4216 1929 4285 incorrupti
1992 4231 2206 4285 perma—

2309 4211 2524 4282 καρδίᾳ,
2565 4212 2604 4258 ιι
2632 4211 2906 4275 ποιοῦντες
2927 4211 3134 4281 καρπον
3148 4208 3510 4278 δικαιοσύνης,
3529 4211 3627 4261 καὶ
3656 4212 3881 4280 ἄτηκτοι

643 4317 851 4361 nentes.

2307 4302 2664 4372 διαμένονεες.

710 4399 800 4451 21.
841 4395 899 4451 In
939 4397 1137 4450 eremis
1169 4396 1434 4463 viventes,
1464 4405 1512 4450 et
1551 4397 1817 4451 mansueti
1846 4395 2030 4451 corde.

2374 4391 2463 4444 21.
2503 4392 2593 4444 Ἐν
2619 4394 2737 4453 ταῖς
2772 4393 2995 4462 ἐρήμοις
3023 4389 3385 4460 διαιτώμενοι,
3422 4391 3518 4442 καὶ
3574 4394 3780 4460 πραεῖς
3823 4393 3881 4460 τῇ

2309 4500 2378 4534 κα
2389 4483 2528 4554 ρδία.

710 4573 800 4625 22.
841 4570 1078 4640 Corpora
1109 4579 1163 4624 et
1211 4572 1410 4626 anima:
1461 4581 1799 4628 sanctorum.
2239 4635 2276 4644 _

2239 4635 2276 4644 _
2377 4575 2465 4627 22.
2497 4573 2575 4626 Τὰ
2600 4573 2823 4644 σώματα
2857 4574 2949 4626 καὶ
2973 4575 3026 4626 αἱ
3059 4573 3227 4643 ψυχαὶ
3257 4591 3361 4625 των
3387 4573 3581 4640 ἁγίων.

708 4663 796 4717 25.
838 4635 1113 4731 Episcopi,
1143 4670 1197 4715 et
1235 4677 1427 4717 omnes
1463 4665 1644 4733 populi
1676 4667 1975 4722 credentes.
2239 4635 2282 4688 θ

2374 4667 2464 4720 25.
2502 4669 2561 4720 OE
2593 4668 2896 4728 ἐπίσκοποι,
2921 4669 3012 4720 καὶ
3047 4667 3244 4728 πάντες
3265 4667 3383 4720 λαοὶ
3424 4668 3474 4718 οἱ
3508 4669 3877 4728 πιστεύοντες.

711 4755 800 4808 24.
844 4753 1170 4823 Presbyteri.
1199 4762 1254 4807 et
1282 4755 1376 4823 qui
1409 4755 1615 4810 mundo
1662 4759 2060 4813 renuntiarunt.

2376 4761 2464 4812 24.
2496 4762 2557 4812 Oi
2588 4757 2944 4829 πρεσῦύτεροι
2970 4758 3060 4810 καὶ
3087 4759 3135 4810 oi
3156 4758 3232 4828 τῷ
3249 4758 3875 4827 κόσμῳὰποταξάμενοι.

712 4845 804 4898 25.
841 4844 944 4909 Qui
989 4845 1130 4898 malo
1158 4845 1436 4909 resistunt,
1466 4853 1519 4900 et
1548 4849 1733 4902 mundi
1762 4859 1889 4903 sunt
1917 4852 2098 4905 corde.

2377 4851 2467 4904 25.
2499 4852 2558 4902 Oi
2581 4850 2955 4919 ἀνθιστάμενοι
2984 4849 3060 4919 τῷ
3084 4849 3320 4919 πονηρῷ,
3349 4849 3441 4902 καὶ
3464 4851 3637 4921 ἁγνὴν
3668 4851 3874 4920 ἔχοντες

2305 4941 2402 5012 τὴν
2442 4941 2683 5012 καρδίαν.

716 5019 804 5072 26.
843 5014 945 5083 Qui
990 5029 1112 5072 ante
1143 5031 1501 5085 speraverant
1546 5021 1598 5075 in
1648 5021 1890 5088 Christo,
1935 5033 1988 5079 et
2021 5025 2208 5097 cogni-

2379 5033 2469 5087 26.
2504 5034 2566 5084 Οἱ
2606 5032 2997 5103 προηλπικότες
3022 5034 3078 5085 ὲν
3097 5031 3175 5100 τῷ
3196 5031 3431 5102 Χριστῷ,
3456 5032 3549 5084 καὶ
3583 5035 3648 5101 τῇ
3684 5033 3874 5101 γνώσει

647 5114 793 5165 tione
824 5109 1058 5180 perfecta
1086 5124 1339 5183 aguntur,
1370 5124 1424 5168 et
1461 5113 1654 5169 ﬂorent
1682 5117 1731 5168 in
1769 5115 1889 5171 tide.

2309 5124 2524 5186 τελείως
2548 5125 2854 5194 φερόμενοι,
2889 5123 2982 5176 καὶ
3001 5124 3049 5175 οἱ
3077 5122 3362 5185 ἀνθοῦντες
3393 5123 3519 5191 περὶ
3539 5123 3640 5192 τὴν
3674 5124 3872 5176 πίστιν.

706 5201 794 5253 27.
837 5199 1176 5258 Unanimitcr
1240 5221 1428 5260 omnes
1470 5222 1578 5261 uno
1628 5222 1723 5261 ore
1773 5219 1826 5262 et
1878 5226 1993 5264 uno
2044 5212 2204 5264 corde

2378 5213 2468 5267 27.
2507 5214 2874 5284 Ὀμοθυμαδδν
2898 5216 2954 5267 ὲν
2985 5215 3063 5267 ἑνὶ
3099 5214 3354 5283 στόματι,
3401 5213 3492 5265 καὶ
3534 5215 3635 5282 μ.ιᾷ
3684 5213 3872 5283 καρδία

647 5289 942 5347 laudabunt
978 5310 1172 5348 nomen
1211 5293 1446 5349 Domini.

2307 5305 2671 5374 ἀνυμνήσουσι
2700 5304 2755 5356 τ’)
2793 5303 2962 5374 ὄνομα
2995 5303 3199 5373 Κυρίου
3233 5302 3447 5364 πάντες.

709 5381 797 5436 28.
840 5381 1108 5449 Quoniam
1174 5401 1369 5441 nomen
1437 5389 1555 5456 ejus
1619 5389 2051 5444 demonstratum
2122 5399 2202 5445 est

2377 5396 2464 5451 28.
2501 5397 2623 5449 ’Ότι
2648 5397 2708 5448 τὸ
2735 5396 2904 5466 δνομα
2931 5395 3093 5450 αὑτοῦ
3117 5393 3405 5466 ἀπεδείχθη
3454 5392 3712 5448 κυοιεῦον
3745 5393 3869 5446 πάν-

645 5473 890 5527 omnium
927 5475 1237 5531 dominans.
2314 5505 2440 5539 των.

743 5736 783 5766 ⁸⁸
844 5737 971 5790 [ιμ’.
1038 5758 1088 5804 ι,
1147 5742 1228 5798 19.
1330 5743 1724 5811 "Matth.vm,
1773 5745 1860 5800 27.
1943 5748 1985 5779 "
2028 5746 2171 5802 Psal.
2213 5765 2332 5812 cu,
2383 5748 2470 5803 29.
