4036 6446
212 377 345 434 1357

281 499 371 552 29.
413 498 476 551 Ἡ
504 498 886 571 ἐξομολόγησις
909 499 1070 552 αὑτοῦ
1101 502 1191 553 ἐπὶ
1215 504 1315 572 γῆς
1349 504 1442 556 καὶ
1467 504 1714 575 ούρανοῦ,
1797 512 1844 567 Α

278 592 367 647 50.
394 594 504 645 Καὶ
535 590 734 662 ὑψώσει
767 591 933 662 κέρας
958 590 1085 645 λαοῦ
1108 593 1292 646 αὑτοῦ.

279 683 365 735 5|.
400 684 605 752 ’Ύμνος
634 684 766 735 πᾶσι
789 684 897 745 τοῖς
926 683 1091 746 ὁσίοις
1115 683 1299 747 αὑτοῦ,

279 771 361 825 52.
396 772 521 835 Τοῖς
543 773 677 834 υἱοῖς
720 771 955 844 Ἰσραὴλ,
986 771 1097 842 λαῷ
1126 773 1391 841 ἐγγίζοντι
1420 774 1587 846 αὐτῷ.

583 883 934 950 Ἀλληλούτα
996 888 1165 938 ΨΑΛ.
1196 890 1380 941 ΡΜΘἎ

278 970 328 1023 1.
359 972 555 1041 ’ᾼσατε
586 973 662 1042 τῷ
687 974 873 1042 Κυρίῳ
901 970 1048 1045 ᾆσμα
1080 976 1262 1029 καινόν
1280 993 1295 1008 ·

273 1061 329 1115 2.
368 1063 429 1115 'H
456 1062 658 1127 αῖνεσις
681 1065 842 1117 αὐτοῦ
875 1068 931 1118 ἐν
960 1067 1219 1137 ἐκκλησίᾳ
1242 1070 1423 1121 ὁσίων.

274 1154 326 1208 5.
356 1154 720 1228 Εὑφρανθήτω
751 1157 960 1227 Ἰσραὴλ
989 1159 1080 1212 ἐπὶ
1117 1154 1497 1230 τῷποιήσαντι
1530 1160 1708 1225 αὐτὸν,

273 1244 326 1299 4.
364 1247 472 1299 Καὶ
504 1246 611 1299 υἱοὶ
634 1246 770 1300 Σιὼν
795 1248 1234 1317 ἀγαλλιάσοωσαν
1285 1251 1375 1302 ἐπὶ
1430 1251 1506 1321 τῷ
1555 1250 1764 1320 βασιλεί

200 1335 402 1391 αὐτῶν.

273 1427 324 1481 5.
355 1429 731 1483 Αίνεσάτωσαν
753 1430 811 1482 τὸ
834 1429 999 1499 ὄνομα
1025 1429 1187 1482 αὐτοῦ
1226 1432 1282 1483 ἐν
1312 1429 1476 1501 χορῷ,

1126 387 1215 441 DE
1251 388 1524 445 TITULIS
1555 389 2005 471 PSALMORUM.
2043 426 2115 437 —
2162 395 2352 451 PSAL.
2395 396 2615 456 CXLIX.

3294 412 3425 471 l338

1939 509 2029 563 ‘29.
2066 508 2354 565 Confessio
2380 512 2500 580 cjus
2529 527 2691 582 super
2718 522 2916 570 terram
2953 529 3006 572 et
3027 518 3246 585 caelum,

1934 601 2023 655 50.
2065 600 2130 655 Et
2156 603 2414 657 exaltabit
2442 620 2612 659 cornu
2658 609 2840 677 populi
2875 610 2979 665 sui.

1935 691 2020 744 51.
2067 691 2308 761 Hymnus
2340 694 2594 748 omnibus
2621 698 2824 750 sanctis
2858 697 2998 767 ejus,

1937 781 2026 834 '52.
2068 780 2219 836 Filiis
2244 781 2431 848 Israel,
2465 784 2668 853 populo
2700 790 3153 857 appropinquanti
3194 790 3317 847 sibi.

2234 894 2481 948 Alleluia.
2542 894 2744 953 PSAL.
2795 898 3044 956 CXLIX.

1936 985 1984 1037 1.
2036 982 2262 1039 Cantate
2296 985 2525 1041 Domino
2553 989 2821 1044 canticum
2866 1007 3064 1049 novum
3094 1010 3109 1049 :

1931 1074 1984 1128 9..
2026 1074 2168 1129 Laus
2209 1076 2327 1145 ejus
2370 1079 2422 1130 in
2463 1079 2690 1133 ecclesia
2740 1092 3074 1138 sanctorum.

1937 1166 1990 1217 3.
2030 1165 2263 1221 chtetur
2296 1166 2461 1222 Israel
2485 1170 2536 1222 in
2562 1186 2648 1233 eo,
2677 1173 2769 1241 qui
2804 1171 2931 1228 fecit
2959 1191 3108 1243 eum,

1935 1253 1989 1306 4.
2029 1253 2091 1307 Ει
2131 1254 2223 1307 lilii
2262 1254 2392 1309 Sion
2439 1260 2711 1314 exsultent
2742 1261 2795 1315 in
2828 1278 2952 1333 rege
2986 1280 3107 1320 suo.

1938 1430 1991 1485 5.
2029 1429 2271 1485 Laudent
2318 1447 2515 1487 nomen
2550 1434 2667 1505 ejus
2695 1436 2748 1491 in
2775 1438 2964 1504 choro,

1311 1581 1685 1637 ATHANASII
1725 1582 2307 1640 INTERPRETATIO.

268 1735 355 1790 29.
385 1736 493 1789 Καὶ
515 1736 605 1791 ἐπὶ
647 1739 748 1809 γῆς
783 1739 891 1810 γὰρ
927 1739 1076 1801 ὄντες
1109 1739 1256 1809 αὐτῷ
1295 1739 1747 1810 ἐξομολογούμεθα

1927 1742 2016 1797 29.
2058 1742 2190 1797 Nam
2231 1754 2284 1799 et
2328 1746 2384 1800 in
2432 1754 2575 1802 terra
2608 1748 2933 1805 exsistentes
2964 1761 3181 1821 peccata
3228 1764 3414 1812 nostra

192 1827 296 1890 τὰς
327 1827 598 1898 ἁμαρτίας
643 1829 820 1900 ἡμῶν,
855 1832 949 1883 καὶ
986 1830 1145 1884 πάλιν
1183 1834 1239 1883 ὲν
1287 1830 1498 1901 οὐρανῷ
1549 1832 1753 1896 πάντας

192 1920 343 1989 ἡμᾶς
372 1918 452 1972 δεῖ
478 1921 818 1991 παραστῆναι
843 1921 920 1991 τῷ
951 1922 1150 1993 βήματι
1187 1923 1348 1976 αὐτοῦ
1372 1923 1463 1975 τοῦ
1497 1925 1749 1995 Χριστοῦ,

190 2009 375 2074 καθὼς
406 2008 556 2065 εἶπεν
582 2015 610 2066 6
656 2013 986 2076 Ἀπόστολος.

263 2097 350 2151 50.
384 2099 491 2152 Καὶ
515 2098 612 2171 τὴν
640 2100 913 2170 βασιλείαν
944 2101 1037 2154 τοῦ
1062 2101 1190 2157 λαοῦ
1212 2102 1562 2176 ἀτελεύτητον
1595 2107 1750 2178 ποιή-

188 2202 296 2239 σει.

264 2278 352 2333 3i.
391 2280 647 2343 Ἐπαινος
676 2282 809 2334 πᾶσι
832 2285 945 2345 τοῖς
972 2284 1161 2348 ὁσίοις.

257 2365 345 2420 52.
374 2368 496 2429 Τοῖς
531 2368 663 2432 υἱοῖς
685 2369 789 2422 τῶν
821 2370 989 2438 ἁγίων
1014 2371 1340 2437 ἀποστόλων,
1367 2373 1473 2427 τῶν
1502 2375 1748 2446 ὁρώντων

184 2456 347 2507 αὐτὸν
369 2459 434 2527 τῇ
452 2457 658 2529 διανοίᾳ
680 2477 693 2489 ·
719 2459 874 2512 τοῦτο
912 2460 1019 2531 γὰρ
1058 2461 1412 2533 ἑρμηνεύεται
1481 2465 1745 2535 Ἰσραὴλ,

192 2546 351 2615 ἀνὴρ
380 2547 532 2615 ὀρῶν
565 2550 730 2603 Θεόν.

1856 1838 1958 1907 ipsi
2008 1841 2364 1906 conﬁtemur,
2414 1853 2468 1897 ct
2534 1861 2725 1903 rursus
2779 1849 2834 1902 in
2883 1851 3021 1905 caelo
3075 1868 3263 1909 omnes
3315 1872 3415 1912 nos

1854 1939 2067 1998 oportet
2099 1940 2244 1986 stare
2279 1942 2403 1987 ante
2448 1936 2683 1990 tribunal
2714 1937 2882 2008 ipsius
2909 1941 3130 2007 Christi,
3154 1946 3414 2014 quemad-

1854 2021 2072 2090 modum
2117 2024 2253 2077 dixit
2284 2027 2575 2095 Apostolus
2614 2029 2680 2083 ²¹.

1922 2108 2010 2165 50.
2050 2110 2115 2165 Et
2147 2128 2372 2184 regnum
2403 2119 2585 2187 p0puli
2617 2120 2810 2176 eﬂiciet
2844 2124 3251 2194 sempiternum.

1923 2292 2012 2346 5i.
2054 2294 2197 2351 Laus
2230 2300 2483 2353 omnibus
2524 2302 2748 2360 sanctis.

1924 2382 2014 2437 52.
2057 2384 2211 2440 Filiis
2286 2400 2600 2443 sanctorum
2677 2395 3044 2462 apostolorum
3112 2397 3410 2455 videntium

1850 2487 1975 2527 eum
2006 2485 2216 2543 mente;
2244 2477 2317 2531 ita
2351 2480 2498 2534 enim
2542 2482 2936 2555 interpretatur
2982 2485 3177 2554 Israel,
3206 2488 3288 2545 vir
3331 2492 3409 2545 vi-

1852 2564 1978 2621 dens
2003 2565 2193 2624 Deum.

258 2702 331 2799 ‘H
385 2702 712 2774 προκειμένη
759 2705 1036 2777 ἐπιγραφὴ
1080 2708 1353 2779 περιέχει’
1409 2709 1780 2780 ἈΜηλούῖα,
1820 2715 1956 2788 ὅπερ
2011 2719 2372 2792 ἑρμηνεύεται
2418 2725 2717 2795 αἱνέσατε,
2763 2728 3070 2799 ὑμνήσατε
3114 2732 3222 2787 τὸν
3266 2732 3410 2789 ὄντα

182 2794 351 2846 Θεόν.

255 2885 466 2943 Titulus
504 2891 824 2960 praepositus
874 2892 1151 2947 continet:
1190 2894 1443 2963 Alleluia,
1481 2900 1627 2968 quod
1675 2900 2064 2970 interpretatur
2113 2901 2350 2970 laudate,
2387 2904 2639 2973 hymnum
2680 2906 2841 2958 dicite
2882 2905 2989 2960 Deo
3021 2923 3159 2967 vero.

253 3004 303 3057 1.
336 3004 541 3075 ’Ὕμνον
573 3007 927 3078 ἀναπέμψατε
951 3008 1028 3077 τῷ
1062 3010 1249 3081 Κυρίῳ
1296 3012 1561 3083 καθαρόν·
1594 3014 1741 3083 ὅμως
1769 3001 1811 3058 (ἶ

179 3094 279 3147 καὶ
331 3094 503 3157 ἄλλως
559 3100 758 3151 νοεῖται
803 3101 830 3151 6
871 3099 1029 3163 αὐτὸς
1062 3101 1263 3171 στίχος,
1288 3102 1369 3155 ὅτι
1395 3102 1559 3174 ὕμνον
1590 3104 1746 3174 δόξης

177 3187 370 3240 εἴπατε
396 3186 475 3256 τῷ
499 3187 685 3259 Κυρίῳ
717 3190 855 3260 ὑπὲρ
887 3189 979 3242 τοῦ
1023 3190 1224 3255 πάθους
1256 3193 1440 3259 αὐτοῦ,
1485 3194 1543 3247 ὃν
1574 3195 1745 3260 οὐδεὶς

175 3277 367 3347 εἴρηκε
403 3276 510 3329 τῶν
542 3278 847 3349 ἔμπροσθεν
872 3280 1091 3347 γενεῶν,
1120 3283 1169 3334 εί
1201 3282 1274 3353 μὴ
1311 3283 1466 3354 μόνον
1491 3286 1669 3356 ἡμεῖς,
1695 3288 1743 3339 οἱ

173 3367 503 3438 θεασάμενοι
539 3370 632 3423 καὶ
659 3371 985 3435 ἀκούσαντες
1006 3373 1096 3425 τὸν
1126 3373 1278 3425 Θεόν.

245 3458 301 3510 2.
346 3459 409 3510 Ἡ
461 3458 566 3529 γὰρ
617 3460 819 3523 αῖνεσις
880 3463 1044 3515 αὐτοῦ
1100 3463 1314 3531 λέγεται
1372 3465 1429 3518 ὲν
1481 3464 1743 3537 ἐκκλησίᾳ

169 3549 359 3612 ὁσίων,
384 3550 654 3603 τουτέστιν
689 3552 746 3603 ὲν
777 3557 1049 3625 συστροφῇ
1083 3556 1188 3608 τῶν
1210 3556 1399 3623 ἁγίων.
1432 3557 1618 3629 Ὅμως
1648 3559 1741 3611 καὶ

169 3640 347 3705 ἄλλως
381 3645 625 3696 νοεῖταιό
664 3643 824 3708 αὐτὸς
875 3646 1084 3715 στίχοςο
1131 3648 1194 3699 Ἠ
1234 3647 1436 3711 αἴνεσις
1488 3649 1650 3702 αὐτοῦ
1682 3651 1739 3702 ὲν

167 3736 294 3798 ταῖς
321 3733 564 3805 καρδίαις
589 3736 681 3789 καὶ
709 3738 763 3788 ὲν
804 3740 913 3800 τοῖς
945 3738 1129 3808 μέλεσι
1164 3738 1271 3792 τῶν
1302 3739 1468 3808 ἁγίων
1552 3741 1739 3811 Ὑμεῖς

169 3824 305 3895 γὰρ,
357 3826 515 3895 φησὶν
541 3829 569 3879 6
611 3828 951 3892 Ἀπόστολος,
980 3830 1124 3896 ναὸς
1152 3831 1297 3886 Θεοῦ
1322 3833 1487 3886 ἐστε·
1523 3835 1618 3886 καὶ
1640 3834 1740 3886 πά-

166 3916 285 3967 λιν’
319 3919 439 3968 Οὐκ
467 3917 685 3989 amare,
721 3919 808 3971 ὅτι
836 3920 906 3973 τὰ
940 3921 1181 3990 σώματα
1220 3923 1386 3991 ὑμῶν
1426 3929 1571 3991 ναίς
1610 3927 1739 3979 ἐστι

165 4005 277 4060 τοῦ
308 4006 531 4076 ἐνύμῖν
554 4009 723 4078 ἁγίου
753 4012 1114 4080 Πνεύματος,
1144 4010 1214 4068 οὗ
1241 4016 1405 4083 ἔχετε
1428 4017 1546 4071 ἀπὸ
1568 4017 1733 4071 Θεοῦ.

238 4197 293 4252 '5.
325 4198 693 4269 Εὑφρανθήτω
730 4202 759 4252 ὁ
784 4198 912 4263 λαὸς
963 4217 990 4253 ο
1024 4203 1436 4273 πεφωτισμένος
1480 4203 1578 4274 τὴν
1624 4205 1736 4259 διὰ-

161 4306 315 4345 νοιαν
343 4290 434 4342 ἐπὶ
450 4288 527 4359 τῷ
560 4289 747 4359 Κυρίῳ
776 4290 852 4360 τῷ
875 4293 1160 4360 ποιήσαντι
1186 4294 1367 4359 αὐτὸν,
1391 4293 1483 4346 καὶ
1516 4296 1571 4346 ὲν
1591 4296 1729 4367 ἀρχῇ
1762 4334 1807 4388 D

161 4383 259 4435 καὶ
303 4381 361 4433 ὲν
402 4380 480 4451 τῷ
511 4380 873 4451 βαπτίσματι·
920 4382 1153 4450 Ἰσραὴλ
1192 4383 1299 4454 γὰρ
1353 4385 1728 4455 ἑρμηνεύεται,

158 4474 241 4537 ὡς
273 4474 530 4538 πολλάκις
565 4476 885 4547 εἰρήκαμεν,
914 4477 1057 4541 νοῦς
1086 4476 1237 4544 ὀρῶν
1260 4478 1424 4531 Θεόν.

235 4566 288 4619 4.
324 4568 433 4620 Καὶ
464 4568 512 4620 οἱ
542 4569 645 4620 υἱοὶ
664 4568 760 4636 τῆς
789 4569 1107 4639 ἐπουρανίου
1152 4570 1501 4640 Ἰερουσαλὴμ
1528 4570 1729 4633 πόλεως

156 4657 607 4726 ἀγαλλιάσθωσαν
638 4658 730 4709 ἐπὶ
758 4657 833 4729 τῷ
859 4660 1041 4728 Κυρίῳ
1085 4660 1256 4727 Ἰησοῦ
1289 4659 1366 4729 τῷ
1393 4660 1599 4729 βασιλεῖ
1630 4661 1727 4712 αύ-

155 4748 297 4802 τῶν’
333 4749 487 4803 Σιὼν
505 4749 613 4820 γὰρ
638 4750 995 4821 ἑρμηνεύεται
1030 4752 1209 4816 τόπος
1248 4751 1397 4805 ὅπου
1435 4753 1472 4820 ἡ
1502 4750 1720 4818 σκηνή.

232 4841 283 4895 5.
322 4842 699 4894 Αἰνεσάτωσαν
726 4841 886 4893 αὑτὸν
920 4843 976 4893 ἐν
1008 4841 1101 4913 ὅλῃ
1128 4842 1343 4913 καρδίᾳ,
1381 4842 1475 4895 καὶ
1507 4844 1563 4895 ὲν
1585 4843 1722 4906 ὅλοις

152 4938 272 4998 τοῖς
302 4934 516 5003 μέλεσιν
550 4934 755 4986 αὐτῶν·
786 4933 861 4997 ὡς
899 4933 1003 5004 γὰρ
1029 4937 1057 4985 6
1105 4935 1262 5005 χορὸς
1291 4934 1572 4988 ὑπόκειται
1616 4935 1721 4986 ὑπὸ

156 5025 235 5096 (1)
260 5025 531 5095 διαφόρων
572 5024 891 5095 ἀνθρώπων,
918 5024 1057 5077 οὕτω
1095 5029 1187 5080 καὶ
1212 5027 1279 5079 τὰ
1310 5028 1442 5098 μέλη
1474 5026 1719 5095 σύγκειν-

150 5136 243 5171 ται
271 5118 329 5169 ὲν
360 5117 437 5187 τῷ
463 5115 732 5188 ἀνθρώπῳ
790 5119 847 5171 ἐν
878 5117 1015 5180 ὅλοις
1041 5115 1130 5170 οὖν
1158 5122 1269 5182 τοῖς
1302 5118 1509 5188 σώμασι
1546 5120 1639 5172 καὶ
1657 5120 1714 5171 ὲν

150 5212 221 5280 τῇ
252 5208 449 5280 καρδίᾳ
484 5208 731 5262 αἰνέσατε
755 5208 915 5262 αὐτὸν
946 5210 1013 5263 δι’
1039 5210 1213 5281 ἔργων
1246 5209 1483 5278 ἀγαθῶν.

218 5394 260 5424 ⁸¹
315 5389 475 5446 Hebr.
519 5392 691 5455 ι,1.4.

792 5393 837 5424 ³¹
868 5388 1044 5447 lCor.
1076 5407 1159 5458 ιιι,
1192 5390 1290 5456 16;
1345 5389 1388 5443 ll
1416 5388 1546 5445 Cor.
1578 5406 1651 5458 ινι,
1692 5388 1779 5447 16.

1919 3020 1970 3073 1.
2010 3017 2279 3090 Hymnum
2331 3018 2592 3074 mundum
2642 3020 2872 3074 emittite
2923 3018 3153 3075 Domino
3175 3023 3198 3075 ’:
3253 3021 3408 3076 aliter

1842 3110 2006 3165 etiam
2031 3110 2120 3165 hic
2150 3109 2455 3166 versiculus
2493 3110 2718 3181 intelligi
2760 3119 2956 3181 potest,
2989 3110 3216 3177 scilicet,
3248 3111 3405 3182 hym-

1842 3218 1972 3257 num
1999 3203 2182 3273 glorite
2209 3191 2373 3257 dicite
2425 3201 2654 3258 Domino
2690 3203 2757 3257 de
2784 3202 3037 3270 passione
3063 3203 3205 3272 ejus,
3240 3219 3403 3274 quem

1842 3287 1992 3341 nulla
2021 3287 2160 3341 dixit
2201 3287 2596 3354 praeteritarum
2643 3286 3057 3354 generationum
3087 3287 3191 3342 nisi
3227 3288 3404 3343 solum

1841 3388 1963 3432 nos.
1995 3374 2086 3443 qui
2121 3374 2354 3427 vidimus
2380 3383 2436 3428 et
2462 3374 2769 3429 audivimus
2803 3374 2992 3427 Deum.

1908 3466 1963 3521 2.
2003 3466 2148 3522 Laus
2179 3468 2322 3522 enim
2352 3465 2470 3536 ejus
2495 3466 2692 3521 dicitur
2715 3466 2766 3519 in
2805 3465 3035 3520 ecclesia
3064 3454 3401 3525 sanctorum.

1839 3557 1945 3613 hoc
1970 3568 2054 3613 est
2086 3560 2138 3612 in
2170 3558 2586 3628 congregatione
2631 3570 2965 3613 sanctorum.
3019 3555 3402 3613 Verumtamen

1839 3651 1996 3705 aliter
2018 3651 2178 3705 etiam
2205 3650 2546 3719 interpretari
2575 3658 2749 3718 potest
2766 3650 2901 3702 idem
2928 3665 3121 3703 versus
3147 3668 3161 3704 :
3187 3665 3400 3719 nempe,

1838 3742 1957 3798 laus
1985 3742 2103 3811 ejus
2149 3743 2202 3796 in
2238 3742 2493 3795 cordibus
2538 3750 2590 3794 et
2622 3740 2673 3793 in
2722 3739 2986 3795 membris
3040 3749 3397 3793 sanctorum:

1837 3832 1949 3889 Vos
1986 3836 2129 3888 enim
2151 3874 2166 3898 ,
2197 3834 2374 3903 inquit
2403 3831 2722 3902 Apostolus,
2759 3830 3005 3901 templum
3035 3828 3130 3882 Dei
3162 3830 3287 3883 estis
3316 3830 3396 3896 ";

1836 3937 1889 3981 et
1950 3941 2189 3981 rursus:
2238 3930 2317 3978 Au
2377 3926 2612 3990 nescitis,
2661 3925 2913 3993 quoniam
2961 3938 3185 3991 corpora
3232 3932 3400 3975 vestra

1838 4017 2081 4086 templum
2113 4024 2231 4069 sunt
2259 4014 2488 4083 Spiritus
2512 4016 2703 4079 sancti,
2736 4014 2826 4083 qui
2859 4013 2913 4064 in
2947 4012 3087 4064 vobis
3119 4020 3218 4075 est,
3244 4026 3396 4080 quem

1834 4107 2035 4159 habetis
2060 4123 2091 4159 a
2126 4106 2228 4158 Deo
2263 4104 2352 4155 "?

1902 4198 1956 4253 5.
1996 4196 2227 4251 Laetetur
2250 4194 2480 4265 p0pulus
2505 4202 2685 4247 mente
2705 4192 3044 4247 illuminatus
3061 4192 3116 4247 in
3141 4190 3393 4259 Domino,

1834 4290 1927 4359 qui
1958 4288 2084 4343 fecit
2109 4302 2255 4350 cum,
2288 4297 2341 4338 et
2373 4286 2441 4339 ab
2491 4285 2668 4352 initio,
2707 4285 2834 4339 etin
2878 4284 3169 4354 baptismo.
3221 4282 3394 4338 Israel

1833 4381 1977 4435 enim
2042 4380 2454 4446 interpretatur,
2522 4386 2581 4430 ut
2641 4377 2839 4446 saepius
2912 4375 3191 4439 diximus,
3248 4391 3391 4429 mens

1829 4466 2003 4520 videns
2047 4465 2229 4517 Deum.

1896 4561 1950 4612 4.
1992 4557 2057 4611 Ει
2085 4557 2177 4610 lilii
2218 4556 2455 4611 caelestis
2484 4554 2720 4609 civitatis
2745 4552 3084 4607 Hierusalem
3117 4554 3388 4609 exsultent

1828 4652 1881 4706 in
1911 4651 2139 4705 Domino
2172 4647 2296 4703 Jesu
2348 4649 2589 4718 ipsorum
2627 4662 2791 4716 rege:
2842 4645 2971 4701 Sion
3017 4646 3162 4701 enim
3213 4647 3387 4701 inter-

1826 4753 2067 4814 pretatur
2112 4742 2252 4795 locus
2296 4740 2385 4793 ubi
2416 4739 2836 4794 tabernaculum-

1896 4835 1949 4892 5.
2001 4833 2245 4888 Laudent
2273 4847 2395 4886 eum
2428 4832 2481 4884 in
2510 4840 2622 4885 toto
2653 4832 2835 4896 corde,
2878 4838 2933 4884 et
2962 4830 3016 4885 in
3052 4828 3180 4883 totis
3212 4844 3387 4891 mem-

1826 4929 1938 4984 bris
1965 4928 2077 4981 suis
2104 4942 2118 4991 ;
2147 4923 2600 4993 quemadmodum
2631 4923 2775 4976 enim
2818 4922 3019 4976 chorus
3041 4920 3384 4989 componitur

1824 5038 1855 5077 a
1889 5016 2119 5075 diversis
2144 5014 2473 5074 hominibus,
2505 5014 2578 5068 ita
2617 5013 2779 5067 etiam
2814 5013 3054 5065 membra
3079 5012 3381 5095 composita

1824 5122 1947 5170 sunt
1993 5114 2044 5167 in
2086 5114 2346 5168 homine:
2380 5114 2431 5166 in
2492 5122 2607 5166 toto
2650 5112 2814 5182 igitur
2847 5126 3073 5182 corpore
3117 5118 3172 5166 et
3214 5108 3380 5166 corde

1818 5205 2035 5261 laudate
2064 5220 2189 5260 eum
2213 5220 2308 5274 per
2337 5203 2478 5257 bona
2508 5217 2688 5272 opera.

1870 5390 1915 5421 ³³
1951 5386 1968 5441 1
2006 5385 2132 5443 Cor.
2170 5401 2245 5450 γι,
2275 5383 2359 5439 I9.

1053 5569 1354 5630 Addenda
1404 5576 1466 5630 et
1497 5566 1867 5647 corrigenda
1924 5584 2000 5629 ex
2046 5567 2185 5630 cod.
2231 5564 2431 5629 Vatic.

216 5725 297 5795 (l)
344 5725 479 5779 Ὑπὸ
507 5726 776 5798 διαφόρων
806 5728 948 5782 ἰδίων
974 5729 1177 5799 κύκλῳ,
1208 5728 1349 5783 οὕτω
1387 5734 1497 5794 τοῖς
1528 5731 1763 5801 σώμασι,
1796 5730 1933 5786 καθὰ
1959 5731 2318 5805 προείπαμεν,
2343 5730 2435 5785 καὶ
2455 5730 2513 5784 ὲν
2534 5744 2624 5801 τῃ,
2659 5743 2765 5786 etc.
