4036 6424
601 355 734 410 15Ξ9

665 466 718 523 6.
761 465 818 520 In
851 474 1101 534 tympano
1125 472 1179 517 et
1213 464 1470 532 psalterio
1521 465 1754 534 psallaut
1808 466 1878 520 ei.

665 560 718 614 7.
760 559 896 623 Quia
929 556 1315 625 beneplacitum
1346 567 1430 610 est
1465 555 1693 609 Domino
1726 557 1777 608 in
1814 557 2008 626 populo
2038 572 2155 618 suo,

668 651 720 706 8.
765 649 828 702 Et
867 649 1125 704 exaltabit
1157 658 1472 702 mansuetos
1514 651 1567 702 in
1595 650 1844 703 salutem.

668 745 718 797 9.
758 741 1118 795 Exsultabunt
1147 742 1318 795 sancti
1349 742 1401 793 in
1426 742 1594 809 gloria
1631 759 1644 793 :

672 836 759 889 10.
798 831 865 887 Ει
894 834 1222 887 ιειιῐειὶηιιιιιιι⁸
1248 835 1300 886 in
1341 833 1610 887 cubilibus
1651 831 1788 886 suis.

671 924 755 978 11.
798 921 1164 977 Exaltationes
1184 921 1483 993 [exaltatio]
1506 922 1598 976 Dei
1629 924 1681 976 in
1704 933 1917 992 gutture
1947 936 2157 987 eorum,

671 1107 760 1160 12.
801 1105 864 1159 Et
894 1105 1055 1174 gladii
1090 1104 1352 1172 ancipites
1405 1103 1458 1155 in
1511 1100 1760 1154 manibus
1809 1114 2019 1155 eorum.

672 1198 758 1252 15.
798 1195 879 1248 Ad
925 1194 1226 1248 faciendam
1262 1193 1557 1245 vindictam
1599 1192 1652 1243 in
1690 1190 2018 1254 nationibus,

673 1288 760 1341 M.
801 1285 1204 1353 lncrepationes
1239 1285 1292 1336 in
1338 1282 1572 1351 populis.

673 1378 758 1432 15.
798 1377 877 1430 Ad
906 1375 1207 1444 alligandos
1238 1389 1391 1441 reges
1441 1387 1626 1426 eorum
1682 1371 1735 1424 in
1785 1369 2161 1438 compedibus,

677 1471 764 1526 16.
807 1471 873 1525 Ει
896 1471 1102 1524 nobiles
1129 1482 1319 1522 eorum
1352 1467 1404 1520 in
1442 1466 1672 1519 manicis
1705 1463 1922 1518 ferreis.

674 1649 762 1703 17.
800 1646 867 1703 Ut
897 1647 1100 1701 faciant
1141 1647 1193 1699 in
1227 1646 1305 1699 eis
1337 1643 1600 1712 judicium
1644 1640 2008 1709 conscriptum
2042 1681 2054 1693 .

674 1741 760 1797 18.
801 1740 982 1795 Gloria
1015 1740 1128 1791 haec
1152 1735 1508 1792 estomnibus
1555 1733 1756 1788 sanctis
1792 1733 1929 1801 ejus.

1464 352 1520 406 S.
1565 353 1932 410 ATHANASII
1977 354 2124 411 OPP.
2160 354 2338 408 PARS
2378 354 2463 410 Ill.
2500 387 2570 398 —
2607 354 3019 411 EXEGETICA.

3717 364 3846 416 1340

2191 472 2234 525 Α
2329 467 2381 519 6.
2426 467 2512 517 Ἐν
2540 468 2807 536 τυμπάνῳ
2838 469 2930 519 καὶ
2962 467 3242 539 ψαλτηρίῳ
3271 470 3602 538 ψαλάτωσαν
3638 475 3806 542 αὐτῷ.

2330 557 2380 608 7.
2417 557 2536 608 Ὅτι
2565 557 2773 609 εὐδοκεῖ
2798 557 2998 627 Κύριος
3028 561 3082 610 ἐν
3115 560 3191 629 τῷ
3220 563 3332 632 λαῷ
3355 565 3519 616 αὑτοῦ
3539 605 3553 626 ,

2327 647 2380 700 8.
2423 648 2530 699 Καὶ
2555 647 2758 716 ὑψώσει
2791 652 2985 718 πραεῖς
3009 650 3064 700 ἐν
3092 653 3355 722 σωτηρίᾳ..

2327 739 2378 792 9.
2428 740 2803 808 Καυχήσονται
2831 741 2968 791 ὅσιοι
3002 742 3060 791 ἐν
3088 740 3234 812 865n-

2331 827 2417 881 10.
2456 829 2563 879 Καὶ
2593 828 3011 895 ἁγαλλιάσονται
3036 831 3126 882 ἐπὶ
3153 829 3261 882 τῶν
3291 831 3483 883 κοιτῶν
3505 833 3714 885 αὐτῶν.

2335 918 2418 971 11.
2455 919 2517 970 At
2540 918 2772 988 ὑψώσεις
2877 920 3104 993 ῦψωσις]
3129 921 3221 974 τοῦ
3255 921 3389 974 Θεοῦ
3418 925 3474 975 ἐν
3502 924 3580 994 τῷ
3608 924 3841 994 λάρυγγι

2264 1026 2461 1071 αυτων,

2339 1101 2424 1152 19..
2459 1101 2568 1153 Καὶ
2599 1103 2860 1171 ρομφαῖαι
2893 1104 3130 1174 δίστομοι
3175 1107 3232 1158 ἐν
3261 1109 3378 1169 ταῖς
3410 1106 3601 1178 χερσὶν
3637 1105 3839 1160 αὐτῶν.

2335 1187 2420 1240 15.
2451 1189 2555 1240 Τοῦ
2597 1191 2815 1260 ποιῆσαι
2843 1193 3119 1262 ἐκδίκησιν
3143 1198 3200 1248 ἐν
3231 1198 3342 1259 τοῖς
3368 1196 3598 1260 ἔθνεσιν,

2338 1277 2420 1330 1ι1.
2471 1278 2760 1349 Ἐλεγμοὺς
2794 1285 2849 1334 ἐν
2875 1287 2985 1346 τοῖς
3019 1284 3182 1348 λαοῖς.

2339 1369 2424 1422 15.
2458 1371 2562 1422 Τοῦ
2596 1371 2752 1440 δῆσαι
2787 1375 2910 1438 τοὺς
2943 1377 3180 1444 βασιλεῖς
3205 1378 3379 1430 αὐτῶν
3400 1380 3457 1432 ἐν
3484 1380 3698 1446 πέδαις,

2341 1463 2424 1515 16.
2457 1465 2564 1516 Καὶ
2593 1469 2716 1531 τοὺς
2740 1470 2982 1536 ἐνδόξους
3005 1473 3181 1526 αὐτῶν
3216 1477 3272 1527 ἐν
3308 1478 3652 1546 χειροπέδαις
3691 1481 3842 1549 σιδη-

2270 1570 2408 1622 ραις.

2339 1644 2423 1696 17.
2461 1647 2566 1700 Τοῦ
2601 1653 2818 1720 ποιῆσαι
2847 1653 2904 1704 ἐν
2938 1655 3119 1719 αὐτοῖς
3151 1661 3323 1727 κρῖμα
3347 1660 3661 1730 ἕγγραπτον
3684 1678 3700 1692 °

2345 1735 2428 1789 18.
2456 1738 2592 1802 Δόξα
2625 1740 2761 1812 αῦτη
2801 1742 2950 1797 ἔσται
2985 1748 3115 1799 πᾶσι
3155 1753 3265 1812 τοῖς
3297 1751 3460 1815 ὁσίοις
3494 1753 3664 1805 αὑτοῦ

1730 1912 2101 1968 ATHANASII
2141 1911 2717 1978 INTERPRETATIO.

673 2101 726 2155 6.
767 2099 832 2154 Et
879 2097 1266 2153 mortiﬁcantes
1315 2110 1374 2148 se
1417 2094 1586 2163 ipsos.
1629 2101 1683 2147 et
1729 2091 1914 2161 repleti
1962 2089 2164 2160 Spiritu
2199 2079 2221 2132 Ι

2339 2096 2389 2149 6.
2415 2098 2525 2150 Καὶ
2550 2099 2915 2170 νεκρὼσαντες
2940 2105 3181 2168 ἑαυτοὺς,
3203 2107 3294 2158 καὶ
3315 2105 3649 2176 πλησθέντες
3674 2106 3819 2159 Πνεύ

608 2198 794 2246 sancto
818 2187 1194 2257 gloriﬁcabunt
1224 2200 1369 2239 eum.

677 2281 725 2334 7.
767 2281 903 2347 Quia
935 2282 1182 2336 voluntas
1219 2280 1335 2348 ejus
1373 2279 1425 2331 in
1449 2277 1580 2346 ipsis
1611 2283 1713 2330 est.

675 2370 729 2424 8.
769 2370 834 2422 Et
857 2370 1180 2440 glorilicabit
1211 2369 1525 2422 obedientes
1557 2368 1610 2418 in
1646 2363 1929 2433 praeceptis
1968 2362 2080 2417 suis
2112 2362 2166 2416 in

607 2461 765 2515 vitam
798 2471 1074 2514 aeternam.

671 2553 725 2606 9.
769 2551 1157 2604 Gloriabuntur
1186 2547 1416 2617 apostoli
1467 2546 1522 2600 in
1573 2546 1692 2615 ipso
1726 2545 1955 2598 Domino
2017 2551 2070 2596 et
2111 2543 2164 2596 in

607 2657 766 2697 cruce
798 2642 990 2713 ipsius,
1027 2640 1486 2711 quemadmodum
1521 2638 1653 2692 dicit
1685 2635 2017 2704 Apostolus:
2063 2632 2166 2697 Qui

609 2744 779 2786 autem
825 2734 1082 2803 gloriatur
1115 2733 1169 2784 in
1212 2731 1435 2784 Domino
1466 2730 1718 2800 glorietur
1764 2726 1840 2793 “;
1892 2736 1991 2781 et:
2033 2724 2167 2778 Mihi

609 2836 776 2878 autem
822 2825 960 2877 absit
997 2824 1239 2894 gloriari,
1291 2823 1397 2876 nisi
1432 2824 1487 2875 in
1536 2837 1686 2874 cruce
1739 2820 1947 2874 Domini
1999 2820 2167 2873 nostri

610 2918 730 2972 Iesu
763 2918 960 2972 Christi
990 2920 1055 2970 ³⁵.

676 3011 761 3065 10.
803 3010 868 3064 Ει
897 3011 1250 3066 exsultabunt
1276 3010 1327 3062 in
1375 3008 1590 3064 :eternis
1628 3007 1986 3077 requietibus.

678 3105 762 3157 11.
807 3102 1250 3157 Pra'dicationem
1315 3101 1512 3154 divinae
1582 3099 1854 3168 passionis
1904 3097 2167 3152 inclama-

609 3195 762 3249 bunL

680 3287 767 3342 12.
810 3284 1015 3341 Veteris
1055 3293 1109 3341 et
1153 3283 1287 3340 Novi
1345 3283 1679 3340 Testamenti
1714 3297 1907 3338 sensus
1949 3281 2004 3335 in
2037 3296 2162 3336 cor-

607 3379 766 3433 dibus
816 3393 1031 3434 eorum.
1080 3377 1330 3430 Attamen
1380 3377 1540 3430 etiam
1594 3375 1752 3430 aliter
1804 3372 2161 3440 intelligitur:

607 3471 838 3536 scilicet,
878 3471 1020 3525 dona
1052 3469 1222 3524 sancti
1273 3467 1511 3536 Spiritus
1541 3467 1596 3518 in
1646 3465 1898 3518 manibus
1933 3477 2163 3527 eorum;

608 3569 876 3630 quotquot
899 3561 1041 3615 enim
1066 3573 1203 3629 opus
1230 3559 1558 3613 habentibus
1578 3555 1926 3625 imponebant
1950 3570 2165 3621 manus,

609 3655 812 3708 dabant
834 3653 967 3723 ipsis
991 3652 1252 3722 Spiritum
1277 3661 1548 3716 sanctum,
1573 3658 1627 3703 et
1650 3657 1916 3719 quotquot
1940 3647 2168 3702 inﬁrmis

610 3760 806 3800 manus
864 3743 1252 3814 imponebant,
1301 3743 1566 3796 sanabant
1617 3756 1731 3796 eos.
1797 3739 2167 3809 Egritudines

610 3839 779 3903 enim,
815 3837 918 3891 hoc
950 3846 1032 3890 est
1060 3836 1366 3890 contrarias
1415 3842 1735 3905 potestates,
1766 3830 2169 3886 mortiﬁcabant

610 3929 808 3983 virtute
839 3927 1013 3982 sancti
1042 3925 1301 3994 Spiritus.

680 4019 765 4072 15.
806 4019 887 4072 Ad
922 4017 1234 4070 liberandas
1273 4030 1462 4085 gentes
1499 4028 1527 4067 ο
1556 4012 1846 4068 contrariis
1890 4011 2170 4082 potestati-

609 4111 732 4174 bus,
760 4125 881 4179 quaa
905 4118 1063 4162 antea
1090 4110 1142 4161 in
1180 4109 1328 4177 ipsas
1355 4107 1796 4160 dominabantur.

681 4201 769 4256 H.
809 4201 889 4253 Ad
918 4199 1351 4270 redarguendam
1388 4199 1440 4250 iu
1480 4198 1695 4266 populis
1726 4195 2029 4261 audaciam,
2062 4210 2168 4264 qua

609 4303 796 4346 contra
829 4293 996 4347 Deum
1036 4293 1118 4345 usi
1151 4299 1301 4346 sunt.

681 4385 766 4442 15.
811 4382 892 4436 Ad
922 4383 1222 4452 alligandos
1247 4381 1520 4436 daemones
1551 4387 1839 4450 regnantes
1867 4380 1919 4432 in
1946 4379 2052 4433 illis
2077 4393 2170 4448 per

608 4482 916 4543 peccatum.

679 4565 762 4618 16.
805 4564 1146 4634 Principatus
1193 4575 1244 4618 ct
1298 4573 1595 4633 potestates
1654 4563 1859 4617 inimici
1937 4563 2170 4618 vinculis

607 4659 821 4712 a-ternis
855 4657 954 4710 sub
988 4657 1274 4726 caliginem
1323 4656 1692 4720 tradiderunt,
1731 4665 1788 4707 ut
1828 4653 2170 4709 custodiren-

608 4760 695 4803 tur
725 4751 776 4802 in
811 4751 948 4803 diem
975 4749 1162 4815 judicii
1191 4751 1256 4807 '°.

679 4841 766 4908 l7,
802 4841 888 4895 l8.
928 4838 999 4896 Ut
1033 4840 1235 4895 faciant
1284 4840 1576 4894 vindictam
1612 4840 1664 4892 in
1705 4839 1914 4908 papulis
1938 4845 1991 4893 et
2027 4854 2160 4910 gen-

607 4935 769 4989 tibus.

675 5132 721 5162 ²⁸
771 5129 790 5183 1
823 5131 946 5185 Cor.
987 5147 1040 5194 ι,
1074 5132 1134 5184 51
1265 5134 1310 5163 ³³
1340 5130 1515 5186 Galat.
1551 5146 1622 5194 v1,
1666 5130 1753 5184 H.
1831 5131 1877 5162 ⁸⁸
1915 5129 2041 5184 Jud.
2091 5129 2144 5184 6.

2273 2203 2439 2256 ματος
2469 2191 2624 2257 ἁγίου
2654 2193 3050 2263 ἁνυμνήσουσιν
3079 2197 3258 2250 αὐτόν.

2339 2277 2390 2329 7.
2429 2280 2549 2331 Ὅτι
2571 2280 2778 2351 θέλημα
2811 2284 2974 2335 αὑτοῦ
3019 2287 3074 2336 ἐν
3105 2287 3283 2349 αὐτοῖς
3313 2290 3448 2339 ἐστι.

2337 2364 2387 2418 8.
2425 2367 2534 2418 Καὶ
2558 2368 2767 2434 δοξάσει
2799 2372 2922 2433 τοὺς
2955 2373 3325 2436 ὑπακούοντας
3353 2376 3411 2426 ἐν
3444 2379 3566 2439 ταῖς
3602 2376 3845 2439 ἐντολαῖς

2267 2455 2430 2508 αὐτοῦ
2459 2460 2536 2521 είς
2570 2461 2711 2529 ζωὴν
2741 2463 2974 2515 αἰώνιον.

2336 2547 2386 2601 9.
2426 2552 2802 2620 Καυχήσονται
2832 2557 2882 2606 οἱ
2918 2556 3202 2608 ἁποστόλοι
3241 2558 3297 2610 ἐν
3333 2557 3480 2627 αὐτῷ
3520 2558 3598 2628 τῷ
3633 2560 3845 2629 Κυρίῳ.

2266 2640 2359 2691 καὶ
2388 2642 2444 2692 ἐν
2469 2641 2543 2711 τῷ
2575 2645 2791 2716 σταυρῷ
2818 2647 3003 2709 αὑτοῦ,
3033 2648 3210 2712 καθώς
3236 2667 3396 2719 φησιν
3427 2653 3454 2702 ὁ
3495 2651 3845 2716 Ἀπόστολος·

2277 2729 2329 2781 Ὁ
2365 2731 2431 2783 δὲ
2470 2735 2849 2804 καυχώμενος
2901 2739 2968 2791 ἐν
3001 2739 3079 2804 τῷ
3104 2740 3298 2807 Κυρίῳ
3335 2743 3664 2809 καυχάσθω
3685 2761 3697 2773 ·
3732 2748 3848 2806 καὶ.

2279 2823 2435 2892 Ἐμοὶ
2476 2825 2549 2895 (1)
2583 2826 2650 2878 δὲ
2689 2828 2774 2896 μὴ
2821 2829 3047 2899 γένοιτο
3088 2832 3446 2901 καυχᾶσθαι,
3471 2838 3524 2887 εί
3551 2836 3642 2904 μὴ
3674 2837 3746 2890 ὲν
3771 2839 3851 2905 τῷ

2264 2916 2500 2986 σταυρῷ
2534 2919 2635 2972 τοῦ
2669 2922 2886 2988 Κυρίου
2915 2923 3084 2992 ἡμῶν
3118 2923 3312 2990 Ἰησοῦ
3346 2927 3629 2993 Χριστοῦ.

2335 3008 2421 3061 10.
2451 3010 2561 3062 Καὶ
2575 3010 2982 3078 ἁγαλλιάσονται
3001 3016 3080 3077 εἰς
3094 3015 3190 3076 τὰς
3208 3017 3459 3079 αἰωνίους
3475 3017 3846 3082 ἀναπαύσεις.

2334 3101 2420 3152 11.
2459 3100 2530 3152 Τὸ
2559 3103 2819 3171 κήρυγμα
2853 3101 2958 3155 τῶν
3013 3104 3348 3175 παθημάτων
3403 3107 3495 3160 τοῦ
3531 3108 3675 3162 Θεοῦ
3716 3110 3848 3163 ἁναο

2266 3185 2406 3238 ὖοῶσ
2429 3204 2477 3238 ν.

2333 3277 2419 3331 12.
2454 3278 2561 3348 Τῆς
2581 3278 2823 3341 Παλαιᾶς
2860 3281 2952 3333 καὶ
2983 3281 3127 3345 Νέας
3179 3282 3450 3354 Διαθήκης
3487 3285 3559 3338 τὰ
3593 3288 3848 3356 νοήματα

2196 3404 2239 3461 C
2271 3373 2328 3461 ἐν
2354 3374 2472 3461 τας
2495 3372 2740 3442 καρδίαις
2775 3372 2969 3426 αὐτῶν.
3003 3374 3190 3443 Ὅμως
3216 3373 3272 3427 δὲ
3293 3374 3368 3443 (2)
3389 3374 3566 3438 ἄλλως
3606 3380 3812 3430 νοεῖται
3830 3395 3844 3408 ·

2274 3460 2400 3533 [ὅτι]
2427 3455 2501 3514 ὧν
2528 3462 2593 3515 τὰ
2623 3465 2932 3533 χαρίσματα
2953 3463 3046 3516 τοῦ
3080 3464 3232 3531 ἁγίου
3278 3464 3596 3535 Πνεῦματος
3641 3469 3704 3520 ἐν
3729 3471 3845 3532 ταῖς

2267 3556 2449 3625 χερσὶν
2481 3554 2866 3618 αὐτῶν.“οσοις
2891 3555 2998 3626 γὰρ
3020 3555 3293 3626 ἐπέθηκαν
3319 3556 3417 3619 τὰς
3439 3561 3630 3629 χεῖρας
3661 3561 3848 3632 χρείαν

2268 3645 2518 3715 ἔχουσιν,
2549 3646 2747 3699 ἐδίδουν
2808 3650 2986 3710 αὐτοῖς
3018 3646 3240 3716 Πνεῦμα
3294 3649 3479 3716 ἆγιον·
3550 3651 3648 3702 καὶ
3704 3653 3848 3714 ὅσοις

2267 3735 2566 3809 ἀρρώστοις
2614 3739 2894 3792 ἐπετίθουν
2928 3740 3024 3801 τὰς
3052 3742 3256 3809 χεῖρας,
3291 3741 3445 3792 ἰῶντο
3489 3742 3714 3804 αὐτούς.
3769 3741 3848 3795 Τὰ

2266 3829 2373 3900 γὰρ
2398 3829 2546 3900 πάθη
2570 3867 2583 3892 ,
2625 3831 2869 3883 τουτέστι
2908 3831 3005 3892 τὰς
3047 3830 3294 3892 ἐναντίας
3322 3830 3604 3900 δυνάμεις,
3662 3833 3848 3886 ἐθανά-

2266 3940 2389 3975 τουν
2413 3926 2479 3994 τῇ
2511 3923 2736 3994 δυνάμει
2768 3924 2861 3975 τοῦ
2893 3923 3047 3992 ἁγίου
3072 3925 3404 3996 Πνεύματος.

2337 4013 2424 4066 15.
2453 4013 2558 4065 Τοῦ
2610 4011 2969 4084 ἐλευθερῶσαι
3005 4013 3070 4066 τὰ
3121 4014 3246 4085 ἔθνη
3305 4014 3412 4066 ἀπὸ
3443 4015 3552 4067 τῶν
3587 4018 3847 4069 ἐναντίων

2266 4104 2542 4174 δυνάμεων
2563 4105 2670 4158 τῶν
2693 4106 2752 4157 τὸ
2769 4106 3028 4176 πρότερον
3050 4106 3624 4159 καταδυναστευόντων
3645 4107 3845 4159 αὐτῶν.

2337 4198 2422 4251 14.
2460 4199 2564 4250 Τοῦ
2596 4198 2807 4265 ἐλέγξαι
2845 4199 2901 4250 ἐν
2932 4202 3043 4260 τοῖς
3073 4198 3216 4260 λαοῖς
3249 4198 3325 4267 (5)
3372 4197 3725 4267 τὴν“τόλμαν
3751 4201 3846 4251 αὐε-

2267 4290 2393 4350 τῶν,
2428 4291 2523 4360 τὴν
2556 4289 2694 4342 κατὰ
2727 4289 2820 4342 τοῦ
2853 4289 2987 4342 Θεοῦ
3027 4288 3418 4359 γεγενημένην.

2343 4381 2427 4434 15.
2456 4380 2559 4433 Τοῦ
2590 4381 2746 4451 δῆσαι
2780 4384 2904 4441 τοὺς
2955 4381 3215 4452 δαίμονας
3271 4381 3397 4443 τοὺς
3458 4379 3848 4449 βασιλεύοντας

2268 4470 2444 4523 αὐτῶν
2473 4473 2557 4524 διὰ
2584 4472 2681 4541 τῆς
2705 4471 2995 4540 ἁμαρτίας.

2343 4560 2426 4613 16.
2460 4562 2568 4623 Τὰς
2593 4561 2667 4629 (4)
2697 4562 2869 4631 ἀρχὰς
2910 4561 3003 4613 καὶ
3051 4562 3149 4624 τὰς
3198 4560 3444 4626 ἐξουσίας
3493 4561 3590 4613 τοῦ
3649 4562 3844 4632 ἐχθροῦ

2267 4651 2482 4720 δεσμοῖς
2510 4652 2698 4714 ἀϊδίοις
2733 4652 2836 4704 ὑπὸ
2863 4650 3025 4721 ζόφου
3072 4652 3394 4724 παρέδωκαν
3429 4653 3721 4723 τηρεῖσθαι
3767 4657 3846 4716 εἰς

2193 4759 2238 4812 ι)
2266 4745 2475 4817 ἡμέραν
2509 4744 2758 4814 κρίσεως.

2340 4843 2426 4906 17,
2464 4842 2548 4896 18.
2577 4841 2682 4893 Τοῦ
2718 4842 2887 4893 ποιεῖν
2933 4840 3008 4912 (5)
3051 4842 3105 4892 ἐν
3137 4842 3249 4903 τοῖς
3293 4839 3442 4905 λαοῖς
3474 4843 3570 4895 καὶ
3622 4843 3682 4894 ἐν
3736 4845 3840 4902 τοῖς

2269 4934 2472 4987 ἔθνεσιν
2502 4932 2798 5004 ἐκδίκησιν.

1506 5309 1805 5370 Addenda
1843 5316 1904 5370 et
1938 5308 2321 5387 Corrigenda
2369 5325 2448 5369 ex
2495 5315 2630 5371 cod.
2684 5309 2886 5371 Vatic.

605 5455 748 5576 15ugl)
785 5452 892 5506 Καὶ
923 5453 1042 5524 ἐμοὶ
1078 5453 1150 5526 μὴ
1189 5454 1272 5526 είη
1301 5455 1620 5526 καυχᾶσθαι,
1658 5459 1704 5510 εἰ
1737 5459 1834 5527 μή,
1858 5467 1984 5523 etc.;
2033 5460 2159 5514 mel.

638 5541 752 5659 Ὓξξ)
785 5594 1093 5668 Ὂμωςμκαξι
1119 5594 1291 5668 ἄλλως
1319 5597 1638 5668 νοητέονητὰ
1675 5600 2017 5668 χαρίσματα.
2056 5609 2156 5654 ctc.

608 5665 788 5739 Ὄσοις
813 5667 919 5739 γάρ
947 5664 1040 5739 ἐάν
1071 5666 1366 5739 ἐπέθηκαν,
1395 5679 1498 5720 etc.
1534 5667 1613 5719 Τὰ
1629 5664 1904 5739 γάρ’πάθη
1938 5670 2162 5724 ἔκοπτον

604 5734 696 5781 ἀπ’
729 5733 926 5797 αὐτῶν,
955 5735 1052 5798 τὰς
1077 5735 1131 5787 δέ
1157 5733 1408 5801 ποιούσας
1439 5739 1506 5792 τὰ
1529 5733 2157 5810 πάθή,’το·.›τέστιν,θιο.,

2266 5457 2555 5531 ἐθανάτουν
2602 5459 2694 5531 τοῦ
2755 5460 2910 5526 ἁγίου
2942 5460 3254 5530 Πνεύματος
3278 5463 3342 5531 τῇ
3377 5461 3626 5531 δυνάμει.

2336 5529 2414 5596 (5)
2446 5531 2608 5592 Λαοῖς
2627 5530 2735 5582 τῶν
2774 5531 3057 5590 Ἰουδαίων,
3095 5529 3203 5583 ctc.

2443 5600 2552 5670 Kal
2587 5602 2703 5662 τάς,
2723 5609 2825 5656 etc.
2859 5600 2961 5652 ὑπὸ
2981 5602 3140 5669 ζόφον
3164 5600 3500 5670 παρέδωκεν,
3524 5611 3632 5655 etc.

2337 5669 2409 5736 (5)
2447 5669 2552 5721 Τοῦ
2591 5670 2833 5739 ποιῆσαι,
2869 5680 2972 5726 etc.
3010 5669 3284 5741 ἐκδίκησιν
3337 5677 3478 5723 κατὰ
3531 5673 3638 5724 τῶν
3683 5671 3822 5725 ἐνανο

2264 5740 2393 5792 τίων
2419 5741 2720 5810 δυνάμεων.
