4036 6436
129 404 267 461 1541
1083 403 1172 458 DE
1210 403 1492 462 TlTULlS
1535 404 1983 463 PSALMORUM.
2028 436 2098 447 —
2128 404 2325 461 PSAL.
2369 405 2475 461 CL.
3239 403 3374 461 15ιῖ

542 523 680 579 Ἀλλ
690 523 916 590 ηλούῖα.
953 524 1127 579 ΨΑΛ.
1160 527 1291 579 PN'.
1727 530 1774 589 Α

1727 530 1774 589 Α
2242 522 2506 593 (Alleluia.
2562 520 2763 578 PSAL.
2817 522 2921 582 CL.

198 613 253 668 l.
288 612 494 666 Αἰνεῖτε
528 613 617 665 τὸν
639 612 770 665 Θεὺν
796 614 852 663 ὲν
884 614 995 676 τοῖς
1020 614 1197 681 ἁγίοις
1218 614 1380 667 αὑτοῦ
1400 631 1417 647 θ

1877 614 1928 667 l.
1985 610 2223 666 Laudato
2260 610 2549 665 Dominum
2578 611 2632 665 in
2662 614 2864 667 sanctis
2892 612 3009 682 cjus
3044 631 3058 667 :

196 703 250 757 2.
270 706 474 755 Αἰνεῖτε
498 704 658 757 αὑτὸν
680 707 736 756 ὲν
756 721 843 755 στε
854 701 957 773 ρεώ
965 721 1089 773 ματι
1107 708 1203 774 τῆς
1219 706 1496 775 δυνάμεως
1514 707 1696 760 αὑτοῦ.

1649 707 1696 760 ὖ.
1871 705 1931 758 2.
1970 703 2215 759 Laudato
2243 720 2366 758 eum
2396 705 2449 757 in
2490 704 2833 759 ﬁrmamento
2860 705 3074 759 virtutis
3103 705 3243 774 ejus.

194 794 247 849 3.
274 796 480 847 Αἰνεῖτε
506 796 667 848 αὐτὸν
691 796 781 848 ἐπὶ
809 797 927 857 ταῖς
955 795 1295 859 δυναστείαις
1321 797 1485 849 αὐτοῦ
1506 812 1520 826 ο

1383 797 1485 849 ,τοῦ
1506 812 1520 826 ο
1879 796 1931 848 5.
1974 793 2218 848 Laudato
2249 810 2372 847 eum
2405 794 2459 846 in
2490 794 2787 848 virtutibus
2816 796 2934 863 ejus
2966 812 2977 848 ε

196 886 249 938 4.
281 888 486 939 Αἰνεῖτε
526 887 686 940 αὑτὸν
720 886 938 940 κατὰτὸ
972 886 1170 958 πλῆθος
1200 890 1296 959 τῆς
1332 890 1701 959 μεγαλοσὺνης

1880 887 1931 940 ι.
1976 886 2219 941 Laudato
2267 902 2392 940 eum
2452 887 2752 941 secundum
2806 886 3213 943 multitudinem
3260 903 3376 942 ma-

122 976 317 1031 αὐτοῦ.

1810 978 2111 1047 gnitudinis
2156 978 2297 1047 ejus.

197 1071 253 1124 5.
282 1071 488 1122 Αἰνεῖτε
517 1069 679 1124 αὐτὸν
700 1070 757 1121 ὲν
783 1069 899 1139 ἤχῳ
927 1069 1243 1137 σάλπιγγος·

1880 1068 1930 1122 5.
1975 1067 2217 1121 Laudato
2249 1082 2375 1120 eum
2418 1068 2473 1121 in
2501 1083 2637 1123 sono
2667 1068 2809 1122 tubae
2839 1086 2853 1123 :

195 1162 251 1215 6.
282 1162 491 1213 Αἰνεῖτε
521 1161 685 1213 αὑτὸν
707 1162 764 1212 ὲν
789 1160 1070 1231 ψαλτηρίῳ
1093 1162 1187 1213 καὶ
1219 1161 1438 1231 κιθάρᾳ.

1879 1159 1931 1211 6.
1973 1156 2212 1211 Laudato
2242 1172 2369 1211 eum
2401 1159 2454 1211 in
2500 1159 2757 1228 psalterio
2788 1169 2841 1213 et
2876 1160 3108 1217 cithara.

198 1251 251 1304 7.
279 1252 486 1303 Αἰνεῖτε
518 1252 680 1305 αὐτὸν
706 1254 764 1305 ὲν
795 1252 1061 1321 τυμπάνῳ
1086 1253 1179 1305 καὶ
1200 1253 1343 1323 χορῷ
1364 1269 1376 1281 ·

1883 1247 1933 1301 7.
1976 1246 2217 1301 Laudato
2251 1263 2374 1301 eum
2407 1248 2463 1301 in
2507 1258 2763 1320 tympano
2786 1258 2839 1304 et
2866 1250 3033 1304 choro
3065 1269 3079 1304 :

197 1342 252 1397 8.
283 1344 490 1395 Αἰνεῖτε
518 1343 680 1396 αὐτὸν
714 1344 772 1394 ὲν
794 1344 1009 1413 χορδαῖς
1043 1345 1135 1396 καὶ
1162 1344 1397 1413 ὀργάνῳ.

1878 1339 1931 1393 8.
1974 1338 2216 1395 Laudato
2244 1356 2368 1394 eum
2415 1341 2469 1395 in
2503 1341 2725 1397 chordis
2756 1353 2809 1397 ot
2840 1357 3065 1413 organo.

198 1430 253 1486 9.
280 1434 489 1485 Αἰνεῖτε
521 1433 684 1486 αὑτὸν
712 1434 768 1484 ὲν
800 1432 1101 1501 κυμϐάλοις
1130 1434 1372 1502 εὺήχοις·

1880 1430 1934 1484 9.
1974 1430 2217 1485 Laudato
2244 1446 2368 1485 eum
2395 1431 2450 1485 in
2481 1432 2751 1502 cymbalis
2776 1432 3276 1487 benesonantibus:

202 1520 289 1576 10.
317 1521 527 1574 Αἰνεῖτε
558 1522 719 1574 αὑτὸν
752 1522 809 1573 ὲν
832 1521 1131 1591 κυμϐάλοις
1152 1520 1489 1592 ἀλαλαγμοῦ.

1881 1522 1969 1578 10.
2010 1521 2252 1578 Laudato
2279 1538 2402 1578 euut
2436 1523 2491 1577 in
2517 1524 2787 1595 cymbalis
2815 1524 3179 1595 jubilationis.

1246 1698 1615 1753 ATIIANASII
1656 1698 2255 1758 INTERPRETATIO.

197 1848 575 1921 Interpretatio
600 1893 616 1919 ,
650 1868 738 1905 seu
784 1853 1044 1921 expositio
1088 1853 1261 1906 ultimi
1290 1854 1485 1921 psalmi
1520 1855 1663 1910 deest
1705 1858 1761 1909 in
1802 1856 1981 1910 codice
2020 1858 2337 1915 Barberino.

750 2010 895 2061 ΨΑΛ
910 2049 923 2060 .
955 2009 1087 2060 PN'.
1734 2017 1778 2072 Β

1734 2017 1778 2072 Β
2416 2011 2625 2068 PSAL.
2668 2011 2776 2066 CL.

211 2099 277 2152 Ἦ
302 2101 639 2172 προκειμένη
683 2100 962 2171 ἐπιγραφὴ
994 2103 1026 2170 ή
1063 2099 1150 2152 διὰ
1194 2100 1293 2170 τῆς
1338 2099 1709 2171 κινναϐάρεως

1880 2100 2096 2158 Titulus
2128 2103 2455 2173 praepositus
2494 2105 2778 2159 cinnabari
2822 2103 3065 2173 scriptus
3104 2105 3382 2159 continet:

117 2190 403 2263 περιέχει·
438 2192 795 2259 Ἀλλληλούτα
821 2231 834 2254 ,
890 2191 964 2253 ὼς
1015 2191 1354 2262 προείρηκα,
1406 2190 1500 2243 καὶ
1548 2190 1710 2244 πάλιν

1812 2193 2067 2259 Alleluia,
2119 2204 2179 2248 ut
2210 2204 2366 2250 antea
2408 2196 2543 2261 dixi,
2590 2206 2644 2250 et
2683 2196 2880 2251 iterum
2911 2196 3034 2251 dico
3078 2212 3091 2251 :
3125 2194 3386 2266 Laudine,

117 2281 274 2351 λέγω
292 2302 303 2313 ·
330 2284 639 2345 Αίγέσατε,
674 2280 986 2351 ὑμνήσατε
1016 2282 1122 2334 τὸν
1150 2281 1293 2333 ὄντα
1331 2282 1498 2334 Θεόν.

1174 2281 1293 2333 ἰντα
1331 2282 1498 2334 Θεόν.
1812 2285 2020 2354 hymnis
2056 2286 2311 2340 celebrate
2336 2286 2525 2349 Deum,
2550 2288 2641 2357 qui
2668 2299 2768 2342 est.

200 2376 255 2428 1.
285 2376 493 2427 Αἰνεῖτε
509 2374 600 2425 τὸν
622 2374 752 2425 Θεὸν
779 2376 836 2426 ὲν
868 2376 979 2436 τοῖς
1004 2373 1176 2439 ἁγίοις
1203 2371 1388 2425 αὐτοῦ.

1351 2372 1388 2425 5.
1884 2380 1935 2433 1.
1978 2377 2219 2433 Laudato
2252 2379 2423 2433 Deum
2453 2380 2505 2432 in
2536 2380 2745 2433 sanctis
2777 2378 2896 2449 ejus
2933 2397 2945 2431 :

196 2465 407 2517 Αἰνεῖτε
454 2464 547 2514 τὸν
598 2463 729 2515 Θεὸν
778 2465 835 2514 ὲν
888 2465 1000 2524 τοῖς
1042 2462 1218 2529 ἁγίοις
1258 2461 1419 2514 αὑτοῦ
1452 2502 1465 2526 ,
1513 2460 1607 2513 καὶ
1655 2461 1712 2513 ὲν

1884 2466 2124 2521 Laudato
2154 2468 2322 2523 Deum
2357 2470 2411 2523 in
2442 2470 2652 2525 sanctis
2684 2470 2827 2539 ejus,
2858 2479 2914 2524 et
2938 2469 2993 2522 in
3020 2480 3225 2525 sanctis
3254 2485 3390 2540 prte-

120 2558 243 2617 τοῖς
267 2555 443 2622 ἁγίοις
475 2555 895 2626 προστάγμασιν
928 2552 1116 2605 αὑτοῦ.

560 2555 895 2624 οστάγμασιν
928 2552 1116 2605 αὑτοῦ.
1814 2562 1987 2629 ceptis
2013 2560 2154 2630 ejus.

196 2648 254 2700 Ξ.
282 2649 490 2700 Αἰνεῖτε
506 2648 667 2699 αὑτὸν
687 2648 744 2699 ὲν
762 2644 1100 2717 στερεὼματι
1115 2644 1212 2714 τῆς
1227 2644 1503 2715 δυνάμεως
1526 2642 1711 2696 αὑτοῦ.

1654 2642 1711 2696 ’ὗε
1884 2652 1939 2707 2.
1980 2651 2221 2707 Laudato
2248 2667 2375 2707 eum
2402 2653 2455 2707 iu
2481 2654 2833 2707 ﬁrmamento
2862 2653 3081 2709 virtutis
3107 2653 3248 2723 ejus.

215 2741 305 2791 Ἐν
333 2742 397 2811 τῇ
435 2739 615 2792 πίστει
658 2740 757 2809 τῆς
781 2738 1001 2810 χάριτος
1031 2735 1219 2790 αὑτοῦ.

994 2755 1001 2797 ς
1031 2735 1219 2790 αὑτοῦ.
1885 2743 1944 2797 ln
1984 2746 2089 2799 ﬁde
2124 2745 2417 2801 charitatis
2449 2747 2588 2815 ejus.

199 2831 255 2885 5.
288 2833 495 2884 Αἰνεῖτε
524 2831 683 2884 αὑτὸν
715 2832 805 2883 ἐπὶ
832 2833 952 2893 ταῖς
977 2827 1316 2889 δυναστείαις
1340 2826 1506 2879 αὑτοῦ
1526 2840 1543 2857 '

1413 2826 1506 2879 τοῦ
1526 2840 1543 2857 ⁸
1886 2840 1941 2897 5.
1980 2839 2223 2894 Laudate
2253 2856 2382 2895 eum
2428 2842 2485 2895 in
2518 2840 2813 2896 virtutibus
2843 2840 2967 2910 ejus
2994 2860 3007 2896 :

218 2923 307 2975 Ἐν
332 2926 447 2987 τοῖς
472 2923 789 2993 παθήμασιν
812 2921 999 2976 αὑτοῦ.

917 2921 999 2974 οὖ.
1887 2933 1946 2987 1η
1983 2932 2337 3002 passiouibus
2373 2933 2511 3001 ejus.

204 3015 258 3068 4.
291 3018 497 3069 Αἰνεῖτε
520 3016 679 3069 αὑτὸν
704 3016 844 3068 κατὰ
877 3014 937 3066 τὸ
969 3012 1170 3082 πλῆθος
1202 3013 1301 3083 τῆς
1333 3012 1718 3083 μεγαλωσύνης

1887 3022 1941 3076 4.
1982 3021 2229 3077 Laudato
2260 3038 2388 3077 eum
2425 3022 2726 3079 secundum
2757 3022 3161 3079 multitudinem
3189 3024 3396 3094 magni-

126 3107 324 3160 αὑτοῦ.

1820 3112 2024 3167 tudinis
2047 3112 2188 3182 ejus.

206 3197 404 3261 Καθὼς
435 3196 692 3268 ἀνίκητος
716 3197 981 3268 ὑπάρχεις
1015 3195 1116 3265 (α).

937 3214 981 3260 ις
1015 3195 1116 3265 (α)-
1889 3205 2027 3260 οισι
2070 3204 2407 3260 invincibilis
2443 3204 2531 3259 sit.

207 3292 261 3345 5.
288 3291 497 3343 Αἰνεῖτε
524 3289 682 3342 αὐτὸν
709 3289 764 3340 ἐν
788 3289 906 3358 ἤχῳ
942 3289 1241 3358 σάλπιγγος
1262 3305 1275 3318 ·

1270 3305 1275 3317 '
1892 3298 1945 3352 5.
1987 3295 2229 3352 Laudato
2258 3310 2384 3350 eum
2414 3296 2467 3349 in
2507 3308 2643 3350 sono
2678 3294 2864 3347 tubae:

219 3384 310 3435 Ἑν
339 3381 416 3452 τῷ
439 3383 752 3452 κηρύγματι
774 3380 962 3434 αὑτοῦ.
1744 3370 1787 3426 C

959 3421 962 3431 ι
1744 3370 1787 3426 C
1890 3387 1949 3442 In
1993 3387 2382 3457 praedicatione
2412 3386 2553 3454 ejus.

206 3474 262 3529 6.
290 3476 497 3527 Αἰνεῖτε
527 3472 687 3525 αὐτὸν
716 3474 774 3523 ὲν
801 3470 1090 3541 ψαλτηρίῳ
1125 3470 1218 3523 καὶ
1249 3465 1470 3536 κιθάρᾳ.

1887 3476 1941 3530 6.
1984 3475 2228 3530 Laudato
2256 3490 2382 3530 eum
2424 3474 2478 3528 in
2514 3472 2777 3543 psalterio
2803 3479 2857 3526 et
2882 3470 3114 3525 cithara.

220 3564 313 3617 Ἐν
343 3567 410 3633 τῇ
438 3563 619 3632 χάριτι
643 3560 735 3613 τοῦ
760 3560 898 3612 Πνεύ
908 3576 1071 3628 ματος
1101 3556 1195 3609 τοῦ
1222 3556 1377 3623 ἁγίου
1422 3552 1719 3624 ἁνυμνοῦν-

1891 3568 1947 3623 In
1972 3568 2149 3637 gratia
2180 3567 2421 3636 Spiritus
2454 3565 2630 3620 sancti
2670 3564 2954 3619 laudantes
2982 3578 3107 3617 eum
3134 3561 3191 3615 in
3215 3560 3402 3625 corde.

131 3672 233 3719 τες
280 3654 440 3707 αὑτὸν
493 3655 549 3705 ὲν
582 3653 648 3721 τῇ
689 3650 905 3721 καρδία,
943 3649 1037 3701 καὶ
1086 3651 1152 3719 τῇ
1198 3645 1437 3717 γλώσσῃ,
1486 3646 1579 3696 καὶ
1609 3647 1720 3707 τοῖς

1028 3665 1037 3701 '-
1086 3651 1152 3719 τῇ
1198 3645 1437 3717 γλώσσῃ,
1486 3646 1579 3696 καὶ
1609 3647 1720 3707 τοῖς
1822 3672 1873 3717 et
1898 3663 2112 3733 lingua,
2136 3670 2186 3715 ot
2218 3660 2381 3716 labiis
2406 3659 2622 3715 vestris.

133 3749 375 3822 χείλεσιν
411 3746 582 3816 ὑμῶν.

210 3842 267 3895 7.
298 3842 503 3892 Αἰνεῖτε
534 3836 695 3890 αὐτὸν
724 3837 780 3887 ἐν
806 3833 1072 3903 τυμπάνῳ
1104 3832 1197 3883 καὶ
1234 3830 1409 3900 χόρῳ·

1897 3843 1948 3899 7.
1990 3841 2231 3896 Laudato
2263 3853 2386 3892 eum
2412 3838 2466 3891 in
2501 3847 2761 3908 tympano
2786 3845 2839 3890 et
2869 3834 3039 3889 clioro
3073 3850 3087 3887 :

212 3931 293 4001 Τῇ
328 3927 591 3997 νεκρώσει
627 3925 826 3987 παντὸς
860 3922 954 3974 τοῦ
995 3922 1243 3991 σώματος
1275 3919 1430 3989 ὑμῶν
1484 3919 1722 3986 ἁνυμὲττξο

1896 3932 2315 3987 Mortiﬁcatione
2338 3930 2508 3985 totius
2533 3930 2782 4000 corporis
2808 3926 2977 3981 vestri
3008 3922 3229 3979 laudate
3255 3937 3401 3977 eum.

140 4036 278 4073 σατε
315 4017 493 4070 αὐτόν.

216 4112 272 4165 8.
300 4110 505 4160 Αἰνεῖτε
534 4105 694 4158 αὐτὸν
720 4106 777 4156 ὲν
808 4103 1025 4173 χορδαῖς
1047 4101 1141 4153 καὶ
1175 4099 1411 4170 ὀργάνῳ.

1895 4107 1948 4160 8.
1992 4105 2236 4161 Laudato
2269 4121 2394 4161 eum
2428 4105 2480 4158 in
2511 4102 2730 4159 chordis
2770 4110 2825 4156 et
2856 4115 3084 4171 organo.

215 4200 442 4271 Χορδαὶ,
490 4194 817 4266 λογίζομαι,
854 4194 1021 4264 νεῦρά
1070 4195 1206 4257 ἐστι,
1260 4188 1577 4242 καθ’ἐαυτὰ
1628 4188 1727 4258 μὲν

1895 4200 2145 4264 (ΖΙιοτιιιιξ,
2175 4210 2233 4254 ιιι
2268 4208 2421 4269 puto,
2463 4196 2615 4250 nervi
2649 4203 2775 4251 sunt
2809 4195 2862 4248 in
2913 4209 2972 4248 se
3020 4191 3155 4263 ipsis
3184 4188 3402 4261 quidem

142 4292 323 4364 νεκρά
377 4292 524 4351 ὄντα,
590 4290 685 4341 καὶ
726 4286 1093 4355 ἁποδεδεμένα
1140 4287 1195 4336 ὲν
1254 4283 1393 4350 ξύλῳ
1456 4282 1595 4333 τινί’
1646 4298 1730 4332 κι-

1832 4291 2053 4354 mortui,
2100 4300 2155 4345 ct
2183 4289 2417 4359 colligati
2462 4290 2516 4339 in
2556 4286 2797 4356 quodam
2843 4284 3018 4355 ligno,
3049 4283 3180 4337 moti
3224 4290 3402 4334 autem

142 4387 387 4459 νούμενα
419 4386 475 4437 δὲ
502 4383 605 4435 ὑπό
637 4399 779 4442 τινος
814 4380 923 4433 τῶν
968 4376 1245 4448 τεχνιτῶν,
1302 4374 1484 4445 φωνὴν
1534 4375 1729 4426 ἀποτε-

1831 4386 1897 4436 ah
1927 4384 2111 4451 aliquo
2142 4379 2319 4450 perito
2349 4377 2561 4432 artiﬁce
2584 4392 2773 4431 vocem
2813 4376 3072 4429 eﬁiciunt.
3130 4369 3403 4442 Orgauum

144 4478 337 4531 λοῦσιν
357 4495 369 4505 ·
404 4476 631 4547 ὄργανον
660 4473 716 4524 δὲ
747 4472 898 4524 αὐλοὶ
923 4468 1267 4538 συγκείμενοί
1296 4469 1421 4529 εἰσι,
1448 4466 1542 4518 καὶ
1570 4462 1731 4533 ἀλλή-

1832 4481 2013 4527 autem
2050 4472 2244 4526 ﬁstula:
2286 4478 2585 4540 compactae
2633 4477 2781 4529 sunt,
2818 4474 2871 4520 et
2911 4465 3141 4519 invicem
3190 4464 3406 4516 hanno-

145 4570 262 4631 λοις
290 4566 609 4639 μεταδίδωσι
642 4564 701 4615 τὸ
756 4563 916 4633 μέλος
947 4560 1291 4631 ἐμπνεόμενα
1321 4558 1424 4609 ὑπὸ
1452 4554 1548 4608 τοῦ
1579 4553 1732 4605 πνεύ-

1836 4568 1979 4620 niam
2012 4564 2266 4619 emittunt
2300 4563 2495 4632 spiritu
2530 4559 2743 4621 inﬁatw,
2780 4573 2903 4611 cum
2935 4556 3155 4615 habent.
3199 4555 3289 4623 qui
3313 4568 3405 4606 cas

150 4678 346 4733 ματος,
382 4659 542 4729 ἡνίκα
574 4657 754 4726 ἔχουσι
792 4657 916 4717 τοὺς
947 4654 1081 4723 πρὸς
1112 4650 1269 4703 τοῦτο
1291 4650 1485 4712 αὐτοὺς
1519 4644 1731 4700 κινοῦν-

1838 4660 1902 4713 ad
1935 4658 1985 4711 id
2038 4664 2311 4710 moveant.
2350 4653 2590 4707 Laudato
2637 4652 2802 4719 igitur
2850 4666 2973 4703 eum
3020 4648 3072 4701 in
3122 4644 3406 4716 praeceptis

148 4774 271 4818 τας.
306 4754 512 4806 Αἰνεῖτε
546 4747 637 4803 οὖν
668 4748 828 4802 αὐτὸν
857 4751 915 4801 ἐν
940 4749 1058 4808 ταῖς
1085 4743 1319 4805 ἐντολαῖς
1342 4746 1459 4805 ταῖς
1488 4740 1729 4802 λεπταῖς,

1840 4747 2173 4808 subtilibus.
2234 4754 2289 4799 et
2332 4744 2549 4805 validis,
2609 4715 2683 4796 ει.
2722 4740 2948 4811 illigatis
3002 4715 3406 4791 moi-tilicationi

148 4848 251 4901 atati.
286 4846 549 4915 ἰσχυραῖς,
574 4842 668 4896 καί⁵
688 4844 806 4904 ταῖς
829 4837 1243 4906 ἁποδεδεμέναις
1264 4837 1328 4904 τῇ
1349 4831 1610 4904 νεκρώσει
1638 4828 1730 4882 τοῦ

1838 4836 2104 4907 corporis,
2133 4843 2187 4889 et
2230 4835 2285 4888 in
2328 4835 2614 4895 charitatc,
2662 4846 2783 4900 qua:
2834 4827 3064 4881 eﬁicitur
3110 4840 3138 4879 a
3200 4821 3406 4893 Spiritu

153 4914 432 5008 σώματος,
464 4937 556 4989 καὶ
580 4937 636 4987 ἐν
670 4937 735 5005 τῇ
773 4933 962 5004 ἀγάπῃ
996 4932 1061 5000 τῇ
1096 4927 1467 4999 ὲνεργουμὲνῃ
1504 4924 1607 4977 ὑπὸ
1636 4922 1730 4976 τοῦ

1840 4939 2047 4993 sancto,
2079 4936 2134 4982 et
2166 4927 2360 4981 tradita
2390 4941 2455 4977 ex
2492 4925 2594 4977 hoc
2628 4923 2681 4975 in
2708 4920 2859 4978 illud.
2890 4928 2943 4973 et
2974 4918 3204 4986 implens
3225 4914 3404 4969 omnia

153 5005 475 5093 Πνεῦματος
504 5021 596 5075 τοῦ
640 5021 796 5089 ἁγίου
822 5064 835 5082 ,
872 5022 965 5073 καὶ
1001 5018 1351 5088 μεταδιδοῦσα
1402 5014 1508 5067 ἀπὸ
1540 5012 1729 5065 τούτου

1894 5022 2001 5074 mul
2032 5028 2318 5089 pmcepta,
2341 5026 2393 5072 et
2417 5017 2484 5070 ab
2506 5014 2764 5069 omnibis
2798 5011 3002 5075 audita,
3029 5010 3075 5063 si
3097 5007 3262 5070 adsit,
3288 5005 3405 5060 vel-

156 5121 239 5180 εἰς
265 5116 425 5168 τοῦτο
447 5154 463 5178 ,
496 5115 591 5167 καὶ
626 5111 907 5183 πληροῦσα
951 5112 1130 5172 πάσας
1178 5107 1313 5178 ὁμοῦ
1348 5106 1444 5168 τὰς
1496 5104 1736 5169 ὲντολὰς,
1844 5126 1902 5169 ut
1936 5113 2127 5183 organi
2160 5126 2285 5169 νοχ,

156 5210 257 5262 καὶ
284 5210 448 5261 πᾶσιν
472 5206 800 5276 ἀκουομένη,
830 5206 879 5257 εἰ
903 5202 1265 5273 διατυγχάνει,
1297 5200 1427 5282 ὡσεὶ
1449 5198 1541 5251 τοῦ
1575 5196 1737 5267 ὀργά‹

157 5318 253 5353 νου
288 5317 437 5353 φωνη
450 5340 462 5351 .

232 5324 253 5353 υ
330 5317 405 5353 ων
450 5340 462 5351 .

232 5316 523 5448 9.φΑἰν2ῖτε
558 5388 719 5442 αὐτὸν
752 5390 808 5440 ἐν
844 5385 1141 5457 κυμϐάλοις
1170 5384 1387 5453 εὑήχοις
1408 5398 1421 5410 ·

1913 5374 1966 5429 9.
2010 5371 2252 5424 Laudato
2282 5384 2405 5423 eum
2438 5368 2491 5420 in
2525 5363 2786 5436 cymbalis
2817 5361 2951 5415 bene
2974 5358 3334 5414 sonantibus:

246 5485 561 5554 Ἀνυμνεῖτε
584 5481 743 5535 αὑτὸν
762 5483 818 5533 ἐν
832 5482 945 5543 τοῖς
962 5478 1161 5548 χείλεσι
1181 5474 1272 5527 τοῦ
1295 5473 1540 5543 σώματος
1560 5468 1735 5541 ὑμῶν.

1580 5468 1735 5541 υμῶν.
1917 5461 2159 5518 Laudato
2189 5474 2313 5513 eum
2345 5458 2399 5511 in
2440 5456 2601 5509 labiis
2631 5451 2879 5521 corporis
2908 5458 3094 5506 vestri.

237 5577 328 5629 10.
353 5576 563 5627 Αἰνεῖτε
590 5574 750 5625 αὐτὸν
780 5572 836 5623 ἐν
860 5569 1157 5640 κυμῦά).οις
1181 5566 1515 5636 ἀλαλαγμοῦ.

1918 5553 2006 5609 lO.
2048 5549 2289 5605 Laudato
2329 5562 2450 5603 eum
2500 5547 2553 5599 in
2582 5543 2843 5616 cymbalis
2870 5541 3230 5612 jubilationis.

238 5666 351 5721 Καὶ
379 5668 436 5717 ὲν
465 5666 787 5734 στεναγμοῖς
817 5662 1103 5732 ἀλαλήτοις
1126 5660 1223 5730 τῆς
1248 5658 1479 5719 διανοίας
1506 5655 1679 5727 ὑμῶν.

1916 5648 1982 5703 Et
2007 5646 2061 5701 in
2098 5643 2387 5716 gemitibus
2418 5636 2870 5694 ineuarralxilibus
2905 5639 3101 5689 mentis
3128 5639 3338 5686 vestra).

246 5823 323 5897 (α)
360 5822 488 5892 ch.
526 5822 777 5893 ὑπάρχει.
