4036 6432
633 389 770 444 ιδιδ

705 507 790 566 Η.
828 505 1017 562 Omnis
1050 503 1271 573 spiritus
1307 502 1490 555 laudet
1516 499 1827 553 Dominum.

1483 381 1540 434 s.
1581 377 1956 433 ATIIANASll
1988 376 2135 433 opp.
2179 375 2358 431 rans
2390 374 2476 430 lll.
2513 406 2581 414 —
2620 355 3024 429 ἐκεοετιιῑιι.

3749 381 3870 436 ΒΗ

2228 514 2273 568 Α
2373 499 2458 551 ll.
2495 498 2647 549 Πᾶσα
2676 499 2810 566 πνοὴ
2845 499 3112 549 αἰνεσάτῶ
3130 497 3224 549 τὸν
3246 497 3465 570 Κυριον.

1750 629 2123 684 ATllANASIl
2169 628 2752 684 l-NTERPRETATIO.

711 752 787 804 Η.
827 746 1020 804 Omnis
1053 746 1277 816 spiritus
1319 744 1503 799 laudet
1533 743 1847 799 Dominum.

702 838 920 894 Psallitc
953 839 1170 907 spiritu,
1205 835 1416 906 psallite
1456 845 1510 889 et
1539 844 1740 896 mente,
1777 835 1878 888 hoc
1925 843 2006 888 est
2032 833 2200 905 glori-

633 932 787 986 tieate
815 929 982 984 Deum
1021 937 1072 982 et
1098 928 1280 982 anima
1307 936 1360 980 et
1389 941 1619 996 corpore
1649 934 1848 980 vestro.

2375 744 2461 796 Η.
2498 745 2654 797 Πᾶσα
2686 745 2820 814 πνοὴ
2852 745 3116 798 αἰνεσάτω
3137 746 3228 798 τὸν
3261 745 3484 818 Κύριον.

2369 834 2590 888 Ψάλατε
2643 835 2721 906 τῷ
2769 835 3074 904 πνεύματι,
3111 836 3314 905 ψάλατε
3343 839 3451 906 καὶ,
3475 837 3554 908 τῷ
3590 837 3694 899 νοῒ,
3727 856 3873 892 τουτ-

2291 924 2437 988 έστι,
2471 922 2725 990 δοξάσατε
2757 924 2820 996 δὴ
2869 925 2958 978 τὸν
2987 925 3119 978 θεὸν
3143 927 3235 979 καὶ
3263 929 3327 996 τῇ
3357 927 3502 997 ψυχῇ
3535 928 3636 980 καὶ
3670 928 3750 998 τῷ
3781 929 3872 981 σώ-

2305 1032 2432 1084 ματι
2458 1015 2629 1084 ὑμῶν.

620 1233 1808 1240 __________,,

1534 1368 1614 1427 ΙΝ
1658 1367 2084 1428 EXCERPTA
2131 1366 2208 1425 ΙΝ
2275 1365 2418 1424 ,ιοΒ
2470 1364 2938 1425 ADMONITIO

709 1560 984 1613 Athanasii
1007 1559 1302 1628 fragmenta
1330 1556 1509 1620 istli‘tec
1546 1569 1610 1607 ex
1657 1552 1861 1607 Niceta:
1916 1553 2243 1608 Heracleota:
2283 1567 2464 1610 catena
2521 1555 2799 1621 desumpta
2847 1553 3104 1607 habentur
3153 1558 3207 1606 in
3236 1557 3382 1623 prius
3415 1557 3598 1609 editis.
3642 1555 3748 1610 Sed
3764 1561 3875 1625 jam

639 1656 876 1708 auctiora
903 1663 952 1707 et
977 1654 1334 1706 emendutiora
1378 1652 1636 1720 prodeunt
1683 1665 1747 1702 ea:
1788 1650 1961 1703 codice
2006 1649 2163 1719 [legio
2208 1650 2367 1704 2454.
2410 1649 2544 1705 Sunt
2585 1660 2762 1702 autent
2789 1660 3032 1717 excerpta
3053 1659 3102 1701 et
3126 1664 3368 1716 expressa
3399 1665 3463 1702 ex
3495 1650 3663 1701 variis
3709 1649 3870 1702 Atha-

639 1747 775 1799 nasii
818 1761 1028 1814 operum
1057 1746 1205 1810 locis,
1240 1745 1328 1798 sed
1363 1761 1465 1797 non
1497 1744 1681 1796 iisdem
1709 1743 1895 1796 verbis.
1944 1740 2064 1794 Non
2105 1744 2240 1795 enim
2278 1745 2445 1811 fertur
2473 1742 2799 1796 Athanasius
2829 1743 3206 1795 commentaria
3235 1743 3290 1794 in
3329 1741 3524 1795 Jobum
3545 1741 3798 1796 edidisse.

707 2058 1008 2113 Athanasii.
1063 2056 1217 2123 Quod
1260 2067 1438 2110 autem
1485 2055 1766 2125 Scriptura
1808 2057 1952 2111 dicat
1990 2077 2000 2111 :
2036 2058 2193 2112 Facti

640 2160 755 2203 sunt
808 2151 855 2202 ei
903 2159 1092 2215 septem
1135 2149 1235 2217 ﬁlii
1275 2149 1342 2209 ³⁷,
1402 2149 1452 2201 id
1513 2149 1670 2202 nobis
1733 2149 1994 2205 adversus
2038 2152 2196 2204 Ario-

641 2241 868 2294 manitas
929 2239 1030 2292 fert
1093 2256 1245 2307 opem
1295 2259 1308 2294 :
1357 2241 1448 2308 qui
1501 2239 1657 2308 quasi
1709 2255 1933 2309 magnas
1977 2242 2196 2295 haeresis

641 2348 748 2387 Sua:
793 2333 1065 2401 suppetias
1114 2332 1242 2384 illud
1296 2339 1581 2399 usurpant,
1622 2333 1764 2399 quod
1823 2333 1890 2385 ab
1939 2333 2198 2401 Apostolo

641 2425 701 2478 de
755 2422 1041 2491 Unigcnito
1083 2422 1285 2474 dictum
1351 2431 1434 2473 est
1486 2439 1498 2472 :
1545 2419 1781 2472 Fidelem
1831 2423 1877 2475 ei
1933 2425 2022 2492 qui
2079 2424 2200 2492 fecit

641 2516 808 2583 ipsum
825 2515 868 2544 “
898 2532 909 2566 :
943 2524 1106 2580 atque
1132 2513 1327 2566 acriter
1349 2513 1698 2578 contendunt,
1729 2513 1922 2567 Filium
1959 2515 2052 2569 Dei
2083 2533 2202 2571 rem

642 2617 757 2656 esse
803 2600 1018 2654 factam.
1053 2601 1121 2653 At
1166 2600 1474 2668 hujusmodi
1509 2599 1742 2655 fulcrum
1774 2606 1929 2670 quasi
1959 2605 2203 2658 calamus

643 2693 905 2746 enutritus
930 2702 1013 2745 est
1041 2692 1193 2760 ipsis.
1242 2691 1471 2756 Quando
1497 2709 1732 2761 namque
1764 2694 2067 2748 substantia
2121 2706 2204 2750 est

642 2783 765 2851 quid
807 2784 1005 2836 factum
1055 2793 1146 2835 aut
1189 2793 1449 2848 creatum,
1497 2793 1626 2838 tunc
1677 2784 1845 2846 illud,
1895 2788 2115 2848 creavit,
2149 2796 2203 2840 et

642 2873 783 2941 fecit,
829 2872 1046 2941 proprie
1072 2873 1137 2925 de
1168 2872 1235 2925 iis
1284 2875 1444 2927 rebus
1476 2874 1747 2937 dicuntur,
1795 2885 1848 2929 et
1895 2876 2205 2942 signiﬁcant

642 2981 751 3019 rem
781 2964 996 3018 factam.
1033 2965 1169 3018 Cum
1227 2976 1407 3018 autem
1461 2967 1764 3020 substantia
1812 2968 1992 3037 proles
2039 2977 2122 3022 est
2151 2980 2203 3024 et

642 3056 803 3118 ﬁlius.
839 3064 966 3110 tunc
1011 3056 1165 3118 illud,
1213 3055 1358 3124 fecit,
1409 3066 1460 3110 et
1500 3058 1696 3124 factum
1732 3071 1839 3123 est,
1890 3069 1944 3112 et
1988 3061 2200 3126 creavit,

643 3163 747 3200 non
780 3147 995 3214 proprie
1030 3155 1383 3213 usurpantur,
1418 3161 1591 3214 neque
1627 3162 1740 3199 rem
1793 3147 1992 3201 iactam
2038 3150 2202 3218 signi-

642 3237 824 3300 ﬁcant,
853 3235 944 3290 sed
983 3250 1080 3303 pro
1110 3237 1195 3289 illa
1222 3251 1373 3295 voce.
1413 3238 1611 3305 genuit,
1646 3237 1768 3302 ism,
1804 3238 1946 3306 fecit,
1994 3239 2204 3293 indill‘e-

643 3337 823 3380 rentcr
875 3327 999 3395 quis
1037 3326 1226 3378 utitur.
1268 3325 1452 3394 Itaque
1496 3342 1614 3380 sese
1663 3328 1845 3380 Ariani
1896 3327 2200 3382 damnaturi

642 3427 790 3480 sunt,
827 3416 873 3470 si
926 3417 1220 3478 SCl‘lDllJt'tB
1281 3433 1449 3471 sacrae
1499 3419 1881 3487 proprie'atem
1937 3420 2200 3474 ediscant.

642 3507 777 3560 Nam
809 3507 853 3560 si
892 3506 1083 3572 factos,
1125 3508 1320 3569 editos,
1353 3519 1583 3570 creatos,
1615 3525 1643 3561 a
1674 3526 1732 3562 se
1761 3512 1974 3580 genitos
2003 3513 2202 3566 liberos

644 3607 892 3667 parentes
918 3599 1119 3661 dicant,
1155 3614 1262 3652 non
1302 3611 1479 3652 tamen
1512 3611 1756 3654 naturam
1792 3602 1868 3654 illi
1915 3603 2201 3672 abnegrunt.

645 3687 906 3745 Ezechias
949 3689 1127 3760 igitur.
1167 3700 1224 3744 ut
1272 3691 1324 3745 in
1360 3693 1491 3747 Isaia
1543 3693 1804 3763 scriptum
1849 3704 1953 3760 est,
1997 3695 2202 3750 orando

643 3782 882 3835 dicebat:
906 3781 982 3834 Ex
1007 3783 1108 3836 'noc
1134 3783 1222 3838 die
1251 3784 1386 3838 ﬁlios
1410 3786 1625 3851 iaciam,
1646 3801 1798 3852 voce,
1825 3787 2044 3857 faciam,
2077 3804 2207 3843 usus

644 3887 744 3942 pro
784 3888 933 3938 voce,
969 3874 1199 3942 gignam,
1253 3875 1383 3927 dum
1419 3876 1486 3928 de
1525 3876 1591 3928 iis
1637 3878 1729 3944 qui
1783 3893 1812 3930 a
1865 3893 1923 3931 se
1956 3879 2208 3948 gignendi

645 3973 800 4018 erant
833 3964 1160 4032 loqueretur.
1196 3963 1382 4035 Neque
1423 3965 1599 4020 differt
1633 3968 1928 4021 ullatenus.

716 4147 782 4198 Et
826 4146 914 4198 hic
944 4144 1010 4199 de
1061 4141 1160 4198 Job
1193 4145 1398 4198 dictum
1450 4153 1582 4197 est:
1625 4143 1782 4196 Facti
1837 4154 1960 4197 sunt
2013 4145 2060 4197 ei
2109 4143 2208 4212 ﬁlii

647 4239 915 4303 septem”.
935 4235 1534 4300 Quemadmadmodum
1559 4246 1610 4289 et
1635 4234 1846 4305 Moyses
1872 4236 1921 4289 in
1950 4237 2062 4307 lege
2092 4239 2166 4289 ait
2194 4255 2206 4288 :

649 4327 705 4380 Si
735 4326 859 4379 facti
895 4323 1112 4379 fuerint.

717 4415 962 4470 Primum
1010 4415 1384 4484 quairenduin,
1431 4430 1497 4467 an
1554 4414 1696 4468 ﬁlius
1747 4424 1850 4469 est.
1910 4413 2022 4468 Hoc
2065 4417 2207 4469 enim

651 4517 1097 4573 commonstrato,
1153 4509 1294 4563 cadit
1348 4508 1435 4561 illa
1483 4508 1547 4560 de
1597 4523 1652 4560 re
1709 4508 1847 4561 facta
1900 4509 1978 4562 vel
2029 4516 2207 4562 creata

649 4599 888 4669 suspicio
923 4617 936 4653 :
970 4600 1331 4668 omnibusque
1374 4599 1721 4667 perspicuum
1772 4609 1869 4663 est,
1921 4599 2208 4651 dictionem

653 4709 774 4761 quae
818 4693 895 4745 sic
926 4692 1114 4754 habet,
1168 4692 1257 4760 qui
1307 4691 1428 4755 fecit
1460 4708 1599 4756 eum,
1634 4691 1837 4743 nullam
1889 4705 2077 4742 eorum
2111 4689 2212 4742 lue-

651 4787 756 4838 resi
807 4785 1088 4839 utilitatem
1133 4783 1346 4845 afferre,
1400 4785 1507 4835 imo
1555 4783 1734 4852 potius
1783 4782 2207 4834 damnationem.

652 4875 941 4930 Ostcusum
981 4876 1123 4928 enim
1159 4874 1278 4936 fuit,
1319 4889 1522 4935 vocem,
1569 4877 1742 4940 [actus
1779 4883 1873 4936 est,
1901 4874 2063 4927 etiam
2116 4884 2211 4938 pro

653 4967 924 5038 germanis
951 4977 1004 5020 et
1047 4967 1386 5020 naturalibus
1432 4965 1555 5019 liliis
1591 4967 1643 5019 iu
1691 4966 1874 5019 divina
1929 4964 2209 5033 Scriptura

653 5060 924 5126 usurpari.
954 5059 1131 5123 Quare
1171 5075 1292 5111 cum
1333 5059 1764 5111 demonstratum
1814 5058 1884 5110 sit
1919 5055 2205 5109 Dominum

652 5167 770 5204 esse
807 5151 1101 5202 naturalem
1137 5165 1196 5202 ac
1226 5164 1410 5201 verum
1445 5149 1612 5201 tilium
1636 5188 1649 5210 ,
1683 5149 1807 5201 licet
1832 5147 1899 5200 de
1942 5146 2034 5198 illo
2063 5145 2212 5199 dica-

654 5258 761 5305 tur.
813 5244 984 5311 factus
1030 5253 1127 5305 est,
1179 5252 1269 5296 aut
1305 5242 1556 5295 conditus
1599 5240 1718 5305 fuit,
1769 5241 1820 5293 id
1872 5254 2210 5308 nequaquam

653 5337 725 5390 ita
759 5335 956 5388 dicitur
978 5351 1042 5388 ac
1075 5335 1118 5387 si
1146 5335 1216 5387 sit
1251 5335 1364 5402 ipse
1406 5349 1492 5386 res
1518 5341 1720 5394 creata,
1757 5332 1850 5386 sed
1895 5330 2211 5384 indillereuv

656 5438 734 5480 lCl‘
765 5443 826 5481 ea
863 5443 990 5481 γοοδ
1022 5436 1247 5480 utuntur
1274 5427 1446 5479 sancti
1487 5425 1606 5476 viri.

731 5606 773 5638 ⁸⁷
810 5604 911 5660 Job
957 5621 995 5666 t,
1020 5606 1072 5658 2.

1179 5605 1224 5635 ’⁸
1257 5602 1414 5656 llebr.
1456 5619 1536 5668 ni,
1566 5602 1618 5654 ‘2.
1723 5602 1768 5632 “
1803 5598 1987 5663 Job-1,
2015 5598 2069 5651 9..

2369 2055 2794 2114 ‘AGANAZIOY.
2832 2054 2904 2108 Τό
2931 2072 2994 2122 γε
3017 2054 3092 2125 (ι)
3124 2055 3232 2127 μὴν
3257 2055 3432 2122 λέγειν
3476 2056 3575 2124 τὴν
3609 2056 3867 2127 Γραφήν·

2313 2153 2613 2222 Ἐγένοντο
2635 2148 2703 2202 δὲ
2730 2146 2889 2211 αὐτῷ
2906 2147 3052 2200 ἑπτὰ
3075 2148 3210 2214 υἱοὶ,
3237 2149 3330 2201 καὶ
3353 2147 3490 2218 πρὸς
3511 2150 3642 2210 τοὺς
3682 2150 3880 2219 ’Δρειο-

2306 2245 2530 2313 μανίτας
2561 2244 2688 2313 ἡμῖν
2722 2238 3094 2310 συμϐαλεῖται·
3125 2239 3174 2292 οἳ
3211 2240 3285 2303 ὡς
3319 2241 3459 2310 μέγα
3501 2237 3762 2309 βοήθημα
3789 2242 3880 2310 τῆς

2302 2336 2560 2407 αἱρέσεως
2589 2331 2766 2387 αὐτῶν
2815 2331 3104 2399 κατέχουσι
3140 2330 3202 2381 τὸ
3248 2331 3376 2402 περὶ
3415 2329 3510 2383 τοῦ
3543 2332 3882 2398 Μσνογενοῦς

2305 2426 2457 2497 παρά
2487 2425 2580 2478 τοῦ
2615 2421 2934 2476 ’Λποστόλου
2966 2420 3257 2491 λεγόμενον
3279 2437 3291 2447 ·
3344 2420 3573 2473 Πιστὸν
3621 2421 3774 2474 ὄντα
3813 2419 3885 2484 τῷ

2304 2519 2622 2585 ποιήσαντι
2672 2515 2887 2566 αὐτόν’
2935 2512 3029 2563 καὶ
3085 2510 3444 2578 φιλονεικοῦσι
3493 2513 3714 2582 ποίημα
3754 2508 3885 2565 εἶναι

2303 2607 2393 2658 τὸν
2418 2606 2512 2657 τοῦ
2539 2603 2671 2656 Θεοῦ
2700 2603 2846 2656 Υίόν.
2886 2602 3040 2654 Ἐστι
3092 2601 3148 2653 δὲ
3185 2601 3365 2663 αὐτοῖς
3411 2602 3658 2670 κάλαμος
3701 2603 3885 2654 τεθλα-

2306 2695 2497 2765 σμὲνος
2549 2693 2704 2746 τοῦτο
2760 2695 2816 2743 τὸ
2847 2691 3096 2762 ἔρεισμα.
3147 2689 3316 2742 Ὅταν
3370 2690 3467 2759 μὲν
3522 2691 3638 2760 γὰρ
3668 2692 3704 2760 ὴ
3738 2693 3884 2743 οὐσία

2305 2787 2514 2856 ποίημα
2542 2782 2690 2858 ﬁxa!
2718 2784 2942 2853 κτίσμα,
2980 2780 3280 2853 τηνικαῦτα
3319 2782 3379 2833 τὸ
3406 2820 3420 2843 ,
3461 2782 3743 2848 ἐποίησε,
3800 2784 3884 2834 καὶ

2302 2881 2381 2942 τὸ,
2412 2875 2864 2945 ἓκτισε,“κυρίως
2897 2873 2989 2926 ἐπὶ
3019 2873 3197 2926 αὐτῶν
3225 2874 3461 2942 λέγεται,
3498 2875 3596 2926 καὶ
3624 2875 3884 2946 σημαίνει

2301 2970 2362 3022 τὸ
2391 2969 2618 3037 ποίημα·
2649 2967 2774 3018 ὅταν
2795 2965 2852 3018 δὲ
2880 2966 2913 3034 ή
2936 2965 3091 3016 οὐσία
3108 2964 3356 3033 γέννημα
3440 2969 3535 3016 καὶ
3561 2965 3703 3029 υίὸς,
3731 2967 3792 3017 τό
3809 2982 3885 3028 τε,

2301 3062 2569 3127 ἐποίησε,
2604 3057 2694 3110 καὶ⁵
2724 3056 2807 3120 τὸ,
2837 3057 3095 3126 ἐγένετο,
3127 3059 3220 3109 καὶ
3247 3056 3328 3116 τὸ,
3364 3057 3631 3115 ἔκτισεν,
3660 3057 3762 3108 οὐκ
3810 3057 3885 3107 ἔτι

2305 3149 2503 3218 κυρίως
2532 3147 2617 3198 ἐπ’
2657 3144 2818 3197 αὐτοῦ
2850 3148 3044 3208 κεῖται,
3074 3147 3192 3198 οὐδὲ
3223 3147 3433 3221 ποίημα⁴
3471 3145 3886 3215 σημαίνει,ἀλλ¹

2304 3239 2421 3292 ἀντὶ
2453 3238 2546 3290 τοῦ
2570 3237 2862 3306 ἐγέννησε
2919 3236 2997 3306 τῷ
3027 3238 3312 3304 ἐποίησεν
3335 3238 3646 3307 ἀδιαφόρως
3676 3255 3760 3299 τις
3795 3238 3881 3288 κέ-

2304 3346 2501 3400 χρηται
2549 3329 2771 3398 ῥήματι.
2841 3327 3002 3379 Ὥστε
3057 3325 3494 3392 καταγνώσονται
3556 3328 3774 3380 ἑαυτῶν
3831 3329 3876 3379 οι

2317 3421 2600 3491 Ἀρειανοὶ,
2631 3421 2679 3471 εί
2705 3416 2924 3489 μάθοιεν
2945 3417 3005 3469 τὸ
3025 3416 3124 3485 τῆς
3157 3415 3374 3486 Γραφῆς
3400 3415 3600 3485 ἰδίωμα
3619 3434 3630 3444 ·
3665 3419 3764 3469 καὶ
3788 3419 3886 3486 γὰρ

2305 3514 2352 3564 εί
2392 3510 2758 3580 ποιουμένους,
2782 3509 2875 3562 καὶ
2902 3507 3235 3577 γινομένους,
3259 3509 3351 3559 καὶ
3379 3506 3740 3576 κτιζομένους
3767 3509 3886 3570 τοὺς

2305 3603 2365 3666 ἐξ
2416 3601 2592 3654 αὐτῶν
2626 3600 2924 3670 φυομένους
2972 3598 3180 3666 λέγοιεν
3221 3599 3271 3649 oi
3309 3601 3504 3666 γονεῖς,
3539 3599 3695 3651 οὐδὲν
3735 3594 3886 3668 ἦττον

2306 3696 2404 3747 οὐκ
2433 3692 2718 3764 ἀρνοῦνται
2755 3692 2850 3760 τὴν
2893 3691 3071 3758 φύσιν.
3119 3688 3176 3740 Ὀ
3207 3686 3336 3754 γοῦν
3389 3687 3674 3757 Ἐζεκίας,
3732 3690 3806 3752 ὡς
3837 3691 3885 3740 ὲν

2235 3747 2276 3803 c
2309 3786 2387 3840 τῶ
2441 3747 2636 3854 ’ίίσαῖᾳ
2664 3747 3008 3853 γέγραπται,
3044 3747 3331 3848 εὐχόμενος
3365 3747 3551 3844 ἔλεγέν
3577 3798 3590 3808 ο
3787 3747 3886 3847 γὰρ

2308 3879 2402 3946 τῆς
2452 3877 2690 3946 σήμερον
2740 3873 2926 3926 παιδία
2967 3873 3196 3941 ποιήσω,
3237 3870 3356 3925 ἀντὶ
3385 3871 3497 3933 τοῦ,
3534 3875 3809 3941 γεννήσω,
3837 3873 3884 3924 τὲ

2311 3965 2542 4032 ποιήσω
2565 3961 2938 4036 εἰρηκὼς,Μὶ
2951 3963 3075 4026 τοὺς
3103 3962 3161 4026 ἐξ
3185 3960 3347 4014 αὑτοῦ
3368 3961 3679 4032 φυομένους
3703 3963 3884 4015 εἰπὼν.

2311 4057 2420 4110 Καὶ
2453 4061 2511 4108 οὐ
2543 4056 2873 4125 διαφέρεται.

2383 4147 2672 4201 Κάνταῦθα
2699 4146 2755 4199 δὲ
2795 4144 2923 4215 περὶ
2962 4142 3057 4197 τοῦ
3114 4143 3233 4196 ’1ὼὸ
3274 4143 3524 4214 εἴρηται·
3580 4143 3884 4212 Ἐγένοντο

2310 4239 2376 4292 δὲ
2398 4239 2557 4304 αὐτῷ
2581 4239 2694 4292 vlol
2722 4239 2872 4289 ἑπτα
2891 4255 2902 4265 ·
2940 4235 3126 4306 ὥσπερ
3155 4237 3249 4289 καὶ
3273 4235 3512 4306 Μωῡσῆς
3547 4237 3608 4288 ὲν
3635 4236 3718 4306 τῷ
3752 4237 3885 4306 νόμῳ

2312 4329 2472 4400 φησίν
2492 4345 2506 4358 ο
2552 4329 2677 4380 Ἐὰν
2701 4327 2981 4395 γένωνται.

2383 4420 2503 4492 Χρὴ
2535 4419 2793 4489 πρότερον
2842 4415 3044 4485 ζητεῖν.
3076 4417 3123 4467 εί
3160 4414 3270 4478 υἱός
3299 4414 3465 4467 ἐστιν.
3523 4413 3740 4467 Τούτου
3791 4413 3885 4484 γὰρ

2311 4510 2784 4580 ἀποδεικνυμένου,
2825 4505 3113 4576 παύεταιὴ
3141 4507 3266 4575 περὶ
3307 4503 3400 4557 τοῦ
3434 4505 3754 4574 ποιήματος
3805 4507 3885 4558 καὶ

2312 4602 2603 4669 κτίσματος
2637 4599 2879 4660 ὑπόνοια,
2919 4598 3013 4650 καὶ
3047 4594 3254 4666 φανερά
3283 4597 3447 4647 πᾶσιν
3482 4595 3791 4660 ἀπόδειξις,
3822 4594 3886 4656 ὡς

2310 4695 2342 4762 ἡ
2397 4690 2539 4754 λέξις
2590 4689 2905 4759 ήλέγουσα.
2950 4686 3029 4751 τῷ
3082 4683 3403 4751 ποιήσαντι
3432 4683 3645 4746 αὐτὸν,
3684 4685 3789 4737 οὐκ
3820 4685 3885 4745 εις

2311 4782 2492 4846 ὄνησίν
2517 4784 2629 4834 ἐστι
2656 4784 2721 4851 τῇ
2753 4781 2962 4849 αἱρέσει
2992 4778 3187 4843 αὐτῶν,
3211 4776 3346 4830 ἀλλά
3377 4775 3577 4846 μᾶλλον
3607 4777 3691 4838 είς
3721 4778 3884 4828 κατά-

2312 4888 2526 4941 γνωσιν.
2560 4870 2830 4922 Δέδεικται
2889 4867 3016 4938 γὰρ,
3063 4868 3145 4920 ὃτι
3188 4869 3220 4937 ἡ
3263 4865 3389 4926 τοῦ,
3423 4864 3709 4931 ἐποίησε,
3756 4864 3885 4930 λέξις

2313 4967 2406 5016 καὶ
2438 4964 2530 5016 ἐπὶ
2579 4962 2684 5014 τῶν
2714 4960 2949 5030 γνησίων
2983 4960 3075 5012 καὶ
3107 4959 3213 5011 τῶν
3265 4955 3422 5025 φύσει
3473 4956 3683 5008 τέκνων
3731 4958 3789 5008 ἐν
3827 4957 3882 5024 τῇ

2247 5095 2287 5147 D
2317 5056 2434 5126 θεία
2461 5056 2632 5107 κεῖται
2655 5053 2863 5123 Γραφῇ.
2898 5050 3058 5103 Ὅθεν
3083 5049 3176 5102 τοῦ
3199 5049 3400 5119 Κυρίου
3427 5048 3882 5118 ἀποδεικνυμένου

2321 5150 2476 5218 φύσει
2505 5148 2597 5200 καὶ
2631 5145 2850 5216 γνησίου
2881 5141 3018 5206 υἱοῦ,
3050 5141 3153 5195 κᾶν
3183 5141 3406 5210 λέγηται
3460 5141 3546 5191 ἐπ’
3572 5139 3742 5191 αὐτοῦ
3771 5138 3882 5206 (sic)

2319 5241 2398 5304 τὸ,
2454 5239 2761 5303 ἐποίησεν,
2816 5236 2847 5303 ἢ
2886 5235 3117 5298 ἐγένετο,
3171 5233 3268 5300 οὐχ
3296 5230 3370 5292 ὡς
3406 5232 3710 5298 ποιήματος
3744 5230 3884 5288 om;

2321 5330 2483 5386 αὑτοῦ
2517 5328 2753 5397 λέγεται,
2783 5325 2897 5380 ἀλλ’
2924 5323 3230 5394 ἀδιαφόρως
3288 5323 3352 5392 τῇ
3385 5320 3527 5385 λέξει
3562 5319 3802 5391 χρῶνται
3840 5320 3882 5370 ol

2324 5439 2486 5490 αγιοι.

742 5787 818 5845 ti)
855 5784 976 5840 llaec
1013 5798 1264 5848 expressa
1297 5790 1420 5835 sunt
1449 5797 1514 5835 ex
1547 5782 1778 5833 oratione
1815 5793 1850 5832 ιι
1882 5788 2064 5831 contra
2095 5776 2342 5829 Aricinos.
