4036 6432
153 372 305 426 1545

1429 371 1850 428 FRAGMENTA
1891 373 1955 426 IN
1989 373 2127 428 J08.

3255 374 3393 435 1345

276 493 484 548 Niceta:
515 492 844 548 Heracleam:
878 492 1077 547 Catena
1105 493 1156 545 in
1183 492 1303 556 Job,
1345 497 1586 563 qua'dam
1630 497 1738 548 alia
1783 495 1932 548 habet
1966 507 2206 564 excerpta
2250 513 2313 549 ex
2353 496 2632 550 Athanasii
2665 495 2902 563 operibus
2930 497 3045 565 jam
3089 497 3269 561 caitis,

788 597 991 639 tantum
1025 586 1302 653 alferemus
1327 606 1442 658 qua:
1466 606 1718 659 nusquam
1745 599 1952 641 exstant
1982 590 2055 643 vel
2083 591 2366 643 admodum
2401 602 2607 644 mutata
2631 600 2770 645 sunt.

220 703 338 756 Kal
370 698 537 756 εἶπεν
567 707 599 756 ὀ
624 704 766 771 Θεὸς
808 708 885 772 τῷ
925 709 1207 773 διαϐόλῳ·
1253 714 1442 766 Πόθεν
1481 712 1711 782 παραγέ

1903 713 1968 766 Et
1998 716 2074 767 ait
2109 715 2246 769 Deus
2276 715 2483 767 diabolo
2510 731 2527 768 :
2555 714 2700 768 Unde
2723 715 2862 768 venis
2881 714 2964 767 8°?

149 811 378 861 rarae;

219 884 595 938 ’Aﬂartwlov.
631 887 780 955 ’Ἅμα
806 888 862 939 δὲ
900 889 974 959 (2)
1006 893 1061 942 ὲν
1107 890 1314 954 τούτοις
1357 895 1722 963 παρίσταται,

145 975 194 1026 εί
228 975 328 1026 καὶ
355 975 421 1027 τά
443 977 642 1045 γενητὰ
669 978 844 1030 πάντα
867 982 924 1032 ἐν
947 984 1367 1051 μεμερισμένοις
1393 985 1573 1047 τόποις
1599 987 1722 1051 είσὶ,

144 1067 441 1134 φωστῆρες
465 1067 560 1135 μὲν
590 1069 646 1118 ἐν
665 1067 740 1137 τῷ
763 1069 1117 1140 στερεώματι,
1146 1073 1278 1143 νέφη
1305 1073 1360 1124 δὲ
1391 1074 1446 1124 ἐν
1477 1075 1555 1144 τῷ
1579 1076 1721 1146 ἀέρι.

144 1156 263 1208 Καὶ
292 1159 404 1218 τοῖς
437 1157 744 1228 ἀνθρώποις
777 1160 1000 1231 ἔστησεν
1030 1163 1150 1232 ὅρια
1173 1164 1339 1217 ἐθνῶν
1359 1182 1370 1194 °
1406 1168 1452 1218 οἱ
1484 1166 1538 1219 δὲ
1565 1169 1726 1236 ἄγγε-

143 1250 228 1291 λοι
265 1242 682 1297 ἀποστέλλονται
708 1249 786 1309 είς
815 1247 1108 1313 διακονίας,
1143 1252 1235 1304 καὶ
1255 1253 1606 1309 ἀναϐαίνουσι
1634 1260 1724 1310 καὶ

143 1331 571 1386 καταϐαίνουσιν
599 1336 689 1386 ἐπὶ
719 1338 813 1407 τῆς
843 1338 1124 1408 κλίμακος.
1150 1343 1458 1408 Κάνταῦθα,
1484 1342 1720 1413 Ἦλθον,

142 1424 309 1491 φησι,
369 1425 744 1494 παραστῆναι
800 1431 1046 1484 ἐνώπιον
1089 1435 1327 1500 Κυρίου.
1373 1438 1480 1490 Καὶ
1535 1439 1723 1503 πεῦσις

146 1514 358 1580 γίνεται
408 1517 542 1587 πρὸς
577 1519 663 1570 τὸν
695 1519 934 1574 διάϐολον
961 1541 972 1552 ·
1035 1525 1223 1578 Πόθεν
1269 1529 1722 1600 παραγέγονας;

141 1605 318 1658 Ὥστε
352 1609 407 1660 ὲν
438 1608 585 1680 τόπῳ
615 1612 739 1674 εἰσὶ,
794 1615 886 1666 καὶ
937 1614 1062 1667 ἔνθα
1108 1618 1562 1686 ἀποστέλλονται,
1611 1625 1725 1677 ἐκεῖ

140 1698 409 1766 πάρεισι·
440 1702 596 1769 μόνος
623 1701 678 1753 δὲ
707 1704 734 1754 ὁ
757 1703 885 1769 Θεὸς
922 1707 1330 1780 ἀπερίγραπτος
1353 1725 1365 1737 ·
1402 1714 1490 1767 τὸν
1523 1733 1722 1770 παντα-

140 1788 243 1856 χοῦ
272 1790 512 1859 παρόντα
539 1790 807 1862 ζητοῦσιν,
836 1797 900 1848 ἵν’
936 1797 1145 1870 εὕροιεν
1172 1803 1226 1852 ἐν
1257 1804 1438 1874 χωρίῳ
1471 1806 1573 1858 τινὶ
1598 1825 1722 1875 συγ-

139 1874 461 1962 κλειόμενον
482 1877 571 1930 τὸν
595 1879 863 1949 ἀόριστον.
908 1885 1068 1938 Ἀλλὰ
1100 1889 1158 1942 τὸ
1187 1894 1544 1962 παραστῆναι,
1567 1874 1722 1951 τοῦτό

138 1961 265 2016 ἐστι
290 1964 351 2017 τὺ
385 1969 493 2030 τοῖς
524 1967 817 2041 θελήμασιν
840 1976 1002 2028 αὑτοῦ
1023 1981 1359 2052 τυπωθῆναι,
1381 1961 1473 2038 καὶ
1505 1987 1562 2038 τὸ
1587 1991 1720 2058 πρὸς

138 2055 314 2107 αὐτὸν
341 2055 535 2123 όλικῶς
574 2061 963 2119 ἀνατείνεσθαι.
1018 2069 1150 2123 Θεοῦ
1206 2074 1303 2143 μὲν
1342 2075 1449 2147 γὰρ
1491 2055 1718 2134 ἐνώπιόν
1751 2064 1790 2116 Β

137 2147 263 2200 ἐστι
296 2151 443 2204 πᾶσα
471 2153 503 2222 ἡ
537 2154 731 2219 κτίσις,
760 2158 852 2209 καὶ
877 2160 1011 2231 αὑτὴ
1046 2165 1074 2233 ἡ
1110 2165 1443 2240 ἀποστατικὴ
1499 2172 1592 2224 καὶ
1623 2190 1719 2225 πο-

137 2254 206 2331 νη
219 2240 438 2311 ροτάτη,
471 2242 610 2295 κατὰ
634 2245 693 2296 τὸ
723 2248 1128 2321 ἀπερίγραπτον
1157 2258 1254 2326 τῆς
1274 2259 1456 2322 οὐσίας
1483 2263 1714 2331 ἐκείνης·

141 2330 297 2423 ίδίως
323 2331 379 2385 δὲ
415 2335 462 2385 οἱ
497 2335 714 2402 ἄγγελοι
772 2341 992 2410 πάρεισι
1025 2344 1099 2413 τῷ
1129 2345 1279 2418 Θεῷ,
1312 2350 1450 2402 κατά
1484 2352 1573 2404 τὸν
1619 2330 1716 2423 τῆς

140 2421 299 2486 θείας
325 2424 541 2496 ἀγάπης
571 2428 862 2498 ἀκόρεστον
895 2432 1088 2504 ἔρωτα.

229 2601 592 2693 Ἂθανάσιος.
639 2608 960 2676 Ἢγωνίζετο
996 2614 1094 2682 μὲν
1129 2611 1218 2669 οὖν
1248 2619 1275 2669 6
1322 2619 1459 2682 Ἰὼϐ,
1504 2625 1594 2675 καὶ
1623 2624 1714 2693 μέ-

139 2710 248 2760 γας
275 2690 342 2765 ἦν
369 2697 396 2747 6
431 2702 765 2769 πειρασμόςο
806 2705 1006 2773 μείζων
1049 2706 1104 2758 δὲ
1145 2709 1390 2775 ἐφαίνετο
1419 2713 1445 2764 6
1480 2714 1717 2785 ἀθλητὴς

138 2784 237 2836 τοῦ
274 2787 603 2856 πειρασμοῦ.
639 2791 746 2841 Καὶ
798 2792 961 2854 πολὺς
1015 2794 1112 2862 μὲν
1145 2795 1330 2865 ἔρρεεν
1361 2801 1387 2850 6
1422 2784 1711 2870 πειράζων,

137 2873 237 2924 καὶ
267 2875 499 2942 χαλεπὸς
529 2873 596 2946 ἦν
630 2879 657 2929 6
686 2880 989 2949 μαχόμενος
1009 2898 1022 2911 ·
1058 2882 1426 2956 ἀνδρειότερος
1459 2887 1516 2940 δὲ
1563 2891 1716 2959 ἐφαί-

137 2980 263 3015 νετο
298 2968 325 3017 6
378 2966 788 3038 πειραζόμενος,
825 2972 988 3024 νικῶν
1048 2974 1144 3036 τὰς
1201 2977 1566 3049 ἐπιχειρήσεις
1622 2983 1713 3034 καὶ

137 3057 448 3126 προσϐολὰς
493 3059 585 3112 τοῦ
636 3063 868 3133 πονηροῦ
916 3064 994 3136 τῷ
1028 3067 1246 3136 μεγέθει
1304 3070 1403 3139 τῆς
1458 3070 1708 3137 διανοίας.

135 3148 431 3220 Γνὼρισμα
457 3152 553 3222 τῆς
583 3152 830 3224 ἀνδρείας
859 3157 1004 3208 ἐστὶν
1034 3159 1064 3227 ή
1096 3159 1360 3231 ὑπομονὴ.
1395 3163 1577 3236 Ταύτῃ
1605 3166 1710 3237 γὰρ

135 3239 370 3304 ἕκαστος
417 3243 521 3297 τῶν
545 3246 714 3314 ἁγίων
764 3249 938 3320 φέρων
979 3251 1044 3304 τά
1093 3252 1372 3322 συμϐάντα
1419 3258 1475 3309 ἐν
1507 3258 1583 3326 τῷ
1615 3259 1710 3330 βίῳ

135 3331 374 3387 ἐπίπονα
402 3339 496 3388 καὶ
525 3336 762 3410 λυπηρὰ,
791 3339 938 3410 ἴσχυε
967 3343 1105 3395 κατὰ
1134 3345 1226 3396 τοῦ
1259 3345 1502 3399 διαϐόλου
1521 3365 1532 3377 ’
1569 3349 1708 3420 ἆπερ

1884 893 2184 944 Athanasii.
2228 891 2325 946 llis
2370 908 2586 961 quoque
2627 908 2864 962 praesens
2893 892 3067 956 adest,
3101 892 3226 946 licet
3258 907 3391 948 con-

1826 981 1932 1034 dita
1960 985 2140 1036 omnia
2189 985 2379 1038 divisis
2421 986 2472 1038 in
2511 986 2644 1039 locis
2679 987 2813 1051 sint;
2851 986 3137 1039 luminaria
3172 987 3388 1056 quidem

1827 1073 1879 1126 in
1926 1073 2285 1140 ﬁrmamento,
2321 1078 2493 1131 nubes
2525 1078 2576 1129 in
2615 1093 2757 1130 aere.
2807 1076 2872 1130 Et
2902 1079 3119 1146 quidem
3153 1079 3389 1132 homini-

1826 1166 1925 1218 bus
1961 1167 2238 1220 constituit
2286 1169 2548 1222 terminos
2597 1169 2837 1236 gentium
2875 1188 2888 1222 :
2939 1169 3112 1237 angeli
3157 1185 3284 1222 vero
3319 1168 3387 1221 ad

1825 1257 2125 1311 ministeria
2161 1261 2472 1322 mittuntur,
2505 1274 2666 1330 atque
2709 1262 2762 1313 in
2810 1261 2954 1314 scala
2996 1262 3295 1315 ascendunt
3335 1271 3390 1315 et

1823 1348 2176 1403 descendunt.
2208 1350 2274 1403 Et
2300 1352 2401 1404 hoc
2431 1353 2482 1404 in
2513 1353 2633 1405 loco
2660 1356 2772 1406 ait:
2826 1351 3082 1406 Venerunt
3124 1365 3179 1406 ut
3224 1369 3275 1405 se
3309 1354 3384 1405 si-

1823 1449 2214 1494 sterentcoram
2261 1441 2503 1496 Domino.
2561 1442 3038 1512 luterrogaturque
3085 1445 3380 1496 diabolus:

1828 1529 1972 1583 Unde
2005 1532 2187 1584 venis?
2217 1531 2272 1584 In
2301 1531 2422 1586 loco
2456 1533 2638 1601 itaque
2672 1545 2799 1586 sunt
2829 1533 3021 1601 angeli,
3046 1543 3098 1586 et
3126 1549 3230 1601 quo
3263 1535 3387 1584 mil-

1823 1630 2011 1674 tuntur
2041 1623 2152 1677 illic
2177 1625 2410 1690 adsunt;
2447 1626 2595 1679 Solus
2629 1641 2755 1680 vero
2800 1626 2940 1680 Deus
2981 1635 3063 1679 est
3096 1625 3384 1679 incircum-

1822 1714 2073 1781 scriptus.
2109 1713 2246 1767 Tum
2275 1731 2397 1768 eum
2439 1716 2530 1785 qui
2561 1731 2801 1783 praesens
2826 1717 3027 1784 ubique
3056 1727 3138 1770 est
3171 1717 3386 1786 perqui~

1822 1812 1968 1869 runt,
1998 1815 2054 1857 ut
2079 1806 2394 1860 conclusum
2424 1810 2661 1876 quodam
2697 1809 2748 1860 in
2792 1808 2911 1861 loco
2941 1809 3216 1862 inveniant
3259 1825 3382 1862 eum

1821 1894 1913 1962 qui
1957 1894 2209 1948 deﬁnitus
2241 1913 2348 1949 non
2383 1908 2483 1951 est.
2525 1897 2719 1952 Verum
2753 1898 2904 1959 illud,
2952 1913 3009 1952 se
3043 1898 3233 1951 sistere
3279 1898 3384 1951 lto-

1824 1987 1989 2049 mino,
2011 1987 2240 2055 idipsum
2270 1997 2354 2041 est
2376 1990 2520 2057 quod
2566 1990 2939 2044 voluntatibus
2963 1991 3188 2059 obsequi
3219 1991 3382 2052 illius,

1821 2091 1884 2130 ac
1912 2076 1960 2129 ei
1992 2077 2191 2144 ubique
2228 2087 2425 2145 praesto
2455 2095 2594 2133 esse.
2649 2077 2923 2133 Universa:
2962 2080 3161 2148 quippe
3190 2085 3385 2133 creatae

1821 2183 1907 2221 res
1936 2183 2120 2222 coram
2170 2167 2278 2221 Deo
2313 2181 2467 2236 sunt;
2511 2172 2621 2223 imo
2668 2171 2798 2240 ipsa:
2849 2187 3067 2240 quoque
3117 2171 3384 2225 scelestis-

1821 2259 1971 2312 sima:
2011 2275 2130 2328 qua:
2165 2262 2528 2329 praevaricata:
2555 2272 2701 2326 sunt,
2750 2261 3049 2316 secundum
3089 2262 3382 2315 incircum-

1820 2354 2074 2420 scriptam
2127 2353 2270 2406 illius
2327 2354 2640 2407 substantize
2689 2363 2960 2407 naturam.
3018 2354 3202 2422 Angeli
3255 2369 3382 2406 vero

1818 2442 2032 2510 proprie
2058 2443 2256 2496 adsunt
2288 2444 2418 2509 Deo,
2453 2460 2550 2513 pro
2584 2445 2876 2498 insatiabili
2903 2459 3001 2499 suo
3026 2445 3218 2498 divina:
3247 2445 3379 2498 cha-

1817 2534 1996 2588 ritatis
2023 2549 2226 2588 amore.

1887 2625 2232 2678 Athanasius.
2296 2622 2398 2677 Job
2447 2624 2630 2692 itaque
2679 2625 3028 2689 decertahat,
3081 2640 3386 2695 magnaque

1818 2719 2043 2770 tentatio
2064 2730 2215 2785 erat;
2263 2717 2459 2770 fortior
2485 2726 2664 2770 tamen
2691 2727 2806 2770 erat
2837 2717 3036 2770 athleta
3069 2717 3382 2770 tentatione.

1816 2807 2053 2861 Instabat
2105 2818 2361 2872 tentator,
2393 2823 2554 2878 atque
2585 2810 2837 2862 atrociter
2860 2809 3234 2878 oppugnabat;
3290 2810 3381 2863 sed

1813 2900 1992 2952 acrior
2020 2908 2135 2953 erat
2169 2899 2259 2968 qui
2297 2899 2626 2962 tentabatur,
2658 2914 2721 2952 ac
2771 2909 3001 2952 conatus
3036 2902 3380 2967 impetusque

1815 2991 2035 3058 maligni
2068 3006 2178 3059 prze
2231 2990 2400 3042 animi
2437 2990 2808 3059 magnitudine
2847 2992 3158 3058 superabat.
3201 2990 3378 3043 Forti-

1815 3082 2015 3136 tudinis
2040 3091 2420 3148 argumentum
2451 3091 2533 3136 est
2565 3083 2821 3150 patientia
2852 3103 2863 3135 :
2900 3098 2961 3136 ea
2988 3083 3130 3134 enim
3165 3093 3378 3135 sancto-

1812 3190 1930 3227 rum
1962 3175 2184 3243 quilibet
2236 3186 2583 3228 oecurrenles
2618 3174 2670 3227 in
2708 3176 2911 3230 Stecuto
2958 3173 3137 3227 ferens
3178 3190 3378 3227 aerum-

1812 3281 1909 3318 nas
1941 3275 2100 3334 atque
2142 3266 2382 3330 dolores,
2438 3265 2654 3319 diabolo
2700 3265 3003 3332 praevaluit,
3059 3281 3170 3334 qua:
3216 3267 3377 3318 ambo

1812 3373 1934 3410 cum
1965 3357 2093 3409 velit
2126 3355 2366 3424 Spiritus
2402 3364 2622 3409 sanctus
2660 3366 2715 3407 ut
2743 3355 3105 3417 obtineamus,
3138 3355 3374 3422 prtecipit

132 3425 195 3477 τὸ
232 3425 456 3496 Πνεῦμα
485 3427 635 3482 θέλον
666 3433 812 3499 ἡμᾶς
844 3433 1126 3503 ἀμφότερα
1161 3436 1411 3496 κτᾶσθαι,
1443 3416 1709 3508 προστάτ-

1812 3448 1863 3499 in
1896 3446 2110 3499 Psalmo
2140 3464 2152 3498 :
2195 3444 2432 3499 Viriliter
2458 3462 2552 3515 age
2583 3455 2631 3499 et
2655 3445 2982 3514 confortetur
3003 3461 3092 3496 cor
3129 3453 3298 3510 tuum,
3325 3455 3373 3497 et

133 3533 214 3568 τει
235 3516 390 3584 λέγον
407 3520 462 3570 ὲν
480 3519 557 3587 τῷ
583 3521 779 3591 ψαλμῷ
798 3539 810 3549 ·
853 3523 1159 3591 Ἀνδρίζου,
1185 3528 1278 3579 καὶ
1306 3532 1708 3597 κραταιούσθω

132 3607 172 3674 ἡ
204 3607 416 3674 καρδία
449 3625 582 3674 σου,
619 3612 714 3664 καὶ
741 3613 1066 3682 ὑπόμεινον
1098 3618 1205 3668 τίν
1229 3619 1463 3684 Κύριον.
1516 3622 1571 3673 Ὀ
1602 3622 1705 3694 γὰρ

133 3698 422 3769 ὑπομένων
453 3701 692 3773 ἀνδρεῖός
722 3705 856 3767 ἐστι,
890 3705 983 3759 καὶ
1003 3707 1030 3758 6
1051 3707 1290 3778 ἀνδρεῖος
1313 3711 1705 3781 ὑπομονητικὸς

130 3787 197 3841 ἂν
248 3792 355 3862 εἴη.
392 3791 482 3844 Διὸ
523 3794 615 3846 καὶ
660 3795 688 3846 6
736 3796 1001 3867 μακάριος
1043 3797 1161 3850 Ἰὼϐ
1191 3799 1277 3853 διὰ
1323 3802 1384 3854 τὸ
1417 3803 1704 3874 ὑπομένειν

130 3881 505 3950 ἐκραταιοῦτο,
528 3884 620 3936 καὶ
647 3885 734 3938 διὰ.
763 3887 822 3939 τὺ
847 3889 1106 3959 ἀνδρείως
1140 3891 1326 3962 φέρειν
1358 3895 1484 3956 τοὺς
1514 3897 1704 3959 πόνους

131 3969 418 4040 ὑπέμεινε,
445 3972 536 4023 καὶ
572 3971 668 4043 τὴν
708 3979 936 4041 γυναῖκα
969 3977 1236 4044 διωθεῖτο,
1274 3981 1703 4053 ὲξαπατηθείσαν

131 4060 236 4113 ὑπὸ
273 4060 365 4113 τοῦ
391 4061 584 4131 ὄφεως,
620 4064 713 4118 καὶ
740 4066 1038 4137 φθαρεῖσαν
1074 4069 1142 4122 τά
1175 4073 1437 4141 νοήματα.
1486 4076 1700 4149 Ἐπειδὴ

129 4151 240 4223 γάρ
263 4153 398 4216 ὅλως
423 4155 537 4208 ἐστὶ
567 4157 795 4228 μισητὴς
815 4161 842 4210 6
868 4159 965 4229 τῆς
994 4162 1189 4225 κακίας
1216 4164 1458 4236 εὑρετὴς,
1487 4168 1581 4219 καὶ
1608 4169 1702 4238 μό⁹

128 4259 216 4295 νον
248 4247 568 4315 φαινόμενος
617 4248 792 4319 ζητῶν
823 4250 943 4302 τίνα
987 4252 1220 4322 ἁρπάσει
1278 4256 1368 4308 καὶ
1415 4262 1696 4312 καταπιεῖ·

127 4333 213 4387 διά
241 4335 398 4389 τοῦτο
429 4338 455 4390 ὃ
486 4342 584 4408 μὲν
613 4339 756 4392 ἔστιν
777 4342 938 4405 αὐτὸς
976 4344 1312 4415 ὑποκρύπτει
1342 4349 1436 4400 καὶ
1472 4351 1660 4402 σκέπει
1684 4367 1696 4379 ’

128 4426 548 4500 ὑποκρινόμενος
583 4431 638 4483 δὲ
669 4435 733 4503 τῇ
767 4435 1035 4505 φαντασίᾳ
1064 4436 1161 4506 τὴν
1188 4438 1320 4490 πᾶσι
1354 4439 1697 4513 ποθουμένην

126 4516 399 4590 ἀλήθειαν,
425 4522 511 4574 τὸν
545 4522 673 4576 ἴδιον
705 4524 779 4576 ίὸν
807 4525 1082 4578 ἐπιϐάλλει
1113 4529 1225 4590 τοῖς
1271 4529 1695 4603 ἀκολουθήσασιν

126 4609 293 4679 αὐτῷ.
330 4610 484 4663 Οὕτω
505 4614 596 4664 καὶ
617 4612 711 4684 τὴν
742 4614 883 4668 Εὕαν
904 4617 1180 4686 ἠπάτησεν
1202 4657 1217 4680 ,
1253 4620 1312 4671 οὺ
1347 4620 1414 4673 τά
1455 4621 1558 4674 ἴδια
1606 4629 1696 4676 λα-

125 4695 250 4761 λῶν,
283 4698 394 4752 ἀλλ’
424 4701 845 4772 ὑποκρινόμενος
890 4705 959 4758 τὰ
991 4707 1082 4759 τοῦ
1117 4707 1250 4760 Θεοῦ
1298 4709 1519 4779 ῥήματα
1548 4751 1562 4773 ,
1598 4713 1691 4764 καὶ

125 4787 219 4858 τὴν
238 4789 474 4844 διάνοιαν
498 4792 675 4845 αὐτῶν
702 4795 1037 4865 παραποιῶν.
1060 4797 1215 4850 Οὕτω
1238 4799 1329 4851 καὶ
1344 4800 1438 4870 τὴν
1459 4805 1690 4868 γυναῖκα

126 4883 213 4934 τοῦ
255 4881 374 4934 Ἰὼϐ
403 4884 657 4948 ὑπέϐαλε,
690 4887 879 4949 πείσας
903 4887 1038 4959 αὑτῇ
1076 4889 1458 4958 ὑποκρίνεσθαι
1499 4891 1686 4959 φιλαν-

126 4969 296 5042 δρίαν,
344 4974 559 5038 διδάξας
595 4976 648 5028 δὲ
698 4977 1031 5049 βλασφημεῖν
1077 4982 1156 5044 εἰς
1202 4980 1290 5033 τὸν
1342 4983 1494 5036 Θεόν.
1531 4983 1685 5036 Οὕτω

1807 3536 2004 3588 sustine
2043 3535 2324 3588 Dominum
2355 3538 2419 3590 ³⁸.
2460 3535 2593 3590 Nam
2628 3537 2720 3605 qui
2748 3537 2979 3590 sustinet
3010 3536 3057 3589 is
3088 3534 3246 3589 fortis
3269 3544 3373 3602 est,

1807 3627 1897 3695 qui
1931 3627 2106 3691 fortis,
2135 3628 2177 3682 is
2196 3628 2404 3696 patiens
2435 3627 2614 3681 fuerit.
2643 3627 3003 3693 Quamobrem
3036 3627 3224 3680 beatus
3251 3625 3371 3694 Job,

1807 3719 1931 3787 quia
1965 3719 2247 3786 tolerabat,
2297 3719 2574 3772 robustior
2613 3718 2816 3771 evasit:
2864 3725 2918 3769 et
2964 3717 3091 3784 quia
3142 3717 3371 3769 viriliter

1807 3807 2020 3862 labores
2069 3808 2391 3872 sustinebat,
2446 3823 2780 3876 uxoremque
2825 3806 3118 3875 repellebat
3168 3821 3198 3859 a
3253 3821 3369 3859 ser-

1804 3909 1962 3968 pente
1995 3901 2294 3968 deceptam,
2329 3915 2392 3952 ac
2426 3909 2604 3953 mente
2639 3908 2976 3965 corruptam.
3034 3898 3171 3951 Cum
3223 3898 3366 3952 enim

1804 3992 2019 4044 malitiae
2045 3999 2257 4054 auctor,
2297 3990 2576 4044 hominum
2611 3991 2684 4043 sit
2725 4004 2877 4054 osor,
2917 4006 2980 4044 ac
3012 3991 3185 4043 solum
3220 4004 3368 4057 qua:-

1802 4091 1884 4136 rat
1913 4097 2072 4150 quem
2099 4082 2273 4151 rapiat
2307 4097 2370 4135 ac
2401 4081 2640 4143 devoret,
2681 4080 2800 4134 ideo
2838 4095 2895 4134 se
2920 4081 3011 4148 qui
3039 4080 3108 4132 sit
3135 4079 3367 4132 occultat

1802 4187 1866 4226 ac
1894 4173 2153 4242 contegit.
2180 4174 2259 4225 Ac
2287 4172 2554 4227 simulans
2587 4174 2637 4225 in
2663 4171 2987 4241 phanlhasia
3017 4170 3159 4224 illam
3185 4169 3365 4223 omni-

1802 4264 1901 4317 bus
1937 4264 2289 4317 desideratam
2350 4261 2653 4327 vetitatem,
2707 4278 2973 4316 venenum
3030 4263 3096 4317 iis
3138 4263 3229 4329 qui
3280 4276 3365 4316 se-

1799 4363 2037 4424 quuntur
2062 4356 2302 4410 immittit
2339 4371 2517 4410 suum.
2556 4353 2630 4407 lta
2659 4355 2822 4408 Evam
2862 4353 3090 4422 decepit,
3120 4369 3224 4405 non
3263 4368 3362 4406 sua

1798 4445 2085 4513 loquendo,
2145 4444 2240 4499 sed
2295 4442 2387 4497 Dei
2439 4443 2602 4497 verba
2667 4442 3012 4505 simulando,
3063 4456 3364 4510 eorumque

1797 4536 2120 4590 sententiam
2159 4534 2526 4603 depravando.
2568 4533 2642 4587 Ita
2672 4531 2790 4586 Jobi
2839 4547 3063 4586 uxorem
3113 4531 3358 4594 immisit,

1797 4641 1916 4679 cum
1947 4625 2207 4678 suasisset
2257 4624 2359 4692 ipsi
2391 4634 2450 4676 ut
2478 4639 2716 4676 amorem
2756 4638 2882 4691 erga
2923 4621 3174 4675 maritum
3223 4635 3359 4689 pra)-

1798 4713 1960 4767 t'erret
1987 4729 2050 4767 ac
2088 4713 2368 4768 simularet
2395 4730 2408 4765 :
2443 4728 2504 4766 ac
2528 4711 2802 4766 docuisset
2835 4727 2954 4764 eam
2979 4710 3356 4777 blasphemare

1796 4805 1848 4857 in
1885 4804 2071 4858 Deum.
2110 4805 2184 4858 lta
2212 4805 2457 4857 homines
2489 4803 2753 4858 subdolus
2785 4803 2872 4856 ille
2910 4801 3212 4869 phantasiis
3243 4800 3357 4853 illuc

1794 4897 1890 4961 dit,
1924 4912 2192 4966 quemque
2227 4896 2542 4965 decipiendo
2565 4911 2628 4950 ac
2654 4892 3016 4965 pertrahendo
3046 4893 3098 4946 in
3134 4891 3357 4960 profun-

1792 4988 1918 5041 dum
1955 4989 2170 5041 malitia:
2212 5003 2343 5042 suae.

129 5069 244 5131 τοὺς
291 5069 604 5141 ἀνθρώπους
651 5073 680 5123 6
729 5073 899 5136 δόλιος
939 5075 1120 5140 παίζει
1176 5079 1294 5139 ταῖς
1333 5079 1652 5145 φαντασίαις
1698 5080 2047 5135 ὑποκλέπτων
2113 5084 2208 5136 καὶ
2259 5081 2435 5152 σύρων
2469 5082 2696 5134 ἕκαστον
2730 5082 2808 5143 εἰς
2855 5080 2945 5133 τὸν
2981 5080 3108 5132 ἴδιον
3131 5079 3226 5148 τῆς
3253 5095 3352 5130 κα-

126 5161 243 5222 κίας
281 5159 488 5230 βόθρον.

182 5254 252 5304 Ει
280 5252 427 5305 κατὰ
467 5252 693 5307 παίδων
746 5255 932 5308 αὐτοῦ
963 5258 1034 5309 οὺ
1066 5257 1353 5322 πιστεύει,
1412 5257 1561 5312 κατὰ
1610 5258 1677 5310 δὲ

125 5341 391 5411 ἀγγέλων
409 5344 592 5398 αὑτοῦ
620 5347 872 5400 σκολιόν
904 5364 956 5398 τι
985 5348 1336 5414 ἐπενόησεν.

186 5435 554 5488 Ἀθανασίου.
590 5436 652 5488 Ἡ
669 5437 724 5489 δὲ
745 5439 848 5490 τῶν
877 5438 1142 5508 γεννητῶν
1166 5440 1258 5492 καὶ
1287 5439 1515 5492 κτιστῶν
1533 5440 1688 5509 φύσις

187 5591 233 5625 ³⁸
268 5590 374 5647 Job
399 5609 438 5656 ι,
464 5593 519 5647 7.
616 5593 657 5625 ³¹
741 5593 882 5650 Psal.
935 5612 1094 5660 xxw,
1150 5595 1236 5648 i4.

1340 5598 1383 5628 ⁸¹
1425 5595 1524 5650 Job
1583 5613 1655 5660 Iv,
1708 5598 1787 5652 l8.

1857 5256 1915 5312 Si
1958 5266 2142 5309 contra
2184 5256 2374 5308 liberos
2427 5271 2548 5308 suos
2593 5271 2694 5308 non
2727 5255 2924 5317 credit,
2962 5261 3144 5305 contra
3187 5263 3346 5321 ange'

1797 5349 1872 5401 los
1907 5358 2080 5398 autent
2105 5359 2224 5397 suos
2257 5361 2476 5414 pravum
2505 5344 2776 5413 quidpiam
2810 5343 3117 5412 excogitavit
3139 5341 3203 5395 ".

1867 5438 2165 5491 Athanasii.
2205 5436 2520 5492 Gcnitorum
2553 5445 2969 5503 creatorumqne
2997 5445 3189 5487 natura
3228 5444 3346 5482 mu—

187 5751 267 5814 (9.)
302 5750 427 5806 Hac
465 5753 531 5807 ad
566 5754 726 5809 tinem
768 5769 942 5822 usque
989 5770 1248 5822 expressa
1297 5755 1545 5810 videntur
1595 5770 1660 5810 ex
1700 5754 1871 5809 Eoist.
1909 5769 1924 5808 ι
1965 5755 2033 5808 ad
2079 5751 2437 5826 Serapionem.
