4036 6424
659 351 790 406 1547

1512 351 1570 405 S.
1610 349 1981 404 ATHANASII
2021 349 2170 404 OPP.
2210 349 2389 402 PARS
2425 349 2512 402 111.
2557 381 2624 390 -
2664 347 3070 403 EXEGETICA.

3777 349 3899 405 1348

657 469 837 524 tabilis
867 477 968 528 est.
1004 475 1189 535 utpote
1215 480 1335 534 qua:
1358 466 1428 520 sit
1455 476 1604 520 extra
1627 466 1722 521 Dei
1745 467 2125 527 substantiam.
2149 476 2224 519 at-

2324 463 2526 532 τρεπτή
2560 463 2694 524 ἐστι,
2731 462 2824 514 ἆτε
2853 462 2918 531 δὴ
2949 462 3143 527 ἔξωθεν
3174 456 3306 515 οὖσα
3335 463 3434 533 τῆς
3477 463 3576 518 τοῦ
3631 464 3774 518 Θεοῦ
3814 466 3899 520 οὗ.

659 579 766 633 que
795 578 860 616 ex
884 578 989 615 non
1017 561 1354 614 exstantibus
1375 559 1621 614 exsistat.
1647 559 2223 626 Quamobrem,omnis

657 656 810 709 homo
834 654 1056 706 mendax
1089 651 1168 716 ³³;
1201 661 1272 714 et,
1307 668 1479 704 omnes
1528 661 1867 715 peccaverunt
1905 660 1952 704 et
1990 651 2083 702 Dei
2113 651 2226 719 glo-

656 748 742 799 ria
776 745 1047 813 privantnr
1070 743 1132 792 ³⁸.
1170 742 1426 795 Diabolus
1455 753 1662 803 autem,
1691 743 1781 810 qui
1817 743 1869 795 in
1897 742 2072 794 medio
2102 741 2225 794 clte-

657 837 974 890 rubinorum
997 841 1131 898 erat,
1161 849 1222 886 ac
1251 833 1485 902 sigillum
1513 833 1890 887 similitudinis
1923 832 2095 886 factus
2119 839 2222 894 est,

657 928 857 981 excidit
893 941 922 980 e
962 925 1116 979 caelis
1180 926 1333 994 quasi
1388 924 1568 993 fulgur
1623 925 1686 976 ⁸⁵.
1744 923 1958 993 Nosque
2006 924 2226 992 angelos

652 1016 1088 1087 iudicabimus",
1111 1030 1205 1068 eos
1229 1015 1508 1076 nimirum,
1529 1015 1619 1083 qui
1640 1031 1795 1068 suum
1817 1030 1921 1066 non
1943 1028 2225 1067 servavere

654 1106 1038 1176 principatum.
1075 1103 1135 1156 Et
1178 1107 1276 1158 hoc
1306 1105 1426 1159 loco
1462 1122 1474 1156 :
1524 1105 1567 1158 si
1616 1115 1802 1158 contra
1848 1105 2046 1158 liberos
2095 1120 2226 1159 suos

655 1211 762 1251 non
819 1195 1027 1258 credit,
1069 1209 1129 1249 ac
1190 1193 1510 1262 simpliciter
1570 1192 1863 1260 loquendo,
1897 1204 2093 1246 creata:
2138 1207 2224 1246 res

655 1287 923 1358 ejusmodi
952 1296 1153 1340 naturae
1183 1294 1308 1340 sunt
1350 1295 1407 1339 ut
1437 1293 1731 1339 mutentur.
1769 1284 1898 1338 Sola
1930 1293 2111 1338 autem
2142 1283 2225 1337 di—

656 1380 778 1433 vina
807 1388 998 1431 natura
1021 1386 1104 1431 est
1138 1375 1516 1429 immutabilis.

719 1469 888 1526 Juxta
929 1486 1185 1538 papyrum
1220 1508 1234 1530 ,
1285 1469 1547 1521 calamum
1594 1477 1643 1522 et
1694 1468 1942 1522 caricem.

723 1560 996 1616 Fortassis
1027 1577 1120 1626 per
1165 1560 1486 1614 arundinem
1541 1569 1593 1613 et
1632 1574 1922 1628 papyrum,
1963 1559 2219 1615 vilitatem

661 1667 724 1708 ac
750 1661 1117 1723 paupertatem
1147 1652 1344 1705 diaboli
1379 1651 1669 1706 adumbrat
1709 1650 2013 1719 Scriptura.

736 1828 946 1884 Viscera
970 1830 1080 1897 ejus
1114 1838 1264 1883 scuta
1296 1845 1465 1882 cauea.

725 1917 1066 1974 Athanasius.
1121 1916 1260 1972 Olim
1305 1917 1505 1971 multus
1544 1925 1659 1970 erat
1701 1914 1952 1970 inimicus
1985 1914 2036 1969 in
2073 1914 2220 1968 frau-

655 2009 815 2065 dibus
841 2009 1098 2063 adversus
1121 2008 1368 2062 homines
1399 2007 1678 2077 parandis,
1709 2007 1935 2074 suisque
1983 2006 2217 2075 phanta-

656 2102 754 2157 siis
783 2101 1044 2170 plurimos
1074 2100 1391 2168 decipiebat,
1417 2101 1645 2168 ejusque
1689 2099 1908 2153 fraudes
1940 2113 2081 2167 zegre
2127 2098 2221 2151 de-

657 2191 918 2264 prehendi
963 2202 1241 2261 poterant;
1276 2191 1346 2244 ita
1396 2201 1453 2244 ut
1475 2192 1700 2261 spiritus
1733 2192 1798 2241 ile
1833 2189 1924 2241 illo
1969 2188 2171 2242 diceret
2207 2205 2220 2240 :

658 2281 786 2346 Quis
817 2282 1061 2335 reuelabit
1103 2281 1293 2349 faciem
1325 2280 1614 2333 indumenti
1638 2279 1751 2341 eius
1798 2277 1882 2330 ’7?
1924 2286 1977 2331 et
2003 2284 2220 2330 extera.

655 2372 841 2443 Neque
860 2374 1005 2427 enim
1044 2371 1190 2441 quod
1217 2381 1353 2438 erat,
1379 2371 1614 2439 idipsutn
1641 2385 1762 2423 esse
1791 2367 2102 2438 apparebat,
2131 2368 2224 2422 sed

653 2484 762 2539 qua
799 2468 973 2522 forma
1007 2467 1071 2520 ad
1105 2465 1346 2518 fraudem
1379 2463 1455 2518 uti
1497 2463 1731 2526 volebat,
1764 2477 1883 2515 eam
1918 2461 2043 2526 sibi,
2086 2461 2227 2514 licti-

654 2561 785 2612 tiam
829 2558 973 2622 licet,
1027 2557 1352 2610 assumebat.
1410 2554 1775 2621 Quamobrem
1827 2553 1983 2606 multi
2032 2553 2098 2606 ab
2129 2553 2222 2605 illo

655 2649 1101 2719 decipiebantur:
1149 2663 1272 2701 cum
1307 2655 1485 2700 autem
1522 2645 1739 2698 advenit
1784 2642 2059 2701 Salvator,
2108 2651 2223 2695 tum

653 2741 835 2796 omnis
881 2739 1088 2794 iallacia
1120 2739 1264 2791 illius
1297 2738 1574 2806 propalam
1608 2735 1747 2789 facta
1781 2744 1883 2789 est.
1935 2733 2068 2788 Nam
2101 2735 2220 2805 ejus

653 2839 825 2900 gesta,
855 2845 976 2900 quae
1010 2829 1135 2882 olim
1171 2827 1474 2889 latitabant,
1507 2840 1601 2894 per
1626 2823 1824 2882 Christi
1864 2825 2097 2894 gratiam
2123 2839 2215 2879 co-

652 2929 990 2992 gnoscuntur
1017 2938 1029 2974 :
1059 2928 1111 2974 et
1132 2919 1329 2989 quibus
1358 2918 1486 2971 olim
1518 2918 1765 2972 homines
1795 2915 2082 2982 fefellerat,
2115 2917 2212 2970 iis-

2330 551 2469 612 σίας,
2502 551 2594 601 xui
2631 549 2690 614 ἐξ
2717 552 2816 603 οὐκ
2845 552 3010 603 ὅντων
3041 554 3318 605 ﬁrmatis:
3369 555 3462 606 ’Διὸ
3506 555 3633 620 πᾶς
3679 557 3899 622 ἅνθρω-

2326 656 2439 705 πος
2455 641 2742 707 ψεύστης·
2771 642 2882 703 καὶ,
2915 640 3132 705 πάντες
3155 641 3434 708 ἥμαρτον,
3453 645 3552 696 καὶ
3573 645 3900 710 ὑστερεῖ-ν-

2325 748 2415 782 tat
2450 731 2555 796 τῆς
2583 731 2761 798 δόξης
2801 731 2906 784 τοῦ
2945 733 3110 785 Θεοῦ.
3156 735 3211 785 Ὀ
3252 735 3307 787 δὲ
3347 734 3619 797 διάϐολος,
3663 738 3721 786 ἐν
3761 737 3900 804 μέσῳ

2324 822 2428 874 τῶν
2467 823 2727 892 χερουεὶμ
2783 822 2895 886 ὢν,
2940 825 3032 876 καὶ
3105 825 3532 896 ἁποσςοράγισμμα
3591 827 3900 894 ὁμοιώσεως

2323 913 2611 982 γενόμενος
2636 953 2650 977 ,
2700 914 2954 980 ἐξέπεσεν
2985 913 3048 966 ἐκ
3079 915 3187 968 τῶν
3231 918 3471 984 οὐρανῶν
3508 918 3586 980 ὡς
3623 919 3896 987 ἀστραπή.

2323 1005 2430 1056 Καὶ
2462 1005 2722 1072 ἀγγέλους
2740 1006 3050 1078 κρινοῦμεν,
3081 1009 3206 1071 τοὺς
3224 1010 3297 1078 μὴ
3321 1011 3678 1079 τηρήσαντας
3705 1010 3899 1079 δηλαδὴ

2322 1095 2420 1164 τὴν
2450 1096 2655 1148 ἑαυτῶν
2689 1098 2881 1167 ἀρχήν.
2933 1099 3040 1151 Καὶ
3079 1098 3328 1161 ἐνταῦθα,
3386 1102 3432 1152 εί
3483 1101 3629 1152 κατὰ
3679 1101 3900 1152 παιδίων

2324 1187 2486 1239 αὑτοῦ
2518 1189 2577 1240 οὐ
2611 1189 2873 1252 πιστεύει,
2905 1189 2999 1242 καὶ
3028 1190 3212 1253 ἁπλῶς
3237 1193 3303 1244 τὰ
3338 1192 3619 1260 κτίσματα
3650 1194 3899 1260 τοιαύτην

2322 1277 2433 1347 ἔχει
2455 1278 2550 1349 τὴν
2576 1279 2756 1347 φύσιν,
2785 1281 2878 1333 καὶ
2904 1281 3186 1353 τρέπεται.
3223 1283 3376 1354 Μόνη
3407 1283 3462 1336 δὲ
3502 1285 3534 1354 ἡ
3576 1284 3700 1337 θεία
3749 1285 3901 1352 φύσις

2321 1368 2691 1432 ἀναλλοίωτος,

2392 1459 2558 1528 Παρὰ
2589 1459 2884 1528 strixvam
2917 1463 3012 1516 καὶ
3043 1461 3334 1532 κάλαμον,
3369 1463 3465 1517 καί
3499 1464 3835 1533 βούτομσν.

2393 1550 2547 1619 Τάχα
2577 1551 2633 1602 δὲ
2667 1550 2755 1603 διὰ
2795 1551 2886 1603 τοῦ
2930 1552 3178 1622 καλάμου
3227 1554 3317 1606 καὶ
3371 1552 3460 1606 τοῦ
3507 1555 3775 1626 παπύρου
3814 1557 3901 1624 τὴν

2321 1642 2592 1695 εὐτέλειαν
2617 1642 2711 1695 καὶ
2736 1643 2834 1713 τὴν
2859 1645 3044 1698 πενίαν
3090 1644 3183 1698 τοῦ
3228 1645 3472 1699 διαϐόλου
3519 1649 3825 1700 αἰνίττεται
3873 1650 3900 1717 ἡ

2325 1731 2535 1802 Γραφή.

2254 1821 2298 1879 Β
2404 1819 2479 1874 Τὰ
2513 1819 2732 1888 ἔγκατα
2759 1820 2943 1874 αὑτοῦ
2973 1820 3227 1887 ἀσπίδες
3255 1840 3529 1890 χαηκεαι.

2394 1911 2755 1978 Ἀθανάσιος.
2794 1912 2970 1965 Πάλαι
3026 1913 3123 1981 μὲν
3150 1909 3242 1966 οὖν
3279 1913 3444 1978 πολὺς
3497 1912 3566 1986 ἦν
3632 1916 3662 1967 ὁ
3722 1915 3904 1986 ἐχθρὲ-ς

2320 2019 2489 2055 πανου
2499 2003 2820 2073 ργευόμενος
2841 2005 2982 2056 κατὰ
3004 2003 3109 2056 τῶν
3132 2003 3226 2056 ἀνθ
3235 2002 3450 2074 ρώπων,
3465 2008 3561 2057 καὶ
3579 2009 3903 2073 φαντασίαις

2322 2093 2486 2146 αὑτοῦ
2513 2094 2736 2156 πολλοὺς
2763 2094 2968 2163 ἠπάτα,
2997 2096 3089 2146 καὶ
3115 2094 3375 2165 δυσχερὴς
3406 2091 3473 2166 ἦν
3497 2097 3530 2165 ἠ
3564 2098 3669 2165 τῆς
3699 2099 3905 2167 ἀπάτης

2328 2182 2488 2236 αὑτοῦ
2515 2184 2845 2255 κατάληψις’
2878 2184 3015 2236 ὥστε
3047 2187 3137 2237 καὶ
3183 2187 3239 2237 τὸ
3287 2187 3502 2256 πνεῦμα
3550 2186 3741 2256 λέγειν
3789 2190 3905 2258 περὶ

2326 2275 2490 2327 αὑτοῦ
2517 2291 2528 2302 ·
2571 2277 2667 2341 Τίς
2697 2277 3078 2343 ἀποκαλύψει
3107 2280 3427 2342 πρόσωπον
3445 2280 3792 2348 ἐνδύματος
3820 2284 3906 2332 αι’-

2326 2368 2470 2433 τοῦ;
2498 2369 2588 2421 καὶ
2628 2368 2694 2420 τά
2723 2367 2868 2433 ἑξῆς.
2906 2370 2978 2420 Ob
3029 2369 3136 2438 γὰρ
3161 2370 3296 2439 ὅπερ
3324 2366 3412 2440 ἦν,
3446 2371 3605 2424 τοῦτο
3635 2374 3734 2425 καί
3759 2375 3905 2441 ἐφαί-

2326 2476 2465 2523 νετο,
2502 2459 2636 2512 ἀλλὰ
2683 2460 2818 2531 πρὸς
2871 2459 2898 2509 ὃ
2929 2460 3378 2530 ὲπανουργεύετο,
3434 2463 3572 2530 πρὸς
3604 2464 3772 2517 τοῦτο
3824 2467 3906 2516 καὶ

2327 2553 2651 2621 ὲφαντασίου
2696 2553 2906 2606 ἑαυτόν.
2954 2553 3052 2605 Διὰ
3086 2553 3243 2606 τοῦτο
3286 2555 3379 2606 xa't.
3409 2555 3597 2607 πολλοὶ
3623 2558 3906 2624 ὴπατῶντο

2327 2643 2417 2695 ὑπ’
2447 2645 2607 2697 αὑτοῦ
2631 2661 2643 2674 ·
2679 2645 2766 2697 ὅτε
2791 2645 2845 2697 δὲ
2879 2645 3222 2715 ἐπεδήμησεν
3256 2648 3282 2698 ὁ
3303 2646 3516 2717 Statim,
3545 2647 3673 2699 τότε
3703 2649 3734 2716 ἡ
3769 2650 3906 2698 πᾶσα

2329 2733 2594 2800 φαντασία
2622 2733 2784 2785 αὑτοῦ
2809 2734 3194 2805 ὲδειγματίσθη
3219 2751 3229 2762 ³
3255 2735 3290 2788 ἃ
3325 2737 3431 2806 γὰρ
3460 2739 3720 2804 ἠγνοεῖτο
3750 2737 3907 2789 πάλαι

2328 2822 2513 2887 ποιῶν,
2549 2824 2717 2878 ταῦτα
2742 2829 2806 2895 τῇ
2843 2827 3024 2896 χάριτι
3061 2825 3154 2878 τοῦ
3184 2827 3420 2896 Χριστοῦ
3444 2827 3908 2894 γινώσκεται,κα“ι

2326 2915 2383 2967 ἐν
2412 2910 2491 2978 οἷς
2522 2915 2704 2983 ἠπάτα
2729 2915 2892 2968 πάλαι
2917 2917 3040 2978 τοὺς
3077 2915 3416 2987 ἀνθρώπους,
3449 2919 3508 2970 ὲν
3558 2918 3777 2982 τούτοις
3825 2918 3907 2970 ὑπ’

651 3013 774 3067 dem
788 3013 898 3082 jam
917 3012 985 3066 ab
1004 3011 1313 3066 hominibus
1337 3010 1646 3077 proteritur.
1671 3008 1827 3063 Fides
1847 3008 2044 3078 quippe
2068 3007 2216 3061 omni

2325 3008 2499 3061 αὐτῶν
2521 3011 2933 3062 καταπατεῖται.
2955 3009 3140 3080 Πάσης
3159 3009 3266 3080 γάρ
3285 3009 3597 3082 διαδολικῆς
3613 3011 3906 3073 ἐπιθέσεως

651 3103 922 3157 diabolico
943 3104 1167 3171 impetu,
1207 3109 1263 3154 et
1298 3101 1605 3154 daemonum
1648 3098 1832 3154 furore
1885 3095 2078 3154 {artior
2111 3107 2215 3153 est.

2328 3101 2420 3153 καὶ
2449 3100 2641 3169 μανίας
2661 3100 2925 3171 δαιμόνων
2954 3102 3278 3172 ἰσχυροτέρα
3303 3103 3336 3172 ἡ
3371 3102 3574 3166 πίστις.

1065 3463 1529 3526 ADMONITIO
1585 3462 1664 3522 IN
1723 3460 2220 3521 FRAGMENTA
2269 3457 2864 3531 SUBSEQUENTIA
2937 3460 3016 3522 IN
3073 3460 3228 3523 CAN

724 3796 1087 3865 Expositiones
1121 3792 1403 3846 Athanasii
1441 3793 1497 3844 in
1523 3790 1811 3845 Canticum
1834 3795 2157 3846 canticorum
2203 3809 2250 3844 rn

2324 3802 2456 3845 rorat
2498 3791 2719 3845 Photius
2742 3793 2822 3846 Itis
2862 3794 3076 3848 verbis:
3112 3793 3409 3864 Πεποίηται
3449 3793 3508 3848 δὲ
3547 3796 3725 3867 αὐτῷ,
3758 3799 3900 3867 φησὶ,

655 3890 746 3944 καὶ
774 3891 853 3950 εἰς
875 3887 964 3939 τὸν
1015 3884 1460 3955 Ἐκκλησιαστὴν,
1497 3885 1589 3937 καὶ
1616 3886 1695 3947 εἰς
1720 3883 1780 3937 τὸ
1807 3882 1996 3956 τᾼσμα
2025 3885 2132 3937 τῶν
2155 3886 2411 3956 ᾀσμάτων
2448 3886 2836 3957 ὑπομνήματα,
2857 3886 3046 3957 ὥσπερ
3068 3888 3162 3940 καὶ
3191 3889 3268 3948 είς
3291 3888 3382 3939 τὸν
3402 3888 3702 3960 Ψαλτῆρα,
3732 3893 3824 3944 καὶ
3854 3894 3903 3944 ὲν

652 3984 858 4059 ἑτέροις
889 3979 1122 4043 πολλοῖς.
1148 3980 1575 4042 Commentaria,
1612 3981 1805 4048 inquit,
1837 3981 2004 4035 edidit
2041 3982 2093 4034 in
2129 3980 2522 4046 Ecclesiasten,
2555 3983 2608 4035 in
2646 3981 2932 4036 Canticum
2963 3985 3322 4046 canticorum,
3353 3987 3824 4053 quemadmodum
3859 4000 3904 4042 et

655 4078 708 4128 in
735 4076 1056 4132 Psalterium
1091 4083 1144 4129 et
1173 4074 1228 4126 in
1258 4073 1364 4126 alia
1388 4073 1578 4126 multa.
1615 4075 1743 4125 liwc
1780 4088 1936 4139 porro
1967 4073 2263 4144 fragmenta
2292 4079 2548 4146 prodeunt
2590 4092 2653 4130 ea:
2676 4077 3086 4145 expositionibus
3137 4078 3192 4129 in
3221 4075 3440 4130 Cantica
3463 4079 3624 4132 editis
3648 4098 3681 4132 a
3705 4079 3903 4136 Joanne

654 4168 886 4222 Meursio
907 4183 1043 4220 anno
1071 4163 1228 4217 1617.

725 4260 791 4315 1η
822 4258 1056 4330 gregibus
1085 4257 1381 4310 amicarum
1411 4265 1623 4308 tuarum
1638 4256 1789 4326 quasi
1819 4255 2122 4312 errabunda
2151 4259 2217 4313 ⁸⁸.
2252 4264 2299 4322 1)

652 4344 744 4400 Ille
792 4345 873 4398 sic
915 4357 1034 4396 eam
1069 4341 1366 4410 alloquitur
1404 4338 1623 4394 :Nosce
1676 4340 1904 4410 teipsam
1960 4343 2134 4412 prius,
2159 4353 2219 4397 ut

653 4452 741 4490 me
766 4449 982 4504 quoque
1005 4446 1334 4502 cognoscere
1367 4432 1565 4500 possis.
1600 4429 1656 4484 Si
1682 4441 1731 4484 te
1761 4447 1922 4486 nosse
1951 4448 2060 4486 non
2084 4449 2217 4502 pos-

652 4529 729 4584 sis
758 4545 769 4580 :
803 4527 849 4582 si
878 4541 983 4579 non
1028 4525 1263 4588 noveris,
1295 4538 1469 4592 neque
1501 4523 1642 4577 scias
1675 4524 1929 4592 teipsam,
1955 4525 2217 4595 egredere

653 4631 710 4674 tu
737 4619 802 4674 ad
833 4618 1082 4672 calcanea
1111 4624 1164 4670 et
1206 4615 1454 4683 vestigia,
1481 4623 1536 4668 et
1581 4631 1740 4684 pasce
1785 4617 2026 4685 capellas
2070 4627 2214 4680 tuas,

651 4725 716 4764 ac
754 4707 966 4762 nutries
993 4714 1214 4775 peccata
1266 4706 1526 4758 virtutum
1568 4704 1708 4759 loco.
1751 4703 1816 4758 In
1861 4706 2217 4759 tabernaculis

651 4811 919 4871 pastorum
941 4799 1007 4865 ⁸⁸,
1043 4798 1096 4852 in
1138 4796 1594 4864 concupiscentiis
1633 4797 2074 4851 adversariarum
2124 4813 2223 4866 po-

654 4903 926 4958 testatum,
961 4907 1081 4960 quae
1107 4900 1158 4944 te
1186 4897 1438 4958 pascunt.

733 4982 1071 5044 Vocavieum,
1095 4997 1183 5032 nec
1202 4978 1465 5049 respondit
1489 4980 1634 5034 mihi.
1658 4977 1886 5049 Surgam
1915 4989 1963 5032 et
1986 4979 2217 5032 circuibo

649 5075 916 5129 civitatem
945 5073 1011 5124 ⁵⁸.

722 5166 1063 5220 Athanasius.
1094 5164 1286 5236 Legem
1315 5164 1484 5233 legam
1506 5206 1521 5229 ,
1557 5166 1849 5235 prophetas
1878 5166 2088 5238 legam;
2129 5166 2214 5218 in-

652 5258 927 5326 vestigabo
958 5257 1266 5327 Evangelia.
1314 5255 1435 5310 Hzec
1481 5265 1664 5310 autem
1711 5257 1785 5310 ait
1813 5259 1998 5312 divino
2029 5273 2214 5312 amore

657 5358 973 5418 compuncta
1009 5368 1021 5403 :
1070 5347 1136 5401 In
1170 5348 1300 5401 lecto
1352 5365 1462 5401 meo
1518 5349 1573 5401 in
1627 5350 1863 5403 noctibus
1893 5350 1957 5405 “.
1990 5349 2212 5405 Lectum

1292 5512 1336 5544 “
1380 5508 1539 5562 Rom.
1595 5526 1676 5568 tu.
1725 5513 1816 5566 εδ.
1920 5514 1933 5544 ⁸

1292 5622 1297 5636 .
1336 5598 1419 5637 ιιι.
1448 5581 1500 5637 1,
1539 5579 1593 5633 2.
1676 5582 1717 5611 ⁸¹
1746 5583 1874 5637 ibid.
1911 5584 1933 5637 1

1746 5599 1874 5637 IDIO.
1911 5599 1983 5639 ‘I.'

724 5511 768 5543 ⁸³
803 5510 950 5566 Psal.
985 5525 1107 5571 σιν,
1135 5513 1188 5567 2.

660 5581 698 5612 "
727 5582 855 5634 ibid.
901 5583 953 5636 7.
1061 5581 1106 5612 “
1139 5584 1297 5638 Cant.
1336 5598 1419 5646 tu,
1448 5581 1500 5641 1,
1539 5579 1593 5633 2.

1920 5514 1963 5546 ⁸³
1992 5513 2124 5567 Luc.
2161 5531 2213 5578 x,
2255 5517 2338 5571 18.

2409 4262 2533 4314 Ἐπ’
2567 4259 2809 4328 ἀγέλαις
2834 4260 3083 4327 ἑταίρων
3110 4276 3226 4314 σου
3255 4263 3335 4326 ὡς
3349 4263 3719 4332 ῥεμϐομένη.

2394 4350 2564 4412 Αὐτὸς
2591 4348 2724 4419 πρὸς
2755 4348 2926 4419 αὑτήν
2951 4364 2964 4377 ·
2989 4349 3161 4401 Γνῶθι
3189 4350 3417 4420 σεαυτὴν
3439 4352 3680 4420 πρῶτον,
3715 4358 3801 4409 ἵνα
3821 4375 3900 4408 και

2324 4444 2422 4513 ἐμὲ
2463 4442 2663 4510 γνῶναι
2714 4441 2965 4512 δυνηθῇς.
3012 4441 3137 4495 Ἐὰν
3169 4443 3242 4512 μὴ
3274 4442 3416 4512 γνῷς
3447 4445 3651 4515 ἑαυτήν
3674 4465 3688 4477 ·
3729 4451 3777 4500 εἰ
3813 4452 3900 4502 οὐκ

2324 4530 2493 4596 ἔγνως
2516 4545 2529 4558 ·
2561 4531 2606 4581 εἰ
2638 4528 2711 4599 μὴ
2731 4525 2873 4592 οἶδας
2899 4569 2913 4592 ,
2949 4529 3128 4596 ἔξελθε
3153 4530 3216 4581 σὺ
3240 4533 3295 4582 ὲν
3317 4532 3576 4601 πτέρναις
3612 4539 3740 4589 κατ’
3770 4540 3897 4609 ἴχνη,

2323 4622 2415 4675 καὶ
2453 4621 2705 4692 ποίμαινε
2743 4622 2840 4684 τὰς
2865 4623 3084 4693 ἐρίφους
3115 4639 3207 4675 σου
3229 4639 3242 4651 ·
3274 4625 3364 4676 καὶ
3388 4625 3595 4700 θρέψῃς
3630 4631 3897 4702 ἁμαρτίας

2327 4713 2447 4767 ἀντὶ
2477 4713 2704 4784 ἀρετῶν.
2747 4713 2868 4764 Ἐπὶ
2903 4713 3256 4782 σκηνώμασι
3302 4715 3419 4768 τῶν
3453 4720 3797 4786 ποιμένων·
3849 4724 3898 4773 ἐν

2326 4808 2444 4866 ταῖς
2474 4805 2788 4874 ἐπιθυμίαις
2807 4803 2915 4856 τῶν
2947 4805 3204 4858 ἐναντίων
3234 4806 3513 4875 δυνάμεων
3540 4809 3652 4860 τῶν
3683 4829 3896 4882 ποιμαι-

2326 4893 2520 4946 νόντων
2547 4911 2624 4946 σε.

2410 4985 2698 5039 Ἐκὰλεσα
2731 4987 2942 5046 αὐτὸν.
2982 4988 3079 5040 καί
3124 4990 3238 5056 οὐχ
3291 4988 3610 5054 ὑπήκουσέ
3647 4993 3727 5062 ('5)
3764 5013 3892 5064 μου.

2325 5075 2756 5145 Ἀναστήσομαι
2782 5078 2878 5131 καὶ
2916 5077 3206 5133 κυκλὼσω
3232 5081 3301 5132 ἐν
3324 5081 3396 5148 τῇ
3426 5085 3622 5136 πόλει.

2408 5167 2776 5220 Ἀθανασίου.
2817 5167 3226 5239 ’ᾼναγνώσομαι
3255 5171 3344 5223 τὸν
3377 5172 3559 5242 νόμον,
3590 5176 3880 5242 άναγνὼσο

2327 5275 2423 5328 μαι
2451 5260 2575 5322 τοὺς
2599 5260 2903 5330 προφήτας,
2936 5260 3212 5330 ὲρευνήσω
3236 5263 3304 5315 τὰ
3335 5264 3667 5332 Εὑαγγέλια.
3719 5267 3894 5321 Ταῦτα

2319 5351 2375 5404 δὲ
2405 5354 2765 5419 κατανυγεῖσα
2785 5351 2861 5421 τῷ
2883 5351 3010 5422 θείῳ
3035 5355 3181 5424 πόθῳ
3200 5356 3331 5425 φησί
3356 5373 3368 5385 ·
3405 5359 3532 5413 Ἐπὶ
3553 5362 3765 5426 κοίτην
3782 5379 3893 5429 μου

2439 5519 2484 5550 ³⁸
2536 5521 2554 5574 1
2585 5521 2712 5576 Cor.
2748 5537 2821 5584 vi,
2850 5523 2900 5576 5.
3000 5523 3043 5553 ε’
3071 5521 3174 5576 Job
3211 5539 3295 5577 xu
3321 5563 3335 5588 τ
3364 5524 3418 5582 4.
3495 5527 3538 5557 ⁸⁸
3567 5522 3728 5581 Cant.
3768 5541 3806 5594 t,
3837 5523 3889 5579 6.

729 5712 802 5780 (ὅ)
831 5712 904 5768 De
929 5714 1321 5786 signiﬁcatione
1357 5715 1508 5772 vocis
1537 5717 1795 5774 ὑπακούω
1811 5721 1923 5790 jam
1961 5724 2210 5792 superius
2225 5733 2405 5782 sctum
2435 5723 2538 5781 fuit
2563 5735 2616 5782 et
2645 5733 2834 5795 agetur
2868 5727 2921 5782 in
2955 5726 3295 5784 Onomastim
