  <div class='ocr_page' id='page_1' title='image "/cluster/home/n/w/nwhite01/storage/ocr_20150623/27/ien.35556001660521/686.png"; bbox 0 0 4036 6460; ppageno 0'>
   <div class='ocr_carea' id='block_1_1' title="bbox 201 402 337 455">
    <p class='ocr_par' dir='ltr' id='par_1_1' title="bbox 201 402 337 455">
     <span class='ocr_line' id='line_1_1' title="bbox 201 402 337 455; baseline 0 0"><span class='ocrx_word' id='word_1_1' title='bbox 201 404 219 455; x_wconf 76' lang='grc'><strong>1</strong></span> <span class='ocrx_word' id='word_1_2' title='bbox 235 402 337 455; x_wconf 63' lang='grc'><strong>549</strong></span> 
     </span>
    </p>
   </div>
   <div class='ocr_carea' id='block_1_2' title="bbox 1322 399 2207 455">
    <p class='ocr_par' dir='ltr' id='par_1_2' title="bbox 1322 399 2207 455">
     <span class='ocr_line' id='line_1_2' title="bbox 1322 399 2207 455; baseline 0 -1"><span class='ocrx_word' id='word_1_3' title='bbox 1322 401 1746 455; x_wconf 77' lang='lat' dir='ltr'><strong>FRAGMENTA</strong></span> <span class='ocrx_word' id='word_1_4' title='bbox 1791 401 1855 455; x_wconf 82' lang='lat' dir='ltr'><strong>IN</strong></span> <span class='ocrx_word' id='word_1_5' title='bbox 1889 399 2207 454; x_wconf 72' lang='lat' dir='ltr'><strong>CANTICA.</strong></span> 
     </span>
    </p>
   </div>
   <div class='ocr_carea' id='block_1_3' title="bbox 3317 405 3448 461">
    <p class='ocr_par' dir='ltr' id='par_1_3' title="bbox 3317 405 3448 461">
     <span class='ocr_line' id='line_1_3' title="bbox 3317 405 3448 461; baseline 0.023 -3"><span class='ocrx_word' id='word_1_6' title='bbox 3317 405 3336 458; x_wconf 80' lang='lat' dir='ltr'><strong>i</strong></span> <span class='ocrx_word' id='word_1_7' title='bbox 3351 407 3448 461; x_wconf 72' lang='lat'><strong>530</strong></span> 
     </span>
    </p>
   </div>
   <div class='ocr_carea' id='block_1_4' title="bbox 193 525 1777 596">
    <p class='ocr_par' dir='ltr' id='par_1_4' title="bbox 193 525 1770 596">
     <span class='ocr_line' id='line_1_4' title="bbox 193 525 1770 596; baseline 0.001 -18"><span class='ocrx_word' id='word_1_8' title='bbox 193 526 267 578; x_wconf 76' lang='grc' dir='ltr'><strong>ἐν</strong></span> <span class='ocrx_word' id='word_1_9' title='bbox 297 525 496 589; x_wconf 74' lang='grc' dir='ltr'><strong>νυξίν.</strong></span> <span class='ocrx_word' id='word_1_10' title='bbox 528 525 728 596; x_wconf 83' lang='grc' dir='ltr'>Κοίτην</span> <span class='ocrx_word' id='word_1_11' title='bbox 757 525 1009 596; x_wconf 75' lang='grc' dir='ltr'><strong>ὀνομάζει</strong></span> <span class='ocrx_word' id='word_1_12' title='bbox 1035 525 1129 596; x_wconf 76' lang='grc' dir='ltr'>τὴν</span> <span class='ocrx_word' id='word_1_13' title='bbox 1157 527 1490 596; x_wconf 70' lang='grc' dir='ltr'><strong>τελειοτέραν</strong></span> <span class='ocrx_word' id='word_1_14' title='bbox 1521 527 1612 579; x_wconf 89' lang='grc' dir='ltr'><strong>τοῦ</strong></span> <span class='ocrx_word' id='word_1_15' title='bbox 1642 529 1770 594; x_wconf 78' lang='grc' dir='ltr'>ἀγα-</span> 
     </span>
    </p>
   </div>
   <div class='ocr_carea' id='block_1_5' title="bbox 1881 525 3452 596">
    <p class='ocr_par' dir='ltr' id='par_1_5' title="bbox 1881 525 3452 595">
     <span class='ocr_line' id='line_1_5' title="bbox 1881 525 3452 595; baseline 0.001 -16"><span class='ocrx_word' id='word_1_16' title='bbox 1881 535 2031 579; x_wconf 81' lang='lat' dir='ltr'><strong>t&#39;ocat</strong></span> <span class='ocrx_word' id='word_1_17' title='bbox 2082 525 2460 595; x_wconf 77' lang='lat' dir='ltr'><strong>perfectiorem</strong></span> <span class='ocrx_word' id='word_1_18' title='bbox 2516 525 2643 578; x_wconf 91' lang='lat' dir='ltr'><strong>boni</strong></span> <span class='ocrx_word' id='word_1_19' title='bbox 2689 525 3194 594; x_wconf 69' lang='lat' dir='ltr'><strong>participationem;</strong></span> <span class='ocrx_word' id='word_1_20' title='bbox 3238 543 3452 581; x_wconf 71' lang='lat' dir='ltr'><strong>noeten;</strong></span> 
     </span>
    </p>
   </div>
   <div class='ocr_carea' id='block_1_6' title="bbox 197 617 1776 689">
    <p class='ocr_par' dir='ltr' id='par_1_6' title="bbox 197 617 1776 689">
     <span class='ocr_line' id='line_1_6' title="bbox 197 617 1776 689; baseline 0 -18"><span class='ocrx_word' id='word_1_21' title='bbox 197 617 292 671; x_wconf 85' lang='grc' dir='ltr'>Θοῦ</span> <span class='ocrx_word' id='word_1_22' title='bbox 328 619 636 688; x_wconf 79' lang='grc' dir='ltr'>μετουσίαν,</span> <span class='ocrx_word' id='word_1_23' title='bbox 669 620 762 672; x_wconf 74' lang='grc' dir='ltr'><strong>καὶ</strong></span> <span class='ocrx_word' id='word_1_24' title='bbox 791 619 1134 685; x_wconf 71' lang='grc' dir='ltr'>νύκταλέγει</span> <span class='ocrx_word' id='word_1_25' title='bbox 1174 619 1263 671; x_wconf 78' lang='grc' dir='ltr'>τὸν</span> <span class='ocrx_word' id='word_1_26' title='bbox 1305 620 1400 689; x_wconf 80' lang='grc' dir='ltr'>τῆς</span> <span class='ocrx_word' id='word_1_27' title='bbox 1431 619 1613 689; x_wconf 72' lang='grc' dir='ltr'>κοίτης</span> <span class='ocrx_word' id='word_1_28' title='bbox 1656 637 1776 671; x_wconf 83' lang='grc' dir='ltr'>και-</span> 
     </span>
    </p>
   </div>
   <div class='ocr_carea' id='block_1_7' title="bbox 198 709 1778 780">
    <p class='ocr_par' dir='ltr' id='par_1_7' title="bbox 198 709 1778 780">
     <span class='ocr_line' id='line_1_7' title="bbox 198 709 1778 780; baseline 0.001 -20"><span class='ocrx_word' id='word_1_29' title='bbox 198 710 314 778; x_wconf 80' lang='grc' dir='ltr'>ρόν.</span> <span class='ocrx_word' id='word_1_30' title='bbox 346 711 442 762; x_wconf 76' lang='grc' dir='ltr'><strong>Διά</strong></span> <span class='ocrx_word' id='word_1_31' title='bbox 474 710 528 762; x_wconf 75' lang='grc' dir='ltr'>δὲ</span> <span class='ocrx_word' id='word_1_32' title='bbox 555 709 648 762; x_wconf 84' lang='grc' dir='ltr'><strong>τοῦ</strong></span> <span class='ocrx_word' id='word_1_33' title='bbox 677 711 938 780; x_wconf 77' lang='grc' dir='ltr'>ὀνόματος</span> <span class='ocrx_word' id='word_1_34' title='bbox 970 711 1070 777; x_wconf 72' lang='grc' dir='ltr'>τῆς</span> <span class='ocrx_word' id='word_1_35' title='bbox 1105 709 1292 771; x_wconf 79' lang='grc' dir='ltr'>νυκτὸς</span> <span class='ocrx_word' id='word_1_36' title='bbox 1318 710 1646 762; x_wconf 74' lang='grc' dir='ltr'>ἐνδείκνυται</span> <span class='ocrx_word' id='word_1_37' title='bbox 1671 710 1778 762; x_wconf 79' lang='grc' dir='ltr'><strong>τῶν</strong></span> 
     </span>
    </p>
   </div>
   <div class='ocr_carea' id='block_1_8' title="bbox 195 801 1776 871">
    <p class='ocr_par' dir='ltr' id='par_1_8' title="bbox 195 801 1776 871">
     <span class='ocr_line' id='line_1_8' title="bbox 195 801 1776 871; baseline -0.001 -18"><span class='ocrx_word' id='word_1_38' title='bbox 195 801 443 871; x_wconf 80' lang='grc' dir='ltr'><strong>ἀοράτων</strong></span> <span class='ocrx_word' id='word_1_39' title='bbox 473 801 569 871; x_wconf 77' lang='grc' dir='ltr'><strong>τὴν</strong></span> <span class='ocrx_word' id='word_1_40' title='bbox 596 801 849 870; x_wconf 78' lang='grc' dir='ltr'>Θεωρίαν,</span> <span class='ocrx_word' id='word_1_41' title='bbox 887 801 1008 853; x_wconf 80' lang='grc' dir='ltr'>καθ’</span> <span class='ocrx_word' id='word_1_42' title='bbox 1039 801 1326 870; x_wconf 76' lang='grc' dir='ltr'>ὁμοιότητα</span> <span class='ocrx_word' id='word_1_43' title='bbox 1362 802 1657 864; x_wconf 81' lang='grc' dir='ltr'>Μωῦσέως,</span> <span class='ocrx_word' id='word_1_44' title='bbox 1684 801 1776 853; x_wconf 80' lang='grc' dir='ltr'><strong>τοῦ</strong></span> 
     </span>
    </p>
   </div>
   <div class='ocr_carea' id='block_1_9' title="bbox 196 885 1368 961">
    <p class='ocr_par' dir='ltr' id='par_1_9' title="bbox 196 885 1368 961">
     <span class='ocr_line' id='line_1_9' title="bbox 196 885 1368 961; baseline 0 -19"><span class='ocrx_word' id='word_1_45' title='bbox 196 892 255 943; x_wconf 81' lang='grc' dir='ltr'><strong>ἐν</strong></span> <span class='ocrx_word' id='word_1_46' title='bbox 284 892 360 959; x_wconf 81' lang='grc' dir='ltr'><strong>τῷ</strong></span> <span class='ocrx_word' id='word_1_47' title='bbox 388 892 570 961; x_wconf 68' lang='grc' dir='ltr'>γνόφῳ</span> <span class='ocrx_word' id='word_1_48' title='bbox 603 892 881 959; x_wconf 80' lang='grc' dir='ltr'>γεγονότος</span> <span class='ocrx_word' id='word_1_49' title='bbox 903 894 959 945; x_wconf 77' lang='grc' dir='ltr'>ὲν</span> <span class='ocrx_word' id='word_1_50' title='bbox 994 885 1036 957; x_wconf 81' lang='grc' dir='ltr'>ᾧ</span> <span class='ocrx_word' id='word_1_51' title='bbox 1064 888 1128 960; x_wconf 81' lang='grc' dir='ltr'>ἦν</span> <span class='ocrx_word' id='word_1_52' title='bbox 1156 895 1183 944; x_wconf 87' lang='lat'><strong>6</strong></span> <span class='ocrx_word' id='word_1_53' title='bbox 1217 891 1368 954; x_wconf 86' lang='grc' dir='ltr'>Θεός.</span> 
     </span>
    </p>
   </div>
   <div class='ocr_carea' id='block_1_10' title="bbox 826 977 1167 1035">
    <p class='ocr_par' dir='ltr' id='par_1_10' title="bbox 826 977 1167 1035">
     <span class='ocr_line' id='line_1_10' title="bbox 826 977 1167 1035; baseline 0 -1"><span class='ocrx_word' id='word_1_54' title='bbox 826 982 933 1035; x_wconf 82' lang='grc' dir='ltr'>Τοῦ</span> <span class='ocrx_word' id='word_1_55' title='bbox 959 977 1167 1034; x_wconf 81' lang='grc' dir='ltr'>αὑτοῦ.</span> 
     </span>
    </p>
   </div>
   <div class='ocr_carea' id='block_1_11' title="bbox 272 1071 1776 1144">
    <p class='ocr_par' dir='ltr' id='par_1_11' title="bbox 272 1071 1776 1144">
     <span class='ocr_line' id='line_1_11' title="bbox 272 1071 1776 1144; baseline 0.001 -20"><span class='ocrx_word' id='word_1_56' title='bbox 272 1074 346 1124; x_wconf 77' lang='grc' dir='ltr'><strong>Οὐ</strong></span> <span class='ocrx_word' id='word_1_57' title='bbox 373 1073 477 1144; x_wconf 75' lang='grc' dir='ltr'><strong>γάρ</strong></span> <span class='ocrx_word' id='word_1_58' title='bbox 507 1074 652 1142; x_wconf 81' lang='grc' dir='ltr'>ᾔδειν</span> <span class='ocrx_word' id='word_1_59' title='bbox 677 1074 759 1136; x_wconf 88' lang='grc' dir='ltr'><strong>τίς</strong></span> <span class='ocrx_word' id='word_1_60' title='bbox 792 1071 859 1144; x_wconf 77' lang='grc' dir='ltr'>ἦν</span> <span class='ocrx_word' id='word_1_61' title='bbox 885 1076 912 1126; x_wconf 97' lang='lat'><strong>6</strong></span> <span class='ocrx_word' id='word_1_62' title='bbox 945 1074 1158 1144; x_wconf 79' lang='grc' dir='ltr'><strong>τρώσας</strong></span> <span class='ocrx_word' id='word_1_63' title='bbox 1192 1090 1280 1142; x_wconf 88' lang='grc' dir='ltr'>με.</span> <span class='ocrx_word' id='word_1_64' title='bbox 1317 1072 1653 1139; x_wconf 85' lang='grc' dir='ltr'>Θεογνωσίαν</span> <span class='ocrx_word' id='word_1_65' title='bbox 1689 1090 1776 1141; x_wconf 81' lang='grc' dir='ltr'><strong>μοι</strong></span> 
     </span>
    </p>
   </div>
   <div class='ocr_carea' id='block_1_12' title="bbox 198 1161 1774 1234">
    <p class='ocr_par' dir='ltr' id='par_1_12' title="bbox 198 1161 1774 1234">
     <span class='ocr_line' id='line_1_12' title="bbox 198 1161 1774 1234; baseline -0.001 -19"><span class='ocrx_word' id='word_1_66' title='bbox 198 1165 518 1234; x_wconf 81' lang='grc' dir='ltr'>κοιμωμένῃ</span> <span class='ocrx_word' id='word_1_67' title='bbox 548 1165 858 1234; x_wconf 79' lang='grc' dir='ltr'>ἐνέσπειρεν</span> <span class='ocrx_word' id='word_1_68' title='bbox 884 1166 910 1215; x_wconf 88' lang='lat'><strong>6</strong></span> <span class='ocrx_word' id='word_1_69' title='bbox 942 1164 1131 1230; x_wconf 85' lang='grc' dir='ltr'>Λόγος.</span> <span class='ocrx_word' id='word_1_70' title='bbox 1171 1163 1393 1232; x_wconf 81' lang='grc' dir='ltr'><strong>Ταχέως</strong></span> <span class='ocrx_word' id='word_1_71' title='bbox 1423 1161 1774 1225; x_wconf 76' lang='grc' dir='ltr'>διαναστᾶσα,</span> 
     </span>
    </p>
   </div>
   <div class='ocr_carea' id='block_1_13' title="bbox 199 1253 1777 1325">
    <p class='ocr_par' dir='ltr' id='par_1_13' title="bbox 199 1253 1777 1325">
     <span class='ocr_line' id='line_1_13' title="bbox 199 1253 1777 1325; baseline 0 -19"><span class='ocrx_word' id='word_1_72' title='bbox 199 1255 350 1324; x_wconf 79' lang='grc' dir='ltr'><strong>ζητῶ</strong></span> <span class='ocrx_word' id='word_1_73' title='bbox 378 1255 468 1306; x_wconf 83' lang='grc' dir='ltr'><strong>τὸν</strong></span> <span class='ocrx_word' id='word_1_74' title='bbox 518 1254 822 1325; x_wconf 84' lang='grc' dir='ltr'>τρώσαντα,</span> <span class='ocrx_word' id='word_1_75' title='bbox 864 1255 955 1307; x_wconf 78' lang='grc' dir='ltr'><strong>καὶ</strong></span> <span class='ocrx_word' id='word_1_76' title='bbox 987 1254 1289 1325; x_wconf 82' lang='grc' dir='ltr'>παρακαλῷ</span> <span class='ocrx_word' id='word_1_77' title='bbox 1344 1253 1490 1322; x_wconf 76' lang='grc' dir='ltr'>αὑτῷ</span> <span class='ocrx_word' id='word_1_78' title='bbox 1549 1253 1777 1322; x_wconf 66' lang='grc' dir='ltr'>ὀφθῆναί</span> 
     </span>
    </p>
   </div>
   <div class='ocr_carea' id='block_1_14' title="bbox 201 1343 1703 1417">
    <p class='ocr_par' dir='ltr' id='par_1_14' title="bbox 201 1343 1703 1417">
     <span class='ocr_line' id='line_1_14' title="bbox 201 1343 1703 1417; baseline -0.002 -19"><span class='ocrx_word' id='word_1_79' title='bbox 201 1363 311 1416; x_wconf 83' lang='grc' dir='ltr'>μοι,</span> <span class='ocrx_word' id='word_1_80' title='bbox 347 1346 439 1398; x_wconf 73' lang='grc' dir='ltr'><strong>καὶ</strong></span> <span class='ocrx_word' id='word_1_81' title='bbox 470 1345 828 1417; x_wconf 78' lang='grc' dir='ltr'>περιέρχομαι</span> <span class='ocrx_word' id='word_1_82' title='bbox 864 1345 1102 1416; x_wconf 81' lang='grc' dir='ltr'>ζητοῦσα</span> <span class='ocrx_word' id='word_1_83' title='bbox 1132 1345 1221 1398; x_wconf 84' lang='grc' dir='ltr'>τὸν</span> <span class='ocrx_word' id='word_1_84' title='bbox 1248 1343 1558 1412; x_wconf 76' lang='grc' dir='ltr'>ἀδελφιδοῦν</span> <span class='ocrx_word' id='word_1_85' title='bbox 1585 1361 1703 1413; x_wconf 83' lang='grc' dir='ltr'>μου.</span> 
     </span>
    </p>
   </div>
   <div class='ocr_carea' id='block_1_15' title="bbox 272 1524 1778 1597">
    <p class='ocr_par' dir='ltr' id='par_1_15' title="bbox 272 1524 1778 1597">
     <span class='ocr_line' id='line_1_15' title="bbox 272 1524 1778 1597; baseline -0.001 -19"><span class='ocrx_word' id='word_1_86' title='bbox 272 1525 578 1589; x_wconf 74' lang='grc' dir='ltr'>Ἐξέλθετε</span> <span class='ocrx_word' id='word_1_87' title='bbox 632 1527 730 1579; x_wconf 76' lang='grc' dir='ltr'>καὶ</span> <span class='ocrx_word' id='word_1_88' title='bbox 773 1527 946 1590; x_wconf 79' lang='grc' dir='ltr'>ἴδετε,</span> <span class='ocrx_word' id='word_1_89' title='bbox 1007 1527 1323 1597; x_wconf 70' lang='grc' dir='ltr'>θυγατέρες</span> <span class='ocrx_word' id='word_1_90' title='bbox 1375 1525 1547 1589; x_wconf 75' lang='grc' dir='ltr'>Σιὼν,</span> <span class='ocrx_word' id='word_1_91' title='bbox 1583 1526 1650 1577; x_wconf 77' lang='grc' dir='ltr'>ἐν</span> <span class='ocrx_word' id='word_1_92' title='bbox 1701 1524 1778 1589; x_wconf 79' lang='grc' dir='ltr'>τῷ</span> 
     </span>
    </p>
   </div>
   <div class='ocr_carea' id='block_1_16' title="bbox 189 1609 781 1686">
    <p class='ocr_par' dir='ltr' id='par_1_16' title="bbox 189 1609 781 1686">
     <span class='ocr_line' id='line_1_16' title="bbox 189 1609 781 1686; baseline 0.005 -18"><span class='ocrx_word' id='word_1_93' title='bbox 189 1609 450 1677; x_wconf 76' lang='grc' dir='ltr'>,Βασιλεῖ</span> <span class='ocrx_word' id='word_1_94' title='bbox 474 1617 781 1686; x_wconf 38' lang='grc' dir='ltr'>Σαςνρῑομών.</span> 
     </span>
    </p>
   </div>
   <div class='ocr_carea' id='block_1_17' title="bbox 286 1705 1773 1780">
    <p class='ocr_par' dir='ltr' id='par_1_17' title="bbox 286 1705 1773 1780">
     <span class='ocr_line' id='line_1_17' title="bbox 286 1705 1773 1780; baseline -0.001 -22"><span class='ocrx_word' id='word_1_95' title='bbox 286 1708 567 1772; x_wconf 82' lang='grc' dir='ltr'>Ἰουδαίους</span> <span class='ocrx_word' id='word_1_96' title='bbox 600 1710 848 1780; x_wconf 78' lang='grc' dir='ltr'>ἐντρέπει</span> <span class='ocrx_word' id='word_1_97' title='bbox 881 1708 1132 1776; x_wconf 81' lang='grc' dir='ltr'>λέγουσα,</span> <span class='ocrx_word' id='word_1_98' title='bbox 1161 1707 1478 1771; x_wconf 70' lang='grc' dir='ltr'>Ἐξέλθετε,</span> <span class='ocrx_word' id='word_1_99' title='bbox 1506 1707 1623 1758; x_wconf 70' lang='grc' dir='ltr'>ἀντὶ</span> <span class='ocrx_word' id='word_1_100' title='bbox 1652 1705 1742 1756; x_wconf 89' lang='grc' dir='ltr'><strong>τοῦ</strong></span> <span class='ocrx_word' id='word_1_101' title='bbox 1761 1744 1773 1768; x_wconf 90' lang='grc'><strong>,</strong></span> 
     </span>
    </p>
   </div>
   <div class='ocr_carea' id='block_1_18' title="bbox 196 1799 1778 1872">
    <p class='ocr_par' dir='ltr' id='par_1_18' title="bbox 196 1799 1778 1872">
     <span class='ocr_line' id='line_1_18' title="bbox 196 1799 1778 1872; baseline 0 -22"><span class='ocrx_word' id='word_1_102' title='bbox 196 1799 346 1862; x_wconf 69' lang='lat' dir='ltr'><strong>&quot;Eoi;</strong></span> <span class='ocrx_word' id='word_1_103' title='bbox 377 1801 503 1852; x_wconf 87' lang='grc' dir='ltr'>πότε</span> <span class='ocrx_word' id='word_1_104' title='bbox 545 1805 609 1872; x_wconf 85' lang='grc' dir='ltr'>τῇ</span> <span class='ocrx_word' id='word_1_105' title='bbox 649 1805 776 1872; x_wconf 80' lang='grc' dir='ltr'>σκιᾷ</span> <span class='ocrx_word' id='word_1_106' title='bbox 809 1801 1232 1872; x_wconf 83' lang='grc' dir='ltr'>παρακάθησθε;</span> <span class='ocrx_word' id='word_1_107' title='bbox 1271 1801 1376 1853; x_wconf 73' lang='grc' dir='ltr'>ἰδοὺ</span> <span class='ocrx_word' id='word_1_108' title='bbox 1411 1800 1778 1870; x_wconf 69' lang='grc' dir='ltr'>γάρεξῚοὺδα</span> 
     </span>
    </p>
   </div>
   <div class='ocr_carea' id='block_1_19' title="bbox 197 1877 1852 1964">
    <p class='ocr_par' dir='ltr' id='par_1_19' title="bbox 197 1877 1852 1964">
     <span class='ocr_line' id='line_1_19' title="bbox 197 1877 1852 1964; baseline 0.002 -24"><span class='ocrx_word' id='word_1_109' title='bbox 197 1889 558 1943; x_wconf 81' lang='grc' dir='ltr'>ἀνατέταλκεν</span> <span class='ocrx_word' id='word_1_110' title='bbox 590 1895 616 1944; x_wconf 88' lang='lat'><strong>6</strong></span> <span class='ocrx_word' id='word_1_111' title='bbox 650 1893 869 1962; x_wconf 79' lang='grc' dir='ltr'>Κύριος,</span> <span class='ocrx_word' id='word_1_112' title='bbox 898 1894 1118 1964; x_wconf 84' lang='grc' dir='ltr'><strong>ἀγάπην</strong></span> <span class='ocrx_word' id='word_1_113' title='bbox 1163 1892 1269 1944; x_wconf 76' lang='grc' dir='ltr'><strong>ἀπὸ</strong></span> <span class='ocrx_word' id='word_1_114' title='bbox 1317 1892 1632 1962; x_wconf 81' lang='grc' dir='ltr'>Θυγατέρων</span> <span class='ocrx_word' id='word_1_115' title='bbox 1687 1892 1781 1943; x_wconf 88' lang='grc' dir='ltr'><strong>Ὶε-</strong></span> <span class='ocrx_word' id='word_1_116' title='bbox 1815 1877 1852 1929; x_wconf 74' lang='grc' dir='ltr'>Β</span> 
     </span>
    </p>
   </div>
   <div class='ocr_carea' id='block_1_20' title="bbox 197 1981 1782 2056">
    <p class='ocr_par' dir='ltr' id='par_1_20' title="bbox 197 1981 1782 2056">
     <span class='ocr_line' id='line_1_20' title="bbox 197 1981 1782 2056; baseline 0.002 -26"><span class='ocrx_word' id='word_1_117' title='bbox 197 1981 435 2049; x_wconf 81' lang='grc' dir='ltr'>ρουσαλή</span> <span class='ocrx_word' id='word_1_118' title='bbox 447 2001 504 2052; x_wconf 88' lang='grc' dir='ltr'>μ.</span> <span class='ocrx_word' id='word_1_119' title='bbox 542 1984 613 2034; x_wconf 81' lang='grc' dir='ltr'><strong>Τὸ</strong></span> <span class='ocrx_word' id='word_1_120' title='bbox 639 1985 854 2056; x_wconf 77' lang='grc' dir='ltr'>στερεὸν</span> <span class='ocrx_word' id='word_1_121' title='bbox 882 1985 992 2038; x_wconf 80' lang='grc' dir='ltr'>τῶν</span> <span class='ocrx_word' id='word_1_122' title='bbox 1014 1985 1288 2054; x_wconf 80' lang='grc' dir='ltr'>λογισμῶν</span> <span class='ocrx_word' id='word_1_123' title='bbox 1311 2025 1324 2046; x_wconf 96' lang='grc'><strong>,</strong></span> <span class='ocrx_word' id='word_1_124' title='bbox 1361 1984 1391 2051; x_wconf 80' lang='grc' dir='ltr'>ἣ</span> <span class='ocrx_word' id='word_1_125' title='bbox 1447 1985 1498 2035; x_wconf 81' lang='grc' dir='ltr'>οἱ</span> <span class='ocrx_word' id='word_1_126' title='bbox 1532 1982 1782 2051; x_wconf 79' lang='grc' dir='ltr'>ἐσωτέρω</span> 
     </span>
    </p>
   </div>
   <div class='ocr_carea' id='block_1_21' title="bbox 194 2070 1781 2147">
    <p class='ocr_par' dir='ltr' id='par_1_21' title="bbox 194 2070 1781 2147">
     <span class='ocr_line' id='line_1_21' title="bbox 194 2070 1781 2147; baseline 0.003 -26"><span class='ocrx_word' id='word_1_127' title='bbox 194 2070 332 2125; x_wconf 80' lang='grc' dir='ltr'>λίθοι</span> <span class='ocrx_word' id='word_1_128' title='bbox 361 2076 524 2143; x_wconf 79' lang='grc' dir='ltr'>άγιοι.</span> <span class='ocrx_word' id='word_1_129' title='bbox 573 2077 666 2129; x_wconf 79' lang='grc' dir='ltr'><em>Ἐν</em></span> <span class='ocrx_word' id='word_1_130' title='bbox 701 2077 781 2142; x_wconf 83' lang='grc' dir='ltr'>τῷ</span> <span class='ocrx_word' id='word_1_131' title='bbox 803 2077 1101 2145; x_wconf 61' lang='grc' dir='ltr'>στεφάνῳ,</span> <span class='ocrx_word' id='word_1_132' title='bbox 1143 2072 1190 2144; x_wconf 83' lang='grc' dir='ltr'>ᾦ</span> <span class='ocrx_word' id='word_1_133' title='bbox 1213 2075 1636 2147; x_wconf 69' lang='grc' dir='ltr'>ἐστεφάνωσεν</span> <span class='ocrx_word' id='word_1_134' title='bbox 1679 2077 1781 2126; x_wconf 79' lang='grc' dir='ltr'><strong>αὺ-</strong></span> 
     </span>
    </p>
   </div>
   <div class='ocr_carea' id='block_1_22' title="bbox 195 2165 1780 2240">
    <p class='ocr_par' dir='ltr' id='par_1_22' title="bbox 195 2165 1780 2240">
     <span class='ocr_line' id='line_1_22' title="bbox 195 2165 1780 2240; baseline 0.001 -24"><span class='ocrx_word' id='word_1_135' title='bbox 195 2165 307 2217; x_wconf 78' lang='grc' dir='ltr'><strong>τὸν</strong></span> <span class='ocrx_word' id='word_1_136' title='bbox 333 2168 367 2234; x_wconf 80' lang='grc' dir='ltr'><em>ἠ</em></span> <span class='ocrx_word' id='word_1_137' title='bbox 390 2167 588 2236; x_wconf 73' lang='grc' dir='ltr'>μήτηρ</span> <span class='ocrx_word' id='word_1_138' title='bbox 618 2171 822 2223; x_wconf 85' lang='grc' dir='ltr'>αὐτοῦ.</span> <span class='ocrx_word' id='word_1_139' title='bbox 865 2172 1132 2238; x_wconf 77' lang='grc' dir='ltr'>Ἔθηκας</span> <span class='ocrx_word' id='word_1_140' title='bbox 1159 2171 1289 2240; x_wconf 81' lang='grc' dir='ltr'>γὰρ,</span> <span class='ocrx_word' id='word_1_141' title='bbox 1333 2169 1485 2238; x_wconf 70' lang='grc' dir='ltr'>φησὶ,</span> <span class='ocrx_word' id='word_1_142' title='bbox 1527 2168 1625 2220; x_wconf 74' lang='grc' dir='ltr'><strong>ἐπὶ</strong></span> <span class='ocrx_word' id='word_1_143' title='bbox 1667 2167 1780 2236; x_wconf 81' lang='grc' dir='ltr'><strong>τὴν</strong></span> 
     </span>
    </p>
   </div>
   <div class='ocr_carea' id='block_1_23' title="bbox 193 2257 1585 2329">
    <p class='ocr_par' dir='ltr' id='par_1_23' title="bbox 193 2257 1585 2329">
     <span class='ocr_line' id='line_1_23' title="bbox 193 2257 1585 2329; baseline 0.003 -21"><span class='ocrx_word' id='word_1_144' title='bbox 193 2257 475 2324; x_wconf 58' lang='grc' dir='ltr'>κεφαλὴν</span> <span class='ocrx_word' id='word_1_145' title='bbox 505 2261 691 2313; x_wconf 78' lang='grc' dir='ltr'>αὑτοῦ</span> <span class='ocrx_word' id='word_1_146' title='bbox 731 2263 1034 2329; x_wconf 52' lang='grc' dir='ltr'>στέφανον</span> <span class='ocrx_word' id='word_1_147' title='bbox 1066 2263 1134 2315; x_wconf 78' lang='grc' dir='ltr'>ἐκ</span> <span class='ocrx_word' id='word_1_148' title='bbox 1169 2263 1340 2315; x_wconf 77' lang='grc' dir='ltr'>λίθου</span> <span class='ocrx_word' id='word_1_149' title='bbox 1371 2262 1585 2328; x_wconf 80' lang='grc' dir='ltr'>τιμίου.</span> 
     </span>
    </p>
   </div>
   <div class='ocr_carea' id='block_1_24' title="bbox 267 2347 1636 2419">
    <p class='ocr_par' dir='ltr' id='par_1_24' title="bbox 267 2347 1636 2419">
     <span class='ocr_line' id='line_1_24' title="bbox 267 2347 1636 2419; baseline 0.001 -20"><span class='ocrx_word' id='word_1_150' title='bbox 267 2347 586 2412; x_wconf 73' lang='grc' dir='ltr'>Καταϐήτω</span> <span class='ocrx_word' id='word_1_151' title='bbox 609 2350 926 2418; x_wconf 58' lang='grc' dir='ltr'>ἀδελφιδός</span> <span class='ocrx_word' id='word_1_152' title='bbox 953 2369 1070 2419; x_wconf 87' lang='grc' dir='ltr'>μου</span> <span class='ocrx_word' id='word_1_153' title='bbox 1093 2355 1178 2416; x_wconf 78' lang='grc' dir='ltr'>εἰς</span> <span class='ocrx_word' id='word_1_154' title='bbox 1201 2351 1399 2418; x_wconf 73' lang='grc' dir='ltr'>κῆπον</span> <span class='ocrx_word' id='word_1_155' title='bbox 1430 2350 1636 2402; x_wconf 67' lang='grc' dir='ltr'>αὐτοῦ.</span> 
     </span>
    </p>
   </div>
   <div class='ocr_carea' id='block_1_25' title="bbox 270 2436 1772 2511">
    <p class='ocr_par' dir='ltr' id='par_1_25' title="bbox 270 2436 1772 2511">
     <span class='ocr_line' id='line_1_25' title="bbox 270 2436 1772 2511; baseline 0.001 -23"><span class='ocrx_word' id='word_1_156' title='bbox 270 2436 507 2490; x_wconf 86' lang='grc' dir='ltr'>Πνεῦσόν</span> <span class='ocrx_word' id='word_1_157' title='bbox 543 2457 654 2508; x_wconf 87' lang='grc' dir='ltr'>μοι,</span> <span class='ocrx_word' id='word_1_158' title='bbox 680 2436 723 2493; x_wconf 77' lang='grc' dir='ltr'>ὦ</span> <span class='ocrx_word' id='word_1_159' title='bbox 747 2443 905 2510; x_wconf 85' lang='grc' dir='ltr'>Λόγε,</span> <span class='ocrx_word' id='word_1_160' title='bbox 939 2443 1031 2495; x_wconf 74' lang='grc' dir='ltr'><strong>καὶ</strong></span> <span class='ocrx_word' id='word_1_161' title='bbox 1059 2442 1267 2505; x_wconf 82' lang='grc' dir='ltr'>δίδαξὸν</span> <span class='ocrx_word' id='word_1_162' title='bbox 1299 2460 1364 2511; x_wconf 91' lang='grc' dir='ltr'><strong>με</strong></span> <span class='ocrx_word' id='word_1_163' title='bbox 1389 2442 1456 2492; x_wconf 75' lang='grc' dir='ltr'><strong>τά</strong></span> <span class='ocrx_word' id='word_1_164' title='bbox 1484 2441 1639 2506; x_wconf 76' lang='grc' dir='ltr'>λόγιά</span> <span class='ocrx_word' id='word_1_165' title='bbox 1661 2456 1772 2503; x_wconf 88' lang='grc' dir='ltr'>σου,</span> 
     </span>
    </p>
   </div>
   <div class='ocr_carea' id='block_1_26' title="bbox 194 2529 1775 2603">
    <p class='ocr_par' dir='ltr' id='par_1_26' title="bbox 194 2529 1775 2603">
     <span class='ocr_line' id='line_1_26' title="bbox 194 2529 1775 2603; baseline 0.001 -23"><span class='ocrx_word' id='word_1_166' title='bbox 194 2531 292 2580; x_wconf 74' lang='grc' dir='ltr'>καὶ</span> <span class='ocrx_word' id='word_1_167' title='bbox 323 2529 390 2582; x_wconf 80' lang='grc' dir='ltr'><strong>τὰ</strong></span> <span class='ocrx_word' id='word_1_168' title='bbox 422 2533 817 2603; x_wconf 86' lang='grc' dir='ltr'>προστάγματά</span> <span class='ocrx_word' id='word_1_169' title='bbox 851 2551 941 2585; x_wconf 90' lang='grc' dir='ltr'><strong>σου</strong></span> <span class='ocrx_word' id='word_1_170' title='bbox 978 2533 1328 2603; x_wconf 63' lang='grc' dir='ltr'>κατάγραψον</span> <span class='ocrx_word' id='word_1_171' title='bbox 1372 2533 1463 2582; x_wconf 69' lang='grc' dir='ltr'>ἐπὶ</span> <span class='ocrx_word' id='word_1_172' title='bbox 1489 2531 1550 2582; x_wconf 73' lang='grc' dir='ltr'>τὸ</span> <span class='ocrx_word' id='word_1_173' title='bbox 1580 2530 1775 2592; x_wconf 81' lang='grc' dir='ltr'>πλάτος</span> 
     </span>
    </p>
   </div>
   <div class='ocr_carea' id='block_1_27' title="bbox 191 2622 1772 2696">
    <p class='ocr_par' dir='ltr' id='par_1_27' title="bbox 191 2622 1772 2696">
     <span class='ocr_line' id='line_1_27' title="bbox 191 2622 1772 2696; baseline 0.001 -24"><span class='ocrx_word' id='word_1_174' title='bbox 191 2622 295 2688; x_wconf 84' lang='grc' dir='ltr'>τῆς</span> <span class='ocrx_word' id='word_1_175' title='bbox 347 2623 572 2692; x_wconf 84' lang='grc' dir='ltr'>καρδίας</span> <span class='ocrx_word' id='word_1_176' title='bbox 605 2642 727 2693; x_wconf 83' lang='grc' dir='ltr'>μου.</span> <span class='ocrx_word' id='word_1_177' title='bbox 776 2627 994 2696; x_wconf 83' lang='grc' dir='ltr'>Ἐτοίμη</span> <span class='ocrx_word' id='word_1_178' title='bbox 1024 2627 1224 2692; x_wconf 84' lang='grc' dir='ltr'>γέγονα</span> <span class='ocrx_word' id='word_1_179' title='bbox 1258 2624 1470 2676; x_wconf 82' lang='grc' dir='ltr'>λοιπόν·</span> <span class='ocrx_word' id='word_1_180' title='bbox 1519 2622 1772 2692; x_wconf 71' lang='grc' dir='ltr'>δύναμαι,</span> 
     </span>
    </p>
   </div>
   <div class='ocr_carea' id='block_1_28' title="bbox 190 2714 1776 2788">
    <p class='ocr_par' dir='ltr' id='par_1_28' title="bbox 190 2714 1776 2788">
     <span class='ocr_line' id='line_1_28' title="bbox 190 2714 1776 2788; baseline 0.001 -23"><span class='ocrx_word' id='word_1_181' title='bbox 190 2716 260 2783; x_wconf 82' lang='grc' dir='ltr'>τῇ</span> <span class='ocrx_word' id='word_1_182' title='bbox 287 2717 349 2784; x_wconf 72' lang='grc' dir='ltr'>σῇ</span> <span class='ocrx_word' id='word_1_183' title='bbox 381 2717 560 2785; x_wconf 80' lang='grc' dir='ltr'>χάριτι</span> <span class='ocrx_word' id='word_1_184' title='bbox 591 2717 947 2788; x_wconf 79' lang='grc' dir='ltr'>βοηθουμένη,</span> <span class='ocrx_word' id='word_1_185' title='bbox 975 2717 1069 2770; x_wconf 75' lang='grc' dir='ltr'>καὶ</span> <span class='ocrx_word' id='word_1_186' title='bbox 1108 2715 1491 2786; x_wconf 77' lang='grc' dir='ltr'>κυϐερνωμένη</span> <span class='ocrx_word' id='word_1_187' title='bbox 1520 2718 1584 2784; x_wconf 79' lang='grc' dir='ltr'>τῇ</span> <span class='ocrx_word' id='word_1_188' title='bbox 1614 2714 1776 2783; x_wconf 79' lang='grc' dir='ltr'>ἀορά-</span> 
     </span>
    </p>
   </div>
   <div class='ocr_carea' id='block_1_29' title="bbox 189 2807 1775 2880">
    <p class='ocr_par' dir='ltr' id='par_1_29' title="bbox 189 2807 1775 2880">
     <span class='ocr_line' id='line_1_29' title="bbox 189 2807 1775 2880; baseline 0.002 -26"><span class='ocrx_word' id='word_1_189' title='bbox 189 2821 273 2872; x_wconf 84' lang='grc' dir='ltr'>τῳ</span> <span class='ocrx_word' id='word_1_190' title='bbox 300 2822 390 2857; x_wconf 90' lang='grc' dir='ltr'><strong>σου</strong></span> <span class='ocrx_word' id='word_1_191' title='bbox 423 2808 514 2859; x_wconf 74' lang='grc' dir='ltr'><strong>καὶ</strong></span> <span class='ocrx_word' id='word_1_192' title='bbox 547 2809 934 2879; x_wconf 83' lang='grc' dir='ltr'>παντοδυνάμῳ</span> <span class='ocrx_word' id='word_1_193' title='bbox 975 2811 1155 2880; x_wconf 80' lang='grc' dir='ltr'>χειρὶ,</span> <span class='ocrx_word' id='word_1_194' title='bbox 1205 2810 1294 2860; x_wconf 74' lang='grc' dir='ltr'><strong>καὶ</strong></span> <span class='ocrx_word' id='word_1_195' title='bbox 1324 2808 1496 2876; x_wconf 89' lang='grc' dir='ltr'>λόγων</span> <span class='ocrx_word' id='word_1_196' title='bbox 1548 2807 1775 2860; x_wconf 85' lang='grc' dir='ltr'>ἀκοῦσαι</span> 
     </span>
    </p>
   </div>
   <div class='ocr_carea' id='block_1_30' title="bbox 192 2893 1398 2971">
    <p class='ocr_par' dir='ltr' id='par_1_30' title="bbox 192 2893 1398 2971">
     <span class='ocr_line' id='line_1_30' title="bbox 192 2893 1398 2971; baseline 0.007 -26"><span class='ocrx_word' id='word_1_197' title='bbox 192 2893 376 2961; x_wconf 86' lang='grc' dir='ltr'>θείων,</span> <span class='ocrx_word' id='word_1_198' title='bbox 414 2898 505 2951; x_wconf 69' lang='grc' dir='ltr'><strong>καὶ</strong></span> <span class='ocrx_word' id='word_1_199' title='bbox 532 2901 843 2971; x_wconf 85' lang='grc' dir='ltr'>μυστηρίων</span> <span class='ocrx_word' id='word_1_200' title='bbox 877 2900 1099 2971; x_wconf 84' lang='grc' dir='ltr'>μέτοχος</span> <span class='ocrx_word' id='word_1_201' title='bbox 1127 2899 1398 2968; x_wconf 75' lang='grc' dir='ltr'>γενέσθαι.</span> 
     </span>
    </p>
   </div>
   <div class='ocr_carea' id='block_1_31' title="bbox 1885 617 3453 686">
    <p class='ocr_par' dir='ltr' id='par_1_31' title="bbox 1885 617 3453 686">
     <span class='ocr_line' id='line_1_31' title="bbox 1885 617 3453 686; baseline 0.002 -16"><span class='ocrx_word' id='word_1_202' title='bbox 1885 634 2011 672; x_wconf 82' lang='lat' dir='ltr'><strong>vero</strong></span> <span class='ocrx_word' id='word_1_203' title='bbox 2063 618 2194 671; x_wconf 89' lang='lat' dir='ltr'><strong>dicit</strong></span> <span class='ocrx_word' id='word_1_204' title='bbox 2241 618 2360 671; x_wconf 79' lang='lat' dir='ltr'><strong>lecti</strong></span> <span class='ocrx_word' id='word_1_205' title='bbox 2405 630 2636 686; x_wconf 86' lang='lat' dir='ltr'><strong>tempus.</strong></span> <span class='ocrx_word' id='word_1_206' title='bbox 2683 617 2911 672; x_wconf 79' lang='lat' dir='ltr'><strong>Nomine</strong></span> <span class='ocrx_word' id='word_1_207' title='bbox 2949 636 3107 686; x_wconf 86' lang='lat' dir='ltr'><strong>porro</strong></span> <span class='ocrx_word' id='word_1_208' title='bbox 3153 620 3348 682; x_wconf 84' lang='lat' dir='ltr'><strong>noctis,</strong></span> <span class='ocrx_word' id='word_1_209' title='bbox 3381 622 3453 673; x_wconf 81' lang='lat' dir='ltr'><strong>in-</strong></span> 
     </span>
    </p>
   </div>
   <div class='ocr_carea' id='block_1_32' title="bbox 1882 710 3449 779">
    <p class='ocr_par' dir='ltr' id='par_1_32' title="bbox 1882 710 3449 779">
     <span class='ocr_line' id='line_1_32' title="bbox 1882 710 3449 779; baseline 0.001 -17"><span class='ocrx_word' id='word_1_210' title='bbox 1882 710 2027 762; x_wconf 90' lang='lat' dir='ltr'><strong>dicat</strong></span> <span class='ocrx_word' id='word_1_211' title='bbox 2077 710 2436 763; x_wconf 74' lang='lat' dir='ltr'><strong>invisibilium</strong></span> <span class='ocrx_word' id='word_1_212' title='bbox 2477 725 2656 762; x_wconf 85' lang='lat' dir='ltr'><strong>rerum</strong></span> <span class='ocrx_word' id='word_1_213' title='bbox 2707 711 3243 779; x_wconf 69' lang='lat' dir='ltr'><strong>contemplationem,</strong></span> <span class='ocrx_word' id='word_1_214' title='bbox 3287 711 3351 764; x_wconf 89' lang='lat' dir='ltr'><strong>ad</strong></span> <span class='ocrx_word' id='word_1_215' title='bbox 3380 713 3449 764; x_wconf 88' lang='lat' dir='ltr'><strong>si-</strong></span> 
     </span>
    </p>
   </div>
   <div class='ocr_carea' id='block_1_33' title="bbox 1887 803 3454 874">
    <p class='ocr_par' dir='ltr' id='par_1_33' title="bbox 1887 803 3454 874">
     <span class='ocr_line' id='line_1_33' title="bbox 1887 803 3454 874; baseline 0 -18"><span class='ocrx_word' id='word_1_216' title='bbox 1887 806 2246 858; x_wconf 88' lang='lat' dir='ltr'><strong>militudinem</strong></span> <span class='ocrx_word' id='word_1_217' title='bbox 2276 804 2499 874; x_wconf 78' lang='lat' dir='ltr'><strong>Moysis,</strong></span> <span class='ocrx_word' id='word_1_218' title='bbox 2519 803 2608 872; x_wconf 90' lang='lat' dir='ltr'><strong>qui</strong></span> <span class='ocrx_word' id='word_1_219' title='bbox 2641 804 2692 855; x_wconf 92' lang='lat' dir='ltr'><strong>in</strong></span> <span class='ocrx_word' id='word_1_220' title='bbox 2719 804 2948 872; x_wconf 78' lang='lat' dir='ltr'><strong>caligine</strong></span> <span class='ocrx_word' id='word_1_221' title='bbox 2982 804 3101 864; x_wconf 82' lang='lat' dir='ltr'><strong>fuit,</strong></span> <span class='ocrx_word' id='word_1_222' title='bbox 3133 805 3182 855; x_wconf 92' lang='lat' dir='ltr'><strong>in</strong></span> <span class='ocrx_word' id='word_1_223' title='bbox 3208 820 3311 873; x_wconf 88' lang='lat' dir='ltr'><strong>qua</strong></span> <span class='ocrx_word' id='word_1_224' title='bbox 3337 821 3454 858; x_wconf 78' lang='lat' dir='ltr'><strong>ver-</strong></span> 
     </span>
    </p>
   </div>
   <div class='ocr_carea' id='block_1_34' title="bbox 1885 896 2301 951">
    <p class='ocr_par' dir='ltr' id='par_1_34' title="bbox 1885 896 2301 951">
     <span class='ocr_line' id='line_1_34' title="bbox 1885 896 2301 951; baseline 0 -2"><span class='ocrx_word' id='word_1_225' title='bbox 1885 897 2106 950; x_wconf 82' lang='lat' dir='ltr'><strong>sabatur</strong></span> <span class='ocrx_word' id='word_1_226' title='bbox 2141 896 2301 951; x_wconf 87' lang='lat' dir='ltr'><strong>Deus.</strong></span> 
     </span>
    </p>
   </div>
   <div class='ocr_carea' id='block_1_35' title="bbox 2527 983 2804 1051">
    <p class='ocr_par' dir='ltr' id='par_1_35' title="bbox 2527 983 2804 1051">
     <span class='ocr_line' id='line_1_35' title="bbox 2527 983 2804 1051; baseline 0.014 -15"><span class='ocrx_word' id='word_1_227' title='bbox 2527 983 2804 1051; x_wconf 83' lang='lat' dir='ltr'><strong>Ejusdem.</strong></span> 
     </span>
    </p>
   </div>
   <div class='ocr_carea' id='block_1_36' title="bbox 1952 1076 3445 1145">
    <p class='ocr_par' dir='ltr' id='par_1_36' title="bbox 1952 1076 3445 1145">
     <span class='ocr_line' id='line_1_36' title="bbox 1952 1076 3445 1145; baseline 0.003 -17"><span class='ocrx_word' id='word_1_228' title='bbox 1952 1076 2270 1145; x_wconf 75' lang='lat' dir='ltr'><strong>lgnoraliaat</strong></span> <span class='ocrx_word' id='word_1_229' title='bbox 2321 1077 2466 1130; x_wconf 89' lang='lat' dir='ltr'><strong>enim</strong></span> <span class='ocrx_word' id='word_1_230' title='bbox 2498 1077 2622 1145; x_wconf 87' lang='lat' dir='ltr'><strong>quis</strong></span> <span class='ocrx_word' id='word_1_231' title='bbox 2669 1087 2814 1129; x_wconf 80' lang='lat' dir='ltr'><strong>esset</strong></span> <span class='ocrx_word' id='word_1_232' title='bbox 2839 1077 2934 1145; x_wconf 86' lang='lat' dir='ltr'><strong>qui</strong></span> <span class='ocrx_word' id='word_1_233' title='bbox 2966 1094 3051 1131; x_wconf 89' lang='lat' dir='ltr'><strong>tne</strong></span> <span class='ocrx_word' id='word_1_234' title='bbox 3088 1079 3445 1134; x_wconf 82' lang='lat' dir='ltr'><strong>vulnerasset.</strong></span> 
     </span>
    </p>
   </div>
   <div class='ocr_carea' id='block_1_37' title="bbox 1884 1167 3446 1236">
    <p class='ocr_par' dir='ltr' id='par_1_37' title="bbox 1884 1167 3446 1236">
     <span class='ocr_line' id='line_1_37' title="bbox 1884 1167 3446 1236; baseline 0.003 -17"><span class='ocrx_word' id='word_1_235' title='bbox 1884 1168 2013 1220; x_wconf 82' lang='lat' dir='ltr'><strong>Mihi</strong></span> <span class='ocrx_word' id='word_1_236' title='bbox 2043 1169 2388 1222; x_wconf 87' lang='lat' dir='ltr'><strong>decumbenti</strong></span> <span class='ocrx_word' id='word_1_237' title='bbox 2422 1167 2514 1222; x_wconf 88' lang='lat' dir='ltr'><strong>Dei</strong></span> <span class='ocrx_word' id='word_1_238' title='bbox 2547 1168 2910 1236; x_wconf 76' lang='lat' dir='ltr'><strong>cognitionem</strong></span> <span class='ocrx_word' id='word_1_239' title='bbox 2961 1170 3156 1223; x_wconf 75' lang='lat' dir='ltr'><strong>indidit</strong></span> <span class='ocrx_word' id='word_1_240' title='bbox 3187 1169 3446 1224; x_wconf 77' lang='lat' dir='ltr'><strong>Verbum.</strong></span> 
     </span>
    </p>
   </div>
   <div class='ocr_carea' id='block_1_38' title="bbox 1881 1263 3450 1331">
    <p class='ocr_par' dir='ltr' id='par_1_38' title="bbox 1881 1263 3450 1331">
     <span class='ocr_line' id='line_1_38' title="bbox 1881 1263 3450 1331; baseline 0.001 -16"><span class='ocrx_word' id='word_1_241' title='bbox 1881 1265 1956 1316; x_wconf 83' lang='lat' dir='ltr'><strong>Ac</strong></span> <span class='ocrx_word' id='word_1_242' title='bbox 1990 1264 2235 1330; x_wconf 90' lang='lat' dir='ltr'><strong>protinus</strong></span> <span class='ocrx_word' id='word_1_243' title='bbox 2267 1277 2494 1330; x_wconf 79' lang='lat' dir='ltr'><strong>surgens</strong></span> <span class='ocrx_word' id='word_1_244' title='bbox 2531 1276 2719 1330; x_wconf 66' lang='lat' dir='ltr'><strong>qumro</strong></span> <span class='ocrx_word' id='word_1_245' title='bbox 2743 1276 2864 1314; x_wconf 91' lang='lat' dir='ltr'><strong>eum</strong></span> <span class='ocrx_word' id='word_1_246' title='bbox 2897 1263 2987 1331; x_wconf 89' lang='lat' dir='ltr'><strong>qui</strong></span> <span class='ocrx_word' id='word_1_247' title='bbox 3021 1278 3105 1316; x_wconf 91' lang='lat' dir='ltr'><strong>me</strong></span> <span class='ocrx_word' id='word_1_248' title='bbox 3129 1265 3450 1326; x_wconf 64' lang='lat' dir='ltr'><strong>\‘ttlnerav‘t,</strong></span> 
     </span>
    </p>
   </div>
   <div class='ocr_carea' id='block_1_39' title="bbox 1881 1353 3452 1422">
    <p class='ocr_par' dir='ltr' id='par_1_39' title="bbox 1881 1353 3452 1422">
     <span class='ocr_line' id='line_1_39' title="bbox 1881 1353 3452 1422; baseline 0.002 -17"><span class='ocrx_word' id='word_1_249' title='bbox 1881 1368 2122 1422; x_wconf 77' lang='lat' dir='ltr'><strong>rogoque</strong></span> <span class='ocrx_word' id='word_1_250' title='bbox 2151 1354 2302 1405; x_wconf 89' lang='lat' dir='ltr'><strong>illum</strong></span> <span class='ocrx_word' id='word_1_251' title='bbox 2333 1363 2388 1406; x_wconf 94' lang='lat' dir='ltr'><strong>ut</strong></span> <span class='ocrx_word' id='word_1_252' title='bbox 2423 1368 2607 1405; x_wconf 88' lang='lat' dir='ltr'><strong>coram</strong></span> <span class='ocrx_word' id='word_1_253' title='bbox 2646 1368 2732 1406; x_wconf 90' lang='lat' dir='ltr'><strong>me</strong></span> <span class='ocrx_word' id='word_1_254' title='bbox 2765 1369 2823 1407; x_wconf 86' lang='lat' dir='ltr'><strong>se</strong></span> <span class='ocrx_word' id='word_1_255' title='bbox 2859 1353 3014 1407; x_wconf 82' lang='lat' dir='ltr'><strong>siSIat</strong></span> <span class='ocrx_word' id='word_1_256' title='bbox 3038 1396 3051 1419; x_wconf 92' lang='lat'><strong>,</strong></span> <span class='ocrx_word' id='word_1_257' title='bbox 3081 1370 3143 1408; x_wconf 90' lang='lat' dir='ltr'><strong>ac</strong></span> <span class='ocrx_word' id='word_1_258' title='bbox 3176 1355 3452 1408; x_wconf 81' lang='lat' dir='ltr'><strong>circumeo</strong></span> 
     </span>
    </p>
   </div>
   <div class='ocr_carea' id='block_1_40' title="bbox 1883 1447 2694 1514">
    <p class='ocr_par' dir='ltr' id='par_1_40' title="bbox 1883 1447 2694 1514">
     <span class='ocr_line' id='line_1_40' title="bbox 1883 1447 2694 1514; baseline 0.004 -16"><span class='ocrx_word' id='word_1_259' title='bbox 1883 1462 2130 1514; x_wconf 75' lang='lat' dir='ltr'><strong>qurerens</strong></span> <span class='ocrx_word' id='word_1_260' title='bbox 2162 1447 2458 1514; x_wconf 81' lang='lat' dir='ltr'><strong>patruelem</strong></span> <span class='ocrx_word' id='word_1_261' title='bbox 2491 1462 2694 1501; x_wconf 87' lang='lat' dir='ltr'><strong>meum.</strong></span> 
     </span>
    </p>
   </div>
   <div class='ocr_carea' id='block_1_41' title="bbox 1952 1534 3446 1606">
    <p class='ocr_par' dir='ltr' id='par_1_41' title="bbox 1952 1534 3446 1606">
     <span class='ocr_line' id='line_1_41' title="bbox 1952 1534 3446 1606; baseline 0.001 -20"><span class='ocrx_word' id='word_1_262' title='bbox 1952 1534 2279 1601; x_wconf 74' lang='lat' dir='ltr'><strong>Egredimiui</strong></span> <span class='ocrx_word' id='word_1_263' title='bbox 2307 1548 2354 1589; x_wconf 88' lang='lat' dir='ltr'><strong>et</strong></span> <span class='ocrx_word' id='word_1_264' title='bbox 2400 1537 2585 1600; x_wconf 83' lang='lat' dir='ltr'><strong>videte,</strong></span> <span class='ocrx_word' id='word_1_265' title='bbox 2615 1539 2742 1606; x_wconf 77' lang='lat' dir='ltr'><strong>filia:</strong></span> <span class='ocrx_word' id='word_1_266' title='bbox 2783 1535 2936 1600; x_wconf 88' lang='lat' dir='ltr'><strong>Sion,</strong></span> <span class='ocrx_word' id='word_1_267' title='bbox 2988 1554 3154 1606; x_wconf 79' lang='lat' dir='ltr'><strong>regem</strong></span> <span class='ocrx_word' id='word_1_268' title='bbox 3202 1537 3446 1592; x_wconf 79' lang='lat' dir='ltr'><strong>Salomo-</strong></span> 
     </span>
    </p>
   </div>
   <div class='ocr_carea' id='block_1_42' title="bbox 1881 1624 2076 1676">
    <p class='ocr_par' dir='ltr' id='par_1_42' title="bbox 1881 1624 2076 1676">
     <span class='ocr_line' id='line_1_42' title="bbox 1881 1624 2076 1676; baseline 0.01 -2"><span class='ocrx_word' id='word_1_269' title='bbox 1881 1639 1993 1674; x_wconf 87' lang='lat' dir='ltr'><strong>nem</strong></span> <span class='ocrx_word' id='word_1_270' title='bbox 2011 1624 2076 1676; x_wconf 62' lang='grc' dir='ltr'><strong>δ’.</strong></span> 
     </span>
    </p>
   </div>
   <div class='ocr_carea' id='block_1_43' title="bbox 1949 1712 3442 1786">
    <p class='ocr_par' dir='ltr' id='par_1_43' title="bbox 1949 1712 3442 1786">
     <span class='ocr_line' id='line_1_43' title="bbox 1949 1712 3442 1786; baseline 0.003 -20"><span class='ocrx_word' id='word_1_271' title='bbox 1949 1712 2162 1769; x_wconf 65' lang='lat' dir='ltr'><strong>Iudaeos</strong></span> <span class='ocrx_word' id='word_1_272' title='bbox 2195 1715 2399 1783; x_wconf 87' lang='lat' dir='ltr'><strong>pudore</strong></span> <span class='ocrx_word' id='word_1_273' title='bbox 2432 1716 2592 1769; x_wconf 87' lang='lat' dir='ltr'><strong>allicit</strong></span> <span class='ocrx_word' id='word_1_274' title='bbox 2631 1717 2860 1771; x_wconf 78' lang='lat' dir='ltr'><strong>dicendo</strong></span> <span class='ocrx_word' id='word_1_275' title='bbox 2899 1715 3246 1786; x_wconf 85' lang='lat' dir='ltr'><strong>Egredimini,</strong></span> <span class='ocrx_word' id='word_1_276' title='bbox 3280 1717 3442 1786; x_wconf 86' lang='lat' dir='ltr'><strong>quasi</strong></span> 
     </span>
    </p>
   </div>
   <div class='ocr_carea' id='block_1_44' title="bbox 1880 1802 3448 1873">
    <p class='ocr_par' dir='ltr' id='par_1_44' title="bbox 1880 1802 3448 1873">
     <span class='ocr_line' id='line_1_44' title="bbox 1880 1802 3448 1873; baseline 0.003 -18"><span class='ocrx_word' id='word_1_277' title='bbox 1880 1802 2083 1856; x_wconf 87' lang='lat' dir='ltr'><strong>diceret</strong></span> <span class='ocrx_word' id='word_1_278' title='bbox 2116 1819 2128 1853; x_wconf 89' lang='lat'><strong>:</strong></span> <span class='ocrx_word' id='word_1_279' title='bbox 2167 1804 2462 1873; x_wconf 85' lang='lat' dir='ltr'><strong>Quousque</strong></span> <span class='ocrx_word' id='word_1_280' title='bbox 2516 1804 2568 1857; x_wconf 90' lang='lat' dir='ltr'><strong>in</strong></span> <span class='ocrx_word' id='word_1_281' title='bbox 2620 1806 2810 1858; x_wconf 88' lang='lat' dir='ltr'><strong>umbra</strong></span> <span class='ocrx_word' id='word_1_282' title='bbox 2859 1806 3099 1860; x_wconf 70' lang='lat' dir='ltr'><strong>sedetis?</strong></span> <span class='ocrx_word' id='word_1_283' title='bbox 3137 1821 3262 1858; x_wconf 88' lang='lat' dir='ltr'><strong>cccc</strong></span> <span class='ocrx_word' id='word_1_284' title='bbox 3303 1807 3448 1860; x_wconf 90' lang='lat' dir='ltr'><strong>enim</strong></span> 
     </span>
    </p>
   </div>
   <div class='ocr_carea' id='block_1_45' title="bbox 1882 1891 3450 1959">
    <p class='ocr_par' dir='ltr' id='par_1_45' title="bbox 1882 1891 3450 1959">
     <span class='ocr_line' id='line_1_45' title="bbox 1882 1891 3450 1959; baseline 0.001 -13"><span class='ocrx_word' id='word_1_285' title='bbox 1882 1909 1947 1946; x_wconf 86' lang='lat' dir='ltr'><strong>ex</strong></span> <span class='ocrx_word' id='word_1_286' title='bbox 1979 1891 2117 1946; x_wconf 82' lang='lat' dir='ltr'><strong>Juda</strong></span> <span class='ocrx_word' id='word_1_287' title='bbox 2158 1892 2418 1949; x_wconf 91' lang='lat' dir='ltr'><strong>Dominus</strong></span> <span class='ocrx_word' id='word_1_288' title='bbox 2462 1902 2616 1948; x_wconf 85' lang='lat' dir='ltr'><strong>ortus</strong></span> <span class='ocrx_word' id='word_1_289' title='bbox 2658 1903 2759 1959; x_wconf 90' lang='lat' dir='ltr'><strong>est,</strong></span> <span class='ocrx_word' id='word_1_290' title='bbox 2796 1896 3117 1948; x_wconf 84' lang='lat' dir='ltr'><strong>cbaritatctn</strong></span> <span class='ocrx_word' id='word_1_291' title='bbox 3162 1911 3191 1949; x_wconf 88' lang='lat' dir='ltr'><strong>a</strong></span> <span class='ocrx_word' id='word_1_292' title='bbox 3237 1896 3450 1948; x_wconf 89' lang='lat' dir='ltr'><strong>ﬁliabus</strong></span> 
     </span>
    </p>
   </div>
   <div class='ocr_carea' id='block_1_46' title="bbox 1881 1983 3450 2053">
    <p class='ocr_par' dir='ltr' id='par_1_46' title="bbox 1881 1983 3450 2053">
     <span class='ocr_line' id='line_1_46' title="bbox 1881 1983 3450 2053; baseline -0.001 -14"><span class='ocrx_word' id='word_1_293' title='bbox 1881 1985 2205 2039; x_wconf 82' lang='lat' dir='ltr'><strong>Jerusalem.</strong></span> <span class='ocrx_word' id='word_1_294' title='bbox 2261 1983 2662 2053; x_wconf 73' lang='lat' dir='ltr'><strong>Cogitatiouum</strong></span> <span class='ocrx_word' id='word_1_295' title='bbox 2713 1986 2965 2049; x_wconf 88' lang='lat' dir='ltr'><strong>ﬁrmitas,</strong></span> <span class='ocrx_word' id='word_1_296' title='bbox 3023 1995 3112 2039; x_wconf 89' lang='lat' dir='ltr'><strong>aut</strong></span> <span class='ocrx_word' id='word_1_297' title='bbox 3166 1985 3450 2038; x_wconf 89' lang='lat' dir='ltr'><strong>interiores</strong></span> 
     </span>
    </p>
   </div>
   <div class='ocr_carea' id='block_1_47' title="bbox 1884 2073 3450 2145">
    <p class='ocr_par' dir='ltr' id='par_1_47' title="bbox 1884 2073 3450 2145">
     <span class='ocr_line' id='line_1_47' title="bbox 1884 2073 3450 2145; baseline -0.003 -15"><span class='ocrx_word' id='word_1_298' title='bbox 1884 2076 2054 2130; x_wconf 83' lang='lat' dir='ltr'><strong>sancti</strong></span> <span class='ocrx_word' id='word_1_299' title='bbox 2089 2075 2313 2145; x_wconf 81' lang='lat' dir='ltr'><strong>lapides.</strong></span> <span class='ocrx_word' id='word_1_300' title='bbox 2357 2073 2420 2127; x_wconf 85' lang='lat' dir='ltr'><strong>In</strong></span> <span class='ocrx_word' id='word_1_301' title='bbox 2457 2092 2649 2128; x_wconf 86' lang='lat' dir='ltr'><strong>corona</strong></span> <span class='ocrx_word' id='word_1_302' title='bbox 2683 2093 2786 2145; x_wconf 89' lang='lat' dir='ltr'><strong>qua</strong></span> <span class='ocrx_word' id='word_1_303' title='bbox 2831 2078 3096 2128; x_wconf 77' lang='lat' dir='ltr'><strong>coronavit</strong></span> <span class='ocrx_word' id='word_1_304' title='bbox 3137 2093 3253 2128; x_wconf 84' lang='lat' dir='ltr'><strong>eum</strong></span> <span class='ocrx_word' id='word_1_305' title='bbox 3283 2085 3450 2127; x_wconf 95' lang='lat' dir='ltr'><strong>mater</strong></span> 
     </span>
    </p>
   </div>
   <div class='ocr_carea' id='block_1_48' title="bbox 1883 2167 3449 2235">
    <p class='ocr_par' dir='ltr' id='par_1_48' title="bbox 1883 2167 3449 2235">
     <span class='ocr_line' id='line_1_48' title="bbox 1883 2167 3449 2235; baseline -0.001 -14"><span class='ocrx_word' id='word_1_306' title='bbox 1883 2186 1980 2222; x_wconf 84' lang='lat' dir='ltr'><strong>sua</strong></span> <span class='ocrx_word' id='word_1_307' title='bbox 2002 2167 2068 2219; x_wconf 78' lang='grc'><strong>⁸³.</strong></span> <span class='ocrx_word' id='word_1_308' title='bbox 2103 2167 2332 2219; x_wconf 76' lang='lat' dir='ltr'><strong>Posuisti</strong></span> <span class='ocrx_word' id='word_1_309' title='bbox 2365 2167 2531 2230; x_wconf 89' lang='lat' dir='ltr'><strong>enim,</strong></span> <span class='ocrx_word' id='word_1_310' title='bbox 2573 2167 2667 2229; x_wconf 86' lang='lat' dir='ltr'><strong>ait,</strong></span> <span class='ocrx_word' id='word_1_311' title='bbox 2706 2183 2862 2235; x_wconf 81' lang='lat' dir='ltr'><strong>super</strong></span> <span class='ocrx_word' id='word_1_312' title='bbox 2884 2177 3036 2234; x_wconf 89' lang='lat' dir='ltr'><strong>caput</strong></span> <span class='ocrx_word' id='word_1_313' title='bbox 3066 2167 3178 2234; x_wconf 83' lang='lat' dir='ltr'><strong>ejus</strong></span> <span class='ocrx_word' id='word_1_314' title='bbox 3203 2182 3449 2220; x_wconf 82' lang='lat' dir='ltr'><strong>coronam</strong></span> 
     </span>
    </p>
   </div>
   <div class='ocr_carea' id='block_1_49' title="bbox 1882 2258 2487 2325">
    <p class='ocr_par' dir='ltr' id='par_1_49' title="bbox 1882 2258 2487 2325">
     <span class='ocr_line' id='line_1_49' title="bbox 1882 2258 2487 2325; baseline 0 -14"><span class='ocrx_word' id='word_1_315' title='bbox 1882 2261 1945 2313; x_wconf 88' lang='lat' dir='ltr'><strong>de</strong></span> <span class='ocrx_word' id='word_1_316' title='bbox 1973 2259 2149 2325; x_wconf 80' lang='lat' dir='ltr'><strong>lapide</strong></span> <span class='ocrx_word' id='word_1_317' title='bbox 2171 2259 2396 2325; x_wconf 84' lang='lat' dir='ltr'><strong>pretioso</strong></span> <span class='ocrx_word' id='word_1_318' title='bbox 2418 2258 2487 2311; x_wconf 71' lang='lat'><strong>“.</strong></span> 
     </span>
    </p>
   </div>
   <div class='ocr_carea' id='block_1_50' title="bbox 1955 2350 3273 2418">
    <p class='ocr_par' dir='ltr' id='par_1_50' title="bbox 1955 2350 3273 2418">
     <span class='ocr_line' id='line_1_50' title="bbox 1955 2350 3273 2418; baseline -0.001 -15"><span class='ocrx_word' id='word_1_319' title='bbox 1955 2351 2243 2404; x_wconf 87' lang='lat' dir='ltr'><strong>Descendat</strong></span> <span class='ocrx_word' id='word_1_320' title='bbox 2275 2350 2527 2418; x_wconf 64' lang='lat' dir='ltr'><strong>patruelis</strong></span> <span class='ocrx_word' id='word_1_321' title='bbox 2552 2367 2692 2403; x_wconf 85' lang='lat' dir='ltr'><strong>meus</strong></span> <span class='ocrx_word' id='word_1_322' title='bbox 2730 2352 2780 2402; x_wconf 87' lang='lat' dir='ltr'><strong>in</strong></span> <span class='ocrx_word' id='word_1_323' title='bbox 2807 2351 3013 2402; x_wconf 84' lang='lat' dir='ltr'><strong>hortum</strong></span> <span class='ocrx_word' id='word_1_324' title='bbox 3039 2367 3189 2402; x_wconf 85' lang='lat' dir='ltr'><strong>suum</strong></span> <span class='ocrx_word' id='word_1_325' title='bbox 3210 2350 3273 2402; x_wconf 67' lang='grc'><strong>⁸⁵.</strong></span> 
     </span>
    </p>
   </div>
   <div class='ocr_carea' id='block_1_51' title="bbox 1954 2438 3448 2507">
    <p class='ocr_par' dir='ltr' id='par_1_51' title="bbox 1954 2438 3448 2507">
     <span class='ocr_line' id='line_1_51' title="bbox 1954 2438 3448 2507; baseline 0.001 -15"><span class='ocrx_word' id='word_1_326' title='bbox 1954 2440 2086 2492; x_wconf 83' lang='lat' dir='ltr'><strong>Allia</strong></span> <span class='ocrx_word' id='word_1_327' title='bbox 2120 2456 2225 2503; x_wconf 88' lang='lat' dir='ltr'><strong>me,</strong></span> <span class='ocrx_word' id='word_1_328' title='bbox 2259 2455 2290 2493; x_wconf 91' lang='grc' dir='ltr'><strong>ο</strong></span> <span class='ocrx_word' id='word_1_329' title='bbox 2334 2438 2586 2500; x_wconf 77' lang='lat' dir='ltr'><strong>Verbum,</strong></span> <span class='ocrx_word' id='word_1_330' title='bbox 2631 2451 2681 2493; x_wconf 90' lang='lat' dir='ltr'><strong>et</strong></span> <span class='ocrx_word' id='word_1_331' title='bbox 2708 2441 2839 2493; x_wconf 87' lang='lat' dir='ltr'><strong>doce</strong></span> <span class='ocrx_word' id='word_1_332' title='bbox 2871 2456 2953 2493; x_wconf 89' lang='lat' dir='ltr'><strong>me</strong></span> <span class='ocrx_word' id='word_1_333' title='bbox 2987 2442 3143 2507; x_wconf 86' lang='lat' dir='ltr'><strong>eloqu</strong></span> <span class='ocrx_word' id='word_1_334' title='bbox 3173 2456 3202 2493; x_wconf 93' lang='lat' dir='ltr'><strong>a</strong></span> <span class='ocrx_word' id='word_1_335' title='bbox 3232 2447 3345 2500; x_wconf 86' lang='lat' dir='ltr'><strong>tua,</strong></span> <span class='ocrx_word' id='word_1_336' title='bbox 3386 2457 3448 2494; x_wconf 87' lang='lat' dir='ltr'><strong>ac</strong></span> 
     </span>
    </p>
   </div>
   <div class='ocr_carea' id='block_1_52' title="bbox 1884 2529 3450 2599">
    <p class='ocr_par' dir='ltr' id='par_1_52' title="bbox 1884 2529 3450 2599">
     <span class='ocr_line' id='line_1_52' title="bbox 1884 2529 3450 2599; baseline 0.001 -17"><span class='ocrx_word' id='word_1_337' title='bbox 1884 2541 2149 2599; x_wconf 81' lang='lat' dir='ltr'><strong>praecepta</strong></span> <span class='ocrx_word' id='word_1_338' title='bbox 2192 2539 2281 2584; x_wconf 89' lang='lat' dir='ltr'><strong>tua</strong></span> <span class='ocrx_word' id='word_1_339' title='bbox 2322 2531 2606 2585; x_wconf 79' lang='lat' dir='ltr'><strong>conscribo</strong></span> <span class='ocrx_word' id='word_1_340' title='bbox 2650 2533 2702 2584; x_wconf 93' lang='lat' dir='ltr'><strong>in</strong></span> <span class='ocrx_word' id='word_1_341' title='bbox 2741 2533 2923 2584; x_wconf 80' lang='lat' dir='ltr'><strong>tabula</strong></span> <span class='ocrx_word' id='word_1_342' title='bbox 2971 2533 3150 2584; x_wconf 81' lang='lat' dir='ltr'><strong>cordis</strong></span> <span class='ocrx_word' id='word_1_343' title='bbox 3196 2531 3319 2583; x_wconf 91' lang='lat' dir='ltr'><strong>mei.</strong></span> <span class='ocrx_word' id='word_1_344' title='bbox 3348 2529 3450 2584; x_wconf 86' lang='lat' dir='ltr'><strong>Pa-</strong></span> 
     </span>
    </p>
   </div>
   <div class='ocr_carea' id='block_1_53' title="bbox 1883 2623 3447 2692">
    <p class='ocr_par' dir='ltr' id='par_1_53' title="bbox 1883 2623 3447 2692">
     <span class='ocr_line' id='line_1_53' title="bbox 1883 2623 3447 2692; baseline 0.001 -18"><span class='ocrx_word' id='word_1_345' title='bbox 1883 2630 1997 2674; x_wconf 87' lang='lat' dir='ltr'><strong>rata</strong></span> <span class='ocrx_word' id='word_1_346' title='bbox 2027 2623 2137 2690; x_wconf 85' lang='lat' dir='ltr'><strong>jam</strong></span> <span class='ocrx_word' id='word_1_347' title='bbox 2187 2638 2306 2675; x_wconf 89' lang='lat' dir='ltr'><strong>sum</strong></span> <span class='ocrx_word' id='word_1_348' title='bbox 2345 2642 2355 2675; x_wconf 94' lang='lat'><strong>:</strong></span> <span class='ocrx_word' id='word_1_349' title='bbox 2388 2637 2631 2691; x_wconf 88' lang='lat' dir='ltr'><strong>possum,</strong></span> <span class='ocrx_word' id='word_1_350' title='bbox 2671 2633 2759 2677; x_wconf 89' lang='lat' dir='ltr'><strong>tua</strong></span> <span class='ocrx_word' id='word_1_351' title='bbox 2797 2623 3092 2676; x_wconf 73' lang='lat' dir='ltr'><strong>auxiliante</strong></span> <span class='ocrx_word' id='word_1_352' title='bbox 3121 2625 3315 2692; x_wconf 67' lang='lat' dir='ltr'><strong>gratia,</strong></span> <span class='ocrx_word' id='word_1_353' title='bbox 3357 2631 3447 2676; x_wconf 82' lang='lat' dir='ltr'><strong>tua</strong></span> 
     </span>
    </p>
   </div>
   <div class='ocr_carea' id='block_1_54' title="bbox 1885 2714 3451 2784">
    <p class='ocr_par' dir='ltr' id='par_1_54' title="bbox 1885 2714 3451 2784">
     <span class='ocr_line' id='line_1_54' title="bbox 1885 2714 3451 2784; baseline 0.001 -18"><span class='ocrx_word' id='word_1_354' title='bbox 1885 2714 2146 2767; x_wconf 74' lang='lat' dir='ltr'><strong>invisibili</strong></span> <span class='ocrx_word' id='word_1_355' title='bbox 2213 2722 2265 2767; x_wconf 88' lang='lat' dir='ltr'><strong>et</strong></span> <span class='ocrx_word' id='word_1_356' title='bbox 2333 2716 2700 2783; x_wconf 85' lang='lat' dir='ltr'><strong>omnipotente</strong></span> <span class='ocrx_word' id='word_1_357' title='bbox 2762 2717 3092 2784; x_wconf 82' lang='lat' dir='ltr'><strong>gubernante</strong></span> <span class='ocrx_word' id='word_1_358' title='bbox 3145 2731 3342 2779; x_wconf 88' lang='lat' dir='ltr'><strong>manu,</strong></span> <span class='ocrx_word' id='word_1_359' title='bbox 3396 2725 3451 2768; x_wconf 87' lang='lat' dir='ltr'><strong>ct</strong></span> 
     </span>
    </p>
   </div>
   <div class='ocr_carea' id='block_1_55' title="bbox 1883 2803 3451 2876">
    <p class='ocr_par' dir='ltr' id='par_1_55' title="bbox 1883 2803 3451 2876">
     <span class='ocr_line' id='line_1_55' title="bbox 1883 2803 3451 2876; baseline 0.002 -21"><span class='ocrx_word' id='word_1_360' title='bbox 1883 2803 2048 2857; x_wconf 86' lang='lat' dir='ltr'><strong>verba</strong></span> <span class='ocrx_word' id='word_1_361' title='bbox 2093 2804 2284 2858; x_wconf 87' lang='lat' dir='ltr'><strong>audire</strong></span> <span class='ocrx_word' id='word_1_362' title='bbox 2331 2805 2510 2858; x_wconf 82' lang='lat' dir='ltr'><strong>divina</strong></span> <span class='ocrx_word' id='word_1_363' title='bbox 2537 2847 2549 2871; x_wconf 88' lang='lat'><strong>,</strong></span> <span class='ocrx_word' id='word_1_364' title='bbox 2586 2816 2639 2860; x_wconf 90' lang='lat' dir='ltr'><strong>et</strong></span> <span class='ocrx_word' id='word_1_365' title='bbox 2690 2807 3078 2876; x_wconf 89' lang='lat' dir='ltr'><strong>mysteriorum</strong></span> <span class='ocrx_word' id='word_1_366' title='bbox 3123 2820 3242 2860; x_wconf 84' lang='lat' dir='ltr'><strong>esse</strong></span> <span class='ocrx_word' id='word_1_367' title='bbox 3287 2805 3451 2874; x_wconf 76' lang='lat' dir='ltr'><strong>perti-</strong></span> 
     </span>
    </p>
   </div>
   <div class='ocr_carea' id='block_1_56' title="bbox 1882 2911 2030 2965">
    <p class='ocr_par' dir='ltr' id='par_1_56' title="bbox 1882 2911 2030 2965">
     <span class='ocr_line' id='line_1_56' title="bbox 1882 2911 2030 2965; baseline -0.014 -15"><span class='ocrx_word' id='word_1_368' title='bbox 1882 2911 2030 2965; x_wconf 91' lang='lat' dir='ltr'><strong>ceps.</strong></span> 
     </span>
    </p>
   </div>
   <div class='ocr_carea' id='block_1_57' title="bbox 951 3245 2712 3311">
    <p class='ocr_par' dir='ltr' id='par_1_57' title="bbox 951 3245 2712 3311">
     <span class='ocr_line' id='line_1_57' title="bbox 951 3245 2712 3311; baseline 0.003 -7"><span class='ocrx_word' id='word_1_369' title='bbox 951 3245 1383 3308; x_wconf 72' lang='grc' dir='ltr'><strong>ΑΡΡΕΝΠῙΧ</strong></span> <span class='ocrx_word' id='word_1_370' title='bbox 1435 3247 1546 3306; x_wconf 87' lang='lat' dir='ltr'><em>AD</em></span> <span class='ocrx_word' id='word_1_371' title='bbox 1585 3245 2114 3310; x_wconf 85' lang='lat' dir='ltr'><strong>FRAGMENTA</strong></span> <span class='ocrx_word' id='word_1_372' title='bbox 2163 3246 2271 3310; x_wconf 70' lang='lat' dir='ltr'><strong>IN’</strong></span> <span class='ocrx_word' id='word_1_373' title='bbox 2325 3246 2712 3311; x_wconf 84' lang='lat' dir='ltr'><strong>CANTICA.</strong></span> 
     </span>
    </p>
   </div>
   <div class='ocr_carea' id='block_1_58' title="bbox 1591 3613 2077 3676">
    <p class='ocr_par' dir='ltr' id='par_1_58' title="bbox 1591 3613 2077 3676">
     <span class='ocr_line' id='line_1_58' title="bbox 1591 3613 2077 3676; baseline 0.006 -3"><span class='ocrx_word' id='word_1_374' title='bbox 1591 3613 2077 3676; x_wconf 81' lang='lat' dir='ltr'><strong>ADMONITIO.</strong></span> 
     </span>
    </p>
   </div>
   <div class='ocr_carea' id='block_1_59' title="bbox 266 3799 3446 3878">
    <p class='ocr_par' dir='ltr' id='par_1_59' title="bbox 266 3799 3446 3878">
     <span class='ocr_line' id='line_1_59' title="bbox 266 3799 3446 3878; baseline 0.001 -24"><span class='ocrx_word' id='word_1_375' title='bbox 266 3799 509 3878; x_wconf 84' lang='lat' dir='ltr'><strong>Homilia</strong></span> <span class='ocrx_word' id='word_1_376' title='bbox 530 3799 868 3869; x_wconf 82' lang='lat' dir='ltr'><strong>subsequens,</strong></span> <span class='ocrx_word' id='word_1_377' title='bbox 906 3801 1062 3854; x_wconf 79' lang='lat' dir='ltr'><strong>otiosi</strong></span> <span class='ocrx_word' id='word_1_378' title='bbox 1089 3811 1133 3853; x_wconf 90' lang='lat' dir='ltr'><strong>et</strong></span> <span class='ocrx_word' id='word_1_379' title='bbox 1159 3801 1389 3871; x_wconf 80' lang='lat' dir='ltr'><strong>imperiti</strong></span> <span class='ocrx_word' id='word_1_380' title='bbox 1416 3803 1642 3856; x_wconf 83' lang='lat' dir='ltr'><strong>hominis</strong></span> <span class='ocrx_word' id='word_1_381' title='bbox 1671 3804 2003 3869; x_wconf 78' lang='lat' dir='ltr'><strong>opusculum,</strong></span> <span class='ocrx_word' id='word_1_382' title='bbox 2028 3818 2090 3854; x_wconf 78' lang='lat' dir='ltr'><strong>rx</strong></span> <span class='ocrx_word' id='word_1_383' title='bbox 2114 3802 2290 3854; x_wconf 83' lang='lat' dir='ltr'><strong>codice</strong></span> <span class='ocrx_word' id='word_1_384' title='bbox 2316 3818 2412 3854; x_wconf 87' lang='lat' dir='ltr'><strong>ms.</strong></span> <span class='ocrx_word' id='word_1_385' title='bbox 2446 3801 2767 3854; x_wconf 77' lang='lat' dir='ltr'><strong>bibliothcctr</strong></span> <span class='ocrx_word' id='word_1_386' title='bbox 2791 3801 3154 3854; x_wconf 76' lang='lat' dir='ltr'><strong>Ambrosiam:</strong></span> <span class='ocrx_word' id='word_1_387' title='bbox 3187 3819 3330 3856; x_wconf 86' lang='lat' dir='ltr'><strong>num.</strong></span> <span class='ocrx_word' id='word_1_388' title='bbox 3359 3804 3446 3868; x_wconf 81' lang='grc'><strong>55,</strong></span> 
     </span>
    </p>
   </div>
   <div class='ocr_carea' id='block_1_60' title="bbox 187 3894 3449 3966">
    <p class='ocr_par' dir='ltr' id='par_1_60' title="bbox 187 3894 3449 3966">
     <span class='ocr_line' id='line_1_60' title="bbox 187 3894 3449 3966; baseline -0 -17"><span class='ocrx_word' id='word_1_389' title='bbox 187 3897 371 3966; x_wconf 67' lang='lat' dir='ltr'><strong>prodit</strong></span> <span class='ocrx_word' id='word_1_390' title='bbox 399 3913 414 3949; x_wconf 93' lang='lat'><strong><em>:</em></strong></span> <span class='ocrx_word' id='word_1_391' title='bbox 444 3913 502 3949; x_wconf 91' lang='lat' dir='ltr'><strong>eo</strong></span> <span class='ocrx_word' id='word_1_392' title='bbox 554 3909 806 3964; x_wconf 84' lang='lat' dir='ltr'><strong>tempore.</strong></span> <span class='ocrx_word' id='word_1_393' title='bbox 850 3905 906 3948; x_wconf 84' lang='lat' dir='ltr'><strong>ut</strong></span> <span class='ocrx_word' id='word_1_394' title='bbox 962 3899 1223 3951; x_wconf 56' lang='lat' dir='ltr'><strong>aistimare</strong></span> <span class='ocrx_word' id='word_1_395' title='bbox 1258 3897 1417 3962; x_wconf 83' lang='lat' dir='ltr'><strong>licet,</strong></span> <span class='ocrx_word' id='word_1_396' title='bbox 1466 3899 1659 3951; x_wconf 87' lang='lat' dir='ltr'><strong>editum</strong></span> <span class='ocrx_word' id='word_1_397' title='bbox 1685 3939 1697 3963; x_wconf 87' lang='lat'><strong>,</strong></span> <span class='ocrx_word' id='word_1_398' title='bbox 1753 3915 1854 3963; x_wconf 88' lang='lat' dir='ltr'><strong>quo</strong></span> <span class='ocrx_word' id='word_1_399' title='bbox 1888 3898 2170 3951; x_wconf 77' lang='lat' dir='ltr'><strong>Mane/uri</strong></span> <span class='ocrx_word' id='word_1_400' title='bbox 2199 3898 2252 3949; x_wconf 85' lang='lat' dir='ltr'><strong>in</strong></span> <span class='ocrx_word' id='word_1_401' title='bbox 2291 3895 2502 3949; x_wconf 86' lang='lat' dir='ltr'><strong>Oriente</strong></span> <span class='ocrx_word' id='word_1_402' title='bbox 2546 3895 2720 3947; x_wconf 79' lang='lat' dir='ltr'><strong>turbas</strong></span> <span class='ocrx_word' id='word_1_403' title='bbox 2756 3894 2972 3958; x_wconf 86' lang='lat' dir='ltr'><strong>dubaut,</strong></span> <span class='ocrx_word' id='word_1_404' title='bbox 2995 3896 3131 3965; x_wconf 87' lang='lat' dir='ltr'><strong>quod</strong></span> <span class='ocrx_word' id='word_1_405' title='bbox 3162 3899 3449 3964; x_wconf 69' lang='lat' dir='ltr'><strong>pra’sertim</strong></span> 
     </span>
    </p>
   </div>
   <div class='ocr_carea' id='block_1_61' title="bbox 189 3988 3448 4063">
    <p class='ocr_par' dir='ltr' id='par_1_61' title="bbox 189 3988 3448 4063">
     <span class='ocr_line' id='line_1_61' title="bbox 189 3988 3448 4063; baseline -0.002 -17"><span class='ocrx_word' id='word_1_406' title='bbox 189 4008 399 4055; x_wconf 85' lang='lat' dir='ltr'><strong>octavo,</strong></span> <span class='ocrx_word' id='word_1_407' title='bbox 446 4008 579 4044; x_wconf 85' lang='lat' dir='ltr'><strong>nono</strong></span> <span class='ocrx_word' id='word_1_408' title='bbox 617 4001 664 4044; x_wconf 90' lang='lat' dir='ltr'><strong>et</strong></span> <span class='ocrx_word' id='word_1_409' title='bbox 695 3993 894 4044; x_wconf 84' lang='lat' dir='ltr'><strong>decimo</strong></span> <span class='ocrx_word' id='word_1_410' title='bbox 937 3997 1129 4045; x_wconf 72' lang='lat' dir='ltr'><strong>sazculo</strong></span> <span class='ocrx_word' id='word_1_411' title='bbox 1173 3996 1388 4063; x_wconf 81' lang='lat' dir='ltr'><strong>contigit</strong></span> <span class='ocrx_word' id='word_1_412' title='bbox 1415 4011 1431 4046; x_wconf 93' lang='lat'><strong><em>:</em></strong></span> <span class='ocrx_word' id='word_1_413' title='bbox 1457 4011 1579 4046; x_wconf 85' lang='lat' dir='ltr'><strong>nam</strong></span> <span class='ocrx_word' id='word_1_414' title='bbox 1610 3996 1838 4061; x_wconf 89' lang='lat' dir='ltr'><strong>scriptor</strong></span> <span class='ocrx_word' id='word_1_415' title='bbox 1871 3995 1968 4046; x_wconf 87' lang='lat' dir='ltr'><strong>iste</strong></span> <span class='ocrx_word' id='word_1_416' title='bbox 2006 3993 2349 4053; x_wconf 69' lang='lat' dir='ltr'><strong>Manicha’os,</strong></span> <span class='ocrx_word' id='word_1_417' title='bbox 2378 4002 2432 4043; x_wconf 90' lang='lat' dir='ltr'><strong>ut</strong></span> <span class='ocrx_word' id='word_1_418' title='bbox 2462 4001 2582 4043; x_wconf 84' lang='lat' dir='ltr'><strong>tunc</strong></span> <span class='ocrx_word' id='word_1_419' title='bbox 2615 3991 2836 4058; x_wconf 79' lang='lat' dir='ltr'><strong>rigentes</strong></span> <span class='ocrx_word' id='word_1_420' title='bbox 2874 3999 3262 4042; x_wconf 87' lang='lat' dir='ltr'><strong>commemorat.</strong></span> <span class='ocrx_word' id='word_1_421' title='bbox 3293 3988 3448 4042; x_wconf 84' lang='lat' dir='ltr'><strong>Jero-</strong></span> 
     </span>
    </p>
   </div>
   <div class='ocr_carea' id='block_1_62' title="bbox 189 4083 3451 4158">
    <p class='ocr_par' dir='ltr' id='par_1_62' title="bbox 189 4083 3451 4158">
     <span class='ocr_line' id='line_1_62' title="bbox 189 4083 3451 4158; baseline -0.002 -14"><span class='ocrx_word' id='word_1_422' title='bbox 189 4089 453 4158; x_wconf 84' lang='lat' dir='ltr'><strong>solymam</strong></span> <span class='ocrx_word' id='word_1_423' title='bbox 477 4104 593 4140; x_wconf 71' lang='lat' dir='ltr'><strong>vero</strong></span> <span class='ocrx_word' id='word_1_424' title='bbox 621 4089 818 4139; x_wconf 85' lang='lat' dir='ltr'><strong>adiisse</strong></span> <span class='ocrx_word' id='word_1_425' title='bbox 854 4103 907 4137; x_wconf 89' lang='lat' dir='ltr'><strong>se</strong></span> <span class='ocrx_word' id='word_1_426' title='bbox 940 4087 1276 4154; x_wconf 85' lang='lat' dir='ltr'><strong>testiﬁcatur,</strong></span> <span class='ocrx_word' id='word_1_427' title='bbox 1308 4089 1396 4139; x_wconf 87' lang='lat' dir='ltr'><strong>ubi</strong></span> <span class='ocrx_word' id='word_1_428' title='bbox 1433 4088 1605 4141; x_wconf 88' lang='lat' dir='ltr'><strong>locum</strong></span> <span class='ocrx_word' id='word_1_429' title='bbox 1631 4088 1832 4142; x_wconf 88' lang='lat' dir='ltr'><strong>Christi</strong></span> <span class='ocrx_word' id='word_1_430' title='bbox 1875 4089 2156 4156; x_wconf 85' lang='lat' dir='ltr'><strong>suspendio</strong></span> <span class='ocrx_word' id='word_1_431' title='bbox 2183 4096 2542 4139; x_wconf 87' lang='lat' dir='ltr'><strong>consecratum</strong></span> <span class='ocrx_word' id='word_1_432' title='bbox 2574 4086 2641 4136; x_wconf 85' lang='lat' dir='ltr'><strong>ad</strong></span> <span class='ocrx_word' id='word_1_433' title='bbox 2665 4087 3061 4152; x_wconf 78' lang='lat' dir='ltr'><strong>septentrionem</strong></span> <span class='ocrx_word' id='word_1_434' title='bbox 3095 4083 3451 4154; x_wconf 82' lang='lat' dir='ltr'><strong>Jerosolymo-</strong></span> 
     </span>
    </p>
   </div>
   <div class='ocr_carea' id='block_1_63' title="bbox 190 4177 3448 4251">
    <p class='ocr_par' dir='ltr' id='par_1_63' title="bbox 190 4177 3448 4251">
     <span class='ocr_line' id='line_1_63' title="bbox 190 4177 3448 4251; baseline -0.002 -14"><span class='ocrx_word' id='word_1_435' title='bbox 190 4201 312 4238; x_wconf 70' lang='lat' dir='ltr'><strong>rum</strong></span> <span class='ocrx_word' id='word_1_436' title='bbox 349 4186 510 4236; x_wconf 85' lang='lat' dir='ltr'><strong>situm</strong></span> <span class='ocrx_word' id='word_1_437' title='bbox 538 4183 796 4251; x_wconf 79' lang='lat' dir='ltr'><strong>afﬁrmat.</strong></span> <span class='ocrx_word' id='word_1_438' title='bbox 829 4180 1003 4233; x_wconf 86' lang='lat' dir='ltr'><strong>Hasce</strong></span> <span class='ocrx_word' id='word_1_439' title='bbox 1033 4180 1213 4250; x_wconf 77' lang='lat' dir='ltr'><strong>quales</strong></span> <span class='ocrx_word' id='word_1_440' title='bbox 1237 4182 1416 4249; x_wconf 87' lang='lat' dir='ltr'><strong>quales</strong></span> <span class='ocrx_word' id='word_1_441' title='bbox 1463 4199 1651 4235; x_wconf 88' lang='lat' dir='ltr'><strong>merces</strong></span> <span class='ocrx_word' id='word_1_442' title='bbox 1685 4184 1819 4246; x_wconf 87' lang='lat' dir='ltr'><strong>tibi,</strong></span> <span class='ocrx_word' id='word_1_443' title='bbox 1849 4183 2014 4235; x_wconf 84' lang='lat' dir='ltr'><strong>lector</strong></span> <span class='ocrx_word' id='word_1_444' title='bbox 2057 4183 2260 4235; x_wconf 87' lang='lat' dir='ltr'><strong>erudite</strong></span> <span class='ocrx_word' id='word_1_445' title='bbox 2281 4224 2294 4246; x_wconf 91' lang='lat'><strong>,</strong></span> <span class='ocrx_word' id='word_1_446' title='bbox 2328 4181 2566 4234; x_wconf 85' lang='lat' dir='ltr'><strong>sistimus</strong></span> <span class='ocrx_word' id='word_1_447' title='bbox 2593 4195 2610 4230; x_wconf 93' lang='grc'><strong>.·</strong></span> <span class='ocrx_word' id='word_1_448' title='bbox 2647 4180 2791 4248; x_wconf 86' lang='lat' dir='ltr'><strong>quia,</strong></span> <span class='ocrx_word' id='word_1_449' title='bbox 2823 4180 2919 4231; x_wconf 89' lang='lat' dir='ltr'><strong>etsi</strong></span> <span class='ocrx_word' id='word_1_450' title='bbox 2956 4177 3327 4246; x_wconf 69' lang='lat' dir='ltr'><strong>supposititia&#39;,</strong></span> <span class='ocrx_word' id='word_1_451' title='bbox 3352 4194 3448 4230; x_wconf 89' lang='lat' dir='ltr'><strong>suo</strong></span> 
     </span>
    </p>
   </div>
   <div class='ocr_carea' id='block_1_64' title="bbox 189 4275 2065 4348">
    <p class='ocr_par' dir='ltr' id='par_1_64' title="bbox 189 4275 2065 4348">
     <span class='ocr_line' id='line_1_64' title="bbox 189 4275 2065 4348; baseline 0.002 -17"><span class='ocrx_word' id='word_1_452' title='bbox 189 4280 375 4348; x_wconf 81' lang='lat' dir='ltr'><strong>fructu</strong></span> <span class='ocrx_word' id='word_1_453' title='bbox 406 4296 506 4330; x_wconf 87' lang='lat' dir='ltr'><strong>non</strong></span> <span class='ocrx_word' id='word_1_454' title='bbox 536 4287 746 4342; x_wconf 77' lang='lat' dir='ltr'><strong>vacant,</strong></span> <span class='ocrx_word' id='word_1_455' title='bbox 775 4285 831 4328; x_wconf 90' lang='lat' dir='ltr'><strong>ut</strong></span> <span class='ocrx_word' id='word_1_456' title='bbox 867 4275 1107 4344; x_wconf 84' lang='lat' dir='ltr'><strong>pluribus</strong></span> <span class='ocrx_word' id='word_1_457' title='bbox 1133 4285 1210 4327; x_wconf 87' lang='lat' dir='ltr'><strong>est</strong></span> <span class='ocrx_word' id='word_1_458' title='bbox 1237 4293 1268 4327; x_wconf 91' lang='lat' dir='ltr'><strong>a</strong></span> <span class='ocrx_word' id='word_1_459' title='bbox 1310 4275 1456 4328; x_wconf 90' lang='lat' dir='ltr'><strong>nobis</strong></span> <span class='ocrx_word' id='word_1_460' title='bbox 1482 4277 1618 4330; x_wconf 88' lang='lat' dir='ltr'><strong>alias</strong></span> <span class='ocrx_word' id='word_1_461' title='bbox 1642 4279 2065 4348; x_wconf 72' lang='lat' dir='ltr'><strong>comprobatum.</strong></span> 
     </span>
    </p>
   </div>
   <div class='ocr_carea' id='block_1_65' title="bbox 235 4437 1777 4517">
    <p class='ocr_par' dir='ltr' id='par_1_65' title="bbox 235 4439 1738 4517">
     <span class='ocr_line' id='line_1_65' title="bbox 235 4439 1738 4517; baseline -0.003 -19"><span class='ocrx_word' id='word_1_462' title='bbox 235 4441 348 4498; x_wconf 82' lang='grc' dir='ltr'>Τοῦ</span> <span class='ocrx_word' id='word_1_463' title='bbox 377 4441 562 4517; x_wconf 56' lang='lat' dir='ltr'><strong>abeat?</strong></span> <span class='ocrx_word' id='word_1_464' title='bbox 591 4440 942 4517; x_wconf 65' lang='grc' dir='ltr'>Ἀθαναοέου</span> <span class='ocrx_word' id='word_1_465' title='bbox 967 4441 1439 4517; x_wconf 57' lang='grc' dir='ltr'>ἀρχιεὶτισξιόπου</span> <span class='ocrx_word' id='word_1_466' title='bbox 1462 4439 1738 4505; x_wconf 81' lang='grc' dir='ltr'>Ἀλεξαν-</span> 
     </span>
    </p>
   </div>
   <div class='ocr_carea' id='block_1_66' title="bbox 1881 4437 3446 4517">
    <p class='ocr_par' dir='ltr' id='par_1_66' title="bbox 1881 4437 3446 4517">
     <span class='ocr_line' id='line_1_66' title="bbox 1881 4437 3446 4517; baseline -0.002 -21"><span class='ocrx_word' id='word_1_467' title='bbox 1881 4443 2126 4513; x_wconf 84' lang='lat' dir='ltr'><strong>Ejusdem</strong></span> <span class='ocrx_word' id='word_1_468' title='bbox 2161 4440 2216 4494; x_wconf 91' lang='lat' dir='ltr'><strong>S.</strong></span> <span class='ocrx_word' id='word_1_469' title='bbox 2264 4440 2540 4517; x_wconf 67' lang='lat' dir='ltr'><strong>Athanasii</strong></span> <span class='ocrx_word' id='word_1_470' title='bbox 2575 4439 2952 4517; x_wconf 77' lang='lat' dir='ltr'><strong>archiepiscopi</strong></span> <span class='ocrx_word' id='word_1_471' title='bbox 3008 4437 3341 4492; x_wconf 72' lang='lat' dir='ltr'><strong>Alexandria:</strong></span> <span class='ocrx_word' id='word_1_472' title='bbox 3391 4442 3446 4493; x_wconf 80' lang='lat' dir='ltr'><strong>in</strong></span> 
     </span>
    </p>
   </div>
   <div class='ocr_carea' id='block_1_67' title="bbox 425 4505 1534 4578">
    <p class='ocr_par' dir='ltr' id='par_1_67' title="bbox 425 4505 1534 4578">
     <span class='ocr_line' id='line_1_67' title="bbox 425 4505 1534 4578; baseline -0.002 -13"><span class='ocrx_word' id='word_1_473' title='bbox 425 4511 623 4578; x_wconf 83' lang='grc' dir='ltr'>δρειάς</span> <span class='ocrx_word' id='word_1_474' title='bbox 649 4512 736 4574; x_wconf 86' lang='grc' dir='ltr'>εἰς</span> <span class='ocrx_word' id='word_1_475' title='bbox 761 4509 824 4561; x_wconf 82' lang='grc' dir='ltr'>τὸ</span> <span class='ocrx_word' id='word_1_476' title='bbox 851 4505 1195 4577; x_wconf 17' lang='grc' dir='ltr'>τᾼσέὶιιήτῶν</span> <span class='ocrx_word' id='word_1_477' title='bbox 1230 4509 1534 4578; x_wconf 71' lang='grc' dir='ltr'>ᾀσμάτων.</span> 
     </span>
    </p>
   </div>
   <div class='ocr_carea' id='block_1_68' title="bbox 264 4619 1770 4691">
    <p class='ocr_par' dir='ltr' id='par_1_68' title="bbox 264 4619 1770 4691">
     <span class='ocr_line' id='line_1_68' title="bbox 264 4619 1770 4691; baseline -0.003 -15"><span class='ocrx_word' id='word_1_478' title='bbox 264 4623 319 4677; x_wconf 72' lang='grc'><strong>1.</strong></span> <span class='ocrx_word' id='word_1_479' title='bbox 361 4622 591 4691; x_wconf 67' lang='grc' dir='ltr'>Ποθητοὶ</span> <span class='ocrx_word' id='word_1_480' title='bbox 638 4622 685 4673; x_wconf 88' lang='grc' dir='ltr'>οἱ</span> <span class='ocrx_word' id='word_1_481' title='bbox 730 4619 875 4687; x_wconf 81' lang='grc' dir='ltr'>λόγοι</span> <span class='ocrx_word' id='word_1_482' title='bbox 924 4620 1015 4670; x_wconf 72' lang='grc' dir='ltr'><strong>καὶ</strong></span> <span class='ocrx_word' id='word_1_483' title='bbox 1050 4619 1324 4688; x_wconf 80' lang='grc' dir='ltr'>ἐράσμιοι,</span> <span class='ocrx_word' id='word_1_484' title='bbox 1362 4619 1455 4671; x_wconf 74' lang='grc' dir='ltr'><strong>καὶ</strong></span> <span class='ocrx_word' id='word_1_485' title='bbox 1499 4621 1579 4681; x_wconf 77' lang='grc' dir='ltr'>εἰς</span> <span class='ocrx_word' id='word_1_486' title='bbox 1606 4621 1770 4691; x_wconf 78' lang='grc' dir='ltr'>οὐρα-</span> 
     </span>
    </p>
   </div>
   <div class='ocr_carea' id='block_1_69' title="bbox 187 4709 1767 4781">
    <p class='ocr_par' dir='ltr' id='par_1_69' title="bbox 187 4709 1767 4781">
     <span class='ocr_line' id='line_1_69' title="bbox 187 4709 1767 4781; baseline -0.005 -11"><span class='ocrx_word' id='word_1_487' title='bbox 187 4718 320 4779; x_wconf 79' lang='grc' dir='ltr'>νοὺς</span> <span class='ocrx_word' id='word_1_488' title='bbox 366 4714 677 4781; x_wconf 79' lang='grc' dir='ltr'>ἀνάγοντες,</span> <span class='ocrx_word' id='word_1_489' title='bbox 728 4713 823 4764; x_wconf 68' lang='grc' dir='ltr'><strong>καὶ</strong></span> <span class='ocrx_word' id='word_1_490' title='bbox 871 4709 1317 4780; x_wconf 76' lang='grc' dir='ltr'>πτεροποιοῦντες</span> <span class='ocrx_word' id='word_1_491' title='bbox 1355 4710 1478 4770; x_wconf 73' lang='grc' dir='ltr'>τοὺς</span> <span class='ocrx_word' id='word_1_492' title='bbox 1524 4711 1767 4772; x_wconf 77' lang='grc' dir='ltr'>πιστούς.</span> 
     </span>
    </p>
   </div>
   <div class='ocr_carea' id='block_1_70' title="bbox 187 4797 1772 4876">
    <p class='ocr_par' dir='ltr' id='par_1_70' title="bbox 187 4797 1772 4876">
     <span class='ocr_line' id='line_1_70' title="bbox 187 4797 1772 4876; baseline -0.009 -15"><span class='ocrx_word' id='word_1_493' title='bbox 187 4803 586 4876; x_wconf 79' lang='grc' dir='ltr'>Πτεροποιοῦσι</span> <span class='ocrx_word' id='word_1_494' title='bbox 621 4801 726 4871; x_wconf 80' lang='grc' dir='ltr'>γὰρ</span> <span class='ocrx_word' id='word_1_495' title='bbox 755 4798 970 4870; x_wconf 80' lang='grc' dir='ltr'>ἀληθῶς</span> <span class='ocrx_word' id='word_1_496' title='bbox 1008 4799 1065 4850; x_wconf 78' lang='grc' dir='ltr'>αἱ</span> <span class='ocrx_word' id='word_1_497' title='bbox 1099 4797 1236 4850; x_wconf 80' lang='grc' dir='ltr'>Οεῖαι</span> <span class='ocrx_word' id='word_1_498' title='bbox 1269 4797 1481 4867; x_wconf 64' lang='grc' dir='ltr'>Γραφαδ.</span> <span class='ocrx_word' id='word_1_499' title='bbox 1523 4797 1646 4858; x_wconf 75' lang='grc' dir='ltr'>τοὺς</span> <span class='ocrx_word' id='word_1_500' title='bbox 1685 4815 1772 4848; x_wconf 85' lang='grc' dir='ltr'>πι-</span> 
     </span>
    </p>
   </div>
   <div class='ocr_carea' id='block_1_71' title="bbox 191 4885 1771 4963">
    <p class='ocr_par' dir='ltr' id='par_1_71' title="bbox 191 4885 1771 4963">
     <span class='ocr_line' id='line_1_71' title="bbox 191 4885 1771 4963; baseline -0.006 -15"><span class='ocrx_word' id='word_1_501' title='bbox 191 4898 356 4957; x_wconf 75' lang='grc' dir='ltr'>στοὺς</span> <span class='ocrx_word' id='word_1_502' title='bbox 388 4893 464 4963; x_wconf 81' lang='grc' dir='ltr'>τῷ</span> <span class='ocrx_word' id='word_1_503' title='bbox 497 4892 644 4962; x_wconf 76' lang='grc' dir='ltr'><strong>πόθῳ</strong></span> <span class='ocrx_word' id='word_1_504' title='bbox 673 4889 780 4942; x_wconf 86' lang='grc' dir='ltr'><strong>τῶν</strong></span> <span class='ocrx_word' id='word_1_505' title='bbox 810 4888 1090 4958; x_wconf 76' lang='grc' dir='ltr'>οὐρανίων.</span> <span class='ocrx_word' id='word_1_506' title='bbox 1123 4887 1320 4938; x_wconf 82' lang='grc' dir='ltr'>Τοῦτον</span> <span class='ocrx_word' id='word_1_507' title='bbox 1355 4887 1462 4959; x_wconf 80' lang='grc' dir='ltr'><strong>γάρ</strong></span> <span class='ocrx_word' id='word_1_508' title='bbox 1495 4887 1583 4939; x_wconf 81' lang='grc' dir='ltr'><strong>τὸν</strong></span> <span class='ocrx_word' id='word_1_509' title='bbox 1610 4885 1771 4938; x_wconf 84' lang='grc' dir='ltr'>πόθον</span> 
     </span>
    </p>
   </div>
   <div class='ocr_carea' id='block_1_72' title="bbox 189 4977 1771 5057">
    <p class='ocr_par' dir='ltr' id='par_1_72' title="bbox 189 4977 1771 5057">
     <span class='ocr_line' id='line_1_72' title="bbox 189 4977 1771 5057; baseline 0 -26"><span class='ocrx_word' id='word_1_510' title='bbox 189 4989 335 5057; x_wconf 73' lang='grc' dir='ltr'>ἔχων</span> <span class='ocrx_word' id='word_1_511' title='bbox 369 4979 448 5047; x_wconf 75' lang='grc' dir='ltr'>εἷς</span> <span class='ocrx_word' id='word_1_512' title='bbox 471 5001 554 5045; x_wconf 88' lang='grc' dir='ltr'><strong>τις</strong></span> <span class='ocrx_word' id='word_1_513' title='bbox 579 4983 684 5035; x_wconf 82' lang='grc' dir='ltr'>τῶν</span> <span class='ocrx_word' id='word_1_514' title='bbox 712 4980 882 5048; x_wconf 85' lang='grc' dir='ltr'>ἁγίων</span> <span class='ocrx_word' id='word_1_515' title='bbox 922 4979 1074 5046; x_wconf 74' lang='grc' dir='ltr'>ἔλεγε</span> <span class='ocrx_word' id='word_1_516' title='bbox 1096 4997 1108 5008; x_wconf 89' lang='grc'>·</span> <span class='ocrx_word' id='word_1_517' title='bbox 1153 4980 1248 5043; x_wconf 81' lang='grc' dir='ltr'>Τίς</span> <span class='ocrx_word' id='word_1_518' title='bbox 1273 4977 1391 5046; x_wconf 80' lang='grc' dir='ltr'>δῴη</span> <span class='ocrx_word' id='word_1_519' title='bbox 1426 4996 1525 5047; x_wconf 81' lang='grc' dir='ltr'><strong>μοι</strong></span> <span class='ocrx_word' id='word_1_520' title='bbox 1559 4977 1771 5044; x_wconf 76' lang='grc' dir='ltr'>πτέρυ-</span> 
     </span>
    </p>
   </div>
   <div class='ocr_carea' id='block_1_73' title="bbox 190 5070 1772 5148">
    <p class='ocr_par' dir='ltr' id='par_1_73' title="bbox 190 5070 1772 5148">
     <span class='ocr_line' id='line_1_73' title="bbox 190 5070 1772 5148; baseline -0.008 -18"><span class='ocrx_word' id='word_1_521' title='bbox 190 5097 304 5148; x_wconf 62' lang='grc' dir='ltr'>γας</span> <span class='ocrx_word' id='word_1_522' title='bbox 329 5077 468 5130; x_wconf 75' lang='grc' dir='ltr'><strong>ὡσεὶ</strong></span> <span class='ocrx_word' id='word_1_523' title='bbox 506 5070 880 5140; x_wconf 78' lang='grc' dir='ltr'>περιστερᾶς,</span> <span class='ocrx_word' id='word_1_524' title='bbox 909 5071 1006 5123; x_wconf 75' lang='grc' dir='ltr'>καὶ</span> <span class='ocrx_word' id='word_1_525' title='bbox 1037 5071 1511 5137; x_wconf 75' lang='grc' dir='ltr'>πετασθήσομαι,</span> <span class='ocrx_word' id='word_1_526' title='bbox 1538 5070 1634 5121; x_wconf 80' lang='grc' dir='ltr'>καὶ</span> <span class='ocrx_word' id='word_1_527' title='bbox 1667 5085 1772 5122; x_wconf 76' lang='grc' dir='ltr'>κτι-</span> 
     </span>
    </p>
   </div>
   <div class='ocr_carea' id='block_1_74' title="bbox 188 5159 1772 5233">
    <p class='ocr_par' dir='ltr' id='par_1_74' title="bbox 188 5159 1772 5233">
     <span class='ocr_line' id='line_1_74' title="bbox 188 5159 1772 5233; baseline -0.006 -10"><span class='ocrx_word' id='word_1_528' title='bbox 188 5169 513 5229; x_wconf 79' lang='grc' dir='ltr'>ταπαύσω;</span> <span class='ocrx_word' id='word_1_529' title='bbox 561 5167 617 5217; x_wconf 88' lang='grc'><strong>’0</strong></span> <span class='ocrx_word' id='word_1_530' title='bbox 654 5164 816 5227; x_wconf 85' lang='grc' dir='ltr'>πόθος</span> <span class='ocrx_word' id='word_1_531' title='bbox 849 5164 954 5217; x_wconf 83' lang='grc' dir='ltr'><strong>τῶν</strong></span> <span class='ocrx_word' id='word_1_532' title='bbox 984 5163 1248 5233; x_wconf 74' lang='grc' dir='ltr'>οὐρανίων</span> <span class='ocrx_word' id='word_1_533' title='bbox 1285 5162 1445 5214; x_wconf 74' lang='grc' dir='ltr'>αὑτὸν</span> <span class='ocrx_word' id='word_1_534' title='bbox 1477 5159 1649 5224; x_wconf 74' lang='grc' dir='ltr'>εἷλκε,</span> <span class='ocrx_word' id='word_1_535' title='bbox 1681 5162 1772 5213; x_wconf 74' lang='grc' dir='ltr'><strong>καὶ</strong></span> 
     </span>
    </p>
   </div>
   <div class='ocr_carea' id='block_1_75' title="bbox 189 5251 1775 5326">
    <p class='ocr_par' dir='ltr' id='par_1_75' title="bbox 189 5251 1775 5326">
     <span class='ocr_line' id='line_1_75' title="bbox 189 5251 1775 5326; baseline -0.005 -15"><span class='ocrx_word' id='word_1_536' title='bbox 189 5259 602 5326; x_wconf 86' lang='grc' dir='ltr'>ὲπτεροποιεῖτο</span> <span class='ocrx_word' id='word_1_537' title='bbox 635 5255 794 5307; x_wconf 81' lang='grc' dir='ltr'>αὑτὸν</span> <span class='ocrx_word' id='word_1_538' title='bbox 827 5255 934 5305; x_wconf 76' lang='grc' dir='ltr'><strong>τῶν</strong></span> <span class='ocrx_word' id='word_1_539' title='bbox 963 5255 1133 5321; x_wconf 80' lang='grc' dir='ltr'>ἁγίων</span> <span class='ocrx_word' id='word_1_540' title='bbox 1179 5256 1206 5306; x_wconf 87' lang='lat'><strong>6</strong></span> <span class='ocrx_word' id='word_1_541' title='bbox 1250 5251 1392 5314; x_wconf 78' lang='grc' dir='ltr'>νοῦς,</span> <span class='ocrx_word' id='word_1_542' title='bbox 1418 5251 1775 5304; x_wconf 74' lang='grc' dir='ltr'>’ἐπιλανθανο-</span> 
     </span>
    </p>
   </div>
   <div class='ocr_carea' id='block_1_76' title="bbox 193 5343 1770 5421">
    <p class='ocr_par' dir='ltr' id='par_1_76' title="bbox 193 5343 1770 5421">
     <span class='ocr_line' id='line_1_76' title="bbox 193 5343 1770 5421; baseline -0.004 -18"><span class='ocrx_word' id='word_1_543' title='bbox 193 5351 374 5421; x_wconf 81' lang='grc' dir='ltr'>μένων</span> <span class='ocrx_word' id='word_1_544' title='bbox 402 5347 508 5404; x_wconf 82' lang='grc' dir='ltr'><strong>τῶν</strong></span> <span class='ocrx_word' id='word_1_545' title='bbox 533 5348 735 5416; x_wconf 85' lang='grc' dir='ltr'>γηίνων</span> <span class='ocrx_word' id='word_1_546' title='bbox 765 5349 858 5399; x_wconf 74' lang='grc' dir='ltr'><strong>καὶ</strong></span> <span class='ocrx_word' id='word_1_547' title='bbox 876 5347 982 5399; x_wconf 81' lang='grc' dir='ltr'><strong>τῶν</strong></span> <span class='ocrx_word' id='word_1_548' title='bbox 999 5347 1334 5414; x_wconf 86' lang='grc' dir='ltr'>ἐπουρανίων</span> <span class='ocrx_word' id='word_1_549' title='bbox 1363 5343 1770 5413; x_wconf 79' lang='grc' dir='ltr'>μεριμνώντων.</span> 
     </span>
    </p>
   </div>
   <div class='ocr_carea' id='block_1_77' title="bbox 189 5434 1774 5510">
    <p class='ocr_par' dir='ltr' id='par_1_77' title="bbox 189 5434 1774 5510">
     <span class='ocr_line' id='line_1_77' title="bbox 189 5434 1774 5510; baseline -0.005 -15"><span class='ocrx_word' id='word_1_550' title='bbox 189 5443 298 5495; x_wconf 79' lang='grc' dir='ltr'>Τὸν</span> <span class='ocrx_word' id='word_1_551' title='bbox 331 5441 436 5510; x_wconf 67' lang='grc' dir='ltr'><strong>γὰρ</strong></span> <span class='ocrx_word' id='word_1_552' title='bbox 470 5439 593 5492; x_wconf 83' lang='grc' dir='ltr'>νοῦν</span> <span class='ocrx_word' id='word_1_553' title='bbox 619 5440 827 5492; x_wconf 77' lang='grc' dir='ltr'>ἑαυτῶν</span> <span class='ocrx_word' id='word_1_554' title='bbox 854 5439 1032 5501; x_wconf 83' lang='grc' dir='ltr'>δόντες</span> <span class='ocrx_word' id='word_1_555' title='bbox 1069 5441 1145 5500; x_wconf 87' lang='grc' dir='ltr'>εἰς</span> <span class='ocrx_word' id='word_1_556' title='bbox 1184 5440 1272 5489; x_wconf 72' lang='grc' dir='ltr'><strong>τὸν</strong></span> <span class='ocrx_word' id='word_1_557' title='bbox 1295 5434 1538 5507; x_wconf 75' lang='grc' dir='ltr'>οὐρανὸν,</span> <span class='ocrx_word' id='word_1_558' title='bbox 1567 5437 1656 5487; x_wconf 74' lang='grc' dir='ltr'><strong>καὶ</strong></span> <span class='ocrx_word' id='word_1_559' title='bbox 1679 5453 1774 5487; x_wconf 86' lang='grc' dir='ltr'>πο-</span> 
     </span>
    </p>
   </div>
   <div class='ocr_carea' id='block_1_78' title="bbox 190 5529 1771 5601">
    <p class='ocr_par' dir='ltr' id='par_1_78' title="bbox 190 5529 1771 5601">
     <span class='ocr_line' id='line_1_78' title="bbox 190 5529 1771 5601; baseline -0.004 -15"><span class='ocrx_word' id='word_1_560' title='bbox 190 5534 415 5596; x_wconf 80' lang='grc' dir='ltr'>Θοῦντες</span> <span class='ocrx_word' id='word_1_561' title='bbox 445 5532 512 5584; x_wconf 72' lang='grc' dir='ltr'><strong>τὰ</strong></span> <span class='ocrx_word' id='word_1_562' title='bbox 533 5532 773 5601; x_wconf 74' lang='grc' dir='ltr'>οὐράνια.</span> <span class='ocrx_word' id='word_1_563' title='bbox 808 5531 1228 5584; x_wconf 78' lang='grc' dir='ltr'>ἐπελανθάνοντο</span> <span class='ocrx_word' id='word_1_564' title='bbox 1256 5529 1361 5580; x_wconf 81' lang='grc' dir='ltr'><strong>τών</strong></span> <span class='ocrx_word' id='word_1_565' title='bbox 1393 5529 1615 5597; x_wconf 73' lang='grc' dir='ltr'>γηίνων.</span> <span class='ocrx_word' id='word_1_566' title='bbox 1636 5529 1771 5579; x_wconf 75' lang='grc' dir='ltr'>Τοῦ-</span> 
     </span>
    </p>
   </div>
   <div class='ocr_carea' id='block_1_79' title="bbox 188 5617 1771 5694">
    <p class='ocr_par' dir='ltr' id='par_1_79' title="bbox 188 5617 1771 5694">
     <span class='ocr_line' id='line_1_79' title="bbox 188 5617 1771 5694; baseline -0.007 -15"><span class='ocrx_word' id='word_1_567' title='bbox 188 5642 284 5679; x_wconf 81' lang='grc' dir='ltr'><strong>τον</strong></span> <span class='ocrx_word' id='word_1_568' title='bbox 319 5625 425 5694; x_wconf 85' lang='grc' dir='ltr'>γὰρ</span> <span class='ocrx_word' id='word_1_569' title='bbox 458 5624 547 5676; x_wconf 79' lang='grc' dir='ltr'><strong>τὸν</strong></span> <span class='ocrx_word' id='word_1_570' title='bbox 577 5623 740 5676; x_wconf 84' lang='grc' dir='ltr'>πόθον</span> <span class='ocrx_word' id='word_1_571' title='bbox 762 5624 899 5694; x_wconf 75' lang='grc' dir='ltr'>ἔχων</span> <span class='ocrx_word' id='word_1_572' title='bbox 924 5626 1016 5676; x_wconf 75' lang='grc' dir='ltr'><strong>καὶ</strong></span> <span class='ocrx_word' id='word_1_573' title='bbox 1042 5622 1254 5682; x_wconf 80' lang='grc' dir='ltr'>Παῦλος</span> <span class='ocrx_word' id='word_1_574' title='bbox 1286 5623 1312 5672; x_wconf 86' lang='grc' dir='ltr'>ὁ</span> <span class='ocrx_word' id='word_1_575' title='bbox 1341 5617 1636 5680; x_wconf 73' lang='grc' dir='ltr'>ἀπόστολος</span> <span class='ocrx_word' id='word_1_576' title='bbox 1660 5619 1771 5669; x_wconf 78' lang='grc' dir='ltr'><strong>ἕλε⁹</strong></span> 
     </span>
    </p>
   </div>
   <div class='ocr_carea' id='block_1_80' title="bbox 273 5796 1551 5864">
    <p class='ocr_par' dir='ltr' id='par_1_80' title="bbox 273 5796 1551 5864">
     <span class='ocr_line' id='line_1_80' title="bbox 273 5796 1551 5864; baseline -0.002 -11"><span class='ocrx_word' id='word_1_577' title='bbox 273 5800 321 5830; x_wconf 71' lang='grc' dir='ltr'>δ’</span> <span class='ocrx_word' id='word_1_578' title='bbox 347 5798 507 5856; x_wconf 82' lang='lat' dir='ltr'><strong>Cant.</strong></span> <span class='ocrx_word' id='word_1_579' title='bbox 540 5815 619 5864; x_wconf 88' lang='grc' dir='ltr'>ιιι,</span> <span class='ocrx_word' id='word_1_580' title='bbox 655 5799 741 5853; x_wconf 83' lang='grc' dir='ltr'><strong>Η.</strong></span> <span class='ocrx_word' id='word_1_581' title='bbox 820 5799 865 5830; x_wconf 72' lang='grc'>⁸³</span> <span class='ocrx_word' id='word_1_582' title='bbox 900 5799 1030 5852; x_wconf 84' lang='lat' dir='ltr'><strong>ibid.</strong></span> <span class='ocrx_word' id='word_1_583' title='bbox 1121 5797 1165 5829; x_wconf 71' lang='lat'><strong>“</strong></span> <span class='ocrx_word' id='word_1_584' title='bbox 1196 5796 1342 5851; x_wconf 84' lang='lat' dir='ltr'><strong>Psal.</strong></span> <span class='ocrx_word' id='word_1_585' title='bbox 1375 5812 1465 5860; x_wconf 81' lang='lat' dir='ltr'><strong>xx,</strong></span> <span class='ocrx_word' id='word_1_586' title='bbox 1499 5799 1551 5850; x_wconf 70' lang='lat'><strong>4.</strong></span> 
     </span>
    </p>
   </div>
   <div class='ocr_carea' id='block_1_81' title="bbox 1629 5794 2042 5860">
    <p class='ocr_par' dir='ltr' id='par_1_81' title="bbox 1629 5794 2042 5860">
     <span class='ocr_line' id='line_1_81' title="bbox 1629 5794 2042 5860; baseline -0.005 -11"><span class='ocrx_word' id='word_1_587' title='bbox 1629 5794 1674 5826; x_wconf 78' lang='lat'><strong>&quot;</strong></span> <span class='ocrx_word' id='word_1_588' title='bbox 1702 5794 1858 5849; x_wconf 89' lang='lat' dir='ltr'><strong>Cant.</strong></span> <span class='ocrx_word' id='word_1_589' title='bbox 1887 5810 1959 5860; x_wconf 80' lang='grc' dir='ltr'>γι,</span> <span class='ocrx_word' id='word_1_590' title='bbox 1995 5794 2042 5847; x_wconf 80' lang='lat' dir='ltr'><strong>l.</strong></span> 
     </span>
    </p>
   </div>
   <div class='ocr_carea' id='block_1_82' title="bbox 2331 4509 2982 4563">
    <p class='ocr_par' dir='ltr' id='par_1_82' title="bbox 2331 4509 2982 4563">
     <span class='ocr_line' id='line_1_82' title="bbox 2331 4509 2982 4563; baseline -0.005 0"><span class='ocrx_word' id='word_1_591' title='bbox 2331 4509 2608 4563; x_wconf 85' lang='lat' dir='ltr'><strong>Canticum</strong></span> <span class='ocrx_word' id='word_1_592' title='bbox 2636 4511 2982 4561; x_wconf 88' lang='lat' dir='ltr'><strong>canticorum.</strong></span> 
     </span>
    </p>
   </div>
   <div class='ocr_carea' id='block_1_83' title="bbox 1955 4619 3444 4689">
    <p class='ocr_par' dir='ltr' id='par_1_83' title="bbox 1955 4619 3444 4689">
     <span class='ocr_line' id='line_1_83' title="bbox 1955 4619 3444 4689; baseline 0 -15"><span class='ocrx_word' id='word_1_593' title='bbox 1955 4626 1997 4675; x_wconf 85' lang='lat' dir='ltr'><strong>I.</strong></span> <span class='ocrx_word' id='word_1_594' title='bbox 2056 4621 2455 4676; x_wconf 83' lang='lat' dir='ltr'><strong>Desiderabiles</strong></span> <span class='ocrx_word' id='word_1_595' title='bbox 2485 4635 2808 4680; x_wconf 74' lang='lat' dir='ltr'><strong>sermones,</strong></span> <span class='ocrx_word' id='word_1_596' title='bbox 2866 4619 3132 4674; x_wconf 88' lang='lat' dir='ltr'><strong>amabiles</strong></span> <span class='ocrx_word' id='word_1_597' title='bbox 3180 4631 3341 4689; x_wconf 89' lang='lat' dir='ltr'><strong>atque</strong></span> <span class='ocrx_word' id='word_1_598' title='bbox 3390 4637 3444 4674; x_wconf 90' lang='lat' dir='ltr'><strong>tn</strong></span> 
     </span>
    </p>
   </div>
   <div class='ocr_carea' id='block_1_84' title="bbox 1875 4711 3442 4779">
    <p class='ocr_par' dir='ltr' id='par_1_84' title="bbox 1875 4711 3442 4779">
     <span class='ocr_line' id='line_1_84' title="bbox 1875 4711 3442 4779; baseline -0.002 -11"><span class='ocrx_word' id='word_1_599' title='bbox 1875 4714 2070 4768; x_wconf 76' lang='lat' dir='ltr'><strong>cmlum</strong></span> <span class='ocrx_word' id='word_1_600' title='bbox 2113 4714 2468 4774; x_wconf 86' lang='lat' dir='ltr'><strong>adducentes,</strong></span> <span class='ocrx_word' id='word_1_601' title='bbox 2499 4713 2614 4765; x_wconf 87' lang='lat' dir='ltr'><strong>alas</strong></span> <span class='ocrx_word' id='word_1_602' title='bbox 2645 4727 2863 4779; x_wconf 81' lang='lat' dir='ltr'><strong>quoque.</strong></span> <span class='ocrx_word' id='word_1_603' title='bbox 2895 4711 3143 4765; x_wconf 81' lang='lat' dir='ltr'><strong>ﬁdelibus</strong></span> <span class='ocrx_word' id='word_1_604' title='bbox 3164 4713 3442 4766; x_wconf 89' lang='lat' dir='ltr'><strong>addentes.</strong></span> 
     </span>
    </p>
   </div>
   <div class='ocr_carea' id='block_1_85' title="bbox 1876 4802 3443 4873">
    <p class='ocr_par' dir='ltr' id='par_1_85' title="bbox 1876 4802 3443 4873">
     <span class='ocr_line' id='line_1_85' title="bbox 1876 4802 3443 4873; baseline 0 -16"><span class='ocrx_word' id='word_1_605' title='bbox 1876 4804 2082 4859; x_wconf 62' lang='lat' dir='ltr'><strong>Divinas</strong></span> <span class='ocrx_word' id='word_1_606' title='bbox 2120 4805 2322 4872; x_wconf 84' lang='lat' dir='ltr'><strong>quippe</strong></span> <span class='ocrx_word' id='word_1_607' title='bbox 2359 4803 2658 4873; x_wconf 72' lang='lat' dir='ltr'><strong>Scriptura:</strong></span> <span class='ocrx_word' id='word_1_608' title='bbox 2703 4802 2885 4856; x_wconf 88' lang='lat' dir='ltr'><strong>ﬁdeles</strong></span> <span class='ocrx_word' id='word_1_609' title='bbox 2917 4819 2980 4856; x_wconf 84' lang='lat' dir='ltr'><strong>ex</strong></span> <span class='ocrx_word' id='word_1_610' title='bbox 3009 4803 3310 4856; x_wconf 77' lang='lat' dir='ltr'><strong>cmlcstium</strong></span> <span class='ocrx_word' id='word_1_611' title='bbox 3354 4820 3443 4857; x_wconf 56' lang='lat' dir='ltr'><strong>re-</strong></span> 
     </span>
    </p>
   </div>
   <div class='ocr_carea' id='block_1_86' title="bbox 1875 4891 3446 4956">
    <p class='ocr_par' dir='ltr' id='par_1_86' title="bbox 1875 4891 3446 4956">
     <span class='ocr_line' id='line_1_86' title="bbox 1875 4891 3446 4956; baseline -0.001 -9"><span class='ocrx_word' id='word_1_612' title='bbox 1875 4911 1995 4948; x_wconf 92' lang='lat' dir='ltr'><strong>rum</strong></span> <span class='ocrx_word' id='word_1_613' title='bbox 2023 4894 2295 4947; x_wconf 85' lang='lat' dir='ltr'><strong>desiderio</strong></span> <span class='ocrx_word' id='word_1_614' title='bbox 2325 4908 2508 4946; x_wconf 82' lang='lat' dir='ltr'><strong>revera</strong></span> <span class='ocrx_word' id='word_1_615' title='bbox 2543 4893 2645 4946; x_wconf 87' lang='lat' dir='ltr'><strong>alis</strong></span> <span class='ocrx_word' id='word_1_616' title='bbox 2678 4892 2978 4946; x_wconf 88' lang='lat' dir='ltr'><strong>instruunt.</strong></span> <span class='ocrx_word' id='word_1_617' title='bbox 3023 4891 3142 4956; x_wconf 87' lang='lat' dir='ltr'><strong>Quo</strong></span> <span class='ocrx_word' id='word_1_618' title='bbox 3174 4892 3446 4946; x_wconf 89' lang='lat' dir='ltr'><strong>desiderio</strong></span> 
     </span>
    </p>
   </div>
   <div class='ocr_carea' id='block_1_87' title="bbox 1879 4980 3445 5049">
    <p class='ocr_par' dir='ltr' id='par_1_87' title="bbox 1879 4980 3445 5049">
     <span class='ocr_line' id='line_1_87' title="bbox 1879 4980 3445 5049; baseline -0.003 -13"><span class='ocrx_word' id='word_1_619' title='bbox 1879 4991 2058 5036; x_wconf 76' lang='lat' dir='ltr'><strong>motus</strong></span> <span class='ocrx_word' id='word_1_620' title='bbox 2123 4991 2438 5035; x_wconf 86' lang='lat' dir='ltr'><strong>sanctorum</strong></span> <span class='ocrx_word' id='word_1_621' title='bbox 2499 4981 2770 5049; x_wconf 88' lang='lat' dir='ltr'><strong>quispiant</strong></span> <span class='ocrx_word' id='word_1_622' title='bbox 2823 4981 3080 5035; x_wconf 86' lang='lat' dir='ltr'><strong>dicebat:</strong></span> <span class='ocrx_word' id='word_1_623' title='bbox 3118 4980 3248 5044; x_wconf 85' lang='lat' dir='ltr'><strong>Quis</strong></span> <span class='ocrx_word' id='word_1_624' title='bbox 3297 4981 3445 5033; x_wconf 84' lang='lat' dir='ltr'><strong>dabit</strong></span> 
     </span>
    </p>
   </div>
   <div class='ocr_carea' id='block_1_88' title="bbox 1878 5069 3448 5141">
    <p class='ocr_par' dir='ltr' id='par_1_88' title="bbox 1878 5069 3448 5141">
     <span class='ocr_line' id='line_1_88' title="bbox 1878 5069 3448 5141; baseline -0.002 -16"><span class='ocrx_word' id='word_1_625' title='bbox 1878 5075 2005 5126; x_wconf 84' lang='lat' dir='ltr'><strong>mihi</strong></span> <span class='ocrx_word' id='word_1_626' title='bbox 2059 5089 2253 5141; x_wconf 81' lang='lat' dir='ltr'><strong>pennas</strong></span> <span class='ocrx_word' id='word_1_627' title='bbox 2297 5073 2432 5125; x_wconf 88' lang='lat' dir='ltr'><strong>sicut</strong></span> <span class='ocrx_word' id='word_1_628' title='bbox 2483 5070 2770 5135; x_wconf 61' lang='lat' dir='ltr'><strong>columbae,</strong></span> <span class='ocrx_word' id='word_1_629' title='bbox 2817 5079 2863 5122; x_wconf 89' lang='lat' dir='ltr'><strong>et</strong></span> <span class='ocrx_word' id='word_1_630' title='bbox 2917 5069 3098 5122; x_wconf 74' lang='lat' dir='ltr'><strong>volabo</strong></span> <span class='ocrx_word' id='word_1_631' title='bbox 3145 5080 3193 5122; x_wconf 93' lang='lat' dir='ltr'><strong>et</strong></span> <span class='ocrx_word' id='word_1_632' title='bbox 3244 5071 3448 5139; x_wconf 83' lang='lat' dir='ltr'><strong>requie-</strong></span> 
     </span>
    </p>
   </div>
   <div class='ocr_carea' id='block_1_89' title="bbox 1878 5163 3447 5233">
    <p class='ocr_par' dir='ltr' id='par_1_89' title="bbox 1878 5163 3447 5233">
     <span class='ocr_line' id='line_1_89' title="bbox 1878 5163 3447 5233; baseline -0.001 -15"><span class='ocrx_word' id='word_1_633' title='bbox 1878 5167 2123 5218; x_wconf 73' lang='lat' dir='ltr'><strong>scam“?</strong></span> <span class='ocrx_word' id='word_1_634' title='bbox 2164 5165 2439 5218; x_wconf 85' lang='lat' dir='ltr'><strong>Trahebat</strong></span> <span class='ocrx_word' id='word_1_635' title='bbox 2474 5166 2647 5233; x_wconf 86' lang='lat' dir='ltr'><strong>ipsum</strong></span> <span class='ocrx_word' id='word_1_636' title='bbox 2685 5163 2987 5218; x_wconf 68' lang='lat' dir='ltr'><strong>cmlestium</strong></span> <span class='ocrx_word' id='word_1_637' title='bbox 3021 5179 3203 5217; x_wconf 79' lang='lat' dir='ltr'><strong>rerum</strong></span> <span class='ocrx_word' id='word_1_638' title='bbox 3230 5163 3447 5217; x_wconf 88' lang='lat' dir='ltr'><strong>deside-</strong></span> 
     </span>
    </p>
   </div>
   <div class='ocr_carea' id='block_1_90' title="bbox 1878 5254 3423 5317">
    <p class='ocr_par' dir='ltr' id='par_1_90' title="bbox 1878 5254 3423 5317">
     <span class='ocr_line' id='line_1_90' title="bbox 1878 5254 3423 5317; baseline -0.003 -8"><span class='ocrx_word' id='word_1_639' title='bbox 1878 5257 2056 5317; x_wconf 89' lang='lat' dir='ltr'><strong>rium,</strong></span> <span class='ocrx_word' id='word_1_640' title='bbox 2114 5255 2228 5308; x_wconf 85' lang='lat' dir='ltr'><strong>alas</strong></span> <span class='ocrx_word' id='word_1_641' title='bbox 2263 5255 2439 5309; x_wconf 88' lang='lat' dir='ltr'><strong>eidem</strong></span> <span class='ocrx_word' id='word_1_642' title='bbox 2485 5254 2715 5308; x_wconf 84' lang='lat' dir='ltr'><strong>addebat</strong></span> <span class='ocrx_word' id='word_1_643' title='bbox 2765 5269 2917 5307; x_wconf 89' lang='lat' dir='ltr'><strong>meus</strong></span> <span class='ocrx_word' id='word_1_644' title='bbox 2973 5254 3061 5307; x_wconf 89' lang='lat' dir='ltr'><strong>illa</strong></span> <span class='ocrx_word' id='word_1_645' title='bbox 3113 5262 3423 5306; x_wconf 88' lang='lat' dir='ltr'><strong>sanctorum</strong></span> 
     </span>
    </p>
   </div>
   <div class='ocr_carea' id='block_1_91' title="bbox 1881 5345 3422 5416">
    <p class='ocr_par' dir='ltr' id='par_1_91' title="bbox 1881 5345 3422 5416">
     <span class='ocr_line' id='line_1_91' title="bbox 1881 5345 3422 5416; baseline -0.002 -17"><span class='ocrx_word' id='word_1_646' title='bbox 1881 5348 1975 5416; x_wconf 90' lang='lat' dir='ltr'><strong>qui</strong></span> <span class='ocrx_word' id='word_1_647' title='bbox 2003 5358 2344 5400; x_wconf 88' lang='lat' dir='ltr'><strong>terrenorum</strong></span> <span class='ocrx_word' id='word_1_648' title='bbox 2392 5347 2812 5407; x_wconf 76' lang='lat' dir='ltr'><strong>obliviscuntur,</strong></span> <span class='ocrx_word' id='word_1_649' title='bbox 2860 5355 3021 5414; x_wconf 89' lang='lat' dir='ltr'><strong>atque</strong></span> <span class='ocrx_word' id='word_1_650' title='bbox 3077 5361 3237 5397; x_wconf 88' lang='lat' dir='ltr'><strong>unatn</strong></span> <span class='ocrx_word' id='word_1_651' title='bbox 3288 5345 3422 5398; x_wconf 63' lang='lat' dir='ltr'><strong>caele</strong></span> 
     </span>
    </p>
   </div>
   <div class='ocr_carea' id='block_1_92' title="bbox 1883 5435 3448 5507">
    <p class='ocr_par' dir='ltr' id='par_1_92' title="bbox 1883 5435 3448 5507">
     <span class='ocr_line' id='line_1_92' title="bbox 1883 5435 3448 5507; baseline -0.003 -15"><span class='ocrx_word' id='word_1_652' title='bbox 1883 5440 2044 5492; x_wconf 90' lang='lat' dir='ltr'><strong>stium</strong></span> <span class='ocrx_word' id='word_1_653' title='bbox 2080 5450 2274 5507; x_wconf 70' lang='lat' dir='ltr'><strong>gerunt</strong></span> <span class='ocrx_word' id='word_1_654' title='bbox 2307 5438 2754 5492; x_wconf 87' lang='lat' dir='ltr'><strong>sollicitudinem.</strong></span> <span class='ocrx_word' id='word_1_655' title='bbox 2789 5436 2926 5490; x_wconf 86' lang='lat' dir='ltr'><strong>Cum</strong></span> <span class='ocrx_word' id='word_1_656' title='bbox 2966 5437 3110 5489; x_wconf 87' lang='lat' dir='ltr'><strong>enim</strong></span> <span class='ocrx_word' id='word_1_657' title='bbox 3144 5435 3244 5499; x_wconf 88' lang='lat' dir='ltr'><strong>ipsi</strong></span> <span class='ocrx_word' id='word_1_658' title='bbox 3275 5444 3448 5488; x_wconf 72' lang='lat' dir='ltr'><strong>sanet.</strong></span> 
     </span>
    </p>
   </div>
   <div class='ocr_carea' id='block_1_93' title="bbox 1883 5523 3450 5590">
    <p class='ocr_par' dir='ltr' id='par_1_93' title="bbox 1883 5523 3450 5590">
     <span class='ocr_line' id='line_1_93' title="bbox 1883 5523 3450 5590; baseline -0.003 -10"><span class='ocrx_word' id='word_1_659' title='bbox 1883 5538 2116 5583; x_wconf 89' lang='lat' dir='ltr'><strong>mentem</strong></span> <span class='ocrx_word' id='word_1_660' title='bbox 2151 5539 2318 5581; x_wconf 89' lang='lat' dir='ltr'><strong>totam</strong></span> <span class='ocrx_word' id='word_1_661' title='bbox 2364 5527 2504 5582; x_wconf 68' lang='lat' dir='ltr'><strong>cwlo</strong></span> <span class='ocrx_word' id='word_1_662' title='bbox 2543 5527 2856 5590; x_wconf 84' lang='lat' dir='ltr'><strong>dedissent,</strong></span> <span class='ocrx_word' id='word_1_663' title='bbox 2891 5535 2941 5578; x_wconf 89' lang='lat' dir='ltr'><strong>et</strong></span> <span class='ocrx_word' id='word_1_664' title='bbox 2972 5524 3275 5579; x_wconf 74' lang='lat' dir='ltr'><strong>caalestium</strong></span> <span class='ocrx_word' id='word_1_665' title='bbox 3307 5523 3450 5576; x_wconf 80' lang='lat' dir='ltr'><strong>dun-</strong></span> 
     </span>
    </p>
   </div>
   <div class='ocr_carea' id='block_1_94' title="bbox 1884 5618 3446 5690">
    <p class='ocr_par' dir='ltr' id='par_1_94' title="bbox 1884 5618 3446 5690">
     <span class='ocr_line' id='line_1_94' title="bbox 1884 5618 3446 5690; baseline -0.003 -17"><span class='ocrx_word' id='word_1_666' title='bbox 1884 5629 2034 5673; x_wconf 80' lang='lat' dir='ltr'><strong>taxat</strong></span> <span class='ocrx_word' id='word_1_667' title='bbox 2061 5619 2312 5690; x_wconf 86' lang='lat' dir='ltr'><strong>cupidine</strong></span> <span class='ocrx_word' id='word_1_668' title='bbox 2347 5629 2681 5685; x_wconf 86' lang='lat' dir='ltr'><strong>tenerentur,</strong></span> <span class='ocrx_word' id='word_1_669' title='bbox 2703 5619 2989 5673; x_wconf 82' lang='lat' dir='ltr'><strong>veniebant</strong></span> <span class='ocrx_word' id='word_1_670' title='bbox 3021 5618 3074 5672; x_wconf 89' lang='lat' dir='ltr'><strong>in</strong></span> <span class='ocrx_word' id='word_1_671' title='bbox 3107 5626 3446 5672; x_wconf 84' lang='lat' dir='ltr'><strong>terrenarum</strong></span> 
     </span>
    </p>
   </div>
   <div class='ocr_carea' id='block_1_95' title="bbox 2119 5793 2566 5858">
    <p class='ocr_par' dir='ltr' id='par_1_95' title="bbox 2119 5793 2566 5858">
     <span class='ocr_line' id='line_1_95' title="bbox 2119 5793 2566 5858; baseline 0.004 -11"><span class='ocrx_word' id='word_1_672' title='bbox 2119 5794 2165 5826; x_wconf 77' lang='lat'><strong>“</strong></span> <span class='ocrx_word' id='word_1_673' title='bbox 2197 5793 2341 5850; x_wconf 87' lang='lat' dir='ltr'><strong>Psal.</strong></span> <span class='ocrx_word' id='word_1_674' title='bbox 2375 5811 2480 5858; x_wconf 80' lang='lat' dir='ltr'><strong>Liv,</strong></span> <span class='ocrx_word' id='word_1_675' title='bbox 2519 5795 2566 5849; x_wconf 89' lang='lat'><strong>7.</strong></span> 
     </span>
    </p>
   </div>
  </div>
