4036 6424
642 349 763 405 1551

1456 340 1512 394 S.
1552 335 1923 393 ATHANASII
1962 335 2113 391 OPP.
2157 332 2335 389 PARS
2371 332 2460 389 Ill.
2496 362 2567 371 —
2606 328 3012 386 EXEGETICA.

3748 328 3879 382 135?.

634 479 815 521 rerum
852 462 1196 518 oblivionem.
1226 457 1338 511 Hoc.
1373 460 1502 511 item
1528 457 1799 511 desiderio
1835 466 2017 511 motus
2042 454 2187 508 Pau-

2293 470 2351 520 γε
2374 470 2387 482 ·
2424 451 2583 506 Κατά
2617 450 2851 504 σκοπὸν
2881 448 3067 501 διώκω
3097 450 3181 513 εὶς
3212 446 3276 499 τὸ
3300 445 3600 515 βραϐεῖον
3623 443 3740 511 τῆς
3763 445 3879 499 ἅνω

634 560 719 615 lus
767 557 1045 628 apostolus
1095 553 1359 607 dicebat:
1408 550 1486 602 Ad
1534 549 1859 602 destinatum
1892 560 2190 615 persequor,

633 653 701 705 ad
742 650 978 703 bravium
1033 660 1270 713 superna:
1317 642 1606 695 t'ocationis
1641 640 1710 694 ⁸⁷.
1753 637 1942 692 Viden’
1977 645 2194 691 sanctos

634 742 734 797 alis
772 737 1099 794 instructos?
1123 735 1257 788 Nam
1293 734 1411 787 alas
1452 733 1658 786 addunt
1691 745 1878 783 revera
1913 742 2194 781 sermones

636 829 960 900 huiusmodi.
1021 825 1265 891 Quorum
1319 837 1555 891 namque
1608 836 1763 873 mens
1817 834 1925 872 non
1986 819 2195 886 accepit

635 924 767 984 alas,
798 920 979 973 audita
1010 916 1319 985 hiijusmodi
1345 912 1619 967 lectione?
1645 910 1776 965 Vide
1803 912 1953 972 mihi,
1984 926 2191 978 qiimso,

632 1015 801 1070 beatae
852 1012 997 1065 illius
1053 1008 1245 1062 animae
1302 1006 1634 1061 desiderium
1689 1020 1809 1073 quae
1851 1004 1972 1057 ait:
2007 1001 2190 1072 Surge,

631 1105 847 1175 aquilo,
886 1113 935 1156 et
968 1102 1113 1165 veni,
1177 1109 1372 1161 auster,
1429 1098 1599 1165 per/Ia
1652 1097 1849 1150 hortum
1900 1111 2099 1157 meum,
2143 1102 2193 1146 et

634 1200 800 1254 ﬂuant
835 1204 1071 1247 aromata
1111 1208 1223 1244 mea
1258 1192 1324 1243 ⁸⁸.
1358 1188 1493 1244 Vide
1529 1188 1683 1251 mihi,
1710 1201 1916 1256 qureso,
1942 1185 2191 1239 fiduciam

632 1291 802 1345 beatae
831 1288 977 1341 illius
1007 1284 1220 1347 animae,
1251 1293 1457 1352 quanta
1482 1280 1805 1353 conﬁdentia
1828 1280 1894 1333 ad
1925 1278 2009 1333 sui
2035 1292 2193 1331 exer-

632 1380 941 1435 citationem
1005 1375 1326 1429 lentationes
1383 1381 1657 1441 provocet.
1722 1371 1922 1439 Surge.
1992 1369 2190 1437 inquit,

632 1469 829 1539 aquilo,
861 1476 908 1521 et
940 1467 1080 1532 veni,
1117 1474 1317 1523 auster.
1352 1478 1416 1516 ac
1452 1463 1497 1517 si
1526 1461 1766 1515 diceret:
1809 1460 1921 1529 Ego
1950 1459 2193 1512 ﬁrmatus

633 1576 753 1615 sum
793 1575 954 1628 supra
981 1567 1211 1627 petram,
1243 1554 1501 1608 accedant
1545 1552 1689 1605 venti
1724 1564 1775 1605 et
1805 1551 2109 1619 impingant
2138 1550 2191 1602 in

633 1668 753 1716 nie,
789 1652 922 1704 alter
966 1665 1031 1703 ex
1086 1646 1213 1708 illa,
1259 1646 1391 1699 alter
1429 1660 1493 1698 ex
1540 1644 1643 1695 alia
1695 1651 1883 1709 parte:
1921 1642 2190 1694 neminem

632 1759 731 1813 ego
759 1742 1011 1804 formido,
1045 1747 1252 1808 petram
1284 1738 1458 1790 habeo
1489 1751 1574 1788 me
1600 1732 1960 1788 sustinentem
1989 1741 2042 1787 et
2068 1747 2194 1801 por-

634 1844 835 1889 tantem
879 1851 892 1887 :
929 1833 1154 1886 domum
1188 1830 1386 1898 quippe
1412 1842 1583 1881 meam
1628 1840 1792 1894 supra
1826 1833 2033 1893 petram
2063 1824 2195 1878 tedi-

633 1926 812 1987 ticavi,
848 1922 1338 1990 accedentibusque
1361 1919 1534 1973 ventis
1568 1918 1703 1971 nihil
1747 1917 1995 1970 extimui.
2024 1915 2193 1970 Nosse

632 2017 715 2070 vis
745 2030 866 2085 quin
891 2015 961 2068 sit
990 2022 1138 2081 petra
1176 2011 1263 2064 illa
1286 2048 1303 2075 ,
1346 2010 1399 2063 in
1436 2024 1545 2077 qua
1586 2007 1768 2061 stabat
1802 2006 1961 2059 beata
1999 2005 2191 2073 hujus-

633 2106 778 2160 nioJi
843 2104 1064 2159 anima?
1122 2101 1247 2155 audi
1308 2098 1582 2167 quomodo
1637 2111 1755 2149 eam
1811 2095 2193 2162 interpretatur

632 2196 834 2251 Paulus
863 2195 1049 2248 dicens
1070 2211 1082 2245 :
1105 2189 1267 2243 Petra
1294 2197 1468 2241 autem
1500 2195 1612 2239 erat
1650 2185 1890 2239 Christus
1918 2183 1983 2239 “.
2018 2182 2193 2252 Super

634 2291 774 2345 hanc
801 2297 1007 2358 petram
1029 2283 1337 2341 consistens
1366 2280 1500 2333 nihil
1531 2278 1873 2343 reformidat,
1899 2278 2007 2331 imo
2029 2277 2189 2330 etiam

631 2376 905 2431 diabolum
939 2374 1007 2428 ab
1045 2372 1302 2442 aquilone
1338 2370 1641 2424 venientem
1677 2382 1784 2419 non
1836 2365 2191 2433 pertimescit,

632 2486 732 2525 nec
782 2469 955 2539 magis
1009 2468 1156 2519 illiilli
1194 2465 1287 2532 qui
1333 2462 1481 2516 venit
1526 2460 1593 2513 ab
1631 2469 1819 2512 austro
1869 2456 2099 2522 Quando
2139 2457 2192 2510 in

631 2570 783 2632 petra
816 2560 1073 2613 fundatus
1102 2570 1224 2610 sum
1258 2556 1311 2607 in
1346 2555 1572 2621 ipsaque
1602 2550 1867 2612 consisto,
1898 2548 2032 2601 nihil
2064 2562 2194 2601 sane

631 2661 815 2706 metuo
844 2667 857 2703 :
885 2647 1133 2716 quamvis
1165 2655 1392 2698 mortem
1425 2642 1828 2702 interminetur,
1858 2655 1963 2693 non
2003 2653 2190 2708 paveo,

632 2760 733 2799 nec
762 2751 943 2796 metuo
976 2737 1430 2809 persecutionem.
1466 2734 1699 2788 Paratus
1730 2748 1852 2787 sum
1897 2732 1962 2785 ad
2020 2733 2190 2784 conti-

633 2834 850 2888 tendum
895 2849 908 2885 :
947 2846 1052 2884 non
1106 2830 1271 2883 timeo
1310 2827 1541 2892 famem,
1592 2828 1719 2896 quia
1769 2824 2004 2879 Verbum
2040 2823 2194 2877 adest

633 2928 763 2981 mihi
804 2924 945 2993 quod
976 2924 1117 2975 vires
1157 2920 1315 2974 addat
1352 2938 1366 2972 :
1397 2936 1521 2972 nam
1580 2918 1703 2971 ilico
1750 2916 1974 2986 perinde
2030 2922 2192 2983 atque

632 3020 691 3073 B.
723 3018 921 3072 Paulus
951 3034 962 3069 :
996 3014 1189 3069 Omnia
1216 3029 1427 3082 possum
1461 3014 1513 3063 in
1553 3028 1631 3074 eo,
1673 3012 1761 3080 qui
1798 3027 1876 3063 me
1907 3009 2189 3078 canfortat,

633 3111 838 3163 Christo
861 3107 927 3159 “.
968 3106 1024 3158 Si
1061 3104 1193 3157 mihi
1227 3102 1504 3156 tribulatio
1531 3102 1772 3166 accidat,
1805 3103 1976 3169 ipsam
2022 3102 2189 3153 susti-
2220 3134 2258 3184 (ἶ

634 3213 771 3261 neo;
809 3194 1113 3266 persecutio
1138 3193 1182 3246 si
1206 3192 1407 3254 veniat,
1436 3192 1758 3261 martyrium
1789 3192 1992 3254 subeo;
2027 3188 2070 3242 si
2109 3188 2191 3240 fa-

635 3306 748 3345 mes
777 3288 1024 3351 eveniat,
1063 3284 1296 3339 Verbum
1330 3285 1479 3339 adest
1507 3284 1649 3353 quod
1691 3282 1821 3334 mihi
1856 3281 2033 3335 cibum
2066 3278 2193 3333 sub-

633 3382 936 3443 niinisti'ct;
968 3379 1011 3433 si
1043 3377 1255 3447 gladius
1304 3377 1566 3439 accedat,
1609 3376 1762 3433 adest
1793 3374 1880 3427 ille
1907 3376 1999 3443 qui
2043 3375 2191 3442 plus-

632 3488 795 3544 quam
858 3472 1036 3526 omnis
1087 3471 1298 3540 gladius
1351 3483 1549 3535 anceps
1605 3475 1851 3534 penetrat
1904 3480 2077 3533 usque
2123 3462 2192 3517 ad

634 3564 977 3634 compagines
1020 3569 1074 3615 et
1118 3559 1415 3625 medullas;
1453 3558 1497 3612 si
1539 3557 1792 3625 voluptas
1822 3556 2004 3609 carnis
2046 3554 2193 3607 acci-

635 3656 729 3711 dat
778 3654 907 3709 mihi
928 3696 943 3720 ,
973 3652 1151 3724 gladio
1188 3650 1413 3720 ancipiti
1446 3651 1619 3719 ipsam
1659 3662 1843 3701 reseco
1866 3686 1881 3711 ,
1910 3656 1963 3701 et
1998 3646 2193 3714 abjicio

634 3764 697 3805 ac
722 3748 982 3817 meipsum
1007 3754 1210 3809 castro,
1248 3760 1354 3796 non
1398 3742 1617 3795 admoto
1648 3741 1849 3811 gladio,
1894 3740 2189 3809 utquiilain

637 3840 915 3902 homines;
950 3837 1067 3902 sed,
1101 3844 1159 3889 ut
1184 3835 1322 3887 dixit
1347 3833 1606 3886 Dominus
1634 3851 1647 3885 :
1683 3830 1819 3886 Sunt
1851 3830 2076 3884 eunuchi
2103 3830 2193 3898 qui

633 3934 825 4001 seipsos
860 3936 1222 3982 castraverunt
1244 3936 1457 3996 propter
1490 3940 1704 3993 regnum
1733 3923 1983 3976 castorum
2014 3923 2080 3975 ⁸¹.
2109 3920 2193 3973 Si-

632 4024 848 4097 quidem
881 4022 1128 4077 homines
1175 4019 1310 4073 alios
1353 4017 1603 4070 homines
1635 4022 1880 4070 castrant
1912 4029 2018 4066 non
2062 4027 2191 4081 pro-

632 4125 749 4185 pter
780 4127 1000 4184 regnum
1031 4110 1316 4171 cozlorum,
1351 4106 1447 4160 sed
1491 4113 1712 4175 propter
1740 4118 1966 4174 regnum
1996 4102 2191 4155 mulie-

633 4222 752 4260 rum
804 4217 1060 4265 suariiin,
1116 4209 1175 4253 ut
1228 4199 1438 4253 scilicet
1491 4212 1585 4251 eas
1628 4196 1937 4249 custodiant
1979 4213 1991 4247 :
2039 4195 2194 4247 item-

630 4312 737 4367 que
778 4293 1042 4363 supei'hiie
1069 4305 1235 4346 causa
1281 4290 1331 4342 id
1370 4297 1557 4359 agunt.
1586 4286 1679 4341 Vis
1709 4287 1849 4340 scire
1883 4288 1973 4355 qui
2014 4286 2121 4339 sint
2156 4285 2189 4338 ii

632 4388 725 4458 qui
749 4388 955 4455 seipsos
976 4393 1353 4439 castraverunt
1381 4389 1599 4451 propter
1626 4394 1848 4449 regnum
1884 4378 2145 4431 caelorum
2168 4376 2191 4429 ?

2295 544 2588 611 κλήσεως.
2606 542 2767 613 Ὁρᾷς
2793 544 2917 603 τοὺς
2935 540 3117 608 ἁγίους
3146 538 3720 609 πτεροποιουμένουςς
3752 538 3881 589 [Its-

2295 634 2568 707 ροποιοῦσι
2600 635 2709 705 γὰρ
2743 634 2937 695 αὐτοὺς
2974 630 3189 701 ἀληθῶς
3222 632 3272 682 οἱ
3308 630 3456 697 λόγοι
3487 623 3665 683 οὗτοι.
3709 630 3878 680 Τίνων

2294 728 2401 796 γὰρ
2422 728 2521 779 οὐκ
2551 724 2948 795 ὲπτεροποιήθη
2968 726 2997 776 6
3026 721 3146 779 νοῦς
3169 720 3488 792 ἁκῇκοότων
3517 720 3618 773 τοῦ
3639 720 3878 787 ἀναγνώ-

2296 838 2496 891 σματος
2516 837 2529 883 ;
2547 821 2643 872 Ἰδὲ
2674 820 2781 888 γὰρ
2808 819 2900 871 τὸν
2934 817 3096 869 πόθον
3124 824 3221 885 τῆς
3247 817 3525 887 μακαρίας
3548 816 3741 885 ψυχῆς
3756 816 3877 868 ταύ-

2292 930 2389 983 της
2423 911 2712 980 λεγούσης
2740 907 3129 977 Ἑξεγτέρθητι,
3160 906 3373 975 βοῤῥᾶ,
3400 908 3499 960 καὶ
3539 908 3757 973 ἔρχου,
3780 908 3873 958 γε’·

2292 1021 2374 1063 τε,
2402 1003 2769 1056 διάπνευσον
2796 1000 2996 1069 κῆπόν
3012 1018 3151 1069 μου,
3175 1001 3272 1053 καὶ
3288 999 3700 1066 ρευσάτωσαν
3727 998 3873 1065 ἁμὸς

2288 1096 2445 1164 parci
2472 1113 2613 1165 μου.
2634 1094 2730 1148 Ἰδὲ
2761 1094 2858 1164 τὴν
2892 1094 3208 1161 πεποίθησιν
3234 1094 3331 1161 τῆς
3363 1092 3646 1163 μακαρίας
3671 1092 3875 1152 ταύτης

2292 1190 2487 1259 ψυχῆς,
2526 1189 2638 1249 πῶς
2667 1185 2942 1257 θαρροῦσα
2981 1188 3144 1255 ἑαυτῇ
3190 1184 3495 1237 ἐκκαλεῖται
3521 1185 3654 1246 τοὺς
3686 1200 3873 1252 πειρα-

2296 1279 2463 1346 σμοὺς
2489 1276 2621 1347 πρὸς
2654 1276 2976 1345 δοκιμασίαν
3008 1274 3230 1343 ἑαυτῆς.
3264 1272 3667 1341 Ἑξετέρθητι,
3700 1272 3869 1339 λέγει,

2287 1366 2501 1436 βορῤἆ,
2550 1369 2645 1420 καὶ
2688 1368 2889 1435 ἔρχου,
2930 1369 3163 1420 νότε.’0
3204 1366 3349 1433 λέγει
3393 1366 3637 1419 τοιοῦτόν
3687 1368 3870 1417 ἐστιν’

2305 1460 2444 1527 Ἐγὼ
2486 1461 2810 1530 ὲστήριγμαι
2862 1460 2952 1512 ἐπὶ
2998 1458 3093 1529 τὴν
3142 1458 3365 1529 πέτραν,
3420 1458 3779 1529 ὲρχέσθωσαν
3824 1459 3871 1509 οἱ

2292 1551 2479 1621 ἄνεμοι
2508 1552 2599 1605 καὶ
2631 1551 3111 1622 προσὸαλλέτωσάν
3138 1569 3245 1621 μοι,
3275 1554 3303 1604 6
3340 1550 3437 1621 μὲν
3479 1545 3560 1612 εἷς
3610 1552 3669 1602 ὲν
3695 1550 3870 1619 τούτῳ

2292 1644 2367 1714 τῷ
2399 1644 2575 1714 μέρει,
2607 1644 2700 1696 καὶ
2753 1645 2781 1696 6
2823 1642 2979 1704 ἄλλος
3026 1644 3084 1694 ὲν
3133 1642 3211 1711 τῷ
3245 1641 3389 1711 ἄλλῳ
3437 1641 3597 1712 μέρει
3620 1657 3635 1669 ’
3664 1640 3781 1707 ἐγὼ
3812 1641 3870 1692 ού

2294 1734 2557 1805 φοϐοῦμαι
2587 1734 2772 1787 οὐδένα
2792 1752 2805 1764 ·
2842 1733 2950 1803 ἔχω
2983 1734 3081 1803 τὴν
3124 1734 3324 1807 πέτραν
3350 1735 3448 1805 τὴν
3490 1734 3871 1804 βαστάξουσάν

2298 1844 2363 1897 με
2383 1842 2396 1855 ο
2429 1827 2526 1895 τὴν
2555 1826 2663 1896 γὰρ
2692 1826 2866 1879 οἰκίαν
2899 1843 2999 1896 μου
3032 1824 3125 1878 ἐπὶ
3151 1827 3249 1895 τὴν
3280 1827 3483 1896 πέτραν
3515 1828 3872 1897 ᾠκοδόμησα,

2293 1918 2384 1970 καὶ
2412 1918 2470 1969 ὲν
2492 1916 2569 1986 τῷ
2598 1917 2767 1969 ἐλθεῖν
2800 1918 2925 1980 τοὺς
2952 1917 3186 1989 ἀνέμους
3220 1917 3321 1969 ούκ
3350 1918 3651 1989 ἐφοϐήθην.
3686 1919 3875 1981 Θέλεις

2291 2009 2347 2062 δὲ
2374 2008 2573 2076 γνῶναι
2605 2007 2688 2071 τίς
2712 2009 2857 2062 ἐστιν
2890 2010 2922 2079 ἡ
2951 2008 3145 2079 πέτρα,
3181 2010 3267 2078 ἐφ’
3299 2003 3366 2079 ἦς
3398 2009 3634 2079 ἕστηκεν
3669 2012 3814 2082 αὐτὴ
3841 2012 3873 2080 ή

2296 2099 2537 2171 μακαρία
2588 2098 2769 2169 ψυχήσς
2818 2100 2982 2153 ἄκουε
3028 2099 3121 2151 τοῦ
3171 2098 3383 2152 Παύλου
3427 2099 3543 2161 πῶς
3578 2101 3877 2170 ἑρμηνεύει

2294 2190 2456 2260 αὐτὴν
2502 2190 2594 2242 καὶ⁹
2640 2190 2821 2257 λέγει·
2868 2191 2927 2243 Ἠ
2951 2189 3018 2242 δὲ
3051 2191 3236 2257 πέτρα
3262 2185 3340 2259 ἦν
3380 2191 3414 2243 ὀ
3452 2191 3876 2256 Χριστός.Ἐπὶ

2291 2282 2491 2350 ταύτης
2522 2282 2622 2351 τῆς
2656 2282 2861 2352 πέτρας
2906 2284 3176 2351 στήκουσα
3199 2283 3259 2333 ού
3288 2284 3549 2343 πτοείται,
3596 2281 3741 2334 ἀλλὰ
3791 2282 3877 2333 καὶ

2291 2372 2382 2425 τὸν
2410 2374 2515 2425 ἀπὸ
2552 2372 2721 2443 βορῤἄ
2756 2372 3042 2444 ἐρχόμενον
3070 2372 3313 2425 διάϐολον
3353 2373 3413 2425 ού
3453 2373 3727 2441 φοϐεῖται,
3761 2374 3875 2426 066's

2294 2467 2453 2518 πάλιν
2485 2465 2572 2517 τὸν
2595 2468 2660 2517 ὲκ
2684 2465 3030 2520 νό·ιου.”οσον
3048 2463 3156 2534 γὰρ
3176 2463 3571 2534 τεθεμελίωμαι
3597 2467 3697 2517 καὶ
3718 2468 3879 2533 ἕστη-

2294 2576 2363 2612 κα
2393 2559 2483 2611 ὲπὶ
2508 2559 2606 2629 τὴν
2640 2558 2867 2629 πέτραν,
2897 2557 3049 2610 οὐδὲν
3074 2555 3373 2625 φοϐοῦμαι·
3415 2557 3519 2609 κᾶν
3548 2557 3756 2628 ἀπειλῇ
3791 2576 3875 2628 μοι

2294 2650 2541 2714 θάνατον,
2573 2651 2635 2703 οὐ
2657 2649 2943 2719 πτοοῦμαι,
2969 2648 3029 2700 ού
3049 2646 3315 2717 φοὸοῦμαι
3342 2646 3600 2716 διωγμόν.
3617 2648 3877 2717 "Excipe;

2293 2746 2406 2812 είμι
2459 2742 2551 2795 τοῦ
2596 2742 2952 2812 ὁμολογῆσαι·
2988 2741 3047 2792 ού
3094 2738 3362 2809 φοὸοῦμαι
3394 2738 3573 2809 λιμὸν,
3613 2739 3760 2808 ἔχων
3790 2739 3877 2791 τὸν

2294 2834 2687 2904 ἐνδυναμοῦντά
2731 2850 2796 2903 με
2843 2832 3043 2898 Λόγον·
3094 2832 3187 2882 καὶ
3231 2830 3373 2896 λέγω
3402 2828 3557 2896 κάγὼ
3595 2831 3743 2882 κατὰ
3788 2829 3875 2881 τὸν

2297 2923 2704 2994 μακαριώτατον
2748 2920 2955 2974 Παῦλον
2976 2936 2989 2949 ο
3021 2918 3222 2973 Πάντα
3253 2921 3439 2987 ἰσχύω
3469 2919 3541 2970 ἐν
3574 2916 3660 2983 τῷ
3697 2918 3874 2971 ἐνδυ-

2292 3017 2581 3086 ναμοῦντί
2601 3032 2699 3084 με,
2730 3012 2979 3083 Χριστῷ.
3003 3011 3192 3080 Θλίψις
3232 3028 3320 3082 μοι
3348 3011 3442 3063 ἐὰν
3476 3009 3630 3081 ἔλθῃ,
3669 3011 3875 3081 ὑπομέ-

2292 3126 2368 3160 νω
2409 3108 2610 3176 αὑτήν·
2662 3106 2897 3174 διωγμὸς
2939 3105 3031 3156 sev
3080 3102 3210 3175 ἔλθῃ
3241 3120 3351 3173 μοι,
3384 3102 3681 3173 μαρτυρῶ·
3720 3103 3874 3173 λιμὸς

2296 3200 2389 3251 ἐὰν
2427 3198 2553 3267 ἒ).οῃ
2590 3215 2699 3267 μοι,
2734 3198 2840 3265 ἔχω
2863 3197 2953 3249 τὸν
2977 3195 3245 3266 τρέφοντὰ
3279 3212 3344 3264 με
3374 3194 3546 3261 Λόγον
3576 3212 3587 3224 ·
3627 3196 3872 3266 μάχαιρα

2294 3288 2387 3341 ἐὰν
2430 3287 2577 3357 ἔλθῃ,
2607 3287 2713 3357 ἔχω
2744 3287 2833 3338 τὸν
2874 3285 3010 3356 ὑπὲρ
3064 3286 3244 3339 πᾶσαν
3293 3284 3565 3354 μάχαιραν
3610 3285 3869 3355 δίστομον

2292 3382 2381 3434 τὸν
2412 3380 2779 3449 διικνούμενον
2813 3378 3003 3449 μέχρις
3033 3377 3225 3449 ἁρμῶν
3254 3394 3312 3429 τε
3340 3377 3433 3430 καὶ
3470 3368 3691 3446 μυελῶν
3712 3394 3726 3407 ·
3755 3377 3871 3445 ἡδο·

2293 3474 2356 3542 νὴ
2395 3471 2593 3542 σαρκὸς
2639 3472 2728 3523 ὲᾶιν
2778 3468 2903 3539 ἔλθῃ
2942 3485 3055 3539 μοι,
3080 3471 3145 3539 τῇ
3179 3467 3413 3538 διστόμῳ
3443 3468 3697 3539 μαχαίρᾳ
3738 3469 3870 3520 ἀπο-

2291 3566 2474 3637 τεμνω
2510 3564 2697 3633 αὐτὴν,
2732 3563 2825 3615 καὶ
2859 3561 3148 3614 ἀποϐαλλω
3176 3562 3269 3613 καλ⁵
3295 3561 3586 3630 εύνουχίζω
3608 3562 3867 3631 ἐμαυτόν·

2292 3657 2352 3708 ού
2382 3657 2649 3727 μάχαιραν
2678 3654 2999 3717 ἐπιϐάλλων,
3040 3653 3289 3724 καθάπερ
3328 3655 3469 3715 τινὲς
3500 3653 3613 3705 τῶν
3657 3654 3866 3724 ἀνθρώ-

2295 3767 2409 3803 πων
2434 3749 2693 3812 ποιοῦσιν,
2721 3748 2875 3810 ἀλλὰ,
2900 3746 3077 3809 καθὼς
3100 3742 3251 3800 εἶπεν
3291 3749 3319 3797 6
3351 3746 3586 3815 Κύριος,
3622 3748 3707 3799 ὅτι
3762 3751 3867 3799 Ἐἱ-

2292 3838 2396 3891 Uir
2425 3838 2701 3905 εὐνοῦχοι
2725 3838 2940 3900 οἵτινες
2964 3837 3330 3904 εὐνούχισαν
3349 3836 3596 3902 ἑαυτοὺς
3634 3837 3733 3889 διὰ
3760 3838 3867 3903 τῖμ-

2287 3929 2611 3993 βασιλείαν
2632 3927 2748 3981 τῶν
2775 3926 3381 4000 οὐρανῶν-,Ἄνθρωποι
3408 3930 3505 3999 μὲν
3527 3931 3638 4002 γὰρ
3661 3931 3868 4002 ἀνθρώ-

2294 4040 2426 4084 πους
2466 4021 2863 4091 εὐνουχίζουσιν
2904 4021 2965 4072 οὐ
2998 4018 3087 4073 διὰ
3126 4022 3223 4091 τὴν
3253 4020 3529 4090 βασιλείαν
3556 4021 3667 4073 τῶν
3701 4023 3863 4092 ούρα-

2292 4114 2418 4176 νῶν,
2445 4112 2580 4165 ἀλλὰ
2625 4113 2712 4165 διὰ
2753 4112 2852 4180 τὴν
2892 4109 3162 4179 βασιλείαν
3207 4110 3315 4163 τῶν
3350 4111 3625 4179 γυναικῶν
3663 4113 3868 4165 ἑαυτῶν

2293 4204 2386 4255 κού⁹
2431 4203 2520 4256 διὰ
2562 4205 2814 4273 τήρησιν,
2864 4202 2955 4253 καὶ
3008 4200 3093 4253 διὰ
3136 4200 3534 4271 ὑπερηφανίαν.
3584 4201 3775 4264 Θέλεις
3814 4204 3869 4253 δὲ

2294 4295 2521 4348 ἀκοῦσαι
2554 4295 2694 4357 τίνες
2730 4295 2865 4345 εἰσὶν
2889 4294 2937 4345 oi
2961 4293 3364 4362 εύνουχίσαντες
3399 4295 3627 4355 ἑαυτοὺς
3654 4295 3745 4347 διὰ
3778 4297 3870 4365 τὴν

2296 4385 2570 4456 βασιλείαν
2603 4384 2711 4437 τῶν
2742 4385 3019 4456 ούρανῶνς
3072 4383 3178 4437 ἰδοὺ
3218 4384 3413 4455 Ἰωσὴφ
3446 4385 3535 4439 διὰ
3578 4386 3681 4456 τὴν
3725 4387 3870 4456 βασι-

629 4477 827 4546 «Ῑυεθβιι
878 4485 1094 4545 Ρτοριθτ
1142 4489 1364 4542 Γ⁰Β¹¹υ¹¹¹
1416 4473 1679 4525 εαε¹⁰¹¹υ¹η
1724 4486 1843 4524 sese
1894 4468 2188 4535 casu'aVil;
2222 4462 2267 4517 D
2294 4479 2441 4532 λείαν
2466 4477 2572 4530 τῶν
2591 4478 2831 4549 οὐρανῶν
2863 4476 3170 4547 εύνούχισεν
3192 4478 3409 4531 ἑαυτόν·
3440 4479 3738 4549 κρατηθεὶς
3764 4482 3868 4551 γὰρ

630 4586 751 4625 cum
797 4568 941 4623 enim
989 4582 1019 4619 a
1061 4564 1278 4619 domina
1333 4578 1431 4618 sua
1480 4562 1533 4615 in
1580 4562 1834 4616 cubiculo
1888 4568 2188 4623 teneretur,

632 4674 895 4729 nemoque
923 4658 1168 4720 adesset,
1212 4658 1299 4709 illa
1334 4656 1440 4708 vim
1500 4652 1767 4709 inl'erente
1816 4662 1875 4707 ut
1914 4653 2189 4707 lasciviem

632 4768 784 4807 suam
820 4754 1061 4812 satiaret,
1090 4747 1203 4815 ipse
1238 4761 1357 4799 sese
1388 4747 1668 4811 castravit,
1702 4746 1821 4815 ejus
1859 4744 2067 4800 scilicet
2094 4758 2190 4797 vo—

630 4842 821 4896 luntati
860 4855 964 4893 non
1001 4836 1442 4907 obtemperaudo.

697 4930 751 4985 2.
804 4928 1037 4998 ldipsum
1096 4944 1307 4998 quoque
1352 4929 1505 4981 beata
1558 4925 1809 4981 Susanna
1858 4924 2015 4987 fecit,
2062 4939 2191 4979 cum

629 5022 743 5077 sola
775 5021 828 5074 in
856 5020 1013 5073 horto
1041 5019 1371 5088 deprehensa
1404 5018 1508 5071 fuit
1534 5033 1563 5071 a
1594 5017 1809 5071 duobus
1856 5015 2190 5077 senioribus.

629 5113 892 5169 adulterio
943 5125 1064 5165 cum
1119 5111 1208 5165 illa
1262 5112 1480 5166 misceri
1546 5111 1878 5165 conantibus
1936 5109 2193 5180 (improbi

631 5222 788 5262 senes
818 5224 880 5263 ac
912 5208 1142 5264 Domino
1176 5210 1396 5279 perosi),
1424 5210 1491 5263 de
1521 5209 1717 5278 quibus
1757 5208 2017 5262 Salomon
2044 5206 2195 5260 dice-

630 5297 742 5351 bat.
796 5297 904 5352 imo
945 5300 1124 5359 potius
1177 5298 1439 5354 Dominus
1494 5316 1587 5370 per
1629 5298 1973 5353 S.il0inoiiem
2006 5318 2018 5351 :
2056 5298 2183 5351 Tres

628 5388 821 5456 species
847 5396 1114 5442 hominum
1147 5394 1257 5443 odit
1295 5393 1473 5443 anima
1500 5408 1635 5452 mea,
1662 5406 1832 5443 senem
1865 5391 2185 5454 adulterum,

628 5496 904 5549 pauperem
933 5483 1209 5549 superbum
1239 5493 1286 5536 et
1314 5484 1526 5536 divitem
1567 5482 1865 5535 mendacem
1894 5484 1961 5535 ".
1996 5480 2184 5534 Videu'

701 5655 743 5687 "
771 5656 965 5727 Philip.
998 5674 1080 5723 ιιι,
1112 5659 1195 5711 Η.
1272 5660 1317 5691 ⁸⁸
1340 5660 1495 5713 Cant.
1532 5674 1603 5724 iv,
1650 5660 1734 5713 16.
1809 5659 1849 5690 δ’
1882 5657 1900 5710 Ι
1935 5657 2063 5711 Cor.
2105 5674 2156 5722 ιι,
2190 5656 2241 5709 4.

631 5741 735 5780 xxv
758 5766 773 5781 .
809 5727 859 5779 4.

2298 4570 2402 4624 ὑπὸ
2430 4570 2526 4640 τῆς
2558 4571 2840 4640 δεσποίνης
2866 4572 2943 4632 είς
2978 4569 3068 4622 τὸν
3104 4569 3355 4627 κοιτῶνα.
3392 4570 3487 4623 καὶ
3518 4571 3752 4641 μηδενὸς
3789 4574 3870 4624 δν-

2294 4678 2385 4723 τος
2412 4664 2469 4714 ἐν
2493 4662 2569 4732 τῷ
2601 4663 2771 4732 τόπῳ,
2803 4660 3059 4731 κάκείνης
3084 4658 3495 4730 ἀναγκαζούσης
3524 4663 3623 4715 τοῦ
3655 4665 3868 4717 τελέσαι

2294 4757 2393 4825 τὴν
2435 4754 2632 4823 ἑαυτῆς
2691 4753 2977 4823 ῥαθυμίαν,
3010 4752 3172 4814 αὐτὸς
3205 4751 3481 4822 εύνούχισε
3526 4752 3605 4823 μὴ
3669 4771 3870 4822 συγκα-

2293 4845 2584 4916 ταθέμενος
2608 4844 2764 4915 αὐτῇ.

2360 4936 2414 4990 ‘2.
2455 4935 2622 4988 Τοῦτο
2644 4934 2699 4987 δὲ
2731 4935 2825 4988 καὶ
2866 4935 2900 5003 ἡ
2941 4935 3191 5005 μακαρία
3226 4936 3498 4989 Σουσάννα
3539 4939 3865 5007 πεποίηκεν,

2291 5028 2570 5099 εὑρεθεῖσα
2610 5027 2741 5097 μόνη
2771 5028 2828 5077 ἐν
2864 5022 2940 5094 τῷ
2983 5026 3331 5096 παραδείσῳο
3364 5029 3735 5095 κατασχόντες
3763 5032 3867 5099 γὰρ

2290 5119 2459 5188 αὐτὴν
2484 5120 2531 5169 οἱ
2562 5116 2653 5169 δύο
2694 5114 3079 5187 πρεσϐύτεροι,
3115 5115 3358 5179 θέλοντες
3388 5117 3749 5185 μοιχευθῆναι
3778 5120 3867 5171 αύ-

2290 5211 2409 5280 τὴν,
2448 5210 2748 5279 παράνομοι
2774 5208 3025 5278 γέροντες
3050 5207 3100 5259 oi
3132 5208 3347 5278 μισητοὶ
3371 5208 3517 5277 παρὰ
3542 5208 3623 5279 τῷ
3656 5213 3861 5279 Κυρίῳ·

2291 5302 2500 5361 τούτοις
2546 5300 2601 5351 δὲ
2644 5302 2736 5351 καὶ
2764 5298 3012 5369 Σολομὼν
3041 5297 3245 5366 ἔλεγεν,
3278 5298 3475 5369 μᾶλλον
3514 5297 3571 5351 δὲ
3610 5303 3639 5353 6
3670 5302 3867 5370 Κύριος

2291 5390 2377 5443 διὰ
2431 5389 2789 5459 Σολομῶντος,
2829 5390 2910 5441 ὅτι
2946 5390 3079 5456 Τρία
3112 5389 3241 5455 εἴδη
3279 5390 3574 5456 ἐμίσησεν·
3618 5393 3653 5457 ἠ
3700 5391 3863 5460 ψυχή

2294 5498 2427 5545 μου,
2462 5478 2710 5546 γέροντα
2745 5478 2980 5549 μοιχὸν,
3024 5478 3120 5531 καὶ
3170 5478 3409 5544 πτωχὸν
3452 5479 3860 5549 ὑπερήφανον,

3616 5660 3663 5689 δ’
3696 5657 3852 5711 Eccli.

2322 5657 2367 5688 ”
2400 5655 2632 5725 Philipp.
2665 5674 2735 5725 iv,
2771 5656 2853 5711 l5.
2939 5656 2982 5687 ⁵¹
3020 5655 3207 5710 Matth.
3250 5673 3337 5711 Xix
3365 5696 3381 5721 ,
3426 5656 3509 5710 12.
