4036 6442
217 373 354 431 1357

1335 368 1761 427 FRAGMENTA
1802 369 1869 424 ΙΝ
1911 370 2231 428 CANTICA.

3328 376 3469 436 i358

211 510 353 567 μουο
379 491 538 547 τοῦτο
563 491 621 546 δὲ
654 491 747 547 καὶ
772 491 999 557 Ἡσαΐας
1022 492 1224 561 ἔλεγεν·
1261 494 1382 547 Ἔτι
1408 510 1525 549 σου
1543 495 1777 550 ⁹Ιαλοῡν

1906 506 1993 551 tus
2026 505 2110 552 est
2140 516 2153 551 :
2184 495 2369 550 Adhuc
2397 506 2446 550 te
2463 497 2727 569 loquente,
2765 497 2941 552 dicam
2966 515 2985 553 :
3015 497 3149 554 Ecce
3189 501 3379 555 adsum
3402 504 3469 558 ⁸³.

215 604 321 655 τος
364 585 508 656 ἐρῶ·
551 585 705 642 Ἰδοὺ
734 584 990 656 πάρειμι.
1022 586 1097 640 ού
1138 584 1247 658 γὰρ
1289 586 1545 658 ἀναμένει
1594 590 1624 641 6
1663 587 1795 652 Θεὸς

214 680 341 742 τοὺς
366 681 429 732 ὲκ
454 678 561 731 τῶν
586 678 806 749 χειλέων
830 678 1039 747 λόγους.
1059 678 1274 751 Ἀμέλει
1296 696 1359 748 γε
1380 681 1408 732 6
1434 681 1622 753 Σωτὴρ
1645 683 1703 734 ἐν
1718 681 1795 753 τῷ

215 758 535 840 Εἶύαγγελίῳ
585 770 790 838 ἔλεγεν,
842 772 925 824 ὅτι
980 771 1153 824 Οἶδεν
1201 774 1234 825 ό
1282 772 1425 839 Θεὸς
1453 767 1541 826 ὦν
1585 775 1795 843 χρείαν

212 861 385 929 ἔχετε
419 860 529 926 πρὸ
567 859 673 913 τοῦ
704 857 859 928 ὑμᾶς
888 860 1130 929 αἰτῆσαι
1161 862 1365 915 αὐτόν.
1402 862 1498 916 Διὰ
1524 862 1679 916 τοῦτο
1718 864 1793 935 μὴ

212 950 292 1014 ὡς
339 949 401 1014 ἐξ
446 949 605 1021 ἔργου
653 951 936 1021 εὐχόμενοι
980 952 1303 1023 κράζωμεν’
1351 953 1466 1007 ἀλλ’
1492 956 1541 1008 εἰ
1579 956 1673 1009 καὶ
1713 956 1793 1026 τῷ

214 1042 444 1111 στόματι
487 1041 643 1114 εὔχῃ.
680 1041 839 1112 εὔχου
877 1044 970 1096 καὶ
1016 1043 1095 1113 τῷ
1142 1046 1257 1097 νοΐ·
1292 1044 1448 1099 τοῦτο
1498 1046 1606 1119 γὰρ
1639 1049 1732 1102 καὶ
1763 1051 1793 1102 6

215 1133 428 1197 Παῦλος
459 1133 641 1202 ἔλεγε·
681 1132 861 1188 Ψαλῶ
903 1127 984 1201 τῷ
1025 1137 1336 1205 πνεύματι,
1371 1140 1546 1206 ψαλῶ
1575 1139 1673 1196 καὶ
1711 1140 1791 1207 τῷ

208 1227 444 1279 νοΐ.Ἐκ
478 1224 718 1290 βαθέων
741 1227 871 1299 γὰρ,
920 1227 1074 1297 φησὶ,
1110 1228 1404 1297 ἐκέκραξα
1444 1246 1564 1296 σοι,
1592 1234 1787 1301 Κύριε.

209 1318 311 1370 Διὰ
341 1317 499 1370 τοῦτο
525 1320 619 1372 καὶ
649 1321 681 1389 ἡ
708 1320 844 1390 γυνὴ
892 1320 950 1371 ὲν
985 1323 1105 1383 ταῖς
1138 1321 1446 1387 Βασιλείαις
1478 1324 1565 1377 ὅτε
1591 1324 1791 1396 ηὔχετο

209 1409 510 1480 κράζουσι,
540 1412 569 1464 6
606 1411 782 1481 ἱερεὺς
807 1412 1051 1483 ἐφίμωσε
1078 1412 1139 1465 τὸ
1169 1412 1340 1483 στόμα
1362 1416 1551 1487 αὐτῆς,
1582 1418 1791 1489 ἡγησά-

211 1520 374 1572 μενος
411 1503 599 1575 αὐτὴν,
631 1504 711 1558 ὅτι
755 1504 1007 1571 ἐμέθυεν·
1049 1505 1143 1558 καὶ
1173 1505 1323 1577 ὅμως
1369 1509 1572 1579 ἐκείνη,
1600 1509 1677 1580 τῷ
1708 1509 1787 1564 νοῒ

207 1597 497 1668 εὐχομένη,
535 1600 627 1652 καὶ
659 1600 1006 1672 εἰσηκούσθη,
1056 1604 1149 1657 καὶ⁸
1190 1603 1343 1658 ἔτεκε
1385 1605 1476 1659 τὸν
1509 1607 1783 1678 Σαμουὴλ.

205 1689 306 1742 Διὰ
343 1688 501 1742 τοῦτο
534 1691 627 1744 καὶ
657 1692 720 1746 σύ
744 1691 798 1744 τί
826 1692 1116 1763 εὐχόμενος
1141 1694 1382 1766 κράζεις,
1411 1697 1487 1761 ὼς
1515 1698 1609 1751 τοῦ
1648 1697 1783 1751 Θεοῦ

208 1782 287 1853 μὴ
311 1781 627 1849 ἀκούοντοςς
662 1785 857 1837 ΙἌκουε
888 1783 982 1838 τοῦ
1016 1784 1286 1856 λέγοντος,
1326 1789 1406 1841 ὅτι
1457 1789 1519 1843 ’0
1562 1792 1781 1859 φυτεύ-

203 1890 326 1942 σας
350 1875 417 1930 τὸ
448 1871 558 1941 οὖς
580 1876 716 1945 οὐχὶ
745 1877 988 1942 ἀκούει;
1014 1879 1077 1932 Εἰ
1108 1880 1205 1951 μὲν
1239 1879 1346 1951 γάρ
1388 1881 1451 1934 σὺ
1485 1881 1624 1952 ἔχων
1668 1877 1782 1936 ὦτα

202 1966 445 2030 ἀκούεις,
496 1968 647 2038 πόσῳ
679 1968 877 2038 μᾶλλον
922 1973 951 2023 6
996 1970 1226 2042 ποιητὴς
1275 1971 1467 2039 (erant;
1499 1973 1598 2027 Διά
1628 1974 1783 2028 τοῦτο

202 2056 355 2127 παρὰ
388 2050 577 2127 Κυρίῳ
612 2057 687 2130 μὴ
727 2058 1009 2129 εὐχόμενοι
1050 2058 1360 2132 κράζωμεν,
1405 2063 1480 2127 ὡς
1520 2062 1613 2117 τού
1647 2063 1780 2117 Θεοῦ

206 2149 283 2220 μὴ
316 2149 635 2213 ἀκούοντος·
686 2150 780 2202 καὶ
822 2150 929 2222 γάρ
978 2151 1303 2207 σιωπώντων
1348 2156 1377 2208 6
1417 2154 1547 2219 Θεὸς
1572 2156 1777 2212 ἀκούει.

199 2240 439 2313 Θεωρεῖς
469 2241 578 2312 γὰρ
613 2240 703 2295 τὸν
732 2240 893 2295 πόθον
915 2242 1006 2296 τὸν
1034 2246 1092 2297 ὲν
1124 2244 1295 2317 ταύτῃ
1317 2248 1382 2315 τῇ
1419 2248 1664 2320 μακαρίᾳ
1680 2249 1783 2319 ψυ-

199 2333 295 2403 χῇ,
324 2332 460 2396 πῶς,
498 2332 922 2405 παρακαλούσης
950 2336 1118 2407 αὐτῆς
1148 2338 1241 2390 καὶ
1270 2336 1532 2409 λεγούσης
1552 2356 1566 2370 ο
1594 2344 1782 2394 Κατα-

199 2421 359 2488 Eriza)
380 2421 701 2491 ἀδελφιδός
716 2442 835 2492 μου
859 2428 938 2491 εἰς
967 2424 1164 2494 κῆπον
1185 2427 1391 2493 αὑτοῦ,
1422 2430 1520 2483 καὶ
1550 2431 1781 2500 paretat

198 2514 437 2581 καρπὸν
457 2514 804 2582 ἀκροδρύων
824 2517 1010 2572 αὐτοῦ
1026 2536 1039 2549 ·
1076 2518 1189 2583 πῶς
1215 2519 1416 2584 εὐθέως
1441 2522 1589 2590 λέγει
1612 2525 1641 2576 6
1674 2524 1779 2577 A6-

197 2620 297 2673 γος
311 2620 323 2635 ·
343 2604 650 2673 Εἱσῆλθον
665 2608 752 2673 εἰς
774 2607 973 2675 κῆπόν
988 2628 1128 2677 μου,
1146 2611 1379 2681 ἀδελφή
1402 2632 1521 2681 μου
1541 2616 1777 2685 arma”);

194 2692 277 2758 ὡς
320 2696 473 2749 οὐδὲν
520 2698 850 2770 ταχύτερον·
896 2700 976 2754 ἔτι
1022 2702 1132 2772 γάρ
1165 2705 1335 2775 αὐτῆς
1382 2706 1666 2778 λαλούσης,
1694 2709 1782 2762 εὐ-

197 2785 342 2851 θέως
387 2788 691 2859 ὑπήκουσε·
739 2790 962 2864 θεωρεῖς
986 2793 1047 2847 τὸ
1080 2798 1492 2868 γεγραμμένον·
1523 2799 1644 2853 Ὅτι
1678 2803 1776 2857 καὶ

196 2876 289 2932 ἔτι
311 2879 649 2945 λαλοῦντός
673 2897 787 2934 σου
810 2882 943 2949 ἐρῶ,
960 2884 1118 2938 Ἰδοὺ
1147 2886 1485 2958 πάρειμι;“Δ
1494 2908 1568 2960 μα
1585 2890 1694 2963 γὰρ
1722 2894 1780 2946 ὲν

196 2969 280 3041 τῷ
333 2971 502 3042 αὐτὴν
563 2972 898 3042 παρακαλεῖν
958 2975 1051 3027 καὶ
1105 2975 1313 3045 λέγειν·
1373 2979 1686 3050 Κατὰϐηθι,
1734 2978 1779 3035 ὦ

195 3061 365 3130 Λόγε,
410 3064 498 3127 εἰς
533 3062 640 3115 τὸν
682 3062 883 3131 κῆπόν
913 3080 1049 3130 σου,
1083 3069 1180 3121 καὶ
1212 3069 1363 3141 φάγε
1404 3070 1512 3125 τόν
1550 3073 1780 3143 καρπὸν

195 3150 320 3205 τῶν
342 3153 684 3223 ἀκροδρύων
701 3173 837 3218 σου,
862 3157 1063 3223 εὐθέως
1086 3160 1394 3233 ὑπήκουσεν
1419 3164 1554 3238 αὐτῆ
1581 3166 1775 3235 λέγων·
1805 3186 1849 3245 ο

195 3243 509 3313 Εἰσῆλθον
531 3250 616 3313 εἰς
642 3248 746 3301 τὸν
776 3248 975 3318 κῆπόν
989 3270 1130 3322 μου,
1153 3254 1385 3325 ἀδελφή
1411 3275 1530 3327 μου
1551 3260 1775 3329 νύμφη.

268 3334 325 3393 6.
364 3337 461 3390 Διὰ
491 3338 542 3392 τί
570 3339 625 3392 δὲ
650 3340 742 3394 καὶ
765 3340 982 3414 νύμφην
1010 3345 1104 3398 καὶ
1130 3346 1364 3419 ἀδελφὴν
1392 3350 1562 3420 αὐτὴν
1582 3350 1780 3421 ὀνομά-

196 3426 318 3493 ζεις
348 3430 463 3495 Πᾶς
494 3431 601 3501 γάρ
633 3434 864 3502 νυμφίος
893 3436 992 3488 οὐκ
1019 3438 1272 3507 ὀνομάζει
1305 3439 1404 3510 τὴν
1430 3440 1648 3515 νύμφην
1682 3444 1779 3496 αὐ-

193 3520 292 3575 τοῦ
326 3522 560 3594 ἁδελῄν
580 3541 594 3556 ο
634 3519 735 3579 ὦδε
760 3528 816 3579 δὲ
852 3528 945 3580 καὶ
967 3528 1203 3598 ἀδελφὴν
1239 3530 1330 3582 καὶ
1360 3530 1579 3603 νύμφην
1606 3535 1776 3606 αὐτὴν

192 3610 484 3682 ὀνομάζει,
518 3614 604 3667 ἵνα
634 3614 800 3689 δείξῃ,
843 3619 925 3671 ὅτι
961 3618 1060 3672 οὐκ
1089 3618 1234 3672 ἔστιν
1265 3622 1294 3674 6
1317 3619 1555 3693 θάλαμος
1584 3624 1777 3696 ἐπᾳδό-

198 3718 360 3771 μενος
390 3704 784 3775 σαρκός.Ὂταν
814 3710 911 3778 μὲν
936 3710 1042 3781 γάρ
1066 3710 1319 3784 ὀνομάζει
1343 3713 1512 3785 αὐτὴν
1533 3715 1772 3788 νύμφην,

191 3794 286 3849 διὰ
318 3795 407 3849 τὸν
437 3798 627 3866 Λόγον,
656 3800 745 3853 τὸν
795 3803 1195 3875 μνηστευθέντα
1237 3806 1334 3878 τὴν
1370 3806 1568 3879 ψυχήν.
1605 3810 1776 3863 Τοῦτο

192 3887 307 3960 γὰρ
334 3890 427 3943 καὶ
465 3890 674 3956 Παῦλος
706 3891 890 3962 ἔλεγεν
913 3911 928 3926 ’
958 3895 1336 3967 Ἡρμοσάμην
1367 3898 1523 3969 ὑμᾶς
1553 3898 1643 3954 ἐνὶ
1666 3902 1773 3957 ἀν-

192 3978 291 4048 δρὶ
310 3981 610 4049 παρθένον
632 3984 827 4054 ἁγνὴν
850 3987 1233 4055 παραστῆσαι
1255 3989 1333 4056 τῷ
1351 3991 1597 4059 Χριστῷ.
1608 3994 1774 4047 Ὅταν

190 4070 251 4124 δὲ
296 4072 389 4125 καί⁵
430 4073 661 4147 ἀδελφὴν
706 4076 873 4149 αὐτὴν
906 4080 1179 4149 ὀνομάζει,
1205 4081 1292 4135 διά
1339 4083 1439 4154 τὴν
1486 4084 1666 4157 σάρκα
1707 4086 1773 4157 ἣν

190 4163 439 4237 ἐφόρεσε.
489 4166 659 4221 Τοῦτο
704 4169 813 4241 γὰρ
862 4165 942 4235 εἷς
991 4172 1102 4226 τῶν
1146 4174 1440 4247 προφητῶν
1493 4179 1773 4250 σημαίνων

190 4258 323 4328 περὶ
360 4258 523 4313 αὐτοῦ
560 4260 746 4330 ἔλεγεν
770 4280 784 4293 ·
823 4264 1157 4335 Ἀπαγγελῶ
1182 4267 1248 4321 τὸ
1276 4266 1464 4338 ὄνομά
1498 4287 1616 4326 σου
1648 4271 1772 4341 τοῖς

187 4349 476 4423 ἀδελφοῖς
500 4370 639 4421 μου.
666 4356 763 4409 Διὰ
780 4355 939 4410 τοῦτο
968 4358 1158 4429 μηδεὶς
1180 4361 1448 4431 νομιζέτω
1476 4366 1772 4435 σαρκικούς

187 4435 329 4494 εἶναι
374 4442 499 4506 τοὺς
532 4442 723 4511 λόγους
751 4446 1129 4511 τούτους.”οτε
1163 4451 1261 4520 μὲν
1309 4452 1418 4525 γάρ
1468 4456 1769 4526 παρεκάλει

1899 585 2017 641 Νοη
2058 588 2204 642 enim
2247 587 2390 644 Dens
2422 598 2703 660 exspectat
2735 590 2900 645 verba
2940 591 3100 647 labiis
3144 593 3373 661 prolata.
3406 594 3472 650 Et

1896 693 2029 734 sane
2063 677 2310 733 Salvator
2349 680 2404 734 in
2434 680 2731 753 Evangelio
2779 682 2854 736 ait
2892 700 2905 736 :
2936 680 3049 737 Scit
3082 681 3222 738 Deus
3248 700 3472 753 quorum

1896 786 2024 839 opus
2059 769 2297 825 habeatis
2338 781 2620 845 antequam
2669 774 2861 843 petatis
2910 773 2973 827 ab
3014 775 3126 845 ipso
3149 775 3215 829 “.
3248 776 3371 832 Ideo
3406 794 3473 833 ne

1893 861 2051 932 quasi
2079 844 2449 932 perfunctorie
2478 863 2779 920 clamcmus
2816 866 2870 920 in
2912 867 3230 936 precando;
3260 870 3376 931 sed,
3422 870 3470 923 si

1893 967 1989 1006 ore
2015 953 2281 1021 precaris,
2313 968 2535 1024 precare
2572 965 2625 1010 et
2654 965 2857 1011 mente.
2909 956 2965 1011 ld
3010 958 3154 1012 enim
3188 967 3243 1013 et
3265 957 3472 1016 Paulus

1893 1041 2114 1097 aiebat:
2153 1041 2396 1097 Psallam
2449 1045 2643 1115 spiritu
2668 1085 2684 1109 ,
2735 1046 2968 1117 psallam
3002 1057 3052 1102 et
3084 1059 3250 1103 mente
3289 1049 3355 1103 ⁸⁸.
3397 1050 3472 1105 De

1891 1134 2193 1203 profundis,
2256 1135 2437 1206 inquit
2477 1138 2638 1203 alius,
2682 1137 2910 1193 clamavi
2952 1140 3021 1192 ad
3050 1149 3118 1206 te,
3151 1140 3370 1196 Domine
3399 1142 3467 1198 “.

1892 1223 2253 1291 Quamobrem
2305 1236 2358 1281 et
2389 1228 2587 1284 mulier
2623 1230 2679 1284 in
2709 1230 2865 1287 libris
2902 1229 3143 1301 Regum,
3187 1250 3311 1289 cum
3355 1236 3471 1291 cla-

1890 1318 2092 1372 mando
2120 1332 2459 1388 precaretur,
2492 1322 2753 1377 sacerdos
2796 1323 2970 1392 ipsam
3017 1324 3282 1393 coercuit,
3313 1338 3469 1385 ratus

1889 1409 2098 1464 ebriam
2136 1424 2258 1465 esse
2291 1410 2369 1476 “7;
2402 1420 2457 1465 et
2497 1421 2679 1467 tamen
2713 1413 2805 1468 illa
2835 1429 2960 1470 cum
2992 1425 3171 1473 mente
3216 1434 3469 1489 precare-

1890 1511 2000 1568 tur,
2034 1511 2280 1572 Optatum
2320 1514 2618 1561 consecuta
2644 1546 2660 1572 ,
2710 1507 3019 1565 Samuelem
3066 1511 3293 1581 peperit.
3323 1510 3464 1577 Quid

1893 1609 2023 1665 ergo
2047 1606 2102 1651 tu
2132 1596 2339 1653 clamas
2362 1597 2416 1651 in
2443 1600 2725 1665 oratione,
2754 1615 2819 1656 ac
2843 1601 2890 1656 si
2926 1600 3070 1657 Deus
3105 1617 3214 1657 non
3240 1603 3466 1658 audiat?

1885 1686 2026 1741 Audi
2060 1703 2184 1742 eum
2233 1688 2329 1759 qui
2373 1689 2526 1757 dicit,
2576 1689 2681 1755 Qui
2720 1690 2980 1759 plantavit
3019 1709 3199 1746 aurem
3225 1710 3330 1747 non
3364 1711 3463 1747 au-

1888 1779 1995 1833 diet
2022 1780 2114 1833 “2
2146 1777 2279 1834 Nam
2310 1779 2356 1835 si
2385 1789 2464 1847 tu,
2486 1781 2616 1851 quia
2640 1797 2801 1837 aures
2826 1782 3016 1848 babes,
3051 1784 3230 1850 audis,
3254 1795 3462 1856 quanto

1813 1852 1855 1906 Β
1886 1872 2059 1940 magis
2099 1872 2317 1926 aurium
2349 1872 2569 1942 opifex?
2607 1872 2686 1929 Ne
2716 1873 3017 1931 clamemus
3046 1875 3228 1947 itaque
3258 1852 3325 1933 ad
3353 1877 3464 1933 Do-

1885 1956 2095 2012 minum
2137 1961 2413 2028 precando
2437 2002 2453 2027 ,
2490 1962 2648 2032 quasi
2698 1960 2844 2018 Deus
2891 1980 3001 2020 non
3045 1967 3276 2022 audiat:
3316 1970 3461 2026 Deus

1883 2049 2029 2104 enim
2070 2050 2155 2105 vel
2196 2051 2419 2107 silentes
2457 2054 2629 2107 audit.
2660 2053 2850 2109 Viden‘
2896 2056 3229 2115 desiderium
3282 2060 3455 2118 beata:

1884 2142 2032 2197 illius
2075 2142 2303 2210 anim-.e,
2339 2160 2450 2215 quo
2480 2155 2644 2216 pacto
2684 2146 2941 2203 hortante
2985 2149 3077 2205 illa
3112 2153 3199 2208 bis
3224 2154 3404 2211 verbis
3439 2172 3458 2209 :

1884 2230 2181 2287 Descendat
2219 2234 2445 2290 dilectus
2479 2253 2623 2291 meus
2661 2238 2717 2291 in
2751 2238 2964 2295 hortum
2996 2259 3171 2307 suum,
3200 2256 3249 2299 et
3283 2263 3458 2303 come-

1882 2324 1975 2377 dat
2009 2327 2241 2394 [ractum
2270 2344 2546 2397 pomorum
2586 2347 2803 2385 suorum
2825 2333 2889 2398 ",
2933 2338 3203 2406 extemplo
3224 2348 3279 2394 et
3308 2341 3458 2396 nulla

1882 2416 2202 2487 interposita
2233 2435 2388 2475 mora
2412 2419 2652 2477 Verbum
2685 2423 2832 2479 dicat
2856 2467 2871 2490 ,
2921 2427 3131 2484 Intraui
3158 2433 3212 2485 in
3245 2431 3459 2487 hortum

1881 2524 2087 2573 meum,
2137 2528 2289 2564 soror
2336 2530 2452 2568 mea
2498 2532 2691 2585 sponsa
2726 2521 2772 2552 "°
2799 2521 2821 2574 ?
2849 2518 2992 2575 Nihil
3030 2523 3296 2593 celerius;
3339 2526 3458 2596 ipsa

1881 2601 2081 2670 quippe
2136 2601 2437 2672 loquente,
2492 2608 2677 2664 subito
2730 2614 3033 2682 respondit.
3080 2614 3271 2671 Viden’
3310 2618 3461 2688 quod

1882 2693 2142 2762 scriptum
2173 2705 2299 2750 est:
2336 2695 2601 2762 Quoniam
2649 2701 2821 2757 adhuc
2860 2714 2908 2758 te
2936 2705 3199 2776 loquente,
3237 2708 3459 2767 dicant:

1882 2781 2019 2838 Ecce
2043 2786 2232 2840 adsum
2262 2787 2304 2818 ⁷⁸
2327 2788 2350 2841 ?
2370 2788 2505 2845 Cum
2534 2792 2770 2862 primum
2793 2796 2937 2851 enim
2972 2797 3088 2868 ipsa
3125 2800 3337 2856 hortata
3372 2811 3462 2859 est

1882 2886 2043 2947 atque
2081 2878 2239 2945 dixit,
2273 2880 2542 2938 Descende
2563 2926 2580 2950 ,
2604 2900 2638 2940 ο
2665 2884 2936 2957 Verbum,
2961 2890 3016 2944 in
3048 2892 3258 2946 hortum
3286 2903 3458 2960 tuum,

1880 2976 1930 3020 et
1976 2970 2185 3022 comede
2224 2970 2456 3038 fractum
2519 2991 2796 3043 pomorum
2836 2990 3090 3050 tuorum,
3139 2986 3321 3041 subito
3371 3001 3459 3042 re-

1880 3059 2104 3127 spondit
2149 3060 2228 3114 illi
2260 3062 2474 3119 dicens:
2508 3063 2715 3120 Intraui
2748 3069 2803 3123 in
2830 3070 3040 3126 hortum
3070 3091 3262 3144 meum,
3305 3094 3457 3132 soror

1881 3163 1997 3201 mea
2027 3165 2242 3218 sponsa.

1876 3362 1882 3367 λ
1951 3346 2003 3401 6.
2036 3344 2176 3413 Quid
2211 3359 2295 3404 est
2335 3351 2481 3420 quod
2517 3368 2774 3422 sponsam
2820 3365 2877 3412 et
2923 3374 3169 3416 sororem
3202 3365 3454 3422 eamdem

1879 3440 2075 3492 vocat?
2097 3438 2214 3493 Non
2239 3442 2384 3495 enim
2408 3444 2590 3511 quivis
2612 3460 2850 3515 sponsus
2881 3464 3137 3520 sponsam
3169 3470 3324 3511 suam
3357 3474 3454 3513 so-

1878 3544 2055 3584 rorem
2092 3535 2508 3603 nuncupaverit.
2548 3535 2647 3593 ilic
2679 3555 2808 3594 vero
2839 3554 2893 3598 et
2923 3558 3168 3601 sororem
3196 3558 3249 3603 et
3287 3565 3456 3620 spon-

1877 3636 1992 3676 sam
2046 3622 2217 3693 ipsam
2281 3627 2595 3696 compellat.
2641 3631 2849 3687 scilicet
2892 3647 2949 3689 ut
2990 3630 3301 3697 ostenderet
3342 3659 3453 3700 non

1876 3730 1997 3770 esse
2016 3716 2313 3772 thalamum
2333 3721 2519 3776 carnis
2533 3724 2940 3793 voluptuosum.
2963 3726 3097 3785 Nam
3131 3749 3253 3788 cum
3282 3751 3417 3807 spon
3432 3768 3453 3783 ο

1877 3821 1993 3862 sam
2025 3818 2215 3874 vocat,
2251 3809 2301 3865 id
2327 3812 2439 3881 agit
2460 3812 2622 3868 Verbi
2646 3831 2847 3882 causa,
2876 3820 3020 3888 quod
3062 3823 3301 3879 animam
3356 3830 3453 3883 de-

1875 3902 2179 3969 sponsavit.
2208 3899 2446 3969 ldipsum
2487 3905 2634 3960 enim
2676 3906 2877 3964 Paulus
2914 3911 3032 3967 ait:
3066 3913 3330 3985 Despondi
3364 3937 3451 3977 vos

1874 3991 1967 4043 uni
1998 3993 2129 4053 riro,
2168 3993 2420 4061 virginem
2456 4005 2659 4050 castam
2691 3999 2933 4055 exhibere
2970 4001 3181 4059 Christo
3210 4009 3273 4062 ".
3310 4009 3448 4065 Cum

1874 4091 2052 4137 autem
2096 4082 2269 4152 ipsam
2326 4100 2571 4140 sororem
2626 4102 2923 4161 nuncupat,
2978 4094 3029 4147 id
3081 4096 3179 4162 ait,
3229 4112 3452 4171 propter

1873 4187 2094 4227 carnem
2123 4188 2287 4243 quam
2321 4176 2575 4243 gestavit.
2602 4176 2657 4235 Id
2685 4182 2887 4252 quippe
2918 4187 3308 4256 prophetarum
3341 4193 3445 4245 all-

1872 4267 1995 4332 qttis
2022 4265 2245 4327 indicat,
2278 4265 2395 4320 haec
2421 4267 2489 4323 de
2520 4267 2642 4339 ipso
2676 4273 2906 4343 loquens
2926 4314 2942 4343 ,
2979 4276 3226 4333 Narrabo
3258 4298 3445 4337 nomen

1873 4364 2018 4409 tuum
2086 4356 2343 4426 fratribus
2406 4363 2607 4429 meis",
2639 4363 2934 4422 ldeonemo
2991 4370 3286 4427 arbitretur
3325 4390 3444 4429 ser-

1874 4463 2063 4503 mones
2096 4449 2408 4519 hujusmodi
2453 4454 2696 4509 carnales
2724 4470 2865 4512 esse.
2907 4457 3044 4515 Cum
3089 4463 3232 4518 enim
3264 4465 3444 4536 ipsum

187 4530 355 4584 αὐτὸν
405 4533 437 4603 ἡ
488 4534 732 4607 μακαρία
776 4536 914 4607 αὐτη
961 4538 1106 4613 ψυχὴ
1151 4540 1412 4611 λέγουσα·
1447 4545 1765 4613 Καταϐήτω

1877 4541 2022 4595 beata
2058 4540 2147 4594 illa
2186 4543 2370 4599 anima
2436 4545 2684 4601 hortatur
2714 4544 2901 4603 dicens
2940 4571 2953 4606 :
2988 4530 3446 4612 Descendat’dt'lea

185 4619 505 4691 ἀδελφιδός
531 4641 652 4692 μου
683 4629 769 4692 εις
790 4626 989 4695 κῆπον
1011 4631 1219 4695 αὑτοῦ,
1244 4633 1341 4686 καὶ
1365 4633 1596 4703 φαγέτω
1624 4653 1765 4707 καρ-

184 4715 311 4767 πὸν
338 4714 682 4785 ἀκροδρύων
706 4719 892 4773 αὑτοῦ
913 4760 927 4785 ,
961 4722 1090 4774 ὅταν
1155 4725 1253 4793 μὲν
1293 4725 1402 4797 γὰρ
1425 4727 1633 4801 ἀκούσῃ
1656 4729 1764 4798 ψυ-

186 4805 313 4877 χὴν,
348 4807 422 4876 μὴ
457 4808 583 4877 μίαν
613 4808 791 4881 ψυχὴν
835 4812 1202 4883 ὑπολάμϐανε,
1238 4816 1353 4870 ἀλλ’
1384 4818 1503 4872 ὅλον
1534 4820 1626 4873 τὸν
1669 4822 1761 4875 κό-

190 4913 348 4968 σμον.
379 4900 475 4952 Διὰ
503 4899 662 4954 τοῦτο
693 4902 869 4956 τοίνυν
904 4905 1328 4977 παρακαλοῦμεν
1375 4910 1539 4963 αὐτὸν
1581 4910 1763 4980 λέγον-

183 5004 276 5054 τες
298 5007 311 5021 ·
363 4989 679 5060 Κατὰϐηθι,
720 4989 766 5049 ὧ
800 4996 961 5065 Λόγε,
1010 5000 1097 5065 εις
1129 4999 1237 5054 τόν
1264 5000 1463 5069 κῆπόν
1490 5018 1628 5069 σου,
1663 5008 1759 5059 καὶ

183 5080 339 5151 φάγε
366 5085 471 5138 τὸν
493 5085 726 5153 καρπὸν
749 5086 867 5141 τῶν
890 5088 1237 5158 ἀκροδρύωῦ
1260 5109 1377 5148 σου
1398 5111 1411 5125 ·
1446 5097 1538 5149 καὶ
1563 5096 1762 5160 εὐθέως

180 5175 352 5240 αὐτὸς
366 5178 668 5249 ἐπήκουσεν
684 5196 697 5209 ·
714 5176 1019 5251 Εἰσῆλθον
1036 5184 1125 5249 εὶς
1148 5184 1348 5253 κῆπόν
1361 5204 1501 5256 μου,
1527 5188 1759 5259 ἀδελφή

180 5286 300 5332 μου
344 5268 582 5339 νύμφη*
613 5271 914 5342 ἐτρύιησα
955 5275 1231 5344 σμύρναν
1269 5295 1390 5346 μου
1427 5279 1578 5347 μετά
1611 5279 1761 5348 ἀρω-

179 5359 384 5431 μάτων
426 5377 566 5430 μου.
619 5364 850 5433 Πότερον
908 5364 1287 5435 παρεκάλεσάς
1342 5384 1405 5438 με
1463 5370 1758 5441 καταϐῆναι

181 5452 277 5506 καὶ
329 5453 523 5521 φαγεῖν
570 5454 694 5517 τούς
733 5455 1011 5527 καρπούςς
1068 5457 1199 5512 Ἰδοὺ
1241 5460 1621 5530 καταδεόηκα·
1669 5461 1756 5526 δός

182 5557 277 5613 μοι
304 5543 429 5606 τοὺς
452 5543 713 5613 καρπούς.
732 5545 792 5599 ὐ
820 5547 919 5619 μὲν
942 5550 1034 5601 οὐν
1060 5548 1167 5602 τῶν
1207 5540 1469 5603 Ἰουδαίων
1493 5544 1645 5621 λόγος
1657 5552 1734 5616 ,εὐ

283 5717 333 5797 f'
367 5717 473 5797 _lsa.
521 5738 664 5797 ως,Δ
696 5723 752 5777 9.
794 5722 901 5797 -.σιμ
923 5719 1109 5777 Matth.
1147 5740 1241 5797 τι,
1301 5719 1370 5797 8..
1429 5728 1475 5797 ξ’
1527 5725 1707 5785 lCor.
1771 5749 1901 5797 χεν,
1966 5735 2049 5792 l5.

181 5790 227 5822 ⁸³
256 5788 402 5845 Psal.
438 5805 567 5847 xcnt
591 5834 607 5859 ,
637 5792 692 5849 9.
788 5792 833 5825 ”
862 5792 1017 5848 Cant.
1055 5810 1107 5858 v,
1142 5794 1192 5850 l.
1229 5788 1308 5829 7”
1335 5792 1471 5858 ﬁnd.

1866 4640 1981 4684 ctus
2006 4646 2147 4685 meus
2181 4632 2235 4685 in
2279 4635 2490 4689 hortum
2519 4652 2690 4695 suum.
2732 4645 2783 4691 et
2826 4643 3064 4696 comedat
3096 4645 3324 4715 fructum
3347 4664 3445 4717 po-

1866 4739 2069 4776 morum
2096 4740 2316 4778 suorum
2344 4765 2360 4789 ,
2403 4720 2495 4778 ubi
2550 4728 2789 4784 animant
2818 4733 2997 4800 audis,
3015 4752 3084 4792 ne
3120 4754 3281 4794 unam
3312 4756 3441 4795 sns-

1862 4815 2041 4883 picere
2076 4815 2315 4871 animam
2346 4857 2360 4879 .
2391 4817 2484 4871 sed
2517 4828 2689 4874 totum
2733 4825 3024 4881 mundum.
3069 4826 3438 4896 Quamobrem

1860 4905 2155 4961 invitemus
2195 4908 2369 4978 ipsum
2403 4909 2487 4962 bis
2517 4912 2718 4968 verbis.
2768 4914 3065 4984 Descende,
3106 4936 3140 4975 ο
3182 4920 3438 4992 Verbum,

1860 5014 1916 5050 tn
1946 5000 2159 5053 hortum
2186 5011 2333 5053 tuum
2353 5042 2365 5065 ,
2408 5011 2457 5053 et
2494 5009 2704 5059 comede
2732 5006 2968 5076 fructum
3021 5028 3293 5081 pomorum
3322 5025 3440 5070 tuo-

1861 5106 2015 5154 rum;
2057 5100 2112 5144 et
2150 5091 2326 5160 ipsum
2364 5092 2549 5149 subito
2583 5101 2975 5169 respondebit,
3006 5103 3281 5177 Ingressus
3319 5127 3437 5165 sum

1860 5183 1913 5235 in
1937 5185 2145 5236 hortum
2170 5199 2361 5247 meum,
2390 5202 2541 5241 soror
2568 5206 2682 5243 mea
2710 5208 2926 5260 sponsa,
2950 5202 3141 5253 messui
3168 5203 3436 5270 myrrham

1866 5291 2034 5327 meam
2072 5290 2192 5329 cum
2260 5279 2587 5333 aromatibus
2634 5283 2783 5338 meis.
2825 5282 2964 5341 Num
3023 5292 3309 5348 concitasti
3354 5309 3439 5350 me

1866 5374 1926 5420 ut
1954 5366 2337 5422 descenderem
2392 5379 2445 5424 et
2496 5374 2840 5431 comederem
2872 5376 3126 5437 fructus?
3164 5381 3303 5439 Ecce
3342 5386 3436 5438 de-

1864 5464 2049 5519 scendi
2069 5506 2085 5529 ,
2118 5464 2189 5525 da
2218 5467 2353 5522 mihi
2384 5466 2619 5525 fructus.
2652 5470 2966 5528 Judaeorum
2992 5474 3214 5544 quidem
3256 5488 3439 5532 sermo

1860 5570 1960 5624 pro
1990 5556 2109 5612 uvis
2140 5559 2328 5629 spinas
2360 5560 2543 5615 statim
2566 5562 2796 5634 profert,
2823 5574 2877 5622 et
2897 5582 2997 5637 pro
3036 5568 3154 5624 licis
3178 5570 3431 5628 tribulos.

2176 5738 2416 5829 “zil’sal.
2459 5759 2699 5829 “CXX-l3;
2744 5747 2795 5829 l_.
2906 5750 2951 5781 ⁸⁷
2983 5748 3191 5829 LReg.
3223 5765 3279 5823 ι,
3339 5748 3431 5829 16.

1577 5800 1620 5833 ’ί
1652 5798 1754 5857 lsa.
1798 5820 1910 5873 ιιι,
1938 5806 1990 5860 9.
2066 5809 2111 5841 ⁷²
2132 5809 2319 5866 llCor.
2349 5828 2431 5879 ιι,
2459 5798 2803 5872 Ξξηῖέὲδεει.
2835 5834 2925 5874 ut
