4036 6432
594 356 727 411 1359

1454 357 1491 412 S
1530 352 1901 409 ATHANASII
1939 352 2090 409 OPP.
2137 350 2317 407 PARS
2354 350 2437 405 ΙΙΙ.
2494 382 2548 390 -
2590 350 3001 408 ΕΧΕΟΕΤΙΕᾹ.

3728 356 3870 413 ιεω

592 473 949 540 Quandonam
992 478 1174 527 autem
1213 471 1316 543 ipsi
1347 472 1657 542 hujusmodi
1702 472 1914 527 fructus
1944 472 2153 526 obtule-

2270 469 2394 532 iéw;
2426 470 2579 539 φέρει
2611 470 2731 522 ἀντὶ
2762 468 3044 538 σταφυλῶν
3074 469 3338 535 ἀκάνθας,
3373 473 3469 524 καὶ
3504 470 3633 525 ἀντὶ
3674 472 3872 527 συκῶν

592 575 739 629 runt,
772 566 875 621 nisi
905 566 1125 636 quando
1156 565 1616 635 erucillgebatur?
1649 564 1813 620 Petiit
1858 566 2004 619 enim
2058 580 2156 635 po-

596 668 711 715 tum
748 674 814 713 ex
840 658 1110 713 fructibus
1142 659 1335 722 vineae.
1365 666 1421 713 et
1440 658 1549 713 vini
1575 658 1693 713 loco
1721 658 2039 713 obtulerunt
2083 658 2158 711 illi

590 758 826 806 acetum.
849 748 1040 804 Viden‘
1058 749 1295 803 fructum
1325 764 1537 813 eorum,
1558 764 1668 819 quo
1691 759 1849 819 pacto
1870 749 1923 802 in
1946 759 2159 803 acetum

591 859 781 899 versus
811 844 920 898 sit?
952 842 1106 898 Dicat
1138 842 1366 913 proinde
1398 841 1670 909 Salvator,
1714 842 1963 897 Evocasti
1996 857 2082 896 me
2106 851 2163 896 ut

588 938 975 992 descenderem
1027 946 1082 991 et
1128 936 1471 991 comederem
1523 951 1704 1004 poma,
1741 951 1865 990 ecce
1889 937 2010 989 veni
2045 936 2164 991 siti-

588 1030 825 1093 bundus,
854 1042 907 1084 et
940 1038 1153 1083 acetum
1185 1028 1321 1083 mihi
1351 1028 1600 1083 obtulisti
1634 1047 1645 1082 :
1680 1028 1800 1083 veni
1833 1030 1994 1082 etiam
2035 1043 2163 1083 esu-

588 1125 735 1179 riens
769 1124 835 1178 ad
874 1122 1031 1177 ﬁcum
1058 1164 1073 1188 ,
1115 1135 1167 1177 et
1209 1122 1336 1176 folia
1380 1122 1556 1177 solum
1596 1122 1799 1176 inveni.
1834 1120 2047 1177 Utinam
2079 1123 2162 1177 vel

591 1216 718 1270 l'olia
750 1227 958 1270 tantum
987 1215 1350 1278 invenissem,
1385 1217 1514 1269 dum
1553 1230 1619 1269 ne
1659 1214 1873 1269 aridum
1903 1214 2111 1286 lignum
2145 1231 2161 1269 :

589 1308 822 1378 ideoque
855 1308 958 1377 ipsi
990 1307 1266 1362 maledixi.
1315 1305 1577 1361 Descendi
1614 1305 1759 1360 enim
1807 1314 1867 1361 ut
1908 1306 2164 1361 comede-

590 1416 703 1454 rem
741 1398 953 1454 fructus
981 1414 1268 1468 pomorum
1294 1416 1307 1464 ;
1342 1409 1393 1452 et
1420 1413 1542 1453 cum
1572 1398 1975 1453 descendissem
2000 1439 2014 1464 ,
2038 1412 2165 1452 ecce

589 1490 921 1558 deprehendi
950 1490 1272 1560 sanguinem
1296 1503 1462 1559 super
1488 1490 1758 1559 sanguine
1787 1491 2162 1551 commistum,

592 1581 950 1644 fornicarios,
1013 1580 1288 1634 adulteros
1352 1588 1405 1633 et
1447 1580 1766 1647 sanguinem
1823 1578 2162 1632 innocentem

593 1674 847 1729 effusum.
912 1671 1092 1726 Inveni
1151 1686 1249 1725 vos
1307 1673 1620 1740 sculpentes
1690 1670 1893 1739 lapides
1938 1680 1993 1725 et
2051 1685 2165 1725 rem

592 1766 859 1837 sculptam
889 1764 1058 1819 Deum
1088 1776 1343 1820 vocantes
1365 1807 1379 1831 ,
1425 1780 1488 1819 ac
1521 1765 1739 1819 demum
1772 1781 1870 1834 pro
1894 1764 2163 1821 fructibus

2264 561 2562 633 τριϐόλους.
2587 562 2725 615 Πότε
2776 562 2833 615 δὲ
2879 563 3263 633 προσήνεγκαν
3294 563 3447 634 αύτῷ
3472 564 3712 627 τούτους
3735 566 3874 629 τοὺς

2262 655 2526 725 καρποὺς,
2558 656 2605 707 εί
2639 653 2713 725 μὴ
2741 655 2830 707 ὅτε
2858 654 3223 723 ὲσταυροῦτο;
3254 656 3463 725 ’ῌτησε
3485 655 3598 727 7&9
3622 660 3777 711 πιεῖν
3800 657 3874 711 ὲκ

2262 745 2371 799 τῶν
2422 748 2647 817 καρπῶν
2700 746 2797 817 τῆς
2843 746 3089 816 ἀμπέλου
3114 788 3129 812 ,
3180 748 3272 802 καὶ
3317 750 3438 802 ἀντὶ
3483 750 3634 803 οἴνου
3686 768 3871 821 προσ-

2265 843 2503 912 ήνεγκαν
2532 839 2679 909 αὐτῷ
2706 840 2845 906 ὅξος.
2865 840 3026 911 Ὁρᾷς
3049 841 3140 893 τὸν
3168 842 3380 913 καρπὸν
3399 842 3586 895 αὐτῶν
3611 846 3701 896 ὅτι
3727 843 3873 912 651-;-

2264 947 2358 995 κε;
2389 930 2606 998 Λεγέτω
2644 929 2823 983 τοίνυν
2847 931 2875 981 ὁ
2900 930 3091 1001 Σωτήρ
3111 946 3123 959 ·
3155 932 3545 1003 Παρεκάλεσάς
3583 950 3650 1002 με
3693 951 3871 986 κατα-

2265 1024 2446 1095 ϐῆναι,
2469 1024 2563 1077 καὶ
2591 1025 2783 1091 φαγεῖν
2806 1022 2913 1075 ἀπὸ
2936 1022 3045 1075 τῶν
3073 1023 3409 1095 ἀκροδρύων,
3436 1025 3532 1077 καὶ
3558 1025 3671 1078 ίδοίι
3694 1020 3873 1094 ἦλθον

2263 1118 2451 1188 διψῶν,
2482 1118 2575 1171 καὶ
2607 1116 2726 1182 ὅξος
2771 1133 2863 1187 μοι
2902 1116 3314 1186 προσήνεγκας·
3362 1118 3457 1170 καὶ
3494 1113 3667 1188 ἦλθον
3699 1116 3871 1171 πάλιν

2266 1212 2466 1265 πεινῶν
2496 1211 2589 1263 ἐπὶ
2620 1210 2718 1281 τὴν
2752 1209 2941 1279 συκῆν,
2974 1209 3069 1261 καὶ
3116 1208 3291 1278 φύλλα
3323 1211 3483 1280 μόνον
3511 1206 3701 1282 εὗρον.
3735 1212 3869 1266 Εἴθε

2264 1303 2319 1356 δὲ
2354 1302 2455 1359 κᾶν
2484 1302 2657 1371 φύλλα
2688 1301 2847 1373 μόνον
2875 1300 3172 1372 εὑρίσκειν,
3207 1303 3299 1356 καὶ
3344 1303 3418 1373 μὴ
3456 1303 3517 1355 τὸ
3561 1303 3731 1370 ξύλον
3766 1303 3868 1374 ξη-

2268 1396 2360 1469 ρόν
2380 1413 2392 1426 '
2425 1396 2513 1449 διὰ
2545 1394 2702 1448 τοῦτο
2736 1393 2845 1466 7&9
2879 1396 2971 1448 καὶ
2999 1395 3397 1466 κατηρασάμην
3438 1396 3633 1465 αὐτήν.
3667 1398 3867 1450 Κατα-

2267 1488 2473 1558 ϐέϐηκα
2504 1486 2613 1558 γάρ
2654 1490 2848 1556 φαγεῖν
2893 1488 3018 1550 τοὺς
3062 1488 3309 1558 καρποὺς
3349 1488 3458 1540 τῶν
3506 1489 3868 1561 ἀκροδρύων.

2268 1580 2361 1632 καὶ
2387 1579 2493 1632 ἰδοὺ
2525 1578 2767 1641 καταϐάς
2790 1572 2946 1649 εὗρον
2970 1579 3177 1648 αἵματα
3207 1579 3289 1647 ἐφ’
3324 1579 3553 1649 αἵμασιν
3590 1582 3870 1652 μισγόμε-

2266 1688 2353 1733 να,
2390 1670 2749 1743 πορνεύοντας
2782 1671 2876 1723 καὶ⁵
2912 1668 3281 1740 μοιχεύοντας,
3329 1671 3423 1724 καὶ
3454 1671 3671 1741 αἵματα
3711 1672 3872 1725 ἀειῶα

2268 1764 2624 1835 ἐκχυνόμενα.
2644 1758 2814 1833 Εὗρον
2844 1762 2989 1832 ὑμᾶς
3017 1761 3323 1831 γλύφοντας
3351 1762 3534 1825 λίθους
3557 1804 3574 1827 ,
3603 1765 3706 1816 καὶ
3731 1764 3871 1817 Θεὸν

592 1859 870 1930 myrrham
896 1858 1103 1926 reperi,
1146 1866 1308 1926 atque
1341 1856 1418 1910 tui
1446 1872 1610 1911 causa
1642 1857 1886 1912 abducor
1922 1858 1989 1912 ad
2018 1872 2165 1913 mor-

2270 1855 2657 1926 ὀνομάζοντας·
2706 1855 2801 1909 καὶ
2840 1854 3025 1909 λοιπὸν
3055 1856 3179 1909 ἀντὶ
3213 1856 3533 1927 ἀκροδρύων
3564 1856 3826 1928 σμύρναν
3848 1874 3865 1887 ο

593 1960 721 2006 tem.
752 1950 1001 2003 Descendi
1046 1959 1101 2001 ut
1151 1950 1468 2002 comederem
1520 1949 1724 2019 fructus
1766 1966 2081 2019 pomorum:
2111 1958 2165 2003 et

591 2057 717 2097 ecce
748 2050 966 2111 propter
1009 2050 1060 2095 te
1102 2042 1222 2096 loco
1250 2042 1446 2097 messis
1488 2051 1719 2096 mortem
1748 2040 1985 2110 accipio;
2016 2057 2166 2112 myr-

592 2133 746 2187 rham
785 2141 933 2187 meto
968 2146 1091 2187 cum
1123 2132 1485 2186 aromatibus.
1532 2133 1599 2183 At
1634 2132 1841 2185 utinam
1874 2140 2163 2201 postquam

591 2225 873 2295 myrrham
905 2240 1004 2295 pro
1030 2240 1208 2279 messe
1233 2224 1433 2294 recepi,
1461 2224 1544 2278 vel
1583 2224 1653 2278 ita
1682 2225 1901 2279 tandem
1934 2227 2163 2280 salutem

593 2318 1026 2381 nanciscaminl,
1074 2332 1139 2372 ac
1185 2316 1453 2371 scelerum
1491 2316 1652 2372 ﬁnem
1681 2316 1921 2383 faciatis,
1957 2334 2057 2373 nec
2077 2319 2163 2373 di-

589 2417 746 2463 catur
800 2408 1088 2463 adversum
1140 2422 1237 2463 vos
1290 2407 1342 2461 id
1390 2407 1537 2477 quod
1599 2408 1651 2460 in
1706 2408 1965 2463 vicesimo
2022 2423 2165 2461 nono

592 2502 804 2572 psalmo
854 2501 1115 2567 habetur,
1173 2500 1303 2564 Quw
1357 2498 1565 2553 utilitas
1620 2500 1675 2552 in
1721 2500 1975 2569 sanguine
2029 2514 2163 2561 meo,

591 2597 716 2648 dum
750 2594 1001 2648 descendo
1053 2594 1106 2647 in
1164 2594 1547 2661 corruptionem
1580 2591 1672 2643 7‘?
1734 2589 2164 2644 Descendienim

593 2694 811 2757 propter
844 2695 915 2751 te,
939 2702 1002 2740 ac
1035 2693 1267 2739 mortem
1304 2684 1692 2754 myrrhamque
1730 2696 1827 2751 pro
1869 2696 2046 2736 messe
2077 2697 2168 2737 ac-

592 2778 743 2848 cepi;
781 2793 845 2832 ac
883 2792 991 2830 non
1026 2776 1205 2830 solum
1232 2775 1531 2845 myrrham,
1572 2774 1666 2828 sed
1689 2774 1853 2829 etiam
1887 2789 2009 2827 cum
2042 2789 2167 2827 aro-

593 2870 854 2924 matibus.
930 2867 1050 2934 Quo
1128 2875 1291 2937 pacto
1357 2876 1535 2921 autem
1596 2882 1719 2921 cum
1790 2865 2167 2920 aromatibus?

592 2961 823 3029 Quando
852 2962 995 3016 enim
1044 2959 1321 3031 myrrham
1376 2958 1600 3022 messui,
1650 2958 1861 3012 scilicet
1908 2965 2164 3020 mortem,

592 3070 790 3125 corpus
825 3057 876 3109 in
910 3063 1264 3108 monumento
1290 3052 1596 3121 depositum
1630 3049 1731 3103 fuit
1759 3068 1774 3106 :
1808 3065 1933 3103 cum
1979 3064 2166 3103 resur-

592 3148 733 3202 rexit
763 3146 902 3199 idcm
934 3160 1134 3214 corpus
1160 3145 1558 3212 incorruptum,
1617 3152 1747 3195 tunc
1798 3151 2168 3211 apparuerunt

2266 1947 2361 2001 καὶ
2404 1948 2483 2010 εἰς
2533 1947 2759 2001 θάνατον
2798 1948 3000 2017 ἄγομαι
3041 1946 3129 2000 διὰ
3181 1947 3261 2001 σέ.
3327 1949 3727 2017 Καταόἐϐηκα
3762 1948 3870 2005 τοῦ

2264 2038 2477 2109 φαγεῖν
2508 2039 2649 2103 τοὺς
2693 2039 2962 2107 καρποὺς
3006 2038 3123 2091 τῶν
3166 2039 3549 2108 ἀκροδρύων·
3601 2043 3705 2095 καὶ
3757 2043 3869 2096 ἰδοὺ

2266 2132 2495 2187 θάνατον
2523 2131 2708 2203 τρυγῶ
2758 2130 2845 2183 διὰ
2894 2131 2954 2184 σέ
2977 2149 2991 2162 ⁸
3040 2131 3286 2203 σμύρναν
3324 2132 3509 2204 τρυγῶ
3544 2133 3694 2203 μετὰ
3725 2137 3870 2205 ἀρω-

2269 2225 2472 2294 μάτων.
2492 2224 2629 2277 Ἀλλ⁹
2670 2223 2781 2276 εἴθε
2807 2225 3177 2296 τρυγήσαντός
3208 2242 3309 2295 μου
3343 2224 3440 2296 τὴν
3473 2224 3733 2296 σμύρναν
3764 2244 3871 2279 σω-

2266 2317 2447 2378 θέντες
2474 2311 2571 2386 ἦτε
2605 2315 2698 2368 καὶ
2729 2315 3070 2386 πεπαυμένοι
3104 2315 3211 2368 τῶν
3246 2315 3467 2381 κακῶν,
3512 2318 3609 2369 καί
3648 2316 3729 2387 μὴ
3782 2317 3869 2369 λε-

2266 2409 2409 2476 γέτω
2460 2407 2581 2461 καθ’
2615 2407 2769 2477 ὑμῶν
2818 2408 2880 2460 τὸ
2928 2409 2986 2461 ὲν
3022 2408 3098 2478 τῷ
3135 2408 3363 2479 εἰκοστῷ
3396 2409 3608 2479 ὲννάτῳ

2266 2498 2555 2568 λεγόμενον
2576 2514 2588 2527 ·
2631 2499 2726 2563 Τίς
2758 2498 3011 2565 ὠφέλεια
3054 2499 3123 2551 ἐν
3174 2498 3253 2563 τῷ
3294 2500 3493 2569 αἵματι
3516 2518 3644 2569 μου
3680 2502 3759 2554 ἐν·
3790 2499 3870 2564 τῷ

2269 2588 2597 2656 καταϐἦιοαί
2616 2606 2692 2657 με
2712 2592 2799 2654 εὶς
2829 2589 3184 2658 διαφθοράη
3216 2591 3591 2661 Καταϐέϐηκα
3627 2592 3743 2662 7&9
3781 2594 3871 2646 διὰ

2270 2682 2349 2746 σὲ,
2376 2685 2468 2736 καὶ
2494 2682 2723 2738 θάνατον
2762 2682 3038 2754 ἐτρύγησα
3065 2684 3159 2736 καὶ
3187 2683 3435 2755 σμύρναν
3454 2699 3467 2712 -
3513 2683 3636 2735 ἀλλ’
3665 2685 3733 2735 ού
3768 2684 3868 2753 μό·

2268 2792 2356 2827 νον
2386 2775 2484 2846 τὴν
2519 2775 2784 2845 σμύρναν,
2817 2775 2949 2829 ἀλλὰ
2997 2774 3133 2844 μετὰ
3161 2775 3491 2847 ἀρωμάτων.
3522 2775 3653 2839 Πῶς
3683 2776 3745 2828 δὲ
3774 2776 3868 2829 καὶ

2272 2867 2409 2936 μετὰ
2439 2866 2780 2938 ἀρωμάτων;
2816 2867 2945 2919 Ὅτε
2989 2866 3095 2939 7&9
3134 2867 3411 2938 ὲτρύγησα
3439 2867 3541 2940 τὴν
3590 2869 3865 2939 σμύρναν.

2269 2956 2511 3009 τουτέστι
2535 2957 2625 3009 τὸν
2653 2956 2907 3010 θάνατον·
2940 2956 3029 3008 ὅτε
3058 2955 3215 3027 ἐτέθη
3252 2956 3310 3009 ὲν
3347 2957 3426 3027 τῷ
3463 2959 3747 3029 μνημείῳ.
3775 2962 3867 3012 καὶ

2270 3048 2567 3121 ἀνέστησεν
2623 3049 2684 3102 τὸ
2725 3050 2883 3119 σῶμα
2930 3048 3243 3121 ἄφθαρτον,
3295 3049 3418 3103 τότε
3460 3052 3749 3123 ἐφάνησαν
3798 3070 3867 3105 τα

2271 3140 2539 3211 ἀρώματα
2560 3156 2571 3167 ·
2608 3140 2879 3211 ἀρώματα
2903 3140 2959 3193 δὲ
2982 3136 3051 3211 ἦν
3075 3142 3108 3211 ὴ
3132 3142 3416 3214 ἀφθαρσία
3444 3142 3541 3195 τοῦ
3568 3144 3849 3213 σώματος.

591 3252 876 3300 aromata:
910 3251 1154 3296 aromata
1202 3255 1367 3311 porro
1423 3249 1581 3293 erant
1640 3239 1980 3308 incorruptio
2015 3238 2283 3307 corporis.

661 3364 715 3419 7.
750 3364 1092 3432 Quapropter
1140 3360 1366 3430 pulchre
1422 3358 1500 3413 sic
1529 3357 1769 3428 loquitur
1814 3376 1825 3410 :

591 3475 760 3511 meam
804 3458 994 3510 messui
1039 3472 1155 3508 cum
1208 3454 1530 3507 aromatibus
1562 3454 1690 3506 meis
1714 3468 1731 3507 :
1757 3453 1953 3505 comedi
1980 3467 2168 3521 panem

591 3566 761 3603 meum
801 3564 918 3601 cum
954 3547 1101 3600 melle
1144 3563 1290 3612 meo,
1334 3546 1439 3597 bibi
1478 3546 1653 3597 vinum
1690 3562 1859 3598 meum
1893 3561 2011 3597 cum
2034 3544 2169 3597 lacte

592 3640 793 3692 meo”.
851 3639 1034 3692 Viden'
1070 3636 1305 3691 Verbum
1362 3637 1428 3690 ad
1479 3650 1697 3690 omnem
1751 3645 1963 3688 :etatem
2001 3635 2168 3688 emis-

592 3731 757 3784 sum?
806 3730 961 3795 Quod
1004 3729 1205 3783 Judmis
1232 3728 1451 3798 quidem
1486 3738 1672 3795 utpote
1715 3725 2017 3781 infantibus
2062 3726 2168 3780 mel

598 3833 646 3876 et
670 3823 754 3876 lac
785 3822 837 3874 in
860 3823 1177 3875 alimentum
1209 3821 1476 3889 praebeat;
1507 3820 1611 3872 mel
1646 3828 1698 3873 et
1729 3820 1811 3875 lac
1835 3836 1958 3874 cum
1987 3820 2165 3887 audis,

594 3913 765 3983 legem
799 3912 1092 3976 existima;
1150 3928 1273 3965 nam
1326 3913 1457 3982 ipsis
1510 3922 1695 3981 utpote
1741 3912 2042 3967 infantibus
2086 3913 2167 3969 lac

594 4008 780 4063 datum
825 4018 940 4071 est;
981 4005 1231 4077 perlectis
1270 4022 1399 4060 vero
1429 4006 1586 4075 panis
1627 4015 1680 4059 et
1722 4006 1907 4059 vinum
1955 4006 2163 4060 datum.

594 4102 781 4157 Solida
813 4102 959 4155 enim
1005 4116 1128 4155 esca
1169 4110 1254 4155 est
1307 4100 1462 4169 panis
1505 4109 1665 4168 atque
1709 4099 1921 4163 vinum,
1960 4099 2168 4153 scilicet

595 4192 969 4263 Evangelium.
994 4189 1358 4256 Quamobrem
1388 4189 1609 4257 pulchre
1642 4187 1892 4241 Salvator
1918 4190 1994 4243 ait
2021 4208 2032 4242 :
2060 4187 2165 4242 Co-

592 4286 732 4339 medi
764 4301 950 4354 panem
984 4299 1153 4337 meum
1184 4298 1298 4335 cum
1329 4281 1476 4335 melle
1510 4298 1641 4347 meo,
1668 4280 1773 4333 bibi
1802 4282 1975 4334 vinum
1998 4298 2167 4335 meum

594 4394 713 4430 cum
760 4377 893 4431 lacte
924 4393 1054 4430 meo.
1091 4374 1279 4429 Viden’
1328 4389 1436 4443 quo
1484 4384 1643 4443 pacto
1687 4374 1885 4443 ubique
1931 4374 2166 4442 idipsum

596 4467 778 4521 dicat?
830 4468 1003 4535 Ipsius
1043 4465 1187 4520 enim
1237 4472 1322 4520 est
1370 4475 1479 4517 tam
1528 4461 1738 4517 Novum
1786 4479 1947 4533 quam
1998 4462 2168 4518 Vetus

598 4558 1027 4613 Testamentum.
1079 4556 1201 4612 ldeo
1245 4572 1323 4612 vae
1362 4556 1563 4611 Judccis
1606 4557 1697 4627 qui
1730 4556 1834 4610 mel
1878 4566 1931 4610 et
1962 4557 2044 4610 lac
2077 4572 2169 4611 co-

597 4651 841 4705 medunt.
884 4648 1145 4703 Similiter
1200 4657 1255 4703 et
1310 4647 1594 4702 Manichaii
1634 4662 1826 4715 panem
1874 4655 1927 4700 et
1979 4646 2162 4699 vinum

594 4746 797 4811 edunt;
840 4743 1107 4799 catholica
1161 4750 1341 4795 autem
1389 4740 1629 4795 Ecclesia
1662 4740 1751 4792 illa
1787 4741 1893 4793 duo
1931 4755 2039 4793 una
2072 4755 2166 4793 co-

596 4839 801 4903 medit,
859 4852 1052 4907 panem
1110 4850 1234 4889 cum
1292 4834 1467 4898 melle,
1523 4832 1767 4902 bibitque
1805 4833 1993 4887 vinum
2041 4848 2165 4887 cum

596 4932 755 4985 lacte.
793 4927 857 4983 Et
892 4944 1016 4983 cum
1066 4942 1257 4999 panem
1293 4926 1651 4992 comedimus,
1688 4942 1795 4979 una
1831 4942 1953 4981 cum
1989 4925 2166 4981 Verbo

598 5022 701 5076 mel
727 5022 851 5076 item
882 5020 1241 5075 absumimus.
1280 5018 1555 5087 Scriptum
1602 5020 1727 5073 item
1770 5018 1871 5072 fuit
1906 5028 1964 5071 ut
1995 5034 2167 5089 agnus

598 5117 648 5168 in
698 5113 905 5168 Pascha
953 5112 1347 5167 comederetur.
1408 5111 1620 5180 Agnum
1671 5114 1854 5181 itaque
1898 5127 2055 5165 sumo
2117 5119 2171 5165 ct

595 5225 718 5261 eum
754 5208 871 5276 ipso
913 5205 1085 5259 Verbo
1115 5205 1419 5271 manduco;
1452 5219 1551 5257 nec
1588 5219 1785 5273 agnum
1829 5203 2003 5257 solum
2037 5204 2163 5267 edo,

598 5301 689 5354 sed
717 5300 877 5353 etiam
898 5297 1159 5359 Verbum,
1184 5298 1324 5367 quod
1352 5299 1492 5351 sicut
1519 5312 1693 5365 agnus
1723 5296 1789 5351 ad
1828 5297 2160 5350 occisionem

596 5394 819 5445 ductum
878 5400 977 5441 est.
1041 5387 1165 5442 Ideo
1213 5389 1441 5458 pulchre
1500 5388 1679 5441 dicit:
1720 5388 1932 5441 Comedi
1976 5405 2162 5455 panem

602 5496 768 5533 meum
800 5494 912 5531 cum
950 5478 1096 5531 melle
1119 5494 1251 5540 meo,
1285 5489 1331 5531 et
1359 5479 1462 5529 bibi
1490 5480 1665 5553 rinu_m
1693 5494 1861 5530 meum
1888 5495 2003 5530 cum
2028 5478 2163 5531 lacte

601 5587 753 5625 meo:
788 5580 839 5625 et
878 5570 1055 5623 subito
1086 5572 1432 5637 prosequitur
1462 5589 1474 5622 :
1512 5569 1794 5633 Comedite,
1834 5571 1990 5623 ricini
2041 5571 2161 5634 mei,

672 5820 714 5849 ⁷⁵
754 5816 872 5871 l‘sul
928 5830 1075 5879 xxxx,
1118 5816 1200 5869 l0.
1281 5817 1325 5846 ⁷³
1357 5816 1510 5868 Cant.
1558 5834 1605 5879 ν,
1638 5821 1681 5867 l.

1887 3356 2161 3427 Myrrham
2191 3362 2232 3419 ς,

2335 3356 2388 3409 7.
2426 3356 2522 3408 Δια
2558 3355 2714 3409 τοῦτο
2744 3355 2921 3419 καλῶς
2954 3355 3138 3425 λέγει·
3191 3357 3533 3426 Ἐτρύγοησα
3573 3361 3866 3427 σμύρναν

2267 3464 2385 3515 μου
2407 3445 2556 3514 μετὰ
2580 3446 2901 3515 ἀρωμάτων
2926 3464 3044 3515 μου
3069 3463 3083 3478 ·
3109 3447 3335 3517 ἔφαγον
3361 3447 3545 3516 ἇρτον
3563 3466 3690 3518 μου
3711 3452 3866 3518 μετά

2265 3538 2507 3608 μέλιτός
2523 3556 2642 3607 μου
2658 3555 2670 3567 ·
2694 3539 2866 3593 ἔπιον
2885 3536 3052 3593 οἶνόν
3066 3557 3183 3609 μου
3199 3542 3349 3608 μετὰ
3375 3544 3684 3611 γάλακτός
3717 3562 3831 3611 μοι
3847 3586 3859 3595 .

2272 3631 2505 3702 Θεωρεῖς
2534 3631 2624 3683 τὸν
2650 3632 2820 3700 Λόγον
2850 3633 2939 3685 τὸν
2968 3632 3104 3704 πρὸς
3132 3635 3310 3686 πᾶσαν
3344 3633 3562 3705 ἡλικίαν
3596 3637 3861 3707 γιγνόμε-

2272 3740 2393 3789 νον;
2436 3726 2528 3777 καὶ
2560 3728 2671 3789 τοῖς
2717 3726 2988 3789 Ἰουδαίοις
3013 3725 3225 3796 νηπίοις
3260 3723 3411 3779 οὖσιν
3440 3728 3621 3792 διδοὺς
3650 3732 3861 3800 τρεοςὴν

2274 3817 2393 3886 μέλι
2426 3818 2517 3870 καὶ⁵
2539 3817 2680 3886 γάλα
2699 3836 2711 3847 ·
2742 3818 2862 3888 μέλι
2891 3818 2947 3871 δὲ
2970 3818 3062 3871 καὶ
3081 3817 3220 3886 γάλα
3246 3819 3341 3871 ἐὰν
3373 3819 3636 3892 ἀκούσῃς,
3666 3824 3760 3875 τὸν
3787 3826 3862 3875 νό-

2274 3928 2372 3983 μον
2422 3910 2638 3981 νόμιζε·
2675 3910 2750 3974 ὡς
2797 3909 2902 3981 7&9
2949 3910 3163 3981 νηπίοις
3207 3912 3388 3975 αὐτοῖς
3428 3907 3577 3964 οὖσιν
3612 3913 3775 3983 ἐδόθη
3804 3916 3862 3967 τὸ

2271 4002 2413 4069 γάλα
2433 4018 2445 4030 ·
2483 4004 2596 4064 τοῖς
2638 4000 2695 4054 δὲ
2736 4000 2959 4063 τελείοις
3019 4002 3046 4053 ό
3079 4000 3241 4072 ἄρτος
3264 4001 3357 4054 καὶ
3385 4002 3413 4053 ό
3442 3997 3585 4065 οἶνος
3617 4004 3856 4057 δίδοται·

2273 4094 2467 4166 στερεὰ
2498 4095 2605 4165 γάρ
2635 4096 2749 4147 ἐστι
2776 4093 2948 4165 τροφὴ
2966 4095 3059 4147 καὶ
3080 4094 3106 4145 ὁ
3134 4095 3296 4165 ἄρτος
3321 4096 3414 4147 καὶ
3438 4097 3467 4148 ό
3497 4091 3667 4159 οἶνος,
3693 4114 3854 4150 τουτο

2270 4188 2384 4239 ἐστι
2426 4187 2485 4239 τὸ
2537 4186 2883 4255 Εὑαγγέλιον.
2938 4186 3035 4239 Διά
3074 4187 3232 4240 τοῦτο
3276 4188 3457 4239 τοίνυν
3490 4188 3677 4252 καλῶς
3711 4190 3857 4258 λέγει

2269 4283 2297 4334 ὁ
2330 4282 2551 4351 Σωτήρ’
2615 4282 2874 4350 Ἕφαγεον
2902 4278 3083 4348 ἄρτον
3108 4298 3227 4349 μου
3262 4280 3411 4349 μετὰ
3440 4280 3694 4349 μέλιτός
3712 4300 3856 4351 μοι’.

2271 4376 2443 4429 ἔπιον
2468 4377 2634 4429 οἶνόν
2659 4394 2777 4445 μου
2812 4376 2961 4445 μετὰ
2987 4374 3281 4445 γάλακτός
3296 4394 3434 4443 μου.
3472 4373 3716 4446 Θεωρεῖς
3740 4377 3857 4439 πῶς

2274 4468 2544 4539 πανταχοῦ
2573 4469 2752 4536 λέγει;
2780 4468 2952 4521 Αὑτοῦ
2989 4469 3095 4537 γάρ
3135 4469 3249 4520 ἔστι
3282 4470 3376 4521 καὶ
3415 4470 3447 4538 ἡ
3487 4469 3666 4538 Καινὴ
3702 4472 3855 4539 καὶὴ

2273 4561 2500 4614 Παλαιά.
2530 4562 2625 4614 Δια
2651 4561 2806 4613 τοῦτο
2826 4561 2947 4613 οὐαὶ⁵
2969 4564 3079 4625 τοῖς
3106 4561 3377 4625 Ἰουδαίοις
3397 4565 3511 4624 τοῖς
3527 4562 3587 4614 τὸ
3613 4564 3739 4631 μέλι
3761 4565 3855 4616 καὶ

2272 4654 2411 4721 γάλα
2444 4654 2735 4706 ἐσθίουσιν.
2807 4654 3078 4717 Ὡσαύτως
3110 4654 3166 4707 δὲ
3209 4656 3301 4709 καὶ
3333 4656 3382 4707 οἱ
3422 4656 3718 4725 λῐανιχαίοι
3762 4656 3853 4709 τὸν

2272 4744 2431 4815 ἄρτον
2464 4746 2557 4797 καὶ
2594 4745 2684 4797 τὸν
2729 4741 2869 4798 οἶνον
2912 4744 3214 4798 ἐσθίουσινο
3254 4748 3287 4815 ἡ
3319 4745 3373 4799 δὲ
3405 4745 3689 4819 Καθολικὴ
3730 4748 3853 4801 Ἐκ-

2272 4835 2469 4905 κλησία
2501 4838 2568 4888 τά
2599 4836 2689 4889 δύο
2713 4836 2845 4907 ὁμοῦ
2879 4836 3068 4899 ἐσθίει,
3104 4836 3193 4889 τὸν
3221 4836 3383 4908 ἄρτον
3412 4837 3551 4906 μετὰ
3571 4838 3668 4891 τοῦ
3704 4840 3851 4910 μέλι-

2270 4946 2381 4991 τος,
2413 4930 2505 4981 καὶ
2532 4928 2674 4981 πίνει
2702 4930 2791 4981 τὸν
2818 4923 2958 4981 οἶνον
2990 4928 3128 5000 μετὰ
3165 4928 3258 4982 τοῦ
3296 4929 3599 4997 γάλακτος’
3627 4932 3722 4983 καὶ
3764 4934 3850 4983 ὲσ-

2273 5020 2473 5082 θίοντες
2512 5021 2607 5089 μὲν
2638 5022 2727 5073 τὸν
2756 5022 2917 5091 ἄποτον
2966 5021 3423 5092 συναναλίσκομεν
3468 5022 3547 5091 τῷ
3579 5022 3725 5092 λόγῳ
3757 5027 3847 5077 καί

2271 5112 2331 5164 τὸ
2350 5112 2489 5181 μέλι.
2513 5113 2620 5164 Καὶ
2633 5111 2690 5164 τὸ
2711 5112 2978 5184 πρόϐατον
3005 5113 3311 5182 γέγραπται
3330 5112 3529 5166 ἐσθίειν
3548 5114 3607 5165 τὸ
3632 5116 3843 5185 Πάσχα.

2272 5204 2546 5273 Λαμϐάνω
2575 5205 2634 5257 τὸ
2668 5204 2931 5277 πρόϐατον
2958 5206 3050 5259 καὶ
3084 5206 3455 5259 συναναλίσκω
3478 5206 3612 5259 αύτὸ
3646 5207 3723 5278 τῷ
3750 5208 3847 5260 Λό-

2272 5310 2378 5363 γῳ·
2418 5295 2509 5346 καὶ
2544 5297 2641 5347 οὐκ
2675 5295 2837 5348 ἐσθίω
2863 5296 2923 5348 τὸ
2954 5297 3221 5367 πρόϐατον
3243 5297 3401 5367 μόνον
3421 5336 3435 5355 ,
3468 5296 3606 5349 ἀλλὰ
3633 5300 3727 5350 καὶ
3758 5299 3845 5350 τὸν

2272 5387 2345 5449 ῶς
2369 5388 2635 5456 πρόϐατον
2660 5389 2751 5441 ἐπὶ
2783 5390 2995 5460 σφαγὴν
3021 5391 3284 5458 ἀγόμενον
3315 5389 3506 5458 Λόγον.
3567 5392 3666 5443 Διὰ
3696 5390 3845 5443 τοῦτο

2274 5478 2451 5542 καλῶς
2498 5480 2676 5547 λέγει·
2732 5483 2997 5549 "E90701-
3034 5481 3215 5549 ἄρτον
3250 5499 3363 5550 μου
3408 5482 3562 5551 μετὰ
3604 5484 3844 5552 μέλιτός

2268 5591 2419 5642 μου,
2476 5575 2570 5627 καὶ
2618 5576 2791 5629 ἔπιον
2819 5570 2983 5629 οἶνόν
3027 5592 3144 5643 μου
3178 5578 3325 5643 μετὰ
3372 5575 3672 5645 ττὶλακτός
3694 5594 3839 5647 μοιν
