4036 6452
190 396 324 451 1361
1347 403 1767 459 FRAGMENTA

1837 405 1856 458 ς
1886 405 2274 461 MATIUEUM.
3300 421 3431 474 i369

188 511 287 562 καὶ
315 509 518 573 εὐθέως
568 511 746 578 λέγει·
802 514 1020 583 Φάγετε
1044 559 1056 578 ,
1094 519 1146 569 ol
1186 519 1448 584 πλησίον
1479 538 1598 588 μου
1620 560 1632 583 ,
1668 520 1764 573 καὶ

1835 529 1918 580 ,ει
1967 521 2155 588 bibite,
2206 522 2574 588 inebriamini,
2633 526 2824 594 fratres
2853 529 2916 578 ⁷⁸.
2961 528 3093 583 Vide
3138 546 3245 598 quo
3277 545 3429 599 pacto

187 599 389 664 πίετε,
417 601 515 654 καὶ
554 604 893 671 μεθύσθητε
914 645 928 665 ,
975 604 1243 674 ἀδελφοί.
1290 607 1383 660 Ἰδὲ
1413 609 1502 660 τὸν
1537 610 1762 680 Σωτῆρα

1872 610 2120 664 Salvator
2147 610 2448 668 infantibus
2477 616 2757 683 pracipiat
2785 627 2844 671 ut
2868 621 3172 686 comedam,
3206 624 3430 691 majori-

189 692 313 754 πῶς
360 693 574 764 νηπίοις
623 697 989 766 παραγγέλλει
1032 702 1255 766 φαγείν’
1291 703 1399 763 τοῖς
1449 701 1504 754 δὲ
1554 702 1763 771 μείζοσι

1864 702 1966 756 bus
1982 701 2147 765 dicat,
2168 701 2235 754 Et
2253 703 2443 767 bibite;
2469 705 2820 774 perfectis,Et
2849 709 3200 777 inebriamini,
3217 713 3426 780 fratres.

187 783 372 852 λέγει,
410 786 520 838 Kal
559 786 753 839 πίετε·
795 792 906 851 τοῖς
931 789 986 841 δὲ
1015 792 1239 854 τελείοις
1272 792 1454 861 ἔλεγεν
1474 834 1488 858 ,
1521 796 1601 847 ὅτι
1652 795 1760 848 Kal

1867 793 2008 848 Sane
2039 793 2242 849 Paulus
2293 812 2415 850 cum
2470 797 2742 867 perfectus
2795 811 2962 868 esset,
3017 810 3071 856 et
3117 803 3296 857 divina
3329 804 3430 858 ista

180 876 545 944 μεθύσθητε,
569 878 838 947 ἀδελφοί.
873 881 1084 950 Ἀμέλει
1108 901 1168 950 γε
1194 885 1418 948 Παῦλος,
1444 886 1640 948 τέλειος
1666 886 1761 953 ὢν,

1864 888 2124 941 ebrietate
2151 888 2344 958 plenus
2364 930 2379 954 ,
2425 891 2636 945 dicebat
2667 911 2678 946 :
2707 891 2825 948 Sive
2853 897 2987 948 enim
3020 909 3187 949 mente
3223 898 3430 950 excedi-

189 967 290 1018 καὶ
324 967 731 1038 μεμεθυσμένος
775 971 872 1041 τὴν
904 971 1052 1024 θείαν
1087 974 1290 1046 ταύτην
1326 976 1515 1046 μέθην,
1546 977 1758 1044 ἔλεγενο

1867 996 1980 1031 mus
2037 980 2142 1033 Deo
2165 1022 2179 1043 ,
2231 981 2338 1034 sive
2384 984 2640 1051 sapientes
2677 1002 2855 1038 sanius
2886 989 3025 1040 vobis
3058 989 3125 1040 ⁷⁷.
3167 987 3242 1043 Ne
3276 998 3432 1058 putes

185 1055 332 1153 Elia
392 1056 501 1126 γὰρ
553 1058 880 1130 ἐξέστημεν
943 1061 1095 1127 Θεῷ,
1161 1066 1278 1118 εἴτε
1336 1065 1764 1135 σωφρονοῦμεν

1868 1079 2045 1125 autem
2084 1072 2236 1125 illum
2271 1074 2540 1129 exhausto
2581 1077 2706 1132 vino
2735 1088 2915 1132 mente
2951 1079 3280 1146 excessisse;
3319 1080 3432 1148 ipse

184 1147 353 1214 ὑμῖν.
395 1149 483 1218 Μὴ
513 1150 738 1222 νομίσῃς
763 1152 816 1204 δὲ
845 1153 1025 1216 αὑτὸν,
1058 1156 1137 1207 ὅτι
1163 1157 1269 1209 ἀπὸ
1295 1157 1435 1209 οἴνου
1465 1155 1531 1230 ἦν
1559 1159 1762 1224 ἐξιστὰς

1868 1178 2103 1232 namque
2139 1165 2394 1234 przecepit
2421 1167 2507 1222 his
2531 1169 2708 1224 verbis
2738 1187 2750 1222 :
2787 1168 2966 1224 Nolite
2997 1172 3249 1224 inebriari
3291 1147 3431 1239 vino,

189 1253 353 1326 μενος
373 1256 385 1266 ⁸
411 1239 569 1302 αὐτὸς
600 1240 705 1312 γὰρ
728 1243 1086 1312 παρήγγειλεο
1118 1245 1213 1313 Μὴ
1242 1248 1569 1314 μεθύσκετε
1597 1250 1758 1314 οἴνῳ,

1868 1257 1921 1308 in
1953 1273 2052 1326 quo
2087 1265 2162 1309 est
2204 1257 2420 1311 luxuria
2450 1259 2494 1289 ⁷⁸
2533 1279 2545 1314 :
2584 1264 2676 1314 sed
2713 1260 2996 1316 Timotheo
3031 1263 3257 1318 scribit:
3302 1261 3432 1315 Vino

185 1328 263 1381 ἐν
284 1322 333 1394 ᾧ
357 1330 526 1383 ἐστιν
551 1333 774 1386 ἀσωτία
794 1351 805 1362 ·
827 1333 963 1399 ἀλλ’,
1000 1336 1209 1407 Ὀλίγῳ
1235 1339 1376 1406 οἴνῳ
1399 1339 1519 1406 χρῶ
1537 1341 1634 1395 διὰ
1655 1341 1758 1394 τὸν

1866 1349 2072 1399 modico
2107 1358 2250 1401 utere
2280 1357 2492 1417 propter
2538 1353 2864 1405 stomachum
2917 1363 3065 1407 tuum
3107 1354 3172 1409 ⁷³.
3205 1353 3359 1420 Quod
3387 1355 3432 1408 si

186 1422 504 1490 στόμαχόν
529 1439 668 1482 σου.
691 1427 934 1498 Τιμοθέῳ
958 1430 1154 1501 γράφει
1175 1448 1186 1461 ο
1212 1433 1259 1483 εἰ
1283 1432 1338 1484 δὲ
1360 1433 1536 1496 ἄλλοις
1560 1451 1763 1504 παραγ·

1867 1439 1990 1492 aliis
2041 1439 2145 1494 hoc
2197 1441 2510 1510 praecipiat,
2551 1453 2758 1511 quanto
2821 1446 2992 1514 magis
3039 1447 3290 1515 sihiipsi?
3343 1446 3433 1500 Ille

185 1512 391 1578 γέλλει,
413 1515 561 1586 πόσῳ
589 1518 783 1587 μᾶλλον
804 1519 978 1589 ἐαυτῷ
999 1537 1011 1584 ;
1045 1522 1276 1586 Ἐκεῖνος
1296 1524 1400 1596 γὰρ
1427 1541 1491 1593 με
1500 1525 1758 1595 μεθυσμέ-

1867 1529 2067 1598 quippe
2118 1528 2418 1584 inebriatus
2465 1540 2582 1585 erat
2633 1532 2774 1587 bona
2830 1512 2935 1586 ίιιεῖ
2958 1543 3012 1588 et
3052 1512 3235 1588 divina
3271 1535 3433 1589 Verbi

188 1621 281 1667 νος
317 1600 385 1675 ἦν
419 1607 588 1678 καλὴν
616 1611 708 1662 καὶ
735 1608 882 1662 θείαν
910 1611 1015 1664 ἀπὸ
1039 1613 1130 1666 τοῦ
1159 1615 1330 1682 Λόγου
1367 1615 1550 1684 μέθην.
1588 1617 1764 1670 Γένοι-

1867 1619 2149 1673 ebrietate.
2197 1619 2354 1675 Faxit
2393 1629 2573 1676 autem
2610 1621 2782 1686 Deus,
2832 1634 2889 1679 ut
2930 1640 3028 1678 nos
3062 1640 3182 1678 cum
3215 1626 3307 1678 illo
3333 1642 3433 1678 an-

187 1709 254 1745 το
306 1694 364 1748 δὲ
404 1698 496 1749 καὶ
542 1701 688 1769 ἡμᾶς
739 1702 1203 1773 συναριθμηθῆναι
1261 1708 1377 1774 μετ’
1412 1707 1573 1759 αὐτοῦ
1608 1709 1664 1759 ὲν
1696 1711 1761 1779 τῇ

1867 1726 2217 1766 numeremur
2266 1712 2318 1766 in
2358 1728 2525 1783 regno
2566 1715 2866 1781 caelorum,
2917 1716 2970 1770 in
3025 1715 3241 1772 Christo
3280 1715 3430 1772 Jesu.

191 1785 441 1859 βασιλείᾳ
467 1789 574 1842 τῶν
606 1791 846 1860 οὐρανῶν
878 1794 934 1846 ὲν
964 1795 1183 1865 Χριστῷ
1225 1796 1417 1867 Ἰησοῦ.
1492 1797 1680 1871 Ἀμήν.
1796 1844 1837 1897 Β
1868 1802 2057 1854 Amen.

271 1963 319 1995 "
347 1964 506 2022 Cant.
549 1984 600 2034 ν,
647 1969 697 2025 Ι.
777 1972 820 2002 ⁷⁷
862 1969 902 2023 ll
938 1970 1063 2026 Cor.
1102 1988 1154 2038 v,
1183 1973 1268 2029 i5.
1344 1976 1387 2006 ⁷⁸
1423 1975 1622 2046 Ephes.
1651 1996 1703 2046 ν,
1748 1981 1833 2034 18.

785 1972 820 2002 ⁷⁷
862 1969 902 2023 ll
938 1970 1063 2026 Cor.
1102 1988 1154 2038 ν,
1183 1973 1268 2029 15.
1344 1976 1387 2006 ⁷⁸
1423 1975 1622 2046 Ephes.
1651 1996 1703 2046 ν,
1748 1981 1833 2034 18.
1912 1982 1954 2010 ⁷³
1986 1980 2001 2034 Ι
2043 1980 2185 2034 Tim.
2211 1997 2264 2048 ν,
2292 1981 2379 2036 25.

1522 2365 2100 2458 MONITUM

900 2575 967 2633 IN
1001 2575 1367 2634 SERMONES
1397 2575 1551 2633 SIVE
1591 2576 2142 2634 COMMENTARIOS
2180 2577 2246 2634 lN
2292 2578 2724 2636 MATTH‘EUM.

275 2935 360 2992 An
387 2934 706 2990 Athanasius
734 2949 1019 2999 sermones,
1051 2935 1155 2988 sive
1177 2939 1577 2988 commentarios
1605 2936 1656 2988 in
1676 2935 1982 2990 Matthaeum
2004 2933 2222 2996 dederit,
2240 2949 2413 2996 necne,
2437 2948 2490 2986 re
2510 2946 2574 2986 ea:
2596 2932 2908 3001 conjecturis
2937 2931 3108 2985 solum
3128 2930 3439 2999 ponderata,

198 3034 334 3088 olim
364 3032 618 3102 ambigere
646 3031 727 3101 fas
750 3039 893 3094 erat,
922 3032 1176 3100 siquidem
1205 3042 1404 3085 catena:
1435 3032 1489 3084 in
1515 3030 1869 3100 Evangelium
1909 3029 2163 3094 Matthzei,
2192 3030 2469 3082 Athanasii
2502 3027 2755 3081 nonnulla
2784 3027 3230 3096 circumferentes,
3258 3038 3440 3080 notato

197 3127 374 3182 solum
406 3127 681 3181 Athanasii
710 3127 935 3189 nomine,
962 3141 1053 3205 nec
1082 3128 1482 3192 commentaria,
1515 3142 1604 3180 nec
1637 3143 1895 3180 sermones
1938 3126 2245 3180 homiliasve
2288 3127 2671 3178 memorabant.
2717 3125 2779 3178 Et
2823 3126 2948 3196 quia
2992 3124 3220 3178 locorum
3257 3126 3440 3193 hujus-

200 3221 371 3278 modi.
398 3219 636 3288 quadam
667 3227 814 3271 erant
849 3233 912 3270 ea;
941 3215 1179 3284 operibus
1203 3216 1321 3286 jam
1345 3221 1482 3273 casis
1510 3231 1775 3290 excerpta,
1803 3221 1922 3272 hinc
1961 3222 2086 3273 mihi
2116 3220 2344 3273 suboluit
2375 3230 2584 3281 cwtera,
2619 3236 2734 3286 qua:
2767 3220 2820 3270 in
2855 3218 3009 3271 editis
3039 3235 3138 3270 non
3167 3219 3444 3271 exstabant

197 3327 270 3368 ea:
291 3312 496 3365 amissis
526 3314 696 3365 sancti
724 3311 962 3367 Doctoris
993 3313 1230 3382 operibus
1255 3314 1560 3382 deprompta
1591 3313 1771 3380 fuisse.
1803 3311 1928 3363 Jam
1973 3328 2090 3364 vero
2123 3312 2288 3362 omnis
2335 3311 2636 3378 suspicandi
2676 3309 2752 3361 vel
2788 3309 3086 3378 ambigendi
3114 3326 3275 3362 causa
3303 3309 3443 3362 leva-

203 3420 297 3462 tur
328 3425 344 3462 :
381 3411 436 3463 in
481 3409 742 3462 codicibus
772 3412 907 3462 enim
958 3427 1075 3462 cum
1126 3411 1333 3463 Italicis
1370 3418 1480 3462 tum
1509 3409 1748 3471 Gallicis,
1800 3409 1853 3459 in
1900 3424 2027 3476 quos
2073 3405 2165 3457 sub
2214 3406 2322 3458 [nec
2359 3405 2661 3468 incidimus,
2697 3405 3076 3456 commentaria
3103 3413 3149 3456 et
3182 3418 3441 3456 sermones

201 3496 490 3552 Athanasii
538 3499 590 3551 in
640 3497 949 3552 Matthreum
1002 3501 1194 3553 diserte
1245 3509 1532 3553 memorata
1574 3499 2042 3567 deprehendimus;
2074 3499 2177 3551 imo
2209 3499 2366 3551 etiam
2396 3511 2460 3549 ea:
2495 3513 2730 3550 sermone
2761 3504 2903 3548 sexto
2927 3504 2976 3548 et
3003 3511 3137 3546 nono
3163 3492 3229 3545 ad
3260 3509 3445 3546 manu-

199 3594 521 3661 scriptorum
549 3592 704 3660 ﬁdem
727 3609 829 3645 non
859 3610 1027 3662 pauca
1059 3593 1267 3648 damus.
1300 3593 1410 3647 Nec
1441 3595 1654 3659 mirum,
1684 3595 1820 3664 quod
1848 3595 1956 3648 hazc
1985 3595 2383 3658 commentaria,
2402 3595 2552 3646 modo
2585 3594 2890 3664 ὲρμηνείαι,
2919 3596 3022 3648 sive
3045 3593 3443 3662 interpretatio-

202 3702 326 3750 nes,
359 3687 512 3739 modo
540 3687 687 3756 λόγοι
719 3689 824 3742 sive
855 3704 1156 3752 sermones,
1178 3698 1268 3741 aut
1301 3689 1485 3742 melius
1513 3689 1634 3743 libri
1661 3671 1967 3744 vocitentur.
2001 3689 2102 3742 llic
2136 3690 2272 3740 enim
2305 3705 2414 3741 mos
2440 3687 2737 3742 ercorum
2767 3700 2865 3748 est,
2895 3698 2948 3740 ut
2972 3688 3178 3757 prolixa
3209 3703 3364 3756 opera
3395 3695 3443 3737 et

205 3783 579 3853 συντάγματα,
609 3786 663 3839 in
688 3785 898 3853 λόγους,
935 3787 1039 3840 sive
1071 3785 1230 3840 libros
1266 3785 1606 3839 distribuant.
1641 3784 1757 3850 Qua
1795 3788 1998 3838 ratione
2022 3785 2114 3837 illa
2145 3789 2195 3837 in
2237 3783 2547 3838 Matthmum
2584 3784 2951 3851 interpretatio
2978 3784 3029 3835 in
3059 3783 3250 3836 multos
3282 3781 3442 3832 libros

202 3877 314 3930 sive
347 3894 604 3932 sermones
631 3879 878 3932 distincta
907 3881 1027 3948 fuit.
1056 3879 1120 3933 Et
1149 3896 1263 3933 vero
1290 3881 1521 3934 videmus
1553 3881 1605 3933 in
1637 3896 1796 3949 seque;

1854 3881 1989 3943 ibus,
2026 3881 2086 3930 ἐκ
2118 3880 2214 3947 τῆς
2248 3875 2548 3946 ἑρμηνείας
2577 3875 2670 3928 τοῦ
2703 3873 2843 3927 κατὰ
2887 3875 3160 3928 Ματθαῖον
3201 3873 3443 3939 Εὐαγγε-

202 3968 324 4021 λίου
366 3968 521 4036 λόγον
553 3977 626 4034 ς’,
672 3985 737 4024 ex
771 3972 1218 4041 interpretatione
1265 3974 1539 4045 Evangelii
1576 3976 1876 4029 secundum
1915 3973 2224 4028 Matthccum
2274 3988 2583 4026 sermonem
2642 3983 2854 4026 sextum
2902 3972 3104 4039 aﬂ‘erri.
3143 3970 3273 4034 Quae
3319 3982 3446 4020 sane

202 4077 618 4121 commonstrant
656 4069 720 4122 iis
755 4070 981 4129 vocibus,
1015 4070 1279 4140 ἑρμηνεία
1300 4081 1348 4123 et
1377 4069 1552 4138 λόγος,
1583 4087 1698 4140 quae
1730 4071 2010 4123 Athanasii
2041 4068 2559 4137 interpretationibus
2602 4069 3032 4135 prtvmittuntur,
3065 4065 3201 4117 idem
3236 4062 3442 4132 signiﬁ-

203 4163 323 4215 cari
349 4178 496 4230 opus.

286 4255 488 4310 Horum
516 4259 690 4328 itaque
714 4262 1202 4315 commentariorum
1219 4262 1336 4332 jam
1365 4263 1657 4334 fragmenta
1685 4264 1882 4333 aliquot
1913 4279 1976 4316 ea:
2006 4261 2380 4330 manuscriptis
2407 4268 2454 4312 et
2487 4259 2684 4310 catenis
2717 4257 2811 4310 sub
2835 4256 2990 4323 finem
3022 4250 3300 4307 Athanasii
3322 4264 3442 4316 ope-

204 4350 355 4406 ribus
381 4350 658 4416 edidimus,
690 4351 779 4405 sed
807 4350 1105 4422 plerumque
1134 4371 1318 4409 manca
1347 4365 1394 4409 et
1426 4356 1619 4409 lacera.
1653 4355 1784 4410 Cum
1813 4373 1968 4422 porro
1997 4357 2161 4409 multa
2189 4355 2364 4423 plura,
2395 4349 2726 4404 inobservata
2749 4347 2948 4418 pridem
2977 4359 3040 4398 ex
3071 4341 3442 4408 manuscriptis

205 4456 376 4509 nuper
398 4442 732 4505 accesserint,
757 4443 825 4495 ad
856 4444 1087 4495 nativum
1118 4446 1352 4499 ordinem
1385 4449 1560 4500 omnia
1596 4451 1945 4502 restitutmus.
1973 4447 2266 4516 Fateorque
2299 4456 2472 4497 tamen
2504 4460 2602 4508 me,
2627 4442 2749 4512 quia
2783 4437 3084 4501 compendio
3119 4434 3328 4488 studere
3361 4448 3444 4484 so-

205 4533 369 4595 leam,
397 4532 706 4601 aliquandiu
730 4535 958 4602 htesisse,
981 4553 1102 4588 num
1127 4538 1307 4592 isthcec
1335 4557 1506 4593 recens
1532 4551 1681 4595 eruta
1712 4554 1936 4608 tantum,
1964 4544 2328 4613 pra‘termissis
2359 4543 2478 4596 aliis
2493 4543 2610 4611 jam
2639 4539 2815 4598 editis,
2845 4535 3120 4601 seiunctim
3141 4531 3373 4593 ederem;
3395 4535 3445 4582 et

207 4627 454 4679 lectorem
476 4625 694 4680 subinde
721 4630 788 4680 ad
815 4629 933 4698 jam
971 4631 1112 4684 edita
1146 4635 1476 4691 remitterem.
1515 4639 1583 4689 At
1614 4650 1724 4691 tum
1759 4643 2050 4694 amicorum
2080 4656 2260 4704 suasu,
2291 4649 2401 4692 tum
2434 4648 2635 4706 meopte
2665 4629 2882 4687 consilio
2915 4645 2976 4682 ac
3016 4635 3167 4688 nutu.
3191 4624 3446 4692 ἱπιρονηι-

210 4735 340 4773 num
385 4721 686 4790 scrupulum
739 4721 926 4793 abegi;
970 4723 1074 4777 sive
1123 4727 1246 4795 quia
1276 4743 1374 4780 non
1401 4730 1529 4782 satis
1574 4739 1788 4783 cautum
1819 4731 2027 4786 lectoris
2058 4743 2160 4784 OltO
2190 4732 2480 4793 videbatur,
2505 4731 2551 4783 si
2576 4731 2641 4780 ad
2669 4726 2816 4779 varia
2857 4720 3138 4776 identidem
3175 4721 3312 4778 loca,
3343 4731 3446 4768 non

210 4812 355 4866 enim
381 4812 539 4865 simul
568 4815 765 4876 omnia,
792 4815 928 4868 inter
961 4814 1227 4885 legendum
1251 4821 1668 4885 amandaretur;
1697 4825 1800 4877 sive
1827 4826 2119 4892 prwsertim
2157 4826 2279 4894 quia
2311 4840 2479 4893 pauca
2503 4821 2599 4874 illa
2615 4819 2730 4888 jam
2766 4815 3049 4885 publicata,
3075 4819 3132 4863 υτ
3161 4810 3444 4879 Plurimum

211 4901 389 4963 initio,
417 4903 582 4955 medio
604 4911 653 4955 et
679 4902 782 4971 ﬁne
808 4904 994 4956 mutila
1021 4915 1162 4969 sunt,
1187 4921 1247 4959 ac
1274 4909 1536 4962 interdum
1559 4909 1718 4979 duplo
1747 4916 2002 4981 lriploque
2025 4914 2264 4966 auctiora
2287 4929 2350 4966 ex
2378 4910 2751 4978 manuscriptis
2782 4903 3059 4975 prodeunt.

290 4989 430 5057 Quia
458 5008 573 5045 vero
601 4991 786 5056 solent,
816 5009 933 5060 qua:
961 4996 1243 5064 peregrinis
1278 5000 1334 5050 in
1382 4998 1507 5051 locis
1537 5009 1773 5063 exstant,
1799 5003 2127 5072 peregrinum
2158 5002 2313 5065 olere,
2357 4999 2582 5068 fatemur
2617 5014 2708 5050 nos
2751 4999 2813 5050 de
2848 4997 3142 5064 fragmento
3175 5008 3236 5044 ea:
3277 4992 3443 5043 Atha-

217 5088 358 5140 nasii
387 5091 759 5142 commentario
793 5090 993 5153 avulso,
1032 5089 1103 5145 De
1137 5107 1327 5146 novem
1363 5094 1755 5149 insanabilibus
1792 5096 1998 5151 morbis
2027 5093 2275 5158 Herodis,
2305 5111 2365 5146 ac
2395 5097 2532 5146 inter
2562 5094 2948 5151 Athanasiana,
2980 5107 3080 5159 quo
3110 5088 3218 5156 fors
3255 5088 3446 5139 tulerat

217 5178 472 5246 conjecto,
513 5165 795 5250 aliquando
831 5181 1117 5235 dubitasse.
1139 5182 1324 5236 Verum
1351 5185 1456 5249 ubi,
1477 5187 1686 5253 proprio
1708 5188 1760 5239 in
1788 5185 1900 5238 loco
1934 5186 2181 5255 positum,
2208 5185 2439 5254 conferre
2471 5184 2616 5236 licuit
2652 5199 2771 5234 cum
2809 5182 2930 5234 aliis
2964 5180 3017 5233 in
3053 5177 3332 5231 Mathzeum
3365 5176 3447 5227 in-

219 5271 679 5340 terpretationibus
701 5269 935 5324 eamdem
961 5273 1011 5323 in
1045 5288 1103 5324 eo
1134 5271 1291 5341 facile
1325 5275 1605 5327 Athanasii
1631 5291 1841 5327 manum
1872 5276 2196 5344 agnovimus.
2226 5273 2356 5337 Qua:
2387 5288 2541 5342 porro
2568 5272 2650 5323 hic
2692 5271 2755 5323 de
2793 5285 2967 5321 novem
3000 5266 3220 5319 Herodis
3255 5264 3449 5320 morbis

218 5374 430 5423 narrat,
469 5377 531 5416 ea:
558 5361 783 5432 Josepho
815 5363 882 5416 ad
914 5363 1122 5416 verbum
1156 5380 1281 5432 pene
1312 5376 1582 5419 mutuatus
1628 5377 1701 5419 est
1745 5383 1763 5419 :
1786 5366 1992 5435 aliaque
2021 5367 2082 5419 de
2119 5367 2343 5420 Herodis
2390 5362 2657 5417 natalibus
2706 5361 2908 5413 erudite
2931 5377 2993 5413 ex
3019 5360 3195 5412 eodem
3222 5356 3450 5425 Josepho

218 5465 269 5511 et
291 5473 356 5510 ea:
377 5457 627 5525 Africano
656 5455 920 5509 edisserit.

295 5547 444 5600 Alius
475 5547 698 5615 fortasse
724 5546 1031 5599 suboriatur
1060 5545 1504 5614 scrupulus,quod
1537 5546 1602 5598 ad
1632 5548 2103 5616 interpretationem
2127 5547 2288 5609 illius.
2314 5568 2330 5598 ι
2355 5546 2509 5600 Beati
2532 5548 2723 5601 mundo
2740 5547 2893 5600 corde
2913 5547 3048 5610 ⁸ο-εδ,
3077 5564 3094 5596 ι
3129 5543 3450 5598 Athanasius

222 5641 361 5698 illud
385 5637 530 5705 labi,
555 5659 572 5692 ι
598 5640 762 5694 Nemo
784 5641 1008 5692 mundus
1040 5657 1070 5692 a
1104 5644 1275 5703 sorde,
1308 5641 1514 5695 etiamsi
1541 5642 1692 5697 unius
1717 5643 1817 5697 diei
1840 5642 1944 5696 vita
1968 5642 2081 5710 ejus
2109 5643 2175 5695 sit
2206 5659 2358 5711 super
2386 5652 2575 5696 terram
2593 5644 2658 5709 ⁵⁸,
2693 5663 2708 5695 ι
2734 5640 2794 5695 de
2813 5637 3051 5695 sordibus
3084 5637 3340 5704 corporeis
3368 5633 3451 5689 in-

301 5774 422 5815 ⁸⁶ο⁵⁸
451 5771 637 5831 Matth.
669 5793 719 5842 ν,
749 5779 799 5831 8.
877 5778 920 5809 ³³
949 5776 1049 5834 Job
1083 5794 1191 5848 xw,
1230 5781 1280 5835 ί.
