4036 6450
653 321 790 379 1363
1517 334 1576 391 S.
1618 335 1990 394 ATHANASII
2027 338 2176 395 ΟΡΡ.
2221 341 2400 399 PARS
2439 345 2525 400 Ill.
2569 377 2639 387 —
2675 347 3082 406 EXEGETICA.
3772 358 3885 410 ιεδι

648 442 985 512 telligenaum
1014 458 1226 520 pugnet,
1255 461 1500 522 urgetque
1526 462 1711 506 contra
1743 454 2113 513 hwreticorum
2143 461 2492 527 quorumdam
2522 461 2618 531 (sic
2647 463 2758 532 ille)
2788 465 3103 533 opinionem,
3134 467 3421 536 infantium
3462 471 3665 524 animis
3705 480 3884 537 sordes,

645 536 752 588 sive
786 551 998 605 peccata
1031 543 1219 599 inesse.
1262 542 1472 611 Verum,
1508 558 1562 598 ut
1596 547 1705 617 ipse
1731 565 1822 602 nec
1850 550 2066 603 obscure
2091 551 2489 620 interpretatur,
2516 557 2579 606 de
2608 556 2848 610 sordibus
2872 559 2978 610 sive
3001 562 3226 626 peccatis
3254 562 3576 624 actualibus,
3611 576 3665 616 ut
3696 576 3881 627 vocant,

644 629 842 700 agitur,
873 647 988 702 qua?
1010 635 1175 688 inesse
1203 638 1378 704 pueris
1410 654 1558 692 nemo
1592 657 1754 695 sanus
1790 642 2006 696 dixerit.
2034 642 2187 705 Quod
2221 645 2266 696 si
2307 646 2424 714 quis
2454 660 2690 716 reponat,
2733 666 2828 701 cur
2847 647 2970 702 Jobi
3004 652 3202 704 dictum
3247 654 3316 705 ad
3343 666 3615 722 peccmum
3647 658 3882 724 originale

644 737 746 774 non
769 726 962 794 referat
991 728 1338 798 Athanasius,
1364 733 1484 787 huic
1518 752 1769 805 regerant,
1799 737 2154 790 Athanasium
2192 749 2240 791 et
2271 741 2317 792 si
2346 743 2436 810 qui
2463 744 2558 795 alii
2586 746 2759 813 a/ﬁnia
2788 746 2950 800 locuti
2982 758 3121 809 sunt,
3156 764 3251 816 pro
3279 749 3521 801 sordibus
3557 753 3756 803 animi:
3777 768 3884 815 pro-

641 816 793 880 priis,
823 818 1014 873 delicta
1043 823 1212 876 solum
1253 842 1284 877 α
1312 825 1536 894 quolibet
1574 825 1783 879 homine
1813 826 2049 880 admissa
2070 827 2348 892 habuisse;
2381 846 2540 899 neque
2575 842 2745 886 tamen
2778 836 3060 904 ignorasse,
3097 851 3161 889 ea:
3191 835 3379 887 Adami
3416 836 3594 904 lapsu,
3630 841 3880 890 universos

639 904 754 971 ejus
779 919 1029 975 posteros,
1056 911 1286 966 debitum
1311 916 1491 968 mortis
1524 925 1631 967 tam
1654 916 1846 970 anima:
1874 934 2032 986 quam
2058 919 2293 984 corporis
2324 923 2670 976 contraxisse.
2719 922 2790 976 Et
2821 925 2955 978 alias
2985 945 3084 979 non
3119 931 3315 998 integer
3337 928 3484 984 locus
3512 940 3612 988 est.
3651 931 3742 982 sed
3777 946 3879 980 ins-

639 1001 762 1056 tilus
785 1020 803 1057 :
831 1007 966 1074 quod
989 1008 1037 1060 si
1059 1020 1323 1064 exstarent
1350 1013 1550 1083 omnia,
1575 1011 1719 1065 haud
1744 1012 1900 1067 dubie
1920 1014 2055 1066 hanc
2086 1014 2364 1069 Athanasii
2395 1027 2618 1071 mentem
2643 1035 2754 1073 esse
2780 1036 2845 1073 ea:
2866 1023 2998 1075 serie
3021 1023 3541 1092 deprehenderemus.
3573 1024 3652 1078 De
3675 1025 3754 1075 his
3775 1022 3880 1091 pls-

639 1099 783 1154 ribus
809 1104 862 1156 in
884 1107 1218 1175 prtefatione.

711 1196 812 1252 Hic
834 1217 989 1269 porro
1020 1208 1279 1273 pratclara
1317 1209 1483 1261 multa
1517 1220 1798 1264 occurrunt
1833 1223 2017 1266 contra
2046 1213 2218 1281 fatum
2251 1225 2299 1267 et
2329 1217 2724 1285 genethliacos;
2754 1219 2819 1274 de
2850 1221 3158 1276 abdicandis
3188 1221 3463 1289 episcOpis,
3499 1217 3813 1288 presbyteris
3835 1223 3876 1267 4

634 1287 874 1346 diaconis
901 1295 1133 1364 improbe
1171 1317 1224 1354 se
1269 1306 1562 1370 gerentibus
1590 1323 1608 1359 .·
1639 1308 1700 1360 de
1727 1311 2100 1376 mysteriorum
2144 1309 2344 1364 Christi
2369 1314 2474 1366 sive
2504 1332 2673 1370 source
2698 1314 3050 1372 Eucharistite
3089 1319 3459 1371 distributione
3486 1333 3579 1382 per
3605 1314 3877 1367 diaconum

633 1382 835 1448 agenda
858 1399 877 1436 .·
897 1388 986 1454 qui
1016 1389 1407 1461 intelligendum
1445 1397 1514 1449 sit
1555 1397 1688 1450 illud
1712 1413 1730 1449 :
1757 1396 2094 1467 Blasphemia
2129 1400 2180 1452 in
2213 1399 2406 1456 Filium
2429 1404 2665 1460 hominis
2689 1407 3012 1476 remittetur,
3038 1410 3089 1464 in
3116 1411 3376 1482 Spiritum
3402 1425 3660 1468 sanctum
3691 1427 3873 1465 secus:

631 1487 815 1531 contra
841 1498 924 1534 eos
948 1485 1038 1553 qui
1070 1486 1250 1540 lunam
1281 1491 1414 1544 inter
1443 1494 1660 1546 numina
1688 1503 2087 1564 censerent,quo
2114 1498 2709 1556 arvumAthanasiauum
2728 1504 3010 1572 indicatur,
3038 1511 3244 1576 quando
3273 1511 3650 1578 multiplicium
3674 1511 3875 1561 deorum

629 1583 777 1623 error
796 1573 965 1628 adhuc
993 1578 1192 1647 vigebat
1221 1581 1275 1633 in
1299 1581 1441 1637 orbe.
1474 1581 1540 1635 Et
1561 1585 1640 1638 his
1667 1586 1864 1639 similia
1893 1586 2015 1639 bene
2038 1587 2224 1639 multa.

701 1666 817 1729 Quo
846 1679 1070 1738 tempore
1101 1685 1274 1728 autent
1305 1677 1414 1730 hate
1442 1682 1817 1733 commentaria
1859 1677 1998 1733 edita
2037 1680 2257 1749 fuerint,
2285 1683 2492 1734 nonnisi
2515 1699 2580 1735 ea:
2609 1683 2722 1736 loco
2752 1686 2845 1737 illo
2871 1690 3126 1756 augurari
3154 1688 3274 1740 licet
3305 1687 3393 1741 ubi
3431 1697 3651 1741 sanctus
3692 1689 3876 1738 Doctor

627 1764 802 1830 arguit
843 1765 1228 1835 Apollinarium
1261 1772 1567 1841 impietatis.
1604 1774 1747 1828 Nam
1783 1777 1860 1827 uti
1908 1790 1972 1827 ea:
2011 1775 2176 1842 ipsius
2211 1774 2490 1827 Athanasii
2517 1777 2571 1828 in
2613 1779 2810 1846 synodo
2855 1779 3196 1845 Antiochena,
3230 1799 3364 1834 anno
3395 1781 3520 1843 36?...
3555 1781 3871 1842 testimonio,

626 1869 718 1906 nec
746 1873 847 1909 non
871 1875 935 1912 ea:
967 1858 1143 1914 Procli
1184 1862 1300 1917 loco
1337 1867 1390 1920 in
1428 1870 1626 1936 synodo
1656 1866 2243 1936 Constantinopolitano
2269 1867 2598 1935 exploratum
2631 1879 2747 1933 est;
2786 1873 3060 1938 postremis
3092 1875 3259 1926 solum
3298 1875 3422 1927 vita:
3446 1876 3604 1927 anuis
3639 1874 3872 1925 Athana-

623 1949 734 2001 sius
759 1967 878 2004 cum
904 1954 1235 2021 Apollinario
1262 1960 1316 2011 in
1341 1971 1575 2024 apertum
1602 1961 1794 2015 bellum
1821 1963 2084 2031 prorupit,
2115 1977 2332 2030 eumque
2367 1970 2424 2013 ut
2456 1962 2860 2016 haeresiarcham
2889 1981 2980 2034 per
3012 1967 3277 2022 hominum
3312 1985 3406 2021 ora
3439 1969 3714 2022 traduxit.
3746 1966 3870 2020 For-

623 2050 762 2097 tasse
788 2047 889 2099 dici
913 2060 1079 2114 posset
1109 2053 1270 2106 etiam
1316 2053 1687 2123 Athanasium,
1717 2075 1834 2110 cum
1860 2059 1968 2110 haec
2010 2057 2387 2109 commentaria
2416 2057 2562 2127 prius
2606 2057 2876 2123 edidisset,
2902 2060 3196 2116 clausulam
3230 2061 3383 2115 illam
3407 2062 3460 2114 in
3482 2061 3871 2128 Apollinarium

619 2145 799 2200 postea
832 2139 1136 2209 adjunxisse
1160 2164 1178 2209 ,'
1208 2163 1364 2216 quam
1391 2168 1495 2204 rem
1531 2168 1633 2206 non
1659 2154 1817 2207 semel
1837 2154 2146 2222 praestitisse
2171 2161 2414 2205 sanctum
2452 2153 2729 2209 Docturent
2751 2155 3026 2212 docuimus
3057 2159 3214 2212 alias.

861 2410 965 2471 EX.
1015 2411 1522 2475 SERMONIBUS
1568 2417 1750 2478 SIVE
1792 2417 2414 2483 COMMENTARIIS
2477 2424 2560 2484 IN
2617 2422 3150 2486 EVANGELIUM
3199 2422 3624 2485 ΜΑΤΤΗᾸΞΙ.

916 2719 1070 2776 Liber
1093 2728 1438 2794 generationis
1470 2727 1597 2784 Iesu
1632 2731 1852 2792 Christi.

2486 2739 2730 2805 έΒίϐλος
2761 2737 3055 2807 γενέσεως
3092 2737 3294 2805 Ἰησοῦ
3327 2738 3613 2807 Χριστοῦ.

679 2810 746 2866 Et
782 2814 1037 2870 sacerdos
1083 2826 1137 2872 et
1164 2834 1260 2874 rex
1290 2820 1540 2879 Christus
1570 2836 1688 2881 erat
1723 2845 1737 2882 :
1768 2827 2024 2886 sacerdos
2050 2831 2178 2902 qui-

607 2903 752 2967 dem,
802 2915 862 2958 ut
910 2907 1001 2976 qui
1059 2924 1117 2964 se
1146 2912 1407 2969 obtulerit
1460 2917 1692 2972 hostiam
1746 2936 1844 2989 pro
1890 2923 2176 2992 omnibus;

2352 2831 2426 2902 (4)
2471 2831 2581 2885 Καὶ
2623 2833 2800 2902 ἱερεὺς
2839 2831 2932 2884 καὶ
2985 2830 3233 2899 βασιλεὺς
3279 2832 3308 2882 ὁ
3360 2831 3598 2900 Χριστὸς
3635 2831 3867 2902 ἐτύγχα-

2281 2941 2369 2977 νεν
2394 2942 2406 2954 ·
2445 2926 2624 2994 ἱερεὺς
2651 2923 2748 2994 μὲν
2782 2924 2857 2986 ὡς
2886 2923 3073 2976 ἑαυτὸν
3104 2922 3470 2993 προσαγαγὼν
3495 2922 3698 2978 θυσίαν
3728 2927 3866 2996 ὑπὲρ

608 3011 699 3048 rex
730 3011 880 3058 vero,
907 3008 965 3050 ut
1008 3002 1100 3066 qui
1133 3001 1396 3059 adversus
1434 3021 1714 3076 peceatum
1746 3021 1798 3066 et
1835 3023 2066 3068 mortem
2095 3031 2161 3071 re

2278 3015 2448 3086 ἡμῶν,
2481 3015 2728 3084 βασιλεὺς
2757 3015 2814 3067 δὲ
2840 3014 2913 3077 ὡς
2944 3014 3085 3069 κατὰ
3114 3015 3211 3085 τῆς
3250 3015 3522 3086 ἁμαρτίας
3556 3019 3656 3068 καὶ
3695 3017 3861 3072 θανά.-

607 3090 874 3159 gnat/erit.

977 3186 1344 3244 Ceuerationes
1377 3194 1793 3260 quatuordecim.

676 3276 807 3342 Quae
835 3295 1000 3335 causa
1038 3293 1121 3337 est
1160 3299 1260 3338 cur
1287 3302 1411 3339 cum
1447 3287 1500 3340 in
1540 3288 1688 3343 hisce
1734 3291 2173 3359 generationibus

603 3367 889 3425 duodecim
921 3384 1128 3427 tantum
1161 3392 1408 3444 personae
1443 3393 1813 3450 compareant,
1838 3389 2171 3450 quattuorde-

601 3459 707 3512 cim
757 3469 934 3516 tamen
976 3467 1354 3534 generationes
1396 3468 1743 3524 inveniantur
1772 3474 1856 3527 5‘?
1894 3472 2000 3529 Pro
2049 3492 2173 3545 per-

600 3566 755 3618 sona,
813 3555 1082 3622 arbitror,
1127 3560 1455 3628 evangelista
1495 3563 2030 3634 transmigrationem
2075 3582 2172 3636 po~

599 3644 743 3708 suit;
780 3655 835 3698 et
868 3662 966 3715 pro
989 3649 1092 3702 alia
1125 3665 1380 3718 persona,
1410 3652 1708 3710 Christum.

595 3751 879 3807 Athanasii
906 3757 1257 3839 Alea-andrini
1281 3759 1414 3839 liber
1432 3763 1897 3839 interpretationis
1925 3767 2165 3839 Euange-

1015 3828 1076 3880 lii
1105 3831 1390 3883 secundum
1419 3828 1753 3890 Matt/neum.

679 3914 914 3976 Vidimus
960 3921 1099 3974 enim
1151 3922 1361 3978 stellam
1408 3924 1518 3989 eius
1567 3928 1629 3991 in.
1652 3929 1849 3984 oriente
1875 3930 1939 3981 ⁸⁷.
1970 3929 2027 3984 Si
2067 3947 2165 4000 pro

594 4009 823 4076 Singulis
885 4010 1198 4068 hominibus
1248 4017 1402 4070 stella
1456 4017 1508 4071 in
1557 4020 1696 4074 coelo
1751 4031 1933 4086 esset,
1995 4039 2163 4092 quare

2275 3122 2366 3161 του
2397 3106 2744 3177 βασιλεύσας.

2689 3198 2901 3251 Terea!
2954 3197 3394 3267 δεκατέσσαρες

2343 3289 2453 3344 Καὶ
2480 3288 2596 3353 πῶς
2621 3288 2854 3342 ἐνταῦθα
2884 3288 2975 3340 ἐπὶ
3011 3288 3117 3341 τῶν
3157 3289 3358 3356 γενεῶν
3383 3330 3396 3351 ,
3443 3288 3662 3343 δώδεκα
3695 3308 3861 3361 πρέ-ισ-

2271 3379 2433 3432 ὡπων
2474 3380 2762 3450 κειμένων,
2795 3378 3186 3449 δεκατέσσαρες
3233 3380 3416 3445 γενεαὶ
3455 3379 3810 3450 εὑρίσκονται
3843 3397 3858 3445 ;

2271 3466 2457 3540 Οἶμαι,
2484 3473 2562 3523 ὅτι
2587 3471 2679 3523 καὶ
2714 3470 2812 3540 τὴν
2845 3469 3185 3539 μετοικεσίαν
3216 3471 3384 3539 αὐτὴν
3405 3472 3526 3523 ἀντὶ
3557 3472 3859 3542 προσώπου

2269 3565 2296 3616 ὀ
2321 3561 2706 3633 εὐσγγελιστὴς
2734 3560 2943 3614 τέθεικε
2965 3573 2978 3589 ·
3022 3562 3113 3615 καὶ
3139 3563 3260 3614 ἀντὶ
3289 3563 3384 3630 τῆς
3423 3563 3626 3632 ἑτέρας
3661 3565 3720 3617 δὲ
3767 3566 3856 3618 τὸν

2268 3657 2521 3727 Χριστόν.

2268 3771 2342 3842 (5)
2389 3770 2739 3850 Ἀθανασιόιί
2788 3768 3345 3855 Ὰ.2εξᾳῖδ.η,ῆι’6.ὶες.
3381 3768 3489 3834 τῆς
3533 3768 3858 3842 ἑρμηνείας

2637 3840 2742 3893 τοῦ
2775 3840 2923 3893 κατὰ
2953 3840 3249 3894 Ματθα“ον
3271 3841 3452 3909 Ebur.

2329 3932 2584 4000 Εἵδομεν
2607 3933 2714 4002 γὰρ
2740 3931 2929 3985 αὑτοῦ
2963 3932 3069 3984 τὸν
3099 3931 3322 3999 ἀστέρα
3347 3932 3416 3982 ἐν
3449 3931 3525 3998 τῇ
3551 3931 3854 4000 ἀνατολῇ.

2265 4029 2328 4080 Εἰ
2361 4026 2415 4078 δὲ
2451 4023 2517 4096 ἦν
2551 4025 2671 4078 καθ’
2703 4026 2932 4078 ἕκαστον
2966 4025 3247 4095 ἄνθρωπον
3271 4023 3444 4093 ἀστὴρ
3484 4026 3544 4075 ὲν
3571 4025 3653 4093 τῷ
3688 4027 3856 4094 οὑρι-

593 4099 753 4154 tertia
794 4101 881 4156 die
923 4105 1120 4158 coelum
1159 4109 1384 4163 inlinitis
1413 4111 1826 4183 innumerisque
1865 4117 2039 4171 stellis
2070 4133 2159 4172 rc-

2278 4115 2363 4185 νῷ,
2403 4086 2519 4178 sti-ig
2551 4118 2616 4185 τῇ
2659 4115 2814 4186 τρίτῃ
2849 4114 3030 4186 ἡμέρᾳ
3069 4086 3113 4167 ’ὁ
3157 4086 3710 4184 οὐρανὺςηκατὲγεμε
3747 4116 3855 4168 τῶν

590 4188 792 4255 plctum
823 4200 907 4251 est
974 4209 1097 4258 cum
1128 4205 1304 4251 tamen
1336 4197 1505 4252 Adam
1536 4208 1689 4253 sexta
1716 4201 1803 4256 die
1842 4203 2158 4262 eli'ormatus

589 4279 695 4334 sit?

2265 4208 2507 4278 ἀπείρων
2541 4207 2635 4258 καὶ
2679 4206 3062 4277 ἀναριθμήτων
3097 4206 3330 4277 ἄστρων,
3365 4205 3458 4258 τοῦ
3504 4207 3685 4278 Ἀδὰμ
3714 4209 3852 4261 πλα-

2265 4299 2477 4364 σοέντος
2507 4302 2570 4369 τῇ
2602 4305 2652 4362 ς’
2682 4298 2899 4370 ἡμέρᾳ·

1584 4405 1652 4461 Et
1687 4411 1975 4480 interjectis
2009 4418 2320 4485 quibusdam
2349 4433 2413 4470 ex
2445 4414 2834 4484 Chrysostomo.

656 4512 808 4579 Quod
844 4522 1022 4568 autem
1059 4530 1231 4586 neque
1270 4519 1474 4586 fatum,
1518 4538 1692 4594 neque
1728 4531 1965 4597 genesis,
1996 4531 2047 4586 id
2071 4541 2156 4586 est

585 4616 737 4659 ortus
764 4605 918 4671 hora,
960 4623 1134 4678 neque
1161 4625 1355 4668 cursus
1379 4624 1651 4670 astrorum
1678 4631 1865 4676 nostra
1893 4623 2152 4694 dirigant,

584 4692 665 4745 vel
695 4692 820 4746 hinc
850 4694 1025 4762 palam
1069 4707 1171 4752 est.
1199 4698 1334 4753 Nam
1370 4704 1412 4756 si
1448 4705 1572 4760 inde
1615 4710 1800 4764 omnia
1831 4722 1981 4781 gesta
2008 4692 2154 4784 pen-

578 4785 762 4851 deant,
793 4801 902 4839 non
932 4802 996 4842 ex
1026 4789 1309 4846 hominum
1345 4797 1624 4852 voluntate
1656 4811 1708 4854 et
1733 4803 1998 4860 electione
2053 4822 2152 4860 cur

579 4878 710 4930 furti
751 4893 902 4932 reum
950 4880 1309 4940 domesticum
1351 4890 1645 4947 verberas?
1674 4896 1802 4962 quid
1842 4912 2020 4952 causa:
2068 4909 2152 4954 est

576 4969 722 5037 quod
753 4971 1052 5026 adulteram
1088 4991 1313 5032 uxorem
1345 4980 1410 5034 ad
1446 4983 1692 5038 tribunal
1731 4988 1954 5043 trahas?
1977 5007 2150 5060 quare

575 5061 642 5111 tle
687 5059 951 5130 improbis
1004 5063 1163 5120 factis
1217 5070 1424 5137 pudore
1481 5074 1846 5133 suﬁ‘underis?
1887 5059 2016 5150 quid
2069 5093 2152 5138 est

575 5153 721 5219 quod
761 5157 1156 5212 contumeliosa
1189 5161 1350 5215 verba
1394 5179 1497 5218 non
1545 5165 1720 5234 feras;
1753 5171 1846 5225 sed
1876 5174 1920 5228 si
1949 5176 2069 5245 quis
2101 5186 2150 5231 te

575 5243 850 5298 "necllum
879 5256 972 5299 aut
1001 5246 1411 5312 fornicatorem,
1443 5264 1540 5308 aut
1561 5255 1861 5324 ebriosum,
1895 5243 1988 5315 aut
2017 5263 2147 5332 quid

2331 4530 2451 4585 Ὀτι
2481 4530 2587 4601 γὰρ
2619 4529 2741 4582 οὔτε
2774 4530 3076 4600 εἱμαρμένη
3105 4569 3119 4592 ,
3147 4527 3270 4582 οὔτε
3300 4529 3534 4597 γένεσις,
3561 4532 3692 4586 οὔτε
3727 4536 3854 4606 δρό-

2264 4640 2362 4692 μος
2387 4622 2626 4693 ἀστέρων
2656 4622 2724 4674 τὰ
2769 4621 2888 4674 καθ’
2935 4621 3078 4690 ἡμᾶς
3111 4620 3324 4683 διοικεῖ,
3363 4622 3615 4676 ἐντεῦθεν
3656 4627 3847 4695 δῆλον.

2260 4715 2322 4766 Εἰ
2351 4712 2459 4782 γὰρ
2492 4713 2700 4764 ἐκεῖθεν
2750 4713 2981 4782 ἤρτηται
3014 4709 3083 4763 τὰ
3114 4712 3373 4781 γινόμενα.
3403 4713 3608 4776 πάντα,
3647 4718 3744 4768 καὶ
3785 4718 3850 4770 οἱ,

2257 4807 2354 4876 τῆς
2398 4805 2766 4877 προαιρέσεως
2809 4803 2917 4856 τῶν
2951 4803 3271 4874 ἀνθρώπων,
3321 4805 3463 4868 τίνος
3499 4807 3693 4861 ἕνεκεν
3747 4828 3852 4879 μα-

2259 4902 2461 4966 στιγοῖς
2486 4899 2577 4949 τὸν
2605 4898 2820 4965 οἰκέτην
2860 4896 3193 4964 κεκλοφότα;
3229 4897 3373 4960 τίνος
3398 4899 3584 4950 ἕνεκεν
3621 4919 3850 4971 pag-‘53-

2248 4989 2432 5042 Θεῐσαν
2481 4989 2578 5058 τὴν
2618 4991 2851 5055 γυναῖκα
2894 4990 2972 5051 εἰς
3035 4988 3384 5058 δικαστήριον
3427 4990 3652 5054 Ξλκεις;

2248 5079 2431 5132 ἕνεκεν
2470 5079 2699 5151 αἰσχύνῃ
2734 5080 2944 5148 πονηρὰ
2983 5080 3275 5149 πράττωνς
3318 5082 3461 5143 τίνος
3490 5083 3684 5136 ἕνεκεν
3723 5086 3844 5138 οὐδὲ

3699 4997 3848 5056 τίνος

2248 5173 2313 5225 τὰ
2351 5174 2569 5243 ῥήματα
2603 5173 2786 5242 φέρεις
2821 5173 3220 5242 ὀνειδιζόμενα.’
3258 5173 3370 5224 ἀλλ’
3402 5175 3495 5226 ἐὰν
3523 5178 3611 5238 τίς
3645 5195 3706 5230 σε
3741 5196 3844 5229 κι-

2246 5257 2374 5329 λέεῃ
2408 5260 2676 5331 μοιχὸν,ἢ
2715 5261 2931 5332 πόρνον,
2994 5262 3024 5331 ἦ
3084 5263 3336 5332 μέθυσον,
3372 5265 3404 5334 ἢ
3463 5282 3517 5316 τι
3563 5269 3838 5326 τοιοῦτον,

574 5333 751 5390 Simile
781 5337 1030 5406 appellet,
1061 5341 1112 5394 id
1141 5345 1524 5399 contumeliam
1551 5350 1907 5405 vocas?Nam
1943 5355 1986 5408 si
2022 5371 2144 5424 pcc-

2284 5349 2403 5420 ϐριν
2430 5352 2489 5403 τὸ
2524 5354 2756 5424 πρᾶγμα
2788 5356 2997 5416 καλεῖς;
3035 5355 3095 5406 El
3132 5355 3238 5424 γὰρ
3273 5356 3345 5426 μὴ
3387 5358 3484 5426 τῆς
3541 5359 3644 5426 σῆς
3698 5361 3840 5427 γνὼ-

573 5437 752 5481 catum
785 5445 894 5484 non
922 5446 987 5485 ex
1019 5437 1282 5489 sententia
1315 5439 1554 5506 prodiret
1590 5449 1700 5507 tua,
1734 5459 1906 5513 neque
1934 5448 2142 5501 crimen

641 5545 687 5574 "
723 5546 906 5603 Matth.
939 5567 974 5616 I,
1011 5553 1090 5607 ΓΙ.
1182 5555 1226 5584 ⁸⁷
1254 5553 1443 5609 Matth.
1483 5574 1542 5623 ιι,
1569 5557 1620 5611 9..

641 5661 887 5741 inﬁdi}.
920 5666 1140 5741 Atinam,
1176 5687 1226 5741 p.
1266 5673 1416 5739 1006,
1449 5690 1514 5730 ex
1542 5687 1776 5736 catenaa
1807 5678 1862 5734 Ρ.
1907 5680 2134 5737 Possiuu

569 5731 706 5788 edita
730 5734 780 5787 iu
813 5731 1136 5793 .‘latlhtcum.

2255 5459 2361 5512 μης
2391 5444 2451 5496 τὸ
2485 5445 2843 5514 ἁμαρτάνειν,
2869 5447 2988 5500 οὔτε
3017 5448 3267 5518 ἔγκλημα
3289 5450 3348 5501 τὸ
3375 5451 3680 5520 γινόμενον.
3707 5456 3835 5507 οὔτε

2319 5688 2389 5754 (ὃ)
2427 5687 2497 5740 Ex
2527 5688 2707 5745 codice
2743 5688 2908 5760 Regio
2937 5691 3094 5756 1995,
3123 5707 3153 5745 ι
3179 5690 3357 5746 saeculi
3383 5688 3504 5752 fol.,
3532 5691 3621 5749 ιε.
