4036 6450
196 397 329 453 1365

1313 391 1749 452 FRAGMENTA
1790 392 1850 445 IN
1897 389 2344 447 ΜΔΤῘΙΙΑΞΙΙΜ.

3315 384 3453 441 1366

193 515 347 585 ὕϐρις
377 516 436 567 τὸ
466 514 775 585 λεγόμενον.
807 512 920 566 Νῦν
951 511 1008 564 δὲ
1044 514 1138 565 καὶ
1175 512 1240 565 δι’
1265 504 1341 566 ὧν
1373 516 1482 578 τοῖς
1518 511 1767 585 ἁμαρτά-

1876 510 1928 565 id
1967 514 2175 581 egisse,
2232 524 2407 580 neque
2459 505 2792 565 contumelia
2842 513 2988 561 esset
3048 504 3098 558 id
3150 504 3448 573 praedicari.

192 624 370 660 νουσιν
398 610 459 660 οὐ
487 604 897 675 συγγινώσκεις,
925 605 1019 658 καὶ
1050 604 1117 657 δι’
1147 597 1223 658 ὧν
1244 605 1405 669 αὐτὸς
1433 606 1674 676 αἰσχύνῃ
1706 603 1774 657 τά

191 692 337 746 κακά
366 692 641 763 πράττων,
682 692 776 744 καὶ
816 689 1098 743 λανθάνειν
1160 689 1502 754 σπουδάζεις,
1563 688 1662 747 καὶ
1709 688 1774 740 δι’

189 775 264 835 ὦν
288 784 413 845 τοὺς
442 780 615 834 ταῦτά
650 796 731 833 σοι
764 780 1178 852 προσφέροντας
1208 780 1470 852 ὑδριστὲις
1505 778 1772 850 νομίζεις·

187 871 274 927 διά
299 874 513 927 πάντων
540 872 839 945 ὁμολογεῖς,
858 874 941 927 ὅτι
966 873 1065 926 οὐκ
1081 874 1294 942 ἀνάγκῃ
1320 872 1525 926 δέδεται
1550 878 1619 926 τά
1640 875 1669 939 ίῖ
1681 871 1776 940 μέ-

187 979 341 1033 τερα,
395 964 529 1017 ἀλλά
578 964 950 1034 προαιρέσεως
991 962 1275 1035 ἐλευθερίᾳ
1302 963 1609 1034 τετίμηται.
1646 962 1775 1024 Τοῖς

186 1054 316 1124 γοῦν
348 1057 562 1130 ἀνάγκῃ
620 1056 994 1128 συνεχομένοις
1047 1054 1443 1124 συγγινώσκειν
1503 1055 1729 1125 οἴδαμεν
1757 1071 1771 1085 ο

186 1146 288 1201 κᾶν
322 1147 425 1200 ὑπὸ
461 1146 712 1218 δαίμονός
752 1164 898 1212 τινος
941 1146 1269 1219 ὀχλούμενός
1310 1163 1393 1210 τις
1434 1146 1527 1199 τὸν
1570 1146 1776 1217 χιτῶνα

184 1237 453 1310 διαρῤήξῃ
480 1238 570 1292 τὸν
597 1238 889 1310 ἡμέτερον,
918 1239 952 1310 ἢ
983 1238 1198 1309 πληγάς
1230 1237 1524 1307 ἐπενέγκῃ,
1559 1239 1618 1291 οὐ
1669 1238 1768 1311 μό-

184 1347 274 1383 νον
306 1346 406 1383 ουκ
433 1329 786 1400 ὀνειδίζομεν,
814 1331 952 1386 ἀλλά
986 1332 1082 1385 καὶ
1130 1330 1391 1401 ἐλεοῦμεν
1436 1331 1531 1383 κα)⁸
1574 1347 1773 1398 συγγι-

185 1420 483 1491 νώσκομεν.
532 1422 595 1474 Τί
640 1422 877 1493 δήποτε;
936 1423 1017 1476 ὃτι
1070 1423 1191 1492 οὐχὶ
1245 1421 1346 1489 τῆς
1396 1422 1772 1493 προαιρέσεως

182 1506 490 1579 ἐλευθερία,
523 1508 637 1562 ἀλλ’
666 1511 698 1578 ὴ
727 1509 819 1562 τοῦ
848 1509 1101 1581 δαίμονος
1130 1510 1224 1581 βία
1251 1510 1546 1583 εἰργάσατο
1571 1510 1766 1564 ταῦτα.

185 1599 371 1665 Ὥστε,
401 1605 449 1655 εί
478 1602 571 1656 καὶ
594 1602 663 1654 τά
696 1601 832 1655 ἄλλα
857 1604 1230 1674 ἁμαρτήματα
1257 1603 1366 1657 ἀπὸ
1388 1604 1485 1675 τῆς
1525 1603 1771 1673 ἀνάγκης

180 1692 284 1763 τῆς
342 1694 483 1746 κατά
547 1693 646 1765 τὴν
683 1694 1023 1767 εἱμαρμένην
1076 1697 1315 1765 ἐγίνοντο
1343 1738 1357 1761 ,
1423 1696 1771 1767 συνέγνωμεν

181 1787 245 1840 ἄν
265 1804 280 1817 ο
317 1784 504 1855 ἐπειδὴ
537 1785 593 1839 δὲ
617 1788 799 1857 ἴσμεν,
816 1788 899 1840 ὅτι
924 1788 1023 1840 οὐκ
1049 1786 1195 1841 ἐστιν
1224 1787 1591 1860 ἀνάγκης,διά
1609 1788 1771 1842 τοῦτο

1881 601 2037 657 Nunc
2086 616 2251 672 porro
2296 616 2421 655 cum
2475 598 2830 669 peccantibus
2878 612 2987 651 non
3025 595 3296 666 ignoscas,
3328 610 3450 649 cum

1880 696 2124 765 improba
2162 694 2395 765 gerendo
2419 703 2469 747 te
2497 693 2714 763 pudeat,
2734 704 2858 746 cum
2884 689 3049 743 latere
3073 688 3448 751 studeas,cuin

1877 803 1973 841 cos
2003 790 2094 856 qui
2132 788 2257 841 talia
2307 785 2404 840 tibi
2446 783 2735 855 proferunt
2783 796 2878 849 pro
2909 778 3322 834 contumeliosis
3353 778 3449 829 ha-

1879 876 2040 940 beas;
2079 892 2209 931 sane
2239 875 2426 929 fateris
2452 889 2516 929 ex
2551 874 2635 927 his
2667 872 2945 934 omnibus,
2987 871 3100 923 haec
3130 876 3318 921 nostra
3346 883 3451 920 non

1880 968 2204 1022 necessitate
2242 969 2477 1036 quadam
2526 962 2793 1034 colligari,
2829 961 2923 1017 sed
2957 959 3251 1014 voluntatis
3286 959 3452 1012 liber-

1878 1069 1987 1114 tate
2019 1060 2284 1113 honorata
2313 1075 2454 1113 esse.
2489 1056 2560 1110 lis
2589 1070 2720 1110 sane
2749 1054 2842 1124 qui
2898 1051 3223 1108 necessitate
3264 1059 3453 1104 teneno

1878 1162 1986 1211 tur.
2024 1151 2307 1221 ignoscere
2340 1151 2697 1205 solemus:ac
2718 1150 2762 1203 si
2788 1147 2934 1216 quis,
2963 1145 3316 1214 compelleute
3341 1142 3450 1195 dte-

1877 1246 2084 1310 monio,
2119 1245 2362 1298 tunicam
2403 1242 2675 1296 discindat
2718 1250 2982 1305 nostram,
3042 1246 3135 1291 aut
3157 1236 3343 1307 plagas
3370 1236 3452 1288 in-

1878 1337 2035 1400 ierat,
2074 1351 2184 1392 non
2226 1336 2404 1391 solum
2443 1334 2519 1387 illi
2558 1348 2665 1387 non
2717 1330 3135 1401 cxprobramus,
3157 1327 3251 1382 sed
3290 1325 3454 1380 mise-

1877 1430 2111 1484 ricordia
2147 1426 2279 1481 moti
2324 1425 2662 1494 ignoscimus
2691 1424 2813 1493 ipsi.
2842 1424 2956 1475 (Zur
3002 1420 3145 1475 hoc?
3184 1419 3312 1489 quia
3342 1434 3453 1472 non

1874 1533 1937 1570 cx
1995 1515 2295 1569 voluntatis
2354 1513 2601 1576 arbitrio,
2639 1512 2731 1567 sed
2792 1511 3060 1565 daemonis
3115 1508 3348 1579 impulsu
3398 1508 3453 1561 id

1875 1612 2004 1680 egit.
2033 1610 2224 1677 itaque
2250 1606 2296 1661 si
2330 1607 2434 1660 alia
2462 1620 2683 1676 quoque
2713 1612 2932 1674 peccata
2964 1618 3028 1658 ex
3062 1602 3387 1658 necessitate
3420 1616 3452 1655 ιι

1873 1700 1984 1759 fato
2041 1700 2263 1755 inducta
2313 1699 2755 1764 admitterentur,
2789 1697 3008 1752 veniam
3058 1697 3317 1751 daremus
3352 1696 3459 1749 uti-

1873 1808 1978 1862 que
2014 1810 2026 1845 :
2063 1792 2191 1864 quia
2230 1806 2360 1846 vero
2392 1790 2599 1846 scimus
2626 1806 2689 1846 ea
2718 1806 2827 1846 non
2866 1806 2933 1846 es
2965 1791 3289 1845 necessitate
3322 1804 3454 1857 pro-

180 1877 242 1931 οὺ
291 1877 764 1949 συγγινώσκομεν,
796 1878 919 1933 οὔτε
945 1878 1204 1934 δεσπόται
1228 1880 1491 1945 οἰκέταις,
1512 1880 1636 1935 οὔτε
1666 1881 1762 1933 άν-

1871 1885 2084 1949 venire;
2110 1884 2230 1937 ideo
2259 1899 2366 1937 non
2396 1886 2699 1953 parcimus,
2736 1898 2843 1937 non
2870 1882 3079 1939 domini
3108 1881 3450 1949 domesticis,

177 1966 308 2037 δρες
339 1967 604 2035 γυναιξὶν,
628 1968 759 2023 οὔτε
788 1972 1043 2039 γυναῖκες
1061 1971 1341 2042 ἀνδράσιν,
1363 1972 1486 2026 οὗτε
1510 1972 1763 2026 διδάσκα-

179 2056 264 2109 λοι
289 2057 581 2129 μαθηταῖς,
597 2058 719 2112 οὔτε
755 2058 990 2131 πατέρες
1015 2062 1224 2127 παισὶν,
1244 2060 1369 2115 οὔτε
1393 2062 1651 2132 ἄρχοντες
1668 2062 1765 2133 ἀρ-

179 2149 451 2219 χομένοις·
485 2149 620 2203 ἀλλά
651 2151 839 2222 πικροὶ
873 2152 982 2206 τῶν
1011 2152 1431 2225 τετολμημένων
1479 2153 1765 2218 ἐξετασταὶ

180 2241 279 2292 καὶ
313 2241 544 2311 τιμωροὶ
575 2241 857 2313 γινόμεθα,
902 2246 996 2299 καὶ
1033 2245 1360 2318 δικαστήρια
1404 2246 1763 2318 καταλαμϐά-

178 2348 365 2401 νομεν.
381 2335 474 2386 καὶ
488 2332 721 2404 πληγαῖς
739 2336 1135 2407 ὑποϐάλλομεν,
1150 2339 1246 2391 καὶ
1257 2339 1481 2409 ὲπιτιμή
1490 2354 1547 2390 σε
1555 2356 1605 2391 σι
1622 2338 1765 2411 χρώ-

180 2423 323 2493 μεθα
350 2463 367 2488 ,
423 2426 516 2479 καὶ
570 2426 749 2481 πάντα
799 2428 1113 2500 πράττομεν
1168 2429 1318 2493 ὅπως
1363 2429 1765 2500 ἀπαλλάξωμεν

176 2516 381 2581 αὐτοὺς
408 2518 519 2571 τῶν
546 2518 753 2573 κακῶν.

248 2608 327 2679 (6)
356 2609 449 2676 Τὸ,
485 2611 778 2681 Ἦλθομεν
825 2613 1258 2683 προσκυνῆσαι
1292 2613 1453 2680 αὐτῷ
1474 2654 1490 2679 ,
1532 2617 1764 2687 σημεῖον

174 2700 277 2771 τῆς
309 2701 419 2753 τῶν
452 2704 642 2771 μάγων
666 2706 964 2769 ἐπιεικείας
992 2706 1091 2781 καὶ¹
1110 2706 1363 2767 πίστεως.
1384 2709 1447 2761 01
1464 2707 1764 2780 γάρτοιοῦ-

174 2805 269 2844 τον
312 2790 588 2863 διάστημα
630 2795 981 2861 διανύσαντες
1012 2797 1101 2851 διά
1139 2796 1203 2851 τὸ
1250 2800 1627 2871 προσκυνῆσαι
1671 2801 1762 2855 τὸν

177 2880 437 2954 Χριστὸν,
470 2883 522 2936 τί
548 2885 647 2938 οὐκ
681 2886 746 2938 ἂν
775 2887 1061 2957 ἐποίησαν,
1096 2889 1144 2940 εί
1171 2890 1229 2941 έν
1260 2891 1326 2961 τῇ
1359 2890 1584 2943 ἐκείνων
1608 2889 1762 2963 χώρᾳ

175 2974 240 3028 τὸ
272 2974 513 3029 τοιοῦτον
545 2979 839 3049 μυστήριον
867 2978 1164 3049 γεγένητο;
1213 2981 1555 3035 Ἀποδεκτέοι
1586 2980 1680 3036 οὖν
1712 2984 1761 3035 οἱ

175 3065 375 3137 ἄνδρες
406 3067 504 3136 τῆς
528 3067 783 3131 πίστεως,
816 3070 910 3122 καὶ
939 3070 1246 3123 ἐπαινετέοι
1271 3071 1370 3141 τῆς
1392 3072 1593 3145 ἀρετῆς
1618 3074 1761 3128 κατά

176 3157 359 3214 πάντα
393 3160 611 3229 τρόπον.

333 3270 680 3326 Ἀθανασίου
726 3271 1172 3341 Ἀλεξανδρείας
1199 3272 1268 3328 ἐκ
1308 3272 1421 3343 τῆς
1467 3274 1624 3331 κατὰ

634 3344 934 3397 Ματθαῖον
962 3344 1301 3413 ἑρμηνείας.

356 3454 493 3524 Περὶ
528 3454 635 3507 τῶν
666 3454 824 3507 ἐννέα
870 3455 1105 3507 ἀνιάτων
1140 3456 1332 3511 παθῶν
1359 3458 1460 3527 τῆς
1491 3456 1587 3511 τοῦ

698 3545 936 3617 Ἡρώδου
973 3546 1253 3621 τελευτῆς.

1875 1993 1982 2031 non
2018 1978 2115 2031 viri
2152 1978 2441 2041 uxoribus,
2475 1993 2583 2030 non
2619 1992 2820 2032 uxores
2857 1977 3014 2043 viris,
3055 1992 3163 2031 non
3204 1974 3452 2045 magistri

1871 2068 2178 2137 discipulis,
2213 2082 2321 2121 non
2353 2077 2536 2138 patres
2565 2066 2711 2134 ﬁliis,
2747 2081 2857 2122 non
2884 2066 3162 2137 principes
3185 2066 3449 2131 subditis;

1870 2163 1965 2219 sed
2024 2163 2205 2217 acerbi
2258 2162 2569 2218 facinorum
2610 2163 2985 2233 inquisitores,
3023 2170 3080 2216 et
3126 2162 3331 2217 ultores
3357 2176 3456 2216 su-

1868 2270 2028 2318 mus;
2066 2254 2362 2308 tribunalia
2405 2256 2641 2316 adimus,
2674 2256 2850 2325 plagis
2884 2253 3233 2325 subiicimus,
3264 2262 3320 2310 et
3359 2269 3455 2309 ca-

1866 2346 2165 2417 stigatione
2197 2348 2403 2401 utimur
2437 2364 2450 2401 :
2480 2347 2723 2416 nihilque
2750 2360 2857 2401 non
2897 2346 3111 2416 agimus
3148 2356 3208 2399 ut
3232 2362 3262 2399 a
3293 2346 3454 2402 malis

1865 2453 1970 2494 nos
1993 2438 2320 2507 eripiamus.

1944 2611 2108 2676 Illud,
2149 2608 2395 2665 Venimus
2428 2610 2657 2664 adorare
2701 2626 2842 2677 eum,
2866 2625 3147 2681 magorum
3172 2610 3456 2681 probitatis

1866 2713 2033 2775 atque
2080 2702 2205 2757 ﬁdei
2256 2702 2471 2773 signum
2505 2711 2608 2757 est.
2644 2700 2749 2768 Qui
2801 2702 2947 2757 enim
3001 2711 3210 2757 tantum
3247 2702 3457 2756 itinerit

1866 2796 2213 2852 intervallum
2262 2794 2470 2851 Christi
2508 2795 2777 2850 adorandi
2837 2795 3013 2866 gratia
3065 2794 3443 2862 confecerunt,

1864 2890 1996 2959 quid
2035 2904 2145 2943 non
2202 2887 2402 2941 facturi
2441 2898 2599 2943 erant
2643 2889 2691 2943 si
2733 2890 2785 2943 in
2833 2905 2931 2945 sua
2986 2889 3207 2960 regione
3240 2899 3452 2941 tantum

1863 2978 2185 3049 mysterium
2233 2976 2439 3031 editum
2490 2976 2736 3031 fuisset?
2786 2977 3219 3033 Commendandi
3271 2978 3456 3047 itaque

1862 3070 1964 3123 viri
1995 3067 2319 3137 huiusmodi
2346 3076 2473 3122 sunt
2501 3077 2720 3137 prepter
2752 3068 2910 3122 (idem
2933 3083 3112 3135 suam,
3148 3078 3310 3138 atque
3336 3082 3455 3127 ont-

1865 3159 1997 3214 nino
2029 3159 2253 3213 virtutis
2279 3174 2394 3215 sua:
2424 3174 2591 3214 causa
2628 3159 2903 3215 laudandi.

1790 3263 1832 3320 (Ζ
1922 3272 2212 3329 Athanasii
2236 3272 2586 3325 Alexandrini
2621 3286 2686 3325 ex
2709 3273 3142 3342 interpretatione
3170 3275 3224 3326 in
3260 3270 3399 3326 Mat-

2568 3343 2783 3397 thaum.

1900 3454 1978 3513 De
2013 3471 2208 3513 novem
2244 3456 2645 3512 insanabilibus
2677 3458 2906 3523 morbis,
2937 3459 3141 3531 quibus
3174 3459 3418 3517 Herodes

2417 3551 2650 3610 afﬂictus
2673 3552 2897 3608 interiit.

1420 3754 1582 3817 (Vide
1616 3764 1745 3813 tam.
1782 3754 1870 3824 II,
1895 3758 2001 3815 εοί.
2035 3758 2222 3831 1251.)

410 3923 487 3994 (7)
528 3924 809 3993 Ἐγερθεὶς
835 3922 1144 3992 παράλαϐε
1170 3923 1237 3977 τὸ
1263 3922 1523 3979 παιδίον.

249 4008 419 4080 Οὗτος
473 4016 503 4069 δ
556 4014 712 4084 λόγος
768 4016 984 4087 ἔλεγχός
1033 4017 1180 4069 ἐστιν
1226 4016 1460 4088 ἀκριὸἦς
1523 4019 1623 4089 τῆς
1670 4015 1764 4071 τοῦ

186 4110 595 4183 ’Λπολλιναρὶου
642 4108 931 4181 ἀθεότητος
953 4151 967 4176 ,
1027 4109 1270 4174 εἰπόντος
1338 4110 1413 4183 μὴ
1437 4110 1621 4164 λαϐεῖν
1676 4111 1767 4164 τὸν

174 4203 414 4274 Χριστὸν
444 4201 619 4273 ψυχὴν
639 4202 834 4274 νοεράν
853 4245 868 4269 ,
895 4202 1008 4255 ἀλλ’
1032 4197 1172 4256 εῖναι
1221 4202 1382 4274 σῶμα
1431 4202 1593 4273 μόνον
1639 4202 1768 4255 ἄνευ

170 4296 359 4369 ψυχῆς
379 4296 469 4349 καὶ
503 4294 683 4364 λόγου.

251 4387 414 4458 (8)Ἡ
444 4388 513 4442 δὲ
534 4387 721 4458 τροφὴ
752 4384 833 4460 ἦν
848 4389 1088 4459 ἀκρίδες
1107 4388 1203 4443 καὶ
1230 4388 1370 4460 μέλι
1403 4389 1761 4460 ἆτριον.⁶’οτι

2252 3920 2486 3994 Surgam
2509 3925 2687 3995 accipe
2716 3940 2938 3994 puerum
2969 3924 3030 3980 ⁸⁸.

1934 4015 2061 4073 Haec
2106 4016 2366 4087 loquendi
2406 4017 2549 4073 ratio
2603 4018 2772 4087 probe
2817 4016 2999 4087 arguit
3047 4015 3451 4087 Apollinarium

1866 4110 2170 4182 impietatis
2203 4126 2217 4163 :
2247 4111 2344 4182 qui
2377 4110 2536 4178 dixit,
2565 4109 2847 4165 Christum
2889 4123 2996 4164 non
3030 4108 3308 4179 accepisse
3326 4110 3451 4164 ani.

1869 4218 2013 4257 mam
2058 4202 2398 4274 intelligendi
2447 4201 2503 4259 vi
2553 4201 2874 4272 praeditam;
2904 4200 2998 4257 sed
3043 4201 3220 4256 solum
3250 4199 3451 4271 corpus

1872 4296 1994 4352 sine
2020 4296 2202 4349 anima
2242 4306 2294 4349 et
2321 4294 2537 4348 ratione
2565 4293 2868 4347 exstitisse.

1942 4388 2105 4443 Cibus
2129 4398 2308 4441 autem
2334 4387 2449 4456 ejus
2471 4394 2625 4440 erant
2661 4382 2886 4445 acrides.
2912 4390 2963 4437 et
2989 4381 3090 4437 mel
3123 4380 3359 4436 silvestre
3378 4381 3446 4439 ⁸’.

172 4478 235 4533 δὲ
263 4480 359 4533 καὶ
392 4482 425 4549 ἡ
459 4478 656 4552 βοτάνη
686 4480 772 4545 τίς
807 4480 955 4533 ἐστιν
1000 4482 1166 4551 ἀκρὶς
1201 4480 1467 4553 λεγομένη
1493 4523 1508 4546 ,
1539 4483 1568 4535 ό
1598 4482 1755 4535 Σολο-

1871 4481 2020 4549 Quod
2073 4480 2253 4535 herba
2294 4495 2469 4550 genus
2513 4477 2791 4549 quoddam
2823 4476 2895 4532 sit
2942 4476 3082 4529 acris
3120 4474 3363 4542 dictum,
3394 4475 3451 4531 id

177 4569 302 4641 μὼν
335 4571 483 4641 ἡμᾶς
515 4570 755 4624 διδάσκει
799 4570 973 4639 λέγων
995 4588 1009 4600 ο
1073 4570 1342 4639 Ἀνθήσει
1394 4572 1461 4626 τὸ
1493 4573 1759 4643 ἀμύγδα-

172 4668 315 4727 .Icr,
350 4664 450 4718 καὶ
483 4665 939 4734 παχυνθήσεται
971 4666 1010 4733 ἡ
1042 4666 1237 4734 ἀκρίς.
1303 4665 1441 4719 Ἀλλ’
1485 4667 1607 4719 οὐδὲ
1652 4667 1760 4720 πόα

171 4758 263 4822 τίς
284 4758 398 4810 ἑστι
425 4757 486 4811 τὸ
513 4758 633 4829 μέλι
670 4757 883 4829 ἄγριον,
918 4757 1055 4812 ἀλλά
1081 4759 1204 4830 μέλι
1232 4758 1401 4823 ὅντως
1426 4758 1637 4829 ἄγριον,
1672 4776 1763 4811 πι-

173 4850 442 4923 κρότατον
469 4848 550 4914 ὃν,
581 4852 676 4903 καὶ
698 4850 845 4921 πάσῃ
880 4848 1068 4917 γεύσει
1094 4850 1370 4921 πολέμιον.

249 4940 346 5003 Τὸ,
380 4940 573 5005 Αὐτὸς
598 4936 754 5009 ὑμᾶς
798 4940 1086 5004 ,βαπτίσει
1119 4940 1189 4993 ἐν
1234 4942 1529 5009 Πνεύματι
1573 4940 1718 5011 ἁγίῳ
1742 4982 1759 5007 ,

173 5030 339 5085 τοῦτο
365 5019 534 5103 δηλοῖ,
566 5032 649 5085 ὅτι
676 5030 931 5103 καθαριεῖ
958 5032 1104 5103 ὑμᾶς
1124 5048 1137 5062 ·
1169 5031 1260 5085 διά
1290 5032 1350 5085 τὺ
1386 5032 1460 5103 μὴ
1505 5032 1765 5087 δύνασθαι

172 5124 242 5178 τδ
287 5122 383 5178 τοῦ
424 5124 669 5177 Ἰωάννου
698 5124 982 5197 βάπτισμα
1025 5125 1184 5179 τοῦτο
1215 5125 1461 5195 ποιῆσαι,
1518 5125 1654 5179 άλλά
1704 5126 1767 5178 τὸ

175 5216 275 5270 τοῦ
337 5215 607 5287 Χριστοῦ.
666 5217 725 5281 ὃς
775 5219 869 5271 καὶ
921 5218 1139 5287 ἀφιέναι
1196 5217 1472 5290 ἁμαρτίας
1517 5218 1767 5284 ἐξουσίαν

178 5308 271 5381 lx:
281 5326 315 5363 t.

1868 4589 1970 4630 nos
1998 4572 2260 4628 Salomon
2294 4572 2485 4627 edocet
2540 4571 2629 4626 bis
2676 4570 2897 4625 verbis:
2934 4566 3171 4625 Florebit
3199 4567 3451 4637 amygda-

1866 4666 1999 4731 lum,
2030 4676 2078 4721 et
2102 4666 2472 4736 coagulabitur
2489 4665 2628 4718 acris
2652 4663 2719 4716 “.
2747 4662 2854 4718 Sed
2878 4662 2984 4717 mel
3020 4660 3150 4716 illud
3174 4659 3446 4725 silvestre,

1867 4772 1977 4813 non
2007 4758 2200 4825 herba,
2233 4759 2326 4812 sed
2360 4758 2466 4811 mel
2496 4771 2686 4811 revera
2717 4755 2988 4821 silvestre,
3028 4752 3445 4809 acerbissimum

1868 4864 1933 4904 ac
1955 4850 2137 4919 gustui
2174 4848 2608 4921 ingratissimum
2640 4856 2746 4903 est.

1936 4937 2071 4993 Illud
2098 4956 2111 4995 :
2146 4937 2267 5007 Ipse
2294 4955 2381 4993 vos
2427 4937 2724 5007 baptizabit
2756 4939 2810 4989 in
2839 4934 3045 5007 Spiritu
3083 4944 3268 4990 sancto
3292 4936 3359 5003 “,
3388 4935 3441 4989 id

1868 5032 2111 5098 denatat,
2142 5032 2287 5101 quod
2330 5032 2447 5102 ipse
2481 5046 2579 5085 vos
2608 5038 2941 5099 purgaturus
2975 5029 3049 5084 sit
3079 5045 3092 5081 :
3127 5027 3255 5098 quia
3290 5025 3441 5082 acilio

1866 5136 1953 5180 cet
2000 5124 2053 5179 id
2100 5133 2361 5194 praestare
2404 5139 2512 5178 non
2566 5123 2709 5177 valet
2733 5118 2964 5177 Joannis
3014 5119 3317 5190 baptisma;
3346 5118 3440 5173 sed

1866 5215 2093 5279 Christi,
2144 5217 2237 5287 qui
2290 5216 2454 5270 etiam
2503 5215 2817 5269 remittendi
2856 5220 3075 5287 peccata
3120 5219 3444 5281 potestatem

1869 5308 2048 5362 habet.

248 5485 300 5517 ⁸³
326 5481 515 5538 Matth.
549 5498 627 5549 ιι,
655 5483 746 5538 20.
825 5484 869 5517 ⁸⁸
898 5484 1086 5543 Matth.
1134 5500 1227 5549 ιιι,
1265 5483 1317 5539 1.
1410 5483 1455 5515 ⁸⁸
1484 5481 1626 5541 Eccl.
1656 5485 1767 5552 xu,.'

1900 5483 1939 5514 "
1972 5482 2162 5537 Matth.
2204 5499 2284 5545 ιιι,
2324 5482 2405 5536 11.

252 5681 497 5758 (6)_Edit.
540 5683 765 5751 Athan.,
812 5700 871 5758 p.
903 5685 1077 5753 1006,
1109 5702 1179 5744 ει
1214 5685 1429 5745 Possini
1469 5697 1656 5747 catena
1699 5689 1754 5743 in

180 5753 517 5809 llattlucum.

254 5823 333 5889 (7)
372 5822 505 5879 Ibid.

1938 5687 2013 5757 (8)
2038 5685 2292 5757 Eamdcm
2323 5685 2486 5757 hujus
2515 5686 2683 5757 vocis,
2702 5684 2869 5757 Δἀκρίς
2891 5723 2906 5746 ,
2935 5683 3432 5757 ἰι-ιιιιιγιινιιιιίοιιρηι

1859 5752 2063 5881 vigesis
2088 5756 2227 5827 apud
2254 5755 2520 5812 lsidorum
2542 5754 2675 5817 Pel.,
2701 5754 2731 5807 I.
2762 5752 2801 5820 ι,
2819 5771 2903 5824 ep.
2960 5753 3058 5807 16?.
3078 5752 3251 5807 fusius
3273 5764 3434 5806 enato

1854 5843 1913 5884 η
1943 5842 2052 5886 am.
