4036 6438
218 366 362 422 1569

1346 372 1772 427 FRAGMENTA
1815 374 1879 427 ΙΝ
1925 376 2358 435 MATTll/EUM.

3309 380 3446 435 5370

211 475 313 531 οὖν
332 478 547 531 τούτων
575 480 678 532 τῶν
710 481 1115 551 ἁμαρτημάτων
1139 481 1206 534 τά
1230 482 1401 553 βρέφη
1429 486 1649 556 ἁμύητα
1680 486 1749 536 ὑπ

1854 528 1860 545 ,
1897 490 2092 543 rum”.
2129 491 2261 545 Cum
2300 495 2478 562 itaque
2519 494 2839 549 delictorum
2883 494 3191 564 hujusmodi
3216 508 3443 562 prorsus

210 573 377 641 άρχει
402 610 419 636 ,
470 570 629 623 ποίαν
659 571 932 642 ἁμαρτίαν
950 572 1060 641 ἔχει
1084 572 1144 625 τὸ
1169 572 1527 645 ἁνθημερινὸν
1549 576 1781 636 παιδίον,

205 666 257 713 εί
290 664 363 732 μὴ
393 661 574 725 καθὼς
600 662 807 731 ἔφημεν
840 663 928 713 τὸν
959 663 1264 732 σωματικὸν
1295 665 1463 735 ῥύπον
1482 683 1495 695 ·
1529 666 1648 719 οὔτε
1677 666 1781 736 μὴν

203 756 233 806 ὁ
266 756 441 822 λέγων
475 754 576 825 ἔφη
601 771 614 784 ·
639 754 847 819 Οὐδεὶς
895 756 1156 823 καθαρὸς
1193 757 1299 809 ἀπὸ
1318 758 1589 830 ἁμαρτίας
1613 798 1627 820 ,
1667 759 1779 812 ἀλλ’

200 846 327 899 ἀπὸ
342 847 563 914 ῥύπου.

508 964 616 1033 (10)
652 965 995 1018 Ἄθανασιόυ
1029 966 1489 1035 Ἀλεξανδρείας,

200 1078 334 1139 Πῶς
377 1078 596 1147 νοητέον
643 1078 703 1130 τὸ
731 1120 743 1140 ,
780 1079 840 1130 '0
866 1078 1171 1147 ἐμϐλέψας
1221 1081 1475 1147 γυναῖκα
1522 1080 1671 1145 πρὸς
1708 1080 1775 1131 τὸ

274 1148 637 1229 ἐξιθυμῇςναι
676 1148 873 1229 ἀὺζῆς
910 1150 1023 1217 ἤδη
1082 1151 1437 1218 ἐμοίχευσεν
1475 1150 1669 1217 αὐτὴν
1707 1150 1777 1202 ἐν

274 1217 351 1284 τῇ
384 1218 592 1284 καρδίᾳ
620 1220 826 1273 αὑτοῦ.

271 1308 529 1379 Μοιχεύει
560 1313 792 1377 γυναῖκα
842 1314 907 1381 τῇ
944 1312 1139 1382 καρδίᾳ
1169 1312 1393 1373 ἐκεῖνος,
1436 1315 1464 1365 6
1507 1312 1772 1364 συνδιατι-

194 1398 426 1469 θέμενος
464 1403 536 1471 ςεῇ
593 1400 809 1471 πράξει,
864 1402 1183 1455 ἀπεκώλυσε
1225 1403 1281 1454 δὲ
1320 1404 1411 1456 τὸν
1442 1404 1697 1466 τοιοῦτον,
1734 1403 1765 1473 ἢ

190 1493 451 1563 ﬂung-ii
504 1494 714 1563 χρόνος,
772 1494 803 1565 ἦ
842 1494 1001 1562 φόϐος
1034 1495 1140 1547 τῶν
1204 1496 1519 1565 Ῥωμαϊκῶν
1570 1494 1765 1565 νόμων.

196 1585 327 1637 ’Ὁτι
354 1585 411 1637 δὲ
447 1585 651 1649 πολλοὶ,
686 1585 758 1655 μὴ
788 1585 1081 1656 δράσαντες
1105 1586 1201 1656 τὴν
1236 1586 1511 1649 ἀσέϐειαν,
1536 1587 1610 1649 ὡς
1649 1603 1767 1656 μοι⁶

1889 582 2119 650 imperiti
2143 584 2346 652 parvuli
2380 585 2484 637 sint
2505 602 2519 648 ;
2546 585 2711 651 quod,
2731 600 2933 652 quaeso,
2955 592 3230 653 peccatum
3250 582 3443 636 admit-

1889 683 1963 726 tat
1989 676 2253 743 puerulus
2283 676 2393 744 ipsa
2435 676 2523 729 die
2570 687 2750 737 natus,
2781 676 2904 738 nisi,
2934 677 3008 729 uti
3034 676 3291 738 diximus,
3319 690 3443 728 cor-

1884 782 2099 833 poream
2129 766 2581 836 sordem?t\'eque
2608 768 2750 822 enim
2779 768 2849 821 ita
2873 767 3091 831 dicitur,
3119 765 3282 819 Nemo
3298 782 3442 818 mun-

1884 860 1981 909 dus
2014 874 2042 911 a
2071 869 2313 927 peccato,
2344 858 2458 921 sed,
2490 877 2520 912 a
2547 860 2718 915 sorde.

2336 971 2613 1025 Athanasii
2632 971 2994 1024 Alexandrini.

1882 1081 2001 1148 Quo
2030 1092 2187 1150 pacto
2225 1083 2628 1151 intelligendum
2662 1084 2790 1137 illud
2822 1100 2833 1134 :
2870 1083 2971 1148 Qui
3001 1084 3209 1149 respicit
3248 1083 3435 1136 malie-

1949 1169 2052 1204 rem
2088 1154 2155 1204 πά
2200 1154 2664 1218 concupiscendum
2708 1154 2981 1222 eam,jam
3030 1154 3314 1208 mter/tatus
3357 1163 3433 1207 est

1943 1239 2058 1275 eam
2085 1225 2139 1275 in
2162 1225 2311 1276 corde
2341 1240 2433 1276 suo
2455 1224 2521 1279 7°.

1945 1311 2246 1366 Mteehatur
2294 1312 2456 1365 corde
2500 1328 2623 1365 cum
2674 1315 2920 1375 muliere,
2964 1314 3055 1382 qui
3106 1314 3433 1383 perﬁciendo

1874 1399 2024 1466 Operi
2057 1400 2367 1462 consensit;
2395 1400 2489 1453 sed
2513 1400 2581 1453 ab
2614 1401 2801 1455 illicito
2827 1413 2879 1455 et
2920 1418 3084 1470 pravo
3115 1418 3429 1471 congressu,

1873 1498 1966 1541 aut
1992 1488 2135 1549 loco,
2164 1499 2256 1542 aut
2278 1500 2535 1557 tempore,
2566 1501 2820 1544 autmetu
2855 1490 3217 1545 Romanarum
3253 1493 3430 1561 legum

1870 1582 2139 1635 coercitus
2192 1588 2294 1636 est.
2333 1580 2490 1646 Quod
2525 1590 2703 1636 autem
2755 1584 2944 1646 multi,
2978 1584 3069 1652 qui
3109 1585 3346 1640 exterius
3373 1586 3426 1640 in

187 1677 282 1745 χοὶ
304 1676 692 1746 ἐκολάσθησαν,
727 1676 921 1747 ῥᾳδίως
950 1678 1065 1730 ἐστὶ
1092 1679 1215 1740 τοὺς
1246 1678 1451 1741 πάντας
1498 1678 1749 1749 πληροφο

1869 1681 2152 1739 peccatum
2188 1686 2294 1724 non
2336 1683 2737 1742 proruperunt,
2770 1674 2929 1743 quasi
2979 1676 3177 1729 mmehi
3221 1678 3426 1746 suppli-

189 1767 432 1838 ρηθῆναι
459 1770 522 1821 ὲκ
550 1767 644 1821 τοῦ
688 1768 1057 1837 ὐλοφέρνους.
1084 1769 1408 1833 Σπεύδοντος
1433 1774 1540 1839 γάρ
1571 1769 1765 1840 δρᾶσαι

182 1860 252 1913 τὸ
282 1859 472 1928 μύσος,
502 1862 533 1927 ή
565 1860 750 1912 ’1ουδ“ιθ
771 1902 783 1923 ,
819 1860 892 1923 ὠς
931 1862 1093 1931 νόμος
1132 1861 1503 1932 δικαιοσύνης,
1553 1880 1762 1915 σπασα-

187 1954 331 2022 μένη
361 1952 420 2005 τὸ
454 1952 605 2021 ξίφος
634 1953 905 2023 ἀπέτεμεν
938 1954 1100 2005 αὐτοῦ
1138 1953 1237 2024 τὴν
1275 1956 1536 2023 κεφαλὴν,
1568 1958 1761 2009 ἐπικα-

182 2042 465 2113 λεσαμένη
496 2045 575 2107 εἰς
611 2043 861 2114 βοήθειαν
886 2044 978 2095 καί
1004 2044 1419 2114 ὑπερασπισμὸν
1450 2045 1539 2096 τὸν
1562 2044 1761 2115 δοτῆρα

178 2133 297 2186 τῶν
336 2135 515 2202 νόμων
567 2134 729 2195 Θεὸν,
780 2135 874 2187 καὶ
920 2135 1177 2205 συνεργὸν
1233 2136 1331 2202 τῆς
1386 2137 1754 2207 σωφροσύνης.

190 2225 474 2288 Ὡσαύτως
500 2226 593 2277 xui.
620 2227 668 2277 oi
702 2224 793 2278 δύο
824 2226 1201 2297 πρεσϐύτεροι,
1240 2228 1519 2298 εἰρηκότες
1549 2232 1611 2299 τῇ
1646 2232 1759 2282 Σω-

178 2317 378 2388 σάννῃ,
419 2316 571 2370 Ἰδοὺ
602 2316 672 2368 ἐν
689 2317 965 2385 ἐπιθυμίᾳ
991 2319 1103 2369 σού
1122 2318 1329 2385 ἐσμεν,
1370 2318 1569 2389 καίπερ
1602 2320 1757 2373 τοῦτο

179 2407 263 2477 μὴ
290 2406 617 2477 πράξαντες,
655 2406 728 2470 ὡς
771 2408 951 2476 μοιχοὶ
980 2407 1372 2478 ἐκολάσθησαν,
1414 2411 1507 2463 καὶ
1531 2411 1628 2481 τὴν
1662 2411 1757 2482 ζη-

177 2503 316 2570 μίαν
343 2501 498 2571 ἕσχον
522 2501 769 2554 θάνατον.
802 2501 928 2554 Ἐάν
949 2498 1041 2555 οὖν
1067 2504 1160 2556 καὶ
1188 2504 1309 2577 ἄρτι
1341 2506 1420 2567 τίς
1443 2508 1558 2557 ἐστι
1583 2504 1757 2558 τοιοῦ-

169 2608 293 2655 τος,
324 2591 638 2653 ἀκόλαστος,
668 2591 931 2662 ἀκρατὴς,
977 2593 1257 2663 ἐπιθυμῶν
1311 2594 1604 2666 ἀλλοτρίων
1657 2612 1753 2662 γυο

170 2683 404 2747 ναικῶν,
440 2684 580 2736 κατά
615 2684 853 2737 διάνοιαν
894 2684 1164 2753 μοιχεύει·
1198 2686 1225 2737 ό
1272 2685 1381 2755 γὰρ
1411 2686 1753 2756 ἡγεμονεύων

169 2775 285 2827 τῶν
312 2773 519 2838 παθῶν,
545 2774 862 2845 καθαρεύων
891 2775 999 2829 ἀπὸ
1026 2775 1159 2845 ὁφλή
1171 2794 1357 2846 ματος,
1394 2777 1501 2829 ἀπὸ
1534 2780 1753 2848 αἰσχρο-

168 2866 384 2935 λογίας,
407 2858 560 2928 οὗτος
580 2867 679 2919 οὐκ
698 2866 813 2919 ἔστι
837 2868 1041 2937 μοιχὸς,
1078 2868 1212 2921 ἀλλά
1237 2868 1698 2939 παθοκρατορικός
1734 2882 1748 2898 ⁸

168 2958 517 3013 ἀναστέλλων
571 2958 632 3011 τὸ
688 2958 925 3027 ἐπαχθὲς
952 2960 1051 3028 τῆς
1094 2961 1283 3030 ἡδονῆς
1309 2960 1385 3030 τῷ
1409 2961 1573 3030 θεῖκῷ
1602 2962 1750 3032 φόϐῳ

168 3053 249 3115 ὡς
292 3050 442 3121 κῦμα
468 3050 754 3103 θαλάσσιον
791 3051 1229 3121 ἀνακοπτόμενον
1264 3052 1367 3103 ὑπὸ
1398 3053 1621 3123 ἰσχυρᾶς
1655 3054 1748 3105 καὶ

170 3145 406 3216 στερεᾶς
435 3143 659 3213 πέτρας.

242 3237 358 3309 (11)
389 3239 457 3290 El
483 3234 549 3287 δὲ
571 3239 602 3289 o'
632 3236 937 3304 ὀφθαλμός
971 3249 1086 3289 σου
1117 3238 1149 3289 ό
1187 3235 1385 3301 δεξιὸς
1423 3236 1748 3290 σκανδαλί-

164 3330 250 3391 ζει
281 3345 376 3393 σε,
412 3329 587 3393 ἐξελε
623 3328 829 3393 αὑτὸν,
871 3327 968 3381 καὶ
1005 3327 1165 3392 ,ϐάλε
1212 3330 1327 3382 ἀπὸ
1368 3330 1483 3383 σοῦ
1508 3371 1522 3393 ,
1555 3331 1648 3382 καὶ
1678 3330 1748 3382 τὰ

161 3422 317 3491 ἑξῆς.
368 3421 681 3484 Βαδίζοντες
726 3421 822 3491 τὴν
865 3421 1074 3491 ἀπλανῆ
1126 3422 1221 3473 καὶ
1268 3422 1548 3491 ζωηφόρον
1604 3422 1740 3487 ὁδὸν,

156 3513 447 3583 ὀφθαλμὸν
495 3513 590 3581 μὲν
648 3511 968 3582 ὲκκόψωμεν
1016 3510 1481 3575 σκανδαλίζοντα·
1534 3513 1607 3583 μὴ
1654 3513 1743 3565 τὸν

158 3606 427 3676 αἰσθητόν
458 3605 569 3676 (12)
592 3623 603 3633 ·
640 3603 859 3675 καὶγὰρ
895 3606 1063 3675 πηροὶ
1099 3604 1305 3675 μοιχοί·
1337 3604 1473 3657 ἀλλὰ
1500 3606 1589 3657 τὸν
1622 3623 1740 3676 νοη-

157 3700 283 3753 τόν.
317 3692 441 3751 Οἷον
464 3698 603 3751 eam
634 3697 929 3761 ἐπίσκοπος
963 3698 994 3768 ἢ
1033 3700 1060 3750 6
1094 3697 1476 3768 πρεσϐύτερος,
1519 3700 1566 3749 οἱ
1592 3698 1743 3761 ὄντες

157 3791 435 3862 ὀφθαλμοὶ
478 3792 577 3862 τῆς
625 3790 975 3860 Ἐκκλησίας,
1024 3790 1206 3854 κακῶς
1259 3790 1738 3861 ἀναστρέφωνται,

158 3884 265 3939 καὶ
292 3882 680 3945 σκανδαλίζωσι
712 3882 799 3934 τὸν
829 3882 973 3945 λαὸν,
1010 3883 1114 3952 χρὴ
1144 3865 1338 3944 αὐτοὺς
1362 3881 1737 3934 ἐκϐάλλεσθαι.

158 3974 455 4045 Σιομφέρον
488 3974 597 4043 γάρ
642 3974 788 4026 ἐστιν
820 3974 947 4027 ἄνευ
978 3973 1157 4025 αὐτῶν
1190 3974 1631 4044 συναθροίζεσθαι
1662 3977 1740 4038 εἰς

162 4071 457 4141 εὐκτήριον
490 4066 657 4131 οἷκον,
688 4069 721 4139 ἢ
747 4070 862 4139 μετ’
894 4069 1089 4132 αὐτοὺς
1119 4069 1475 4140 ἐμϐληθῆναι,
1503 4070 1578 4131 ὡς
1602 4070 1740 4139 μετά

194 4166 342 4217 Αννα
370 4163 463 4215 καὶ
497 4163 739 4230 Καῖάφα,
768 4162 846 4223 εἰς
881 4160 978 4231 τὴν
1021 4161 1246 4228 γέενναν
1283 4159 1376 4213 τοῦ
1421 4152 1607 4229 πυρός.
1658 4160 1740 4215 Ὀ-

163 4255 341 4323 μοίως
360 4252 413 4304 δὲ
453 4252 547 4305 καὶ
572 4254 603 4321 ή
632 4252 770 4321 χεὶρ,
798 4251 1102 4313 ὀδιὰκονος,
1127 4252 1219 4302 ἐὰν
1240 4250 1470 4316 ἀναξίως
1498 4268 1549 4302 τι
1572 4250 1737 4320 πράτ-

156 4364 255 4420 τῃ,
291 4341 606 4415 χωριζέσθω
626 4342 719 4395 τοῦ
752 4343 1136 4413 θυσιαστηρίου
1170 4343 1300 4413 (15).
1347 4344 1404 4395 ’0
1428 4342 1483 4395 δὲ
1530 4342 1682 4405 ποῦς,
1708 4345 1736 4395 6

160 4439 467 4510 ὑπηρέτης,
500 4437 593 4490 ὲάν
622 4436 806 4499 κακῶς
851 4437 1017 4507 τρέχῃ
1063 4437 1141 4498 εἰς
1174 4436 1233 4488 τὸ
1267 4436 1478 4505 ψεῦδος,
1517 4436 1607 4488 καὶ
1637 4436 1733 4505 τὴν

1868 1764 1953 1817 cio
1979 1763 2153 1818 aﬂeeti
2174 1764 2394 1829 fuerint,
2420 1766 2674 1821 omnibus
2690 1766 2861 1836 palam
2887 1765 3062 1821 facere
3091 1768 3142 1821 in
3174 1782 3426 1839 promptu

1864 1866 1949 1911 est
1976 1874 2043 1911 ex
2069 1856 2430 1927 llolopherne.
2458 1856 2591 1911 Nam
2613 1874 2735 1914 cum
2770 1857 2971 1915 itedum
3003 1876 3141 1929 opus
3171 1876 3427 1931 peragere

1863 1950 2104 2017 gestiret,
2135 1948 2341 2016 Judith,
2370 1966 2467 2005 ceu
2497 1950 2581 2004 lex
2628 1950 2874 2020 quaadam
2902 1951 3149 2018 iustitiae,
3175 1952 3422 2006 districto

1862 2044 2041 2111 gladio
2088 2053 2248 2112 caput
2279 2044 2396 2112 ejus
2428 2043 2675 2107 abscidit,
2714 2044 2963 2097 invocato
2990 2046 3141 2113 prius
3167 2045 3233 2099 ad
3265 2060 3421 2114 opem

1860 2144 1913 2187 et
1943 2135 2305 2204 patrocinium
2352 2136 2532 2205 legum
2564 2136 2751 2189 datore
2780 2146 2831 2189 et
2865 2137 3213 2191 continentia:
3240 2139 3423 2208 opitu-

1860 2225 2031 2280 latore
2080 2224 2209 2280 Deo.
2244 2224 2445 2280 Eodem
2491 2240 2709 2295 quoque
2743 2228 2905 2280 modo
2943 2244 3099 2283 senes
3133 2229 3262 2294 duo,
3295 2246 3419 2284 eum

1860 2316 2126 2371 Susanna:
2154 2317 2447 2371 dixissent:
2488 2316 2622 2371 Ecce
2648 2316 2703 2370 in
2740 2318 3163 2386 concupiscentia
3207 2319 3286 2371 tui
3328 2336 3421 2372 sa-

1858 2408 2055 2473 mus“,
2089 2409 2302 2462 etiamsi
2334 2407 2545 2463 [acinus
2568 2424 2674 2462 non
2704 2415 3122 2479 perpetrassent,
3144 2412 3419 2464 utmtechi

1857 2495 2000 2564 plexi
2036 2510 2098 2549 ac
2134 2503 2308 2547 morte
2346 2495 2593 2549 mulctati
2619 2504 2766 2549 sunt.
2799 2495 2855 2549 Si
2888 2495 2990 2550 hoc
3024 2512 3152 2566 ergo
3180 2505 3420 2565 tempore

1856 2586 2125 2656 quispiam
2146 2586 2217 2641 sit
2243 2586 2575 2655 hujusmodi,
2594 2587 2981 2656 intemperans,
3012 2587 3265 2653 lascivus,
3284 2589 3417 2641 alie-

1857 2696 1954 2735 nas
1981 2695 2181 2734 uxores
2203 2690 2485 2749 appetens,
2517 2681 2562 2733 is
2589 2678 2771 2733 animo
2808 2680 3125 2734 fornicatur.
3158 2676 3290 2731 Nam
3324 2679 3416 2749 qui

1855 2768 1907 2820 in
1942 2767 2168 2821 allectus
2204 2784 2335 2822 suos
2375 2769 2662 2838 imperium
2711 2769 2893 2834 habet,
2927 2785 2957 2821 a
2997 2769 3193 2837 quovis
3222 2769 3415 2823 delicte

1853 2875 2021 2928 purus
2052 2868 2103 2913 et
2147 2862 2213 2914 ab
2246 2860 2497 2913 obscenis
2530 2860 2688 2914 dictis
2712 2900 2727 2922 ,
2773 2860 2858 2913 hie
2890 2861 3136 2914 mmchus
3176 2876 3281 2914 non
3312 2871 3415 2924 est,

1852 2951 1945 3005 sed
1995 2952 2307 3021 cupiditatis
2330 2952 2532 3015 victor;
2558 2951 2757 3019 quippe
2794 2951 2884 3020 qui
2924 2952 3213 3020 voluptatis
3241 2953 3415 3020 impe-

1853 3050 1965 3094 tum
1994 3043 2179 3095 divino
2214 3053 2383 3104 metu,
2416 3044 2571 3110 quasi
2604 3042 2965 3097 decumanum
2994 3043 3159 3095 maris
3189 3042 3411 3096 ﬂuctum

1771 3159 1814 3215 ε
1850 3150 1876 3185 ιι
1906 3134 2079 3187 solida
2104 3143 2156 3187 ct
2177 3138 2325 3187 tirma
2362 3143 2512 3205 petra
2540 3149 2872 3203 repressum,
2899 3144 3165 3190 coerceat.

1921 3226 1978 3280 Si
2019 3226 2199 3279 oculus
2237 3237 2355 3279 tuus
2380 3228 2560 3279 dexter
2588 3226 2920 3281 scandalizat
2950 3239 3020 3289 te,
3044 3244 3162 3279 erue
3199 3244 3337 3291 cum,
3364 3238 3414 3281 et

1846 3315 2041 3383 projice
2076 3314 2167 3366 abs
2202 3324 2248 3366 te
2272 3315 2337 3379 τ’,
2367 3324 2418 3367 et
2449 3327 2663 3368 caetera.
2692 3314 3004 3369 lneedentcs
3030 3326 3209 3369 autem
3244 3318 3295 3370 in
3327 3320 3413 3372 via

1848 3405 1977 3457 ιιιιιιῑ
2010 3405 2181 3457 errori
2229 3405 2462 3457 obnoxia
2494 3415 2546 3458 et
2563 3406 2795 3467 viviﬁca,
2826 3408 3045 3460 oculum
3080 3422 3335 3463 eruamus
3364 3410 3408 3462 si

1848 3498 2004 3552 nobis
2048 3497 2373 3551 oﬂ‘endiculo
2403 3498 2503 3563 sit;
2548 3515 2653 3552 non
2691 3500 2905 3569 quidem
2946 3501 3200 3554 sensilem
3235 3502 3410 3564 illum.

1845 3606 1968 3643 nam
1997 3591 2124 3643 CIBCi
2171 3606 2387 3659 quoque
2415 3590 2611 3645 ιιιωοίιί
2639 3601 2784 3657 sunt,
2817 3592 2908 3645 sed
2952 3593 3285 3661 spiritualem
3313 3612 3326 3659 ;
3354 3604 3412 3650 ut

1844 3684 1910 3749 si,
1939 3683 2086 3737 verbi
2117 3698 2304 3746 causa,
2330 3683 2615 3751 episcopus
2638 3695 2689 3736 et
2711 3685 3010 3754 presbyter,
3037 3685 3127 3752 qui
3158 3695 3284 3738 sunt
3304 3684 3408 3739 Ec—

1843 3777 2019 3831 clesiae
2065 3777 2227 3840 oculi,
2271 3776 2514 3844 improbe
2568 3786 2874 3839 versentur,
2908 3787 2961 3831 et
3001 3778 3197 3846 populo
3223 3779 3408 3849 lapsus

1844 3872 2061 3925 occasio
2091 3871 2220 3932 sint,
2256 3870 2588 3939 abjiciendos
2636 3880 2863 3939 oportet.
2897 3868 3126 3925 Praestat
3174 3873 3320 3926 enim
3354 3872 3405 3926 in

1844 3963 2007 4017 domo
2027 3962 2306 4023 orationis,
2329 3963 2547 4015 remotis
2575 3961 3005 4025 illis,cunventus
3024 3978 3201 4031 agerc,
3217 3979 3405 4032 quam,

1843 4056 1984 4107 velut
2002 4071 2123 4108 cum
2143 4054 2297 4107 Anna
2315 4064 2364 4106 et
2384 4052 2607 4121 Caipha,
2624 4068 2744 4106 cum
2764 4053 2843 4107 eis
2867 4052 3012 4120 injici
3034 4054 3084 4104 in
3105 4054 3404 4122 gehennam

1842 4148 2002 4219 ignis.
2040 4146 2302 4199 Similiter
2328 4146 2373 4199 si
2411 4146 2693 4209 diaconus,
2718 4144 2807 4210 qui
2834 4160 2932 4214 pro
2962 4159 3121 4197 manu
3155 4143 3403 4211 habetur,

1842 4241 2118 4308 indignum
2146 4238 2271 4307 quid
2310 4237 2498 4307 egerit,
2532 4237 2597 4289 ab
2618 4237 2771 4290 altari
2800 4246 3127 4306 segregetur.
3163 4236 3406 4290 Minister

1838 4346 1965 4383 vero
1996 4331 2087 4399 qui
2112 4346 2209 4399 pro
2243 4330 2375 4398 pede
2407 4338 2706 4399 reputatur,
2731 4330 2775 4383 si
2810 4329 3053 4397 improbe
3082 4331 3145 4381 ad
3182 4330 3404 4384 menda~

1839 4422 2005 4484 cium,
2040 4433 2091 4474 et
2122 4422 2187 4475 ad
2219 4436 2466 4485 munera,
2495 4430 2553 4474 ut
2579 4419 2727 4473 Giezi
2760 4421 2824 4485 ⁷³,
2863 4420 3177 4489 accipienda
3203 4419 3400 4473 decur-

157 4531 327 4601 λῆψιν
349 4529 455 4582 τῶν
479 4528 772 4597 χρημάτων
807 4528 946 4580 κατά
985 4528 1075 4580 τὸν
1108 4526 1290 4597 Γιεζῆ,
1313 4527 1393 4579 δεῖ
1428 4528 1518 4579 καὶ
1547 4527 1731 4579 τοῦτον

1854 4525 1950 4577 ἰιι;
1982 4515 2125 4568 hunc
2158 4529 2373 4584 quoque
2416 4528 2553 4583 opus
2586 4521 2687 4577 est,
2726 4522 2785 4566 ut
2828 4528 3054 4581 pravum
3105 4521 3159 4566 et
3197 4512 3402 4580 impru~

156 4622 264 4691 τῆς
306 4618 645 4689 λειτουργίας
676 4616 1065 4683 ἀποξενοῦσθαι
1092 4618 1167 4681 ὡς
1192 4617 1424 4687 χαλεπὸν
1450 4620 1541 4670 καὶ
1570 4617 1734 4671 ἀσύν-

158 4729 284 4766 ετον
341 4711 622 4779 ἄνθρωπον
652 4726 664 4738 ·
721 4710 807 4763 ἵνα
854 4712 887 4780 ἡ
948 4709 1238 4780 Ἐκκλησία
1294 4710 1733 4771 ἁσκανδαλίστως

160 4803 505 4873 συναγομένη
528 4801 1049 4871 διαφυλαχθήσηται.

446 4918 556 4990 (14)
603 4919 946 4972 Ἀθανασιόυ
984 4918 1441 4985 Ἀλεξιινδίείας,

265 5012 477 5065 Βιϐλίου
518 5011 615 5081 τῆς
640 5012 931 5085 ἑρμηνείας
958 5011 1049 5063 τοῦ
1084 5012 1237 5078 ἁγίου
1267 5011 1617 5078 Εὐαγγελίου.

229 5104 561 5173 Προσέχετε
588 5103 655 5156 δὲ
680 5104 1225 5171 τὴνέλεημοσύνην
1246 5102 1410 5172 ὑμῶν
1428 5102 1511 5171 μὴ
1537 5102 1727 5154 ποιεῖν

152 5198 496 5263 ἔμπροσθεν
519 5194 635 5247 τῶν
673 5194 998 5261 ἀνθρώπων
1034 5196 1182 5262 πρὸς
1216 5198 1279 5247 τὸ
1312 5193 1589 5261 θεαθῆναι
1620 5196 1726 5246 αὺ-

157 5288 281 5352 τοῖς
308 5303 320 5315 ·
358 5289 409 5340 εὶ
441 5284 509 5338 δὲ
535 5285 619 5355 μή
650 5303 734 5355 γε,
757 5287 979 5355 μισθὸν
998 5288 1106 5339 οὐκ
1134 5287 1301 5354 ἔχετε
1326 5286 1480 5354 παρὰ
1508 5284 1587 5349 τῷ
1615 5288 1729 5337 lla-

226 5406 270 5436 "
298 5403 486 5457 Matth.
529 5420 682 5469 xvnt,
722 5404 776 5458 5.
873 5404 918 5435 ⁷⁸
945 5403 1131 5459 Matth.
1196 5421 1247 5471 v,
1305 5406 1392 5459 ΞΒ.

150 5474 198 5508 ’³⁵
229 5472 414 5527 Matth.
475 5492 548 5539 Vl,
584 5477 634 5527 l.

539 5586 735 5661 Athan.
767 5603 829 5641 ex
856 5590 1038 5643 codice
1069 5592 1383 5656 Baroeiano,
1416 5609 1467 5661 p.
1505 5591 1649 5645 πορθ.

224 5653 515 5728 (indidit.
566 5658 787 5719 Athan,
840 5676 891 5728 p.
928 5661 1083 5718 i027.
1129 5681 1192 5715 rx-
1229 5653 1429 5715 codice'
1454 5662 1713 5715 Vaticano

150 5726 277 5779 392.
318 5722 513 5797 Verum
560 5730 801 5782 auctiora
840 5722 902 5782 ἐι
949 5735 1316 5785 emendatiora
1353 5736 1615 5797 prodeunt
1647 5748 1710 5783 me

144 5797 331 5847 unum
357 5792 486 5860 Reg.
520 5797 672 5855 i995.
708 5798 744 5851 f.
776 5800 898 5860 520,
924 5815 970 5854 et
1002 5819 1064 5856 ex
1100 5804 1218 5857 cod.
1248 5792 1479 5857 Colbert.
1516 5805 1637 5857 ὅθί.

220 5864 329 5933 tl?)
377 5860 497 5922 Haec
530 5867 720 5920 desunt
744 5872 794 5922 in
831 5873 937 5926 edit
969 5913 983 5937 ,
1032 5877 1119 5927 sed
1150 5875 1410 5928 habentur
1443 5876 1494 5929 in
1530 5890 1651 5928 mss.

1486 5402 1686 5456 “Dan.
1747 5402 1827 5465 15,
1886 5400 1977 5463 ‘20.

1831 4608 2044 4661 dentem
2079 4606 2376 4669 hominem,
2411 4623 2440 4660 a
2483 4605 2787 4660 ministerio
2822 4606 3175 4671 submovere;
3213 4614 3270 4658 ut
3294 4603 3397 4658 Ec-

1832 4699 1996 4753 clesia
2022 4699 2139 4755 sine
2163 4698 2462 4754 oﬂensione
2495 4708 2823 4768 congregata
2854 4708 3119 4752 servetur.

2280 4904 2558 4957 Athanasii
2589 4904 2935 4959 Alexandrini

1958 4996 2031 5049 Ex
2067 4995 2205 5049 libro
2231 4995 2688 5064 interpretationis
2718 4997 2770 5050 in
2807 4994 2862 5051 S.
2895 4995 3266 5065 Evangelium.

1907 5090 2182 5163 Attendite.
2204 5105 2263 5141 ne
2291 5089 2670 5159 eleemosynam
2707 5088 2932 5143 uestram
2975 5090 3186 5158 faciatis
3219 5106 3397 5142 coram

1835 5184 2149 5248 hominibus,
2190 5192 2244 5236 ut
2292 5183 2572 5237 videamini
2614 5186 2676 5238 ab
2718 5187 2833 5239 eis:
2874 5186 3074 5254 alioqui
3113 5188 3396 5238 mercedem

1837 5298 1938 5333 nun
1964 5279 2213 5332 habebitis
2238 5279 2377 5346 apud
2404 5276 2611 5331 Patrem
2636 5287 2855 5331 vestrum
2875 5280 2962 5347 qui
2988 5279 3041 5330 in
3062 5279 3202 5331 cadis
3226 5287 3301 5331 est
3325 5279 3390 5335 ⁷³,

2077 5400 2119 5429 τ’
2145 5398 2332 5451 Matth.
2383 5415 2450 5458 ν,
2505 5398 2590 5451 ‘29.
2717 5398 2761 5427 ⁷³
2812 5399 2876 5450 ιν
2938 5397 3067 5466 Reg.
3118 5413 3168 5461 γ,
3210 5397 3390 5453 90-25.

1896 5584 2006 5638 (i3)
2041 5582 2169 5647 Qure
2201 5594 2503 5652 sequuntur
2538 5586 2599 5637 ad
2638 5586 2793 5639 tinem
2832 5602 3003 5655 usque
3037 5602 3097 5640 ex
3136 5600 3265 5639 m;s.
3293 5585 3389 5640 de-

1826 5664 2090 5722 prompta,
2118 5656 2493 5707 desiderantur
2525 5657 2574 5707 in
2604 5658 2731 5708 edit.

1894 5722 2005 5796 (ili)
2041 5723 2161 5796 llaec
2224 5725 2486 5796 prodeunt
2519 5741 2583 5796 ex
2616 5727 2737 5779 Cod.
2773 5727 2899 5796 Reg.
2946 5727 3101 5787 1995,
3130 5725 3166 5776 Χ
3206 5726 3387 5782 sazculi

1820 5793 1854 5844 l'.
2058 5792 2497 5862 lougeauctiora
2554 5795 2617 5849 iis
2655 5812 2772 5865 qum
2828 5792 2878 5851 in
2926 5798 3067 5853 edito
3113 5797 3384 5867 leguntur.

1820 5879 1869 5915 n.
1906 5881 1935 5909 ο
2013 5902 2024 5915 .

1819 5879 1869 5931 p.
1906 5879 2024 5915 nuo.
