4036 6442
583 347 717 403 1371

1392 346 1449 401 8.
1484 339 1855 399 ATHA‘NASII
1892 336 2042 395 OPP.
2084 332 2265 389 PARS
2303 329 2395 386 Ill.
2429 359 2503 374 -—
2539 327 2945 386 EXEGETICA.

3710 324 3836 378 137!

578 463 841 522 l‘lortatur
864 466 1045 533 itaque
1077 478 1178 519 nos
1201 458 1546 533 Unigenitus,
1572 472 1631 519 ut
1657 479 1724 519 ne
1748 465 2151 531 eleemosynam

2257 452 2347 520 τρὶ
2380 452 2547 521 ὑμῶν
2566 448 2646 517 τῷ
2663 451 2734 505 ἐν
2760 449 2886 516 τοῖς
2915 447 3216 517 οὐρανοῖς.
3245 444 3623 518 Συμϐουλεύει
3644 442 3703 496 δὲ
3726 446 3845 514 ἡμίν

582 557 850 612 faciamus
875 570 1057 610 coram
1090 556 1432 619 hominibus;
1467 570 1574 609 non
1605 565 1664 609 ut
1698 565 2017 610 cttnctemur
2047 550 2155 604 l'ra-

583 661 694 704 tres
727 658 941 703 no-tros
972 646 1176 714 fovere,
1221 664 1285 703 ac
1322 651 1505 719 egenis
1543 650 1677 702 bene
1714 648 1930 713 facere;
1970 644 2061 699 sed
2096 651 2154 696 ιιι

586 756 857 805 ne,van:e
900 739 1079 793 laudis
1120 740 1483 807 appctctttimn
1534 737 1933 792 Pltat'isaronttn
1966 750 2152 790 exent-

587 834 705 901 ιιΙυ,
755 843 1074 901 praesentem
1121 832 1346 901 gloriam
1399 848 1777 900 aucupentur:
1829 831 1921 883 secl
1971 828 2154 898 potius

586 924 885 978 nn-rcedetn
914 922 1084 975 titlelis
1110 930 1163 974 et
1200 932 1466 976 accuratae
1505 921 1863 992 cleetnosyuae
1891 936 1920 973 a
1955 918 2062 972 Deo
2097 916 2152 969 in

582 1015 767 1071 futuro
816 1024 1222 1083 exspectemus,
1264 1016 1357 1083 qui
1404 1029 1513 1067 non
1562 1023 1773 1067 tantum
1814 1013 1883 1067 de
1928 1022 2155 1065 munere

580 1108 899 1170 delet-tatur,
935 1116 1191 1176 quantum
1240 1107 1306 1161 de
1355 1107 1537 1175 opima
1583 1114 1636 1160 et
1683 1106 1824 1159 bona
1875 1102 2155 1173 largientis

580 1202 881 1263 voluntate,
918 1210 973 1254 ut
1002 1214 1065 1253 ex
1103 1199 1281 1269 ἰιιορις
1321 1200 1519 1261 vidum,
1561 1214 1683 1268 quae
1715 1198 1824 1252 duo
1859 1196 2067 1250 minuta
2100 1194 2155 1249 in

582 1290 1026 1361 galepliylaciutn
1059 1290 1242 1355 misit,
1266 1289 1515 1359 exemplo
1545 1290 1791 1345 ediscere
1818 1288 2083 1343 valemus.

652 1534 723 1590 Te
756 1544 933 1589 autem
974 1536 1202 1605 faciente
1245 1534 1664 1606 eleemosynam,
1696 1537 1895 1589 nesciat
1940 1537 2157 1590 sittietra

581 1636 673 1680 tua
702 1628 828 1697 quid
859 1626 1026 1697 faciat
1065 1627 1283 1681 dextera
1322 1635 1434 1681 tua.
1481 1626 1533 1680 Id
1567 1636 1680 1693 est,
1708 1628 2015 1682 voluntates
2047 1642 2162 1682 car-

580 1720 665 1772 nis
715 1718 948 1786 Spiritus
996 1718 1167 1772 sancti
1220 1718 1508 1772 consilium
1569 1733 1635 1772 ne
1721 1718 1993 1772 noverint.
2055 1717 2160 1785 Qui

2257 544 2287 594 6
2314 541 2620 612 Μονογενὴς
2657 541 2731 611 μὴ
2772 541 2946 592 ποιεῖν
2980 538 3078 609 τὴν
3120 535 3491 607 ἐλεημοσύνην
3532 534 3848 606 ἔμπροσθεν

2256 630 2363 683 τῶν
2401 630 2734 702 ἀνθρώπων
2792 630 2891 700 οὐχ
2934 629 3020 682 ἵνα
3064 627 3344 698 μέλλωμεν
3393 624 3846 698 περιστέλλεσθαι

2255 725 2381 789 τοὺς
2412 724 2671 794 ἀδελφοὺς
2699 727 2757 777 ἐν
2788 724 2865 794 τῷ
2909 718 2967 776 εὖ
3016 726 3186 775 ποιεῖν
3212 724 3322 785 τοῖς
3365 720 3654 791 δεομένοις
3674 736 3691 750 '
3740 718 3847 773 ἀλλ’

2256 816 2343 869 ἵνα
2371 818 2443 887 μὴ
2474 815 2753 887 μέλλωμεν
2781 812 3036 886 θηρεύειν
3069 812 3347 883 παροῦσαν
3376 812 3534 875 δόξαν
3559 811 3710 863 κατά
3728 813 3849 871 τοὺς

2256 908 2563 974 κενοδόξους
2592 908 2949 977 Φαρισαίους·
2979 905 3293 975 ἐκδέχεσθαι
3338 904 3396 958 δὲ
3440 904 3651 975 μᾶλλον
3705 905 3848 969 mea

2255 999 2391 1053 Θεοῦ
2427 999 2524 1071 τὴν
2559 998 2793 1070 ἀμοιϐὴν
2847 1000 2905 1051 ὲν
2954 997 3032 1068 τῷ
3066 997 3311 1068 μέλλοντι
3362 996 3458 1066 τῆς
3504 994 3717 1064 πιστῆς
3762 995 3850 1046 καὶ

2258 1093 2721 1164 περισπουδάστου
2770 1089 3139 1162 ἐλεημοσύνης
3170 1129 3185 1154 ,
3219 1089 3277 1152 ὃς
3307 1089 3401 1142 καλ⁸
3428 1086 3620 1158 χαίρει
3669 1086 3734 1138 σύ
3766 1101 3850 1137 το-

2261 1184 2448 1239 σοῦτον
2475 1184 2566 1237 ἐπὶ
2593 1184 2670 1255 τῷ
2703 1183 2916 1255 δόματι,
2940 1184 3063 1235 ὅσον
3082 1182 3171 1235 ἐπὶ
3195 1182 3260 1250 τῇ
3281 1179 3515 1249 πλουσίᾳ
3544 1179 3648 1231 καὶ
3672 1177 3849 1247 ἀγαθῇ

2258 1275 2574 1347 προαιρέσει
2604 1273 2699 1327 τοῦ
2724 1272 3119 1344 μεταδιδόντος,
3150 1272 3225 1335 ὡς
3256 1271 3371 1324 ἐστι
3416 1270 3850 1341 πληροφορηθῆ-

2258 1386 2344 1423 ναι
2386 1370 2450 1422 ἐκ
2481 1368 2581 1439 τῆς
2608 1369 2869 1439 πενιχρᾶς
2920 1368 3096 1440 χήρας
3132 1365 3401 1437 βαλούσης
3439 1364 3511 1417 τά
3535 1364 3638 1418 δύο
3683 1363 3853 1417 λεπτά

2258 1460 2337 1523 είς
2363 1460 2425 1513 τὸ
2450 1458 2871 1528 γαζοφυλάκιον.

2329 1550 2446 1603 Σοῦ
2467 1549 2535 1603 δὲ
2562 1549 2880 1615 ποιοῦντος
2905 1550 3348 1619 ἐλεημοσύνην,
3377 1545 3723 1616 μὴ’τνώτω,
3757 1562 3852 1616 φη-

2262 1641 2367 1704 σὶν,
2396 1642 2435 1709 ἡ
2464 1642 2747 1711 ἀριστερὰ
2795 1642 2924 1711 χείρ
2975 1643 3032 1695 τί
3075 1640 3235 1696 ποιεῖ
3271 1643 3310 1710 ἠ
3357 1639 3551 1705 δεξιά.
3588 1636 3852 1691 Τουτέστι

2265 1732 2339 1802 μὴ
2379 1731 2574 1785 εἰδέναι
2604 1733 2673 1785 τά
2702 1732 2801 1803 τῆς
2835 1733 3037 1804 σαρκὸς
3065 1732 3349 1803 θελήματα
3380 1733 3483 1804 τὴν
3525 1730 3731 1800 σκέψιν
3760 1729 3849 1783 τοῦ

578 1824 707 1862 vero
746 1810 862 1865 ﬁeri
900 1821 1093 1879 potest,
1134 1819 1192 1863 ttt
1234 1811 1361 1865 dum
1394 1811 1519 1880 quis
1559 1809 1688 1865 facit
1727 1811 2148 1881 eleetnosynam,

2257 1822 2407 1892 ἀγίου
2457 1824 2792 1895 Πνεύματος.
2854 1826 2978 1891 Πῶς
3028 1826 3086 1880 δὲ
3152 1828 3245 1880 καὶ
3285 1820 3396 1879 οἷόν
3446 1827 3508 1880 τέ
3569 1830 3696 1880 ἔστι
3758 1823 3850 1879 τοῦ

578 1916 776 1955 manus
803 1901 923 1969 ejus
957 1902 1175 1956 sinistra
1218 1901 1269 1954 itt
1315 1913 1519 1970 partem
1566 1901 1748 1969 operis
1800 1915 1863 1954 ac
1905 1900 2149 1955 beneficii

579 2005 688 2045 non
730 1991 947 2045 venint?
976 1991 1203 2061 Oportet
1234 1993 1379 2045 enim
1411 1992 1599 2046 ambas
1624 2007 1819 2046 manus
1842 2006 1901 2047 se
1921 1993 2152 2048 invicem

578 2084 633 2135 in
663 2082 970 2151 pta-stando
1017 2080 1280 2136 liencliciu
1315 2096 1540 2146 prorsus
1578 2082 1792 2152 juvarc.
1838 2080 1973 2137 Nam
2023 2085 2153 2137 laeva

578 2190 741 2229 manu
784 2178 1068 2245 pecuniam
1115 2175 1229 2228 sive
1274 2189 1590 2229 crumenam
1644 2183 1897 2242 tenente,
1933 2176 2155 2231 dextera

576 2266 779 2322 bonum
815 2283 999 2323 semen
1030 2270 1082 2321 in
1116 2282 1247 2335 agro
1275 2267 1456 2322 cordis
1491 2282 1791 2336 pauperum
1823 2268 2059 2340 spargit,
2095 2279 2155 2325 ttt

577 2361 784 2429 spicam
835 2370 1018 2426 metat,
1070 2375 1178 2414 non
1234 2360 1420 2415 culmo
1470 2360 1796 2427 iterentem;
1845 2364 1940 2417 sed
1987 2363 2151 2417 vitam

577 2453 964 2522 sempiternam
995 2462 1048 2507 et
1092 2452 1458 2507 immortalem
1494 2452 1548 2506 in
1591 2468 1757 2508 cruce
1800 2468 2151 2524 suSpensam.

573 2542 694 2601 Non
724 2547 835 2601 vult
877 2555 1055 2601 autem
1098 2546 1420 2616 Unigenittts
1468 2545 1725 2601 sinistras
1799 2547 2155 2617 carnalcsque

575 2640 932 2712 cogitationes
957 2639 1095 2692 scire
1129 2639 1257 2708 quid
1299 2636 1461 2692 faciat
1500 2652 1697 2693 manus
1725 2637 1943 2693 dextera
1979 2640 2153 2696 sancti

577 2728 839 2799 Spiritus,
882 2746 947 2783 ne
982 2728 1122 2784 forte
1163 2732 1303 2783 bono
1333 2730 1611 2799 proposito
1638 2738 1695 2784 et
1730 2731 1927 2801 opimae
1958 2732 2149 2787 volun-

577 2822 676 2878 tati
706 2833 1023 2878 averscntur
1060 2822 1347 2875 dicentes:
1382 2820 1531 2891 Opus
1577 2822 1735 2876 nobis
1776 2831 1859 2876 est
1901 2821 1967 2876 ad
2016 2822 2155 2876 ntul-

574 2924 665 2970 tos
700 2930 872 2969 annos
909 2916 1061 2969 cibos
1097 2925 1452 2985 sumptusque
1482 2929 1696 2978 curare,
1737 2926 1914 2969 vestes
1951 2914 2151 2981 varias,

575 3017 798 3061 ornatas
824 3007 1036 3070 domos,
1066 3015 1381 3076 argenteum
1413 3005 1705 3072 ferculum,
1730 3005 2036 3076 depositum
2064 3022 2155 3060 au-

574 3115 750 3162 reum,
783 3098 1053 3168 mancipia
1084 3098 1149 3151 ad
1191 3098 1581 3159 ministerium.
1620 3100 1770 3152 vicos
1810 3108 1864 3153 et
1893 3115 2054 3168 agros
2085 3101 2149 3153 ad

576 3198 895 3260 proventus.
926 3187 1137 3242 Dextra:
1158 3189 1302 3242 enim
1332 3199 1512 3257 partes
1543 3190 1715 3244 sancti
1745 3189 1982 3258 Spiritus
2014 3191 2152 3245 nihil

574 3281 772 3337 horum
814 3282 1040 3336 omnino
1067 3289 1265 3336 curant
1292 3283 1373 3335 vel
1404 3281 1822 3350 concupiscunt,
1874 3282 2001 3337 huic
2046 3282 2151 3338 Do-

572 3375 788 3430 minica:
820 3374 937 3427 voci
978 3372 1135 3426 [idem
1180 3373 1483 3426 habentes:
1524 3371 1758 3437 Quaerite
1799 3376 2026 3444 primum
2068 3392 2151 3429 re-

573 3482 734 3539 gnum
780 3464 897 3525 Dei.
940 3474 988 3516 et
1035 3464 1144 3517 Itwc
1198 3465 1375 3516 omnia
1426 3462 1745 3530 adjiciantur
1787 3467 1929 3518 vobis
1948 3467 2014 3521 ".
2061 3464 2152 3525 Sic

573 3568 721 3614 Certe
756 3572 864 3611 non
898 3556 1110 3610 noverit
1135 3556 1358 3609 sinistra
1394 3556 1523 3624 quid
1551 3553 1712 3609 fat-iat
1743 3557 1983 3611 dextera.
2010 3555 2149 3613 Cum

572 3652 718 3705 enim
758 3663 911 3703 mens
935 3662 1072 3719 puro
1102 3644 1209 3700 Deo
1236 3647 1480 3719 placendi
1523 3648 1792 3703 desiderio
1827 3647 2039 3711 aﬂ'ecta,
2071 3659 2152 3703 to-

571 3742 755 3813 tisqtte
786 3742 964 3795 nitens
988 3740 1193 3796 vit-ibus
1229 3754 1295 3793 ne
1330 3739 1398 3792 ab
1438 3739 1615 3793 olllcio
1643 3740 1889 3805 recedat,
1913 3740 2152 3811 legitime

572 3834 844 3899 decertat;
880 3841 1009 3886 tunc
1037 3846 1167 3885 sane
1198 3831 1402 3885 nullius
1434 3847 1611 3901 neque
1642 3832 1873 3886 membri
1916 3832 2149 3903 alicujus

572 3926 912 3987 recordatur,
964 3923 1068 3977 nisi
1116 3923 1235 3993 ejus
1277 3923 1422 3993 quod
1474 3924 1540 3976 :td
1601 3938 1838 3993 praesens
1879 3938 2017 3993 opus
2046 3941 2149 3981 usu

572 4020 785 4083 veniat;
819 4018 961 4072 baud
996 4034 1155 4073 secus
1186 4028 1347 4088 atque
1380 4017 1599 4083 artifex,
1625 4020 1719 4087 qtti
1764 4020 1960 4089 quovis
2008 4030 2148 4076 tem-

572 4126 704 4182 pore
731 4112 905 4165 solum
951 4110 1055 4163 sibi
1090 4110 1460 4163 necessarium
1509 4110 1932 4165 instrumentum
1973 4113 2149 4183 respi~

569 4206 666 4260 cit.
691 4204 939 4272 Insuper,
971 4202 1016 4255 si
1049 4202 1195 4256 nulla
1224 4201 1620 4257 incredulitatis
1644 4203 1696 4255 itt
1721 4202 1823 4257 lidc
1854 4204 1991 4259 ratio
2019 4206 2150 4261 sub-

572 4296 664 4358 sit.
700 4311 799 4350 nec
828 4296 918 4349 lux
953 4294 1128 4364 possit
1153 4308 1277 4349 esse
1304 4293 1651 4349 tenebrarum
1687 4307 1873 4359 causa,
1900 4310 2000 4348 nec
2021 4310 2145 4349 cum

2256 1914 2536 1979 ποιοῦντος
2564 1915 2660 1986 τὴν
2693 1916 3091 1989 ἐλεημοσύνην,
3128 1918 3227 1989 τὴν
3244 1919 3539 1989 ἀριστερὰν
3572 1922 3740 1990 χεῖρα
3778 1921 3850 1991 μὴ

2258 2010 2536 2077 συνεργεῖν
2562 2010 2641 2070 εἰς
2669 2007 2729 2059 τὸ
2760 2007 2918 2079 ἔργον
2943 2009 3041 2079 τῆς
3068 2008 3315 2073 εὐποιίας
3341 2026 3356 2074 ;
3383 2010 3504 2081 Χρὴ
3537 2011 3657 2081 γὰρ
3690 2013 3852 2064 παντὶ

2255 2100 2471 2162 παντως
2501 2097 2602 2163 τάς
2639 2100 2908 2171 ἑκατέρας
2941 2103 3129 2171 χεῖρας
3157 2103 3438 2173 συνεργεῖν
3472 2102 3750 2172 ἀλλήλαις
3775 2107 3851 2167 είς

2254 2193 2351 2263 τὴν
2372 2193 2639 2246 εὐποιίαν.
2668 2192 2783 2262 Τῆς
2822 2192 2930 2265 γάρ
2957 2194 3251 2265 ἀριστερᾶς
3274 2196 3455 2266 χειρὸς
3504 2196 3850 2265 κατεχούσης

2252 2284 2314 2336 τὸ
2355 2285 2564 2354 χρῆμα,
2598 2284 2718 2353 ἢτοι
2762 2282 2824 2335 τὸ
2856 2281 3226 2354 βαλάντιον,ή
3274 2283 3424 2348 δεξιά
3466 2287 3592 2357 χεὶρ
3633 2286 3850 2357 σπείρει

2254 2376 2343 2427 τὸν
2378 2373 2539 2425 καλὸν
2575 2373 2777 2443 σπόρον
2833 2374 2914 2435 εἰς
2941 2373 3039 2443 τὴν
3075 2371 3259 2445 χώραν
3314 2374 3416 2444 τῆς
3474 2376 3714 2448 καρδίας
3741 2376 3851 2429 τῶν

2256 2463 2522 2533 πενήτων,
2556 2462 2644 2515 ἴνα
2672 2462 2865 2534 Θερίσῃ
2892 2463 3091 2532 στάχυν
3136 2464 3213 2535 μὴ
3251 2465 3471 2536 καλάμῃ
3507 2482 3851 2537 προσανατεο

2255 2554 2505 2624 ταμένον,
2546 2552 2681 2606 ἀλλά
2703 2552 2799 2623 τὴν
2830 2555 3255 2625 προηρτημένην
3302 2554 3381 2626 τῷ
3422 2556 3647 2628 σταυρῷ
3676 2558 3852 2611 ἀΐδιον

2253 2648 2346 2701 καὶ
2366 2646 2631 2701 ἀθάνατον
2654 2646 2821 2716 ζωήν.
2850 2646 2925 2699 Ού
2955 2645 3201 2715 βούλεται
3223 2647 3280 2701 δὲ
3309 2649 3337 2700 6
3365 2647 3681 2719 Μονσγενὴς
3712 2651 3851 2704 εἰδὲ-

2255 2757 2342 2793 ναι
2371 2742 2495 2803 τοὺς
2526 2739 2820 2809 σαρκικοὺς
2850 2738 3141 2807 λογισμοὺς
3180 2739 3232 2791 τί
3266 2743 3408 2794 ποιεῖ
3451 2743 3484 2812 ἡ
3512 2741 3671 2809 δεξιά
3728 2745 3853 2816 χεὶρ

2253 2830 2348 2884 τοῦ
2380 2832 2535 2899 ἁγίου
2568 2832 2905 2900 Πνεύματος,
2940 2830 3026 2883 ἵνα
3052 2833 3124 2901 μή
3154 2847 3281 2884 ποτε
3324 2835 3389 2902 τῇ
3428 2834 3614 2903 ἀγαθῇ
3643 2838 3852 2908 προθέε-

2257 2939 2337 2975 σει
2373 2924 2466 2976 καὶ
2491 2925 2554 2994 τῇ
2611 2922 2840 2991 πλουσίᾳ
2885 2921 3200 2996 προαιρέσει
3245 2925 3729 2995 προσεμποδίζωσι
3769 2928 3851 2981 λέ·

2254 3031 2469 3083 γοντες·
2519 3014 2834 3084 Ὀφείλομεν
2882 3013 3027 3083 ἔχειν
3062 3015 3270 3069 πολλῶν
3308 3014 3447 3069 ἐτῶν
3480 3019 3698 3089 τροφὴν
3759 3020 3852 3072 καὶ

2255 3104 2606 3174 ἀναλώματα.
2645 3106 2835 3174 ἱμάτια
2872 3104 3124 3176 διάφορα,
3155 3109 3336 3168 οἴκους
3383 3108 3851 3181 κεκαλλωπισμέρ

2256 3214 2401 3259 νους,
2436 3195 2733 3267 παράθεσιν
2771 3198 3062 3268 ἀργυρέαν,
3099 3199 3320 3268 χρυσίον
3360 3201 3715 3266 ἑναπόθετον,
3749 3202 3847 3255 ἀν-

2255 3287 2492 3358 δράποδα
2522 3290 2601 3351 εἰς
2626 3288 2951 3359 ὑπηρεσίαν,
2980 3289 3153 3359 χωρία
3192 3292 3284 3343 καὶ
3327 3292 3529 3362 ἀγροὺς
3558 3294 3644 3355 είς
3678 3310 3851 3364 προσο

2253 3380 2423 3444 όδους.
2461 3379 2542 3433 Τά
2567 3380 2675 3451 γάρ
2698 3379 2847 3445 δεξιά
2878 3379 3017 3451 μέρη
3044 3381 3139 3434 τοῦ
3160 3381 3316 3449 ἁγίου
3340 3382 3662 3453 Πνεύματος
3690 3384 3852 3437 οὐδὲν

2253 3472 2457 3526 τούτων
2492 3472 2863 3544 φροντίζουσιν
2889 3475 2920 3544 ἢ
2952 3473 3313 3545 ἐνθυμοῦνται
3351 3477 3412 3530 τὸ
3443 3477 3667 3532 σύνολον
3692 3518 3711 3544 ,
3760 3496 3851 3533 m-

2256 3566 2510 3619 στεύοντα
2540 3568 2604 3636 τῇ
2633 3565 2922 3636 δεσποτικῇ
2956 3567 3105 3637 φωνῇ
3133 3584 3143 3595 ’
3176 3566 3414 3634 Ζητεῖτε
3440 3566 3680 3635 πρῶτον
3732 3568 3850 3636 τὴν

2247 3658 2573 3723 ,ϐασιλείαν
2596 3658 2703 3713 τοῦ
2732 3658 2902 3723 Θεοῦ,
2929 3659 3027 3711 καί
3069 3658 3257 3711 ταῦτα
3277 3659 3477 3712 πάντα
3503 3663 3848 3729 amorem}-

2252 3764 2420 3803 σεται
2448 3748 2608 3819 ὑμῖν.
2638 3749 2748 3801 Καὶ
2781 3747 2921 3800 οὓτω
2946 3747 2991 3799 δ’
3016 3746 3082 3801 ἂν
3108 3748 3167 3800 ού
3199 3748 3465 3816 γνώσεται
3508 3754 3541 3823 ἠ
3574 3756 3849 3824 ἀριστερά

2251 3844 2303 3896 τί
2331 3846 2475 3895 ποιεί
2511 3844 2543 3914 ἡ
2587 3840 2755 3908 δεξιά.
2792 3842 2961 3894 Ὅταν
2990 3840 3100 3912 γὰρ
3126 3843 3155 3895 6
3181 3841 3304 3906 νοῦς
3326 3845 3721 3918 ἀμετεωρίστῳ
3755 3850 3848 3903 καὶ

2250 3937 2523 4009 τεταμένη
2552 3934 2820 4007 ἐπιθυμία
2848 3937 2947 4008 τῆς
2975 3936 3114 4009 πρὸς
3142 3939 3275 3993 Θεὸν
3317 3941 3757 4012 εύαρεστήσεως,
3789 3944 3848 4008 ιε

2250 4024 2541 4097 ὁλοκλήρου
2604 4024 2854 4093 ἀγωνιῶν
2910 4028 2983 4097 μὴ
3042 4030 3249 4102 ἐκπέσῃ
3293 4029 3387 4083 τοῦ
3445 4034 3845 4100 προσήκοντος,

2250 4116 2573 4185 ἀγωνίζεται
2606 4116 2879 4185 νομίμωςο
2912 4117 3033 4170 τότε
3062 4119 3275 4183 οὐδενὸς
3312 4119 3435 4172 οὔτε
3471 4120 3671 4191 μέλους
3727 4123 3848 4177 ἑτι-

2252 4224 2347 4279 ρου
2372 4206 2639 4278 λαμϐάνει
2671 4204 2896 4272 ἔννοιαν,
2925 4209 2973 4261 εί
3005 4208 3080 4279 μὴ
3108 4210 3267 4280 μόνον
3289 4211 3383 4264 τοῦ
3411 4212 3846 4283 χρησιμεύαντος

2248 4303 2329 4365 είς
2362 4300 2423 4353 τὸ
2449 4299 2829 4372 προκείμενον,
2863 4300 2939 4365 ὡς
2963 4302 2993 4354 6
3019 4303 3269 4374 τεχνίτης
3302 4304 3423 4356 καθ’
3453 4305 3689 4359 ἕκαστον
3719 4322 3845 4359 κτι-

570 4388 798 4443 Christo
815 4386 1065 4441 diabolus
1095 4385 1519 4441 commonstrati
1554 4384 1761 4451 valeat;
1798 4383 2144 4441 manifestum

2257 4394 2363 4465 ρδν,
2393 4392 2680 4465 ἐμϐλέπων
2711 4392 2857 4465 μόνῳ
2888 4392 2967 4463 τῷ
3000 4394 3385 4467 χρησιμεύοντι
3431 4396 3581 4467 αὐτῷ
3626 4398 3840 4451 σκεύει.

570 4496 703 4536 sane
727 4487 811 4534 est
834 4493 1009 4550 neque
1034 4494 1157 4533 cum
1190 4477 1397 4532 ratione
1424 4492 1545 4532 esse
1574 4492 1752 4547 posse,
1786 4478 1837 4533 id
1876 4478 2019 4548 quod
2052 4493 2141 4533 ra-

2257 4485 2445 4539 Ἔτιεί
2471 4484 2644 4548 οὐδεὶς
2674 4485 2935 4547 ἀπιστίας
2964 4485 3021 4539 ὲν
3048 4489 3115 4557 τῇ
3142 4486 3321 4540 πίστει
3344 4488 3520 4556 λόγος,
3554 4490 3678 4543 οὐδὲ
3708 4490 3843 4542 σκό-

574 4573 706 4627 tioni
730 4572 955 4626 omnino
988 4572 1323 4624 contrarium
1354 4578 1454 4624 est.
1492 4567 1649 4635 Quod
1683 4571 1728 4624 si
1770 4584 1895 4623 cum
1935 4571 2144 4625 ratione

2257 4597 2364 4643 τους
2399 4580 2569 4633 αἴτιον
2590 4576 2731 4631 κατά
2752 4576 2914 4645 φύσιν
2943 4578 3177 4650 ὑπάρχει
3202 4579 3263 4633 τὸ
3285 4580 3422 4651 φῶς,
3454 4581 3575 4634 οὐδὲ
3611 4583 3845 4653 Χριστῷ

568 4680 794 4737 prorsus
820 4680 942 4720 esse
977 4678 1083 4716 non
1122 4663 1292 4731 possit
1324 4664 1374 4715 id
1403 4664 1547 4732 quod
1579 4670 1662 4716 est
1694 4661 1890 4716 rationi
1925 4672 2145 4716 contra-

2257 4668 2715 4729 τυνενδείκνυσθαι
2740 4670 2985 4739 πέφυκεν
3016 4672 3045 4723 6
3067 4670 3311 4736 διάϐολος
3332 4689 3345 4702 ·
3381 4671 3561 4742 δῆλον,
3611 4673 3689 4737 ὡς
3712 4674 3841 4727 οὐδὲ

566 4758 709 4815 rium
736 4776 750 4824 ;
775 4757 867 4827 qui
896 4756 960 4811 ad
987 4756 1249 4810 virtutum
1282 4756 1543 4810 rationem
1576 4765 1798 4810 evectus
1830 4764 1913 4810 est
1933 4795 1946 4817 ,
1976 4756 2141 4809 situm

2257 4766 2316 4837 τῷ
2340 4765 2484 4834 λόγῳ
2509 4762 2843 4833 συνυπάρχει
2874 4762 2934 4815 τὸ
2959 4763 3110 4834 παρά
3140 4765 3305 4817 παντὶ
3332 4765 3665 4836 παράλογον.
3698 4768 3765 4820 ΕΞ
3784 4768 3840 4820 δὲ

565 4850 763 4909 rationi
799 4848 1136 4905 contrarium
1184 4847 1379 4912 nescit,
1422 4847 1514 4901 sed
1553 4861 1717 4901 unam
1761 4847 2012 4902 virtutem
2047 4862 2142 4901 co-

2257 4858 2317 4930 ιῷ
2355 4857 2499 4929 λόγῳ
2545 4858 2780 4909 συνεῖναι
2814 4855 3091 4921 παντελῶς
3122 4858 3183 4910 ού
3218 4856 3440 4911 δύναται
3486 4859 3547 4912 τὸ
3584 4860 3841 4930 παραλο-

566 4943 808 5015 gnoscit;
842 4951 1003 5011 atque
1044 4940 1165 4995 ideo
1203 4955 1378 5010 neque
1422 4939 1700 4994 dexteram
1735 4939 1911 5004 quoad
1949 4953 2138 4993 exces-

2257 4965 2359 5017 γον,
2387 4950 2415 5001 6
2445 4946 2579 5019 πρὸς
2603 4945 2693 4998 τὸν
2726 4944 2882 5014 λόγον
2907 4945 3015 4998 τῶν
3040 4946 3247 5017 ἀρετῶν
3270 4946 3526 5017 ἀναχθεὶς
3556 4947 3657 5019 τὴν
3685 4951 3840 5017 παρὰ

566 5053 711 5101 sunt,
748 5050 922 5104 neque
950 5034 1227 5089 sinistram
1251 5035 1429 5105 quoad
1459 5033 1730 5088 deiectum
1771 5036 1936 5088 novit.
1980 5032 2139 5089 Utro-

2257 5040 2332 5092 ιδν
2364 5038 2522 5107 λόγον
2550 5039 2651 5092 οὐκ
2698 5038 2985 5091 ἐπίσταται
3036 5036 3204 5101 θέσιν,
3257 5038 3423 5110 μόνην
3455 5037 3514 5091 δὲ
3570 5042 3838 5109 γινώσκει

565 5128 729 5198 bique
753 5125 900 5182 enim
923 5126 1167 5181 occurrit
1189 5125 1336 5196 quod
1362 5125 1560 5180 rationi
1590 5136 1775 5196 aperte
1799 5124 2135 5181 contrarium

2257 5128 2341 5201 τὴν
2367 5130 2568 5201 ἀρετήν
2594 5144 2607 5156 ·
2638 5127 2731 5181 καὶ
2761 5126 2849 5181 διὰ
2876 5126 3036 5180 τοῦτο
3063 5126 3185 5181 οὒτε
3211 5126 3390 5194 δεξιὰν
3418 5127 3509 5181 διά
3541 5132 3643 5200 τῆς
3670 5131 3837 5200 ὑπερ-

565 5229 670 5275 est.
2241 5224 2393 5294 οχῆς,
2417 5222 2541 5277 οὔτε
2579 5220 2872 5294 ἀριστερὰν
2912 5219 3004 5273 διά
3032 5219 3132 5289 τῆς
3176 5218 3464 5289 ἐλλείψεως
3509 5223 3833 5275 ιπίσταται.

2252 5314 2369 5368 Ἐπ’
2397 5317 2600 5387 ἀμφοῖν
2634 5314 2741 5383 γὰρ
2769 5312 3053 5384 θεωρεῖται
3085 5310 3273 5381 σαφῶς
3306 5313 3367 5365 τὸ
3395 5313 3732 5384 παράλογον.

2310 5410 2788 5479 Προσευχόμενοι
2818 5405 2886 5459 δὲ
2907 5406 2995 5477 μὴ
3028 5405 3547 5475 βατταλογήσητε.
3592 5407 3834 5479 Μακρὰς

2239 5500 2475 5555 ἐνταῦθα
2496 5500 2868 5574 ἀποτρέπεται
2898 5499 3090 5570 εύχάς·
3118 5496 3232 5551 ἀλλ’
3262 5498 3325 5550 ού
3372 5495 3594 5562 πολλάς.
3652 5498 3832 5554 ’Δδιυ

2240 5593 2477 5658 λείπτως
2516 5592 2625 5667 γάρ
2654 5590 2865 5647 κελεύει
2889 5588 3299 5663 προσεύχεσθαι.

640 5396 863 5455 Οι-σιιιεε
906 5408 1082 5453 autem
1125 5415 1189 5454 ne
1234 5400 1459 5454 multum
1490 5400 1784 5472 loquamini
1820 5403 1887 5458 ".
1917 5402 2136 5476 Longas

564 5489 655 5544 hic
676 5491 957 5546 orationes
978 5533 994 5557 ,
1030 5492 1124 5547 sed
1156 5508 1265 5547 non
1301 5490 1613 5564 frequentes
1644 5504 1943 5552 aversatur.
1974 5495 2138 5554 lubet

562 5581 710 5635 enim
741 5583 859 5637 sine
893 5581 1297 5641 intermissione
1330 5598 1510 5639 orare.

639 5780 683 5813 "
712 5780 877 5839 lauit
935 5802 987 5841 τι
1054 5787 1144 5845 33.
1253 5789 1295 5822 "
1328 5788 1507 5844 Matth.
1556 5806 1643 5855 vt,
1680 5790 1718 5846 7.
