4036 6448
629 323 651 376 1
664 321 768 378 575

1465 319 1520 372 S.
1564 317 1934 372 ATIIANASH
1967 315 2116 371 OPP.
2160 313 2341 370 PARS
2379 315 2468 372 111.
2504 347 2574 358 -
2611 316 3019 373 EXEGETICA.

3761 320 3877 372 l375

627 438 911 499 comedere
948 442 1120 496 audis.
1154 441 1229 496 lta
1285 457 1418 496 sane
1454 457 1628 512 neque
1667 442 1772 496 alio
1807 441 1969 496 modo
2017 457 2104 495 res
2139 454 2196 495 se

2299 439 2394 493 οὐκ
2434 439 2606 503 ἄλλως
2634 457 2771 504 πως.
2819 440 3015 494 Ἐσθίει
3043 440 3101 493 δὲ
3119 440 3265 510 ψυχὴ
3300 441 3366 493 τὰ
3394 440 3879 511 παρατιεμττόμε-.α

626 534 811 587 habet.
842 532 1087 585 Comrdit
1115 547 1277 601 porro
1317 532 1497 586 anima
1523 547 1644 601 quae
1665 534 1746 586 ori
1784 534 2149 587 immittuntur
2175 551 2188 588 :

627 621 755 690 quia
778 637 843 676 ex
877 630 1068 675 natura
1096 637 1195 675 sua
1230 622 1403 676 calida
1433 631 1536 686 est,
1563 621 1716 690 juxta
1756 621 2046 690 Sapientiaa
2069 639 2191 677 ver-

628 713 755 768 bum
784 731 797 766 :
827 713 1016 766 Anima
1060 713 1234 766 calida
1275 722 1351 766 est
1386 724 1442 766 ut
1481 714 1612 782 ignis
1655 730 1900 766 accensus
1931 715 1996 767 ⁸ο.
2043 713 2192 768 Sicut

626 819 754 876 ergo
799 804 939 874 ignis
975 805 1218 860 immissa
1269 807 1323 859 in
1370 805 1596 860 lebetetn
1633 805 1957 875 concoquit;
2004 807 2192 860 eodem

627 896 788 952 modo
833 896 988 964 ignea
1035 897 1238 961 anima,
1292 899 1546 953 alimenta
1589 899 1643 952 in
1687 909 1923 954 ventrem
1976 898 2193 954 inducta

627 988 823 1058 digerit
852 998 906 1042 et
930 992 1187 1045 absumit.
1224 990 1449 1047 Etiamsi
1479 1007 1643 1061 porro
1682 992 1825 1063 ψυχή
1849 1032 1862 1053 ,
1901 991 1952 1045 id
1973 994 2193 1046 estani-

628 1095 744 1144 ma,
775 1089 1027 1146 vocetur;
1076 1098 1183 1135 non
1236 1083 1309 1136 ita
1349 1084 1549 1139 dicitur
1576 1087 1717 1154 quod
1751 1087 1821 1139 sit
1861 1095 2052 1139 natura
2097 1100 2196 1140 sua

629 1169 833 1240 ψυχρά,
860 1170 912 1225 id
949 1181 1032 1226 est
1065 1172 1276 1243 frigida,
1313 1184 1374 1228 ut
1407 1192 1474 1230 ex
1515 1176 1935 1245 simplicioribus
1978 1179 2196 1246 quidam

629 1260 874 1316 arbitrati
910 1271 1072 1330 sunt;
1108 1266 1201 1321 sed
1246 1267 1372 1336 quia
1407 1283 1474 1322 ex
1519 1271 1690 1323 multo
1730 1269 1931 1332 calore,
1977 1270 2194 1323 humida

629 1354 898 1422 exsiccat;
927 1358 1070 1426 quod
1100 1359 1261 1412 etiam
1288 1375 1353 1412 ex
1381 1360 1511 1413 solis
1546 1361 1596 1414 vi
1628 1371 1681 1413 et
1707 1361 1945 1415 efﬁcacia
1977 1362 2195 1429 planum

629 1445 855 1500 evadit:
905 1463 1030 1501 nam
1082 1465 1205 1503 eum
1267 1451 1475 1506 calidus
1526 1451 1824 1522 ignotisque
1878 1453 1968 1516 sit,
2024 1452 2195 1505 lutum

633 1539 892 1600 exsiccat.
948 1539 1338 1610 humidumque
1384 1559 1546 1598 omne
1597 1545 1649 1597 in
1709 1559 1960 1614 vaporem
2018 1545 2198 1600 solvit.

632 1628 788 1694 Quod
835 1639 1017 1685 autem
1065 1634 1244 1687 anima
1292 1650 1358 1689 ex
1411 1646 1599 1690 natura
1647 1651 1743 1690 sua
1775 1636 1948 1690 calida
1992 1637 2082 1698 sit,
2117 1637 2200 1691 vel

629 1729 965 1775 mortuorum
1019 1725 1289 1795 exemplo,
1341 1724 1536 1790 frater,
1593 1743 1920 1797 persuasum
1974 1728 2194 1782 habeas.

628 1811 861 1879 Etenim,
893 1830 1016 1869 cum
1049 1819 1230 1871 anima
1258 1834 1286 1871 a
1321 1834 1546 1888 corpore
1577 1831 1825 1890 separata
1866 1829 1980 1885 est,
2026 1822 2200 1890 rigent

629 1907 814 1959 omnia
847 1909 1110 1975 membra,
1147 1911 1503 1967 nihilominus
1523 1929 1685 1982 quam
1719 1915 1944 1967 hiberna
1976 1913 2196 1983 glacies,

631 1998 858 2065 niveque
893 1997 1167 2070 frigidiora
1212 2003 1466 2058 evadunt.
1509 2003 1585 2057 Ex
1629 2005 1696 2057 iis
1731 2005 1858 2058 item
1902 2019 2023 2073 qua:
2066 2013 2200 2059 tem-

628 2101 760 2154 pore
788 2086 947 2144 famis
967 2092 1306 2162 contingunt,
1325 2104 1481 2163 potes
1502 2111 1717 2166 quoque
1732 2113 1841 2151 rem
1867 2098 2197 2167 propositam

629 2181 983 2246 comprobare
1010 2200 1024 2237 :
1077 2183 1250 2239 donec
1281 2187 1422 2238 enim
1451 2188 1630 2241 anima
1660 2189 1764 2242 cibi
1797 2190 1950 2259 copia
1978 2190 2196 2258 fruitur,

629 2284 830 2341 corpus
875 2273 1016 2342 viget
1071 2290 1202 2330 sane
1237 2277 1486 2347 valetque
1528 2279 1774 2347 viribus;
1818 2291 1873 2335 at
1916 2281 2200 2337 deficiente

630 2364 783 2429 cibo,
816 2364 992 2435 ipsum
1029 2383 1227 2438 corpus
1265 2371 1504 2425 absumit
1548 2382 1602 2426 et
1646 2375 1967 2443 corrumpit.
2015 2374 2201 2444 Neque

629 2457 773 2512 enim
805 2466 982 2527 potest
1016 2474 1215 2528 corpus
1246 2462 1452 2530 absque
1483 2463 1609 2516 cibo
1666 2467 1863 2519 animae
1890 2466 2055 2519 calori
2099 2466 2200 2519 ob-

631 2547 841 2613 sistere,
889 2549 1349 2618 quemadmodum
1392 2569 1568 2622 neque
1602 2570 1697 2608 vas
1733 2571 1941 2610 asneum
1984 2557 2200 2613 clibano

629 2638 943 2708 impositum
992 2642 1132 2709 ignis
1165 2643 1561 2698 vehementiam
1598 2647 1713 2700 sine
1751 2663 1890 2717 aqua
1933 2648 2074 2703 ferre
2104 2667 2197 2704 va-

633 2728 740 2794 let;
792 2745 1016 2800 prorsus
1065 2732 1212 2786 enim
1273 2732 1517 2789 funditur
1567 2745 1620 2790 et
1666 2738 1933 2805 liquescit.
1999 2738 2198 2796 Eodem

629 2835 854 2889 prorsus
902 2824 1062 2876 modo
1101 2823 1248 2878 lebes
1294 2827 1576 2895 corporis,
1624 2828 1907 2884 deﬁciente
1947 2831 2100 2890 cibo,
2133 2829 2201 2882 ab

630 2912 784 2983 ignea
820 2915 1000 2969 anima
1045 2917 1364 2988 absumptus
1415 2922 1641 2975 omnino
1698 2924 2102 2992 pessumdatur.
2143 2923 2196 2977 ln

631 3022 845 3062 summa
903 3021 1083 3063 autem
1139 3025 1206 3064 eo
1264 3012 1500 3066 maxime
1554 3024 1760 3082 spectat
1799 3017 1927 3070 illud
1987 3016 2198 3068 Domini

2293 529 2370 599 τῷ
2392 531 2648 600 οτόματι’
2681 532 2802 583 ἐπεί
2823 532 2938 584 ἐστι
2965 531 3064 602 τὴν
3098 530 3258 600 φύσιν
3285 530 3464 601 θερμὴ
3500 533 3648 583 κατά
3688 531 3782 584 τὸν
3803 530 3878 582 λό-

2293 637 2388 687 γον
2436 622 2536 691 τῆς
2578 622 2803 690 Σοφίας’
2847 623 3023 690 Ψυχὴ
3058 622 3239 690 θερμὴ
3278 623 3354 688 ὠς
3382 623 3503 690 πῦρ
3531 624 3875 692 καιόμενον.

2295 713 2504 783 Ὥσπερ
2550 709 2643 767 οὖν
2678 714 2738 766 τὸ
2789 715 2900 785 πῦρ
2939 714 3005 767 τὰ
3047 715 3349 784 βαλλόμενα
3391 717 3472 777 εἰς
3524 716 3621 767 τὸν
3679 715 3877 785 λέϐητα

2293 805 2430 873 ἕψει,
2459 804 2630 867 οὕτως
2665 807 2806 875 καὶὴ
2838 805 3091 877 πυρώδης
3111 806 3254 876 ψυχὴ
3285 807 3351 859 τὰ
3386 809 3878 878 παραπεμπόμενα

2294 896 2436 947 σιτία
2463 898 2527 964 τῇ
2576 896 2752 967 κοιλίᾳ
2787 896 3036 950 λεπτύνει
3075 897 3168 950 καὶ
3199 898 3429 968 δαπανᾷ.
3470 900 3595 951 Κᾶν
3633 899 3695 952 δὲ
3737 901 3876 969 ψυχὴ

2293 987 2537 1058 λέγηται,
2574 990 2633 1041 ού
2686 989 2900 1057 λέγεται
2950 989 3037 1042 διὰ
3073 990 3131 1043 τ’)
3167 988 3305 1045 εἷναι
3337 993 3520 1062 ψυχρὰ
3560 995 3630 1063 τῇ
3701 993 3874 1061 οὐσία,

2294 1078 2369 1142 ὣς
2400 1096 2542 1144 τινες
2577 1080 2684 1133 τῶν
2705 1081 3086 1153 ἁπλουστέρων
3117 1081 3396 1153 ᾠήθησαν,
3427 1083 3568 1136 ἀλλὰ
3591 1083 3687 1136 διὰ
3719 1084 3782 1136 τὸ
3818 1086 3878 1136 ἐκ

2295 1169 2491 1240 πολλῆς
2517 1170 2848 1243 θερμότητος
2878 1172 3250 1244 ἀναξεραίνειν
3283 1174 3451 1245 αὐτὴν
3485 1173 3558 1226 τὰ
3604 1175 3778 1243 ὑγρὰ,
3807 1175 3878 1236 ὡς

2295 1261 2440 1316 ἔστιν
2465 1262 2940 1334 πληροφορηθῆνσι
2964 1265 3057 1318 καὶ
3081 1267 3144 1318 ὲκ
3159 1265 3258 1335 τῆς
3278 1266 3559 1335 ἐνεργείας
3581 1265 3679 1318 τοῦ
3705 1267 3875 1334 ἡλίου·

2294 1355 2369 1409 ὢν
2397 1356 2506 1426 γὰρ
2549 1355 2748 1425 θερμὸς
2796 1358 2890 1410 καὶ
2927 1355 3213 1427 πυρώδης,
3259 1357 3424 1427 πηλὸν
3462 1357 3744 1428 ξηραίνει,
3793 1362 3881 1411 καὶ

2297 1450 2403 1500 πᾶν
2432 1449 2596 1519 ὑγρὸν
2623 1450 2900 1518 ἀνιμᾶται.
2933 1449 3056 1501 Ὅτι
3089 1449 3195 1520 δὲή
3221 1447 3365 1519 ψυχὴ
3391 1447 3570 1520 θερμή
3600 1452 3722 1502 ἔστι
3745 1452 3881 1502 κατά

2298 1537 2479 1607 φύσιν,
2513 1539 2719 1604 πείθου,
2750 1539 2965 1607 ἀδελφὲ,
3000 1540 3093 1592 καὶ
3130 1541 3194 1592 ὲκ
3244 1540 3352 1591 τῶν
3399 1539 3878 1608 ἀποθνησκόντων.

2297 1621 2373 1698 ᾟ
2396 1626 2503 1697 γὰρ
2527 1627 2876 1698 ἀποχωρισθῇ
2907 1629 2938 1699 ὴ
2972 1627 3116 1698 ψυχὴ
3142 1628 3247 1680 ἀπὸ
3274 1628 3367 1682 τοῦ
3392 1627 3669 1698 σώματος,
3711 1630 3884 1681 πάντα

2301 1721 2369 1774 τὰ
2403 1721 2536 1792 μέλη
2574 1722 2915 1792 εὑρίσκονται
2949 1720 3351 1792 κρυσταλλὼδη,
3396 1722 3490 1774 καὶ
3519 1722 3677 1775 οὐδὲν
3727 1717 3884 1792 ἦττον

2301 1816 2474 1883 πάγου
2500 1814 2777 1885 χειμερίου
2806 1815 2837 1884 ἢ
2870 1815 3046 1885 χιόνος
3067 1816 3392 1887 ψυχρότερα.
3424 1817 3535 1869 Καὶ
3563 1817 3632 1887 δὴ
3653 1817 3769 1869 ἀπὸ
3783 1817 3884 1868 τῶν

2300 1907 2472 1977 λιμῶν
2506 1906 2622 1958 ἐστι
2650 1906 2941 1977 δοκιμάσαι
2967 1908 3027 1960 τὸ
3057 1907 3347 1978 λεγόμενον
3367 1925 3379 1937 ·
3408 1908 3513 1970 ’ἐως
3541 1908 3658 1979 γὰρ
3691 1909 3812 1980 εχει
3854 1913 3881 1975 ή

2298 1998 2442 2068 ψυχὴ
2480 1998 2575 2069 τὴν
2601 1998 2804 2068 τροφὴν
2855 2001 2934 2061 εἰς
2959 1998 3238 2068 ἀφθονίαν,
3271 2000 3331 2052 τὸ
3364 1999 3526 2070 σῶμα
3568 1999 3762 2054 θάλλει
3799 2007 3886 2053 καὶ

2300 2092 2622 2163 ἀδρύνεται·
2679 2092 2915 2161 ὁπηνίκα
2967 2093 3022 2145 δὲ
3060 2093 3324 2165 ἀπορήσει
3380 2093 3587 2154 σιτίων,
3647 2094 3786 2146 αὐτὸ
3830 2097 3885 2145 τὸ

2303 2184 2461 2254 σῶμα
2490 2183 2763 2237 κατεσθίει
2794 2185 2887 2236 καὶ
2904 2184 3134 2254 φθείρει.
3160 2186 3235 2237 Ού
3256 2186 3360 2255 γὰρ
3385 2185 3611 2238 δύναται
3637 2185 3704 2238 τὸ
3735 2185 3886 2254 σῶμα

2301 2272 2428 2326 ἄνευ
2460 2272 2668 2344 τροφῆς
2701 2272 2946 2344 ἀντέχειν
2986 2272 3122 2344 πρὸς
3158 2271 3256 2343 τὴν
3284 2271 3601 2342 θερμότητα
3649 2271 3754 2340 τῆς
3788 2272 3884 2339 ψυ-

2300 2365 2420 2435 χῆς,
2450 2365 2525 2427 ὡς
2545 2363 2666 2417 οὔτε
2695 2365 2917 2432 ἀγγεῖον
2950 2361 3185 2434 χαλκοῦν
3215 2363 3386 2427 ἑστὼς
3409 2364 3504 2416 ἐττί
3525 2363 3796 2417 κλιϐάνου
3828 2366 3885 2416 οὐ

2300 2456 2521 2510 δύναται
2546 2455 2672 2509 ἄνευ
2694 2455 2884 2518 ὓδατος
2915 2455 3099 2526 φέρειν
3135 2457 3233 2525 τὴν
3268 2455 3609 2527 σφοδρότητα
3655 2455 3755 2508 τοῦ
3789 2473 3882 2507 πυ-

2306 2549 2424 2617 ρός’
2478 2547 2812 2618 ἐκφρύγεται
2859 2547 2965 2618 γὰρ
3013 2547 3103 2600 καὶ
3148 2546 3420 2600 διαλύεται
3469 2547 3703 2600 τέλειον.
3736 2549 3888 2600 Οὕτω

2300 2636 2429 2705 γοῦν
2458 2637 2549 2689 καὶ
2578 2640 2605 2690 ὁ
2631 2637 2793 2707 λέϐης
2817 2634 2911 2690 τοῦ
2943 2635 3211 2707 σώματος,
3248 2637 3322 2708 μὴ
3347 2637 3485 2708 ἔχων
3514 2637 3622 2706 τὴν
3654 2638 3883 2707 τροφὴν,

2303 2730 2453 2800 παρά
2478 2730 2573 2794 τῆς
2596 2728 2876 2799 πυρώδους
2911 2727 3088 2798 ψυχῆς
3110 2729 3561 2799 ὑπολικμώμενος
3585 2729 3883 2781 ἀπόλλυται

2304 2822 2638 2874 παντάπασι.
2677 2821 2982 2890 Κεφάλαιον
3031 2821 3087 2873 δὲ
3137 2823 3245 2874 πᾶν
3277 2824 3368 2874 ἐπὶ
3403 2825 3539 2876 πᾶσι
3599 2824 3666 2876 τὸ
3699 2823 3884 2892 λεχθὲν

2302 2914 2436 2984 πρὸς
2462 2912 2555 2966 τοῦ
2591 2913 2795 2984 Κυρίου
2818 2931 2830 2944 ·
2869 2913 2964 2980 Μὴ
2980 2915 3386 2982 μεριμνήσητε
3414 2913 3488 2982 τῇ
3512 2916 3694 2985 ψυχῇ
3723 2915 3885 2986 ὑμῶν

2301 3007 2357 3058 τί
2382 3005 2625 3075 φάγητε,
2657 3005 2695 3073 ἣ
2724 3006 2805 3072 τῷ
2832 3006 3057 3076 σώματι
3093 3007 3151 3059 τί
3176 3006 3522 3073 ἐνδύσησθε
3541 3026 3553 3037 ο
3587 3011 3686 3061 ἐπὶ
3708 3010 3885 3061 πλεῖόν

629 3099 849 3154 effatum
892 3119 904 3154 :
945 3100 1124 3156 Nolite
1175 3103 1389 3157 solliciti
1436 3121 1544 3158 esse
1589 3109 1782 3160 anima:
1834 3118 2017 3161 vestra:
2073 3109 2200 3176 quid

2305 3099 2499 3167 ἐστινὴ
2531 3097 2674 3169 ψυχὴ
2693 3099 2794 3168 τῆς
2809 3100 3034 3171 τροφῆς,
3059 3100 3153 3153 καὶ
3174 3101 3232 3152 τὸ
3258 3101 3414 3171 σῶμα
3436 3101 3531 3153 τοῦ
3561 3103 3882 3173 ἐνδύματος.

635 3193 983 3255 manducetis,
1017 3204 1108 3247 aut
1150 3199 1356 3263 corpori
1401 3208 1568 3252 vestro
1613 3201 1738 3269 quid
1782 3201 2078 3253 induamini
2127 3201 2200 3266 ’";

636 3282 764 3350 quia
812 3284 934 3353 plus
983 3295 1066 3340 est
1106 3289 1284 3342 anima
1321 3307 1483 3359 quam
1533 3307 1678 3353 esca,
1730 3302 1783 3347 et
1833 3310 2032 3363 corpus
2085 3296 2206 3364 plus

635 3388 799 3442 quam
829 3376 1206 3431 vestimentum
1230 3379 1294 3431 θ’.
1326 3379 1382 3432 Si
1415 3383 1594 3450 itaque
1628 3383 1717 3438 Dei
1749 3386 1918 3454 gratia
1946 3399 2206 3455 prmstan-

634 3464 866 3519 tioribus
895 3467 1302 3540 majoribusque
1349 3473 1507 3528 bouis
1548 3475 1721 3528 affecti
1769 3494 1995 3544 sumus,
2035 3481 2201 3533 multc

638 3556 813 3625 magis
840 3557 988 3613 hisce
1017 3561 1318 3617 minoribus
1345 3565 1733 3636 vilioribusque
1761 3569 2107 3637 repit-bimur.

711 3645 944 3709 Qutz‘rite
974 3652 1200 3718 primunt
1237 3671 1450 3723 regnum
1481 3657 1574 3711 Dei
1610 3659 1677 3712 ⁸³.
1713 3661 1955 3730 Regnum
1991 3663 2082 3716 [)ei
2119 3661 2201 3715 ni-

641 3736 718 3790 hil
747 3738 890 3791 aliud
922 3750 1004 3793 est
1039 3759 1200 3810 quam
1248 3745 1548 3802 futurorum
1585 3751 1849 3806 bonorum
1892 3755 2200 3822 possessio;

634 3826 686 3878 id
719 3835 823 3891 est,
857 3827 948 3882 Dei
982 3834 1366 3902 contemplatio
1407 3852 1470 3892 ac
1502 3841 1758 3910 cognitio,
1794 3856 2058 3912 quantum
2104 3846 2204 3900 bu-

635 3932 807 3973 manre
836 3933 917 3976 est
958 3920 1249 3981 facultatis.

637 4031 694 4088 S.
728 4036 1026 4104 Athanasai,
1055 4043 1190 4109 quod
1216 4060 1314 4121 non
1333 4044 1682 4121 jndicandum
1710 4049 1800 4112 sit,
1832 4066 1896 4102 ex
1922 4048 2201 4121 Evangelia

1086 4115 1368 4166 secundant
1413 4115 1741 4170 Matt/urunt.

709 4195 889 4253 Nolite
925 4200 1190 4268 judicare,
1234 4215 1292 4256 ut
1325 4220 1423 4258 non
1454 4208 1800 4274 judiccmint;
1829 4211 1883 4263 in
1922 4229 2021 4280 quo
2063 4216 2202 4267 enim

626 4288 833 4356 judicio
849 4290 1582 4363 judicabitis,jndicabimini
1611 4315 1626 4351 :
1662 4311 1707 4352 et
1735 4301 1787 4352 in
1816 4318 1919 4370 qua
1957 4319 2201 4357 mensura

633 4380 800 4432 mensi
829 4382 1054 4446 fueritis,
1089 4387 1389 4439 remetietur
1410 4388 1549 4441 vobis
1573 4389 1636 4441 "‘.
1661 4392 1750 4444 Ait
1781 4409 1909 4446 vero
1940 4392 2201 4450 Dominus

2308 3191 2369 3241 Εἰ
2419 3189 2594 3242 τοίνυν
2648 3189 2755 3244 τῶν
2790 3196 3110 3260 κρειττόνων
3145 3193 3237 3244 καὶ
3277 3192 3538 3260 μειζόνων
3569 3192 3885 3264 ἠξιώθημεν

2305 3286 2370 3353 τῇ
2405 3284 2584 3355 χάριτι
2615 3283 2708 3336 τοῦ
2735 3283 3058 3354 κρείττονος,
3101 3283 3280 3354 πολλῷ
3316 3284 3514 3352 μᾶλλον
3549 3285 3664 3336 τῶν
3690 3285 3886 3356 βραχυ-

2304 3376 2477 3447 τέρων
2497 3378 2589 3430 καὶ
2621 3375 3058 3446 καταδεεστέρων
3089 3375 3509 3448 ὲμπλησθῶμεν.

2376 3666 2612 3731 Ζητεῖτε
2662 3665 2729 3718 δὲ
2760 3664 2992 3731 πρῶτον
3020 3663 3133 3730 τὴν
3179 3663 3510 3726 ,ϐασιλείαν
3556 3665 3667 3719 τοῦ
3716 3668 3880 3720 Osco.

2307 3761 2559 3813 Βασιλεία
2581 3757 2713 3810 Θεοῦ
2745 3757 2892 3810 οὐδὲν
2923 3756 3048 3809 ἄλλο
3079 3756 3223 3806 ἐστὶν
3243 3753 3357 3807 ἀλλ’
3387 3755 3418 3826 ἢ
3444 3755 3552 3808 τῶν
3580 3757 3882 3826 μελλόντων

2305 3850 2522 3920 ἀγαθῶν
2549 3851 2581 3920 ἡ
2611 3849 2939 3911 ἀπόλαυσις
2963 3847 3247 3900 τουτέστιν
3288 3848 3318 3917 ή
3362 3845 3454 3899 τοῦ
3494 3847 3634 3901 Θεοῦ
3685 3849 3882 3920 θεωρία

2303 3961 2362 3996 τε
2397 3943 2490 3996 καὶ
2515 3942 2732 4012 γνῶσις,
2767 3941 2890 3993 ὅσον
2924 3939 3141 4009 ἐφικτὸν
3162 3942 3225 4010 τῇ
3259 3937 3574 4010 ἀνθρωπίνῃ
3606 3940 3783 4011 ψυχῇ.

2369 4057 2644 4138 (17ὶ-ῌερὶ
2674 4055 2779 4138 τοῦ
2799 4053 2884 4124 μὴ
2917 4055 3162 4135 κρίνειν,
3195 4053 3300 4138 τοῦ
3332 4057 3480 4138 ΞαΛτὰ
3510 4056 3822 4138 Ματθαῖον

2455 4126 2843 4196 Εὑαγγελίου,
2873 4125 2978 4178 τοῦ
3003 4125 3298 4193 μακαρίου
3332 4127 3708 4180 Ἀθανασιέυ.

2372 4219 2468 4287 Μὴ
2505 4219 2736 4287 κρίνετε
2755 4259 2770 4281 ,
2800 4217 2895 4270 καὶ
2927 4219 2999 4271 οὐ
3034 4217 3119 4286 μὴ
3155 4217 3416 4286 κριθῆτεο
3447 4217 3517 4269 ἐν
3541 4211 3590 4283 ᾧ
3619 4219 3733 4288 γὰρ
3761 4222 3882 4286 κρί-

2297 4326 2436 4378 ματι
2463 4312 2713 4378 κρίνετε,
2738 4309 3096 4377 κριθήσεσθε
3115 4329 3129 4342 ·
3161 4313 3257 4366 καὶ
3281 4315 3349 4365 ὲν
3376 4305 3424 4378 ᾧ
3445 4314 3641 4381 μέτρῳ
3660 4317 3883 4384 μετρεῖ-

2305 4418 2366 4454 τε
2386 4441 2400 4463 ,
2428 4401 2992 4471 ἀντιμετρηθήσεται
3017 4402 3177 4472 ὑμῖν.
3239 4404 3396 4471 Λέγει
3428 4404 3484 4456 δὲ
3518 4405 3546 4455 ὁ
3579 4405 3788 4477 Κύριος
3821 4410 3881 4459 τὰ

636 4487 698 4525 ea
754 4472 869 4540 ipsa
918 4483 1078 4543 atque
1118 4478 1344 4545 mqualia
1397 4479 1463 4534 iis
1505 4481 1751 4535 accidere
1793 4485 1884 4552 qui
1929 4485 2197 4553 judicant,

2305 4462 2440 4544 αὐτὰ
2469 4462 3168 4562 καὶντά-ίσαῚπάσχεινστὺν
3213 4462 3464 4564 κρίνοντα
3508 4497 3601 4550 καὶ
3648 4462 3741 4549 τὸν
3769 4462 3881 4568 ἰμε-

635 4573 797 4630 atque
827 4563 894 4617 iis
921 4563 1011 4633 qui
1048 4567 1343 4621 metiuntur
1377 4589 1390 4624 :
1423 4586 1531 4624 non
1565 4575 2018 4640 quemadmodum
2051 4579 2204 4631 aiunt

635 4654 894 4719 hazretici,
921 4673 978 4711 se
1009 4657 1154 4726 ipsos
1180 4658 1232 4711 in
1263 4676 1501 4717 errorem
1532 4665 1878 4732 deducentes,
1919 4687 2018 4723 non
2047 4673 2202 4724 intel-

635 4745 848 4814 ligente:
885 4765 1043 4811 neque
1069 4767 1184 4819 qua:
1221 4751 1522 4822 loquuntur,
1554 4774 1711 4827 neque
1739 4760 1801 4812 de
1827 4763 2012 4829 quibus
2045 4765 2200 4832 afﬁr-

635 4848 780 4890 mant
808 4839 873 4893 ".
903 4839 966 4894 lli
999 4859 1232 4913 namque
1271 4862 1367 4914 per
1411 4848 1631 4905 insanos
1671 4861 1832 4922 atque
1864 4857 2198 4923 perniciosos

635 4931 962 4998 pmnitentim
1024 4935 1158 4989 ritus
1213 4941 1454 5005 pecuniae
1508 4954 1770 5009 quiestum
1832 4959 2195 5016 aucupantes,

633 5019 784 5071 aiunt
817 5035 921 5072 non
949 5022 1304 5090 judicaudum
1341 5029 1453 5082 sive
1496 5031 1864 5089 damnandum
1903 5054 2022 5092 esse
2072 5056 2195 5094 cum

633 5108 724 5176 qui
779 5123 996 5179 peccata
1046 5119 1292 5172 mortalia
1324 5124 1598 5178 admittit:
1637 5128 1713 5179 ait
1768 5129 1963 5198 quippe
2008 5131 2195 5185 Domi-

632 5217 735 5256 nus
772 5219 783 5252 :
816 5202 994 5258 Nolite
1015 5208 1258 5275 judicare
1296 5225 1350 5267 ut
1377 5219 1825 5284 noujudicemini.
1853 5223 2004 5288 Quod
2045 5225 2086 5279 si
2124 5227 2194 5278 ila

633 5307 690 5345 se
723 5309 809 5348 res
839 5295 996 5351 habet
1023 5309 1083 5352 ut
1115 5301 1383 5360 afﬁrmant
1426 5308 1551 5376 ipsi,
1591 5310 1702 5363 Nae
1734 5328 1862 5367 sane
1899 5315 1980 5367 \‘ir
2013 5317 2196 5385 justus

630 5383 918 5441 damnatus
940 5388 1060 5458 fuit,
1094 5395 1237 5462 quod
1278 5396 1572 5453 derisorem
1610 5402 1875 5458 Chamum
1914 5383 2195 5471 judicave—

694 5585 739 5615 '°
774 5586 934 5641 Eecli.
977 5605 1131 5658 unt,
1157 5593 1244 5647 22.
1322 5597 1363 5627 "
1403 5594 1592 5650 Matth.
1627 5615 1697 5663 vr,
1728 5600 1815 5654 ‘25.
1906 5604 1950 5633 ἠ
1986 5603 2116 5659 ibid.

2198 5606 2242 5636 ⁸³
2271 5607 2399 5661 ibid.
2444 5609 2531 5662 33.
2607 5607 2653 5638 "
2695 5607 2883 5662 Matth.
2911 5623 3008 5672 vti,
3050 5607 3098 5659 l.

2300 4581 2549 4653 τροῦντα,
2589 4583 2649 4634 οὐ
2675 4581 2855 4645 καθώς
2885 4599 3047 4652 φασιν
3079 4585 3373 4655 αίρςτικῶν
3403 4587 3593 4650 παῖδες
3620 4587 3881 4656 dre-uarius-

2298 4690 2376 4725 νοι
2403 4673 2652 4736 ἑαυτοὺς,
2682 4675 2773 4726 καὶ
2799 4673 2883 4742 μὴ
2912 4673 3136 4739 ειδότες
3159 4675 3215 4726 τί
3237 4673 3547 4742 λέγουσιν,
3579 4675 3616 4742 ἦ
3642 4678 3778 4744 περὶ
3800 4672 3882 4731 ὧν

2297 4763 2759 4818 διαϐεϐαιοῦνται
2770 4758 2945 4818 ,Οὗτοι
2968 4782 3076 4836 γαρ
3094 4766 3515 4836 ἐμπορευόμενοι
3535 4767 3602 4819 τὰ
3624 4771 3879 4838 χρήματα

2295 4856 2382 4910 διὰ
2408 4855 2513 4908 τῶν
2560 4859 2800 4927 ἀνοήτων
2835 4859 2927 4910 καὶ
2975 4857 3280 4927 ὲπιζημίων
3329 4858 3625 4928 μετανοιῶν
3671 4861 3877 4914 θέλουσι

2301 4949 2477 5017 λέγειν
2503 4991 2514 5008 .
2548 4951 2627 5003 ὅτι
2654 4952 2714 5003 οὐ
2756 4951 2835 5002 δεῖ
2864 4949 3069 5020 κρίνειν
3122 4952 3212 5003 τὸν
3265 4951 3538 5021 δράσαντα
3583 4953 3876 5015 θανατικὰς

2301 5043 2593 5112 ἁμαρτίας.
2637 5038 2768 5096 Εἷπε
2801 5043 2907 5114 γὰρ
2935 5045 2962 5095 ὁ
2995 5043 3223 5114 Κύριος·
3262 5043 3354 5111 Μὴ
3390 5046 3644 5112 κρίνετε.
3683 5048 3778 5100 καὶ
3811 5050 3877 5098 σὺ

2294 5134 2379 5202 μὴ
2415 5134 2668 5202 κριθῆτε.
2702 5137 2761 5189 Et
2785 5137 2839 5189 δὲ
2873 5136 3045 5198 οὕτως
3080 5132 3146 5206 ἦν
3184 5136 3363 5201 καθὼς
3393 5139 3588 5190 ἐκεῖνοι
3618 5139 3877 5210 διισχυρί-

2300 5227 2500 5290 ζονται,
2534 5228 2746 5290 πάντως
2792 5227 2856 5280 ἂν
2889 5230 2916 5281 ὁ
2957 5229 3161 5292 δίκαιος
3195 5229 3313 5282 Νῶε
3359 5230 3660 5300 κατεκρίθη
3692 5234 3874 5301 κρίνας

2298 5319 2385 5370 τὸν
2417 5319 2716 5391 χλευαστὴν
2767 5321 2894 5390 Χὰμ
2925 5321 3017 5374 τοῦ
3052 5317 3188 5375 εἶναι
3235 5321 3417 5374 δοῦλον
3449 5323 3557 5374 τῶν
3613 5322 3866 5390 ἀδελφῶν.

2307 5409 2366 5465 Ὀ
2395 5410 2449 5462 δὲ
2478 5413 2714 5482 Μωῦσῆς
2734 5454 2748 5476 ,
2780 5414 2968 5484 κρίνας
2991 5415 3080 5468 τὸν
3109 5413 3432 5478 συλλέξαντα
3457 5415 3525 5467 τὰ
3553 5415 3682 5481 ξύλα
3717 5417 3773 5468 ἑν
3796 5413 3870 5482 τῷ

3202 5604 3246 5636 ⁸⁵
3280 5608 3299 5660 1
3334 5605 3476 5660 Tim.
3510 5621 3548 5670 ι,
3591 5604 3640 5659 7.

703 5730 814 5800 (17)
853 5731 928 5790 Ex
971 5735 1156 5793 codice
1193 5737 1552 5797 Ambrosiano
1588 5741 1679 5810 27,
1714 5759 1742 5798 ι
1789 5746 1968 5801 διεριηὶ
2002 5762 2226 5818 egregia:
2262 5760 2431 5814 not-.e;
2461 5757 2513 5803 et
2537 5766 2599 5806 ex
2633 5747 2760 5823 Reg.
2795 5748 2950 5814 i995,
2991 5747 3118 5805 item
3143 5762 3175 5802 χ
3201 5747 3388 5802 saculi
