4036 6446
163 393 311 449 ιδττ

1301 395 1730 454 FRAGMENTA
1766 400 1832 456 IN
1873 396 2316 455 MATTILEBM.

3273 15 3372 30 ..ἣν

3292 395 3428 449 1578

161 511 447 582 σαεϐἀτῳ,
483 511 764 566 ἐκέλευσεν
787 513 891 578 ἔξω
918 514 1017 584 τῆς
1038 532 1112 567 πα
1121 531 1177 585 ρε
1188 515 1385 587 μϐολῆς
1406 518 1572 583 λίθοις
1592 522 1743 575 αὐτὸς.

1857 521 1927 576 rit
1957 521 2424 588 damnaveritque,
2459 528 2510 572 ut
2534 524 2677 571 esset
2705 514 2936 569 fratrum
2966 529 3158 570 servus
3189 514 3256 567 ⁸⁸.
3287 515 3426 584 Moy-

157 607 498 660 ἀποθανείν·
531 607 558 659 6
602 608 658 660 δὲ
705 606 945 677 διάδοχος
984 607 1148 662 αὑτοῦ
1179 610 1386 680 Ἰησοῦς
1435 613 1626 683 κρίνας
1659 617 1753 668 καὶ

159 696 259 750 τὸν
293 698 466 767 Ἂχαν
498 696 584 749 διά
611 698 706 767 τῆς
743 696 946 768 κλοπῆς
978 700 1194 751 πανοικὶ
1224 700 1636 773 ἐξωλόθρευσεν.
1696 705 1753 757 Ὀ

157 788 220 841 δὲ
248 790 438 852 Φινεὲς
472 789 558 843 διὰ
580 789 676 859 τὴν
705 790 957 860 πορνείαν
979 792 1070 844 τὸν
1103 793 1316 865 Ζαμϐρὶ
1343 796 1552 866 κρίνας,
1579 815 1752 868 σειρο-

163 881 358 952 μάστῃ
391 879 726 950 ἐξεκέντησε.
757 881 865 932 Καὶ
893 882 920 932 6
948 881 1197 953 Σαμουὴλ
1221 883 1313 936 τὸν
1341 885 1514 954 Ἀγάγ
1539 887 1628 938 τὸν
1656 888 1752 957 βα-

161 971 324 1023 σιλέα
354 971 462 1023 τῶν
495 971 878 1041 Ἀμαληκιτῶν
911 973 1119 1027 ἀνεῖλεν
1156 973 1386 1030 ἐνώπιον
1418 979 1642 1050 Κυρίου.
1695 982 1751 1032 Ὀ

156 1064 220 1118 δὲ
269 1065 456 1128 Ἠλίας
481 1065 670 1135 κρίνας
698 1065 821 1128 τοὺς
843 1066 1314 1138 ψευδοπροφήτας,
1345 1071 1419 1133 ὡς
1449 1073 1661 1142 χοίρους
1694 1075 1750 1126 ὲν

155 1156 242 1227 τῷ
293 1159 578 1229 χειμάρρῳ
616 1158 945 1226 ἀπέσφαξεν.
983 1159 1094 1211 Καὶ
1125 1160 1153 1210 6
1186 1160 1507 1227 Ἐλισσαῖος,
1560 1165 1749 1234 κρίνας

155 1251 256 1304 τὸν
290 1250 453 1321 Γιεζῆ
493 1251 582 1304 διὰ
609 1252 708 1322 τὴν
738 1249 897 1320 λῆψιν
936 1250 1044 1305 τῶν
1074 1254 1395 1325 χρημάτων,
1428 1255 1626 1328 λεπρδν
1657 1259 1749 1310 ἀν-

155 1342 388 1408 έδειξεν.
430 1346 486 1398 '0
514 1345 570 1397 δὲ
599 1345 793 1416 Δανιὴλ
812 1386 825 1409 ,
860 1347 1051 1417 κρίνας
1067 1349 1189 1408 τοὺς
1209 1346 1538 1411 ἀκολάστους
1562 1348 1750 1420 γέρον-

155 1452 266 1497 τας
299 1435 484 1488 ’ἐνεκεν
518 1435 615 1504 τῆς
647 1435 1036 1503 συκοφαντίας,
1073 1436 1220 1506 νόμῳ
1245 1435 1524 1506 Μωσαῖκῷ
1549 1437 1750 1506 ἐτιμω·

161 1527 394 1596 ρήσατο.
422 1528 531 1580 Καὶ
554 1530 581 1580 ὀ
603 1527 825 1597 Πέτρος,
848 1527 1028 1580 λαϐὼν
1061 1527 1158 1590 τὰς
1184 1527 1329 1591 κλεῖς
1354 1529 1451 1598 τῆς
1479 1529 1751 1598 βασιλείας

156 1619 276 1671 τῶν
309 1619 571 1690 οὐρανῶν,
605 1620 694 1672 τὸν
716 1620 966 1671 Ἀνανίαν
998 1619 1137 1689 μετά
1157 1621 1254 1692 τῆς
1287 1622 1540 1688 γυναικὸς
1569 1640 1753 1690 νοσφι-

159 1711 438 1782 σαμένους
476 1713 538 1762 ὲκ
572 1711 663 1764 τοῦ
701 1713 830 1765 ἰδίου
881 1715 1190 1782 κτήματος,
1227 1713 1447 1783 κρίνας,
1499 1713 1752 1782 παραυτά

156 1805 421 1876 ἐποίησεν
457 1806 652 1868 αὐτοὺς
703 1804 994 1874 ἀποψύξαι.
1055 1805 1165 1858 Καὶ
1213 1807 1240 1857 ὁ
1285 1805 1492 1868 Παῦλος
1540 1806 1750 1876 ἔκρινεν

1856 629 1971 680 ses,
2006 615 2132 667 item
2164 613 2271 665 lato
2299 611 2504 680 judicio
2530 611 2580 662 in
2607 625 2728 663 eum
2747 607 2838 678 qui
2859 608 3000 677 ligna
3031 607 3314 677 collegerat
3337 607 3424 660 die

1855 705 2087 766 sabbati,
2129 704 2292 774 jussit
2319 719 2442 755 eum
2475 711 2626 755 extra
2657 711 2835 755 castra
2863 700 3130 768 lapidibus
3151 698 3327 753 necari
3351 698 3418 756 ⁸⁷,

1856 795 1984 863 Ejus
2012 809 2230 864 quoque
2275 807 2558 847 successor
2589 790 2777 857 Jesus,
2823 791 3088 846 sententia
3135 790 3187 842 in
3233 787 3420 843 Achan

1854 886 1923 939 ob
1952 885 2154 939 furtum
2185 887 2414 954 prolata.
2445 901 2567 938 cum
2594 884 2790 938 domus
2823 883 3155 952 supellectile
3186 891 3296 936 tota
3323 898 3421 937 ex-

1855 978 2163 1030 terminavit
2195 977 2374 1046 ipsum
2403 978 2468 1030 ⁸³.
2493 975 2724 1031 Phinees
2755 979 2918 1029 etiam
2943 975 3159 1029 Zamhri
3186 973 3425 1028 fornica-

1857 1068 2018 1120 tionis
2043 1083 2206 1121 causa
2244 1068 2534 1130 damnans,
2568 1067 2744 1135 ipsum
2781 1067 2934 1121 hasta
2960 1065 3201 1121 confodit
3226 1065 3290 1120 ⁸’.
3319 1065 3423 1119 Sa-

1856 1158 1997 1212 mue!
2024 1157 2172 1228 Agag
2203 1175 2381 1229 regem
2425 1159 2846 1213 Amalecitarum
2881 1160 3156 1213 interemit
3196 1159 3247 1212 in
3291 1175 3424 1212 con-

1855 1260 2041 1319 spectu
2080 1250 2289 1304 Domini
2324 1252 2391 1305 ’°.
2423 1251 2570 1306 Elias
2598 1252 2764 1306 falsos
2788 1253 3082 1321 prephetas
3112 1252 3421 1312 damnatos,

1853 1343 2008 1412 quasi
2035 1358 2230 1411 porcos
2256 1343 2308 1396 in
2348 1353 2589 1398 torrente
2622 1345 2886 1413 jugulavit
2919 1346 2984 1398 9‘.
3023 1343 3245 1399 Eliseeus
3275 1344 3424 1398 Giezi

1853 1446 2087 1507 acceptae
2113 1438 2353 1506 pecunia:
2386 1454 2536 1490 reum
2576 1438 2870 1497 damnavit,
2913 1437 3197 1508 effecitque
3240 1437 3422 1504 lepro-

1854 1544 1975 1581 sum
2022 1531 2088 1584 ⁸³.
2140 1528 2323 1582 Daniel
2377 1545 2505 1583 vero
2553 1529 2787 1583 lasciios
2838 1543 2994 1582 senes
3060 1528 3426 1598 symphantim

1853 1636 2018 1674 causa
2051 1621 2118 1674 ab
2149 1637 2205 1674 se
2237 1620 2544 1684 damnatos,
2570 1621 2723 1688 juxta
2751 1621 2917 1689 legem
2953 1618 3243 1672 Mosaicam
3279 1620 3424 1671 ultus

1852 1723 1933 1766 est
1957 1713 2021 1767 ⁸³.
2049 1711 2244 1766 Petrus
2268 1721 2469 1776 autem,
2496 1713 2586 1782 qui
2630 1713 2836 1779 accepit
2864 1713 3041 1765 claves
3071 1712 3220 1780 regni
3254 1712 3423 1765 uelo-

1855 1820 1976 1858 rum
2008 1805 2074 1866 ³⁸,
2108 1805 2373 1856 Anauiam
2409 1819 2534 1857 cum
2574 1820 2777 1865 uxore,
2812 1805 2955 1871 quod
3002 1814 3206 1872 partem
3263 1821 3425 1872 pecu-

154 1897 516 1968 Ἀλέξανδρον
544 1897 632 1949 τὸν
664 1897 868 1966 χαλκέα
895 1897 1086 1950 εἰπών’
1115 1896 1434 1951 Ἀποδώσει
1458 1898 1616 1964 αὐτῷ
1637 1902 1743 1953 Κύ-

1856 1896 1957 1949 nise
1986 1911 2052 1949 ex
2087 1896 2300 1948 vendita
2337 1896 2554 1964 prOpria
2607 1910 2954 1963 possessrone
3005 1895 3421 1959 subduxissent,

147 2005 293 2055 ριος
327 1991 478 2042 κατὰ
505 1989 576 2042 τὰ
602 1989 744 2058 ἔργα
767 1991 973 2044 αὑτοῦ.
1022 1990 1305 2059 ’Υμεναῖον
1327 1991 1381 2042 δὲ
1412 1991 1503 2042 καὶ
1523 1991 1748 2062 Φιλητὸν

155 2079 451 2149 παρέδωκε
487 2081 564 2151 τῷ
598 2082 810 2152 Σατανᾷ
831 2125 843 2145 ,
873 2083 959 2134 ἵνα
993 2081 1252 2154 παιδευθῇ
1288 2084 1484 2153 μηκέτι
1513 2083 1750 2155 βλασφη-

156 2173 306 2240 μεῖν.
342 2172 590 2224 Αἰτιᾶται
633 2172 818 2224 δὲκαὶ
851 2172 924 2242 μὴ
951 2171 1242 2244 κρινούσας
1288 2174 1613 2244 Ἐκκλησίας
1640 2176 1746 2227 τῶν

153 2262 466 2333 Κορινθίων
495 2264 673 2333 φήσας
690 2281 703 2293 ·
742 2267 863 2317 Οὐκ
891 2265 1062 2318 ἐστιν
1081 2266 1152 2318 ἑν
1177 2265 1318 2334 ὑμῖν
1339 2267 1533 2334 σοφὸς
1559 2267 1626 2331 ὃς
1651 2266 1748 2320 δυ-

151 2353 416 2420 νήσεται
453 2353 645 2421 κρῖναι
671 2354 977 2422 ἀναμέσον
1006 2356 1112 2409 τοῦ
1145 2355 1411 2424 ἀδελφοῦ
1446 2356 1666 2420 αὐτοῦ;
1706 2357 1743 2425 ἣ

151 2445 248 2499 ὅτι
281 2448 393 2498 οὐκ
425 2444 645 2508 οἴδατε,
671 2446 759 2500 ὅτι
783 2447 1075 2516 ἀγγέλους
1107 2450 1454 2519 κρινοῦμεν;
1485 2450 1546 2502 Et
1569 2449 1746 2503 τοίνυν

152 2537 364 2601 πάντες
387 2539 436 2590 οἱ
461 2537 677 2602 δίκαιοι,
729 2539 1033 2610 κρίναντες,
1063 2542 1122 2593 οὗ
1153 2543 1573 2613 κατεκρίθησαν,
1615 2546 1748 2614 μᾶλ-

151 2628 248 2681 λον
302 2630 358 2681 δὲ
414 2630 727 2698 ὲκλεγέντες
786 2634 866 2694 εἰς
910 2633 1006 2704 τὴν
1062 2639 1433 2707 πνευματικὴν
1475 2639 1747 2694 διακονίαν

152 2720 490 2791 ἰξελέγησαν
511 2739 526 2754 ο
583 2723 700 2786 πῶς
735 2725 792 2777 οὗ
828 2725 907 2778 δεῖ
940 2730 1058 2780 κατ’
1094 2730 1289 2793 αὐτοὺς
1315 2733 1549 2802 κρίνειν;
1580 2731 1747 2789 Εἶπεν

150 2810 251 2869 οὖν
278 2816 307 2867 6
331 2814 534 2887 Κύριος
555 2833 567 2846 ·
595 2816 692 2883 Μὴ
717 2820 947 2885 κρίνετε
967 2861 980 2883 ,
1006 2821 1101 2873 καὶ
1127 2823 1197 2874 οὐ
1230 2823 1317 2892 μὴ
1350 2825 1588 2893 κριθῆτε
1607 2845 1619 2857 ·
1650 2831 1745 2900 οὐχ

154 2906 248 2958 ῖνα
305 2906 587 2977 μέλλωμεν
640 2909 880 2978 ἀκρίτως
912 2927 962 2961 τι
997 2911 1256 2980 πράττειν
1291 2914 1323 2984 ἢ
1364 2919 1556 2982 ποιεῖν,
1609 2917 1744 2973 ἀλλά

149 2998 245 3050 διὰ
283 2997 345 3050 τὸ
387 2999 512 3059 τοὺς
539 2998 863 3068 Φαρισαίους
894 3002 988 3053 καὶ
1021 3002 1372 3074 Γραμματεῖς
1402 3008 1606 3079 κρίνειν
1648 3012 1744 3081 μὲν

150 3089 443 3160 ἀλλήλους,
461 3091 683 3153 ἑαυτοὺς
704 3090 758 3142 δὲ
783 3092 855 3162 μὴ
879 3091 1236 3164 διορθοῦσθαι.
1267 3093 1391 3151 Οἶον
1412 3100 1631 3172 ἔκριναν
1657 3104 1745 3157 τὸν

152 3178 324 3246 φονέα
345 3179 636 3233 ἀποθανεῖν
666 3180 805 3234 κατὰ
829 3182 921 3235 τὸν
951 3184 1134 3255 νόμον,
1157 3189 1307 3241 αὐτοί
1328 3207 1385 3243 τε
1415 3193 1508 3245 καὶ
1535 3196 1745 3265 προφή-

150 3288 255 3334 τας
294 3273 626 3344 παρανόμως
650 3273 1006 3340 θανατοῦντες
1027 3293 1038 3304 '
1076 3278 1298 3350 ἔκριναν
1330 3283 1418 3336 τὸν
1454 3287 1638 3356 μοιχὸν
1670 3287 1744 3352 ὡς

154 3362 353 3432 μοιχὸν
389 3364 749 3435 κολασθῆναι,
777 3366 872 3420 καὶ
897 3370 1046 3421 αὐτοὶ
1091 3370 1164 3434 ὡς
1214 3374 1368 3426 ἵπποι
1419 3375 1744 3448 θηλυμανεῖς

152 3455 514 3526 ἐχρεμέτιζον
546 3458 637 3509 ἐπὶ
661 3457 757 3520 τὰς
781 3457 1066 3530 ἀλλοτρίας
1086 3466 1347 3527 γυναῖκας
1370 3481 1382 3491 ·
1410 3465 1629 3537 ἔκριναν
1651 3469 1742 3520 τὸν

151 3547 422 3616 κλέπτην,
445 3548 598 3600 αὐτοὶ
629 3547 780 3610 ὄντες
812 3548 1046 3601 συλωταὶ
1071 3550 1175 3604 τῶν
1208 3552 1502 3626 ἀλλοτρίων
1534 3561 1743 3629 χρημά-

148 3657 288 3691 των.
341 3635 520 3691 Ἦσαν
554 3639 610 3692 δὲ
657 3643 750 3694 καὶ
785 3640 1036 3695 κώνωπα
1069 3643 1432 3714 διυλίζοντες
1477 3653 1574 3704 καὶ
1629 3653 1743 3721 τὴν

149 3731 436 3802 κάμηλον
485 3735 934 3800 καταπίνοντες.
991 3737 1112 3790 Ὅτι
1147 3738 1202 3791 δὲ
1246 3741 1476 3795 τοιοῦτοι
1514 3740 1651 3816 ἦσαν
1693 3750 1740 3800 οἱ

146 3827 441 3896 Φαρισαῖοι
476 3826 568 3878 καὶ
600 3828 648 3878 oi
681 3827 1051 3900 Γραμματεῖς,
1085 3834 1316 3904 φανερὸν
1350 3837 1412 3888 ὲκ
1440 3837 1531 3890 τοῦ
1562 3838 1739 3908 λέγειν

145 3918 248 3969 τὸν
279 3917 482 3987 Κύριον
520 3918 608 3971 διὰ
635 3919 743 3972 τῶν
789 3923 918 3992 ἑξῆς
960 3923 1094 3994 πρὸς
1141 3925 1235 3978 ἕνα
1266 3927 1492 3981 ἕκαστον
1521 3933 1698 3985 αὐτῶν
1724 3951 1736 3963 ·

155 4008 223 4060 Τί
257 4008 327 4060 δὲ
352 4008 604 4074 βλέπεις
645 4011 711 4064 τὸ
746 4012 970 4080 κάρφος
1005 4015 1070 4067 τὸ
1114 4016 1184 4070 ἐν
1214 4017 1291 4082 τῷ
1327 4021 1611 4091 ὀφθαλμῷ
1638 4025 1740 4078 τοῦ

145 4100 425 4168 ἀδελφοῦ
453 4118 568 4155 σου
589 4142 602 4166 ,
639 4103 753 4170 τὴν
779 4104 846 4156 δὲ
875 4106 1058 4160 δοκὸν
1089 4107 1201 4176 τὴν
1227 4110 1298 4162 ἐν
1347 4112 1427 4177 τῷ
1457 4114 1742 4186 ὀφθαλμῷ

145 4207 275 4243 σου
297 4191 368 4243 οὐ
395 4193 738 4259 κατανοεῖς;
765 4196 840 4247 "H
861 4194 986 4261 πῶς
1012 4196 1206 4265 λέγεις
1232 4199 1310 4265 τῷ
1334 4203 1572 4272 ἀδελφῷ
1588 4222 1703 4261 σου
1724 4227 1737 4239 ·

151 4282 338 4349 Ἄφες
369 4282 600 4336 ἐκϐαλῶ
633 4285 698 4338 τὸ
754 4285 981 4355 κάρφος
1007 4290 1074 4342 ἐκ
1107 4291 1213 4344 τοῦ
1252 4294 1561 4363 ὀφθαλμοῦ
1592 4315 1741 4364 σου;

159 4374 174 4388 '
194 4374 503 4441 Υποκριτὰ,
535 4374 752 4429 ἔκϐαλε
783 4378 1018 4444 πρῶτον
1045 4382 1113 4435 ἐκ
1143 4384 1249 4438 τοῦ
1280 4387 1589 4457 ὀφθαλμοῦ
1625 4408 1741 4446 σου

144 4465 272 4534 τὴν
299 4466 504 4534 δοκὸν,
538 4469 636 4522 καὶ
666 4471 796 4524 τότε
831 4471 1176 4542 διαϐλέψεις
1206 4477 1482 4534 ἐκϐαλεῖν
1513 4482 1577 4534 τὸ
1604 4486 1741 4553 κάρ-

1851 1987 2138 2051 damnans,
2166 1987 2465 2040 exstinctos
2502 1986 2682 2040 subito
2713 1987 2906 2040 cadere
2931 1986 3060 2040 fecit
3087 1989 3150 2041 ’⁵.
3191 1988 3254 2041 Et
3284 1987 3424 2042 Pau-

1851 2080 1938 2134 lus
1967 2096 2187 2150 quoque
2233 2079 2599 2133 Alexandrum
2639 2076 2850 2131 fabrum
2893 2079 3157 2147 judicavit
3187 2082 3373 2137 dicens
3404 2098 3418 2134 :

1850 2171 2051 2225 Reddet
2082 2172 2162 2223 illi
2194 2171 2449 2225 Dominus
2486 2172 2770 2225 secundum
2803 2189 2958 2240 opera
2991 2189 3088 2225 sua
3112 2174 3176 2224 ⁸⁸.
3228 2173 3424 2246 Hyme-

1849 2277 2028 2316 nzeum
2083 2278 2213 2316 vero
2264 2270 2428 2331 atque
2489 2261 2758 2318 Philetum
2821 2264 3040 2318 tradidit
3097 2263 3334 2329 Satanaz,
3364 2276 3426 2320 ut

1847 2354 2151 2408 ediscerent
2181 2370 2284 2407 non
2319 2355 2457 2407 ultra
2486 2354 2801 2423 hlasphema
2828 2354 2998 2408 etTari.
3025 2356 3212 2426 Arguit
3243 2369 3421 2411 autem

1849 2446 2119 2501 Ecclesias
2159 2446 2591 2510 Corinthiorum,
2619 2448 2763 2516 quod
2795 2463 2902 2500 non
2927 2448 3308 2516 judicaverint,
3337 2450 3424 2503 his

1851 2539 2069 2593 verbis:
2120 2537 2243 2591 Non
2286 2547 2363 2590 est
2404 2539 2541 2591 inter
2594 2556 2679 2592 ros
2733 2541 2941 2608 sapiens
2985 2541 3297 2609 quisquam,
3334 2543 3424 2611 qui

1849 2634 2013 2702 possit
2036 2631 2282 2699 judicare
2310 2630 2446 2682 inter
2476 2629 2699 2698 fratrem
2729 2632 2924 2682 suum?
2951 2631 3029 2684 An
3061 2633 3273 2686 nescitis
3301 2634 3424 2702 quia

1851 2724 2062 2795 angelos
2079 2723 2446 2792 judicabimus
2473 2722 2560 2774 ’τί
2601 2721 2656 2775 Si
2691 2723 2874 2792 itaque
2923 2737 3113 2776 omnes
3141 2723 3297 2793 justi,
3329 2725 3422 2795 qui

1844 2817 2248 2886 judicaverunt,
2289 2832 2396 2868 non
2449 2816 2568 2870 ideo
2615 2815 2982 2881 condemnati,
3028 2815 3139 2870 imo
3176 2832 3305 2871 vero
3356 2818 3423 2872 ad

1849 2908 2132 2978 spirituale
2160 2908 2521 2960 ministerium
2552 2908 2728 2961 allecti
2753 2915 2804 2961 et
2824 2909 3056 2978 cooptati
3085 2919 3230 2974 sunt,
3257 2926 3427 2979 quare

1851 3016 1960 3054 non
1993 3009 2046 3053 ut
2084 2999 2158 3050 illi
2183 2997 2540 3064 judicandum
2576 3014 2695 3051 esse
2725 3002 3091 3054 censeamus?
3123 3001 3210 3054 Ait
3245 3004 3425 3072 itaque

1851 3091 2114 3146 Dominus
2149 3109 2161 3144 :
2213 3091 2396 3145 Nolite
2416 3091 2694 3160 judicare,
2727 3101 2784 3144 ut
2816 3108 2916 3144 non
2937 3092 3281 3160 judicemiui,
3315 3111 3423 3149 non

1853 3184 1974 3238 ideo
2005 3199 2133 3238 sane
2168 3193 2225 3237 ut
2251 3184 2379 3254 quid
2414 3182 2684 3238 faciamus
2711 3183 2793 3237 vel
2826 3184 3196 3250 admittamus,
3228 3187 3292 3240 de
3315 3203 3426 3256 quo

1845 3275 2112 3345 judicium
2142 3294 2249 3331 non
2289 3276 2569 3343 feramus;
2599 3278 2692 3331 sed
2734 3279 2861 3347 quia
2903 3279 3160 3334 Pharismi
3189 3296 3241 3336 et
3276 3283 3425 3338 Seri-

1848 3370 1929 3424 b:e
1976 3386 2034 3425 se
2077 3377 2266 3422 mutuo
2313 3367 2629 3438 iudicabant
2661 3377 2714 3422 et
2757 3371 3118 3435 damnabunt,
3153 3373 3252 3442 ipsi
3296 3390 3424 3435 vero

1847 3478 1955 3516 non
1987 3477 2106 3516 sese
2141 3460 2523 3515 emendabant.
2553 3461 2642 3516 Sic
2672 3461 3003 3517 homicidam
3028 3465 3199 3532 illum,
3230 3483 3424 3522 secun-

1846 3556 1974 3609 dum
2035 3554 2225 3624 legem,
2275 3555 2467 3622 capitis
2502 3555 2851 3621 damnarunt,
2898 3574 3021 3612 cum
3079 3561 3179 3629 ipsi
3217 3562 3420 3617 interea

1845 3649 2139 3719 prophetas
2198 3647 2383 3717 inique
2442 3649 2811 3714 trucidarent;
2847 3652 3121 3705 mwchum
3170 3654 3421 3710 adulterii

1846 3758 2010 3797 causa
2039 3756 2228 3811 punias
2263 3742 2410 3794 luere
2439 3741 2824 3803 decreverunt,
2863 3759 2984 3797 cum
3020 3745 3120 3814 ipsi
3166 3762 3263 3801 ceu
3293 3750 3422 3818 equi

1845 3835 2033 3889 lascivi
2072 3834 2349 3887 hinnirent
2385 3832 2451 3886 ad
2492 3833 2697 3887 alienas
2730 3851 2928 3891 uxores
2957 3837 3000 3866 ’⁸
3037 3855 3047 3888 :
3095 3843 3418 3896 sententiam

1846 3927 1900 3980 in
1951 3926 2126 3978 furem
2174 3924 2432 3986 tulerunt,
2485 3926 2587 3995 ipsi
2640 3937 2883 3995 raptores
2921 3929 3163 3996 pecuniae
3207 3932 3417 3990 alienae.

1844 4015 2120 4085 Erantque
2167 4016 2468 4070 excolautes
2514 4017 2753 4082 culicem,
2797 4027 2844 4069 et
2877 4019 3217 4088 deglutieutes
3248 4041 3419 4078 came-

1843 4109 1951 4162 lum
1998 4109 2064 4161 '9.
2109 4107 2265 4174 Quod
2307 4119 2487 4164 autem
2528 4111 2660 4164 tales
2699 4110 2902 4164 fuerint
2947 4111 3206 4169 Pharisaei
3256 4127 3419 4187 atque

1846 4201 2073 4266 Scribae,
2113 4203 2289 4271 palam
2334 4211 2508 4256 estex
2556 4203 2624 4258 iis
2677 4221 2798 4272 qua:
2853 4207 3082 4275 singulis
3123 4224 3309 4263 eorum
3360 4212 3414 4265 in

1844 4295 2196 4365 sequentibus
2227 4296 2301 4348 ait
2338 4294 2600 4350 Dominus
2635 4313 2647 4348 :
2687 4297 2828 4362 Quid
2857 4309 3031 4352 autem
3066 4301 3204 4355 vides
3249 4303 3418 4372 festu-

1844 4404 1958 4439 cam
1990 4388 2044 4439 in
2071 4387 2221 4439 oculo
2255 4387 2440 4453 fratris
2471 4388 2568 4444 tui.
2593 4387 2790 4440 trabem
2817 4399 3013 4454 autem,
3037 4408 3152 4461 qure
3181 4395 3235 4446 in
3264 4393 3416 4447 oculo

1844 4488 1934 4530 tuo
1976 4487 2074 4540 est,
2107 4494 2208 4530 non
2238 4479 2583 4532 consideras?
2619 4481 2720 4531 Aut
2764 4482 3023 4548 quomodo
3059 4494 3201 4550 potes
3243 4487 3417 4540 dicere

145 4576 269 4628 φος
295 4559 361 4611 ἐκ
387 4560 491 4613 τοῦ
526 4562 835 4632 ὀφθαλμοῦ
864 4565 968 4619 τοῦ
1002 4567 1265 4636 ἀδελφοῦ
1299 4587 1435 4626 σου.
1482 4573 1543 4626 Εἰ
1567 4574 1623 4627 δὲ
1650 4579 1737 4629 αὺο

1848 4571 2004 4639 fratri
2054 4579 2186 4622 tuo:
2229 4567 2354 4622 Sine
2405 4573 2616 4638 ejiciam
2666 4572 2920 4641 festucam
2977 4574 3041 4626 de
3097 4575 3245 4629 oculo
3287 4583 3417 4634 tuo?

145 4653 244 4715 τὸς
269 4652 411 4721 ἔχεις
432 4653 527 4725 τὴν
549 4655 703 4708 δοκὸν
730 4659 786 4709 ὲν
807 4659 885 4729 τῷ
906 4660 1168 4734 ὀφθαλμῷ
1191 4681 1281 4717 σου
1298 4667 1396 4737 τῆς
1421 4669 1733 4734 ἀκολασίας,

145 4745 229 4798 ὣν
264 4747 491 4815 τυφλὸς,
549 4749 666 4812 πῶς
718 4750 942 4806 δύνασαι
990 4755 1325 4828 ἀποστρέψαι
1363 4760 1455 4812 τὸν
1511 4762 1736 4832 πλησίον

148 4855 247 4889 σου
279 4839 383 4890 ἀπὸ
404 4839 495 4892 τοῦ
524 4841 766 4913 κάρφους
794 4845 892 4916 τῆς
926 4849 1123 4918 μικρᾶς
1150 4850 1455 4921 ἁμαρτίας;
1488 4853 1545 4906 ’0
1573 4855 1628 4908 δὲ
1651 4855 1736 4908 θε-

149 4928 380 4992 σπέσιος
409 4929 637 4995 Παῦλος,
667 4934 890 5004 γράφων
937 4936 1246 5008 Ῥωμαίοις,
1276 4940 1367 4993 καὶ
1399 4943 1557 5006 αὐτὸς
1590 4945 1735 5014 λέγει

149 5021 284 5090 περὶ
311 5021 418 5073 τῶν
453 5021 706 5076 τοιούτων
743 5026 1049 5099 ὑποκριτῶν
1071 5070 1085 5092 ,
1127 5031 1218 5082 καὶ
1251 5032 1734 5104 σχηματιζομένων

146 5115 250 5185 τὴν
297 5115 576 5169 εὐσέϐειαν
598 5132 610 5145 ·
680 5118 740 5170 Ὀ
774 5117 1077 5174 διδάσκων
1107 5122 1214 5174 τὸν
1247 5124 1448 5193 ἕτερον
1473 5166 1486 5188 ,
1521 5127 1737 5182 ἑαυτὸν

147 5211 224 5262 οὑ
252 5206 558 5275 διδάσκεις
577 5227 589 5239 ο
616 5213 647 5264 ό
663 5213 987 5278 κηρύσσων
1001 5215 1087 5284 μὴ
1107 5216 1405 5286 κλέπτειν,
1425 5220 1702 5289 κλέπτεις
1722 5239 1735 5251 ·

149 5303 185 5353 ό
219 5302 413 5368 λέγων
433 5301 518 5369 μὴ
536 5306 860 5373 μοιχεύειν,
903 5310 1202 5375 μοιχεύεις
1222 5327 1234 5340 ·
1266 5314 1298 5364 ὀ
1321 5313 1741 5384 βδελυσσόμε-

147 5408 260 5456 νος
284 5391 356 5445 τὰ
377 5392 612 5457 εἴδωλα,
649 5397 1003 5463 ὶεροσυλεῖςο
1037 5399 1104 5466 ὃς
1134 5401 1204 5453 ἐν
1237 5405 1396 5472 νόμῳ
1431 5406 1732 5475 καυχᾶσαι

149 5481 250 5534 διὰ
275 5483 383 5551 τῆς
406 5485 790 5554 παραϐάσεως
831 5488 936 5542 τοῦ
969 5494 1154 5559 νόμου
1174 5532 1187 5555 ,
1220 5493 1326 5546 τὸν
1356 5496 1503 5549 Θεὸν
1528 5499 1731 5568 ἀτιμά-

149 5574 296 5639 ζεις’
329 5578 421 5629 καὶ
455 5577 646 5630 πάλιν·
693 5580 787 5633 Ἐν
818 5575 865 5647 ᾧ
910 5581 1020 5651 γὰρ
1072 5585 1303 5654 κρίματι
1353 5588 1576 5655 κρίνεις
1624 5591 1730 5643 τὸν

237 5713 284 5743 ³⁸
322 5713 458 5787 Gen.
500 5733 586 5779 Ix,
617 5717 707 5773 εδ.
821 5719 864 5750 ⁸⁷
898 5719 1059 5778 Νιιιη.
1100 5741 1189 5787 xv,
1218 5726 1306 5780 55.

156 5799 310 5860 sviti.
348 5784 437 5840 40.
499 5789 632 5841 "IV
676 5788 805 5860 Reg.
850 5807 903 5855 ν,
947 5792 1035 5846 27.
1097 5797 1156 5826 ³³
1178 5784 1322 5852 Dan.
1359 5815 1478 5858 xm.
1526 5801 1614 5854 6'2.

155 5856 197 5884 ’τ
226 5853 244 5906 Ι
273 5856 399 5910 Cor.
446 5875 517 5921 vi,
557 5861 611 5918 5.
644 5861 696 5916 5.
755 5853 820 5892 ’⁵⁸
846 5853 1044 5918 Jerem.
1077 5881 1160 5929 xv,
1195 5868 1247 5922 8.

1847 4662 2160 4732 l‘lypocrita,
2197 4661 2323 4729 ejice
2363 4663 2590 4730 primum
2645 4663 2842 4716 trabem
2896 4665 2960 4718 de
3010 4667 3160 4718 oculo
3209 4677 3319 4728 tuo,
3365 4679 3414 4721 et

1841 4765 1964 4808 tunc
1992 4754 2267 4823 perspicies
2314 4765 2366 4806 ut
2401 4755 2591 4807 educas
2638 4755 2895 4824 festucam
2930 4757 2993 4810 de
3033 4757 3182 4810 oculo
3228 4759 3412 4828 fratris

1841 4849 1917 4900 tui
1953 4850 1991 4899 ¹.
2029 4846 2181 4911 Quod
2217 4847 2262 4902 si
2297 4857 2350 4900 tu
2389 4847 2441 4898 in
2475 4846 2634 4901 oculo
2667 4856 2759 4900 tuo
2788 4847 2954 4902 habes
2986 4848 3412 4919 intemperantia:

1840 4953 1894 4996 et
1951 4940 2190 4995 libidinis
2259 4940 2486 5001 trabem,
2536 4941 2606 4993 ita
2667 4950 2723 4994 ut
2773 4941 3045 5007 ca'cutias,
3091 4943 3183 5012 qui
3233 4945 3411 5012 possis

1840 5032 2146 5101 proximum
2185 5041 2335 5084 tuum
2381 5040 2623 5085 avertere
2659 5047 2687 5084 a
2723 5030 2926 5085 festuca
2964 5033 3096 5086 levis
3128 5034 3410 5101 cujusdam

1842 5124 2088 5193 peccati?
2132 5124 2352 5177 Divinus
2389 5135 2568 5178 autem
2617 5122 2817 5178 Paulus
2849 5124 2915 5178 ad
2965 5123 3237 5181 Romanos
3276 5129 3412 5183 scri-

1845 5219 2000 5283 bens,
2036 5217 2102 5270 de
2130 5218 2431 5288 hypocritis
2463 5217 2801 5286 hujusmodi,
2831 5221 2922 5290 qui
2952 5220 3206 5290 pietatem
3235 5237 3415 5275 enien-

1847 5310 2078 5373 tiuntur,
2115 5311 2240 5363 talia
2276 5309 2453 5364 fatur:
2488 5309 2592 5375 Qui
2621 5309 2790 5362 alium
2837 5313 3006 5378 doces,
3050 5314 3268 5380 teipsum
3308 5330 3410 5366 non

1840 5405 2030 5464 doces;
2078 5403 2169 5471 qui
2221 5402 2478 5470 pra’dicas
2534 5419 2635 5454 non
2685 5402 3000 5470 furandum,
3044 5406 3278 5473 furoris;
3320 5408 3409 5475 qui

1837 5502 1970 5553 dicis
2019 5514 2118 5551 non
2161 5497 2552 5563 mter/tandum,
2604 5499 2913 5564 mazcharis;
2957 5501 3046 5570 qui
3087 5500 3410 5554 abominaris

1837 5594 2005 5655 idola,
2031 5607 2185 5644 sacra
2213 5590 2453 5656 expilas;
2493 5595 2581 5662 qui
2615 5594 2669 5646 in
2712 5593 2818 5663 lege
2853 5594 3121 5662 gloriaris,
3152 5609 3243 5661 per
3275 5609 3410 5662 prcc—

1383 5729 1428 5760 ⁸⁸
1465 5729 1632 5784 Josue
1675 5748 1743 5783 vn

1848 5732 1895 5787 5.
1968 5731 2013 5762 ⁸⁹
2042 5727 2202 5781 Num.
2237 5743 2358 5786 xxv.
2399 5729 2451 5782 8.
2520 5727 2609 5781 ὀἰ
2650 5728 2776 5798 Reg.
2818 5745 2904 5789 xv.
2937 5729 3057 5798 55.7
3095 5729 3136 5759 ⁹¹
3174 5725 3238 5779 ill
3272 5725 3406 5793 Reg.

1691 5804 1736 5833 9"
1764 5803 1952 5855 Matth.
2001 5816 2106 5863 xw,
2162 5800 2247 5854 18.

1324 5871 1367 5900 ⁹⁹
1399 5870 1586 5924 Matth.
1623 5889 1775 5936 χχιιι,
1801 5875 1891 5927 τι.

2328 5799 2373 5829 ’⁵
2414 5800 2532 5852 Act.
2574 5815 2626 5865 ν,
2669 5794 2809 5853 1-ἰο.
2887 5801 2933 5838 ⁸⁸
2965 5798 3004 5852 ll
3037 5797 3175 5852 Tim.
3212 5814 3283 5861 iv,
3325 5799 3404 5850 ιι.

1960 5873 1972 5901 ¹
2007 5872 2190 5924 Matth.
2231 5885 2301 5923 \‘ll
2326 5909 2339 5934 ,
2377 5869 2484 5923 5-5.
