4036 6440
598 331 737 386 1583

1405 322 1460 377 S.
1503 318 1874 375 ATHANASII
1912 318 2062 373 UPP.
2099 315 2276 371 PARS
2312 315 2399 371 lll.
2440 345 2509 356 -—
2544 312 2948 370 EXEGETICA.

3731 310 3867 367 1581

598 460 720 509 eoat
750 448 955 504 Paulus
982 447 1074 518 qui
1103 445 1180 501 ait
1211 464 1224 500 :
1258 443 1325 499 Id
1365 445 1505 499 enim
1537 448 1675 513 quod
1714 442 1770 496 in
1810 442 2054 511 praesenti
2089 448 2164 494 est

2277 440 2336 494 οὐ
2363 438 2613 492 δύναταί
2642 456 2760 507 μου
2792 432 2943 490 εἶναι
2987 433 3293 505 μαθητής·
3341 433 3470 486 ὅταν
3516 431 3735 503 κελεύῃ
3768 434 3864 485 καὶ

602 551 1016 599 momentaneum
1042 548 1091 594 et
1128 539 1232 593 leve
1263 537 1645 602 tribulationis,
1679 537 1810 588 mire
1855 551 2013 600 supra
2055 550 2166 586 mo-

601 638 727 692 dum
754 646 1004 691 teternum
1034 634 1216 703 gloria:
1238 632 1442 701 pondus
1466 641 1715 699 operatur
1740 629 1818 693 i’;
1850 636 1904 681 et
1936 642 2125 680 rursus
2153 644 2167 680 :

604 728 727 783 Non
776 738 895 782 sunt
945 727 1216 795 condigna:
1261 724 1528 793 passiones
1574 721 1731 789 hujus
1796 720 2041 788 temporis
2098 717 2169 771 ad

602 823 835 889 futuram
870 820 1116 892 gloriam,
1142 833 1259 888 qua:
1289 816 1602 870 revelabitur
1634 814 1691 867 in
1723 814 1869 867 nobis
1900 814 1967 866 ὀ.

2272 528 2440 601 αὐτὴν
2487 529 2767 601 ἐκδοθῆναι
2798 530 2896 600 τὴν
2944 529 3156 599 ψυχήν;
3189 526 3497 582 Διδασκέτω
3537 542 3602 579 σε
3642 523 3865 588 Παῦλος

2273 621 2476 688 λέγων’
2520 620 2590 674 Τὸ
2634 622 2743 689 γὰρ
2788 620 3123 688 παραυτίκα
3149 619 3417 688 ἐλαφρόν
3442 616 3555 684 τῆς
3590 616 3868 685 θλίψεως

2272 712 2402 765 καθ’
2425 710 2766 778 ὑπερϐολὴν
2793 713 2881 777 εὶς
2904 709 3249 778 ὑπερϐολὴν
3274 708 3514 762 αἰώνιον
3526 707 3736 775 ,ϐάρος
3769 706 3868 759 δό-

2274 803 2385 869 ξης
2412 800 2843 871 κατεργάζεταν
2879 801 2971 855 καὶ
3006 800 3197 855 πάλινο
3226 803 3351 855 Οὐκ
3386 799 3533 863 ἄξια
3561 798 3636 851 τὰ
3664 795 3865 863 παθή-

2267 909 2426 962 ματα
2454 891 2560 946 τοῦ
2591 892 2707 946 νῦν
2728 892 2935 960 καιροῦ
2960 892 3109 960 πρὸς
3140 890 3256 959 τὴν
3275 890 3644 961 μέλλουσαν
3670 886 3867 951 δόξαν

2271 987 2502 1040 eiram.)
2510 984 2765 1054 υςρθῆναι
2796 987 2881 1051 είς
2912 983 3087 1055 ἡμᾶς.

1179 1079 1394 1143 Prodit
1427 1096 1506 1140 ex
1538 1087 1679 1141 eoo.
1715 1076 1885 1141 Colb.
1923 1076 2273 1139 membran.
2315 1095 2383 1139 χι
2432 1077 2667 1141 saeculi.
2700 1079 2805 1139 Est
2828 1079 2954 1140 Cat.
2983 1078 3050 1139 in
3076 1075 3291 1140 Matth.

1128 1182 1312 1238 Sancti
1334 1181 1636 1236 Athanasii.

672 1275 958 1347 Propterea
981 1274 1099 1329 dico
1130 1276 1270 1329 vobis
1293 1315 1308 1335 ,
1340 1289 1488 1328 omne
1521 1256 1793 1343 peccatum
1830 1282 1879 1326 et
1924 1271 2168 1339 blasphe-

603 1370 710 1422 mia
734 1369 1029 1421 remittetur
1065 1365 1384 1428 hominibus,
1413 1364 1502 1417 sed
1546 1363 1869 1433 blasphemia
1913 1363 1968 1415 in
2006 1360 2173 1431 Spiri-

605 1472 711 1515 tum
744 1477 847 1514 non
889 1460 1186 1513 remittetur
1220 1456 1346 1508 illis.
1387 1453 1456 1506 Et
1489 1454 1781 1524 quicunque
1819 1453 2013 1505 dixerit
2054 1468 2171 1506 rer-

601 1548 722 1601 bum
758 1559 939 1600 contra
972 1544 1173 1598 Filium
1219 1542 1473 1604 hominis,
1504 1544 1799 1593 remittetur
1823 1542 1871 1593 ei
1899 1558 1916 1593 :
1954 1542 2044 1610 qui
2079 1558 2175 1594 au-

602 1653 702 1694 tem
749 1639 943 1692 dixerit
973 1638 1179 1691 uerbum
1226 1644 1409 1688 contra
1454 1631 1715 1702 Spiritum
1771 1643 2034 1696 sanctum,
2074 1648 2177 1686 non

601 1729 898 1782 remittetur
923 1727 972 1781 ei
1003 1741 1163 1795 neque
1191 1725 1245 1777 in
1269 1724 1363 1777 hoc
1389 1723 1602 1788 steculo,
1632 1738 1793 1791 neque
1819 1722 1872 1774 in
1902 1722 2082 1791 futuro
2106 1722 2173 1778 ".

601 1818 702 1877 Hic
737 1820 980 1890 apposite
1024 1816 1266 1887 Apostoli
1309 1816 1512 1870 dictum
1567 1812 1917 1884 proferatur:
1969 1812 2176 1866 Littera

2622 1180 2731 1250 (21)
2766 1178 2875 1235 Τοῦ
2903 1180 3075 1249 ἁγίου
3116 1182 3490 1235 Ἀθανασιου.

2342 1273 2446 1327 Διὰ
2486 1273 2658 1327 τοῦτο
2707 1272 2862 1341 ,λέγω
2894 1270 3068 1341 ὑμῖν,
3120 1271 3209 1324 ὅτι
3236 1269 3406 1326 πᾶσα
3450 1269 3721 1339 ἁμαρτία
3766 1269 3865 1323 και

2268 1364 2633 1433 βλασφημία
2652 1360 3013 1431 ἀφεθήσεται
3034 1360 3156 1426 τοῖς
3182 1358 3515 1428 ἀνθρώποις
3534 1374 3549 1386 ο
3587 1358 3629 1425 ἠ
3656 1356 3733 1409 δὲ
3756 1356 3866 1410 τοῦ

2273 1457 2618 1523 Πνεὺματος
2647 1454 3009 1524 βλασφημία
3045 1455 3155 1506 οὐκ
3206 1450 3578 1521 ἀφεθήσεται
3630 1449 3864 1515 αὐτοῖς.

2271 1546 2380 1600 Καὶ
2415 1545 2483 1611 ὃς
2515 1546 2624 1598 ἐὰν
2669 1544 2809 1611 εἴπῃ
2854 1546 3040 1614 λόγον
3071 1544 3219 1597 κατὰ
3263 1542 3367 1596 τοῦ
3400 1542 3539 1595 Υἱοῦ
3589 1540 3704 1594 τοῦ
3762 1542 3869 1594 ἀν·-

2274 1638 2508 1707 θρώπου
2535 1680 2548 1703 ,
2579 1636 2940 1705 ἀφεθήσεται
2978 1634 3135 1701 αὐτῷ
3154 1650 3167 1663 ’
3201 1634 3270 1700 ὃς
3299 1634 3351 1686 δ’
3394 1632 3473 1687 ἂν
3502 1632 3651 1701 clari
3676 1635 3871 1702 ,λόγον

2275 1731 2423 1783 κατὰ
2452 1730 2558 1784 τοῦ
2584 1730 2927 1797 Πνεύματος
2949 1728 3142 1796 ἁγίου,
3165 1728 3276 1780 οὐκ
3304 1724 3681 1795 ἀφεθήσεται
3708 1725 3872 1791 αὖτῷ

2274 1818 2412 1871 οὔτε
2439 1818 2508 1871 ἐν
2544 1816 2622 1883 τῷ
2654 1817 2770 1871 νῦν
2800 1815 2967 1871 αἰῶνι
2997 1816 3135 1869 οὔτε
3156 1815 3225 1868 ἐν
3250 1814 3330 1881 τῷ
3372 1815 3702 1885 μέλλοντι.
3755 1815 3871 1868 Ἐν-

599 1914 812 1977 occidit,
843 1911 1073 1982 Spiritus
1109 1919 1281 1963 autem
1326 1908 1645 1977 rivi/ient“.
1696 1905 1864 1960 Multa
1906 1906 2170 1976 siquidem

2278 1908 2452 1963 ταῦθα
2514 1908 2674 1962 καλὸν
2723 1908 2784 1960 τὸ
2833 1907 2929 1960 τοῦ
2971 1904 3295 1959 Ἀποστόλου
3355 1909 3566 1959 εἰπεῖν’
3640 1908 3730 1960 ὅτι
3802 1906 3873 1962 Τὸ

602 2006 914 2061 divinarum
939 2000 1347 2069 Scripturarum
1384 2000 1499 2053 loca
1528 1998 1575 2054 si
1610 1998 1909 2053 secundum
1940 1997 2173 2053 litteram

602 2097 986 2167 intelligamus,
1019 2095 1073 2147 in
1125 2092 1389 2147 nefandas
1443 2090 1812 2160 blasphemias
1861 2089 2175 2156 incidimus,

602 2191 910 2265 cuiusmodi
948 2197 1078 2244 sunt
1104 2201 1225 2257 quae
1268 2185 1426 2239 nobis
1456 2200 1601 2239 nunc
1647 2193 2027 2254 proponuntur
2070 2184 2177 2237 Do-

602 2285 736 2338 mini
769 2282 967 2346 verba;
1000 2293 1119 2349 quae
1150 2277 1195 2333 si
1241 2276 1540 2332 secundum
1586 2276 1758 2329 nudas
1787 2274 2055 2329 dictiones
2084 2290 2178 2328 ex-

598 2376 888 2447 cipiamus,
929 2388 1038 2428 non
1072 2370 1247 2426 solum
1282 2369 1335 2423 in
1390 2366 1653 2421 nefandas
1696 2367 2003 2421 dilabemur
2035 2367 2180 2436 cogi-

520 2500 527 2533 ;
600 2470 860 2533 lationes,
895 2465 989 2520 sed
1017 2464 1181 2518 etiam
1215 2461 1393 2531 ipsum
1430 2459 1722 2514 Dominum
1755 2460 1861 2514 sibi
1900 2458 2178 2513 adversari

597 2558 1085 2630 deprchendemus.
1127 2552 1371 2620 Namque
1414 2552 1459 2607 si
1508 2553 1803 2622 quicunque
1836 2552 2027 2605 dixerit
2062 2567 2177 2604 uer-

598 2656 721 2705 bum
767 2659 951 2703 contra
1000 2644 1200 2698 Filium
1237 2644 1496 2705 hominis,
1558 2642 1853 2693 remittetur
1902 2642 1983 2703 ei;
2036 2653 2177 2709 quo-

598 2743 759 2799 modo
805 2742 947 2795 idem
996 2737 1169 2790 Filius
1214 2736 1387 2789 dixit:
1419 2732 1523 2798 Qui
1571 2748 1652 2785 me
1693 2733 1957 2801 negaverit
1996 2748 2175 2784 coram

598 2831 918 2890 hominibus,
937 2826 1134 2898 negabo
1152 2842 1270 2880 eum
1299 2840 1477 2879 coram
1500 2822 1697 2893 angelis
1720 2820 1815 2875 Dei
1833 2822 1879 2853 "
1900 2822 1923 2875 ?
1948 2820 2014 2876 Et
2050 2836 2177 2875 rur-

599 2943 724 2989 sus,
756 2926 804 2980 si
831 2937 994 2977 omne
1041 2928 1325 2991 peccatum
1372 2924 1428 2971 ct
1481 2916 1821 2985 blasphemia
1870 2914 2176 2968 remittetur

599 3016 934 3079 hominibus,
964 3011 1240 3083 quomodo
1259 3018 1312 3064 et
1340 3010 1407 3063 de
1421 3009 1595 3063 otioso
1611 3008 1776 3061 verbo
1801 3006 2063 3061 rationem
2085 3022 2179 3061 sua

598 3123 719 3163 mus
750 3103 1012 3159 reddituri
1031 3102 1075 3133 “
1092 3102 1115 3153 ?
1135 3098 1407 3169 quomodo
1424 3099 1515 3168 qui
1540 3098 1670 3151 dicit
1691 3096 1842 3151 fratri
1864 3112 1988 3160 suo,
2007 3094 2173 3162 fatue,

598 3212 725 3252 reus
742 3195 842 3250 erit
858 3195 1116 3265 gehennae
1143 3192 1281 3261 ignis
1298 3191 1342 3220 ’⁵
1362 3189 1383 3243 ?
1405 3190 1680 3259 quomodo
1698 3188 1822 3241 item
1839 3186 2040 3240 Paulus
2064 3187 2170 3239 ait:

2279 2000 2513 2072 γράμμα
2536 2001 2891 2067 ἀποκτείνει,
2915 1998 2981 2054 τὸ
3011 1998 3079 2053 δὲ
3100 1998 3344 2069 Πνεῦμα
3370 1997 3663 2059 ζωοποιεῖ.
3689 1998 3875 2053 nam

2277 2094 2385 2165 γὰρ
2418 2094 2523 2146 τῶν
2552 2093 2709 2147 θείων
2742 2092 2973 2166 Γραφῶν
3006 2091 3100 2145 ἐὰν
3121 2090 3261 2145 κατὰ
3292 2090 3351 2144 τὸ
3382 2091 3627 2161 γράμμα
3666 2093 3875 2162 νοήσω-

2283 2204 2379 2256 μεν
2402 2226 2416 2250 ,
2446 2188 2523 2250 εἰς
2554 2187 2823 2258 ἀθέσμους
2853 2184 3197 2257 βλασφημίας
3226 2182 3683 2255 περιπεσούμεθα
3702 2198 3718 2212 ·
3763 2177 3875 2236 οἷον

2279 2278 2395 2329 ὲστι
2421 2278 2515 2331 καὶ
2543 2277 2604 2330 τὸ
2642 2278 2736 2331 νῦν
2764 2277 3120 2350 προκείμενον
3144 2275 3237 2329 τοῦ
3265 2275 3472 2347 Κυρίου
3514 2275 3707 2344 λόγιον
3726 2288 3743 2302 ·
3781 2274 3875 2327 ἐὰν

2280 2368 2389 2441 γὰρ
2430 2370 2571 2423 κατὰ
2610 2370 2773 2440 ξηροῦ
2816 2372 2914 2435 τὰς
2957 2370 3132 2437 λέξεις
3182 2367 3526 2439 ἐκλάϐωμεν,
3585 2368 3650 2420 οὐ
3711 2367 3877 2437 μόνον

2278 2464 2358 2526 εἷς
2406 2462 2696 2532 ἀθεμίτους
2746 2462 2952 2526 ἐννοίας
2993 2460 3533 2531 κατενεχθησόμεθα,
3590 2460 3737 2513 ἀλλὰ
3780 2461 3875 2512 καὶ

2278 2555 2440 2607 αὑτὸν
2497 2555 2587 2608 τὸν
2655 2553 2857 2626 Κύριον
2911 2548 3318 2622 ἐναντιούμενον
3388 2551 3569 2622 ἑαυτῷ
3638 2552 3875 2621 εὑρήσο-

2283 2664 2400 2717 μεν.
2434 2647 2568 2701 Ἐὰν
2598 2647 2707 2718 γὰρ
2738 2646 2805 2713 ὃς
2830 2647 2968 2715 εἴπῃ
3001 2645 3186 2715 ,λόγον
3217 2643 3367 2698 κατὰ
3397 2644 3502 2697 τοῦ
3547 2645 3719 2709 Υιοῦ,
3764 2646 3877 2713 ἀς,

2282 2739 2559 2807 εθήσεται
2602 2739 2790 2805 αὐτῷ·
2850 2740 2966 2803 πῶς
2992 2740 3153 2803 αὐτὸς
3200 2740 3229 2791 ὁ
3263 2738 3391 2803 Υἱὸς
3444 2734 3627 2805 εἶπεν,
3684 2740 3775 2793 ὅτι
3823 2740 3876 2792 ’0

2278 2829 2777 2899 ἁπαρνησάμενος
2827 2830 3013 2883 αὑτὸν
3061 2829 3337 2902 [ἐνώπιον
3362 2829 3481 2883 τῶν
3508 2831 3875 2904 ἀνθράκων]

2276 2921 2763 2993 ἀπαρνηθήσεται
2825 2922 3167 2991 ἔμπροσθεν
3226 2922 3347 2976 τῶν
3413 2922 3693 2993 ἀγγέλων
3767 2924 3877 2978 τοῦ

2280 3015 2463 3080 Θεοῦ;
2523 3017 2633 3070 Καὶ
2692 3015 2851 3070 πάλιν
2910 3015 3005 3069 ἐὰν
3058 3017 3210 3068 πᾶσα
3259 3014 3505 3086 ἁμαρτία
3560 3017 3659 3068 καὶ
3709 3014 3878 3085 βλασ-

2278 3110 2457 3180 φημία
2493 3108 2821 3180 ἀφεθήσεται
2870 3110 2983 3172 τοῖς
3035 3105 3378 3178 ἀνθρώποις,
3424 3104 3543 3169 πῶς
3592 3107 3693 3159 καὶ
3732 3106 3879 3177 ὑπὲρ

2276 3202 2447 3272 ἀργοῦ
2493 3202 2652 3269 λόγου
2694 3201 2987 3268 ἀπολογίαν
3040 3200 3321 3269 δὼσομενς
3355 3199 3472 3262 πῶς
3505 3201 3535 3252 ὁ
3565 3199 3751 3267 λέγων
3800 3199 3879 3269 τῷ

603 3288 784 3343 Nolite
806 3301 983 3340 errare
1013 3298 1031 3336 :
1073 3299 1234 3353 neque
1280 3280 1578 3352 fornicarii,
1612 3295 1773 3349 neque
1796 3277 2047 3341 adulteri,
2081 3293 2169 3330 ne-

2277 3293 2486 3364 ἁδελφῷ
2520 3293 2723 3356 αὑτοῦ,
2772 3291 2945 3364 μωρὲ,
2998 3292 3180 3362 ἔνοχος
3226 3290 3379 3344 ἔσται
3421 3294 3502 3354 εἰς
3548 3291 3654 3361 τὴν
3709 3293 3876 3359 γέεν-

596 3397 693 3451 que
714 3380 924 3441 molles,
963 3393 1123 3445 neque
1157 3374 1425 3439 maledici,
1453 3389 1612 3444 neque
1641 3370 1867 3442 ebriosi,
1888 3386 2053 3441 neque
2080 3386 2170 3422 ra-

597 3487 749 3541 paces
769 3483 983 3538 regnum
1004 3464 1096 3517 Dei
1118 3463 1449 3533 possidebunt
1470 3463 1514 3493 ³⁸
1531 3459 1696 3526 'lQua:
1718 3460 1760 3515 si
1779 3459 1851 3513 ita
1874 3474 1931 3513 se
1948 3457 2168 3519 habent,

597 3562 909 3633 quomodo,
955 3573 1177 3630 qureso,
1221 3572 1383 3611 omne
1418 3564 1701 3624 peccatum
1739 3563 1793 3607 et
1833 3550 2169 3621 blasphemia

2271 3402 2367 3439 ναν
2398 3384 2491 3439 τοῦ
2520 3384 2719 3455 πυρύςς
2775 3382 2890 3446 πῶς
2917 3381 2974 3435 δέ
3003 3398 3136 3451 φησι
3166 3381 3261 3433 καὶ
3289 3380 3502 3444 Παῦλος
3522 3397 3537 3411 ·
3585 3381 3690 3448 Μὴ
3721 3386 3879 3435 πλα-

2269 3478 2486 3533 νᾶσθε·
2540 3478 2675 3531 οὔτε
2716 3476 2962 3544 πόρνοι,
2995 3475 3136 3528 οὔτε
3183 3473 3423 3544 μοιχοὶ,
3477 3472 3622 3526 οὔτε
3677 3477 3879 3541 μαλα-

2272 3569 2399 3633 κοὶ,
2446 3570 2518 3621 οὐ
2586 3566 2887 3635 λοίδοροι,
2938 3567 3011 3619 οὐ
3063 3565 3351 3635 μέθυσοι,
3408 3568 3524 3634 οὐχ
3577 3565 3876 3637 ἅρπαγες.

598 3656 904 3711 remittetur
941 3650 1287 3706 hominibus?
1336 3647 1709 3716 Rursumque,
1743 3645 1788 3700 si
1821 3660 2009 3698 verum
2038 3642 2169 3696 illud

2277 3660 2597 3723 βασιλείαν
2654 3656 2802 3711 Θεοῦ
2851 3658 2922 3710 οὐ
2961 3656 3049 3726 μὴ
3105 3654 3679 3726 κληρονομήσουσι;
3752 3658 3868 3710 Καὶ

596 3758 700 3814 est,
727 3765 825 3803 cur
856 3747 1021 3801 miser
1056 3752 1346 3799 accusatur
1375 3739 1661 3811 Origenes,
1691 3738 1837 3810 quod
1874 3737 2035 3792 linem
2072 3737 2171 3790 ali-

597 3855 761 3910 quem
798 3851 1085 3908 ptenarum
1132 3835 1459 3896 consumat;
1510 3848 1576 3886 ac
1620 3830 1837 3886 tandem
1882 3830 2171 3886 remissio-

598 3947 723 3987 nem
758 3931 1010 3984 omnium
1066 3935 1440 3997 peccatorum,
1492 3923 1809 3978 hominibus
1861 3924 2066 3993 pariter
2119 3930 2173 3975 ct

598 4021 938 4077 daemonibus
972 4034 1003 4073 a
1032 4017 1142 4072 Deo
1179 4016 1580 4072 concedendam
1616 4014 1905 4085 praedicet?
1943 4013 2094 4079 Item,
2125 4013 2169 4066 si

601 4113 935 4183 blasphemia
972 4112 1025 4165 in
1068 4110 1329 4181 Spiritum
1357 4116 1608 4163 sanctum
1641 4105 2019 4161 remissionem
2061 4121 2169 4159 non

600 4208 792 4271 habet,
841 4205 971 4276 quid
1001 4204 1249 4275 queritur
1288 4201 1527 4256 Ecclesia
1574 4198 1845 4253 Novatum
1894 4198 2169 4268 pcnniten-

599 4302 730 4354 tiam
762 4295 1051 4367 reiecisse?
1076 4293 1209 4348 lllud
1240 4304 1419 4346 autem
1465 4293 1754 4346 obscurius
1794 4301 1848 4345 et
1889 4288 2172 4343 difﬁcilius

598 4391 873 4446 intellectu
930 4397 1044 4453 est,
1096 4388 1279 4458 quod,
1333 4386 1424 4455 qui
1476 4385 1674 4439 dixerit
1719 4384 1947 4439 verbum
1984 4392 2171 4436 contra

600 4481 796 4535 Filium
826 4481 1127 4535 remittetur
1143 4479 1219 4546 ei;
1245 4478 1336 4548 qui
1361 4493 1490 4530 vero
1520 4478 1716 4531 dixerit
1744 4476 1962 4531 verbum
1991 4486 2172 4529 contra

597 4574 863 4647 Spiritum
901 4580 1147 4626 sanctum
1183 4585 1287 4623 non
1321 4570 1628 4622 remittetur
1665 4567 1746 4631 ei,
1796 4566 1867 4619 ita
1900 4576 1958 4620 ut
1995 4566 2174 4618 minor

2273 3754 2320 3804 εἰ
2369 3751 2539 3804 ταῦτα
2586 3750 2754 3811 οὕτως
2804 3747 2936 3817 ἕχει,
2976 3747 3091 3811 πῶς
3136 3747 3341 3809 λοιπὴν,
3380 3747 3505 3799 ειπὲ
3552 3764 3668 3815 μοι,
3715 3750 3877 3801 πᾶσα

2272 3840 2514 3912 ἁμαρτία
2546 3840 2638 3891 κοιλ⁸
2669 3836 2985 3908 βλασφημία
3016 3836 3350 3907 ἀφεθήσεται
3370 3838 3485 3898 τοῖς
3507 3834 3832 3907 ἀνθρώποις
3858 3855 3873 3897 ;

2273 3932 2383 3985 Καὶ
2416 3931 2511 3983 ἐὰν
2546 3929 2707 3984 πάλιν
2748 3929 2905 3983 τοῦτο
2934 3928 3151 4000 ἀληθὲς,
3186 3928 3274 3981 διὰ
3303 3928 3355 3981 τί
3384 3927 3575 3981 λοιπὸν
3610 3928 3875 3996 ἐγκαλεῖ.

2271 4042 2361 4077 ται
2390 4025 2418 4076 ὁ
2448 4024 2627 4083 ἄθλιος
2675 4023 2976 4094 Ὠριγένης,
3018 4022 3171 4085 τέλος
3224 4020 3508 4092 κηρύττων
3556 4020 3662 4090 τῆς
3707 4020 3875 4074 κολά-

2275 4134 2432 4180 σεως,
2457 4117 2531 4179 ὼς
2562 4114 2908 4187 συγχώρησιν
2953 4114 3133 4185 πάσης
3173 4113 3451 4184 ἁμαρτίας
3485 4112 3749 4180 γενέσθαι
3778 4113 3875 4167 καὶ

2273 4213 2384 4273 τοῖς
2423 4208 2729 4280 ἀνθρώποις
2781 4209 2875 4261 καὶ
2911 4211 3022 4271 τοῖς
3054 4206 3271 4277 δαίμοσι
3302 4206 3453 4278 παρά
3491 4206 3666 4271 Θεοῦ;
3700 4208 3877 4262 Πάλιν

2273 4302 2329 4355 δὲ
2359 4303 2454 4355 ἐὰν
2482 4304 2515 4372 ἡ
2548 4303 2628 4364 εἰς
2653 4302 2715 4353 τὸ
2748 4301 2973 4371 Πνεῦμα
2999 4301 3058 4353 τὸ
3082 4300 3235 4368 ἆγιον
3272 4299 3596 4371 βλασφημία
3627 4300 3731 4353 οὐκ
3759 4302 3875 4371 ἔχει

2276 4393 2641 4464 συγχώρησιν,
2678 4394 2731 4445 τί
2760 4395 3033 4465 μέμφεται
3067 4396 3099 4466 ἡ
3130 4392 3423 4464 Ἐκκλησία
3451 4394 3710 4449 Ναυάτον
3732 4396 3873 4447 ἀπο-

2277 4484 2603 4553 ϐαλλόμενον
2632 4484 2727 4556 τὴν
2756 4486 3077 4555 μετάνοιαν;
3112 4485 3185 4538 Τὸ
3238 4485 3295 4538 δὲ
3330 4487 3742 4556 σκοτεινότερον
3778 4488 3875 4541 καὶ

2275 4575 2720 4647 δυσκατάληπτον
2750 4577 2923 4629 ἐκεῖνὸ
2950 4578 3116 4639 ἐστιν,
3136 4578 3215 4629 ὅτι
3236 4576 3295 4639 ὃς
3326 4576 3391 4628 ἂν
3423 4575 3553 4645 εἴπῃ
3584 4574 3747 4645 λόγον
3776 4595 3875 4630 και

594 4670 845 4723 videatur
874 4661 1043 4717 Filius
1076 4676 1195 4716 esse
1229 4660 1435 4730 Spiritu
1475 4667 1664 4714 sancto
1708 4668 1762 4712 et
1805 4658 1987 4711 Patre.
2024 4656 2167 4723 Quid

2278 4666 2345 4718 τὰ
2380 4667 2474 4719 τοῦ
2516 4667 2669 4731 Υἰοῦ,
2702 4667 3034 4737 ἀφεθήσεται
3067 4666 3243 4737 αὐτῷ’
3274 4667 3333 4729 ὂς
3366 4666 3412 4719 δ’
3447 4665 3515 4719 ἃν
3549 4667 3682 4737 εἴπῃ
3714 4666 3874 4734 λόγον

592 4778 721 4833 ergo
750 4756 993 4815 nefarios
1028 4754 1261 4808 Arianos
1300 4753 1598 4821 rejicimns.
1627 4750 1721 4819 qui
1748 4750 1949 4803 Filium
1980 4752 2173 4804 volunt

2277 4760 2417 4812 κατὰ
2460 4760 2553 4812 τοῦ
2604 4760 2937 4830 Πνεύματος,
2976 4761 3076 4814 οὐκ
3138 4760 3471 4830 ἀφεθήσεται
3507 4758 3697 4829 αὐτῷ’
3729 4759 3873 4812 ὥστε

591 4868 712 4908 esse
762 4848 1079 4905 inferiorem
1138 4854 1192 4898 et
1248 4844 1518 4896 minorem
1562 4841 1822 4911 Spiritu?
1874 4840 1987 4895 Cur
2043 4857 2171 4906 ergit

2277 4849 2514 4902 ὲλάττων
2550 4851 2696 4903 ἐστὶν
2725 4853 2753 4903 ὁ
2782 4851 2908 4915 Υἱὸς
2936 4853 3087 4923 παρὰ
3111 4850 3169 4905 τὸ
3203 4849 3426 4920 Πνεῦμα
3457 4849 3553 4902 καὶ
3579 4849 3676 4902 τὸν
3701 4849 3875 4903 Πατέ-

596 4944 764 4999 Ftlius
814 4943 947 4996 dicit
997 4956 1010 4992 :
1064 4936 1171 5006 Ego
1204 4945 1252 4989 et
1301 4933 1461 4987 Pater
1513 4951 1676 4987 unum
1723 4951 1904 4987 sumus
1937 4936 2013 5000 ¹⁷;
2062 4944 2167 4988 et:

2282 4959 2366 5012 ρα.
2418 4944 2527 4994 Καί
2569 4943 2620 4995 τί
2667 4943 2850 4995 λοιπὸν
2914 4940 3331 5013 ἀπὸαλλὸμεθα
3389 4944 3517 5004 τοὺς
3582 4944 3869 5011 μυσαροῦς

594 5034 697 5100 Qui
734 5050 834 5087 non
868 5033 1095 5086 honorat
1128 5026 1349 5094 Filium,
1377 5043 1475 5079 non
1510 5025 1734 5079 honorat
1765 5034 1813 5078 et
1852 5024 2073 5078 Patrem
2097 5026 2165 5088 "‘;

2292 5034 2620 5104 Ἀρειανοῦς,
2651 5036 2777 5097 τοὺς
2820 5035 3215 5104 σμικρύνοντας
3260 5034 3354 5087 καὶ
3396 5032 3873 5098 καταϐιϐἀζοντας

593 5130 827 5197 itemque
858 5128 948 5181 hic
983 5125 1056 5179 ait
1095 5137 1107 5172 :
1138 5121 1442 5190 Quicunque
1470 5119 1667 5172 dixerit
1721 5122 1929 5172 verbum
1981 5126 2165 5170 contra

2277 5126 2364 5178 τὸν
2399 5126 2527 5178 Υἱὸν
2579 5127 2731 5197 παρὰ
2769 5129 2829 5179 τὸ
2861 5127 3114 5197 Πνεῦμα;
3158 5126 3268 5180 Καὶ
3312 5125 3430 5190 πῶς
3460 5128 3490 5179 ὁ
3525 5126 3653 5189 Υἱὸς
3683 5127 3833 5193 λέγει
3856 5144 3871 5154 ·

594 5219 817 5283 Filium,
847 5220 1144 5273 remittetur
1172 5214 1220 5266 ei
1252 5212 1335 5265 "'3
1366 5210 1505 5266 Num
1568 5211 1905 5280 blasphemia
1958 5210 2012 5263 in
2067 5209 2163 5263 Fi—

590 5315 722 5367 lium
757 5310 1056 5366 condonata
1091 5320 1172 5365 est
1209 5305 1449 5370 Arianis,
1495 5302 1853 5367 Simunianis,
1882 5303 2155 5358 Sabellia-

590 5419 695 5467 nis,
746 5402 1127 5469 Photinianis,
1171 5398 1498 5465 ueterisque
1533 5396 1829 5458 omnibus,
1875 5396 1966 5465 qui
2015 5396 2163 5449 blas-

662 5515 703 5546 “
740 5513 775 5567 ll
808 5514 932 5568 Cor.
969 5529 1043 5577 tv,
1080 5516 1164 5567 l7.

590 5601 690 5647 xtl,
720 5584 807 5638 36.

1242 5511 1293 5545 ιο
1324 5508 1479 5561 nnm.
1511 5526 1602 5562 vni
1628 5549 1641 5567 ,
1676 5508 1760 5561 18.
1839 5510 1879 5539 ²¹
1910 5508 2094 5561 Matth.
2135 5526 2227 5575 xtl,
2270 5510 2358 5577 5|,
2386 5515 2473 5567 52.

884 5587 925 5616 ’³
953 5584 1135 5638 Matth.
1165 5602 1214 5650 v,
1240 5581 1334 5638 Ξέ.
1414 5582 1457 5611 ’⁸
1492 5580 1506 5633 Ι
1540 5582 1662 5634 Cor.
1701 5596 1773 5645 vr,
1809 5581 1893 5633 10.
1979 5578 2179 5632 "Joan

2287 5624 2299 5645 ,
2344 5584 2430 5638 50.
2505 5586 2549 5617 ’⁸
2583 5586 2739 5642 Juan.
2772 5606 2819 5650 ν,
2853 5590 2943 5642 ‘25.
3028 5590 3071 5621 "
3103 5588 3291 5644 Matth.
3338 5578 3435 5653 xu,
3471 5588 3561 5642 52.

2286 5218 2431 5285 Ἐγὼ
2460 5220 2555 5272 καὶ
2579 5222 2611 5272 ό
2640 5220 2841 5287 Πατὴρ
2874 5220 2942 5273 ἓν
2971 5220 3158 5289 ἐσμεν
3179 5236 3191 5248 ·
3230 5221 3341 5283 καὶ,
3360 5221 3414 5273 ’0
3438 5218 3524 5288 μή
3550 5218 3738 5289 τιμῶν
3762 5220 3872 5271 τίν

2282 5307 2419 5361 Υὶὸν
2452 5312 2523 5363 οὐ
2548 5310 2685 5379 τιμᾷ
2724 5311 2829 5363 τὸν
2854 5312 3118 5380 Πατέρα⁶
3155 5312 3250 5366 καὶ
3295 5310 3457 5364 πάλιν
3498 5310 3739 5365 ἐνταῦθα
3762 5326 3869 5378 φη·-

2275 5417 2356 5452 σιν
2376 5417 2388 5430 ·
2429 5403 2524 5467 Ὃς
2553 5401 2630 5455 ἂν
2658 5403 2798 5469 εἴπῃ
2836 5404 3022 5473 λόγον
3049 5402 3198 5458 κατὰ
3236 5401 3342 5456 τοῦ
3368 5402 3532 5465 Υίοῦ,
3565 5402 3871 5471 ἀφεθήσε-

2559 5518 2601 5545 "
2632 5516 2820 5571 llCor.
2854 5534 2935 5574 ιιι.
2963 5518 3015 5571 6.
3101 5518 3145 5549 ³³
3167 5515 3301 5572 Luc.
3336 5535 3435 5585 xu,
3464 5518 3519 5572 9.
3598 5518 3644 5549 "
3670 5517 3865 5573 Matth.

661 5696 770 5764 (ξι)
804 5694 883 5750 Ex
910 5697 1028 5749 cod.
1066 5695 1219 5751 Colb.
1252 5693 1417 5755 25H,
1454 5692 1544 5762 qui
1588 5700 1669 5747 cst
1726 5701 1912 5746 catena
1982 5695 2034 5744 in
2084 5692 2412 5750 ltuit/urunt.
2449 5697 2504 5753 In
2550 5700 2709 5755 editis
2746 5718 2964 5773 quoque
3007 5713 3321 5774 comparet,
3377 5702 3469 5759 sed
3517 5716 3717 5772 magna
3775 5698 3862 5755 sui

592 5780 744 5837 parte
784 5775 1107 5820 truncatum.
