4036 6446
185 382 211 435 ‘l
225 382 333 438 585

1304 380 1723 437 FRAGMENTA
1766 375 1830 431 IN
1872 378 2303 435 MATTH/EUM.

3281 380 3420 437 1586

181 522 287 560 ται
322 504 517 569 abte};
572 504 687 577 Δρα
707 500 817 567 οὖν,
850 506 968 559 εἰπέ
1002 524 1110 575 μοι,
1141 509 1174 577 ἡ
1203 508 1280 569 εἰς
1312 507 1401 559 τὸν
1430 505 1554 557 Υἱὸν
1590 503 1753 573 βλασ-

1869 501 2101 569 phemias
2160 500 2212 554 in
2282 500 2481 555 Christi
2543 498 2973 556 incarnationem
3043 500 3421 569 protulerunt?

184 598 373 669 φημία
414 597 889 669 συγχωρηθήσεται
921 602 1031 662 τοῖς
1072 601 1383 672 Ἀρειανοῖς,
1435 601 1527 653 καὶ
1577 601 1757 669 Σιμω-

181 692 411 752 νιανοῖς,
444 689 537 742 καὶ
562 689 951 755 Σαϐελλιανοῖς,
978 691 1071 744 καὶ
1093 694 1483 757 Φωτεινιανοῖς,
1515 694 1609 746 καὶ
1644 696 1757 756 τοῖς

182 778 395 843 λοιποῖς
426 782 558 833 πᾶσι
584 783 695 844 τοῖς
718 783 796 844 είς
816 782 911 852 τὴν
938 782 1030 843 τοῦ
1060 784 1187 836 Υίοῦ
1216 786 1487 856 σάρκωσιν
1518 784 1759 853 βλασφη-

188 875 465 942 μήσασινὶ
506 875 719 943 Ἄπαγε
762 878 863 948 τῆς
894 879 1140 944 ἀτοπίας.
1188 882 1251 933 Εἰ
1283 882 1391 950 γὰρ
1431 884 1458 934 ὁ
1484 882 1655 948 λέγων
1684 880 1761 950 τῷ

184 965 405 1036 ἁδελφῷ
433 966 618 1030 αὐτοῦ,
650 969 845 1040 Μωρὲ,
875 969 1053 1040 ἔνοχός
1080 973 1225 1025 ἐστιν
1272 976 1350 1037 εἰς
1397 974 1495 1045 τὴν
1538 973 1761 1040 γέενναν

181 1060 284 1109 τοῦ
314 1057 502 1128 πυρὸς,
532 1060 611 1121 είς
640 1059 795 1113 ποίαν
830 1060 1029 1126 λοιπὸν,
1062 1064 1183 1117 εἰπέ
1218 1082 1328 1135 μοι,
1358 1064 1581 1133 γέενναν
1610 1063 1760 1130 γεέν-

184 1166 291 1219 νης
332 1150 724 1221 ἐκϐληθήσεται
754 1154 782 1205 ὁ
814 1153 984 1221 λέγων
1014 1154 1105 1208 τὸν
1146 1156 1278 1209 Θεὸν
1329 1155 1491 1208 αὑτοῦ
1534 1155 1758 1225 κτίσμα,

186 1243 288 1293 καὶ
315 1242 437 1311 οὐχὶ
468 1242 601 1295 Θεοῦ
632 1244 777 1308 Υἱὸν,
814 1245 949 1299 ἀλλά
979 1246 1163 1300 δοῦλον
1210 1248 1305 1300 καὶ
1350 1248 1616 1318 ὑπουργὸν
1667 1248 1762 1301 καὶ

188 1335 423 1406 μικρόνς
453 1337 560 1389 Καὶ
585 1338 631 1389 εί
663 1337 809 1401 ὅστις
842 1338 969 1411 εἴπῃ
994 1340 1148 1407 λόγον
1176 1342 1316 1393 κατὰ
1340 1339 1433 1393 τοῦ
1469 1339 1622 1402 Υίοῠ,
1661 1342 1763 1408 ἀφ-

186 1426 446 1496 εθήσεται
480 1428 648 1497 αύτῷ,
688 1429 804 1492 πῶς
831 1431 991 1493 αὐτὸς
1028 1433 1056 1483 ὁ
1087 1431 1211 1495 Υἱὸς
1256 1428 1427 1495 εἶπεν,
1475 1432 1555 1485 ὅτι
1592 1432 1645 1484 '0
1674 1430 1761 1500 μὴ

185 1517 426 1587 τρώγων
445 1537 563 1588 μου
588 1520 699 1587 τὴν
719 1520 933 1590 σάρκα,
958 1521 1057 1575 καὶ
1079 1524 1164 1592 μὴ
1195 1526 1384 1577 πίνων
1405 1542 1524 1593 μου
1563 1523 1628 1577 τὸ
1672 1518 1763 1577 αἶ-

180 1625 297 1676 μα,
322 1611 433 1663 οὐκ
456 1611 579 1679 ἔχει
601 1609 753 1678 ζωὴν
785 1611 1053 1676 didii-tor;
1080 1614 1204 1678 Πῶς
1225 1615 1282 1668 δὲ
1305 1616 1397 1669 καὶ
1415 1614 1636 1668 δύναταί
1657 1632 1761 1681 τις,

186 1699 476 1770 ἀτιμάζων
524 1702 614 1754 τὸν
662 1703 808 1765 Υίὸν,
848 1706 920 1775 μὴ
970 1706 1307 1778 βλασφημεῖν
1353 1709 1431 1769 εἰς
1474 1707 1572 1780 τὴν
1604 1707 1764 1775 ἁγίαν

188 1791 435 1863 Τριάδα;
473 1795 529 1848 Ὀ
548 1794 602 1847 δὲ
630 1798 709 1857 είς
748 1796 916 1867 αὐτὴν
957 1798 1290 1870 βλασφημῶν
1317 1800 1556 1869 δηλονότι
1588 1800 1763 1871 ἀπαρ-

188 1888 363 1939 νεῖται
395 1886 454 1938 τὸ
476 1885 627 1953 ἅγιον
659 1888 938 1961 βάπτισμα
958 1906 970 1919 ·
1001 1893 1028 1943 ὁ
1052 1891 1107 1944 δὲ
1134 1890 1289 1943 τοῦτο
1321 1890 1760 1963 ἀπαρνούμενος,

186 1973 256 2025 τὸ
283 1972 505 2043 Πνεῦμα
546 1976 608 2029 τὸ
647 1977 798 2046 ἅγιον
835 1978 1142 2032 ἀποδύεται.
1175 1982 1283 2034 Καὶ
1328 1980 1513 2053 ῶσπερ
1547 1983 1638 2035 ἐπὶ
1668 1980 1763 2034 τοῦ

188 2063 450 2134 αἰσθητοῦ
479 2066 645 2136 ἡλίου,
681 2070 775 2122 ἐὰν
802 2068 898 2139 τὴν
930 2070 1136 2141 θέρμην
1173 2072 1204 2143 ἦ
1241 2074 1339 2144 τὴν
1382 2074 1571 2129 ἀκτῖνα
1601 2073 1762 2126 αὑτοῦ

189 2154 551 2229 καθυσρίσῃς,
596 2159 673 2221 εἰς
718 2159 844 2230 ὃλην
886 2159 985 2231 τὴν
1018 2162 1177 2232 φύσιν
1211 2165 1375 2217 αὑτοῦ
1419 2164 1762 2237 ἁνατρὲχειὴ

192 2245 386 2318 ὕϐρις·
421 2248 592 2311 οὕτως
622 2251 713 2302 καὶ
746 2252 837 2303 ἐπί
860 2252 953 2304 τοῦ
982 2254 1255 2324 τρισηλίου
1283 2258 1380 2326 τῆς
1409 2256 1567 2325 ἁγίας
1596 2254 1766 2326 Τριά-

189 2339 285 2403 ὃος
307 2341 480 2409 φωτὸς
508 2343 598 2394 καὶ
623 2344 917 2415 μυστηρίου
945 2346 977 2416 ἡ
1002 2346 1100 2414 τῆς
1129 2350 1257 2416 μιᾶς
1280 2348 1626 2412 ὑποστάσεως
1646 2352 1763 2404 ἀτι-

195 2432 302 2501 μία
336 2432 529 2496 παντὸς
556 2434 648 2487 τοῦ
684 2437 1042 2508 πληρώματος
1067 2440 1164 2509 τῆς
1192 2439 1439 2509 Οεὸτητός
1471 2444 1616 2495 ἐστιν
1645 2444 1764 2496 ἀτι-

195 2522 319 2592 μία.
360 2524 424 2576 Τί
457 2521 548 2579 οὖν
586 2529 699 2581 ἐστι
740 2529 801 2581 τὸ
844 2529 978 2599 πρὸς
1020 2531 1301 2594 Ἰουδαίους
1344 2532 1653 2603 λεγόμενον,
1683 2537 1763 2588 ὅτι

190 2613 376 2668 Πᾶσα
414 2616 667 2686 ἁμαρτία
717 2619 814 2674 καὶ
851 2622 1213 2691 ,βλασφημία
1277 2625 1399 2690 τοῖς
1439 2628 1766 2694 ἀνθρώποις

192 2706 588 2775 ἀφεθήσεται·
619 2712 685 2777 ὃς
718 2712 769 2765 δ’
800 2711 875 2767 ἂν
908 2714 1046 2783 εἴπῃ
1075 2718 1260 2784 λόγον·
1281 2718 1434 2771 κατὰ
1488 2718 1593 2771 τοῦ
1634 2720 1765 2772 Ποῦ

193 2801 307 2855 τοῦ
333 2804 665 2871 ἀνθρώπου,
704 2808 1062 2876 ἀφεθήσεται
1094 2810 1286 2875 αὐτῷ’
1334 2812 1400 2879 ὃς
1432 2812 1483 2865 δ’
1510 2814 1585 2867 ἂν
1625 2815 1765 2881 εἴπῃ

190 2896 385 2963 ,λόγον
403 2897 549 2947 κατὰ
574 2897 678 2950 τοῦ
702 2900 1042 2968 ΙΙνεύματος
1056 2902 1245 2970 ἁγίου,
1272 2904 1383 2956 οὐκ
1400 2903 1765 2970 ἀφεθήσεται

193 2983 359 3048 αὑτῴ
394 2985 530 3037 οὔτε
555 2986 623 3037 ἐν
648 2984 727 3051 τῷ
747 2988 862 3041 νῦν
892 2988 1057 3042 αἰῶνι
1088 2991 1224 3043 οὔτε
1246 2992 1315 3044 ἐν
1346 2992 1424 3056 τῷ
1459 2994 1762 3061 μέλλοντι.

193 3076 483 3145 Νουνεχῶς
523 3076 860 3149 ἀκούσωμεν,
896 3081 988 3132 καὶ
1041 3082 1114 3151 μὴ
1159 3082 1539 3154 πλανηθῶμεν.
1582 3086 1768 3138 Διττὸν

1859 593 2040 662 Apage
2074 593 2214 647 hanc
2250 592 2661 647 absurditatem.
2687 590 2817 646 Nam
2861 593 2907 646 si
2940 592 2987 645 is
3016 594 3109 663 qui
3138 591 3292 647 fratri
3321 610 3422 649 suo

1860 684 2016 747 dicit,
2047 682 2251 745 Fatue,
2301 698 2427 737 reus
2463 694 2547 738 est
2576 684 2835 755 gehennae
2861 684 3033 754 ignis;
3067 685 3303 755 qualem,
3334 687 3423 740 dic

1861 774 1991 827 mibi
2013 817 2027 840 ,
2055 774 2109 826 in
2140 775 2440 844 gehennam
2470 775 2730 843 gehenna:
2760 776 3046 845 projicitur
3078 778 3124 829 is
3145 776 3237 845 qui
3266 775 3421 830 aﬂir-

1861 878 1971 922 mat
2007 866 2173 923 Deum
2210 884 2371 923 suum
2412 877 2719 923 creaturam
2751 884 2908 932 esse;
2950 883 3060 922 non
3085 868 3279 922 Filium
3305 868 3423 934 Dei,

1861 959 1955 1015 sed
1996 975 2249 1025 servum,
2298 960 2392 1015 sed
2440 960 2858 1023 administrum,
2890 971 2944 1016 ct
2983 961 3247 1030 parvum?
3281 960 3346 1014 Et
3377 962 3425 1016 si

1861 1053 1953 1120 qui
2003 1052 2202 1105 dixerit
2254 1051 2477 1111 verbum
2519 1062 2703 1106 contra
2740 1051 2937 1106 Filium
2961 1094 2976 1119 ,
3012 1053 3313 1107 remittetur
3336 1054 3421 1118 ei;

1861 1142 2133 1213 quomodo
2165 1142 2279 1211 ipse
2308 1141 2479 1196 Filius
2501 1142 2637 1196 divit
2656 1160 2668 1195 :
2690 1143 2793 1207 Qui
2824 1158 2922 1195 non
2945 1143 3226 1196 manducet
3253 1159 3423 1196 meam

1860 1250 2090 1299 carnem,
2122 1249 2210 1286 nec
2240 1232 2365 1286 bibit
2402 1249 2573 1286 meum
2614 1236 2938 1303 sanguinem,
2975 1250 3080 1287 non
3106 1234 3310 1288 habebit
3345 1237 3423 1288 vi—

1864 1339 1973 1383 tam
2017 1338 2267 1381 retentam
2299 1325 2382 1377 3°?
2414 1326 2522 1380 Aut
2544 1326 2661 1395 qui,
2691 1341 2898 1394 quaeso,
2931 1326 3107 1395 possit
3142 1326 3235 1395 qui
3271 1327 3427 1397 igno-

1861 1420 2031 1475 minia
2068 1418 2235 1474 afﬁcit
2276 1417 2471 1472 Filium
2492 1460 2506 1485 ,
2540 1433 2647 1472 non
2681 1418 3057 1487 blasphemare
3091 1419 3145 1472 in
3176 1430 3424 1473 sanctam

1864 1513 2215 1568 Trinitatem?
2263 1510 2368 1576 Qui
2402 1526 2530 1565 vero
2562 1511 2615 1564 in
2659 1524 2779 1564 eam
2810 1509 3129 1579 blasphema
3180 1508 3333 1576 dicit,
3378 1510 3426 1567 is

1863 1604 2006 1659 haud
2063 1602 2227 1656 dubie
2272 1602 2505 1669 abnegat
2557 1606 2806 1654 sanctum
2856 1600 3158 1668 baptisma;
3220 1615 3284 1655 ac
3327 1601 3420 1670 qui

1863 1697 2195 1765 baptismum
2219 1702 2401 1763 negat,
2430 1691 2673 1763 profecto
2689 1692 2951 1762 Spiritum
2975 1702 3222 1747 sanctum
3247 1694 3414 1748 exuit.

1868 1787 1932 1841 Et
1957 1785 2413 1857 quemadmodum
2458 1784 2513 1837 in
2565 1784 2680 1838 sole
2710 1784 2815 1839 isto
2846 1784 3129 1845 sensibili,
3167 1784 3213 1838 si
3250 1787 3418 1841 calori

1868 1879 2101 1934 radiisve
2138 1878 2258 1945 ejus
2297 1876 2683 1931 contumeliam
2722 1873 2916 1931 feceris
2937 1917 2951 1941 ,
2980 1876 3035 1928 in
3067 1886 3233 1931 totam
3264 1888 3422 1933 natu-

1870 1987 1985 2026 ram
2018 1970 2151 2025 solis
2186 1967 2378 2023 recidit
2432 1966 2746 2037 hujusmodi
2799 1968 3168 2032 contumelia;
3198 1970 3273 2023 ita
3297 1986 3431 2039 qum

1869 2078 1975 2133 que
2020 2076 2078 2116 se
2123 2076 2210 2115 res
2256 2060 2416 2113 habet
2457 2059 2512 2113 in
2559 2057 2846 2128 trigemino
2885 2059 3001 2113 sole
3048 2059 3331 2116 Trinitatis
3376 2073 3431 2116 et

1868 2153 2110 2225 mysterii
2141 2172 2154 2207 :
2181 2152 2507 2208 contumelia
2560 2148 2614 2203 in
2659 2165 2825 2203 unam
2868 2164 3155 2219 personam
3194 2153 3427 2221 prolata,

1868 2244 2203 2313 blasphemia
2237 2252 2321 2297 est
2350 2243 2401 2295 in
2434 2240 2745 2295 universam
2775 2240 3161 2310 plenitudinem
3187 2244 3426 2310 deitatis,

1869 2336 2007 2400 Quid
2072 2336 2235 2400 igitur
2289 2334 2391 2388 sibi
2448 2332 2565 2386 vult
2613 2333 2821 2386 dictum
2876 2332 3006 2387 illud
3056 2334 3123 2388 ad
3166 2333 3427 2391 Iudaeos:

1873 2430 2035 2485 Omne
2055 2436 2322 2497 peccatum
2352 2436 2399 2478 et
2430 2424 2751 2493 blasphemia
2776 2426 3070 2479 remittetur
3096 2427 3427 2483 hominibus:

1866 2530 1917 2575 et
1941 2522 2231 2590 quicunque
2257 2518 2451 2571 dixerit
2486 2518 2695 2571 verbum
2726 2525 2909 2569 contra
2947 2515 3150 2572 Filium
3184 2520 3427 2581 hominis.

1871 2614 2165 2667 remittetur
2195 2612 2280 2674 ei;
2312 2614 2402 2679 qni
2432 2621 2607 2663 autem
2630 2610 2823 2662 dixerit
2858 2612 3065 2667 verbum
3096 2622 3279 2664 contra
3308 2613 3432 2681 Spi-

1871 2705 2030 2757 ritum
2063 2711 2321 2764 sanctum,
2347 2717 2451 2752 non
2481 2701 2775 2753 remittetur
2802 2702 2869 2765 ei,
2910 2718 3069 2771 neque
3102 2704 3155 2755 in
3198 2704 3293 2755 hoc
3334 2722 3433 2758 sae-

1873 2796 1989 2850 culo
2019 2810 2179 2863 neque
2214 2793 2266 2843 in
2302 2796 2481 2858 futuro
2504 2791 2571 2844 ³¹.
2604 2789 2905 2847 Prudenter
2928 2794 3236 2857 audiamus,
3272 2806 3324 2848 et
3368 2813 3433 2849 ne

1873 2887 2217 2942 seducamur.
2265 2882 2543 2948 Duplieem
2577 2897 2697 2936 esse
2733 2882 3010 2936 Christum
3048 2900 3117 2953 po
3152 2895 3168 2939 t
3212 2887 3433 2941 inenar-

1873 2978 2097 3033 rabilem
2127 2977 2382 3030 unionem
2406 3012 2421 3037 ,
2454 2974 2576 3027 dico
2617 2983 2795 3027 autem
2830 2990 2896 3028 ex
2928 2975 3127 3030 deitate
3153 2987 3207 3031 et
3242 2979 3433 3031 huma-

1875 3070 2061 3134 nitate,
2096 3084 2263 3122 sacrm
2301 3066 2458 3121 nobis
2498 3066 2735 3120 clamant
2777 3064 3071 3135 Scriptura:
3100 3086 3112 3120 :
3141 3084 3264 3121 nam
3316 3069 3435 3121 l'er.

193 3162 340 3219 εῖναι
360 3166 450 3219 τὸν
471 3168 701 3237 Χριστὸν
730 3167 863 3238 μετά
883 3169 981 3241 τὴν
1011 3170 1284 3242 ἄφραστον
1311 3173 1522 3235 ἕνωσιν,
1550 3176 1691 3245 φημὶ
1712 3175 1766 3228 δὲ

1876 3166 1991 3216 bum
2031 3179 2155 3215 caro
2194 3162 2390 3229 factum
2435 3169 2511 3213 est
2539 3160 2603 3214 “.
2635 3158 2895 3213 Deitatem
2949 3176 3077 3231 ergo
3110 3160 3270 3215 Verbi
3320 3164 3434 3231 ipse

194 3258 266 3309 ἐκ
306 3256 555 3327 θεότητος
587 3258 681 3312 καὶ
726 3258 1160 3332 ἀνθρωπότητος,
1193 3263 1248 3315 αἱ
1294 3264 1435 3335 ἱεραὶ
1483 3265 1613 3333 ἡμῖν
1656 3266 1769 3317 δια-

194 3350 368 3402 ϐοῶσι
417 3350 658 3420 Γραφαί·
703 3351 764 3405 '0
802 3352 911 3423 γὰρ
942 3354 1132 3423 Λόγος
1168 3355 1322 3423 σὰρξ
1368 3356 1625 3423 ἐγένετο.
1658 3358 1769 3425 Τὴν

193 3439 332 3508 γοῦν
383 3439 477 3493 τοῦ
522 3440 695 3509 Λόγου
741 3440 968 3510 οεότητα
1006 3442 1034 3492 ὁ
1082 3442 1241 3504 αὐτὸς
1284 3443 1518 3511 Χριστὸς
1544 3444 1768 3513 Πνεῦμα

195 3528 359 3596 ἅγιον
378 3527 653 3598 ὀνομάζει,
675 3526 817 3581 καθά
846 3528 939 3580 καὶ
963 3528 1099 3601 πρὸς
1123 3529 1220 3601 τὴν
1244 3531 1571 3601 Σαμαρεῖτιν
1594 3533 1767 3599 ἔλεγε,

193 3620 445 3689 Πνεῦμα
491 3624 524 3674 ὀ
572 3620 745 3685 Θεός·
780 3620 880 3690 τὴν
921 3619 979 3673 δὲ
1026 3621 1417 3693 ἀνθρωπότητα
1449 3624 1609 3677 αὑτοῦ
1644 3607 1770 3677 Tir};

195 3710 487 3784 ἀνθρώπου
509 3728 522 3743 ·
558 3711 689 3768 Νῦν
715 3713 841 3785 γάρ,
875 3714 1055 3784 φησὶν,
1085 3714 1381 3783 ἐδοξάσθη
1425 3719 1457 3769 d
1504 3716 1634 3781 l‘lc‘c
1665 3718 1770 3770 τοῦ

194 3802 538 3871 ἀνθρώπου.
574 3804 639 3857 Οἱ
674 3800 767 3859 οῦν
810 3806 896 3860 ἀεὶ
925 3806 1001 3877 τῷ
1032 3806 1151 3876 Θεῷ
1181 3806 1607 3877 προσκρούοντες
1646 3809 1773 3861 Ἰου-

193 3894 338 3947 δαῖοι
359 3895 539 3964 διττὴν
561 3895 696 3965 πρὸς
721 3896 951 3966 Χριστὸν
980 3898 1076 3968 τὴν
1101 3897 1443 3967 βλασφημίαν
1460 3898 1768 3971 ἐκέκτηντο·

194 3986 251 4034 :9.
289 3985 386 4055 μὲν
418 3984 526 4055 γὰρ
554 3988 619 4055 τῇ
656 3986 819 4057 σαρκί¹
866 3986 1053 4050 αὑτοῦ,
1102 3988 1267 4056 ἤγουν
1294 3987 1371 4057 τῷ
1411 3988 1521 4057 Υἰῶ
1550 3988 1641 4042 τοῦ
1676 3991 1772 4043 ἀν-

199 4074 231 4127 0
240 4073 422 4146 ρώπου
452 4076 902 4147 προσκόπτοντες,
920 4079 1203 4151 προφήτην
1223 4078 1403 4143 αὑτὸν,
1422 4080 1533 4132 ἀλλ’
1557 4081 1617 4133 ού
1642 4081 1771 4134 Θεὸν

200 4163 343 4221 εἶναι
375 4168 640 4239 ἐνόμιζον,
678 4168 772 4223 καὶ¹
804 4170 973 4239 φάγον
1005 4169 1165 4224 αὑτὸν
1194 4170 1287 4224 καὶ
1331 4170 1610 4241 οἰνοπότην
1640 4172 1770 4225 ὲκά-

197 4262 348 4325 λουν,
378 4257 457 4326 οἷς
500 4260 593 4315 καὶ
639 4261 966 4333 συγγνώμην
1006 4262 1237 4316 ἔδωκεν·
1272 4262 1413 4335 ἀρχὴ
1452 4263 1556 4334 γὰρ
1584 4260 1651 4335 ἦν
1678 4266 1770 4319 τοῦ

199 4351 571 4421 κηρύγματος,
602 4350 695 4402 καὶ
743 4349 894 4403 οῦπω
941 4350 1134 4421 ἐχώρει
1175 4353 1205 4404 ὁ
1254 4354 1456 4425 κόσμος
1502 4355 1635 4408 Θεὸν
1683 4372 1773 4407 πι-

201 4442 412 4497 στεύειν
454 4444 741 4513 γενόμενον
785 4442 1087 4514 ἄνθρωπον.
1122 4444 1213 4499 Διό
1243 4463 1407 4515 φησιν
1449 4448 1477 4499 ὁ
1518 4446 1768 4519 Χριστὸς,

1871 3258 2121 3310 Christus
2152 3254 2411 3322 Spiritum
2444 3262 2697 3305 sanctum
2749 3252 3023 3320 appellat,
3076 3255 3434 3321 quemadzno-

1869 3346 1998 3398 dum
2056 3344 2121 3396 ad
2179 3342 2581 3395 Samaritanam
2642 3340 2855 3394 locutus
2907 3351 3009 3402 est,
3068 3342 3300 3412 Spiritus
3360 3357 3433 3397 est

1868 3436 2008 3491 Deus
2032 3437 2103 3500 ³³;
2145 3435 2537 3487 humanitatem
2586 3450 2712 3488 vero
2754 3450 2939 3502 suam,
2970 3435 3169 3490 Filium
3198 3438 3432 3495 hominis

1870 3537 2066 3581 vocat:
2104 3524 2276 3589 Nunc,
2328 3526 2536 3593 inquit,
2571 3525 2897 3595 gloriﬁcatus
2948 3538 3024 3582 est
3068 3529 3245 3585 Filius
3277 3532 3438 3585 homi-

1871 3620 1950 3672 nis
1977 3618 2039 3671 ⁸⁸.
2080 3617 2251 3672 Judzei
2295 3618 2460 3687 igitur
2489 3618 2581 3687 qui
2628 3634 2842 3687 semper
2892 3622 3057 3676 Deum
3089 3624 3437 3679 oﬂendcrunt

1872 3708 2105 3778 duplicis
2145 3709 2410 3763 adversus
2448 3708 2725 3762 Christum
2774 3710 3120 3779 blasphemia:
3173 3715 3248 3767 rei
3286 3725 3429 3769 sunt.

1874 3800 2119 3866 Quorum
2156 3800 2247 3853 alii
2290 3802 2340 3852 in
2372 3816 2587 3853 carnem
2627 3800 2768 3867 ejus,
2798 3802 3003 3856 scilicet
3034 3805 3086 3857 in
3113 3804 3307 3859 Filium
3340 3808 3436 3859 ho-

1874 3892 2068 3953 minis,
2128 3892 2467 3960 impingunt,
2525 3894 2875 3961 prOpbetam,
2937 3909 3042 3947 non
3092 3894 3260 3949 Deum
3314 3914 3436 3952 esse

1871 3984 2276 4044 existimantes;
2308 3997 2369 4035 ac
2397 3996 2650 4035 voracem
2679 3983 2831 4036 illum
2872 3993 2925 4036 et
2956 3993 3255 4053 potatorem
3281 4003 3439 4041 voca.

1871 4076 2333 4144 bant”:quibus
2385 4075 2594 4128 veniam
2649 4077 2816 4130 dedit.
2877 4076 3156 4147 Siquidem
3219 4080 3433 4135 initium

1870 4168 2270 4238 prtndicationis
2313 4174 2468 4233 erat,
2526 4168 2879 4238 nondumque
2941 4180 3151 4240 poterat
3198 4174 3434 4228 mundus

1871 4260 2038 4313 Deum
2067 4260 2214 4312 illum
2249 4258 2502 4322 credere,
2536 4260 2630 4327 qui
2669 4260 2832 4315 homo
2867 4262 3042 4315 factus
3074 4262 3268 4316 fuerat.
3297 4263 3437 4319 Hine

1870 4352 2121 4407 Christus
2150 4353 2226 4406 ait
2254 4370 2265 4404 :
2300 4351 2605 4421 Quicunque
2636 4354 2831 4407 dixerit
2882 4354 3089 4407 verbum
3120 4365 3305 4409 contra
3342 4356 3438 4410 Fi-

1872 4445 2001 4498 lium
2023 4445 2268 4507 hominis,
2303 4443 2511 4498 scilicet
2532 4454 2717 4498 contra
2747 4460 2942 4512 corpus
2986 4460 3170 4508 suum,
3207 4451 3438 4501 remitte~

198 4539 285 4590 ὅτι
304 4536 398 4601 ’ος
416 4534 491 4589 ἂν
512 4534 651 4602 εἴπῃ
674 4534 859 4604 λόγον
872 4534 1023 4590 κατὰ
1036 4536 1142 4590 τοῦ
1168 4537 1303 4590 Υἱοῦ
1324 4537 1429 4591 τοῦ
1440 4538 1766 4606 ἀνθρώπου,

1879 4546 1965 4589 tur
2013 4537 2081 4589 ei.
2135 4535 2325 4589 Ausim
2352 4550 2570 4604 quoque
2599 4535 2810 4595 dicere,
2844 4549 3018 4603 neque
3060 4534 3205 4605 ipsos
3250 4538 3437 4593 beatos

199 4631 370 4701 ήγουν
393 4626 485 4680 τοῦ
514 4626 759 4697 σώματος
780 4625 966 4691 αὑτοῦ,
995 4627 1356 4697 ἀφεθήσεται
1377 4628 1557 4693 αὐτῷ.
1578 4629 1772 4698 Τολμῶ

198 4720 313 4790 γὰρ
356 4718 553 4785 λέγειν,
578 4719 661 4772 ὅτι
692 4717 811 4770 οὐδὲ
854 4718 1008 4771 αὐτοὶ
1048 4720 1098 4772 οἱ
1136 4719 1394 4791 μακάριοι
1443 4721 1681 4791 μαθηταὶ
1712 4722 1771 4773 τὸ

198 4806 406 4859 τέλειον
434 4806 559 4875 περὶ
587 4807 685 4877 τῆς
712 4804 875 4860 αὑτοῦ
903 4805 1153 4876 Θεότητος
1186 4804 1331 4877 εἶχον
1364 4810 1636 4880 φρόνημα,
1668 4810 1771 4874 ἕως

199 4899 263 4953 τὸ
291 4897 513 4968 Πνεῦμα
536 4896 598 4950 τὸ
625 4897 777 4966 ἆγιον
804 4898 985 4961 αὐτοῖς
1014 4901 1078 4968 τῇ
1107 4901 1449 4972 Πεντηκοστῇ
1479 4903 1770 4973 ὲπεφοίτη-

203 4990 487 5045 σεν.Ἐπεὶ
526 4990 619 5044 καὶ
650 4989 785 5060 μετά
824 4990 921 5061 τὴν
963 4990 1255 5045 ἀνάστασιν
1289 4992 1485 5055 ἰδόντες
1514 4994 1695 5057 αὑτὸν,
1722 4996 1770 5047 οἱ

207 5083 305 5153 μὲν
333 5081 761 5153 προσεκύνησαν,
787 5085 835 5136 οἱ
863 5083 920 5136 δὲ
950 5081 1231 5137 ἐδίστασαν
1257 5100 1271 5115 ·
1304 5083 1415 5137 ἀλλ’
1446 5086 1545 5137 οὐκ
1567 5086 1632 5140 ὲκ
1650 5085 1775 5139 τού-

207 5188 298 5225 του
348 5172 746 5242 κατεκρίθησαν
807 5173 869 5225 Oi
912 5170 969 5224 δὲ
1016 5171 1096 5234 εἰς
1146 5170 1208 5224 τὸ
1250 5172 1475 5243 Πνεῦμα
1506 5174 1566 5226 τὸ
1599 5174 1771 5241 ἅγιον,

208 5264 371 5334 ἤγουν
398 5264 497 5326 ἐἰς
523 5262 619 5333 τὴν
658 5262 753 5317 τοῦ
795 5262 1031 5333 Χριστοῦ
1062 5264 1313 5335 θεότητα,
1352 5264 1777 5337 βλασφημήσαν-

208 5369 296 5416 τες
320 5354 413 5407 καὶ
439 5352 704 5421 λέγοντες,
735 5354 816 5407 ὅτι
854 5354 957 5408 Ἐν
982 5352 1339 5415 Βεελζεόοὺλ
1376 5353 1619 5424 ἄρχοντι
1657 5354 1772 5409 τῶν

209 5444 525 5515 δαιμονίων
544 5445 821 5501 ἐκϐάλλει
844 5446 917 5502 τὰ
934 5446 1224 5516 δαιμόνια,
1252 5447 1350 5499 οὐκ
1375 5447 1623 5516 ἀφίενται
1649 5447 1771 5499 οὔτε

206 5539 265 5591 ὲν
294 5536 375 5607 τῷ
404 5538 497 5590 νῦν
526 5536 679 5590 αἰῶνι
705 5536 825 5589 οὔτε
858 5539 916 5591 ὲν
948 5538 1027 5609 τῷ
1054 5538 1317 5608 μέλλοντι.
1337 5535 1771 5607 Ἐπισημειώσα-

255 5742 299 5773 ³⁸
326 5740 484 5794 Joan.
525 5758 602 5801 νι.
624 5741 712 5796 54.
799 5740 839 5771 ³⁸
862 5741 1047 5797 Matth.
1068 5758 1167 5808 ιιι,
1194 5740 1284 5797 32.

206 5826 283 5878 ιι,
335 5814 416 5867 l9.
477 5812 521 5842 ³⁸
557 5812 686 5867 Luc.
720 5828 795 5875 χι,
833 5812 919 5865 15.

489 5910 755 5971 Ριιτιιοι..
793 5909 909 5969 Gn.
945 5908 1206 5969 XXVII.

1360 5743 1406 5775 ³¹
1433 5740 1591 5796 Joan.
1625 5757 1662 5805 t,
1699 5741 1783 5795 ιι.

1877 4623 1996 4692 ejus
2045 4622 2372 4689 discipulos,
2418 4623 2708 4692 perfectam
2768 4622 2938 4690 ipsius
2990 4624 3289 4679 divinitatis
3341 4627 3439 4680 ha-

1877 4714 2061 4769 buisse
2087 4715 2355 4779 notitiam,
2384 4715 2557 4769 donec
2589 4712 2823 4782 Spiritus
2849 4723 3071 4770 sanctus
3102 4716 3156 4769 in
3190 4716 3277 4771 die
3299 4716 3439 4771 Pen-

1877 4816 2113 4863 tecostes
2166 4806 2218 4859 in
2272 4806 2420 4875 ipsos
2478 4807 2703 4874 illapsus
2759 4815 2920 4861 esset.
2966 4805 3215 4877 Namque
3270 4811 3435 4863 etiam

1878 4909 1999 4968 post
2034 4900 2487 4953 resurrectionem
2536 4897 2781 4953 videntes
2810 4914 2958 4962 eum,
3017 4898 3108 4952 alii
3141 4900 3439 4955 adorarunt

1875 5006 2021 5053 eum,
2081 4990 2172 5043 alii
2226 4998 2407 5043 autem
2458 4988 2873 5054 dubitaverunt;
2930 5003 3029 5043 nec
3086 4990 3207 5043 ideo
3256 4999 3436 5043 tamen

1872 5081 2215 5137 condemnati
2266 5089 2411 5134 sunt.
2464 5079 2566 5145 Qui
2600 5095 2728 5133 vero
2766 5079 2819 5132 in
2872 5078 3132 5149 Spiritum
3162 5092 3435 5151 sanctum,

1872 5174 1985 5227 sive
2020 5172 2073 5226 in
2095 5171 2296 5225 Christi
2319 5170 2570 5223 deitatem
2597 5170 2909 5238 blasphema
2943 5171 3056 5223 hac
3078 5170 3222 5225 dicta
3251 5181 3439 5240 protu—

1873 5259 2089 5311 lerunt:
2126 5255 2190 5309 In
2237 5256 2533 5323 Beelzebul,
2570 5258 2801 5325 principe
2845 5259 3245 5325 dremoniorum,
3294 5260 3440 5327 ejicit

1878 5350 2138 5403 daunonia
2158 5348 2231 5413 3‘;
2261 5348 2328 5403 iis
2362 5362 2495 5402 sane
2525 5362 2633 5401 non
2662 5349 2987 5413 remittetur,
3024 5366 3200 5419 neque
3240 5352 3293 5403 in
3337 5352 3441 5404 hoc

1878 5444 2097 5507 saeculo,
2127 5457 2299 5510 neque
2327 5442 2382 5495 in
2414 5421 2625 5496 futuro.
2671 5442 3080 5496 Observandum
3124 5459 3287 5512 porro
3331 5454 3435 5506 est,

1879 5554 1987 5592 non
2022 5537 2224 5591 dixisse
2254 5534 2553 5597 Christum,
2601 5534 2991 5602 blasphemanti
3024 5551 3086 5590 ac
3116 5545 3302 5604 postea
3330 5550 3436 5604 p03.-

1865 5738 2194 5806 ”Joan.tv,
2257 5742 2345 5794 2i.
2462 5737 2509 5769 ’δ
2562 5738 2719 5792 Joan.
2793 5756 2909 5808 xm,
2977 5739 3069 5794 56.
3173 5739 3217 5774 ³⁸
3249 5738 3435 5801 Matth,

3007 5903 3081 5962 Σύ
