4036 6434
615 360 750 415 1387

1449 349 1507 410 5.
1550 348 1916 405 ATHANASH
1955 350 2103 404 OPP.
2148 350 2323 404 PARS
2361 349 2448 405 lll.
2487 382 2554 389 —
2592 347 2983 405 EXEGETICA.

3737 355 3858 410 1385

611 479 801 532 nitenti
843 477 1215 531 remtssionem
1263 467 1494 523 dandam
1539 483 1646 522 non
1682 482 1838 532 esse;
1892 466 1984 521 sed
2038 466 2170 520 blas‘

2283 465 2402 518 σθαι
2424 466 2477 518 δὲ
2509 466 2633 537 χρὴ,
2655 466 2735 519 ὅτι
2767 465 2865 518 οὒκ
2885 461 3035 518 εἶπεν
3065 466 3092 517 ὁ
3118 464 3370 536 Χριστὸς,
3397 463 3487 534 Τῷ
3520 464 3855 535 βλασφημή-

611 567 916 636 phcmanti,
952 566 1063 619 sive
1109 565 1162 616 in
1207 558 1540 630 blasphemia
1577 559 1944 628 perseveranti
1973 575 1985 608 :
2012 557 2176 625 siqui-

609 660 729 711 dem
749 656 1018 724 condigna
1044 651 1363 726 poenitentia
1390 659 1611 721 peccata
1631 648 1814 703 omnia
1840 649 1989 702 eluit.
2020 647 2173 713 Quod

609 759 786 802 autem
820 748 1040 810 dicitur,
1071 743 1464 813 blasphemiam
1513 741 1567 794 in
1619 739 1880 809 Spiritum
1924 749 2169 794 sanctum

607 854 781 908 neque
806 841 859 892 in
891 838 1014 900 hoc,
1043 849 1221 905 neque
1247 833 1299 886 in
1332 830 1519 885 futuro
1563 829 1764 885 szeculo
1799 829 2027 893 dimitti;
2059 830 2175 898 qui-

605 931 729 983 dam
763 945 819 984 re
841 927 1154 999 diligentius
1186 924 1455 994 exquisita
1484 922 1694 988 dicunt,
1733 930 1968 991 quatuor
1997 920 2174 975 modis

604 1031 954 1089 peccatorum
1012 1017 1223 1071 veniam
1269 1013 1529 1079 concedi;
1569 1013 1782 1067 duobus
1822 1012 1931 1075 hic,
1959 1011 2173 1066 duobus

605 1115 729 1169 item
786 1115 840 1166 in
899 1112 1084 1165 futuro
1145 1107 1362 1162 szeculo.
1426 1105 1562 1161 Cum
1629 1106 1772 1159 enim
1827 1114 2171 1177 peccatorum

602 1205 781 1260 omnis
816 1202 1071 1271 temporis
1117 1200 1434 1255 meminisse
1476 1211 1586 1250 non
1635 1195 1945 1265 possimus,
1987 1205 2047 1249 ut
2084 1195 2171 1249 bic

603 1295 972 1366 paenitentiam
1024 1292 1252 1363 quilibet
1302 1304 1462 1359 agere
1509 1289 1715 1358 possit;
1763 1287 1967 1342 idcirco
1999 1285 2172 1341 Domi-

603 1406 705 1445 nus
747 1399 949 1454 noster,
990 1387 1144 1442 nobis
1191 1386 1279 1439 hic
1318 1381 1692 1452 pcenitentiam
1725 1396 1832 1434 non
1862 1381 2167 1450 agentibus,

599 1484 759 1547 duos,
792 1491 850 1536 ut
893 1481 1100 1536 dictum
1132 1487 1235 1543 est,
1285 1478 1337 1530 in
1369 1475 1552 1531 futuro
1595 1473 1929 1544 poenitentia:
1975 1473 2168 1526 modos

599 1573 926 1642 proeuravit.
979 1570 1118 1625 Cum
1166 1569 1287 1639 quis
1344 1567 1553 1623 scilicet
1607 1567 1752 1620 bona
1803 1563 2168 1618 indifferenter

597 1667 784 1734 egerit,
820 1665 933 1718 sive
977 1661 1346 1716 misericordia
1401 1669 1456 1714 et
1505 1655 1984 1713 commiseratione
2023 1669 2166 1708 com-

595 1767 775 1811 motus
820 1757 874 1810 in
925 1755 1251 1825 proximum,
1302 1753 1417 1806 sive
1446 1751 1651 1821 quaevis
1677 1749 1782 1805 alia
1807 1747 2163 1802 humanitatis

2281 575 2428 610 σαντι
2481 559 2571 610 καὶ
2607 560 2990 628 μετανοήσαντι
3033 558 3131 610 οὐκ
3160 556 3530 628 ἀφεθήσεται·
3583 556 3726 608 ἀλλὰ
3771 559 3853 627 Τῷ

2278 649 2702 720 βλασφημοῦντι,
2734 650 2830 702 εἴτ’
2864 644 2954 701 οὖν
2989 649 3296 718 ὲπιμένοντι
3327 651 3392 717 τῇ
3429 647 3855 718 βλασφημία.Ἰί

2275 742 2378 813 γάρ
2412 742 2684 809 ἀξιόλογος
2719 741 2974 812 μετάνοια
3001 742 3177 793 πάντα
3205 739 3317 792 λύει
3357 740 3422 792 τὰ
3454 741 3853 811 ἁμαρτήματα.

2273 834 2384 902 (22)
2418 834 2490 886 Τὸ
2515 833 2571 886 δὲ
2604 835 2739 903 μήτε
2772 833 3004 886 ἐνταῦθα
3041 833 3294 900 ἀφίεσθαι
3326 832 3402 902 τῷ
3430 835 3513 894 εἰς
3536 833 3606 885 τὸ
3639 832 3856 901 Πνεῦμα

2275 925 2745 995 βλασφημήσαντι,
2784 926 2917 995 μήτε
2965 927 3021 979 ἐν
3066 923 3142 995 τῷ
3178 924 3444 994 μέλλοντι,
3473 925 3629 986 τινὲς
3675 924 3854 988 ἐξετά-

2273 1016 2453 1079 ζοντές
2485 1035 2619 1085 φασι
2645 1017 2913 1088 τέσσαρας
2945 1013 3082 1070 εἶναι
3114 1019 3346 1090 τρόπους
3367 1018 3431 1070 δι’
3463 1012 3541 1071 ὧν
3573 1017 3856 1087 συγχώρη-

2273 1127 2355 1172 σις
2388 1111 2799 1180 ἁμαρτημάτων
2836 1111 3074 1178 γίνεται·
3107 1108 3202 1162 δύο
3242 1108 3498 1169 ἐνταῦθα.
3537 1110 3638 1161 καὶ
3681 1109 3778 1160 δύο
3806 1112 3855 1159 ἐν

2271 1202 2347 1272 τῷ
2382 1203 2876 1272 μέλλοντι.Ἐπειδὴ
2927 1202 3033 1273 γὰρ
3083 1203 3183 1255 οὐκ
3231 1202 3535 1270 ἐφικνεῖται
3581 1203 3618 1270 ή
3672 1201 3853 1268 μνήμη

2269 1295 2388 1348 ὅλου
2431 1295 2619 1365 χρόνου
2661 1294 3015 1366 μνημονεύειν
3055 1293 3121 1347 τά
3155 1292 3468 1362 σφάλματα,
3498 1293 3591 1344 ἵνα
3621 1292 3854 1344 ἐνταῦθα

2269 1390 2576 1461 μετανοήσῃ
2621 1391 2648 1440 ὁ
2692 1387 2992 1459 ἄνθρωπος,
3025 1385 3340 1455 ᾠκονόμησε
3371 1382 3785 1453 φιλανθρώπως
3829 1389 3854 1438 ὁ

2267 1481 2470 1552 Κύριος
2497 1479 2652 1550 ἡμῶν
2684 1480 2757 1549 μὴ
2785 1477 3182 1548 μετανοούντων
3205 1477 3440 1547 τρόπους
3476 1477 3779 1545 μετανοίας
3801 1477 3852 1526 ἐν

2269 1573 2366 1643 μὲν
2391 1571 2470 1643 τῷ
2501 1572 2766 1642 μέλλοντι,
2790 1570 2864 1632 ὡς
2895 1571 3130 1640 εἴρηται,
3163 1569 3285 1621 δύο·
3321 1569 3449 1621 ὅταν
3499 1585 3589 1630 τις
3632 1567 3852 1634 ἀδιαφό-

2268 1682 2374 1734 ρως
2417 1662 2850 1734 ἀγαθοεργήσας,
2882 1661 2990 1712 εἴτε
3024 1662 3102 1722 εἰς
3129 1655 3307 1712 οἶκτον
3353 1660 3446 1711 καὶ
3499 1657 3850 1728 συμπάθειαν

2265 1753 2400 1825 πρὸς
2425 1755 2513 1806 τὸν
2545 1754 2768 1823 πλησίον
2797 1751 3054 1822 κινηθεὶς,
3082 1752 3114 1819 ἢ
3145 1752 3242 1803 ὅσα
3269 1751 3402 1803 ἄλλα
3429 1749 3850 1819 φιλανθρωπιας

594 1848 773 1902 ofticia
825 1844 1161 1915 praestiterit;
1207 1861 1270 1898 ea
1321 1858 1483 1913 porro
1515 1842 1567 1895 in
1603 1839 1788 1894 futuro
1819 1839 2053 1904 saeculo,
2083 1838 2161 1907 ju-

2264 1844 2496 1914 ἐχόμενα
2517 1863 2529 1875 ο
2567 1844 2739 1897 ταῦτα
2768 1845 2827 1895 ἐν
2955 1842 3198 1911 μέλλοντι
3239 1842 3391 1892 αἰῶνι
3422 1842 3567 1893 κατὰ
3600 1842 3696 1892 τὸν
3738 1859 3850 1891 και-

592 1941 719 1994 dieii
755 1950 1010 2007 tempore,
1036 1937 1112 2008 ;in
1159 1952 1322 2006 quam
1356 1932 1765 2005 propendebunt
1789 1939 1994 2000 partem
2016 1970 2030 1994 ,
2067 1943 2159 1981 ve-

594 2033 739 2084 niam
772 2036 1189 2097 consequentur.
1233 2025 1297 2079 Et
1333 2026 1422 2078 hic
1444 2025 1661 2093 quidem
1702 2023 1911 2092 primus
1936 2031 2018 2077 est
2045 2037 2159 2074 mo-

593 2123 696 2174 dus
726 2139 738 2173 :
766 2120 1037 2173 secundus
1067 2132 1193 2171 vero
1226 2117 1271 2170 is
1309 2125 1414 2180 est,
1448 2129 1571 2170 cum
1611 2114 1735 2184 quis
1769 2111 2004 2183 peccatis
2030 2127 2155 2167 con-

594 2211 847 2274 strictus,
881 2210 1066 2262 audita
1095 2206 1306 2261 Domini
1337 2221 1466 2261 voce
1503 2205 1734 2260 dicentis
1767 2221 1781 2255 :
1821 2202 1996 2255 Nolite
2015 2202 2156 2272 judi-

593 2319 730 2364 care,
752 2313 805 2355 ut
824 2300 1281 2369 nonjudicemini,
1314 2298 1381 2353 de
1407 2299 1626 2353 nemine
1650 2295 1918 2366 judicare,
1949 2297 2157 2349 exami-

593 2408 720 2452 nato
743 2400 864 2452 vitae
892 2397 1160 2460 instituto,
1207 2411 1408 2462 ausus;
1442 2403 1630 2464 utpote
1669 2395 1845 2448 cultor
1881 2389 2154 2462 praacepti,

594 2505 766 2560 neque
799 2493 912 2559 ipse
940 2489 1234 2558 iudicatur.
1267 2487 1454 2558 Neque
1481 2487 1628 2542 enim
1659 2485 1903 2540 mandati
1935 2484 2018 2538 sui
2054 2483 2155 2535 im-

592 2598 798 2636 memor
843 2594 924 2636 est
972 2583 1060 2635 ille
1105 2580 1507 2634 veracissimus.
1557 2576 1777 2631 Duobus
1823 2583 2005 2628 autem
2036 2572 2158 2624 aliis

592 2673 768 2725 modis
800 2672 888 2726 hic
911 2672 1075 2724 venia
1103 2672 1411 2734 obtiuetur;
1440 2682 1562 2721 eum
1587 2666 1711 2734 quis
1735 2664 1992 2717 nimirum
2025 2675 2151 2730 pec-

589 2763 724 2816 catis
747 2761 1036 2824 obnoxius,
1072 2758 1253 2813 divina
1278 2757 1628 2826 dispensante
1655 2753 2020 2826 providentia,
2053 2751 2153 2804 mi-

590 2853 767 2919 seriis,
795 2853 1055 2906 mrumnis
1089 2850 1401 2920 morbisque
1428 2847 1706 2918 afﬂigitur.
1733 2845 1891 2900 Modo
1919 2859 2154 2914 namque

592 2943 690 3001 sibi
723 2943 923 3012 ignoto,
961 2941 1045 2995 his
1074 2956 1104 2995 a
1142 2939 1254 2995 Deo
1291 2948 1573 3009 purgatur.
1615 2937 1682 2992 Et
1714 2937 1759 2991 si
1788 2936 2006 3008 quidem
2039 2945 2154 2989 ten-

609 3044 730 3086 atus
762 3032 962 3102 gratias
997 3038 1155 3098 agat,
1196 3029 1502 3084 mercedem
1546 3026 1619 3081 ob
1649 3028 1947 3095 gratiarum
1983 3023 2154 3078 actio-

584 3139 708 3176 nem
757 3124 985 3192 accipit;
1031 3124 1112 3175 sin
1153 3138 1211 3173 se
1242 3122 1510 3188 ingratum
1547 3118 1817 3187 przebeat,
1858 3116 1927 3170 de
1959 3115 2150 3168 iisdem

588 3215 823 3283 peccatis
845 3228 1075 3282 quorum
1101 3228 1260 3266 causa
1279 3211 1595 3280 corripitur,
1623 3210 1818 3264 iterum
1843 3206 2150 3278 judicatur:

611 3319 916 3373 usupcrque
944 3305 1152 3358 debitas
1197 3305 1406 3374 ingrato
1445 3303 1629 3357 animo
1671 3317 1859 3372 pmnas
1891 3301 2037 3354 luere
2063 3316 2154 3353 c0-

585 3395 746 3464 gitur.
783 3395 945 3464 Igitur
993 3405 1209 3463 peccata
1252 3397 1304 3447 in
1360 3395 1610 3448 homines
1658 3393 1919 3457 admissi,
1970 3391 2153 3445 multis

585 3495 815 3551 possunt
852 3484 1154 3537 rationibus
1186 3484 1482 3538 Cunzlonari
1514 3501 1527 3536 :
1558 3499 1682 3536 nam
1728 3483 1773 3536 si
1821 3484 1946 3551 quis
1974 3483 2025 3536 in
2055 3483 2154 3534 ho-

585 3575 786 3628 minem
829 3590 1084 3644 peccans,
1117 3575 1182 3629 de
1222 3576 1327 3627 alin
1365 3573 1580 3627 homine
1615 3574 1750 3626 bene
1782 3583 2070 3635 mereatur,
2105 3573 2152 3626 is

583 3677 746 3737 quam
781 3665 832 3720 in
858 3676 1106 3722 naturam
1137 3668 1376 3736 peccavit
1405 3668 1582 3722 eidem
1620 3675 1830 3720 natura:
1864 3663 2147 3720 satisfecit.

585 3759 689 3813 Sed
737 3759 1067 3830 blaSpltemia
1115 3761 1167 3814 itt
1226 3758 1488 3829 Spiritum
1545 3759 1688 3828 (qua:
1724 3757 2011 3812 inﬁdelitas
2044 3766 2146 3816 est.

583 3849 784 3903 nullam
805 3890 820 3914 ,
865 3852 968 3906 nisi
1001 3852 1124 3920 quis
1164 3851 1336 3905 lidelis
1369 3849 1661 3911 efliciatur,
1691 3849 1904 3903 veniam
1951 3848 2148 3902 admit-

581 3941 744 4013 tens),
788 3953 974 4012 utpote
1017 3944 1308 4011 impietatis
1354 3952 1408 3998 et
1460 3941 1796 3996 inﬁdelitatis
1839 3950 2146 4010 peccatum,

581 4046 756 4101 aeque
782 4032 843 4086 in
881 4035 1015 4099 hoc,
1053 4049 1225 4103 neque
1253 4036 1306 4088 in
1359 4033 1543 4088 futuro
1578 4032 1782 4088 szeculo
1819 4033 2141 4089 dimittetur.

1019 4126 1295 4179 Athanasii
1330 4125 1703 4188 Alexandrini,

1165 4217 1238 4274 De
1277 4219 1553 4274 lunatieis.

652 4306 888 4371 Domine,
924 4327 1164 4364 "merere
1194 4310 1303 4378 [ilio
1336 4328 1446 4364 meo
1466 4353 1482 4378 ,
1512 4315 1636 4383 quia
1665 4314 1930 4367 (unatrans
1965 4324 2064 4380 est,
2095 4322 2144 4368 et

581 4402 716 4451 male
748 4402 1028 4468 patitur".
1078 4401 1376 4466 Lunaticis,
1411 4419 1518 4458 non
1567 4405 1695 4461 luna
1729 4407 1952 4461 insanire
1979 4420 2143 4460 causa

579 4498 695 4553 est,
740 4504 914 4558 neque
945 4493 1089 4547 enim
1123 4494 1249 4547 luna
1292 4493 1358 4548 ad
1404 4495 1604 4549 malum
1640 4505 1694 4550 et
1722 4497 1979 4551 damnum
2007 4495 2145 4550 infe—

580 4579 809 4633 rendum
843 4579 1156 4638 heminibus
1179 4595 1359 4639 creata
1384 4593 1502 4649 est,
1528 4587 1619 4641 sed
1661 4588 1727 4641 ad
1780 4588 2140 4643 ministerium

578 4671 798 4739 optimis
836 4673 1167 4743 utilibusque
1202 4678 1362 4730 rebus
1403 4679 1773 4748 praebendum.
1813 4680 1950 4734 Cum
1992 4682 2139 4733 enim

577 4777 642 4813 ex
667 4773 858 4817 natura
895 4779 990 4818 sua
1019 4766 1238 4821 humida
1275 4771 1369 4833 sit,
1402 4771 1789 4825 suavissimum
1819 4772 2141 4840 corporibus

578 4871 833 4909 somnum
866 4870 1139 4925 procurat,
1190 4863 1368 4918 noctis
1412 4866 1685 4927 tenebras,
1734 4865 1915 4918 colore
1963 4866 2140 4918 lacteo

577 4956 791 5009 ornata,
818 4945 1121 5013 demulcet;
1160 4955 1328 5008 solem
1355 4969 1481 5009 vero
1502 4955 1595 5025 qui
1623 4956 1802 5011 siccus
1827 4956 2142 5025 calidusque

576 5044 679 5100 est,
709 5052 864 5106 aequa
891 5040 1041 5095 lance
1064 5053 1349 5114 temperat,
1381 5056 1540 5116 atque
1568 5049 1799 5102 bumore
1823 5047 2142 5117 {rigiditate-

576 5141 682 5194 que
720 5141 818 5181 sua
861 5131 1076 5199 plantas
1112 5149 1322 5202 omnes,
1369 5146 1545 5206 prata.
1606 5138 1826 5203 herbas,
1879 5141 2047 5203 olera,
2083 5149 2142 5191 ut

578 5227 750 5272 mater
769 5234 892 5273 vera
917 5222 970 5275 in
995 5224 1136 5279 ulnis
1157 5229 1429 5299 accipiens
1450 5272 1464 5295 ,
1496 5230 1659 5296 fovet,
1688 5245 1741 5288 et
1765 5222 2034 5288 virescere
2060 5233 2139 5286 fa-

574 5307 678 5371 cit;
699 5309 769 5362 ita
785 5322 839 5363 ut.
857 5313 958 5365 sub
977 5329 1186 5370 aurorae
1202 5325 1604 5390 crepusculum,
1623 5324 1807 5378 videre
1826 5325 1897 5379 sit
1913 5324 2138 5379 arbores

573 5401 757 5454 densis
792 5404 1072 5463 frondibus
1103 5425 1347 5478 ornatas,
1378 5425 1528 5482 prata
1571 5417 1623 5470 in
1656 5417 1882 5471 summis
1911 5417 2135 5471 ﬂoribus

640 5537 679 5567 ³⁷
719 5535 915 5594 Matth.
949 5557 1058 5597 xvn
1125 5545 1206 5598 Η.

644 5673 759 5740 42:1)
795 5675 917 5730 Ila-c
951 5680 1016 5752 ad
1041 5680 1200 5734 tinem
1229 5699 1419 5752 usque,
1449 5701 1567 5752 qum
1592 5686 1642 5738 in
1669 5687 1828 5743 editis
1861 5688 2134 5744 desrdera-

575 5743 804 5810 bantur,
858 5756 910 5800 et
958 5750 1006 5800 in
1054 5752 1285 5806 editiOne
1313 5743 1594 5810 'Atbauasii
1626 5768 1807 5813 nostra
1843 5743 2130 5825 separatim

2266 1936 2354 2004 ρον
2385 1935 2484 2005 τῆς
2513 1936 2748 2005 κρίσεως
2791 1932 3285 2003 ζυγοστατούμενα,
3315 1932 3398 1999 ἐφ’
3429 1932 3464 1984 ἃ
3514 1933 3619 2003 τὴν
3677 1931 3849 2003 ῥοπὴν

2262 2026 2390 2095 ἔχει,
2424 2024 2764 2095 συγχώρησις
2782 2025 3006 2092 γίνεται.
3030 2025 3139 2076 Καὶ
3165 2016 3316 2084 οὗτος
3342 2023 3438 2090 μὲν
3465 2024 3494 2073 ὀ
3521 2017 3604 2084 εἷς
3625 2023 3845 2092 τρόπος·

2259 2117 2505 2188 δεύτερος
2537 2117 2591 2168 δὲ
2625 2111 2776 2179 οὗτος
2799 2132 2811 2144 °
2836 2117 2963 2168 ὅταν
2991 2118 3110 2178 ταῖς
3139 2114 3433 2184 ἁμαρτίαις
3465 2114 3845 2182 συνεχομένῳ,

2259 2210 2468 2263 ἀκούων
2501 2210 2556 2263 δὲ
2596 2209 2689 2262 τοῦ
2731 2209 2933 2280 Κυρίου
2982 2208 3260 2276 λέγοντος·
3304 2205 3399 2273 Μὴ
3448 2207 3717 2274 κρίνετε,
3751 2209 3846 2258 ἵνα

2253 2305 2338 2372 μὴ
2369 2302 2624 2371 κριθῆτε,
2654 2302 2982 2373 φοϐούμενος
3005 2300 3190 2353 οὐδένα
3219 2301 3392 2370 κρίνει
3421 2301 3480 2350 ἐν
3503 2303 3570 2370 τῇ
3599 2299 3844 2362 ἐξετάσει

2257 2395 2364 2448 τῶν
2393 2394 2739 2465 βεϐιωμένων
2765 2413 2777 2425 ·
2814 2393 2888 2455 ὡς
2919 2391 3090 2460 φύλαξ
3120 2391 3219 2460 τῆς
3246 2391 3464 2460 ἐντολῆς
3483 2392 3546 2444 οὐ
3574 2393 3843 2462 κρίνεται.

2259 2488 2365 2556 Τῆς
2396 2487 2502 2557 γὰρ
2531 2485 2722 2538 ἑαυτοῦ
2747 2485 2966 2555 ἐντολῆς
2990 2485 3089 2538 οὐκ
3111 2483 3426 2552 ἐπιλήσμων
3452 2486 3480 2535 ὁ
3509 2483 3846 2551 ἀψευδέα-κιο

2257 2595 2367 2642 τος.
2400 2579 2462 2630 Οἱ
2492 2579 2548 2631 δὲ
2573 2581 2748 2649 ἕτεροι
2782 2577 2873 2630 δύο
2895 2578 3084 2648 τρόποι
3113 2575 3341 2629 ἐνταῦθα
3363 2574 3459 2645 τὴν
3491 2575 3843 2646 συγχώρησιν

2261 2668 2470 2738 ἔχουσιν
2492 2686 2504 2697 ’
2541 2672 2666 2723 ὅταν
2698 2686 2800 2732 τις,
2836 2671 2893 2721 ὲν
2928 2667 3219 2738 ἁμαρτίαις
3246 2666 3342 2726 ὢν,
3378 2668 3750 2734 οἰκονομεῖται
3783 2670 3843 2718 ἐκ

2257 2761 2355 2830 τῆς
2386 2761 2638 2831 προνοίας
2677 2764 2733 2813 ἐν
2776 2762 3100 2830 συμφοραῖς,
3125 2761 3181 2812 ἐν
3210 2758 3496 2825 ἀνάγκαις,
3533 2760 3593 2809 ἐν
3627 2759 3806 2820 νόσοις
3829 2776 3840 2786 ·

2255 2853 2330 2916 ὡς
2363 2854 2461 2906 οὐκ
2505 2849 2610 2906 οἶδε
2654 2853 2762 2924 γὰρ
2789 2851 2875 2905 διὰ
2904 2852 3012 2904 τῶν
3042 2852 3298 2904 τοιούτων
3329 2850 3586 2921 καθαίρει
3621 2852 3788 2903 αὑτὸν
3817 2854 3845 2903 ι

2256 2944 2404 3006 Θεός.
2438 2945 2546 2996 Καὶ
2578 2947 2625 2996 εί
2668 2944 2766 3013 μὲν
2801 2944 3112 3014 εὐχαριστεῖ
3154 2943 3563 3012 πειραζόμενος,
3610 2943 3707 2994 τὸν
3755 2945 3844 2993 ἐπὶ

2255 3037 2320 3105 τῇ
2349 3035 2668 3105 εὐχαριστία
2698 3034 2885 3104 μισθὸν
2911 3034 3173 3104 λαμϐάνει
3195 3050 3206 3063 ’
3253 3035 3299 3085 εί
3328 3034 3382 3085 δὲ
3421 3033 3739 3102 ἀχαριστεῖ,
3778 3033 3842 3084 δι’

2257 3125 2320 3188 ἃς
2352 3127 2448 3196 μὲν
2483 3127 2755 3197 ἁμαρτίας
2784 3125 3118 3190 παιδεύεται,
3151 3127 3212 3177 ἐκ
3234 3124 3340 3176 τῶν
3369 3124 3632 3176 τοιούτων
3663 3124 3844 3192 κρίνε-

2254 3239 2342 3274 ται
2362 3239 2373 3250 ’
2419 3223 2517 3292 τὴν
2546 3223 2600 3274 δὲ
2631 3222 2772 3291 ὑπὲρ
2810 3221 2909 3290 τῆς
2951 3221 3271 3290 ἀχαριστίας
3299 3219 3691 3287 εἰσπράττεται
3725 3235 3844 3268 ποι-

2255 3314 2540 3383 νήν.Ἐπε“ι
2577 3309 2667 3366 οὖν
2711 3315 2867 3366 ἅτινα
2909 3314 2986 3374 εἰς
3025 3311 3340 3380 ἀνθρώπους
3381 3326 3464 3371 τις
3506 3309 3842 3380 ἁμαρτάνει,

2254 3400 2452 3465 πολλὰς
2504 3401 2614 3472 ἔχει
2668 3402 2966 3472 προφάσεις
3023 3401 3455 3470 συγχωρήσεων·
3501 3401 3844 3469 ἁμαρτάνων

2254 3490 2360 3561 γάρ
2386 3507 2470 3553 τις
2511 3494 2589 3553 εἰς
2635 3491 2938 3560 ἄνθρωπον,
2974 3489 3131 3542 ἄλλον
3154 3490 3207 3540 δὲ
3235 3488 3520 3560 ἄνθρωπον
3550 3485 3612 3542 εὖ
3649 3491 3841 3548 ποιῶν,

2253 3583 2332 3644 είς
2364 3584 2430 3652 ἣν
2472 3583 2630 3651 φύσιν
2670 3583 2935 3652 ἥμαρτεν,
2969 3583 3104 3651 αὐτῇ
3135 3581 3228 3633 καὶ
3260 3580 3668 3651 ἀπελογήσατο.
3688 3585 3752 3634 Ἠ
3789 3583 3842 3632 6.“.

2253 3673 2330 3736 είς
2356 3673 2416 3724 τὸ
2437 3673 2657 3742 Πνεῦμα
2684 3672 2997 3742 βλασφημία
3022 3674 3158 3741 (ἐστι
3177 3672 3232 3724 δὲ
3257 3673 3506 3732 ἀπιστία,
3537 3671 3618 3750 μὴ
3642 3674 3843 3741 ἔχοντα

2253 3765 2442 3834 ἑτέραν
2485 3765 2755 3834 πρόφασιν
2811 3765 3227 3832 συγχωρήσεως,
3275 3765 3322 3812 εἰ
3368 3764 3443 3831 μὴ
3481 3764 3545 3812 τὸ
3579 3764 3838 3830 γενέαϐαι

2252 3855 2482 3924 πιστὸν),
2511 3855 2633 3908 οὔτε
2661 3855 2892 3908 ἐνταῦθα
2931 3855 3052 3908 οὔτε
3088 3857 3145 3907 ὲν
3175 3852 3252 3923 τῷ
3287 3853 3533 3923 μέλλοντι
3565 3854 3837 3921 deﬁrn-

2251 3964 2339 4000 ται
2367 3947 2461 4019 τῆς
2492 3947 2677 4011 Maia;
2709 3948 2801 4001 καὶ
2831 3947 3085 4010 ἀπιστίας
3110 3948 3142 4017 ή
3177 3946 3438 4017 ἁμαρτία.

2611 4139 2954 4191 Ἀθανασίου
2990 4135 3432 4202 Ἀλεξανδρείας
3457 4173 3472 4194 ,

2643 4230 2775 4299 Περὶ
2805 4226 3267 4299 σεληνιαζομένων
3295 4225 3430 4294 (9.5).

2317 4317 2514 4388 Κύριε,
2536 4319 2794 4387 ἐλέησόν
2807 4337 2927 4389 μου
2949 4319 3054 4371 τὸν
3073 4317 3225 4381 υἱὸν,
3258 4316 3347 4369 ὅτι
3383 4318 3543 4382 σελη
3554 4314 3834 4374 νιὰζεται,

2247 4412 2346 4463 καὶ
2390 4412 2584 4477 κακῶς
2612 4412 2850 4480 πάσχει.
2885 4413 2946 4463 Οἱ
2979 4409 3437 4480 σεληνιαζόψενοι.
3475 4408 3578 4477 οὑχ
3624 4409 3702 4471 ὡς
3735 4413 3838 4477 τῆς

2178 4526 2220 4582 D
2249 4502 2473 4573 σελήνης
2505 4503 2798 4572 παραιτίας
2839 4502 3128 4572 γινομένης
3162 4502 3259 4570 τῆς
3297 4499 3477 4552 αὐτῶν
3525 4500 3834 4573 φρενοελακ

2250 4594 2430 4659 6είας·
2463 4596 2583 4646 οὔτε
2618 4596 2722 4664 μὴν
2749 4597 2781 4662 ἡ
2816 4595 3010 4665 σελήνη
3042 4591 3262 4661 ἐκτίσθη
3293 4592 3373 4652 είς
3413 4592 3763 4652 κακοποιίαν,
3803 4592 3835 4657 ἦ

2252 4685 2383 4755 πρὸς
2427 4685 2630 4754 βλάϐην
2659 4685 2756 4753 τῆς
2788 4684 3135 4756 ἀνθρωπίνης
3167 4682 3399 4749 φύσεως,
3438 4680 3555 4733 ἀλλ’
3585 4683 3668 4743 εις
3711 4697 3838 4731 συν-

2248 4779 2434 4848 εργίαν
2469 4776 2649 4829 καλῶν
2697 4778 2789 4828 καὶ
2834 4776 3123 4844 ὠφελίμων
3153 4774 3512 4845 πραγμάτων.
3545 4768 3698 4825 Οὖσα
3725 4776 3839 4842 γὰρ

2247 4868 2387 4920 κατά
2436 4868 2594 4936 φύσιν
2633 4868 2796 4938 ὑγρὰ,
2834 4869 2944 4929 τοῖς
2997 4865 3210 4937 σώμασι
3253 4866 3345 4917 τὸν
3399 4865 3618 4934 ἥδιστον
3665 4865 3836 4916 ὕπνον

2243 4959 2511 5030 προξενεῖ,
2531 4961 2626 5030 τῆς
2647 4959 2704 5012 δὲ
2721 4959 2911 5021 νυκτὸς
2935 4959 2994 5010 τὸ
3025 4959 3211 5020 σκότος
3236 4957 3672 5028 παραμυθεῖται,
3698 4953 3838 5009 0-3:;

2243 5053 2626 5124 γαλακτοφαής
2646 5070 2658 5082 ο
2690 5051 2768 5120 τῷ
2788 5050 2842 5102 δὲ
2870 5050 3016 5120 ξηρῴ
3045 5052 3136 5104 καὶ
3160 5049 3238 5119 τῷ
3255 5049 3442 5122 θερμῷ
3466 5047 3542 5118 τῷ
3570 5049 3709 5119 ἡλίῳ
3741 5053 3836 5102 ἀν-

2242 5146 2720 5206 τιταλαντεύουσα,
2744 5146 2808 5213 τῇ
2840 5143 3094 5213 ὑγρότητι
3118 5143 3210 5194 καὶ
3235 5145 3301 5212 τῇ
3327 5141 3536 5210 ψυχρία
3555 5144 3735 5194 πάντα
3767 5159 3836 5193 τα

2245 5239 2384 5307 φυτά
2415 5240 2509 5291 καὶ
2530 5239 2652 5300 τοὺς
2670 5235 2958 5304 λειμῶνας,
2977 5235 3069 5288 καὶ
3091 5235 3268 5289 πᾶσαν
3293 5234 3428 5286 πόαν
3453 5235 3548 5286 καὶ
3571 5234 3832 5304 βοτάνην,

2244 5331 2318 5393 ὡς
2342 5333 2521 5401 μήτηρ
2543 5328 2739 5397 γνησία
2763 5328 2848 5379 διὰ
2874 5329 2970 5396 τῆς
2990 5327 3178 5390 νυκτὸς
3195 5327 3682 5396 ἐναγκαλιζομὲνη,
3702 5329 3804 5379 ἀνα

2246 5420 2487 5492 ζωπυρεῖ
2517 5421 2607 5472 καὶ
2638 5419 2922 5471 ἀναϐάλλει
2947 5437 2958 5448 ·
2985 5417 3123 5472 ὥστε
3150 5419 3366 5471 ύπὸτὴν
3383 5420 3457 5472 ἕω
3476 5419 3708 5488 ὁρᾶσθαι
3739 5425 3830 5472 καί

2239 5703 2554 5764 ponuntur,
2605 5709 2729 5761 pag.
2786 5693 2952 5764 ιοθβ,
3009 5707 3260 5764 ex_mss.
3320 5693 3551 5746 mutuati
3581 5701 3794 5764 summa.

2322 5764 2433 5833 (2'5)
2477 5762 2599 5817 llaec
2629 5781 2690 5819 ex
2720 5763 2838 5818 cod.
2881 5762 3012 5831 Reg.
3050 5761 3206 5826 1995,
3252 5779 3279 5813 ι
3323 5765 3506 5816 saeculi
3531 5804 3547 5828 ,
3578 5763 3669 5816 fol.
3701 5764 3803 5816 333
