4036 6424
591 339 728 393 1595

1396 349 1452 404 S.
1495 350 1861 410 ATUANASH
1901 356 2048 413 OPP.
2087 357 2267 417 PARS
2309 359 2396 418 lli.
2436 390 2507 402 —
2545 361 2952 419 EXEGETICA.

3717 369 3853 424 1396

582 462 668 507 est
690 454 870 513 homo.
911 459 1066 525 Quod
1111 462 1155 519 si
1183 465 1305 534 quis
1343 466 1492 527 ilhnl.
1532 479 1588 524 ut
1625 473 1866 528 sisterent
1899 492 2013 530 eum
2047 474 2154 532 Da-

2264 480 2598 553 ρισέσληται,
2633 483 2747 537 ἀλλ’
2780 480 2970 538 ἕνεκεν
2991 480 3085 537 τοῦ
3133 481 3380 553 ἁγιάζειν
3413 485 3519 557 τὴν
3547 483 3740 557 σάρκα
3765 500 3850 555 γε-

585 549 750 613 nu'no,
797 550 866 604 de
916 553 1034 623 ipso
1079 555 1312 614 Domino
1355 561 1558 616 dictant
1602 567 1858 635 excipiat.
1891 570 1937 624 is
1961 586 2092 624 sane
2121 587 2151 626 a

579 641 1058 704 verisimilitudine
1099 648 1318 708 labitur.
1344 653 1701 720 Quandonam
1729 659 1996 717 Dominus
2022 678 2153 719 ocu-

580 726 649 784 lis
695 728 872 790 Patris
917 737 1270 798 absconditus
1313 742 1432 808 fuit,
1486 756 1544 800 ut
1581 763 1686 802 non
1725 760 1910 818 posset
1935 753 2004 806 ab
2035 753 2153 824 ipso

578 823 925 884 videri?Aut
963 832 1086 900 quis
1135 835 1286 890 locus
1313 845 1463 891 extra
1525 840 1645 909 ejus
1697 842 1954 899 ditionem
2008 823 2155 915 posi-

579 920 689 981 tus,
718 927 779 972 ut
808 919 914 976 illic
939 922 1167 994 degens,
1211 926 1359 983 Patri
1403 946 1643 1000 prarscns
1673 949 1778 987 non
1818 944 1983 997 esset,
2016 939 2151 992 nis:-

577 1004 974 1082 Jerosolymam
1019 1016 1217 1073 allatus
1243 1030 1297 1075 et
1331 1021 1383 1074 in
1418 1023 1675 1093 templum
1704 1026 1958 1083 inductus
1979 1030 2154 1084 esset?

581 1097 692 1190 (Zur
722 1101 1006 1173 ﬁguratam
1048 1109 1278 1166 hostiam
1342 1115 1637 1172 oll‘erebant
1738 1135 1861 1174 cum
1913 1123 2028 1190 ipse
2084 1124 2153 1178 sit

577 1188 824 1246 veritas?
853 1193 937 1248 An
982 1196 1118 1251 forte
1154 1216 1260 1254 non
1295 1218 1392 1272 pro
1436 1205 1545 1269 illo,
1572 1207 1664 1260 sed
1699 1223 1797 1276 pro
1830 1188 1988 1264 nobis
2038 1211 2152 1266 haec

577 1281 779 1353 scripta
805 1287 969 1340 sunt?
1003 1287 1475 1354 Quemadmodum
1508 1297 1678 1362 enim,
1715 1297 1857 1354 Deus
1904 1317 2026 1355 cum
2057 1304 2148 1362 sit.

579 1388 687 1428 non
722 1375 805 1430 sui
830 1392 1017 1446 causa,
1037 1391 1228 1438 natura
1257 1385 1441 1451 homo,
1471 1387 1590 1442 sine
1617 1392 1917 1446 mutatione
1944 1402 2147 1459 tamen,

577 1465 827 1530 etiicitur,
865 1486 1027 1527 carne
1057 1475 1492 1544 circumciditur,
1525 1481 1850 1552 baptizatur,
1880 1494 2009 1545 etc..
2056 1489 2148 1540 sed

579 1560 752 1614 nostri
782 1564 980 1632 gratia,
1002 1575 1055 1619 ut
1089 1585 1212 1631 nos,
1236 1571 1328 1640 qui
1353 1571 1604 1629 homines
1626 1591 1837 1642 sumus,
1862 1578 2151 1648 adoptione

577 1664 674 1718 per
702 1655 929 1722 gratiam
980 1656 1054 1711 dii
1090 1659 1390 1716 elliciamur
1412 1701 1428 1728 ,
1455 1674 1510 1718 et
1555 1665 2014 1723 circumcidamur
2041 1671 2159 1740 spi-

579 1741 869 1811 ritualiter,
897 1763 1005 1801 non
1038 1754 1339 1807 secundum
1378 1755 1571 1825 legem,
1604 1757 1793 1812 sordes
1821 1761 2021 1827 peccati
2057 1778 2151 1830 per

2256 592 2414 643 γονεν
2444 573 2748 646 ἄνθρωπος.
2785 577 2848 630 Ei
2877 575 2935 631 δὲ
2977 575 3071 631 καί
3101 574 3182 641 τὸ,
3233 575 3639 648 παραστῆσαι
3663 581 3854 633 αὑτὸν

2254 665 2335 731 τῷ
2375 668 2586 736 Κυρίῳ,
2615 669 2744 741 περὶ
2773 666 2938 724 αὑτοῦ
2970 668 3064 723 τοῦ
3097 667 3303 739 Κυρίου
3341 689 3429 736 τις
3460 671 3724 735 ὲκλάϐοι,
3763 679 3851 727 καί

2254 758 2428 822 οὔτως
2457 761 2712 813 ἐκπίπτει
2754 760 2849 814 τοῦ
2883 761 3109 825 εεκὸτος.
3161 758 3298 816 Πότε
3348 763 3458 834 γὰρ
3488 764 3803 835 ἀπεκρύῦη
3831 768 3856 817 ὁ

2254 851 2458 924 Κύριος
2487 854 2550 907 ὲκ
2596 853 2704 907 τῶν
2743 852 3033 924 ὀφθαλμῶν
3068 852 3163 906 τοῦ
3198 855 3413 926 Πατρὸς
3436 895 3451 921 ,
3499 857 3596 911 ἵνα
3651 858 3733 928 μὴ
3766 857 3825 908 δυ

2254 942 2389 1014 νηθῇ
2441 941 2531 997 ὕπ’
2573 942 2737 996 αὐτοῦ
2775 943 3041 1013 ὀρᾶσθαις
3078 944 3147 997 Ἢ
3176 948 3329 1007 ποῖος
3358 945 3530 1008 τόπος
3596 945 3714 1011 ἔξω
3762 947 3856 1014 τῆς

2254 1033 2421 1088 αὑτοῦ
2448 1035 2762 1099 δεσποτείας
2789 1035 3043 1107 ὑπάρχει,
3075 1035 3160 1089 ἵνα
3190 1038 3306 1090 ἐκεῖ
3347 1036 3422 1091 ὢν
3459 1037 3537 1109 μὴ
3574 1041 3734 1108 παρῇ

2254 1127 2449 1196 Πατρὶ,
2483 1128 2532 1180 εί
2564 1127 2638 1197 μὴ
2677 1129 2757 1190 είς
2793 1127 3138 1198 Ἱεροσόλυμα
3182 1127 3477 1200 ἀνηνέχθη,
3517 1130 3620 1181 καὶ
3655 1132 3743 1192 εἰς
3767 1131 3854 1183 τὸν

2254 1217 2380 1269 ναὸν
2430 1217 2763 1288 είσηνέχθη;
2797 1217 2924 1280 Πῶς
2953 1217 3010 1270 δὲ
3054 1219 3148 1271 καὶ
3199 1217 3298 1282 τὰς
3346 1221 3597 1284 τυπικὰς
3656 1221 3853 1283 θυσίας

2254 1307 2614 1382 προσέφερον,
2650 1307 2814 1362 αὑτοῦ
2859 1309 3194 1380 ὑπάρχοντος
3226 1310 3328 1381 τῆς
3373 1310 3685 1378 dit-quain;
3735 1314 3854 1382 Mi;-

2256 1402 2376 1454 ποτ*
2398 1397 2490 1455 οὖν
2516 1401 2577 1456 ού
2617 1401 2690 1454 δι’
2730 1401 2892 1454 αὑτὸν
2912 1440 2926 1464 ,
2962 1401 3098 1455 ἀλλὰ
3139 1402 3206 1455 δι’
3236 1404 3388 1472 ἡμᾶς
3416 1403 3599 1456 ταῦτα
3636 1406 3850 1475 γέγρα-

2253 1509 2428 1550 πταις
2479 1492 2691 1565 Ὥσπερ
2727 1492 2857 1564 γὰρ,
2888 1491 3019 1555 Θεὸς
3064 1491 3175 1558 ὼν,
3217 1496 3278 1547 ού
3321 1493 3387 1547 δι’
3424 1495 3632 1548 ἑαυτὸν
3691 1498 3852 1564 φύσει

2253 1584 2540 1657 ἄνθρωπος
2585 1583 2870 1654 ἀτρέπτως
2918 1585 3148 1657 γίνεται,
3179 1586 3274 1639 καὶ
3307 1586 3471 1658 σαρκί
3515 1587 3853 1658 περιτέμνε-

2251 1694 2363 1740 ται,
2399 1677 2494 1730 καί
2529 1675 2869 1745 βαπτίζεται,
2904 1680 2999 1732 καὶ
3027 1677 3228 1742 τᾶλλα,
3271 1679 3406 1731 ἀλλὰ
3440 1679 3509 1730 δι’
3551 1681 3736 1750 ἡμᾶς,
3767 1680 3851 1734 ἴνα

2253 1771 2440 1838 ἡμεῖς,
2475 1767 2751 1840 ἄνθρωποι
2783 1770 2955 1833 ὄντες,
2984 1770 3128 1824 θέσει
3162 1770 3248 1824 διὰ
3275 1771 3372 1841 τῆς
3405 1771 3642 1841 χάριτος
3676 1771 3849 1839 γενώ-

577 1829 906 1899 baptismum
941 1836 1252 1907 abluamus,
1288 1845 1676 1914 crucitigatnnr
1721 1850 1945 1910 mundo,
1981 1860 2035 1904 et
2060 1829 2154 1904 re-

2257 1858 2399 1928 μεθα
2437 1859 2568 1924 θεοὶ,
2603 1861 2697 1912 καὶ
2729 1861 3157 1933 περιτμηθῶμεν
3187 1862 3610 1930 πνευματικῶς,
3641 1864 3767 1915 ἀλλ’
3790 1865 3848 1916 οὐ

577 1938 865 1991 surgamus
900 1927 1042 1994 Deo;
1075 1932 1148 1986 ita
1194 1936 1338 2002 quod
1375 1936 1464 1992 hic
1498 1937 1700 1993 dicitur
1734 1942 1802 1995 de
1833 1944 2152 2013 purgatione

573 2030 791 2081 eorum,
821 2031 892 2082 et,
926 2033 978 2072 tu
1010 2022 1394 2084 sisterenteum
1427 2026 1674 2094 Domino,
1709 2040 1763 2084 et
1807 2033 1872 2085 de
1905 2032 2150 2102 liguratis

583 2104 930 2174 hostiis,nou
965 2114 1156 2182 ipsius,
1185 2115 1280 2171 sed
1330 2112 1506 2173 nostri
1539 2135 1702 2175 causa
1743 2134 1895 2190 gesta
1927 2134 1981 2177 et
2014 2126 2149 2178 scri-

575 2207 666 2264 pta
700 2211 859 2263 sunt,
892 2214 949 2256 ut
995 2205 1275 2261 discamus
1331 2210 1608 2277 quomodo
1659 2227 1760 2266 nos
1822 2228 2054 2282 purgare
2097 2223 2151 2267 et

574 2287 771 2345 sistere
821 2293 928 2346 Deo
956 2296 1269 2363 debeamus,
1305 2302 1536 2372 mystice
1561 2319 1624 2359 ac
1658 2305 2015 2374 Spiritualiter
2064 2308 2150 2361 oi"-

574 2381 811 2438 i'erentcs
845 2386 944 2455 ipsi
980 2405 1078 2457 par
1111 2400 1408 2459 turturum,
1444 2406 1540 2450 aut
1560 2398 1696 2452 duos
1727 2399 1905 2467 pullos
1933 2399 2146 2454 Colum-

577 2477 794 2530 barum.
831 2480 1038 2536 'l‘urtur
1067 2485 1266 2554 quippe
1302 2490 1669 2558 temperantia:
1699 2500 1753 2544 et
1774 2492 1972 2560 quietis
1997 2509 2146 2563 sym-

575 2567 756 2622 bolum
788 2582 906 2625 est:
958 2589 1082 2628 nam
1138 2577 1447 2634 solitudinis
1494 2596 1683 2636 amans
1742 2583 2149 2637 continentissi-

528 2706 532 2711 .
575 2675 835 2728 tuumque
861 2663 1063 2718 animal
1094 2676 1215 2733 est;
1262 2667 1333 2722 ita
1378 2679 1436 2723 ut
1469 2671 1585 2725 sive
1624 2686 1773 2726 mare
1801 2672 1915 2727 sive
1946 2673 2146 2727 femina

572 2749 864 2817 defunctis,
899 2766 1088 2810 neuter
1105 2772 1296 2812 eorum
1323 2760 1477 2814 alteri
1507 2766 1828 2832 copuletur:
1864 2766 1996 2833 pulli
2023 2783 2148 2820 vero

575 2843 978 2910 columbarum,
1030 2848 1354 2907 innocentia:
1401 2864 1454 2908 et
1502 2859 1941 2912 mansuetudinis
1989 2870 2148 2930 ttpus

572 2943 718 2988 sunt.
758 2935 1042 3009 Quotquot
1078 2942 1242 3008 igitur
1269 2960 1388 2999 sese
1421 2962 1523 3016 per
1540 2950 1931 3004 continentiam
1964 2967 1993 3004 ιι
2028 2967 2149 3004 car-

574 3027 790 3082 naiibus
822 3032 1189 3104 voluptatibus
1213 3046 1267 3091 et
1300 3041 1761 3109 concupiscentiis
1794 3054 2098 3113 expungant
2128 3086 2143 3110 ,

572 3131 638 3172 ac
659 3133 754 3188 per
781 3120 1146 3180 innocentiam
1174 3137 1229 3182 et
1267 3132 1741 3186 mansuetudinem
1783 3134 1853 3187 ab
1882 3135 1958 3188 ira
1989 3145 2043 3188 et
2071 3134 2152 3189 lu-

573 3224 699 3264 rore
737 3221 1058 3283 temperant,
1097 3219 1353 3287 pulchras
1377 3235 1564 3276 revera
1602 3223 1806 3279 hostias
1839 3225 2152 3292 aﬂ'erentes,
2175 3195 2219 3253 ο

573 3300 668 3356 Dei
709 3308 951 3374 aspectui
1018 3321 1222 3380 patent,
1259 3328 1322 3368 ac
1381 3315 1434 3369 in
1481 3314 1782 3372 Jerusalem
1828 3318 2034 3373 emlesti
2089 3334 2150 3373 se

577 3395 799 3452 sistunt.
819 3398 1181 3473 Nihilquippe
1206 3406 1276 3459 ita
1301 3405 1409 3462 Deo
1434 3408 1659 3462 charum
1693 3420 1777 3465 est
1807 3422 1866 3465 ut
1895 3411 2126 3466 iunocen

578 3489 656 3542 tia
703 3502 756 3544 et
798 3492 1153 3549 continentia.
1195 3495 1269 3549 Ita
1300 3513 1431 3552 sane
1475 3515 1576 3554 nos
1629 3502 1971 3556 continentes
2025 3517 2149 3556 esse

580 3584 806 3651 expetit,
835 3595 895 3639 ut
934 3602 1000 3639 ne
1039 3588 1256 3656 quidem
1304 3591 1372 3645 ad
1424 3593 1919 3662 concupiscentiam
1977 3610 2149 3663 usque

579 3673 862 3728 mulierem
890 3677 1251 3745 respiciamus
1277 3682 1293 3710 '
1329 3721 1342 3735 .
1380 3679 1454 3735 De
1486 3681 1793 3737 innocentia
1826 3693 2007 3737 autem
2037 3686 2150 3739 lucc

580 3765 693 3819 ait:
731 3765 858 3821 Nisi
907 3773 1138 3823 conversi
1190 3772 1399 3839 fueritis
1430 3783 1478 3826 et
1509 3776 1807 3843 e/ficiamini
1855 3778 1992 3830 sicut
2027 3793 2152 3844 par-

578 3856 688 3909 euli
723 3858 792 3923 ⁵³,
834 3875 940 3913 non
975 3876 1234 3929 corporea
1271 3865 1490 3932 quidem
1523 3876 1766 3932 statura;
1800 3867 1893 3920 sed
1926 3867 1993 3920 iis
2021 3883 2156 3936 pue-

581 3963 768 4003 rorum
806 3952 1172 4008 innocentiam
1201 3957 1491 4026 signiﬁcat.
1523 3957 1952 4013 Mansuetudinis
1982 3975 2146 4028 porro

579 4052 633 4093 et
661 4040 987 4100 humilitatis
1019 4062 1140 4100 sese
1195 4047 1249 4100 in
1276 4049 1584 4118 exemplum
1622 4051 1872 4120 pmpouit
1915 4051 2101 4105 dicens
2131 4072 2143 4107 :

579 4131 782 4186 Discite
806 4150 836 4187 a
864 4153 942 4189 me
964 4140 1087 4206 quia
1110 4141 1250 4194 mitis
1276 4158 1391 4195 sum
1416 4153 1463 4195 et
1487 4143 1700 4195 humilis
1722 4145 1876 4196 corde
1899 4143 1961 4196 “.
1987 4142 2139 4208 Quod

583 4224 630 4276 si
662 4225 784 4294 quis
807 4226 1024 4291 dixeiit.
1067 4230 1247 4296 Quare
1290 4242 1588 4286 memorata
1624 4235 1878 4288 animalia
1910 4235 2034 4287 bina
2069 4234 2153 4287 of-

585 4312 714 4367 ferri
744 4320 1018 4389 przecepit,
1050 4330 1104 4374 et
1138 4323 1239 4374 alia
1269 4322 1489 4391 quidem
1539 4325 1774 4392 perfecta
1795 4367 1810 4390 ,
1843 4325 1946 4378 alia
1979 4326 2154 4394 pullos

582 4406 698 4458 vult
725 4409 890 4462 esse?
930 4411 1060 4465 huic
1100 4427 1357 4480 reponam
1389 4455 1404 4479 ,
1453 4430 1576 4468 cum
1637 4415 1799 4470 homo
1829 4432 1896 4470 ex
1936 4415 2151 4470 duobus

2252 1954 2510 2024 νομικῶς,
2542 1955 2637 2007 καὶ
2660 1953 2750 2006 τὸν
2782 1954 2952 2024 ῥύπον
2986 1954 3380 2026 ἀωνιψὼμεθα
3425 1955 3529 2025 τῆς
3566 1957 3851 2027 ἁμαρτίας

2249 2046 2338 2099 διὰ.
2368 2045 2463 2098 τοῦ
2495 2045 2888 2117 βαπτίσματος,
2924 2047 3017 2099 καὶ
3065 2045 3473 2117 σταυρωθῶμεν
3507 2047 3593 2117 τῷ
3631 2050 3848 2118 κόσμῳ,

2250 2141 2344 2192 καὶ
2381 2139 2703 2210 ἀναστῶμεν
2738 2137 2814 2209 τῷ
2839 2139 2958 2211 Θεῷ
2983 2155 2999 2170 ·
3033 2137 3177 2192 οὔτω
3208 2139 3438 2192 κάνθάδε
3487 2139 3550 2192 τὸ
3584 2143 3722 2210 περὶ
3755 2141 3849 2193 τοῦ

2251 2231 2597 2303 καθαρισμοῦ
2619 2230 2817 2293 αὐτῶν,
2851 2231 2944 2284 καὶ
2985 2231 3068 2292 τὺ,
3109 2231 3499 2300 παραστῆσαι
3534 2233 3738 2284 αὐτὸν
3771 2231 3851 2296 τῷ

2250 2321 2463 2388 Κυρίῳ,
2481 2319 2715 2391 καὶπερὶ
2743 2319 2852 2372 τῶν
2879 2320 3123 2374 τυπικῶν
3148 2320 3449 2384 θυσιῶν,οὑ
3473 2321 3539 2372 δι’
3561 2323 3852 2385 themil-

2248 2411 2392 2465 λαδι’
2408 2412 2556 2482 ἡμᾶς
2577 2411 2668 2464 καὶ
2680 2411 2968 2481 γεγένηται
3003 2412 3096 2464 καὶ
3113 2413 3439 2484 γέγραπται·
3463 2412 3554 2464 ἵνα
3576 2412 3845 2482 μάθωμεν

2250 2503 2531 2574 καθαίρειν
2557 2503 2650 2556 καὶ
2669 2502 3019 2574 παριστάνειν
3045 2503 3269 2567 ἑαυτοὺς
3290 2503 3366 2572 τῷ
3390 2503 3534 2572 Θεῷ,
3557 2504 3846 2572 μυστικῶς

2253 2595 2655 2668 προσφέροντες
2685 2593 2833 2664 αὐτῷ
2871 2595 2964 2646 καὶ
2995 2595 3378 2664 πνευματικῶς
3411 2593 3616 2661 ζεῦγος
3644 2595 3846 2664 τρυηύ-

2252 2707 2379 2753 νων,
2410 2689 2444 2759 ἢ
2472 2688 2564 2742 δύο
2587 2686 2841 2750 νεοσσοὺς
2874 2686 3233 2758 περιστερῶν.
3272 2686 3382 2739 Καὶ
3407 2688 3440 2756 ἡ
3483 2685 3586 2748 μὲν
3622 2686 3844 2756 τρυῆςὼν

2253 2781 2604 2852 σωφροσύνης
2643 2780 2736 2831 καὶ
2772 2777 3002 2849 ἡσυχίας
3041 2777 3308 2848 σύμϐολον
3332 2793 3344 2806 ο
3381 2777 3698 2846 φιλέρημαν
3735 2778 3842 2847 γὰρ

2249 2876 2311 2928 τὸ
2344 2874 2482 2939 ζῶον
2507 2874 2600 2927 καὶ
2633 2873 3076 2944 σωφρονέστατον
3099 2887 3111 2900 ·
3142 2871 3282 2924 ὥστε
3309 2871 3398 2922 τοῦ
3423 2870 3661 2940 ἇρρενος
3686 2871 3719 2941 ἦ
3748 2871 3839 2923 τοῦ

2251 2967 2441 3038 Οήλεος
2500 2966 2963 3036 ἀποθνήσκοντος,
3004 2963 3125 3034 μηδ’
3180 2965 3364 3034 ἓτερον
3420 2962 3604 3015 αὐτῶν
3669 2964 3839 3034 ἑτέρῳ

2252 3057 2677 3128 συζεύγνυσθαι·
2725 3058 2773 3110 οἱ
2818 3057 2874 3110 δὲ
2908 3057 3118 3109 νεοσσοὶ
3165 3055 3272 3107 τῶν
3308 3056 3661 3126 περιστερῶν
3708 3057 3844 3108 ἀκα-

2252 3153 2377 3216 κίας
2410 3152 2504 3205 καὶ
2539 3151 2843 3221 πραότητος
2870 3149 3060 3211 τύπος.
3093 3149 3249 3200 Ὅσοι
3282 3149 3460 3200 τοίνυν
3493 3149 3584 3200 διὰ
3624 3166 3838 3218 σωφρο-

2255 3245 2419 3314 σύνης
2462 3243 2815 3313 καθαίρουσιν
2864 3243 3090 3304 ἑαυτοὺς
3139 3241 3248 3294 ἀπὸ
3306 3241 3588 3311 σαρκικῶν
3638 3240 3840 3311 ἡδονῶν

2251 3339 2344 3391 καὶ
2369 3335 2696 3407 ἐπιθυμιῶν,
2724 3335 2817 3387 καὶ
2845 3333 2931 3387 διὰ
2968 3334 3066 3404 τῆς
3103 3332 3340 3395 ἀκακίας
3391 3335 3484 3385 καὶ
3528 3335 3838 3404 πραότητος

2251 3431 2544 3499 ἀπέχονται
2567 3427 2738 3498 θυμοῦ
2764 3429 2859 3480 καὶ
2881 3427 3072 3498 ὀργῆς,
3105 3421 3274 3488 ὅντως
3298 3425 3466 3488 καλὰς
3494 3425 3689 3489 θυσίας
3722 3429 3850 3478 ἐπι-

2252 3523 2561 3592 φερόμενοι,
2601 3519 2925 3572 ὀπτάνονται
2958 3517 3036 3587 τῷ
3055 3516 3194 3587 Θεῷ,
3233 3515 3326 3568 καὶ
3353 3517 3725 3585 παρίστανται
3762 3521 3841 3579 εἰς

2264 3610 2614 3684 Ἰερουσαλὴμ
2642 3611 2740 3681 τὴν
2784 3608 3124 3679 ἐπουράνιον.
3175 3606 3338 3660 Οἰδὲν
3380 3606 3487 3677 γὰρ
3539 3607 3686 3660 οὓτω
3718 3607 3842 3676 Θεῷ

2254 3704 2405 3771 φίλον
2437 3700 2511 3765 ὡς
2542 3702 2746 3755 ἀκακία
2792 3703 2886 3754 καὶ
2930 3698 3269 3770 σωφροσύνη.
3325 3699 3542 3769 Ἀμέλει
3582 3699 3844 3752 τοσοῦτον

2253 3799 2399 3867 ἡμᾶς
2430 3788 2567 3848 εἶναι
2600 3794 2853 3864 βούλεται
2887 3792 3189 3864 σώφρονας,
3217 3792 3292 3854 ὡς
3329 3791 3461 3861 μηδὲ
3491 3791 3686 3861 μέχρις
3712 3793 3840 3843 ἐπι-

2255 3888 2454 3959 Θυμίας
2489 3884 2781 3958 ἐμϐλέπειν
2809 3885 3050 3953 γυναικί.
3098 3884 3230 3954 Περὶ
3264 3881 3318 3936 δὲ
3344 3881 3440 3949 τῆς
3463 3884 3701 3945 ἀκακίας
3737 3900 3844 3952 φη-

2257 3979 2375 4031 σίν·
2423 3975 2656 4046 Ἐὰν-μὴ
2693 3973 2999 4044 στραφῆτε
3029 3975 3125 4027 καὶ
3163 3973 3418 4038 γένησθε
3466 3972 3548 4037 ὡς
3576 3973 3651 4024 τὰ
3702 3990 3844 4026 παι-

2254 4068 2372 4128 δία,
2412 4069 2471 4120 οὐ
2503 4066 2641 4118 κατὰ
2665 4068 2764 4134 τὴν
2798 4061 3114 4134 σωματικὴν
3142 4062 3374 4132 ἡλικίαν,
3408 4060 3543 4116 ἀλλα
3581 4063 3678 4132 τὴν
3699 4065 3846 4116 ἀκα-

2256 4161 2378 4214 κίαν
2405 4159 2495 4212 διὰ
2522 4159 2629 4211 τῶν
2671 4157 2874 4210 παίδων
2924 4155 3223 4227 σημαίνων.
3279 4153 3590 4226 Πραότητος
3631 4154 3685 4205 δὲ
3746 4158 3846 4207 καὶ

2255 4247 2752 4322 ταπεινοφροσύνης
2807 4246 2998 4300 ἑαυτὸν
3050 4245 3355 4314 ὑπόδειγμα
3383 4241 3563 4312 τίθησι
3613 4243 3792 4312 λέγων
3824 4262 3839 4274 ·

2257 4343 2480 4397 Μάθετε
2504 4340 2604 4395 ἀπ’
2634 4341 2803 4410 ἐμοῦ,
2833 4338 2921 4392 ὅτι
2951 4336 3142 4407 πρᾶός
3191 4339 3306 4405 ειμι
3330 4335 3426 4388 καί
3453 4338 3736 4402 ταπεινὸς
3765 4337 3846 4404 τῇ

2257 4434 2489 4501 καρδίᾳ.
2521 4433 2582 4485 Ei
2608 4432 2663 4484 δέ
2697 4449 2778 4494 τις
2802 4430 2945 4483 είποι
2965 4445 2978 4457 ·
3007 4427 3104 4481 Διὰ
3131 4428 3181 4480 τί
3230 4424 3323 4479 δύο
3350 4425 3441 4478 καὶ
3473 4424 3568 4478 δύο
3590 4428 3842 4497 προσφέ-

583 4508 816 4562 constet,
837 4502 1017 4555 anima
1044 4503 1251 4558 scilicet
1282 4515 1336 4559 et
1368 4522 1616 4576 corpore,
1637 4508 1905 4577 duplicem
1937 4523 1964 4561 a
1998 4510 2154 4564 nobis

2265 4525 2451 4597 ρεσθαι
2488 4525 2554 4577 τὰ
2592 4521 2852 4594 εἰρημένα
2904 4517 3017 4585 ζῶα
3048 4518 3320 4581 ἐκέλευσε,
3374 4518 3466 4570 καὶ⁵
3510 4518 3579 4569 τὰ
3617 4520 3712 4588 μὲν
3750 4519 3846 4571 τέ-

583 4592 976 4647 rontinentiam
1010 4606 1062 4649 ct
1092 4599 1562 4654 mansuetudinem
1623 4601 1793 4656 Deum
1847 4604 2142 4672 requirere.

585 4681 720 4735 Nam
749 4684 792 4737 si
820 4700 1050 4756 corpore
1083 4690 1300 4757 quidem
1349 4707 1380 4746 a
1413 4692 1726 4748 carnalibus
1786 4693 2152 4763 voluptatibus

583 4778 910 4842 abstineam,
936 4781 1128 4834 animo.
1151 4794 1329 4837 autem
1372 4785 1437 4839 ad
1471 4801 1659 4840 earum
1691 4785 2000 4856 cupidiumn
2037 4803 2154 4838 nio-

585 4885 733 4935 vear,
760 4886 869 4926 non
901 4876 1210 4937 continens,
1263 4877 1354 4930 sed
1388 4878 1636 4931 tumelias
1674 4895 1813 4933 sunt.
1869 4877 2002 4931 Nam
2061 4879 2153 4946 qui

584 4965 842 5030 respexit.
877 4964 975 5025 ait,
1021 4965 1086 5017 ad
1122 4969 1614 5036 concupiscendum
1649 5011 1662 5031 ,
1706 4970 1817 5038 jam
1853 4971 2158 5025 nio-,chatus

582 5066 668 5109 est
696 5058 747 5108 in
781 5056 947 5112 corde
989 5057 1054 5108 "-.
1081 5060 1158 5113 Ac
1181 5076 1421 5124 rursum,
1449 5064 1540 5130 qui
1569 5065 1747 5132 specie
1769 5064 1985 5134 quidem
2011 5081 2159 5118 man.

587 5161 782 5202 suetus
829 5164 950 5203 esse
987 5149 1232 5218 videtur;
1280 5155 1459 5208 anima
1488 5166 1668 5208 autem
1725 5157 1790 5208 ad
1838 5157 1971 5210 iram
2011 5171 2158 5211 com-

590 5257 840 5300 movetur
865 5263 880 5312 ;
907 5264 1015 5301 non
1050 5248 1328 5313 innocens,
1357 5249 1448 5303 sed
1483 5250 1758 5319 hypocrita
1783 5259 1835 5302 et
1867 5249 2160 5303 iracundus

587 5345 692 5398 est,
736 5337 962 5391 occulta:
994 5338 1213 5391 malitia:
1243 5339 1639 5406 operimentum
1673 5338 1878 5391 habens
1927 5339 2160 5391 ementi-

593 5435 700 5479 tam
735 5427 878 5480 illam
909 5427 1235 5482 innocentia:
1266 5429 1499 5497 speciem
1534 5449 1549 5483 ε
1580 5428 1722 5497 quod
1768 5445 1945 5494 genus
1981 5430 2158 5482 homi-

599 5532 728 5569 num
763 5520 1025 5588 propheta
1055 5521 1361 5574 subindicat
1391 5521 1474 5573 his
1515 5521 1728 5574 verbis:
1761 5519 1861 5574 Ore
1885 5538 1980 5574 suo
2011 5521 2160 5574 bene—

592 5609 834 5662 dicebant
886 5623 934 5664 et
981 5615 1136 5665 corde
1169 5631 1262 5665 suo
1305 5613 1679 5666 maledicebant
1718 5614 1782 5669 ⁵⁸.
1811 5615 1888 5668 Ac
1919 5631 2110 5667 rursus
2144 5633 2158 5666 ι

592 5703 694 5766 Qui
723 5702 1011 5774 (equinuur
1036 5722 1218 5773 pacem
1251 5721 1365 5758 cum
1397 5707 1636 5775 proximo
1673 5721 1790 5772 suo,
1817 5706 1960 5759 mala
1983 5716 2158 5758 autent

661 5847 707 5880 "
738 5847 926 5905 Matth.
977 5866 1030 5918 \',
1077 5848 1168 5904 28.
1249 5850 1294 5881 "
1353 5849 1538 5905 Matth.
1601 5849 1832 5918 unus.

1910 5851 1955 5882 ”
1986 5848 2258 5916 MilililJJ,
2287 5852 2374 5904 αθ.

2262 4618 2400 4678 λεια.
2432 4615 2499 4668 τὰ
2538 4615 2595 4668 δὲ
2632 4612 2923 4678 νεοσσούς;
2974 4612 3139 4682 φημὶ,
3173 4611 3275 4670 ὅτι,
3309 4610 3399 4663 τοῦ
3435 4610 3723 4685 ἀνθρώπου
3762 4611 3852 4662 δι-

2264 4707 2399 4760 πλοῦ
2450 4705 2598 4768 ὄντος
2628 4747 2642 4770 ,
2675 4703 2951 4756 τουτέστιν
2987 4705 3052 4755 ὲκ
3091 4700 3268 4771 ψυχῆς
3316 4700 3408 4753 καί
3443 4699 3712 4772 σώματος,
3765 4701 3845 4753 δι-

2264 4800 2403 4869 πλῆν
2431 4797 2584 4868 ζητεῖ
2612 4797 2740 4868 παρ’
2787 4795 2941 4866 ἡμῶν
2982 4795 3010 4845 ὁ
3054 4793 3183 4855 Θεὸς
3220 4795 3320 4862 τήν
3369 4810 3428 4844 τε
3481 4792 3845 4862 σωφροσύνην

2265 4894 2359 4945 καὶ
2390 4893 2486 4962 τὴν
2511 4889 2811 4961 πραότητα.
2845 4887 2906 4938 Εἰ
2936 4885 3044 4956 γὰρ
3068 4885 3207 4938 κατὰ
3235 4885 3331 4955 μὲν
3355 4884 3414 4936 τὸ
3439 4884 3600 4953 σῶμα
3633 4884 3842 4952 ἀπέχο-

2271 4999 2364 5050 μαι
2400 4978 2676 5051 σαρκικῶν
2704 4975 2926 5046 ἡδονῶν,
2956 4976 3092 5029 κατὰ
3118 4975 3172 5027 δὲ
3198 4977 3294 5042 τὴν
3321 4974 3496 5042 ψυχὴν
3551 4974 3687 5042 πρὸς
3714 4977 3843 5025 ἑπι-

2267 5071 2466 5138 θυμίαν
2516 5067 2719 5119 τούτων
2763 5065 3015 5134 κινοῦμαι
3043 5108 3055 5124 ,
3108 5063 3207 5115 οὐκ
3241 5063 3355 5131 εἰμί
3391 5061 3624 5131 σώφρων
3653 5105 3666 5120 ,
3701 5063 3845 5116 ἀλλὰ

2271 5160 2473 5230 μοιχός.
2521 5158 2578 5209 '0
2608 5157 2715 5227 γὰρ
2765 5155 3057 5226 ἐμϐλέψας,
3088 5153 3238 5222 φησὶ,
3293 5153 3427 5221 πρὸς
3460 5151 3521 5204 τὸ
3565 5154 3846 5224 ἐπιθυμῆ-

2273 5251 2499 5320 σαι,ἧδη
2529 5250 2843 5318 ἐμοίχευσεν
2872 5248 2928 5298 ὲν
2961 5247 3024 5313 τῇ
3050 5240 3267 5312 καρδία.
3299 5244 3408 5294 Καὶ
3444 5239 3600 5304 αὖθις
3626 5246 3655 5295 ὁ
3702 5246 3847 5298 κατὰ

2268 5341 2327 5393 τὸ
2352 5340 2670 5410 φαινόμενον
2697 5337 2866 5388 δοκῶν
2887 5331 3024 5386 εἶναι
3049 5335 3240 5403 πρᾶος,
3274 5334 3414 5385 κατὰ
3448 5333 3501 5386 δὲ
3532 5334 3630 5400 τὴν
3664 5333 3844 5403 ψυχὴν

2272 5432 2582 5501 κινούμενος
2608 5430 2742 5502 πρὸς
2768 5427 2958 5496 θυμὸν,
2991 5424 3090 5476 οὐκ
3118 5423 3265 5478 ἐστιν
3296 5425 3519 5486 ἄκακος,
3553 5424 3668 5476 ἀλλ’
3703 5424 3842 5476 ὑπην-

2274 5526 2466 5596 κριτὴς
2497 5523 2591 5575 καὶ
2622 5518 2918 5592 μηνιαστὴς
2938 5558 2953 5581 ,
2991 5517 3127 5588 ἔχων
3177 5517 3276 5585 τῆς
3323 5515 3710 5584 κεκρυμμένης
3741 5534 3842 5568 κει·

2272 5618 2393 5680 κίας
2438 5617 2500 5668 τὸ
2550 5610 2902 5682 ἐπικάλυμμα
2943 5613 3041 5680 τὴν
3077 5608 3404 5678 φαινομένην
3451 5606 3543 5658 καὶ
3578 5605 3842 5658 δοκοῦσαν

2272 5706 2410 5764 εἶναι
2445 5705 2713 5760 ἀκακίανο
2741 5702 2832 5764 οὓς
2861 5703 2887 5753 ὁ
2913 5701 3199 5772 προφήτης
3236 5695 3601 5764 αἰνιττόμενος
3643 5695 3788 5761 λέγει

2454 5851 2494 5879 ⁵⁷
2526 5847 2715 5901 Matth.
2752 5861 2801 5908 γ,
2830 5844 2919 5897 ΞΒ.
3000 5840 3207 5896 "Psal.
3245 5852 3355 5900 ιιι,
3387 5838 3435 5897 δ.
