  <div class='ocr_page' id='page_1' title='image "/cluster/home/n/w/nwhite01/storage/ocr_20150623/27/ien.35556001660521/711.png"; bbox 0 0 4036 6434; ppageno 0'>
   <div class='ocr_carea' id='block_1_1' title="bbox 608 351 747 413">
    <p class='ocr_par' dir='ltr' id='par_1_1' title="bbox 608 351 747 413">
     <span class='ocr_line' id='line_1_1' title="bbox 608 351 747 413; baseline 0 0"><span class='ocrx_word' id='word_1_1' title='bbox 608 351 747 413; x_wconf 72' lang='lat'><strong>1399</strong></span> 
     </span>
    </p>
   </div>
   <div class='ocr_carea' id='block_1_2' title="bbox 1417 350 2985 412">
    <p class='ocr_par' dir='ltr' id='par_1_2' title="bbox 1417 350 2985 412">
     <span class='ocr_line' id='line_1_2' title="bbox 1417 350 2985 412; baseline 0.003 -6"><span class='ocrx_word' id='word_1_2' title='bbox 1417 352 1473 406; x_wconf 90' lang='lat' dir='ltr'><strong>S.</strong></span> <span class='ocrx_word' id='word_1_3' title='bbox 1510 351 1883 408; x_wconf 76' lang='lat' dir='ltr'><strong>ATIIANASII</strong></span> <span class='ocrx_word' id='word_1_4' title='bbox 1921 350 2072 410; x_wconf 75' lang='lat' dir='ltr'><strong>OPP.</strong></span> <span class='ocrx_word' id='word_1_5' title='bbox 2115 351 2300 408; x_wconf 79' lang='lat' dir='ltr'><strong>PARS</strong></span> <span class='ocrx_word' id='word_1_6' title='bbox 2338 352 2420 411; x_wconf 84' lang='lat' dir='ltr'><strong>Ill.</strong></span> <span class='ocrx_word' id='word_1_7' title='bbox 2467 384 2535 396; x_wconf 92' lang='lat'><strong>-</strong></span> <span class='ocrx_word' id='word_1_8' title='bbox 2573 354 2985 412; x_wconf 78' lang='lat' dir='ltr'><strong>EXEGETICA.</strong></span> 
     </span>
    </p>
   </div>
   <div class='ocr_carea' id='block_1_3' title="bbox 3733 356 3863 409">
    <p class='ocr_par' dir='ltr' id='par_1_3' title="bbox 3733 356 3863 409">
     <span class='ocr_line' id='line_1_3' title="bbox 3733 356 3863 409; baseline 0.015 -1"><span class='ocrx_word' id='word_1_9' title='bbox 3733 356 3863 409; x_wconf 68' lang='grc' dir='ltr'>ιροο</span> 
     </span>
    </p>
   </div>
   <div class='ocr_carea' id='block_1_4' title="bbox 606 465 2203 541">
    <p class='ocr_par' dir='ltr' id='par_1_4' title="bbox 606 465 2203 541">
     <span class='ocr_line' id='line_1_4' title="bbox 606 465 2203 541; baseline -0.006 -11"><span class='ocrx_word' id='word_1_10' title='bbox 606 476 674 530; x_wconf 89' lang='lat' dir='ltr'><strong>de</strong></span> <span class='ocrx_word' id='word_1_11' title='bbox 712 474 803 529; x_wconf 90' lang='lat' dir='ltr'><strong>illo</strong></span> <span class='ocrx_word' id='word_1_12' title='bbox 833 478 1185 541; x_wconf 80' lang='lat' dir='ltr'><strong>scripserunt,</strong></span> <span class='ocrx_word' id='word_1_13' title='bbox 1220 471 1483 533; x_wconf 78' lang='lat' dir='ltr'><strong>ediscere,</strong></span> <span class='ocrx_word' id='word_1_14' title='bbox 1517 469 1697 538; x_wconf 90' lang='lat' dir='ltr'><strong>ipsum</strong></span> <span class='ocrx_word' id='word_1_15' title='bbox 1736 468 1915 523; x_wconf 89' lang='lat' dir='ltr'><strong>solum</strong></span> <span class='ocrx_word' id='word_1_16' title='bbox 1940 481 2061 523; x_wconf 84' lang='lat' dir='ltr'><strong>esse</strong></span> <span class='ocrx_word' id='word_1_17' title='bbox 2088 465 2203 526; x_wconf 40' lang='lat' dir='ltr'><strong>Fin</strong></span> 
     </span>
    </p>
   </div>
   <div class='ocr_carea' id='block_1_5' title="bbox 2287 465 3863 541">
    <p class='ocr_par' dir='ltr' id='par_1_5' title="bbox 2287 467 3863 540">
     <span class='ocr_line' id='line_1_5' title="bbox 2287 467 3863 540; baseline 0 -17"><span class='ocrx_word' id='word_1_18' title='bbox 2287 470 2309 523; x_wconf 71' lang='lat'><em>5</em></span> <span class='ocrx_word' id='word_1_19' title='bbox 2358 469 2697 540; x_wconf 62' lang='grc' dir='ltr'>ἀγαπητὸς,</span> <span class='ocrx_word' id='word_1_20' title='bbox 2732 469 2827 523; x_wconf 67' lang='grc' dir='ltr'><strong>καὶ</strong></span> <span class='ocrx_word' id='word_1_21' title='bbox 2860 469 3011 540; x_wconf 72' lang='grc' dir='ltr'>παρὰ</span> <span class='ocrx_word' id='word_1_22' title='bbox 3056 467 3165 521; x_wconf 84' lang='grc' dir='ltr'>τῶν</span> <span class='ocrx_word' id='word_1_23' title='bbox 3210 485 3673 539; x_wconf 82' lang='grc' dir='ltr'>προσκυνουντων</span> <span class='ocrx_word' id='word_1_24' title='bbox 3706 470 3863 523; x_wconf 62' lang='grc' dir='ltr'>αὐτόν</span> 
     </span>
    </p>
   </div>
   <div class='ocr_carea' id='block_1_6' title="bbox 606 560 2178 631">
    <p class='ocr_par' dir='ltr' id='par_1_6' title="bbox 606 560 2178 631">
     <span class='ocr_line' id='line_1_6' title="bbox 606 560 2178 631; baseline -0.006 -10"><span class='ocrx_word' id='word_1_25' title='bbox 606 568 737 621; x_wconf 89' lang='lat' dir='ltr'><strong>lium</strong></span> <span class='ocrx_word' id='word_1_26' title='bbox 766 575 819 620; x_wconf 85' lang='lat' dir='ltr'><strong>et</strong></span> <span class='ocrx_word' id='word_1_27' title='bbox 849 563 1087 619; x_wconf 82' lang='lat' dir='ltr'><strong>Verbum</strong></span> <span class='ocrx_word' id='word_1_28' title='bbox 1124 560 1237 617; x_wconf 87' lang='lat' dir='ltr'><strong>Dei.</strong></span> <span class='ocrx_word' id='word_1_29' title='bbox 1270 560 1460 614; x_wconf 83' lang='lat' dir='ltr'><strong>Ariani</strong></span> <span class='ocrx_word' id='word_1_30' title='bbox 1501 576 1651 625; x_wconf 85' lang='lat' dir='ltr'><strong>vero,</strong></span> <span class='ocrx_word' id='word_1_31' title='bbox 1693 570 1881 631; x_wconf 89' lang='lat' dir='ltr'><strong>utpote</strong></span> <span class='ocrx_word' id='word_1_32' title='bbox 1909 574 2017 615; x_wconf 90' lang='lat' dir='ltr'><strong>non</strong></span> <span class='ocrx_word' id='word_1_33' title='bbox 2041 574 2178 629; x_wconf 85' lang='lat' dir='ltr'><strong>pura</strong></span> 
     </span>
    </p>
   </div>
   <div class='ocr_carea' id='block_1_7' title="bbox 604 652 2180 728">
    <p class='ocr_par' dir='ltr' id='par_1_7' title="bbox 604 652 2180 728">
     <span class='ocr_line' id='line_1_7' title="bbox 604 652 2180 728; baseline -0.004 -15"><span class='ocrx_word' id='word_1_34' title='bbox 604 668 786 714; x_wconf 89' lang='lat' dir='ltr'><strong>mente</strong></span> <span class='ocrx_word' id='word_1_35' title='bbox 813 655 1044 728; x_wconf 69' lang='lat' dir='ltr'><strong>praediti,</strong></span> <span class='ocrx_word' id='word_1_36' title='bbox 1076 669 1200 709; x_wconf 92' lang='lat' dir='ltr'><strong>cum</strong></span> <span class='ocrx_word' id='word_1_37' title='bbox 1229 668 1340 707; x_wconf 85' lang='lat' dir='ltr'><strong>non</strong></span> <span class='ocrx_word' id='word_1_38' title='bbox 1371 652 1582 707; x_wconf 83' lang='lat' dir='ltr'><strong>valeant</strong></span> <span class='ocrx_word' id='word_1_39' title='bbox 1611 669 1642 706; x_wconf 88' lang='lat' dir='ltr'><strong>a</strong></span> <span class='ocrx_word' id='word_1_40' title='bbox 1690 652 1895 707; x_wconf 80' lang='lat' dir='ltr'><strong>divinis</strong></span> <span class='ocrx_word' id='word_1_41' title='bbox 1937 662 1992 707; x_wconf 89' lang='lat' dir='ltr'><strong>et</strong></span> <span class='ocrx_word' id='word_1_42' title='bbox 2023 653 2180 707; x_wconf 90' lang='lat' dir='ltr'><strong>tbeo-</strong></span> 
     </span>
    </p>
   </div>
   <div class='ocr_carea' id='block_1_8' title="bbox 608 743 2179 819">
    <p class='ocr_par' dir='ltr' id='par_1_8' title="bbox 608 743 2179 819">
     <span class='ocr_line' id='line_1_8' title="bbox 608 743 2179 819; baseline -0.004 -16"><span class='ocrx_word' id='word_1_43' title='bbox 608 749 746 819; x_wconf 83' lang='lat' dir='ltr'><strong>logis</strong></span> <span class='ocrx_word' id='word_1_44' title='bbox 782 748 912 802; x_wconf 87' lang='lat' dir='ltr'><strong>viris</strong></span> <span class='ocrx_word' id='word_1_45' title='bbox 933 746 983 801; x_wconf 89' lang='lat' dir='ltr'><strong>id</strong></span> <span class='ocrx_word' id='word_1_46' title='bbox 1009 746 1217 811; x_wconf 88' lang='lat' dir='ltr'><strong>audire,</strong></span> <span class='ocrx_word' id='word_1_47' title='bbox 1243 745 1329 798; x_wconf 82' lang='lat' dir='ltr'><strong>vel</strong></span> <span class='ocrx_word' id='word_1_48' title='bbox 1361 759 1391 798; x_wconf 86' lang='lat' dir='ltr'><strong>a</strong></span> <span class='ocrx_word' id='word_1_49' title='bbox 1419 744 1694 800; x_wconf 81' lang='lat' dir='ltr'><strong>similibus</strong></span> <span class='ocrx_word' id='word_1_50' title='bbox 1724 745 1808 799; x_wconf 89' lang='lat' dir='ltr'><strong>sui</strong></span> <span class='ocrx_word' id='word_1_51' title='bbox 1835 743 2179 799; x_wconf 66' lang='lat' dir='ltr'><strong>daemonibus</strong></span> 
     </span>
    </p>
   </div>
   <div class='ocr_carea' id='block_1_9' title="bbox 606 834 2177 909">
    <p class='ocr_par' dir='ltr' id='par_1_9' title="bbox 606 834 2177 909">
     <span class='ocr_line' id='line_1_9' title="bbox 606 834 2177 909; baseline -0.004 -14"><span class='ocrx_word' id='word_1_52' title='bbox 606 842 875 901; x_wconf 72' lang='lat' dir='ltr'><strong>ediscant.</strong></span> <span class='ocrx_word' id='word_1_53' title='bbox 919 837 1070 909; x_wconf 89' lang='lat' dir='ltr'><strong>ipsos</strong></span> <span class='ocrx_word' id='word_1_54' title='bbox 1116 852 1225 891; x_wconf 85' lang='lat' dir='ltr'><strong>non</strong></span> <span class='ocrx_word' id='word_1_55' title='bbox 1282 837 1435 907; x_wconf 89' lang='lat' dir='ltr'><strong>quasi</strong></span> <span class='ocrx_word' id='word_1_56' title='bbox 1493 836 1648 891; x_wconf 90' lang='lat' dir='ltr'><strong>multi</strong></span> <span class='ocrx_word' id='word_1_57' title='bbox 1675 836 2034 899; x_wconf 83' lang='lat' dir='ltr'><strong>exsisterent,</strong></span> <span class='ocrx_word' id='word_1_58' title='bbox 2083 834 2177 890; x_wconf 89' lang='lat' dir='ltr'><strong>sed</strong></span> 
     </span>
    </p>
   </div>
   <div class='ocr_carea' id='block_1_10' title="bbox 608 925 2180 995">
    <p class='ocr_par' dir='ltr' id='par_1_10' title="bbox 608 925 2180 995">
     <span class='ocr_line' id='line_1_10' title="bbox 608 925 2180 995; baseline -0.003 -11"><span class='ocrx_word' id='word_1_59' title='bbox 608 947 775 985; x_wconf 86' lang='lat' dir='ltr'><strong>unum</strong></span> <span class='ocrx_word' id='word_1_60' title='bbox 806 946 929 986; x_wconf 90' lang='lat' dir='ltr'><strong>esse</strong></span> <span class='ocrx_word' id='word_1_61' title='bbox 955 930 1210 995; x_wconf 86' lang='lat' dir='ltr'><strong>scientes,</strong></span> <span class='ocrx_word' id='word_1_62' title='bbox 1241 928 1468 992; x_wconf 74' lang='lat' dir='ltr'><strong>dixisse,</strong></span> <span class='ocrx_word' id='word_1_63' title='bbox 1509 927 1587 982; x_wconf 85' lang='lat' dir='ltr'><strong>Tu</strong></span> <span class='ocrx_word' id='word_1_64' title='bbox 1625 944 1677 982; x_wconf 85' lang='lat' dir='ltr'><strong>es</strong></span> <span class='ocrx_word' id='word_1_65' title='bbox 1706 925 1933 981; x_wconf 83' lang='lat' dir='ltr'><strong>Sanctus</strong></span> <span class='ocrx_word' id='word_1_66' title='bbox 1962 926 2082 993; x_wconf 89' lang='lat' dir='ltr'><strong>Dei,</strong></span> <span class='ocrx_word' id='word_1_67' title='bbox 2125 934 2180 981; x_wconf 85' lang='lat' dir='ltr'><strong>et</strong></span> 
     </span>
    </p>
   </div>
   <div class='ocr_carea' id='block_1_11' title="bbox 609 1017 2177 1089">
    <p class='ocr_par' dir='ltr' id='par_1_11' title="bbox 609 1017 2177 1089">
     <span class='ocr_line' id='line_1_11' title="bbox 609 1017 2177 1089; baseline -0.003 -15"><span class='ocrx_word' id='word_1_68' title='bbox 609 1021 785 1074; x_wconf 77' lang='lat' dir='ltr'><strong>Filius</strong></span> <span class='ocrx_word' id='word_1_69' title='bbox 844 1020 957 1073; x_wconf 80' lang='lat' dir='ltr'><strong>Dei.</strong></span> <span class='ocrx_word' id='word_1_70' title='bbox 1012 1017 1148 1073; x_wconf 86' lang='lat' dir='ltr'><strong>Nam</strong></span> <span class='ocrx_word' id='word_1_71' title='bbox 1180 1020 1272 1089; x_wconf 91' lang='lat' dir='ltr'><strong>qui</strong></span> <span class='ocrx_word' id='word_1_72' title='bbox 1319 1019 1550 1074; x_wconf 68' lang='lat' dir='ltr'><strong>brresin</strong></span> <span class='ocrx_word' id='word_1_73' title='bbox 1585 1017 1718 1088; x_wconf 88' lang='lat' dir='ltr'><strong>ipsis</strong></span> <span class='ocrx_word' id='word_1_74' title='bbox 1741 1017 2034 1088; x_wconf 77' lang='lat' dir='ltr'><strong>suggessit,</strong></span> <span class='ocrx_word' id='word_1_75' title='bbox 2064 1031 2177 1071; x_wconf 89' lang='lat' dir='ltr'><strong>non</strong></span> 
     </span>
    </p>
   </div>
   <div class='ocr_carea' id='block_1_12' title="bbox 607 1109 2174 1181">
    <p class='ocr_par' dir='ltr' id='par_1_12' title="bbox 607 1109 2174 1181">
     <span class='ocr_line' id='line_1_12' title="bbox 607 1109 2174 1181; baseline -0.003 -13"><span class='ocrx_word' id='word_1_76' title='bbox 607 1114 762 1176; x_wconf 83' lang='lat' dir='ltr'><strong>dixit,</strong></span> <span class='ocrx_word' id='word_1_77' title='bbox 796 1112 875 1166; x_wconf 86' lang='lat' dir='ltr'><strong>Tu</strong></span> <span class='ocrx_word' id='word_1_78' title='bbox 918 1130 971 1167; x_wconf 81' lang='lat' dir='ltr'><strong>es</strong></span> <span class='ocrx_word' id='word_1_79' title='bbox 1011 1122 1227 1166; x_wconf 79' lang='lat' dir='ltr'><strong>sanctus</strong></span> <span class='ocrx_word' id='word_1_80' title='bbox 1281 1112 1417 1177; x_wconf 82' lang='lat' dir='ltr'><strong>Dei,</strong></span> <span class='ocrx_word' id='word_1_81' title='bbox 1455 1112 1612 1181; x_wconf 88' lang='lat' dir='ltr'><strong>quasi</strong></span> <span class='ocrx_word' id='word_1_82' title='bbox 1654 1109 1744 1165; x_wconf 92' lang='lat' dir='ltr'><strong>alii</strong></span> <span class='ocrx_word' id='word_1_83' title='bbox 1773 1122 1996 1175; x_wconf 88' lang='lat' dir='ltr'><strong>essent;</strong></span> <span class='ocrx_word' id='word_1_84' title='bbox 2032 1110 2128 1166; x_wconf 86' lang='lat' dir='ltr'><strong>sed</strong></span> <span class='ocrx_word' id='word_1_85' title='bbox 2158 1150 2174 1175; x_wconf 93' lang='lat'><strong>,</strong></span> 
     </span>
    </p>
   </div>
   <div class='ocr_carea' id='block_1_13' title="bbox 610 1202 2175 1273">
    <p class='ocr_par' dir='ltr' id='par_1_13' title="bbox 610 1202 2175 1273">
     <span class='ocr_line' id='line_1_13' title="bbox 610 1202 2175 1273; baseline -0.003 -14"><span class='ocrx_word' id='word_1_86' title='bbox 610 1205 687 1259; x_wconf 72' lang='lat' dir='ltr'><strong>Tu</strong></span> <span class='ocrx_word' id='word_1_87' title='bbox 714 1221 765 1258; x_wconf 86' lang='lat' dir='ltr'><strong>es</strong></span> <span class='ocrx_word' id='word_1_88' title='bbox 798 1204 886 1257; x_wconf 87' lang='lat' dir='ltr'><strong>ille</strong></span> <span class='ocrx_word' id='word_1_89' title='bbox 910 1202 1138 1257; x_wconf 82' lang='lat' dir='ltr'><strong>Sanctus</strong></span> <span class='ocrx_word' id='word_1_90' title='bbox 1160 1203 1273 1268; x_wconf 86' lang='lat' dir='ltr'><strong>Dei,</strong></span> <span class='ocrx_word' id='word_1_91' title='bbox 1301 1204 1458 1273; x_wconf 85' lang='lat' dir='ltr'><strong>quasi</strong></span> <span class='ocrx_word' id='word_1_92' title='bbox 1491 1202 1695 1257; x_wconf 84' lang='lat' dir='ltr'><strong>scilicet</strong></span> <span class='ocrx_word' id='word_1_93' title='bbox 1729 1202 1847 1272; x_wconf 86' lang='lat' dir='ltr'><strong>ipso</strong></span> <span class='ocrx_word' id='word_1_94' title='bbox 1880 1203 1997 1258; x_wconf 91' lang='lat' dir='ltr'><strong>solo</strong></span> <span class='ocrx_word' id='word_1_95' title='bbox 2029 1202 2175 1258; x_wconf 78' lang='lat' dir='ltr'><strong>exsi-</strong></span> 
     </span>
    </p>
   </div>
   <div class='ocr_carea' id='block_1_14' title="bbox 609 1295 2177 1366">
    <p class='ocr_par' dir='ltr' id='par_1_14' title="bbox 609 1295 2177 1366">
     <span class='ocr_line' id='line_1_14' title="bbox 609 1295 2177 1366; baseline -0.002 -16"><span class='ocrx_word' id='word_1_96' title='bbox 609 1306 804 1351; x_wconf 87' lang='lat' dir='ltr'><strong>stente.</strong></span> <span class='ocrx_word' id='word_1_97' title='bbox 836 1296 1093 1366; x_wconf 83' lang='lat' dir='ltr'><strong>Apposite</strong></span> <span class='ocrx_word' id='word_1_98' title='bbox 1116 1296 1279 1364; x_wconf 81' lang='lat' dir='ltr'><strong>igitur</strong></span> <span class='ocrx_word' id='word_1_99' title='bbox 1300 1295 1563 1350; x_wconf 78' lang='lat' dir='ltr'><strong>articulus</strong></span> <span class='ocrx_word' id='word_1_100' title='bbox 1587 1295 1842 1349; x_wconf 78' lang='lat' dir='ltr'><strong>additur:</strong></span> <span class='ocrx_word' id='word_1_101' title='bbox 1878 1309 2001 1347; x_wconf 90' lang='lat' dir='ltr'><strong>nam</strong></span> <span class='ocrx_word' id='word_1_102' title='bbox 2034 1309 2177 1347; x_wconf 90' lang='lat' dir='ltr'><strong>unus</strong></span> 
     </span>
    </p>
   </div>
   <div class='ocr_carea' id='block_1_15' title="bbox 607 1384 2175 1456">
    <p class='ocr_par' dir='ltr' id='par_1_15' title="bbox 607 1384 2175 1456">
     <span class='ocr_line' id='line_1_15' title="bbox 607 1384 2175 1456; baseline -0.003 -15"><span class='ocrx_word' id='word_1_103' title='bbox 607 1398 689 1441; x_wconf 85' lang='lat' dir='ltr'><strong>est</strong></span> <span class='ocrx_word' id='word_1_104' title='bbox 715 1387 809 1456; x_wconf 92' lang='lat' dir='ltr'><strong>qui</strong></span> <span class='ocrx_word' id='word_1_105' title='bbox 842 1396 1030 1441; x_wconf 86' lang='lat' dir='ltr'><strong>natura</strong></span> <span class='ocrx_word' id='word_1_106' title='bbox 1056 1395 1279 1442; x_wconf 84' lang='lat' dir='ltr'><strong>sanctus</strong></span> <span class='ocrx_word' id='word_1_107' title='bbox 1310 1394 1414 1451; x_wconf 89' lang='lat' dir='ltr'><strong>est,</strong></span> <span class='ocrx_word' id='word_1_108' title='bbox 1451 1384 1608 1455; x_wconf 81' lang='lat' dir='ltr'><strong>cujus</strong></span> <span class='ocrx_word' id='word_1_109' title='bbox 1643 1385 2056 1455; x_wconf 79' lang='lat' dir='ltr'><strong>participatione</strong></span> <span class='ocrx_word' id='word_1_110' title='bbox 2083 1384 2175 1438; x_wconf 83' lang='lat' dir='ltr'><strong>alii</strong></span> 
     </span>
    </p>
   </div>
   <div class='ocr_carea' id='block_1_16' title="bbox 610 1475 2178 1547">
    <p class='ocr_par' dir='ltr' id='par_1_16' title="bbox 610 1475 2178 1547">
     <span class='ocr_line' id='line_1_16' title="bbox 610 1475 2178 1547; baseline -0.001 -16"><span class='ocrx_word' id='word_1_111' title='bbox 610 1478 783 1532; x_wconf 83' lang='lat' dir='ltr'><strong>sancti</strong></span> <span class='ocrx_word' id='word_1_112' title='bbox 811 1478 1067 1532; x_wconf 77' lang='lat' dir='ltr'><strong>evadunt.</strong></span> <span class='ocrx_word' id='word_1_113' title='bbox 1098 1476 1174 1531; x_wconf 89' lang='lat' dir='ltr'><strong>lta</strong></span> <span class='ocrx_word' id='word_1_114' title='bbox 1203 1477 1525 1547; x_wconf 89' lang='lat' dir='ltr'><strong>plerumque</strong></span> <span class='ocrx_word' id='word_1_115' title='bbox 1552 1477 1634 1531; x_wconf 93' lang='lat' dir='ltr'><strong>vel</strong></span> <span class='ocrx_word' id='word_1_116' title='bbox 1658 1477 1759 1545; x_wconf 87' lang='lat' dir='ltr'><strong>ipsi</strong></span> <span class='ocrx_word' id='word_1_117' title='bbox 1789 1475 2059 1530; x_wconf 84' lang='lat' dir='ltr'><strong>mendacii</strong></span> <span class='ocrx_word' id='word_1_118' title='bbox 2091 1491 2178 1529; x_wconf 91' lang='lat' dir='ltr'><strong>ar-</strong></span> 
     </span>
    </p>
   </div>
   <div class='ocr_carea' id='block_1_17' title="bbox 610 1568 2178 1640">
    <p class='ocr_par' dir='ltr' id='par_1_17' title="bbox 610 1568 2178 1640">
     <span class='ocr_line' id='line_1_17' title="bbox 610 1568 2178 1640; baseline 0.001 -18"><span class='ocrx_word' id='word_1_119' title='bbox 610 1572 804 1635; x_wconf 86' lang='lat' dir='ltr'><strong>tiliees,</strong></span> <span class='ocrx_word' id='word_1_120' title='bbox 854 1569 922 1623; x_wconf 91' lang='lat' dir='ltr'><strong>ab</strong></span> <span class='ocrx_word' id='word_1_121' title='bbox 959 1570 1073 1639; x_wconf 89' lang='lat' dir='ltr'><strong>ipsa</strong></span> <span class='ocrx_word' id='word_1_122' title='bbox 1113 1569 1360 1624; x_wconf 73' lang='lat' dir='ltr'><strong>veritatis</strong></span> <span class='ocrx_word' id='word_1_123' title='bbox 1412 1568 1801 1640; x_wconf 86' lang='lat' dir='ltr'><strong>perspicuitate</strong></span> <span class='ocrx_word' id='word_1_124' title='bbox 1834 1569 2005 1625; x_wconf 83' lang='lat' dir='ltr'><strong>coacti</strong></span> <span class='ocrx_word' id='word_1_125' title='bbox 2044 1609 2059 1633; x_wconf 92' lang='lat'><strong>,</strong></span> <span class='ocrx_word' id='word_1_126' title='bbox 2095 1570 2178 1623; x_wconf 90' lang='lat' dir='ltr'><strong>vel</strong></span> 
     </span>
    </p>
   </div>
   <div class='ocr_carea' id='block_1_18' title="bbox 609 1657 2179 1730">
    <p class='ocr_par' dir='ltr' id='par_1_18' title="bbox 609 1657 2179 1730">
     <span class='ocr_line' id='line_1_18' title="bbox 609 1657 2179 1730; baseline 0.001 -17"><span class='ocrx_word' id='word_1_127' title='bbox 609 1661 761 1715; x_wconf 89' lang='lat' dir='ltr'><strong>inviti</strong></span> <span class='ocrx_word' id='word_1_128' title='bbox 794 1661 1165 1716; x_wconf 85' lang='lat' dir='ltr'><strong>testimonium</strong></span> <span class='ocrx_word' id='word_1_129' title='bbox 1194 1660 1410 1715; x_wconf 85' lang='lat' dir='ltr'><strong>veritati</strong></span> <span class='ocrx_word' id='word_1_130' title='bbox 1465 1657 1667 1715; x_wconf 77' lang='lat' dir='ltr'><strong>ferunt.</strong></span> <span class='ocrx_word' id='word_1_131' title='bbox 1724 1660 2002 1730; x_wconf 82' lang='lat' dir='ltr'><strong>Siquidem</strong></span> <span class='ocrx_word' id='word_1_132' title='bbox 2054 1661 2179 1715; x_wconf 73' lang='lat' dir='ltr'><strong>dre-</strong></span> 
     </span>
    </p>
   </div>
   <div class='ocr_carea' id='block_1_19' title="bbox 608 1753 2174 1824">
    <p class='ocr_par' dir='ltr' id='par_1_19' title="bbox 608 1753 2174 1824">
     <span class='ocr_line' id='line_1_19' title="bbox 608 1753 2174 1824; baseline 0 -17"><span class='ocrx_word' id='word_1_133' title='bbox 608 1769 801 1809; x_wconf 84' lang='lat' dir='ltr'><strong>rnones</strong></span> <span class='ocrx_word' id='word_1_134' title='bbox 849 1770 958 1807; x_wconf 90' lang='lat' dir='ltr'><strong>non</strong></span> <span class='ocrx_word' id='word_1_135' title='bbox 1015 1754 1479 1824; x_wconf 72' lang='lat' dir='ltr'><strong>evangelistarum</strong></span> <span class='ocrx_word' id='word_1_136' title='bbox 1519 1753 1755 1808; x_wconf 80' lang='lat' dir='ltr'><strong>cilicium</strong></span> <span class='ocrx_word' id='word_1_137' title='bbox 1801 1755 2174 1822; x_wconf 62' lang='lat' dir='ltr'><strong>praestabant;</strong></span> 
     </span>
    </p>
   </div>
   <div class='ocr_carea' id='block_1_20' title="bbox 2279 559 3865 632">
    <p class='ocr_par' dir='ltr' id='par_1_20' title="bbox 2279 559 3865 632">
     <span class='ocr_line' id='line_1_20' title="bbox 2279 559 3865 632; baseline -0.001 -17"><span class='ocrx_word' id='word_1_138' title='bbox 2279 561 2544 629; x_wconf 80' lang='grc' dir='ltr'>ἀγγέλων,</span> <span class='ocrx_word' id='word_1_139' title='bbox 2575 562 2666 615; x_wconf 76' lang='grc' dir='ltr'><strong>καὶ</strong></span> <span class='ocrx_word' id='word_1_140' title='bbox 2692 561 2801 615; x_wconf 84' lang='grc' dir='ltr'><strong>τῶν</strong></span> <span class='ocrx_word' id='word_1_141' title='bbox 2834 561 2962 632; x_wconf 71' lang='grc' dir='ltr'>περὶ</span> <span class='ocrx_word' id='word_1_142' title='bbox 2996 559 3162 614; x_wconf 72' lang='grc' dir='ltr'>αὑτοῦ</span> <span class='ocrx_word' id='word_1_143' title='bbox 3189 560 3518 630; x_wconf 66' lang='grc' dir='ltr'>γραψάντων</span> <span class='ocrx_word' id='word_1_144' title='bbox 3549 559 3734 627; x_wconf 81' lang='grc' dir='ltr'><strong>ἁγίων</strong></span> <span class='ocrx_word' id='word_1_145' title='bbox 3769 578 3865 632; x_wconf 80' lang='grc' dir='ltr'>μα-</span> 
     </span>
    </p>
   </div>
   <div class='ocr_carea' id='block_1_21' title="bbox 2282 652 3864 725">
    <p class='ocr_par' dir='ltr' id='par_1_21' title="bbox 2282 652 3864 725">
     <span class='ocr_line' id='line_1_21' title="bbox 2282 652 3864 725; baseline 0 -17"><span class='ocrx_word' id='word_1_146' title='bbox 2282 654 2412 720; x_wconf 83' lang='grc' dir='ltr'>θεῖν,</span> <span class='ocrx_word' id='word_1_147' title='bbox 2447 656 2528 708; x_wconf 84' lang='grc' dir='ltr'>ὅτι</span> <span class='ocrx_word' id='word_1_148' title='bbox 2578 654 2742 718; x_wconf 76' lang='grc' dir='ltr'>αὐτὸς</span> <span class='ocrx_word' id='word_1_149' title='bbox 2774 652 2932 725; x_wconf 84' lang='grc' dir='ltr'>μόνος</span> <span class='ocrx_word' id='word_1_150' title='bbox 2969 654 3115 706; x_wconf 79' lang='grc' dir='ltr'>ἐστὶν</span> <span class='ocrx_word' id='word_1_151' title='bbox 3156 654 3185 706; x_wconf 99' lang='lat'><strong>6</strong></span> <span class='ocrx_word' id='word_1_152' title='bbox 3220 653 3348 717; x_wconf 81' lang='grc' dir='ltr'>Υἰος</span> <span class='ocrx_word' id='word_1_153' title='bbox 3390 652 3489 706; x_wconf 77' lang='grc' dir='ltr'><strong>καὶ</strong></span> <span class='ocrx_word' id='word_1_154' title='bbox 3542 653 3727 723; x_wconf 75' lang='grc' dir='ltr'>Λόγος</span> <span class='ocrx_word' id='word_1_155' title='bbox 3776 655 3864 709; x_wconf 69' lang='grc' dir='ltr'>τοῦ</span> 
     </span>
    </p>
   </div>
   <div class='ocr_carea' id='block_1_22' title="bbox 2281 745 3864 819">
    <p class='ocr_par' dir='ltr' id='par_1_22' title="bbox 2281 745 3864 819">
     <span class='ocr_line' id='line_1_22' title="bbox 2281 745 3864 819; baseline 0.001 -19"><span class='ocrx_word' id='word_1_156' title='bbox 2281 747 2440 801; x_wconf 73' lang='grc' dir='ltr'>Θεοῦ.</span> <span class='ocrx_word' id='word_1_157' title='bbox 2486 748 2751 819; x_wconf 73' lang='grc' dir='ltr'>Ἀρειανεὶ</span> <span class='ocrx_word' id='word_1_158' title='bbox 2782 747 2839 800; x_wconf 82' lang='grc' dir='ltr'><strong>δὲ</strong></span> <span class='ocrx_word' id='word_1_159' title='bbox 2863 749 2983 800; x_wconf 76' lang='grc' dir='ltr'>ἐπεὶ</span> <span class='ocrx_word' id='word_1_160' title='bbox 3014 746 3113 817; x_wconf 80' lang='grc' dir='ltr'>τὴν</span> <span class='ocrx_word' id='word_1_161' title='bbox 3138 746 3375 800; x_wconf 87' lang='grc' dir='ltr'>διάνοιαν</span> <span class='ocrx_word' id='word_1_162' title='bbox 3403 747 3507 798; x_wconf 70' lang='grc' dir='ltr'><strong>οὐκ</strong></span> <span class='ocrx_word' id='word_1_163' title='bbox 3540 745 3737 816; x_wconf 78' lang='grc' dir='ltr'>ἔχουσι</span> <span class='ocrx_word' id='word_1_164' title='bbox 3772 766 3864 801; x_wconf 83' lang='grc' dir='ltr'>κα-</span> 
     </span>
    </p>
   </div>
   <div class='ocr_carea' id='block_1_23' title="bbox 2281 837 3867 910">
    <p class='ocr_par' dir='ltr' id='par_1_23' title="bbox 2281 837 3867 910">
     <span class='ocr_line' id='line_1_23' title="bbox 2281 837 3867 910; baseline 0 -17"><span class='ocrx_word' id='word_1_165' title='bbox 2281 839 2475 910; x_wconf 82' lang='grc' dir='ltr'>θαρὰν,</span> <span class='ocrx_word' id='word_1_166' title='bbox 2503 840 2624 893; x_wconf 77' lang='grc' dir='ltr'>οὐδὲ</span> <span class='ocrx_word' id='word_1_167' title='bbox 2650 837 2901 893; x_wconf 84' lang='grc' dir='ltr'>δύνανται</span> <span class='ocrx_word' id='word_1_168' title='bbox 2927 838 3085 892; x_wconf 81' lang='grc' dir='ltr'><strong>θείων</strong></span> <span class='ocrx_word' id='word_1_169' title='bbox 3120 839 3413 893; x_wconf 75' lang='grc' dir='ltr'><strong>ἐπακούειν</strong></span> <span class='ocrx_word' id='word_1_170' title='bbox 3449 840 3552 892; x_wconf 75' lang='grc' dir='ltr'>καὶ</span> <span class='ocrx_word' id='word_1_171' title='bbox 3601 839 3867 907; x_wconf 80' lang='grc' dir='ltr'>θεολόγων</span> 
     </span>
    </p>
   </div>
   <div class='ocr_carea' id='block_1_24' title="bbox 2279 928 3867 1003">
    <p class='ocr_par' dir='ltr' id='par_1_24' title="bbox 2279 928 3867 1003">
     <span class='ocr_line' id='line_1_24' title="bbox 2279 928 3867 1003; baseline -0.003 -19"><span class='ocrx_word' id='word_1_172' title='bbox 2279 931 2523 1003; x_wconf 82' lang='grc' dir='ltr'>ἀνδρῶν,</span> <span class='ocrx_word' id='word_1_173' title='bbox 2579 930 2726 1003; x_wconf 84' lang='grc' dir='ltr'>παρὰ</span> <span class='ocrx_word' id='word_1_174' title='bbox 2769 929 2899 999; x_wconf 80' lang='grc' dir='ltr'>γοῦν</span> <span class='ocrx_word' id='word_1_175' title='bbox 2945 928 3054 983; x_wconf 84' lang='grc' dir='ltr'>τῶν</span> <span class='ocrx_word' id='word_1_176' title='bbox 3098 928 3299 999; x_wconf 79' lang='grc' dir='ltr'>ὁμοίων</span> <span class='ocrx_word' id='word_1_177' title='bbox 3344 928 3537 991; x_wconf 75' lang='grc' dir='ltr'>αὐτοῖς</span> <span class='ocrx_word' id='word_1_178' title='bbox 3595 928 3867 999; x_wconf 77' lang='grc' dir='ltr'>δαιμόνων</span> 
     </span>
    </p>
   </div>
   <div class='ocr_carea' id='block_1_25' title="bbox 2283 1019 3866 1093">
    <p class='ocr_par' dir='ltr' id='par_1_25' title="bbox 2283 1019 3866 1093">
     <span class='ocr_line' id='line_1_25' title="bbox 2283 1019 3866 1093; baseline -0.001 -17"><span class='ocrx_word' id='word_1_179' title='bbox 2283 1021 2621 1093; x_wconf 73' lang='grc' dir='ltr'><strong>μαθέτωσαν,</strong></span> <span class='ocrx_word' id='word_1_180' title='bbox 2647 1023 2731 1075; x_wconf 85' lang='grc' dir='ltr'><strong>ὅτι</strong></span> <span class='ocrx_word' id='word_1_181' title='bbox 2759 1021 2834 1092; x_wconf 82' lang='grc' dir='ltr'><strong>μὴ</strong></span> <span class='ocrx_word' id='word_1_182' title='bbox 2857 1020 2932 1085; x_wconf 80' lang='grc' dir='ltr'>ὡς</span> <span class='ocrx_word' id='word_1_183' title='bbox 2961 1019 3170 1073; x_wconf 82' lang='grc' dir='ltr'>πολλῶν</span> <span class='ocrx_word' id='word_1_184' title='bbox 3212 1019 3381 1073; x_wconf 76' lang='grc' dir='ltr'>ὄντων</span> <span class='ocrx_word' id='word_1_185' title='bbox 3412 1019 3763 1089; x_wconf 76' lang='grc' dir='ltr'>άνεφώνουν,</span> <span class='ocrx_word' id='word_1_186' title='bbox 3790 1020 3866 1074; x_wconf 76' lang='grc' dir='ltr'>άλ-</span> 
     </span>
    </p>
   </div>
   <div class='ocr_carea' id='block_1_26' title="bbox 2279 1109 3867 1186">
    <p class='ocr_par' dir='ltr' id='par_1_26' title="bbox 2279 1109 3867 1186">
     <span class='ocr_line' id='line_1_26' title="bbox 2279 1109 3867 1186; baseline -0.002 -18"><span class='ocrx_word' id='word_1_187' title='bbox 2279 1115 2346 1169; x_wconf 77' lang='grc' dir='ltr'><strong>λά</strong></span> <span class='ocrx_word' id='word_1_188' title='bbox 2365 1115 2554 1169; x_wconf 76' lang='grc' dir='ltr'>τοῦτον</span> <span class='ocrx_word' id='word_1_189' title='bbox 2584 1115 2746 1186; x_wconf 84' lang='grc' dir='ltr'>μόνον</span> <span class='ocrx_word' id='word_1_190' title='bbox 2768 1113 2966 1176; x_wconf 81' lang='grc' dir='ltr'>ειδότες</span> <span class='ocrx_word' id='word_1_191' title='bbox 2993 1114 3176 1181; x_wconf 83' lang='grc' dir='ltr'>ελεγον</span> <span class='ocrx_word' id='word_1_192' title='bbox 3198 1127 3213 1143; x_wconf 83' lang='grc'>⁶</span> <span class='ocrx_word' id='word_1_193' title='bbox 3246 1113 3331 1167; x_wconf 84' lang='grc' dir='ltr'><strong>Σὺ</strong></span> <span class='ocrx_word' id='word_1_194' title='bbox 3358 1109 3417 1166; x_wconf 83' lang='grc' dir='ltr'>εἷ</span> <span class='ocrx_word' id='word_1_195' title='bbox 3454 1117 3488 1167; x_wconf 87' lang='lat' dir='ltr'><strong>d</strong></span> <span class='ocrx_word' id='word_1_196' title='bbox 3513 1114 3733 1181; x_wconf 72' lang='grc' dir='ltr'>’Ἄγιος</span> <span class='ocrx_word' id='word_1_197' title='bbox 3765 1111 3867 1166; x_wconf 77' lang='grc' dir='ltr'><strong>τοῦ</strong></span> 
     </span>
    </p>
   </div>
   <div class='ocr_carea' id='block_1_27' title="bbox 2285 1200 3864 1277">
    <p class='ocr_par' dir='ltr' id='par_1_27' title="bbox 2285 1200 3864 1277">
     <span class='ocr_line' id='line_1_27' title="bbox 2285 1200 3864 1277; baseline -0.004 -15"><span class='ocrx_word' id='word_1_198' title='bbox 2285 1208 2454 1272; x_wconf 83' lang='grc' dir='ltr'><strong>Θεοῦ,</strong></span> <span class='ocrx_word' id='word_1_199' title='bbox 2482 1209 2574 1262; x_wconf 76' lang='grc' dir='ltr'><strong>καὶ</strong></span> <span class='ocrx_word' id='word_1_200' title='bbox 2604 1211 2637 1261; x_wconf 85' lang='grc' dir='ltr'><strong>ό</strong></span> <span class='ocrx_word' id='word_1_201' title='bbox 2674 1206 2804 1273; x_wconf 76' lang='grc' dir='ltr'>Υἱὸς</span> <span class='ocrx_word' id='word_1_202' title='bbox 2826 1206 2931 1260; x_wconf 87' lang='grc' dir='ltr'>τοῦ</span> <span class='ocrx_word' id='word_1_203' title='bbox 2970 1206 3139 1260; x_wconf 81' lang='grc' dir='ltr'>Θεοῦ.</span> <span class='ocrx_word' id='word_1_204' title='bbox 3176 1200 3286 1258; x_wconf 68' lang='grc' dir='ltr'><strong>Καὶ</strong></span> <span class='ocrx_word' id='word_1_205' title='bbox 3317 1204 3429 1276; x_wconf 76' lang='grc' dir='ltr'>γὰρ</span> <span class='ocrx_word' id='word_1_206' title='bbox 3460 1207 3491 1258; x_wconf 90' lang='lat'><strong>6</strong></span> <span class='ocrx_word' id='word_1_207' title='bbox 3514 1205 3622 1277; x_wconf 81' lang='grc' dir='ltr'><strong>τὴν</strong></span> <span class='ocrx_word' id='word_1_208' title='bbox 3654 1204 3864 1273; x_wconf 78' lang='grc' dir='ltr'>αἵρεσιν</span> 
     </span>
    </p>
   </div>
   <div class='ocr_carea' id='block_1_28' title="bbox 2279 1293 3865 1366">
    <p class='ocr_par' dir='ltr' id='par_1_28' title="bbox 2279 1293 3865 1366">
     <span class='ocr_line' id='line_1_28' title="bbox 2279 1293 3865 1366; baseline 0.004 -13"><span class='ocrx_word' id='word_1_209' title='bbox 2279 1302 2462 1363; x_wconf 81' lang='grc' dir='ltr'>αὐτοῖς</span> <span class='ocrx_word' id='word_1_210' title='bbox 2490 1297 2773 1352; x_wconf 77' lang='grc' dir='ltr'>ὑποϐαλὼν</span> <span class='ocrx_word' id='word_1_211' title='bbox 2792 1298 2893 1351; x_wconf 80' lang='grc' dir='ltr'><strong>οὐκ</strong></span> <span class='ocrx_word' id='word_1_212' title='bbox 2922 1295 3094 1366; x_wconf 81' lang='grc' dir='ltr'>ἔλεγε,</span> <span class='ocrx_word' id='word_1_213' title='bbox 3131 1295 3214 1350; x_wconf 83' lang='grc' dir='ltr'><strong>Σὺ</strong></span> <span class='ocrx_word' id='word_1_214' title='bbox 3245 1293 3302 1349; x_wconf 79' lang='grc' dir='ltr'>εἷ</span> <span class='ocrx_word' id='word_1_215' title='bbox 3319 1296 3524 1366; x_wconf 78' lang='grc' dir='ltr'>Ἀγιος</span> <span class='ocrx_word' id='word_1_216' title='bbox 3551 1298 3668 1349; x_wconf 80' lang='grc' dir='ltr'>τοῦ</span> <span class='ocrx_word' id='word_1_217' title='bbox 3702 1296 3865 1355; x_wconf 73' lang='grc' dir='ltr'><strong>Θεοῦς</strong></span> 
     </span>
    </p>
   </div>
   <div class='ocr_carea' id='block_1_29' title="bbox 2279 1384 3865 1457">
    <p class='ocr_par' dir='ltr' id='par_1_29' title="bbox 2279 1384 3865 1457">
     <span class='ocr_line' id='line_1_29' title="bbox 2279 1384 3865 1457; baseline -0.003 -14"><span class='ocrx_word' id='word_1_218' title='bbox 2279 1388 2354 1454; x_wconf 86' lang='grc' dir='ltr'><strong>ὡς</strong></span> <span class='ocrx_word' id='word_1_219' title='bbox 2383 1390 2548 1443; x_wconf 75' lang='grc' dir='ltr'>ὄντων</span> <span class='ocrx_word' id='word_1_220' title='bbox 2571 1391 2664 1443; x_wconf 72' lang='grc' dir='ltr'>καὶ</span> <span class='ocrx_word' id='word_1_221' title='bbox 2692 1390 2888 1454; x_wconf 80' lang='grc' dir='ltr'>ἄλλων,</span> <span class='ocrx_word' id='word_1_222' title='bbox 2913 1387 3069 1452; x_wconf 81' lang='grc' dir='ltr'>ἀλλὰ,</span> <span class='ocrx_word' id='word_1_223' title='bbox 3092 1386 3174 1441; x_wconf 87' lang='grc' dir='ltr'><strong>Σὺ</strong></span> <span class='ocrx_word' id='word_1_224' title='bbox 3195 1384 3251 1442; x_wconf 88' lang='grc' dir='ltr'>εἷ</span> <span class='ocrx_word' id='word_1_225' title='bbox 3267 1391 3298 1442; x_wconf 85' lang='grc' dir='ltr'><strong>ό</strong></span> <span class='ocrx_word' id='word_1_226' title='bbox 3323 1389 3530 1457; x_wconf 74' lang='grc' dir='ltr'>’Ἄγιος</span> <span class='ocrx_word' id='word_1_227' title='bbox 3549 1388 3665 1441; x_wconf 87' lang='grc' dir='ltr'><strong>τοῦ</strong></span> <span class='ocrx_word' id='word_1_228' title='bbox 3700 1386 3865 1451; x_wconf 79' lang='grc' dir='ltr'><strong>Θεοῦ,</strong></span> 
     </span>
    </p>
   </div>
   <div class='ocr_carea' id='block_1_30' title="bbox 2278 1474 3862 1555">
    <p class='ocr_par' dir='ltr' id='par_1_30' title="bbox 2278 1474 3862 1555">
     <span class='ocr_line' id='line_1_30' title="bbox 2278 1474 3862 1555; baseline -0.003 -20"><span class='ocrx_word' id='word_1_229' title='bbox 2278 1483 2355 1548; x_wconf 87' lang='grc' dir='ltr'>ὠς</span> <span class='ocrx_word' id='word_1_230' title='bbox 2390 1482 2550 1554; x_wconf 80' lang='grc' dir='ltr'>μόνου</span> <span class='ocrx_word' id='word_1_231' title='bbox 2580 1482 2732 1546; x_wconf 76' lang='grc' dir='ltr'>ὄντος</span> <span class='ocrx_word' id='word_1_232' title='bbox 2761 1474 2948 1539; x_wconf 67' lang='grc' dir='ltr'>αὐτοῦ.</span> <span class='ocrx_word' id='word_1_233' title='bbox 2988 1482 3143 1555; x_wconf 81' lang='grc' dir='ltr'>Καλὴ</span> <span class='ocrx_word' id='word_1_234' title='bbox 3176 1478 3272 1535; x_wconf 70' lang='grc' dir='ltr'><strong>οὖν</strong></span> <span class='ocrx_word' id='word_1_235' title='bbox 3312 1482 3405 1534; x_wconf 71' lang='grc' dir='ltr'><strong>καὶ</strong></span> <span class='ocrx_word' id='word_1_236' title='bbox 3455 1482 3489 1552; x_wconf 83' lang='grc' dir='ltr'><strong>ή</strong></span> <span class='ocrx_word' id='word_1_237' title='bbox 3524 1480 3627 1533; x_wconf 79' lang='grc' dir='ltr'>τοῦ</span> <span class='ocrx_word' id='word_1_238' title='bbox 3660 1478 3862 1551; x_wconf 79' lang='grc' dir='ltr'>ἄρθρου</span> 
     </span>
    </p>
   </div>
   <div class='ocr_carea' id='block_1_31' title="bbox 2280 1566 3868 1646">
    <p class='ocr_par' dir='ltr' id='par_1_31' title="bbox 2280 1566 3868 1646">
     <span class='ocr_line' id='line_1_31' title="bbox 2280 1566 3868 1646; baseline -0.001 -21"><span class='ocrx_word' id='word_1_239' title='bbox 2280 1574 2561 1646; x_wconf 78' lang='grc' dir='ltr'><strong>προσθήκη</strong></span> <span class='ocrx_word' id='word_1_240' title='bbox 2584 1592 2598 1605; x_wconf 89' lang='grc'><strong>·</strong></span> <span class='ocrx_word' id='word_1_241' title='bbox 2626 1569 2705 1638; x_wconf 75' lang='grc' dir='ltr'>εἷς</span> <span class='ocrx_word' id='word_1_242' title='bbox 2730 1574 2840 1645; x_wconf 89' lang='grc' dir='ltr'><strong>γάρ</strong></span> <span class='ocrx_word' id='word_1_243' title='bbox 2865 1577 3009 1628; x_wconf 86' lang='grc' dir='ltr'>ἐστιν</span> <span class='ocrx_word' id='word_1_244' title='bbox 3028 1578 3058 1628; x_wconf 91' lang='lat'><strong>6</strong></span> <span class='ocrx_word' id='word_1_245' title='bbox 3081 1574 3238 1643; x_wconf 79' lang='grc' dir='ltr'>φύσει</span> <span class='ocrx_word' id='word_1_246' title='bbox 3269 1574 3443 1642; x_wconf 71' lang='grc' dir='ltr'>ἅγιος,</span> <span class='ocrx_word' id='word_1_247' title='bbox 3475 1566 3537 1626; x_wconf 75' lang='grc' dir='ltr'>οὗ</span> <span class='ocrx_word' id='word_1_248' title='bbox 3570 1571 3723 1625; x_wconf 72' lang='grc' dir='ltr'>κατὰ</span> <span class='ocrx_word' id='word_1_249' title='bbox 3752 1570 3868 1641; x_wconf 80' lang='grc' dir='ltr'>μέθ-</span> 
     </span>
    </p>
   </div>
   <div class='ocr_carea' id='block_1_32' title="bbox 2285 1664 3864 1736">
    <p class='ocr_par' dir='ltr' id='par_1_32' title="bbox 2285 1664 3864 1736">
     <span class='ocr_line' id='line_1_32' title="bbox 2285 1664 3864 1736; baseline -0.003 -16"><span class='ocrx_word' id='word_1_250' title='bbox 2285 1667 2397 1734; x_wconf 80' lang='grc' dir='ltr'>εξιν</span> <span class='ocrx_word' id='word_1_251' title='bbox 2435 1669 2529 1720; x_wconf 72' lang='grc' dir='ltr'><strong>καὶ</strong></span> <span class='ocrx_word' id='word_1_252' title='bbox 2576 1669 2626 1720; x_wconf 81' lang='lat' dir='ltr'><strong>oi</strong></span> <span class='ocrx_word' id='word_1_253' title='bbox 2668 1667 2817 1721; x_wconf 77' lang='grc' dir='ltr'>ἄλλοι</span> <span class='ocrx_word' id='word_1_254' title='bbox 2847 1669 3013 1736; x_wconf 82' lang='grc' dir='ltr'>ἆγιοι.</span> <span class='ocrx_word' id='word_1_255' title='bbox 3062 1666 3220 1721; x_wconf 74' lang='grc' dir='ltr'>Οὕτω</span> <span class='ocrx_word' id='word_1_256' title='bbox 3267 1666 3361 1720; x_wconf 78' lang='grc' dir='ltr'>καὶ</span> <span class='ocrx_word' id='word_1_257' title='bbox 3394 1666 3553 1718; x_wconf 71' lang='grc' dir='ltr'>αὐτοὶ</span> <span class='ocrx_word' id='word_1_258' title='bbox 3603 1664 3864 1725; x_wconf 61' lang='lat' dir='ltr'><strong>renixs;</strong></span> 
     </span>
    </p>
   </div>
   <div class='ocr_carea' id='block_1_33' title="bbox 2279 1757 3866 1830">
    <p class='ocr_par' dir='ltr' id='par_1_33' title="bbox 2279 1757 3866 1830">
     <span class='ocr_line' id='line_1_33' title="bbox 2279 1757 3866 1830; baseline -0.002 -19"><span class='ocrx_word' id='word_1_259' title='bbox 2279 1762 2328 1812; x_wconf 88' lang='grc' dir='ltr'>οἱ</span> <span class='ocrx_word' id='word_1_260' title='bbox 2359 1760 2586 1830; x_wconf 87' lang='grc' dir='ltr'>ἐργάται</span> <span class='ocrx_word' id='word_1_261' title='bbox 2621 1757 2714 1812; x_wconf 79' lang='grc' dir='ltr'>τοῦ</span> <span class='ocrx_word' id='word_1_262' title='bbox 2747 1758 2996 1830; x_wconf 70' lang='grc' dir='ltr'>ψεύδους,</span> <span class='ocrx_word' id='word_1_263' title='bbox 3027 1757 3131 1812; x_wconf 80' lang='grc' dir='ltr'>ὑπὸ</span> <span class='ocrx_word' id='word_1_264' title='bbox 3154 1758 3253 1829; x_wconf 81' lang='grc' dir='ltr'>τῆς</span> <span class='ocrx_word' id='word_1_265' title='bbox 3283 1757 3578 1828; x_wconf 81' lang='grc' dir='ltr'><strong>ἐναργείας</strong></span> <span class='ocrx_word' id='word_1_266' title='bbox 3622 1758 3866 1823; x_wconf 75' lang='grc' dir='ltr'>ἀναγκα-</span> 
     </span>
    </p>
   </div>
   <div class='ocr_carea' id='block_1_34' title="bbox 611 1834 2203 1919">
    <p class='ocr_par' dir='ltr' id='par_1_34' title="bbox 611 1844 2180 1907">
     <span class='ocr_line' id='line_1_34' title="bbox 611 1844 2180 1907; baseline 0 -8"><span class='ocrx_word' id='word_1_267' title='bbox 611 1844 704 1899; x_wconf 82' lang='lat' dir='ltr'><strong>sed</strong></span> <span class='ocrx_word' id='word_1_268' title='bbox 739 1859 863 1899; x_wconf 88' lang='lat' dir='ltr'><strong>cum</strong></span> <span class='ocrx_word' id='word_1_269' title='bbox 891 1844 1139 1899; x_wconf 88' lang='lat' dir='ltr'><strong>veritatis</strong></span> <span class='ocrx_word' id='word_1_270' title='bbox 1171 1845 1347 1898; x_wconf 88' lang='lat' dir='ltr'><strong>lucem</strong></span> <span class='ocrx_word' id='word_1_271' title='bbox 1380 1845 1592 1899; x_wconf 87' lang='lat' dir='ltr'><strong>obtueri</strong></span> <span class='ocrx_word' id='word_1_272' title='bbox 1624 1860 1731 1896; x_wconf 91' lang='lat' dir='ltr'><strong>non</strong></span> <span class='ocrx_word' id='word_1_273' title='bbox 1763 1844 2026 1907; x_wconf 82' lang='lat' dir='ltr'><strong>valerent,</strong></span> <span class='ocrx_word' id='word_1_274' title='bbox 2068 1846 2180 1899; x_wconf 86' lang='lat' dir='ltr'><strong>cla-</strong></span> 
     </span>
    </p>
   </div>
   <div class='ocr_carea' id='block_1_35' title="bbox 2287 1834 3863 1919">
    <p class='ocr_par' dir='ltr' id='par_1_35' title="bbox 2288 1845 3863 1919">
     <span class='ocr_line' id='line_1_35' title="bbox 2288 1845 3863 1919; baseline -0.003 -18"><span class='ocrx_word' id='word_1_275' title='bbox 2288 1848 2526 1918; x_wconf 79' lang='grc' dir='ltr'>ζόμενοι,</span> <span class='ocrx_word' id='word_1_276' title='bbox 2563 1846 2898 1919; x_wconf 79' lang='grc' dir='ltr'><strong>μαρτυροῦσι</strong></span> <span class='ocrx_word' id='word_1_277' title='bbox 2922 1850 2988 1917; x_wconf 81' lang='grc' dir='ltr'>τῇ</span> <span class='ocrx_word' id='word_1_278' title='bbox 3018 1846 3245 1918; x_wconf 72' lang='grc' dir='ltr'>ἀληθείᾳ</span> <span class='ocrx_word' id='word_1_279' title='bbox 3281 1847 3376 1900; x_wconf 70' lang='grc' dir='ltr'>καὶ</span> <span class='ocrx_word' id='word_1_280' title='bbox 3401 1848 3476 1917; x_wconf 81' lang='grc' dir='ltr'>μὴ</span> <span class='ocrx_word' id='word_1_281' title='bbox 3524 1845 3863 1915; x_wconf 75' lang='grc' dir='ltr'>βουλόμενοι’</span> 
     </span>
    </p>
   </div>
   <div class='ocr_carea' id='block_1_36' title="bbox 608 1932 1877 2005">
    <p class='ocr_par' dir='ltr' id='par_1_36' title="bbox 608 1932 1877 2005">
     <span class='ocr_line' id='line_1_36' title="bbox 608 1932 1877 2005; baseline 0.001 -16"><span class='ocrx_word' id='word_1_282' title='bbox 608 1935 862 1989; x_wconf 88' lang='lat' dir='ltr'><strong>mabant:</strong></span> <span class='ocrx_word' id='word_1_283' title='bbox 892 1932 1099 1988; x_wconf 79' lang='lat' dir='ltr'><strong>Scimus</strong></span> <span class='ocrx_word' id='word_1_284' title='bbox 1129 1945 1177 1987; x_wconf 85' lang='lat' dir='ltr'><strong>te</strong></span> <span class='ocrx_word' id='word_1_285' title='bbox 1202 1936 1320 2005; x_wconf 86' lang='lat' dir='ltr'><strong>quis</strong></span> <span class='ocrx_word' id='word_1_286' title='bbox 1355 1936 1449 2000; x_wconf 86' lang='lat' dir='ltr'><strong>sis,</strong></span> <span class='ocrx_word' id='word_1_287' title='bbox 1491 1933 1718 1988; x_wconf 83' lang='lat' dir='ltr'><strong>Sanctus</strong></span> <span class='ocrx_word' id='word_1_288' title='bbox 1763 1934 1877 1990; x_wconf 81' lang='lat' dir='ltr'><strong>Dei.</strong></span> 
     </span>
    </p>
   </div>
   <div class='ocr_carea' id='block_1_37' title="bbox 2289 1938 3869 2011">
    <p class='ocr_par' dir='ltr' id='par_1_37' title="bbox 2289 1938 3869 2011">
     <span class='ocr_line' id='line_1_37' title="bbox 2289 1938 3869 2011; baseline -0.004 -18"><span class='ocrx_word' id='word_1_289' title='bbox 2289 1942 2410 1993; x_wconf 80' lang='grc' dir='ltr'>ἐπεὶ</span> <span class='ocrx_word' id='word_1_290' title='bbox 2439 1940 2533 1994; x_wconf 72' lang='grc' dir='ltr'>καὶ</span> <span class='ocrx_word' id='word_1_291' title='bbox 2566 1941 2615 1992; x_wconf 80' lang='grc' dir='ltr'>οἱ</span> <span class='ocrx_word' id='word_1_292' title='bbox 2641 1940 2891 2011; x_wconf 84' lang='grc' dir='ltr'>δαίμονες</span> <span class='ocrx_word' id='word_1_293' title='bbox 2918 1940 3039 2011; x_wconf 69' lang='grc' dir='ltr'>οὐχὶ</span> <span class='ocrx_word' id='word_1_294' title='bbox 3071 1939 3178 1992; x_wconf 80' lang='grc' dir='ltr'><strong>τῶν</strong></span> <span class='ocrx_word' id='word_1_295' title='bbox 3214 1938 3622 2007; x_wconf 74' lang='grc' dir='ltr'>εὐαγγελιστῶν</span> <span class='ocrx_word' id='word_1_296' title='bbox 3652 1938 3869 1989; x_wconf 77' lang='grc' dir='ltr'>ἐποίουν</span> 
     </span>
    </p>
   </div>
   <div class='ocr_carea' id='block_1_38' title="bbox 609 2024 3869 2103">
    <p class='ocr_par' dir='ltr' id='par_1_38' title="bbox 609 2024 3869 2103">
     <span class='ocr_line' id='line_1_38' title="bbox 609 2024 3869 2103; baseline 0.002 -25"><span class='ocrx_word' id='word_1_297' title='bbox 609 2026 789 2096; x_wconf 76' lang='grc' dir='ltr'>ἐργον,</span> <span class='ocrx_word' id='word_1_298' title='bbox 825 2024 936 2078; x_wconf 81' lang='grc' dir='ltr'>ἀλλ’</span> <span class='ocrx_word' id='word_1_299' title='bbox 991 2026 1331 2081; x_wconf 75' lang='grc' dir='ltr'>ἀντιϐλέπειν</span> <span class='ocrx_word' id='word_1_300' title='bbox 1377 2026 1451 2098; x_wconf 78' lang='grc' dir='ltr'><strong>μὴ</strong></span> <span class='ocrx_word' id='word_1_301' title='bbox 1482 2027 1769 2099; x_wconf 75' lang='grc' dir='ltr'>δυνάμενοι</span> <span class='ocrx_word' id='word_1_302' title='bbox 1804 2028 1881 2099; x_wconf 77' lang='grc' dir='ltr'>τῷ</span> <span class='ocrx_word' id='word_1_303' title='bbox 1925 2028 2021 2099; x_wconf 78' lang='grc' dir='ltr'>τῆς</span> <span class='ocrx_word' id='word_1_304' title='bbox 2059 2030 2318 2102; x_wconf 79' lang='grc' dir='ltr'><strong>ἀληθείας</strong></span> <span class='ocrx_word' id='word_1_305' title='bbox 2357 2034 2515 2102; x_wconf 67' lang='grc' dir='ltr'>φωτὶ,</span> <span class='ocrx_word' id='word_1_306' title='bbox 2566 2033 2767 2086; x_wconf 78' lang='grc' dir='ltr'>ἐϐόων·</span> <span class='ocrx_word' id='word_1_307' title='bbox 2803 2032 3062 2103; x_wconf 81' lang='grc' dir='ltr'><strong>Οϊδαμέν</strong></span> <span class='ocrx_word' id='word_1_308' title='bbox 3098 2046 3171 2087; x_wconf 86' lang='grc' dir='ltr'>σε</span> <span class='ocrx_word' id='word_1_309' title='bbox 3212 2033 3303 2098; x_wconf 86' lang='grc' dir='ltr'><strong>τίς</strong></span> <span class='ocrx_word' id='word_1_310' title='bbox 3340 2027 3415 2096; x_wconf 79' lang='grc' dir='ltr'><strong>εἷ,</strong></span> <span class='ocrx_word' id='word_1_311' title='bbox 3449 2033 3484 2084; x_wconf 83' lang='grc' dir='ltr'><strong>ό</strong></span> <span class='ocrx_word' id='word_1_312' title='bbox 3519 2029 3721 2099; x_wconf 70' lang='grc' dir='ltr'>Ἄγιος</span> <span class='ocrx_word' id='word_1_313' title='bbox 3766 2030 3869 2083; x_wconf 81' lang='grc' dir='ltr'><strong>τοῦ</strong></span> 
     </span>
    </p>
   </div>
   <div class='ocr_carea' id='block_1_39' title="bbox 612 2113 786 2170">
    <p class='ocr_par' dir='ltr' id='par_1_39' title="bbox 612 2113 786 2170">
     <span class='ocr_line' id='line_1_39' title="bbox 612 2113 786 2170; baseline -0.017 0"><span class='ocrx_word' id='word_1_314' title='bbox 612 2113 786 2170; x_wconf 80' lang='grc' dir='ltr'>Θεοῦ.</span> 
     </span>
    </p>
   </div>
   <div class='ocr_carea' id='block_1_40' title="bbox 683 2206 2175 2275">
    <p class='ocr_par' dir='ltr' id='par_1_40' title="bbox 683 2206 2175 2275">
     <span class='ocr_line' id='line_1_40' title="bbox 683 2206 2175 2275; baseline 0.001 -16"><span class='ocrx_word' id='word_1_315' title='bbox 683 2206 839 2261; x_wconf 82' lang='lat' dir='ltr'><strong>Jesus</strong></span> <span class='ocrx_word' id='word_1_316' title='bbox 873 2218 1081 2269; x_wconf 64' lang='lat' dir='ltr'><strong>autem,</strong></span> <span class='ocrx_word' id='word_1_317' title='bbox 1140 2208 1221 2260; x_wconf 87' lang='lat' dir='ltr'><strong>his</strong></span> <span class='ocrx_word' id='word_1_318' title='bbox 1272 2208 1491 2272; x_wconf 74' lang='lat' dir='ltr'><strong>malitis,</strong></span> <span class='ocrx_word' id='word_1_319' title='bbox 1537 2208 1801 2275; x_wconf 77' lang='lat' dir='ltr'><strong>respondit</strong></span> <span class='ocrx_word' id='word_1_320' title='bbox 1850 2208 1898 2260; x_wconf 86' lang='lat' dir='ltr'><strong>ei</strong></span> <span class='ocrx_word' id='word_1_321' title='bbox 1955 2208 2175 2262; x_wconf 79' lang='lat' dir='ltr'><strong>dicens:</strong></span> 
     </span>
    </p>
   </div>
   <div class='ocr_carea' id='block_1_41' title="bbox 613 2299 2176 2363">
    <p class='ocr_par' dir='ltr' id='par_1_41' title="bbox 613 2299 2176 2363">
     <span class='ocr_line' id='line_1_41' title="bbox 613 2299 2176 2363; baseline 0.001 -9"><span class='ocrx_word' id='word_1_322' title='bbox 613 2299 744 2354; x_wconf 84' lang='lat' dir='ltr'><strong>Noli</strong></span> <span class='ocrx_word' id='word_1_323' title='bbox 775 2302 973 2363; x_wconf 80' lang='lat' dir='ltr'><strong>timere,</strong></span> <span class='ocrx_word' id='word_1_324' title='bbox 1020 2299 1168 2354; x_wconf 78' lang='lat' dir='ltr'><strong>crede</strong></span> <span class='ocrx_word' id='word_1_325' title='bbox 1211 2310 1437 2361; x_wconf 78' lang='lat' dir='ltr'><strong>tantum,</strong></span> <span class='ocrx_word' id='word_1_326' title='bbox 1470 2311 1518 2353; x_wconf 89' lang='lat' dir='ltr'><strong>et</strong></span> <span class='ocrx_word' id='word_1_327' title='bbox 1568 2302 1715 2353; x_wconf 85' lang='lat' dir='ltr'><strong>salva</strong></span> <span class='ocrx_word' id='word_1_328' title='bbox 1757 2302 1855 2353; x_wconf 88' lang='lat' dir='ltr'><strong>erit</strong></span> <span class='ocrx_word' id='word_1_329' title='bbox 1892 2301 1957 2353; x_wconf 62' lang='lat'><strong>‘7.</strong></span> <span class='ocrx_word' id='word_1_330' title='bbox 1992 2300 2176 2355; x_wconf 88' lang='lat' dir='ltr'><strong>Fidem</strong></span> 
     </span>
    </p>
   </div>
   <div class='ocr_carea' id='block_1_42' title="bbox 612 2390 2177 2462">
    <p class='ocr_par' dir='ltr' id='par_1_42' title="bbox 612 2390 2177 2462">
     <span class='ocr_line' id='line_1_42' title="bbox 612 2390 2177 2462; baseline 0 -17"><span class='ocrx_word' id='word_1_331' title='bbox 612 2394 788 2462; x_wconf 89' lang='lat' dir='ltr'><strong>primo</strong></span> <span class='ocrx_word' id='word_1_332' title='bbox 818 2392 1054 2460; x_wconf 85' lang='lat' dir='ltr'><strong>postulat</strong></span> <span class='ocrx_word' id='word_1_333' title='bbox 1088 2390 1348 2445; x_wconf 89' lang='lat' dir='ltr'><strong>Dominus</strong></span> <span class='ocrx_word' id='word_1_334' title='bbox 1366 2392 1433 2444; x_wconf 86' lang='lat' dir='ltr'><strong>ab</strong></span> <span class='ocrx_word' id='word_1_335' title='bbox 1456 2391 1542 2453; x_wconf 86' lang='lat' dir='ltr'><strong>iis,</strong></span> <span class='ocrx_word' id='word_1_336' title='bbox 1566 2390 1658 2459; x_wconf 86' lang='lat' dir='ltr'><strong>qui</strong></span> <span class='ocrx_word' id='word_1_337' title='bbox 1688 2392 1943 2446; x_wconf 87' lang='lat' dir='ltr'><strong>invocant</strong></span> <span class='ocrx_word' id='word_1_338' title='bbox 1963 2392 2137 2460; x_wconf 91' lang='lat' dir='ltr'><strong>ipsum</strong></span> <span class='ocrx_word' id='word_1_339' title='bbox 2163 2409 2177 2456; x_wconf 91' lang='lat'><strong>;</strong></span> 
     </span>
    </p>
   </div>
   <div class='ocr_carea' id='block_1_43' title="bbox 610 2484 2178 2554">
    <p class='ocr_par' dir='ltr' id='par_1_43' title="bbox 610 2484 2178 2554">
     <span class='ocr_line' id='line_1_43' title="bbox 610 2484 2178 2554; baseline 0 -17"><span class='ocrx_word' id='word_1_340' title='bbox 610 2484 1070 2554; x_wconf 82' lang='lat' dir='ltr'><strong>quemadmodum</strong></span> <span class='ocrx_word' id='word_1_341' title='bbox 1123 2498 1150 2535; x_wconf 91' lang='lat' dir='ltr'><strong>a</strong></span> <span class='ocrx_word' id='word_1_342' title='bbox 1201 2498 1345 2537; x_wconf 64' lang='lat' dir='ltr'><strong>caeco</strong></span> <span class='ocrx_word' id='word_1_343' title='bbox 1400 2484 1482 2535; x_wconf 87' lang='lat' dir='ltr'><strong>his</strong></span> <span class='ocrx_word' id='word_1_344' title='bbox 1542 2485 1720 2537; x_wconf 84' lang='lat' dir='ltr'><strong>verbis</strong></span> <span class='ocrx_word' id='word_1_345' title='bbox 1751 2503 1773 2537; x_wconf 70' lang='grc' dir='ltr'><strong>τ</strong></span> <span class='ocrx_word' id='word_1_346' title='bbox 1817 2484 2001 2539; x_wconf 77' lang='lat' dir='ltr'><strong>Credis</strong></span> <span class='ocrx_word' id='word_1_347' title='bbox 2053 2486 2178 2554; x_wconf 79' lang='lat' dir='ltr'><strong>quia</strong></span> 
     </span>
    </p>
   </div>
   <div class='ocr_carea' id='block_1_44' title="bbox 610 2573 2176 2643">
    <p class='ocr_par' dir='ltr' id='par_1_44' title="bbox 610 2573 2176 2643">
     <span class='ocr_line' id='line_1_44' title="bbox 610 2573 2176 2643; baseline 0.002 -17"><span class='ocrx_word' id='word_1_348' title='bbox 610 2591 822 2643; x_wconf 47' lang='lat' dir='ltr'><strong>possunt</strong></span> <span class='ocrx_word' id='word_1_349' title='bbox 854 2574 948 2626; x_wconf 85' lang='lat' dir='ltr'><strong>hoc</strong></span> <span class='ocrx_word' id='word_1_350' title='bbox 975 2573 1066 2626; x_wconf 85' lang='lat' dir='ltr'><strong>tibi</strong></span> <span class='ocrx_word' id='word_1_351' title='bbox 1089 2574 1260 2642; x_wconf 78' lang='lat' dir='ltr'><strong>facere</strong></span> <span class='ocrx_word' id='word_1_352' title='bbox 1293 2575 1373 2627; x_wconf 57' lang='lat'><strong>*3?</strong></span> <span class='ocrx_word' id='word_1_353' title='bbox 1396 2583 1444 2626; x_wconf 90' lang='lat' dir='ltr'><strong>et</strong></span> <span class='ocrx_word' id='word_1_354' title='bbox 1485 2575 1721 2629; x_wconf 80' lang='lat' dir='ltr'><strong>luualico</strong></span> <span class='ocrx_word' id='word_1_355' title='bbox 1748 2577 1856 2630; x_wconf 90' lang='lat' dir='ltr'><strong>ait:</strong></span> <span class='ocrx_word' id='word_1_356' title='bbox 1894 2576 1955 2631; x_wconf 85' lang='lat' dir='ltr'><strong>Si</strong></span> <span class='ocrx_word' id='word_1_357' title='bbox 1983 2578 2176 2640; x_wconf 85' lang='lat' dir='ltr'><strong>credis,</strong></span> 
     </span>
    </p>
   </div>
   <div class='ocr_carea' id='block_1_45' title="bbox 613 2661 2178 2736">
    <p class='ocr_par' dir='ltr' id='par_1_45' title="bbox 613 2661 2178 2736">
     <span class='ocr_line' id='line_1_45' title="bbox 613 2661 2178 2736; baseline 0.003 -20"><span class='ocrx_word' id='word_1_358' title='bbox 613 2664 702 2733; x_wconf 75' lang='lat' dir='ltr'><strong>ﬁet</strong></span> <span class='ocrx_word' id='word_1_359' title='bbox 738 2663 802 2716; x_wconf 80' lang='lat'><strong>“.</strong></span> <span class='ocrx_word' id='word_1_360' title='bbox 840 2661 895 2715; x_wconf 86' lang='lat' dir='ltr'><strong>1d</strong></span> <span class='ocrx_word' id='word_1_361' title='bbox 937 2674 1115 2716; x_wconf 90' lang='lat' dir='ltr'><strong>autem</strong></span> <span class='ocrx_word' id='word_1_362' title='bbox 1168 2661 1420 2718; x_wconf 81' lang='lat' dir='ltr'><strong>Servatur</strong></span> <span class='ocrx_word' id='word_1_363' title='bbox 1450 2666 1710 2733; x_wconf 77' lang='lat' dir='ltr'><strong>postulat,</strong></span> <span class='ocrx_word' id='word_1_364' title='bbox 1745 2682 1851 2719; x_wconf 92' lang='lat' dir='ltr'><strong>non</strong></span> <span class='ocrx_word' id='word_1_365' title='bbox 1903 2666 2049 2736; x_wconf 92' lang='lat' dir='ltr'><strong>quod</strong></span> <span class='ocrx_word' id='word_1_366' title='bbox 2098 2667 2178 2720; x_wconf 85' lang='lat' dir='ltr'><strong>al-</strong></span> 
     </span>
    </p>
   </div>
   <div class='ocr_carea' id='block_1_46' title="bbox 616 2755 2177 2826">
    <p class='ocr_par' dir='ltr' id='par_1_46' title="bbox 616 2755 2177 2826">
     <span class='ocr_line' id='line_1_46' title="bbox 616 2755 2177 2826; baseline 0.001 -17"><span class='ocrx_word' id='word_1_367' title='bbox 616 2755 783 2810; x_wconf 83' lang='lat' dir='ltr'><strong>terius</strong></span> <span class='ocrx_word' id='word_1_368' title='bbox 812 2770 913 2825; x_wconf 87' lang='lat' dir='ltr'><strong>ope</strong></span> <span class='ocrx_word' id='word_1_369' title='bbox 939 2764 1126 2826; x_wconf 74' lang='lat' dir='ltr'><strong>egeat:</strong></span> <span class='ocrx_word' id='word_1_370' title='bbox 1164 2756 1277 2825; x_wconf 88' lang='lat' dir='ltr'><strong>ipse</strong></span> <span class='ocrx_word' id='word_1_371' title='bbox 1308 2772 1542 2826; x_wconf 83' lang='lat' dir='ltr'><strong>namque</strong></span> <span class='ocrx_word' id='word_1_372' title='bbox 1574 2757 1694 2811; x_wconf 87' lang='lat' dir='ltr'><strong>lidei</strong></span> <span class='ocrx_word' id='word_1_373' title='bbox 1722 2772 1942 2826; x_wconf 89' lang='lat' dir='ltr'><strong>quoque</strong></span> <span class='ocrx_word' id='word_1_374' title='bbox 1993 2757 2177 2811; x_wconf 88' lang='lat' dir='ltr'><strong>domi-</strong></span> 
     </span>
    </p>
   </div>
   <div class='ocr_carea' id='block_1_47' title="bbox 612 2847 2183 2919">
    <p class='ocr_par' dir='ltr' id='par_1_47' title="bbox 612 2847 2183 2919">
     <span class='ocr_line' id='line_1_47' title="bbox 612 2847 2183 2919; baseline 0.001 -18"><span class='ocrx_word' id='word_1_375' title='bbox 612 2862 716 2902; x_wconf 87' lang='lat' dir='ltr'><strong>nus</strong></span> <span class='ocrx_word' id='word_1_376' title='bbox 739 2857 793 2902; x_wconf 90' lang='lat' dir='ltr'><strong>et</strong></span> <span class='ocrx_word' id='word_1_377' title='bbox 816 2847 1039 2915; x_wconf 81' lang='lat' dir='ltr'><strong>largitor</strong></span> <span class='ocrx_word' id='word_1_378' title='bbox 1073 2857 1197 2913; x_wconf 89' lang='lat' dir='ltr'><strong>est;</strong></span> <span class='ocrx_word' id='word_1_379' title='bbox 1229 2849 1321 2902; x_wconf 86' lang='lat' dir='ltr'><strong>sed</strong></span> <span class='ocrx_word' id='word_1_380' title='bbox 1348 2864 1415 2902; x_wconf 88' lang='lat' dir='ltr'><strong>ne</strong></span> <span class='ocrx_word' id='word_1_381' title='bbox 1455 2849 1699 2902; x_wconf 90' lang='lat' dir='ltr'><strong>videatur</strong></span> <span class='ocrx_word' id='word_1_382' title='bbox 1724 2864 1989 2919; x_wconf 83' lang='lat' dir='ltr'><strong>personas</strong></span> <span class='ocrx_word' id='word_1_383' title='bbox 2036 2849 2183 2904; x_wconf 83' lang='lat' dir='ltr'><strong>acci-</strong></span> 
     </span>
    </p>
   </div>
   <div class='ocr_carea' id='block_1_48' title="bbox 614 2938 2187 3008">
    <p class='ocr_par' dir='ltr' id='par_1_48' title="bbox 614 2938 2187 3008">
     <span class='ocr_line' id='line_1_48' title="bbox 614 2938 2187 3008; baseline 0.004 -20"><span class='ocrx_word' id='word_1_384' title='bbox 614 2952 761 3006; x_wconf 89' lang='lat' dir='ltr'><strong>pere,</strong></span> <span class='ocrx_word' id='word_1_385' title='bbox 805 2945 969 3004; x_wconf 85' lang='lat' dir='ltr'><strong>utque</strong></span> <span class='ocrx_word' id='word_1_386' title='bbox 1003 2946 1222 3007; x_wconf 86' lang='lat' dir='ltr'><strong>putetur</strong></span> <span class='ocrx_word' id='word_1_387' title='bbox 1270 2938 1446 3008; x_wconf 86' lang='lat' dir='ltr'><strong>ipsum</strong></span> <span class='ocrx_word' id='word_1_388' title='bbox 1501 2938 1852 2994; x_wconf 88' lang='lat' dir='ltr'><strong>credentibus</strong></span> <span class='ocrx_word' id='word_1_389' title='bbox 1891 2955 2134 2995; x_wconf 87' lang='lat' dir='ltr'><strong>annuere</strong></span> <span class='ocrx_word' id='word_1_390' title='bbox 2165 2978 2187 3006; x_wconf 81' lang='lat'><strong>,</strong></span> 
     </span>
    </p>
   </div>
   <div class='ocr_carea' id='block_1_49' title="bbox 615 3027 2184 3102">
    <p class='ocr_par' dir='ltr' id='par_1_49' title="bbox 615 3027 2184 3102">
     <span class='ocr_line' id='line_1_49' title="bbox 615 3027 2184 3102; baseline 0.006 -23"><span class='ocrx_word' id='word_1_391' title='bbox 615 3027 974 3097; x_wconf 76' lang='lat' dir='ltr'><strong>hominesque</strong></span> <span class='ocrx_word' id='word_1_392' title='bbox 1001 3029 1119 3083; x_wconf 91' lang='lat' dir='ltr'><strong>sine</strong></span> <span class='ocrx_word' id='word_1_393' title='bbox 1154 3028 1257 3083; x_wconf 87' lang='lat' dir='ltr'><strong>ﬁde</strong></span> <span class='ocrx_word' id='word_1_394' title='bbox 1294 3030 1559 3084; x_wconf 80' lang='lat' dir='ltr'><strong>beneficia</strong></span> <span class='ocrx_word' id='word_1_395' title='bbox 1588 3047 1696 3086; x_wconf 89' lang='lat' dir='ltr'><strong>non</strong></span> <span class='ocrx_word' id='word_1_396' title='bbox 1730 3042 2072 3102; x_wconf 85' lang='lat' dir='ltr'><strong>accepturos,</strong></span> <span class='ocrx_word' id='word_1_397' title='bbox 2103 3043 2184 3089; x_wconf 88' lang='lat' dir='ltr'><strong>at-</strong></span> 
     </span>
    </p>
   </div>
   <div class='ocr_carea' id='block_1_50' title="bbox 615 3119 2182 3188">
    <p class='ocr_par' dir='ltr' id='par_1_50' title="bbox 615 3119 2182 3188">
     <span class='ocr_line' id='line_1_50' title="bbox 615 3119 2182 3188; baseline 0.006 -18"><span class='ocrx_word' id='word_1_398' title='bbox 615 3134 719 3188; x_wconf 88' lang='lat' dir='ltr'><strong>que</strong></span> <span class='ocrx_word' id='word_1_399' title='bbox 750 3134 815 3172; x_wconf 81' lang='lat' dir='ltr'><strong>ex</strong></span> <span class='ocrx_word' id='word_1_400' title='bbox 870 3119 1186 3174; x_wconf 86' lang='lat' dir='ltr'><strong>inﬁdelitate</strong></span> <span class='ocrx_word' id='word_1_401' title='bbox 1239 3121 1429 3175; x_wconf 81' lang='lat' dir='ltr'><strong>eadem</strong></span> <span class='ocrx_word' id='word_1_402' title='bbox 1493 3124 1795 3182; x_wconf 85' lang='lat' dir='ltr'><strong>amissuros</strong></span> <span class='ocrx_word' id='word_1_403' title='bbox 1847 3140 1989 3179; x_wconf 88' lang='lat' dir='ltr'><strong>esse.</strong></span> <span class='ocrx_word' id='word_1_404' title='bbox 2046 3124 2182 3180; x_wconf 87' lang='lat' dir='ltr'><strong>Nam</strong></span> 
     </span>
    </p>
   </div>
   <div class='ocr_carea' id='block_1_51' title="bbox 2357 2206 3867 2279">
    <p class='ocr_par' dir='ltr' id='par_1_51' title="bbox 2357 2206 3867 2279">
     <span class='ocr_line' id='line_1_51' title="bbox 2357 2206 3867 2279; baseline 0.001 -18"><span class='ocrx_word' id='word_1_405' title='bbox 2357 2208 2469 2279; x_wconf 77' lang='lat'><strong>(30)</strong></span> <span class='ocrx_word' id='word_1_406' title='bbox 2512 2209 2573 2261; x_wconf 87' lang='grc' dir='ltr'><strong><em>Ὀ</em></strong></span> <span class='ocrx_word' id='word_1_407' title='bbox 2611 2208 2678 2261; x_wconf 80' lang='grc' dir='ltr'><em>δὲ</em></span> <span class='ocrx_word' id='word_1_408' title='bbox 2732 2206 2991 2275; x_wconf 81' lang='grc' dir='ltr'><strong>Ἰησοῦς,</strong></span> <span class='ocrx_word' id='word_1_409' title='bbox 3039 2207 3334 2274; x_wconf 80' lang='grc' dir='ltr'>ἀκούσας,</span> <span class='ocrx_word' id='word_1_410' title='bbox 3373 2208 3674 2276; x_wconf 72' lang='grc' dir='ltr'><strong>ἀπεκρίθη</strong></span> <span class='ocrx_word' id='word_1_411' title='bbox 3707 2208 3867 2273; x_wconf 77' lang='grc' dir='ltr'>αὐτῷ</span> 
     </span>
    </p>
   </div>
   <div class='ocr_carea' id='block_1_52' title="bbox 2284 2301 3867 2374">
    <p class='ocr_par' dir='ltr' id='par_1_52' title="bbox 2284 2301 3867 2374">
     <span class='ocr_line' id='line_1_52' title="bbox 2284 2301 3867 2374; baseline -0.002 -17"><span class='ocrx_word' id='word_1_412' title='bbox 2284 2305 2479 2374; x_wconf 70' lang='grc' dir='ltr'>λέγων</span> <span class='ocrx_word' id='word_1_413' title='bbox 2498 2320 2511 2333; x_wconf 71' lang='grc' dir='ltr'><strong><em>ο</em></strong></span> <span class='ocrx_word' id='word_1_414' title='bbox 2541 2302 2637 2370; x_wconf 79' lang='grc' dir='ltr'><strong>Μὴ</strong></span> <span class='ocrx_word' id='word_1_415' title='bbox 2660 2301 2848 2371; x_wconf 69' lang='grc' dir='ltr'><em>φοϐοῦ</em></span> <span class='ocrx_word' id='word_1_416' title='bbox 2869 2318 2881 2330; x_wconf 90' lang='grc'><strong>·</strong></span> <span class='ocrx_word' id='word_1_417' title='bbox 2920 2301 3114 2370; x_wconf 76' lang='grc' dir='ltr'>μόνον</span> <span class='ocrx_word' id='word_1_418' title='bbox 3150 2302 3422 2364; x_wconf 78' lang='grc' dir='ltr'>πίστευε,</span> <span class='ocrx_word' id='word_1_419' title='bbox 3454 2303 3553 2355; x_wconf 77' lang='grc' dir='ltr'>καὶ</span> <span class='ocrx_word' id='word_1_420' title='bbox 3592 2301 3867 2366; x_wconf 75' lang='grc' dir='ltr'>σωθήσε-</span> 
     </span>
    </p>
   </div>
   <div class='ocr_carea' id='block_1_53' title="bbox 2285 2391 3865 2465">
    <p class='ocr_par' dir='ltr' id='par_1_53' title="bbox 2285 2391 3865 2465">
     <span class='ocr_line' id='line_1_53' title="bbox 2285 2391 3865 2465; baseline -0.001 -17"><span class='ocrx_word' id='word_1_421' title='bbox 2285 2412 2399 2449; x_wconf 83' lang='grc' dir='ltr'>ται.</span> <span class='ocrx_word' id='word_1_422' title='bbox 2434 2391 2627 2448; x_wconf 87' lang='grc' dir='ltr'>Πίστιν</span> <span class='ocrx_word' id='word_1_423' title='bbox 2652 2411 2715 2463; x_wconf 89' lang='grc' dir='ltr'><strong>γε</strong></span> <span class='ocrx_word' id='word_1_424' title='bbox 2740 2396 2958 2448; x_wconf 85' lang='grc' dir='ltr'>ἀπαιτεῖ</span> <span class='ocrx_word' id='word_1_425' title='bbox 2993 2391 3212 2465; x_wconf 83' lang='grc' dir='ltr'>πρῶτον</span> <span class='ocrx_word' id='word_1_426' title='bbox 3240 2395 3365 2456; x_wconf 73' lang='grc' dir='ltr'>τοὺς</span> <span class='ocrx_word' id='word_1_427' title='bbox 3396 2393 3865 2464; x_wconf 73' lang='grc' dir='ltr'>ἐπικαλουμένους</span> 
     </span>
    </p>
   </div>
   <div class='ocr_carea' id='block_1_54' title="bbox 2286 2484 3864 2558">
    <p class='ocr_par' dir='ltr' id='par_1_54' title="bbox 2286 2484 3864 2558">
     <span class='ocr_line' id='line_1_54' title="bbox 2286 2484 3864 2558; baseline -0.002 -18"><span class='ocrx_word' id='word_1_428' title='bbox 2286 2487 2449 2541; x_wconf 73' lang='grc' dir='ltr'>αὐτὸν</span> <span class='ocrx_word' id='word_1_429' title='bbox 2478 2489 2507 2540; x_wconf 93' lang='lat'><strong>6</strong></span> <span class='ocrx_word' id='word_1_430' title='bbox 2538 2486 2772 2558; x_wconf 82' lang='grc' dir='ltr'>Κύριος·</span> <span class='ocrx_word' id='word_1_431' title='bbox 2821 2486 2896 2549; x_wconf 83' lang='grc' dir='ltr'>ὼς</span> <span class='ocrx_word' id='word_1_432' title='bbox 2939 2487 3031 2539; x_wconf 76' lang='grc' dir='ltr'>ἐπὶ</span> <span class='ocrx_word' id='word_1_433' title='bbox 3076 2484 3170 2538; x_wconf 76' lang='grc' dir='ltr'>τοῦ</span> <span class='ocrx_word' id='word_1_434' title='bbox 3226 2484 3427 2553; x_wconf 60' lang='grc' dir='ltr'>τυφλοῦ</span> <span class='ocrx_word' id='word_1_435' title='bbox 3476 2485 3655 2555; x_wconf 78' lang='grc' dir='ltr'>λέγων</span> <span class='ocrx_word' id='word_1_436' title='bbox 3692 2502 3707 2516; x_wconf 86' lang='grc'><strong>·</strong></span> <span class='ocrx_word' id='word_1_437' title='bbox 3772 2489 3864 2539; x_wconf 83' lang='grc' dir='ltr'><strong>Πι-</strong></span> 
     </span>
    </p>
   </div>
   <div class='ocr_carea' id='block_1_55' title="bbox 2288 2576 3865 2648">
    <p class='ocr_par' dir='ltr' id='par_1_55' title="bbox 2288 2576 3865 2648">
     <span class='ocr_line' id='line_1_55' title="bbox 2288 2576 3865 2648; baseline -0.004 -14"><span class='ocrx_word' id='word_1_438' title='bbox 2288 2582 2547 2644; x_wconf 84' lang='grc' dir='ltr'>στεύεις,</span> <span class='ocrx_word' id='word_1_439' title='bbox 2567 2578 2655 2631; x_wconf 84' lang='grc' dir='ltr'>ὅτι</span> <span class='ocrx_word' id='word_1_440' title='bbox 2688 2579 2947 2648; x_wconf 77' lang='grc' dir='ltr'>δύναμαί</span> <span class='ocrx_word' id='word_1_441' title='bbox 2969 2594 3067 2633; x_wconf 88' lang='grc' dir='ltr'>σοι</span> <span class='ocrx_word' id='word_1_442' title='bbox 3095 2578 3272 2632; x_wconf 82' lang='grc' dir='ltr'>τοῦτο</span> <span class='ocrx_word' id='word_1_443' title='bbox 3310 2576 3599 2645; x_wconf 79' lang='grc' dir='ltr'>ποιῆσαι;</span> <span class='ocrx_word' id='word_1_444' title='bbox 3632 2580 3730 2631; x_wconf 67' lang='grc' dir='ltr'><strong>καὶ</strong></span> <span class='ocrx_word' id='word_1_445' title='bbox 3773 2579 3865 2631; x_wconf 75' lang='grc' dir='ltr'><strong>ἐπὶ</strong></span> 
     </span>
    </p>
   </div>
   <div class='ocr_carea' id='block_1_56' title="bbox 2285 2670 3863 2744">
    <p class='ocr_par' dir='ltr' id='par_1_56' title="bbox 2285 2670 3863 2744">
     <span class='ocr_line' id='line_1_56' title="bbox 2285 2670 3863 2744; baseline -0.002 -19"><span class='ocrx_word' id='word_1_446' title='bbox 2285 2673 2378 2725; x_wconf 84' lang='grc' dir='ltr'>τοῦ</span> <span class='ocrx_word' id='word_1_447' title='bbox 2418 2671 2867 2744; x_wconf 78' lang='grc' dir='ltr'>σεληνιαζομένου</span> <span class='ocrx_word' id='word_1_448' title='bbox 2901 2671 2958 2724; x_wconf 79' lang='grc' dir='ltr'><strong>δέ</strong></span> <span class='ocrx_word' id='word_1_449' title='bbox 3001 2688 3194 2743; x_wconf 83' lang='grc' dir='ltr'>φησιν,</span> <span class='ocrx_word' id='word_1_450' title='bbox 3234 2672 3316 2725; x_wconf 83' lang='grc' dir='ltr'><strong>ὃτι</strong></span> <span class='ocrx_word' id='word_1_451' title='bbox 3360 2670 3497 2723; x_wconf 79' lang='grc' dir='ltr'><strong>Ἐὰν</strong></span> <span class='ocrx_word' id='word_1_452' title='bbox 3544 2672 3863 2735; x_wconf 67' lang='grc' dir='ltr'>πιστεύῃς.</span> 
     </span>
    </p>
   </div>
   <div class='ocr_carea' id='block_1_57' title="bbox 2292 2762 3866 2835">
    <p class='ocr_par' dir='ltr' id='par_1_57' title="bbox 2292 2762 3866 2835">
     <span class='ocr_line' id='line_1_57' title="bbox 2292 2762 3866 2835; baseline -0.003 -16"><span class='ocrx_word' id='word_1_453' title='bbox 2292 2767 2536 2835; x_wconf 69' lang='grc' dir='ltr'>γίνεται.</span> <span class='ocrx_word' id='word_1_454' title='bbox 2574 2765 2821 2818; x_wconf 76' lang='grc' dir='ltr'>Ἀπαιτεῖ</span> <span class='ocrx_word' id='word_1_455' title='bbox 2844 2763 2905 2817; x_wconf 78' lang='grc' dir='ltr'><strong>δὲ</strong></span> <span class='ocrx_word' id='word_1_456' title='bbox 2934 2762 3092 2817; x_wconf 81' lang='grc' dir='ltr'>τοῦτο</span> <span class='ocrx_word' id='word_1_457' title='bbox 3122 2766 3150 2817; x_wconf 92' lang='lat'><strong>6</strong></span> <span class='ocrx_word' id='word_1_458' title='bbox 3178 2764 3367 2835; x_wconf 71' lang='grc' dir='ltr'>Σωτὴρ</span> <span class='ocrx_word' id='word_1_459' title='bbox 3386 2804 3401 2828; x_wconf 93' lang='grc'><em>,</em></span> <span class='ocrx_word' id='word_1_460' title='bbox 3433 2764 3533 2816; x_wconf 77' lang='grc' dir='ltr'><strong>οὐκ</strong></span> <span class='ocrx_word' id='word_1_461' title='bbox 3562 2762 3866 2832; x_wconf 78' lang='grc' dir='ltr'>ἐπειδήπερ</span> 
     </span>
    </p>
   </div>
   <div class='ocr_carea' id='block_1_58' title="bbox 2290 2854 3866 2931">
    <p class='ocr_par' dir='ltr' id='par_1_58' title="bbox 2290 2854 3866 2931">
     <span class='ocr_line' id='line_1_58' title="bbox 2290 2854 3866 2931; baseline -0.003 -20"><span class='ocrx_word' id='word_1_462' title='bbox 2290 2858 2489 2931; x_wconf 78' lang='grc' dir='ltr'>ἔχρῃζε</span> <span class='ocrx_word' id='word_1_463' title='bbox 2534 2858 2634 2928; x_wconf 77' lang='grc' dir='ltr'><strong>τῆς</strong></span> <span class='ocrx_word' id='word_1_464' title='bbox 2663 2857 2788 2928; x_wconf 80' lang='grc' dir='ltr'>παρ’</span> <span class='ocrx_word' id='word_1_465' title='bbox 2821 2856 3021 2927; x_wconf 79' lang='grc' dir='ltr'>ἐτέρων</span> <span class='ocrx_word' id='word_1_466' title='bbox 3056 2856 3341 2928; x_wconf 80' lang='grc' dir='ltr'>συνεργίας</span> <span class='ocrx_word' id='word_1_467' title='bbox 3361 2871 3374 2883; x_wconf 91' lang='grc'><strong>·</strong></span> <span class='ocrx_word' id='word_1_468' title='bbox 3431 2856 3596 2919; x_wconf 67' lang='grc' dir='ltr'>αὐτὸς</span> <span class='ocrx_word' id='word_1_469' title='bbox 3629 2856 3742 2927; x_wconf 75' lang='grc' dir='ltr'><strong>γάρ</strong></span> <span class='ocrx_word' id='word_1_470' title='bbox 3771 2854 3866 2909; x_wconf 78' lang='grc' dir='ltr'>καὶ</span> 
     </span>
    </p>
   </div>
   <div class='ocr_carea' id='block_1_59' title="bbox 2292 2945 3864 3019">
    <p class='ocr_par' dir='ltr' id='par_1_59' title="bbox 2292 2945 3864 3019">
     <span class='ocr_line' id='line_1_59' title="bbox 2292 2945 3864 3019; baseline 0 -19"><span class='ocrx_word' id='word_1_471' title='bbox 2292 2948 2396 3019; x_wconf 78' lang='grc' dir='ltr'>τῆς</span> <span class='ocrx_word' id='word_1_472' title='bbox 2424 2948 2657 3011; x_wconf 82' lang='grc' dir='ltr'>πίστεως</span> <span class='ocrx_word' id='word_1_473' title='bbox 2700 2946 2886 3018; x_wconf 82' lang='grc' dir='ltr'>κύριος</span> <span class='ocrx_word' id='word_1_474' title='bbox 2916 2945 3009 2998; x_wconf 79' lang='grc' dir='ltr'><strong>καὶ</strong></span> <span class='ocrx_word' id='word_1_475' title='bbox 3035 2946 3268 3017; x_wconf 83' lang='grc' dir='ltr'>χορηγός</span> <span class='ocrx_word' id='word_1_476' title='bbox 3294 2949 3441 2999; x_wconf 82' lang='grc' dir='ltr'>ἐστιν</span> <span class='ocrx_word' id='word_1_477' title='bbox 3466 2963 3480 2976; x_wconf 90' lang='grc'><strong>·</strong></span> <span class='ocrx_word' id='word_1_478' title='bbox 3510 2947 3626 2999; x_wconf 78' lang='grc' dir='ltr'>ἀλλ’</span> <span class='ocrx_word' id='word_1_479' title='bbox 3664 2948 3755 3000; x_wconf 81' lang='grc' dir='ltr'><strong>ἴνα</strong></span> <span class='ocrx_word' id='word_1_480' title='bbox 3791 2946 3864 3017; x_wconf 78' lang='grc' dir='ltr'>μὴ</span> 
     </span>
    </p>
   </div>
   <div class='ocr_carea' id='block_1_60' title="bbox 2291 3038 3864 3111">
    <p class='ocr_par' dir='ltr' id='par_1_60' title="bbox 2291 3038 3864 3111">
     <span class='ocr_line' id='line_1_60' title="bbox 2291 3038 3864 3111; baseline -0.001 -21"><span class='ocrx_word' id='word_1_481' title='bbox 2291 3039 2363 3103; x_wconf 84' lang='grc' dir='ltr'>ὼς</span> <span class='ocrx_word' id='word_1_482' title='bbox 2393 3038 2702 3111; x_wconf 82' lang='grc' dir='ltr'>προσώποις</span> <span class='ocrx_word' id='word_1_483' title='bbox 2727 3038 3082 3110; x_wconf 79' lang='grc' dir='ltr'>χαριζόμενος</span> <span class='ocrx_word' id='word_1_484' title='bbox 3116 3041 3281 3109; x_wconf 81' lang='grc' dir='ltr'>φανῇ,</span> <span class='ocrx_word' id='word_1_485' title='bbox 3335 3038 3451 3091; x_wconf 76' lang='grc' dir='ltr'>ἀλλ’</span> <span class='ocrx_word' id='word_1_486' title='bbox 3489 3040 3572 3091; x_wconf 83' lang='grc' dir='ltr'>ὅτι</span> <span class='ocrx_word' id='word_1_487' title='bbox 3604 3042 3721 3101; x_wconf 81' lang='grc' dir='ltr'>τοῖς</span> <span class='ocrx_word' id='word_1_488' title='bbox 3784 3054 3864 3089; x_wconf 85' lang='grc' dir='ltr'>πι-</span> 
     </span>
    </p>
   </div>
   <div class='ocr_carea' id='block_1_61' title="bbox 2288 3129 3863 3203">
    <p class='ocr_par' dir='ltr' id='par_1_61' title="bbox 2288 3129 3863 3203">
     <span class='ocr_line' id='line_1_61' title="bbox 2288 3129 3863 3203; baseline -0.001 -19"><span class='ocrx_word' id='word_1_489' title='bbox 2288 3132 2564 3185; x_wconf 85' lang='grc' dir='ltr'>στεύουσιν</span> <span class='ocrx_word' id='word_1_490' title='bbox 2594 3129 2851 3195; x_wconf 78' lang='grc' dir='ltr'>ἐπινεύει,</span> <span class='ocrx_word' id='word_1_491' title='bbox 2884 3132 2979 3184; x_wconf 74' lang='grc' dir='ltr'><strong>καὶ</strong></span> <span class='ocrx_word' id='word_1_492' title='bbox 3011 3132 3097 3185; x_wconf 82' lang='grc' dir='ltr'>ἵνα</span> <span class='ocrx_word' id='word_1_493' title='bbox 3118 3134 3191 3202; x_wconf 74' lang='grc' dir='ltr'>μὴ</span> <span class='ocrx_word' id='word_1_494' title='bbox 3209 3132 3376 3203; x_wconf 76' lang='grc' dir='ltr'>χωρὶς</span> <span class='ocrx_word' id='word_1_495' title='bbox 3406 3132 3645 3195; x_wconf 78' lang='grc' dir='ltr'>πίστεως</span> <span class='ocrx_word' id='word_1_496' title='bbox 3669 3132 3863 3197; x_wconf 78' lang='grc' dir='ltr'>δέξων-</span> 
     </span>
    </p>
   </div>
   <div class='ocr_carea' id='block_1_62' title="bbox 616 3195 2203 3293">
    <p class='ocr_par' dir='ltr' id='par_1_62' title="bbox 616 3210 2186 3283">
     <span class='ocr_line' id='line_1_62' title="bbox 616 3210 2186 3283; baseline 0.006 -21"><span class='ocrx_word' id='word_1_497' title='bbox 616 3227 739 3263; x_wconf 88' lang='lat' dir='ltr'><strong>cum</strong></span> <span class='ocrx_word' id='word_1_498' title='bbox 773 3210 1002 3280; x_wconf 79' lang='lat' dir='ltr'><strong>gratiam</strong></span> <span class='ocrx_word' id='word_1_499' title='bbox 1041 3211 1286 3275; x_wconf 75' lang='lat' dir='ltr'><strong>confert,</strong></span> <span class='ocrx_word' id='word_1_500' title='bbox 1319 3212 1433 3266; x_wconf 80' lang='lat' dir='ltr'><strong>vult</strong></span> <span class='ocrx_word' id='word_1_501' title='bbox 1473 3214 1704 3282; x_wconf 82' lang='lat' dir='ltr'><strong>gratiam</strong></span> <span class='ocrx_word' id='word_1_502' title='bbox 1744 3229 2104 3283; x_wconf 84' lang='lat' dir='ltr'><strong>permanere;</strong></span> <span class='ocrx_word' id='word_1_503' title='bbox 2131 3225 2186 3271; x_wconf 87' lang='lat' dir='ltr'><strong>et</strong></span> 
     </span>
    </p>
   </div>
   <div class='ocr_carea' id='block_1_63' title="bbox 2287 3195 3861 3293">
    <p class='ocr_par' dir='ltr' id='par_1_63' title="bbox 2288 3222 3861 3293">
     <span class='ocr_line' id='line_1_63' title="bbox 2288 3222 3861 3293; baseline -0.002 -17"><span class='ocrx_word' id='word_1_504' title='bbox 2288 3240 2379 3276; x_wconf 83' lang='grc' dir='ltr'><strong>ται</strong></span> <span class='ocrx_word' id='word_1_505' title='bbox 2405 3223 2501 3285; x_wconf 77' lang='grc' dir='ltr'><strong>τὰς</strong></span> <span class='ocrx_word' id='word_1_506' title='bbox 2542 3223 2877 3293; x_wconf 73' lang='grc' dir='ltr'>εὐεργεσίας,</span> <span class='ocrx_word' id='word_1_507' title='bbox 2926 3225 3018 3275; x_wconf 77' lang='grc' dir='ltr'><strong>καὶ</strong></span> <span class='ocrx_word' id='word_1_508' title='bbox 3048 3226 3112 3293; x_wconf 81' lang='grc' dir='ltr'>τῇ</span> <span class='ocrx_word' id='word_1_509' title='bbox 3158 3223 3385 3293; x_wconf 77' lang='grc' dir='ltr'>ἀπιστία</span> <span class='ocrx_word' id='word_1_510' title='bbox 3416 3222 3621 3285; x_wconf 78' lang='grc' dir='ltr'>ταύτας</span> <span class='ocrx_word' id='word_1_511' title='bbox 3658 3222 3861 3275; x_wconf 72' lang='grc' dir='ltr'>άπολέι</span> 
     </span>
    </p>
   </div>
   <div class='ocr_carea' id='block_1_64' title="bbox 615 3302 2181 3373">
    <p class='ocr_par' dir='ltr' id='par_1_64' title="bbox 615 3302 2181 3373">
     <span class='ocr_line' id='line_1_64' title="bbox 615 3302 2181 3373; baseline 0.006 -20"><span class='ocrx_word' id='word_1_512' title='bbox 615 3302 837 3368; x_wconf 87' lang='lat' dir='ltr'><strong>quando</strong></span> <span class='ocrx_word' id='word_1_513' title='bbox 866 3311 1043 3365; x_wconf 86' lang='lat' dir='ltr'><strong>curat,</strong></span> <span class='ocrx_word' id='word_1_514' title='bbox 1086 3302 1423 3356; x_wconf 87' lang='lat' dir='ltr'><strong>curationem</strong></span> <span class='ocrx_word' id='word_1_515' title='bbox 1454 3320 1732 3373; x_wconf 88' lang='lat' dir='ltr'><strong>nunquam</strong></span> <span class='ocrx_word' id='word_1_516' title='bbox 1764 3307 1977 3361; x_wconf 88' lang='lat' dir='ltr'><strong>cadere.</strong></span> <span class='ocrx_word' id='word_1_517' title='bbox 2011 3306 2181 3362; x_wconf 86' lang='lat' dir='ltr'><strong>Para-</strong></span> 
     </span>
    </p>
   </div>
   <div class='ocr_carea' id='block_1_65' title="bbox 620 3393 2179 3469">
    <p class='ocr_par' dir='ltr' id='par_1_65' title="bbox 620 3393 2179 3469">
     <span class='ocr_line' id='line_1_65' title="bbox 620 3393 2179 3469; baseline 0.006 -24"><span class='ocrx_word' id='word_1_518' title='bbox 620 3393 839 3462; x_wconf 75' lang='lat' dir='ltr'><strong>lyticum</strong></span> <span class='ocrx_word' id='word_1_519' title='bbox 865 3409 996 3465; x_wconf 79' lang='lat' dir='ltr'><strong>ergo</strong></span> <span class='ocrx_word' id='word_1_520' title='bbox 1028 3394 1388 3449; x_wconf 88' lang='lat' dir='ltr'><strong>conﬁrmabat</strong></span> <span class='ocrx_word' id='word_1_521' title='bbox 1424 3396 1645 3451; x_wconf 78' lang='lat' dir='ltr'><strong>dicens:</strong></span> <span class='ocrx_word' id='word_1_522' title='bbox 1688 3396 1860 3453; x_wconf 78' lang='lat' dir='ltr'><strong>Sanus</strong></span> <span class='ocrx_word' id='word_1_523' title='bbox 1888 3400 2061 3469; x_wconf 80' lang='lat' dir='ltr'><strong>factus</strong></span> <span class='ocrx_word' id='word_1_524' title='bbox 2104 3418 2179 3466; x_wconf 82' lang='lat' dir='ltr'><strong>es,</strong></span> 
     </span>
    </p>
   </div>
   <div class='ocr_carea' id='block_1_66' title="bbox 618 3486 2184 3559">
    <p class='ocr_par' dir='ltr' id='par_1_66' title="bbox 618 3486 2184 3559">
     <span class='ocr_line' id='line_1_66' title="bbox 618 3486 2184 3559; baseline 0.006 -20"><span class='ocrx_word' id='word_1_525' title='bbox 618 3489 722 3540; x_wconf 79' lang='lat' dir='ltr'><strong>noli</strong></span> <span class='ocrx_word' id='word_1_526' title='bbox 749 3486 976 3557; x_wconf 85' lang='lat' dir='ltr'><strong>amplius</strong></span> <span class='ocrx_word' id='word_1_527' title='bbox 1001 3503 1215 3555; x_wconf 83' lang='lat' dir='ltr'><strong>peccare</strong></span> <span class='ocrx_word' id='word_1_528' title='bbox 1242 3488 1309 3540; x_wconf 81' lang='lat'><strong>&#39;°.</strong></span> <span class='ocrx_word' id='word_1_529' title='bbox 1338 3490 1417 3543; x_wconf 80' lang='lat' dir='ltr'><strong>Ac</strong></span> <span class='ocrx_word' id='word_1_530' title='bbox 1449 3489 1906 3559; x_wconf 85' lang='lat' dir='ltr'><strong>quemadmodum</strong></span> <span class='ocrx_word' id='word_1_531' title='bbox 1937 3492 1982 3546; x_wconf 88' lang='lat' dir='ltr'><strong>si</strong></span> <span class='ocrx_word' id='word_1_532' title='bbox 2013 3494 2184 3548; x_wconf 83' lang='lat' dir='ltr'><strong>medi-</strong></span> 
     </span>
    </p>
   </div>
   <div class='ocr_carea' id='block_1_67' title="bbox 618 3581 2191 3653">
    <p class='ocr_par' dir='ltr' id='par_1_67' title="bbox 618 3581 2191 3653">
     <span class='ocr_line' id='line_1_67' title="bbox 618 3581 2191 3653; baseline 0.006 -22"><span class='ocrx_word' id='word_1_533' title='bbox 618 3597 715 3635; x_wconf 77' lang='lat' dir='ltr'><strong>eus</strong></span> <span class='ocrx_word' id='word_1_534' title='bbox 739 3596 862 3634; x_wconf 90' lang='lat' dir='ltr'><strong>cum</strong></span> <span class='ocrx_word' id='word_1_535' title='bbox 888 3582 1077 3635; x_wconf 80' lang='lat' dir='ltr'><strong>morbo</strong></span> <span class='ocrx_word' id='word_1_536' title='bbox 1102 3581 1410 3638; x_wconf 88' lang='lat' dir='ltr'><strong>laborantes</strong></span> <span class='ocrx_word' id='word_1_537' title='bbox 1437 3585 1571 3648; x_wconf 82' lang='lat' dir='ltr'><strong>adit,</strong></span> <span class='ocrx_word' id='word_1_538' title='bbox 1597 3584 1904 3639; x_wconf 82' lang='lat' dir='ltr'><strong>sciscitetur</strong></span> <span class='ocrx_word' id='word_1_539' title='bbox 1922 3586 2191 3653; x_wconf 74' lang='lat' dir='ltr'><strong>primumr</strong></span> 
     </span>
    </p>
   </div>
   <div class='ocr_carea' id='block_1_68' title="bbox 617 3672 2185 3747">
    <p class='ocr_par' dir='ltr' id='par_1_68' title="bbox 617 3672 2185 3747">
     <span class='ocr_line' id='line_1_68' title="bbox 617 3672 2185 3747; baseline 0.003 -20"><span class='ocrx_word' id='word_1_540' title='bbox 617 3690 684 3727; x_wconf 83' lang='lat' dir='ltr'><strong>an</strong></span> <span class='ocrx_word' id='word_1_541' title='bbox 720 3672 900 3727; x_wconf 84' lang='lat' dir='ltr'><strong>curari</strong></span> <span class='ocrx_word' id='word_1_542' title='bbox 930 3672 1118 3735; x_wconf 88' lang='lat' dir='ltr'><strong>velint,</strong></span> <span class='ocrx_word' id='word_1_543' title='bbox 1147 3689 1211 3725; x_wconf 89' lang='lat' dir='ltr'><strong>ne</strong></span> <span class='ocrx_word' id='word_1_544' title='bbox 1242 3673 1382 3743; x_wconf 85' lang='lat' dir='ltr'><strong>ipso.</strong></span> <span class='ocrx_word' id='word_1_545' title='bbox 1413 3675 1843 3744; x_wconf 83' lang='lat' dir='ltr'><strong>repugnantibus</strong></span> <span class='ocrx_word' id='word_1_546' title='bbox 1863 3677 2045 3747; x_wconf 67' lang='lat' dir='ltr'><strong>aegris,</strong></span> <span class='ocrx_word' id='word_1_547' title='bbox 2069 3692 2185 3732; x_wconf 91' lang='lat' dir='ltr'><strong>me-</strong></span> 
     </span>
    </p>
   </div>
   <div class='ocr_carea' id='block_1_69' title="bbox 2294 3310 3861 3385">
    <p class='ocr_par' dir='ltr' id='par_1_69' title="bbox 2294 3310 3861 3385">
     <span class='ocr_line' id='line_1_69' title="bbox 2294 3310 3861 3385; baseline -0.004 -16"><span class='ocrx_word' id='word_1_548' title='bbox 2294 3330 2447 3369; x_wconf 79' lang='grc' dir='ltr'>σωσι.</span> <span class='ocrx_word' id='word_1_549' title='bbox 2483 3314 2634 3367; x_wconf 81' lang='grc' dir='ltr'>Θέλει</span> <span class='ocrx_word' id='word_1_550' title='bbox 2656 3315 2765 3384; x_wconf 81' lang='grc' dir='ltr'>γὰρ</span> <span class='ocrx_word' id='word_1_551' title='bbox 2793 3310 3149 3385; x_wconf 81' lang='grc' dir='ltr'>χαριζόμενος</span> <span class='ocrx_word' id='word_1_552' title='bbox 3185 3313 3522 3384; x_wconf 80' lang='grc' dir='ltr'>παραμένειν</span> <span class='ocrx_word' id='word_1_553' title='bbox 3552 3313 3653 3383; x_wconf 80' lang='grc' dir='ltr'><strong>τὴν</strong></span> <span class='ocrx_word' id='word_1_554' title='bbox 3681 3312 3861 3382; x_wconf 75' lang='grc' dir='ltr'>χάριν.</span> 
     </span>
    </p>
   </div>
   <div class='ocr_carea' id='block_1_70' title="bbox 2291 3400 3859 3478">
    <p class='ocr_par' dir='ltr' id='par_1_70' title="bbox 2291 3400 3859 3478">
     <span class='ocr_line' id='line_1_70' title="bbox 2291 3400 3859 3478; baseline -0.004 -19"><span class='ocrx_word' id='word_1_555' title='bbox 2291 3406 2382 3461; x_wconf 79' lang='grc' dir='ltr'><strong>καὶ</strong></span> <span class='ocrx_word' id='word_1_556' title='bbox 2434 3405 2750 3478; x_wconf 81' lang='grc' dir='ltr'>θεραπεύων</span> <span class='ocrx_word' id='word_1_557' title='bbox 2809 3406 3146 3459; x_wconf 82' lang='grc' dir='ltr'>ἀδιάπτωτον</span> <span class='ocrx_word' id='word_1_558' title='bbox 3193 3400 3333 3457; x_wconf 79' lang='grc' dir='ltr'>εἶναι</span> <span class='ocrx_word' id='word_1_559' title='bbox 3388 3405 3486 3475; x_wconf 78' lang='grc' dir='ltr'><strong>τὴν</strong></span> <span class='ocrx_word' id='word_1_560' title='bbox 3542 3403 3859 3474; x_wconf 71' lang='grc' dir='ltr'>θεραπείαν.</span> 
     </span>
    </p>
   </div>
   <div class='ocr_carea' id='block_1_71' title="bbox 2304 3494 3863 3568">
    <p class='ocr_par' dir='ltr' id='par_1_71' title="bbox 2304 3494 3863 3568">
     <span class='ocr_line' id='line_1_71' title="bbox 2304 3494 3863 3568; baseline -0.003 -17"><span class='ocrx_word' id='word_1_561' title='bbox 2304 3498 2659 3567; x_wconf 76' lang='grc' dir='ltr'>Ἦσφαλίζετο</span> <span class='ocrx_word' id='word_1_562' title='bbox 2691 3497 2820 3567; x_wconf 75' lang='grc' dir='ltr'>γοῦν</span> <span class='ocrx_word' id='word_1_563' title='bbox 2849 3498 2941 3551; x_wconf 75' lang='grc' dir='ltr'><strong>τὸν</strong></span> <span class='ocrx_word' id='word_1_564' title='bbox 2969 3496 3335 3568; x_wconf 75' lang='grc' dir='ltr'>παραλυτικὸν</span> <span class='ocrx_word' id='word_1_565' title='bbox 3367 3494 3539 3564; x_wconf 79' lang='grc' dir='ltr'>λέγων</span> <span class='ocrx_word' id='word_1_566' title='bbox 3560 3513 3573 3524; x_wconf 91' lang='grc'><strong>·</strong></span> <span class='ocrx_word' id='word_1_567' title='bbox 3659 3495 3863 3562; x_wconf 67' lang='grc' dir='ltr'><strong>’Υτ-ιὴς</strong></span> 
     </span>
    </p>
   </div>
   <div class='ocr_carea' id='block_1_72' title="bbox 2290 3586 3864 3661">
    <p class='ocr_par' dir='ltr' id='par_1_72' title="bbox 2290 3586 3864 3661">
     <span class='ocr_line' id='line_1_72' title="bbox 2290 3586 3864 3661; baseline -0.006 -15"><span class='ocrx_word' id='word_1_568' title='bbox 2290 3591 2559 3661; x_wconf 44' lang='grc' dir='ltr'>τένοντας,</span> <span class='ocrx_word' id='word_1_569' title='bbox 2584 3590 2795 3660; x_wconf 82' lang='grc' dir='ltr'>μηκέτι</span> <span class='ocrx_word' id='word_1_570' title='bbox 2830 3588 3150 3659; x_wconf 79' lang='grc' dir='ltr'>ἁμάρτανε.</span> <span class='ocrx_word' id='word_1_571' title='bbox 3186 3588 3297 3641; x_wconf 76' lang='grc' dir='ltr'>Καὶ</span> <span class='ocrx_word' id='word_1_572' title='bbox 3337 3586 3527 3658; x_wconf 81' lang='grc' dir='ltr'>ὥσπερ</span> <span class='ocrx_word' id='word_1_573' title='bbox 3569 3588 3636 3641; x_wconf 85' lang='grc' dir='ltr'><strong>άν</strong></span> <span class='ocrx_word' id='word_1_574' title='bbox 3667 3604 3752 3649; x_wconf 86' lang='grc' dir='ltr'><strong>τις</strong></span> <span class='ocrx_word' id='word_1_575' title='bbox 3786 3588 3864 3638; x_wconf 78' lang='grc' dir='ltr'><strong>Ξα-</strong></span> 
     </span>
    </p>
   </div>
   <div class='ocr_carea' id='block_1_73' title="bbox 2284 3676 3865 3752">
    <p class='ocr_par' dir='ltr' id='par_1_73' title="bbox 2284 3676 3865 3752">
     <span class='ocr_line' id='line_1_73' title="bbox 2284 3676 3865 3752; baseline -0.003 -19"><span class='ocrx_word' id='word_1_576' title='bbox 2284 3680 2411 3751; x_wconf 82' lang='grc' dir='ltr'>τρὸς</span> <span class='ocrx_word' id='word_1_577' title='bbox 2443 3679 2626 3734; x_wconf 85' lang='grc' dir='ltr'>εἰσιὼν</span> <span class='ocrx_word' id='word_1_578' title='bbox 2661 3681 2797 3752; x_wconf 78' lang='grc' dir='ltr'>πρδς</span> <span class='ocrx_word' id='word_1_579' title='bbox 2835 3680 2961 3744; x_wconf 74' lang='grc' dir='ltr'>τοὺς</span> <span class='ocrx_word' id='word_1_580' title='bbox 3013 3680 3321 3749; x_wconf 88' lang='grc' dir='ltr'>κάμνοντας</span> <span class='ocrx_word' id='word_1_581' title='bbox 3355 3678 3680 3732; x_wconf 81' lang='grc' dir='ltr'>πυνθάνοιτο</span> <span class='ocrx_word' id='word_1_582' title='bbox 3721 3676 3865 3748; x_wconf 70' lang='grc' dir='ltr'>πρῶ-</span> 
     </span>
    </p>
   </div>
   <div class='ocr_carea' id='block_1_74' title="bbox 618 3764 2203 3842">
    <p class='ocr_par' dir='ltr' id='par_1_74' title="bbox 618 3764 2183 3827">
     <span class='ocr_line' id='line_1_74' title="bbox 618 3764 2183 3827; baseline 0.002 -8"><span class='ocrx_word' id='word_1_583' title='bbox 618 3765 794 3819; x_wconf 85' lang='lat' dir='ltr'><strong>delam</strong></span> <span class='ocrx_word' id='word_1_584' title='bbox 847 3764 1178 3827; x_wconf 69' lang='lat' dir='ltr'><strong>aslliibentc,</strong></span> <span class='ocrx_word' id='word_1_585' title='bbox 1245 3766 1453 3820; x_wconf 88' lang='lat' dir='ltr'><strong>inutilis</strong></span> <span class='ocrx_word' id='word_1_586' title='bbox 1523 3782 1655 3821; x_wconf 88' lang='lat' dir='ltr'><strong>cura</strong></span> <span class='ocrx_word' id='word_1_587' title='bbox 1714 3768 1942 3827; x_wconf 87' lang='lat' dir='ltr'><strong>evadat:</strong></span> <span class='ocrx_word' id='word_1_588' title='bbox 1993 3770 2183 3824; x_wconf 85' lang='lat' dir='ltr'><strong>eodem</strong></span> 
     </span>
    </p>
   </div>
   <div class='ocr_carea' id='block_1_75' title="bbox 2287 3764 3860 3842">
    <p class='ocr_par' dir='ltr' id='par_1_75' title="bbox 2287 3769 3860 3842">
     <span class='ocr_line' id='line_1_75' title="bbox 2287 3769 3860 3842; baseline -0.002 -19"><span class='ocrx_word' id='word_1_589' title='bbox 2287 3788 2394 3833; x_wconf 86' lang='grc' dir='ltr'>τον,</span> <span class='ocrx_word' id='word_1_590' title='bbox 2431 3774 2479 3823; x_wconf 80' lang='grc' dir='ltr'><strong>εί</strong></span> <span class='ocrx_word' id='word_1_591' title='bbox 2512 3770 2783 3840; x_wconf 79' lang='grc' dir='ltr'>βούλοιντο</span> <span class='ocrx_word' id='word_1_592' title='bbox 2813 3770 3233 3842; x_wconf 75' lang='grc' dir='ltr'>θεραπεύεσθαι,</span> <span class='ocrx_word' id='word_1_593' title='bbox 3260 3771 3347 3823; x_wconf 84' lang='grc' dir='ltr'><strong>ἵνα</strong></span> <span class='ocrx_word' id='word_1_594' title='bbox 3377 3770 3471 3841; x_wconf 79' lang='grc' dir='ltr'><strong>μὴ,</strong></span> <span class='ocrx_word' id='word_1_595' title='bbox 3500 3769 3665 3822; x_wconf 74' lang='grc' dir='ltr'>αὑτοῦ</span> <span class='ocrx_word' id='word_1_596' title='bbox 3698 3786 3860 3839; x_wconf 79' lang='grc' dir='ltr'>φρον-</span> 
     </span>
    </p>
   </div>
   <div class='ocr_carea' id='block_1_76' title="bbox 621 3856 2203 3932">
    <p class='ocr_par' dir='ltr' id='par_1_76' title="bbox 621 3856 2189 3932">
     <span class='ocr_line' id='line_1_76' title="bbox 621 3856 2189 3932; baseline 0.004 -23"><span class='ocrx_word' id='word_1_597' title='bbox 621 3871 846 3927; x_wconf 66' lang='lat' dir='ltr'><strong>~prorsus</strong></span> <span class='ocrx_word' id='word_1_598' title='bbox 879 3858 984 3909; x_wconf 79' lang='lat' dir='ltr'><strong>ritu</strong></span> <span class='ocrx_word' id='word_1_599' title='bbox 1020 3856 1283 3910; x_wconf 89' lang='lat' dir='ltr'><strong>Dominus</strong></span> <span class='ocrx_word' id='word_1_600' title='bbox 1312 3859 1583 3912; x_wconf 87' lang='lat' dir='ltr'><strong>curandos</strong></span> <span class='ocrx_word' id='word_1_601' title='bbox 1617 3857 2007 3929; x_wconf 80' lang='lat' dir='ltr'><strong>interrogabat,</strong></span> <span class='ocrx_word' id='word_1_602' title='bbox 2030 3861 2189 3932; x_wconf 80' lang='lat' dir='ltr'><strong>ipsis-</strong></span> 
     </span>
    </p>
   </div>
   <div class='ocr_carea' id='block_1_77' title="bbox 2287 3856 3863 3932">
    <p class='ocr_par' dir='ltr' id='par_1_77' title="bbox 2287 3859 3863 3932">
     <span class='ocr_line' id='line_1_77' title="bbox 2287 3859 3863 3932; baseline -0.001 -19"><span class='ocrx_word' id='word_1_603' title='bbox 2287 3860 2543 3924; x_wconf 73' lang='grc' dir='ltr'>τίξοντος,</span> <span class='ocrx_word' id='word_1_604' title='bbox 2570 3862 2837 3913; x_wconf 79' lang='grc' dir='ltr'>κάκείνων</span> <span class='ocrx_word' id='word_1_605' title='bbox 2874 3862 2949 3932; x_wconf 81' lang='grc' dir='ltr'>μὴ</span> <span class='ocrx_word' id='word_1_606' title='bbox 2982 3859 3349 3932; x_wconf 84' lang='grc' dir='ltr'>βουλομένων,</span> <span class='ocrx_word' id='word_1_607' title='bbox 3378 3860 3664 3930; x_wconf 73' lang='grc' dir='ltr'>ἀνωφελὴς</span> <span class='ocrx_word' id='word_1_608' title='bbox 3696 3862 3729 3929; x_wconf 81' lang='grc' dir='ltr'>ἠ</span> <span class='ocrx_word' id='word_1_609' title='bbox 3778 3859 3863 3912; x_wconf 83' lang='grc' dir='ltr'>θε-</span> 
     </span>
    </p>
   </div>
   <div class='ocr_carea' id='block_1_78' title="bbox 620 3946 2203 4024">
    <p class='ocr_par' dir='ltr' id='par_1_78' title="bbox 620 3946 2185 4021">
     <span class='ocr_line' id='line_1_78' title="bbox 620 3946 2185 4021; baseline 0.004 -21"><span class='ocrx_word' id='word_1_610' title='bbox 620 3962 726 4017; x_wconf 85' lang='lat' dir='ltr'><strong>que</strong></span> <span class='ocrx_word' id='word_1_611' title='bbox 771 3946 1119 4002; x_wconf 87' lang='lat' dir='ltr'><strong>credentibus</strong></span> <span class='ocrx_word' id='word_1_612' title='bbox 1157 3947 1384 4015; x_wconf 76' lang='lat' dir='ltr'><strong>gratiam</strong></span> <span class='ocrx_word' id='word_1_613' title='bbox 1425 3947 1758 4012; x_wconf 79' lang='lat' dir='ltr'><strong>conferebat,</strong></span> <span class='ocrx_word' id='word_1_614' title='bbox 1814 3960 1876 4005; x_wconf 94' lang='lat' dir='ltr'><strong>ut</strong></span> <span class='ocrx_word' id='word_1_615' title='bbox 1924 3953 2026 4007; x_wconf 89' lang='lat' dir='ltr'><strong>ﬁde</strong></span> <span class='ocrx_word' id='word_1_616' title='bbox 2060 3969 2185 4021; x_wconf 77' lang='lat' dir='ltr'><strong>gra-</strong></span> 
     </span>
    </p>
   </div>
   <div class='ocr_carea' id='block_1_79' title="bbox 2287 3946 3861 4024">
    <p class='ocr_par' dir='ltr' id='par_1_79' title="bbox 2294 3950 3861 4024">
     <span class='ocr_line' id='line_1_79' title="bbox 2294 3950 3861 4024; baseline -0.001 -19"><span class='ocrx_word' id='word_1_617' title='bbox 2294 3952 2491 4024; x_wconf 87' lang='grc' dir='ltr'>ραπεία</span> <span class='ocrx_word' id='word_1_618' title='bbox 2524 3954 2767 4022; x_wconf 79' lang='grc' dir='ltr'>γένηται,</span> <span class='ocrx_word' id='word_1_619' title='bbox 2800 3950 3227 4024; x_wconf 78' lang='grc' dir='ltr'>ἐναντιουμένων</span> <span class='ocrx_word' id='word_1_620' title='bbox 3258 3952 3365 4005; x_wconf 81' lang='grc' dir='ltr'>τῶν</span> <span class='ocrx_word' id='word_1_621' title='bbox 3390 3953 3708 4022; x_wconf 81' lang='grc' dir='ltr'>καμνόντων</span> <span class='ocrx_word' id='word_1_622' title='bbox 3730 3951 3861 4018; x_wconf 77' lang='grc' dir='ltr'>πρὸς</span> 
     </span>
    </p>
   </div>
   <div class='ocr_carea' id='block_1_80' title="bbox 624 4042 2203 4117">
    <p class='ocr_par' dir='ltr' id='par_1_80' title="bbox 624 4042 2184 4109">
     <span class='ocr_line' id='line_1_80' title="bbox 624 4042 2184 4109; baseline 0.003 -14"><span class='ocrx_word' id='word_1_623' title='bbox 624 4042 755 4095; x_wconf 81' lang='lat' dir='ltr'><strong>:iam</strong></span> <span class='ocrx_word' id='word_1_624' title='bbox 789 4044 1021 4096; x_wconf 74' lang='lat' dir='ltr'><strong>retinere</strong></span> <span class='ocrx_word' id='word_1_625' title='bbox 1053 4048 1304 4109; x_wconf 88' lang='lat' dir='ltr'><strong>possent:</strong></span> <span class='ocrx_word' id='word_1_626' title='bbox 1338 4056 1462 4095; x_wconf 88' lang='lat' dir='ltr'><strong>nam</strong></span> <span class='ocrx_word' id='word_1_627' title='bbox 1491 4044 1792 4099; x_wconf 86' lang='lat' dir='ltr'><strong>voluntatis</strong></span> <span class='ocrx_word' id='word_1_628' title='bbox 1827 4046 1995 4100; x_wconf 89' lang='lat' dir='ltr'><strong>animi</strong></span> <span class='ocrx_word' id='word_1_629' title='bbox 2051 4046 2184 4101; x_wconf 87' lang='lat' dir='ltr'><strong>ﬁdes</strong></span> 
     </span>
    </p>
   </div>
   <div class='ocr_carea' id='block_1_81' title="bbox 2287 4042 3859 4117">
    <p class='ocr_par' dir='ltr' id='par_1_81' title="bbox 2292 4043 3859 4117">
     <span class='ocr_line' id='line_1_81' title="bbox 2292 4043 3859 4117; baseline 0.001 -22"><span class='ocrx_word' id='word_1_630' title='bbox 2292 4046 2391 4117; x_wconf 77' lang='grc' dir='ltr'><strong>τὴν</strong></span> <span class='ocrx_word' id='word_1_631' title='bbox 2422 4044 2515 4100; x_wconf 75' lang='grc' dir='ltr'>τοῦ</span> <span class='ocrx_word' id='word_1_632' title='bbox 2551 4044 2735 4116; x_wconf 76' lang='grc' dir='ltr'>ἰατροῦ</span> <span class='ocrx_word' id='word_1_633' title='bbox 2764 4044 2958 4116; x_wconf 79' lang='grc' dir='ltr'>τέχνην</span> <span class='ocrx_word' id='word_1_634' title='bbox 2982 4060 2996 4073; x_wconf 88' lang='grc'><strong>·</strong></span> <span class='ocrx_word' id='word_1_635' title='bbox 3032 4044 3175 4098; x_wconf 76' lang='grc' dir='ltr'>οὕτω</span> <span class='ocrx_word' id='word_1_636' title='bbox 3209 4043 3304 4098; x_wconf 66' lang='grc' dir='ltr'><strong>καὶ</strong></span> <span class='ocrx_word' id='word_1_637' title='bbox 3336 4046 3365 4096; x_wconf 93' lang='lat'><strong>6</strong></span> <span class='ocrx_word' id='word_1_638' title='bbox 3393 4043 3598 4113; x_wconf 78' lang='grc' dir='ltr'>Κύριος</span> <span class='ocrx_word' id='word_1_639' title='bbox 3625 4043 3735 4097; x_wconf 83' lang='grc' dir='ltr'>τῶν</span> <span class='ocrx_word' id='word_1_640' title='bbox 3771 4044 3859 4097; x_wconf 85' lang='grc' dir='ltr'>θε-</span> 
     </span>
    </p>
   </div>
   <div class='ocr_carea' id='block_1_82' title="bbox 621 4132 2203 4208">
    <p class='ocr_par' dir='ltr' id='par_1_82' title="bbox 621 4132 2181 4205">
     <span class='ocr_line' id='line_1_82' title="bbox 621 4132 2181 4205; baseline 0.002 -17"><span class='ocrx_word' id='word_1_641' title='bbox 621 4142 997 4205; x_wconf 80' lang='lat' dir='ltr'><strong>argumentum</strong></span> <span class='ocrx_word' id='word_1_642' title='bbox 1021 4143 1124 4188; x_wconf 86' lang='lat' dir='ltr'><strong>est.</strong></span> <span class='ocrx_word' id='word_1_643' title='bbox 1165 4132 1257 4188; x_wconf 85' lang='lat' dir='ltr'><strong>Sic</strong></span> <span class='ocrx_word' id='word_1_644' title='bbox 1287 4134 1467 4202; x_wconf 90' lang='lat' dir='ltr'><strong>itaque</strong></span> <span class='ocrx_word' id='word_1_645' title='bbox 1494 4135 1600 4203; x_wconf 85' lang='lat' dir='ltr'><strong>iam</strong></span> <span class='ocrx_word' id='word_1_646' title='bbox 1630 4154 1641 4188; x_wconf 86' lang='lat'><strong><em>:</em></strong></span> <span class='ocrx_word' id='word_1_647' title='bbox 1676 4135 1843 4191; x_wconf 77' lang='lat' dir='ltr'><strong>Crede</strong></span> <span class='ocrx_word' id='word_1_648' title='bbox 1865 4147 2096 4201; x_wconf 85' lang='lat' dir='ltr'><strong>tantum.</strong></span> <span class='ocrx_word' id='word_1_649' title='bbox 2128 4149 2181 4191; x_wconf 86' lang='lat' dir='ltr'><strong>et</strong></span> 
     </span>
    </p>
   </div>
   <div class='ocr_carea' id='block_1_83' title="bbox 2287 4132 3862 4208">
    <p class='ocr_par' dir='ltr' id='par_1_83' title="bbox 2293 4134 3862 4208">
     <span class='ocr_line' id='line_1_83' title="bbox 2293 4134 3862 4208; baseline -0.003 -19"><span class='ocrx_word' id='word_1_650' title='bbox 2293 4136 2673 4208; x_wconf 81' lang='grc' dir='ltr'>ραπευομένων</span> <span class='ocrx_word' id='word_1_651' title='bbox 2704 4136 3055 4196; x_wconf 81' lang='grc' dir='ltr'>ἐπυνθάνετο,</span> <span class='ocrx_word' id='word_1_652' title='bbox 3072 4136 3294 4198; x_wconf 73' lang='grc' dir='ltr'>καὶτοῖς</span> <span class='ocrx_word' id='word_1_653' title='bbox 3321 4134 3668 4187; x_wconf 80' lang='grc' dir='ltr'>πιστεύουσιν</span> <span class='ocrx_word' id='word_1_654' title='bbox 3688 4135 3862 4203; x_wconf 80' lang='grc' dir='ltr'>ἐχαρί-</span> 
     </span>
    </p>
   </div>
   <div class='ocr_carea' id='block_1_84' title="bbox 619 4224 3858 4300">
    <p class='ocr_par' dir='ltr' id='par_1_84' title="bbox 619 4224 3858 4300">
     <span class='ocr_line' id='line_1_84' title="bbox 619 4224 3858 4300; baseline -0.001 -19"><span class='ocrx_word' id='word_1_655' title='bbox 619 4227 767 4281; x_wconf 74' lang='lat' dir='ltr'><strong>salt&#39;a</strong></span> <span class='ocrx_word' id='word_1_656' title='bbox 801 4228 923 4281; x_wconf 84' lang='lat' dir='ltr'><strong>erit.</strong></span> <span class='ocrx_word' id='word_1_657' title='bbox 2291 4228 2432 4294; x_wconf 80' lang='grc' dir='ltr'>ζετο,</span> <span class='ocrx_word' id='word_1_658' title='bbox 2456 4230 2542 4281; x_wconf 81' lang='grc' dir='ltr'><strong>ἵνα</strong></span> <span class='ocrx_word' id='word_1_659' title='bbox 2564 4232 2631 4300; x_wconf 81' lang='grc' dir='ltr'>τῇ</span> <span class='ocrx_word' id='word_1_660' title='bbox 2655 4228 2834 4281; x_wconf 83' lang='grc' dir='ltr'>πίστει</span> <span class='ocrx_word' id='word_1_661' title='bbox 2850 4229 2944 4281; x_wconf 71' lang='grc' dir='ltr'>καὶ</span> <span class='ocrx_word' id='word_1_662' title='bbox 2964 4226 3063 4298; x_wconf 81' lang='grc' dir='ltr'>τὴν</span> <span class='ocrx_word' id='word_1_663' title='bbox 3083 4227 3243 4299; x_wconf 85' lang='grc' dir='ltr'>χάριν</span> <span class='ocrx_word' id='word_1_664' title='bbox 3260 4228 3549 4296; x_wconf 80' lang='grc' dir='ltr'>κατασχεῖν</span> <span class='ocrx_word' id='word_1_665' title='bbox 3569 4224 3858 4297; x_wconf 79' lang='grc' dir='ltr'>δυνηθῶσι·</span> 
     </span>
    </p>
   </div>
   <div class='ocr_carea' id='block_1_85' title="bbox 620 4320 3864 4396">
    <p class='ocr_par' dir='ltr' id='par_1_85' title="bbox 620 4320 3864 4396">
     <span class='ocr_line' id='line_1_85' title="bbox 620 4320 3864 4396; baseline -0 -20"><span class='ocrx_word' id='word_1_666' title='bbox 620 4322 905 4394; x_wconf 77' lang='grc' dir='ltr'>γνώρισμα</span> <span class='ocrx_word' id='word_1_667' title='bbox 930 4322 1039 4393; x_wconf 75' lang='grc' dir='ltr'><strong>γάρ</strong></span> <span class='ocrx_word' id='word_1_668' title='bbox 1064 4322 1164 4392; x_wconf 82' lang='grc' dir='ltr'><strong>τῆς</strong></span> <span class='ocrx_word' id='word_1_669' title='bbox 1190 4322 1563 4393; x_wconf 80' lang='grc' dir='ltr'>προαιρέσεως</span> <span class='ocrx_word' id='word_1_670' title='bbox 1590 4323 1691 4396; x_wconf 83' lang='grc' dir='ltr'>τῆς</span> <span class='ocrx_word' id='word_1_671' title='bbox 1727 4324 1904 4396; x_wconf 75' lang='grc' dir='ltr'>ψυχῆς</span> <span class='ocrx_word' id='word_1_672' title='bbox 1936 4325 1968 4395; x_wconf 73' lang='grc' dir='ltr'>ἡ</span> <span class='ocrx_word' id='word_1_673' title='bbox 2002 4324 2183 4387; x_wconf 85' lang='grc' dir='ltr'>πίστις</span> <span class='ocrx_word' id='word_1_674' title='bbox 2218 4324 2353 4377; x_wconf 78' lang='grc' dir='ltr'>ἐστί.</span> <span class='ocrx_word' id='word_1_675' title='bbox 2386 4325 2496 4378; x_wconf 72' lang='grc' dir='ltr'><strong>Καὶ</strong></span> <span class='ocrx_word' id='word_1_676' title='bbox 2522 4324 2615 4379; x_wconf 77' lang='grc' dir='ltr'>νῦν</span> <span class='ocrx_word' id='word_1_677' title='bbox 2646 4320 2739 4378; x_wconf 73' lang='grc' dir='ltr'><strong>οὖν</strong></span> <span class='ocrx_word' id='word_1_678' title='bbox 2787 4339 2949 4395; x_wconf 66' lang='grc' dir='ltr'><strong>φησν</strong></span> <span class='ocrx_word' id='word_1_679' title='bbox 2991 4325 3194 4377; x_wconf 80' lang='grc' dir='ltr'><em>Μόνον</em></span> <span class='ocrx_word' id='word_1_680' title='bbox 3234 4323 3502 4387; x_wconf 82' lang='grc' dir='ltr'>πίστευε,</span> <span class='ocrx_word' id='word_1_681' title='bbox 3533 4321 3631 4375; x_wconf 79' lang='grc' dir='ltr'>καὶ</span> <span class='ocrx_word' id='word_1_682' title='bbox 3671 4321 3864 4387; x_wconf 71' lang='grc' dir='ltr'>σωθή-</span> 
     </span>
    </p>
   </div>
   <div class='ocr_carea' id='block_1_86' title="bbox 621 4434 808 4471">
    <p class='ocr_par' dir='ltr' id='par_1_86' title="bbox 621 4434 808 4471">
     <span class='ocr_line' id='line_1_86' title="bbox 621 4434 808 4471; baseline -0.011 0"><span class='ocrx_word' id='word_1_683' title='bbox 621 4434 808 4471; x_wconf 78' lang='grc' dir='ltr'>σεται.</span> 
     </span>
    </p>
   </div>
   <div class='ocr_carea' id='block_1_87' title="bbox 697 4505 2203 4579">
    <p class='ocr_par' dir='ltr' id='par_1_87' title="bbox 697 4510 2158 4578">
     <span class='ocr_line' id='line_1_87' title="bbox 697 4510 2158 4578; baseline 0.001 -12"><span class='ocrx_word' id='word_1_684' title='bbox 697 4512 926 4566; x_wconf 77' lang='lat' dir='ltr'><strong>Factum</strong></span> <span class='ocrx_word' id='word_1_685' title='bbox 966 4520 1041 4565; x_wconf 87' lang='lat' dir='ltr'><strong>est</strong></span> <span class='ocrx_word' id='word_1_686' title='bbox 1072 4523 1268 4578; x_wconf 85' lang='lat' dir='ltr'><strong>autem,</strong></span> <span class='ocrx_word' id='word_1_687' title='bbox 1297 4510 1691 4564; x_wconf 81' lang='lat' dir='ltr'><strong>ambulantibus</strong></span> <span class='ocrx_word' id='word_1_688' title='bbox 1719 4511 1827 4565; x_wconf 85' lang='lat' dir='ltr'><strong>illis</strong></span> <span class='ocrx_word' id='word_1_689' title='bbox 1866 4512 1920 4565; x_wconf 86' lang='lat' dir='ltr'><strong>in</strong></span> <span class='ocrx_word' id='word_1_690' title='bbox 1963 4514 2069 4578; x_wconf 80' lang='lat' dir='ltr'><strong>via,</strong></span> <span class='ocrx_word' id='word_1_691' title='bbox 2102 4513 2158 4567; x_wconf 84' lang='lat' dir='ltr'><strong>di</strong></span> 
     </span>
    </p>
   </div>
   <div class='ocr_carea' id='block_1_88' title="bbox 2287 4505 3863 4579">
    <p class='ocr_par' dir='ltr' id='par_1_88' title="bbox 2366 4505 3863 4579">
     <span class='ocr_line' id='line_1_88' title="bbox 2366 4505 3863 4579; baseline -0.001 -17"><span class='ocrx_word' id='word_1_692' title='bbox 2366 4506 2477 4579; x_wconf 78' lang='grc'><strong>(51)</strong></span> <span class='ocrx_word' id='word_1_693' title='bbox 2544 4506 2807 4577; x_wconf 77' lang='grc' dir='ltr'>Ἐγένετο</span> <span class='ocrx_word' id='word_1_694' title='bbox 2840 4505 2949 4573; x_wconf 71' lang='grc' dir='ltr'><strong>δὲ,</strong></span> <span class='ocrx_word' id='word_1_695' title='bbox 2989 4507 3407 4577; x_wconf 73' lang='grc' dir='ltr'>πορευομένων</span> <span class='ocrx_word' id='word_1_696' title='bbox 3453 4506 3655 4561; x_wconf 75' lang='grc' dir='ltr'>αὐτῶν·</span> <span class='ocrx_word' id='word_1_697' title='bbox 3700 4507 3863 4574; x_wconf 63' lang='lat' dir='ltr'><strong>irth</strong></span> 
     </span>
    </p>
   </div>
   <div class='ocr_carea' id='block_1_89' title="bbox 622 4602 2189 4673">
    <p class='ocr_par' dir='ltr' id='par_1_89' title="bbox 622 4602 2189 4673">
     <span class='ocr_line' id='line_1_89' title="bbox 622 4602 2189 4673; baseline 0.001 -16"><span class='ocrx_word' id='word_1_698' title='bbox 622 4607 703 4658; x_wconf 59' lang='lat' dir='ltr'><strong>ait</strong></span> <span class='ocrx_word' id='word_1_699' title='bbox 741 4602 957 4673; x_wconf 79' lang='lat' dir='ltr'><strong>quidam</strong></span> <span class='ocrx_word' id='word_1_700' title='bbox 1010 4604 1078 4655; x_wconf 82' lang='lat' dir='ltr'><strong>ad</strong></span> <span class='ocrx_word' id='word_1_701' title='bbox 1123 4603 1314 4657; x_wconf 87' lang='lat' dir='ltr'><strong>illum:</strong></span> <span class='ocrx_word' id='word_1_702' title='bbox 1356 4602 1560 4673; x_wconf 79' lang='lat' dir='ltr'><strong>Sequar</strong></span> <span class='ocrx_word' id='word_1_703' title='bbox 1603 4613 1651 4655; x_wconf 83' lang='lat' dir='ltr'><strong>te</strong></span> <span class='ocrx_word' id='word_1_704' title='bbox 1691 4620 1999 4673; x_wconf 82' lang='lat' dir='ltr'><strong>quocunque</strong></span> <span class='ocrx_word' id='word_1_705' title='bbox 2044 4606 2189 4671; x_wconf 85' lang='lat' dir='ltr'><strong>ieris,</strong></span> 
     </span>
    </p>
   </div>
   <div class='ocr_carea' id='block_1_90' title="bbox 624 4692 2190 4765">
    <p class='ocr_par' dir='ltr' id='par_1_90' title="bbox 624 4692 2190 4765">
     <span class='ocr_line' id='line_1_90' title="bbox 624 4692 2190 4765; baseline 0.001 -16"><span class='ocrx_word' id='word_1_706' title='bbox 624 4697 864 4751; x_wconf 79' lang='lat' dir='ltr'><strong>Domine.</strong></span> <span class='ocrx_word' id='word_1_707' title='bbox 909 4696 979 4750; x_wconf 59' lang='lat' dir='ltr'><strong>lit</strong></span> <span class='ocrx_word' id='word_1_708' title='bbox 1012 4696 1149 4748; x_wconf 70' lang='lat' dir='ltr'><strong>dixit</strong></span> <span class='ocrx_word' id='word_1_709' title='bbox 1190 4696 1271 4749; x_wconf 87' lang='lat' dir='ltr'><strong>illi</strong></span> <span class='ocrx_word' id='word_1_710' title='bbox 1304 4694 1497 4749; x_wconf 77' lang='lat' dir='ltr'><strong>Jesus.‘</strong></span> <span class='ocrx_word' id='word_1_711' title='bbox 1554 4692 1740 4765; x_wconf 84' lang='lat' dir='ltr'><strong>Vulpes</strong></span> <span class='ocrx_word' id='word_1_712' title='bbox 1776 4697 1950 4765; x_wconf 76' lang='lat' dir='ltr'><strong>foveas</strong></span> <span class='ocrx_word' id='word_1_713' title='bbox 1980 4698 2190 4763; x_wconf 78' lang='lat' dir='ltr'><strong>habent,</strong></span> 
     </span>
    </p>
   </div>
   <div class='ocr_carea' id='block_1_91' title="bbox 625 4790 2193 4855">
    <p class='ocr_par' dir='ltr' id='par_1_91' title="bbox 625 4790 2193 4855">
     <span class='ocr_line' id='line_1_91' title="bbox 625 4790 2193 4855; baseline 0 -9"><span class='ocrx_word' id='word_1_714' title='bbox 625 4806 672 4846; x_wconf 89' lang='lat' dir='ltr'><strong>et</strong></span> <span class='ocrx_word' id='word_1_715' title='bbox 713 4796 950 4847; x_wconf 77' lang='lat' dir='ltr'><strong>volucres</strong></span> <span class='ocrx_word' id='word_1_716' title='bbox 990 4793 1105 4845; x_wconf 74' lang='lat' dir='ltr'><strong>caeli</strong></span> <span class='ocrx_word' id='word_1_717' title='bbox 1150 4791 1423 4844; x_wconf 86' lang='lat' dir='ltr'><strong>domicilia</strong></span> <span class='ocrx_word' id='word_1_718' title='bbox 1460 4806 1478 4855; x_wconf 86' lang='lat'><strong><em>;</em></strong></span> <span class='ocrx_word' id='word_1_719' title='bbox 1526 4790 1705 4845; x_wconf 85' lang='lat' dir='ltr'><strong>Filius</strong></span> <span class='ocrx_word' id='word_1_720' title='bbox 1760 4802 1934 4845; x_wconf 79' lang='lat' dir='ltr'><strong>autem</strong></span> <span class='ocrx_word' id='word_1_721' title='bbox 1968 4794 2193 4847; x_wconf 75' lang='lat' dir='ltr'><strong>hominis</strong></span> 
     </span>
    </p>
   </div>
   <div class='ocr_carea' id='block_1_92' title="bbox 630 4883 2195 4953">
    <p class='ocr_par' dir='ltr' id='par_1_92' title="bbox 630 4883 2195 4953">
     <span class='ocr_line' id='line_1_92' title="bbox 630 4883 2195 4953; baseline 0 -14"><span class='ocrx_word' id='word_1_722' title='bbox 630 4904 735 4940; x_wconf 76' lang='lat' dir='ltr'><strong>non</strong></span> <span class='ocrx_word' id='word_1_723' title='bbox 764 4886 915 4941; x_wconf 85' lang='lat' dir='ltr'><strong>habet</strong></span> <span class='ocrx_word' id='word_1_724' title='bbox 942 4886 1031 4939; x_wconf 87' lang='lat' dir='ltr'><strong>ubi</strong></span> <span class='ocrx_word' id='word_1_725' title='bbox 1068 4894 1224 4953; x_wconf 81' lang='lat' dir='ltr'><strong>caput</strong></span> <span class='ocrx_word' id='word_1_726' title='bbox 1259 4883 1475 4937; x_wconf 81' lang='lat' dir='ltr'><strong>reclinet</strong></span> <span class='ocrx_word' id='word_1_727' title='bbox 1516 4885 1584 4936; x_wconf 82' lang='lat'><strong>“.</strong></span> <span class='ocrx_word' id='word_1_728' title='bbox 1634 4885 1999 4950; x_wconf 89' lang='lat' dir='ltr'><strong>Quamobrem</strong></span> <span class='ocrx_word' id='word_1_729' title='bbox 2050 4887 2195 4939; x_wconf 89' lang='lat' dir='ltr'><strong>hunc</strong></span> 
     </span>
    </p>
   </div>
   <div class='ocr_carea' id='block_1_93' title="bbox 628 4979 2194 5049">
    <p class='ocr_par' dir='ltr' id='par_1_93' title="bbox 628 4979 2194 5049">
     <span class='ocr_line' id='line_1_93' title="bbox 628 4979 2194 5049; baseline -0.003 -13"><span class='ocrx_word' id='word_1_730' title='bbox 628 4981 865 5036; x_wconf 72' lang='lat' dir='ltr'><strong>ser-ibam</strong></span> <span class='ocrx_word' id='word_1_731' title='bbox 885 5020 899 5044; x_wconf 87' lang='lat'><strong>,</strong></span> <span class='ocrx_word' id='word_1_732' title='bbox 931 4980 1025 5049; x_wconf 89' lang='lat' dir='ltr'><strong>qui</strong></span> <span class='ocrx_word' id='word_1_733' title='bbox 1055 4994 1252 5033; x_wconf 88' lang='lat' dir='ltr'><strong>secum</strong></span> <span class='ocrx_word' id='word_1_734' title='bbox 1284 4988 1602 5033; x_wconf 86' lang='lat' dir='ltr'><strong>secuturum</strong></span> <span class='ocrx_word' id='word_1_735' title='bbox 1634 4979 2012 5047; x_wconf 67' lang='lat' dir='ltr'><strong>pollicebatur,</strong></span> <span class='ocrx_word' id='word_1_736' title='bbox 2031 4979 2194 5032; x_wconf 85' lang='lat' dir='ltr'><strong>verbo</strong></span> 
     </span>
    </p>
   </div>
   <div class='ocr_carea' id='block_1_94' title="bbox 630 5071 2195 5138">
    <p class='ocr_par' dir='ltr' id='par_1_94' title="bbox 630 5071 2195 5138">
     <span class='ocr_line' id='line_1_94' title="bbox 630 5071 2195 5138; baseline -0.001 -12"><span class='ocrx_word' id='word_1_737' title='bbox 630 5074 837 5127; x_wconf 88' lang='lat' dir='ltr'><strong>scilicet</strong></span> <span class='ocrx_word' id='word_1_738' title='bbox 872 5071 1223 5133; x_wconf 87' lang='lat' dir='ltr'><strong>clamantem,</strong></span> <span class='ocrx_word' id='word_1_739' title='bbox 1251 5086 1314 5125; x_wconf 89' lang='lat' dir='ltr'><strong>ac</strong></span> <span class='ocrx_word' id='word_1_740' title='bbox 1348 5080 1529 5125; x_wconf 88' lang='lat' dir='ltr'><strong>mente</strong></span> <span class='ocrx_word' id='word_1_741' title='bbox 1559 5071 1693 5125; x_wconf 91' lang='lat' dir='ltr'><strong>nihil</strong></span> <span class='ocrx_word' id='word_1_742' title='bbox 1735 5071 2039 5138; x_wconf 78' lang='lat' dir='ltr'><strong>curantem,</strong></span> <span class='ocrx_word' id='word_1_743' title='bbox 2102 5071 2195 5126; x_wconf 88' lang='lat' dir='ltr'><strong>sed</strong></span> 
     </span>
    </p>
   </div>
   <div class='ocr_carea' id='block_1_95' title="bbox 632 5162 2194 5235">
    <p class='ocr_par' dir='ltr' id='par_1_95' title="bbox 632 5162 2194 5235">
     <span class='ocr_line' id='line_1_95' title="bbox 632 5162 2194 5235; baseline -0.001 -18"><span class='ocrx_word' id='word_1_744' title='bbox 632 5166 753 5221; x_wconf 82' lang='lat' dir='ltr'><strong>aliis</strong></span> <span class='ocrx_word' id='word_1_745' title='bbox 803 5172 1133 5235; x_wconf 89' lang='lat' dir='ltr'><strong>pertractum</strong></span> <span class='ocrx_word' id='word_1_746' title='bbox 1175 5164 1406 5233; x_wconf 80' lang='lat' dir='ltr'><strong>negotiis</strong></span> <span class='ocrx_word' id='word_1_747' title='bbox 1451 5163 1639 5217; x_wconf 68' lang='lat' dir='ltr'><strong>videns</strong></span> <span class='ocrx_word' id='word_1_748' title='bbox 1696 5162 1981 5228; x_wconf 88' lang='lat' dir='ltr'><strong>Dominus,</strong></span> <span class='ocrx_word' id='word_1_749' title='bbox 2032 5179 2194 5233; x_wconf 81' lang='lat' dir='ltr'><strong>argu-</strong></span> 
     </span>
    </p>
   </div>
   <div class='ocr_carea' id='block_1_96' title="bbox 635 5254 2201 5326">
    <p class='ocr_par' dir='ltr' id='par_1_96' title="bbox 635 5254 2201 5326">
     <span class='ocr_line' id='line_1_96' title="bbox 635 5254 2201 5326; baseline -0.003 -15"><span class='ocrx_word' id='word_1_750' title='bbox 635 5268 818 5313; x_wconf 89' lang='lat' dir='ltr'><strong>mento</strong></span> <span class='ocrx_word' id='word_1_751' title='bbox 846 5274 969 5313; x_wconf 89' lang='lat' dir='ltr'><strong>eum</strong></span> <span class='ocrx_word' id='word_1_752' title='bbox 1009 5258 1215 5326; x_wconf 88' lang='lat' dir='ltr'><strong>pudore</strong></span> <span class='ocrx_word' id='word_1_753' title='bbox 1251 5255 1507 5310; x_wconf 82' lang='lat' dir='ltr'><strong>suﬁ&#39;ndit:</strong></span> <span class='ocrx_word' id='word_1_754' title='bbox 1566 5271 1760 5324; x_wconf 85' lang='lat' dir='ltr'><strong>neque_</strong></span> <span class='ocrx_word' id='word_1_755' title='bbox 1791 5265 2072 5310; x_wconf 84' lang='lat' dir='ltr'><strong>aversatus</strong></span> <span class='ocrx_word' id='word_1_756' title='bbox 2122 5254 2201 5306; x_wconf 88' lang='lat' dir='ltr'><strong>vi-</strong></span> 
     </span>
    </p>
   </div>
   <div class='ocr_carea' id='block_1_97' title="bbox 638 5350 2197 5423">
    <p class='ocr_par' dir='ltr' id='par_1_97' title="bbox 638 5350 2197 5423">
     <span class='ocr_line' id='line_1_97' title="bbox 638 5350 2197 5423; baseline -0.002 -18"><span class='ocrx_word' id='word_1_757' title='bbox 638 5368 756 5406; x_wconf 91' lang='lat' dir='ltr'><strong>rum</strong></span> <span class='ocrx_word' id='word_1_758' title='bbox 788 5352 1005 5423; x_wconf 88' lang='lat' dir='ltr'><strong>repulit,</strong></span> <span class='ocrx_word' id='word_1_759' title='bbox 1044 5366 1221 5421; x_wconf 84' lang='lat' dir='ltr'><strong>neque</strong></span> <span class='ocrx_word' id='word_1_760' title='bbox 1261 5350 1407 5404; x_wconf 89' lang='lat' dir='ltr'><strong>velut</strong></span> <span class='ocrx_word' id='word_1_761' title='bbox 1450 5351 1674 5419; x_wconf 79' lang='lat' dir='ltr'><strong>ignarus</strong></span> <span class='ocrx_word' id='word_1_762' title='bbox 1723 5350 1841 5419; x_wconf 82' lang='lat' dir='ltr'><strong>ejus</strong></span> <span class='ocrx_word' id='word_1_763' title='bbox 1886 5350 2053 5405; x_wconf 87' lang='lat' dir='ltr'><strong>dictis</strong></span> <span class='ocrx_word' id='word_1_764' title='bbox 2102 5350 2197 5403; x_wconf 89' lang='lat' dir='ltr'><strong>de-</strong></span> 
     </span>
    </p>
   </div>
   <div class='ocr_carea' id='block_1_98' title="bbox 710 5546 2195 5623">
    <p class='ocr_par' dir='ltr' id='par_1_98' title="bbox 710 5546 2195 5623">
     <span class='ocr_line' id='line_1_98' title="bbox 710 5546 2195 5623; baseline 0.003 -19"><span class='ocrx_word' id='word_1_765' title='bbox 710 5546 750 5575; x_wconf 73' lang='lat'><strong>&quot;</strong></span> <span class='ocrx_word' id='word_1_766' title='bbox 792 5552 923 5608; x_wconf 81' lang='lat' dir='ltr'><strong>Luc.</strong></span> <span class='ocrx_word' id='word_1_767' title='bbox 955 5569 1072 5613; x_wconf 83' lang='lat' dir='ltr'><strong>vm,</strong></span> <span class='ocrx_word' id='word_1_768' title='bbox 1113 5555 1197 5608; x_wconf 73' lang='lat'><strong>50.</strong></span> <span class='ocrx_word' id='word_1_769' title='bbox 1278 5554 1321 5585; x_wconf 78' lang='lat'><strong>“</strong></span> <span class='ocrx_word' id='word_1_770' title='bbox 1354 5552 1544 5607; x_wconf 72' lang='lat' dir='ltr'><strong>Matth.</strong></span> <span class='ocrx_word' id='word_1_771' title='bbox 1589 5571 1665 5623; x_wconf 72' lang='lat' dir='ltr'><strong>tt,</strong></span> <span class='ocrx_word' id='word_1_772' title='bbox 1693 5557 1785 5610; x_wconf 77' lang='lat'><strong>28.</strong></span> <span class='ocrx_word' id='word_1_773' title='bbox 1862 5556 1905 5587; x_wconf 83' lang='lat'><strong>&quot;</strong></span> <span class='ocrx_word' id='word_1_774' title='bbox 1936 5556 2100 5611; x_wconf 74' lang='lat' dir='ltr'><strong>Marc.</strong></span> <span class='ocrx_word' id='word_1_775' title='bbox 2147 5572 2195 5609; x_wconf 77' lang='lat' dir='ltr'><strong>Ix</strong></span> 
     </span>
    </p>
   </div>
   <div class='ocr_carea' id='block_1_99' title="bbox 733 5750 1516 5820">
    <p class='ocr_par' dir='ltr' id='par_1_99' title="bbox 733 5750 1516 5820">
     <span class='ocr_line' id='line_1_99' title="bbox 733 5750 1516 5820; baseline 0.009 -17"><span class='ocrx_word' id='word_1_776' title='bbox 733 5753 821 5820; x_wconf 70' lang='lat'><strong>20)</strong></span> <span class='ocrx_word' id='word_1_777' title='bbox 851 5750 967 5805; x_wconf 59' lang='lat' dir='ltr'><strong>lltsc</strong></span> <span class='ocrx_word' id='word_1_778' title='bbox 1002 5752 1054 5806; x_wconf 92' lang='lat' dir='ltr'><strong>in</strong></span> <span class='ocrx_word' id='word_1_779' title='bbox 1083 5769 1267 5807; x_wconf 66' lang='lat' dir='ltr'><strong>eodem</strong></span> <span class='ocrx_word' id='word_1_780' title='bbox 1306 5756 1516 5810; x_wconf 64' lang='lat' dir='ltr'><strong>codice.</strong></span> 
     </span>
    </p>
   </div>
   <div class='ocr_carea' id='block_1_100' title="bbox 2206 5555 2338 5613">
    <p class='ocr_par' dir='ltr' id='par_1_100' title="bbox 2206 5555 2338 5613">
     <span class='ocr_line' id='line_1_100' title="bbox 2206 5555 2338 5613; baseline -0.061 0"><span class='ocrx_word' id='word_1_781' title='bbox 2206 5597 2217 5613; x_wconf 65' lang='grc' dir='ltr'><strong>ς</strong></span> <span class='ocrx_word' id='word_1_782' title='bbox 2249 5555 2338 5607; x_wconf 70' lang='lat'><strong>9.2.</strong></span> 
     </span>
    </p>
   </div>
   <div class='ocr_carea' id='block_1_101' title="bbox 2292 4595 3863 4665">
    <p class='ocr_par' dir='ltr' id='par_1_101' title="bbox 2292 4595 3863 4665">
     <span class='ocr_line' id='line_1_101' title="bbox 2292 4595 3863 4665; baseline -0.002 -11"><span class='ocrx_word' id='word_1_783' title='bbox 2292 4599 2427 4664; x_wconf 82' lang='grc' dir='ltr'><strong>ὀδῷ,</strong></span> <span class='ocrx_word' id='word_1_784' title='bbox 2450 4595 2580 4653; x_wconf 77' lang='grc' dir='ltr'>εἶπέ</span> <span class='ocrx_word' id='word_1_785' title='bbox 2601 4616 2689 4664; x_wconf 86' lang='grc' dir='ltr'><strong>τις</strong></span> <span class='ocrx_word' id='word_1_786' title='bbox 2718 4597 2867 4665; x_wconf 82' lang='grc' dir='ltr'>πρὸς</span> <span class='ocrx_word' id='word_1_787' title='bbox 2892 4598 3077 4651; x_wconf 80' lang='grc' dir='ltr'>αὐτόν</span> <span class='ocrx_word' id='word_1_788' title='bbox 3098 4614 3111 4628; x_wconf 89' lang='grc'><strong>·</strong></span> <span class='ocrx_word' id='word_1_789' title='bbox 3150 4598 3563 4663; x_wconf 75' lang='grc' dir='ltr'>Ἀκολουθήσω</span> <span class='ocrx_word' id='word_1_790' title='bbox 3590 4616 3690 4652; x_wconf 82' lang='grc' dir='ltr'><strong>σοι</strong></span> <span class='ocrx_word' id='word_1_791' title='bbox 3712 4599 3863 4652; x_wconf 76' lang='grc' dir='ltr'>ὅπου</span> 
     </span>
    </p>
   </div>
   <div class='ocr_carea' id='block_1_102' title="bbox 2292 4689 3864 4759">
    <p class='ocr_par' dir='ltr' id='par_1_102' title="bbox 2292 4689 3864 4759">
     <span class='ocr_line' id='line_1_102' title="bbox 2292 4689 3864 4759; baseline 0 -16"><span class='ocrx_word' id='word_1_792' title='bbox 2292 4690 2368 4743; x_wconf 80' lang='grc' dir='ltr'><strong>ἂν</strong></span> <span class='ocrx_word' id='word_1_793' title='bbox 2385 4689 2638 4759; x_wconf 80' lang='grc' dir='ltr'>ἀπέρχῃ,</span> <span class='ocrx_word' id='word_1_794' title='bbox 2673 4692 2871 4758; x_wconf 82' lang='grc' dir='ltr'>Κύριε.</span> <span class='ocrx_word' id='word_1_795' title='bbox 2904 4690 3012 4745; x_wconf 83' lang='lat' dir='ltr'><strong>Kal</strong></span> <span class='ocrx_word' id='word_1_796' title='bbox 3034 4689 3205 4745; x_wconf 74' lang='grc' dir='ltr'>εἶπεν</span> <span class='ocrx_word' id='word_1_797' title='bbox 3229 4690 3389 4755; x_wconf 82' lang='grc' dir='ltr'><strong>αὑτῷ</strong></span> <span class='ocrx_word' id='word_1_798' title='bbox 3412 4694 3444 4744; x_wconf 84' lang='grc' dir='ltr'><strong>ό</strong></span> <span class='ocrx_word' id='word_1_799' title='bbox 3483 4690 3732 4759; x_wconf 76' lang='grc' dir='ltr'>Ἰησοῦς</span> <span class='ocrx_word' id='word_1_800' title='bbox 3757 4708 3775 4723; x_wconf 85' lang='grc'><strong>·</strong></span> <span class='ocrx_word' id='word_1_801' title='bbox 3800 4694 3864 4745; x_wconf 75' lang='grc' dir='ltr'><strong><em>Αἰ</em></strong></span> 
     </span>
    </p>
   </div>
   <div class='ocr_carea' id='block_1_103' title="bbox 2290 4781 3863 4851">
    <p class='ocr_par' dir='ltr' id='par_1_103' title="bbox 2290 4781 3863 4851">
     <span class='ocr_line' id='line_1_103' title="bbox 2290 4781 3863 4851; baseline 0.001 -16"><span class='ocrx_word' id='word_1_802' title='bbox 2290 4781 2597 4848; x_wconf 70' lang='grc' dir='ltr'>ἀλώπεκες</span> <span class='ocrx_word' id='word_1_803' title='bbox 2626 4784 2896 4851; x_wconf 66' lang='grc' dir='ltr'>φωλεοὺς</span> <span class='ocrx_word' id='word_1_804' title='bbox 2928 4783 3172 4851; x_wconf 77' lang='grc' dir='ltr'>ἔχουσι,</span> <span class='ocrx_word' id='word_1_805' title='bbox 3220 4786 3315 4839; x_wconf 75' lang='grc' dir='ltr'>καὶ</span> <span class='ocrx_word' id='word_1_806' title='bbox 3362 4784 3433 4838; x_wconf 86' lang='grc' dir='ltr'>τὰ</span> <span class='ocrx_word' id='word_1_807' title='bbox 3464 4786 3709 4838; x_wconf 74' lang='grc' dir='ltr'>πετεινὰ</span> <span class='ocrx_word' id='word_1_808' title='bbox 3762 4786 3863 4837; x_wconf 78' lang='grc' dir='ltr'>τοῦ</span> 
     </span>
    </p>
   </div>
   <div class='ocr_carea' id='block_1_104' title="bbox 2294 4871 3863 4943">
    <p class='ocr_par' dir='ltr' id='par_1_104' title="bbox 2294 4871 3863 4943">
     <span class='ocr_line' id='line_1_104' title="bbox 2294 4871 3863 4943; baseline 0.003 -18"><span class='ocrx_word' id='word_1_809' title='bbox 2294 4873 2551 4939; x_wconf 68' lang='grc' dir='ltr'>οὐρανοῦ</span> <span class='ocrx_word' id='word_1_810' title='bbox 2587 4871 3078 4941; x_wconf 77' lang='grc' dir='ltr'>κατασκηνώσεις</span> <span class='ocrx_word' id='word_1_811' title='bbox 3104 4892 3118 4906; x_wconf 85' lang='grc'>·</span> <span class='ocrx_word' id='word_1_812' title='bbox 3165 4879 3198 4929; x_wconf 84' lang='grc' dir='ltr'><em>ὁ</em></span> <span class='ocrx_word' id='word_1_813' title='bbox 3230 4874 3298 4927; x_wconf 79' lang='grc' dir='ltr'><strong><em>δὲ</em></strong></span> <span class='ocrx_word' id='word_1_814' title='bbox 3333 4874 3466 4940; x_wconf 78' lang='grc' dir='ltr'><strong>Υἱὸς</strong></span> <span class='ocrx_word' id='word_1_815' title='bbox 3500 4874 3606 4927; x_wconf 81' lang='grc' dir='ltr'><strong>τοῦ</strong></span> <span class='ocrx_word' id='word_1_816' title='bbox 3642 4875 3863 4943; x_wconf 57' lang='lat' dir='ltr'><strong>civ-0112i-</strong></span> 
     </span>
    </p>
   </div>
   <div class='ocr_carea' id='block_1_105' title="bbox 2294 4963 3863 5034">
    <p class='ocr_par' dir='ltr' id='par_1_105' title="bbox 2294 4963 3863 5034">
     <span class='ocr_line' id='line_1_105' title="bbox 2294 4963 3863 5034; baseline 0.003 -19"><span class='ocrx_word' id='word_1_817' title='bbox 2294 4978 2411 5017; x_wconf 68' lang='grc' dir='ltr'>,του</span> <span class='ocrx_word' id='word_1_818' title='bbox 2445 4964 2553 5017; x_wconf 81' lang='grc' dir='ltr'><strong>οὐκ</strong></span> <span class='ocrx_word' id='word_1_819' title='bbox 2576 4965 2697 5031; x_wconf 78' lang='grc' dir='ltr'>ἕχει</span> <span class='ocrx_word' id='word_1_820' title='bbox 2726 4965 2844 5017; x_wconf 76' lang='grc' dir='ltr'><strong>ποῦ</strong></span> <span class='ocrx_word' id='word_1_821' title='bbox 2873 4964 2988 5032; x_wconf 78' lang='grc' dir='ltr'>τὴν</span> <span class='ocrx_word' id='word_1_822' title='bbox 3011 4965 3287 5034; x_wconf 60' lang='grc' dir='ltr'>κεφαλὴν</span> <span class='ocrx_word' id='word_1_823' title='bbox 3309 4966 3501 5032; x_wconf 69' lang='grc' dir='ltr'>κλίνῃ.</span> <span class='ocrx_word' id='word_1_824' title='bbox 3537 4963 3629 5018; x_wconf 74' lang='grc' dir='ltr'><strong>Διὸ</strong></span> <span class='ocrx_word' id='word_1_825' title='bbox 3656 4968 3750 5019; x_wconf 66' lang='grc' dir='ltr'><strong>καὶ</strong></span> <span class='ocrx_word' id='word_1_826' title='bbox 3778 4966 3863 5019; x_wconf 72' lang='grc' dir='ltr'>τὸν</span> 
     </span>
    </p>
   </div>
   <div class='ocr_carea' id='block_1_106' title="bbox 2293 5053 3864 5127">
    <p class='ocr_par' dir='ltr' id='par_1_106' title="bbox 2293 5053 3864 5127">
     <span class='ocr_line' id='line_1_106' title="bbox 2293 5053 3864 5127; baseline 0.002 -20"><span class='ocrx_word' id='word_1_827' title='bbox 2293 5053 2621 5125; x_wconf 78' lang='grc' dir='ltr'>γραμματέα</span> <span class='ocrx_word' id='word_1_828' title='bbox 2654 5055 2841 5107; x_wconf 77' lang='grc' dir='ltr'>τοῦτον</span> <span class='ocrx_word' id='word_1_829' title='bbox 2872 5056 3339 5125; x_wconf 73' lang='grc' dir='ltr'>ἐπαγγελλόμενον</span> <span class='ocrx_word' id='word_1_830' title='bbox 3365 5056 3753 5127; x_wconf 68' lang='grc' dir='ltr'>ἀκολουθήσειν</span> <span class='ocrx_word' id='word_1_831' title='bbox 3781 5058 3864 5110; x_wconf 66' lang='grc' dir='ltr'><strong>εὖ·</strong></span> 
     </span>
    </p>
   </div>
   <div class='ocr_carea' id='block_1_107' title="bbox 2294 5146 3861 5221">
    <p class='ocr_par' dir='ltr' id='par_1_107' title="bbox 2294 5146 3861 5221">
     <span class='ocr_line' id='line_1_107' title="bbox 2294 5146 3861 5221; baseline 0.033 -24"><span class='ocrx_word' id='word_1_832' title='bbox 2294 5146 2388 5216; x_wconf 81' lang='grc' dir='ltr'><strong>τῷ.</strong></span> <span class='ocrx_word' id='word_1_833' title='bbox 2421 5148 2515 5200; x_wconf 77' lang='grc' dir='ltr'><strong>καὶ</strong></span> <span class='ocrx_word' id='word_1_834' title='bbox 2554 5147 2633 5217; x_wconf 76' lang='grc' dir='ltr'>τῷ</span> <span class='ocrx_word' id='word_1_835' title='bbox 2669 5149 2767 5218; x_wconf 77' lang='grc' dir='ltr'><strong>μὲν</strong></span> <span class='ocrx_word' id='word_1_836' title='bbox 2800 5150 3005 5219; x_wconf 71' lang='grc' dir='ltr'>ῥήματι</span> <span class='ocrx_word' id='word_1_837' title='bbox 3042 5148 3271 5219; x_wconf 69' lang='grc' dir='ltr'><strong>βοῶνταν</strong></span> <span class='ocrx_word' id='word_1_838' title='bbox 3315 5152 3379 5220; x_wconf 67' lang='grc' dir='ltr'>τῇ</span> <span class='ocrx_word' id='word_1_839' title='bbox 3427 5150 3484 5202; x_wconf 70' lang='grc' dir='ltr'><strong>δὲ</strong></span> <span class='ocrx_word' id='word_1_840' title='bbox 3526 5150 3737 5221; x_wconf 47' lang='grc' dir='ltr'>διανοίᾳ</span> <span class='ocrx_word' id='word_1_841' title='bbox 3792 5151 3861 5217; x_wconf 65' lang='grc' dir='ltr'><strong>μὴ</strong></span> 
     </span>
    </p>
   </div>
   <div class='ocr_carea' id='block_1_108' title="bbox 2298 5237 3862 5312">
    <p class='ocr_par' dir='ltr' id='par_1_108' title="bbox 2298 5237 3862 5312">
     <span class='ocr_line' id='line_1_108' title="bbox 2298 5237 3862 5312; baseline 0.001 -21"><span class='ocrx_word' id='word_1_842' title='bbox 2298 5237 2646 5308; x_wconf 76' lang='grc' dir='ltr'>σχολάζοντα,</span> <span class='ocrx_word' id='word_1_843' title='bbox 2683 5238 2796 5291; x_wconf 80' lang='grc' dir='ltr'>ἀλλ’</span> <span class='ocrx_word' id='word_1_844' title='bbox 2826 5242 2883 5291; x_wconf 88' lang='grc' dir='ltr'><strong>ἐν</strong></span> <span class='ocrx_word' id='word_1_845' title='bbox 2910 5240 3118 5312; x_wconf 82' lang='grc' dir='ltr'>ἑτέροις</span> <span class='ocrx_word' id='word_1_846' title='bbox 3138 5239 3503 5309; x_wconf 77' lang='grc' dir='ltr'>άφελκόμενον</span> <span class='ocrx_word' id='word_1_847' title='bbox 3522 5240 3667 5311; x_wconf 74' lang='grc' dir='ltr'>ὁρῶν</span> <span class='ocrx_word' id='word_1_848' title='bbox 3698 5244 3729 5294; x_wconf 89' lang='lat'><strong>6</strong></span> <span class='ocrx_word' id='word_1_849' title='bbox 3759 5241 3862 5292; x_wconf 74' lang='grc' dir='ltr'><strong>Κύ-</strong></span> 
     </span>
    </p>
   </div>
   <div class='ocr_carea' id='block_1_109' title="bbox 2301 5328 3861 5399">
    <p class='ocr_par' dir='ltr' id='par_1_109' title="bbox 2301 5328 3861 5399">
     <span class='ocr_line' id='line_1_109' title="bbox 2301 5328 3861 5399; baseline 0.002 -20"><span class='ocrx_word' id='word_1_850' title='bbox 2301 5346 2432 5399; x_wconf 83' lang='grc' dir='ltr'>ριος,</span> <span class='ocrx_word' id='word_1_851' title='bbox 2464 5328 2731 5381; x_wconf 79' lang='grc' dir='ltr'>ἐδυσώπει</span> <span class='ocrx_word' id='word_1_852' title='bbox 2764 5329 2852 5381; x_wconf 75' lang='grc' dir='ltr'>διὰ</span> <span class='ocrx_word' id='word_1_853' title='bbox 2881 5329 2975 5383; x_wconf 81' lang='grc' dir='ltr'>τοῦ</span> <span class='ocrx_word' id='word_1_854' title='bbox 3022 5330 3243 5399; x_wconf 82' lang='grc' dir='ltr'>ἐλέγχου</span> <span class='ocrx_word' id='word_1_855' title='bbox 3269 5347 3282 5361; x_wconf 72' lang='grc' dir='ltr'><strong><em>ο</em></strong></span> <span class='ocrx_word' id='word_1_856' title='bbox 3316 5331 3408 5383; x_wconf 74' lang='grc' dir='ltr'><strong>καὶ</strong></span> <span class='ocrx_word' id='word_1_857' title='bbox 3454 5329 3577 5383; x_wconf 73' lang='grc' dir='ltr'>οὒτε</span> <span class='ocrx_word' id='word_1_858' title='bbox 3615 5332 3694 5395; x_wconf 80' lang='grc' dir='ltr'>ὡς</span> <span class='ocrx_word' id='word_1_859' title='bbox 3736 5332 3861 5383; x_wconf 77' lang='grc' dir='ltr'>ἀπο-</span> 
     </span>
    </p>
   </div>
   <div class='ocr_carea' id='block_1_110' title="bbox 2414 5553 3513 5628">
    <p class='ocr_par' dir='ltr' id='par_1_110' title="bbox 2414 5553 3513 5628">
     <span class='ocr_line' id='line_1_110' title="bbox 2414 5553 3513 5628; baseline 0.012 -22"><span class='ocrx_word' id='word_1_860' title='bbox 2414 5556 2457 5585; x_wconf 82' lang='grc'><strong>⁷⁰</strong></span> <span class='ocrx_word' id='word_1_861' title='bbox 2505 5553 2659 5609; x_wconf 80' lang='lat' dir='ltr'><strong>Joan.</strong></span> <span class='ocrx_word' id='word_1_862' title='bbox 2714 5574 2764 5618; x_wconf 86' lang='lat' dir='ltr'><strong>v,</strong></span> <span class='ocrx_word' id='word_1_863' title='bbox 2813 5557 2895 5610; x_wconf 74' lang='grc'><strong>14.</strong></span> <span class='ocrx_word' id='word_1_864' title='bbox 2971 5558 3015 5589; x_wconf 84' lang='lat'>&#39;”</span> <span class='ocrx_word' id='word_1_865' title='bbox 3045 5557 3155 5615; x_wconf 81' lang='lat' dir='ltr'><strong>Luc</strong></span> <span class='ocrx_word' id='word_1_866' title='bbox 3209 5576 3283 5624; x_wconf 73' lang='lat' dir='ltr'><strong>Ir,</strong></span> <span class='ocrx_word' id='word_1_867' title='bbox 3308 5560 3397 5628; x_wconf 87' lang='lat'><strong>57,</strong></span> <span class='ocrx_word' id='word_1_868' title='bbox 3421 5562 3513 5619; x_wconf 82' lang='lat'><strong>58.</strong></span> 
     </span>
    </p>
   </div>
   <div class='ocr_carea' id='block_1_111' title="bbox 2380 5756 3025 5828">
    <p class='ocr_par' dir='ltr' id='par_1_111' title="bbox 2380 5756 3025 5828">
     <span class='ocr_line' id='line_1_111' title="bbox 2380 5756 3025 5828; baseline 0.005 -20"><span class='ocrx_word' id='word_1_869' title='bbox 2380 5758 2491 5828; x_wconf 71' lang='lat' dir='ltr'><strong>(3i)</strong></span> <span class='ocrx_word' id='word_1_870' title='bbox 2522 5756 2576 5812; x_wconf 91' lang='lat' dir='ltr'><strong>ln</strong></span> <span class='ocrx_word' id='word_1_871' title='bbox 2608 5759 2793 5814; x_wconf 80' lang='lat' dir='ltr'><strong>eodem</strong></span> <span class='ocrx_word' id='word_1_872' title='bbox 2824 5760 3025 5815; x_wconf 87' lang='lat' dir='ltr'><strong>codice.</strong></span> 
     </span>
    </p>
   </div>
  </div>
