4036 6434
182 369 211 417 1
222 368 330 419 401

1415 371 1597 425 FRAG
1607 372 1838 425 MENTA
1878 374 1940 424 IN
1980 374 2228 429 LUCAM.

3279 385 3411 438 “02

175 483 522 554 τρεπόμενος
551 482 734 535 τοῦτον
764 482 1004 544 ἐδίωκεν,
1048 481 1169 535 οὔτε
1219 483 1292 547 ὼς
1333 485 1543 553 ἀγνοῶν
1590 486 1755 538 ἐπλα-

1859 500 2043 558 ceptus
2084 501 2198 557 est;
2245 493 2338 548 sed
2368 495 2514 549 velut
2554 511 2755 563 gnarus
2788 500 3137 568 coarguebat,
3172 509 3224 555 et
3254 503 3411 572 quasi

177 575 325 625 νᾶτο
349 572 452 625 ὑπὸ
476 572 581 623 τῶν
607 570 792 623 τούτου
830 572 1123 642 ῥημάτων·
1164 575 1298 627 ἀλλά
1339 575 1429 627 καὶ
1484 576 1557 638 ὡς
1601 576 1756 640 εἰδὼς

180 660 415 730 ἤλεγχε,
450 659 545 711 καὶ
573 661 644 722 ὼς
678 659 943 712 παιδεύων
975 660 1287 733 διωρθοῦτο.
1325 665 1622 734 Μονονουχὶ
1651 665 1756 736 γάρ

179 750 356 804 τοῦτο
399 752 571 819 λέγων
602 752 898 817 ἐδίδασκεν,
931 744 1005 816 ὡς
1051 755 1159 824 ἄρα
1191 755 1362 818 οὐδεὶς
1415 755 1635 808 δύναται
1681 756 1757 826 τῷ

178 844 353 913 Λόγῳ
382 843 687 896 ἀκολουθεῖν
713 845 1120 914 ἀναπαυόμενος
1153 849 1209 900 ἐν
1239 846 1470 916 ἀλόγοις,
1500 849 1618 900 οὐδὲ
1652 849 1757 901 τῶν

182 933 451 1001 ἀλόγωνό
483 933 630 1001 φίλος
666 934 884 987 δύναται
922 937 1011 987 τὸν
1064 937 1233 1004 Λόγον
1277 937 1549 1007 δέχεσθαι,
1585 938 1705 991 οὐδὲ
1730 941 1757 992 6

183 1025 263 1076 τὰ
304 1024 468 1093 ἄλογα
517 1024 912 1096 φανταζόμενος
964 1025 1183 1079 δύναται
1237 1027 1328 1080 τού
1380 1029 1552 1096 Λόγου
1596 1047 1758 1099 μετα-

184 1114 491 1186 λαμόάνειν
523 1117 745 1170 ἔννοιαν.
797 1118 1010 1188 Ἀμέλει
1049 1120 1112 1170 ὲκ
1155 1118 1251 1188 τῆς
1289 1117 1492 1190 τόλμης
1530 1120 1591 1172 τὸ
1619 1120 1758 1188 γνώ-

189 1222 373 1276 ρισμα
397 1207 496 1276 τῆς
530 1208 856 1278 προπετείας
895 1211 987 1262 καὶ
1013 1210 1362 1273 ἀπαιδευσίας
1415 1210 1624 1276 ἔξεστιν
1656 1214 1756 1266 αὑ·-

185 1299 292 1352 τοῦ
314 1301 665 1370 καταμαθεῖν.
693 1302 752 1354 Εἰ
777 1301 885 1374 γὰρ
914 1302 1177 1372 ἠπίστατο
1202 1302 1295 1356 τοῦ
1331 1303 1501 1372 Λόγου
1516 1289 1630 1375 ’τὴν
1662 1307 1757 1360 δύ-

183 1407 384 1461 ναμιν,
414 1394 513 1445 οὐκ
541 1392 605 1445 ἂν
633 1393 768 1457 ὅλως
796 1395 1094 1463 φαντασίαν
1143 1396 1352 1466 εἰλήφει
1391 1398 1755 1466 πνευματικοῦ

187 1484 397 1552 Λόγου,
431 1486 529 1538 οὐκ
561 1486 626 1538 ἀν
647 1485 928 1556 ἄνθρωπος
970 1485 1045 1538 ὢν
1078 1487 1286 1550 ὲξισοῦν
1337 1488 1526 1540 ἑαυτὸν
1558 1488 1757 1558 ἐτόλμα

187 1578 262 1644 τῇ
295 1576 386 1626 τοῦ
423 1577 668 1646 Σωτῆρος
697 1576 1061 1648 ἀκαταλήπτῳ
1089 1578 1312 1648 δυνάμει
1344 1580 1512 1648 λέγων
1543 1597 1554 1609 ·
1605 1582 1758 1635 Ὰκοα

189 1663 482 1730 λουθήσω
521 1683 621 1718 σοι
662 1666 812 1720 ὅπου
844 1667 951 1720 ἐὰν
992 1668 1239 1738 ἀπέρχῃ.
1297 1670 1627 1724 Ἀκολουθεῖν
1661 1673 1758 1742 μὲν

189 1757 307 1824 γὰρ
328 1756 689 1827 ἁπλούστερον
718 1757 792 1828 τῷ
820 1759 1031 1830 Σωτῆρι
1057 1762 1188 1831 πρὸς
1214 1762 1273 1813 τὸ
1295 1762 1391 1830 τῆς
1417 1762 1755 1828 διδασκαλίας

190 1847 365 1898 αὐτοῦ
389 1846 603 1899 ἀκούειν
627 1847 848 1901 δυνατὸν
867 1852 929 1920 τῇ
950 1848 1258 1921 ἀνθρωπίνῃ
1281 1851 1460 1920 φύσει,
1485 1854 1576 1905 καὶ
1605 1854 1761 1907 τοῦτο

194 1937 344 1988 κατά
374 1938 470 2006 τὴν
520 1940 680 1991 αὑτοῦ
729 1941 1177 2012 φιλανθρωπίαν·
1225 1946 1650 1998 συνεκτείνεσθαι
1701 1948 1758 2000 δὲ

195 2028 299 2078 καί
330 2029 636 2098 συντρέχειν
671 2030 817 2099 αὐτῷ
851 2031 1124 2101 πανταχοῦ
1152 2073 1166 2094 ,
1195 2034 1350 2087 τοῦτο
1382 2036 1473 2087 καὶ
1503 2037 1763 2091 ἀδύνατον

193 2119 296 2182 καὶ
340 2120 610 2192 τολμηρὸν
644 2121 719 2191 τῷ
767 2123 1241 2196 ἐπαγγελλομένῳ.
1296 2125 1432 2179 Οὔτε
1481 2128 1586 2198 γὰρ
1631 2131 1760 2182 ἀνα-

190 2209 488 2279 παυομένῳ
521 2210 664 2280 αὐτῷ
703 2212 849 2281 παρά
884 2212 962 2282 τῷ
1000 2214 1172 2284 Πατρὶ
1200 2219 1431 2270 συνεῖναι
1463 2215 1754 2289 δυνάμεθα·

192 2299 319 2362 πῶς
349 2301 474 2370 γὰρ,
505 2301 666 2370 ἄλλης
693 2304 903 2370 φύσεως
929 2307 1319 2375 τυγχάνοντες;
1347 2307 1468 2360 οὔτε
1487 2310 1757 2379 πανταχοῦ

191 2393 346 2462 αὐτῷ
374 2393 484 2446 όντι
517 2395 836 2466 συνδραμεῖν
885 2391 992 2450 οἷόν
1024 2415 1102 2449 τε.
1146 2399 1205 2450 '0
1261 2400 1357 2470 μὲν
1396 2400 1503 2472 γὰρ
1541 2401 1758 2473 ἀχώρη-

190 2500 310 2548 τος,
346 2487 392 2536 οἱ
418 2485 472 2537 δὲ
501 2487 764 2556 χωρητοίο
806 2490 898 2541 καὶ
920 2491 948 2541 ό
981 2491 1076 2558 μὲν
1111 2491 1166 2541 ὲν
1201 2491 1276 2560 τῷ
1319 2493 1479 2545 παντὶ
1528 2495 1621 2546 καὶ
1658 2493 1759 2558 ἔξω

191 2575 296 2625 τοῦ
327 2577 523 2639 παντός
557 2580 720 2642 ἐστιν,
759 2580 808 2631 οἱ
839 2580 895 2632 δὲ
925 2581 982 2632 ὲν
1025 2580 1100 2651 τῷ
1132 2585 1292 2634 παντὶ
1342 2585 1759 2656 μεμετρημένην

195 2665 392 2734 ἔχομεν
424 2667 519 2738 τὴν
549 2669 799 2722 σύστασιν
819 2687 830 2697 ’
863 2671 1002 2722 καὶὸ
1023 2672 1118 2741 μὲν
1144 2673 1344 2742 Κύριος
1375 2677 1642 2747 ἀκινήτως
1669 2679 1759 2730 καὶ

196 2758 559 2824 ἀμεταϐἀτως
587 2763 723 2813 κινεῖ
757 2761 824 2812 τὰ
853 2764 1146 2832 πανταχοῦ,
1177 2767 1270 2818 καὶ
1298 2767 1365 2819 τὰ
1402 2767 1496 2820 ὅλα
1528 2769 1754 2821 διοικεῖ·

196 2848 474 2919 ἄνθρωποι
511 2850 586 2913 δὲ,
616 2852 1026 2921 μεταϐαίνοντες
1066 2857 1157 2925 ἀφ’
1186 2849 1246 2908 οὗ
1291 2858 1602 2928 κινούμεθα,
1654 2862 1760 2914 λει-

197 2939 416 3009 πόμεθα
439 2944 502 3010 τῇ
537 2942 813 3012 ἀπολείψει
856 2947 951 2998 τοῦ
991 2948 1154 3000 τόπου
1189 2949 1323 3018 πρὸς
1363 2948 1461 3019 τὴν
1495 2951 1762 3020 ἀμετάϐα·

194 3047 288 3081 τόν
334 3032 602 3100 πανταχοῦ
645 3035 742 3104 τῆς
778 3036 1024 3108 θεότητος
1050 3039 1217 3092 αὐτοῦ
1250 3041 1572 3109 παρουσίαν.
1619 3043 1756 3094 Ἀλλ’

193 3123 222 3172 6
267 3120 468 3192 Κύριος
496 3127 613 3175 κατ’
643 3125 924 3198 ἀμφότερα
969 3129 1156 3182 τοῦτον
1204 3130 1528 3200 διορθοῦται,
1571 3133 1661 3186 καὶ
1698 3134 1758 3187 τὸ

197 3210 300 3280 μὲν
331 3211 610 3283 ἀνέτοιμον
644 3216 740 3286 τῆς
770 3217 1081 3287 προθέσεως
1120 3221 1400 3293 διελέγχει,
1439 3225 1538 3296 τὴν
1565 3227 1621 3279 δὲ
1657 3229 1758 3297 τῆς

195 3302 447 3372 θεότητος
474 3306 635 3359 αὑτοῦ
680 3309 1071 3381 μεγαλειότητα
1123 3314 1402 3377 παιδεύει,
1440 3317 1610 3386 λέγων
1637 3335 1649 3348 ·
1689 3323 1758 3372 Al

195 3392 503 3461 ἀλώπεκες
531 3400 798 3465 φωλεοὺς
828 3400 1036 3469 ἔχουσι
1057 3443 1070 3468 ,
1102 3405 1194 3456 καὶ
1232 3405 1299 3458 τὰ
1334 3406 1476 3476 ἑξῆς.
1521 3410 1660 3461 Ἴσον
1701 3410 1758 3462 δὲ

192 3484 372 3555 τούτῳ
417 3490 587 3540 εἰπεῖν
627 3493 759 3554 ἐστι,
811 3493 877 3545 τὰ
930 3495 1027 3562 μὲν
1079 3499 1279 3566 γενητὰ
1328 3501 1504 3553 πάντα
1538 3502 1760 3573 χωρητὰ

193 3576 478 3645 τυγχάνει,
514 3581 604 3632 καὶ
646 3583 826 3646 τόποις
858 3583 1160 3654 διίσταται,
1198 3593 1226 3642 6
1265 3591 1321 3643 δὲ
1365 3592 1535 3659 Λόγος
1588 3596 1617 3646 6
1663 3593 1761 3647 τοῦ

195 3668 335 3719 θεοῦ
357 3668 635 3740 ἀχώρητον
667 3673 778 3743 ἔχει
809 3675 905 3746 τὴν
938 3676 1166 3747 δύναμιν
1187 3696 1199 3707 ⁸
1233 3680 1371 3734 ὥστε
1406 3683 1497 3735 τοῦ
1543 3685 1638 3754 μὲν
1671 3685 1758 3738 λέ-

197 3776 342 3827 γειν,
396 3762 475 3814 ὅτι
524 3761 712 3818 Ὅπου
765 3766 873 3819 ἐὰν
913 3769 1145 3841 ἀπέρχῃ
1191 3772 1583 3840 ἀκολουθήσω
1625 3793 1756 3842 σοι,

196 3851 444 3905 παῦσαι·
500 3856 547 3906 εἰ
601 3856 656 3907 δε
699 3858 1097 3928 μαθητεύεσθαι
1161 3864 1362 3930 θέλεις,
1400 3867 1611 3920 ἀπόστα
1654 3869 1759 3921 τῶν

192 3943 427 4009 ἀλόγων,
452 3946 833 4017 οἰκειώθητιδὲ
867 3951 944 4020 τῷ
981 3952 1138 4021 Λόγῳ
1169 3971 1180 3982 ·
1215 3955 1476 4009 ἀδύνατον
1514 3959 1619 4027 γὰρ
1667 3960 1754 4013 τὸν

194 4033 411 4101 ἀλογίᾳ
444 4035 665 4087 συνόντα
698 4038 871 4107 Λόγου
897 4041 1150 4108 γενέσθαι
1175 4045 1443 4118 μαθητήν.

273 4208 382 4278 (52)
424 4211 540 4263 Τίνι
592 4212 856 4280 ὁμοιώσω
883 4215 996 4283 τὴν
1041 4218 1370 4280 ,βασιλείαν
1416 4224 1519 4277 τοῦ
1566 4228 1758 4292 Θεοῦ;

208 4300 414 4366 Ὁμοία
432 4302 559 4354 ἐστὶ
589 4301 731 4373 ζύμῃ
763 4345 776 4368 ,
820 4304 900 4373 ἢν
933 4310 1203 4363 λαϐοῦσα
1244 4313 1396 4381 γυνὴ
1428 4314 1762 4385 ἐνέκρυψεν

196 4393 286 4452 είς
313 4392 569 4460 ἀλεύρου
598 4394 752 4448 σάτα
781 4400 913 4464 τρία
945 4441 959 4464 ,
1009 4400 1112 4467 ἕως
1157 4399 1227 4458 οὗ
1271 4405 1528 4474 ἐζυμώθη
1591 4409 1754 4462 ὅλον.

1857 580 2109 635 erudiens
2142 583 2466 652 corrigebat.
2501 584 2635 638 Cum
2669 585 2779 640 haec
2808 589 2950 640 enim
2971 589 3194 652 diceret,
3215 590 3408 648 docere

1859 671 2162 736 videbatur,
2196 674 2462 727 neminem
2493 689 2654 743 posse
2701 675 2938 732 Verbum
2974 680 3088 733 sive
3130 678 3411 738 Rationem

1858 762 2029 830 sequi,
2058 763 2100 817 si
2134 763 2185 817 in
2216 764 2680 822 irrationabilibus
2713 769 3036 838 quiesceret,
3075 787 3250 843 neque
3277 776 3416 830 irra-

1857 853 2198 907 tionabilium
2231 866 2526 910 amatorem
2575 874 2738 928 posse
2781 859 3013 916 Verbum
3061 863 3175 918 sive
3222 864 3413 920 Ratio-

1858 958 1976 996 nem
2017 944 2288 1013 excipere,
2335 962 2510 1016 neque
2558 948 2958 1007 irrationabilia
2991 956 3412 1011 comminiscen-

1861 1044 1966 1087 Iem
2013 1051 2174 1104 posse
2219 1035 2466 1093 Rationis
2495 1040 2740 1094 notitiam
2760 1044 2998 1114 assequi.
3024 1045 3100 1099 Ex
3123 1062 3256 1102 ausu
3282 1064 3414 1104 sane

1861 1126 2028 1192 illius,
2059 1127 2379 1184 temeritatis
2406 1138 2460 1183 et
2483 1128 2709 1185 inscitia:
2739 1133 2858 1202 ejus
2908 1145 3286 1205 argumentum
3314 1139 3411 1195 de-

1859 1217 2190 1286 prehendere
2238 1219 2390 1273 licet.
2427 1219 2563 1276 Nam
2611 1224 2654 1278 si
2689 1221 2851 1278 Verbi
2883 1227 2991 1279 vim
3025 1230 3280 1292 novisset,
3318 1246 3414 1286 ne-

1859 1324 2132 1378 quaquam
2160 1310 2261 1364 sibi
2297 1313 2596 1381 spiritualis
2627 1314 2785 1370 Verbi
2814 1320 3241 1374 commentitiam
3288 1337 3412 1390 spe-

1858 1402 1994 1454 ciem
2027 1401 2347 1469 elIinxisset;
2386 1419 2580 1474 neque,
2620 1409 2782 1462 homo
2821 1424 2947 1462 eum
2978 1418 3124 1465 esset
3157 1453 3171 1477 ,
3203 1412 3412 1467 incom-

1860 1491 2205 1557 prehensibili
2241 1492 2547 1548 Servatoris
2575 1496 2762 1551 virtuti
2794 1514 2911 1553 sese
2939 1515 3224 1570 exaequare
3247 1519 3412 1560 ausus

1863 1581 2071 1646 fuisset,
2104 1583 2326 1637 dicens:
2365 1582 2567 1653 Sequar
2595 1596 2643 1640 te
2672 1605 2973 1659 quocunque
3005 1591 3145 1646 ieris.
3203 1592 3412 1649 Etenim

1862 1669 2199 1725 Servatorem
2234 1672 2547 1743 simpliciter
2569 1679 2721 1746 sequi
2746 1680 2814 1732 ad
2840 1681 3140 1736 doctrinam
3165 1684 3282 1752 ejus
3312 1703 3412 1740 au-

1859 1762 2129 1826 diendam,
2164 1763 2412 1819 humanze
2457 1767 2677 1835 quidem
2726 1780 2935 1826 natura:
2982 1774 3236 1842 possibile
3287 1788 3411 1842 est,

1861 1853 2020 1920 idque
2041 1869 2103 1905 ex
2135 1853 2254 1920 ejus
2286 1855 2618 1924 benignitate
2665 1859 2778 1912 tieri
2807 1870 3021 1929 potest;
3071 1873 3124 1917 at
3164 1881 3286 1919 cum
3321 1867 3413 1922 illo

1862 1958 1963 1995 una
1993 1945 2207 1996 extendi
2236 1961 2300 2000 ac
2329 1963 2658 2003 concurrere
2689 1950 2904 2020 ubique,
2934 1953 2983 2005 id
3017 1969 3148 2008 sane
3169 1957 3286 2010 ﬁeri
3314 1973 3412 2012 ne-

1858 2036 1996 2104 quit,
2041 2047 2094 2088 ct
2151 2036 2458 2105 pollicentis
2504 2039 2783 2093 audaciam
2830 2042 3027 2109 prodit.
3061 2042 3240 2114 Neque
3270 2046 3412 2100 enim

1859 2143 1979 2180 eum
2005 2128 2118 2192 illo,
2146 2127 2200 2180 in
2226 2129 2347 2182 sinu
2381 2128 2556 2183 Patris
2589 2131 2907 2199 quiescenti,
2943 2149 3049 2186 una
3072 2149 3192 2188 esse
3221 2151 3415 2204 possu-

1861 2234 2004 2272 mus.
2036 2216 2169 2272 Nam
2198 2221 2290 2288 qui
2331 2220 2380 2272 id
2426 2231 2684 2289 praestare
2722 2223 2993 2291 possimus
3019 2240 3140 2278 cum
3193 2226 3415 2285 alterius

1860 2321 2066 2361 natura:
2096 2309 2311 2362 simus?
2347 2307 2532 2379 Neque
2589 2326 2711 2365 cum
2749 2312 2841 2365 illo
2871 2354 2885 2378 ,
2933 2315 3026 2384 qui
3068 2316 3264 2385 ubique
3310 2329 3412 2382 est,

1859 2413 2188 2454 concurrere
2219 2401 2482 2455 valemus.
2520 2401 2652 2455 Nam
2683 2403 2770 2457 ille
2805 2404 3020 2473 quidem
3054 2422 3082 2458 a
3108 2409 3254 2462 nullo
3286 2425 3415 2462 con-

1859 2491 2083 2553 tinetur,
2119 2506 2217 2544 nos
2254 2492 2632 2558 continemur;
2669 2495 2756 2548 ille
2801 2495 2854 2548 in
2909 2498 3159 2552 universo
3182 2509 3235 2553 et
3261 2509 3415 2554 extra

1860 2579 2174 2632 universum
2209 2591 2312 2642 est,
2342 2596 2442 2636 nos
2470 2597 2597 2636 vero
2625 2583 2676 2634 in
2704 2585 2957 2640 universo
2987 2587 3288 2643 dimensam
3322 2591 3417 2645 ha-

1862 2671 2054 2723 bemus
2084 2673 2528 2728 constitutionem
2559 2691 2571 2738 ;
2610 2675 2719 2742 ille,
2748 2661 3018 2732 Dominus
3059 2681 3285 2747 scilicet,
3315 2683 3418 2736 im-

1862 2759 2047 2813 mobili
2077 2771 2127 2814 et
2168 2763 2490 2817 immutabili
2521 2765 2682 2820 modo
2714 2767 2895 2820 omnia
2933 2779 3127 2834 movet,
3161 2772 3415 2827 universa

1861 2851 2232 2918 administrat;
2279 2868 2378 2908 nos
2405 2870 2533 2907 vero
2560 2855 2828 2922 homines,
2854 2866 3194 2913 transeuntes
3229 2876 3257 2912 a
3291 2861 3412 2916 loco

1861 2941 2002 2993 unde
2064 2957 2405 3008 amovemur,
2470 2958 2601 2997 sane
2661 2945 2898 3014 impares
2955 2962 3184 3012 sumus,
3228 2951 3415 3004 relicto

1871 3031 2107 3099 loco,qui
2135 3036 2433 3102 prmsentia:
2465 3037 2684 3091 deitatis
2713 3038 2880 3107 ipsius
2907 3040 3105 3109 ubique
3134 3044 3413 3098 exsistenti

1785 3160 1826 3216 Ο
1858 3134 1911 3176 et
1942 3123 2205 3179 immobili
2245 3142 2612 3198 exaequemur.
2665 3126 2770 3185 Sed
2801 3130 3063 3186 Dominus
3094 3135 3160 3188 de
3189 3145 3416 3206 utraque

1861 3231 1917 3268 re
1943 3217 2164 3287 corrigit
2197 3219 2368 3283 illum,
2391 3230 2553 3290 atque
2581 3222 2904 3290 imparatum
2941 3225 3416 3296 inconsultumque

1860 3314 2192 3375 [impositum
2234 3311 2442 3379 arguit:
2477 3314 3013 3384 magnitudinemque
3044 3319 3259 3373 deitatis
3299 3337 3412 3374 suae

1858 3399 2034 3462 docet,
2091 3400 2297 3464 dicens,
2350 3400 2538 3470 Vulpes
2594 3404 2768 3472 foveas
2823 3405 3047 3471 habent,
3096 3417 3150 3462 et
3198 3421 3412 3465 caetera.

1858 3489 2111 3545 Fortasse
2145 3509 2275 3547 vero
2302 3494 2388 3548 his
2421 3495 2757 3557 significatur
2783 3536 2801 3564 ,
2831 3499 3046 3566 opificia
3075 3505 3252 3556 omnia
3287 3519 3418 3557 con-

1860 3584 2018 3637 tineri
2074 3585 2212 3649 loco,
2256 3596 2310 3640 et
2358 3586 2476 3642 loco
2523 3587 2713 3644 dissita
2745 3606 2898 3658 esse;
2947 3601 3002 3646 at
3050 3591 3286 3649 Verbum
3323 3595 3415 3650 Dei

1860 3677 2117 3731 vi:tulcm
2149 3678 2370 3743 habere,
2399 3696 2520 3749 qua:
2559 3697 2588 3734 a
2633 3683 2780 3736 nullo
2809 3685 3151 3752 continetur;
3189 3687 3260 3740 ita
3295 3697 3353 3741 ut
3383 3705 3412 3742 a

1863 3771 1954 3824 tali
1983 3772 2145 3836 dicto,
2179 3771 2378 3841 Sequar
2416 3782 2463 3825 te
2499 3790 2800 3845 quocunque
2835 3777 2958 3830 ieris
2989 3817 3001 3841 ,
3037 3779 3415 3835 abstinendum

1861 3866 1948 3919 sit.
1980 3861 2135 3928 Quod
2168 3864 2212 3917 si
2239 3865 2445 3917 erudiri
2481 3865 2634 3928 velis,
2667 3868 2736 3921 ab
2781 3867 3245 3925 irrationabilibus
3276 3874 3418 3926 absi-

1861 3968 1961 4021 ste,
1984 3964 2037 4009 et
2067 3955 2281 4008 Rationi
2315 3972 2406 4010 seu
2441 3955 2620 4012 Verbo
2648 3968 2698 4013 te
2733 3961 2976 4029 applica:
3012 3977 3136 4014 nam
3174 3963 3289 4016 ﬁeri
3324 3979 3419 4020 ne-

1861 4046 1983 4114 quit
2011 4055 2069 4098 ιιι
2090 4045 2182 4114 qui
2215 4060 2338 4100 eum
2384 4049 2857 4104 irrationabilitate
2886 4050 3053 4121 degit,
3085 4051 3244 4107 Verbi
3292 4056 3408 4110 sive

1860 4136 2108 4190 Rationis
2141 4137 2438 4208 discipulus
2471 4141 2680 4195 evadat.

1930 4228 2028 4281 Cui
2056 4229 2230 4282 simile
2269 4231 2541 4285 (estimabo
2571 4247 2785 4300 regnum
2826 4232 2968 4289 Dei?
3000 4233 3185 4288 Simile
3212 4245 3288 4287 est
3314 4237 3419 4304 [ero

1861 4329 2052 4384 mento,
2083 4321 2219 4389 quod
2263 4329 2529 4387 acceptant
2571 4322 2762 4374 mulier
2807 4323 3083 4376 abscondit
3135 4325 3190 4376 in
3228 4323 3418 4393 farinae

1862 4421 1978 4463 sala
2014 4413 2142 4478 tria,
2173 4413 2330 4465 donec
2355 4413 2725 4480 fermentatum
2754 4424 2828 4468 est
2870 4425 3036 4467 totum
3069 4417 3136 4469 ".
3174 4415 3286 4470 Hoc
3315 4418 3420 4472 ita-

198 4479 371 4532 Τοῦτο
392 4478 483 4534 οὖν
509 4484 721 4548 σκόπει,
747 4490 851 4551 πᾶς
886 4507 968 4552 τις
1006 4493 1032 4543 6
1065 4496 1176 4555 τοῖς
1212 4495 1452 4564 ῥηθεῖσιν
1483 4501 1757 4572 ἀμφισδηε-

1861 4516 1965 4570 (ιυο
1990 4503 2274 4572 perpende,
2304 4478 2557 4570 quisquis
2584 4504 2648 4556 de
2701 4504 2862 4557 dictis
2897 4505 3210 4573 hujusmodi
3246 4507 3419 4562 ambi-

195 4573 328 4633 τιῖλν,
362 4576 548 4646 ὅτιπερ
573 4577 798 4643 ἕκαστος
830 4583 934 4635 των
964 4584 1262 4654 ἀνθρώπων
1291 4589 1318 4638 ὁ
1345 4593 1544 4660 μικρὰν
1580 4591 1756 4662 ζύμην

196 4664 397 4732 ἀρετῆς
436 4668 791 4737 κτησάμενος,
827 4671 899 4742 μὴ
932 4675 1224 4741 πεφθακὼς
1265 4679 1320 4731 δὲ
1363 4680 1562 4751 ταύτην
1600 4683 1759 4752 ἀρτο-

199 4755 420 4824 ποιῆσαι
446 4775 457 4787 ·
487 4758 622 4810 ἀλλά
651 4759 928 4830 βουληθεὶς
970 4766 1086 4834 μὲν,
1115 4769 1189 4839 μὴ
1216 4769 1461 4840 δυνηθεὶς
1486 4774 1538 4824 δὲ
1578 4776 1755 4838 τοῦτο,

199 4847 232 4915 ἦ
272 4849 541 4918 ῥᾳθυμίας
575 4851 605 4920 ἢ
651 4853 905 4922 ἀμελείας
937 4857 968 4925 ἢ
997 4859 1284 4931 ἀνανδρίας
1328 4864 1487 4916 ἓνεκα
1537 4869 1631 4919 καὶ
1663 4869 1759 4938 τῆς

201 4940 258 5002 ἐξ
292 4941 504 5009 ἡμέρας
531 4945 607 5005 είς
633 4945 841 5015 ἡμέραν
871 4949 1136 5022 ἀναϐολῆς
1156 4970 1167 4982 ·
1197 4954 1546 5021 ἐπιφθασθεὶς
1575 4957 1630 5009 δὲ
1667 4960 1758 5010 καὶ

199 5028 466 5098 θερισθεὶς
494 5037 618 5105 παρ’
642 5035 849 5100 ἐλπίδα,
872 5033 1022 5103 οὗτος
1044 5044 1141 5092 οὐκ
1164 5044 1585 5115 ἐπιλησθήσεται
1608 5048 1759 5118 παρὰ

197 5121 291 5173 τοῦ
315 5122 521 5176 δικαίου
552 5129 735 5198 κριτοῦ
757 5147 770 5157 ·
802 5131 915 5183 ἀλλ’
954 5138 1136 5205 ἐγερεῖ
1176 5137 1320 5208 αὐτῷ
1352 5140 1490 5209 μετά
1531 5140 1762 5194 θάνατον

198 5214 323 5275 τοὺς
355 5217 604 5280 οἰκείους,
651 5221 743 5273 καὶ
784 5222 983 5275 τούτων
1026 5227 1122 5289 τὰς
1153 5228 1373 5300 γνώμας
1424 5232 1610 5297 ίθυνεῖ,
1665 5235 1758 5288 καὶ

201 5305 298 5367 τὰς
333 5308 555 5376 καρδίας
579 5311 813 5371 ἐλκύσει,
844 5316 935 5366 καί
974 5317 1070 5380 τὰς
1097 5319 1271 5388 ψυχὰς
1304 5323 1628 5392 ὲπικάμψει,
1665 5324 1759 5376 καὶ

203 5398 335 5464 πρὸς
365 5400 585 5470 ἀρωγὴν
616 5406 708 5455 καὶ
755 5404 1003 5474 βοήθειαν
1047 5411 1236 5463 τούτου
1280 5413 1571 5468 σπεύσουσι
1603 5431 1758 5486 κινη-

203 5487 398 5550 θέντες.
435 5490 593 5543 Ὅθεν
629 5495 720 5546 καὶ
753 5497 1029 5566 ἁψαμένου
1069 5501 1161 5552 τοῦ
1192 5505 1458 5556 Δεσπότου
1483 5505 1590 5560 τῶν
1626 5524 1759 5577 καρ-

270 5625 313 5653 ⁷²
350 5624 482 5680 Luc.
518 5645 636 5693 xiii,
668 5631 755 5683 2|.

274 5764 382 5832 (52)
417 5764 488 5818 lix
516 5765 698 5820 codice
741 5783 848 5838 reg.
882 5768 1034 5837 1995,
1071 5785 1165 5825 λιιι
1200 5772 1401 5826 saeculi.

1863 4597 1964 4663 gis,
1993 4593 2290 4662 quemlibet
2347 4593 2619 4647 hominem
2655 4595 2747 4662 qui
2785 4610 3009 4662 parvum
3041 4598 3260 4652 virtutis
3311 4598 3420 4653 fer-

1865 4695 2104 4738 mentum
2157 4681 2416 4752 possidet,
2457 4684 2660 4751 quique
2707 4682 2774 4736 ad
2825 4701 3018 4754 panem
3049 4702 3116 4740 ex
3146 4701 3212 4740 eo
3249 4687 3420 4742 conﬁ—

1864 4780 2112 4834 ciendum
2145 4777 2382 4832 nondum
2434 4793 2565 4832 usus
2623 4790 2742 4841 est,
2797 4787 2851 4830 et
2897 4785 3075 4830 tamen
3121 4777 3171 4830 id
3205 4777 3412 4842 voluit,

1866 4871 1959 4924 sed
1986 4869 2252 4938 segnitiei,
2284 4869 2530 4930 incuriae,
2565 4867 2810 4938 ignaviae,
2848 4876 2943 4921 aut
2972 4867 3420 4935 procrastinatio-

1866 4964 1948 5016 nis
1985 4976 2114 5030 ergo
2165 4976 2270 5013 non
2309 4961 2536 5028 potuit,
2582 4961 2939 5028 interceptum
2993 4973 3058 5012 ac
3108 4959 3415 5012 demessum

1863 5073 1971 5127 quo
1999 5066 2234 5124 tempore
2267 5068 2373 5107 non
2423 5053 2796 5124 exspectabat,
2845 5053 2986 5122 apud
3040 5052 3241 5119 justum
3278 5052 3416 5119 iudi-

1864 5166 1977 5204 cem
2005 5163 2110 5201 non
2146 5157 2432 5201 venturum
2462 5147 2515 5199 in
2541 5146 2868 5200 oblivionem
2897 5165 2909 5199 :
2951 5147 3043 5199 sed
3089 5143 3273 5214 (Deus)
3302 5152 3416 5211 post

1865 5243 1983 5304 eius
2033 5239 2308 5292 interitum
2340 5238 2639 5291 familiares
2673 5246 2727 5291 et
2760 5247 3021 5306 cognatos
3061 5237 3181 5304 ejus
3216 5236 3418 5287 excita-

1868 5332 1963 5396 bit,
2011 5345 2199 5384 eorum
2232 5338 2464 5383 mentem
2510 5329 2737 5398 diriget,
2779 5329 2940 5382 corda
2981 5328 3274 5396 pertrahet,
3303 5325 3419 5378 ani-

1868 5436 1990 5475 mas
2017 5420 2232 5475 ﬂectet:
2267 5431 2428 5489 atque
2463 5420 2498 5472 ii
2545 5419 2612 5474 ad
2643 5435 2799 5489 opem
2828 5430 2881 5474 et
2908 5419 3169 5474 auxilium
3203 5418 3303 5486 ipsi
3342 5416 3420 5469 l‘e-

1867 5512 2091 5567 rendum
2125 5511 2400 5567 accedent.
2461 5509 2640 5576 Quare
2691 5509 2875 5576 iidem,
2915 5519 3161 5564 movente
3195 5507 3416 5562 Domino
