4010 6192
1224 380 1942 476 ΤΒᾹΒΙΤΙΟ
2047 387 2878 480 CATHOLICA.

1557 577 1979 641 SzECULUM
2011 583 2077 643 V.’
2102 577 2384 643 ANNUS
2412 578 2547 644 620.

1565 1059 2500 1194 ELENCHUS

523 1291 1024 1374 auo-ronunl
1064 1292 1182 1356 ET
1221 1296 1610 1358 omnum
1653 1292 1811 1370 om
1863 1296 1964 1356 In
2015 1297 2106 1356 H1

1956 1298 1964 1353 r
2015 1297 2199 1357 HOC
2240 1293 2500 1358 οινοΜο
2542 1301 2820 1386 xxv“
2863 1300 3539 1369 eorum.

1772 1575 2300 1598 -—————o.--—-—

918 1810 982 1871 S.
1046 1807 1422 1874 EUSEBIUS
1474 1807 2008 1872 HIERONYMUS
2040 1811 2616 1876 STRIDONEN-SIS
2647 1811 3138 1877 PRESBYTER.

408 1980 750 2047 Translatio
784 1981 1244 2048 Chronicorum
1269 1982 1520 2044 Eusebii
1561 1980 1899 2062 Pamphili,
1922 1978 2102 2058 juxta
2130 1981 2563 2042 recensionem
2597 1982 2943 2044 Romanam
2984 1982 3132 2044 anni
3159 1983 3333 2059 1833,

483 2092 545 2156 in
587 2107 707 2170 qua
755 2106 833 2152 ex
879 2089 1104 2154 codice
1147 2088 1524 2152 Armeniaco
1552 2087 1760 2149 edit-us
1801 2091 1893 2149 est
1926 2087 2115 2148 etiam
2152 2085 2492 2148 Eusebiani
2524 2087 2739 2166 aperis
2769 2085 2928 2149 liber
2958 2087 3198 2166 primus
3229 2087 3338 2168 qui

482 2192 605 2254 huc
645 2207 847 2271 usque
882 2188 1372 2252 desiderabatur.
3395 2187 3530 2252 Col.
3616 2190 3655 2250 9

401 2299 736 2380 Appendix
764 2299 847 2360 ad
881 2296 1236 2359 Chronicon
1272 2288 2164 2369 Eusebio-Hicronymianum.

401 2407 728 2476 Samuelis,
785 2400 1137 2484 presbyteri
1191 2401 1514 2471 Aniensis,
1579 2407 1935 2478 temporum
1990 2416 2193 2476 usque
2241 2400 2317 2459 ad
2355 2415 2533 2459 suam
2567 2401 2812 2458 atatem
2851 2393 3056 2474 (1179)
3115 2394 3294 2458 ratio.
3536 2394 3648 2458 509

401 2511 472 2574 C.
520 2512 584 2568 L.
643 2506 961 2569 Ptolemaei
1007 2504 1417 2565 inerrantium
1453 2501 1774 2563 stellarum
1819 2498 2330 2577 signiﬁcationes.
3536 2496 3652 2558 653

399 2609 840 2672 Kalendarium
881 2612 1055 2670 vetus
1084 2608 1461 2680 Romanum,
1508 2621 1648 2668 cum
1695 2612 1832 2669 ortu
1868 2620 2223 2685 occasuque
2251 2602 2577 2668 stellarum
2608 2605 2671 2664 et
2705 2599 2983 2680 ejusdem
3029 2599 3332 2680 explana-

481 2716 678 2775 tione.
3115 2736 3117 2738 -
3535 2701 3643 2766 661

396 2817 840 2879 Kalendarium
871 2814 1037 2879 aliud
1068 2833 1236 2880 anno
1267 2814 1487 2878 Christi
1519 2813 1658 2883 325.
1694 2827 1820 2892 quo
1854 2809 2134 2890 synodus
2168 2805 2368 2886 prima
2405 2805 2662 2868 Nicmna
2693 2802 3005 2866 celebrata
3035 2807 3148 2878 est,
3182 2817 3336 2866 con-

472 2925 728 2985 fectum.
751 2913 754 2916 ’
1439 2913 1450 2926 ’

2865 2935 2870 2940 ·
3531 2909 3643 2972 675

405 3027 700 3092 Vallarsii
728 3025 1034 3104 Praefatio
1069 3031 1126 3085 et
1163 3016 1447 3085 nolae'ad
1491 3039 1665 3082 suam
1710 3018 2011 3082 Chron-ici
2061 3011 2848 3088 Eusebio-Hieronymiani
2886 3011 3326 3084 recensionem,

473 3129 652 3207 cujus
704 3127 858 3199 loco,
912 3132 985 3185 ut
1043 3133 1184 3204 post
1243 3126 1562 3185 inventum
1617 3121 1892 3183 codicem
1951 3117 2388 3181 Armeniacum
2417 3117 2555 3196 jam
2587 3115 2654 3174 in
2695 3113 2907 3174 multis
2956 3111 3328 3189 deﬁcientis,

471 3233 816 3291 Romanam
861 3227 1153 3290 adhibere
1201 3225 1546 3290 debuimus.
3526 3216 3642 3283 683

2343 5772 2560 5859 ramus.
2585 5827 2643 5841 —
2667 5798 2743 5854 Ex
2776 5797 2906 5860 typis
2936 5792 2980 5846 ι.
3016 5772 3338 5865 autem;
