4010 6192
366 316 429 382 15
1342 321 1660 389 EUSEBII
1705 324 2275 389 CIIBONICORUM
2315 328 2467 392 LIB.
2510 331 2554 394 Ι.

3490 330 3622 393 '16

373 447 458 496 tas
482 437 824 492 delirantium
872 454 1019 492 more
1072 437 1279 493 fabulas
1330 450 1570 495 nectunt.
1616 440 1755 507 Quid
1805 459 1935 515 ergo
1963 452 2003 505 Α
2036 453 2191 511 gente
2221 453 2536 514 regnarunt,
2566 452 2804 517 tempora
2827 447 3080 506 distincte
3106 450 3331 521 singulis
3352 466 3449 522 pro
3472 461 3588 509 rata

374 541 491 582 mea
518 528 762 594 interest,
788 528 876 598 qui
909 529 1182 583 veritatem
1213 529 1266 582 in
1295 530 1484 597 primis
1507 533 1646 595 colo,
1673 548 1761 589 res
1785 534 1932 603 ejus-

372 618 517 673 modi
562 619 823 672 minutius
874 620 1245 689 perscrutari“!
1296 620 1436 685 Quin
1491 622 1623 677 adeo
1659 624 1741 678 vel
1789 625 1930 695 apud

372 708 501 761 mihi
535 708 760 762 dilectos
810 707 1062 763 Hebraeos
1110 709 1274 763 dubia
1317 712 1561 781 quaedam
1611 729 1926 782 occurrunt,

369 814 492 867 qua:
523 815 622 852 suo
655 809 892 866 tempore
921 799 1208 867 proferam.
1251 801 1470 856 Interim
1511 804 1623 858 haec
1659 806 1726 858 ad
1761 808 1932 861 incre-

372 890 601 944 uandam
635 903 891 942 vanorum
923 890 1455 959 chronographorum
1486 893 1802 961 jactantiam
1846 897 1929 950 di-

368 991 451 1034 cta
485 982 613 1033 sint.

432 1072 486 1127 4.
526 1074 633 1142 Ego
662 1073 823 1142 igitur
848 1073 967 1140 eius
992 1074 1190 1143 negotii
1219 1088 1404 1136 causa,
1434 1075 1577 1144 quod
1607 1090 1715 1145 prae
1755 1078 1929 1131 mani-

365 1163 466 1217 bus
496 1164 683 1225 habeo,
710 1164 1054 1232 antiquorum
1088 1164 1255 1218 libros
1287 1165 1656 1234 pervolutans,
1692 1166 1926 1234 primum

361 1250 733 1305 Chaldaeorum
763 1251 1253 1321 cbronographiam
1289 1266 1506 1320 ponam,
1534 1260 1646 1304 tum
1675 1253 1928 1323 Assyrio-

362 1358 480 1395 rum
507 1360 520 1396 :
555 1342 748 1396 deinde
769 1358 924 1411 reges
954 1340 1249 1405 Medorum,
1284 1349 1404 1411 post
1430 1339 1722 1412 Lydorum,
1750 1342 1927 1411 juxta-

359 1449 466 1503 que
495 1433 805 1489 Persarum.
834 1432 973 1488 Hinc
997 1434 1105 1489 alio
1132 1448 1218 1488 me
1245 1433 1581 1489 transferens
1609 1433 1923 1489 universum

360 1523 708 1579 Hebraeorum
748 1525 1044 1579 chronicon
1073 1524 1341 1577 ascribam
1371 1539 1434 1578 ex
1468 1523 1675 1578 ordine.
1715 1524 1926 1579 ltursus

356 1615 520 1669 tertio
552 1615 671 1671 loco
715 1614 1155 1686 Egyptiacarum
1191 1627 1353 1681 opum
1410 1620 1676 1683 tempora,
1728 1612 1923 1667 additis

354 1705 520 1760 etiam
552 1704 873 1771 Ptolemaeis,
904 1704 994 1774 qui
1022 1711 1142 1774 post
1173 1701 1540 1757 Alexandrum
1576 1700 1921 1757 Macedonem

2033 533 2278 602 portione
2308 536 2624 601 attribuam,
2659 545 2821 607 atque
2847 555 3021 597 annos
3047 542 3591 616 cujusqueercgione

2032 628 2415 684 alterutrorum
2442 646 2730 701 exponam,
2755 641 2813 688 ut
2843 633 2999 690 facile
3031 644 3085 691 et
3115 636 3258 691 illico
3287 652 3591 708 cognosca-

2030 733 2152 773 mus
2178 719 2397 789 quinam
2424 736 2532 791 quo
2551 731 2788 793 tempore
2812 724 3032 781 fuerint.
3061 725 3230 783 Porro
3251 736 3304 784 et
3324 729 3590 799 cujusque

2028 810 2177 879 regni
2214 812 2468 879 pra-clara
2501 812 2762 877 facinora,
2796 814 3101 885 cuiusmodi
3132 818 3186 872 in
3217 820 3431 875 cunctis
3459 836 3590 891 gen-

2029 901 2173 954 tibus
2213 903 2414 969 passim
2460 912 2773 971 narrantur,
2804 894 3040 961 breviter
3076 908 3129 962 in
3160 910 3335 977 ipsum
3363 926 3587 981 regnum

2028 989 2285 1045 inseram.
2337 991 2441 1046 Sed
2492 995 2635 1048 enim
2683 994 2954 1060 haecglihri
3004 999 3230 1053 secundi
3282 1000 3590 1056 lucubratio

2027 1080 2295 1146 posterior
2324 1082 2446 1136 erit.
2495 1082 2710 1138 Interim
2755 1087 3002 1155 proximo
3040 1088 3181 1143 libro
3227 1104 3325 1159 age
3360 1090 3474 1160 jam
3519 1092 3586 1145 ad

2027 1170 2430 1241 chronologiam
2484 1173 2860 1230 Chaldaeorum
2916 1178 3203 1235 videndam
3262 1181 3588 1249 veniamus,

2027 1272 2189 1326 quam
2218 1260 2465 1315 videlicet
2492 1263 2558 1318 de
2594 1266 2708 1321 suis
2739 1267 3038 1336 majoribus
3067 1269 3307 1325 tradunt.

2595 1394 2820 1451 CAPUT
2859 1400 3004 1470 ιβ).

2027 1481 2378 1561 Qna‘ratione
2400 1484 2636 1561 Βραζάῳὶ
2664 1489 3135 1561 chronographiam
3169 1494 3479 1561 conﬁciant;
3518 1483 3586 1552 εὲ

2095 1553 2396 1628 ᾼΙᾳκαῃᾱνο
2427 1555 2759 1628 Poiylzistore
2783 1553 2880 1628 (5).
2910 1553 2978 1613 Et
3020 1562 3084 1617 de
3120 1553 3489 1619 Chaldaeorum
3517 1565 3587 1621 ιί-

2097 1620 2233 1687 bris,
2265 1623 2425 1693 deque
2450 1620 2616 1692 primo
2639 1620 2867 1694 ipsorum
2898 1646 3071 1699 regno.

2100 1711 2152 1765 1.
2196 1710 2320 1767 Haec
2353 1714 2568 1782 quidem
2596 1715 2830 1773 Berosus
2864 1719 2917 1773 in
2948 1720 3121 1789 primo
3142 1721 3281 1778 libro
3307 1725 3583 1783 narravit:

355 1795 576 1869 Egypti
619 1811 843 1866 regnum
873 1793 1319 1879 Alexandriaeque
1366 1800 1677 1884 tenuerunt.
1710 1792 1923 1884 Rursus
1955 1809 1995 1864 Β
2024 1801 2263 1856 secundo
2286 1811 2465 1858 autem
2497 1820 2650 1877 reges
2674 1806 2989 1878 singillatim
3012 1811 3343 1867 recensuit‘.
3372 1811 3441 1868 Ut
3468 1815 3586 1884 ipse

353 1902 422 1943 ex
444 1888 554 1942 alio
578 1888 755 1958 capite
781 1874 1225 1955 exordiens,’qua
1251 1885 1459 1940 ratione
1485 1882 1657 1939 Graeci
1688 1898 1817 1938 suas
1839 1883 1922 1937 hi-

352 1979 554 2034 storias
605 1979 895 2049 digerant,
955 1977 1241 2047 diligenter
1278 1989 1544 2045 exponam
1595 1975 1922 2043 :primoque

352 2071 527 2123 dicam
554 2085 649 2125 eos
690 2070 781 2138 qui
827 2068 1058 2141 Sicyone
1113 2075 1429 2137 regnarunt,
1465 2072 1577 2119 tum
1611 2064 1702 2133 qui
1734 2064 1786 2117 in
1820 2065 1922 2116 Ar-

353 2163 597 2230 givorum
626 2160 865 2230 regione,
899 2167 952 2213 et
982 2159 1071 2228 qui
1105 2158 1157 2211 iu
1195 2158 1309 2226 ipsa
1343 2155 1855 2218 urbeAtbenarum,
1888 2168 1918 2207 a

354 2240 528 2322 primo
551 2266 841 2307 recensens
863 2263 1036 2316 usque
1054 2247 1117 2300 ad
1138 2247 1386 2300 ultimum
1407 2245 1679 2313 praesident
1715 2261 1732 2299 :
1765 2246 1920 2299 item-

351 2356 458 2412 que
489 2355 586 2395 eos
613 2339 704 2410 qui
740 2338 1143 2399 Lacedaemone,
1178 2344 1232 2390 et
1261 2336 1353 2404 qui
1387 2334 1633 2389 Corinthi
1662 2333 1920 2386 deminuti

351 2426 474 2485 sunt
520 2447 538 2484 :
574 2439 686 2486 tum
738 2437 791 2485 et
837 2444 931 2483 eos
984 2426 1074 2496 qui
1115 2426 1306 2495 quavis
1341 2424 1394 2477 in
1449 2425 1602 2494 plaga
1631 2424 1916 2493 imperium

350 2524 519 2578 maris
547 2527 839 2576 tenuerunt
873 2539 888 2574 -.
936 2517 1130 2573 addam
1163 2517 1247 2571 his
1291 2515 1525 2583 denique
1556 2524 1609 2569 et
1642 2513 1917 2585 Olympia-

348 2609 479 2667 dum
511 2611 727 2674 librum,
759 2611 849 2680 qui
886 2623 916 2663 a
944 2608 1147 2664 Graecis
1175 2604 1457 2662 confectus
1485 2612 1589 2660 cst.
1618 2604 1914 2678 Postquam

351 2704 466 2758 haec
496 2703 707 2774 singula
734 2703 789 2757 in
821 2699 1241 2770 comparativum
1277 2697 1474 2752 seriem
1527 2710 1773 2765 coegere,
1802 2704 1913 2748 tum

348 2799 404 2848 ct
428 2795 632 2863 primos
654 2792 1004 2847 Macedonum
1024 2805 1180 2860 reges
1203 2805 1266 2844 ac
1287 2787 1694 2848 Thessalorum,
1718 2783 1913 2844 (loinde

353 2881 612 2953 Syrorum
646 2883 721 2953 (f)
753 2890 915 2952 atque
929 2881 1275 2943 Asianorum,
1299 2879 1389 2947 qui
1408 2884 1531 2947 post
1547 2875 1911 2931 Alexandrum

349 2989 531 3029 rerum
561 2973 925 3045 gubernacula
966 2978 1279 3038 tenuerunt,
1306 2968 1623 3041 singillatim
1655 2970 1910 3027 scribam.

351 3060 453 3119 Ubi
484 3060 551 3119 de
578 3063 726 3119 hisce
757 3062 1010 3118 onmibus
1039 3060 1247 3125 dixero,
1286 3060 1599 3130 singillatim
1630 3059 1914 3115 distincte-

2028 1892 2222 1961 inquit,
2254 1892 2672 1952 Nabonassarus
2712 1906 2831 1951 erat
2861 1913 2926 1953 eo
2960 1905 3201 1969 tempore
3244 1916 3356 1959 rex.
3396 1902 3463 1958 Et
3498 1920 3585 1961 re-

2026 1997 2152 2052 gum
2199 1983 2416 2052 quidem
2463 1986 2686 2039 nomina
2729 1986 3014 2057 diligenter
3062 1998 3320 2056 acervat;
3369 1994 3582 2048 nullum

2026 2082 2209 2128 tamen
2257 2089 2443 2129 corum
2488 2091 2626 2145 opus
2685 2076 3031 2146 peculiariter
3079 2080 3294 2145 recitat,
3350 2082 3585 2139 fortasse

2021 2166 2148 2234 quia
2177 2166 2310 2219 nihil
2338 2168 2746 2223 memorandum
2772 2182 2894 2224 esse
2922 2169 3242 2226 arbitratur.
3284 2171 3359 2225 Ex
3390 2187 3456 2227 eo
3484 2174 3587 2243 igix

2020 2259 2113 2329 tur
2159 2269 2346 2323 regum
2404 2255 2779 2309 tantummodo
2829 2258 3023 2311 seriem
3064 2257 3384 2327 depromere
3434 2260 3580 2316 licet.

2026 2330 2135 2396 Ilac
2156 2343 2201 2365 “
2229 2356 2357 2395 vero
2379 2344 2589 2397 ratione
2610 2344 2977 2400 narrationem
2999 2347 3301 2411 exorditur,
3334 2357 3391 2402 ut
3412 2349 3579 2420 Apol-

2017 2428 2248 2484 lodorus
2281 2430 2357 2501 (4)
2403 2430 2744 2501 ait:nempe
2797 2432 3032 2501 primum
3077 2436 3353 2493 exstitisse
3400 2454 3578 2509 regem

2019 2515 2242 2569 Alorum
2273 2517 2351 2586 (5)
2379 2555 2395 2581 ,
2436 2533 2499 2572 ex
2555 2519 2689 2573 urbe
2737 2518 3014 2591 Babylone
3054 2522 3361 2578 Chaldaeum
3390 2545 3403 2581 :
3434 2527 3580 2583 hunc

2018 2607 2161 2661 saris
2188 2606 2371 2662 decem
2417 2623 2584 2679 regno
2619 2610 2869 2678 potitum.
2922 2609 3091 2665 Porro
3118 2614 3246 2668 is
3275 2630 3457 2670 sarum
3509 2633 3579 2672 ex

2017 2698 2177 2754 annis
2223 2707 2304 2753 ter
2350 2700 2497 2754 mille
2540 2715 2604 2754 ac
2636 2701 2909 2756 sexcentis
2938 2701 3154 2758 conflat.
3204 2703 3368 2759 Addit
3412 2706 3576 2761 etiam

2017 2788 2204 2843 nescio
2234 2805 2371 2859 quos
2413 2804 2576 2845 neros
2619 2796 2672 2843 et
2703 2803 2890 2843 sossos
2925 2808 2937 2843 :
2968 2807 3157 2845 nerum
3198 2795 3273 2847 ait
3302 2779 3575 2853 sexcentis

2015 2880 2175 2933 annis
2206 2888 2478 2942 constare,
2515 2882 2729 2934 sessum
2779 2879 2938 2935 annis
2994 2883 3292 2952 sexaginta.
3346 2882 3438 2939 Sic
3484 2886 3575 2942 ille

2014 2968 2083 3024 de
2109 2976 2351 3023 veterum
2385 2985 2534 3024 more
2564 2985 2735 3026 annos
2765 2978 3041 3040 supputat.

2088 3058 2141 3113 2.
2186 3058 2279 3115 llis
2319 3060 2499 3124 dictis,
2538 3061 2711 3131 pergit
2760 3076 2964 3132 porro;
3022 3076 3285 3133 regesque
3323 3064 3575 3136 Assyrio-

348 3170 455 3225 que
498 3155 777 3209 collocabo
807 3169 920 3219 eos,
950 3153 1043 3222 qui
1072 3152 1236 3207 ducto
1264 3152 1417 3206 initio
1453 3151 1520 3205 ab
1546 3149 1739 3215 Ainea,
1797 3158 1916 3220 post
1942 3171 1983 3229 (ς
2020 3167 2139 3206 nm
2166 3152 2480 3221 singillatim
2524 3160 2689 3222 atque
2719 3168 2782 3207 ex
2815 3150 3004 3206 ordine
3028 3162 3311 3207 enumerat
3337 3174 3348 3208 :
3388 3155 3573 3211 det-em

348 3252 565 3315 captum
612 3243 796 3307 Ilium,
854 3242 1060 3296 Latinis
1092 3241 1559 3312 imperitavcrunt,
1592 3240 1684 3310 qui
1719 3248 1771 3294 et
1803 3238 1912 3296 Bo~

348 3335 494 3387 mani
541 3335 795 3405 deinceps
824 3334 1074 3404 appellati
1113 3342 1284 3387 sunt:
1329 3332 1455 3387 hinc
1491 3346 1555 3388 ex
1600 3329 1790 3388 ordine
1816 3346 1912 3385 eos

348 3425 439 3491 qui
473 3422 759 3478 Romulum
790 3422 1045 3479 Romana:
1075 3422 1225 3477 urbis
1256 3420 1591 3475 conditorem
1630 3417 1910 3475 consecuti

346 3521 475 3568 sunt
515 3532 528 3568 :
562 3525 673 3567 tum
716 3522 768 3569 et
815 3529 912 3569 eos
941 3516 1031 3585 qui
1062 3524 1183 3586 post
1224 3514 1425 3570 Julium
1457 3513 1723 3569 Caesarem
1747 3519 1909 3581 atque

344 3605 645 3674 Augustum
670 3615 819 3659 recta
841 3609 980 3661 serie
1004 3606 1222 3661 fuerunt
1245 3606 1600 3675 imperatores
1628 3623 1639 3634 ·
1677 3603 1909 3673 denique

343 3704 397 3752 ct
426 3712 637 3751 annuos
669 3697 918 3752 consules
944 3699 1034 3766 qui
1064 3697 1150 3752 his
1190 3696 1439 3767 impliciti
1480 3705 1628 3751 sunt.

416 3788 470 3842 5.
505 3787 624 3841 Mox
646 3788 775 3841 mihi
805 3787 1026 3842 materia
1043 3803 1107 3841 ex
1132 3787 1281 3842 hisce
1303 3787 1557 3840 omnibus
1572 3792 1908 3853 comparata,

343 3880 409 3933 ad
446 3880 734 3932 chronicos
767 3893 1004 3932 canones
1036 3892 1253 3945 pergam
1287 3893 1301 3929 :
1335 3876 1707 3945 incipiensque
1742 3875 1809 3928 ab
1844 3875 1912 3929 iis

341 3970 636 4021 Itoniinibus
669 3967 761 4036 qui
788 3968 900 4035 jam
930 3966 1054 4019 inde
1083 3979 1115 4018 a
1154 3965 1467 4034 primordiis
1498 3965 1554 4019 in
1585 3978 1910 4033 unaquaque

2019 3243 2271 3299 videlicet
2291 3244 2359 3299 ab
2384 3242 2550 3299 Aloro
2574 3245 2749 3313 primo
2774 3259 2899 3313 rege
2931 3259 3103 3314 usque
3134 3245 3201 3300 ad
3234 3244 3575 3314 Xisuthrum,

2019 3334 2122 3391 sub
2143 3350 2253 3404 quo
2274 3348 2528 3405 magnum
2570 3335 2703 3389 illud
2734 3335 3077 3405 primumque
3113 3335 3372 3391 diluvium
3404 3339 3578 3392 conti-

2018 3425 2164 3494 gisse
2202 3418 2299 3486 ait,
2346 3424 2490 3493 quod
2538 3424 2715 3480 Moses
2753 3440 2969 3495 quoque
3007 3436 3410 3480 commemorat.
3457 3424 3576 3482 Jam

2015 3520 2284 3569 summam
2326 3524 2649 3585 temporum,
2683 3518 2885 3587 quibus
2928 3518 2982 3572 hi
3032 3532 3185 3587 reges
3228 3516 3575 3588 imperitave-

2013 3609 2252 3671 runt““,
2287 3607 2363 3659 ait
2389 3621 2512 3661 esse
2546 3622 2699 3663 saros
2736 3616 2954 3662 centum
2994 3607 3206 3677 viginti,
3233 3621 3426 3676 nempe
3448 3623 3576 3677 qua-

2013 3697 2263 3767 draginta
2325 3705 2437 3753 tres
2495 3712 2762 3753 annorum
2826 3698 3096 3769 myriades
3150 3714 3425 3767 annosque
3486 3700 3570 3753 bis

2017 3788 2165 3841 mille
2190 3787 2289 3857 (6).
2330 3787 2467 3842 Tum
2508 3796 2561 3843 et
2599 3787 2818 3844 disertis
2865 3788 3045 3844 verbis
3088 3789 3161 3844 ita
3193 3788 3380 3844 scribit
3415 3807 3426 3841 :
3469 3788 3571 3843 De-

2013 3874 2219 3936 functo.
2269 3877 2465 3945 inquit,
2519 3877 2705 3941 Aloro,
2751 3879 2995 3948 regnavit
3044 3878 3162 3948 ejus
3193 3878 3333 3933 filius
3371 3877 3571 3947 Alapa-

2014 3979 2110 4019 rus
2137 3968 2246 3988 “‘“
2276 3966 2418 4021 saris
2444 3967 2640 4022 tribus.
2661 3966 2789 4023 Post
2810 3969 3099 4038 Alaparum
3127 3967 3373 4023 Almelon
3395 3968 3466 4038 (7)
3505 3983 3571 4023 cx

414 4121 476 4189 (')
516 4119 706 4190 Ταῦτα
729 4118 1017 4190 Βηρωσσᾲς
1043 4118 1101 4190 ἦν
1144 4120 1209 4189 τῇ
1242 4116 1430 4189 πρώτῃ
1466 4118 1681 4186 φάσκει,
1707 4119 1765 4171 ὲν
1807 4116 1862 4170 δὲ
1905 4117 1916 4168 ε

2018 4117 2133 4189 τέρᾳ
2166 4120 2290 4181 τοὺς
2332 4119 2587 4189 βασιλεῖς.
2625 4119 2670 4173 Ε
2700 4119 2966 4190 Scaligero
2996 4117 3187 4174 Euseb.
3220 4119 3424 4174 Chron.
3460 4119 3568 4185 εει..

344 4205 433 4243 an.
470 4189 625 4252 1658,

653 4187 945 4265 parti—Gn,
969 4187 1098 4265 p._6.
1358 4187 1428 4265 _"
1446 4256 1469 4265 η

533 4254 953 4339 η’Λτὲρξιλρᾂ-ρος
986 4255 1325 4339 (λῦτωκλέγει.
1351 4254 1541 4339 Ξαῦςεα
1576 4256 1684 4339 μὲν
1697 4257 1751 4339 ,ὁ
1799 4254 1841 4306 Β

343 4464 478 4520 ἐτῶν
503 4464 690 4539 χρόνὸν
722 4468 1003 4539 quaint,
1028 4464 1190 4534 νῆρος
1206 4464 1355 4539 μὲτῶν

417 4258 504 4328 (μ)
564 4258 953 4329 Ἀπολλόδωρος
986 4256 1127 4311 οὓτω
1157 4256 1325 4335 λέγει.
1358 4256 1541 4309 Ταῦτα
1576 4256 1672 4325 μὲν
1722 4257 1751 4308 ὁ
1799 4256 2089 4378 Βὲρωσσὸς
2123 4256 2369 4326 ἱστόρησε

344 4327 657 4391 Βαϐυλῶνος
672 4328 931 4382 Χαλδαῖσν
954 4344 967 4357 ·
999 4325 1314 4395 βασιλευσαι
1347 4324 1403 4378 δὲ
1429 4326 1626 4395 σάρους
1656 4324 1807 4395 δέκα.
1889 4340 1926 4377 :l:
1951 4323 2213 4395 Synrello,
2248 4340 2298 4393 p.
2327 4325 2394 4395 ξς)

574 4389 859 4469 Βήρωσσὺς
883 4396 972 4450 διὰ
999 4389 1177 4476 ὀάρων
1209 4395 1314 4476 καὶ
1539 4394 1631 4447 καὶ
1666 4393 1887 4447 σώσσων
1919 4389 2287 4481 ᾲνὲγράψατό·
2320 4389 2395 4447 ὦν
2425 4398 2454 4447 ὁ
2483 4395 2546 4464 μὲ

412 4484 478 4515 ων
503 4469 690 4515 vadum:
722 4468 993 4515 στιωιίνει.
1028 4481 1190 4515 vnooc
1219 4466 1355 4515 ὲτων
1415 4464 1696 4515 Εακοσίων.
1728 4465 1757 4515 ὁ
1785 4464 1839 4515 δὲ
1876 4480 2080 4515 σωσσοε
2110 4464 2391 4515 ἐξήκοντα.
2432 4463 2513 4515 Ex.

1415 4464 1696 4527 ξακοσίων,
1728 4465 1757 4515 ὀ
1785 4464 1839 4517 δὲ
1876 4463 2391 4534 σώᾳσοςίὲξήκοντατ
2432 4463 2513 4516 ex
2547 4463 2809 4534 Sync'cllo,

2417 4257 2630 4378 πῆῶτον
2661 4258 2912 4326 γενέσθαι
2944 4257 3205 4330 βασιλέων
3237 4258 3476 4327 Ἀλωρον
3507 4262 3571 4313 ἐκ

2550 4413 2577 4447 ν
2607 4396 2769 4466 σάρος
2801 4396 3110 4467 τρισχιλίων
3145 4397 3240 4449 καὶ
3272 4396 3569 4461 ἑξακοσίων

2550 4464 2809 4518 Stmccllo.
2843 4481 2893 4518 υ.
2934 4464 2998 4518 Π
3056 4466 3124 4518 Α.

2842 4481 2893 4533 ρ.
2934 4481 2995 4518 ιι
3056 4481 3124 4518 Α.

587 4538 696 4590 Καὶ
710 4533 916 4621 "quos?
933 4533 1282 4621 ⁸(βηρῳσξῒές)
1319 4533 1513 4621 σῇροιὲς
1549 4534 1739 4621 ὲκςξγὸν
1775 4534 1945 4621 εξξοςξ
1972 4533 2059 4585 διὰ
2085 4533 2345 4603 βασιλέων
2376 4533 2523 4598 δέκα,
2549 4535 2664 4603 ἢτοι
2699 4534 2886 4604 χρόνον
2917 4534 3051 4588 ἑτῶν
3074 4535 3348 4605 μυριάδων
3377 4551 3569 4587 τεσσα-

347 4601 580 4680 ράᾷεονιέᾳ
611 4604 774 4680 τριῶν
799 4601 1316 4680 κᾲῖῌρὖοςχξλξάδων.
1348 4601 1772 4680 Εὼλδεῃιερζζσφ.
1804 4603 1867 4680 η
1898 4602 1963 4680 Β..

440 4678 570 4741 "‘“)
619 4667 988 4741 Καὶήςαοεξῆς
1029 4667 1329 4741 ’Ᾰλάπαρον
1362 4673 1457 4725 καὶ
1500 4667 1791 4741 Ἇμήλωνα
1818 4672 1906 4723 τὸν
1936 4672 2000 4723 ὲκ
2028 4670 2411 4741 Παντιϐίγϐλων.
2450 4667 2580 4741 Εἶτα
2618 4673 2765 4741 ’Λμμ

414 4678 570 4749 ("‘“)
619 4672 988 4749 Καὶήςᾳοεξῆς
1029 4672 1329 4749 Ἀλάτςςρον
1362 4673 1473 4749 καὶ⁸
1510 4674 1646 4749 ’ᾼμή

2768 4671 2938 4725 ἐνωνα
2959 4671 3050 4725 τὸν
3078 4671 3337 4740 Χαλδαῖον
3353 4713 3367 4736 ,
3401 4672 3482 4740 ἐφ’
3506 4665 3567 4725 οὗ

343 4736 474 4818 (moi.
511 4736 741 4817 φᾶνῆναι
772 4747 862 4801 τὸν
905 4736 1146 4815 μὶὶσαρὸν
1185 4736 1403 4811 Ὠἆννην
1427 4742 1517 4794 τὸν
1560 4736 1866 4811 ’Ᾰννήδοτον
1894 4742 1958 4792 ὲκ
1993 4740 2092 4810 τῆς
2139 4740 2392 4817 ὲρυβρᾶς.
2441 4738 2571 4794 Εἶτα
2614 4736 2935 4813 Μέγᾶλαρον
2967 4744 3029 4795 ὲκ
3075 4736 3568 4796 Παντιδέΰλωνπό-

412 4902 489 4972 (l)
523 4901 705 4955 Codex
759 4900 909 4972 Arm.
956 4874 1291 4972 Animorum
1312 4936 1325 4958 ,
1371 4911 1497 4972 qua:
1544 4893 1821 4972 confusio“
1848 4893 1900 4972 in
1937 4898 1978 4952 D
2006 4891 2074 4947 de
2100 4891 2305 4972 Aloro;
2338 4891 2632 4972 scriptores
2664 4902 2853 4947 veteres
2892 4909 2983 4972 seu
3017 4893 3300 4972 voluntatis
3346 4891 3565 4972 arbitrio

342 4963 998 5040 aliis'quoqueejusdem
1029 4963 1235 5023 codicis
1281 4963 1415 5040 locis
1458 4966 1716 5040 occurrit.
1765 4963 1897 5017 Vide

338 5036 681 5101 Iustinum],
708 5038 762 5097 2,
796 5041 848 5092 in
883 5040 1003 5101 line,
1033 5055 1155 5093 cum
1192 5037 1335 5091 notis
1365 5036 1660 5088 variorum.
1865 5041 1869 5045 ”

434 5108 490 5175 9)
530 5108 714 5175 Capita
742 5109 850 5161 inec
878 5108 1095 5162 Eusebii
1125 5108 1335 5161 videtur
1366 5106 1498 5159 satis
1530 5110 1717 5175 aperte
1744 5106 1894 5171 expi-

344 5178 457 5230 lare.
487 5179 723 5246 Cyrillus
748 5187 928 5229 contra
956 5176 1251 5240 lulianum,
1278 5178 1371 5231 lib.
1400 5190 1439 5246 t.

411 5248 489 5315 (ὅ)
531 5241 831 5299 Alexander
857 5246 1179 5315 Polyhistor,
1206 5261 1366 5313 quem
1402 5244 1462 5301 L.
1495 5243 1639 5314 Sylla
1676 5241 1893 5295 civitate

341 5307 580 5372 donavit.
616 5315 766 5369 Serv.
803 5316 869 5366 ad
901 5307 1027 5368 Λίη.
1064 5332 1137 5379 tx,
1170 5307 1293 5369 388.

412 5387 487 5455 (4)
528 5385 664 5438 Num
692 5385 1051 5453 Apollodorus
1076 5377 1353 5447 Ilet'osum,
1391 5381 1776 5455 Apollodorum
1801 5377 1891 5431 Po-

342 5451 592 5524 lyhistor,
630 5451 855 5523 ideoque
883 5455 1056 5523 ipsum
1102 5457 1381 5517 Berosum,
1432 5451 1638 5524 inducit
1672 5451 1893 5524 loquen-

343 5517 493 5577 tem?
523 5517 663 5580 Sane
693 5517 843 5579 locus
875 5517 926 5578 it't
956 5525 1141 5578 codice
1170 5524 1314 5577 Arm.
1351 5523 1704 5593 ambiguitate
1739 5517 1892 5571 labo-

341 5607 462 5645 rare
487 5596 714 5649 videtur.

416 5662 492 5728 (5)
548 5664 662 5717 Non
723 5672 806 5718 est
858 5662 946 5717 hic
1001 5660 1515 5732 praetermittendum
1575 5657 1891 5732 praeclarum

342 5726 708 5787 Cb'oi'enensis
759 5734 897 5787 (list.
946 5726 1083 5798 1,-5,
1130 5731 1497 5785 testimonium
1548 5726 1600 5783 et
1625 5726 1891 5797 judicium

2005 4977 2094 5015 seu
2126 4964 2306 5031 quavis
2331 4964 2439 5015 alia
2458 4963 2518 5016 de
2551 4980 2713 5016 causa
2738 4964 3088 5028 narrationes,
3120 4964 3332 5016 nomina
3357 4978 3418 5013 ac
3439 4971 3566 5031 tem-

2001 5028 2575 5102 pora'immutaverunt,
2595 5033 2755 5102 deque
2784 5049 2956 5085 rerum
2977 5034 3177 5101 origine
3204 5031 3399 5100 partim
3432 5028 3564 5094 rere,

1998 5103 2191 5168 partim
2223 5102 2380 5168 falso,
2401 5101 2561 5154 locuti
2585 5101 2737 5164 sunt;
2768 5102 2921 5154 t'cluli
2944 5112 2990 5156 et
3013 5102 3074 5154 de
3092 5103 3260 5168 prima
3288 5116 3338 5152 re
3367 5111 3566 5162 creata,

1999 5188 2154 5239 quam
2187 5187 2286 5224 non
2318 5171 2575 5224 hominem
2606 5171 2693 5224 sed
2720 5188 2883 5239 regem
2922 5174 3169 5233 vocitant,
3205 5172 3349 5239 eique
3376 5168 3567 5221 barba-

2003 5258 2116 5304 rum
2155 5257 2338 5293 nomen
2385 5242 2584 5307 faciunt
2621 5257 2681 5292 ac
2724 5243 3055 5309 signiﬁcatus
3085 5250 3369 5308 expertem,
3414 5247 3568 5302 atque

2004 5325 2167 5361 annos
2198 5312 2314 5362 rilw
2333 5312 2546 5377 triginta
2576 5326 2667 5362 sca:
2699 5313 2839 5363 mille
2856 5312 3145 5364 ascribunt.

2075 5378 2149 5446 (6)
2192 5377 2268 5431 lta
2322 5380 2484 5432 etiam
2536 5379 2757 5434 Graccus
2793 5388 2974 5434 textus
3013 5377 3271 5446 Syncclli,
3322 5391 3421 5431 nec
3454 5390 3560 5428 non

2001 5447 2423 5519 Barberinianus
2479 5447 2619 5502 infra
2671 5451 2974 5519 ponendus.
3038 5446 3145 5502 Sed
3196 5446 3394 5500 Suidas
3441 5459 3563 5500 voc.

1994 5516 2154 5587 Σάροι
2194 5518 2382 5587 scribit
2416 5516 2695 5573 nuccxxtt.

2073 5582 2372 5659 (7lGrrece
2408 5588 2685 5659 Ἄμηλων.
2724 5585 3047 5659 liujusmodi
3090 5587 3381 5642 varietates
3408 5582 3561 5637 dein-

2000 5670 2127 5725 ceps
2157 5657 2324 5711 lector
2347 5674 2443 5727 per
2475 5656 2680 5727 seipse
2713 5656 2940 5711 notabit.
