4094 6188
414 358 486 423 ἇθ
1384 356 1700 422 EUSEBII
1742 353 2315 418 CHRONICORUM
2354 358 2505 420 LIB.
2554 359 2599 417 I.

421 492 515 533 sus
557 475 710 530 Ilium
742 475 960 539 urbem,
992 475 1046 529 in
1075 488 1181 545 qua
1218 472 1464 532 Priamus
1495 474 1673 547 Phryx
1707 475 1995 531 militarem
2024 486 2068 542 Α
2101 475 2212 530 XV.

426 570 803 642 pmfeeturam
839 568 1078 639 gerebat.

494 662 547 716 5.
610 658 811 713 Priami
860 660 878 680 '
914 658 1189 729 exemplar
1265 659 1478 728 quoqu'e
1546 658 1845 712 litterarum
1921 655 1989 712 ad

430 748 750 805 Teutamum
819 748 1200 803 circumfertur
1246 748 1511 822 ejusmodi
1553 747 1654 816 (1).
1707 765 1725 798 ι
1772 747 1986 801 Militari

430 842 519 905 vi,
547 840 738 909 inquit,
772 839 829 894 in
859 840 1076 908 regione
1109 846 1198 892 tua
1231 838 1305 909 (2)
1357 853 1386 891 a
1417 837 1617 893 Graecis
1660 837 1987 892 irruentibus

421 932 685 1003 appetitus
720 945 863 995 sum,
889 928 1136 996 belloque
1162 934 1427 980 certatum
1458 934 1542 980 est
1565 925 1715 978 varia
1745 925 1984 979 fortuna.

419 1023 573 1077 Nunc
600 1038 728 1077 vero
767 1031 821 1075 et
867 1020 1007 1073 Iilius
1038 1033 1191 1073 meus
1222 1016 1421 1072 IIector
1452 1017 1752 1072 exstinctus
1784 1028 1901 1080 est,
1931 1024 1985 1071 et

417 1112 648 1163 aiiorum
696 1107 867 1160 multa
913 1106 1094 1176 proles
1126 1120 1187 1158 ac
1224 1114 1461 1160 strenua.
1492 1104 1781 1174 Copiarum
1821 1105 1984 1174 igitur

416 1199 596 1253 valido
644 1197 744 1251 sub
788 1195 926 1250 duce
984 1196 1140 1250 nobis
1186 1195 1466 1264 suppetias
1537 1194 1712 1249 mitte.
1772 1213 1791 1246 ι
1844 1193 1985 1249 Hinc

414 1290 618 1344 diserte
653 1289 759 1353 ait,
795 1287 1021 1341 missum
1051 1302 1172 1341 esse
1202 1300 1229 1339 a
1260 1284 1524 1341 Teutamo
1555 1286 1848 1350 auxilium,
1876 1285 1981 1340 du-

412 1395 642 1448 cemque
669 1378 937 1433 exercitus
971 1375 1305 1431 Memnonem
1339 1374 1556 1429 Tithoni
1591 1374 1756 1428 tilium
1776 1413 1791 1439 ,
1819 1390 1981 1444 quem

414 1469 633 1523 insidiis
659 1477 941 1538 exceptum
974 1466 1219 1523 Thessali
1247 1467 1655 1520 interemerunt.
1686 1465 1773 1518 Ait
1792 1475 1978 1534 postea

414 1560 648 1622 diserte,
686 1559 1133 1627 Sardanapallum
1181 1572 1326 1611 anno
1368 1556 1531 1611 tertio
1560 1556 1770 1610 decimo
1812 1570 1977 1625 supra
2076 1560 2262 1616 XXIII.

414 1653 760 1707 millesimum
809 1650 1156 1720 Assyriorum
1194 1664 1373 1719 regem
1421 1663 1543 1703 esse
1571 1654 1812 1702 creatum
1847 1645 1925 1717 ('5)
1958 1664 1974 1701 :

412 1743 575 1810 cujus
600 1752 652 1797 et
681 1742 904 1796 exitium
956 1748 1237 1796 memorat.
1279 1739 1415 1794 Tum
1458 1738 1671 1794 sublato
1699 1736 1973 1793 Sardana-

2376 476 2687 547 Sparaethus
2715 478 2875 537 annis
2905 496 2993 537 ιι..

2092 565 2230 619 XVI.
2363 565 2659 624 Ascatades
2689 569 2846 625 annis
2876 585 2966 624 ιι..

2163 657 2275 712 Sub
2305 658 2405 713 hoc
2427 658 2525 713 t‘uit
2554 659 2728 716 Moses
2748 661 3097 717 Hebraeorum
3128 662 3430 735 legislator.

2090 746 2253 801 XVII.
2362 751 2625 820 Amyntas
2654 752 2811 807 annis
2836 767 2959 806 ιιν.

2089 838 2273 894 XVIII.
2365 839 2629 896 Belochus
2657 843 2814 898 annis
2840 859 2963 898 va.

2158 927 2329 997 Hujus
2361 927 2465 983 lilia
2506 929 2726 987 Tratres
2770 932 2900 1004 (I0).
2927 947 3046 1003 qua:
3078 933 3468 992 Achurardista
3502 937 3647 993 voci-

2088 1027 2197 1073 tata
2243 1028 2348 1084 est,
2402 1023 2645 1091 regnavit
2693 1039 2816 1077 cum
2862 1039 2928 1079 eo
2962 1025 3120 1082 annis
3148 1041 3280 1083 xvu.
3323 1026 3566 1083 Bacchus
3591 1041 3643 1087 et

2084 1109 2313 1165 Perseus
2343 1111 2445 1167 hac
2486 1120 2641 1167 aetate
2676 1113 2913 1169 fuerunt.

2086 1199 2225 1253 XIX.
2362 1200 2640 1258 Balatores
2670 1203 2832 1261 anuis
2861 1221 2991 1260 xxx.

2082 1290 2197 1345 XX.
2356 1291 2673 1363 Lampridcs
2701 1294 2859 1349 annis
2890 1310 3061 1351 xxxu.

2079 1381 2220 1439 XXI.
2355 1383 2581 1440 Sosares
2609 1384 2719 1454 (II)
2760 1386 2919 1442 annis
2948 1402 3048 1442 vui
3075 1386 3207 1459 (I2).

2079 1471 2223 1526 XXII
2334 1473 2649 1543 Lampares,
2684 1475 2843 1530 annis
2872 1493 3003 1532 ιιι.
3079 1504 3083 1509 -

2357 1562 2565 1634 Panyas
2596 1566 2753 1621 annis
2781 1582 2889 1619 xui
2920 1567 3056 1639 (I3).

2147 1652 2260 1706 Sub
2294 1653 2396 1707 hoc
2428 1655 2865 1725 Argonautarum
2893 1656 3006 1730 (14)
3027 1660 3217 1716 classis
3245 1669 3406 1732 atque
3432 1659 3640 1717 Hercu-

2077 1742 2156 1796 les
2185 1745 2670 1813 cognoscebantur.

412 1808 592 1902 pallo,
621 1830 967 1902 Assyriorum
1015 1831 1301 1900 imperium
1350 1831 1417 1884 ab
1463 1829 1674 1884 Arbace
1725 1844 1975 1883 eversum
2010 1808 2050 1861 Β
2079 1808 2276 1887 XXIV;
2360 1834 2649 1891 Sosarinus
2678 1837 2836 1892 annis
2867 1854 2981 1893 ιιι.

409 1932 466 1975 et
498 1921 566 1975 ad
607 1920 790 1977 Medos
822 1937 944 1977 esse
984 1922 1331 1975 translatum.
1383 1918 1507 1974 Hac
1549 1919 1733 1977 omnia
1769 1918 1977 1989 Cepha—

410 2013 546 2067 lion.

481 2105 535 2159 6.
577 2104 678 2170 Qui
708 2117 835 2157 vero
869 2102 925 2155 in
954 2100 1107 2156 libris
1140 2098 1389 2154 feruntur
1417 2098 1767 2170 Assyriorum
1796 2115 1971 2171 reges,

410 2195 710 2252 secundum
744 2191 1024 2248 emendata
1052 2191 1402 2260 exemplaria,
1435 2190 1490 2244 bi
1518 2198 1666 2246 sunt.

856 2298 1182 2338 xssrmonuu
1222 2296 1389 2336 nscas
1425 2280 1523 2350 (4).

405 2366 426 2419 Ι
588 2424 593 2427 Α
699 2369 894 2431 Mnus,
916 2387 1077 2439 quem
1097 2370 1328 2438 primum
1356 2370 1507 2423 aiunt
1526 2369 1795 2423 universa:
1812 2367 1974 2434 Asia,

757 2461 993 2530 demptis
1008 2461 1173 2523 Indis,
1200 2460 1552 2529 imperavisse
1569 2460 1726 2514 annis
1749 2473 1842 2512 LII.
1864 2457 1977 2512 Sub

757 2553 860 2606 hoc
892 2558 1106 2605 constat
1128 2550 1329 2605 vixisse
1349 2549 1716 2605 Abrahamum
1736 2548 1974 2605 Hebraea:

753 2643 931 2715 gentis
969 2643 1349 2712 patriarcham.

403 2741 468 2801 II.
687 2733 1006 2811 Semiramis
1032 2736 1189 2789 annis
1217 2749 1352 2787 xui.

683 2826 876 2882 Zames
915 2828 1165 2895 idemque
1191 2824 1395 2896 Ninyas
1419 2824 1576 2880 annis
1605 2837 1830 2879 xxxvui.

403 2915 496 2973 IV.
678 2918 839 2971 Arius
867 2917 1025 2971 annis
1057 2932 1181 2970 xxx.

402 3007 477 3066 ν.
687 3009 925 3070 Aralius,
962 3007 1054 3077 qui
1089 3007 1345 3078 Amyrus,
1377 3006 1534 3062 annis
1564 3021 1650 3059 ιι.

406 3098 499 3155 VI.
680 3098 904 3164 Xerxes,
944 3099 1036 3168 qui
1071 3106 1124 3154 et
1156 3098 1385 3164 Balteus,
1416 3101 1574 3174 annis
1607 3115 1731 3153 xxx.

405 3190 519 3246 VII.
680 3190 1044 3245 Amramithes
1087 3190 1165 3260 (5)
1206 3192 1362 3245 annis
1391 3206 1615 3244 xxxvut.

405 3278 549 3335 VIII.
682 3281 947 3336 Beloebus
973 3281 1131 3335 annis
1160 3296 1323 3335 xxxv.

405 3370 496 3425 IX.
678 3371 880 3426 Balaaas
908 3372 1064 3425 annis
1093 3386 1168 3425 xu
1195 3370 1297 3442 (6).

407 3461 473 3517 Χ.
681 3462 878 3517 Aladas
913 3462 989 3532 (7)
1021 3462 1180 3517 annis
1204 3476 1376 3516 xxxu.

406 3552 499 3607 XI.
678 3552 981 3623 Mamythus
1014 3554 1171 3608 annis
1201 3569 1329 3607 xxx.

404 3643 522 3699 ιιι.
676 3642 1014 3698 Macchaleus
1043 3644 1120 3713 (8)
1154 3644 1312 3699 annis
1344 3658 1474 3700 xxx.

403 3733 542 3788 XIII.
678 3733 933 3803 Sphaerus
961 3735 1119 3788 annis
1156 3750 1268 3788 xxu
1308 3734 1408 3805 (9).

402 3823 546 3878 XiV.
676 3824 937 3895 Mamylus
967 3826 1124 3880 annis
1155 3840 1284 3879 xxx.

2078 1924 2243 1979 XXV.
2357 1927 2631 1984 Mithraeus
2660 1930 2818 1985 annis
2845 1945 3014 1986 xxvu.

2076 2008 2265 2071 XXVI.
2353 2017 2652 2077 Teutamus
2685 2021 2842 2077 annis
2874 2036 3048 2079 xxxu.
3150 2038 3161 2051 '

2148 2106 2385 2178 Subquo
2414 2108 2564 2165 Ilium
2599 2120 2819 2182 captum
2845 2117 3014 2169 est

2077 2195 2291 2255 XXVII.
2362 2198 2615 2256 Teutaaus
2643 2202 2805 2258 annis
2827 2217 2920 2259 ιι.

2076 2286 2312 2342 XXVIII.
2354 2286 2608 2347 Tiainaaus
2638 2292 2799 2349 annis
2825 2308 2954 2348 xxx.

2075 2378 2267 2432 XXIX.
2357 2379 2613 2451 Dcrcylus
2649 2382 2760 2453 (I5)
2790 2383 2950 2439 annis
2985 2399 3073 2437 ιι..

2075 2466 2239 2520 XXX.
2350 2467 2675 2539 Eupalmeus
2697 2471 2856 2528 annis
2882 2481 3108 2526 xxmu.

2147 2557 2261 2613 Sub
2292 2556 2395 2612 hoc
2450 2556 2799 2614 Hebraeorum
2834 2558 3062 2615 illustris
3111 2576 3202 2616 rex
3257 2561 3422 2618 David
3479 2566 3636 2635 vixit,

2074 2644 2233 2713 cujus
2280 2646 2420 2701 [ilius
2476 2645 2732 2702 Salomon
2773 2644 3164 2719 Hierosolymis
3211 2652 3473 2722 templum
3519 2653 3635 2711 Iun-

2073 2734 2240 2789 davit.

2076 2823 2264 2879 XXXI.
2353 2824 2685 2882 Laosthenes
2718 2828 2878 2884 annis
2914 2844 3039 2885 va.

2071 2914 2283 2969 XXXII.
2351 2916 2647 2973 Peritiades
2681 2918 2838 2974 annis
2879 2935 3006 2974 xxx.
3101 2978 3111 2987 ,

2074 3007 2305 3062 XXXIII.
2345 3006 2664 3078 Ophrataeus
2693 3012 2850 3067 annis
2892 3026 2987 3066 xxi

1998 3138 2038 3193 Ω
2072 3098 2307 3152 XXXIV.
2350 3084 2687 3169 ophratanes
2721 3102 2879 3157 annis
2906 3118 2957 3156 ι..

2074 3188 2286 3244 XXXV.
2350 3192 2654 3247 Acrazanes
2684 3194 2839 3249 anuis
2868 3208 2975 3249 xLu

2077 3280 2313 3336 XXXVI.
2356 3280 2778 3352 Sardanapallus
2809 3285 2969 3340 annis
2994 3301 3085 3341 xx.

2151 3373 2265 3427 Sub
2290 3373 2391 3428 hoc
2417 3373 2696 3446 Lycurgus
2726 3375 2837 3447 (I6)
2872 3378 3017 3449 leges
3049 3377 3469 3437 Lacedaemoniis
3500 3382 3632 3439 Iere-

2072 3466 2179 3520 hat.

2140 3555 2191 3609 7.
2232 3553 2357 3609 Haec
2396 3555 2518 3613 linis
2562 3556 2661 3613 fuit
2689 3573 2878 3629 regum
2915 3559 3289 3631 Assyriorum,
3331 3563 3639 3633 imperante

2071 3646 2297 3701 Athenis
2329 3645 2558 3717 Tespieo
2596 3650 2919 3719 Ariphronis
2961 3651 3089 3706 ﬁlio.
3141 3651 3380 3722 Tempus
3422 3652 3639 3721 imperii

2072 3736 2437 3805 Assyriorum,
2473 3739 2769 3792 secundum
2817 3749 3103 3796 accuratas
3141 3742 3459 3810 scriptores.
3503 3744 3634 3798 anni

2072 3824 2216 3878 mille
2243 3822 2827 3897 ducentiquadragiuta
2845 3826 2955 3899 (I7)
2979 3847 2993 3883 :
3023 3831 3320 3887 secundum
3344 3845 3474 3886 vero
3495 3829 3633 3889 alios

475 3980 543 4050 (⁸)
570 3979 795 4050 Φέρεται
829 3979 920 4031 καὶ
948 3978 1275 4048 ἁντίγραφος
1293 3976 1390 4047 τῆς
1414 3974 1662 4047 Πριάμου
1693 3973 1973 4044 ἐπιστολῆς

2070 3974 2116 4029 Ia:
2147 3974 2468 4045 Syncelto,p.
2496 3977 2547 4040 I,
2582 3977 2765 4039 55,.4.

474 4077 561 4146 (·’)
600 4075 721 4127 Ἐπὶ
755 4072 1031 4143 Τευτάμου
1065 4072 1223 4126 Ἴλιον
1245 4071 1500 4134 Εὐσέϐιός
1526 4087 1686 4141 φησιν
1710 4069 1929 4125 ἁλῶναι.
1959 4067 2249 4139 Sgncellus,
2272 4082 2325 4135 ρ.
2346 4069 2435 4123 151
2476 4070 2538 4124 Β.

479 4230 557 4301 (1)
588 4230 860 4301 Lacunam
899 4229 1103 4283 codicis
1143 4228 1450 4301 Armeniaci
1491 4227 1572 4301 sic
1607 4226 1786 4301 explet
1818 4225 1962 4298 Syn-

404 4295 598 4363 celius,
620 4299 761 4367 apud
794 4314 950 4366 quem
981 4308 1157 4352 tamen
1192 4298 1307 4366 ipsa
1340 4297 1573 4367 epistola
1598 4295 1962 4367 desideratur.

476 4372 553 4441 (τὶ)
584 4363 879 4441 tii'Grzei-is
923 4363 1239 4441 fragmentis
1281 4363 1442 4436 supra
1474 4366 1675 4420 dicitur
1714 4363 1964 4419 Priamus

405 4437 749 4509 Assyriorum
779 4437 898 4509 regi
917 4437 1187 4509 subditus.

478 4503 555 4579 (ὅ)
587 4503 1237 4579 Errorem'Ct-phalionis,
1260 4503 1816 4579 qui_reges_Assyrios
1849 4514 1966 4558 tan-

403 4572 684 4632 tumnodo
734 4591 866 4627 xxut
914 4572 1145 4635 dixerit,
1188 4582 1241 4628 et
1280 4572 1498 4642 quidem
1538 4572 1783 4628 Teutami
1838 4589 1967 4628 suc-

403 4662 673 4701 cessorem
722 4643 1200 4713 Sardanapallum,
1245 4654 1355 4697 tum
1398 4642 1703 4713 universam
1754 4642 1967 4712 imperii

402 4721 525 4783 ejus
553 4725 764 4783 aetatem
801 4716 941 4767 intra
978 4712 1136 4767 mille
1171 4728 1342 4783 annos
1374 4712 1741 4783 concluserit,
1769 4713 1970 4783 merito

403 4780 651 4856 coarguit
707 4782 1024 4856 Sytlcelitls,
1061 4799 1111 4851 p.
1152 4783 1248 4856 I68
1279 4782 1476 4856 ‘BLIiis
1523 4782 1704 4856 verbis
1734 4798 1748 4834 :
1773 4780 1969 4856 _'0_6s

404 4848 692 4925 Κεφᾶλὶων
719 4848 845 4925 sui);
872 4848 1077 4925 πᾴντας
1099 4857 1181 4919 κγ’
1199 4850 1305 4925 dno
1334 4850 1526 4925 Βήλου,
1551 4851 1641 4925 κει).
1652 4850 1753 4925 sip:
1773 4848 1970 4925 Τροίας

402 4918 634 4985 ἆλώσιν,
670 4922 761 4975 καὶ
812 4922 946 4989 μετὰ
978 4918 1155 4974 ταῦτα
1176 4938 1221 4984 ,α
1253 4921 1365 4989 ἐτηο
1397 4918 1532 4989 ὅπερ
1572 4918 1846 4989 ἀδυνάτου·
1882 4918 1969 4989 ἵνα

401 4998 513 5073 γὰρ
528 4993 611 5073 ’κβ
637 4992 764 5073 ’ἀπὸ
786 4988 978 5073 “BI-‘an
1018 5009 1123 5073 sui
1146 4988 1417 5073 ὐπολτξβοι.
1563 4988 1838 5073 ΤαύΞαγρν
1863 4988 1971 5059 πρὸ

403 5058 497 5115 «ἑοῦ
525 5058 751 5131 ὲόχάτου
781 5058 1265 5131 Σαρδαναπάλου...
1292 5058 1576 5131 Cephalio»
1608 5077 1640 5131 α
1674 5058 1784 5131 Beli
1813 5058 1968 5112 exor-

403 5135 507 5185 du‘s
530 5128 755 5199 spatium
778 5128 928 5183 omne
948 5132 1123 5188 (etiam
1142 5147 1220 5191 eo,
1239 5128 1373 5199 quod
1399 5128 1570 5198 Troja:
1591 5128 1792 5199 cladem
1820 5144 1971 5182 secu-

405 5212 517 5253 tum
536 5197 632 5265 est,
653 5200 877 5269 incluso)
898 5201 1048 5269 annis
1078 5201 1218 5253 mille
1248 5197 1529 5269 duntaxat,
1552 5197 1690 5269 quod
1709 5214 1741 5249 a
1765 5199 1968 5269 ratione

405 5262 634 5324 alienum
658 5279 755 5331 est,
796 5262 889 5320 sub
916 5268 1118 5339 regibus
1154 5262 1357 5321 lanium
1387 5283 1521 5321 xxm
1550 5262 1781 5323 metitur.
1819 5267 1959 5339 Τριφ-

404 5349 587 5393 ιιιηιιιη
616 5340 797 5408 quippe
830 5336 992 5408 regem
1026 5338 1305 5408 secundum
1344 5346 1391 5391 et
1432 5338 1728 5408 vigesimum
1770 5353 1803 5388 a
1840 5336 1967 5390 Belo

401 5407 775 5462 numeratum:
795 5446 809 5468 ,
840 5407 958 5461 ante
987 5407 1409 5477 Sardanapalum
1440 5407 1672 5476 Assyriis
1704 5417 1966 5475 postremo

350 5517 355 5522 .
403 5481 445 5532 1..
458 5496 520 5532 co
548 5480 887 5543 imperantem
918 5476 1192 5530 locandum
1219 5476 1440 5547 putauit.

477 5549 555 5617 (ι)
578 5548 768 5617 Opera:
805 5548 1032 5616 pretium
1078 5549 1181 5601 erit
1219 5544 1477 5601 conferre
1501 5544 1851 5617 Assyriorum
1868 5560 1967 5617 re-

402 5614 544 5688 gum
565 5614 685 5688 qua:
708 5614 1008 5688 sequuntur
1037 5618 1253 5688 nomina
1273 5623 1327 5671 et
1355 5614 1791 5688 numerumcum
1821 5614 1967 5669 Cho-

402 5685 655 5743 rcnensis
684 5686 866 5757 tabula
894 5686 1029 5741 satis
1066 5687 1408 5757 discrepante
1435 5685 1743 5757 eorumrlem
1771 5699 1961 5757 regum

409 5757 552 5813 dist.
585 5773 625 5816 t.
658 5756 743 5821 I8,
775 5756 866 5827 qui
899 5772 1051 5828 reges
1077 5753 1283 5810 tantum
1330 5771 1457 5810 xxix
1490 5762 1610 5825 post
1641 5753 1970 5809 Semiramin

2062 4227 2319 4309 ponit_in.
2346 4228 2582 4309 editione
2616 4228 2702 4309 (at
2753 4230 3098 4309 ms._xXxu),
3143 4232 3213 4287 ita
3255 4243 3432 4289 tamen
3481 4241 3539 4289 ut
3573 4245 3625 4293 et

2063 4296 2422 4368 ipserdes‘inat
2449 4298 2502 4350 in
2528 4296 2996 4368 Sardanapallum.

2137 4366 2214 4433 (5)
2244 4366 2478 4421 Choren.
2508 4382 2612 4421 ms.
2646 4366 3036 4423 Armhmithris.

2134 4436 2208 4505 (6)
2241 4434 2379 4505 Lege
2403 4450 2536 4498 xui,
2567 4443 2625 4490 ut
2654 4435 2816 4492 habet
2854 4437 3069 4494 Samuel
3098 4439 3366 4497 Aniensis.

2144 4503 2220 4574 (7)
2254 4503 2586 4560 In'secundo
2628 4506 2765 4561 libro
2799 4506 3046 4574 Altadas,
3091 4510 3167 4564 uti
3199 4511 3363 4565 etiam
3399 4513 3488 4570 hic
3525 4515 3625 4571 ha-

2070 4573 2157 4629 bet
2185 4573 2568 4630 Chorcuensis.

2141 4642 2215 4710 (8)
2244 4637 2479 4697 Choren.
2513 4659 2641 4703 ms.,
2673 4640 2978 4699 Asc/calens.

2138 4711 2214 4775 (9)
2250 4711 2308 4766 In
2342 4712 2581 4767 secundo
2625 4711 2843 4767 Eusebii
2869 4712 3007 4767 libro
3038 4714 3205 4768 multa
3223 4728 3489 4768 annorum
3518 4714 3629 4770 dis-

2071 4779 2342 4847 crepantia
2396 4788 2481 4833 est
2512 4783 2579 4836 ab
2610 4781 2714 4836 hoc
2742 4782 3004 4847 catalogo.

2142 4852 2253 4920 (I0)
2296 4850 2457 4904 Recte
2485 4852 2794 4920 suspicatur
2815 4850 2886 4920 cl.
2910 4849 3192 4906 Auchcrus
3216 4849 3426 4906 Tratres
3456 4853 3626 4910 videri

2069 4927 2383 4991 corruptum
2410 4935 2473 4991 ex
2506 4919 2694 4991 Graeco
2724 4919 2987 4991 Θυγάτηρ.
3015 4920 3138 4975 Ilaec
3167 4922 3309 4975 enim
3340 4923 3393 4976 in
3426 4938 3621 4980 secun—

2069 4988 2139 5044 do
2166 4989 2304 5042 libro
2326 4988 2526 5042 dicitur
2552 4988 2790 5042 Badossa
2824 4988 3147 5044 vel'Atossa.

2140 5058 2250 5128 (11)
2289 5059 2467 5112 Codex
2505 5058 2589 5111 hic
2623 5058 2891 5113 Sumares.
2924 5057 3028 5112 Sed
3058 5059 3273 5113 Sosares
3303 5059 3356 5114 in
3386 5061 3623 5119 secundo

2068 5127 2227 5198 libro,
2262 5137 2313 5198 et
2339 5132 2389 5181 in
2416 5128 2664 5198 Syncelio
2699 5136 2859 5198 atque
2887 5128 3220 5184 Choreueusi

2166 5197 2249 5251 I2)
2293 5197 2509 5251 Samuel
2547 5213 2635 5251 xx.

2165 5266 2249 5322 I5)
2293 5266 2509 5321 Samuel
2551 5282 2672 5321 XLV.

2160 5336 2243 5406 II)
2283 5336 2459 5406 Codex
2481 5336 2630 5406 Arm.
2667 5337 2998 5406 Argivorum.

2160 5399 2247 5477 15)
2280 5405 2459 5461 Codex
2479 5406 2565 5459 hic
2586 5399 2836 5477 Derus'us,
2864 5406 2955 5461 scd
2976 5406 3292 5462 emendatur
3315 5406 3366 5460 in
3386 5406 3624 5461 secundo

2066 5476 2201 5531 libro
2229 5484 2283 5531 et
2311 5478 2364 5530 in
2389 5476 2740 5530 Chorenensi.

2161 5547 2244 5612 I6)
2272 5546 2452 5600 Codex
2480 5546 2627 5598 Arlu.
2656 5544 2953 5614 L'acorigcs.

2165 5615 2244 5673 l7)
2286 5616 2360 5668 Ita
2389 5630 2612 5683 prorsus
2634 5615 2775 5684 apud
2803 5611 3157 5683 Augustinum
3183 5611 3252 5667 De
3270 5613 3366 5667 civ.
3400 5612 3515 5672 Dei.
3546 5628 3621 5676 tv,

2064 5682 2097 5736 6
2125 5703 2137 5737 :
2172 5684 2318 5737 Sicut
2364 5682 2596 5736 scribunt
2621 5682 2708 5751 qui
2740 5682 3036 5737 chronica":
3069 5684 3342 5736 historiam
3367 5684 3622 5752 persecuti

2064 5764 2205 5817 sunt,
2258 5753 2397 5811 mille
2440 5753 2685 5807 ducentos
2714 5761 2761 5806 et
2807 5752 3153 5818 quadraginta
3192 5768 3354 5806 armos
3388 5753 3452 5807 ab
3486 5770 3622 5813 anna
