4010 6192
230 329 305 395 165
1180 326 1490 391 EUSEBII
1531 326 2091 388 CllRONlCOllUM
2132 327 2277 386 Lm.
2324 328 2367 387 Ι.
2448 398 2451 403 _

743 430 971 486 CAPUT
1009 429 1247 488 XXXIX.

713 522 1087 576 Thessalorum
1135 540 1275 593 rcges
1286 565 1297 577 .

303 615 348 668 l.
374 610 623 668 Thessali
648 619 703 667 et
734 611 970 682 Epirota:
1006 612 1101 668 diu
1136 624 1435 683 paruerunt
1465 616 1656 671 iisdem
1688 617 1781 687 qul

249 701 600 757 liacedonibus
629 701 1022 771 praesidebant;
1055 719 1086 757 a
1116 703 1376 760 Romanis
1416 714 1595 760 autem
1623 706 1784 761 liber-

247 804 380 847 tatem
424 806 548 846 eum
610 790 737 862 jure
789 792 976 845 utendi
1018 794 1136 849 suis
1183 793 1394 862 legibus
1444 796 1620 865 adepti
1656 806 1783 852 sunt

248 893 347 954 post
369 882 676 953 Philippum
722 883 778 936 in
821 881 1103 938 Thessalia
1148 888 1313 941 armis
1344 885 1455 939 Titi
1508 887 1782 942 Romano-

247 990 345 1027 rum
374 973 527 1027 ducis
569 973 911 1043 proﬂigatum
955 972 1053 1042 (l).
1089 973 1192 1029 Sed
1222 987 1275 1031 et
1305 977 1407 1045 ipsi
1435 977 1648 1031 demum
1681 980 1781 1033 sti-

245 1063 483 1134 pendiarii
521 1061 895 1119 Romanorum
935 1063 1061 1120 lacti
1088 1068 1427 1123 sunt-eadem
1457 1083 1564 1137 qua
1607 1068 1780 1125 Mace-

245 1152 388 1206 dones
410 1166 601 1206 causa.

299 1242 347 1295 2.
396 1241 612 1296 Scilicet
663 1249 785 1310 post
829 1243 1038 1297 obitum
1088 1243 1379 1300 Alexandri
1435 1246 1521 1302 his
1565 1245 1783 1317 quoque

244 1331 495 1393 Aridazus,
550 1331 640 1398 qui
685 1339 741 1386 et
789 1330 1095 1403 Philippus,
1143 1335 1431 1404 imperavit
1482 1337 1642 1391 annis
1696 1354 1783 1391 se-

246 1430 385 1489 ptem.
461 1420 595 1475 lluie
655 1422 922 1477 successit
974 1423 1281 1479 Cassander
1334 1418 1673 1495 Epirotarum
1722 1426 1783 1482 et

250 1508 608 1564 Thessalorum
646 1525 754 1565 rex.
788 1511 949 1567 annis
978 1514 1376 1569 novemdecim.
1409 1513 1545 1568 Tum
1583 1515 1782 1586 Philip-

247 1612 333 1665 pus
356 1597 467 1665 ejus
496 1598 640 1652 (ilius
666 1599 949 1652 mensibus
979 1599 1057 1671 (2)
1086 1608 1339 1670 quatuor.
1374 1601 1575 1658 Deinde
1598 1612 1651 1657 et
1678 1604 1783 1658 hu-

242 1685 321 1752 jus
357 1684 542 1739 fratres
581 1685 867 1756 Antipater
916 1695 970 1741 et
1020 1688 1327 1744 Alexander
1375 1688 1534 1746 annis
1568 1691 1781 1748 duobus

3352 324 3457 386 1C6

1811 442 1852 496 Α
1881 434 2160 490 Thessalia
2212 436 2460 499 luerunt;
2500 435 2756 505 deinceps
2786 452 2913 492 vero
2942 439 3215 509 principes
3265 455 3433 494 arium

1882 524 2153 593 suﬂ‘ragiis
2198 526 2431 593 publicis
2480 526 2581 595 legi
2632 536 2933 597 coeperunt.
2974 528 3202 591 Primus
3252 542 3433 585 autem

1881 622 2099 667 creatus
2125 621 2210 667 est
2244 612 2540 670 Pausanias
2577 616 2877 681 Eebecrati,
2914 616 3192 673 Pheneus.
3231 621 3433 675 Deinde

1882 700 2143 771 Amyntas
2186 701 2438 765 Cratetis,
2490 702 2720 767 Pierius,
2780 721 2887 774 quo
2933 707 3233 776 imperante
3282 710 3435 766 Titus

1882 787 2107 843 Romam
2146 806 2401 845 reversus
2444 802 2547 847 est.
2584 793 2785 848 Deinde
2817 794 3070 850 Eacides
3102 799 3284 854 Callia:
3327 816 3439 854 me-

1882 881 2267 949 tropolitanus.
2314 881 2518 937 Deinde
2553 882 2878 952 Epidromus
2910 886 3294 950 Andromachi,
3332 889 3423 943 La-

1880 972 2126 1036 rissaeus,
2158 973 2435 1028 mensibus
2477 982 2631 1039 octo;
2680 975 2888 1043 reliqua
2932 984 3110 1031 autem
3159 979 3277 1047 ejus
3309 982 3435 1035 anni

1882 1072 2034 1131 parte
2091 1062 2370 1117 Eunomus
2418 1062 2698 1133 Polycleti,
2761 1063 3094 1129 Larissaeus,
3161 1070 3437 1123 mensibus

1882 1160 2134 1221 quatuor.
2191 1151 2453 1207 Posthine
2513 1153 2791 1210 Eunomus
2848 1170 2989 1209 anno
3053 1172 3182 1211 uno.
3235 1157 3436 1213 Deinde

1882 1242 2139 1297 Eaeides
2164 1243 2347 1297 Callia:
2371 1244 2815 1312 metropolitanus
2847 1245 3062 1300 iterum.
3086 1245 3288 1301 Deinde
3309 1245 3437 1299 Pra-

1880 1334 2023 1387 vilus
2044 1334 2153 1402 (ll)
2182 1332 2417 1396 Phasim,
2453 1333 2777 1390 Scotusaeus.
2801 1333 3001 1389 Deinde
3031 1335 3305 1390 Eunomus
3334 1337 3436 1392 Po-

1883 1425 2085 1495 lycleti,
2141 1424 2461 1486 Larissaeus,
2516 1428 2733 1480 iterum.
2782 1424 2985 1480 Deinde
3031 1425 3436 1483 Androsthenes

1881 1515 2365 1585 ldalii,Gyrtonius
2385 1515 2516 1585 (12).
2538 1516 2734 1571 Deinde
2750 1515 3187 1587 Thrasymachus
3206 1519 3435 1572 Alexan-

1882 1603 1986 1666 dri,
2039 1604 2313 1659 Atraeius.
2368 1604 2569 1659 Deinde
2624 1604 3017 1661 Laontomenes
3058 1606 3432 1668 Damothonis.

1882 1688 2160 1745 Pheraaus.
2218 1691 2422 1746 Deinde
2466 1691 2766 1747 Pausanias
2821 1692 3188 1749 Damothonis.
3240 1694 3437 1751 Deinde

251 1776 609 1845 mensibusque
639 1792 757 1831 sex.
800 1777 932 1831 Item
962 1778 1269 1835 Demetrius
1298 1780 1551 1850 Antigoni
1585 1783 1659 1853 (5)
1685 1797 1780 1836 an—
1811 1776 1852 1830 Β
1880 1779 2197 1836 Theodorus
2221 1782 2531 1845 Alexandri,
2550 1782 2782 1852 Argivus
2809 1783 2941 1853 (15).
2975 1783 3173 1837 Deinde
3194 1784 3437 1839 Nicocra-

248 1871 320 1922 nis
344 1885 427 1923 sex
465 1870 796 1939 totidemque
828 1872 1126 1927 mensibus.
1167 1870 1360 1926 Postea
1394 1873 1637 1944 Pyrrhus
1666 1876 1777 1945 (3‘)

247 1960 382 2015 anuis
408 1968 642 2029 quatuor
680 1961 1014 2030 totidemque
1048 1964 1349 2018 mensibus.
1392 1962 1596 2019 Deinde
1628 1965 1780 2036 Lysi-

1880 1881 1962 1926 tes
1989 1871 2241 1937 Pbaxiui,
2289 1872 2621 1929 Scotusaeus.
2659 1874 2861 1929 Deinde
2902 1874 3268 1946 Hippolochus
3310 1878 3437 1932 Ale-

1880 1964 2049 2031 xippi,
2077 1963 2399 2019 Larissaeus.
2432 1963 2634 2019 Deinde
2663 1964 3073 2020 Cleomachides
3102 1964 3294 2029 OEnei,
3334 1965 3439 2021 La-

249 2049 448 2104 machus
493 2050 815 2120 Agathoelis
843 2053 1004 2108 annis
1036 2067 1153 2106 sex.
1185 2052 1304 2108 Mox
1346 2064 1398 2109 ει
1432 2052 1777 2119 Ptolemaeus,
1846 2050 2125 2108 ilrissaeus.
2149 2053 2346 2107 Deinde
2363 2053 3028 2124 PhyrinusAristomeuis,
3052 2054 3433 2125 Gomphensis.
3513 2094 3518 2099 -

246 2149 573 2208 cognomento
638 2139 947 2204 Ceraunus,
1010 2157 1154 2197 anno
1213 2158 1322 2198 uno
1394 2145 1783 2217 mensibusque

247 2231 502 2299 quinque:
536 2247 700 2301 quem
747 2234 960 2302 excepit
1004 2233 1269 2304 Meleager
1312 2236 1591 2293 mensibus
1646 2238 1783 2293 duo-

247 2317 516 2389 busapost
557 2337 723 2391 quem
776 2323 1063 2392 Antipater
1110 2323 1419 2395 Lysimachi
1446 2328 1522 2397 (4)
1544 2329 1784 2399 quinque

245 2418 289 2462 et
312 2410 658 2481 quadraginta
683 2411 877 2467 diebus
912 2433 923 2468 :
959 2424 1081 2483 post
1111 2432 1271 2485 quem
1304 2414 1601 2474 Sostbenes
1641 2434 1783 2476 anno

247 2515 361 2555 uno.
389 2500 755 2556 Consecutum
787 2511 873 2558 est
906 2504 1276 2575 interregnum
1306 2506 1522 2563 duobus
1550 2510 1709 2565 annis
1731 2518 1785 2565 et

246 2592 501 2647 mensibus
534 2594 784 2648 totidem.
829 2593 968 2649 Exin
1011 2596 1326 2653 dominatus
1367 2607 1451 2653 est
1480 2598 1785 2670 Antigonus

247 2677 476 2735 Demetrii
504 2682 668 2736 annis
702 2682 922 2752 triginta
949 2692 1205 2752 quatuor,
1238 2681 1628 2757 mensibusque
1649 2688 1787 2743 duo-

246 2771 353 2826 bus.
382 2773 542 2827 Circa
573 2772 674 2828 bos
716 2788 890 2829 annos
909 2773 1153 2846 Pyrrhus
1199 2779 1432 2846 receptis
1468 2778 1521 2831 iu
1557 2779 1788 2835 deditio-

246 2876 347 2915 nem
380 2863 631 2932 Antigoni
659 2864 851 2932 copiis,
881 2869 1177 2936 paucisque
1208 2868 1342 2922 locis
1395 2870 1622 2938 potitus,
1653 2887 1787 2941 prae-

245 2949 309 3004 lio
335 2951 522 3007 deinde
551 2951 733 3007 Derdii
758 2952 833 3023 (5)
869 2968 900 3006 a
944 2953 1214 3010 Demetrio
1254 2956 1364 3010 lilio
1402 2956 1664 3027 Antigoni
1693 2958 1789 3013 de-

246 3040 457 3098 bellatus
491 3050 596 3108 est,
644 3043 917 3113 rebusque
966 3055 1166 3101 exutus
1208 3046 1306 3116 (6).
1345 3045 1505 3101 Brevi
1548 3056 1789 3119 tempore

246 3140 370 3200 post,
388 3134 654 3187 exstincto
680 3133 970 3205 Antigono,
1006 3138 1248 3208 regnavit
1273 3136 1393 3204 ejus
1420 3136 1567 3193 ﬁlius
1589 3138 1782 3195 Deme-

252 3220 372 3275 trius
412 3222 570 3278 annis
615 3222 824 3278 decem.
868 3223 1000 3280 Post
1044 3225 1189 3280 hunc
1235 3225 1542 3294 Antigonus
1598 3229 1787 3282 Deum-

251 3311 326 3364 trii
368 3312 441 3383 (7)
483 3313 621 3381 ejus,
676 3314 772 3383 qui
798 3314 1085 3387 (Cyrenem
1137 3318 1418 3386 profectus
1467 3327 1552 3373 est
1593 3318 1696 3388 (8),
1733 3327 1789 3375 et

251 3398 561 3469 Olympiadis
591 3401 667 3473 (9)
720 3404 842 3457 lilia:
874 3402 1130 3475 Polycleti
1171 3404 1443 3473 Larisszei,
1489 3408 1648 3461 annis
1690 3424 1790 3462 no-

251 3505 374 3545 vem.
402 3490 503 3547 Hic
534 3493 746 3550 Achmis
779 3496 1054 3565 suppetias
1078 3496 1290 3551 validas
1333 3488 1517 3553 ferens
1544 3497 1788 3555 Cleome-

251 3595 356 3634 nem
408 3580 851 3639 Lacedaamonum
895 3594 1181 3656 tyrannum
1235 3588 1422 3657 praelia
1478 3591 1786 3660 superavit,

253 3667 640 3744 Spartanosque
679 3675 929 3731 libertate
979 3676 1221 3742 donavit,
1256 3693 1320 3733 ac
1361 3680 1575 3734 divinos
1621 3693 1787 3749 prope

253 3761 467 3820 honores
539 3765 683 3835 apud
765 3767 1084 3821 Acbarorum
1161 3780 1372 3839 gentem
1460 3770 1790 3840 promeritus

250 3854 479 3925 est(l0).
533 3853 663 3912 Post
710 3855 855 3911 hunc
903 3855 1185 3928 Philippus
1240 3859 1494 3914 Demetrii
1546 3861 1791 3929 regnavit

253 3943 396 3998 annis
423 3960 558 3998 mu
589 3960 714 3999 eum
748 3947 1028 4001 mensibus
1063 3962 1117 4001 ix
1145 3966 1159 4003 :
1184 3955 1295 4002 tum
1324 3949 1506 4016 praelio
1535 3949 1587 4002 in
1620 3948 1791 4004 Thes-

254 4034 373 4086 salis
400 4049 429 4089 a
459 4034 579 4092 Tito
620 4037 759 4092 duce
788 4036 1017 4092 Romani
1048 4039 1323 4094 exercitus
1351 4040 1653 4093 debellatus
1682 4047 1786 4093 est.

254 4127 291 4179 A
317 4124 568 4184 Romanis
598 4139 778 4185 autem
810 4129 1107 4185 libertatem
1146 4138 1575 4199 potestatemque
1603 4130 1788 4184 utendi

249 4219 350 4273 suis
395 4214 597 4288 legibus
642 4230 971 4289 acceperunt
1026 4219 1272 4275 Thessali
1310 4222 1544 4290 itemque
1589 4221 1788 4291 reliqui

254 4303 411 4363 cmi
435 4310 528 4379 qui
557 4311 783 4381 vectigal
812 4309 1059 4379 Philippo
1089 4310 1417 4379 pendebant.

1950 2145 2004 2197 4.
2046 2142 2122 2197 Eo
2160 2157 2304 2196 anno
2356 2141 2637 2212 Philippus
2689 2160 2780 2199 rex
2823 2144 2955 2198 obiit
3004 2146 3060 2198 in
3101 2144 3433 2207 Macedonia,

1881 2237 2149 2303 potestate
2179 2230 2233 2284 in
2265 2230 2435 2285 lilium
2468 2229 2726 2285 Perseum
2758 2231 3041 2285 translata.
3079 2230 3134 2284 Is
3162 2230 3436 2285 Thessalis

1882 2324 2259 2392 imperaverat,
2294 2320 2570 2374 utdictum
2590 2328 2693 2380 est,
2724 2319 2880 2373 annis
2906 2320 3095 2387 viginti
3121 2320 3231 2390 (14)
3260 2319 3435 2373 tribus

1882 2428 2006 2466 cum
2055 2411 2330 2465 mensibus
2373 2425 2588 2473 novem,
2626 2407 3009 2464 Macedonibus
3054 2418 3234 2465 autem
3278 2411 3435 2464 annis

1883 2500 2103 2557 omnino
2145 2501 2502 2571 quadraginta
2550 2499 2761 2555 duob'lis
2811 2508 2864 2555 et
2905 2501 3181 2555 mensibus
3213 2515 3424 2555 novem.

1882 2592 2001 2650 iam
2030 2609 2161 2664 vero
2192 2610 2221 2647 a
2252 2593 2561 2649 centesimae
2597 2602 2650 2648 et
2686 2603 2893 2663 quarta:
2921 2594 3142 2648 decimte
3170 2595 3437 2665 olympia-

1884 2686 1970 2740 dis
1997 2700 2142 2739 anno
2170 2684 2365 2747 altero,
2406 2699 2515 2753 quo
2545 2691 2785 2754 tempore
2816 2684 2979 2737 rebus
3007 2685 3326 2753 pra-positus
3356 2692 3438 2738 est

1885 2773 2165 2845 Philippus
2191 2774 2501 2845 (Aridwus),
2534 2788 2709 2842 usque
2742 2771 2809 2825 ad
2836 2770 3143 2843 Philippum
3184 2772 3436 2827 Demetrii

1887 2867 2236 2929 exstinctum,
2294 2866 2454 2934 cujus
2494 2864 2676 2919 obitus
2703 2863 2894 2918 incidit
2933 2864 2988 2918 in
3027 2863 3335 2919 centesimae
3382 2872 3439 2918 et

1888 2956 2349 3026 quinquagesima:
2406 2953 2727 3025 Olympiadis
2773 2969 2973 3008 annum
3034 2954 3262 3008 alterum
3310 2969 3437 3008 eum

1887 3047 2129 3116 quinque
2180 3046 2487 3110 mensibus,
2533 3044 2838 3099 conﬂantur
2882 3043 3010 3098 anni
3058 3059 3238 3107 cxuv,
3286 3059 3437 3100 men-

1890 3146 2084 3200 sesque
2110 3146 2162 3184 v.

1957 3223 2010 3277 5.
2051 3220 2433 3276 Thessalorum
2464 3235 2648 3292 regum
2682 3234 2930 3275 summa:

1958 3310 1999 3365 l.
2041 3309 2309 3372 Aridteus,
2339 3309 2588 3379 idemque
2614 3306 2916 3377 Philippus,
2941 3307 3100 3361 annis
3123 3321 3219 3363 vu.

1957 3401 2021 3457 ll.
2061 3401 2369 3457 Cassander
2399 3401 2556 3455 annis
2585 3417 2696 3456 nx.

1958 3491 2047 3546 lll.
2088 3492 2371 3562 Philippus
2395 3492 2671 3547 mensibus
2700 3505 2775 3546 tv.

1959 3581 2050 3639 IV.
2092 3584 2374 3653 Antipater
2396 3582 2511 3655 (15)
2540 3591 2596 3637 et
2617 3580 2923 3638 Alexander
2949 3584 3109 3639 annis
3138 3598 3174 3637 ιι
3199 3589 3252 3638 et
3281 3597 3438 3638 ruen-

1890 3677 2043 3732 sibus
2063 3692 2139 3731 γι.
2936 3670 2939 3681 ’

1968 3764 2028 3818 V.
2073 3764 2376 3820 Demetrius
2406 3764 2563 3819 annis
2589 3779 2643 3819 vi
2666 3771 2720 3819 et
2746 3766 3025 3822 mensibus
3045 3781 3120 3821 vt.

1960 3854 2050 3911 Vl.
2088 3854 2330 3925 Pyrrhus
2369 3855 2526 3910 annis
2548 3871 2607 3909 ιιι
2631 3854 2742 3925 (16)
2775 3867 2827 3911 et
2861 3856 3141 3912 mensibus
3164 3869 3240 3911 tv.

1960 3946 2073 4000 Vll.
2112 3946 2468 4017 Lysimachus
2497 3949 2654 4002 annis
2675 3963 2748 4005 vr.

1964 4036 2096 4092 Vlll.
2140 4037 2478 4104 Ptolemaeus,
2519 4037 2769 4108 idemque
2810 4039 3114 4104 Ceraunus,
3153 4049 3339 4093 annui
3385 4043 3441 4092 et

1891 4129 2170 4183 mensibus
2194 4143 2248 4182 ν.

1962 4217 2053 4272 ΙΧ.
2095 4216 2356 4286 Meleager
2385 4215 2665 4272 mensibus
2691 4226 2755 4268 ιι.

1963 4308 2027 4362 Χ.
2068 4308 2349 4377 Antipater
2375 4307 2566 4361 diebus
2597 4322 2717 4362 XLV.

317 4397 368 4451 τι.
414 4396 479 4451 Et
532 4399 704 4467 primo
752 4397 972 4466 quidem
1019 4411 1163 4450 anno
1217 4397 1350 4451 nulli
1404 4396 1677 4469 principes
1704 4387 1786 4449 "in
1822 4416 1870 4475 υ
1963 4396 2054 4453 XI.
2098 4396 2394 4452 Sostbenes
2433 4411 2578 4450 anno
2608 4413 2643 4449 ι.

261 4571 927 4697 3")(llxlﬁgeqdus.Livius
950 4588 1120 4636 sxxii,
1157 4574 1222 4628 10
1261 4588 1406 4642 sqq.,
1449 4579 1562 4625 tum
1596 4586 1789 4634 usui,

296 4658 340 4700 ι.
372 4658 551 4703 “xw,
577 4658 626 4703 1.

324 4712 395 4775 (2)
432 4712 606 4768 Codex
640 4713 792 4768 Arm.
823 4712 910 4765 hic
937 4710 1111 4774 annis,
1136 4712 1228 4766 sed
1252 4710 1479 4765 inferius
1510 4708 1792 4764 mensibus.

325 4777 397 4848 (3)
436 4779 607 4837 Codex
636 4782 795 4850 Arni.
822 4782 1107 4850 Antipatri,
1148 4780 1291 4850 quod
1322 4780 1511 4834 vitium
1541 4780 1791 4832 emenda.-

263 4862 427 4902 mnus
456 4850 606 4903 etiam
640 4849 746 4907 col.
770 4848 900 4912 249,
936 4864 995 4909 ιι.
1022 4851 1079 4910 «1.

327 4917 437 4988 (3')
480 4917 725 4988 Pyrrhus.
758 4927 834 4988 Ita
881 4929 963 4973 est
994 4925 1156 4971 etiam
1191 4919 1243 4971 in
1277 4916 1481 4971 Veneta
1520 4917 1793 4988 editione;

264 4984 347 5103 sit)
367 4984 547 5105 [tamen
584 4987 932 5044 scribendum
967 4989 1187 5042 omnino
1225 4995 1310 5042 est
1335 4986 1629 5041 Alexander
1660 4986 1798 5055 Pyr-

264 5068 289 5103 r
322 5070 338 5105 ι
425 5070 525 5105 ms.

264 5068 338 5105 ηιι
366 5068 525 5109 Mil”.

329 5121 401 5189 (4)
462 5122 659 5194 liursus
716 5124 933 5179 videtur
978 5123 1267 5179 dicendum
1349 5125 1600 5194 Philippi.
1662 5121 1799 5178 Vide

266 5202 376 5259 sup.
415 5188 667 5261 col.159,
694 5209 749 5248 n.
781 5194 817 5251 6

328 5258 399 5333 (ξ)
442 5258 659 5333 Ῡὶἀειιιιί
679 5265 964 5318 dicendum
996 5263 1172 5333 Argis.

330 5328 415 5399 (6),
442 5327 661 5399 Legendi
693 5342 823 5385 sunt
851 5327 1096 5388 Justinus
1131 5348 1255 5391 xxv,
1293 5339 1346 5385 et
1384 5330 1707 5384 Plutarchus
1745 5329 1798 5383 in

272 5393 485 5472 Pyrrho.
518 5393 630 5472 1am
670 5402 733 5472 si
769 5402 981 5457 scribas
1020 5403 1270 5472 superius
1314 5402 1490 5471 Argis,
1524 5400 1672 5455 dices
1712 5400 1801 5453 hie

268 5481 301 5513 τι
318 5465 508 5534 basque
531 5470 762 5523 humauit
786 5482 996 5525 exutus.

332 5535 403 5593 (ἲν
430 5534 705 5608 ΔΙιιιιιιίιιθίιςι
753 5542 915 5608 igitur
943 5544 1031 5593 hic
1070 5539 1370 5603 Antigonus
1401 5538 1683 5592 videbatur
1710 5536 1802 5591 Al-

269 5605 442 5676 {fenei
483 5606 622 5676 lilius
671 5605 957 5662 “elucet-i0
992 5609 1262 5661 Munarch.
1315 5618 1431 5661 (ενι.
1487 5624 1538 5676 p.
1591 5608 1709 5663 129.
1758 5607 1802 5659 A

274 5669 524 5724 Pausania
551 5692 633 5741 νει,
670 5679 718 5739 7,
761 5679 959 5732 dicitur
1005 5679 1318 5747 Antigonus
1355 5669 1570 5749 ἁνξψὶὸς
1599 5678 1673 5745 τῷ
1712 5677 1802 5727 Φι-

1892 4574 2094 4644 λίππῳ,
2119 4573 2213 4644 καὶ
2251 4572 2442 4643 μητέρι
2475 4571 2638 4626 αὑτοῦ
2668 4574 2949 4634 συνοικῶψ,
2982 4569 3208 4638 Philippi
3235 4581 3445 4637 patrue-

1896 4644 1961 4697 lis
1981 4655 2029 4695 et
2058 4643 2293 4696 uitricus.

1986 4714 2038 4780 8)
2080 4711 2293 4766 Videsis
2326 4724 2444 4780 cap.
2477 4710 2566 4773 58,
2601 4725 2656 4765 n.
2692 4710 2766 4780 9._
2848 4778 2894 4780 η
3179 4773 3228 4780 Α,
3365 4777 3374 4780 Α
3452 4762 3465 4777 .

1987 4773 2041 4847 9)
2080 4780 2334 4835 Demetrii
2373 4773 2509 4835 uxor
2557 4788 2674 4833 erat
2742 4778 2969 4843 Phthia;
3002 4792 3129 4847 ergo
3170 4773 3444 4847 Olympias

1896 4844 2217 4903 concubina.
2250 4848 2433 4917 Neque
2465 4850 2569 4902 huc
2612 4848 2873 4902 trahenda
2893 4844 3137 4917 _videtur_
3169 4844 3446 4917 Olympias

1896 4918 2089 4997 Pyrrhi
2135 4915 2360 4997 epirotai
2394 4918 2689 4997 regisﬁlia.
2729 4932 2849 4983 qua:
2886 4915 3141 4997 Demetrii
3182 4915 3446 4969 auxilium

1896 4985 2224 5056 imploravit,
2259 4985 2622 5042 testeJustino
2656 5002 2844 5047 xxviii,
2882 4985 2929 5039 1.

1968 5052 2078 5126 (10)
2121 5055 2241 5109 llaec
2263 5056 2329 5110 de
2356 5056 2621 5126 Antigono
2654 5057 2759 5110 late
2788 5055 3077 5123 praedicant
3101 5052 3354 5126 Polybius
3386 5070 3445 5126 ιι,

1899 5122 1991 5189 70;
2026 5122 2208 5178 Livius
2234 5140 2323 5186 XL,
2370 5125 2471 5189 55;
2498 5122 2797 5178 Pausanias
2825 5140 2886 5182 ιι.
2909 5126 2963 5184 9,
2987 5139 3074 5187 vi;
3109 5122 3212 5191 1,6;
3257 5138 3352 5183 vu.
3384 5122 3442 5174 7·

1899 5208 2015 5255 vtu,
2050 5195 2111 5261 8;
2146 5192 2393 5248 Justinus
2421 5208 2609 5256 xxvm,
2634 5194 2749 5258 δή,
2776 5204 2827 5249 et
2854 5192 3068 5247 Suidas.

1998 5265 2079 5331 ll)
2120 5263 2368 5323 Inferius.
2395 5263 2646 5316 Praeiles.

1994 5322 2082 5399 12)
2123 5334 2201 5402 l_t_a
2229 5333 2282 5385 in
2306 5322 2546 5402 margine
2567 5332 2770 5386 codicis
2801 5332 3034 5389 Arnuzat
3058 5331 3115 5386 in
3144 5337 3289 5385 textu
3314 5322 3447 5382 Gon—

1901 5399 2092 5471 touius.
2122 5400 2264 5471 qum
2298 5399 2619 5471 Gortynius?

1973 5470 2086 5539 (l5)
2110 5469 2247 5539 Puta
2268 5485 2333 5539 ea:
2365 5469 2515 5539 Argis
2550 5469 2958 5535 amphilochicis.

1998 5536 2081 5610 l4)
2108 5538 2263 5610 Deest
2294 5536 2385 5610 hic
2412 5536 2589 5610 viginti
2617 5540 2670 5610 in
2705 5540 2823 5593 cod.
2856 5539 3001 5591 Arni.

1997 5606 2084 5677 15)
2109 5606 2288 5677 Codex
2320 5606 2491 5671 Armf,
2525 5608 2835 5677 Antigonus.

1975 5674 2084 5743 (16)
2112 5674 2370 5745 Superius
2396 5693 2467 5731 tv.
