  <div class='ocr_page' id='page_1' title='image "/cluster/home/n/w/nwhite01/storage/ocr_20150623/27/hvd.32044096580501/090.png"; bbox 0 0 4010 6192; ppageno 0'>
   <div class='ocr_carea' id='block_1_1' title="bbox 308 167 402 231">
    <p class='ocr_par' dir='ltr' id='par_1_1' title="bbox 308 167 402 231">
     <span class='ocr_line' id='line_1_1' title="bbox 308 167 402 231; baseline -0.032 -2"><span class='ocrx_word' id='word_1_1' title='bbox 308 167 402 231; x_wconf 70' lang='grc'><strong>180</strong></span> 
     </span>
    </p>
   </div>
   <div class='ocr_carea' id='block_1_2' title="bbox 1285 181 2469 251">
    <p class='ocr_par' dir='ltr' id='par_1_2' title="bbox 1285 181 2469 251">
     <span class='ocr_line' id='line_1_2' title="bbox 1285 181 2469 251; baseline 0.01 -12"><span class='ocrx_word' id='word_1_2' title='bbox 1285 181 1585 242; x_wconf 69' lang='lat' dir='ltr'><strong>EUSEBH</strong></span> <span class='ocrx_word' id='word_1_3' title='bbox 1634 186 2187 248; x_wconf 50' lang='lat' dir='ltr'><strong>Ciiiithll’itiliUil</strong></span> <span class='ocrx_word' id='word_1_4' title='bbox 2238 190 2365 248; x_wconf 66' lang='lat' dir='ltr'><strong>UP.</strong></span> <span class='ocrx_word' id='word_1_5' title='bbox 2426 195 2469 251; x_wconf 90' lang='grc'><strong>1.</strong></span> 
     </span>
    </p>
   </div>
   <div class='ocr_carea' id='block_1_3' title="bbox 3439 191 3538 254">
    <p class='ocr_par' dir='ltr' id='par_1_3' title="bbox 3439 191 3538 254">
     <span class='ocr_line' id='line_1_3' title="bbox 3439 191 3538 254; baseline 0 0"><span class='ocrx_word' id='word_1_6' title='bbox 3439 191 3538 254; x_wconf 68' lang='lat' dir='ltr'><strong>ru</strong></span> 
     </span>
    </p>
   </div>
   <div class='ocr_carea' id='block_1_4' title="bbox 308 277 3524 355">
    <p class='ocr_par' dir='ltr' id='par_1_4' title="bbox 308 277 3524 355">
     <span class='ocr_line' id='line_1_4' title="bbox 308 277 3524 355; baseline 0.003 -24"><span class='ocrx_word' id='word_1_7' title='bbox 308 282 441 332; x_wconf 59' lang='lat' dir='ltr'><strong>inter</strong></span> <span class='ocrx_word' id='word_1_8' title='bbox 477 277 748 331; x_wconf 82' lang='lat' dir='ltr'><strong>barbaros</strong></span> <span class='ocrx_word' id='word_1_9' title='bbox 784 278 1012 331; x_wconf 73' lang='lat' dir='ltr'><strong>ulterius</strong></span> <span class='ocrx_word' id='word_1_10' title='bbox 1039 285 1348 348; x_wconf 82' lang='lat' dir='ltr'><strong>provectus,</strong></span> <span class='ocrx_word' id='word_1_11' title='bbox 1381 281 1607 335; x_wconf 74' lang='lat' dir='ltr'><strong>victoria</strong></span> <span class='ocrx_word' id='word_1_12' title='bbox 1647 295 1870 351; x_wconf 80' lang='lat' dir='ltr'><strong>rcgnum</strong></span> <span class='ocrx_word' id='word_1_13' title='bbox 1903 289 1944 342; x_wconf 83' lang='grc' dir='ltr'><strong>Λ</strong></span> <span class='ocrx_word' id='word_1_14' title='bbox 1974 293 2026 336; x_wconf 75' lang='lat' dir='ltr'><strong>et</strong></span> <span class='ocrx_word' id='word_1_15' title='bbox 2083 286 2372 340; x_wconf 76' lang='lat' dir='ltr'><strong>tricesima:</strong></span> <span class='ocrx_word' id='word_1_16' title='bbox 2428 294 2633 339; x_wconf 75' lang='lat' dir='ltr'><strong>octava:</strong></span> <span class='ocrx_word' id='word_1_17' title='bbox 2678 285 3035 355; x_wconf 73' lang='lat' dir='ltr'><strong>Olympiadis,</strong></span> <span class='ocrx_word' id='word_1_18' title='bbox 3090 293 3249 353; x_wconf 73' lang='lat' dir='ltr'><strong>atque</strong></span> <span class='ocrx_word' id='word_1_19' title='bbox 3302 286 3373 337; x_wconf 84' lang='lat' dir='ltr'><strong>ita</strong></span> <span class='ocrx_word' id='word_1_20' title='bbox 3428 303 3524 340; x_wconf 88' lang='lat' dir='ltr'><strong>an-</strong></span> 
     </span>
    </p>
   </div>
   <div class='ocr_carea' id='block_1_5' title="bbox 308 368 1862 443">
    <p class='ocr_par' dir='ltr' id='par_1_5' title="bbox 308 368 1862 443">
     <span class='ocr_line' id='line_1_5' title="bbox 308 368 1862 443; baseline 0.005 -24"><span class='ocrx_word' id='word_1_21' title='bbox 308 368 775 423; x_wconf 76' lang='lat' dir='ltr'><strong>cuntirmavit..cx</strong></span> <span class='ocrx_word' id='word_1_22' title='bbox 809 385 981 439; x_wconf 88' lang='lat' dir='ltr'><strong>eaque</strong></span> <span class='ocrx_word' id='word_1_23' title='bbox 1022 371 1201 426; x_wconf 84' lang='lat' dir='ltr'><strong>dictus</strong></span> <span class='ocrx_word' id='word_1_24' title='bbox 1243 379 1327 425; x_wconf 90' lang='lat' dir='ltr'><strong>est</strong></span> <span class='ocrx_word' id='word_1_25' title='bbox 1359 371 1691 442; x_wconf 83' lang='lat' dir='ltr'><strong>Nicanor(t)</strong></span> <span class='ocrx_word' id='word_1_26' title='bbox 1744 376 1862 443; x_wconf 88' lang='lat' dir='ltr'><strong>(seu</strong></span> 
     </span>
    </p>
   </div>
   <div class='ocr_carea' id='block_1_6' title="bbox 307 453 1868 532">
    <p class='ocr_par' dir='ltr' id='par_1_6' title="bbox 307 453 1868 532">
     <span class='ocr_line' id='line_1_6' title="bbox 307 453 1868 532; baseline 0.004 -20"><span class='ocrx_word' id='word_1_27' title='bbox 307 460 523 527; x_wconf 82' lang='lat' dir='ltr'><strong>victor).</strong></span> <span class='ocrx_word' id='word_1_28' title='bbox 557 471 886 530; x_wconf 84' lang='lat' dir='ltr'><strong>sceptroque</strong></span> <span class='ocrx_word' id='word_1_29' title='bbox 927 463 1130 529; x_wconf 86' lang='lat' dir='ltr'><strong>potitus</strong></span> <span class='ocrx_word' id='word_1_30' title='bbox 1169 453 1253 515; x_wconf 82' lang='lat' dir='ltr'><strong>est</strong></span> <span class='ocrx_word' id='word_1_31' title='bbox 1287 463 1445 517; x_wconf 85' lang='lat' dir='ltr'><strong>annis</strong></span> <span class='ocrx_word' id='word_1_32' title='bbox 1479 464 1701 532; x_wconf 84' lang='lat' dir='ltr'><strong>triginta</strong></span> <span class='ocrx_word' id='word_1_33' title='bbox 1731 465 1868 518; x_wconf 89' lang='lat' dir='ltr'><strong>dno-</strong></span> 
     </span>
    </p>
   </div>
   <div class='ocr_carea' id='block_1_7' title="bbox 310 550 1871 623">
    <p class='ocr_par' dir='ltr' id='par_1_7' title="bbox 310 550 1871 623">
     <span class='ocr_line' id='line_1_7' title="bbox 310 550 1871 623; baseline 0.004 -21"><span class='ocrx_word' id='word_1_34' title='bbox 310 552 423 609; x_wconf 86' lang='lat' dir='ltr'><strong>bns,</strong></span> <span class='ocrx_word' id='word_1_35' title='bbox 460 564 630 603; x_wconf 66' lang='lat' dir='ltr'><strong>orsus</strong></span> <span class='ocrx_word' id='word_1_36' title='bbox 658 550 909 603; x_wconf 82' lang='lat' dir='ltr'><strong>videlicet</strong></span> <span class='ocrx_word' id='word_1_37' title='bbox 943 566 972 603; x_wconf 91' lang='lat' dir='ltr'><strong>a</strong></span> <span class='ocrx_word' id='word_1_38' title='bbox 1007 552 1321 604; x_wconf 73' lang='lat' dir='ltr'><strong>centesimae</strong></span> <span class='ocrx_word' id='word_1_39' title='bbox 1350 559 1406 605; x_wconf 90' lang='lat' dir='ltr'><strong>et</strong></span> <span class='ocrx_word' id='word_1_40' title='bbox 1450 552 1674 607; x_wconf 69' lang='lat' dir='ltr'><strong>decimae</strong></span> <span class='ocrx_word' id='word_1_41' title='bbox 1714 556 1871 623; x_wconf 86' lang='lat' dir='ltr'><strong>septi—</strong></span> 
     </span>
    </p>
   </div>
   <div class='ocr_carea' id='block_1_8' title="bbox 309 636 1870 714">
    <p class='ocr_par' dir='ltr' id='par_1_8' title="bbox 309 636 1870 714">
     <span class='ocr_line' id='line_1_8' title="bbox 309 636 1870 714; baseline 0.004 -21"><span class='ocrx_word' id='word_1_42' title='bbox 309 657 402 693; x_wconf 67' lang='lat' dir='ltr'><strong>ma:</strong></span> <span class='ocrx_word' id='word_1_43' title='bbox 452 636 784 710; x_wconf 67' lang='lat' dir='ltr'><strong>Olympiadis</strong></span> <span class='ocrx_word' id='word_1_44' title='bbox 832 655 976 693; x_wconf 86' lang='lat' dir='ltr'><strong>anno</strong></span> <span class='ocrx_word' id='word_1_45' title='bbox 1020 641 1196 711; x_wconf 90' lang='lat' dir='ltr'><strong>primo</strong></span> <span class='ocrx_word' id='word_1_46' title='bbox 1236 642 1349 708; x_wconf 72' lang='lat'><strong>(2),</strong></span> <span class='ocrx_word' id='word_1_47' title='bbox 1397 643 1762 714; x_wconf 80' lang='lat' dir='ltr'><strong>desinensque</strong></span> <span class='ocrx_word' id='word_1_48' title='bbox 1815 647 1870 700; x_wconf 89' lang='lat' dir='ltr'><strong>in</strong></span> 
     </span>
    </p>
   </div>
   <div class='ocr_carea' id='block_1_9' title="bbox 308 732 1865 803">
    <p class='ocr_par' dir='ltr' id='par_1_9' title="bbox 308 732 1865 803">
     <span class='ocr_line' id='line_1_9' title="bbox 308 732 1865 803; baseline 0.003 -19"><span class='ocrx_word' id='word_1_49' title='bbox 308 733 621 786; x_wconf 74' lang='lat' dir='ltr'><strong>centesima:</strong></span> <span class='ocrx_word' id='word_1_50' title='bbox 664 740 718 784; x_wconf 88' lang='lat' dir='ltr'><strong>et</strong></span> <span class='ocrx_word' id='word_1_51' title='bbox 769 732 1039 785; x_wconf 76' lang='lat' dir='ltr'><strong>vicesimae</strong></span> <span class='ocrx_word' id='word_1_52' title='bbox 1080 740 1286 801; x_wconf 68' lang='lat' dir='ltr'><strong>quartae</strong></span> <span class='ocrx_word' id='word_1_53' title='bbox 1338 748 1537 786; x_wconf 91' lang='lat' dir='ltr'><strong>annum</strong></span> <span class='ocrx_word' id='word_1_54' title='bbox 1590 744 1865 803; x_wconf 86' lang='lat' dir='ltr'><strong>quartum,</strong></span> 
     </span>
    </p>
   </div>
   <div class='ocr_carea' id='block_1_10' title="bbox 311 818 1870 892">
    <p class='ocr_par' dir='ltr' id='par_1_10' title="bbox 311 818 1870 892">
     <span class='ocr_line' id='line_1_10' title="bbox 311 818 1870 892; baseline 0.004 -23"><span class='ocrx_word' id='word_1_55' title='bbox 311 821 411 871; x_wconf 85' lang='lat' dir='ltr'><strong>vita</strong></span> <span class='ocrx_word' id='word_1_56' title='bbox 445 818 512 871; x_wconf 89' lang='lat' dir='ltr'><strong>ad</strong></span> <span class='ocrx_word' id='word_1_57' title='bbox 545 835 751 872; x_wconf 85' lang='lat' dir='ltr'><strong>annum</strong></span> <span class='ocrx_word' id='word_1_58' title='bbox 785 834 956 888; x_wconf 90' lang='lat' dir='ltr'><strong>usque</strong></span> <span class='ocrx_word' id='word_1_59' title='bbox 986 822 1444 889; x_wconf 73' lang='lat' dir='ltr'><strong>septuagesimum</strong></span> <span class='ocrx_word' id='word_1_60' title='bbox 1472 823 1718 891; x_wconf 87' lang='lat' dir='ltr'><strong>quintum</strong></span> <span class='ocrx_word' id='word_1_61' title='bbox 1744 840 1870 892; x_wconf 80' lang='lat' dir='ltr'><strong>pro-</strong></span> 
     </span>
    </p>
   </div>
   <div class='ocr_carea' id='block_1_11' title="bbox 310 909 1866 983">
    <p class='ocr_par' dir='ltr' id='par_1_11' title="bbox 310 909 1866 983">
     <span class='ocr_line' id='line_1_11' title="bbox 310 909 1866 983; baseline 0.004 -22"><span class='ocrx_word' id='word_1_62' title='bbox 310 911 486 970; x_wconf 84' lang='lat' dir='ltr'><strong>ducta,</strong></span> <span class='ocrx_word' id='word_1_63' title='bbox 526 925 641 977; x_wconf 87' lang='lat' dir='ltr'><strong>quo</strong></span> <span class='ocrx_word' id='word_1_64' title='bbox 675 910 904 963; x_wconf 80' lang='lat' dir='ltr'><strong>insidias</strong></span> <span class='ocrx_word' id='word_1_65' title='bbox 942 924 970 960; x_wconf 91' lang='lat' dir='ltr'><strong>a</strong></span> <span class='ocrx_word' id='word_1_66' title='bbox 1019 910 1271 962; x_wconf 74' lang='lat' dir='ltr'><strong>familiari</strong></span> <span class='ocrx_word' id='word_1_67' title='bbox 1316 909 1609 971; x_wconf 67' lang='lat' dir='ltr'><strong>Ptolemaei.</strong></span> <span class='ocrx_word' id='word_1_68' title='bbox 1663 928 1866 983; x_wconf 87' lang='lat' dir='ltr'><strong>cogno-</strong></span> 
     </span>
    </p>
   </div>
   <div class='ocr_carea' id='block_1_12' title="bbox 309 984 1365 1072">
    <p class='ocr_par' dir='ltr' id='par_1_12' title="bbox 309 984 1365 1072">
     <span class='ocr_line' id='line_1_12' title="bbox 309 984 1365 1072; baseline 0.005 -23"><span class='ocrx_word' id='word_1_69' title='bbox 309 1006 487 1052; x_wconf 88' lang='lat' dir='ltr'><strong>mento</strong></span> <span class='ocrx_word' id='word_1_70' title='bbox 516 998 776 1072; x_wconf 82' lang='lat' dir='ltr'><strong>Cerauni,</strong></span> <span class='ocrx_word' id='word_1_71' title='bbox 806 1013 1002 1067; x_wconf 87' lang='lat' dir='ltr'><strong>passus</strong></span> <span class='ocrx_word' id='word_1_72' title='bbox 1034 999 1261 1053; x_wconf 73' lang='lat' dir='ltr'><strong>interiit.</strong></span> <span class='ocrx_word' id='word_1_73' title='bbox 1360 984 1365 989; x_wconf 10' lang='grc' dir='ltr'><strong>ἢ</strong></span> 
     </span>
    </p>
   </div>
   <div class='ocr_carea' id='block_1_13' title="bbox 375 1089 1864 1165">
    <p class='ocr_par' dir='ltr' id='par_1_13' title="bbox 375 1089 1864 1165">
     <span class='ocr_line' id='line_1_13' title="bbox 375 1089 1864 1165; baseline 0.003 -21"><span class='ocrx_word' id='word_1_74' title='bbox 375 1091 426 1145; x_wconf 84' lang='lat'><strong>5.</strong></span> <span class='ocrx_word' id='word_1_75' title='bbox 471 1089 751 1145; x_wconf 89' lang='lat' dir='ltr'><strong>Successit</strong></span> <span class='ocrx_word' id='word_1_76' title='bbox 784 1090 926 1144; x_wconf 82' lang='lat' dir='ltr'><strong>filius</strong></span> <span class='ocrx_word' id='word_1_77' title='bbox 954 1089 1258 1145; x_wconf 83' lang='lat' dir='ltr'><strong>Antiochus</strong></span> <span class='ocrx_word' id='word_1_78' title='bbox 1289 1107 1350 1145; x_wconf 89' lang='lat' dir='ltr'><strong>ex</strong></span> <span class='ocrx_word' id='word_1_79' title='bbox 1384 1092 1586 1162; x_wconf 88' lang='lat' dir='ltr'><strong>Apame</strong></span> <span class='ocrx_word' id='word_1_80' title='bbox 1626 1096 1864 1165; x_wconf 85' lang='lat' dir='ltr'><strong>perside,</strong></span> 
     </span>
    </p>
   </div>
   <div class='ocr_carea' id='block_1_14' title="bbox 308 1178 1867 1251">
    <p class='ocr_par' dir='ltr' id='par_1_14' title="bbox 308 1178 1867 1251">
     <span class='ocr_line' id='line_1_14' title="bbox 308 1178 1867 1251; baseline 0.005 -19"><span class='ocrx_word' id='word_1_81' title='bbox 308 1182 394 1250; x_wconf 89' lang='lat' dir='ltr'><strong>qui</strong></span> <span class='ocrx_word' id='word_1_82' title='bbox 431 1180 734 1250; x_wconf 83' lang='lat' dir='ltr'><strong>appellatus</strong></span> <span class='ocrx_word' id='word_1_83' title='bbox 770 1188 855 1234; x_wconf 88' lang='lat' dir='ltr'><strong>est</strong></span> <span class='ocrx_word' id='word_1_84' title='bbox 890 1178 1051 1233; x_wconf 83' lang='lat' dir='ltr'><strong>Soter</strong></span> <span class='ocrx_word' id='word_1_85' title='bbox 1085 1180 1162 1250; x_wconf 78' lang='grc'><strong>(5)</strong></span> <span class='ocrx_word' id='word_1_86' title='bbox 1196 1179 1408 1251; x_wconf 85' lang='lat' dir='ltr'><strong>(nempe</strong></span> <span class='ocrx_word' id='word_1_87' title='bbox 1449 1186 1734 1245; x_wconf 67' lang='lat' dir='ltr'><strong>servatori.</strong></span> <span class='ocrx_word' id='word_1_88' title='bbox 1768 1185 1867 1241; x_wconf 78' lang='lat' dir='ltr'><strong>ilic</strong></span> 
     </span>
    </p>
   </div>
   <div class='ocr_carea' id='block_1_15' title="bbox 312 1272 1867 1346">
    <p class='ocr_par' dir='ltr' id='par_1_15' title="bbox 312 1272 1867 1346">
     <span class='ocr_line' id='line_1_15' title="bbox 312 1272 1867 1346; baseline 0.006 -23"><span class='ocrx_word' id='word_1_89' title='bbox 312 1274 618 1326; x_wconf 64' lang='lat' dir='ltr'><strong>centesimae</strong></span> <span class='ocrx_word' id='word_1_90' title='bbox 679 1279 733 1326; x_wconf 87' lang='lat' dir='ltr'><strong>et</strong></span> <span class='ocrx_word' id='word_1_91' title='bbox 786 1272 1064 1327; x_wconf 69' lang='lat' dir='ltr'><strong>vicesima:</strong></span> <span class='ocrx_word' id='word_1_92' title='bbox 1134 1288 1293 1327; x_wconf 69' lang='lat' dir='ltr'><strong>nona:</strong></span> <span class='ocrx_word' id='word_1_93' title='bbox 1340 1276 1663 1346; x_wconf 80' lang='lat' dir='ltr'><strong>Olympiadis</strong></span> <span class='ocrx_word' id='word_1_94' title='bbox 1724 1294 1867 1334; x_wconf 88' lang='lat' dir='ltr'><strong>anno</strong></span> 
     </span>
    </p>
   </div>
   <div class='ocr_carea' id='block_1_16' title="bbox 312 1361 1865 1438">
    <p class='ocr_par' dir='ltr' id='par_1_16' title="bbox 312 1361 1865 1438">
     <span class='ocr_line' id='line_1_16' title="bbox 312 1361 1865 1438; baseline 0.007 -25"><span class='ocrx_word' id='word_1_95' title='bbox 312 1361 483 1430; x_wconf 90' lang='lat' dir='ltr'><strong>primo</strong></span> <span class='ocrx_word' id='word_1_96' title='bbox 510 1363 664 1423; x_wconf 87' lang='lat' dir='ltr'><strong>obiit,</strong></span> <span class='ocrx_word' id='word_1_97' title='bbox 700 1369 989 1430; x_wconf 85' lang='lat' dir='ltr'><strong>postquam</strong></span> <span class='ocrx_word' id='word_1_98' title='bbox 1032 1363 1190 1416; x_wconf 91' lang='lat' dir='ltr'><strong>annis</strong></span> <span class='ocrx_word' id='word_1_99' title='bbox 1227 1378 1351 1418; x_wconf 83' lang='lat' dir='ltr'><strong>t.xtv</strong></span> <span class='ocrx_word' id='word_1_100' title='bbox 1381 1366 1624 1432; x_wconf 77' lang='lat' dir='ltr'><strong>vixerat;</strong></span> <span class='ocrx_word' id='word_1_101' title='bbox 1667 1385 1865 1438; x_wconf 79' lang='lat' dir='ltr'><strong>regna-</strong></span> 
     </span>
    </p>
   </div>
   <div class='ocr_carea' id='block_1_17' title="bbox 312 1451 1867 1512">
    <p class='ocr_par' dir='ltr' id='par_1_17' title="bbox 312 1451 1867 1512">
     <span class='ocr_line' id='line_1_17' title="bbox 312 1451 1867 1512; baseline 0.006 -10"><span class='ocrx_word' id='word_1_102' title='bbox 312 1457 460 1503; x_wconf 78' lang='lat' dir='ltr'><strong>verat</strong></span> <span class='ocrx_word' id='word_1_103' title='bbox 505 1459 684 1504; x_wconf 84' lang='lat' dir='ltr'><strong>autem</strong></span> <span class='ocrx_word' id='word_1_104' title='bbox 728 1451 886 1504; x_wconf 89' lang='lat' dir='ltr'><strong>annis</strong></span> <span class='ocrx_word' id='word_1_105' title='bbox 934 1467 1046 1511; x_wconf 86' lang='lat' dir='ltr'><strong>xtx,</strong></span> <span class='ocrx_word' id='word_1_106' title='bbox 1095 1467 1126 1504; x_wconf 92' lang='lat' dir='ltr'><strong>a</strong></span> <span class='ocrx_word' id='word_1_107' title='bbox 1161 1454 1468 1510; x_wconf 65' lang='lat' dir='ltr'><strong>centesimae</strong></span> <span class='ocrx_word' id='word_1_108' title='bbox 1500 1464 1554 1510; x_wconf 90' lang='lat' dir='ltr'><strong>et</strong></span> <span class='ocrx_word' id='word_1_109' title='bbox 1599 1458 1867 1512; x_wconf 65' lang='lat' dir='ltr'><strong>vicesimae</strong></span> 
     </span>
    </p>
   </div>
   <div class='ocr_carea' id='block_1_18' title="bbox 313 1539 1863 1615">
    <p class='ocr_par' dir='ltr' id='par_1_18' title="bbox 313 1539 1863 1615">
     <span class='ocr_line' id='line_1_18' title="bbox 313 1539 1863 1615; baseline 0.006 -23"><span class='ocrx_word' id='word_1_110' title='bbox 313 1542 510 1608; x_wconf 66' lang='lat' dir='ltr'><strong>quinta:</strong></span> <span class='ocrx_word' id='word_1_111' title='bbox 538 1539 867 1610; x_wconf 78' lang='lat' dir='ltr'><strong>Olympiadis</strong></span> <span class='ocrx_word' id='word_1_112' title='bbox 906 1543 1083 1610; x_wconf 89' lang='lat' dir='ltr'><strong>primo</strong></span> <span class='ocrx_word' id='word_1_113' title='bbox 1116 1558 1283 1608; x_wconf 89' lang='lat' dir='ltr'><strong>anno,</strong></span> <span class='ocrx_word' id='word_1_114' title='bbox 1329 1561 1504 1615; x_wconf 88' lang='lat' dir='ltr'><strong>usque</strong></span> <span class='ocrx_word' id='word_1_115' title='bbox 1546 1547 1612 1599; x_wconf 93' lang='lat' dir='ltr'><strong>ad</strong></span> <span class='ocrx_word' id='word_1_116' title='bbox 1645 1548 1863 1601; x_wconf 87' lang='lat' dir='ltr'><strong>tertium</strong></span> 
     </span>
    </p>
   </div>
   <div class='ocr_carea' id='block_1_19' title="bbox 1974 373 3527 444">
    <p class='ocr_par' dir='ltr' id='par_1_19' title="bbox 1974 373 3527 444">
     <span class='ocr_line' id='line_1_19' title="bbox 1974 373 3527 444; baseline 0.001 -19"><span class='ocrx_word' id='word_1_117' title='bbox 1974 373 2058 425; x_wconf 88' lang='lat' dir='ltr'><strong>nis</strong></span> <span class='ocrx_word' id='word_1_118' title='bbox 2098 390 2182 425; x_wconf 77' lang='lat' dir='ltr'><strong>xxi</strong></span> <span class='ocrx_word' id='word_1_119' title='bbox 2211 374 2286 441; x_wconf 84' lang='lat'><strong>(9)</strong></span> <span class='ocrx_word' id='word_1_120' title='bbox 2319 374 2628 429; x_wconf 83' lang='lat' dir='ltr'><strong>dominatus</strong></span> <span class='ocrx_word' id='word_1_121' title='bbox 2660 384 2764 430; x_wconf 80' lang='lat' dir='ltr'><strong>est.</strong></span> <span class='ocrx_word' id='word_1_122' title='bbox 2795 376 2850 427; x_wconf 85' lang='lat' dir='ltr'><strong>Ei</strong></span> <span class='ocrx_word' id='word_1_123' title='bbox 2894 385 3107 428; x_wconf 90' lang='lat' dir='ltr'><strong>mortuo</strong></span> <span class='ocrx_word' id='word_1_124' title='bbox 3130 377 3242 444; x_wconf 81' lang='lat' dir='ltr'><strong>(l0)</strong></span> <span class='ocrx_word' id='word_1_125' title='bbox 3285 380 3527 431; x_wconf 76' lang='lat' dir='ltr'><strong>succedit</strong></span> 
     </span>
    </p>
   </div>
   <div class='ocr_carea' id='block_1_20' title="bbox 1973 460 3529 532">
    <p class='ocr_par' dir='ltr' id='par_1_20' title="bbox 1973 460 3529 532">
     <span class='ocr_line' id='line_1_20' title="bbox 1973 460 3529 532; baseline 0.006 -21"><span class='ocrx_word' id='word_1_126' title='bbox 1973 460 2117 516; x_wconf 80' lang='lat' dir='ltr'><strong>lilius</strong></span> <span class='ocrx_word' id='word_1_127' title='bbox 2158 460 2439 522; x_wconf 83' lang='lat' dir='ltr'><strong>Seleucus,</strong></span> <span class='ocrx_word' id='word_1_128' title='bbox 2476 470 2836 530; x_wconf 87' lang='lat' dir='ltr'><strong>cognomcnlo</strong></span> <span class='ocrx_word' id='word_1_129' title='bbox 2874 461 3154 517; x_wconf 85' lang='lat' dir='ltr'><strong>Cerannus</strong></span> <span class='ocrx_word' id='word_1_130' title='bbox 3204 464 3378 532; x_wconf 82' lang='lat' dir='ltr'><strong>Atque</strong></span> <span class='ocrx_word' id='word_1_131' title='bbox 3414 464 3529 520; x_wconf 66' lang='lat' dir='ltr'><strong>haec</strong></span> 
     </span>
    </p>
   </div>
   <div class='ocr_carea' id='block_1_21' title="bbox 1969 553 2736 620">
    <p class='ocr_par' dir='ltr' id='par_1_21' title="bbox 1969 553 2736 620">
     <span class='ocr_line' id='line_1_21' title="bbox 1969 553 2736 620; baseline 0.005 -20"><span class='ocrx_word' id='word_1_132' title='bbox 1969 553 2185 620; x_wconf 81' lang='lat' dir='ltr'><strong>quidem</strong></span> <span class='ocrx_word' id='word_1_133' title='bbox 2220 553 2291 604; x_wconf 84' lang='lat' dir='ltr'><strong>ita</strong></span> <span class='ocrx_word' id='word_1_134' title='bbox 2326 567 2384 606; x_wconf 87' lang='lat' dir='ltr'><strong>se</strong></span> <span class='ocrx_word' id='word_1_135' title='bbox 2414 553 2736 605; x_wconf 73' lang='lat' dir='ltr'><strong>halzucrnnt.</strong></span> 
     </span>
    </p>
   </div>
   <div class='ocr_carea' id='block_1_22' title="bbox 2042 642 3526 709">
    <p class='ocr_par' dir='ltr' id='par_1_22' title="bbox 2042 642 3526 709">
     <span class='ocr_line' id='line_1_22' title="bbox 2042 642 3526 709; baseline 0.001 -13"><span class='ocrx_word' id='word_1_136' title='bbox 2042 643 2093 696; x_wconf 92' lang='lat'><strong>8.</strong></span> <span class='ocrx_word' id='word_1_137' title='bbox 2140 642 2527 696; x_wconf 87' lang='lat' dir='ltr'><strong>Verumtamen</strong></span> <span class='ocrx_word' id='word_1_138' title='bbox 2548 643 2758 696; x_wconf 78' lang='lat' dir='ltr'><strong>vivente</strong></span> <span class='ocrx_word' id='word_1_139' title='bbox 2779 643 2955 696; x_wconf 86' lang='lat' dir='ltr'><strong>adhuc</strong></span> <span class='ocrx_word' id='word_1_140' title='bbox 2983 643 3246 698; x_wconf 87' lang='lat' dir='ltr'><strong>Callinico</strong></span> <span class='ocrx_word' id='word_1_141' title='bbox 3274 644 3526 709; x_wconf 85' lang='lat' dir='ltr'><strong>Seleuco,</strong></span> 
     </span>
    </p>
   </div>
   <div class='ocr_carea' id='block_1_23' title="bbox 1968 729 3528 802">
    <p class='ocr_par' dir='ltr' id='par_1_23' title="bbox 1968 729 3528 802">
     <span class='ocr_line' id='line_1_23' title="bbox 1968 729 3528 802; baseline 0.004 -20"><span class='ocrx_word' id='word_1_142' title='bbox 1968 730 2271 800; x_wconf 79' lang='lat' dir='ltr'><strong>Antigonus</strong></span> <span class='ocrx_word' id='word_1_143' title='bbox 2304 729 2418 799; x_wconf 92' lang='grc'><strong>(11)</strong></span> <span class='ocrx_word' id='word_1_144' title='bbox 2451 731 2629 782; x_wconf 88' lang='lat' dir='ltr'><strong>minor</strong></span> <span class='ocrx_word' id='word_1_145' title='bbox 2660 738 2789 783; x_wconf 89' lang='lat' dir='ltr'><strong>natu</strong></span> <span class='ocrx_word' id='word_1_146' title='bbox 2825 730 2991 783; x_wconf 90' lang='lat' dir='ltr'><strong>frater</strong></span> <span class='ocrx_word' id='word_1_147' title='bbox 3024 732 3222 800; x_wconf 87' lang='lat' dir='ltr'><strong>quietis</strong></span> <span class='ocrx_word' id='word_1_148' title='bbox 3255 732 3528 802; x_wconf 85' lang='lat' dir='ltr'><strong>sortisque</strong></span> 
     </span>
    </p>
   </div>
   <div class='ocr_carea' id='block_1_24' title="bbox 1970 804 3529 890">
    <p class='ocr_par' dir='ltr' id='par_1_24' title="bbox 1970 804 3529 890">
     <span class='ocr_line' id='line_1_24' title="bbox 1970 804 3529 890; baseline 0.002 -17"><span class='ocrx_word' id='word_1_149' title='bbox 1970 835 2081 873; x_wconf 78' lang='lat' dir='ltr'><strong>su-.e</strong></span> <span class='ocrx_word' id='word_1_150' title='bbox 2111 822 2420 888; x_wconf 86' lang='lat' dir='ltr'><strong>impatiens,</strong></span> <span class='ocrx_word' id='word_1_151' title='bbox 2467 821 2770 889; x_wconf 84' lang='lat' dir='ltr'><strong>adjutorem</strong></span> <span class='ocrx_word' id='word_1_152' title='bbox 2807 804 3197 890; x_wconf 64' lang='lat' dir='ltr'><strong>favitorcmque</strong></span> <span class='ocrx_word' id='word_1_153' title='bbox 3227 829 3418 877; x_wconf 85' lang='lat' dir='ltr'><strong>nactus</strong></span> <span class='ocrx_word' id='word_1_154' title='bbox 3444 831 3529 878; x_wconf 86' lang='lat' dir='ltr'><strong>est</strong></span> 
     </span>
    </p>
   </div>
   <div class='ocr_carea' id='block_1_25' title="bbox 1967 909 3529 979">
    <p class='ocr_par' dir='ltr' id='par_1_25' title="bbox 1967 909 3529 979">
     <span class='ocr_line' id='line_1_25' title="bbox 1967 909 3529 979; baseline 0.004 -18"><span class='ocrx_word' id='word_1_155' title='bbox 1967 909 2354 973; x_wconf 73' lang='lat' dir='ltr'><strong>Alexandrum,</strong></span> <span class='ocrx_word' id='word_1_156' title='bbox 2403 912 2495 979; x_wconf 88' lang='lat' dir='ltr'><strong>qui</strong></span> <span class='ocrx_word' id='word_1_157' title='bbox 2524 911 2707 964; x_wconf 84' lang='lat' dir='ltr'><strong>urbem</strong></span> <span class='ocrx_word' id='word_1_158' title='bbox 2746 909 2946 964; x_wconf 88' lang='lat' dir='ltr'><strong>Sardes</strong></span> <span class='ocrx_word' id='word_1_159' title='bbox 2979 912 3215 975; x_wconf 77' lang='lat' dir='ltr'><strong>tenebat,</strong></span> <span class='ocrx_word' id='word_1_160' title='bbox 3247 921 3296 967; x_wconf 89' lang='lat' dir='ltr'><strong>et</strong></span> <span class='ocrx_word' id='word_1_161' title='bbox 3340 913 3529 968; x_wconf 87' lang='lat' dir='ltr'><strong>Laodi-</strong></span> 
     </span>
    </p>
   </div>
   <div class='ocr_carea' id='block_1_26' title="bbox 1969 999 3525 1071">
    <p class='ocr_par' dir='ltr' id='par_1_26' title="bbox 1969 999 3525 1071">
     <span class='ocr_line' id='line_1_26' title="bbox 1969 999 3525 1071; baseline 0.001 -17"><span class='ocrx_word' id='word_1_162' title='bbox 1969 1016 2060 1055; x_wconf 90' lang='lat' dir='ltr'><strong>ccs</strong></span> <span class='ocrx_word' id='word_1_163' title='bbox 2095 1003 2283 1054; x_wconf 87' lang='lat' dir='ltr'><strong>matris</strong></span> <span class='ocrx_word' id='word_1_164' title='bbox 2318 1017 2429 1055; x_wconf 66' lang='lat' dir='ltr'><strong>sua:</strong></span> <span class='ocrx_word' id='word_1_165' title='bbox 2466 1001 2630 1055; x_wconf 79' lang='lat' dir='ltr'><strong>frater</strong></span> <span class='ocrx_word' id='word_1_166' title='bbox 2669 1008 2785 1053; x_wconf 88' lang='lat' dir='ltr'><strong>erat</strong></span> <span class='ocrx_word' id='word_1_167' title='bbox 2809 999 2958 1070; x_wconf 69' lang='lat'><strong>(12):</strong></span> <span class='ocrx_word' id='word_1_168' title='bbox 2992 1002 3223 1071; x_wconf 86' lang='lat' dir='ltr'><strong>denique</strong></span> <span class='ocrx_word' id='word_1_169' title='bbox 3262 1010 3314 1056; x_wconf 88' lang='lat' dir='ltr'><strong>et</strong></span> <span class='ocrx_word' id='word_1_170' title='bbox 3358 1000 3525 1057; x_wconf 85' lang='lat' dir='ltr'><strong>Gallis</strong></span> 
     </span>
    </p>
   </div>
   <div class='ocr_carea' id='block_1_27' title="bbox 1968 1091 3524 1162">
    <p class='ocr_par' dir='ltr' id='par_1_27' title="bbox 1968 1091 3524 1162">
     <span class='ocr_line' id='line_1_27' title="bbox 1968 1091 3524 1162; baseline 0.001 -18"><span class='ocrx_word' id='word_1_171' title='bbox 1968 1092 2321 1146; x_wconf 72' lang='lat' dir='ltr'><strong>auxiliaribus</strong></span> <span class='ocrx_word' id='word_1_172' title='bbox 2357 1108 2490 1146; x_wconf 89' lang='lat' dir='ltr'><strong>usus</strong></span> <span class='ocrx_word' id='word_1_173' title='bbox 2536 1100 2638 1147; x_wconf 87' lang='lat' dir='ltr'><strong>est.</strong></span> <span class='ocrx_word' id='word_1_174' title='bbox 2682 1091 2903 1147; x_wconf 89' lang='lat' dir='ltr'><strong>Duobus</strong></span> <span class='ocrx_word' id='word_1_175' title='bbox 2940 1093 3137 1162; x_wconf 72' lang='lat' dir='ltr'><strong>przeliis</strong></span> <span class='ocrx_word' id='word_1_176' title='bbox 3182 1092 3440 1147; x_wconf 86' lang='lat' dir='ltr'><strong>Seleucus</strong></span> <span class='ocrx_word' id='word_1_177' title='bbox 3469 1094 3524 1146; x_wconf 90' lang='lat' dir='ltr'><strong>in</strong></span> 
     </span>
    </p>
   </div>
   <div class='ocr_carea' id='block_1_28' title="bbox 1967 1182 3523 1254">
    <p class='ocr_par' dir='ltr' id='par_1_28' title="bbox 1967 1182 3523 1254">
     <span class='ocr_line' id='line_1_28' title="bbox 1967 1182 3523 1254; baseline 0.003 -19"><span class='ocrx_word' id='word_1_178' title='bbox 1967 1182 2133 1253; x_wconf 86' lang='lat' dir='ltr'><strong>Lydia</strong></span> <span class='ocrx_word' id='word_1_179' title='bbox 2169 1184 2447 1237; x_wconf 81' lang='lat' dir='ltr'><strong>victoriam</strong></span> <span class='ocrx_word' id='word_1_180' title='bbox 2493 1192 2687 1239; x_wconf 89' lang='lat' dir='ltr'><strong>nactus</strong></span> <span class='ocrx_word' id='word_1_181' title='bbox 2732 1192 2816 1239; x_wconf 90' lang='lat' dir='ltr'><strong>est</strong></span> <span class='ocrx_word' id='word_1_182' title='bbox 2846 1185 2980 1254; x_wconf 80' lang='lat' dir='ltr'><strong>(l3),</strong></span> <span class='ocrx_word' id='word_1_183' title='bbox 3013 1185 3087 1238; x_wconf 91' lang='lat' dir='ltr'><strong>ita</strong></span> <span class='ocrx_word' id='word_1_184' title='bbox 3122 1190 3301 1239; x_wconf 89' lang='lat' dir='ltr'><strong>tamen</strong></span> <span class='ocrx_word' id='word_1_185' title='bbox 3333 1194 3392 1239; x_wconf 93' lang='lat' dir='ltr'><strong>ut</strong></span> <span class='ocrx_word' id='word_1_186' title='bbox 3429 1199 3523 1239; x_wconf 83' lang='lat' dir='ltr'><strong>nc-</strong></span> 
     </span>
    </p>
   </div>
   <div class='ocr_carea' id='block_1_29' title="bbox 1968 1274 3522 1344">
    <p class='ocr_par' dir='ltr' id='par_1_29' title="bbox 1968 1274 3522 1344">
     <span class='ocr_line' id='line_1_29' title="bbox 1968 1274 3522 1344; baseline -0.001 -16"><span class='ocrx_word' id='word_1_187' title='bbox 1968 1288 2072 1342; x_wconf 91' lang='lat' dir='ltr'><strong>qne</strong></span> <span class='ocrx_word' id='word_1_188' title='bbox 2116 1274 2314 1329; x_wconf 89' lang='lat' dir='ltr'><strong>Sardes</strong></span> <span class='ocrx_word' id='word_1_189' title='bbox 2347 1283 2559 1344; x_wconf 88' lang='lat' dir='ltr'><strong>caperet</strong></span> <span class='ocrx_word' id='word_1_190' title='bbox 2608 1291 2783 1344; x_wconf 86' lang='lat' dir='ltr'><strong>neque</strong></span> <span class='ocrx_word' id='word_1_191' title='bbox 2814 1274 3106 1343; x_wconf 81' lang='lat' dir='ltr'><strong>Ephesum,</strong></span> <span class='ocrx_word' id='word_1_192' title='bbox 3144 1289 3303 1344; x_wconf 90' lang='lat' dir='ltr'><strong>quam</strong></span> <span class='ocrx_word' id='word_1_193' title='bbox 3334 1276 3522 1328; x_wconf 79' lang='lat' dir='ltr'><strong>urbem</strong></span> 
     </span>
    </p>
   </div>
   <div class='ocr_carea' id='block_1_30' title="bbox 1968 1362 3525 1433">
    <p class='ocr_par' dir='ltr' id='par_1_30' title="bbox 1968 1362 3525 1433">
     <span class='ocr_line' id='line_1_30' title="bbox 1968 1362 3525 1433; baseline 0 -17"><span class='ocrx_word' id='word_1_194' title='bbox 1968 1364 2288 1419; x_wconf 60' lang='lat' dir='ltr'><strong>Ptolemaeus</strong></span> <span class='ocrx_word' id='word_1_195' title='bbox 2315 1364 2568 1432; x_wconf 74' lang='lat' dir='ltr'><strong>prtesidio</strong></span> <span class='ocrx_word' id='word_1_196' title='bbox 2604 1363 2890 1418; x_wconf 88' lang='lat' dir='ltr'><strong>insidebat.</strong></span> <span class='ocrx_word' id='word_1_197' title='bbox 2919 1362 3122 1417; x_wconf 77' lang='lat' dir='ltr'><strong>Deinde</strong></span> <span class='ocrx_word' id='word_1_198' title='bbox 3147 1365 3200 1417; x_wconf 90' lang='lat' dir='ltr'><strong>in</strong></span> <span class='ocrx_word' id='word_1_199' title='bbox 3241 1362 3525 1433; x_wconf 81' lang='lat' dir='ltr'><strong>Cappado-</strong></span> 
     </span>
    </p>
   </div>
   <div class='ocr_carea' id='block_1_31' title="bbox 1965 1452 3521 1529">
    <p class='ocr_par' dir='ltr' id='par_1_31' title="bbox 1965 1452 3521 1529">
     <span class='ocr_line' id='line_1_31' title="bbox 1965 1452 3521 1529; baseline -0.003 -20"><span class='ocrx_word' id='word_1_200' title='bbox 1965 1457 2051 1510; x_wconf 90' lang='lat' dir='ltr'><strong>cia</strong></span> <span class='ocrx_word' id='word_1_201' title='bbox 2104 1454 2366 1518; x_wconf 71' lang='lat' dir='ltr'><strong>adversus</strong></span> <span class='ocrx_word' id='word_1_202' title='bbox 2416 1452 2820 1529; x_wconf 74' lang='lat' dir='ltr'><strong>Mithridatem,</strong></span> <span class='ocrx_word' id='word_1_203' title='bbox 2880 1468 3021 1505; x_wconf 85' lang='lat' dir='ltr'><strong>novo</strong></span> <span class='ocrx_word' id='word_1_204' title='bbox 3074 1453 3260 1521; x_wconf 66' lang='lat' dir='ltr'><strong>praelia</strong></span> <span class='ocrx_word' id='word_1_205' title='bbox 3302 1460 3521 1517; x_wconf 89' lang='lat' dir='ltr'><strong>coorto,</strong></span> 
     </span>
    </p>
   </div>
   <div class='ocr_carea' id='block_1_32' title="bbox 1966 1543 3523 1613">
    <p class='ocr_par' dir='ltr' id='par_1_32' title="bbox 1966 1543 3523 1613">
     <span class='ocr_line' id='line_1_32' title="bbox 1966 1543 3523 1613; baseline -0.001 -14"><span class='ocrx_word' id='word_1_206' title='bbox 1966 1555 2079 1601; x_wconf 91' lang='lat' dir='ltr'><strong>tum</strong></span> <span class='ocrx_word' id='word_1_207' title='bbox 2128 1546 2356 1599; x_wconf 89' lang='lat' dir='ltr'><strong>militum</strong></span> <span class='ocrx_word' id='word_1_208' title='bbox 2402 1544 2520 1613; x_wconf 88' lang='lat' dir='ltr'><strong>ejus</strong></span> <span class='ocrx_word' id='word_1_209' title='bbox 2557 1543 2743 1612; x_wconf 88' lang='lat' dir='ltr'><strong>viginti</strong></span> <span class='ocrx_word' id='word_1_210' title='bbox 2794 1544 2960 1597; x_wconf 87' lang='lat' dir='ltr'><strong>millia</strong></span> <span class='ocrx_word' id='word_1_211' title='bbox 3010 1557 3149 1598; x_wconf 74' lang='lat' dir='ltr'><strong>czesa</strong></span> <span class='ocrx_word' id='word_1_212' title='bbox 3202 1558 3233 1597; x_wconf 88' lang='lat' dir='ltr'><strong>a</strong></span> <span class='ocrx_word' id='word_1_213' title='bbox 3276 1543 3523 1598; x_wconf 79' lang='lat' dir='ltr'><strong>barbaris</strong></span> 
     </span>
    </p>
   </div>
   <div class='ocr_carea' id='block_1_33' title="bbox 316 1618 3163 1705">
    <p class='ocr_par' dir='ltr' id='par_1_33' title="bbox 316 1618 3163 1705">
     <span class='ocr_line' id='line_1_33' title="bbox 316 1618 3163 1705; baseline 0.002 -24"><span class='ocrx_word' id='word_1_214' title='bbox 316 1630 579 1683; x_wconf 56' lang='lat' dir='ltr'><strong>vicesima</strong></span> <span class='ocrx_word' id='word_1_215' title='bbox 613 1644 771 1683; x_wconf 69' lang='lat' dir='ltr'><strong>nonae</strong></span> <span class='ocrx_word' id='word_1_216' title='bbox 808 1644 972 1698; x_wconf 86' lang='lat' dir='ltr'><strong>supra</strong></span> <span class='ocrx_word' id='word_1_217' title='bbox 1005 1634 1377 1688; x_wconf 80' lang='lat' dir='ltr'><strong>centesimam.</strong></span> <span class='ocrx_word' id='word_1_218' title='bbox 1416 1633 1540 1687; x_wconf 88' lang='lat' dir='ltr'><strong>Nati</strong></span> <span class='ocrx_word' id='word_1_219' title='bbox 1574 1644 1703 1689; x_wconf 88' lang='lat' dir='ltr'><strong>sunt</strong></span> <span class='ocrx_word' id='word_1_220' title='bbox 1744 1637 1794 1692; x_wconf 90' lang='lat' dir='ltr'><strong>ei</strong></span> <span class='ocrx_word' id='word_1_221' title='bbox 1815 1623 1863 1693; x_wconf 74' lang='grc' dir='ltr'><strong>’θ</strong></span> <span class='ocrx_word' id='word_1_222' title='bbox 1903 1618 1941 1672; x_wconf 73' lang='grc' dir='ltr'><strong>Β</strong></span> <span class='ocrx_word' id='word_1_223' title='bbox 1970 1644 2116 1699; x_wconf 89' lang='lat' dir='ltr'><strong>sunt,</strong></span> <span class='ocrx_word' id='word_1_224' title='bbox 2144 1644 2256 1690; x_wconf 84' lang='lat' dir='ltr'><strong>tum</strong></span> <span class='ocrx_word' id='word_1_225' title='bbox 2294 1637 2406 1704; x_wconf 90' lang='lat' dir='ltr'><strong>ipse</strong></span> <span class='ocrx_word' id='word_1_226' title='bbox 2438 1634 2752 1705; x_wconf 83' lang='lat' dir='ltr'><strong>proﬂigatns</strong></span> <span class='ocrx_word' id='word_1_227' title='bbox 2788 1634 3006 1688; x_wconf 86' lang='lat' dir='ltr'><strong>evanuit</strong></span> <span class='ocrx_word' id='word_1_228' title='bbox 3033 1634 3163 1703; x_wconf 69' lang='grc'><strong>(14).</strong></span> 
     </span>
    </p>
   </div>
   <div class='ocr_carea' id='block_1_34' title="bbox 317 1718 1864 1783">
    <p class='ocr_par' dir='ltr' id='par_1_34' title="bbox 317 1718 1864 1783">
     <span class='ocr_line' id='line_1_34' title="bbox 317 1718 1864 1783; baseline 0.008 -12"><span class='ocrx_word' id='word_1_229' title='bbox 317 1718 612 1775; x_wconf 64' lang='lat' dir='ltr'><strong>Stratonice</strong></span> <span class='ocrx_word' id='word_1_230' title='bbox 640 1719 893 1774; x_wconf 88' lang='lat' dir='ltr'><strong>Demetrii</strong></span> <span class='ocrx_word' id='word_1_231' title='bbox 921 1722 1198 1777; x_wconf 83' lang='lat' dir='ltr'><strong>masculus</strong></span> <span class='ocrx_word' id='word_1_232' title='bbox 1229 1723 1531 1780; x_wconf 86' lang='lat' dir='ltr'><strong>Antiochus</strong></span> <span class='ocrx_word' id='word_1_233' title='bbox 1572 1734 1626 1780; x_wconf 91' lang='lat' dir='ltr'><strong>et</strong></span> <span class='ocrx_word' id='word_1_234' title='bbox 1653 1725 1864 1783; x_wconf 71' lang='lat' dir='ltr'><strong>femina:</strong></span> 
     </span>
    </p>
   </div>
   <div class='ocr_carea' id='block_1_35' title="bbox 318 1810 1865 1885">
    <p class='ocr_par' dir='ltr' id='par_1_35' title="bbox 318 1810 1865 1885">
     <span class='ocr_line' id='line_1_35' title="bbox 318 1810 1865 1885; baseline 0.006 -22"><span class='ocrx_word' id='word_1_235' title='bbox 318 1810 615 1866; x_wconf 85' lang='lat' dir='ltr'><strong>Stratonice</strong></span> <span class='ocrx_word' id='word_1_236' title='bbox 664 1819 829 1880; x_wconf 87' lang='lat' dir='ltr'><strong>atque</strong></span> <span class='ocrx_word' id='word_1_237' title='bbox 891 1812 1116 1883; x_wconf 88' lang='lat' dir='ltr'><strong>Apame,</strong></span> <span class='ocrx_word' id='word_1_238' title='bbox 1166 1830 1396 1885; x_wconf 88' lang='lat' dir='ltr'><strong>quarum</strong></span> <span class='ocrx_word' id='word_1_239' title='bbox 1454 1815 1714 1885; x_wconf 88' lang='lat' dir='ltr'><strong>Apamem</strong></span> <span class='ocrx_word' id='word_1_240' title='bbox 1758 1818 1865 1872; x_wconf 83' lang='lat' dir='ltr'><strong>Ma-</strong></span> 
     </span>
    </p>
   </div>
   <div class='ocr_carea' id='block_1_36' title="bbox 316 1901 1864 1970">
    <p class='ocr_par' dir='ltr' id='par_1_36' title="bbox 316 1901 1864 1970">
     <span class='ocr_line' id='line_1_36' title="bbox 316 1901 1864 1970; baseline 0.006 -17"><span class='ocrx_word' id='word_1_241' title='bbox 316 1918 405 1970; x_wconf 89' lang='lat' dir='ltr'><strong>gas</strong></span> <span class='ocrx_word' id='word_1_242' title='bbox 435 1902 508 1970; x_wconf 62' lang='grc'><strong>(1)</strong></span> <span class='ocrx_word' id='word_1_243' title='bbox 536 1901 691 1955; x_wconf 82' lang='lat' dir='ltr'><strong>duxit</strong></span> <span class='ocrx_word' id='word_1_244' title='bbox 727 1917 972 1959; x_wconf 90' lang='lat' dir='ltr'><strong>uxorem.</strong></span> <span class='ocrx_word' id='word_1_245' title='bbox 1016 1904 1377 1961; x_wconf 90' lang='lat' dir='ltr'><strong>Stratonicem</strong></span> <span class='ocrx_word' id='word_1_246' title='bbox 1410 1914 1587 1960; x_wconf 90' lang='lat' dir='ltr'><strong>autem</strong></span> <span class='ocrx_word' id='word_1_247' title='bbox 1629 1922 1722 1963; x_wconf 88' lang='lat' dir='ltr'><strong>rex</strong></span> <span class='ocrx_word' id='word_1_248' title='bbox 1752 1907 1864 1962; x_wconf 75' lang='lat' dir='ltr'><strong>Ma-</strong></span> 
     </span>
    </p>
   </div>
   <div class='ocr_carea' id='block_1_37' title="bbox 316 1994 901 2051">
    <p class='ocr_par' dir='ltr' id='par_1_37' title="bbox 316 1994 901 2051">
     <span class='ocr_line' id='line_1_37' title="bbox 316 1994 901 2051; baseline 0.003 -4"><span class='ocrx_word' id='word_1_249' title='bbox 316 1995 546 2049; x_wconf 72' lang='lat' dir='ltr'><strong>cedonia:</strong></span> <span class='ocrx_word' id='word_1_250' title='bbox 575 1994 901 2051; x_wconf 86' lang='lat' dir='ltr'><strong>Demetrius.</strong></span> 
     </span>
    </p>
   </div>
   <div class='ocr_carea' id='block_1_38' title="bbox 381 2073 1867 2149">
    <p class='ocr_par' dir='ltr' id='par_1_38' title="bbox 381 2073 1867 2149">
     <span class='ocr_line' id='line_1_38' title="bbox 381 2073 1867 2149; baseline 0.007 -12"><span class='ocrx_word' id='word_1_251' title='bbox 381 2085 432 2137; x_wconf 88' lang='lat'><strong>6.</strong></span> <span class='ocrx_word' id='word_1_252' title='bbox 477 2084 737 2138; x_wconf 69' lang='lat' dir='ltr'><strong>Prazdicto</strong></span> <span class='ocrx_word' id='word_1_253' title='bbox 766 2086 1034 2142; x_wconf 83' lang='lat' dir='ltr'><strong>Antiocho</strong></span> <span class='ocrx_word' id='word_1_254' title='bbox 1061 2085 1237 2143; x_wconf 89' lang='lat' dir='ltr'><strong>Soteri</strong></span> <span class='ocrx_word' id='word_1_255' title='bbox 1274 2090 1385 2144; x_wconf 86' lang='lat' dir='ltr'><strong>vita</strong></span> <span class='ocrx_word' id='word_1_256' title='bbox 1427 2073 1616 2147; x_wconf 80' lang='lat' dir='ltr'><strong>functo</strong></span> <span class='ocrx_word' id='word_1_257' title='bbox 1651 2108 1867 2149; x_wconf 90' lang='lat' dir='ltr'><strong>succes-</strong></span> 
     </span>
    </p>
   </div>
   <div class='ocr_carea' id='block_1_39' title="bbox 319 2175 1860 2254">
    <p class='ocr_par' dir='ltr' id='par_1_39' title="bbox 319 2175 1860 2254">
     <span class='ocr_line' id='line_1_39' title="bbox 319 2175 1860 2254; baseline 0.005 -23"><span class='ocrx_word' id='word_1_258' title='bbox 319 2175 387 2231; x_wconf 83' lang='lat' dir='ltr'><strong>sit</strong></span> <span class='ocrx_word' id='word_1_259' title='bbox 422 2177 476 2229; x_wconf 85' lang='lat' dir='ltr'><strong>in</strong></span> <span class='ocrx_word' id='word_1_260' title='bbox 518 2177 805 2245; x_wconf 89' lang='lat' dir='ltr'><strong>imperium</strong></span> <span class='ocrx_word' id='word_1_261' title='bbox 844 2176 1171 2243; x_wconf 88' lang='lat' dir='ltr'><strong>Antiochus,</strong></span> <span class='ocrx_word' id='word_1_262' title='bbox 1210 2192 1569 2250; x_wconf 89' lang='lat' dir='ltr'><strong>cognomento</strong></span> <span class='ocrx_word' id='word_1_263' title='bbox 1599 2184 1740 2240; x_wconf 88' lang='lat' dir='ltr'><strong>Deus</strong></span> <span class='ocrx_word' id='word_1_264' title='bbox 1763 2183 1860 2254; x_wconf 80' lang='grc'><strong>(5),</strong></span> 
     </span>
    </p>
   </div>
   <div class='ocr_carea' id='block_1_40' title="bbox 318 2268 1863 2346">
    <p class='ocr_par' dir='ltr' id='par_1_40' title="bbox 318 2268 1863 2346">
     <span class='ocr_line' id='line_1_40' title="bbox 318 2268 1863 2346; baseline 0.007 -28"><span class='ocrx_word' id='word_1_265' title='bbox 318 2282 470 2322; x_wconf 81' lang='lat' dir='ltr'><strong>orsus</strong></span> <span class='ocrx_word' id='word_1_266' title='bbox 506 2281 535 2319; x_wconf 89' lang='lat' dir='ltr'><strong>a</strong></span> <span class='ocrx_word' id='word_1_267' title='bbox 578 2268 888 2323; x_wconf 63' lang='lat' dir='ltr'><strong>centesima:</strong></span> <span class='ocrx_word' id='word_1_268' title='bbox 928 2271 1290 2326; x_wconf 80' lang='lat' dir='ltr'><strong>et&#39;vicesimae</strong></span> <span class='ocrx_word' id='word_1_269' title='bbox 1336 2287 1491 2328; x_wconf 74' lang='lat' dir='ltr'><strong>nonae</strong></span> <span class='ocrx_word' id='word_1_270' title='bbox 1539 2275 1863 2346; x_wconf 81' lang='lat' dir='ltr'><strong>Olympiadis</strong></span> 
     </span>
    </p>
   </div>
   <div class='ocr_carea' id='block_1_41' title="bbox 315 2358 1864 2435">
    <p class='ocr_par' dir='ltr' id='par_1_41' title="bbox 315 2358 1864 2435">
     <span class='ocr_line' id='line_1_41' title="bbox 315 2358 1864 2435; baseline 0.008 -28"><span class='ocrx_word' id='word_1_271' title='bbox 315 2364 504 2424; x_wconf 85' lang='lat' dir='ltr'><strong>quarto</strong></span> <span class='ocrx_word' id='word_1_272' title='bbox 533 2372 700 2418; x_wconf 88' lang='lat' dir='ltr'><strong>anno,</strong></span> <span class='ocrx_word' id='word_1_273' title='bbox 735 2358 1008 2429; x_wconf 84' lang='lat' dir='ltr'><strong>vitamque</strong></span> <span class='ocrx_word' id='word_1_274' title='bbox 1052 2361 1212 2414; x_wconf 88' lang='lat' dir='ltr'><strong>annis</strong></span> <span class='ocrx_word' id='word_1_275' title='bbox 1239 2360 1415 2416; x_wconf 89' lang='lat' dir='ltr'><strong>adhuc</strong></span> <span class='ocrx_word' id='word_1_276' title='bbox 1446 2379 1512 2416; x_wconf 87' lang='lat' dir='ltr'><strong>xv</strong></span> <span class='ocrx_word' id='word_1_277' title='bbox 1536 2363 1612 2434; x_wconf 82' lang='grc' dir='ltr'><strong>(ϐ)</strong></span> <span class='ocrx_word' id='word_1_278' title='bbox 1665 2379 1864 2435; x_wconf 87' lang='lat' dir='ltr'><strong>propa-</strong></span> 
     </span>
    </p>
   </div>
   <div class='ocr_carea' id='block_1_42' title="bbox 316 2447 1860 2523">
    <p class='ocr_par' dir='ltr' id='par_1_42' title="bbox 316 2447 1860 2523">
     <span class='ocr_line' id='line_1_42' title="bbox 316 2447 1860 2523; baseline 0.007 -25"><span class='ocrx_word' id='word_1_279' title='bbox 316 2461 464 2517; x_wconf 81' lang='lat' dir='ltr'><strong>gans.</strong></span> <span class='ocrx_word' id='word_1_280' title='bbox 501 2447 795 2516; x_wconf 57' lang='lat' dir='ltr'><strong>lutplicitzs</strong></span> <span class='ocrx_word' id='word_1_281' title='bbox 824 2449 877 2503; x_wconf 91' lang='lat' dir='ltr'><strong>in</strong></span> <span class='ocrx_word' id='word_1_282' title='bbox 902 2450 1148 2505; x_wconf 85' lang='lat' dir='ltr'><strong>morbum</strong></span> <span class='ocrx_word' id='word_1_283' title='bbox 1178 2451 1414 2507; x_wconf 89' lang='lat' dir='ltr'><strong>decessit</strong></span> <span class='ocrx_word' id='word_1_284' title='bbox 1444 2452 1640 2523; x_wconf 85' lang='lat' dir='ltr'><strong>Ephesi</strong></span> <span class='ocrx_word' id='word_1_285' title='bbox 1677 2465 1860 2510; x_wconf 89' lang='lat' dir='ltr'><strong>cente-</strong></span> 
     </span>
    </p>
   </div>
   <div class='ocr_carea' id='block_1_43' title="bbox 320 2538 1858 2619">
    <p class='ocr_par' dir='ltr' id='par_1_43' title="bbox 320 2538 1858 2619">
     <span class='ocr_line' id='line_1_43' title="bbox 320 2538 1858 2619; baseline 0.008 -33"><span class='ocrx_word' id='word_1_286' title='bbox 320 2540 463 2589; x_wconf 76' lang='lat' dir='ltr'><strong>sima:</strong></span> <span class='ocrx_word' id='word_1_287' title='bbox 497 2545 549 2590; x_wconf 88' lang='lat' dir='ltr'><strong>et</strong></span> <span class='ocrx_word' id='word_1_288' title='bbox 588 2538 876 2593; x_wconf 73' lang='lat' dir='ltr'><strong>tricesima:</strong></span> <span class='ocrx_word' id='word_1_289' title='bbox 907 2540 1107 2608; x_wconf 70' lang='lat' dir='ltr'><strong>quinta:</strong></span> <span class='ocrx_word' id='word_1_290' title='bbox 1137 2541 1456 2619; x_wconf 82' lang='lat' dir='ltr'><strong>Olympiadis</strong></span> <span class='ocrx_word' id='word_1_291' title='bbox 1498 2546 1656 2598; x_wconf 90' lang='lat' dir='ltr'><strong>tertio</strong></span> <span class='ocrx_word' id='word_1_292' title='bbox 1692 2560 1858 2610; x_wconf 91' lang='lat' dir='ltr'><strong>anno,</strong></span> 
     </span>
    </p>
   </div>
   <div class='ocr_carea' id='block_1_44' title="bbox 320 2629 1860 2702">
    <p class='ocr_par' dir='ltr' id='par_1_44' title="bbox 320 2629 1860 2702">
     <span class='ocr_line' id='line_1_44' title="bbox 320 2629 1860 2702; baseline 0.007 -23"><span class='ocrx_word' id='word_1_293' title='bbox 320 2637 588 2697; x_wconf 79' lang='lat' dir='ltr'><strong>postquam</strong></span> <span class='ocrx_word' id='word_1_294' title='bbox 630 2629 790 2685; x_wconf 88' lang='lat' dir='ltr'><strong>annis</strong></span> <span class='ocrx_word' id='word_1_295' title='bbox 832 2631 1055 2685; x_wconf 89' lang='lat' dir='ltr'><strong>omnino</strong></span> <span class='ocrx_word' id='word_1_296' title='bbox 1083 2631 1438 2702; x_wconf 74' lang='lat' dir='ltr'><strong>quadraginta</strong></span> <span class='ocrx_word' id='word_1_297' title='bbox 1487 2635 1729 2690; x_wconf 82' lang='lat' dir='ltr'><strong>vixisset.</strong></span> <span class='ocrx_word' id='word_1_298' title='bbox 1770 2634 1860 2690; x_wconf 86' lang='lat' dir='ltr'><strong>Fi-</strong></span> 
     </span>
    </p>
   </div>
   <div class='ocr_carea' id='block_1_45' title="bbox 322 2716 1861 2793">
    <p class='ocr_par' dir='ltr' id='par_1_45' title="bbox 322 2716 1861 2793">
     <span class='ocr_line' id='line_1_45' title="bbox 322 2716 1861 2793; baseline 0.008 -25"><span class='ocrx_word' id='word_1_299' title='bbox 322 2716 418 2770; x_wconf 84' lang='lat' dir='ltr'><strong>lius</strong></span> <span class='ocrx_word' id='word_1_300' title='bbox 458 2720 693 2787; x_wconf 81' lang='lat' dir='ltr'><strong>suscepit</strong></span> <span class='ocrx_word' id='word_1_301' title='bbox 742 2718 899 2783; x_wconf 90' lang='lat' dir='ltr'><strong>duos,</strong></span> <span class='ocrx_word' id='word_1_302' title='bbox 946 2719 1257 2786; x_wconf 88' lang='lat' dir='ltr'><strong>Seleucum,</strong></span> <span class='ocrx_word' id='word_1_303' title='bbox 1307 2730 1664 2793; x_wconf 84' lang='lat' dir='ltr'><strong>cognomento</strong></span> <span class='ocrx_word' id='word_1_304' title='bbox 1703 2726 1861 2780; x_wconf 86' lang='lat' dir='ltr'><strong>Calli-</strong></span> 
     </span>
    </p>
   </div>
   <div class='ocr_carea' id='block_1_46' title="bbox 321 2808 1859 2883">
    <p class='ocr_par' dir='ltr' id='par_1_46' title="bbox 321 2808 1859 2883">
     <span class='ocr_line' id='line_1_46' title="bbox 321 2808 1859 2883; baseline 0.01 -25"><span class='ocrx_word' id='word_1_305' title='bbox 321 2808 510 2871; x_wconf 88' lang='lat' dir='ltr'><strong>nicum,</strong></span> <span class='ocrx_word' id='word_1_306' title='bbox 556 2821 609 2864; x_wconf 87' lang='lat' dir='ltr'><strong>et</strong></span> <span class='ocrx_word' id='word_1_307' title='bbox 655 2810 1018 2880; x_wconf 89' lang='lat' dir='ltr'><strong>Antigonum;</strong></span> <span class='ocrx_word' id='word_1_308' title='bbox 1077 2812 1320 2883; x_wconf 86' lang='lat' dir='ltr'><strong>filiasque</strong></span> <span class='ocrx_word' id='word_1_309' title='bbox 1367 2815 1511 2870; x_wconf 88' lang='lat' dir='ltr'><strong>duas</strong></span> <span class='ocrx_word' id='word_1_310' title='bbox 1549 2832 1580 2871; x_wconf 89' lang='lat' dir='ltr'><strong>e</strong></span> <span class='ocrx_word' id='word_1_311' title='bbox 1627 2816 1859 2874; x_wconf 86' lang='lat' dir='ltr'><strong>Laodice</strong></span> 
     </span>
    </p>
   </div>
   <div class='ocr_carea' id='block_1_47' title="bbox 319 2896 1854 2971">
    <p class='ocr_par' dir='ltr' id='par_1_47' title="bbox 319 2896 1854 2971">
     <span class='ocr_line' id='line_1_47' title="bbox 319 2896 1854 2971; baseline 0.008 -23"><span class='ocrx_word' id='word_1_312' title='bbox 319 2896 487 2950; x_wconf 65' lang='lat' dir='ltr'><strong>Achaei</strong></span> <span class='ocrx_word' id='word_1_313' title='bbox 526 2898 623 2968; x_wconf 86' lang='lat'><strong>(7),</strong></span> <span class='ocrx_word' id='word_1_314' title='bbox 673 2915 905 2968; x_wconf 90' lang='lat' dir='ltr'><strong>quarum</strong></span> <span class='ocrx_word' id='word_1_315' title='bbox 955 2902 1182 2955; x_wconf 85' lang='lat' dir='ltr'><strong>alteram</strong></span> <span class='ocrx_word' id='word_1_316' title='bbox 1223 2902 1580 2971; x_wconf 80' lang='lat' dir='ltr'><strong>Mithridates,</strong></span> <span class='ocrx_word' id='word_1_317' title='bbox 1610 2898 1854 2959; x_wconf 84' lang='lat' dir='ltr'><strong>alteram</strong></span> 
     </span>
    </p>
   </div>
   <div class='ocr_carea' id='block_1_48' title="bbox 322 2988 1187 3057">
    <p class='ocr_par' dir='ltr' id='par_1_48' title="bbox 322 2988 1187 3057">
     <span class='ocr_line' id='line_1_48' title="bbox 322 2988 1187 3057; baseline 0.009 -20"><span class='ocrx_word' id='word_1_318' title='bbox 322 2988 538 3042; x_wconf 63' lang='lat' dir='ltr'><strong>Arathes</strong></span> <span class='ocrx_word' id='word_1_319' title='bbox 560 2988 637 3057; x_wconf 85' lang='lat'><strong>(8)</strong></span> <span class='ocrx_word' id='word_1_320' title='bbox 668 2989 942 3043; x_wconf 84' lang='lat' dir='ltr'><strong>duxerunt</strong></span> <span class='ocrx_word' id='word_1_321' title='bbox 973 3005 1187 3045; x_wconf 80' lang='lat' dir='ltr'><strong>uxores.</strong></span> 
     </span>
    </p>
   </div>
   <div class='ocr_carea' id='block_1_49' title="bbox 385 3079 1853 3154">
    <p class='ocr_par' dir='ltr' id='par_1_49' title="bbox 385 3079 1853 3154">
     <span class='ocr_line' id='line_1_49' title="bbox 385 3079 1853 3154; baseline 0.005 -23"><span class='ocrx_word' id='word_1_322' title='bbox 385 3079 435 3133; x_wconf 85' lang='lat'><strong>7.</strong></span> <span class='ocrx_word' id='word_1_323' title='bbox 476 3079 600 3134; x_wconf 83' lang='lat' dir='ltr'><strong>Post</strong></span> <span class='ocrx_word' id='word_1_324' title='bbox 631 3096 754 3133; x_wconf 90' lang='lat' dir='ltr'><strong>eum</strong></span> <span class='ocrx_word' id='word_1_325' title='bbox 788 3081 961 3150; x_wconf 88' lang='lat' dir='ltr'><strong>major</strong></span> <span class='ocrx_word' id='word_1_326' title='bbox 988 3089 1120 3135; x_wconf 90' lang='lat' dir='ltr'><strong>natu</strong></span> <span class='ocrx_word' id='word_1_327' title='bbox 1161 3080 1439 3145; x_wconf 86' lang='lat' dir='ltr'><strong>Seleucus,</strong></span> <span class='ocrx_word' id='word_1_328' title='bbox 1476 3094 1853 3154; x_wconf 87' lang='lat' dir='ltr'><strong>cognomento,</strong></span> 
     </span>
    </p>
   </div>
   <div class='ocr_carea' id='block_1_50' title="bbox 324 3169 1858 3245">
    <p class='ocr_par' dir='ltr' id='par_1_50' title="bbox 324 3169 1858 3245">
     <span class='ocr_line' id='line_1_50' title="bbox 324 3169 1858 3245; baseline 0.005 -25"><span class='ocrx_word' id='word_1_329' title='bbox 324 3178 376 3221; x_wconf 89' lang='lat' dir='ltr'><strong>ut</strong></span> <span class='ocrx_word' id='word_1_330' title='bbox 403 3169 651 3233; x_wconf 75' lang='lat' dir='ltr'><strong>diximus,</strong></span> <span class='ocrx_word' id='word_1_331' title='bbox 683 3171 1003 3237; x_wconf 87' lang='lat' dir='ltr'><strong>Callinicus,</strong></span> <span class='ocrx_word' id='word_1_332' title='bbox 1036 3187 1260 3242; x_wconf 87' lang='lat' dir='ltr'><strong>regnum</strong></span> <span class='ocrx_word' id='word_1_333' title='bbox 1303 3173 1461 3228; x_wconf 90' lang='lat' dir='ltr'><strong>tertio</strong></span> <span class='ocrx_word' id='word_1_334' title='bbox 1504 3188 1646 3227; x_wconf 89' lang='lat' dir='ltr'><strong>anno</strong></span> <span class='ocrx_word' id='word_1_335' title='bbox 1688 3175 1858 3245; x_wconf 86' lang='lat' dir='ltr'><strong>olym-</strong></span> 
     </span>
    </p>
   </div>
   <div class='ocr_carea' id='block_1_51' title="bbox 322 3260 1858 3334">
    <p class='ocr_par' dir='ltr' id='par_1_51' title="bbox 322 3260 1858 3334">
     <span class='ocr_line' id='line_1_51' title="bbox 322 3260 1858 3334; baseline 0.008 -26"><span class='ocrx_word' id='word_1_336' title='bbox 322 3260 484 3326; x_wconf 74' lang='lat' dir='ltr'><strong>piadis</strong></span> <span class='ocrx_word' id='word_1_337' title='bbox 527 3261 835 3314; x_wconf 58' lang='lat' dir='ltr'><strong>centesimae</strong></span> <span class='ocrx_word' id='word_1_338' title='bbox 883 3268 935 3315; x_wconf 88' lang='lat' dir='ltr'><strong>et</strong></span> <span class='ocrx_word' id='word_1_339' title='bbox 983 3261 1273 3317; x_wconf 70' lang='lat' dir='ltr'><strong>tricesima:</strong></span> <span class='ocrx_word' id='word_1_340' title='bbox 1318 3263 1494 3317; x_wconf 65' lang='lat' dir='ltr'><strong>tertiae</strong></span> <span class='ocrx_word' id='word_1_341' title='bbox 1541 3263 1858 3334; x_wconf 85' lang='lat' dir='ltr'><strong>auspicatus</strong></span> 
     </span>
    </p>
   </div>
   <div class='ocr_carea' id='block_1_52' title="bbox 319 3351 1858 3420">
    <p class='ocr_par' dir='ltr' id='par_1_52' title="bbox 319 3351 1858 3420">
     <span class='ocr_line' id='line_1_52' title="bbox 319 3351 1858 3420; baseline 0.004 -20"><span class='ocrx_word' id='word_1_342' title='bbox 319 3358 420 3411; x_wconf 73' lang='lat' dir='ltr'><strong>est,</strong></span> <span class='ocrx_word' id='word_1_343' title='bbox 453 3352 725 3419; x_wconf 82' lang='lat' dir='ltr'><strong>tenuitque</strong></span> <span class='ocrx_word' id='word_1_344' title='bbox 756 3351 821 3404; x_wconf 85' lang='lat' dir='ltr'><strong>ad</strong></span> <span class='ocrx_word' id='word_1_345' title='bbox 852 3351 1079 3403; x_wconf 90' lang='lat' dir='ltr'><strong>alterum</strong></span> <span class='ocrx_word' id='word_1_346' title='bbox 1108 3366 1280 3420; x_wconf 88' lang='lat' dir='ltr'><strong>usque</strong></span> <span class='ocrx_word' id='word_1_347' title='bbox 1309 3365 1509 3404; x_wconf 89' lang='lat' dir='ltr'><strong>annum</strong></span> <span class='ocrx_word' id='word_1_348' title='bbox 1549 3359 1858 3407; x_wconf 69' lang='lat' dir='ltr'><strong>centesrmae</strong></span> 
     </span>
    </p>
   </div>
   <div class='ocr_carea' id='block_1_53' title="bbox 389 3524 1857 3598">
    <p class='ocr_par' dir='ltr' id='par_1_53' title="bbox 389 3524 1857 3598">
     <span class='ocr_line' id='line_1_53' title="bbox 389 3524 1857 3598; baseline 0.006 -22"><span class='ocrx_word' id='word_1_349' title='bbox 389 3524 455 3591; x_wconf 78' lang='grc'><strong>(1)</strong></span> <span class='ocrx_word' id='word_1_350' title='bbox 515 3525 682 3595; x_wconf 68' lang='lat' dir='ltr'><strong>Vulgo</strong></span> <span class='ocrx_word' id='word_1_351' title='bbox 730 3525 1000 3598; x_wconf 46' lang='lat' dir='ltr'><strong>giretur;</strong></span> <span class='ocrx_word' id='word_1_352' title='bbox 1059 3543 1153 3598; x_wconf 72' lang='lat' dir='ltr'><strong>seu</strong></span> <span class='ocrx_word' id='word_1_353' title='bbox 1208 3525 1444 3580; x_wconf 84' lang='lat' dir='ltr'><strong>Nicanor</strong></span> <span class='ocrx_word' id='word_1_354' title='bbox 1500 3528 1661 3582; x_wconf 90' lang='lat' dir='ltr'><strong>etiam</strong></span> <span class='ocrx_word' id='word_1_355' title='bbox 1717 3530 1857 3598; x_wconf 86' lang='lat' dir='ltr'><strong>apud</strong></span> 
     </span>
    </p>
   </div>
   <div class='ocr_carea' id='block_1_54' title="bbox 332 3593 1753 3665">
    <p class='ocr_par' dir='ltr' id='par_1_54' title="bbox 332 3593 1753 3665">
     <span class='ocr_line' id='line_1_54' title="bbox 332 3593 1753 3665; baseline 0.004 -20"><span class='ocrx_word' id='word_1_356' title='bbox 332 3593 700 3665; x_wconf 75' lang='lat' dir='ltr'><strong>Chorcnensem</strong></span> <span class='ocrx_word' id='word_1_357' title='bbox 732 3595 873 3650; x_wconf 75' lang='lat' dir='ltr'><strong>Hist.</strong></span> <span class='ocrx_word' id='word_1_358' title='bbox 908 3613 967 3657; x_wconf 79' lang='grc' dir='ltr'><strong>ιι,</strong></span> <span class='ocrx_word' id='word_1_359' title='bbox 1004 3599 1055 3659; x_wconf 92' lang='grc'><strong>1,</strong></span> <span class='ocrx_word' id='word_1_360' title='bbox 1084 3595 1407 3665; x_wconf 73' lang='lat' dir='ltr'><strong>Graecosque</strong></span> <span class='ocrx_word' id='word_1_361' title='bbox 1442 3593 1753 3665; x_wconf 71' lang='lat' dir='ltr'><strong>nonnullos.</strong></span> 
     </span>
    </p>
   </div>
   <div class='ocr_carea' id='block_1_55' title="bbox 390 3662 1857 3734">
    <p class='ocr_par' dir='ltr' id='par_1_55' title="bbox 390 3662 1857 3734">
     <span class='ocr_line' id='line_1_55' title="bbox 390 3662 1857 3734; baseline 0.005 -20"><span class='ocrx_word' id='word_1_362' title='bbox 390 3662 458 3734; x_wconf 71' lang='grc'><strong>(2)</strong></span> <span class='ocrx_word' id='word_1_363' title='bbox 485 3664 590 3717; x_wconf 88' lang='lat' dir='ltr'><strong>lloc</strong></span> <span class='ocrx_word' id='word_1_364' title='bbox 617 3672 701 3718; x_wconf 87' lang='lat' dir='ltr'><strong>cst</strong></span> <span class='ocrx_word' id='word_1_365' title='bbox 751 3663 1162 3720; x_wconf 79' lang='lat' dir='ltr'><strong>celeberrimum</strong></span> <span class='ocrx_word' id='word_1_366' title='bbox 1187 3662 1400 3719; x_wconf 83' lang='lat' dir='ltr'><strong>initium</strong></span> <span class='ocrx_word' id='word_1_367' title='bbox 1428 3667 1647 3734; x_wconf 69' lang='lat' dir='ltr'><strong>epocha:</strong></span> <span class='ocrx_word' id='word_1_368' title='bbox 1679 3664 1857 3721; x_wconf 85' lang='lat' dir='ltr'><strong>Seleu-</strong></span> 
     </span>
    </p>
   </div>
   <div class='ocr_carea' id='block_1_56' title="bbox 326 3731 1855 3804">
    <p class='ocr_par' dir='ltr' id='par_1_56' title="bbox 326 3731 1855 3804">
     <span class='ocr_line' id='line_1_56' title="bbox 326 3731 1855 3804; baseline 0.005 -21"><span class='ocrx_word' id='word_1_369' title='bbox 326 3731 565 3804; x_wconf 79' lang='lat' dir='ltr'><strong>cidarum,</strong></span> <span class='ocrx_word' id='word_1_370' title='bbox 600 3750 703 3804; x_wconf 83' lang='lat' dir='ltr'><strong>qua</strong></span> <span class='ocrx_word' id='word_1_371' title='bbox 754 3750 915 3802; x_wconf 82' lang='lat' dir='ltr'><strong>super</strong></span> <span class='ocrx_word' id='word_1_372' title='bbox 960 3752 1014 3789; x_wconf 86' lang='lat' dir='ltr'><strong>re</strong></span> <span class='ocrx_word' id='word_1_373' title='bbox 1041 3736 1299 3804; x_wconf 86' lang='lat' dir='ltr'><strong>legendus</strong></span> <span class='ocrx_word' id='word_1_374' title='bbox 1353 3731 1580 3803; x_wconf 75' lang='lat' dir='ltr'><strong>magnus</strong></span> <span class='ocrx_word' id='word_1_375' title='bbox 1608 3733 1855 3792; x_wconf 86' lang='lat' dir='ltr'><strong>Norisius</strong></span> 
     </span>
    </p>
   </div>
   <div class='ocr_carea' id='block_1_57' title="bbox 324 3799 1516 3872">
    <p class='ocr_par' dir='ltr' id='par_1_57' title="bbox 324 3799 1516 3872">
     <span class='ocr_line' id='line_1_57' title="bbox 324 3799 1516 3872; baseline 0.004 -19"><span class='ocrx_word' id='word_1_376' title='bbox 324 3799 378 3853; x_wconf 71' lang='lat' dir='ltr'><strong>de</strong></span> <span class='ocrx_word' id='word_1_377' title='bbox 404 3805 594 3872; x_wconf 63' lang='lat' dir='ltr'><strong>epogliis</strong></span> <span class='ocrx_word' id='word_1_378' title='bbox 622 3799 1346 3872; x_wconf 49' lang='lat' dir='ltr'><strong>&#39;Syromocedonum&#39;dissert.</strong></span> <span class='ocrx_word' id='word_1_379' title='bbox 1375 3799 1516 3865; x_wconf 66' lang='grc' dir='ltr'><strong>ιι,’1.</strong></span> 
     </span>
    </p>
   </div>
   <div class='ocr_carea' id='block_1_58' title="bbox 386 3871 1853 3946">
    <p class='ocr_par' dir='ltr' id='par_1_58' title="bbox 386 3871 1853 3946">
     <span class='ocr_line' id='line_1_58' title="bbox 386 3871 1853 3946; baseline 0.005 -24"><span class='ocrx_word' id='word_1_380' title='bbox 386 3871 927 3946; x_wconf 72' lang='lat' dir='ltr'><strong>(5)_Propt_cr_Gallos</strong></span> <span class='ocrx_word' id='word_1_381' title='bbox 972 3874 1287 3946; x_wconf 53' lang='lat' dir='ltr'><strong>debellatus,</strong></span> <span class='ocrx_word' id='word_1_382' title='bbox 1348 3888 1509 3942; x_wconf 89' lang='lat' dir='ltr'><strong>quam</strong></span> <span class='ocrx_word' id='word_1_383' title='bbox 1571 3873 1853 3929; x_wconf 74' lang='lat' dir='ltr'><strong>victoriam</strong></span> 
     </span>
    </p>
   </div>
   <div class='ocr_carea' id='block_1_59' title="bbox 323 3937 1807 4010">
    <p class='ocr_par' dir='ltr' id='par_1_59' title="bbox 323 3937 1807 4010">
     <span class='ocr_line' id='line_1_59' title="bbox 323 3937 1807 4010; baseline 0.004 -20"><span class='ocrx_word' id='word_1_384' title='bbox 323 3937 495 4008; x_wconf 79' lang='lat' dir='ltr'><strong>legesis</strong></span> <span class='ocrx_word' id='word_1_385' title='bbox 523 3937 664 4010; x_wconf 79' lang='lat' dir='ltr'><strong>apud</strong></span> <span class='ocrx_word' id='word_1_386' title='bbox 710 3940 1008 3996; x_wconf 89' lang='lat' dir='ltr'><strong>Luciauum</strong></span> <span class='ocrx_word' id='word_1_387' title='bbox 1043 3937 1097 3997; x_wconf 71' lang='lat' dir='ltr'><strong>in</strong></span> <span class='ocrx_word' id='word_1_388' title='bbox 1124 3941 1308 3996; x_wconf 71' lang='lat' dir='ltr'><strong>Zenri.</strong></span> <span class='ocrx_word' id='word_1_389' title='bbox 1366 3937 1382 3942; x_wconf 72' lang='grc'><em>”</em></span> <span class='ocrx_word' id='word_1_390' title='bbox 1804 4000 1807 4003; x_wconf 96' lang='lat'><em>_</em></span> 
     </span>
    </p>
   </div>
   <div class='ocr_carea' id='block_1_60' title="bbox 380 4010 1855 4080">
    <p class='ocr_par' dir='ltr' id='par_1_60' title="bbox 380 4010 1855 4080">
     <span class='ocr_line' id='line_1_60' title="bbox 380 4010 1855 4080; baseline 0.003 -18"><span class='ocrx_word' id='word_1_391' title='bbox 380 4010 449 4077; x_wconf 73' lang='grc'><strong>(1)</strong></span> <span class='ocrx_word' id='word_1_392' title='bbox 480 4010 819 4080; x_wconf 71' lang='lat' dir='ltr'><strong>}&#39;ocahnlum</strong></span> <span class='ocrx_word' id='word_1_393' title='bbox 857 4011 1041 4080; x_wconf 65' lang='lat' dir='ltr'><strong>Magos</strong></span> <span class='ocrx_word' id='word_1_394' title='bbox 1079 4023 1393 4080; x_wconf 81' lang='lat' dir='ltr'><strong>corruptum</strong></span> <span class='ocrx_word' id='word_1_395' title='bbox 1437 4020 1521 4066; x_wconf 88' lang='lat' dir='ltr'><strong>est</strong></span> <span class='ocrx_word' id='word_1_396' title='bbox 1572 4013 1625 4065; x_wconf 93' lang='lat' dir='ltr'><strong>in</strong></span> <span class='ocrx_word' id='word_1_397' title='bbox 1667 4013 1855 4067; x_wconf 87' lang='lat' dir='ltr'><strong>codice</strong></span> 
     </span>
    </p>
   </div>
   <div class='ocr_carea' id='block_1_61' title="bbox 321 4076 1849 4149">
    <p class='ocr_par' dir='ltr' id='par_1_61' title="bbox 321 4076 1849 4149">
     <span class='ocr_line' id='line_1_61' title="bbox 321 4076 1849 4149; baseline 0.006 -22"><span class='ocrx_word' id='word_1_398' title='bbox 321 4076 463 4149; x_wconf 45' lang='lat' dir='ltr'><strong>Anu;</strong></span> <span class='ocrx_word' id='word_1_399' title='bbox 480 4077 584 4135; x_wconf 80' lang='lat' dir='ltr'><strong>Res</strong></span> <span class='ocrx_word' id='word_1_400' title='bbox 611 4076 1087 4149; x_wconf 76' lang='lat' dir='ltr'><strong>tatneuperspicue</strong></span> <span class='ocrx_word' id='word_1_401' title='bbox 1099 4076 1317 4149; x_wconf 71' lang='lat' dir='ltr'><strong>constat</strong></span> <span class='ocrx_word' id='word_1_402' title='bbox 1341 4097 1370 4135; x_wconf 90' lang='lat' dir='ltr'><strong>e</strong></span> <span class='ocrx_word' id='word_1_403' title='bbox 1397 4080 1565 4134; x_wconf 66' lang='lat' dir='ltr'><strong>Pansa</strong></span> <span class='ocrx_word' id='word_1_404' title='bbox 1577 4082 1665 4133; x_wconf 89' lang='lat' dir='ltr'><strong>nia</strong></span> <span class='ocrx_word' id='word_1_405' title='bbox 1686 4085 1849 4136; x_wconf 76' lang='lat' dir='ltr'><strong>Attio.</strong></span> 
     </span>
    </p>
   </div>
   <div class='ocr_carea' id='block_1_62' title="bbox 320 4095 1850 4218">
    <p class='ocr_par' dir='ltr' id='par_1_62' title="bbox 320 4095 1850 4218">
     <span class='ocr_line' id='line_1_62' title="bbox 321 4095 1849 4149; baseline 0.007 -23"><span class='ocrx_word' id='word_1_406' title='bbox 321 4095 451 4132; x_wconf 81' lang='lat' dir='ltr'><strong>M’lll.</strong></span> <span class='ocrx_word' id='word_1_407' title='bbox 480 4095 584 4135; x_wconf 80' lang='lat' dir='ltr'><strong>nes</strong></span> <span class='ocrx_word' id='word_1_408' title='bbox 611 4095 793 4133; x_wconf 85' lang='lat' dir='ltr'><strong>tamen</strong></span> <span class='ocrx_word' id='word_1_409' title='bbox 876 4095 1313 4149; x_wconf 71' lang='lat' dir='ltr'><strong>rsptcuecunsutt</strong></span> <span class='ocrx_word' id='word_1_410' title='bbox 1341 4097 1370 4135; x_wconf 91' lang='lat' dir='ltr'><strong>e</strong></span> <span class='ocrx_word' id='word_1_411' title='bbox 1397 4095 1665 4134; x_wconf 66' lang='lat' dir='ltr'><strong>t&#39;anssma</strong></span> <span class='ocrx_word' id='word_1_412' title='bbox 1686 4095 1849 4136; x_wconf 75' lang='lat' dir='ltr'><strong>Attio.</strong></span> 
     </span>
     <span class='ocr_line' id='line_1_63' title="bbox 320 4095 1850 4218; baseline 0.005 -21"><span class='ocrx_word' id='word_1_413' title='bbox 320 4159 401 4218; x_wconf 55' lang='lat' dir='ltr'><strong>vn.</strong></span> <span class='ocrx_word' id='word_1_414' title='bbox 430 4146 548 4200; x_wconf 78' lang='lat' dir='ltr'><strong>Erat</strong></span> <span class='ocrx_word' id='word_1_415' title='bbox 566 4160 746 4202; x_wconf 83' lang='lat' dir='ltr'><strong>autem</strong></span> <span class='ocrx_word' id='word_1_416' title='bbox 779 4095 958 4218; x_wconf 55' lang='lat' dir='ltr'><strong>krafgas</strong></span> <span class='ocrx_word' id='word_1_417' title='bbox 996 4148 1268 4205; x_wconf 63' lang='lat' dir='ltr'><strong>Ptolemaei</strong></span> <span class='ocrx_word' id='word_1_418' title='bbox 1297 4148 1635 4218; x_wconf 85' lang='lat' dir='ltr'><strong>Philadelphi</strong></span> <span class='ocrx_word' id='word_1_419' title='bbox 1661 4149 1850 4217; x_wconf 86' lang='lat' dir='ltr'><strong>frater,</strong></span> 
     </span>
    </p>
   </div>
   <div class='ocr_carea' id='block_1_63' title="bbox 318 4212 1847 4294">
    <p class='ocr_par' dir='ltr' id='par_1_63' title="bbox 318 4212 1847 4294">
     <span class='ocr_line' id='line_1_64' title="bbox 318 4212 1847 4294; baseline 0.005 -28"><span class='ocrx_word' id='word_1_420' title='bbox 318 4212 639 4294; x_wconf 71' lang='lat' dir='ltr'><strong>Cyrenesque</strong></span> <span class='ocrx_word' id='word_1_421' title='bbox 678 4212 893 4294; x_wconf 63' lang='lat' dir='ltr'><strong>rex-vei</strong></span> <span class='ocrx_word' id='word_1_422' title='bbox 938 4220 1244 4294; x_wconf 63' lang='lat' dir='ltr'><strong>praefectus.</strong></span> <span class='ocrx_word' id='word_1_423' title='bbox 1297 4217 1460 4289; x_wconf 65' lang='lat' dir='ltr'><strong>Baga:</strong></span> <span class='ocrx_word' id='word_1_424' title='bbox 1493 4212 1659 4294; x_wconf 70' lang='lat' dir='ltr'><strong>regis</strong></span> <span class='ocrx_word' id='word_1_425' title='bbox 1677 4212 1847 4294; x_wconf 49' lang='lat' dir='ltr'><strong>(lyre;</strong></span> 
     </span>
    </p>
   </div>
   <div class='ocr_carea' id='block_1_64' title="bbox 318 4352 407 4405">
    <p class='ocr_par' dir='ltr' id='par_1_64' title="bbox 318 4352 407 4405">
     <span class='ocr_line' id='line_1_65' title="bbox 318 4352 407 4405; baseline 0 0"><span class='ocrx_word' id='word_1_426' title='bbox 318 4352 407 4405; x_wconf 79' lang='lat'><strong>550</strong></span> 
     </span>
    </p>
   </div>
   <div class='ocr_carea' id='block_1_65' title="bbox 378 4423 1846 4493">
    <p class='ocr_par' dir='ltr' id='par_1_65' title="bbox 378 4423 1846 4493">
     <span class='ocr_line' id='line_1_66' title="bbox 378 4423 1846 4493; baseline 0.001 -12"><span class='ocrx_word' id='word_1_427' title='bbox 378 4423 445 4491; x_wconf 77' lang='grc' dir='ltr'><strong>(ὅ)</strong></span> <span class='ocrx_word' id='word_1_428' title='bbox 463 4423 594 4478; x_wconf 83' lang='lat' dir='ltr'><strong>llnic</strong></span> <span class='ocrx_word' id='word_1_429' title='bbox 618 4424 727 4493; x_wconf 88' lang='lat' dir='ltr'><strong>regi</strong></span> <span class='ocrx_word' id='word_1_430' title='bbox 750 4432 968 4493; x_wconf 89' lang='lat' dir='ltr'><strong>putatur</strong></span> <span class='ocrx_word' id='word_1_431' title='bbox 990 4424 1221 4479; x_wconf 85' lang='lat' dir='ltr'><strong>Berosus</strong></span> <span class='ocrx_word' id='word_1_432' title='bbox 1254 4424 1546 4479; x_wconf 74' lang='lat' dir='ltr'><strong>Historiam</strong></span> <span class='ocrx_word' id='word_1_433' title='bbox 1574 4442 1727 4481; x_wconf 81' lang='lat' dir='ltr'><strong>suam</strong></span> <span class='ocrx_word' id='word_1_434' title='bbox 1750 4428 1846 4482; x_wconf 90' lang='lat' dir='ltr'><strong>ob-</strong></span> 
     </span>
    </p>
   </div>
   <div class='ocr_carea' id='block_1_66' title="bbox 320 4493 1428 4563">
    <p class='ocr_par' dir='ltr' id='par_1_66' title="bbox 320 4493 1428 4563">
     <span class='ocr_line' id='line_1_67' title="bbox 320 4493 1428 4563; baseline 0.009 -24"><span class='ocrx_word' id='word_1_435' title='bbox 320 4493 505 4548; x_wconf 85' lang='lat' dir='ltr'><strong>tulisse.</strong></span> <span class='ocrx_word' id='word_1_436' title='bbox 538 4493 671 4546; x_wconf 75' lang='lat' dir='ltr'><strong>Vide</strong></span> <span class='ocrx_word' id='word_1_437' title='bbox 703 4494 991 4547; x_wconf 87' lang='lat' dir='ltr'><strong>Tatiannm</strong></span> <span class='ocrx_word' id='word_1_438' title='bbox 1023 4504 1160 4548; x_wconf 81' lang='lat' dir='ltr'><strong>orat.</strong></span> <span class='ocrx_word' id='word_1_439' title='bbox 1189 4510 1309 4563; x_wconf 89' lang='lat' dir='ltr'><strong>cap.</strong></span> <span class='ocrx_word' id='word_1_440' title='bbox 1340 4495 1428 4549; x_wconf 75' lang='lat'><strong>36.</strong></span> 
     </span>
    </p>
   </div>
   <div class='ocr_carea' id='block_1_67' title="bbox 378 4564 1847 4633">
    <p class='ocr_par' dir='ltr' id='par_1_67' title="bbox 378 4564 1847 4633">
     <span class='ocr_line' id='line_1_68' title="bbox 378 4564 1847 4633; baseline 0.004 -20"><span class='ocrx_word' id='word_1_441' title='bbox 378 4564 446 4631; x_wconf 75' lang='lat' dir='ltr'><strong>(ti)</strong></span> <span class='ocrx_word' id='word_1_442' title='bbox 478 4564 655 4617; x_wconf 78' lang='lat' dir='ltr'><strong>Codex</strong></span> <span class='ocrx_word' id='word_1_443' title='bbox 706 4564 857 4616; x_wconf 88' lang='lat' dir='ltr'><strong>Arm.</strong></span> <span class='ocrx_word' id='word_1_444' title='bbox 896 4578 1009 4629; x_wconf 86' lang='lat' dir='ltr'><strong>xIx,</strong></span> <span class='ocrx_word' id='word_1_445' title='bbox 1051 4564 1192 4633; x_wconf 83' lang='lat' dir='ltr'><strong>quod</strong></span> <span class='ocrx_word' id='word_1_446' title='bbox 1246 4566 1495 4617; x_wconf 87' lang='lat' dir='ltr'><strong>tuendum</strong></span> <span class='ocrx_word' id='word_1_447' title='bbox 1544 4566 1726 4620; x_wconf 88' lang='lat' dir='ltr'><strong>statim</strong></span> <span class='ocrx_word' id='word_1_448' title='bbox 1760 4566 1847 4619; x_wconf 91' lang='lat' dir='ltr'><strong>hic</strong></span> 
     </span>
    </p>
   </div>
   <div class='ocr_carea' id='block_1_68' title="bbox 317 4632 1324 4701">
    <p class='ocr_par' dir='ltr' id='par_1_68' title="bbox 317 4632 1324 4701">
     <span class='ocr_line' id='line_1_69' title="bbox 317 4632 1324 4701; baseline 0.005 -21"><span class='ocrx_word' id='word_1_449' title='bbox 317 4633 626 4701; x_wconf 67' lang='lat' dir='ltr'><strong>coarguitur,</strong></span> <span class='ocrx_word' id='word_1_450' title='bbox 669 4640 723 4685; x_wconf 84' lang='lat' dir='ltr'><strong>et</strong></span> <span class='ocrx_word' id='word_1_451' title='bbox 754 4643 834 4685; x_wconf 88' lang='lat' dir='ltr'><strong>ter</strong></span> <span class='ocrx_word' id='word_1_452' title='bbox 864 4633 1059 4687; x_wconf 90' lang='lat' dir='ltr'><strong>deinde</strong></span> <span class='ocrx_word' id='word_1_453' title='bbox 1076 4632 1324 4687; x_wconf 87' lang='lat' dir='ltr'><strong>inferius.</strong></span> 
     </span>
    </p>
   </div>
   <div class='ocr_carea' id='block_1_69' title="bbox 377 4699 1842 4773">
    <p class='ocr_par' dir='ltr' id='par_1_69' title="bbox 377 4699 1842 4773">
     <span class='ocr_line' id='line_1_70' title="bbox 377 4699 1842 4773; baseline 0.006 -27"><span class='ocrx_word' id='word_1_454' title='bbox 377 4699 449 4773; x_wconf 67' lang='grc' dir='ltr'><strong>(η</strong></span> <span class='ocrx_word' id='word_1_455' title='bbox 480 4700 573 4773; x_wconf 85' lang='lat' dir='ltr'><strong>llic</strong></span> <span class='ocrx_word' id='word_1_456' title='bbox 601 4702 1036 4773; x_wconf 68' lang='lat' dir='ltr'><strong>Achtensregem</strong></span> <span class='ocrx_word' id='word_1_457' title='bbox 1072 4717 1131 4756; x_wconf 90' lang='lat' dir='ltr'><strong>se</strong></span> <span class='ocrx_word' id='word_1_458' title='bbox 1159 4710 1341 4773; x_wconf 68' lang='lat' dir='ltr'><strong>postea</strong></span> <span class='ocrx_word' id='word_1_459' title='bbox 1365 4702 1520 4755; x_wconf 79' lang='lat' dir='ltr'><strong>dixit.</strong></span> <span class='ocrx_word' id='word_1_460' title='bbox 1561 4702 1745 4773; x_wconf 87' lang='lat' dir='ltr'><strong>Polyb.</strong></span> <span class='ocrx_word' id='word_1_461' title='bbox 1771 4720 1842 4767; x_wconf 87' lang='lat' dir='ltr'><strong>tv,</strong></span> 
     </span>
    </p>
   </div>
   <div class='ocr_carea' id='block_1_70' title="bbox 318 4713 1855 4842">
    <p class='ocr_par' dir='ltr' id='par_1_70' title="bbox 318 4713 1855 4842">
     <span class='ocr_line' id='line_1_71' title="bbox 377 4713 1842 4820; baseline 0.006 -74"><span class='ocrx_word' id='word_1_462' title='bbox 377 4713 445 4820; x_wconf 51' lang='grc' dir='ltr'><strong>(ν</strong></span> <span class='ocrx_word' id='word_1_463' title='bbox 480 4713 573 4753; x_wconf 87' lang='lat' dir='ltr'><strong>mc</strong></span> <span class='ocrx_word' id='word_1_464' title='bbox 601 4713 829 4754; x_wconf 73' lang='lat' dir='ltr'><strong>Acmens</strong></span> <span class='ocrx_word' id='word_1_465' title='bbox 856 4716 1035 4769; x_wconf 85' lang='lat' dir='ltr'><strong>regem</strong></span> <span class='ocrx_word' id='word_1_466' title='bbox 1072 4717 1131 4756; x_wconf 90' lang='lat' dir='ltr'><strong>se</strong></span> <span class='ocrx_word' id='word_1_467' title='bbox 1159 4713 1341 4770; x_wconf 85' lang='lat' dir='ltr'><strong>postea</strong></span> <span class='ocrx_word' id='word_1_468' title='bbox 1365 4713 1520 4755; x_wconf 80' lang='lat' dir='ltr'><strong>tll.\&#39;ll.</strong></span> <span class='ocrx_word' id='word_1_469' title='bbox 1561 4713 1745 4773; x_wconf 78' lang='lat' dir='ltr'><strong>Polyb.</strong></span> <span class='ocrx_word' id='word_1_470' title='bbox 1771 4720 1842 4767; x_wconf 86' lang='lat' dir='ltr'><strong>Iv,</strong></span> 
     </span>
     <span class='ocr_line' id='line_1_72' title="bbox 318 4766 1855 4842; baseline 0.005 -23"><span class='ocrx_word' id='word_1_471' title='bbox 318 4766 389 4820; x_wconf 69' lang='lat' dir='ltr'><strong>t8.</strong></span> <span class='ocrx_word' id='word_1_472' title='bbox 442 4786 524 4842; x_wconf 84' lang='lat' dir='ltr'><strong>mo</strong></span> <span class='ocrx_word' id='word_1_473' title='bbox 542 4770 793 4831; x_wconf 73' lang='lat' dir='ltr'><strong>Achaeus,</strong></span> <span class='ocrx_word' id='word_1_474' title='bbox 814 4770 879 4824; x_wconf 86' lang='lat' dir='ltr'><strong>de</strong></span> <span class='ocrx_word' id='word_1_475' title='bbox 902 4786 1008 4839; x_wconf 87' lang='lat' dir='ltr'><strong>quo</strong></span> <span class='ocrx_word' id='word_1_476' title='bbox 1028 4771 1266 4842; x_wconf 85' lang='lat' dir='ltr'><strong>loquitur</strong></span> <span class='ocrx_word' id='word_1_477' title='bbox 1293 4769 1649 4842; x_wconf 88' lang='lat' dir='ltr'><strong>Porphyrius,</strong></span> <span class='ocrx_word' id='word_1_478' title='bbox 1665 4775 1855 4827; x_wconf 88' lang='lat' dir='ltr'><strong>senior</strong></span> 
     </span>
    </p>
   </div>
   <div class='ocr_carea' id='block_1_71' title="bbox 317 4840 1456 4909">
    <p class='ocr_par' dir='ltr' id='par_1_71' title="bbox 317 4840 1456 4909">
     <span class='ocr_line' id='line_1_73' title="bbox 317 4840 1456 4909; baseline 0.003 -21"><span class='ocrx_word' id='word_1_479' title='bbox 317 4847 404 4891; x_wconf 85' lang='lat' dir='ltr'><strong>est.</strong></span> <span class='ocrx_word' id='word_1_480' title='bbox 431 4840 527 4902; x_wconf 79' lang='lat' dir='ltr'><strong>Qui</strong></span> <span class='ocrx_word' id='word_1_481' title='bbox 560 4848 829 4909; x_wconf 83' lang='lat' dir='ltr'><strong>autemse</strong></span> <span class='ocrx_word' id='word_1_482' title='bbox 856 4855 1034 4909; x_wconf 80' lang='lat' dir='ltr'><strong>regem</strong></span> <span class='ocrx_word' id='word_1_483' title='bbox 1069 4843 1227 4902; x_wconf 81' lang='lat' dir='ltr'><strong>dixit,</strong></span> <span class='ocrx_word' id='word_1_484' title='bbox 1250 4840 1456 4909; x_wconf 79' lang='lat' dir='ltr'><strong>junior.</strong></span> 
     </span>
    </p>
   </div>
   <div class='ocr_carea' id='block_1_72' title="bbox 376 4907 1845 4981">
    <p class='ocr_par' dir='ltr' id='par_1_72' title="bbox 376 4907 1845 4981">
     <span class='ocr_line' id='line_1_74' title="bbox 376 4907 1845 4981; baseline 0.005 -23"><span class='ocrx_word' id='word_1_485' title='bbox 376 4908 446 4981; x_wconf 82' lang='lat'><strong>(8)</strong></span> <span class='ocrx_word' id='word_1_486' title='bbox 474 4908 710 4981; x_wconf 65' lang='lat' dir='ltr'><strong>intelligo</strong></span> <span class='ocrx_word' id='word_1_487' title='bbox 736 4907 1091 4981; x_wconf 57' lang='lat' dir='ltr'><strong>Cappadocia!</strong></span> <span class='ocrx_word' id='word_1_488' title='bbox 1110 4907 1312 4981; x_wconf 81' lang='lat' dir='ltr'><strong>regem.</strong></span> <span class='ocrx_word' id='word_1_489' title='bbox 1340 4907 1459 4962; x_wconf 79' lang='lat' dir='ltr'><strong>Jam</strong></span> <span class='ocrx_word' id='word_1_490' title='bbox 1500 4910 1845 4981; x_wconf 64' lang='lat' dir='ltr'><strong>Aratltespro</strong></span> 
     </span>
    </p>
   </div>
   <div class='ocr_carea' id='block_1_73' title="bbox 318 4974 1845 5048">
    <p class='ocr_par' dir='ltr' id='par_1_73' title="bbox 318 4974 1845 5048">
     <span class='ocr_line' id='line_1_75' title="bbox 318 4974 1845 5048; baseline 0.006 -23"><span class='ocrx_word' id='word_1_491' title='bbox 318 4974 597 5048; x_wconf 69' lang='lat' dir='ltr'><strong>Ariarathes</strong></span> <span class='ocrx_word' id='word_1_492' title='bbox 653 4974 914 5031; x_wconf 71' lang='lat' dir='ltr'><strong>scribitur</strong></span> <span class='ocrx_word' id='word_1_493' title='bbox 956 4980 1117 5032; x_wconf 88' lang='lat' dir='ltr'><strong>etiam</strong></span> <span class='ocrx_word' id='word_1_494' title='bbox 1163 4974 1194 5031; x_wconf 72' lang='grc' dir='ltr'><strong>εἰ</strong></span> <span class='ocrx_word' id='word_1_495' title='bbox 1231 4980 1511 5033; x_wconf 85' lang='lat' dir='ltr'><strong>Memnone</strong></span> <span class='ocrx_word' id='word_1_496' title='bbox 1531 4980 1672 5048; x_wconf 90' lang='lat' dir='ltr'><strong>apud</strong></span> <span class='ocrx_word' id='word_1_497' title='bbox 1706 4974 1845 5034; x_wconf 83' lang='lat' dir='ltr'><strong>Pho-</strong></span> 
     </span>
    </p>
   </div>
   <div class='ocr_carea' id='block_1_74' title="bbox 316 5046 929 5111">
    <p class='ocr_par' dir='ltr' id='par_1_74' title="bbox 316 5046 929 5111">
     <span class='ocr_line' id='line_1_76' title="bbox 316 5046 929 5111; baseline 0.01 -18"><span class='ocrx_word' id='word_1_498' title='bbox 316 5046 430 5097; x_wconf 79' lang='lat' dir='ltr'><strong>t&#39;nun</strong></span> <span class='ocrx_word' id='word_1_499' title='bbox 453 5048 569 5100; x_wconf 89' lang='lat' dir='ltr'><strong>cod.</strong></span> <span class='ocrx_word' id='word_1_500' title='bbox 597 5062 813 5111; x_wconf 72' lang='lat' dir='ltr'><strong>ccxxw,</strong></span> <span class='ocrx_word' id='word_1_501' title='bbox 843 5048 929 5101; x_wconf 67' lang='grc'><strong>52.</strong></span> 
     </span>
    </p>
   </div>
   <div class='ocr_carea' id='block_1_75' title="bbox 378 5116 1843 5187">
    <p class='ocr_par' dir='ltr' id='par_1_75' title="bbox 378 5116 1843 5187">
     <span class='ocr_line' id='line_1_77' title="bbox 378 5116 1843 5187; baseline 0.005 -22"><span class='ocrx_word' id='word_1_502' title='bbox 378 5116 445 5187; x_wconf 65' lang='grc' dir='ltr'><strong>ις»)</strong></span> <span class='ocrx_word' id='word_1_503' title='bbox 474 5116 610 5170; x_wconf 81' lang='lat' dir='ltr'><strong>Bene</strong></span> <span class='ocrx_word' id='word_1_504' title='bbox 636 5118 687 5169; x_wconf 87' lang='lat' dir='ltr'><strong>in</strong></span> <span class='ocrx_word' id='word_1_505' title='bbox 716 5118 1013 5187; x_wconf 77' lang='lat' dir='ltr'><strong>posteriore</strong></span> <span class='ocrx_word' id='word_1_506' title='bbox 1057 5118 1195 5171; x_wconf 86' lang='lat' dir='ltr'><strong>libro</strong></span> <span class='ocrx_word' id='word_1_507' title='bbox 1224 5116 1307 5171; x_wconf 89' lang='lat' dir='ltr'><strong>bis</strong></span> <span class='ocrx_word' id='word_1_508' title='bbox 1335 5117 1530 5187; x_wconf 78' lang='lat' dir='ltr'><strong>legitur</strong></span> <span class='ocrx_word' id='word_1_509' title='bbox 1561 5133 1649 5181; x_wconf 84' lang='lat' dir='ltr'><strong>xx,</strong></span> <span class='ocrx_word' id='word_1_510' title='bbox 1684 5117 1737 5171; x_wconf 92' lang='lat' dir='ltr'><strong>in</strong></span> <span class='ocrx_word' id='word_1_511' title='bbox 1764 5126 1843 5172; x_wconf 90' lang='lat' dir='ltr'><strong>ta-</strong></span> 
     </span>
    </p>
   </div>
   <div class='ocr_carea' id='block_1_76' title="bbox 321 5179 1274 5253">
    <p class='ocr_par' dir='ltr' id='par_1_76' title="bbox 321 5179 1274 5253">
     <span class='ocr_line' id='line_1_78' title="bbox 321 5179 1274 5253; baseline 0.009 -22"><span class='ocrx_word' id='word_1_512' title='bbox 321 5179 443 5253; x_wconf 44' lang='lat' dir='ltr'><strong>bniis</strong></span> <span class='ocrx_word' id='word_1_513' title='bbox 464 5198 660 5253; x_wconf 70' lang='lat' dir='ltr'><strong>nempe&#39;</strong></span> <span class='ocrx_word' id='word_1_514' title='bbox 678 5179 862 5253; x_wconf 75' lang='lat' dir='ltr'><strong>regum</strong></span> <span class='ocrx_word' id='word_1_515' title='bbox 885 5196 939 5239; x_wconf 76' lang='lat' dir='ltr'><strong>et</strong></span> <span class='ocrx_word' id='word_1_516' title='bbox 962 5186 1016 5239; x_wconf 89' lang='lat' dir='ltr'><strong>in</strong></span> <span class='ocrx_word' id='word_1_517' title='bbox 1046 5201 1274 5240; x_wconf 82' lang='lat' dir='ltr'><strong>canone.</strong></span> 
     </span>
    </p>
   </div>
   <div class='ocr_carea' id='block_1_77' title="bbox 376 5243 1842 5325">
    <p class='ocr_par' dir='ltr' id='par_1_77' title="bbox 376 5243 1842 5325">
     <span class='ocr_line' id='line_1_79' title="bbox 376 5243 1842 5325; baseline 0.002 -18"><span class='ocrx_word' id='word_1_518' title='bbox 376 5243 480 5325; x_wconf 80' lang='grc'><strong>(11))</strong></span> <span class='ocrx_word' id='word_1_519' title='bbox 506 5243 867 5325; x_wconf 52' lang='grc' dir='ltr'><strong>ΕυἘιικεῑίιιε</strong></span> <span class='ocrx_word' id='word_1_520' title='bbox 884 5272 979 5309; x_wconf 78' lang='lat' dir='ltr'><strong>Srn</strong></span> <span class='ocrx_word' id='word_1_521' title='bbox 1012 5254 1346 5325; x_wconf 79' lang='lat' dir='ltr'><strong>Porphyrius</strong></span> <span class='ocrx_word' id='word_1_522' title='bbox 1364 5256 1690 5325; x_wconf 83' lang='lat' dir='ltr'><strong>mentionem</strong></span> <span class='ocrx_word' id='word_1_523' title='bbox 1723 5257 1842 5311; x_wconf 89' lang='lat' dir='ltr'><strong>nul-</strong></span> 
     </span>
    </p>
   </div>
   <div class='ocr_carea' id='block_1_78' title="bbox 323 5316 1839 5394">
    <p class='ocr_par' dir='ltr' id='par_1_78' title="bbox 323 5316 1839 5394">
     <span class='ocr_line' id='line_1_80' title="bbox 323 5316 1839 5394; baseline 0.009 -27"><span class='ocrx_word' id='word_1_524' title='bbox 323 5316 412 5394; x_wconf 81' lang='lat' dir='ltr'><strong>lam</strong></span> <span class='ocrx_word' id='word_1_525' title='bbox 436 5316 626 5394; x_wconf 73' lang='lat' dir='ltr'><strong>faciunt</strong></span> <span class='ocrx_word' id='word_1_526' title='bbox 645 5326 975 5390; x_wconf 76' lang='lat' dir='ltr'><strong>captivitatis</strong></span> <span class='ocrx_word' id='word_1_527' title='bbox 995 5316 1240 5378; x_wconf 60' lang='lat' dir='ltr'><strong>Calli&#39;uici</strong></span> <span class='ocrx_word' id='word_1_528' title='bbox 1259 5324 1399 5394; x_wconf 89' lang='lat' dir='ltr'><strong>apud</strong></span> <span class='ocrx_word' id='word_1_529' title='bbox 1420 5324 1839 5394; x_wconf 82' lang='lat' dir='ltr'><strong>Parthos,qttatn</strong></span> 
     </span>
    </p>
   </div>
   <div class='ocr_carea' id='block_1_79' title="bbox 328 5392 1840 5463">
    <p class='ocr_par' dir='ltr' id='par_1_79' title="bbox 328 5392 1840 5463">
     <span class='ocr_line' id='line_1_81' title="bbox 328 5392 1840 5463; baseline 0.01 -28"><span class='ocrx_word' id='word_1_530' title='bbox 328 5392 479 5463; x_wconf 75' lang='lat' dir='ltr'><strong>tamen</strong></span> <span class='ocrx_word' id='word_1_531' title='bbox 503 5393 795 5463; x_wconf 74' lang='lat' dir='ltr'><strong>scriptores</strong></span> <span class='ocrx_word' id='word_1_532' title='bbox 815 5394 1198 5463; x_wconf 81' lang='lat' dir='ltr'><strong>aliqnat,quos</strong></span> <span class='ocrx_word' id='word_1_533' title='bbox 1220 5392 1359 5448; x_wconf 79' lang='lat' dir='ltr'><strong>inter</strong></span> <span class='ocrx_word' id='word_1_534' title='bbox 1393 5396 1570 5463; x_wconf 87' lang='lat' dir='ltr'><strong>magni</strong></span> <span class='ocrx_word' id='word_1_535' title='bbox 1604 5392 1840 5450; x_wconf 84' lang='lat' dir='ltr'><strong>nominis</strong></span> 
     </span>
    </p>
   </div>
   <div class='ocr_carea' id='block_1_80' title="bbox 331 5453 1836 5533">
    <p class='ocr_par' dir='ltr' id='par_1_80' title="bbox 331 5453 1836 5533">
     <span class='ocr_line' id='line_1_82' title="bbox 331 5453 1836 5533; baseline 0.009 -29"><span class='ocrx_word' id='word_1_536' title='bbox 331 5453 1214 5533; x_wconf 54' lang='lat' dir='ltr'><strong>batuinesVa&#39;illantiusj‘rmlichius</strong></span> <span class='ocrx_word' id='word_1_537' title='bbox 1236 5472 1397 5533; x_wconf 90' lang='lat' dir='ltr'><strong>atque</strong></span> <span class='ocrx_word' id='word_1_538' title='bbox 1412 5453 1716 5526; x_wconf 59' lang='lat' dir='ltr'><strong>Eclihelius,</strong></span> <span class='ocrx_word' id='word_1_539' title='bbox 1734 5466 1836 5519; x_wconf 88' lang='lat' dir='ltr'><strong>sibi</strong></span> 
     </span>
    </p>
   </div>
   <div class='ocr_carea' id='block_1_81' title="bbox 336 5530 1836 5602">
    <p class='ocr_par' dir='ltr' id='par_1_81' title="bbox 336 5530 1836 5602">
     <span class='ocr_line' id='line_1_83' title="bbox 336 5530 1836 5602; baseline 0.009 -31"><span class='ocrx_word' id='word_1_540' title='bbox 336 5532 626 5587; x_wconf 52' lang='lat' dir='ltr'><strong>(adussisse</strong></span> <span class='ocrx_word' id='word_1_541' title='bbox 663 5530 940 5586; x_wconf 77' lang='lat' dir='ltr'><strong>videntur.</strong></span> <span class='ocrx_word' id='word_1_542' title='bbox 967 5532 1153 5586; x_wconf 81' lang='lat' dir='ltr'><strong>Merito</strong></span> <span class='ocrx_word' id='word_1_543' title='bbox 1189 5530 1349 5602; x_wconf 81' lang='lat' dir='ltr'><strong>igitur</strong></span> <span class='ocrx_word' id='word_1_544' title='bbox 1367 5535 1503 5587; x_wconf 91' lang='lat' dir='ltr'><strong>hanc</strong></span> <span class='ocrx_word' id='word_1_545' title='bbox 1529 5534 1836 5601; x_wconf 80' lang='lat' dir='ltr'><strong>Opinionem</strong></span> 
     </span>
    </p>
   </div>
   <div class='ocr_carea' id='block_1_82' title="bbox 587 5634 1165 5697">
    <p class='ocr_par' dir='ltr' id='par_1_82' title="bbox 587 5634 1165 5697">
     <span class='ocr_line' id='line_1_84' title="bbox 587 5634 1165 5697; baseline -0.002 -4"><span class='ocrx_word' id='word_1_546' title='bbox 587 5635 857 5694; x_wconf 65' lang='grc' dir='ltr'><strong>νημαι..</strong></span> <span class='ocrx_word' id='word_1_547' title='bbox 902 5634 1165 5697; x_wconf 69' lang='lat' dir='ltr'><strong>XXVII.</strong></span> 
     </span>
    </p>
   </div>
   <div class='ocr_carea' id='block_1_83' title="bbox 321 4277 1923 4366">
    <p class='ocr_par' dir='ltr' id='par_1_83' title="bbox 321 4277 1923 4366">
     <span class='ocr_line' id='line_1_85' title="bbox 321 4277 1923 4366; baseline 0.004 -30"><span class='ocrx_word' id='word_1_548' title='bbox 464 4277 1076 4356; x_wconf 34' lang='lat' dir='ltr'><strong>pinguedinem,narrat</strong></span> <span class='ocrx_word' id='word_1_549' title='bbox 1135 4277 1424 4343; x_wconf 54' lang='lat' dir='ltr'><strong>Athenaeus</strong></span> <span class='ocrx_word' id='word_1_550' title='bbox 1482 4277 1582 4351; x_wconf 52' lang='lat' dir='ltr'><strong>xn&#39;,</strong></span> <span class='ocrx_word' id='word_1_551' title='bbox 1642 4277 1746 4352; x_wconf 53' lang='grc'><strong>12]</strong></span> <span class='ocrx_word' id='word_1_552' title='bbox 1789 4306 1843 4359; x_wconf 89' lang='lat' dir='ltr'><strong>p.</strong></span> <span class='ocrx_word' id='word_1_553' title='bbox 1882 4277 1923 4330; x_wconf 77' lang='grc' dir='ltr'>υ</span> 
     </span>
    </p>
   </div>
   <div class='ocr_carea' id='block_1_84' title="bbox 2039 1720 3523 1793">
    <p class='ocr_par' dir='ltr' id='par_1_84' title="bbox 2039 1720 3523 1793">
     <span class='ocr_line' id='line_1_86' title="bbox 2039 1720 3523 1793; baseline 0.001 -16"><span class='ocrx_word' id='word_1_554' title='bbox 2039 1723 2090 1777; x_wconf 92' lang='lat'><strong>9.</strong></span> <span class='ocrx_word' id='word_1_555' title='bbox 2120 1720 2434 1776; x_wconf 72' lang='lat' dir='ltr'><strong>Ptolemaeus</strong></span> <span class='ocrx_word' id='word_1_556' title='bbox 2455 1737 2605 1785; x_wconf 88' lang='lat' dir='ltr'><strong>vero,</strong></span> <span class='ocrx_word' id='word_1_557' title='bbox 2635 1722 2793 1790; x_wconf 88' lang='lat' dir='ltr'><strong>quiet</strong></span> <span class='ocrx_word' id='word_1_558' title='bbox 2814 1720 3066 1792; x_wconf 84' lang='lat' dir='ltr'><strong>Tryphon</strong></span> <span class='ocrx_word' id='word_1_559' title='bbox 3092 1721 3224 1791; x_wconf 84' lang='lat' dir='ltr'><strong>(l5),</strong></span> <span class='ocrx_word' id='word_1_560' title='bbox 3244 1720 3413 1793; x_wconf 64' lang='lat' dir='ltr'><strong>Syriae</strong></span> <span class='ocrx_word' id='word_1_561' title='bbox 3435 1737 3523 1778; x_wconf 86' lang='lat' dir='ltr'><strong>re-</strong></span> 
     </span>
    </p>
   </div>
   <div class='ocr_carea' id='block_1_85' title="bbox 1969 1814 3523 1885">
    <p class='ocr_par' dir='ltr' id='par_1_85' title="bbox 1969 1814 3523 1885">
     <span class='ocr_line' id='line_1_87' title="bbox 1969 1814 3523 1885; baseline 0.002 -18"><span class='ocrx_word' id='word_1_562' title='bbox 1969 1815 2155 1884; x_wconf 87' lang='lat' dir='ltr'><strong>giones</strong></span> <span class='ocrx_word' id='word_1_563' title='bbox 2192 1829 2312 1869; x_wconf 91' lang='lat' dir='ltr'><strong>cum</strong></span> <span class='ocrx_word' id='word_1_564' title='bbox 2338 1814 2597 1870; x_wconf 87' lang='lat' dir='ltr'><strong>Damaseo</strong></span> <span class='ocrx_word' id='word_1_565' title='bbox 2625 1817 2909 1884; x_wconf 86' lang='lat' dir='ltr'><strong>occupavit</strong></span> <span class='ocrx_word' id='word_1_566' title='bbox 2944 1816 3077 1884; x_wconf 79' lang='grc'><strong>(16),</strong></span> <span class='ocrx_word' id='word_1_567' title='bbox 3108 1814 3523 1885; x_wconf 83' lang='lat' dir='ltr'><strong>Orthosiamque</strong></span> 
     </span>
    </p>
   </div>
   <div class='ocr_carea' id='block_1_86' title="bbox 1967 1903 3522 1974">
    <p class='ocr_par' dir='ltr' id='par_1_86' title="bbox 1967 1903 3522 1974">
     <span class='ocr_line' id='line_1_88' title="bbox 1967 1903 3522 1974; baseline -0.001 -17"><span class='ocrx_word' id='word_1_568' title='bbox 1967 1903 2249 1957; x_wconf 86' lang='lat' dir='ltr'><strong>obsidione</strong></span> <span class='ocrx_word' id='word_1_569' title='bbox 2272 1903 2441 1957; x_wconf 89' lang='lat' dir='ltr'><strong>cinxit</strong></span> <span class='ocrx_word' id='word_1_570' title='bbox 2463 1904 2593 1973; x_wconf 69' lang='grc'><strong>(11),</strong></span> <span class='ocrx_word' id='word_1_571' title='bbox 2622 1920 2740 1974; x_wconf 79' lang='lat' dir='ltr'><strong>quae</strong></span> <span class='ocrx_word' id='word_1_572' title='bbox 2759 1904 2972 1974; x_wconf 87' lang='lat' dir='ltr'><strong>quidem</strong></span> <span class='ocrx_word' id='word_1_573' title='bbox 3011 1904 3187 1958; x_wconf 89' lang='lat' dir='ltr'><strong>soluta</strong></span> <span class='ocrx_word' id='word_1_574' title='bbox 3227 1912 3313 1959; x_wconf 89' lang='lat' dir='ltr'><strong>est</strong></span> <span class='ocrx_word' id='word_1_575' title='bbox 3338 1912 3522 1960; x_wconf 82' lang='lat' dir='ltr'><strong>cente-</strong></span> 
     </span>
    </p>
   </div>
   <div class='ocr_carea' id='block_1_87' title="bbox 1968 1994 3522 2064">
    <p class='ocr_par' dir='ltr' id='par_1_87' title="bbox 1968 1994 3522 2064">
     <span class='ocr_line' id='line_1_89' title="bbox 1968 1994 3522 2064; baseline -0.003 -16"><span class='ocrx_word' id='word_1_576' title='bbox 1968 1994 2119 2048; x_wconf 68' lang='lat' dir='ltr'><strong>sima:</strong></span> <span class='ocrx_word' id='word_1_577' title='bbox 2149 2000 2204 2047; x_wconf 92' lang='lat' dir='ltr'><strong>et</strong></span> <span class='ocrx_word' id='word_1_578' title='bbox 2244 1994 2533 2048; x_wconf 72' lang='lat' dir='ltr'><strong>tricesima:</strong></span> <span class='ocrx_word' id='word_1_579' title='bbox 2580 2002 2786 2064; x_wconf 71' lang='lat' dir='ltr'><strong>quartze</strong></span> <span class='ocrx_word' id='word_1_580' title='bbox 2819 1994 3139 2064; x_wconf 88' lang='lat' dir='ltr'><strong>olympiadis</strong></span> <span class='ocrx_word' id='word_1_581' title='bbox 3171 2008 3312 2049; x_wconf 88' lang='lat' dir='ltr'><strong>anno</strong></span> <span class='ocrx_word' id='word_1_582' title='bbox 3341 1994 3522 2060; x_wconf 80' lang='lat' dir='ltr'><strong>tertio,</strong></span> 
     </span>
    </p>
   </div>
   <div class='ocr_carea' id='block_1_88' title="bbox 1970 2084 3271 2156">
    <p class='ocr_par' dir='ltr' id='par_1_88' title="bbox 1970 2084 3271 2156">
     <span class='ocr_line' id='line_1_90' title="bbox 1970 2084 3271 2156; baseline 0 -17"><span class='ocrx_word' id='word_1_583' title='bbox 1970 2084 2196 2141; x_wconf 88' lang='lat' dir='ltr'><strong>Seleuco</strong></span> <span class='ocrx_word' id='word_1_584' title='bbox 2235 2087 2362 2140; x_wconf 89' lang='lat' dir='ltr'><strong>illuc</strong></span> <span class='ocrx_word' id='word_1_585' title='bbox 2395 2087 2638 2156; x_wconf 80' lang='lat' dir='ltr'><strong>appulso.</strong></span> <span class='ocrx_word' id='word_1_586' title='bbox 3266 2134 3271 2139; x_wconf 92' lang='lat'><strong>.</strong></span> 
     </span>
    </p>
   </div>
   <div class='ocr_carea' id='block_1_89' title="bbox 2019 2178 3521 2247">
    <p class='ocr_par' dir='ltr' id='par_1_89' title="bbox 2019 2178 3521 2247">
     <span class='ocr_line' id='line_1_91' title="bbox 2019 2178 3521 2247; baseline -0.002 -15"><span class='ocrx_word' id='word_1_587' title='bbox 2019 2179 2124 2233; x_wconf 86' lang='grc'><strong>-10.</strong></span> <span class='ocrx_word' id='word_1_588' title='bbox 2168 2178 2356 2233; x_wconf 86' lang='lat' dir='ltr'><strong>Frater</strong></span> <span class='ocrx_word' id='word_1_589' title='bbox 2400 2188 2579 2233; x_wconf 89' lang='lat' dir='ltr'><strong>autem</strong></span> <span class='ocrx_word' id='word_1_590' title='bbox 2631 2178 2874 2232; x_wconf 87' lang='lat' dir='ltr'><strong>Callinici</strong></span> <span class='ocrx_word' id='word_1_591' title='bbox 2922 2178 3221 2247; x_wconf 82' lang='lat' dir='ltr'><strong>Antigonus</strong></span> <span class='ocrx_word' id='word_1_592' title='bbox 3272 2191 3521 2246; x_wconf 87' lang='lat' dir='ltr'><strong>magnam</strong></span> 
     </span>
    </p>
   </div>
   <div class='ocr_carea' id='block_1_90' title="bbox 1969 2267 3519 2340">
    <p class='ocr_par' dir='ltr' id='par_1_90' title="bbox 1969 2267 3519 2340">
     <span class='ocr_line' id='line_1_92' title="bbox 1969 2267 3519 2340; baseline -0.001 -18"><span class='ocrx_word' id='word_1_593' title='bbox 1969 2269 2251 2339; x_wconf 86' lang='lat' dir='ltr'><strong>Phrygiam</strong></span> <span class='ocrx_word' id='word_1_594' title='bbox 2280 2285 2593 2340; x_wconf 80' lang='lat' dir='ltr'><strong>peragrans,</strong></span> <span class='ocrx_word' id='word_1_595' title='bbox 2625 2271 2841 2323; x_wconf 86' lang='lat' dir='ltr'><strong>tributis</strong></span> <span class='ocrx_word' id='word_1_596' title='bbox 2864 2269 3067 2322; x_wconf 90' lang='lat' dir='ltr'><strong>incolas</strong></span> <span class='ocrx_word' id='word_1_597' title='bbox 3082 2268 3358 2321; x_wconf 77' lang='lat' dir='ltr'><strong>onerabat.</strong></span> <span class='ocrx_word' id='word_1_598' title='bbox 3379 2267 3519 2332; x_wconf 85' lang='lat' dir='ltr'><strong>Quin</strong></span> 
     </span>
    </p>
   </div>
   <div class='ocr_carea' id='block_1_91' title="bbox 1966 2357 3521 2429">
    <p class='ocr_par' dir='ltr' id='par_1_91' title="bbox 1966 2357 3521 2429">
     <span class='ocr_line' id='line_1_93' title="bbox 1966 2357 3521 2429; baseline -0.002 -15"><span class='ocrx_word' id='word_1_599' title='bbox 1966 2369 2021 2414; x_wconf 90' lang='lat' dir='ltr'><strong>et</strong></span> <span class='ocrx_word' id='word_1_600' title='bbox 2044 2367 2232 2414; x_wconf 88' lang='lat' dir='ltr'><strong>contra</strong></span> <span class='ocrx_word' id='word_1_601' title='bbox 2260 2357 2543 2414; x_wconf 78' lang='lat' dir='ltr'><strong>Seleucum</strong></span> <span class='ocrx_word' id='word_1_602' title='bbox 2572 2360 2847 2429; x_wconf 88' lang='lat' dir='ltr'><strong>copiarum</strong></span> <span class='ocrx_word' id='word_1_603' title='bbox 2884 2358 3051 2412; x_wconf 83' lang='lat' dir='ltr'><strong>duces</strong></span> <span class='ocrx_word' id='word_1_604' title='bbox 3094 2357 3367 2422; x_wconf 66' lang='lat' dir='ltr'><strong>mittebat:</strong></span> <span class='ocrx_word' id='word_1_605' title='bbox 3412 2372 3521 2427; x_wconf 88' lang='lat' dir='ltr'><strong>quo</strong></span> 
     </span>
    </p>
   </div>
   <div class='ocr_carea' id='block_1_92' title="bbox 1968 2448 3519 2519">
    <p class='ocr_par' dir='ltr' id='par_1_92' title="bbox 1968 2448 3519 2519">
     <span class='ocr_line' id='line_1_94' title="bbox 1968 2448 3519 2519; baseline 0 -15"><span class='ocrx_word' id='word_1_606' title='bbox 1968 2458 2206 2519; x_wconf 87' lang='lat' dir='ltr'><strong>tempore</strong></span> <span class='ocrx_word' id='word_1_607' title='bbox 2253 2464 2376 2507; x_wconf 88' lang='lat' dir='ltr'><strong>cum</strong></span> <span class='ocrx_word' id='word_1_608' title='bbox 2412 2463 2443 2502; x_wconf 87' lang='lat' dir='ltr'><strong>a</strong></span> <span class='ocrx_word' id='word_1_609' title='bbox 2488 2449 2804 2517; x_wconf 75' lang='lat' dir='ltr'><strong>voluptariis</strong></span> <span class='ocrx_word' id='word_1_610' title='bbox 2833 2450 2947 2504; x_wconf 88' lang='lat' dir='ltr'><strong>suis</strong></span> <span class='ocrx_word' id='word_1_611' title='bbox 2979 2449 3244 2502; x_wconf 86' lang='lat' dir='ltr'><strong>ministris</strong></span> <span class='ocrx_word' id='word_1_612' title='bbox 3287 2448 3519 2504; x_wconf 83' lang='lat' dir='ltr'><strong>traditus</strong></span> 
     </span>
    </p>
   </div>
   <div class='ocr_carea' id='block_1_93' title="bbox 1968 2538 3520 2610">
    <p class='ocr_par' dir='ltr' id='par_1_93' title="bbox 1968 2538 3520 2610">
     <span class='ocr_line' id='line_1_95' title="bbox 1968 2538 3520 2610; baseline 0.001 -19"><span class='ocrx_word' id='word_1_613' title='bbox 1968 2539 2157 2594; x_wconf 84' lang='lat' dir='ltr'><strong>fuisset</strong></span> <span class='ocrx_word' id='word_1_614' title='bbox 2190 2538 2434 2594; x_wconf 88' lang='lat' dir='ltr'><strong>barbaris</strong></span> <span class='ocrx_word' id='word_1_615' title='bbox 2468 2539 2600 2610; x_wconf 73' lang='grc'><strong>(111),</strong></span> <span class='ocrx_word' id='word_1_616' title='bbox 2636 2540 2825 2592; x_wconf 90' lang='lat' dir='ltr'><strong>horum</strong></span> <span class='ocrx_word' id='word_1_617' title='bbox 2847 2539 3097 2593; x_wconf 88' lang='lat' dir='ltr'><strong>manibus</strong></span> <span class='ocrx_word' id='word_1_618' title='bbox 3111 2540 3327 2608; x_wconf 86' lang='lat' dir='ltr'><strong>elapsus</strong></span> <span class='ocrx_word' id='word_1_619' title='bbox 3354 2553 3520 2606; x_wconf 87' lang='lat' dir='ltr'><strong>parvo</strong></span> 
     </span>
    </p>
   </div>
   <div class='ocr_carea' id='block_1_94' title="bbox 1966 2627 3519 2700">
    <p class='ocr_par' dir='ltr' id='par_1_94' title="bbox 1966 2627 3519 2700">
     <span class='ocr_line' id='line_1_96' title="bbox 1966 2627 3519 2700; baseline -0.001 -15"><span class='ocrx_word' id='word_1_620' title='bbox 1966 2631 2223 2685; x_wconf 89' lang='lat' dir='ltr'><strong>comitatu</strong></span> <span class='ocrx_word' id='word_1_621' title='bbox 2257 2630 2580 2700; x_wconf 75' lang='lat' dir='ltr'><strong>Magnesiam</strong></span> <span class='ocrx_word' id='word_1_622' title='bbox 2606 2630 2779 2685; x_wconf 85' lang='lat' dir='ltr'><strong>evasit</strong></span> <span class='ocrx_word' id='word_1_623' title='bbox 2813 2649 2825 2683; x_wconf 89' lang='lat'><strong>:</strong></span> <span class='ocrx_word' id='word_1_624' title='bbox 2857 2630 3200 2698; x_wconf 88' lang='lat' dir='ltr'><strong>crastiuaque</strong></span> <span class='ocrx_word' id='word_1_625' title='bbox 3226 2630 3313 2685; x_wconf 90' lang='lat' dir='ltr'><strong>die</strong></span> <span class='ocrx_word' id='word_1_626' title='bbox 3338 2627 3519 2683; x_wconf 74' lang='lat' dir='ltr'><strong>Ptole—</strong></span> 
     </span>
    </p>
   </div>
   <div class='ocr_carea' id='block_1_95' title="bbox 1968 2718 3516 2789">
    <p class='ocr_par' dir='ltr' id='par_1_95' title="bbox 1968 2718 3516 2789">
     <span class='ocr_line' id='line_1_97' title="bbox 1968 2718 3516 2789; baseline 0 -16"><span class='ocrx_word' id='word_1_627' title='bbox 1968 2723 2084 2775; x_wconf 68' lang='lat' dir='ltr'><strong>maei</strong></span> <span class='ocrx_word' id='word_1_628' title='bbox 2115 2721 2328 2775; x_wconf 83' lang='lat' dir='ltr'><strong>auxiliis</strong></span> <span class='ocrx_word' id='word_1_629' title='bbox 2358 2720 2527 2775; x_wconf 88' lang='lat' dir='ltr'><strong>fretus</strong></span> <span class='ocrx_word' id='word_1_630' title='bbox 2559 2720 2800 2789; x_wconf 65' lang='lat' dir='ltr'><strong>puellum</strong></span> <span class='ocrx_word' id='word_1_631' title='bbox 2829 2718 2966 2774; x_wconf 91' lang='lat' dir='ltr'><strong>felici</strong></span> <span class='ocrx_word' id='word_1_632' title='bbox 3001 2718 3170 2773; x_wconf 84' lang='lat' dir='ltr'><strong>Marte</strong></span> <span class='ocrx_word' id='word_1_633' title='bbox 3193 2719 3470 2774; x_wconf 84' lang='lat' dir='ltr'><strong>conseruit</strong></span> <span class='ocrx_word' id='word_1_634' title='bbox 3502 2736 3516 2773; x_wconf 90' lang='lat'><strong>:</strong></span> 
     </span>
    </p>
   </div>
   <div class='ocr_carea' id='block_1_96' title="bbox 1966 2807 3520 2879">
    <p class='ocr_par' dir='ltr' id='par_1_96' title="bbox 1966 2807 3520 2879">
     <span class='ocr_line' id='line_1_98' title="bbox 1966 2807 3520 2879; baseline -0.001 -17"><span class='ocrx_word' id='word_1_635' title='bbox 1966 2817 2077 2862; x_wconf 90' lang='lat' dir='ltr'><strong>tum</strong></span> <span class='ocrx_word' id='word_1_636' title='bbox 2096 2808 2320 2862; x_wconf 75' lang='lat' dir='ltr'><strong>etlicla:</strong></span> <span class='ocrx_word' id='word_1_637' title='bbox 2337 2808 2445 2879; x_wconf 90' lang='lat' dir='ltr'><strong>(l9)</strong></span> <span class='ocrx_word' id='word_1_638' title='bbox 2463 2808 2621 2863; x_wconf 88' lang='lat' dir='ltr'><strong>filiam</strong></span> <span class='ocrx_word' id='word_1_639' title='bbox 2643 2809 2845 2878; x_wconf 88' lang='lat' dir='ltr'><strong>nuptiis</strong></span> <span class='ocrx_word' id='word_1_640' title='bbox 2868 2809 2969 2862; x_wconf 88' lang='lat' dir='ltr'><strong>sibi</strong></span> <span class='ocrx_word' id='word_1_641' title='bbox 2998 2808 3285 2877; x_wconf 87' lang='lat' dir='ltr'><strong>copulavit.</strong></span> <span class='ocrx_word' id='word_1_642' title='bbox 3316 2807 3520 2862; x_wconf 66' lang='lat' dir='ltr'><strong>Deinde</strong></span> 
     </span>
    </p>
   </div>
   <div class='ocr_carea' id='block_1_97' title="bbox 1965 2899 3520 2971">
    <p class='ocr_par' dir='ltr' id='par_1_97' title="bbox 1965 2899 3520 2971">
     <span class='ocr_line' id='line_1_99' title="bbox 1965 2899 3520 2971; baseline 0 -18"><span class='ocrx_word' id='word_1_643' title='bbox 1965 2917 2107 2955; x_wconf 87' lang='lat' dir='ltr'><strong>anno</strong></span> <span class='ocrx_word' id='word_1_644' title='bbox 2158 2908 2350 2970; x_wconf 89' lang='lat' dir='ltr'><strong>quarto</strong></span> <span class='ocrx_word' id='word_1_645' title='bbox 2401 2900 2719 2971; x_wconf 82' lang='lat' dir='ltr'><strong>Olympiadis</strong></span> <span class='ocrx_word' id='word_1_646' title='bbox 2768 2900 3076 2954; x_wconf 68' lang='lat' dir='ltr'><strong>centesima:</strong></span> <span class='ocrx_word' id='word_1_647' title='bbox 3123 2907 3175 2953; x_wconf 89' lang='lat' dir='ltr'><strong>ct</strong></span> <span class='ocrx_word' id='word_1_648' title='bbox 3231 2899 3520 2953; x_wconf 68' lang='lat' dir='ltr'><strong>tricesima:</strong></span> 
     </span>
    </p>
   </div>
   <div class='ocr_carea' id='block_1_98' title="bbox 1961 2988 3493 3061">
    <p class='ocr_par' dir='ltr' id='par_1_98' title="bbox 1961 2988 3493 3061">
     <span class='ocr_line' id='line_1_100' title="bbox 1961 2988 3493 3061; baseline -0.003 -15"><span class='ocrx_word' id='word_1_649' title='bbox 1961 2992 2198 3061; x_wconf 67' lang='lat' dir='ltr'><strong>septima:</strong></span> <span class='ocrx_word' id='word_1_650' title='bbox 2221 2992 2273 3044; x_wconf 91' lang='lat' dir='ltr'><strong>in</strong></span> <span class='ocrx_word' id='word_1_651' title='bbox 2296 2989 2460 3060; x_wconf 83' lang='lat' dir='ltr'><strong>Lydia</strong></span> <span class='ocrx_word' id='word_1_652' title='bbox 2481 2991 2566 3045; x_wconf 87' lang='lat' dir='ltr'><strong>bis</strong></span> <span class='ocrx_word' id='word_1_653' title='bbox 2586 2990 2751 3045; x_wconf 90' lang='lat' dir='ltr'><strong>armis</strong></span> <span class='ocrx_word' id='word_1_654' title='bbox 2774 2990 2933 3045; x_wconf 88' lang='lat' dir='ltr'><strong>motis</strong></span> <span class='ocrx_word' id='word_1_655' title='bbox 2953 2989 3179 3043; x_wconf 74' lang='lat' dir='ltr'><strong>debellat</strong></span> <span class='ocrx_word' id='word_1_656' title='bbox 3193 3006 3252 3044; x_wconf 90' lang='lat' dir='ltr'><strong>ns</strong></span> <span class='ocrx_word' id='word_1_657' title='bbox 3273 2996 3355 3044; x_wconf 88' lang='lat' dir='ltr'><strong>est</strong></span> <span class='ocrx_word' id='word_1_658' title='bbox 3379 2988 3493 3059; x_wconf 74' lang='lat'><strong>(20)</strong></span> 
     </span>
    </p>
   </div>
   <div class='ocr_carea' id='block_1_99' title="bbox 1960 3075 3511 3149">
    <p class='ocr_par' dir='ltr' id='par_1_99' title="bbox 1960 3075 3511 3149">
     <span class='ocr_line' id='line_1_101' title="bbox 1960 3075 3511 3149; baseline -0.001 -15"><span class='ocrx_word' id='word_1_659' title='bbox 1960 3079 2095 3134; x_wconf 89' lang='lat' dir='ltr'><strong>Tum</strong></span> <span class='ocrx_word' id='word_1_660' title='bbox 2121 3081 2282 3135; x_wconf 85' lang='lat' dir='ltr'><strong>etiam</strong></span> <span class='ocrx_word' id='word_1_661' title='bbox 2316 3082 2457 3135; x_wconf 87' lang='lat' dir='ltr'><strong>circa</strong></span> <span class='ocrx_word' id='word_1_662' title='bbox 2490 3080 2727 3135; x_wconf 75' lang='lat' dir='ltr'><strong>Choloén</strong></span> <span class='ocrx_word' id='word_1_663' title='bbox 2754 3080 2981 3135; x_wconf 84' lang='lat' dir='ltr'><strong>certavit</strong></span> <span class='ocrx_word' id='word_1_664' title='bbox 3013 3095 3138 3134; x_wconf 89' lang='lat' dir='ltr'><strong>cum</strong></span> <span class='ocrx_word' id='word_1_665' title='bbox 3162 3081 3340 3133; x_wconf 88' lang='lat' dir='ltr'><strong>Attalo</strong></span> <span class='ocrx_word' id='word_1_666' title='bbox 3364 3075 3511 3149; x_wconf 75' lang='lat' dir='ltr'><strong>(2i):</strong></span> 
     </span>
    </p>
   </div>
   <div class='ocr_carea' id='block_1_100' title="bbox 1958 3169 3517 3241">
    <p class='ocr_par' dir='ltr' id='par_1_100' title="bbox 1958 3169 3517 3241">
     <span class='ocr_line' id='line_1_102' title="bbox 1958 3169 3517 3241; baseline -0.001 -17"><span class='ocrx_word' id='word_1_667' title='bbox 1958 3180 2011 3224; x_wconf 88' lang='lat' dir='ltr'><strong>et</strong></span> <span class='ocrx_word' id='word_1_668' title='bbox 2042 3171 2258 3240; x_wconf 74' lang='lat' dir='ltr'><strong>quidem</strong></span> <span class='ocrx_word' id='word_1_669' title='bbox 2289 3171 2462 3240; x_wconf 85' lang='lat' dir='ltr'><strong>primo</strong></span> <span class='ocrx_word' id='word_1_670' title='bbox 2490 3186 2633 3225; x_wconf 89' lang='lat' dir='ltr'><strong>anno</strong></span> <span class='ocrx_word' id='word_1_671' title='bbox 2663 3170 2984 3241; x_wconf 83' lang='lat' dir='ltr'><strong>Olympiadis</strong></span> <span class='ocrx_word' id='word_1_672' title='bbox 3008 3169 3291 3223; x_wconf 66' lang='lat' dir='ltr'><strong>tricesima:</strong></span> <span class='ocrx_word' id='word_1_673' title='bbox 3313 3177 3517 3223; x_wconf 72' lang='lat' dir='ltr'><strong>octava:</strong></span> 
     </span>
    </p>
   </div>
   <div class='ocr_carea' id='block_1_101' title="bbox 1960 3258 3510 3330">
    <p class='ocr_par' dir='ltr' id='par_1_101' title="bbox 1960 3258 3510 3330">
     <span class='ocr_line' id='line_1_103' title="bbox 1960 3258 3510 3330; baseline 0.001 -17"><span class='ocrx_word' id='word_1_674' title='bbox 1960 3275 2121 3329; x_wconf 84' lang='lat' dir='ltr'><strong>supra</strong></span> <span class='ocrx_word' id='word_1_675' title='bbox 2153 3261 2520 3325; x_wconf 78' lang='lat' dir='ltr'><strong>centesimam,</strong></span> <span class='ocrx_word' id='word_1_676' title='bbox 2549 3260 2783 3315; x_wconf 87' lang='lat' dir='ltr'><strong>Attalum</strong></span> <span class='ocrx_word' id='word_1_677' title='bbox 2816 3261 2870 3314; x_wconf 88' lang='lat' dir='ltr'><strong>in</strong></span> <span class='ocrx_word' id='word_1_678' title='bbox 2913 3258 3201 3314; x_wconf 88' lang='lat' dir='ltr'><strong>Thraciam</strong></span> <span class='ocrx_word' id='word_1_679' title='bbox 3233 3275 3404 3330; x_wconf 87' lang='lat' dir='ltr'><strong>usque</strong></span> <span class='ocrx_word' id='word_1_680' title='bbox 3432 3259 3510 3314; x_wconf 83' lang='lat' dir='ltr'><strong>fn-</strong></span> 
     </span>
    </p>
   </div>
   <div class='ocr_carea' id='block_1_102' title="bbox 1955 3348 3517 3420">
    <p class='ocr_par' dir='ltr' id='par_1_102' title="bbox 1955 3348 3517 3420">
     <span class='ocr_line' id='line_1_104' title="bbox 1955 3348 3517 3420; baseline 0.002 -18"><span class='ocrx_word' id='word_1_681' title='bbox 1955 3351 2126 3419; x_wconf 86' lang='lat' dir='ltr'><strong>gicns,</strong></span> <span class='ocrx_word' id='word_1_682' title='bbox 2163 3360 2282 3419; x_wconf 79' lang='lat' dir='ltr'><strong>post</strong></span> <span class='ocrx_word' id='word_1_683' title='bbox 2312 3366 2540 3420; x_wconf 82' lang='lat' dir='ltr'><strong>pugnam</strong></span> <span class='ocrx_word' id='word_1_684' title='bbox 2578 3353 2630 3403; x_wconf 89' lang='lat' dir='ltr'><strong>iu</strong></span> <span class='ocrx_word' id='word_1_685' title='bbox 2671 3351 2827 3404; x_wconf 87' lang='lat' dir='ltr'><strong>Caria</strong></span> <span class='ocrx_word' id='word_1_686' title='bbox 2860 3359 3147 3418; x_wconf 89' lang='lat' dir='ltr'><strong>patratam,</strong></span> <span class='ocrx_word' id='word_1_687' title='bbox 3184 3348 3291 3403; x_wconf 86' lang='lat' dir='ltr'><strong>vita</strong></span> <span class='ocrx_word' id='word_1_688' title='bbox 3322 3363 3517 3405; x_wconf 84' lang='lat' dir='ltr'><strong>exces-</strong></span> 
     </span>
    </p>
   </div>
   <div class='ocr_carea' id='block_1_103' title="bbox 1963 3525 3506 3598">
    <p class='ocr_par' dir='ltr' id='par_1_103' title="bbox 1963 3525 3506 3598">
     <span class='ocr_line' id='line_1_105' title="bbox 1963 3525 3506 3598; baseline 0.003 -20"><span class='ocrx_word' id='word_1_689' title='bbox 1963 3526 2215 3598; x_wconf 75' lang='lat' dir='ltr'><strong>rel&#39;ntavit</strong></span> <span class='ocrx_word' id='word_1_690' title='bbox 2253 3542 2497 3598; x_wconf 83' lang='lat' dir='ltr'><strong>summus</strong></span> <span class='ocrx_word' id='word_1_691' title='bbox 2535 3525 2848 3598; x_wconf 77' lang='lat' dir='ltr'><strong>V&#39;icccomes</strong></span> <span class='ocrx_word' id='word_1_692' title='bbox 2884 3525 3124 3598; x_wconf 80' lang='lat' dir='ltr'><strong>Iconogr.</strong></span> <span class='ocrx_word' id='word_1_693' title='bbox 3148 3543 3228 3598; x_wconf 81' lang='lat' dir='ltr'><strong>gr.</strong></span> <span class='ocrx_word' id='word_1_694' title='bbox 3255 3526 3342 3589; x_wconf 92' lang='grc'><strong>111,</strong></span> <span class='ocrx_word' id='word_1_695' title='bbox 3382 3527 3506 3583; x_wconf 71' lang='grc'><strong>582.</strong></span> 
     </span>
    </p>
   </div>
   <div class='ocr_carea' id='block_1_104' title="bbox 2025 3594 3509 3663">
    <p class='ocr_par' dir='ltr' id='par_1_104' title="bbox 2025 3594 3509 3663">
     <span class='ocr_line' id='line_1_106' title="bbox 2025 3594 3509 3663; baseline 0.003 -15"><span class='ocrx_word' id='word_1_696' title='bbox 2025 3596 2133 3663; x_wconf 91' lang='grc'><strong>(11)</strong></span> <span class='ocrx_word' id='word_1_697' title='bbox 2174 3594 2268 3648; x_wconf 87' lang='lat' dir='ltr'><strong>llic</strong></span> <span class='ocrx_word' id='word_1_698' title='bbox 2306 3606 2389 3650; x_wconf 90' lang='lat' dir='ltr'><strong>est</strong></span> <span class='ocrx_word' id='word_1_699' title='bbox 2436 3596 2734 3649; x_wconf 78' lang='lat' dir='ltr'><strong>Antiochus</strong></span> <span class='ocrx_word' id='word_1_700' title='bbox 2768 3595 2984 3650; x_wconf 84' lang='lat' dir='ltr'><strong>llierax.</strong></span> <span class='ocrx_word' id='word_1_701' title='bbox 3022 3594 3079 3650; x_wconf 82' lang='lat' dir='ltr'><strong>In</strong></span> <span class='ocrx_word' id='word_1_702' title='bbox 3110 3594 3299 3652; x_wconf 81' lang='lat' dir='ltr'><strong>cedice</strong></span> <span class='ocrx_word' id='word_1_703' title='bbox 3328 3605 3509 3653; x_wconf 89' lang='lat' dir='ltr'><strong>tamen</strong></span> 
     </span>
    </p>
   </div>
   <div class='ocr_carea' id='block_1_105' title="bbox 1955 3664 3131 3736">
    <p class='ocr_par' dir='ltr' id='par_1_105' title="bbox 1955 3664 3131 3736">
     <span class='ocr_line' id='line_1_107' title="bbox 1955 3664 3131 3736; baseline 0.003 -21"><span class='ocrx_word' id='word_1_704' title='bbox 1955 3664 2109 3736; x_wconf 65' lang='lat' dir='ltr'><strong>Arm.</strong></span> <span class='ocrx_word' id='word_1_705' title='bbox 2124 3671 2441 3736; x_wconf 67' lang='lat' dir='ltr'><strong>constanter</strong></span> <span class='ocrx_word' id='word_1_706' title='bbox 2468 3665 2723 3736; x_wconf 73' lang='lat' dir='ltr'><strong>scribitur</strong></span> <span class='ocrx_word' id='word_1_707' title='bbox 2751 3667 3062 3736; x_wconf 49' lang='lat' dir='ltr'><strong>Antigonus:</strong></span> <span class='ocrx_word' id='word_1_708' title='bbox 3125 3689 3131 3736; x_wconf 69' lang='grc' dir='ltr'>ξ</span> 
     </span>
    </p>
   </div>
   <div class='ocr_carea' id='block_1_106' title="bbox 2029 3733 3506 3803">
    <p class='ocr_par' dir='ltr' id='par_1_106' title="bbox 2029 3733 3506 3803">
     <span class='ocr_line' id='line_1_108' title="bbox 2029 3733 3506 3803; baseline 0.003 -18"><span class='ocrx_word' id='word_1_709' title='bbox 2029 3733 2140 3802; x_wconf 70' lang='grc'><strong>(12)</strong></span> <span class='ocrx_word' id='word_1_710' title='bbox 2167 3733 2521 3796; x_wconf 83' lang='lat' dir='ltr'><strong>Quaerendum</strong></span> <span class='ocrx_word' id='word_1_711' title='bbox 2552 3733 2617 3786; x_wconf 88' lang='lat' dir='ltr'><strong>de</strong></span> <span class='ocrx_word' id='word_1_712' title='bbox 2649 3733 2750 3803; x_wconf 83' lang='lat' dir='ltr'><strong>hoc</strong></span> <span class='ocrx_word' id='word_1_713' title='bbox 2787 3751 2801 3792; x_wconf 83' lang='lat'><strong>:</strong></span> <span class='ocrx_word' id='word_1_714' title='bbox 2855 3733 2978 3786; x_wconf 87' lang='lat' dir='ltr'><strong>nam</strong></span> <span class='ocrx_word' id='word_1_715' title='bbox 3020 3733 3343 3803; x_wconf 62' lang='lat' dir='ltr'><strong>Ptolemaeus</strong></span> <span class='ocrx_word' id='word_1_716' title='bbox 3376 3735 3506 3803; x_wconf 73' lang='lat' dir='ltr'><strong>qui-</strong></span> 
     </span>
    </p>
   </div>
   <div class='ocr_carea' id='block_1_107' title="bbox 1955 3800 3505 3873">
    <p class='ocr_par' dir='ltr' id='par_1_107' title="bbox 1955 3800 3505 3873">
     <span class='ocr_line' id='line_1_109' title="bbox 1955 3800 3505 3873; baseline 0.001 -18"><span class='ocrx_word' id='word_1_717' title='bbox 1955 3800 2351 3873; x_wconf 27' lang='lat' dir='ltr'><strong>demgqnimox</strong></span> <span class='ocrx_word' id='word_1_718' title='bbox 2374 3808 2642 3873; x_wconf 83' lang='lat' dir='ltr'><strong>occurret,</strong></span> <span class='ocrx_word' id='word_1_719' title='bbox 2678 3800 2842 3873; x_wconf 80' lang='lat' dir='ltr'><strong>frater</strong></span> <span class='ocrx_word' id='word_1_720' title='bbox 2870 3809 2986 3873; x_wconf 77' lang='lat' dir='ltr'><strong>erat</strong></span> <span class='ocrx_word' id='word_1_721' title='bbox 3019 3802 3323 3873; x_wconf 81' lang='lat' dir='ltr'><strong>Berenices,</strong></span> <span class='ocrx_word' id='word_1_722' title='bbox 3345 3800 3505 3873; x_wconf 80' lang='lat' dir='ltr'><strong>quam</strong></span> 
     </span>
    </p>
   </div>
   <div class='ocr_carea' id='block_1_108' title="bbox 1958 3870 3508 3940">
    <p class='ocr_par' dir='ltr' id='par_1_108' title="bbox 1958 3870 3508 3940">
     <span class='ocr_line' id='line_1_110' title="bbox 1958 3870 3508 3940; baseline 0.003 -17"><span class='ocrx_word' id='word_1_723' title='bbox 1958 3870 2202 3925; x_wconf 78' lang='lat' dir='ltr'><strong>Laodica:</strong></span> <span class='ocrx_word' id='word_1_724' title='bbox 2230 3873 2386 3925; x_wconf 87' lang='lat' dir='ltr'><strong>uxori</strong></span> <span class='ocrx_word' id='word_1_725' title='bbox 2425 3872 2607 3938; x_wconf 60' lang='lat' dir='ltr'><strong>primas</strong></span> <span class='ocrx_word' id='word_1_726' title='bbox 2634 3871 3013 3940; x_wconf 83' lang='lat' dir='ltr'><strong>superindnxit</strong></span> <span class='ocrx_word' id='word_1_727' title='bbox 3063 3870 3383 3933; x_wconf 65' lang='lat' dir='ltr'><strong>Antiochus,</strong></span> <span class='ocrx_word' id='word_1_728' title='bbox 3415 3887 3508 3928; x_wconf 90' lang='lat' dir='ltr'><strong>co-</strong></span> 
     </span>
    </p>
   </div>
   <div class='ocr_carea' id='block_1_109' title="bbox 1955 3940 3272 4010">
    <p class='ocr_par' dir='ltr' id='par_1_109' title="bbox 1955 3940 3272 4010">
     <span class='ocr_line' id='line_1_111' title="bbox 1955 3940 3272 4010; baseline 0.002 -18"><span class='ocrx_word' id='word_1_729' title='bbox 1955 3944 2209 4010; x_wconf 87' lang='lat' dir='ltr'><strong>gnomine</strong></span> <span class='ocrx_word' id='word_1_730' title='bbox 2243 3940 2401 4005; x_wconf 85' lang='lat' dir='ltr'><strong>Dens,</strong></span> <span class='ocrx_word' id='word_1_731' title='bbox 2429 3940 2673 4010; x_wconf 73' lang='lat' dir='ltr'><strong>Callinicj</strong></span> <span class='ocrx_word' id='word_1_732' title='bbox 2705 3948 2758 3994; x_wconf 89' lang='lat' dir='ltr'><strong>et</strong></span> <span class='ocrx_word' id='word_1_733' title='bbox 2792 3940 3272 4010; x_wconf 17' lang='lat' dir='ltr'><strong>Hieracisgparens.</strong></span> 
     </span>
    </p>
   </div>
   <div class='ocr_carea' id='block_1_110' title="bbox 2024 4008 3505 4080">
    <p class='ocr_par' dir='ltr' id='par_1_110' title="bbox 2024 4008 3505 4080">
     <span class='ocr_line' id='line_1_112' title="bbox 2024 4008 3505 4080; baseline 0.003 -18"><span class='ocrx_word' id='word_1_734' title='bbox 2024 4010 2135 4080; x_wconf 77' lang='lat' dir='ltr'><strong>(l3)</strong></span> <span class='ocrx_word' id='word_1_735' title='bbox 2178 4010 2311 4064; x_wconf 85' lang='lat' dir='ltr'><strong>Puta</strong></span> <span class='ocrx_word' id='word_1_736' title='bbox 2343 4010 2603 4080; x_wconf 82' lang='lat' dir='ltr'><strong>adversus</strong></span> <span class='ocrx_word' id='word_1_737' title='bbox 2646 4008 2995 4080; x_wconf 78' lang='lat' dir='ltr'><strong>Ptolemaeum</strong></span> <span class='ocrx_word' id='word_1_738' title='bbox 3031 4008 3375 4080; x_wconf 87' lang='lat' dir='ltr'><strong>Tryphonem</strong></span> <span class='ocrx_word' id='word_1_739' title='bbox 3409 4025 3505 4067; x_wconf 87' lang='lat' dir='ltr'><strong>seu</strong></span> 
     </span>
    </p>
   </div>
   <div class='ocr_carea' id='block_1_111' title="bbox 1956 4078 3507 4152">
    <p class='ocr_par' dir='ltr' id='par_1_111' title="bbox 1956 4078 3507 4152">
     <span class='ocr_line' id='line_1_113' title="bbox 1956 4078 3507 4152; baseline 0.005 -22"><span class='ocrx_word' id='word_1_740' title='bbox 1956 4078 2266 4152; x_wconf 78' lang='lat' dir='ltr'><strong>Evergetem</strong></span> <span class='ocrx_word' id='word_1_741' title='bbox 2281 4079 2401 4152; x_wconf 69' lang='lat' dir='ltr'><strong>(qui</strong></span> <span class='ocrx_word' id='word_1_742' title='bbox 2423 4079 2660 4152; x_wconf 65' lang='lat' dir='ltr'><strong>Berenici</strong></span> <span class='ocrx_word' id='word_1_743' title='bbox 2681 4081 2852 4152; x_wconf 77' lang='lat' dir='ltr'><strong>sorori</strong></span> <span class='ocrx_word' id='word_1_744' title='bbox 2870 4079 3062 4152; x_wconf 78' lang='lat' dir='ltr'><strong>vindex</strong></span> <span class='ocrx_word' id='word_1_745' title='bbox 3075 4078 3316 4149; x_wconf 81' lang='lat' dir='ltr'><strong>venerat)</strong></span> <span class='ocrx_word' id='word_1_746' title='bbox 3342 4090 3507 4152; x_wconf 88' lang='lat' dir='ltr'><strong>atque</strong></span> 
     </span>
    </p>
   </div>
   <div class='ocr_carea' id='block_1_112' title="bbox 1955 4148 3119 4216">
    <p class='ocr_par' dir='ltr' id='par_1_112' title="bbox 1955 4148 3119 4216">
     <span class='ocr_line' id='line_1_114' title="bbox 1955 4148 3119 4216; baseline 0.003 -15"><span class='ocrx_word' id='word_1_747' title='bbox 1955 4148 2217 4204; x_wconf 84' lang='lat' dir='ltr'><strong>adversus</strong></span> <span class='ocrx_word' id='word_1_748' title='bbox 2246 4148 2487 4216; x_wconf 88' lang='lat' dir='ltr'><strong>ejusdem</strong></span> <span class='ocrx_word' id='word_1_749' title='bbox 2508 4148 2782 4201; x_wconf 72' lang='lat' dir='ltr'><strong>Ptolemzri</strong></span> <span class='ocrx_word' id='word_1_750' title='bbox 2810 4149 3119 4204; x_wconf 83' lang='lat' dir='ltr'><strong>auxiliares.</strong></span> 
     </span>
    </p>
   </div>
   <div class='ocr_carea' id='block_1_113' title="bbox 2029 4216 3505 4288">
    <p class='ocr_par' dir='ltr' id='par_1_113' title="bbox 2029 4216 3505 4288">
     <span class='ocr_line' id='line_1_115' title="bbox 2029 4216 3505 4288; baseline 0.001 -17"><span class='ocrx_word' id='word_1_751' title='bbox 2029 4216 2139 4287; x_wconf 74' lang='lat' dir='ltr'><strong>(H)</strong></span> <span class='ocrx_word' id='word_1_752' title='bbox 2167 4218 2364 4286; x_wconf 76' lang='lat' dir='ltr'><strong>Copias</strong></span> <span class='ocrx_word' id='word_1_753' title='bbox 2395 4218 2604 4272; x_wconf 88' lang='lat' dir='ltr'><strong>Seleuci</strong></span> <span class='ocrx_word' id='word_1_754' title='bbox 2618 4219 2991 4288; x_wconf 78' lang='lat' dir='ltr'><strong>internecione</strong></span> <span class='ocrx_word' id='word_1_755' title='bbox 3007 4218 3505 4288; x_wconf 63' lang='lat' dir='ltr'><strong>caasas,ipsumque</strong></span> 
     </span>
    </p>
   </div>
   <div class='ocr_carea' id='block_1_114' title="bbox 1954 4285 3506 4357">
    <p class='ocr_par' dir='ltr' id='par_1_114' title="bbox 1954 4285 3506 4357">
     <span class='ocr_line' id='line_1_116' title="bbox 1954 4285 3506 4357; baseline 0.001 -15"><span class='ocrx_word' id='word_1_756' title='bbox 1954 4285 2240 4357; x_wconf 82' lang='lat' dir='ltr'><strong>Seleucum</strong></span> <span class='ocrx_word' id='word_1_757' title='bbox 2252 4285 2581 4357; x_wconf 79' lang='lat' dir='ltr'><strong>aliquandiu</strong></span> <span class='ocrx_word' id='word_1_758' title='bbox 2597 4285 2957 4357; x_wconf 74' lang='lat' dir='ltr'><strong>desideratum</strong></span> <span class='ocrx_word' id='word_1_759' title='bbox 2974 4295 3167 4357; x_wconf 78' lang='lat' dir='ltr'><strong>narrat</strong></span> <span class='ocrx_word' id='word_1_760' title='bbox 3178 4285 3506 4357; x_wconf 76' lang='lat' dir='ltr'><strong>Plutarchus</strong></span> 
     </span>
    </p>
   </div>
   <div class='ocr_carea' id='block_1_115' title="bbox 1948 4352 3503 4424">
    <p class='ocr_par' dir='ltr' id='par_1_115' title="bbox 1948 4352 3503 4424">
     <span class='ocr_line' id='line_1_117' title="bbox 1948 4352 3503 4424; baseline 0.002 -16"><span class='ocrx_word' id='word_1_761' title='bbox 1948 4356 2233 4424; x_wconf 81' lang='lat' dir='ltr'><strong>Apophth.,</strong></span> <span class='ocrx_word' id='word_1_762' title='bbox 2273 4352 2374 4412; x_wconf 56' lang='lat' dir='ltr'><strong>ed:</strong></span> <span class='ocrx_word' id='word_1_763' title='bbox 2403 4356 2576 4411; x_wconf 83' lang='lat' dir='ltr'><strong>Paris.</strong></span> <span class='ocrx_word' id='word_1_764' title='bbox 2613 4362 2653 4409; x_wconf 93' lang='lat' dir='ltr'><strong>t.</strong></span> <span class='ocrx_word' id='word_1_765' title='bbox 2704 4352 2766 4416; x_wconf 91' lang='grc'><strong>11,</strong></span> <span class='ocrx_word' id='word_1_766' title='bbox 2805 4371 2859 4424; x_wconf 93' lang='lat' dir='ltr'><strong>p.</strong></span> <span class='ocrx_word' id='word_1_767' title='bbox 2892 4355 3030 4421; x_wconf 72' lang='grc'><strong>184,</strong></span> <span class='ocrx_word' id='word_1_768' title='bbox 3066 4364 3119 4411; x_wconf 88' lang='lat' dir='ltr'><strong>et</strong></span> <span class='ocrx_word' id='word_1_769' title='bbox 3164 4356 3238 4409; x_wconf 80' lang='lat' dir='ltr'><strong>De</strong></span> <span class='ocrx_word' id='word_1_770' title='bbox 3266 4357 3503 4424; x_wconf 81' lang='lat' dir='ltr'><strong>fraterno</strong></span> 
     </span>
    </p>
   </div>
   <div class='ocr_carea' id='block_1_116' title="bbox 1948 4426 2380 4490">
    <p class='ocr_par' dir='ltr' id='par_1_116' title="bbox 1948 4426 2380 4490">
     <span class='ocr_line' id='line_1_118' title="bbox 1948 4426 2380 4490; baseline 0.007 -13"><span class='ocrx_word' id='word_1_771' title='bbox 1948 4442 2147 4490; x_wconf 85' lang='lat' dir='ltr'><strong>amore,</strong></span> <span class='ocrx_word' id='word_1_772' title='bbox 2165 4441 2216 4490; x_wconf 92' lang='lat' dir='ltr'><strong>p.</strong></span> <span class='ocrx_word' id='word_1_773' title='bbox 2256 4426 2380 4480; x_wconf 69' lang='lat'><strong>489.</strong></span> 
     </span>
    </p>
   </div>
   <div class='ocr_carea' id='block_1_117' title="bbox 2020 4441 3501 4564">
    <p class='ocr_par' dir='ltr' id='par_1_117' title="bbox 2020 4441 3501 4564">
     <span class='ocr_line' id='line_1_119' title="bbox 2020 4441 3501 4564; baseline 0.003 -17"><span class='ocrx_word' id='word_1_774' title='bbox 2020 4441 2473 4563; x_wconf 51' lang='grc' dir='ltr'><strong>(ῗέῖῖξίοῆῗὲέευε</strong></span> <span class='ocrx_word' id='word_1_775' title='bbox 2507 4492 2794 4563; x_wconf 84' lang='lat' dir='ltr'><strong>Evergetes</strong></span> <span class='ocrx_word' id='word_1_776' title='bbox 2825 4493 3024 4549; x_wconf 91' lang='lat' dir='ltr'><strong>dicitur</strong></span> <span class='ocrx_word' id='word_1_777' title='bbox 3068 4493 3311 4564; x_wconf 77' lang='lat' dir='ltr'><strong>Tryphon</strong></span> <span class='ocrx_word' id='word_1_778' title='bbox 3338 4496 3501 4550; x_wconf 88' lang='lat' dir='ltr'><strong>etiam</strong></span> 
     </span>
    </p>
   </div>
   <div class='ocr_carea' id='block_1_118' title="bbox 1946 4563 2838 4634">
    <p class='ocr_par' dir='ltr' id='par_1_118' title="bbox 1946 4563 2838 4634">
     <span class='ocr_line' id='line_1_120' title="bbox 1946 4563 2838 4634; baseline 0.002 -18"><span class='ocrx_word' id='word_1_779' title='bbox 1946 4578 1976 4616; x_wconf 90' lang='lat' dir='ltr'><strong>a</strong></span> <span class='ocrx_word' id='word_1_780' title='bbox 2005 4563 2180 4632; x_wconf 80' lang='lat' dir='ltr'><strong>Trogo</strong></span> <span class='ocrx_word' id='word_1_781' title='bbox 2206 4564 2405 4634; x_wconf 86' lang='lat' dir='ltr'><strong>prolog.</strong></span> <span class='ocrx_word' id='word_1_782' title='bbox 2432 4577 2598 4634; x_wconf 71' lang='lat' dir='ltr'><strong>xxvu,</strong></span> <span class='ocrx_word' id='word_1_783' title='bbox 2626 4572 2679 4617; x_wconf 89' lang='lat' dir='ltr'><strong>et</strong></span> <span class='ocrx_word' id='word_1_784' title='bbox 2711 4580 2838 4618; x_wconf 82' lang='lat' dir='ltr'><strong>xxx.</strong></span> 
     </span>
    </p>
   </div>
   <div class='ocr_carea' id='block_1_119' title="bbox 1984 4631 3502 4712">
    <p class='ocr_par' dir='ltr' id='par_1_119' title="bbox 1984 4631 3502 4712">
     <span class='ocr_line' id='line_1_121' title="bbox 1984 4631 3502 4712; baseline 0.003 -24"><span class='ocrx_word' id='word_1_785' title='bbox 1984 4631 2130 4712; x_wconf 82' lang='grc'><strong>⁸(16)</strong></span> <span class='ocrx_word' id='word_1_786' title='bbox 2167 4631 2445 4711; x_wconf 77' lang='lat' dir='ltr'><strong>Ancherus</strong></span> <span class='ocrx_word' id='word_1_787' title='bbox 2477 4632 2798 4688; x_wconf 89' lang='lat' dir='ltr'><strong>Damascum</strong></span> <span class='ocrx_word' id='word_1_788' title='bbox 2832 4642 2884 4686; x_wconf 89' lang='lat' dir='ltr'><strong>et</strong></span> <span class='ocrx_word' id='word_1_789' title='bbox 2905 4631 3214 4688; x_wconf 87' lang='lat' dir='ltr'><strong>Orthosiam</strong></span> <span class='ocrx_word' id='word_1_790' title='bbox 3246 4634 3502 4692; x_wconf 85' lang='lat' dir='ltr'><strong>obsessas</strong></span> 
     </span>
    </p>
   </div>
   <div class='ocr_carea' id='block_1_120' title="bbox 1947 4712 2042 4755">
    <p class='ocr_par' dir='ltr' id='par_1_120' title="bbox 1947 4712 2042 4755">
     <span class='ocr_line' id='line_1_122' title="bbox 1947 4712 2042 4755; baseline 0.011 -1"><span class='ocrx_word' id='word_1_791' title='bbox 1947 4712 2042 4755; x_wconf 77' lang='lat' dir='ltr'><strong>all.</strong></span> 
     </span>
    </p>
   </div>
   <div class='ocr_carea' id='block_1_121' title="bbox 2017 4769 3499 4843">
    <p class='ocr_par' dir='ltr' id='par_1_121' title="bbox 2017 4769 3499 4843">
     <span class='ocr_line' id='line_1_123' title="bbox 2017 4769 3499 4843; baseline 0 -18"><span class='ocrx_word' id='word_1_792' title='bbox 2017 4773 2129 4843; x_wconf 84' lang='lat' dir='ltr'><strong>(l7)</strong></span> <span class='ocrx_word' id='word_1_793' title='bbox 2157 4772 2294 4843; x_wconf 68' lang='lat' dir='ltr'><strong>gave</strong></span> <span class='ocrx_word' id='word_1_794' title='bbox 2317 4772 2424 4827; x_wconf 91' lang='lat' dir='ltr'><strong>huc</strong></span> <span class='ocrx_word' id='word_1_795' title='bbox 2447 4773 2629 4828; x_wconf 90' lang='lat' dir='ltr'><strong>trahas</strong></span> <span class='ocrx_word' id='word_1_796' title='bbox 2659 4770 2868 4843; x_wconf 78' lang='lat' dir='ltr'><strong>locum]</strong></span> <span class='ocrx_word' id='word_1_797' title='bbox 2910 4769 3151 4826; x_wconf 82' lang='lat' dir='ltr'><strong>Machab.</strong></span> <span class='ocrx_word' id='word_1_798' title='bbox 3183 4769 3383 4843; x_wconf 53' lang='lat'><strong>19,37,</strong></span> <span class='ocrx_word' id='word_1_799' title='bbox 3408 4774 3499 4843; x_wconf 85' lang='lat' dir='ltr'><strong>qui</strong></span> 
     </span>
    </p>
   </div>
   <div class='ocr_carea' id='block_1_122' title="bbox 1944 4839 3500 4913">
    <p class='ocr_par' dir='ltr' id='par_1_122' title="bbox 1944 4839 3500 4913">
     <span class='ocr_line' id='line_1_124' title="bbox 1944 4839 3500 4913; baseline 0.001 -20"><span class='ocrx_word' id='word_1_800' title='bbox 1944 4839 2130 4913; x_wconf 62' lang='lat' dir='ltr'><strong>estde</strong></span> <span class='ocrx_word' id='word_1_801' title='bbox 2159 4841 2465 4913; x_wconf 86' lang='lat' dir='ltr'><strong>Tryphone,</strong></span> <span class='ocrx_word' id='word_1_802' title='bbox 2514 4845 2620 4913; x_wconf 81' lang='lat' dir='ltr'><strong>alio</strong></span> <span class='ocrx_word' id='word_1_803' title='bbox 2669 4839 2839 4910; x_wconf 72' lang='lat' dir='ltr'><strong>Syriae</strong></span> <span class='ocrx_word' id='word_1_804' title='bbox 2881 4848 3132 4913; x_wconf 78' lang='lat' dir='ltr'><strong>tyranno,</strong></span> <span class='ocrx_word' id='word_1_805' title='bbox 3184 4839 3500 4913; x_wconf 61' lang='lat' dir='ltr'><strong>Tpdcpwv&#39;as</strong></span> 
     </span>
    </p>
   </div>
   <div class='ocr_carea' id='block_1_123' title="bbox 1946 4909 3501 4980">
    <p class='ocr_par' dir='ltr' id='par_1_123' title="bbox 1946 4909 3501 4980">
     <span class='ocr_line' id='line_1_125' title="bbox 1946 4909 3501 4980; baseline 0.002 -20"><span class='ocrx_word' id='word_1_806' title='bbox 1946 4910 2118 4979; x_wconf 70' lang='grc' dir='ltr'>ἐμϐὰς</span> <span class='ocrx_word' id='word_1_807' title='bbox 2159 4909 2247 4974; x_wconf 64' lang='grc' dir='ltr'><strong>εἷς’</strong></span> <span class='ocrx_word' id='word_1_808' title='bbox 2273 4909 2487 4976; x_wconf 63' lang='grc' dir='ltr'><strong>“τ;λοῖον,</strong></span> <span class='ocrx_word' id='word_1_809' title='bbox 2504 4978 2517 4980; x_wconf 27' lang='grc' dir='ltr'><strong>Α</strong></span> <span class='ocrx_word' id='word_1_810' title='bbox 2542 4909 2737 4978; x_wconf 64' lang='grc' dir='ltr'>ἔφυγεν</span> <span class='ocrx_word' id='word_1_811' title='bbox 2763 4912 2841 4973; x_wconf 72' lang='grc' dir='ltr'><strong>εἰς</strong></span> <span class='ocrx_word' id='word_1_812' title='bbox 2886 4909 3201 4980; x_wconf 80' lang='grc' dir='ltr'><strong>Ὀρθωσίαν,</strong></span> <span class='ocrx_word' id='word_1_813' title='bbox 3231 4909 3501 4980; x_wconf 67' lang='grc' dir='ltr'><strong>’Τνυρίιοη</strong></span> 
     </span>
    </p>
   </div>
   <div class='ocr_carea' id='block_1_124' title="bbox 1946 4978 3150 5049">
    <p class='ocr_par' dir='ltr' id='par_1_124' title="bbox 1946 4978 3150 5049">
     <span class='ocr_line' id='line_1_126' title="bbox 1946 4978 3150 5049; baseline 0.004 -20"><span class='ocrx_word' id='word_1_814' title='bbox 1946 4978 2152 5049; x_wconf 72' lang='lat' dir='ltr'><strong>navigio</strong></span> <span class='ocrx_word' id='word_1_815' title='bbox 2175 4995 2450 5033; x_wconf 75' lang='lat' dir='ltr'><strong>conscenso</strong></span> <span class='ocrx_word' id='word_1_816' title='bbox 2485 4978 2786 5034; x_wconf 81' lang='lat' dir='ltr'><strong>Orthosiam</strong></span> <span class='ocrx_word' id='word_1_817' title='bbox 2815 4978 3150 5049; x_wconf 66' lang='lat' dir='ltr'><strong>lagoenam.</strong></span> 
     </span>
    </p>
   </div>
   <div class='ocr_carea' id='block_1_125' title="bbox 2016 5049 3048 5116">
    <p class='ocr_par' dir='ltr' id='par_1_125' title="bbox 2016 5049 3048 5116">
     <span class='ocr_line' id='line_1_127' title="bbox 2016 5049 3048 5116; baseline 0.001 -14"><span class='ocrx_word' id='word_1_818' title='bbox 2016 5051 2128 5116; x_wconf 85' lang='lat' dir='ltr'><strong>(t8)</strong></span> <span class='ocrx_word' id='word_1_819' title='bbox 2168 5049 2230 5102; x_wconf 75' lang='lat' dir='ltr'><strong>Hi</strong></span> <span class='ocrx_word' id='word_1_820' title='bbox 2262 5051 2510 5104; x_wconf 87' lang='lat' dir='ltr'><strong>videntur</strong></span> <span class='ocrx_word' id='word_1_821' title='bbox 2541 5049 2687 5105; x_wconf 75' lang='lat' dir='ltr'><strong>Galli</strong></span> <span class='ocrx_word' id='word_1_822' title='bbox 2709 5050 3048 5104; x_wconf 84' lang='lat' dir='ltr'><strong>mercenarii.</strong></span> 
     </span>
    </p>
   </div>
   <div class='ocr_carea' id='block_1_126' title="bbox 2016 5113 3497 5189">
    <p class='ocr_par' dir='ltr' id='par_1_126' title="bbox 2016 5113 3497 5189">
     <span class='ocr_line' id='line_1_128' title="bbox 2016 5113 3497 5189; baseline -0.003 -17"><span class='ocrx_word' id='word_1_823' title='bbox 2016 5113 2128 5189; x_wconf 83' lang='lat' dir='ltr'><strong>(l9)</strong></span> <span class='ocrx_word' id='word_1_824' title='bbox 2192 5121 2266 5172; x_wconf 92' lang='lat' dir='ltr'><strong>Ita</strong></span> <span class='ocrx_word' id='word_1_825' title='bbox 2300 5119 2470 5173; x_wconf 77' lang='lat' dir='ltr'><strong>Codex</strong></span> <span class='ocrx_word' id='word_1_826' title='bbox 2499 5118 2673 5181; x_wconf 88' lang='lat' dir='ltr'><strong>Arm.,</strong></span> <span class='ocrx_word' id='word_1_827' title='bbox 2695 5116 2875 5189; x_wconf 67' lang='lat' dir='ltr'><strong>Zielte.</strong></span> <span class='ocrx_word' id='word_1_828' title='bbox 2905 5116 3037 5189; x_wconf 67' lang='lat' dir='ltr'><strong>Jaur</strong></span> <span class='ocrx_word' id='word_1_829' title='bbox 3057 5117 3123 5173; x_wconf 88' lang='lat' dir='ltr'><strong>de</strong></span> <span class='ocrx_word' id='word_1_830' title='bbox 3157 5113 3318 5174; x_wconf 72' lang='lat' dir='ltr'><strong>Zeilaz</strong></span> <span class='ocrx_word' id='word_1_831' title='bbox 3338 5115 3497 5189; x_wconf 71' lang='grc' dir='ltr'><strong>Νῖιοτ</strong></span> 
     </span>
    </p>
   </div>
   <div class='ocr_carea' id='block_1_127' title="bbox 1945 5185 3493 5257">
    <p class='ocr_par' dir='ltr' id='par_1_127' title="bbox 1945 5185 3493 5257">
     <span class='ocr_line' id='line_1_129' title="bbox 1945 5185 3493 5257; baseline -0.002 -19"><span class='ocrx_word' id='word_1_832' title='bbox 1945 5185 2118 5257; x_wconf 71' lang='lat' dir='ltr'><strong>modis</strong></span> <span class='ocrx_word' id='word_1_833' title='bbox 2151 5189 2502 5257; x_wconf 82' lang='lat' dir='ltr'><strong>Bithynorum</strong></span> <span class='ocrx_word' id='word_1_834' title='bbox 2532 5189 2675 5257; x_wconf 88' lang='lat' dir='ltr'><strong>regis</strong></span> <span class='ocrx_word' id='word_1_835' title='bbox 2714 5188 2823 5257; x_wconf 70' lang='lat' dir='ltr'><strong>lilio</strong></span> <span class='ocrx_word' id='word_1_836' title='bbox 2847 5186 3328 5257; x_wconf 80' lang='lat' dir='ltr'><strong>lcge_Memnunem</strong></span> <span class='ocrx_word' id='word_1_837' title='bbox 3354 5201 3401 5255; x_wconf 62' lang='lat' dir='ltr'><strong>al</strong></span> <span class='ocrx_word' id='word_1_838' title='bbox 3426 5185 3493 5257; x_wconf 66' lang='lat' dir='ltr'><strong>nd</strong></span> 
     </span>
    </p>
   </div>
   <div class='ocr_carea' id='block_1_128' title="bbox 1943 5253 3488 5319">
    <p class='ocr_par' dir='ltr' id='par_1_128' title="bbox 1943 5253 3488 5319">
     <span class='ocr_line' id='line_1_130' title="bbox 1943 5253 3488 5319; baseline 0.003 -10"><span class='ocrx_word' id='word_1_839' title='bbox 1943 5256 2192 5311; x_wconf 88' lang='lat' dir='ltr'><strong>Photium</strong></span> <span class='ocrx_word' id='word_1_840' title='bbox 2222 5253 2341 5310; x_wconf 72' lang='lat' dir='ltr'><strong>cod.</strong></span> <span class='ocrx_word' id='word_1_841' title='bbox 2376 5253 2707 5319; x_wconf 52' lang='lat' dir='ltr'><strong>ccxxrvfﬁl’i.</strong></span> <span class='ocrx_word' id='word_1_842' title='bbox 2742 5253 2937 5311; x_wconf 82' lang='lat' dir='ltr'><strong>Verum</strong></span> <span class='ocrx_word' id='word_1_843' title='bbox 2962 5254 3210 5311; x_wconf 84' lang='lat' dir='ltr'><strong>Justinus</strong></span> <span class='ocrx_word' id='word_1_844' title='bbox 3234 5253 3402 5316; x_wconf 77' lang='lat' dir='ltr'><strong>xxv&quot;,</strong></span> <span class='ocrx_word' id='word_1_845' title='bbox 3433 5253 3488 5313; x_wconf 73' lang='grc' dir='ltr'><strong>5ο</strong></span> 
     </span>
    </p>
   </div>
   <div class='ocr_carea' id='block_1_129' title="bbox 1943 5322 3493 5398">
    <p class='ocr_par' dir='ltr' id='par_1_129' title="bbox 1943 5322 3493 5398">
     <span class='ocr_line' id='line_1_131' title="bbox 1943 5322 3493 5398; baseline -0.004 -19"><span class='ocrx_word' id='word_1_846' title='bbox 1943 5328 2075 5379; x_wconf 90' lang='lat' dir='ltr'><strong>dicit</strong></span> <span class='ocrx_word' id='word_1_847' title='bbox 2104 5326 2357 5398; x_wconf 87' lang='lat' dir='ltr'><strong>Antigoni</strong></span> <span class='ocrx_word' id='word_1_848' title='bbox 2386 5326 2550 5393; x_wconf 90' lang='lat' dir='ltr'><strong>hujus</strong></span> <span class='ocrx_word' id='word_1_849' title='bbox 2580 5327 2715 5394; x_wconf 88' lang='lat' dir='ltr'><strong>(sive</strong></span> <span class='ocrx_word' id='word_1_850' title='bbox 2748 5326 3024 5398; x_wconf 82' lang='lat' dir='ltr'><strong>Antiochi)</strong></span> <span class='ocrx_word' id='word_1_851' title='bbox 3052 5341 3300 5382; x_wconf 85' lang='lat' dir='ltr'><strong>socerum</strong></span> <span class='ocrx_word' id='word_1_852' title='bbox 3330 5322 3493 5374; x_wconf 77' lang='lat' dir='ltr'><strong>Arta-</strong></span> 
     </span>
    </p>
   </div>
   <div class='ocr_carea' id='block_1_130' title="bbox 1945 5397 2751 5464">
    <p class='ocr_par' dir='ltr' id='par_1_130' title="bbox 1945 5397 2751 5464">
     <span class='ocr_line' id='line_1_132' title="bbox 1945 5397 2751 5464; baseline 0.001 -17"><span class='ocrx_word' id='word_1_853' title='bbox 1945 5412 2141 5449; x_wconf 81' lang='lat' dir='ltr'><strong>menent</strong></span> <span class='ocrx_word' id='word_1_854' title='bbox 2174 5397 2526 5464; x_wconf 69' lang='lat' dir='ltr'><strong>Cappadociae</strong></span> <span class='ocrx_word' id='word_1_855' title='bbox 2553 5410 2751 5464; x_wconf 84' lang='lat' dir='ltr'><strong>regem.</strong></span> 
     </span>
    </p>
   </div>
   <div class='ocr_carea' id='block_1_131' title="bbox 2014 5463 2867 5533">
    <p class='ocr_par' dir='ltr' id='par_1_131' title="bbox 2014 5463 2867 5533">
     <span class='ocr_line' id='line_1_133' title="bbox 2014 5463 2867 5533; baseline 0 -16"><span class='ocrx_word' id='word_1_856' title='bbox 2014 5466 2126 5533; x_wconf 76' lang='grc' dir='ltr'><strong>(Ξο)</strong></span> <span class='ocrx_word' id='word_1_857' title='bbox 2162 5463 2298 5533; x_wconf 81' lang='lat' dir='ltr'><strong>Lege</strong></span> <span class='ocrx_word' id='word_1_858' title='bbox 2315 5463 2587 5518; x_wconf 78' lang='lat' dir='ltr'><strong>Justiuum</strong></span> <span class='ocrx_word' id='word_1_859' title='bbox 2604 5463 2780 5533; x_wconf 19' lang='lat' dir='ltr'><strong>ixxvn,</strong></span> <span class='ocrx_word' id='word_1_860' title='bbox 2815 5466 2867 5519; x_wconf 82' lang='lat'><strong>3.</strong></span> 
     </span>
    </p>
   </div>
   <div class='ocr_carea' id='block_1_132' title="bbox 2013 5532 3174 5603">
    <p class='ocr_par' dir='ltr' id='par_1_132' title="bbox 2013 5532 3174 5603">
     <span class='ocr_line' id='line_1_134' title="bbox 2013 5532 3174 5603; baseline -0.001 -18"><span class='ocrx_word' id='word_1_861' title='bbox 2013 5532 2123 5602; x_wconf 64' lang='lat'><strong>(2|)</strong></span> <span class='ocrx_word' id='word_1_862' title='bbox 2160 5532 2398 5603; x_wconf 67' lang='lat' dir='ltr'><strong>Pergami</strong></span> <span class='ocrx_word' id='word_1_863' title='bbox 2430 5549 2570 5601; x_wconf 78' lang='lat' dir='ltr'><strong>rege.</strong></span> <span class='ocrx_word' id='word_1_864' title='bbox 2602 5532 2834 5589; x_wconf 84' lang='lat' dir='ltr'><strong>Pansan.</strong></span> <span class='ocrx_word' id='word_1_865' title='bbox 2868 5532 3023 5586; x_wconf 69' lang='lat' dir='ltr'><strong>Attio.</strong></span> <span class='ocrx_word' id='word_1_866' title='bbox 3058 5545 3174 5586; x_wconf 88' lang='lat' dir='ltr'><strong>vm.</strong></span> 
     </span>
    </p>
   </div>
   <div class='ocr_carea' id='block_1_133' title="bbox 3206 5651 3241 5709">
    <p class='ocr_par' dir='ltr' id='par_1_133' title="bbox 3206 5651 3241 5709">
     <span class='ocr_line' id='line_1_135' title="bbox 3206 5651 3241 5709; baseline 0 0"><span class='ocrx_word' id='word_1_867' title='bbox 3206 5651 3241 5709; x_wconf 84' lang='lat' dir='ltr'><strong>li</strong></span> 
     </span>
    </p>
   </div>
  </div>
