  <div class='ocr_page' id='page_1' title='image "/cluster/home/n/w/nwhite01/storage/ocr_20150623/27/hvd.32044096580501/107.png"; bbox 0 0 3938 6178; ppageno 0'>
   <div class='ocr_carea' id='block_1_1' title="bbox 329 576 1591 656">
    <p class='ocr_par' dir='ltr' id='par_1_1' title="bbox 329 576 1591 656">
     <span class='ocr_line' id='line_1_1' title="bbox 329 576 1591 656; baseline -0.009 -9"><span class='ocrx_word' id='word_1_1' title='bbox 414 595 486 646; x_wconf 87' lang='grc' dir='ltr'><strong>Δ’.</strong></span> <span class='ocrx_word' id='word_1_2' title='bbox 514 595 608 646; x_wconf 88' lang='grc' dir='ltr'><strong>ὑπ.</strong></span> <span class='ocrx_word' id='word_1_3' title='bbox 643 591 906 646; x_wconf 76' lang='grc' dir='ltr'><strong>Κλαυδίου</strong></span> <span class='ocrx_word' id='word_1_4' title='bbox 936 588 1211 656; x_wconf 82' lang='grc' dir='ltr'>Καίσαρος</span> <span class='ocrx_word' id='word_1_5' title='bbox 1243 585 1302 637; x_wconf 82' lang='grc' dir='ltr'>τὸ</span> <span class='ocrx_word' id='word_1_6' title='bbox 1333 584 1374 653; x_wconf 80' lang='grc' dir='ltr'><strong>β’</strong></span> <span class='ocrx_word' id='word_1_7' title='bbox 1411 584 1591 654; x_wconf 81' lang='grc' dir='ltr'><strong>μόνου.</strong></span> 
     </span>
    </p>
   </div>
   <div class='ocr_carea' id='block_1_2' title="bbox 343 654 363 890">
    <p class='ocr_par' dir='ltr' id='par_1_2' title="bbox 343 654 363 884">
     <span class='ocr_line' id='line_1_2' title="bbox 343 654 363 700; baseline 0 0"><span class='ocrx_word' id='word_1_8' title='bbox 343 654 363 700; x_wconf 74' lang='grc' dir='ltr'>ἶι</span> 
     </span>
     <span class='ocr_line' id='line_1_3' title="bbox 350 713 362 765; baseline 0 0"><span class='ocrx_word' id='word_1_9' title='bbox 350 713 362 765; x_wconf 80' lang='lat' dir='ltr'><strong>l</strong></span> 
     </span>
     <span class='ocr_line' id='line_1_4' title="bbox 351 771 362 814; baseline 0 -4"><span class='ocrx_word' id='word_1_10' title='bbox 351 771 362 814; x_wconf 83' lang='lat' dir='ltr'>I</span> 
     </span>
     <span class='ocr_line' id='line_1_5' title="bbox 353 827 360 884; baseline 0 0"><span class='ocrx_word' id='word_1_11' title='bbox 353 827 360 884; x_wconf 69' lang='grc' dir='ltr'><strong><em>Ε</em></strong></span> 
     </span>
    </p>
   </div>
   <div class='ocr_carea' id='block_1_3' title="bbox 401 283 513 341">
    <p class='ocr_par' dir='ltr' id='par_1_3' title="bbox 401 283 513 341">
     <span class='ocr_line' id='line_1_6' title="bbox 401 283 513 341; baseline -0.009 0"><span class='ocrx_word' id='word_1_12' title='bbox 401 283 513 341; x_wconf 61' lang='grc'><strong>903</strong></span> 
     </span>
    </p>
   </div>
   <div class='ocr_carea' id='block_1_4' title="bbox 411 405 1488 476">
    <p class='ocr_par' dir='ltr' id='par_1_4' title="bbox 411 405 1488 476">
     <span class='ocr_line' id='line_1_7' title="bbox 411 405 1488 476; baseline -0.009 -8"><span class='ocrx_word' id='word_1_13' title='bbox 411 419 488 468; x_wconf 67' lang='grc' dir='ltr'><strong>π’.</strong></span> <span class='ocrx_word' id='word_1_14' title='bbox 519 416 610 469; x_wconf 84' lang='grc' dir='ltr'><strong>ὑπ.</strong></span> <span class='ocrx_word' id='word_1_15' title='bbox 656 409 938 466; x_wconf 85' lang='grc' dir='ltr'>Ἰουλιανοῦ</span> <span class='ocrx_word' id='word_1_16' title='bbox 973 408 1065 462; x_wconf 82' lang='grc' dir='ltr'><strong>καὶ</strong></span> <span class='ocrx_word' id='word_1_17' title='bbox 1103 405 1488 476; x_wconf 79' lang='grc' dir='ltr'>Ἀσπρενάτου.</span> 
     </span>
    </p>
   </div>
   <div class='ocr_carea' id='block_1_5' title="bbox 417 492 1693 568">
    <p class='ocr_par' dir='ltr' id='par_1_5' title="bbox 417 492 1693 568">
     <span class='ocr_line' id='line_1_8' title="bbox 417 492 1693 568; baseline -0.009 -13"><span class='ocrx_word' id='word_1_18' title='bbox 417 504 487 558; x_wconf 73' lang='lat' dir='ltr'><strong>I‘.</strong></span> <span class='ocrx_word' id='word_1_19' title='bbox 524 505 614 558; x_wconf 82' lang='grc' dir='ltr'><strong>ὑπ.</strong></span> <span class='ocrx_word' id='word_1_20' title='bbox 653 501 916 556; x_wconf 79' lang='grc' dir='ltr'>Κλαυδίου</span> <span class='ocrx_word' id='word_1_21' title='bbox 951 501 1222 568; x_wconf 64' lang='grc' dir='ltr'>Καὲσαρος</span> <span class='ocrx_word' id='word_1_22' title='bbox 1250 496 1344 548; x_wconf 68' lang='grc' dir='ltr'>καὶ</span> <span class='ocrx_word' id='word_1_23' title='bbox 1373 492 1693 564; x_wconf 81' lang='grc' dir='ltr'>Κερσιανοῦ.</span> 
     </span>
    </p>
   </div>
   <div class='ocr_carea' id='block_1_6' title="bbox 1412 277 3663 341">
    <p class='ocr_par' dir='ltr' id='par_1_6' title="bbox 1412 277 3663 341">
     <span class='ocr_line' id='line_1_9' title="bbox 1412 277 3663 341; baseline -0.007 0"><span class='ocrx_word' id='word_1_24' title='bbox 1412 281 1722 341; x_wconf 80' lang='lat' dir='ltr'><strong>EUSEBII</strong></span> <span class='ocrx_word' id='word_1_25' title='bbox 1765 278 2333 340; x_wconf 72' lang='lat' dir='ltr'><strong>CIIRONICORUM</strong></span> <span class='ocrx_word' id='word_1_26' title='bbox 2379 278 2521 340; x_wconf 84' lang='lat' dir='ltr'><strong>LIB.</strong></span> <span class='ocrx_word' id='word_1_27' title='bbox 2575 277 2623 341; x_wconf 83' lang='lat' dir='ltr'><strong>I.</strong></span> <span class='ocrx_word' id='word_1_28' title='bbox 3557 278 3663 340; x_wconf 51' lang='grc' dir='ltr'><strong>(καί</strong></span> 
     </span>
    </p>
   </div>
   <div class='ocr_carea' id='block_1_7' title="bbox 2008 391 2967 459">
    <p class='ocr_par' dir='ltr' id='par_1_7' title="bbox 2008 391 2967 459">
     <span class='ocr_line' id='line_1_10' title="bbox 2008 391 2967 459; baseline -0.002 -13"><span class='ocrx_word' id='word_1_29' title='bbox 2008 406 2048 459; x_wconf 74' lang='grc' dir='ltr'>Α</span> <span class='ocrx_word' id='word_1_30' title='bbox 2079 391 2140 446; x_wconf 89' lang='lat' dir='ltr'><strong>II.</strong></span> <span class='ocrx_word' id='word_1_31' title='bbox 2181 391 2395 447; x_wconf 87' lang='lat' dir='ltr'><strong>Juliano</strong></span> <span class='ocrx_word' id='word_1_32' title='bbox 2416 400 2469 447; x_wconf 87' lang='lat' dir='ltr'><strong>et</strong></span> <span class='ocrx_word' id='word_1_33' title='bbox 2499 391 2798 458; x_wconf 77' lang='lat' dir='ltr'><strong>Asprenate</strong></span> <span class='ocrx_word' id='word_1_34' title='bbox 2825 407 2967 446; x_wconf 84' lang='lat' dir='ltr'><strong>coss.</strong></span> 
     </span>
    </p>
   </div>
   <div class='ocr_carea' id='block_1_8' title="bbox 2080 481 3251 551">
    <p class='ocr_par' dir='ltr' id='par_1_8' title="bbox 2080 481 3251 551">
     <span class='ocr_line' id='line_1_11' title="bbox 2080 481 3251 551; baseline 0.003 -16"><span class='ocrx_word' id='word_1_35' title='bbox 2080 483 2168 537; x_wconf 95' lang='lat' dir='ltr'><strong>IlI.</strong></span> <span class='ocrx_word' id='word_1_36' title='bbox 2204 481 2434 536; x_wconf 84' lang='lat' dir='ltr'><strong>Claudio</strong></span> <span class='ocrx_word' id='word_1_37' title='bbox 2457 481 2597 535; x_wconf 59' lang='lat' dir='ltr'><strong>Cas.</strong></span> <span class='ocrx_word' id='word_1_38' title='bbox 2633 489 2686 534; x_wconf 91' lang='lat' dir='ltr'><strong>et</strong></span> <span class='ocrx_word' id='word_1_39' title='bbox 2707 481 2968 535; x_wconf 80' lang='lat' dir='ltr'><strong>Ccrsiano</strong></span> <span class='ocrx_word' id='word_1_40' title='bbox 2997 482 3072 551; x_wconf 85' lang='lat' dir='ltr'><strong>(I)</strong></span> <span class='ocrx_word' id='word_1_41' title='bbox 3106 497 3251 539; x_wconf 80' lang='lat' dir='ltr'><strong>coss.</strong></span> 
     </span>
    </p>
   </div>
   <div class='ocr_carea' id='block_1_9' title="bbox 2076 572 3011 635">
    <p class='ocr_par' dir='ltr' id='par_1_9' title="bbox 2076 572 3011 635">
     <span class='ocr_line' id='line_1_12' title="bbox 2076 572 3011 635; baseline 0.001 -8"><span class='ocrx_word' id='word_1_42' title='bbox 2076 572 2164 628; x_wconf 91' lang='lat' dir='ltr'><strong>IV.</strong></span> <span class='ocrx_word' id='word_1_43' title='bbox 2193 573 2422 627; x_wconf 87' lang='lat' dir='ltr'><strong>Claudio</strong></span> <span class='ocrx_word' id='word_1_44' title='bbox 2458 573 2673 635; x_wconf 74' lang='lat' dir='ltr'><strong>Caesare</strong></span> <span class='ocrx_word' id='word_1_45' title='bbox 2697 588 2733 625; x_wconf 92' lang='grc' dir='ltr'><strong>ιι</strong></span> <span class='ocrx_word' id='word_1_46' title='bbox 2757 573 2872 627; x_wconf 87' lang='lat' dir='ltr'><strong>solo</strong></span> <span class='ocrx_word' id='word_1_47' title='bbox 2895 587 3011 629; x_wconf 89' lang='lat' dir='ltr'><strong>cos.</strong></span> 
     </span>
    </p>
   </div>
   <div class='ocr_carea' id='block_1_10' title="bbox 2147 661 3644 736">
    <p class='ocr_par' dir='ltr' id='par_1_10' title="bbox 2147 661 3644 736">
     <span class='ocr_line' id='line_1_13' title="bbox 2147 661 3644 736; baseline 0.003 -20"><span class='ocrx_word' id='word_1_48' title='bbox 2147 662 2243 716; x_wconf 86' lang='lat' dir='ltr'><strong>His</strong></span> <span class='ocrx_word' id='word_1_49' title='bbox 2271 663 2544 732; x_wconf 67' lang='lat' dir='ltr'><strong>pranlictis</strong></span> <span class='ocrx_word' id='word_1_50' title='bbox 2567 677 2712 718; x_wconf 88' lang='lat' dir='ltr'><strong>coss.</strong></span> <span class='ocrx_word' id='word_1_51' title='bbox 2748 661 2912 718; x_wconf 88' lang='lat' dir='ltr'><strong>Caius</strong></span> <span class='ocrx_word' id='word_1_52' title='bbox 2955 663 3196 734; x_wconf 76' lang='lat' dir='ltr'><strong>Caligula</strong></span> <span class='ocrx_word' id='word_1_53' title='bbox 3229 662 3417 721; x_wconf 65' lang='lat' dir='ltr'><strong>Roma:</strong></span> <span class='ocrx_word' id='word_1_54' title='bbox 3457 667 3512 721; x_wconf 88' lang='lat' dir='ltr'><strong>in</strong></span> <span class='ocrx_word' id='word_1_55' title='bbox 3544 682 3644 736; x_wconf 84' lang='lat' dir='ltr'><strong>pa-</strong></span> 
     </span>
    </p>
   </div>
   <div class='ocr_carea' id='block_1_11' title="bbox 2077 752 3647 822">
    <p class='ocr_par' dir='ltr' id='par_1_11' title="bbox 2077 752 3647 822">
     <span class='ocr_line' id='line_1_14' title="bbox 2077 752 3647 822; baseline 0.003 -16"><span class='ocrx_word' id='word_1_56' title='bbox 2077 755 2208 807; x_wconf 86' lang='lat' dir='ltr'><strong>latio</strong></span> <span class='ocrx_word' id='word_1_57' title='bbox 2239 752 2559 807; x_wconf 76' lang='lat' dir='ltr'><strong>interfectus</strong></span> <span class='ocrx_word' id='word_1_58' title='bbox 2591 760 2673 806; x_wconf 90' lang='lat' dir='ltr'><strong>est</strong></span> <span class='ocrx_word' id='word_1_59' title='bbox 2700 767 2729 805; x_wconf 86' lang='lat' dir='ltr'><strong>a</strong></span> <span class='ocrx_word' id='word_1_60' title='bbox 2775 753 2892 807; x_wconf 85' lang='lat' dir='ltr'><strong>suis</strong></span> <span class='ocrx_word' id='word_1_61' title='bbox 2928 755 3332 822; x_wconf 73' lang='lat' dir='ltr'><strong>protectoribus</strong></span> <span class='ocrx_word' id='word_1_62' title='bbox 3357 757 3647 814; x_wconf 78' lang='lat' dir='ltr'><strong>cubicula-</strong></span> 
     </span>
    </p>
   </div>
   <div class='ocr_carea' id='block_1_12' title="bbox 2075 841 3653 905">
    <p class='ocr_par' dir='ltr' id='par_1_12' title="bbox 2075 841 3653 905">
     <span class='ocr_line' id='line_1_15' title="bbox 2075 841 3653 905; baseline 0.001 -8"><span class='ocrx_word' id='word_1_63' title='bbox 2075 843 2174 897; x_wconf 86' lang='lat' dir='ltr'><strong>riis</strong></span> <span class='ocrx_word' id='word_1_64' title='bbox 2209 842 2496 905; x_wconf 89' lang='lat' dir='ltr'><strong>eunuchis,</strong></span> <span class='ocrx_word' id='word_1_65' title='bbox 2550 841 2925 900; x_wconf 72' lang='lat' dir='ltr'><strong>consentiente</strong></span> <span class='ocrx_word' id='word_1_66' title='bbox 2975 850 3190 902; x_wconf 86' lang='lat' dir='ltr'><strong>senatu.</strong></span> <span class='ocrx_word' id='word_1_67' title='bbox 3223 859 3346 896; x_wconf 91' lang='lat' dir='ltr'><strong>cum</strong></span> <span class='ocrx_word' id='word_1_68' title='bbox 3373 859 3653 899; x_wconf 84' lang='lat' dir='ltr'><strong>annorum</strong></span> 
     </span>
    </p>
   </div>
   <div class='ocr_carea' id='block_1_13' title="bbox 2076 942 2416 991">
    <p class='ocr_par' dir='ltr' id='par_1_13' title="bbox 2076 942 2416 991">
     <span class='ocr_line' id='line_1_16' title="bbox 2076 942 2416 991; baseline -0.012 0"><span class='ocrx_word' id='word_1_69' title='bbox 2076 942 2222 991; x_wconf 77' lang='lat' dir='ltr'><strong>esset</strong></span> <span class='ocrx_word' id='word_1_70' title='bbox 2253 950 2416 988; x_wconf 75' lang='lat' dir='ltr'><strong>xxxix</strong></span> 
     </span>
    </p>
   </div>
   <div class='ocr_carea' id='block_1_14' title="bbox 486 671 1978 751">
    <p class='ocr_par' dir='ltr' id='par_1_14' title="bbox 486 671 1978 751">
     <span class='ocr_line' id='line_1_17' title="bbox 486 671 1978 751; baseline -0.008 -15"><span class='ocrx_word' id='word_1_71' title='bbox 486 685 609 736; x_wconf 82' lang='grc' dir='ltr'><strong>Ἐπὶ</strong></span> <span class='ocrx_word' id='word_1_72' title='bbox 643 682 750 734; x_wconf 83' lang='grc' dir='ltr'><strong>τῶν</strong></span> <span class='ocrx_word' id='word_1_73' title='bbox 785 679 1156 751; x_wconf 77' lang='grc' dir='ltr'><strong>προκειμένων</strong></span> <span class='ocrx_word' id='word_1_74' title='bbox 1182 677 1402 730; x_wconf 75' lang='grc' dir='ltr'>ὑπάτων</span> <span class='ocrx_word' id='word_1_75' title='bbox 1424 675 1579 736; x_wconf 80' lang='grc' dir='ltr'><strong>Γάϊος</strong></span> <span class='ocrx_word' id='word_1_76' title='bbox 1597 674 1790 735; x_wconf 75' lang='grc' dir='ltr'>Γάλλος</span> <span class='ocrx_word' id='word_1_77' title='bbox 1819 671 1978 739; x_wconf 69' lang='grc' dir='ltr'><strong>ὲσφά,</strong></span> 
     </span>
    </p>
   </div>
   <div class='ocr_carea' id='block_1_15' title="bbox 415 761 1975 844">
    <p class='ocr_par' dir='ltr' id='par_1_15' title="bbox 415 761 1975 844">
     <span class='ocr_line' id='line_1_18' title="bbox 415 761 1975 844; baseline -0.01 -17"><span class='ocrx_word' id='word_1_78' title='bbox 415 791 487 844; x_wconf 78' lang='grc' dir='ltr'><strong>γη</strong></span> <span class='ocrx_word' id='word_1_79' title='bbox 514 776 569 826; x_wconf 79' lang='grc' dir='ltr'>ὲν</span> <span class='ocrx_word' id='word_1_80' title='bbox 603 772 679 842; x_wconf 80' lang='grc' dir='ltr'><strong>τῷ</strong></span> <span class='ocrx_word' id='word_1_81' title='bbox 712 771 953 840; x_wconf 82' lang='grc' dir='ltr'>παλατίῳ</span> <span class='ocrx_word' id='word_1_82' title='bbox 984 768 1198 838; x_wconf 81' lang='grc' dir='ltr'><strong>Ῥώμης</strong></span> <span class='ocrx_word' id='word_1_83' title='bbox 1231 767 1334 820; x_wconf 82' lang='grc' dir='ltr'>ὑπὸ</span> <span class='ocrx_word' id='word_1_84' title='bbox 1355 767 1462 819; x_wconf 83' lang='grc' dir='ltr'><strong>τῶν</strong></span> <span class='ocrx_word' id='word_1_85' title='bbox 1490 766 1631 819; x_wconf 76' lang='grc' dir='ltr'>ἰδίων</span> <span class='ocrx_word' id='word_1_86' title='bbox 1663 761 1975 831; x_wconf 78' lang='grc' dir='ltr'>σπαοαρίων</span> 
     </span>
    </p>
   </div>
   <div class='ocr_carea' id='block_1_16' title="bbox 416 851 1977 931">
    <p class='ocr_par' dir='ltr' id='par_1_16' title="bbox 416 851 1977 931">
     <span class='ocr_line' id='line_1_19' title="bbox 416 851 1977 931; baseline -0.009 -15"><span class='ocrx_word' id='word_1_87' title='bbox 416 860 870 931; x_wconf 76' lang='grc' dir='ltr'>κουόικουλαρίων</span> <span class='ocrx_word' id='word_1_88' title='bbox 895 859 1180 929; x_wconf 75' lang='grc' dir='ltr'>εὐνούχων,</span> <span class='ocrx_word' id='word_1_89' title='bbox 1205 859 1345 912; x_wconf 78' lang='grc' dir='ltr'>κατὰ</span> <span class='ocrx_word' id='word_1_90' title='bbox 1375 855 1598 926; x_wconf 79' lang='grc' dir='ltr'>γνώμην</span> <span class='ocrx_word' id='word_1_91' title='bbox 1615 855 1718 923; x_wconf 75' lang='grc' dir='ltr'><strong>’τῆς</strong></span> <span class='ocrx_word' id='word_1_92' title='bbox 1750 851 1977 919; x_wconf 84' lang='grc' dir='ltr'>συγκλή-</span> 
     </span>
    </p>
   </div>
   <div class='ocr_carea' id='block_1_17' title="bbox 415 950 932 1017">
    <p class='ocr_par' dir='ltr' id='par_1_17' title="bbox 415 950 932 1017">
     <span class='ocr_line' id='line_1_20' title="bbox 415 950 932 1017; baseline -0.012 -9"><span class='ocrx_word' id='word_1_93' title='bbox 415 973 530 1017; x_wconf 80' lang='grc' dir='ltr'>του,</span> <span class='ocrx_word' id='word_1_94' title='bbox 562 953 638 1004; x_wconf 83' lang='grc' dir='ltr'><strong>ὢν</strong></span> <span class='ocrx_word' id='word_1_95' title='bbox 669 952 804 1004; x_wconf 79' lang='grc' dir='ltr'>ἐτῶν</span> <span class='ocrx_word' id='word_1_96' title='bbox 833 950 932 1006; x_wconf 83' lang='grc' dir='ltr'>λθ’.</span> 
     </span>
    </p>
   </div>
   <div class='ocr_carea' id='block_1_18' title="bbox 947 1034 1448 1090">
    <p class='ocr_par' dir='ltr' id='par_1_18' title="bbox 947 1034 1448 1090">
     <span class='ocr_line' id='line_1_21' title="bbox 947 1034 1448 1090; baseline -0.004 -2"><span class='ocrx_word' id='word_1_97' title='bbox 947 1038 1042 1090; x_wconf 84' lang='grc' dir='ltr'><strong>ΣΕ⁹</strong></span> <span class='ocrx_word' id='word_1_98' title='bbox 1077 1034 1448 1089; x_wconf 77' lang='grc' dir='ltr'><strong>ΟΛΥΜΠΙᾹΣ.</strong></span> 
     </span>
    </p>
   </div>
   <div class='ocr_carea' id='block_1_19' title="bbox 516 1121 1731 1197">
    <p class='ocr_par' dir='ltr' id='par_1_19' title="bbox 516 1121 1731 1197">
     <span class='ocr_line' id='line_1_22' title="bbox 516 1121 1731 1197; baseline -0.007 -16"><span class='ocrx_word' id='word_1_99' title='bbox 516 1127 782 1197; x_wconf 78' lang='grc' dir='ltr'>Ρωμαίων</span> <span class='ocrx_word' id='word_1_100' title='bbox 808 1134 845 1180; x_wconf 89' lang='grc' dir='ltr'>ε’</span> <span class='ocrx_word' id='word_1_101' title='bbox 871 1125 1213 1181; x_wconf 72' lang='grc' dir='ltr'>ἐϐασίλευσεν</span> <span class='ocrx_word' id='word_1_102' title='bbox 1245 1123 1506 1185; x_wconf 69' lang='grc' dir='ltr'>Κλαύδιος</span> <span class='ocrx_word' id='word_1_103' title='bbox 1528 1122 1620 1194; x_wconf 79' lang='grc' dir='ltr'><strong>ἔτη</strong></span> <span class='ocrx_word' id='word_1_104' title='bbox 1652 1121 1731 1173; x_wconf 87' lang='grc' dir='ltr'>ιδ’.</span> 
     </span>
    </p>
   </div>
   <div class='ocr_carea' id='block_1_20' title="bbox 417 1211 1904 1288">
    <p class='ocr_par' dir='ltr' id='par_1_20' title="bbox 417 1211 1904 1288">
     <span class='ocr_line' id='line_1_23' title="bbox 417 1211 1904 1288; baseline -0.006 -17"><span class='ocrx_word' id='word_1_105' title='bbox 417 1221 494 1271; x_wconf 79' lang='lat' dir='ltr'><strong>A’.</strong></span> <span class='ocrx_word' id='word_1_106' title='bbox 532 1219 626 1270; x_wconf 88' lang='grc' dir='ltr'><strong>ὑπ.</strong></span> <span class='ocrx_word' id='word_1_107' title='bbox 663 1218 928 1271; x_wconf 82' lang='grc' dir='ltr'>Κλαυδίου</span> <span class='ocrx_word' id='word_1_108' title='bbox 966 1217 1242 1288; x_wconf 79' lang='grc' dir='ltr'>Καίσαρος</span> <span class='ocrx_word' id='word_1_109' title='bbox 1277 1214 1335 1266; x_wconf 81' lang='grc' dir='ltr'><strong>τὸ</strong></span> <span class='ocrx_word' id='word_1_110' title='bbox 1367 1219 1414 1281; x_wconf 86' lang='grc' dir='ltr'><strong>γ’</strong></span> <span class='ocrx_word' id='word_1_111' title='bbox 1441 1214 1532 1266; x_wconf 74' lang='grc' dir='ltr'><strong>καὶ</strong></span> <span class='ocrx_word' id='word_1_112' title='bbox 1573 1211 1904 1264; x_wconf 79' lang='grc' dir='ltr'>’Λντωνίνου.</span> 
     </span>
    </p>
   </div>
   <div class='ocr_carea' id='block_1_21' title="bbox 419 1303 1820 1379">
    <p class='ocr_par' dir='ltr' id='par_1_21' title="bbox 419 1303 1820 1379">
     <span class='ocr_line' id='line_1_24' title="bbox 419 1303 1820 1379; baseline -0.004 -18"><span class='ocrx_word' id='word_1_113' title='bbox 419 1312 490 1361; x_wconf 84' lang='grc' dir='ltr'><strong>Β’.</strong></span> <span class='ocrx_word' id='word_1_114' title='bbox 529 1310 622 1363; x_wconf 84' lang='grc' dir='ltr'><strong>ὑπ.</strong></span> <span class='ocrx_word' id='word_1_115' title='bbox 658 1310 922 1363; x_wconf 77' lang='grc' dir='ltr'>Κλαυδίου</span> <span class='ocrx_word' id='word_1_116' title='bbox 959 1308 1232 1379; x_wconf 82' lang='grc' dir='ltr'>Καίσαρος</span> <span class='ocrx_word' id='word_1_117' title='bbox 1265 1307 1323 1358; x_wconf 82' lang='grc' dir='ltr'>τὸ</span> <span class='ocrx_word' id='word_1_118' title='bbox 1355 1305 1395 1358; x_wconf 88' lang='grc' dir='ltr'>δ’</span> <span class='ocrx_word' id='word_1_119' title='bbox 1427 1306 1520 1358; x_wconf 75' lang='grc' dir='ltr'>καὶ</span> <span class='ocrx_word' id='word_1_120' title='bbox 1547 1303 1783 1373; x_wconf 84' lang='grc' dir='ltr'>Λάργου.</span> <span class='ocrx_word' id='word_1_121' title='bbox 1812 1304 1820 1313; x_wconf 90' lang='grc'><strong>’</strong></span> 
     </span>
    </p>
   </div>
   <div class='ocr_carea' id='block_1_22' title="bbox 420 1392 1973 1469">
    <p class='ocr_par' dir='ltr' id='par_1_22' title="bbox 420 1392 1973 1469">
     <span class='ocr_line' id='line_1_25' title="bbox 420 1392 1973 1469; baseline -0.002 -18"><span class='ocrx_word' id='word_1_122' title='bbox 420 1400 492 1453; x_wconf 81' lang='grc'><strong>1”.</strong></span> <span class='ocrx_word' id='word_1_123' title='bbox 527 1401 619 1452; x_wconf 88' lang='grc' dir='ltr'>ὑπ.</span> <span class='ocrx_word' id='word_1_124' title='bbox 639 1399 900 1453; x_wconf 84' lang='grc' dir='ltr'>Κλαυδίου</span> <span class='ocrx_word' id='word_1_125' title='bbox 934 1398 1208 1469; x_wconf 84' lang='grc' dir='ltr'>Καίσαρος</span> <span class='ocrx_word' id='word_1_126' title='bbox 1249 1398 1309 1450; x_wconf 81' lang='grc' dir='ltr'><strong>τὸ</strong></span> <span class='ocrx_word' id='word_1_127' title='bbox 1342 1403 1382 1449; x_wconf 87' lang='grc' dir='ltr'>ε’</span> <span class='ocrx_word' id='word_1_128' title='bbox 1405 1397 1499 1449; x_wconf 79' lang='grc' dir='ltr'><strong>καὶ</strong></span> <span class='ocrx_word' id='word_1_129' title='bbox 1530 1395 1809 1447; x_wconf 80' lang='grc' dir='ltr'>Βετελλίου</span> <span class='ocrx_word' id='word_1_130' title='bbox 1827 1393 1886 1446; x_wconf 83' lang='grc' dir='ltr'>τὸ</span> <span class='ocrx_word' id='word_1_131' title='bbox 1907 1392 1973 1462; x_wconf 84' lang='grc' dir='ltr'><strong>β’.</strong></span> 
     </span>
    </p>
   </div>
   <div class='ocr_carea' id='block_1_23' title="bbox 419 1488 1294 1559">
    <p class='ocr_par' dir='ltr' id='par_1_23' title="bbox 419 1488 1294 1559">
     <span class='ocr_line' id='line_1_26' title="bbox 419 1488 1294 1559; baseline -0.001 -18"><span class='ocrx_word' id='word_1_132' title='bbox 419 1489 489 1542; x_wconf 87' lang='grc' dir='ltr'><strong>Δ’.</strong></span> <span class='ocrx_word' id='word_1_133' title='bbox 527 1490 620 1541; x_wconf 88' lang='grc' dir='ltr'><strong>ὑπ.</strong></span> <span class='ocrx_word' id='word_1_134' title='bbox 657 1488 902 1556; x_wconf 74' lang='grc' dir='ltr'>Κρίσπον</span> <span class='ocrx_word' id='word_1_135' title='bbox 937 1489 1032 1540; x_wconf 56' lang='grc' dir='ltr'><strong>καὶ⁵</strong></span> <span class='ocrx_word' id='word_1_136' title='bbox 1063 1488 1294 1559; x_wconf 83' lang='grc' dir='ltr'>Ταύρου.</span> 
     </span>
    </p>
   </div>
   <div class='ocr_carea' id='block_1_24' title="bbox 939 1579 1456 1645">
    <p class='ocr_par' dir='ltr' id='par_1_24' title="bbox 939 1579 1456 1645">
     <span class='ocr_line' id='line_1_27' title="bbox 939 1579 1456 1645; baseline 0.002 -14"><span class='ocrx_word' id='word_1_137' title='bbox 939 1579 1050 1645; x_wconf 70' lang='grc' dir='ltr'><strong>Σςν</strong></span> <span class='ocrx_word' id='word_1_138' title='bbox 1085 1579 1456 1632; x_wconf 68' lang='grc' dir='ltr'>οιιιίιιιιΛΣ.</span> 
     </span>
    </p>
   </div>
   <div class='ocr_carea' id='block_1_25' title="bbox 410 1668 1376 1742">
    <p class='ocr_par' dir='ltr' id='par_1_25' title="bbox 410 1668 1376 1742">
     <span class='ocr_line' id='line_1_28' title="bbox 410 1668 1376 1742; baseline -0.001 -20"><span class='ocrx_word' id='word_1_139' title='bbox 410 1668 492 1722; x_wconf 68' lang='grc' dir='ltr'>ε’.</span> <span class='ocrx_word' id='word_1_140' title='bbox 522 1668 613 1722; x_wconf 81' lang='grc' dir='ltr'><strong>ὑπ.</strong></span> <span class='ocrx_word' id='word_1_141' title='bbox 639 1669 945 1724; x_wconf 82' lang='grc' dir='ltr'>οὑεννικίου</span> <span class='ocrx_word' id='word_1_142' title='bbox 971 1671 1063 1724; x_wconf 77' lang='grc' dir='ltr'><strong>καὶ</strong></span> <span class='ocrx_word' id='word_1_143' title='bbox 1093 1670 1376 1742; x_wconf 80' lang='grc' dir='ltr'>Κορϐίνου.</span> 
     </span>
    </p>
   </div>
   <div class='ocr_carea' id='block_1_26' title="bbox 419 1757 1486 1831">
    <p class='ocr_par' dir='ltr' id='par_1_26' title="bbox 419 1757 1486 1831">
     <span class='ocr_line' id='line_1_29' title="bbox 419 1757 1486 1831; baseline 0.002 -19"><span class='ocrx_word' id='word_1_144' title='bbox 419 1757 512 1826; x_wconf 74' lang='grc' dir='ltr'><strong>ς’.</strong></span> <span class='ocrx_word' id='word_1_145' title='bbox 536 1759 628 1811; x_wconf 86' lang='grc' dir='ltr'><strong>ὑπ.</strong></span> <span class='ocrx_word' id='word_1_146' title='bbox 679 1759 981 1813; x_wconf 63' lang='grc' dir='ltr'>Ἀσιατικοῦ</span> <span class='ocrx_word' id='word_1_147' title='bbox 1013 1762 1106 1815; x_wconf 73' lang='grc' dir='ltr'>καὶ</span> <span class='ocrx_word' id='word_1_148' title='bbox 1137 1760 1358 1815; x_wconf 84' lang='grc' dir='ltr'>Σιλανοῦ</span> <span class='ocrx_word' id='word_1_149' title='bbox 1389 1759 1486 1831; x_wconf 73' lang='grc'><strong>(2).</strong></span> 
     </span>
    </p>
   </div>
   <div class='ocr_carea' id='block_1_27' title="bbox 2589 1019 3119 1076">
    <p class='ocr_par' dir='ltr' id='par_1_27' title="bbox 2589 1019 3119 1076">
     <span class='ocr_line' id='line_1_30' title="bbox 2589 1019 3119 1076; baseline -0.002 0"><span class='ocrx_word' id='word_1_150' title='bbox 2589 1021 2723 1076; x_wconf 84' lang='lat' dir='ltr'><strong>CCV</strong></span> <span class='ocrx_word' id='word_1_151' title='bbox 2753 1019 3119 1076; x_wconf 77' lang='lat' dir='ltr'><strong>OLYMPIAS.</strong></span> 
     </span>
    </p>
   </div>
   <div class='ocr_carea' id='block_1_28' title="bbox 2149 1111 3299 1182">
    <p class='ocr_par' dir='ltr' id='par_1_28' title="bbox 2149 1111 3299 1182">
     <span class='ocr_line' id='line_1_31' title="bbox 2149 1111 3299 1182; baseline 0.004 -16"><span class='ocrx_word' id='word_1_152' title='bbox 2149 1113 2515 1168; x_wconf 82' lang='lat' dir='ltr'><strong>Romanorum</strong></span> <span class='ocrx_word' id='word_1_153' title='bbox 2552 1113 2680 1182; x_wconf 88' lang='lat' dir='ltr'><strong>imp.</strong></span> <span class='ocrx_word' id='word_1_154' title='bbox 2711 1111 2755 1164; x_wconf 83' lang='lat' dir='ltr'><strong>V</strong></span> <span class='ocrx_word' id='word_1_155' title='bbox 2783 1114 3041 1168; x_wconf 87' lang='lat' dir='ltr'><strong>Claudius</strong></span> <span class='ocrx_word' id='word_1_156' title='bbox 3070 1130 3160 1168; x_wconf 88' lang='lat' dir='ltr'><strong>an.</strong></span> <span class='ocrx_word' id='word_1_157' title='bbox 3187 1131 3299 1170; x_wconf 80' lang='lat' dir='ltr'><strong>m.</strong></span> 
     </span>
    </p>
   </div>
   <div class='ocr_carea' id='block_1_29' title="bbox 2080 1205 3222 1262">
    <p class='ocr_par' dir='ltr' id='par_1_29' title="bbox 2080 1205 3222 1262">
     <span class='ocr_line' id='line_1_32' title="bbox 2080 1205 3222 1262; baseline 0.001 -2"><span class='ocrx_word' id='word_1_158' title='bbox 2080 1207 2119 1262; x_wconf 95' lang='lat' dir='ltr'><strong>I.</strong></span> <span class='ocrx_word' id='word_1_159' title='bbox 2145 1206 2371 1262; x_wconf 89' lang='lat' dir='ltr'><strong>Claudio</strong></span> <span class='ocrx_word' id='word_1_160' title='bbox 2390 1206 2602 1260; x_wconf 67' lang='lat' dir='ltr'><strong>Caesare</strong></span> <span class='ocrx_word' id='word_1_161' title='bbox 2627 1221 2679 1258; x_wconf 91' lang='grc' dir='ltr'><strong>ιιι</strong></span> <span class='ocrx_word' id='word_1_162' title='bbox 2708 1214 2761 1259; x_wconf 90' lang='lat' dir='ltr'><strong>et</strong></span> <span class='ocrx_word' id='word_1_163' title='bbox 2787 1205 3061 1259; x_wconf 75' lang='lat' dir='ltr'><strong>Antonino</strong></span> <span class='ocrx_word' id='word_1_164' title='bbox 3078 1222 3222 1261; x_wconf 78' lang='lat' dir='ltr'><strong>coss.</strong></span> 
     </span>
    </p>
   </div>
   <div class='ocr_carea' id='block_1_30' title="bbox 2080 1293 3182 1366">
    <p class='ocr_par' dir='ltr' id='par_1_30' title="bbox 2080 1293 3182 1366">
     <span class='ocr_line' id='line_1_33' title="bbox 2080 1293 3182 1366; baseline 0 -18"><span class='ocrx_word' id='word_1_165' title='bbox 2080 1293 2140 1352; x_wconf 92' lang='lat' dir='ltr'><strong>II.</strong></span> <span class='ocrx_word' id='word_1_166' title='bbox 2167 1297 2404 1362; x_wconf 81' lang='lat' dir='ltr'><strong>Claudio</strong></span> <span class='ocrx_word' id='word_1_167' title='bbox 2433 1295 2653 1350; x_wconf 71' lang='lat' dir='ltr'><strong>Caesare</strong></span> <span class='ocrx_word' id='word_1_168' title='bbox 2685 1311 2736 1349; x_wconf 85' lang='lat' dir='ltr'><strong>Iv</strong></span> <span class='ocrx_word' id='word_1_169' title='bbox 2764 1304 2817 1348; x_wconf 89' lang='lat' dir='ltr'><strong>et</strong></span> <span class='ocrx_word' id='word_1_170' title='bbox 2838 1295 3012 1366; x_wconf 83' lang='lat' dir='ltr'><strong>Largo</strong></span> <span class='ocrx_word' id='word_1_171' title='bbox 3036 1311 3182 1350; x_wconf 87' lang='lat' dir='ltr'><strong>coss.</strong></span> 
     </span>
    </p>
   </div>
   <div class='ocr_carea' id='block_1_31' title="bbox 2081 1385 3268 1442">
    <p class='ocr_par' dir='ltr' id='par_1_31' title="bbox 2081 1385 3268 1442">
     <span class='ocr_line' id='line_1_34' title="bbox 2081 1385 3268 1442; baseline 0 -2"><span class='ocrx_word' id='word_1_172' title='bbox 2081 1385 2164 1441; x_wconf 94' lang='lat' dir='ltr'><strong>IIl.</strong></span> <span class='ocrx_word' id='word_1_173' title='bbox 2195 1385 2421 1440; x_wconf 84' lang='lat' dir='ltr'><strong>Claudio</strong></span> <span class='ocrx_word' id='word_1_174' title='bbox 2454 1385 2666 1439; x_wconf 63' lang='lat' dir='ltr'><strong>Caesare</strong></span> <span class='ocrx_word' id='word_1_175' title='bbox 2689 1401 2719 1437; x_wconf 76' lang='grc' dir='ltr'><strong>ν</strong></span> <span class='ocrx_word' id='word_1_176' title='bbox 2737 1393 2790 1438; x_wconf 91' lang='lat' dir='ltr'><strong>et</strong></span> <span class='ocrx_word' id='word_1_177' title='bbox 2823 1385 3036 1440; x_wconf 80' lang='lat' dir='ltr'><strong>Vitellio</strong></span> <span class='ocrx_word' id='word_1_178' title='bbox 3063 1401 3096 1438; x_wconf 87' lang='grc' dir='ltr'><strong>ιι</strong></span> <span class='ocrx_word' id='word_1_179' title='bbox 3123 1401 3268 1442; x_wconf 85' lang='lat' dir='ltr'><strong>coss.</strong></span> 
     </span>
    </p>
   </div>
   <div class='ocr_carea' id='block_1_32' title="bbox 2079 1476 2844 1548">
    <p class='ocr_par' dir='ltr' id='par_1_32' title="bbox 2079 1476 2844 1548">
     <span class='ocr_line' id='line_1_35' title="bbox 2079 1476 2844 1548; baseline -0.004 -16"><span class='ocrx_word' id='word_1_180' title='bbox 2079 1476 2166 1532; x_wconf 91' lang='lat' dir='ltr'><strong>IV.</strong></span> <span class='ocrx_word' id='word_1_181' title='bbox 2189 1478 2382 1548; x_wconf 83' lang='lat' dir='ltr'><strong>Crispo</strong></span> <span class='ocrx_word' id='word_1_182' title='bbox 2404 1485 2456 1531; x_wconf 89' lang='lat' dir='ltr'><strong>et</strong></span> <span class='ocrx_word' id='word_1_183' title='bbox 2481 1477 2661 1530; x_wconf 81' lang='lat' dir='ltr'><strong>Tauro</strong></span> <span class='ocrx_word' id='word_1_184' title='bbox 2701 1492 2844 1531; x_wconf 82' lang='lat' dir='ltr'><strong>coss.</strong></span> 
     </span>
    </p>
   </div>
   <div class='ocr_carea' id='block_1_33' title="bbox 2579 1558 3151 1624">
    <p class='ocr_par' dir='ltr' id='par_1_33' title="bbox 2579 1558 3151 1624">
     <span class='ocr_line' id='line_1_36' title="bbox 2579 1558 3151 1624; baseline 0.003 -2"><span class='ocrx_word' id='word_1_185' title='bbox 2579 1567 2734 1622; x_wconf 82' lang='lat' dir='ltr'><strong>CCVI</strong></span> <span class='ocrx_word' id='word_1_186' title='bbox 2789 1558 3151 1624; x_wconf 76' lang='lat' dir='ltr'><strong>OLYIIIPIAS.</strong></span> 
     </span>
    </p>
   </div>
   <div class='ocr_carea' id='block_1_34' title="bbox 2083 1657 2905 1714">
    <p class='ocr_par' dir='ltr' id='par_1_34' title="bbox 2083 1657 2905 1714">
     <span class='ocr_line' id='line_1_37' title="bbox 2083 1657 2905 1714; baseline 0.002 -4"><span class='ocrx_word' id='word_1_187' title='bbox 2083 1657 2146 1711; x_wconf 89' lang='lat' dir='ltr'><strong>V.</strong></span> <span class='ocrx_word' id='word_1_188' title='bbox 2173 1657 2386 1713; x_wconf 84' lang='lat' dir='ltr'><strong>Vinicio</strong></span> <span class='ocrx_word' id='word_1_189' title='bbox 2408 1666 2462 1714; x_wconf 92' lang='lat' dir='ltr'><strong>et</strong></span> <span class='ocrx_word' id='word_1_190' title='bbox 2493 1658 2729 1713; x_wconf 86' lang='lat' dir='ltr'><strong>Corvino</strong></span> <span class='ocrx_word' id='word_1_191' title='bbox 2761 1673 2905 1714; x_wconf 90' lang='lat' dir='ltr'><strong>coss.</strong></span> 
     </span>
    </p>
   </div>
   <div class='ocr_carea' id='block_1_35' title="bbox 2017 1747 2902 1809">
    <p class='ocr_par' dir='ltr' id='par_1_35' title="bbox 2017 1747 2902 1809">
     <span class='ocr_line' id='line_1_38' title="bbox 2017 1747 2902 1809; baseline 0.005 -10"><span class='ocrx_word' id='word_1_192' title='bbox 2017 1750 2057 1809; x_wconf 68' lang='grc'><strong>8</strong></span> <span class='ocrx_word' id='word_1_193' title='bbox 2088 1748 2172 1802; x_wconf 81' lang='lat' dir='ltr'><strong>VI.</strong></span> <span class='ocrx_word' id='word_1_194' title='bbox 2197 1748 2438 1803; x_wconf 80' lang='lat' dir='ltr'><strong>Asiatico</strong></span> <span class='ocrx_word' id='word_1_195' title='bbox 2459 1758 2512 1803; x_wconf 88' lang='lat' dir='ltr'><strong>et</strong></span> <span class='ocrx_word' id='word_1_196' title='bbox 2541 1747 2727 1802; x_wconf 88' lang='lat' dir='ltr'><strong>Silano</strong></span> <span class='ocrx_word' id='word_1_197' title='bbox 2758 1764 2902 1803; x_wconf 90' lang='lat' dir='ltr'><strong>coss.</strong></span> 
     </span>
    </p>
   </div>
   <div class='ocr_carea' id='block_1_36' title="bbox 2088 1837 3289 1897">
    <p class='ocr_par' dir='ltr' id='par_1_36' title="bbox 2088 1837 3289 1897">
     <span class='ocr_line' id='line_1_39' title="bbox 2088 1837 3289 1897; baseline 0.004 -5"><span class='ocrx_word' id='word_1_198' title='bbox 2088 1839 2195 1894; x_wconf 87' lang='lat' dir='ltr'><strong>VII.</strong></span> <span class='ocrx_word' id='word_1_199' title='bbox 2227 1840 2455 1895; x_wconf 88' lang='lat' dir='ltr'><strong>Claudio</strong></span> <span class='ocrx_word' id='word_1_200' title='bbox 2476 1839 2614 1894; x_wconf 72' lang='lat' dir='ltr'><strong>Cms.</strong></span> <span class='ocrx_word' id='word_1_201' title='bbox 2641 1855 2689 1892; x_wconf 84' lang='lat' dir='ltr'><strong>VI</strong></span> <span class='ocrx_word' id='word_1_202' title='bbox 2720 1847 2772 1893; x_wconf 88' lang='lat' dir='ltr'><strong>et</strong></span> <span class='ocrx_word' id='word_1_203' title='bbox 2803 1837 3019 1893; x_wconf 78' lang='lat' dir='ltr'><strong>Vitellio</strong></span> <span class='ocrx_word' id='word_1_204' title='bbox 3054 1855 3119 1893; x_wconf 88' lang='grc' dir='ltr'><strong>ιιι</strong></span> <span class='ocrx_word' id='word_1_205' title='bbox 3144 1854 3289 1897; x_wconf 71' lang='lat' dir='ltr'><strong>coss.</strong></span> 
     </span>
    </p>
   </div>
   <div class='ocr_carea' id='block_1_37' title="bbox 2087 1927 3115 1986">
    <p class='ocr_par' dir='ltr' id='par_1_37' title="bbox 2087 1927 3115 1986">
     <span class='ocr_line' id='line_1_40' title="bbox 2087 1927 3115 1986; baseline 0.004 -4"><span class='ocrx_word' id='word_1_206' title='bbox 2087 1929 2221 1986; x_wconf 82' lang='lat' dir='ltr'>VIII.</span> <span class='ocrx_word' id='word_1_207' title='bbox 2253 1927 2469 1984; x_wconf 87' lang='lat' dir='ltr'><strong>Vitellio</strong></span> <span class='ocrx_word' id='word_1_208' title='bbox 2498 1945 2548 1982; x_wconf 82' lang='lat' dir='ltr'><strong>tv</strong></span> <span class='ocrx_word' id='word_1_209' title='bbox 2575 1938 2628 1983; x_wconf 89' lang='lat' dir='ltr'><strong>et</strong></span> <span class='ocrx_word' id='word_1_210' title='bbox 2661 1929 2939 1983; x_wconf 80' lang='lat' dir='ltr'><strong>Publicola</strong></span> <span class='ocrx_word' id='word_1_211' title='bbox 2970 1945 3115 1986; x_wconf 89' lang='lat' dir='ltr'><strong>coss.</strong></span> 
     </span>
    </p>
   </div>
   <div class='ocr_carea' id='block_1_38' title="bbox 2571 2017 3151 2074">
    <p class='ocr_par' dir='ltr' id='par_1_38' title="bbox 2571 2017 3151 2074">
     <span class='ocr_line' id='line_1_41' title="bbox 2571 2017 3151 2074; baseline 0.005 -3"><span class='ocrx_word' id='word_1_212' title='bbox 2571 2017 2754 2071; x_wconf 83' lang='lat' dir='ltr'>CCVII</span> <span class='ocrx_word' id='word_1_213' title='bbox 2786 2017 3151 2074; x_wconf 76' lang='lat' dir='ltr'><strong>OLYMPIAS.</strong></span> 
     </span>
    </p>
   </div>
   <div class='ocr_carea' id='block_1_39' title="bbox 2087 2107 2882 2164">
    <p class='ocr_par' dir='ltr' id='par_1_39' title="bbox 2087 2107 2882 2164">
     <span class='ocr_line' id='line_1_42' title="bbox 2087 2107 2882 2164; baseline -0.001 -2"><span class='ocrx_word' id='word_1_214' title='bbox 2087 2108 2175 2164; x_wconf 80' lang='lat' dir='ltr'><strong>IX.</strong></span> <span class='ocrx_word' id='word_1_215' title='bbox 2204 2107 2440 2164; x_wconf 85' lang='lat' dir='ltr'><strong>Veriano</strong></span> <span class='ocrx_word' id='word_1_216' title='bbox 2468 2117 2520 2164; x_wconf 89' lang='lat' dir='ltr'><strong>et</strong></span> <span class='ocrx_word' id='word_1_217' title='bbox 2555 2107 2711 2163; x_wconf 88' lang='lat' dir='ltr'><strong>Gallo</strong></span> <span class='ocrx_word' id='word_1_218' title='bbox 2735 2124 2882 2164; x_wconf 89' lang='lat' dir='ltr'><strong>coss.</strong></span> 
     </span>
    </p>
   </div>
   <div class='ocr_carea' id='block_1_40' title="bbox 2083 2199 2972 2255">
    <p class='ocr_par' dir='ltr' id='par_1_40' title="bbox 2083 2199 2972 2255">
     <span class='ocr_line' id='line_1_43' title="bbox 2083 2199 2972 2255; baseline 0 -2"><span class='ocrx_word' id='word_1_219' title='bbox 2083 2199 2151 2253; x_wconf 79' lang='grc' dir='ltr'>Χ.</span> <span class='ocrx_word' id='word_1_220' title='bbox 2186 2199 2377 2254; x_wconf 87' lang='lat' dir='ltr'><strong>Vetere</strong></span> <span class='ocrx_word' id='word_1_221' title='bbox 2392 2210 2445 2255; x_wconf 89' lang='lat' dir='ltr'><strong>et</strong></span> <span class='ocrx_word' id='word_1_222' title='bbox 2473 2199 2800 2254; x_wconf 86' lang='lat' dir='ltr'><strong>Nerviniano</strong></span> <span class='ocrx_word' id='word_1_223' title='bbox 2828 2215 2972 2255; x_wconf 90' lang='lat' dir='ltr'><strong>coss.</strong></span> 
     </span>
    </p>
   </div>
   <div class='ocr_carea' id='block_1_41' title="bbox 2085 2286 3157 2348">
    <p class='ocr_par' dir='ltr' id='par_1_41' title="bbox 2085 2286 3157 2348">
     <span class='ocr_line' id='line_1_44' title="bbox 2085 2286 3157 2348; baseline 0.007 -7"><span class='ocrx_word' id='word_1_224' title='bbox 2085 2289 2172 2343; x_wconf 80' lang='lat' dir='ltr'><strong>XI.</strong></span> <span class='ocrx_word' id='word_1_225' title='bbox 2207 2291 2433 2345; x_wconf 92' lang='lat' dir='ltr'><strong>Claudio</strong></span> <span class='ocrx_word' id='word_1_226' title='bbox 2455 2291 2590 2345; x_wconf 62' lang='grc' dir='ltr'>(ἔαξε.</span> <span class='ocrx_word' id='word_1_227' title='bbox 2625 2306 2698 2344; x_wconf 89' lang='lat' dir='ltr'><strong>vu</strong></span> <span class='ocrx_word' id='word_1_228' title='bbox 2731 2297 2783 2344; x_wconf 88' lang='lat' dir='ltr'><strong>et</strong></span> <span class='ocrx_word' id='word_1_229' title='bbox 2815 2286 2986 2346; x_wconf 82' lang='lat' dir='ltr'><strong>Orﬁto</strong></span> <span class='ocrx_word' id='word_1_230' title='bbox 3011 2307 3157 2348; x_wconf 84' lang='lat' dir='ltr'><strong>coss.</strong></span> 
     </span>
    </p>
   </div>
   <div class='ocr_carea' id='block_1_42' title="bbox 2083 2381 2844 2452">
    <p class='ocr_par' dir='ltr' id='par_1_42' title="bbox 2083 2381 2844 2452">
     <span class='ocr_line' id='line_1_45' title="bbox 2083 2381 2844 2452; baseline 0.003 -18"><span class='ocrx_word' id='word_1_231' title='bbox 2083 2381 2198 2438; x_wconf 79' lang='lat' dir='ltr'><strong>XII.</strong></span> <span class='ocrx_word' id='word_1_232' title='bbox 2228 2381 2372 2452; x_wconf 81' lang='lat' dir='ltr'><strong>Sylla</strong></span> <span class='ocrx_word' id='word_1_233' title='bbox 2389 2390 2440 2438; x_wconf 88' lang='lat' dir='ltr'><strong>et</strong></span> <span class='ocrx_word' id='word_1_234' title='bbox 2467 2381 2672 2436; x_wconf 82' lang='lat' dir='ltr'><strong>Catone</strong></span> <span class='ocrx_word' id='word_1_235' title='bbox 2699 2397 2844 2437; x_wconf 85' lang='lat' dir='ltr'><strong>coss.</strong></span> 
     </span>
    </p>
   </div>
   <div class='ocr_carea' id='block_1_43' title="bbox 2563 2477 3218 2551">
    <p class='ocr_par' dir='ltr' id='par_1_43' title="bbox 2563 2477 3218 2551">
     <span class='ocr_line' id='line_1_46' title="bbox 2563 2477 3218 2551; baseline 0.005 -3"><span class='ocrx_word' id='word_1_236' title='bbox 2563 2493 2762 2549; x_wconf 77' lang='lat' dir='ltr'><strong>CCVIII</strong></span> <span class='ocrx_word' id='word_1_237' title='bbox 2788 2491 3163 2551; x_wconf 69' lang='lat' dir='ltr'><strong>omnmas.</strong></span> <span class='ocrx_word' id='word_1_238' title='bbox 3211 2477 3218 2483; x_wconf 83' lang='grc'><em>’</em></span> 
     </span>
    </p>
   </div>
   <div class='ocr_carea' id='block_1_44' title="bbox 2085 2583 3013 2644">
    <p class='ocr_par' dir='ltr' id='par_1_44' title="bbox 2085 2583 3013 2644">
     <span class='ocr_line' id='line_1_47' title="bbox 2085 2583 3013 2644; baseline -0.002 -6"><span class='ocrx_word' id='word_1_239' title='bbox 2085 2583 2221 2644; x_wconf 69' lang='lat' dir='ltr'><strong>XIII.</strong></span> <span class='ocrx_word' id='word_1_240' title='bbox 2265 2584 2454 2638; x_wconf 89' lang='lat' dir='ltr'><strong>Silano</strong></span> <span class='ocrx_word' id='word_1_241' title='bbox 2484 2593 2537 2639; x_wconf 87' lang='lat' dir='ltr'><strong>et</strong></span> <span class='ocrx_word' id='word_1_242' title='bbox 2570 2584 2846 2640; x_wconf 79' lang='lat' dir='ltr'><strong>Antonino</strong></span> <span class='ocrx_word' id='word_1_243' title='bbox 2870 2600 3013 2639; x_wconf 89' lang='lat' dir='ltr'><strong>coss.</strong></span> 
     </span>
    </p>
   </div>
   <div class='ocr_carea' id='block_1_45' title="bbox 2085 2674 2986 2731">
    <p class='ocr_par' dir='ltr' id='par_1_45' title="bbox 2085 2674 2986 2731">
     <span class='ocr_line' id='line_1_48' title="bbox 2085 2674 2986 2731; baseline -0.003 0"><span class='ocrx_word' id='word_1_244' title='bbox 2085 2675 2224 2731; x_wconf 77' lang='lat' dir='ltr'><strong>XIV.</strong></span> <span class='ocrx_word' id='word_1_245' title='bbox 2252 2674 2508 2729; x_wconf 78' lang='lat' dir='ltr'><strong>Marcello</strong></span> <span class='ocrx_word' id='word_1_246' title='bbox 2534 2682 2586 2728; x_wconf 89' lang='lat' dir='ltr'><strong>et</strong></span> <span class='ocrx_word' id='word_1_247' title='bbox 2614 2674 2801 2729; x_wconf 80' lang='lat' dir='ltr'><strong>Aviola</strong></span> <span class='ocrx_word' id='word_1_248' title='bbox 2841 2690 2986 2728; x_wconf 84' lang='lat' dir='ltr'><strong>coss.</strong></span> 
     </span>
    </p>
   </div>
   <div class='ocr_carea' id='block_1_46' title="bbox 2152 2761 3243 2832">
    <p class='ocr_par' dir='ltr' id='par_1_46' title="bbox 2152 2761 3243 2832">
     <span class='ocr_line' id='line_1_49' title="bbox 2152 2761 3243 2832; baseline 0.003 -16"><span class='ocrx_word' id='word_1_249' title='bbox 2152 2761 2525 2817; x_wconf 65' lang='lat' dir='ltr'><strong>Romanorum</strong></span> <span class='ocrx_word' id='word_1_250' title='bbox 2559 2763 2689 2832; x_wconf 89' lang='lat' dir='ltr'><strong>imp.</strong></span> <span class='ocrx_word' id='word_1_251' title='bbox 2724 2761 2793 2814; x_wconf 76' lang='lat' dir='ltr'><strong>VI</strong></span> <span class='ocrx_word' id='word_1_252' title='bbox 2820 2761 2960 2817; x_wconf 84' lang='lat' dir='ltr'><strong>Nero</strong></span> <span class='ocrx_word' id='word_1_253' title='bbox 2974 2762 3132 2818; x_wconf 85' lang='lat' dir='ltr'><strong>annis</strong></span> <span class='ocrx_word' id='word_1_254' title='bbox 3150 2779 3243 2819; x_wconf 74' lang='grc' dir='ltr'>ιιν</span> 
     </span>
    </p>
   </div>
   <div class='ocr_carea' id='block_1_47' title="bbox 2086 2851 2837 2910">
    <p class='ocr_par' dir='ltr' id='par_1_47' title="bbox 2086 2851 2837 2910">
     <span class='ocr_line' id='line_1_50' title="bbox 2086 2851 2837 2910; baseline 0 -5"><span class='ocrx_word' id='word_1_255' title='bbox 2086 2851 2126 2907; x_wconf 92' lang='lat' dir='ltr'><strong>I.</strong></span> <span class='ocrx_word' id='word_1_256' title='bbox 2149 2853 2361 2910; x_wconf 82' lang='lat' dir='ltr'><strong>Nerone</strong></span> <span class='ocrx_word' id='word_1_257' title='bbox 2387 2862 2441 2908; x_wconf 88' lang='lat' dir='ltr'><strong>et</strong></span> <span class='ocrx_word' id='word_1_258' title='bbox 2471 2852 2663 2908; x_wconf 81' lang='lat' dir='ltr'><strong>Vetere</strong></span> <span class='ocrx_word' id='word_1_259' title='bbox 2694 2869 2837 2908; x_wconf 91' lang='lat' dir='ltr'><strong>coss.</strong></span> 
     </span>
    </p>
   </div>
   <div class='ocr_carea' id='block_1_48' title="bbox 2086 2941 3005 3012">
    <p class='ocr_par' dir='ltr' id='par_1_48' title="bbox 2086 2941 3005 3012">
     <span class='ocr_line' id='line_1_51' title="bbox 2086 2941 3005 3012; baseline -0.001 -15"><span class='ocrx_word' id='word_1_260' title='bbox 2086 2941 2149 2999; x_wconf 94' lang='lat' dir='ltr'><strong>II.</strong></span> <span class='ocrx_word' id='word_1_261' title='bbox 2183 2942 2478 2997; x_wconf 89' lang='lat' dir='ltr'><strong>Saturnino</strong></span> <span class='ocrx_word' id='word_1_262' title='bbox 2505 2953 2556 2997; x_wconf 86' lang='lat' dir='ltr'><strong>et</strong></span> <span class='ocrx_word' id='word_1_263' title='bbox 2587 2943 2840 3012; x_wconf 77' lang='lat' dir='ltr'><strong>Scipione</strong></span> <span class='ocrx_word' id='word_1_264' title='bbox 2864 2958 3005 2998; x_wconf 91' lang='lat' dir='ltr'><strong>coss.</strong></span> 
     </span>
    </p>
   </div>
   <div class='ocr_carea' id='block_1_49' title="bbox 2605 3032 3135 3086">
    <p class='ocr_par' dir='ltr' id='par_1_49' title="bbox 2605 3032 3135 3086">
     <span class='ocr_line' id='line_1_52' title="bbox 2605 3032 3135 3086; baseline 0 0"><span class='ocrx_word' id='word_1_265' title='bbox 2605 3033 2741 3086; x_wconf 74' lang='lat' dir='ltr'><strong>ICIX</strong></span> <span class='ocrx_word' id='word_1_266' title='bbox 2790 3032 3135 3086; x_wconf 76' lang='lat' dir='ltr'><strong>OLYMPIAS</strong></span> 
     </span>
    </p>
   </div>
   <div class='ocr_carea' id='block_1_50' title="bbox 2011 3034 2970 3180">
    <p class='ocr_par' dir='ltr' id='par_1_50' title="bbox 2011 3034 2970 3180">
     <span class='ocr_line' id='line_1_53' title="bbox 2583 3034 2970 3088; baseline -0.008 0"><span class='ocrx_word' id='word_1_267' title='bbox 2583 3034 2741 3088; x_wconf 83' lang='lat' dir='ltr'><strong>CCIX</strong></span> <span class='ocrx_word' id='word_1_268' title='bbox 2790 3034 2970 3088; x_wconf 77' lang='lat' dir='ltr'><strong>OLYIII</strong></span> 
     </span>
     <span class='ocr_line' id='line_1_54' title="bbox 2011 3071 2970 3180; baseline 0.002 -3"><span class='ocrx_word' id='word_1_269' title='bbox 2011 3071 2054 3130; x_wconf 66' lang='grc' dir='ltr'>ϐ</span> <span class='ocrx_word' id='word_1_270' title='bbox 2091 3124 2176 3177; x_wconf 91' lang='lat' dir='ltr'><strong>IlI.</strong></span> <span class='ocrx_word' id='word_1_271' title='bbox 2209 3123 2422 3180; x_wconf 83' lang='lat' dir='ltr'><strong>Nerone</strong></span> <span class='ocrx_word' id='word_1_272' title='bbox 2457 3141 2492 3179; x_wconf 90' lang='grc' dir='ltr'><strong>ιι</strong></span> <span class='ocrx_word' id='word_1_273' title='bbox 2519 3133 2572 3180; x_wconf 84' lang='lat' dir='ltr'><strong>et</strong></span> <span class='ocrx_word' id='word_1_274' title='bbox 2601 3125 2797 3179; x_wconf 86' lang='lat' dir='ltr'><strong>Pisone</strong></span> <span class='ocrx_word' id='word_1_275' title='bbox 2827 3140 2970 3179; x_wconf 83' lang='lat' dir='ltr'><strong>coss.</strong></span> 
     </span>
    </p>
   </div>
   <div class='ocr_carea' id='block_1_51' title="bbox 2089 3214 3001 3273">
    <p class='ocr_par' dir='ltr' id='par_1_51' title="bbox 2089 3214 3001 3273">
     <span class='ocr_line' id='line_1_55' title="bbox 2089 3214 3001 3273; baseline 0.004 -5"><span class='ocrx_word' id='word_1_276' title='bbox 2089 3214 2179 3270; x_wconf 92' lang='lat' dir='ltr'><strong>1V.</strong></span> <span class='ocrx_word' id='word_1_277' title='bbox 2207 3215 2418 3270; x_wconf 86' lang='lat' dir='ltr'><strong>Nerone</strong></span> <span class='ocrx_word' id='word_1_278' title='bbox 2452 3231 2508 3268; x_wconf 85' lang='grc' dir='ltr'><strong>ιιι</strong></span> <span class='ocrx_word' id='word_1_279' title='bbox 2535 3225 2587 3271; x_wconf 93' lang='lat' dir='ltr'><strong>et</strong></span> <span class='ocrx_word' id='word_1_280' title='bbox 2616 3217 2843 3273; x_wconf 87' lang='lat' dir='ltr'><strong>Messala</strong></span> <span class='ocrx_word' id='word_1_281' title='bbox 2856 3233 3001 3272; x_wconf 85' lang='lat' dir='ltr'><strong>coss.</strong></span> 
     </span>
    </p>
   </div>
   <div class='ocr_carea' id='block_1_52' title="bbox 2089 3303 3036 3376">
    <p class='ocr_par' dir='ltr' id='par_1_52' title="bbox 2089 3303 3036 3376">
     <span class='ocr_line' id='line_1_56' title="bbox 2089 3303 3036 3376; baseline 0.01 -20"><span class='ocrx_word' id='word_1_282' title='bbox 2089 3303 2155 3358; x_wconf 85' lang='lat' dir='ltr'><strong>V.</strong></span> <span class='ocrx_word' id='word_1_283' title='bbox 2192 3305 2504 3374; x_wconf 84' lang='lat' dir='ltr'><strong>Aproniano</strong></span> <span class='ocrx_word' id='word_1_284' title='bbox 2521 3314 2573 3360; x_wconf 88' lang='lat' dir='ltr'><strong>et</strong></span> <span class='ocrx_word' id='word_1_285' title='bbox 2603 3307 2867 3376; x_wconf 88' lang='lat' dir='ltr'><strong>Capitone</strong></span> <span class='ocrx_word' id='word_1_286' title='bbox 2894 3323 3036 3364; x_wconf 82' lang='lat' dir='ltr'><strong>coss.</strong></span> 
     </span>
    </p>
   </div>
   <div class='ocr_carea' id='block_1_53' title="bbox 2088 3392 3012 3455">
    <p class='ocr_par' dir='ltr' id='par_1_53' title="bbox 2088 3392 3012 3455">
     <span class='ocr_line' id='line_1_57' title="bbox 2088 3392 3012 3455; baseline 0.008 -10"><span class='ocrx_word' id='word_1_287' title='bbox 2088 3392 2175 3448; x_wconf 85' lang='lat' dir='ltr'><strong>VI.</strong></span> <span class='ocrx_word' id='word_1_288' title='bbox 2207 3394 2420 3450; x_wconf 83' lang='lat' dir='ltr'><strong>Nerone</strong></span> <span class='ocrx_word' id='word_1_289' title='bbox 2446 3411 2496 3449; x_wconf 78' lang='lat' dir='ltr'><strong>Iv</strong></span> <span class='ocrx_word' id='word_1_290' title='bbox 2527 3403 2580 3450; x_wconf 88' lang='lat' dir='ltr'><strong>et</strong></span> <span class='ocrx_word' id='word_1_291' title='bbox 2607 3395 2836 3455; x_wconf 89' lang='lat' dir='ltr'><strong>Lentulo</strong></span> <span class='ocrx_word' id='word_1_292' title='bbox 2867 3413 3012 3453; x_wconf 86' lang='lat' dir='ltr'><strong>coss.</strong></span> 
     </span>
    </p>
   </div>
   <div class='ocr_carea' id='block_1_54' title="bbox 2603 3485 3144 3542">
    <p class='ocr_par' dir='ltr' id='par_1_54' title="bbox 2603 3485 3144 3542">
     <span class='ocr_line' id='line_1_58' title="bbox 2603 3485 3144 3542; baseline 0.004 -3"><span class='ocrx_word' id='word_1_293' title='bbox 2603 3485 2738 3539; x_wconf 80' lang='lat' dir='ltr'><strong>CCX</strong></span> <span class='ocrx_word' id='word_1_294' title='bbox 2778 3485 3144 3542; x_wconf 66' lang='lat' dir='ltr'><strong>OLYNPIAS.</strong></span> 
     </span>
    </p>
   </div>
   <div class='ocr_carea' id='block_1_55' title="bbox 2088 3573 3094 3647">
    <p class='ocr_par' dir='ltr' id='par_1_55' title="bbox 2088 3573 3094 3647">
     <span class='ocr_line' id='line_1_59' title="bbox 2088 3573 3094 3647; baseline 0.005 -19"><span class='ocrx_word' id='word_1_295' title='bbox 2088 3573 2198 3628; x_wconf 83' lang='lat' dir='ltr'><strong>VII.</strong></span> <span class='ocrx_word' id='word_1_296' title='bbox 2236 3575 2398 3630; x_wconf 88' lang='lat' dir='ltr'><strong>Lacio</strong></span> <span class='ocrx_word' id='word_1_297' title='bbox 2430 3577 2504 3647; x_wconf 79' lang='grc'><strong>(5)</strong></span> <span class='ocrx_word' id='word_1_298' title='bbox 2535 3584 2588 3631; x_wconf 90' lang='lat' dir='ltr'><strong>et</strong></span> <span class='ocrx_word' id='word_1_299' title='bbox 2611 3576 2929 3647; x_wconf 79' lang='lat' dir='ltr'><strong>Turpiliano</strong></span> <span class='ocrx_word' id='word_1_300' title='bbox 2947 3593 3094 3633; x_wconf 78' lang='lat' dir='ltr'><strong>coss.</strong></span> 
     </span>
    </p>
   </div>
   <div class='ocr_carea' id='block_1_56' title="bbox 2092 3667 2878 3725">
    <p class='ocr_par' dir='ltr' id='par_1_56' title="bbox 2092 3667 2878 3725">
     <span class='ocr_line' id='line_1_60' title="bbox 2092 3667 2878 3725; baseline 0.003 -5"><span class='ocrx_word' id='word_1_301' title='bbox 2092 3667 2225 3722; x_wconf 81' lang='lat' dir='ltr'><strong>VIII.</strong></span> <span class='ocrx_word' id='word_1_302' title='bbox 2255 3667 2424 3721; x_wconf 78' lang='lat' dir='ltr'><strong>Mario</strong></span> <span class='ocrx_word' id='word_1_303' title='bbox 2456 3676 2511 3722; x_wconf 89' lang='lat' dir='ltr'><strong>et</strong></span> <span class='ocrx_word' id='word_1_304' title='bbox 2540 3667 2697 3725; x_wconf 84' lang='lat' dir='ltr'><strong>Gallo</strong></span> <span class='ocrx_word' id='word_1_305' title='bbox 2730 3684 2878 3724; x_wconf 87' lang='lat' dir='ltr'><strong>coss.</strong></span> 
     </span>
    </p>
   </div>
   <div class='ocr_carea' id='block_1_57' title="bbox 2090 3759 2819 3830">
    <p class='ocr_par' dir='ltr' id='par_1_57' title="bbox 2090 3759 2819 3830">
     <span class='ocr_line' id='line_1_61' title="bbox 2090 3759 2819 3830; baseline 0.001 -17"><span class='ocrx_word' id='word_1_306' title='bbox 2090 3759 2177 3813; x_wconf 80' lang='lat' dir='ltr'><strong>IX.</strong></span> <span class='ocrx_word' id='word_1_307' title='bbox 2203 3759 2341 3813; x_wconf 68' lang='lat' dir='ltr'><strong>[{qu</strong></span> <span class='ocrx_word' id='word_1_308' title='bbox 2364 3768 2418 3814; x_wconf 88' lang='lat' dir='ltr'><strong>et</strong></span> <span class='ocrx_word' id='word_1_309' title='bbox 2449 3759 2653 3830; x_wconf 76' lang='lat' dir='ltr'><strong>Regqu</strong></span> <span class='ocrx_word' id='word_1_310' title='bbox 2673 3775 2819 3814; x_wconf 89' lang='lat' dir='ltr'><strong>coss.</strong></span> 
     </span>
    </p>
   </div>
   <div class='ocr_carea' id='block_1_58' title="bbox 2089 3849 2842 3913">
    <p class='ocr_par' dir='ltr' id='par_1_58' title="bbox 2089 3849 2842 3913">
     <span class='ocr_line' id='line_1_62' title="bbox 2089 3849 2842 3913; baseline 0.003 -11"><span class='ocrx_word' id='word_1_311' title='bbox 2089 3849 2157 3904; x_wconf 79' lang='grc' dir='ltr'>Χ.</span> <span class='ocrx_word' id='word_1_312' title='bbox 2188 3850 2390 3905; x_wconf 85' lang='lat' dir='ltr'><strong>Crasso</strong></span> <span class='ocrx_word' id='word_1_313' title='bbox 2427 3860 2474 3906; x_wconf 87' lang='lat' dir='ltr'><strong>cI</strong></span> <span class='ocrx_word' id='word_1_314' title='bbox 2501 3850 2672 3906; x_wconf 82' lang='lat' dir='ltr'><strong>Basso</strong></span> <span class='ocrx_word' id='word_1_315' title='bbox 2695 3865 2842 3913; x_wconf 83' lang='lat' dir='ltr'><strong>coss.</strong></span> 
     </span>
    </p>
   </div>
   <div class='ocr_carea' id='block_1_59' title="bbox 2591 3941 3141 4000">
    <p class='ocr_par' dir='ltr' id='par_1_59' title="bbox 2591 3941 3141 4000">
     <span class='ocr_line' id='line_1_63' title="bbox 2591 3941 3141 4000; baseline 0.004 -2"><span class='ocrx_word' id='word_1_316' title='bbox 2591 3941 2746 3998; x_wconf 77' lang='lat' dir='ltr'><strong>CCXI</strong></span> <span class='ocrx_word' id='word_1_317' title='bbox 2774 3941 3141 4000; x_wconf 77' lang='lat' dir='ltr'><strong>OLYMPIAS.</strong></span> 
     </span>
    </p>
   </div>
   <div class='ocr_carea' id='block_1_60' title="bbox 2093 4030 3046 4096">
    <p class='ocr_par' dir='ltr' id='par_1_60' title="bbox 2093 4030 3046 4096">
     <span class='ocr_line' id='line_1_64' title="bbox 2093 4030 3046 4096; baseline 0.004 -12"><span class='ocrx_word' id='word_1_318' title='bbox 2093 4031 2180 4086; x_wconf 79' lang='lat' dir='ltr'><strong>XI.</strong></span> <span class='ocrx_word' id='word_1_319' title='bbox 2219 4030 2384 4086; x_wconf 80' lang='lat' dir='ltr'><strong>Ilelva</strong></span> <span class='ocrx_word' id='word_1_320' title='bbox 2413 4040 2466 4086; x_wconf 85' lang='lat' dir='ltr'><strong>et</strong></span> <span class='ocrx_word' id='word_1_321' title='bbox 2501 4031 2724 4088; x_wconf 86' lang='lat' dir='ltr'><strong>Vestino</strong></span> <span class='ocrx_word' id='word_1_322' title='bbox 2758 4049 2904 4096; x_wconf 82' lang='lat' dir='ltr'><strong>coss.</strong></span> <span class='ocrx_word' id='word_1_323' title='bbox 3028 4037 3046 4046; x_wconf 86' lang='lat'><strong>’</strong></span> 
     </span>
    </p>
   </div>
   <div class='ocr_carea' id='block_1_61' title="bbox 2091 4122 2934 4180">
    <p class='ocr_par' dir='ltr' id='par_1_61' title="bbox 2091 4122 2934 4180">
     <span class='ocr_line' id='line_1_65' title="bbox 2091 4122 2934 4180; baseline 0.002 -6"><span class='ocrx_word' id='word_1_324' title='bbox 2091 4122 2203 4176; x_wconf 77' lang='lat' dir='ltr'>XII.</span> <span class='ocrx_word' id='word_1_325' title='bbox 2241 4122 2491 4180; x_wconf 81' lang='lat' dir='ltr'><strong>Telesino</strong></span> <span class='ocrx_word' id='word_1_326' title='bbox 2543 4133 2596 4177; x_wconf 89' lang='lat' dir='ltr'><strong>et</strong></span> <span class='ocrx_word' id='word_1_327' title='bbox 2616 4122 2759 4176; x_wconf 81' lang='lat' dir='ltr'><strong>Rufo</strong></span> <span class='ocrx_word' id='word_1_328' title='bbox 2788 4139 2934 4178; x_wconf 92' lang='lat' dir='ltr'><strong>coss.</strong></span> 
     </span>
    </p>
   </div>
   <div class='ocr_carea' id='block_1_62' title="bbox 426 4203 1972 4281">
    <p class='ocr_par' dir='ltr' id='par_1_62' title="bbox 426 4203 1424 4275">
     <span class='ocr_line' id='line_1_66' title="bbox 426 4203 1424 4275; baseline -0.002 -13"><span class='ocrx_word' id='word_1_329' title='bbox 426 4209 522 4262; x_wconf 75' lang='lat' dir='ltr'><strong>II&quot;.</strong></span> <span class='ocrx_word' id='word_1_330' title='bbox 562 4207 655 4262; x_wconf 87' lang='grc' dir='ltr'><strong>ὑπ.</strong></span> <span class='ocrx_word' id='word_1_331' title='bbox 695 4205 1028 4275; x_wconf 83' lang='grc' dir='ltr'>Καπήτωνος</span> <span class='ocrx_word' id='word_1_332' title='bbox 1053 4205 1145 4258; x_wconf 73' lang='grc' dir='ltr'><strong>καὶ</strong></span> <span class='ocrx_word' id='word_1_333' title='bbox 1179 4203 1424 4273; x_wconf 76' lang='grc' dir='ltr'>Ῥούφου.</span> 
     </span>
    </p>
   </div>
   <div class='ocr_carea' id='block_1_63' title="bbox 2105 4203 2952 4281">
    <p class='ocr_par' dir='ltr' id='par_1_63' title="bbox 2105 4209 2952 4281">
     <span class='ocr_line' id='line_1_67' title="bbox 2105 4209 2952 4281; baseline 0.004 -18"><span class='ocrx_word' id='word_1_334' title='bbox 2105 4209 2228 4265; x_wconf 73' lang='lat' dir='ltr'><strong>KIII.</strong></span> <span class='ocrx_word' id='word_1_335' title='bbox 2265 4212 2524 4281; x_wconf 88' lang='lat' dir='ltr'><strong>Capitone</strong></span> <span class='ocrx_word' id='word_1_336' title='bbox 2556 4220 2609 4266; x_wconf 91' lang='lat' dir='ltr'><strong>et</strong></span> <span class='ocrx_word' id='word_1_337' title='bbox 2639 4211 2780 4266; x_wconf 79' lang='lat' dir='ltr'><strong>Rufo</strong></span> <span class='ocrx_word' id='word_1_338' title='bbox 2811 4227 2952 4267; x_wconf 88' lang='lat' dir='ltr'><strong>coss.</strong></span> 
     </span>
    </p>
   </div>
   <div class='ocr_carea' id='block_1_64' title="bbox 428 4296 1972 4367">
    <p class='ocr_par' dir='ltr' id='par_1_64' title="bbox 428 4296 1400 4367">
     <span class='ocr_line' id='line_1_68' title="bbox 428 4296 1400 4367; baseline -0.003 -15"><span class='ocrx_word' id='word_1_339' title='bbox 428 4302 519 4354; x_wconf 69' lang='grc' dir='ltr'><strong>Μ’.</strong></span> <span class='ocrx_word' id='word_1_340' title='bbox 564 4299 638 4351; x_wconf 85' lang='grc' dir='ltr'>ὑπ</span> <span class='ocrx_word' id='word_1_341' title='bbox 697 4296 953 4350; x_wconf 87' lang='grc' dir='ltr'>Ἰταλικοῦ</span> <span class='ocrx_word' id='word_1_342' title='bbox 983 4297 1076 4352; x_wconf 74' lang='grc' dir='ltr'>καὶ</span> <span class='ocrx_word' id='word_1_343' title='bbox 1101 4296 1400 4367; x_wconf 84' lang='grc' dir='ltr'>Τραχάλου.</span> 
     </span>
    </p>
   </div>
   <div class='ocr_carea' id='block_1_65' title="bbox 2105 4296 3013 4367">
    <p class='ocr_par' dir='ltr' id='par_1_65' title="bbox 2105 4298 3013 4356">
     <span class='ocr_line' id='line_1_69' title="bbox 2105 4298 3013 4356; baseline 0.002 -5"><span class='ocrx_word' id='word_1_344' title='bbox 2105 4298 2226 4354; x_wconf 74' lang='lat' dir='ltr'><strong>HV.</strong></span> <span class='ocrx_word' id='word_1_345' title='bbox 2261 4300 2451 4355; x_wconf 90' lang='lat' dir='ltr'><strong>Italico</strong></span> <span class='ocrx_word' id='word_1_346' title='bbox 2479 4309 2531 4355; x_wconf 90' lang='lat' dir='ltr'><strong>et</strong></span> <span class='ocrx_word' id='word_1_347' title='bbox 2567 4299 2834 4354; x_wconf 85' lang='lat' dir='ltr'><strong>Trachalo</strong></span> <span class='ocrx_word' id='word_1_348' title='bbox 2867 4317 3013 4356; x_wconf 87' lang='lat' dir='ltr'><strong>coss.</strong></span> 
     </span>
    </p>
   </div>
   <div class='ocr_carea' id='block_1_66' title="bbox 506 4385 1972 4464">
    <p class='ocr_par' dir='ltr' id='par_1_66' title="bbox 506 4385 1972 4456">
     <span class='ocr_line' id='line_1_70' title="bbox 506 4385 1972 4456; baseline -0.001 -15"><span class='ocrx_word' id='word_1_349' title='bbox 506 4389 628 4440; x_wconf 78' lang='grc' dir='ltr'><strong>Ἐπὶ</strong></span> <span class='ocrx_word' id='word_1_350' title='bbox 656 4387 856 4441; x_wconf 86' lang='grc' dir='ltr'>τούτων</span> <span class='ocrx_word' id='word_1_351' title='bbox 895 4386 1002 4439; x_wconf 83' lang='grc' dir='ltr'>τῶν</span> <span class='ocrx_word' id='word_1_352' title='bbox 1049 4386 1267 4439; x_wconf 77' lang='grc' dir='ltr'>ὑπάτων</span> <span class='ocrx_word' id='word_1_353' title='bbox 1294 4385 1502 4456; x_wconf 72' lang='grc' dir='ltr'>ἀφανὴς</span> <span class='ocrx_word' id='word_1_354' title='bbox 1529 4387 1748 4454; x_wconf 81' lang='grc' dir='ltr'>γέγονεν</span> <span class='ocrx_word' id='word_1_355' title='bbox 1773 4387 1972 4456; x_wconf 63' lang='grc' dir='ltr'><strong>Νέρων1</strong></span> 
     </span>
    </p>
   </div>
   <div class='ocr_carea' id='block_1_67' title="bbox 2105 4385 3674 4464">
    <p class='ocr_par' dir='ltr' id='par_1_67' title="bbox 2162 4392 3674 4464">
     <span class='ocr_line' id='line_1_71' title="bbox 2162 4392 3674 4464; baseline 0.002 -20"><span class='ocrx_word' id='word_1_356' title='bbox 2162 4392 2255 4446; x_wconf 88' lang='lat' dir='ltr'><strong>llis</strong></span> <span class='ocrx_word' id='word_1_357' title='bbox 2282 4393 2598 4447; x_wconf 88' lang='lat' dir='ltr'><strong>consulibus</strong></span> <span class='ocrx_word' id='word_1_358' title='bbox 2624 4392 2766 4447; x_wconf 86' lang='lat' dir='ltr'><strong>Nero</strong></span> <span class='ocrx_word' id='word_1_359' title='bbox 2795 4393 3027 4462; x_wconf 88' lang='lat' dir='ltr'><strong>amplius</strong></span> <span class='ocrx_word' id='word_1_360' title='bbox 3067 4407 3174 4446; x_wconf 88' lang='lat' dir='ltr'><strong>non</strong></span> <span class='ocrx_word' id='word_1_361' title='bbox 3206 4395 3534 4464; x_wconf 82' lang='lat' dir='ltr'><strong>comparuit,</strong></span> <span class='ocrx_word' id='word_1_362' title='bbox 3559 4413 3674 4453; x_wconf 69' lang='lat' dir='ltr'><strong>ex-</strong></span> 
     </span>
    </p>
   </div>
   <div class='ocr_carea' id='block_1_68' title="bbox 425 4476 1972 4552">
    <p class='ocr_par' dir='ltr' id='par_1_68' title="bbox 425 4476 1281 4548">
     <span class='ocr_line' id='line_1_72' title="bbox 425 4476 1281 4548; baseline -0.001 -16"><span class='ocrx_word' id='word_1_363' title='bbox 425 4481 517 4532; x_wconf 71' lang='grc' dir='ltr'><strong>καὶ</strong></span> <span class='ocrx_word' id='word_1_364' title='bbox 538 4479 778 4548; x_wconf 70' lang='grc' dir='ltr'>τελευτᾷ,</span> <span class='ocrx_word' id='word_1_365' title='bbox 807 4477 881 4529; x_wconf 84' lang='grc' dir='ltr'><strong>ὢν</strong></span> <span class='ocrx_word' id='word_1_366' title='bbox 909 4477 1042 4529; x_wconf 72' lang='grc' dir='ltr'>ἐτῶν</span> <span class='ocrx_word' id='word_1_367' title='bbox 1073 4476 1147 4540; x_wconf 66' lang='grc' dir='ltr'><strong>ἔθ’</strong></span> 
     </span>
    </p>
   </div>
   <div class='ocr_carea' id='block_1_69' title="bbox 2105 4476 3138 4552">
    <p class='ocr_par' dir='ltr' id='par_1_69' title="bbox 2105 4487 3138 4552">
     <span class='ocr_line' id='line_1_73' title="bbox 2105 4487 3138 4552; baseline -0.002 -12"><span class='ocrx_word' id='word_1_368' title='bbox 2105 4487 2432 4552; x_wconf 74' lang='lat' dir='ltr'><strong>stinctusque</strong></span> <span class='ocrx_word' id='word_1_369' title='bbox 2459 4492 2563 4544; x_wconf 89' lang='lat' dir='ltr'><strong>est,</strong></span> <span class='ocrx_word' id='word_1_370' title='bbox 2606 4499 2778 4538; x_wconf 91' lang='lat' dir='ltr'><strong>annos</strong></span> <span class='ocrx_word' id='word_1_371' title='bbox 2809 4494 2968 4537; x_wconf 86' lang='lat' dir='ltr'><strong>natus</strong></span> <span class='ocrx_word' id='word_1_372' title='bbox 2991 4499 3138 4538; x_wconf 75' lang='lat' dir='ltr'><strong>uix.</strong></span> 
     </span>
    </p>
   </div>
   <div class='ocr_carea' id='block_1_70' title="bbox 494 4568 1972 4644">
    <p class='ocr_par' dir='ltr' id='par_1_70' title="bbox 494 4568 1972 4642">
     <span class='ocr_line' id='line_1_74' title="bbox 494 4568 1972 4642; baseline 0 -19"><span class='ocrx_word' id='word_1_373' title='bbox 494 4569 648 4623; x_wconf 74' lang='grc' dir='ltr'><strong>Μετὰ</strong></span> <span class='ocrx_word' id='word_1_374' title='bbox 670 4569 899 4639; x_wconf 81' lang='grc' dir='ltr'>Νέρωνα</span> <span class='ocrx_word' id='word_1_375' title='bbox 923 4568 1132 4631; x_wconf 81' lang='grc' dir='ltr'>Γαλὸὰς</span> <span class='ocrx_word' id='word_1_376' title='bbox 1152 4568 1491 4621; x_wconf 70' lang='grc' dir='ltr'>ἐϐασίλευσεν</span> <span class='ocrx_word' id='word_1_377' title='bbox 1513 4569 1570 4620; x_wconf 81' lang='grc' dir='ltr'>ὲν</span> <span class='ocrx_word' id='word_1_378' title='bbox 1601 4570 1829 4642; x_wconf 74' lang='grc' dir='ltr'><strong>Ἰΰηρίᾳ,</strong></span> <span class='ocrx_word' id='word_1_379' title='bbox 1861 4573 1972 4623; x_wconf 87' lang='grc' dir='ltr'><strong>0ὑῖ-</strong></span> 
     </span>
    </p>
   </div>
   <div class='ocr_carea' id='block_1_71' title="bbox 2105 4568 3676 4644">
    <p class='ocr_par' dir='ltr' id='par_1_71' title="bbox 2159 4572 3676 4644">
     <span class='ocr_line' id='line_1_75' title="bbox 2159 4572 3676 4644; baseline 0.001 -17"><span class='ocrx_word' id='word_1_380' title='bbox 2159 4573 2287 4627; x_wconf 85' lang='lat' dir='ltr'><strong>Post</strong></span> <span class='ocrx_word' id='word_1_381' title='bbox 2317 4573 2581 4626; x_wconf 83' lang='lat' dir='ltr'><strong>Neronem</strong></span> <span class='ocrx_word' id='word_1_382' title='bbox 2621 4573 2906 4642; x_wconf 81' lang='lat' dir='ltr'><strong>imperavit</strong></span> <span class='ocrx_word' id='word_1_383' title='bbox 2955 4574 3006 4626; x_wconf 94' lang='lat' dir='ltr'><strong>in</strong></span> <span class='ocrx_word' id='word_1_384' title='bbox 3041 4572 3298 4644; x_wconf 83' lang='lat' dir='ltr'><strong>Hispania</strong></span> <span class='ocrx_word' id='word_1_385' title='bbox 3331 4573 3527 4640; x_wconf 79' lang='lat' dir='ltr'><strong>Galba,</strong></span> <span class='ocrx_word' id='word_1_386' title='bbox 3559 4576 3676 4630; x_wconf 76' lang='lat' dir='ltr'><strong>Vi-</strong></span> 
     </span>
    </p>
   </div>
   <div class='ocr_carea' id='block_1_72' title="bbox 425 4659 1972 4735">
    <p class='ocr_par' dir='ltr' id='par_1_72' title="bbox 425 4659 1972 4732">
     <span class='ocr_line' id='line_1_76' title="bbox 425 4659 1972 4732; baseline 0 -18"><span class='ocrx_word' id='word_1_387' title='bbox 425 4663 634 4732; x_wconf 83' lang='grc' dir='ltr'>τήλλιος</span> <span class='ocrx_word' id='word_1_388' title='bbox 666 4663 724 4714; x_wconf 82' lang='grc' dir='ltr'>ὲν</span> <span class='ocrx_word' id='word_1_389' title='bbox 748 4659 1229 4731; x_wconf 76' lang='grc' dir='ltr'>Γερμανίᾳ,Ὄθων</span> <span class='ocrx_word' id='word_1_390' title='bbox 1255 4661 1346 4713; x_wconf 78' lang='grc' dir='ltr'><strong>ἐπὶ</strong></span> <span class='ocrx_word' id='word_1_391' title='bbox 1381 4661 1597 4732; x_wconf 84' lang='grc' dir='ltr'><strong>Ῥώμης</strong></span> <span class='ocrx_word' id='word_1_392' title='bbox 1613 4678 1626 4692; x_wconf 74' lang='grc' dir='ltr'><strong>ο</strong></span> <span class='ocrx_word' id='word_1_393' title='bbox 1649 4663 1874 4724; x_wconf 72' lang='grc' dir='ltr'>ἕκαστος</span> <span class='ocrx_word' id='word_1_394' title='bbox 1895 4662 1972 4715; x_wconf 82' lang='grc' dir='ltr'>αὑ-</span> 
     </span>
    </p>
   </div>
   <div class='ocr_carea' id='block_1_73' title="bbox 2105 4659 3686 4735">
    <p class='ocr_par' dir='ltr' id='par_1_73' title="bbox 2105 4661 3686 4735">
     <span class='ocr_line' id='line_1_77' title="bbox 2105 4661 3686 4735; baseline 0.001 -21"><span class='ocrx_word' id='word_1_395' title='bbox 2105 4664 2271 4717; x_wconf 82' lang='lat' dir='ltr'><strong>.elllus</strong></span> <span class='ocrx_word' id='word_1_396' title='bbox 2306 4664 2358 4716; x_wconf 87' lang='lat' dir='ltr'><strong>in</strong></span> <span class='ocrx_word' id='word_1_397' title='bbox 2389 4662 2695 4726; x_wconf 88' lang='lat' dir='ltr'><strong>Germania,</strong></span> <span class='ocrx_word' id='word_1_398' title='bbox 2721 4662 2862 4717; x_wconf 83' lang='lat' dir='ltr'><strong>Otho</strong></span> <span class='ocrx_word' id='word_1_399' title='bbox 2904 4661 3110 4718; x_wconf 66' lang='lat' dir='ltr'><strong>Romzc.</strong></span> <span class='ocrx_word' id='word_1_400' title='bbox 3162 4664 3224 4718; x_wconf 93' lang='lat' dir='ltr'><strong>Ili</strong></span> <span class='ocrx_word' id='word_1_401' title='bbox 3262 4666 3457 4735; x_wconf 79' lang='lat' dir='ltr'><strong>singuli</strong></span> <span class='ocrx_word' id='word_1_402' title='bbox 3505 4685 3686 4732; x_wconf 83' lang='lat' dir='ltr'><strong>seor-</strong></span> 
     </span>
    </p>
   </div>
   <div class='ocr_carea' id='block_1_74' title="bbox 425 4741 1972 4824">
    <p class='ocr_par' dir='ltr' id='par_1_74' title="bbox 425 4741 1926 4824">
     <span class='ocr_line' id='line_1_78' title="bbox 425 4741 1926 4824; baseline 0 -17"><span class='ocrx_word' id='word_1_403' title='bbox 425 4755 530 4807; x_wconf 79' lang='grc' dir='ltr'>τῶν</span> <span class='ocrx_word' id='word_1_404' title='bbox 569 4753 674 4824; x_wconf 77' lang='grc' dir='ltr'>ἰδίᾳ</span> <span class='ocrx_word' id='word_1_405' title='bbox 702 4751 870 4823; x_wconf 74' lang='grc' dir='ltr'><strong>ἐπέϐη</strong></span> <span class='ocrx_word' id='word_1_406' title='bbox 905 4756 971 4823; x_wconf 80' lang='grc' dir='ltr'><strong>τῇ</strong></span> <span class='ocrx_word' id='word_1_407' title='bbox 1002 4753 1167 4824; x_wconf 73' lang='grc' dir='ltr'>ἀρχῇ.</span> <span class='ocrx_word' id='word_1_408' title='bbox 1671 4764 1674 4768; x_wconf 58' lang='grc'><em>’</em></span> <span class='ocrx_word' id='word_1_409' title='bbox 1921 4741 1926 4746; x_wconf 90' lang='grc'><em>’</em></span> 
     </span>
    </p>
   </div>
   <div class='ocr_carea' id='block_1_75' title="bbox 2105 4741 2928 4824">
    <p class='ocr_par' dir='ltr' id='par_1_75' title="bbox 2105 4753 2928 4824">
     <span class='ocr_line' id='line_1_79' title="bbox 2105 4753 2928 4824; baseline 0.002 -17"><span class='ocrx_word' id='word_1_410' title='bbox 2105 4770 2210 4809; x_wconf 70' lang='lat' dir='ltr'><strong>sum</strong></span> <span class='ocrx_word' id='word_1_411' title='bbox 2246 4753 2530 4824; x_wconf 87' lang='lat' dir='ltr'><strong>imperium</strong></span> <span class='ocrx_word' id='word_1_412' title='bbox 2563 4755 2928 4822; x_wconf 86' lang='lat' dir='ltr'><strong>arripuerunt.</strong></span> 
     </span>
    </p>
   </div>
   <div class='ocr_carea' id='block_1_76' title="bbox 495 4841 1972 4918">
    <p class='ocr_par' dir='ltr' id='par_1_76' title="bbox 495 4841 1972 4914">
     <span class='ocr_line' id='line_1_80' title="bbox 495 4841 1972 4914; baseline -0.001 -18"><span class='ocrx_word' id='word_1_413' title='bbox 495 4841 704 4904; x_wconf 73' lang='grc' dir='ltr'>Γαλϐὰς</span> <span class='ocrx_word' id='word_1_414' title='bbox 730 4841 1074 4896; x_wconf 71' lang='grc' dir='ltr'>ἐϐασίλευσεν</span> <span class='ocrx_word' id='word_1_415' title='bbox 1107 4844 1278 4913; x_wconf 81' lang='grc' dir='ltr'>μῆνας</span> <span class='ocrx_word' id='word_1_416' title='bbox 1311 4843 1374 4907; x_wconf 63' lang='grc' dir='ltr'><strong>ζ’,</strong></span> <span class='ocrx_word' id='word_1_417' title='bbox 1398 4843 1489 4896; x_wconf 71' lang='grc' dir='ltr'><strong>καὶ</strong></span> <span class='ocrx_word' id='word_1_418' title='bbox 1514 4843 1571 4896; x_wconf 80' lang='grc' dir='ltr'><strong>ἐν</strong></span> <span class='ocrx_word' id='word_1_419' title='bbox 1604 4843 1742 4914; x_wconf 79' lang='grc' dir='ltr'><strong>μέσῃ</strong></span> <span class='ocrx_word' id='word_1_420' title='bbox 1763 4845 1826 4914; x_wconf 77' lang='grc' dir='ltr'><strong>τῇ</strong></span> <span class='ocrx_word' id='word_1_421' title='bbox 1857 4844 1972 4896; x_wconf 87' lang='grc' dir='ltr'><strong>Ῥω-</strong></span> 
     </span>
    </p>
   </div>
   <div class='ocr_carea' id='block_1_77' title="bbox 2105 4841 3691 4918">
    <p class='ocr_par' dir='ltr' id='par_1_77' title="bbox 2159 4844 3691 4918">
     <span class='ocr_line' id='line_1_81' title="bbox 2159 4844 3691 4918; baseline 0.004 -20"><span class='ocrx_word' id='word_1_422' title='bbox 2159 4844 2326 4898; x_wconf 87' lang='lat' dir='ltr'><strong>Galba</strong></span> <span class='ocrx_word' id='word_1_423' title='bbox 2379 4860 2562 4900; x_wconf 89' lang='lat' dir='ltr'><strong>mense</strong></span> <span class='ocrx_word' id='word_1_424' title='bbox 2613 4846 2825 4916; x_wconf 87' lang='lat' dir='ltr'><strong>imperii</strong></span> <span class='ocrx_word' id='word_1_425' title='bbox 2868 4847 3099 4918; x_wconf 81' lang='lat' dir='ltr'><strong>septimo</strong></span> <span class='ocrx_word' id='word_1_426' title='bbox 3144 4847 3199 4901; x_wconf 90' lang='lat' dir='ltr'><strong>in</strong></span> <span class='ocrx_word' id='word_1_427' title='bbox 3240 4847 3418 4910; x_wconf 84' lang='lat' dir='ltr'><strong>medio</strong></span> <span class='ocrx_word' id='word_1_428' title='bbox 3470 4846 3691 4909; x_wconf 60' lang='lat' dir='ltr'><strong>Romae</strong></span> 
     </span>
    </p>
   </div>
   <div class='ocr_carea' id='block_1_78' title="bbox 430 4933 1972 5007">
    <p class='ocr_par' dir='ltr' id='par_1_78' title="bbox 430 4933 1533 5007">
     <span class='ocr_line' id='line_1_82' title="bbox 430 4933 1533 5007; baseline -0.003 -17"><span class='ocrx_word' id='word_1_429' title='bbox 430 4937 602 5007; x_wconf 67' lang='grc' dir='ltr'>μαίων</span> <span class='ocrx_word' id='word_1_430' title='bbox 634 4937 806 5007; x_wconf 79' lang='grc' dir='ltr'>ἀγορᾷ</span> <span class='ocrx_word' id='word_1_431' title='bbox 832 4935 929 5004; x_wconf 83' lang='grc' dir='ltr'><strong>τὴν</strong></span> <span class='ocrx_word' id='word_1_432' title='bbox 959 4933 1198 5006; x_wconf 77' lang='grc' dir='ltr'>κεφαλὴν</span> <span class='ocrx_word' id='word_1_433' title='bbox 1225 4933 1533 5004; x_wconf 79' lang='grc' dir='ltr'>ἀπετμήθη.</span> 
     </span>
    </p>
   </div>
   <div class='ocr_carea' id='block_1_79' title="bbox 2105 4933 2874 5007">
    <p class='ocr_par' dir='ltr' id='par_1_79' title="bbox 2105 4937 2874 5006">
     <span class='ocr_line' id='line_1_83' title="bbox 2105 4937 2874 5006; baseline 0.003 -15"><span class='ocrx_word' id='word_1_434' title='bbox 2105 4939 2209 4992; x_wconf 90' lang='lat' dir='ltr'><strong>&#39;oro</strong></span> <span class='ocrx_word' id='word_1_435' title='bbox 2237 4937 2412 5006; x_wconf 87' lang='lat' dir='ltr'><strong>capite</strong></span> <span class='ocrx_word' id='word_1_436' title='bbox 2461 4943 2742 4993; x_wconf 83' lang='lat' dir='ltr'><strong>truncatus</strong></span> <span class='ocrx_word' id='word_1_437' title='bbox 2773 4946 2874 4994; x_wconf 90' lang='lat' dir='ltr'><strong>est.</strong></span> 
     </span>
    </p>
   </div>
   <div class='ocr_carea' id='block_1_80' title="bbox 501 5016 1972 5106">
    <p class='ocr_par' dir='ltr' id='par_1_80' title="bbox 501 5022 1972 5096">
     <span class='ocr_line' id='line_1_84' title="bbox 501 5022 1972 5096; baseline -0.002 -16"><span class='ocrx_word' id='word_1_438' title='bbox 501 5026 678 5080; x_wconf 78' lang='grc' dir='ltr'>Ὄθων</span> <span class='ocrx_word' id='word_1_439' title='bbox 745 5022 1064 5096; x_wconf 73' lang='grc' dir='ltr'>βασιλεύσας</span> <span class='ocrx_word' id='word_1_440' title='bbox 1120 5026 1291 5095; x_wconf 81' lang='grc' dir='ltr'>μῆνας</span> <span class='ocrx_word' id='word_1_441' title='bbox 1355 5031 1407 5089; x_wconf 85' lang='grc' dir='ltr'><strong>ς’</strong></span> <span class='ocrx_word' id='word_1_442' title='bbox 1432 5063 1448 5088; x_wconf 88' lang='grc'><strong><em>,</em></strong></span> <span class='ocrx_word' id='word_1_443' title='bbox 1503 5023 1692 5078; x_wconf 74' lang='grc' dir='ltr'>ἑαυτὸν</span> <span class='ocrx_word' id='word_1_444' title='bbox 1741 5023 1972 5096; x_wconf 77' lang='grc' dir='ltr'><strong>διεχειρί¹</strong></span> 
     </span>
    </p>
   </div>
   <div class='ocr_carea' id='block_1_81' title="bbox 2105 5016 3653 5106">
    <p class='ocr_par' dir='ltr' id='par_1_81' title="bbox 2162 5016 3653 5106">
     <span class='ocr_line' id='line_1_85' title="bbox 2162 5016 3653 5106; baseline 0.003 -21"><span class='ocrx_word' id='word_1_445' title='bbox 2162 5029 2302 5085; x_wconf 90' lang='lat' dir='ltr'><strong>Otho</strong></span> <span class='ocrx_word' id='word_1_446' title='bbox 2337 5041 2522 5084; x_wconf 85' lang='lat' dir='ltr'><strong>mense</strong></span> <span class='ocrx_word' id='word_1_447' title='bbox 2569 5029 2779 5106; x_wconf 86' lang='lat' dir='ltr'><strong>imperii</strong></span> <span class='ocrx_word' id='word_1_448' title='bbox 2833 5041 2988 5085; x_wconf 83' lang='lat' dir='ltr'><strong>sexto</strong></span> <span class='ocrx_word' id='word_1_449' title='bbox 3018 5031 3133 5099; x_wconf 88' lang='lat' dir='ltr'><strong>ipse</strong></span> <span class='ocrx_word' id='word_1_450' title='bbox 3177 5016 3280 5086; x_wconf 67' lang='lat' dir='ltr'><strong>Sibi</strong></span> <span class='ocrx_word' id='word_1_451' title='bbox 3329 5045 3528 5086; x_wconf 84' lang='lat' dir='ltr'><strong>manus</strong></span> <span class='ocrx_word' id='word_1_452' title='bbox 3588 5045 3653 5089; x_wconf 84' lang='lat' dir='ltr'><strong>at</strong></span> 
     </span>
    </p>
   </div>
   <div class='ocr_carea' id='block_1_82' title="bbox 425 5119 1972 5173">
    <p class='ocr_par' dir='ltr' id='par_1_82' title="bbox 425 5131 580 5170">
     <span class='ocr_line' id='line_1_86' title="bbox 425 5131 580 5170; baseline 0.019 -3"><span class='ocrx_word' id='word_1_453' title='bbox 425 5131 561 5169; x_wconf 74' lang='grc' dir='ltr'>σατι</span> <span class='ocrx_word' id='word_1_454' title='bbox 570 5162 580 5170; x_wconf 93' lang='grc'><strong><em>,</em></strong></span> 
     </span>
    </p>
   </div>
   <div class='ocr_carea' id='block_1_83' title="bbox 2105 5119 2229 5173">
    <p class='ocr_par' dir='ltr' id='par_1_83' title="bbox 2105 5119 2229 5173">
     <span class='ocr_line' id='line_1_87' title="bbox 2105 5119 2229 5173; baseline 0.016 -2"><span class='ocrx_word' id='word_1_455' title='bbox 2105 5119 2229 5173; x_wconf 84' lang='lat' dir='ltr'><strong>.ulit.</strong></span> 
     </span>
    </p>
   </div>
   <div class='ocr_carea' id='block_1_84' title="bbox 530 5248 996 5315">
    <p class='ocr_par' dir='ltr' id='par_1_84' title="bbox 530 5248 996 5315">
     <span class='ocr_line' id='line_1_88' title="bbox 530 5248 996 5315; baseline 0.002 -15"><span class='ocrx_word' id='word_1_456' title='bbox 530 5249 578 5315; x_wconf 87' lang='lat' dir='ltr'><strong>I)</strong></span> <span class='ocrx_word' id='word_1_457' title='bbox 615 5249 707 5302; x_wconf 83' lang='lat' dir='ltr'><strong>Dic</strong></span> <span class='ocrx_word' id='word_1_458' title='bbox 737 5248 996 5302; x_wconf 69' lang='lat' dir='ltr'><strong>Carsiano.</strong></span> 
     </span>
    </p>
   </div>
   <div class='ocr_carea' id='block_1_85' title="bbox 524 5315 1988 5386">
    <p class='ocr_par' dir='ltr' id='par_1_85' title="bbox 524 5315 1988 5386">
     <span class='ocr_line' id='line_1_89' title="bbox 524 5315 1988 5386; baseline -0.001 -16"><span class='ocrx_word' id='word_1_459' title='bbox 524 5319 576 5381; x_wconf 61' lang='grc' dir='ltr'><strong>ἓ)</strong></span> <span class='ocrx_word' id='word_1_460' title='bbox 606 5316 661 5369; x_wconf 94' lang='lat' dir='ltr'><strong>In</strong></span> <span class='ocrx_word' id='word_1_461' title='bbox 691 5319 879 5373; x_wconf 87' lang='lat' dir='ltr'><strong>codice</strong></span> <span class='ocrx_word' id='word_1_462' title='bbox 909 5317 1055 5379; x_wconf 83' lang='lat' dir='ltr'><strong>Vat.,</strong></span> <span class='ocrx_word' id='word_1_463' title='bbox 1084 5333 1136 5386; x_wconf 90' lang='lat' dir='ltr'><strong>p.</strong></span> <span class='ocrx_word' id='word_1_464' title='bbox 1180 5315 1281 5372; x_wconf 74' lang='lat' dir='ltr'><strong>I72</strong></span> <span class='ocrx_word' id='word_1_465' title='bbox 1305 5317 1360 5383; x_wconf 89' lang='lat' dir='ltr'><strong>b,</strong></span> <span class='ocrx_word' id='word_1_466' title='bbox 1401 5317 1466 5370; x_wconf 84' lang='lat' dir='ltr'><strong>ad</strong></span> <span class='ocrx_word' id='word_1_467' title='bbox 1501 5332 1650 5372; x_wconf 89' lang='lat' dir='ltr'><strong>oram</strong></span> <span class='ocrx_word' id='word_1_468' title='bbox 1679 5315 1988 5370; x_wconf 81' lang='lat' dir='ltr'><strong>inferiorem</strong></span> 
     </span>
    </p>
   </div>
   <div class='ocr_carea' id='block_1_86' title="bbox 431 5386 1985 5457">
    <p class='ocr_par' dir='ltr' id='par_1_86' title="bbox 431 5386 1985 5457">
     <span class='ocr_line' id='line_1_90' title="bbox 431 5386 1985 5457; baseline -0.004 -15"><span class='ocrx_word' id='word_1_469' title='bbox 431 5388 731 5442; x_wconf 72' lang='lat' dir='ltr'><strong>scribitur:</strong></span> <span class='ocrx_word' id='word_1_470' title='bbox 779 5387 1110 5440; x_wconf 75' lang='lat' dir='ltr'><strong>desideratur</strong></span> <span class='ocrx_word' id='word_1_471' title='bbox 1141 5388 1415 5457; x_wconf 79' lang='lat' dir='ltr'><strong>quaternio</strong></span> <span class='ocrx_word' id='word_1_472' title='bbox 1447 5389 1578 5454; x_wconf 87' lang='lat' dir='ltr'><strong>(non</strong></span> <span class='ocrx_word' id='word_1_473' title='bbox 1624 5396 1728 5438; x_wconf 83' lang='lat' dir='ltr'><strong>una</strong></span> <span class='ocrx_word' id='word_1_474' title='bbox 1769 5386 1985 5457; x_wconf 81' lang='lat' dir='ltr'><strong>pagina,</strong></span> 
     </span>
    </p>
   </div>
   <div class='ocr_carea' id='block_1_87' title="bbox 435 5454 1984 5525">
    <p class='ocr_par' dir='ltr' id='par_1_87' title="bbox 435 5454 1984 5525">
     <span class='ocr_line' id='line_1_91' title="bbox 435 5454 1984 5525; baseline 0.001 -17"><span class='ocrx_word' id='word_1_475' title='bbox 435 5465 491 5525; x_wconf 82' lang='lat' dir='ltr'><strong>ut</strong></span> <span class='ocrx_word' id='word_1_476' title='bbox 516 5457 605 5510; x_wconf 85' lang='lat' dir='ltr'><strong>alii</strong></span> <span class='ocrx_word' id='word_1_477' title='bbox 639 5459 913 5525; x_wconf 73' lang='lat' dir='ltr'><strong>dixerunt)</strong></span> <span class='ocrx_word' id='word_1_478' title='bbox 941 5468 989 5510; x_wconf 84' lang='lat' dir='ltr'><strong>et</strong></span> <span class='ocrx_word' id='word_1_479' title='bbox 1019 5474 1133 5509; x_wconf 83' lang='lat' dir='ltr'><strong>cum</strong></span> <span class='ocrx_word' id='word_1_480' title='bbox 1154 5454 1222 5512; x_wconf 39' lang='lat' dir='ltr'><strong>&#39;eo</strong></span> <span class='ocrx_word' id='word_1_481' title='bbox 1259 5473 1325 5525; x_wconf 78' lang='lat' dir='ltr'><strong>xx</strong></span> <span class='ocrx_word' id='word_1_482' title='bbox 1368 5473 1622 5510; x_wconf 85' lang='lat' dir='ltr'><strong>annorum</strong></span> <span class='ocrx_word' id='word_1_483' title='bbox 1656 5454 1984 5525; x_wconf 61' lang='lat' dir='ltr'><strong>consulatus.</strong></span> 
     </span>
    </p>
   </div>
   <div class='ocr_carea' id='block_1_88' title="bbox 434 5523 1986 5595">
    <p class='ocr_par' dir='ltr' id='par_1_88' title="bbox 434 5523 1986 5595">
     <span class='ocr_line' id='line_1_92' title="bbox 434 5523 1986 5595; baseline -0.001 -18"><span class='ocrx_word' id='word_1_484' title='bbox 434 5524 570 5578; x_wconf 87' lang='lat' dir='ltr'><strong>IIinc</strong></span> <span class='ocrx_word' id='word_1_485' title='bbox 597 5527 759 5595; x_wconf 84' lang='lat' dir='ltr'><strong>etiam</strong></span> <span class='ocrx_word' id='word_1_486' title='bbox 794 5523 956 5595; x_wconf 87' lang='lat' dir='ltr'><strong>patet,</strong></span> <span class='ocrx_word' id='word_1_487' title='bbox 993 5527 1233 5580; x_wconf 85' lang='lat' dir='ltr'><strong>codicem</strong></span> <span class='ocrx_word' id='word_1_488' title='bbox 1275 5524 1593 5595; x_wconf 80' lang='lat' dir='ltr'><strong>Vaticanum</strong></span> <span class='ocrx_word' id='word_1_489' title='bbox 1625 5540 1746 5579; x_wconf 83' lang='lat' dir='ltr'><strong>esse</strong></span> <span class='ocrx_word' id='word_1_490' title='bbox 1783 5523 1986 5577; x_wconf 83' lang='lat' dir='ltr'><strong>fontem</strong></span> 
     </span>
    </p>
   </div>
   <div class='ocr_carea' id='block_1_89' title="bbox 436 5593 1989 5665">
    <p class='ocr_par' dir='ltr' id='par_1_89' title="bbox 436 5593 1989 5665">
     <span class='ocr_line' id='line_1_93' title="bbox 436 5593 1989 5665; baseline -0.002 -19"><span class='ocrx_word' id='word_1_491' title='bbox 436 5596 652 5647; x_wconf 76' lang='lat' dir='ltr'><strong>unicum</strong></span> <span class='ocrx_word' id='word_1_492' title='bbox 695 5593 938 5649; x_wconf 44' lang='lat' dir='ltr'><strong>Chr&#39;onici</strong></span> <span class='ocrx_word' id='word_1_493' title='bbox 975 5597 1258 5664; x_wconf 77' lang='lat' dir='ltr'><strong>paschalis,</strong></span> <span class='ocrx_word' id='word_1_494' title='bbox 1279 5597 1404 5665; x_wconf 88' lang='lat' dir='ltr'><strong>quia</strong></span> <span class='ocrx_word' id='word_1_495' title='bbox 1432 5604 1484 5648; x_wconf 89' lang='lat' dir='ltr'><strong>et</strong></span> <span class='ocrx_word' id='word_1_496' title='bbox 1512 5593 1989 5665; x_wconf 66' lang='lat' dir='ltr'><strong>Monacenscapo-~</strong></span> 
     </span>
    </p>
   </div>
   <div class='ocr_carea' id='block_1_90' title="bbox 431 5661 1978 5734">
    <p class='ocr_par' dir='ltr' id='par_1_90' title="bbox 431 5661 1978 5734">
     <span class='ocr_line' id='line_1_94' title="bbox 431 5661 1978 5734; baseline 0.001 -21"><span class='ocrx_word' id='word_1_497' title='bbox 431 5665 694 5731; x_wconf 76' lang='lat' dir='ltr'><strong>graplium</strong></span> <span class='ocrx_word' id='word_1_498' title='bbox 721 5680 842 5719; x_wconf 89' lang='lat' dir='ltr'><strong>cum</strong></span> <span class='ocrx_word' id='word_1_499' title='bbox 874 5661 1202 5720; x_wconf 82' lang='lat' dir='ltr'><strong>cditionibus</strong></span> <span class='ocrx_word' id='word_1_500' title='bbox 1251 5661 1402 5734; x_wconf 69' lang='lat' dir='ltr'><strong>mque</strong></span> <span class='ocrx_word' id='word_1_501' title='bbox 1456 5665 1586 5717; x_wconf 88' lang='lat' dir='ltr'><strong>hiat.</strong></span> <span class='ocrx_word' id='word_1_502' title='bbox 1641 5662 1809 5716; x_wconf 84' lang='lat' dir='ltr'><strong>Porro</strong></span> <span class='ocrx_word' id='word_1_503' title='bbox 1843 5661 1978 5715; x_wconf 83' lang='lat' dir='ltr'><strong>Lati-</strong></span> 
     </span>
    </p>
   </div>
   <div class='ocr_carea' id='block_1_91' title="bbox 2092 5248 3682 5320">
    <p class='ocr_par' dir='ltr' id='par_1_91' title="bbox 2092 5248 3682 5320">
     <span class='ocr_line' id='line_1_95' title="bbox 2092 5248 3682 5320; baseline 0.003 -18"><span class='ocrx_word' id='word_1_504' title='bbox 2092 5264 2220 5320; x_wconf 85' lang='lat' dir='ltr'><strong>num</strong></span> <span class='ocrx_word' id='word_1_505' title='bbox 2254 5251 2686 5320; x_wconf 67' lang='lat' dir='ltr'><strong>supplementum</strong></span> <span class='ocrx_word' id='word_1_506' title='bbox 2711 5265 2774 5302; x_wconf 79' lang='lat' dir='ltr'><strong>ex</strong></span> <span class='ocrx_word' id='word_1_507' title='bbox 2803 5248 2972 5304; x_wconf 87' lang='lat' dir='ltr'><strong>Idalio</strong></span> <span class='ocrx_word' id='word_1_508' title='bbox 3017 5252 3244 5320; x_wconf 87' lang='lat' dir='ltr'><strong>sumpsi,</strong></span> <span class='ocrx_word' id='word_1_509' title='bbox 3271 5265 3429 5320; x_wconf 88' lang='lat' dir='ltr'><strong>quem</strong></span> <span class='ocrx_word' id='word_1_510' title='bbox 3456 5260 3682 5307; x_wconf 81' lang='lat' dir='ltr'><strong>aucto-</strong></span> 
     </span>
    </p>
   </div>
   <div class='ocr_carea' id='block_1_92' title="bbox 2092 5317 3680 5388">
    <p class='ocr_par' dir='ltr' id='par_1_92' title="bbox 2092 5317 3680 5388">
     <span class='ocr_line' id='line_1_96' title="bbox 2092 5317 3680 5388; baseline 0.004 -16"><span class='ocrx_word' id='word_1_511' title='bbox 2092 5317 2539 5388; x_wconf 58' lang='lat' dir='ltr'><strong>rem&#39;culiftcxtu</strong></span> <span class='ocrx_word' id='word_1_512' title='bbox 2575 5317 2819 5371; x_wconf 84' lang='lat' dir='ltr'><strong>Chronici</strong></span> <span class='ocrx_word' id='word_1_513' title='bbox 2874 5317 3173 5384; x_wconf 47' lang='lat' dir='ltr'><strong>paschalis]</strong></span> <span class='ocrx_word' id='word_1_514' title='bbox 3244 5317 3472 5388; x_wconf 81' lang='lat' dir='ltr'><strong>ideoque</strong></span> <span class='ocrx_word' id='word_1_515' title='bbox 3523 5336 3680 5378; x_wconf 81' lang='lat' dir='ltr'><strong>cum</strong></span> 
     </span>
    </p>
   </div>
   <div class='ocr_carea' id='block_1_93' title="bbox 2092 5386 3397 5458">
    <p class='ocr_par' dir='ltr' id='par_1_93' title="bbox 2092 5386 3397 5458">
     <span class='ocr_line' id='line_1_97' title="bbox 2092 5386 3397 5458; baseline 0.001 -18"><span class='ocrx_word' id='word_1_516' title='bbox 2092 5386 2350 5458; x_wconf 70' lang='lat' dir='ltr'><strong>Eusebio,</strong></span> <span class='ocrx_word' id='word_1_517' title='bbox 2378 5387 2532 5458; x_wconf 69' lang='lat' dir='ltr'><strong>valde</strong></span> <span class='ocrx_word' id='word_1_518' title='bbox 2563 5388 2901 5458; x_wconf 85' lang='lat' dir='ltr'><strong>conspirare,</strong></span> <span class='ocrx_word' id='word_1_519' title='bbox 2929 5390 3263 5458; x_wconf 70' lang='lat' dir='ltr'><strong>exploratum</strong></span> <span class='ocrx_word' id='word_1_520' title='bbox 3294 5386 3397 5444; x_wconf 67' lang='lat' dir='ltr'><strong>est.</strong></span> 
     </span>
    </p>
   </div>
   <div class='ocr_carea' id='block_1_94' title="bbox 2163 5455 2647 5526">
    <p class='ocr_par' dir='ltr' id='par_1_94' title="bbox 2163 5455 2647 5526">
     <span class='ocr_line' id='line_1_98' title="bbox 2163 5455 2647 5526; baseline 0 -16"><span class='ocrx_word' id='word_1_521' title='bbox 2163 5457 2238 5526; x_wconf 74' lang='lat'><strong>(3)</strong></span> <span class='ocrx_word' id='word_1_522' title='bbox 2269 5455 2364 5526; x_wconf 81' lang='lat' dir='ltr'><strong>Dic</strong></span> <span class='ocrx_word' id='word_1_523' title='bbox 2385 5455 2647 5510; x_wconf 76' lang='lat' dir='ltr'><strong>Cwsonio.</strong></span> 
     </span>
    </p>
   </div>
   <div class='ocr_carea' id='block_1_95' title="bbox 2166 5525 3684 5594">
    <p class='ocr_par' dir='ltr' id='par_1_95' title="bbox 2166 5525 3684 5594">
     <span class='ocr_line' id='line_1_99' title="bbox 2166 5525 3684 5594; baseline 0.004 -16"><span class='ocrx_word' id='word_1_524' title='bbox 2166 5527 2244 5590; x_wconf 72' lang='lat'><strong>(4)</strong></span> <span class='ocrx_word' id='word_1_525' title='bbox 2280 5525 2563 5579; x_wconf 80' lang='lat' dir='ltr'><strong>Ridiculus</strong></span> <span class='ocrx_word' id='word_1_526' title='bbox 2593 5540 2764 5580; x_wconf 91' lang='lat' dir='ltr'><strong>error.</strong></span> <span class='ocrx_word' id='word_1_527' title='bbox 2789 5525 3074 5594; x_wconf 87' lang='lat' dir='ltr'><strong>Siquidem</strong></span> <span class='ocrx_word' id='word_1_528' title='bbox 3095 5526 3239 5580; x_wconf 87' lang='lat' dir='ltr'><strong>Nero</strong></span> <span class='ocrx_word' id='word_1_529' title='bbox 3269 5542 3412 5581; x_wconf 88' lang='lat' dir='ltr'><strong>anno</strong></span> <span class='ocrx_word' id='word_1_530' title='bbox 3446 5525 3684 5590; x_wconf 53' lang='lat' dir='ltr'><strong>ﬂoridae</strong></span> 
     </span>
    </p>
   </div>
   <div class='ocr_carea' id='block_1_96' title="bbox 2092 5595 3687 5658">
    <p class='ocr_par' dir='ltr' id='par_1_96' title="bbox 2092 5595 3687 5658">
     <span class='ocr_line' id='line_1_100' title="bbox 2092 5595 3687 5658; baseline 0.005 -10"><span class='ocrx_word' id='word_1_531' title='bbox 2092 5597 2267 5650; x_wconf 65' lang='lat' dir='ltr'><strong>aetatis</strong></span> <span class='ocrx_word' id='word_1_532' title='bbox 2296 5609 2445 5648; x_wconf 67' lang='lat' dir='ltr'><strong>iusin</strong></span> <span class='ocrx_word' id='word_1_533' title='bbox 2484 5595 2716 5647; x_wconf 76' lang='lat' dir='ltr'><strong>violenta</strong></span> <span class='ocrx_word' id='word_1_534' title='bbox 2763 5605 2935 5648; x_wconf 88' lang='lat' dir='ltr'><strong>morte</strong></span> <span class='ocrx_word' id='word_1_535' title='bbox 2985 5597 3135 5650; x_wconf 83' lang='lat' dir='ltr'><strong>obiit.</strong></span> <span class='ocrx_word' id='word_1_536' title='bbox 3195 5597 3296 5651; x_wconf 88' lang='lat' dir='ltr'><strong>Sed</strong></span> <span class='ocrx_word' id='word_1_537' title='bbox 3345 5598 3449 5650; x_wconf 77' lang='lat' dir='ltr'><strong>alia</strong></span> <span class='ocrx_word' id='word_1_538' title='bbox 3481 5602 3687 5658; x_wconf 74' lang='lat' dir='ltr'><strong>multa</strong></span> 
     </span>
    </p>
   </div>
   <div class='ocr_carea' id='block_1_97' title="bbox 2093 5664 3162 5732">
    <p class='ocr_par' dir='ltr' id='par_1_97' title="bbox 2093 5664 3162 5732">
     <span class='ocr_line' id='line_1_101' title="bbox 2093 5664 3162 5732; baseline 0 -14"><span class='ocrx_word' id='word_1_539' title='bbox 2093 5664 2468 5732; x_wconf 86' lang='lat' dir='ltr'><strong>hujuscemodi</strong></span> <span class='ocrx_word' id='word_1_540' title='bbox 2504 5664 2696 5717; x_wconf 88' lang='lat' dir='ltr'><strong>menda</strong></span> <span class='ocrx_word' id='word_1_541' title='bbox 2731 5680 2836 5717; x_wconf 91' lang='lat' dir='ltr'><strong>non</strong></span> <span class='ocrx_word' id='word_1_542' title='bbox 2874 5666 3162 5726; x_wconf 76' lang='lat' dir='ltr'><strong>corrigam.</strong></span> 
     </span>
    </p>
   </div>
  </div>
