3938 6178
396 343 505 405 293
1418 329 1723 405 EUSEllll
1765 326 2326 390 cunomconun
2368 324 2511 386 LIB.
2548 324 2605 383 1t
3538 344 3639 403 εει

978 554 1880 858 ΕυδΕΒΠ
1987 621 2533 854 PAMI

1504 683 1880 856 ΕΒΗ
1987 621 3040 854 PAMPHILI

745 994 1882 1127 CHRONICORUM
1958 996 2427 1137 LIBER
2485 993 3326 1126 SECUNDUS

1107 1234 1166 1295 S.
1208 1228 1696 1292 HIERONYMO
1743 1211 2246 1288 INTERPRETE
2288 1228 2388 1287 ET
2434 1227 2955 1290 AMPLIATOBE

847 499 3518 526 ww

1386 1390 1481 1451 Ad
1513 1389 1765 1451 codices
1798 1387 2134 1449 Vaticanos
2172 1403 2377 1465 nuper
2408 1393 2688 1450 exactus.

579 1692 885 1760 SANCTI
908 1689 1391 1754 HIERONYMI
1421 1682 1717 1775 ΡβΔῖΕΑ
1733 1682 1871 1748 ΤΙΟ
1900 1685 1997 1748 ΙΝ
2023 1684 2134 1744 ιη

1906 1685 1997 1748 ΙΝ
2023 1684 2351 1746 LIBRUM
2375 1684 2445 1744 ΙΙ
2478 1682 3090 1747 CHRONICORUM
3114 1685 3461 1750 EUSEBII

573 1857 916 1913 lltsnourlos
954 1852 1250 1909 Vinces-rio
1271 1866 1343 1907 ετ
1377 1849 1614 1906 (ἔλυεμο
1653 1864 1765 1906 suus
1799 1862 2063 1904 sxwrsu.

489 1991 541 2045 l.
566 1989 732 2045 Vetus
752 1991 852 2046 iste
881 1989 1207 2044 disertorum
1233 2003 1350 2044 mos
1380 1988 1499 2052 fuit,
1531 1996 1588 2042 ut
1613 1986 1899 2042 exercendi
1932 1986 2131 2056 ingenii
2160 1999 2323 2039 causa
2343 1983 2559 2038 Graecos
2589 1982 2757 2045 libros
2779 1982 2972 2040 Latino
2994 2000 3245 2042 sermone
3268 1985 3643 2050 absolverent,

419 2089 492 2148 et,
522 2084 664 2152 quod
694 2083 814 2150 plus
843 2081 895 2136 in
931 2098 989 2137 se
1022 2082 1350 2137 dillicultatis
1390 2082 1567 2146 habet,
1588 2089 1835 2151 poemata
1860 2080 2149 2134 illustrium
2182 2080 2444 2142 virorum,
2478 2078 2661 2132 addita
2692 2083 2848 2158 metri
2881 2080 3223 2147 necessitate,
3254 2078 3638 2135 transferrent.

421 2167 574 2228 [inde
606 2184 659 2227 et
694 2183 877 2230 noster
909 2173 1118 2230 Tullius
1144 2174 1384 2231 Platonis
1407 2175 1643 2244 integros
1672 2174 1838 2227 libros
1872 2172 1937 2227 ad
1972 2172 2193 2227 verbum
2225 2172 2611 2241 interpretatus
2641 2179 2725 2226 est
2758 2188 2771 2224 :
2804 2180 3005 2226 etcum
3033 2171 3257 2225 Aratum
3285 2172 3396 2241 jam
3436 2170 3639 2225 Roma-

419 2283 546 2320 num
579 2269 904 2323 hexametris
930 2270 1176 2326 versibus
1204 2269 1482 2333 edidisset,
1538 2270 1592 2322 in
1632 2266 2003 2337 Xenophontis
2044 2265 2394 2320 (Economico
2425 2265 2554 2321 lusit
2589 2284 2603 2319 :
2648 2264 2702 2319 in
2750 2280 2858 2334 quo
2909 2279 3069 2334 opere
3101 2264 3173 2318 ita
3226 2279 3367 2333 saepe
3412 2279 3640 2319 aureum

419 2354 550 2407 illud
578 2355 773 2409 ﬂumen
802 2356 1120 2426 eloquentiae
1141 2350 1464 2426 quihusdam
1499 2354 1707 2409 scabris
1740 2364 1792 2409 et
1824 2353 2147 2408 turbulentis
2168 2352 2415 2408 obicibus
2447 2350 2847 2419 retardatur,‘ut
2875 2353 2966 2422 qui
2995 2354 3341 2421 interpretata
3366 2355 3637 2421 nesciunt,

418 2458 449 2496 a
472 2443 733 2499 Cicerone
764 2445 907 2499 dicta
939 2460 1048 2499 non
1068 2431 1311 2500 credant.
1344 2443 1566 2499 Difﬁcile
1591 2453 1674 2499 est
1696 2446 1839 2499 enim
1875 2445 2080 2499 alienas
2108 2445 2277 2498 lineas
2309 2446 2678 2513 insequentem
2704 2460 2810 2498 non
2842 2444 3039 2499 alicubi
3067 2445 3355 2498 excedere:
3381 2446 3637 2508 arduum,

420 2545 478 2590 ut
507 2552 627 2606 qua,
658 2537 713 2589 in
761 2534 931 2590 aliena
961 2536 1139 2606 lingua
1171 2537 1305 2590 bene
1342 2536 1485 2591 dicta
1520 2544 1668 2601 sunt,
1692 2562 1701 2571 ο
1722 2536 1968 2591 eumdem
1996 2536 2245 2591 decorem
2301 2536 2353 2589 in
2382 2538 2737 2592 translatione
2765 2547 3106 2592 conservent.
3148 2537 3516 2608 Sigtlilicatuzn
3556 2551 3643 2595 est

418 2630 620 2700 aliquid
674 2629 835 2685 unius
876 2629 1023 2683 verbi
1058 2629 1413 2698 preprietate;
1446 2644 1553 2681 non
1586 2629 1754 2686 habeo
1782 2643 1958 2682 meum
1991 2644 2099 2698 quo
2131 2628 2185 2682 id
2229 2627 2446 2682 efferam
2473 2645 2487 2694 ;
2537 2636 2590 2684 et
2643 2628 2772 2683 dum
2820 2645 3004 2698 quzrro
3035 2629 3258 2699 implere
3289 2634 3639 2697 sententiam,

419 2730 576 2792 longo
597 2721 801 2774 ambitu
832 2720 918 2774 vix
950 2718 1128 2775 brevis
1154 2719 1252 2773 via:
1278 2719 1449 2789 spatia
1478 2734 1813 2774 consummo.
1835 2719 2110 2773 Accedunt
2132 2720 2544 2790 hyperbatorum
2567 2719 2867 2783 anfractus,
2890 2720 3357 2778 dissimilitudines
3388 2740 3639 2792 casuum,

416 2816 649 2869 varietas
684 2814 975 2885 figurarum
1010 2831 1023 2868 :
1076 2814 1251 2884 ipsum
1284 2819 1557 2883 postremo
1596 2828 1773 2878 suum,
1805 2823 1878 2878 et,
1934 2822 1992 2867 ut
2024 2814 2097 2867 ita
2128 2814 2329 2879 dicam,
2361 2815 2708 2868 vernaculum
2754 2814 2947 2884 linguae
2990 2831 3176 2882 genus.
3214 2817 3268 2870 Si
3318 2817 3383 2870 ad
3418 2820 3640 2875 verbum

418 2902 759 2972 interpretor,
783 2903 1017 2958 absurde
1047 2912 1266 2959 resonat
1299 2922 1312 2957 :
1351 2903 1397 2959 si
1420 2904 1490 2959 ob
1520 2905 1898 2959 necessitatem
1933 2902 2137 2974 aliquid
2176 2904 2231 2957 in
2259 2904 2447 2958 ordine
2468 2903 2550 2959 vel
2590 2904 2643 2957 in
2677 2918 2925 2959 sermone
2956 2913 3254 2973 nmtavero,
3281 2909 3347 2963 ab
3375 2909 3642 2980 interpre-

415 3000 487 3052 tis
525 2995 746 3051 videbor
777 2996 952 3051 ofﬁcio
974 2998 1285 3052 recessisse.
2740 3051 2744 3054 .
2932 3015 2935 3018 '

484 3089 540 3144 2.
572 3088 778 3160 Itaque,
803 3090 876 3145 mi
910 3087 1164 3145 Vincenti
1192 3089 1536 3156 charissime,
1557 3097 1611 3145 et
1635 3097 1695 3145 tu
1719 3090 1941 3147 Galiene
1967 3104 2094 3161 pars
2118 3089 2311 3145 anima:
2340 3090 2757 3155 meaefobsecro,
2792 3099 2849 3143 ut
2882 3091 3141 3161 quidquid
3168 3091 3270 3146 hoc
3296 3095 3641 3151 tumultuarii

414 3184 598 3255 operis
628 3192 732 3250 est,
782 3185 1106 3249 amicorum,
1135 3200 1244 3241 non
1272 3182 1519 3255 judicum
1553 3184 1734 3239 animo
1763 3184 2015 3254 relegatis
2049 3203 2062 3239 :
2096 3184 2397 3254 praesertim
2429 3198 2554 3239 cum
2583 3192 2638 3239 et
2683 3184 2928 3247 notario,
2968 3191 3026 3237 ut
3065 3185 3236 3247 scitis,
3296 3186 3641 3244 velocissime

416 3276 757 3341 dit-laverim,
788 3282 842 3331 et
872 3275 1238 3332 difﬁcultatem
1271 3275 1348 3331 rei
1380 3275 1543 3331 etiam
1576 3275 1884 3330 divinorum
1924 3276 2258 3331 voluminum
2317 3276 2677 3329 instrumenta
2728 3284 3017 3341 testentur,
3068 3292 3188 3346 quae
3240 3291 3268 3329 a
3328 3275 3468 3331 LXX
3549 3279 3642 3334 ln-

417 3372 748 3443 terpretibus
777 3371 941 3435 edita,
977 3386 1085 3426 non
1116 3369 1364 3426 eumdem
1393 3383 1643 3439 saporem
1678 3370 1734 3423 in
1784 3367 1973 3424 Graeco
2020 3384 2270 3425 sermone
2325 3368 2659 3423 custodiunt.
2695 3367 3057 3435 Quamobrem
3110 3369 3300 3439 Aquila
3321 3411 3338 3437 ,
3371 3381 3425 3425 et
3479 3371 3643 3442 Symo

402 3463 667 3526 machus,
689 3470 743 3517 et
779 3461 1078 3517 'l‘heodoti'o
1110 3458 1344 3525 incitati,
1377 3458 1650 3514 diversum
1686 3474 1822 3529 pene
1850 3474 1987 3528 opus
2023 3458 2078 3513 in
2110 3457 2296 3514 eodem
2321 3474 2485 3529 opere
2517 3456 2872 3527 prodiderunt
2905 3476 2919 3513 :
2952 3459 3058 3512 alio
3085 3459 3288 3513 nitente
3318 3461 3540 3513 verbum
3571 3462 3641 3518 de

416 3554 580 3623 verbo
610 3555 934 3624 exprimere,
966 3553 1073 3607 alio
1096 3546 1315 3608 sensum
1347 3551 1527 3622 potius
1561 3551 1734 3621 sequi,
1765 3551 1924 3606 tertio
1959 3564 2065 3604 non
2099 3551 2329 3604 multum
2370 3564 2401 3602 a
2436 3549 2711 3604 veteribus
2752 3548 3080 3619 discrepare,
3116 3548 3314 3615 Quinta
3349 3568 3551 3617 autem,
3582 3568 3638 3612 ei

416 3651 659 3705 scxta,et
697 3641 922 3712 septima
943 3639 1130 3703 editio,
1165 3639 1283 3695 lice'
1315 3639 1512 3709 quibus
1541 3648 1866 3704 censeantur
1903 3639 2236 3701 auctoribus,
2262 3639 2561 3710 ignoretur,
2598 3646 2776 3692 tamen
2824 3640 2895 3692 ita
2927 3640 3255 3708 probabilem
3282 3630 3365 3697 sui
3405 3644 3640 3699 diversi-

415 3744 576 3791 tatem
604 3741 808 3799 tenent,
837 3741 896 3788 ut
930 3734 1304 3788 auctoritatem
1342 3734 1460 3788 sine
1492 3734 1803 3788 nominibus
1832 3735 2149 3788 meruerint.
2170 3731 2466 3788 Indeadeo
2495 3733 2662 3795 venit,
2684 3742 2740 3786 ut
2768 3747 2936 3787 sacra:
2962 3733 3150 3788 litterae
3182 3735 3359 3788 minus
3383 3745 3637 3805 compte,

414 3835 469 3880 et
488 3826 623 3881 dure
649 3832 904 3891 sonantes
935 3824 1249 3889 videantur;
1273 3824 1416 3893 quod
1455 3825 1545 3878 isti
1576 3824 1824 3878 homines
1853 3826 2231 3893 interpretatas
2255 3839 2349 3879 eas
2381 3823 2447 3879 de
2478 3822 2702 3879 Hebraeo
2734 3824 3058 3899 nescientes,
3094 3824 3221 3878 dum
3268 3826 3636 3894 superficiem,

416 3929 524 3968 non
577 3913 867 3974 medullam
898 3912 1212 3980 inspiciunt,
1247 3920 1372 3965 ante
1406 3912 1564 3980 quasi
1592 3919 1792 3965 vestem
1830 3912 2093 3967 orationis
2126 3913 2400 3967 sordidam
2432 3914 2873 3982 perhorrescunt,
2914 3930 3073 3985 quam
3117 3918 3398 3985 pulchrum
3434 3919 3639 3974 intrin-

418 4018 576 4059 secus
600 4017 779 4058 rerum
814 4016 1010 4071 corpus
1042 4001 1337 4055 inveniant.
1369 4001 1609 4070 Denique
1635 4001 1764 4071 quid
1793 4000 2055 4056 Psalterio
2084 4003 2358 4067 canorius,
2393 4003 2539 4072 quod
2568 4004 2624 4058 in
2659 4021 2863 4061 morem
2910 4007 3082 4061 nostri
3104 4006 3311 4072 Flacci,
3361 4017 3415 4061 et
3458 4008 3632 4065 (ΞΓωεὶ

416 4094 658 4159 Pindari,
693 4109 837 4149 nunc
880 4094 1060 4148 iambo
1091 4092 1283 4156 currit,
1332 4108 1477 4148 nunc
1505 4094 1724 4149 Alcaico
1767 4102 2044 4164 personat,
2093 4110 2242 4150 nunc
2273 4095 2544 4165 Sapphico
2591 4106 2784 4162 tumet,
2817 4115 2960 4154 nunc
2987 4100 3258 4169 semipede
3296 4100 3641 4170 ingreditur?

417 4187 559 4253 Quid
583 4183 982 4240 Deuteronomii
1007 4193 1060 4239 et
1091 4181 1241 4237 Isaiae
1261 4184 1474 4237 cantico
1494 4184 1812 4253 pulchrius?
1841 4184 1981 4250 Quid
2022 4185 2311 4242 Salomone
2349 4186 2606 4256 gravius?
2629 4186 2769 4253 Quid
2803 4190 3095 4258 perfectius
3124 4189 3263 4244 Job?
3288 4191 3417 4257 Qua:
3447 4194 3635 4247 omnia

418 4274 744 4332 hexametris
775 4281 829 4329 et
859 4273 1209 4344 pentametris
1245 4272 1508 4335 versibus,
1539 4281 1595 4326 ut
1619 4272 1888 4344 Iosephus
1919 4283 1973 4330 et
2005 4275 2267 4346 Origenes
2320 4264 2586 4343 seribiint,
2634 4281 2774 4349 apud
2828 4296 2957 4336 suos
2988 4284 3285 4351 composita
3310 4285 3634 4339 decurrunt.

417 4368 543 4422 Hac
574 4382 697 4422 cum
727 4366 909 4422 Graece
942 4366 1187 4435 legimus,
1221 4362 1366 4417 aliud
1396 4361 1649 4433 quiddam
1672 4374 1886 4427 sonant,
1918 4379 2040 4419 cum
2075 4364 2284 4429 Latine,
2316 4368 2531 4436 penitus
2557 4383 2667 4423 non
2689 4369 2981 4424 cohaerent.
3015 4369 3170 4436 Quod
3202 4373 3246 4425 si
3287 4373 3375 4427 cui
3410 4388 3516 4426 non
3553 4374 3636 4427 vi-

416 4460 573 4516 detur
599 4462 794 4531 linguae
824 4460 1050 4531 gratiam
1101 4458 1548 4527 interpretatione
1574 4459 1793 4522 mutari,
1825 4457 2115 4514 Homerum
2150 4459 2217 4515 ad
2264 4461 2491 4515 verbum
2535 4462 2805 4530 exprimat
2851 4463 2906 4516 in
2940 4462 3211 4516 Latinum.
3242 4462 3372 4519 Plus
3422 4465 3633 4539 aliquid

414 4552 613 4612 dicam.
643 4552 891 4606 eumdem
923 4552 976 4604 in
1012 4563 1110 4604 sua
1128 4549 1321 4620 “lingua
1347 4563 1519 4618 prosae
1546 4551 1725 4606 verbis
1758 4552 2165 4623 interpretetur,
2195 4552 2395 4607 videbit
2420 4552 2663 4609 ordinem
2688 4552 3011 4618 ridiculum,
3049 4562 3102 4607 et
3131 4562 3342 4622 poetam
3372 4554 3633 4624 eloquen-

416 4643 687 4698 tissimum
718 4644 808 4697 vix
845 4638 1167 4712 loquentem.

486 4739 542 4793 '5.
576 4736 845 4803 Quorsum
878 4733 1017 4789 ista?
1048 4731 1305 4787 Videlicet
1339 4741 1396 4787 ut
1424 4747 1532 4788 non
1566 4733 1719 4789 vobis
1770 4735 1968 4789 mirum
2007 4735 2272 4802 videatur,
2320 4735 2367 4789 si
2413 4732 2612 4791 alicubi
2664 4734 3008 4799 olfendimus,
3047 4735 3091 4790 si
3124 4736 3276 4791 tarda
3308 4737 3481 4792 oratio
3533 4747 3633 4792 aut

415 4829 837 4887 consonantibus
871 4836 1172 4897 asperatur,
1198 4831 1291 4877 aut
1320 4823 1597 4879 vocalibus
1628 4824 1808 4879 hiulca
1839 4824 1922 4879 vel
1951 4824 2124 4881 divisa
2161 4823 2237 4889 lit,
2271 4834 2364 4879 aut
2392 4841 2571 4880 rerutn
2614 4825 2854 4896 ipsarum
2901 4826 3162 4881 brevitate
3210 4829 3627 4895 constringitur,

415 4937 540 4977 cum
569 4917 917 4975 eruditissimi
952 4917 1195 4972 homines
1226 4917 1281 4971 in
1310 4917 1496 4972 eodem
1525 4933 1687 4987 opere
1716 4917 2046 4984 sudaverint,
2109 4927 2162 4973 et
2185 4918 2251 4972 ad
2273 4933 2612 4973 communem
2645 4917 3040 4982 difﬁcultatem,
3080 4934 3242 4989 quam
3274 4920 3327 4974 in
3354 4922 3500 4976 omni
3541 4922 3632 4976 in-

417 5011 801 5081 terpretatione
824 5009 1030 5063 causati
1069 5019 1279 5071 sumus,
1316 5007 1419 5062 hoc
1445 5008 1599 5063 nobis
1624 5009 1898 5077 proprium
1933 5009 2186 5071 accedat,
2223 5007 2363 5077 quod
2399 5008 2625 5062 historia
2675 5008 2952 5077 multiplex
2992 5018 3107 5077 est,
3157 5010 3363 5066 habens
3395 5012 3629 5069 barbara

418 5105 655 5169 nomina,
684 5118 770 5158 res
800 5100 1100 5170 incognitas
1120 5099 1345 5166 Latinis,
1379 5114 1631 5154 numeros
1657 5100 2075 5162 inextricabiles,
2105 5099 2342 5168 virgulas
2375 5097 2536 5153 rebus
2565 5098 2769 5167 pariter
2811 5115 2875 5153 ac
2904 5101 3147 5156 numeris
3190 5103 3527 5168 intcrtextas,
3562 5114 3628 5161 ut

420 5211 554 5267 pene
581 5192 848 5247 difﬁcilius
875 5192 945 5246 sit
988 5190 1195 5261 legendi
1225 5190 1470 5245 ordinem
1499 5189 1709 5244 discere
1751 5204 1912 5259 quam
1944 5190 2012 5243 ad
2059 5189 2310 5244 lectionis
2343 5189 2586 5243 notitiam
2622 5189 2922 5256 pervenire.
2982 5189 3051 5244 Ut
3098 5199 3275 5246 autem
3331 5194 3626 5250 manifesto

416 5294 773 5360 cognoscatur
793 5282 1013 5346 indicio,
1038 5281 1105 5336 ad
1138 5297 1297 5352 quem
1320 5295 1601 5335 numerum
1622 5281 1847 5336 historia
1881 5294 2105 5350 quaeque
2138 5280 2419 5347 pertineat,
2460 5277 2558 5332 has
2591 5279 2962 5336 distinctiones
2990 5282 3195 5350 positas
3228 5282 3395 5337 lector
3427 5284 3627 5340 adver-

418 5390 513 5442 tat,
544 5388 602 5433 ut
632 5377 677 5432 si
706 5375 772 5430 ad
802 5374 1032 5445 primum
1069 5387 1349 5427 numerum
1373 5371 1519 5441 regni
1555 5371 1804 5439 primitus
1830 5373 2030 5425 enotati
2053 5371 2277 5427 historia
2302 5368 2582 5425 referenda
2609 5377 2713 5433 est,
2750 5371 2977 5440 primam
3007 5372 3239 5427 litteram
3265 5375 3321 5428 in
3361 5377 3625 5447 explana-

417 5472 563 5524 tione
597 5468 832 5522 historiae
860 5464 1248 5533 contempletur
1283 5480 1295 5517 :
1322 5472 1373 5517 ct
1404 5461 1667 5531 siquidem
1696 5476 1815 5517 eam
1835 5477 1901 5516 ex
1934 5462 2101 5516 minio
2148 5460 2358 5525 viderit,
2384 5459 2460 5535 illi
2493 5461 2721 5529 tempori
2764 5462 3139 5531 applicandam
3171 5465 3252 5519 vel
3284 5481 3427 5521 anno
3459 5468 3625 5534 sciat,

414 5572 573 5628 quem
602 5555 927 5627 suggesserit
948 5569 1206 5610 numerus
1233 5553 1479 5610 similiter
1517 5554 1700 5609 eodem
1725 5552 1892 5609 minio
1922 5554 2202 5626 figuratus.
2236 5553 2292 5607 Si
2331 5568 2458 5609 vero
2484 5569 2764 5609 numerum
2812 5570 2919 5610 non
2954 5571 3090 5625 puro
3112 5556 3300 5622 minio,
3331 5558 3426 5613 sed
3458 5561 3626 5615 misto

415 5649 571 5719 nigro
606 5656 845 5703 notatum
879 5657 998 5703 esse
1022 5646 1333 5717 perviderit,
1369 5646 1616 5731 secundae
1640 5646 1792 5702 liueat
1820 5660 2043 5699 numero
2072 5644 2295 5699 debetur
2318 5644 2636 5701 historia.bi
2661 5654 2837 5700 autem
2869 5647 3031 5702 tertio
3061 5664 3407 5703 nutuerorutn
3439 5650 3622 5705 ordini
3684 5680 3696 5686 -
