3938 6178
488 279 598 347 379
1557 261 1856 323 ιιςιιεειιιι
1896 263 2458 330 οῐιῐιοΝιαοιιυΜ
2497 268 2640 331 Lm.
2687 267 2747 327 Il
3578 283 3663 348 330

2642 430 2891 440 ._..————

2729 516 2850 554 Ml.

1293 518 1481 560 OLYIP.
1733 520 1866 556 [LEM
1877 547 1886 557 .

2143 519 2333 558 ιλιιω.
2443 518 2590 560 PERS.

1543 639 1787 696 Abraha-
1814 640 2060 710 Captivi~
2079 640 2342 710 Amyntas
2371 639 2675 709 Cambyses
2703 636 2929 717 Tarqui-

1609 725 1730 765 mus
1894 718 1980 764 tas
2710 721 2837 762 ntus

1561 806 1769 818 —_—.

563 883 596 920 a
624 865 838 937 Egypti
886 883 1034 922 xxv"
1079 868 1322 936 dynastia
1348 867 1631 921 Persarum
1657 867 1875 938 (quippe
1901 866 2194 937 Cambyses
2218 865 2454 920 obtinuit
2483 865 2774 938 ASgyptum
2805 865 2862 920 in
2885 880 3030 922 anno
3060 877 3208 924 sexto
3238 866 3332 940 [aL
3374 886 3424 932 v,
3476 869 3544 924 at.
3572 881 3635 921 vu

492 959 646 1028 regni
679 958 789 1031 sui]
814 974 985 1030 usque
1013 959 1081 1014 ad
1111 958 1335 1013 Darium
1369 958 1540 1012 lilium
1574 957 1770 1013 Xerxis
1791 959 1952 1013 annis
1987 973 2097 1012 cu.

1608 1051 1746 1108 N93
1921 1051 1991 1106 68
2203 1048 2272 1106 30
2520 1048 2552 1102 7
2760 1048 2831 1109 24

559 1142 590 1194 b
611 1143 772 1214 Apud
794 1143 1048 1200 Hebraeos
1081 1145 1322 1214 pontifex
1353 1146 1623 1201 maximus
1663 1144 1822 1201 Jesus
1857 1143 1999 1200 [ilius
2025 1141 2320 1206 Iosedech,
2351 1149 2404 1198 et
2436 1143 2692 1216 princeps
2722 1142 2900 1216 gentis
2931 1141 3224 1205 Zorobabel
3257 1145 3383 1206 clari
3404 1145 3658 1206 habentur.

557 1235 956 1307 Pr0phetabaut
981 1240 1120 1308 apud
1155 1239 1409 1296 llebrazos
1437 1239 1718 1296 novissimi
1747 1237 1994 1312 Aggaeus,
2029 1236 2328 1302 Zacharias
2353 1245 2407 1294 et
2432 1235 2745 1294 Ilelacbias.

2122 807 2333 819 _—_——

1288 809 1495 822 *-

773 1335 864 1402 Ιὶ.
918 1330 1244 1404 CCXXX.
1581 1331 1714 1384 1494
1890 1329 1959 1384 69

2173 1330 2238 1383 ot
2487 1327 2523 1382 8
2732 1327 2806 1384 25
2857 1397 2866 1402 _

3011 1395 3142 1451 Post
3183 1466 3194 1467 ί
3213 1397 3503 1467 Cambysen
3571 1396 3662 1448 duo

2405 1483 2433 1519 c
2471 1464 2552 1519 Μ.
2586 1463 2751 1519 MAG!
2776 1479 2927 1520 men-
2945 1466 3140 1520 fratres
3180 1466 3310 1535 Magi
3340 1463 3661 1534 regnaverunt

2502 1535 2653 1590 sibus
2687 1550 2807 1603 vna
2947 1537 3225 1590 mensibus
3266 1550 3372 1588 vn:
3407 1543 3530 1603 post
3547 1548 3662 1601 quos

1601 1606 1736 1659 M95
1913 1605 1978 1658 70
2190 1605 2258 1657 52
2507 1605 2531 1657 1
2746 1601 2816 1656 26
2941 1603 3136 1659 Darius
3153 1605 3292 1659 filius
3304 1601 3566 1674 Hystaspis
3584 1617 3660 1655 an-

2940 1675 3028 1731 nis
3058 1689 3244 1731 ιιινι.

552 1809 591 1863 Α
625 1809 821 1864 Davide
853 1825 1024 1880 usque
1040 1809 1241 1880 adut:
1651 1805 1657 1807 ’
2211 1809 2244 1859 d
2276 1807 2358 1860 lY.
2397 1805 2648 1860 DARIUS
2679 1809 2836 1864 annis
2864 1823 3047 1862 xxxvr.

481 1894 681 1932 annum
716 1878 1002 1948 captivitas
1031 1878 1242 1934 Iudam-

486 1961 626 2019 ru_m_,
653 1945 924 2019 anni'oLv.
947 1951 986 2001 Α
1011 1964 1111 2001 ιιι
1149 1964 1248 2019 _cao
1339 1951 1428 2019 65
1597 1945 1734 2002 H96
1912 1949 1970 2002 7|

2189 1948 2258 2002 35
2505 1947 2529 1998 1
2745 1946 2816 2000 27

483 2017 742 2096 ιὶιῇνίιοιιε
757 2026 1117 2096 εριψυιωιιω*
1148 2017 1248 2096 Da:

478 2086 547 2139 rii
590 2086 732 2156 regis
775 2085 1061 2140 Persarum
1116 2087 1244 2139 anni
1423 2101 1611 2140 omne.
1689 2101 1924 2140 ABRAHA-
1977 2100 2169 2139 nscas.
2290 2099 2437 2138 rens.
2572 2099 2698 2139 non.

1979 2388 2189 2401 ———-

2543 2391 2754 2405 -——----

480 2156 844 2223 XXXIV.ClelIS
866 2157 1014 2223 regni
1045 2171 1188 2208 anno
1210 2171 1244 2208 ιι
1751 2170 1853 2210 IUS

480 2223 621 2294 apud
662 2222 946 2282 Romanos
974 2225 1104 2294 regii
1147 2224 1244 2276 do-
1911 2235 1914 2237 ‘
1949 2223 2205 2294 Amyntas
2257 2223 2452 2279 Darius
2518 2222 2749 2294 Tarqui-

475 2292 712 2350 minatus
751 2294 874 2351 linis
917 2301 1001 2348 est
1043 2292 1238 2347 factus.
1446 2295 1450 2298 '
2053 2292 2063 2294 ’
2564 2292 2689 2346 nius

1730 2454 1868 2508 1497
2046 2433 2181 2508 δι’
2358 2453 2393 2506 2
2599 2453 2669 2506 es

547 2606 824 2678 Olympias
851 2621 974 2670 va,
997 2610 1050 2661 in
1091 2621 1198 2676 qua
1225 2605 1515 2661 Persarum
1548 2606 1692 2676 regis
1724 2605 1890 2669 Darii,
1926 2605 2018 2658 filii
2053 2603 2357 2676 Hystaspis,
2390 2604 2490 2658 fuit
2528 2619 2703 2662 annus
2731 2604 3024 2661 secundus.
3056 2589 3182 2664 ldeo
3207 2603 3472 2662 secundus
3491 2614 3653 2655 annus

477 2696 563 2759 bis
582 2701 857 2766 scribitur,
885 2701 1014 2772 quia
1037 2715 1210 2754 annus
1235 2699 1288 2754 in
1319 2698 1594 2770 Magorum
1629 2697 1856 2750 fratrum
1880 2706 2083 2767 septem
2115 2698 2399 2752 mensibus
2428 2704 2794 2766 computatur.

1721 2785 1857 2839 1498
2033 2785 2103 2839 55
2348 2786 2382 2841 5
2591 2785 2660 2839 29

547 2876 924 2932 cilarmodius
955 2885 1009 2931 et
1061 2876 1397 2945 Aristogiton
1442 2873 1810 2944 Hipparchum
1859 2873 2276 2928 Atheniensium
2314 2881 2604 2944 tyrannum
2655 2873 3088 2930 interfecerunt:
3117 2885 3170 2930 et
3206 2875 3396 2932 Leana
3443 2873 3669 2928 meretriv

475 2972 652 3032 amica
674 2988 882 3036 eorum,
910 2986 1033 3026 cum
1065 2970 1347 3025 tormentis
1377 2976 1660 3039 cogeretur
1685 2975 1741 3020 ut
1779 2967 1958 3022 socios
1989 2968 2257 3036 proderet,
2285 2969 2520 3038 linguam
2555 2983 2709 3024 suam
2750 2969 3072 3024 mordicitus
3108 2971 3426 3040 amputavit.

1722 3056 1860 3114 M99
2038 3059 2106 3112 56
2351 3057 2386 3112 4
2599 3058 2668 3114 50

541 3185 824 3258 Templum
855 3184 1243 3254 Hierosolymis
1271 3190 1699 3246 consummatur,
1725 3181 2175 3252 prophetantibus
2198 3179 2339 3250 apud
2359 3177 2574 3234 Judaeos
2601 3177 2798 3249 Λαεωο
2823 3186 2876 3234 et
2905 3177 3190 3236 Zacharia.

543 3278 573 3347 f
595 3275 848 3332 Secundo
879 3289 1023 3331 anno
1058 3274 1204 3328 Darii
1234 3274 1375 3341 regis
1408 3272 1695 3328 Persarum
1718 3274 1975 3343 templum
2003 3274 2058 3326 in
2084 3271 2474 3342 Hierosolymis
2504 3273 2807 3326 exstruitur
2827 3287 2856 3324 a
2876 3271 3234 3339 Zorobabcle,
3269 3277 3672 3329 consummatur.

477 3383 580 3438 que
611 3381 748 3436 Opus
773 3381 916 3421 anno
945 3377 1157 3436 quarto.
1184 3363 1455 3420 Remissio
1489 3363 1706 3434 quidem
1735 3364 2070 3436 captivitatis
2097 3361 2410 3418 Iudaeorum
2443 3369 2498 3416 et
2530 3362 2684 3417 venia
2715 3362 2900 3432 templi
2922 3363 3228 3418 aedificandi
3272 3364 3373 3419 sub
3391 3364 3527 3434 Cyro
3548 3374 3673 3416 exor

477 3461 624 3516 dium
655 3461 841 3514 habuit
874 3479 886 3515 :
913 3468 1324 3514 consummatur
1356 3475 1486 3514 vero
1514 3459 1773 3529 templum
1807 3459 1910 3514 sub
1946 3458 2111 3512 Dario
2142 3474 2156 3510 :
2189 3458 2318 3530 quia
2347 3457 2541 3516 vicinae
2567 3465 2757 3529 gentes
2783 3457 3024 3513 assiduis
3052 3459 3372 3515 incursibus
3393 3457 3674 3514 ardilicatio-

475 3570 600 3610 nem
629 3555 814 3624 templi
842 3553 1217 3624 impedierant.
1244 3553 1494 3610 Clemens
1541 3569 1758 3623 quoque
1800 3554 2051 3623 congruit
2088 3553 2144 3608 in
2193 3553 2368 3623 primo
2416 3559 2678 3606 stromate
2726 3550 2800 3606 ita
2838 3553 3082 3608 scribens
3121 3570 3134 3606 :
3172 3572 3190 3604 ι
3227 3554 3297 3607 Ει
3336 3551 3677 3625 perseveravit

474 3649 764 3718 captivitas
793 3648 952 3702 annis
990 3647 1350 3718 septuaginta,
1383 3663 1556 3718 usque
1593 3647 1660 3702 ad
1691 3647 1987 3702 secundum
2029 3661 2231 3701 annum
2255 3645 2400 3700 Darii
2430 3645 2521 3699 filii
2556 3644 2860 3715 Hystaspis,
2896 3647 2988 3715 qui
3026 3645 3228 3713 Persis,
3261 3655 3316 3702 et
3361 3645 3608 3716 Assyriis,
3637 3653 3677 3697 el

474 3739 708 3810 Egypto
730 3740 1017 3810 regnavit:
1053 3740 1155 3794 sub
1187 3755 1297 3810 quo
1332 3739 1560 3810 Aggazus
1598 3748 1651 3795 et
1703 3739 2021 3804 Zacharias,
2049 3747 2102 3796 et
2127 3755 2271 3794 unus
2301 3754 2367 3793 ex
2408 3738 2718 3803 duodecim,
2753 3739 2845 3808 qui
2868 3749 3094 3794 vocatur
3124 3740 3388 3810 Angelus,
3419 3734 3675 3810 propheta-

474 3841 600 3887 runt
630 3851 643 3886 :
671 3832 976 3887 sacerdotio
1006 3848 1223 3901 quoque
1272 3833 1490 3888 functus
1538 3842 1618 3888 est
1650 3832 1811 3888 Jesus
1845 3834 1989 3886 ﬁlius
2017 3831 2303 3887 Iosedech.
2351 3851 2370 3884 ι
2405 3830 2532 3886 Haec
2573 3831 2922 3901 supradictus
2956 3833 3056 3887 vir.
3092 3831 3245 3897 Quod
3278 3843 3457 3887 autem
3487 3833 3688 3896 septua-

473 3923 711 3990 gesimus
741 3937 917 3976 annus
946 3922 1300 3978 desolationis
1329 3923 1509 3992 templi
1536 3925 1706 3979 altero
1732 3939 1874 3978 anno
1906 3924 2055 3978 Darii
2084 3924 2245 3979 fuerit
2267 3925 2536 3994 expletus,
2563 3924 2901 3980 domesticus
2947 3927 3102 3980 testis
3125 3934 3209 3981 est
3240 3925 3534 3980 Zacharias
3567 3932 3675 3991 pro-

472 4012 634 4084 pheta
658 4012 896 4067 secundo
917 4027 1061 4066 anno
1089 4011 1236 4066 Darii
1267 4013 1340 4066 ita
1371 4013 1596 4068 dicens:
1632 4033 1649 4064 ‹
1688 4013 1913 4070 Domine
1947 4014 2314 4086 omnipotens,
2343 4030 2627 4086 quousque
2655 4018 3004 4074 misereberis
3033 4017 3395 4082 Hierusalem,
3427 4025 3480 4072 et
3514 4013 3675 4070 civita-

469 4103 616 4160 tibus
640 4102 799 4170 Juda,
835 4116 972 4171 quas
1008 4103 1338 4173 despexisti?
1370 4105 1473 4161 lste
1506 4107 1936 4178 septuagesimus
1973 4123 2148 4164 annus
2179 4119 2280 4164 est.
2321 4128 2338 4160 ι

538 4293 574 4331 ι
609 4277 838 4351 Είκοστὴ
871 4278 1065 4350 ἑϐδόμη
1110 4278 1391 4332 δυναστεία
1418 4278 1638 4348 Περσῶν
1673 4279 1932 4348 βασιλέων
1960 4279 2026 4350 η’.

470 4367 771 4439 Καμϐύσης
803 4369 910 4422 ἔτει
947 4369 1180 4440 πέμπτῳ
1219 4371 1316 4440 τῆς
1344 4371 1506 4423 αὑτοῦ
1542 4371 1812 4440 βασιλείας
1852 4371 2032 4424 ἐϐασί-

471 4455 661 4532 λευσεν
675 4459 944 4532 Αἰγύπτου
959 4459 1051 4532 ἐτη
1070 4458 1513 4532 γἐιῑαδεὸζαριιά
1535 4462 1692 4532 Sync.
1712 4477 1764 4530 p.
1783 4462 1872 4525 76,
1891 4461 2028 4524 C,D.

538 4526 568 4578 ὸ
619 4527 950 4596 Ἰερὰτευσεν
995 4526 1198 4597 ἰὴσοῦς
1225 4530 1252 4580 ὁ
1283 4529 1376 4581 τοῦ
1410 4526 1682 4592 Ἰωσεδὲκ,
1712 4526 1829 4601 ἅμα
1861 4534 2030 4602 Ζορω-

471 4612 655 4667 6ά6ελ.
687 4613 835 4683 Ἅμα
869 4617 1117 4682 Ἀγγαῖος
1140 4615 1231 4668 καὶ
1255 4618 1526 4686 Ζαχαρίας
1556 4619 1648 4670 καλ⁹
1679 4621 1708 4671 6
1731 4620 1796 4671 ὲκ
1822 4619 1928 4673 τῶν
1965 4618 2030 4674 ιϐ’

473 4701 733 4770 Ἀγγελος
763 4703 1210 4774 προφητεύουσιν.
1241 4704 1437 4761 Chron.
1471 4707 1650 4779 pascit.
1675 4722 1726 4774 p.
1759 4707 1880 4772 141,
1909 4709 2027 4763 145.

537 4808 565 4846 c
604 4793 827 4863 Περσῶν
859 4797 1030 4868 τρίτοι
1060 4796 1413 4850 ἐϐασίλευσαν
1445 4799 1536 4850 δύο
1561 4799 1777 4868 ἀδελφοὶ
1803 4801 2030 4871 Μέρδιος

473 4881 562 4936 καὶ
593 4883 876 4956 Πατζάτης
907 4887 1080 4956 μῆνας
1109 4887 1173 4952 ζ’.
1201 4887 1343 4944 Idem
1371 4905 1420 4958 p.
1456 4889 1576 4953 144,
1613 4887 1674 4944 C.

537 4971 572 5024 ά
609 4973 830 5043 Περσῶν
876 4976 1128 5048 τέταρτος
1175 4979 1517 5034 ἐϐασίλευσεν
1563 4981 1783 5050 Δαρεῖος
1835 4980 2029 5036 ’Υστά-

472 5075 606 5112 σπου
645 5059 736 5129 ἐτη
767 5059 875 5126 λς’.
909 5061 1131 5127 Ibidem,
1159 5066 1222 5120 D.

509 5207 512 5210 ς
537 5165 567 5202 e
615 5149 893 5219 Ἀρμύδιος
913 5155 1005 5206 καὶ
1051 5155 1456 5225 Ἀριστογείτων
1487 5160 1694 5214 ἀνεῖλον
1725 5162 2028 5235 Ἵππαρχον

472 5237 743 5309 τύραννον’
772 5240 894 5293 καθ’
925 5241 1018 5305 οὓς
1039 5245 1236 5300 Λέαινα
1259 5250 1291 5316 ή
1319 5249 1506 5321 ἑταίρα
1528 5251 1620 5304 ὑπ’
1639 5252 1817 5306 αὐτῶν
1839 5255 2027 5319 ὲταζο-

474 5327 609 5398 μένη
656 5333 930 5383 κατειπεῖν
975 5334 1098 5396 τοὺς
1131 5338 1476 5406 συνωμότας,
1521 5341 1618 5411 τὴν
1660 5343 1855 5411 ἑαυτῆς
1895 5345 2028 5397 ἀπέ-

473 5433 636 5488 τρησε
664 5420 930 5487 γλῶσσαν.
965 5421 1119 5494 Syne.
1145 5440 1197 5492 p.
1222 5426 1350 5492 238,
1383 5429 1448 5485 Β.

541 5507 569 5576 Ῑ
602 5511 756 5563 Κατὰ
795 5512 893 5581 μὲν
932 5512 1110 5584 Κῦρον
1153 5517 1185 5585 ἡ
1223 5517 1321 5588 τῆς
1366 5521 1734 5592 αἰχμαλωσίας
1763 5528 1855 5581 τοῦ
1899 5531 2026 5582 Ἰου-

471 5597 632 5654 δαίων
671 5601 855 5666 ἔθνους
895 5605 1170 5675 ἐλευθερία
1218 5608 1442 5676 γίνεται,
1485 5614 1577 5668 καὶ
1623 5613 1653 5681 ἡ
1689 5619 2026 5688 συγχώρησις

2137 4283 2234 4352 τῆς
2263 4281 2354 4334 τοῦ
2393 4281 2535 4352 ἱεροῦ
2576 4282 2880 4352 οἰκοδομῆςο
2919 4285 2996 4346 είς
3028 4282 3185 4354 ἔργον
3215 4283 3273 4336 δὲ
3296 4285 3466 4355 χωρεῖ
3493 4296 3580 4334 και
3605 4293 3676 4330 τε·

2137 4371 2372 4424 λειοῦται
2403 4372 2431 4424 6
2471 4372 2596 4434 ναὸς
2637 4372 2776 4426 κατὰ
2816 4373 2877 4425 τὸ
2907 4391 2939 4443 η
2975 4374 3091 4436 ἔτος
3111 4375 3338 4445 Δαρείου
3373 4373 3466 4426 τοῦ
3507 4369 3677 4423 ’Υστά-

2135 4476 2292 4522 σπου,
2331 4458 2437 4511 τῶν
2471 4461 2761 4530 περιοίκων
2791 4462 2848 4515 ὲν
2876 4462 2954 4532 τῷ
2983 4462 3182 4532 μεταξὺ
3209 4463 3390 4532 χρόνῳ
3424 4460 3520 4531 τίνι
3556 4460 3678 4510 οἱκο-

2131 4548 2298 4618 δομὴν
2323 4549 2670 4618 ἐπισχόντων.
2704 4551 2921 4622 Συνᾴδει
2949 4551 3004 4603 δὲ
3034 4551 3239 4614 τούτοις
3265 4553 3358 4604 καὶ⁵
3389 4553 3418 4604 6
3448 4549 3688 4619 Κλήμης.

2131 4641 2159 4692 ὁ
2189 4641 2244 4692 ὲν
2267 4638 2342 4710 τῷ
2366 4639 2562 4713 πρώτῳ
2584 4639 2870 4714 Στρώματι
2894 4643 3117 4712 γράφων
3143 4641 3335 4704 οὕτως·
3362 4642 3471 4695 Καὶ
3487 4639 3690 4709 ἔμεινεν

2132 4728 2165 4798 ἡ
2194 4729 2538 4800 αίχμαλωσία
2565 4730 2658 4802 ἔτη
2686 4737 2748 4798 0',
2781 4730 3125 4802 καταλήξασα
3157 4735 3236 4795 είς
3271 4733 3332 4784 τὸ
3366 4729 3412 4801 β’
3445 4731 3560 4793 ἔτος
3593 4730 3692 4780 Δα-

2134 4817 2273 4886 ρείου
2303 4817 2416 4871 υίοῦ
2455 4818 2757 4872 Ὑστάσπου
2783 4820 3004 4891 Περσῶν
3036 4821 3130 4874 καὶ
3173 4822 3472 4894 ’Δσσυρίων
3501 4817 3593 4873 καὶ
3610 4816 3692 4867 Αί-

2129 4908 2369 4976 γυπτίων
2392 4910 2679 4979 γενομένου
2703 4909 2981 4980 βασιλέως,
3003 4913 3083 4980 ἐφ’
3105 4905 3164 4964 οὗ
3205 4913 3457 4980 ’Δγγαῖος
3481 4909 3572 4962 καὶ
3596 4908 3694 4961 Ζα-

2131 4995 2342 5066 χαρίας,
2361 4999 2452 5054 καὶ
2470 4999 2497 5050 6
2525 4999 2588 5051 ὲκ
2616 4998 2726 5053 τῶν
2750 4998 2814 5052 ιϐ’
2844 5000 3104 5068 Ἀγγελος
3133 5001 3556 5073 προφητεύουσι.
3587 4995 3691 5049 Καὶ

2129 5086 2299 5141 ταῦτα
2327 5089 2423 5158 μὲν
2455 5091 2483 5143 6
2513 5089 2768 5160 δηλωθεὶς
2797 5092 2955 5163 ἀνήρ.
2994 5093 3127 5164 Περὶ
3163 5093 3218 5146 δὲ
3251 5093 3413 5166 μέχρι
3446 5090 3688 5161 δευτέρου

2130 5175 2280 5240 ἔτους
2318 5179 2542 5248 Δαρείου
2579 5179 2642 5232 τὸ
2671 5181 2711 5232 o'
2739 5181 2837 5251 τῆς
2875 5183 3108 5252 ἐρημίας
3138 5183 3231 5236 τοῦ
3275 5183 3421 5255 ἱεροῦ
3449 5183 3566 5247 ἔτος
3592 5197 3684 5234 πα-

2133 5267 2398 5337 ρατεῖναι,
2453 5269 2659 5339 μάρτυς
2703 5269 2958 5339 ἐχέγγυος
3001 5273 3029 5324 ὁ
3077 5273 3354 5345 προφήτης
3398 5269 3686 5342 Ζαχαρίας,

2129 5354 2280 5418 ἔτους
2305 5356 2550 5429 δευτέρου
2581 5360 2800 5428 Δαρείου
2823 5361 3009 5414 είπὼν·
3040 5382 3058 5412 ι
3085 5361 3256 5436 Κύριε
3295 5363 3686 5433 παντόκρατορ,

2128 5444 2232 5508 ἕως
2267 5445 2408 5509 τίνος
2442 5449 2500 5500 οὐ
2545 5449 2618 5520 μὴ
2666 5451 2903 5524 ὲλεήσεις
2938 5452 3033 5525 τὴν
3071 5454 3441 5525 Ἰερουσαλὴμ,
3476 5452 3691 5514 καὶτὰς

2129 5534 2310 5598 πόλεις
2351 5537 2535 5603 Ἰούδα,
2585 5540 2652 5603 ἃς
2709 5541 2982 5616 ύπερίδεςς
3017 5545 3173 5600 τοῦτο
3227 5545 3266 5602 ο⁹
3297 5548 3433 5612 ἔτος.
3479 5566 3497 5598 ι
3545 5545 3686 5603 Idem

2128 5638 2181 5687 ρ.
2213 5625 2331 5684 HL.
2369 5627 2485 5683 H5.
