3930 6178
259 378 352 444 433
1258 376 1759 441 INTEBPRETE
1790 379 1858 442 S.
1894 376 2375 441 ΗιΕΒοΝΥΜο.
3354 374 3462 441 431

254 606 421 679 piade,
452 613 505 662 et
537 606 603 662 ab
642 606 1038 664 instauratione
1069 608 1258 676 templi
1291 608 1397 663 sub
1442 606 1628 673 Dario,
1659 622 1834 676 usque
1867 607 1936 661 ad
1974 605 2300 683 .Hyrcanum
2345 613 2402 661 et
2442 605 2797 662 centesimam
2826 605 3212 675 octogesimum
3250 612 3459 660 sextam

255 701 612 775 olympiadem,
636 702 794 756 annis
823 715 1162 756 ccccusxm
1185 700 1242 754 in
1269 701 1448 756 medio
1477 701 1795 763 transactis,
1830 716 1970 772 quos
2005 701 2188 756 Daniel
2224 700 2495 772 signiﬁcat
2524 701 2714 756 dicens
2746 699 2846 753 :Et
2869 702 3001 755 scies
3029 707 3079 754 et
3108 699 3365 771 intelliges
3392 699 3460 754 ab

252 794 387 849 initio
412 795 662 847 sermonis
695 790 1039 861 respondendi
1058 801 1108 845 et
1135 790 1449 861 aediﬁcandi
1466 790 1827 855 Hierusalem,
1860 809 2023 861 usque
2050 792 2118 846 ad
2147 791 2348 847 Christi
2374 792 2747 862 principatum,
2785 790 3124 847 hebdomadas
3156 803 3372 863 septem,
3409 802 3461 848 et

247 883 566 940 hebdomadas
599 884 873 953 sexaginta
900 884 1020 938 dure
1051 882 1215 954 (Dan.
1260 899 1337 946 Ix,
1391 883 1484 952 25)
1514 903 1528 939 :
1565 900 1686 954 quae
1717 899 1842 939 uix
1896 884 2251 939 hebdomadm
2298 883 2506 938 faciunt
2540 898 2714 940 annos
2746 899 3121 941 εσεοιιιιιιιε
3155 886 3213 939 in
3261 885 3461 955 quibus

247 980 442 1045 christi,
476 979 528 1034 id
572 986 658 1035 est
690 979 1024 1044 sacerdotes,
1063 994 1159 1049 per
1215 979 1530 1034 unctionem
1579 978 1913 1042 consecrati,
1950 984 2321 1049 regnaverunt
2368 993 2543 1048 usque
2589 976 2655 1031 ad
2689 977 2998 1049 Hyrcanum
3029 994 3043 1030 :
3073 992 3182 1049 quo
3217 986 3462 1034 extremo

242 1073 469 1129 omnium
500 1088 530 1126 a
559 1071 777 1127 Parthis
802 1083 982 1142 capto.
1016 1072 1258 1129 Herodes
1286 1071 1559 1141 Antipatri
1611 1070 1754 1125 ﬁlius
1786 1069 1919 1125 nihil
1950 1070 2017 1125 ad
2049 1086 2109 1126 se
2139 1070 2500 1141 pertinentem
2541 1070 2782 1127 Judaeum
2808 1070 2877 1125 ab
2921 1069 3166 1138 Augusto
3188 1074 3243 1123 et
3269 1075 3464 1124 senatu

242 1164 458 1235 accipit;
495 1163 702 1233 ﬁliique
722 1164 845 1231 ejus
870 1172 991 1232 post
1018 1179 1141 1218 eum
1171 1168 1559 1234 regnaverunt,
1585 1177 1761 1227 usque
1790 1161 1859 1215 ad
1889 1161 2242 1218 novissimam
2272 1162 2775 1233 Hierosolymorum
2828 1160 3227 1229 captivitatem,
3254 1173 3465 1228 nequa-

240 1270 389 1326 quam
417 1271 480 1309 ex
516 1255 870 1310 successione
893 1254 1250 1310 sacerdotalis
1278 1255 1494 1325 generis
1528 1254 1878 1325 pontiﬁcibus
1900 1256 2240 1319 constitutis,
2275 1270 2451 1326 neque
2497 1255 2863 1325 perpetuitate
2888 1252 3013 1307 vita:
3053 1249 3356 1307 secundum
3385 1249 3465 1304 le-

237 1362 346 1416 gem
373 1344 538 1416 Moysi
575 1345 946 1400 servientibus
991 1344 1122 1399 Deo.
1154 1342 1430 1416 lgnobiles
1459 1358 1592 1398 vero
1636 1343 1883 1415 quidam,
1914 1352 1971 1399 et
2014 1344 2122 1399 alio
2166 1352 2413 1413 tempore
2437 1344 2553 1408 alii,
2598 1351 2652 1398 et
2684 1342 2932 1397 nonnulli
2975 1340 3140 1395 unius
3169 1340 3319 1404 anni,
3350 1340 3466 1396 sive

237 1438 434 1494 modico
453 1438 709 1508 amplius,
738 1452 769 1491 a
802 1435 1068 1491 Romanis
1094 1437 1518 1508 imperatoribus
1538 1437 1905 1493 sacerdotium
1929 1438 2201 1493 emebant.
2243 1435 2375 1502 Quae
2400 1436 2583 1491 omnia
2616 1436 2781 1491 etiam
2814 1434 3005 1489 Daniel
3036 1433 3297 1510 prOpheta
3324 1433 3466 1488 vati-

235 1530 435 1585 cinatur
460 1527 533 1584 ita
560 1528 752 1583 dicens
780 1545 793 1580 :
827 1526 898 1580 Et
929 1537 1045 1596 post
1078 1526 1425 1581 hebdomadas
1465 1543 1542 1582 vn
1572 1537 1621 1583 et
1658 1543 1796 1592 Lm,
1822 1528 2060 1583 interibit
2103 1527 2357 1591 chrisma,
2392 1537 2442 1582 et
2463 1525 2727 1595 judicium
2762 1542 2867 1580 non
2898 1527 3000 1580 erit
3030 1526 3086 1579 in
3113 1541 3172 1579 eo
3201 1540 3221 1579 :
3253 1533 3302 1579 et
3326 1535 3460 1579 tem-

232 1623 362 1692 plum
383 1630 430 1676 et
457 1630 703 1693 sanctum
727 1628 1021 1686 corrumpet
1046 1621 1268 1689 populus
1291 1618 1421 1674 duce
1452 1620 1683 1674 veniente
1708 1636 1724 1674 :
1756 1626 1805 1674 et
1847 1618 2112 1674 cwdentur
2134 1620 2188 1671 in
2232 1619 2553 1688 cataclysmo
2590 1617 2714 1672 belli
2753 1615 2902 1683 (ibid.
2931 1615 3044 1686 26).
3079 1614 3147 1670 Et
3179 1615 3236 1670 in
3261 1631 3458 1673 conse-

231 1713 554 1787 quentibus:
591 1711 663 1766 Et
691 1727 844 1782 super
894 1712 1162 1781 templum,
1188 1713 1378 1777 inquit,
1406 1711 1736 1770 abominatio
1791 1712 2178 1767 desolationuni
2208 1728 2226 1765 :
2269 1722 2318 1765 et
2351 1728 2513 1781 usque
2563 1711 2631 1764 ad
2672 1709 3174 1764 consummationem
3214 1709 3460 1778 temporis

230 1804 598 1861 semmmatio
622 1801 839 1858 dabitur
863 1819 1020 1875 super
1049 1802 1430 1858 desolationem
1452 1800 1615 1873 (Ibid.
1648 1802 1760 1873 27).

1169 1975 1360 2016 OLYIP.
1438 1976 1671 2014 ABRAIIA-
1729 1976 1933 2015 ᾹΞϐΥΡτ.
2057 1977 2171 2015 JUD.

1505 2046 1606 2087 IUS

2330 1977 2458 2015 ROI.

1718 2100 1950 2170 Cleopa-
1994 2098 2237 2154 llerodes
2312 2101 2493 2168 Augu-

1793 2177 1879 2223 tra
2331 2179 2453 2225 stus

1169 2268 1374 2281 ———
1443 2268 1652 2279 -——-—
1726 2268 1866 2284 αρ-
1892 2267 1938 2278 I-
2008 2269 2220 2280 ———-

1778 2370 1809 2405 a
1838 2351 1878 2408 l.
1905 2350 2235 2425 HERODES;
2258 2352 2585 2425 alienigena,
2617 2351 2916 2425 deﬁciente
2940 2367 3076 2423 pon-

282 2484 495 2541 Antonii
540 2506 587 2577 7‘
630 2484 749 2577 7R,
795 2481 1104 2553 DCCXX,
1189 2509 1325 2577 187
1469 2485 1606 2541 1984

217 2582 263 2633 et
286 2577 503 2650 Augusti
525 2576 733 2634 fmdus.

1791 2491 1851 2545 l8

1921 2424 2126 2545 tilicuu;
2157 2423 2486 2544 principatu,
2522 2422 2681 2503 annis
2710 2422 2917 2478 xxxvu'.

279 2696 580 2754 bHerodes
614 2696 917 2752 Ananelum
943 2694 1233 2766 quemdam
1262 2701 1328 2751 de
1361 2694 1637 2766 Babylone
1661 2695 1897 2751 accitum
1928 2696 2234 2768 pontiﬁcem
2267 2698 2577 2755 Judaeorum
2609 2699 2894 2755 constituit
2919 2715 2931 2751 :
2960 2707 3014 2756 et
3048 2707 3171 2771 post
3201 2700 3456 2773 exiguum

202 2792 482 2862 temporis,
514 2791 899 2846 Aristobulum
949 2788 1171 2845 fratrem
1215 2790 1407 2846 uxoris
1446 2806 1582 2854 sure,
1638 2799 1891 2863 nepotem
1938 2791 2203 2866 Hyrcani,
2241 2809 2617 2852 successorem
2647 2794 2698 2851 ei
2724 2794 2909 2851 dedit:
2943 2811 3051 2869 quo
3089 2803 3213 2869 post
3255 2811 3455 2853 annum

221 2881 513 2951 inteﬂ’ecto,
554 2897 776 2939 rursum
802 2882 1047 2939 Ananelo
1073 2880 1308 2937 reddidit
1333 2882 1725 2938 sacerdotium.

1482 3004 1619 3058 1983

1485 3074 1617 3128 193ῦ

279 3003 524 3059 Colonias
566 3001 840 3057 deduxere
870 3000 1120 3056 Romani.

276 3090 302 3126 c
321 3079 609 3145 Augustus
647 3072 997 3145 triumphavit
1024 3087 1120 3145 pe-

217 3141 774 3199 destris'certaminis
827 3142 1123 3210 triumpho.

1801 3005 1864 3058 l9

1793 3075 1866 3128 20

2110 3006 2148 3060 2
2362 3006 2443 3062 12η

2112 3077 2147 3131 5
2363 3076 2431 3133 15

276 3253 484 3312 Nicetes
501 3269 560 3313 et
579 3254 830 3326 Hybreas
860 3254 957 3326 lat.
991 3252 1260 3327 Tybreas]
1305 3259 1359 3310 et
1382 3251 1725 3319 Theodorus,
1754 3262 1810 3310 et
1842 3254 2023 3314 Plutio
2053 3255 2383 3316 nobilissimi
2414 3259 2552 3319 artis
2579 3260 2869 3321 rhetoricae
2891 3262 3065 3322 Graeci
3091 3275 3453 3339 praeceptores

220 3348 487 3406 habentur.

217 3510 421 3602 Δαρεῖον
448 3528 810 3592 ἀνανεώσεως
838 3529 932 3582 τοῦ
977 3528 1143 3600 ίεροῦ,
1180 3528 1321 3582 κατὰ
1350 3526 1448 3599 τὴν
1482 3527 1780 3600 ἑξηκοστὴν

218 3625 299 3677 καὶ
323 3623 581 3693 πέμπτην
630 3621 982 3692 Ὀλυμπιάδα,
1003 3620 1262 3692 λήξαντες
1287 3621 1343 3674 δὲ
1367 3621 1461 3675 ἐπὶ
1492 3619 1776 3691 Ὑρκανὸν,

217 3716 299 3769 ἐπὶ
324 3717 419 3787 τῆς
448 3722 587 3788 pm,“
634 3714 1013 3785 Ὀλυμπιάδος
1043 3713 1111 3767 τὰ
1137 3712 1192 3767 δὲ
1221 3712 1422 3785 μεταξὺ
1452 3712 1655 3766 τούτων
1686 3729 1777 3781 γε·

217 3810 386 3864 νέσθαι
429 3812 527 3880 ἔτη
579 3815 731 3877 υπγ,
760 3808 932 3862 ὁπόσα
958 3807 1023 3879 δὴ
1055 3810 1089 3879 ή
1120 3808 1211 3861 τοῦ
1247 3808 1444 3879 Δανιὴλ
1476 3807 1777 3879 προφητεία

217 3899 442 3965 θεσπίζει
477 3903 740 3970 λέγουσα·
774 3900 881 3954 Kal
926 3898 1126 3968 γνώσῃ
1177 3902 1272 3954 καὶ
1321 3899 1614 3966 συνήσεις
1658 3898 1777 3954 ἀπὸ

217 3992 414 4056 ἐξόδου
443 3995 641 4064 λόγου
668 3992 774 4046 τοῦ
802 3992 1215 4061 ἀποκριθῆναι,
1263 3993 1361 4047 καί
1408 3992 1514 4047 τοῦ
1553 3993 1779 4047 0124:060-

218 4082 389 4152 μῆσαι
432 4083 850 4154 Ἰερουσαῑὴμ,
886 4083 998 4150 ἕως
1030 4085 1284 4153 Χριστοῦ
1315 4086 1649 4155 ’ἡγουμένου
1685 4087 1777 4141 ἐϐ-

219 4171 454 4242 δομὰδες
486 4176 646 4230 ἑπτὰ
692 4175 790 4228 καὶ
841 4174 1158 4244 ἐόδομάδες
1185 4175 1291 4240 E6".
1334 4169 1502 4229 Δῦται
1533 4178 1588 4230 αἱ
1622 4176 1778 4231 ἐννέα

218 4264 300 4317 καὶ
341 4260 612 4337 ἐξήκοντα
656 4265 944 4335 ἐϐδομάδες
989 4264 1365 4337 συμπληροῦσι
1408 4266 1596 4337 χρόνον
1642 4264 1777 4319 ἑτῶν

218 4361 348 4421 ντί-γ’·
380 4357 555 4409 ὁπόσα
583 4354 677 4426 ἐτη
710 4354 967 4424 τυγχάνει
1012 4354 1114 4425 τῆς
1160 4354 1337 4425 ἀρχῆς
1380 4354 1489 4407 τῶν
1539 4353 1777 4429 χριστῶν

218 4442 540 4516 ἡγουμένων·
592 4439 668 4500 ῶν
715 4444 1019 4499 τελευταίου
1074 4444 1341 4517 Ὑρκανοῦ
1392 4445 1501 4499 ἀπὸ
1550 4444 1780 4517 Πάρθων

215 4536 548 4604 αἰχμαλώτου
589 4534 903 4605 ληφθέντος,
939 4535 969 4587 ό
1010 4533 1254 4605 Ἡρώδης
1284 4534 1379 4605 τοῦ
1426 4535 1779 4605 Ἀντιπάτρου

218 4625 371 4695 μηδὲν
412 4629 800 4697 προσήκουσαν
844 4625 991 4697 αὐτῷ
1034 4625 1132 4697 τὴν
1177 4626 1285 4680 τῶν
1335 4626 1600 4679 Ἰουδαίων
1629 4626 1782 4696 βασι-

215 4714 352 4771 λείαν
380 4719 487 4771 ὑπὸ
528 4717 842 4786 Αὐγούστου
883 4719 977 4772 καὶ
1010 4716 1310 4788 συγκλήτου
1350 4717 1635 4789 Ῥωμαίων
1676 4736 1780 4773 πα-

215 4807 564 4879 ραλαμϐάνειο
618 4809 851 4863 κᾶπειτα
898 4811 947 4862 οί
997 4809 1186 4863 τούτου
1235 4808 1421 4872 παῖδες
1473 4809 1632 4880 μέχρι
1681 4810 1781 4880 τῆς

218 4900 443 4971 ὑστάτης
488 4901 878 4971 Ἱεροσολύμων
906 4901 1237 4971 πολιορκίας
1269 4900 1367 4953 οὐκ
1399 4899 1478 4954 ἔτι
1510 4903 1556 4954 οἱ
1580 4903 1644 4954 ὲκ
1668 4901 1783 4954 δια-

216 4989 364 5062 δοῂς
388 4993 483 5046 τοῦ
516 4992 790 5063 ἱερατικοῦ
822 4993 1008 5060 γένους
1037 4993 1258 5063 ίερῶντο
1286 4991 1363 5062 τῷ
1387 4991 1525 5062 Θεῷ,
1558 4991 1677 5045 οὐδὲ
1696 4990 1782 5045 διὰ

218 5080 325 5148 βίου
354 5083 498 5136 κατὰ
529 5083 623 5135 τὸν
655 5082 933 5146 Μωῦσέως
965 5082 1146 5153 νόμον·
1185 5081 1387 5153 ἄσημοι
1419 5081 1477 5138 δέ
1508 5098 1652 5145 τινες
1682 5080 1778 5136 άλ-

217 5170 328 5227 ima
354 5174 522 5228 ῑιλλοι·
551 5175 645 5227 καὶ
664 5176 715 5227 οἱ
744 5176 840 5245 μὲν
861 5173 1141 5245 ἐνιαύσιοι,
1165 5175 1214 5227 οἱ
1232 5174 1287 5227 δὲ
1304 5174 1382 5226 ἔτι
1410 5172 1574 5243 ὀλίγῳ
1596 5172 1775 5235 πλέον,

218 5266 357 5335 παρὰ
386 5268 498 5318 τῶν
546 5266 865 5336 Ῥωμαϊκῶν
893 5266 1209 5337 ἡγουμένων
1246 5265 1344 5336 τὴν
1374 5264 1780 5334 ἀρχιερωσύνην

214 5353 523 5420 ἐξωνοῦνται.

291 5445 543 5517 Ἡρώδης
588 5448 939 5518 Ἀντιπάτρου
984 5446 1075 5501 τοῦ
1121 5444 1513 5500 Ἀσκαλωνίτου
1551 5446 1644 5498 καὶ
1683 5462 1780 5516 μη-

218 5533 339 5603 τρὸς
362 5535 643 5606 Κύπριδος
684 5538 1009 5609 Ἀραδίσσης
1043 5537 1192 5590 οῦδὲν
1221 5535 1369 5606 αύτῷ
1401 5536 1777 5607 προσήκουσαν

221 5621 312 5690 τὴν
345 5624 618 5679 Ἰουδαίων
649 5626 921 5695 βασιλείαν
953 5625 1057 5679 ὑπὸ
1088 5624 1371 5696 Ῥωμαίων
1397 5623 1775 5696 ἐγχειρίζεται,

223 5711 335 5761 καθ’
367 5712 425 5765 δν
457 5712 564 5780 τῆς
591 5712 676 5767 τοῦ
709 5714 942 5783 Χριστοῦ
972 5716 1270 5783 γεννήσεως
1297 5712 1714 5777 πλησιαζούσης,
1742 5715 1775 5779 ἡ

1886 3531 1950 3583 ὲκ
1976 3530 2240 3600 προγόνου
2271 3532 2509 3605 διαδοχὴ,
2547 3536 2927 3609 ἀρχιερωσύνη
2949 3555 3011 3592 τε
3039 3541 3137 3594 καὶ
3172 3542 3313 3614 ἁρχὴ
3346 3543 3455 3599 τῶν

1898 3620 2163 3675 Ἰουδαίων
2226 3623 2518 3693 κατελύθη,
2582 3627 3076 3700 συμπληρουμένης
3140 3631 3241 3703 τῆς
3306 3635 3453 3705 παρά

1883 3711 2087 3783 Μωῦσῇ
2126 3712 2388 3785 λεγούσης
2416 3718 2768 3788 προφητείας·
2806 3721 2925 3774 οὐκ
2957 3720 3224 3790 ἐκλείψει
3255 3721 3455 3793 ἅρχων

1881 3801 1951 3866 ἐξ
2000 3802 2205 3869 Ἰούδα,
2251 3805 2352 3859 καὶ
2389 3806 2591 3878 ἅρχων
2619 3811 2688 3863 ἐκ
2722 3810 2842 3865 τῶν
2864 3811 3073 3880 μηρῶν
3097 3812 3304 3877 αὐτοῦ,
3343 3814 3455 3880 ἕως

1882 3891 1959 3947 ἂν
1979 3896 2127 3963 ἔλθῃ
2148 3887 2197 3962 ᾧ
2219 3897 2545 3963 ἀπόκειται,
2570 3900 2667 3953 καὶ
2688 3901 2871 3969 αὐτὸς
2891 3904 3224 3972 προσδοκία
3241 3904 3449 3959 ἐθνῶν.

1893 3985 2049 4059 Ἑξῆς
2074 3988 2132 4042 δὲ
2164 3990 2193 4042 ὁ
2225 3990 2421 4062 Δανιὴλ
2451 3993 2782 4064 προφητεύει
2807 3992 3000 4063 λέγων’
3033 3996 3141 4050 Καὶ
3167 3996 3320 4065 μετὰ
3344 3997 3453 4062 τὰς

1878 4075 1925 4139 ζ’
1955 4079 2052 4133 καὶ
2086 4078 2171 4145 ξδ’
2198 4080 2529 4152 ἑϐδομάδας
2553 4083 3143 4155 ἐξολοθρευθήσεται,
3183 4087 3282 4142 καὶ
3327 4090 3455 4158 χρι-

1879 4184 2005 4240 σμα
2030 4174 2140 4227 οὐκ
2159 4172 2331 4227 ἔσται
2353 4174 2423 4228 ἐν
2441 4174 2623 4241 αὐτῷ,
2652 4176 2752 4230 καί
2778 4177 2846 4232 τὸ
2878 4178 3038 4246 ἱερὸν
3067 4178 3166 4233 καί
3194 4178 3261 4234 τὸ
3284 4179 3454 4251 ἅγιον

1880 4261 2181 4331 διαφθερεῖ
2200 4264 2350 4331 λαός
2374 4266 2708 4336 ἡγουμένου
2753 4267 3100 4338 ἐρχομένου,
3144 4271 3241 4324 καί
3277 4270 3455 4337 κοπῆ-

1881 4366 2089 4406 σονται
2116 4353 2189 4406 ἐν
2231 4354 2636 4429 κατακλυσμῷ
2679 4356 2965 4426 πολέμου·
3007 4358 3101 4413 καὶ
3140 4359 3267 4429 ἑξῆς
3298 4376 3450 4430 φησι·

1881 4444 1991 4499 Καὶ
2019 4444 2117 4498 ἐπὶ
2164 4445 2231 4499 τὸ
2277 4446 2438 4517 ἱερὸν
2456 4445 2772 4518 ,βδέλυγμα
2808 4447 2929 4503 τῶν
2956 4447 3329 4521 ἐρημώσεων,
3355 4451 3453 4503 καὶ

1880 4536 1987 4601 ἕως
2017 4537 2373 4604 συντελείας
2409 4537 2616 4606 καιροῦ
2655 4537 2975 4593 συντέλεια
3010 4537 3325 4605 δοθήσεται
3354 4538 3451 4595 ἐπὶ

1881 4626 1997 4695 τὴν
2016 4627 2338 4697 ἐρήμωσιν.
2365 4628 2524 4701 Sync.
2550 4645 2601 4699 p.
2631 4629 2755 4694 509,
2781 4630 2906 4685 510.

1953 4733 1988 4773 a
2016 4716 2137 4770 Τῶν
2184 4719 2345 4790 παρὰ,
2394 4718 2667 4785 Ἰουδαίοις
2720 4719 3021 4792 ἀρχιερέων
3071 4719 3449 4782 ἐκλειπόντων,

1896 4808 2139 4880 Ἡρώδης
2186 4809 2480 4880 ἀλλόφυλος
2540 4810 2830 4880 βασιλεύει.
2891 4810 3087 4867 Chron.
3153 4812 3332 4882 pascit.
3394 4826 3448 4883 ρ.

1888 4901 2009 4966 189,
2044 4900 2114 4954 Α.

1955 4986 1984 5040 b
2033 4984 2295 5059 Ἡρώδης,
2343 4988 2626 5061 Ἀνάνηλόν
2660 5007 2779 5044 τινα
2819 4990 3309 5062 μεταπεμψάμενος
3344 4989 3452 5047 ἀπὸ

1884 5077 2223 5143 Βαϐυλῶνος,
2264 5079 2540 5134 Ἰουδαίων
2580 5081 2841 5153 ἀρχιερέα
2883 5079 3189 5152 καθίστησι.
3227 5080 3361 5135 Μετ’
3388 5080 3449 5132 ού

1887 5169 2019 5225 πολὺ
2058 5169 2135 5233 δὲ,
2180 5168 2366 5223 τοῦτον
2407 5169 2635 5235 παύσας,
2678 5172 3077 5242 Ἀριστόϐουλον
3106 5171 3197 5225 τὸν
3227 5169 3451 5239 ἀδελφὸν

1883 5262 1982 5333 τῆς
2024 5260 2215 5315 ἑαυτοῦ
2263 5261 2537 5330 γυναικὸς,
2580 5261 2695 5314 υἱὸν
2735 5262 2862 5319 ὄντα
2910 5261 3199 5333 Ὑρκανοῦ,
3229 5260 3323 5314 ἐπὶ
3350 5259 3448 5329 τήν

1884 5352 2047 5425 τιμήν
2081 5353 2329 5422 προάγει.
2378 5353 2653 5407 Ἐνιαυτοῦ
2681 5353 2736 5408 δὲ
2760 5353 3158 5427 διαγενομένου,
3192 5351 3351 5406 πάλιν
3371 5348 3447 5419 τῷ

1898 5440 2170 5512 Ἀνανήλῳ
2229 5441 2539 5506 ἀποδίδωσι,
2608 5442 2697 5495 τὸν
2769 5442 3170 5514 Ἀριστόϐουλον
3222 5437 3449 5495 ἀνελών..

1886 5532 2033 5587 Idem
2066 5547 2119 5602 p.
2148 5532 2269 5597 190,
2302 5531 2366 5598 Β,
2395 5541 2445 5587 et
2473 5532 2630 5603 Sync.
2659 5548 2711 5601 p.
2742 5534 2867 5598 511,
2903 5532 2952 5586 ο

1953 5640 1979 5676 c
2014 5622 2318 5692 Αὔγουστος
2361 5625 2524 5688 πεζὸν
2560 5623 2923 5696 ἐθριάμϐευσε
2962 5620 3246 5694 θρίαμϐον.
3279 5616 3454 5695 Sync.

1880 5728 1930 5780 p.
1964 5711 2086 5771 505,
2114 5711 2179 5765 D.
