3930 6178
471 223 580 285 Δῧῆ
1502 217 1808 277 EUSEBll
1849 216 1946 275 CH
1958 215 2032 275 Β(

2137 218 2408 279 ,αοιίοΜ
2447 219 2585 278 Lm,
2622 218 2680 276 ll
3550 234 3632 294 με

506 366 587 377 α...
608 367 797 375 ...ο-ο...

1597 460 1786 499 οιγιιρ.
1841 460 2100 501 CHRISTUS
2182 460 2298 501 δυο.
2453 461 2559 501 ROII

1567 750 1775 762 --——
1845 753 2055 765 ._—-.--._
2125 755 2329 765 -α-

500 790 576 859 It.
646 789 1014 862 DCCCXX.
1610 796 1753 863 212
1928 780 1995 848 6'9

2140 589 2333 659 Agrip-
2441 586 2579 642 Nero

2197 674 2263 727 p11

2204 795 2274 848 24
2486 795 2555 848 14

558 983 621 1040 L.
654 989 892 1043 Annaeus
928 986 1115 1052 Melas,
1151 984 1369 1041 Senecae
1401 986 1569 1043 frater
1593 996 1648 1043 et
1670 987 1962 1053 Gallionis,
1993 988 2135 1044 bona
2162 989 2367 1046 Lucani
2399 998 2594 1063 poetae,
2618 992 2714 1048 ﬁlii
2745 996 2855 1061 sui,
2885 993 3147 1051 aNerone
3167 1007 3499 1067 promeretur.

563 1099 597 1136 a
628 1082 829 1136 Contra
863 1080 1103 1145 Iudaeos,
1137 1081 1230 1151 qui
1259 1080 1426 1136 Cestii
1460 1078 1602 1134 Flori
1634 1080 1917 1134 avaritiam
1950 1096 2061 1136 non
2108 1079 2345 1139 ferentes
2374 1086 2730 1154 rebellabant,
2756 1085 3127 1158 Vespasianus
3154 1089 3399 1160 magister
3426 1093 3600 1149 militiae
3620 1111 3643 1149 a

486 1171 703 1228 Nerone
728 1176 1134 1242 transmittitur,
1169 1178 1266 1247 qui
1290 1178 1548 1247 plurimas
1577 1176 1776 1233 Judazaa
1803 1179 1964 1234 urbes
1997 1177 2164 1246 capit.

558 1265 587 1316 b
617 1264 832 1321 Flavius
849 1266 1115 1338 Iosephus
1142 1271 1375 1338 scriptor
1403 1270 1721 1335 historicus,
1748 1270 1854 1324 dux
1887 1269 2012 1323 belli
2034 1267 2365 1337 Judaeorum,
2390 1285 2516 1326 cum
2547 1288 2579 1328 a
2599 1271 2859 1329 Romanis
2884 1273 3288 1328 interﬁciendos
3308 1283 3461 1341 esset,
3482 1275 3648 1350 Vespa-

489 1356 642 1411 siano
673 1358 998 1427 praenuntiat
1025 1358 1091 1414 de
1126 1368 1300 1414 morte
1325 1358 1575 1427 Neronis,
1611 1368 1666 1415 et
1693 1359 1810 1427 ejus
1834 1360 2084 1429 imperio.

557 1466 586 1504 ο
614 1449 774 1516 Nero,
804 1466 935 1512 cum
956 1469 988 1506 a
1030 1462 1218 1509 senatu
1242 1461 1574 1525 quereretur
1604 1434 1936 1522 ad‘pmuam,
1963 1467 1994 1507 e
2059 1450 2259 1521 palatio
2289 1450 2521 1523 fugiens,
2554 1453 2622 1509 ad
2655 1462 2912 1525 quartum
2944 1452 3106 1510 Urbis
3152 1453 3447 1509 milliarium
3474 1457 3523 1511 in
3548 1460 3650 1514 sub-

487 1542 699 1595 urbano
745 1542 1206 1615 libertisuiinter
1242 1546 1506 1599 Salariam
1552 1552 1604 1600 et
1637 1542 2026 1598 Nomentanam
2083 1542 2226 1597 viam
2261 1544 2611 1614 semetipsum
2643 1544 2940 1611 interﬁcit,
2974 1558 3120 1599 anno
3151 1545 3323 1600 aetatis
3363 1561 3470 1602 sua:
3504 1562 3650 1622 mu,

485 1639 648 1701 atque
678 1631 730 1685 in
766 1647 830 1685 eo
858 1634 1038 1689 omnis
1071 1633 1298 1703 Augusti
1331 1633 1534 1687 familia
1559 1639 1938 1686 consummata
1968 1636 2071 1683 est.

556 1723 590 1775 α
626 1723 752 1779 Post
784 1722 1050 1779 Neronem
1083 1723 1250 1779 Galba
1284 1726 1339 1779 in
1372 1722 1611 1787 lliberia,
1638 1720 1889 1777 Vitellius
1916 1721 1970 1775 in
2009 1717 2320 1786 Germania,
2354 1718 2493 1776 Otho
2523 1720 2726 1788 Romae,
2763 1723 3047 1794 imperium
3072 1725 3427 1797 arripuerunt.

559 1814 775 1870 Marcus
806 1815 1005 1871 Fabius
1036 1815 1404 1880 Quintilianus
1432 1815 1658 1869 Romam
1692 1829 1721 1867 a
1754 1812 1918 1868 Galba
1951 1810 2287 1881 perducitur.

560 1921 588 1957 ε
617 1903 982 1974 Vespasianus
1011 1907 1223 1960 duobus
1256 1906 1457 1975 prmliis
1481 1913 1768 1975 superatos
1787 1902 2002 1958 Judzeos
2032 1903 2099 1957 ad
2123 1916 2312 1957 muros
2336 1903 2616 1975 compulit.

557 1989 725 2049 Galba
767 1996 998 2066 septimo
1026 2011 1212 2051 mense
1245 1997 1453 2067 imperii
1494 1997 1578 2051 sui
1606 1996 1658 2048 in
1689 1992 1866 2048 medio
1890 1993 2149 2047 Romanae
2179 1993 2330 2048 urbis
2362 1992 2479 2048 foro
2513 1993 2692 2064 capite
2722 2002 3029 2052 truncatur.

556 2084 700 2139 Otho
730 2087 890 2141 tertio
925 2087 1073 2156 regni
1106 2087 1188 2141 sui
1221 2101 1405 2141 mense
1424 2086 1566 2156 apud
1599 2084 1907 2139 Vetriacum
1940 2082 2045 2154 [αι.
2071 2081 2417 2154 Bebriacum]
2448 2084 2667 2154 propria
2699 2100 2863 2139 manu
2894 2087 3176 2144 occubuit.

551 2175 820 2242 Vitellius,
851 2191 881 2230 a
919 2176 1237 2247 Vespasiani
1288 2178 1518 2232 ducibus
1568 2177 1806 2241 occisus,
1843 2174 2168 2250 inITiberim
2203 2174 2503 2243 projicitur,
2543 2185 2735 2232 octavo
2772 2194 2959 2236 mense
3010 2181 3224 2253 imperii
3247 2183 3353 2252 sui,
3372 2190 3424 2240 et
3444 2183 3523 2240 die
3552 2201 3658 2243 uno.

554 2267 743 2334 Galba,
771 2268 931 2337 Otho,
964 2269 1232 2336 Vitellius,
1270 2277 1629 2341 regnaverunt
1653 2283 1799 2323 anno
1826 2254 2259 2331 uno,'mensibus
2290 2282 2402 2324 sex.

552 2358 581 2428 f
610 2358 912 2416 Antiochia:
946 2361 1223 2418 secundus
1251 2361 1541 2433 episcopus
1564 2361 1850 2418 ordinatur
1874 2360 2134 2433 lgnatius.

970 2675 990 2705 Χ

1913 2784 1980 2837 70

2261 2555 2292 2607 g
2321 2536 2439 2591 νη..
2505 2536 2977 2597 VESPASIANUS
3010 2542 3173 2599 annis
3200 2558 3278 2610 lx,
3311 2544 3571 2600 mensibus
3597 2557 3659 2605 an.

2362 2626 2554 2685 diebus
2578 2645 2713 2686 χχιι.

2189 2781 2262 2839 25
2512 2789 2534 2841 l

540 2934 572 2987 Ιι
608 2935 977 3005 Vespasianus
1010 2935 1152 3006 apud
1176 2933 1420 2991 Iudaeam
1456 2934 1752 3006 imperator
1778 2936 1849 2995 ab
1871 2938 2116 2996 exercitu
2151 2940 2474 3010 appellatus,
2499 2948 2554 2997 et
2599 2940 2797 2997 bellum
2839 2939 2963 2998 Tito
2993 2941 3105 2999 ﬁlio
3136 2944 3542 3008 commendans,
3571 2941 3660 2999 lio-

480 3046 623 3088 mam
655 3047 751 3103 per
776 3031 1159 3087 Alexandriam
1190 3031 1578 3103 proficiscitur.

544 3188 872 3261 Capitolium
901 3189 1084 3246 Romae
1112 3191 1416 3247 incensum.
1910 3194 1967 3247 71

2184 3195 2253 3248 26
2497 3198 2531 3250 2

547 3386 775 3453 iTitus,
807 3387 991 3445 Iudaea
1034 3394 1189 3456 capta
1234 3396 1287 3441 et
1328 3385 1716 3458 Hierosolymis
1747 3386 2056 3455 subversis,
2089 3402 2153 3453 nc
2189 3391 2355 3445 millia
2404 3392 2644 3446 virorum
2693 3389 2966 3447 interﬁcit.
3011 3388 3290 3462 Josepbus
3338 3404 3464 3446 vero
3507 3385 3667 3444 scribit

476 3479 733 3534 undecies
764 3488 993 3533 centena
1024 3478 1190 3531 millia
1222 3479 1361 3534 fame
1392 3485 1446 3532 et
1485 3477 1665 3548 gladio
1697 3478 1947 3548 periisse,
1979 3485 2033 3534 et
2064 3480 2168 3533 alia
2199 3490 2413 3536 centum
2443 3482 2610 3536 millia
2639 3484 2976 3552 captivorum
3012 3483 3238 3553 publice
3270 3480 3585 3537 venundata.
3612 3473 3673 3532 Ut

475 3577 652 3622 autem
690 3576 837 3623 tanta
865 3568 1156 3623 multitudo
1186 3567 1578 3638 Hierosolymis
1608 3569 1962 3637 reperiretur,
1990 3586 2215 3627 causam
2244 3586 2554 3642 azymorum
2585 3570 2757 3626 fuisse
2780 3573 2984 3627 refert:
3015 3573 3086 3627 ob
3113 3588 3243 3642 quae
3270 3587 3334 3627 ex
3367 3570 3507 3624 omni
3538 3572 3673 3637 gente

469 3657 639 3713 Judaai
665 3659 729 3713 ad
764 3658 1019 3727 templum
1043 3657 1399 3725 conﬂuentes,
1433 3658 1563 3712 urbe
1594 3658 1751 3728 quasi
1781 3674 2005 3716 carcere
2061 3671 2189 3716 sunt
2234 3661 2448 3716 reclusi.
2489 3659 2739 3731 Oportuit
2769 3661 2913 3717 enim
2941 3661 2998 3717 in
3027 3662 3113 3719 his
3143 3662 3343 3720 diebus
3372 3661 3675 3717 Pascbaeeos

473 3753 728 3820 interﬁci,
752 3754 804 3808 in
830 3753 1029 3824 quibus
1065 3751 1400 3808 Salvatorem
1428 3753 1834 3808 cruciﬁxerant.

540 3968 573 4004 a
608 3949 846 4002 Ἰουδαῖοι
878 3945 1159 4015 Ῥωμαίων
1189 3943 1500 4015 ἀπέστησαν
1520 3946 1613 3998 ἐπὶ
1641 3946 1857 4000 Γεστίου
1884 3947 2028 4000 Φλώ-

469 4057 566 4113 ρου
598 4039 683 4091 διὰ
717 4034 1023 4099 πλεονεξίαν
1065 4030 1227 4086 αὐτοῦ
1262 4032 1526 4107 ἄμετρονο
1558 4038 1642 4104 ἐφ’
1674 4036 1765 4101 οὒς
1791 4039 1819 4092 ὁ
1839 4038 2027 4108 Νέρων

466 4127 873 4186 Οὐεσπασιανὸν
939 4122 1410 4197 στρατοπεδάρχην
1477 4126 1801 4198 ἐξέπεμψεν.
1878 4127 2024 4182 Idem

466 4239 520 4293 ρ.
548 4220 669 4284 556,
701 4218 766 4273 D.

538 4312 567 4366 b
603 4310 826 4374 Φλάϐιος
881 4309 1185 4378 Ἰώσηππος
1234 4310 1612 4380 συγγραφεὺς,
1652 4308 2029 4379 στρατηγήσας

469 4402 607 4473 ὑπὲρ
642 4397 952 4461 Ἰουδαίων,
1003 4400 1096 4452 καὶ
1131 4398 1337 4469 μέλλων
1368 4400 1445 4462 εἰς
1477 4397 1565 4450 τὸν
1602 4397 1831 4468 πόλεμον
1876 4398 2028 4451 ἀναι-

474 4489 679 4561 ρεῖσθαι
704 4528 722 4555 ,
770 4486 1010 4550 θεσπίζει
1049 4488 1440 4557 Οὐεσπασιανῷ
1480 4488 1607 4559 περὶ
1645 4489 1744 4558 τῆς
1779 4487 2029 4558 Νέρωνος

467 4582 759 4650 τελευτῆς,
792 4578 884 4631 καὶ
925 4577 1024 4647 τῆς
1065 4577 1226 4632 αὑτοῦ
1274 4575 1680 4630 Οὐεσπασιανοῦ
1733 4576 2025 4646 βασιλείας.

470 4672 660 4726 Clu-on.
690 4669 868 4740 pasclt.
890 4685 943 4737 p.
969 4668 1094 4729 250,
1120 4666 1189 4720 D.
1509 4703 1516 4710 -

536 4780 565 4817 c
593 4762 781 4832 Νέρων
807 4757 995 4835 ἐαυτρν
1027 4757 1254 4811 ἀνεῖλεν.
1284 4755 1549 4812 Cedrenus
1577 4771 1631 4825 ρ.
1662 4755 1785 4820 215,
1818 4756 1883 4811 1).

537 4852 574 4905 d
605 4850 760 4905 Μετὰ
787 4850 1035 4921 Νέρωνος
1077 4847 1286 4911 Γάλϐας
1329 4845 1675 4902 ἐϐασίλευσεν
1707 4847 1764 4899 ἐν
1798 4845 2024 4918 Ἰϐηρίᾳ,

468 4939 771 5000 οὒιτέλλιος
793 4938 849 4989 ὲν
876 4934 1175 5006 Γερμανίᾳκ
1205 4935 1380 4989 Ὄθων
1410 4936 1500 4989 ἐπὶ
1528 4934 1742 5005 Ῥώμης
1759 4951 1772 4967 ·
1801 4935 2027 4997 ἕκαστος

469 5030 645 5084 αὐτῶν
680 5029 786 5099 ἰδία
826 5027 994 5097 ἐπέϐη
1032 5029 1098 5097 τῇ
1139 5026 1298 5099 ἀρχῇ.
1348 5025 1541 5081 Chron.
1588 5026 1767 5095 pascit.
1809 5041 1861 5094 ρ.
1895 5026 2021 5093 245,

534 5228 562 5264 e
594 5208 996 5271 υὺεσπασιανὸς
1027 5208 1144 5261 δυσὶ
1189 5207 1439 5279 πολέμοις
1486 5210 1770 5273 Ἰουδαίους
1824 5210 2025 5281 τρεψά-

471 5318 627 5371 μενος
662 5299 999 5354 ἀπέκλεισεν.
1039 5297 1196 5369 Sync.
1227 5313 1277 5366 ῃ.
1313 5298 1447 5365 540,
1490 5299 1555 5354 Β.
1586 5299 1797 5363 Γάλϐας
1839 5300 2023 5352 ἐϐασί-

467 5393 624 5445 λευσε
676 5392 847 5462 μῆνας
895 5390 959 5454 ξ’,
1006 5390 1095 5442 καὶ
1143 5391 1199 5442 ἐν
1242 5389 1380 5461 μέσῃ
1411 5391 1474 5460 τῇ
1521 5390 1807 5460 Ῥωμαίων
1851 5390 2026 5461 ἀγορᾷ

470 5483 567 5557 τὴν
590 5480 826 5553 κεφαλὴν
853 5479 1163 5550 ἀπετμήθη.
1196 5478 1372 5530 Ὄθων
1398 5479 1717 5548 βασιλεύσας
1745 5480 1917 5550 μῆνας
1951 5486 2019 5547 γ’,

470 5572 820 5643 διεχειρίσατο
852 5572 1061 5623 ἑαυτόν,
1095 5568 1270 5620 Phron
1319 5568 1491 5637 pasch.
1526 5586 1575 5637 ρ.
1604 5571 1729 5633 245,
1757 5570 1881 5635 246,
1909 5573 1972 5625 Α.

2202 3948 2229 4010 f
2250 3948 2574 4017 ’Δντιοχείας
2597 3946 2890 4009 ἐπίσκοπος
2917 3945 3197 4014 Ἰγνάτιος.
3225 3946 3391 4018 Sync.
3412 3960 3464 4015 p.
3488 3916 3601 4007 5η,
3617 3939 3671 3995 Β.

2201 4090 2231 4143 g
2276 4071 2554 4143 Ῥωμαίων
2590 4069 2633 4133 ζ’
2685 4068 3029 4123 ἐϐασίλευσεν
3061 4067 3474 4131 Οὐεσπασιανὸς
3512 4066 3596 4136 ἐτη
3620 4062 3672 4117 θ’.

2135 4163 2329 4217 Chron.
2360 4160 2538 4231 pascit.
2570 4176 2623 4229 p.
2650 4159 2778 4223 246,
2805 4157 2872 4213 Α.

2206 4281 2237 4333 It
2264 4281 2668 4342 Οὐεσπασιανὸς
2691 4279 3064 4350 αὐτοκράτωρ,
3092 4280 3396 4352 στέψαντος
3419 4277 3572 4334 αὐτὸν
3595 4270 3678 4326 τοῦ

2136 4368 2386 4440 στρατοῦ,
2415 4368 2503 4420 τὸν
2526 4366 2669 4421 κατά
2710 4368 2974 4421 Ἰουδαίων
3002 4368 3325 4440 ἐγχειρίσας
3349 4366 3573 4437 πόλεμον
3600 4359 3678 4414 Τί-

2133 4478 2228 4530 τῳ.
2249 4459 2409 4522 αὐτὸς
2429 4459 2494 4511 δι’
2522 4456 2924 4528 Ἀλεξανδρείας
2940 4460 3019 4520 εἰς
3034 4458 3132 4527 τὴν
3161 4458 3458 4529 Ῥωμαίων
3481 4453 3681 4524 ἀφίκετο

2134 4551 2307 4604 πόλιν.
2341 4549 2487 4604 Idem
2517 4566 2568 4619 ρ.
2590 4548 2717 4613 246,
2746 4545 2886 4602 Α-σ.

2203 4666 2220 4716 ἱ
2243 4665 2417 4724 Τῖτος,
2449 4661 2729 4725 Ἰουδαίους
2752 4660 3133 4731 πολιορκήσας,
3148 4659 3248 4712 καὶ
3270 4659 3341 4713 τὰ
3365 4655 3682 4727 Ἰεροσόλυμα

2132 4753 2509 4823 κατασκάψας,
2526 4753 2617 4806 καὶ
2644 4751 2907 4822 μυριάδας
2937 4748 3144 4821 ἀνδρῶν
3172 4749 3462 4819 ἐφόνευσε.
3484 4744 3611 4818 Φησὶ
3636 4740 3684 4795 δὲ

2132 4847 2224 4900 καὶ
2257 4844 2557 4915 Ἰώσηππος
2589 4842 2730 4914 λιμῷ
2763 4842 2856 4896 καὶ
2889 4842 3132 4912 μαχαίρᾳ
3168 4841 3445 4912 μυριάδας
3482 4844 3547 4911 ρι’
3570 4837 3686 4889 ἀπο-

2132 4934 2352 4998 λέσθαι,
2411 4934 2503 4987 καὶ
2549 4933 2712 4996 ἄλλας
2766 4934 2914 5004 τρεῖς
2972 4930 3241 5003 μυριάδας
3303 4923 3687 5000 διαπεπράσθαι

2131 5024 2514 5097 αἰχμαλώτων*
2556 5025 2725 5077 αἴτιον
2755 5022 2811 5076 δὲ
2839 5023 2897 5077 τὸ
2923 5022 3142 5077 τοσοῦτο
3177 5016 3572 5093 πλῆθος-κατὰ
3602 5013 3688 5085 τὴν

2131 5119 2282 5172 πόλιν
2334 5116 2593 5189 εὑρῆσθαί
2636 5133 2768 5188 φησι
2801 5116 2898 5187 τὴν
2928 5115 3022 5170 τοῦ
3062 5116 3260 5185 Πάσχα
3300 5113 3532 5186 ἑορτὴν,
3573 5110 3625 5164 ἑν

2131 5210 2403 5272 πάντεςοὶ
2446 5207 2539 5261 τοῦ
2584 5206 2768 5269 ἔθνους
2798 5206 3246 5277 συνεληλυθὸντες
3286 5205 3367 5269 ὡς
3410 5205 3471 5257 ἐν
3515 5198 3685 5271 εἱρκτῇ

2131 5299 2582 5368 συνεκλείσθησαν
2601 5313 2615 5327 ⁸
2651 5297 2756 5351 ἔδει
2783 5298 2889 5369 γὰρ
2914 5298 3040 5360 τοὺς
3070 5298 3127 5350 ἐν
3153 5297 3349 5368 ἡμέρᾳ
3393 5292 3488 5349 τοῦ
3515 5290 3686 5358 Πάσχα

2129 5390 2207 5460 τῷ
2252 5391 2460 5461 Σωτῆρι
2486 5387 2938 5451 ἐπιϐουλευκότας
2977 5387 3051 5459 μὴ
3084 5386 3278 5443 ἄλλοτε
3309 5386 3382 5440 τὰ
3430 5383 3691 5453 ἐπίχειρα,

2129 5473 2202 5532 ὧν
2232 5480 2554 5550 ἐτόλμησαν,
2596 5479 2805 5532 παθεῖν.
2838 5478 3092 5532 Eusebius
3129 5478 3275 5545 apud
3308 5478 3473 5549 Sync.
3496 5490 3549 5545 Ρ.
3571 5467 3685 5532 349-,

2131 5573 2197 5636 Α,
2226 5582 2271 5623 et
2305 5572 2440 5640 apud
2475 5570 2650 5625 Chrrn
2697 5570 2876 5639 pascit.
2898 5587 2949 5638 p.
2978 5571 3103 5634 247,
3135 5571 3276 5625 Α-Β.
