3874 6178
491 283 605 358 463

1511 290 1815 353 EUSEBII
1850 292 2401 355 CHRONICORUM
2437 292 2584 358 LIB.
2613 296 2676 356 II
3505 307 3588 376 ια

1688 544 1876 585 οιῖΙΡ.
1942 544 2197 586 CHRISTUS
2277 544 2404 586 ROI.

1685 763 1892 775 ——.——

2002 807 2100 860 104

1996 874 2100 928 105

1995 943 2096 995 106

2004 1010 2106 1063 107

2004 1079 2106 1132 108

547 955 577 990 a
627 936 806 991 Terrae
829 946 982 1007 motu
1025 946 1255 1007 quatuor
1293 939 1454 993 urbes
1507 940 1647 994 Asia:
1715 910 1838 975 221

476 1008 767 1066 subversm,
820 1006 963 1079 Elea,
1003 1006 1253 1079 Smyrna,
1293 1009 1515 1079 Pytane,
1545 1009 1652 1078 Cy-

477 1093 588 1148 me:
631 1087 680 1127 et
729 1077 953 1148 egregiae
995 1077 1136 1148 duae,
1200 1077 1556 1148 Opuntiorum
1594 1077 1654 1132 et

477 1143 778 1207 Oritorum,
805 1146 854 1196 in
883 1143 1104 1198 Grmcia.

946 1315 976 1357 ς

2209 666 2480 737 Traianus

2345 805 2378 954 ἓ
2481 941 2494 954 ο
2551 874 2580 926 b
2621 872 2803 954 Roma:
2855 889 3017 930 aurea
3068 874 3252 932 domus
3301 877 3605 951 conﬂagravit

2340 944 2372 994 8
2480 943 2747 997 inccndio.

2349 1013 2380 1064 9
2555 1011 2762 1066 Plinius
2793 1011 3070 1067 Secundus
3093 1012 3483 1070 Novocomensis
3505 1031 3607 1070 ora-

2317 1081 2382 1133 10
2487 1086 2572 1152 tor
2597 1090 2650 1135 et
2677 1081 2967 1152 historicus
2992 1082 3214 1151 insignis
3238 1083 3462 1145 habetur,
3483 1086 3610 1152 cujus

2487 1150 2716 1219 plurima
2760 1150 2956 1218 ingenii
3002 1150 3162 1219 opera
3209 1159 3428 1208 exstant.
3455 1150 3610 1219 Periit,

2484 1218 2609 1272 dum
2641 1220 2768 1273 visit
2810 1218 3111 1274 Vesuvium.

547 1404 573 1438 ο
616 1387 850 1454 Traiano
903 1387 1162 1441 adversus
1207 1386 1543 1441 Christianos
1592 1388 2019 1454 persecutionem
2069 1398 2338 1452 movente,
2394 1389 2580 1444 Simon
2624 1391 2763 1446 ﬁlius
2812 1391 3091 1462 Cleopbae,
3135 1396 3225 1464 qui
3277 1394 3616 1465 Hierosolymis

478 1484 843 1550 episcopatum
877 1488 1144 1542 tenuerat,
1171 1479 1526 1550 cruciﬁgitur,
1565 1481 1653 1534 cui
1683 1482 1946 1536 successit
1982 1479 2192 1536 Justus.
2223 1481 2458 1552 lgnatius
2491 1501 2703 1555 quoque
2734 1486 3079 1542 Antiocheam
3109 1487 3354 1544 Ecclesiae
3373 1489 3616 1558 episcopus

480 1571 700 1625 Romam
729 1571 1020 1641 perductus
1050 1570 1237 1625 bestiis
1271 1571 1524 1625 traditur.
1559 1569 1687 1625 Post
1713 1587 1872 1641 quem
1907 1573 2098 1627 tertius
2119 1573 2458 1626 constituitui
2495 1576 2780 1645 episcopus
2802 1577 2998 1631 Heron.

1696 1684 1955 1738 TERTIA
1992 1682 2439 1741 PERSECUTIO.

545 1806 578 1856 ά
603 1807 808 1861 Plinius
861 1806 1164 1868 Secundus,
1196 1821 1318 1858 cum
1363 1805 1647 1875 quamdam
1692 1806 2022 1876 provinciam
2071 1815 2298 1875 regeret,
2336 1815 2386 1860 et
2430 1807 2483 1860 in
2536 1807 2852 1877 magistratu
2900 1823 3000 1864 suo
3031 1808 3288 1876 plurimos
3325 1805 3621 1861 Christiano-

480 1912 603 1957 rum,
635 1896 1015 1959 interfecisset,
1059 1896 1399 1950 multitudine
1421 1909 1609 1950 eorum
1633 1896 1952 1964 perterritus
1981 1897 2222 1964 quaesivit
2253 1910 2282 1948 a
2311 1895 2544 1965 Trajano
2573 1897 2701 1967 quid
2750 1897 2886 1951 facto
2929 1912 3064 1966 Opus
3106 1905 3268 1958 esset.
3300 1898 3533 1949 nuntians
3563 1895 3622 1959 ei,

480 1999 670 2059 praeter
698 1990 1113 2044 obstinationem
1134 2004 1241 2043 non
1272 1988 1633 2052 sacriﬁcandi,
1663 1998 1717 2043 et
1761 1996 2110 2044 antelucanos
2141 1997 2316 2059 cattus
2345 1991 2411 2043 ad
2443 1991 2744 2045 canendum
2785 1993 2996 2045 cuidam
3042 1991 3257 2063 Christo
3285 1999 3340 2043 ut
3374 1991 3486 2052 Deo,
3514 1989 3622 2043 nihil

478 2080 613 2148 apu'd
647 2095 742 2135 eos
788 2080 1052 2149 reperiri:
1102 2088 1357 2149 praeterea
1389 2080 1456 2133 ad
1505 2079 1976 2134 confoederandam
2024 2081 2366 2150 disciplinam
2406 2083 2575 2136 vetari
2607 2083 2673 2136 ab
2702 2084 2770 2137 iis
2815 2082 3126 2144 homicidia,
3177 2082 3333 2146 furta,
3374 2081 3622 2142 adulteria,

477 2171 756 2226 latrocinia
798 2179 851 2224 et
902 2171 986 2225 his
1020 2171 1236 2226 similia.
1278 2171 1354 2224 Ad
1386 2187 1505 2240 qua:
1549 2178 1854 2225 commotus
1885 2169 2152 2240 Trajanus
2188 2172 2486 2241 rescripsit,
2520 2173 2623 2227 lioc
2667 2188 2835 2242 genus
2877 2173 3093 2243 quidem
3140 2172 3499 2242 inquirendum
3535 2183 3624 2222 non

475 2276 615 2323 esse,
650 2261 860 2314 oblatos
895 2275 1024 2314 vero
1052 2262 1232 2330 puniri
1265 2271 1533 2331 Oportere.
1566 2260 1932 2316 Tertullianus
1961 2260 2126 2317 refert
2157 2263 2213 2318 in
2243 2263 2576 2333 Apologetico
2604 2279 2720 2318 suo.

477 2364 550 2450 Β.
627 2381 971 2451 DCCCiX.
1055 2395 1086 2451 e.
1126 2377 1422 2451 Pantheum
1469 2377 1651 2434 Romae

1064 2447 1286 2568 ftulmine
1332 2464 1648 2504 concrema-

1104 2531 1211 2569 um.

545 2602 575 2652 g
606 2585 838 2650 Quintus
863 2583 1411 2655 ARomnzeEcclcsiaz
1449 2587 1657 2655 episco-

479 2663 656 2722 palum
689 2653 1148 2709 teuetAlexauder
1179 2655 1333 2709 annis
1363 2653 1571 2709 decem.

1725 2417 1865 2484 222

2003 2381 2103 2435 109

2006 2587 2107 2643 110

2003 2656 2100 2712 111

2315 2383 2376 2436 11
2559 2383 2588 2451 f
2609 2382 2982 2437 Alexandrina:
3021 2381 3276 2436 Ecclesia:
3313 2391 3520 2451 quartus
3556 2394 3628 2434 or-

2485 2450 2701 2527 dinatur
2737 2452 3018 2521 episcopus
3050 2454 3270 2506 nomine
3312 2450 3507 2505 Primus
3549 2465 3628 2503 an-

2317 2589 2384 2712 g
2488 2537 2754 2644 mimis
2791 2587 3008 2644 Galatia:
3049 2589 3299 2644 civitates
3335 2598 3478 2642 terra:
3505 2594 3629 2640 motu

2487 2668 2672 2712 erutae.
3269 2687 3278 2695 -

2487 2673 2581 2712 eru
2589 2668 2672 2712 ιω.
3269 2687 3278 2695 ·

547 2749 563 2798 i
593 2745 719 2802 Post
756 2745 990 2810 Justum,
1042 2744 1812 2818 Ecclesiaellierosolymitanae
1841 2748 2210 2820 episcopatum
2241 2759 2464 2819 quartus
2503 2750 2725 2817 suscipit
2771 2748 3045 2803 Zachaaus.
3075 2746 3206 2804 Post
3249 2762 3400 2818 quem
3441 2746 3631 2816 quintus

477 2833 696 2888 Tobias.
725 2833 825 2888 Cui
853 2834 1094 2888 succedit
1123 2843 1309 2890 sextus
1349 2836 1628 2908 Benjamin
1672 2858 1683 2893 :
1717 2855 1780 2896 ac
1810 2840 2006 2896 deinde
2054 2839 2314 2907 septimus
2345 2839 2584 2895 Joannes
2613 2859 2628 2893 :
2656 2845 2878 2895 octavus
2923 2837 3154 2893 Matbias
3179 2857 3190 2892 :
3229 2839 3284 2892 in
3304 2837 3452 2908 cujus
3482 2837 3630 2891 locum

479 2944 652 2983 nonus
685 2929 1032 2984 constituitur
1056 2927 1356 3001 Philippus.

1733 2995 1892 3097 223'

577 3087 843 3161 Traianus
912 3091 1279 3161 Armeniam,
1339 3091 1653 3161 Assyriam,

479 3157 938 3228 Mesopotamiam,
975 3160 1098 3214 fecit
1135 3157 1462 3230 provincias;

2006 3027 2110 3082 112

2009 3097 2110 3150 115

2011 3163 2112 3216 114

2010 3231 2111 3284 115

2010 3300 2110 3352 116

2315 3024 2383 3078 14

2317 3094 2385 3146 15

2319 3162 2385 3215 16

2319 3231 2385 3284 17
2559 3230 2591 3283 k
2623 3228 2803 3283 Terrae
2830 3236 3010 3283 motus
3039 3226 3377 3282 Antiochiam
3422 3239 3544 3295 mne
3565 3229 3637 3278 to-

2323 3301 2385 3354 18
2493 3309 2599 3353 tam
2631 3300 2842 3354 subruit
2869 3298 3159 3351 civitatem.

545 3407 784 3476 (Judaei,
824 3411 914 3479 qui
939 3409 993 3463 in
1033 3410 1196 3481 Libya
1237 3419 1410 3474 erant,
1443 3411 1726 3465 adversum
1771 3411 2170 3466 collabitatores
2216 3426 2345 3466 suos
2388 3411 2714 3480 alienigenas
2741 3410 3019 3463 dimicant.
3075 3406 3338 3462 Similiter
3367 3407 3420 3461 in
3441 3403 3642 3473 Egypto

469 3505 522 3550 et
556 3497 610 3550 in
636 3497 976 3552 Alexandria.
1011 3500 1168 3571 Apud
1206 3499 1468 3571 Cyrenem
1499 3515 1717 3570 quoque
1755 3513 1809 3555 et
1840 3502 1902 3555 .in
1933 3500 2204 3556 Thebaide
2228 3515 2424 3571 magna
2467 3500 2731 3556 seditione
2771 3499 3126 3554 contendunt.
3155 3497 3355 3552 Verum
3393 3494 3638 3566 gentilium

479 3600 602 3657 pars
632 3596 848 3657 superat
873 3589 926 3641 in
958 3588 1298 3644 Alexandria.

544 3681 739 3737 Judacis
771 3683 826 3736 in
855 3681 1256 3754 Mesopotamia
1309 3683 1714 3746 rebellantibus,
1757 3682 2008 3753 praecepit
2057 3681 2348 3750 imperator
2382 3677 2647 3747 Traianus
2689 3675 2868 3748 "Lysiae
2913 3675 3128 3741 Quieto,
3173 3683 3237 3729 ut
3267 3689 3357 3730 eos
3400 3669 3642 3742 provincia

478 3777 882 3832 exterminaret.
913 3777 1210 3832 Adversum
1244 3793 1380 3848 quos
1407 3777 1633 3842 Quietus
1679 3778 1850 3833 aciem
1893 3781 2167 3832 instruens
2196 3776 2404 3830 infinita
2430 3774 2597 3828 millia
2625 3787 2812 3828 eorum
2844 3769 3098 3826 interﬁcit
3126 3786 3142 3822 :
3169 3777 3228 3824 et
3253 3769 3324 3824 ob
3348 3767 3446 3822 hoc
3471 3777 3643 3835 procu-

477 3873 625 3918 rator
644 3865 839 3920 Judzea:
869 3865 936 3919 ab
959 3865 1280 3934 imperatore
1310 3865 1639 3920 decernitur.

548 4055 579 4088 α
624 4036 803 4097 Ἀσίας
823 4034 862 4088 δ’
881 4034 1060 4096 πόλεις
1091 4035 1531 4107 κατεπτώθησαν,
1564 4035 1767 4100 Ἐλαία,
1789 4032 2021 4106 Μῦρινα,

477 4128 688 4198 Πυτὰνη
718 4127 810 4180 καὶ
837 4125 1019 4196 Κύμη·
1037 4126 1276 4190 Ἑλλάδος
1295 4125 1351 4179 δὲ
1377 4125 1656 4180 Ὀπουντία
1679 4124 1772 4180 καὶ
1789 4126 2020 4196 Ὧριτος.

479 4217 697 4272 Ibidem.

545 4311 572 4362 ὁ
624 4311 710 4364 Ἐν
749 4309 931 4381 Ῥώμῃ
983 4308 1289 4380 ἐνεπρήσθη
1339 4310 1372 4379 η
1422 4310 1595 4379 χρυσῆ
1650 4307 1816 4362 οἰκία.
1861 4305 2016 4377 Sync.

473 4417 526 4470 ρ.
566 4402 690 4462 547,
719 4402 786 4453 Α.

543 4507 570 4543 c
602 4488 865 4560 Τραϊανοῦ
889 4490 1026 4542 κατὰ
1055 4487 1390 4558 Χριστιανῶν
1417 4487 1651 4558 διωγμὸν
1687 4487 2020 4556 κινήσαντος,

473 4581 670 4648 Σίμων,
702 4579 730 4630 ὁ
758 4577 850 4630 τοῦ
881 4577 1133 4640 Κλεώπα,
1156 4577 1255 4644 τῆς
1283 4577 1338 4628 ἐν
1375 4576 1760 4646 Ἱεροσολύμοις
1800 4573 2023 4645 Ἐκκλη-

476 4670 592 4729 σίας
623 4669 913 4730 ἐπίσκοπος
939 4668 1240 4737 γενόμενος,
1283 4665 1676 4736 ἐμαρτύρησεν.
1712 4664 1936 4734 Ὁμοίως
1968 4664 2022 4716 δὲ

473 4760 567 4811 καὶ
605 4759 859 4826 Ἰγνάτιος
885 4758 1193 4830 Ἀντιοχέων
1220 4758 1510 4820 ἐπίσκοπος
1541 4759 1598 4810 ἐν
1633 4755 1817 4827 Ῥώμῃ
1849 4756 2021 4826 ἐμαρ-

470 4849 719 4920 τύρησεν.
740 4862 744 4864 ·
766 4849 956 4905 Chron.
997 4849 1176 4918 pascit.
1209 4865 1262 4917 p.
1285 4846 1411 4910 252,
1447 4845 1510 4910 C,
1537 4845 1604 4900 D.
1645 4844 2021 4917 Ἰεροσολύμων

470 4938 763 4999 ἐπίσκοπος
821 4938 1065 5001 Ἰοῦστος.
1111 4937 1433 5008 Ἀντιοχείας
1479 4935 1770 4998 ἐπίσκοπος
1817 4936 2018 5004 Ἥρων.

470 5028 628 5098 Sync.
661 5043 712 5094 ρ.
743 5027 865 5090 547,
889 5027 956 5086 Β,
988 5027 1050 5082 C.

537 5121 570 5172 ά
598 5118 979 5191 Τερτυλλιανδς
1011 5121 1212 5189 ἱστορεῖ
1235 5119 1444 5172 Πλίνιον
1473 5117 1757 5172 Σεκοῦνδον
1789 5116 2020 5187 ἡγούμε-
2093 5135 2096 5139 λ

470 5228 556 5263 νον
577 5209 836 5280 ἐπαρχίας
861 5208 1034 5279 πλήθη
1057 5209 1390 5278 Χριστιανῶν
1417 5211 1732 5279 κατακρῖναι
1765 5206 1977 5275 θανάτῳ
2001 5223 2014 5236 ·

472 5302 600 5373 περὶ
621 5295 694 5354 ὧν
725 5298 938 5370 ἀπορῶν
957 5298 1008 5351 τί
1035 5300 1248 5369 πράξοι,
1278 5301 1544 5353 κοινοῦται
1563 5297 1827 5368 Τραϊανῷ,
1856 5298 2020 5368 μηδὲν

474 5393 617 5457 ἄξιον
649 5391 874 5444 θανάτου
922 5389 1177 5460 πράττειν
1219 5389 1434 5452 αὐτοὺς,
1475 5389 1610 5460 πλὴν
1640 5389 1729 5442 τοῦ
1767 5389 1840 5458 μὴ
1875 5388 2021 5442 θύειν

471 5481 725 5545 εἰδώλοις,
762 5481 854 5533 καὶ
885 5480 964 5532 ὅτι
1010 5477 1237 5548 Χριστὸν
1289 5478 1362 5540 ὠς
1403 5479 1532 5530 Θεὸν
1567 5479 1730 5532 ἕωθεν
1763 5478 2021 5549 ὑμνοῦσιν

471 5569 833 5639 ἀνιστάμενοι,
852 5567 1171 5637 ἀπεχόμενοι
1199 5565 1410 5618 πάντων
1433 5565 1614 5618 κακῶν
1633 5583 1644 5596 ·
1667 5567 1799 5637 πρὸς
1817 5567 1875 5619 ὃν
1903 5567 2022 5620 ἀντ-

475 5661 676 5732 εγραψε
704 5658 966 5732 Τραϊανὸς
997 5659 1068 5729 μὴ
1082 5657 1418 5727 ἐκζητεῖσθαι
1447 5656 1819 5725 Χριστιανούς.
1846 5655 2019 5733 Idem,

2126 4049 2178 4101 ρ.
2210 4031 2464 4088 546-547.

2195 4141 2222 4177 e
2255 4120 2327 4175 Τὸ
2356 4122 2587 4176 Πάνθεον
2624 4120 2728 4173 ὑπὸ
2774 4116 3030 4190 κεραυνοῦ
3063 4116 3354 4188 διεφθάρη.
3408 4113 3561 4175 Idem,
3597 4126 3641 4179 p.

2200 4304 2228 4370 ί
2257 4299 2650 4370 Ἀλεξανδρείας
2673 4286 2963 4361 ἐπίσκοπος
2987 4297 3190 4367 Πρίμος
3213 4298 3306 4369 ἐτη
3326 4297 3410 4350 ιδ’.
3429 4295 3573 4365 Sync.
3597 4307 3640 4358 ρ.

2122 4393 2246 4455 518,
2300 4391 2363 4445 Β.

2189 4497 2220 4550 g
2247 4477 2459 4548 Ῥώμης
2487 4476 2775 4538 ἐπίσκοπος
2803 4475 3142 4545 Ἀλέξανδρος
3156 4473 3251 4543 ἔτη
3269 4475 3357 4529 ιϐ’.
3374 4469 3643 4530 Ibidem.B.

2190 4573 2222 4624 Ιι
2255 4569 2514 4633 Γαλατίας
2534 4574 2581 4636 γ’
2613 4568 2793 4631 πόλεις
2809 4565 3011 4636 σεισμῷ
3037 4565 3475 4637 κατεπτὼθησαν.
3500 4561 3647 4622 Idem,

2121 4680 2174 4732 ρ.
2198 4663 2320 4728 547,
2350 4663 2416 4716 Β.

2189 4757 2206 4807 ἱ
2242 4752 2618 4825 Ἱεροσολύμων
2652 4751 2941 4810 ἐπίσκοπος
2959 4750 3209 4820 τέταρτος
3225 4752 3499 4820 Ζακχαῖος·
3529 4746 3649 4814 πέμ-

2123 4861 2250 4908 πτος
2293 4843 2534 4906 Τωϐίας·
2589 4842 2744 4904 ἐκτος
2785 4840 3068 4910 Βενιαμίνο
3121 4839 3342 4910 ἕϐδομος
3397 4839 3647 4904 Ἰωάννηςο

2122 4932 2302 5000 δγδοος
2326 4929 2596 4992 Ματθίας⁸
2621 4929 2835 4992 ἐννατος
2850 4930 3128 4990 Φίλιππος.
3155 4926 3324 4993 Idem,
3343 4944 3395 4996 p.
3415 4922 3647 4980 517-519.

2192 5025 2222 5077 It
2265 5023 2554 5091 Ἀντιόχεια
2580 5019 2920 5088 κατεπτώθη.
2947 5017 3118 5082 Idem,
3153 5033 3204 5086 ρ.
3236 5018 3361 5078 548,
3395 5020 3458 5069 Α.

2193 5116 2210 5167 ί
2237 5114 2494 5175 Ἰουδαῖοι,
2513 5110 2652 5162 κατὰ
2672 5109 2873 5178 Λιϐύην
2894 5109 2984 5160 καὶ
3007 5109 3260 5178 Κυρήνην
3285 5108 3378 5160 καὶ
3400 5106 3651 5174 Αἴγυπτον

2123 5203 2216 5256 καὶ
2256 5201 2652 5270 Ἀλεξάνδρειαν
2680 5198 2772 5250 καὶ
2815 5196 3050 5266 Θηϐαΐδα
3101 5196 3495 5266 πολεμήσαντες
3535 5188 3650 5260 πρὸς

2121 5293 2244 5354 τοὺς
2273 5287 2642 5349 συνοικοῦντας
2675 5286 2960 5355 Ἕλληνας,
2992 5283 3376 5354 διεφθάρησαν.
3411 5275 3652 5351 Τραῐανὺς

2122 5381 2294 5450 Λυσίᾳ
2335 5379 2526 5447 Κύντῳ
2556 5378 2655 5448 τῆς
2692 5375 3110 5444 Μεσοποταμίας
3138 5375 3326 5443 ἐξᾶραι
3378 5373 3499 5432 τοὺς
3543 5381 3652 5418 στα·

2128 5471 2412 5532 σιάσαντας
2441 5467 2718 5520 ἐκέλευσεν
2738 5483 2750 5497 ·
2788 5468 2816 5519 ὁ
2840 5465 2916 5529 δὲ,
2957 5464 3154 5529 πολλὰς
3191 5465 3450 5518 Ἰουδαίων
3479 5454 3652 5531 μυριά-

2127 5561 2222 5622 δας
2254 5557 2475 5619 ἀνελὼν,
2522 5553 2743 5626 ἡγεμὼν
2791 5553 2888 5621 τῆς
2929 5552 3182 5616 Ἰουδαίας
3233 5551 3314 5604 διὰ
3338 5548 3492 5602 τοῦτο
3538 5541 3652 5597 καο-

2131 5650 2361 5702 ίσταται.
2383 5647 2552 5714 Idem,
2586 5661 2638 5713 ρ.
2663 5643 2784 5709 547,
2810 5643 2934 5697 548.
