3874 6178
230 346 323 410 165
1231 348 1725 410 INTERPRETE
1760 352 1822 410 S.
1864 349 2350 412 HIERONYMO.

2421 497 2682 509 ...ἢκ

1416 588 1604 629 οιῖΙΡ.
1672 586 1930 628 CHRISTUS
2013 588 2140 627 ROI.

1983 709 2176 778 Traja-

2021 796 2124 833 IIIIS

2034 918 2101 971 19
2243 937 2276 973 a
2306 917 2633 990 Salaminam
2663 919 2851 974 urbem
2883 917 3066 990 Cypri,
3098 921 3398 981 interfectis

2206 990 2260 1043 in
2283 1002 2344 1044 ea
2377 989 2690 1057 gentilibus,
2723 989 3038 1046 subvertere
3063 990 3255 1048 Judaei.

281 1150 307 1203 ι
335 1147 592 1218 Traianus
637 1147 827 1201 morbo
855 1145 910 1199 in
960 1143 1180 1199 civitate
1225 1141 1505 1196 Selinunte
1552 1141 1712 1212 perit,
1745 1139 1877 1202 sive,
1932 1146 1990 1192 ut
2037 1139 2164 1193 alibi
2215 1140 2477 1210 scriptum
2530 1114 2854 1209 reperimus,
2905 1143 3046 1212 apud
3092 1143 3426 1199 Seleuciam'

222 1242 388 1295 urbem
414 1240 648 1304 Isauriae,
691 1238 955 1308 proﬂuvio
992 1236 1198 1292 ventris
1237 1237 1542 1292 exstinctus
1585 1241 1671 1289 est
1708 1248 1850 1286 anno
1891 1233 2065 1288 {etatis
2115 1248 2243 1286 ιιιιι
2269 1231 2366 1303 [αι.
2399 1229 2619 1300 LXXIII],
2669 1248 2854 1288 mense
2883 1249 3048 1298 nono,
3079 1233 3166 1290 die
3186 1241 3400 1303 quarto.

219 1333 339 1391 Ossa
365 1335 476 1404 ejus
507 1335 561 1388 in
594 1349 785 1388 urnam
813 1347 1031 1386 auream
1077 1331 1294 1397 collata,
1327 1330 1423 1401 [aL
1461 1326 1708 1399 collecta]
1737 1335 1792 1382 et
1836 1328 1888 1380 in
1922 1328 2038 1381 foro
2071 1327 2172 1382 sub
2205 1329 2454 1381 columna
2487 1328 2698 1397 posita:
2745 1329 3002 1398 solusque
3035 1330 3275 1384 omnium
3303 1329 3401 1383 im-

219 1434 412 1496 perator
435 1425 570 1478 intra
600 1423 794 1479 Urbem
827 1425 1092 1493 sepultus.

279 1516 531 1571 Adrianus
591 1511 970 1569 Alexandriam
1023 1515 1121 1569 abs
1173 1513 1374 1567 Iudaeis

219 1586 503 1655 subversam
569 1583 678 1655 [αι.
732 1583 1095 1655 laborantem]
1149 1583 1377 1653 publicis

219 1653 509 1708 instauravit
537 1653 816 1722 eipepsis.

275 1723 307 1774 ά
349 1719 627 1776 Adrianus
675 1721 890 1776 Iudaeos
946 1721 1091 1790 capit
1140 1719 1378 1777 secundo

213 1800 382 1847 contra
413 1793 689 1847 Romanos
720 1793 1066 1846 rebellantes.

1728 1717 1830 1772 118

1933 1527 1960 1564 c
1985 1508 2097 1565 Xll.
2126 1507 2473 1563 ADRIANUS
2507 1511 2666 1566 annis
2699 1526 2809 1565 Im.

2284 1578 2383 1632 Hic
2408 1579 2679 1634 Adrianus
2714 1581 2903 1633 Italicae
2931 1582 2983 1633 in
3018 1579 3274 1636 llisnania
3302 1596 3400 1636 na-

2211 1657 2301 1702 tus
2326 1648 2665 1703 consobrinae
2690 1646 2906 1717 Trajani
2939 1649 3077 1702 lilius
3106 1646 3224 1703 fuit.

2079 1717 2106 1770 1
2214 1787 2242 1789 _
2285 1718 2561 1789 Adrianus
2603 1719 3005 1789 eruditissimus
3061 1720 3114 1772 in
3169 1727 3402 1789 utraque

2213 1787 2393 1858 lingua
2421 1805 2434 1840 :
2473 1787 2566 1858 sed
2601 1787 2656 1841 in
2683 1802 2970 1856 puerorum
3003 1803 3186 1844 amore
3211 1787 3399 1858 parum

2212 1857 2497 1912 continens
2520 1856 2638 1911 fuit.

272 2037 297 2074 ε
322 2019 581 2076 Adrianus
631 2014 850 2085 Trajani
905 2011 1154 2067 invidens
1183 2011 1365 2082 gloriae
1393 2010 1460 2064 de
1487 2009 1730 2080 Assyria,
1781 2007 2191 2079 Mesopotamia,
2223 1967 2497 2070 Armenia,
2530 2022 2666 2076 quas
2706 2007 2795 2062 ille
2827 2006 3143 2078 provincias
3177 1998 3400 2072 fecerat,

212 2109 416 2166 removit
445 2108 744 2163 exercitus.

271 2199 526 2252 Adrianus
556 2196 765 2264 reliqua
793 2193 1120 2245 tributorum
1167 2188 1392 2242 urbibus
1434 2186 1717 2250 relaxavit,
1746 2185 1952 2241 chartis
1983 2184 2196 2255 publice
2230 2185 2488 2240 incensis.
2521 2183 2789 2239 Plurimos
2817 2184 2980 2240 etiam
3012 2184 3145 2254 ipsis
3181 2184 3399 2242 tributis

215 2295 386 2348 liberos
416 2290 688 2360 praestitit.

209 2469 271 2539 Β.
320 2466 729 2538 DCCCLXX.

263 2643 292 2694 g
320 2623 639 2678 Plutarchus
659 2621 1009 2694 LlIaeI'gneus,
1054 2623 1107 2670 et
1152 2614 1368 2694 Sestus,

205 2685 665 2764 et'Agathobulus,
690 2699 743 2744 et
773 2688 1106 2752 (Enomaus,
1137 2685 1374 2756 philoso-

208 2765 280 2832 phi
301 2761 533 2834 insignes
572 2761 858 2814 habentur.

1722 2501 1822 2553 119

1720 2610 1824 2667 120

2069 2500 2103 2552 2
2276 2501 2304 2566 f
2326 2499 2558 2555 Senatus
2581 2498 2874 2570 Traianum
2905 2501 2959 2554 in
2989 2500 3120 2555 deos
3147 2499 3329 2557 refert.

2066 2612 2100 2664 '5
2271 2611 2304 2662 Ιι
2323 2610 2702 2665 Alexandrina:
2721 2607 2976 2680 Ecclesiae
2999 2597 3236 2680 quintus.
3267 2627 3397 2668 con-

2209 2680 2451 2761 stituitur
2481 2681 2768 2750 episcopus
2805 2679 2995 2736 Justus
3017 2679 3190 2737 ’auuis
3221 2684 3393 2739 unde-

2206 2765 2334 2805 01111.

262 2869 551 2934 iRomanae
583 2877 842 2931 Ecclesiae
873 2881 1060 2928 sextus
1089 2873 1453 2941 episcopatum
1485 2865 1674 2928 Xistus
1705 2873 1864 2928 annis
1895 2869 2079 2926 decem
2121 2875 2286 2923 tenet.

261 2969 508 3044 k_Bellum
539 2978 738 3023 contra
777 2967 1127 3021 Sauromatas
1168 2975 1375 3035 gestum
1441 2969 1580 3036 225
1622 3041 1625 3044 _
1728 2964 1823 3018 121

203 3050 274 3094 est
305 3041 400 3093 hoc
430 3050 702 3108 Iempore.

261 3101 564 3178 Euphrates
612 3106 833 3162 Stoicus
862 3101 1215 3178 philosophus
1262 3117 1377 3156 mo-

203 3185 508 3316 m(liialiiliisus
552 3246 753 3298 ﬂuvms
791 3241 1098 3297 Eleusinam
1121 3240 1376 3316 _inunda-

201 3316 264 3366 vit
293 3310 488 3384 z'quem
522 3316 800 3369 Adrianus
828 3321 988 3380 ponte
1012 3310 1368 3380 conjungens.

199 3385 399 3440 Athenis
422 3386 664 3439 hiemem
697 3385 895 3452 exegit.

1721 3166 1825 3222 122

1722 3237 1828 3294 125

2073 2962 2108 3017 4
2249 2961 2269 3013 ί
2297 2959 2568 3032 Adrianus
2595 2960 2650 3015 in
2690 2960 2944 3032 Libyam,
2977 2976 3160 3032 quisa
3196 2961 3396 3018 Iudaeis

2178 3038 2386 3085 vastata
2416 3029 2612 3097 fuerat,
2641 3029 2888 3088 colonias
2917 3029 3085 3086 misit.

2073 3170 2107 3223 5
2246 3183 2302 3238 m7
2336 3165 2609 3238 Adrianus
2650 3169 3080 3238 Atheniensibus
3119 3169 3263 3238 leges
3303 3183 3395 3238 pc-

2071 3242 2104 3292 6
2175 3237 2415 3291 tentibus
2438 3251 2502 3308 ex
2526 3237 2786 3294 Draconis
2813 3247 2866 3294 et
2901 3237 3117 3292 Solonis
3153 3237 3395 3308 reliquo-

2177 3321 2406 3374 rumque
2439 3305 2594 3364 libris
2609 3309 2733 3378 jura
2759 3309 3084 3379 composuit.

254 3552 285 3587 η
315 3535 494 3589 Terrae
527 3542 683 3587 motu
705 3531 849 3603 apud
901 3529 1206 3600 Bithyniam
1250 3526 1561 3583 Nicomedia
1607 3527 1762 3582 ruit:
1794 3536 1849 3583 et
1895 3526 2124 3583 Nicaeus:
2177 3529 2328 3584 urbis
2365 3529 2598 3599 plurima
2629 3543 2820 3585 eversa
2865 3538 2991 3584 sunt
3019 3527 3263 3584 aedilicia.
3313 3524 3394 3580 Ad

197 3639 402 3694 quarum
432 3624 890 3680 instaurationem
919 3621 1191 3675 Adrianus
1216 3619 1282 3674 de
1307 3619 1522 3688 publico
1559 3619 1788 3688 largitus
1812 3628 1896 3673 est
1921 3619 2218 3689 impensas.

1715 3709 1815 3765 121

2065 3711 2094 3763 7

254 3821 283 3860 ο
305 3803 696 3874 Hierosolymis
725 3801 970 3857 decimus
998 3809 1121 3871 post
1148 3800 1455 3870 Philippum
1493 3801 1844 3855 constituitur
1866 3801 2156 3872 episcopus
2200 3803 2428 3859 Seneca.
2463 3802 2592 3859 Post
2614 3819 2774 3874 quem
2814 3801 3133 3859 undecimus
3159 3800 3388 3860 Iustus:

195 3903 270 3955 cui
293 3900 535 3958 succedit
562 3896 918 3952 duodecimus
951 3895 1100 3951 Levi.
1147 3893 1276 3950 Post
1303 3909 1462 3964 quem
1497 3894 1936 3950 tertiusdecimus
1979 3895 2207 3966 Ephres.
2249 3896 2487 3963 Quartus
2511 3899 2757 3954 decimus
2777 3894 2954 3954 Joses.
2985 3895 3222 3965 Quintus
3242 3898 3392 3954 deci-

197 4007 302 4047 mus
323 3990 512 4046 Iudas.
548 3987 615 4041 lli
650 4001 839 4040 omnes
872 4001 1044 4055 usque
1088 3984 1156 4038 ad
1205 3984 1562 4048 eversionem,
1588 3999 1750 4051 quam
1811 3985 1881 4039 ab
1923 3984 2160 4040 Adriano
2208 4002 2462 4057 perpessa
2519 3995 2604 4045 est
2645 3987 3006 4057 Hierusalem,
3043 4005 3110 4046 ex
3151 3990 3392 4045 circum-

195 4085 378 4139 cisione
396 4080 645 4152 episcopi
680 4077 1027 4149 praefuerunt.

249 4278 279 4314 ι
300 4262 431 4325 Τοὺς
461 4264 522 4315 ἐν
546 4259 807 4331 Σαλαμῖνι
827 4259 924 4329 τῆς
951 4257 1175 4330 Κύπρου
1196 4257 1462 4328 ’Έλληνας
1494 4257 1742 4312 Ἰουδαῖοι

194 4350 465 4418 ἀνελόντες,
499 4350 604 4421 τὴν
635 4351 786 4403 πόλιν
827 4349 1190 4417 κατέσκαψαν.
1233 4347 1389 4418 Sync.
1420 4363 1470 4416 ρ.
1506 4348 1630 4410 548,
1665 4348 1730 4403 Λ.

129 4419 136 4438 ⁸
250 4443 275 4492 b
309 4419 577 4511 Τραϊανὸς
597 4440 737 4509 νόσῳ
757 4439 998 4508 τελευτᾷ.
1027 4437 1246 4493 Ibidem.

250 4549 275 4586 ε
322 4535 610 4604 Ῥωμαίων
660 4534 724 4586 ι6¹
748 4532 1088 4586 ἐΰασίλευσεν
1139 4532 1410 4604 Ἀδριανὸς
1439 4531 1616 4595 Αἴλιος
1639 4531 1733 4602 ἔτη

189 4629 281 4676 ια’.
308 4622 534 4689 Ibidem,
579 4621 646 4678 C.

249 4713 281 4764 ά
319 4715 594 4786 Ἀδριανὸς
627 4713 912 4777 Ἰουδαίους
934 4712 1072 4766 κατὰ
1108 4711 1491 4782 Ἀλεξανδρέων
1520 4712 1738 4765 στασιά.

192 4800 363 4868 ζον-τας
389 4805 668 4858 ἐκόλασεν.
696 4802 918 4864 Ibidem,
938 4802 1006 4858 D.

249 4913 275 4950 ε
320 4899 595 4972 Ἀδριανὸς
630 4898 806 4968 χρεῶν
838 4896 1056 4966 ὀφειλὰς
1085 4895 1192 4947 τῶν
1220 4893 1312 4946 ὑπ’
1341 4892 1500 4946 αὐτὸν
1534 4893 1737 4945 πόλεων

189 4987 479 5058 ἀνηκούσας
519 4989 596 5058 τῷ
623 4987 862 5058 δημοσίῳ
895 4988 1034 5055 λόγῳ
1071 4984 1334 5051 ἀπέκοψε,
1379 4982 1583 5046 καύσας
1613 4985 1736 5046 τοὺς

191 5077 397 5144 χάρτας.
441 5079 503 5131 ὐ
552 5077 715 5140 αὐτὸς
767 5075 1050 5146 Ῥωμαίοις
1097 5074 1293 5144 φόρους
1339 5071 1560 5134 πολλοὺς
1613 5071 1736 5140 ἐχα-

193 5165 385 5233 ρίσατο.
419 5167 648 5222 Ibidem.

249 5257 276 5324 ί
307 5256 370 5309 ’11
401 5251 700 5328 σύγκλητος
747 5257 868 5310 θεὸν
911 5255 1174 5326 Τραϊανὸν
1215 5253 1538 5324 ἐψηφίσατο.
1571 5251 1730 5320 Sync.

187 5356 235 5407 ρ.
256 5344 376 5408 549,
405 5346 476 5400 Α.

243 5449 275 5501 g
305 5434 645 5508 Πλούταρχος
687 5437 998 5505 Χαιρωνεὺς
1025 5435 1117 5488 καὶ
1143 5435 1332 5500 Σέξτος
1377 5435 1470 5488 καὶ
1511 5435 1731 5504 Ἀγαθό-

187 5514 362 5586 σουλος
413 5526 509 5578 καὶ
561 5526 820 5596 υίνόμαος
872 5527 1151 5596 φιλόσοφοι
1203 5525 1569 5596 ἐγνωρίζοντο.
1623 5527 1733 5580 Ibi-

186 5607 313 5673 άειι.
345 5612 411 5668 Β.

249 5701 280 5753 II
307 5704 703 5778 Ἀλεξανδρείας
719 5710 1008 5773 ἐπίσκοπος
1025 5711 1246 5774 Ἰοῦστος
1264 5709 1354 5780 ἐτη
1373 5707 1724 5776 I'.Ibidcm,B.

1908 4261 1926 4312 i
1987 4261 2268 4331 Ῥωμαίων
2332 4263 2622 4326 ἐπίσκοπος
2685 4264 2871 4332 γέγονε
2917 4264 3117 4327 Ξύστος
3175 4265 3268 4336 ῑτη
3321 4263 3386 4321 θ’.

1844 4355 2061 4421 Ibidem,
2100 4357 2164 4410 Β.

1909 4447 1936 4499 It
1968 4448 2310 4518 Σαυρομάται
2336 4448 2866 4520 κατεπολεμήθησαν.
2896 4448 3116 4503 Ibidem.

1907 4537 1927 4589 ι
1966 4538 2242 4590 ⁹Α-ιτοικίαν
2299 4541 2379 4603 είς
2433 4538 2635 4610 Λιϐύην
2679 4539 3054 4612 ἐρημωθεῖσαν
3117 4539 3384 4611 Ἀδριανὸς

1837 4625 2098 4696 ἐπεμψεν.
2129 4626 2352 4684 Ibidem.

1906 4732 1954 4767 m
1989 4716 2045 4768 '0
2064 4718 2224 4780 αὐτὸς
2257 4719 2552 4789 Ἀθηναίοις
2571 4717 2857 4784 ἀξιώσασιν
2881 4722 2945 4773 ἐκ
2961 4720 3071 4772 τῶν
3091 4719 3386 4790 Δράκοντος

1836 4807 1929 4859 καὶ
1955 4806 2187 4869 Σόλωνος
2213 4809 2406 4878 νόμους
2435 4809 2800 4874 ἐπισυνέταξε,
2823 4810 3086 4879 χειμάσας
3116 4812 3195 4874 εἰς
3231 4810 3386 4882 Ἀθή-

1834 4911 1929 4957 νας
1951 4896 2042 4948 καὶ
2071 4897 2294 4967 μυηθεὶς
2319 4899 2387 4951 τὰ
2416 4898 2729 4964 Ἐλευσίνια,
2751 4902 2842 4954 καὶ
2859 4900 3180 4972 γεφυρώσας
3219 4901 3387 4954 Ἐλευ-

1836 4986 1956 5038 σῖνα
1987 4986 2444 5040 κατακλυσθεῖσαν
2475 4987 2578 5041 ὑπὸ
2607 4988 2842 5058 Κεφισοῦ
2869 4989 3132 5061 ποταμοῦ.
3163 4990 3379 5045 Ibidem.

1904 5091 1937 5127 η
1975 5075 2246 5146 Ἀδριανὸς
2287 5077 2648 5162 Νικομήδειαν
2695 5079 2902 5150 σεισμῷ
2943 5080 3384 5135 καταπτωθεῖσαν

1837 5166 1927 5218 καὶ
1959 5165 2189 5219 Νίκαιαν
2223 5167 2403 5231 πόλεις
2445 5165 2690 5232 Βιθυνίας
2726 5171 2993 5241 χρήμασιν
3033 5172 3378 5244 ἀνεστήσατο.

1835 5255 2058 5319 Ibidem,
2090 5258 2153 5308 A.

1901 5363 1931 5398 ο
1969 5346 2349 5416 Ἰεροσολύμων
2373 5349 2594 5412 δέκατος
2637 5349 2930 5415 ἐπίσκοπος
2966 5352 3208 5412 Ἐνέκαςο
3237 5349 3382 5404 ἑνδέ-

1832 5451 1993 5497 κατος
2051 5433 2308 5496 Ἰοῦστος⁶
2359 5435 2886 5514 δωδέκατοςοΛευίςο
2944 5437 3378 5510 τρισκαιδέκατος

1845 5523 2096 5593 ⁹Εφραῖμ·
2150 5525 2731 5595 τεσσαρεσκαιδέκατος
2768 5527 2993 5598 Ἰωσήφ·
3045 5527 3380 5582 πεντεκαιδέ-

1831 5630 1993 5676 κατος
2053 5613 2268 5677 Ἰούδας,
2327 5615 2446 5668 καθ’
2491 5616 2551 5669 ὃν
2601 5617 2690 5668 ἐπὶ
2745 5615 3011 5686 Ἀδριανοῦ
3065 5615 3241 5670 τελεία
3286 5617 3380 5671 καὶ

1830 5704 2028 5776 ἐσχάτη
2058 5705 2244 5773 γέγονε
2267 5706 2364 5777 τῆς
2394 5706 2596 5770 πόλεως
2623 5707 2835 5768 ἅλωσις.
2866 5704 3011 5760 Idem
3033 5724 3084 5777 p.
3110 5707 3235 5772 519.
3255 5708 3388 5766 55οο
