3874 6178
487 204 603 270 487

1519 208 1830 271 nosam!
1875 185 2432 278 CHRONICORUM
2464 217 2622 287 LIB._
2643 221 2705 283 II

2288 745 2489 759 '—-—-—

3579 240 3679 304 488

1735 457 1921 496 οιων.
1984 456 2241 498 CHRISTUS
2313 457 2437 497 Rhl.

2229 509 2547 569 Valerianus

2355 589 2409 633 et

2241 647 2518 703 Gallienus

2045 812 2150 865 270
2362 813 2427 866 14
2603 811 2786 876 Galliae
2818 829 2913 881 per
2949 813 3306 872 Posthumum
3335 823 3392 873 et
3411 813 3687 873 Victorium

2549 891 2604 936 et
2638 882 2916 936 Tetricum
2947 895 3199 955 receptae.

566 991 603 1029 α
633 973 831 1030 Paulus
855 973 1242 1030 Samusatenus
1273 985 1302 1024 a
1336 979 1662 1024 cunctorum
1696 969 2078 1040 pmdicatione
2111 971 2446 1035 desciscens,
2481 972 2793 1027 Artemonis
2827 973 3078 1028 haeresim
3115 974 3422 1031 suscitavit.
3460 973 3518 1028 In
3549 974 3689 1045 cuius

501 1063 677 1119 locum
710 1065 1060 1119 Antiochena:
1094 1060 1353 1114 Ecclesia
1391 1068 1580 1114 sextus
1608 1059 1852 1114 decimus
1884 1060 2170 1113 ordinatur
2208 1060 2498 1129 episcopus
2535 1059 2796 1116 Domnus.

569 1158 598 1208 ὁ
632 1156 910 1211 Gallienus
937 1155 1222 1211 Mediolani
1251 1152 1545 1206 occiditur.

2053 1151 2149 1205 27!
2369 1153 2436 1205 15

1878 1237 1911 1273 c
1939 1219 2174 1274 XXVIII.
2201 1220 2544 1276 CLAUDIUS
2574 1236 2718 1277 anno
2749 1239 2786 1288 ι,
2818 1222 3100 1278 mensibus
3127 1238 3204 1276 ix.

2051 1358 2158 1412 272
2408 1360 2430 1412 Ι

566 1451 621 1504 ln
655 1451 981 1506 Alexandria
1019 1466 1127 1505 una
1164 1465 1316 1521 pars,
1347 1463 1468 1520 quae
1500 1449 1804 1519 appellatur
1837 1449 2151 1514 Bruchium,
2189 1463 2309 1518 quae
2336 1465 2430 1516 per
2455 1450 2655 1504 multos
2687 1464 2863 1503 annos
2894 1447 3069 1503 fuerat
3095 1447 3341 1513 obsessa,
3376 1448 3501 1519 quia
3535 1446 3692 1504 rebel-

387 1547 404 1566 '
498 1546 664 1610 labat,
697 1546 912 1600 tandem
948 1545 1267 1600 destruitur.

565 1636 824 1690 Claudius
857 1635 1083 1700 Gothos,
1129 1633 1400 1704 Illyricum
1447 1642 1502 1688 et
1540 1633 1911 1688 Macedoniam
1939 1639 2218 1690 vastantes
2242 1642 2481 1702 superat.
2525 1633 2608 1688 οὶ)
2633 1650 2752 1704 quae
2782 1635 2838 1689 in
2871 1635 3023 1689 curia
3057 1637 3280 1708 clypeus
3325 1636 3377 1692 ei
3415 1649 3622 1700 aureus,
3646 1643 3692 1690 et

496 1728 550 1780 in
577 1726 845 1796 Capitolio
869 1733 1046 1780 statua
1076 1739 1239 1779 aurea
1269 1725 1532 1778 collocata
1563 1731 1662 1779 est.

503 1855 514 1860 -
565 1815 599 1866 ά
632 1814 894 1870 Claudius
928 1812 1115 1867 Sirmii
1151 1813 1402 1868 moritur.

1797 1815 1940 1885 263
2043 1810 2152 1865 273
2389 1812 2428 1865 9.

566 1975 861 2040 Quintilius
887 1973 1102 2029 Claudii
1149 1972 1318 2029 frater
1354 1988 1384 2026 a
1415 1983 1606 2028 senatu
1638 1972 1914 2044 Augustus
1948 1971 2272 2044 appellatus,
2309 1971 2522 2026 decimo
2560 1971 2792 2043 septimo
2812 1971 2922 2043 [αι.
2953 1988 3101 2029 nono
3123 1974 3364 2046 decimo]
3395 1973 3597 2044 imperii
3615 1972 3693 2035 die

498 2067 757 2136 Aquileia:
791 2065 1080 2120 occiditur.

568 2270 913 2332 Aurelianus,
945 2267 1162 2322 Tetrico
1189 2264 1698 2335 apud_Catalaunos

498 2342 762 2412 prodente
788 2337 1088 2394 exercitum
1118 2333 1300 2403 suuin,
1323 2333 1530 2388 Gallias
1561 2349 1704 2386 rece-

500 2422 598 2480 pit.

1957 2406 1981 2420 ~
2048 2328 2152 2383 274
2405 2329 2431 2381 l

2048 2464 2154 2522 275
2397 2464 2433 2521 2

2153 2185 2188 2224 τ
2220 2167 2410 2225 XXIX.
2441 2167 2881 2224 AUREL’IANUS
2911 2171 3070 2226 annis
3101 2184 3156 2236 ν,
3192 2171 3478 2229 mensibus
3501 2187 3573 2229 Vl.

2612 2327 2962 2384 Antiochense
2989 2329 3248 2385 Ecclesia:
3276 2333 3543 2399 septimus
3565 2327 3695 2388 deci-

2547 2413 2669 2452 mus
2706 2400 2987 2454 ordinatur
3022 2403 3316 2470 episc0pus
3348 2401 3667 2459 Timotheus.

572 2591 599 2658 f
626 2588 861 2643 Zenobia
895 2588 1036 2659 apud
1071 2587 1266 2644 lmmas
1293 2588 1435 2642 haud
1466 2589 1626 2657 longe
1655 2587 1722 2639 ab
1748 2585 2036 2639 Antiochia
2063 2585 2299 2638 vincitur
2333 2598 2506 2653 τίμιαι,
2525 2584 2710 2638 occiso
2731 2582 3016 2639 Odenatho
3044 2588 3263 2650 marito,
3289 2584 3538 2644 Orientis
3566 2594 3698 2644 tene-

501 2683 594 2735 bat
617 2681 901 2750 imperium
932 2699 945 2734 :
979 2680 1032 2733 in
1063 2695 1166 2749 qua
1200 2696 1378 2750 pugna
1407 2679 1785 2734 strenuissime
1818 2677 2078 2730 adversus
2110 2690 2228 2730 eam
2263 2674 2541 2728 dimicavit
2567 2673 2932 2744 Pompeianus
2954 2675 3060 2731 dux
3085 2689 3452 2748 cognomento
3479 2677 3697 2734 Francus

501 2773 606 2843 [aL
643 2772 927 2844 Staticus],
961 2773 1119 2841 cujus
1155 2773 1357 2826 familia
1389 2772 1654 2842 hodieque
1679 2769 1821 2840 apud
1866 2768 2206 2823 Antiochiam
2239 2774 2568 2838 perseverat,
2612 2783 2675 2822 ex
2701 2768 2855 2837 cujus
2876 2765 3140 2839 Evagrius
3171 2771 3533 2828 charissimus
3557 2769 3698 2828 nobis

501 2864 785 2936 presbyter
820 2866 988 2935 stirpe
1021 2865 1320 2920 descendit.

570 2975 831 3032 Eusebius
873 2974 1220 3031 Laodicensis
1262 2975 1490 3046 insignis
1530 2974 1695 3030 habe-
1796 2977 1941 3048 264
2042 2971 2149 3028 278
2388 2974 2430 3028 3

498 3056 607 3100 tur.

569 3161 920 3215 Aurelianum
966 3159 1152 3214 Romae
1199 3159 1620 3228 triumphantem
1665 3156 1915 3213 Tetricus
1966 3165 2020 3212 et
2069 3158 2308 3214 Zenobia
2354 3167 2772 3228 praecesserunt.
2808 3156 2852 3210 E
2892 3157 3092 3228 quibus
3136 3157 3392 3217 Tetricus
3439 3167 3698 3217 corrector

495 3263 682 3323 postea
731 3253 986 3309 Lucaniae
1026 3254 1127 3308 fuit
1167 3273 1180 3309 :
1214 3263 1268 3308 et
1315 3252 1550 3308 Zeuobia
1591 3254 1645 3308 in
1700 3253 1844 3309 Urbe
1893 3267 2112 3310 summo
2149 3255 2358 3311 honore
2389 3255 2679 3311 consenuit
2712 3273 2727 3310 :
2759 3269 2788 3308 a
2818 3269 2927 3324 quo
2958 3253 3226 3325 hodieque
3253 3253 3448 3312 Roma:
3481 3257 3698 3312 Zenobia

495 3347 700 3402 familia
741 3353 1103 3414 nuncupatur.

560 3479 590 3529 g
639 3460 960 3515 Aurelianus
998 3457 1254 3526 templum
1283 3455 1392 3510 Soli
1426 3455 1685 3520 aedificat,

491 3539 545 3586 et
581 3529 805 3584 Romam
837 3527 1170 3583 ﬁrmioribus
1203 3527 1373 3578 muris
1405 3527 1584 3578 vallat.

564 3670 595 3721 h
624 3668 878 3723 Romana:
909 3667 1163 3723 Ecclesiae
1263 3597 1344 3668 8°
1403 3596 1684 3668 MXXX.

425 3767 444 3782 ι
491 3741 863 3821 episcopatum
905 3739 1196 3818 vicesimus
1239 3737 1462 3807 quintus
1505 3750 1690 3790 susce-

493 3807 571 3880 pit
608 3807 756 3862 Felix
795 3808 952 3860 annis
979 3822 1033 3860 ν.

2035 3457 2141 3511 277

2034 3527 2140 3582 278

2035 3663 2140 3718 279

2381 3458 2418 3580 ἒ
2563 3525 2809 3606 JPrimus
2837 3541 2976 3598 agon
3005 3524 3154 3582 Solis
3195 3524 3268 3582 ab
3293 3527 3590 3587 Aureliano
3621 3527 3697 3586 in-

2385 3662 2419 3715 6
2526 3604 2767 3650 stitutus.

1763 3973 1946 4028 NONA
1983 3971 2432 4030 PERSECUTIO.

564 4149 583 4188 ί
620 4153 949 4208 Aurelianus
978 4167 1101 4207 cum
1136 4152 1425 4206 adversum
1458 4163 1560 4206 nos
1596 4151 2030 4220 persecutionem
2059 4150 2338 4215 movisset,
2369 4151 2568 4208 fulmen
2602 4154 2756 4224 juxta
2785 4169 2908 4209 eum
2939 4156 3274 4228 comitesque
3306 4160 3432 4229 ejus
3463 4161 3611 4218 ruit:
3639 4176 3696 4218 ac

490 4261 600 4302 non
627 4246 798 4301 multo
830 4254 954 4316 post
982 4244 1121 4299 inter
1147 4242 1682 4312 Constantinopolim
1706 4251 1760 4295 et
1784 4239 2090 4295 Heracliam
2117 4241 2174 4295 in
2203 4245 2583 4313 cmnophrurio
2614 4244 2727 4299 Viae
2753 4245 2964 4300 Veteris
2991 4247 3278 4302 occiditur.

561 4479 592 4512 α
625 4457 832 4520 Παῦλος
878 4455 1246 4525 Σαμοσατεὺς,
1292 4453 1389 4523 τὴν
1433 4452 1768 4521 Ἀρτέμωνος
1807 4451 2044 4505 ἀνανεω-

491 4551 718 4619 σάμενος
755 4548 984 4616 αἵρεσιν,
1027 4544 1256 4613 ὲξώσθη.
1303 4543 1627 4611 Ἀντιοχείας
1665 4541 2044 4605 ἑκκαιδέκατος

488 4644 777 4702 ἐπίσκοπος
808 4639 1078 4709 Δομνῖνος.
1107 4635 1265 4705 Sync.
1295 4650 1346 4702 p.
1380 4634 1504 4695 581,
1531 4634 1594 4695 Α,
1625 4633 1684 4686 Β.

557 4732 585 4784 b
625 4730 879 4793 Γαλιανὸς
940 4727 1153 4796 ἐσφάγη
1210 4726 1266 4778 ὲν
1323 4722 1650 4793 Μεδιολάνῳ.
1718 4720 1939 4791 Niceph.
1986 4737 2038 4791 p.

487 4821 608 4885 401,
643 4817 704 4873 C.

441 4957 445 4962 ,
557 4927 601 4963 c.
653 4907 868 4979 Ῥώμης
910 4915 994 4978 κη’
1037 4908 1347 4960 ἐϐασίλευσε
1371 4904 1633 4967 Κλαύδιος
1660 4905 1777 4967 ἔτος
1822 4904 1897 4970 ἓν,
1931 4905 2038 4977 μῆ-

487 5017 581 5063 νας
609 5000 672 5052 0'.
711 5000 865 5068 Sync.
893 5014 945 5066 p.
972 4999 1097 5063 584,
1123 4999 1187 5061 Β,
1220 5008 1269 5052 et
1299 4997 1518 5065 Niceph.
1557 5011 1609 5064 ρ.
1649 4996 1774 5059 401,
1801 4995 1862 5050 C.

557 5090 590 5142 d
630 5087 888 5150 Κλαύδιος
927 5087 1152 5160 τελευτᾷ
1196 5089 1286 5140 τὸν
1335 5088 1465 5158 βίον·
1507 5085 1624 5157 μεθ’
1668 5087 1726 5138 ὃν
1765 5087 2038 5150 Κεντίλιος

489 5183 747 5252 κατέσχεν
791 5180 916 5245 ὅλας
962 5179 1172 5251 ἡμέρας
1224 5177 1308 5243 ιζ’,
1355 5178 1452 5232 καὶ
1487 5179 1738 5234 ἀπέθανε.
1788 5179 1948 5248 Sync.
1981 5197 2033 5248 p.

487 5275 610 5338 584,
641 5272 702 5330 C.

557 5381 584 5417 ε
631 5364 843 5434 Ῥώμης
870 5361 948 5415 κθ¹
973 5359 1312 5414 ἐϐασίλευσεν
1347 5360 1672 5430 Αὑρηλιανὸς
1709 5360 1801 5432 ἔτη
1835 5359 1895 5425 ε’,
1938 5361 2041 5432 μῆ-

490 5471 587 5518 νας
613 5453 685 5519 ς’.
717 5454 873 5525 Sync.
901 5469 951 5522 p.
985 5453 1110 5516 385,
1140 5451 1202 5512 C.
1231 5461 1280 5504 et
1309 5451 1358 5503 Ν
1367 5453 1524 5518 iceph.
1559 5453 1662 5505 loc.
1691 5453 1909 5519 pra’dic.

560 5542 590 5612 Ῑ
619 5543 945 5615 Λὺρῃλιανδς
967 5543 1114 5605 ητοὺς
1159 5539 1546 5610 Παλμυρηνοὺς
1585 5539 1912 5610 ἐχειρώσατο
1944 5541 2038 5596 καὶ

2147 4452 2374 4508 Γαλλίαν
2397 4453 2681 4519 ὑπέταξεν,
2719 4455 2876 4526 Sync.
2905 4472 2956 4525 p.
2983 4459 3109 4523 584,
3143 4459 3209 4516 D.
3257 4463 3345 4516 Ἐν
3375 4465 3582 4535 Ἶμμας
3608 4480 3696 4516 κα-

2146 4543 2390 4614 λουμένῳ
2437 4546 2618 4615 χωρίῳ
2661 4549 2786 4609 τοὺς
2828 4549 2926 4618 μὲν
2975 4550 3368 4623 Παλμυρηνοὺς
3413 4554 3694 4626 διέφθειρε,

2146 4635 2403 4704 Ζηνοϐίαν
2447 4637 2504 4688 δὲ
2548 4639 2946 4709 χειρωσάμενος
2993 4643 3074 4704 εἰς
3114 4643 3330 4716 Ῥώμην
3375 4646 3576 4714 ἤγαγε,
3610 4645 3714 4698 καὶ

2146 4727 2521 4798 φιλανθρωπίᾳ
2573 4729 2913 4800 χρησάμενος
2966 4733 3130 4804 πολλῇ
3187 4736 3444 4790 συνάπτει
3504 4736 3696 4806 ταύτην
3761 4779 3767 4790 .

2145 4815 2367 4880 ἐνδόξως
2397 4817 2550 4886 ἀνδρὶ
2575 4817 2682 4870 τῶν
2708 4820 2764 4870 ὲν
2783 4821 3061 4892 γερουσίᾳ.
3090 4821 3311 4874 Ibidem.
3736 4837 3745 4843 '

2215 4922 2244 4974 g
2282 4907 2612 4978 Λύρηλιανὸς
2659 4909 2810 4979 ἡλίου
2852 4911 2976 4962 ναὸν
3004 4913 3061 4964 ὲν
3097 4912 3280 4986 Ῥώμῃ
3310 4910 3691 4969 κατεσκεύασε.

2145 4993 2315 5059 Idem,
2344 5013 2396 5065 ρ.
2433 4998 2557 5059 585,
2589 4999 2652 5049 Α.

2212 5085 2244 5136 h
2293 5087 2576 5156 Ῥωμαίων
2632 5089 2928 5153 ἐπίσκοπος
2985 5090 3152 5160 Φῆλιξ
3201 5090 3293 5162 ἔτη
3343 5098 3404 5146 ε’.
3446 5091 3620 5158 Idem,
3640 5103 3690 5159 ρ.

2143 5177 2268 5242 386,
2296 5177 2361 5233 Β.

2215 5273 2233 5322 i
2269 5269 2358 5340 Τῷ
2390 5278 2440 5334 ς’
2478 5271 2638 5324 αὑτοῦ
2676 5271 2784 5325 ἔτει
2829 5271 3163 5341 Αὐρηλιανὺς
3214 5272 3418 5342 μέλλων
3460 5270 3687 5343 διωγμὸν

2145 5365 2312 5415 κινεῖν
2350 5363 2488 5416 κατὰ
2527 5365 2864 5434 Χριστιανῶν
2891 5365 3016 5435 Θείῳ
3044 5364 3291 5436 κεραυνῷ
3320 5364 3687 5419 διακωλύεταιο

2147 5453 2417 5522 συσκευῆς
2447 5453 2502 5506 δὲ
2533 5433 2830 5525 γενομένης
2857 5433 3196 5524 περὶαύτοῦ,
3220 5433 3285 5507 ὲκ
3317 5457 3420 5510 τῶν
3449 5454 3572 5508 κατ’
3599 5452 3685 5506 αὺ-

2144 5541 2235 5596 τὸν
2265 5541 2617 5614 ὲδολοφονήθη
2651 5545 2707 5597 ἐν
2738 5543 2905 5615 καινῷ
2931 5544 3190 5618 φρουρίῳ.
3213 5542 3378 5612 Idem,
3402 5559 3451 5614 ρ.
3469 5542 3598 5610 385,
3625 5536 3683 5600 ο.
