1965 3089
217 178 271 212 3,03
731 176 883 207 EUSEBII
905 177 1184 209 CIIIIONICOIIUM
1200 179 1272 209 LIB.
1286 178 1318 209 II
1777 181 1832 212 504

804 292 805 296 “
837 300 932 320 ouum
958 301 1087 321 cunis-rus
1123 302 1188 321 non.

1095 383 1230 423 Constan-

1127 422 1182 444 IIIIS

259 502 392 530 Antonius
407 503 556 531 monachus
580 504 728 532 centesimo
746 505 840 539 quinto
856 512 928 532 anno
943 505 1029 533 aetatis
1053 504 1081 532 in
1104 513 1195 532 eremo
1219 505 1343 538 moritur,
1360 506 1456 533 solitus
1481 506 1573 533 multis
1589 506 1622 533 ad
1647 513 1676 533 se
1694 505 1824 533 venienti-

226 547 276 575 bus
291 548 324 575 de
341 547 425 575 Paulo
437 549 551 583 quodam
568 548 684 577 Thebmo
703 550 776 578 mirae
801 551 973 579 beatitudinis
1000 552 1059 579 viro
1085 550 1186 579 referre
1206 551 1363 586 complura:
1380 552 1459 586 cujus
1474 559 1523 579 nos
1536 552 1637 579 exitum
1647 552 1720 580 brevi
1734 553 1823 580 libello

225 592 413 626 explicuimus.

260 635 377 664 Hilarius
404 637 546 672 episcopus
566 637 741 666 Piclaviensis
771 638 886 666 factione
913 639 1052 666 Saturnini
1080 640 1243 667 Arelatensis
1259 640 1388 675 episcopi,
1404 641 1621 675 reliquorumque
1641 641 1686 676 qui
1708 648 1770 668 cum
1789 649 1822 670 eo

224 685 311 714 erant,
326 682 498 714 Arianorum,
513 688 574 710 ante
587 683 733 711 triennium
750 685 776 711 in
795 684 937 719 Phrygiam
952 686 1046 719 pulsus
1062 686 1145 713 libros
1159 685 1192 712 de
1206 689 1299 712 nostra
1311 686 1438 720 religione
1452 686 1598 720 componit.

260 726 387 753 Saraceni
410 727 437 754 in
458 729 650 755 monasterium
671 729 740 755 beati
755 728 862 756 Antonii
876 730 1011 757 irruentes
1027 729 1197 757 Sarmatham
1211 730 1384 757 interficiunt.

258 770 359 803 Magna:
376 772 587 799 Alamannorum
603 772 687 807 copiae
701 772 771 807 apud
786 773 993 808 Argentoratum
1010 773 1059 810 [αι.
1071 774 1268 809 Argentarium,
1280 774 1351 808 infra
1365 774 1706 811 Argentariam].oppidum
1721 773 1822 802 Gallia—

223 824 292 850 rum,
308 825 322 844 a
341 818 446 846 Caesare
455 817 562 846 Juliano
575 824 720 854 Oppressae.

261 892 407 931 Evanthius
433 893 634 931 eruditissimus
657 894 815 931 grammati-
988 894 1041 923 562
1143 896 1176 924 31
1277 896 1438 923 Constantio
1450 895 1572 931 .VRomam
1597 896 1732 931 ingresso,
1758 904 1821 924 ossa

221 934 322 967 eorum
337 927 570 967 Constantinopoli
589 927 667 967 diem
685 929 751 956 obiit
765 938 771 956 :
787 929 814 956 in
1228 931 1341 967 Andreae
1354 930 1491 967 apostoli,_
1502 935 1529 958 et
1542 927 1639 967 Luca?
1650 927 1822 967 evangelista:

222 961 300 1022 cujlus
316 961 404 989 locum
423 970 456 989 ex
474 961 564 990 Africa
586 963 716 990 Chrestus
734 971 814 991 assu-
1230 972 1245 991 a
1261 961 1564 999 Constantinopolitanis
1580 966 1647 992 miro
1659 961 1749 993 favo‘r'e
1761 973 1822 993 sus—

221 1004 256 1023 nn
272 1004 314 1023 ur.
1228 1003 1316 1034 cepta.

255 1041 383 1069 Paulinus
410 1041 581 1069 Trevirorum
604 1043 748 1078 episcopus
764 1043 790 1070 in
806 1042 920 1078 Phrygia
941 1044 989 1080 [aL
1008 1044 1257 1080 Pythia].ersulans
1280 1045 1403 1072 moritur.

256 1085 411 1113 Nicomedia
424 1089 502 1113 terra!
515 1091 589 1113 motu
606 1086 727 1114 funditus
741 1095 845 1119 eversa,
863 1088 958 1115 vicinis
973 1088 1086 1116 urbibus
1102 1096 1134 1116 ex
1150 1092 1226 1123 parte
1242 1088 1369 1115 servatis.

982 1132 1034 1159 565
1140 1132 1177 1159 2‘2

255 1185 379 1222 Synodus
395 1187 466 1221 apud
484 1187 635 1214 Ariminum
656 1191 684 1215 et
705 1186 855 1214 Seleuciam
869 1186 979 1214 Isauriae
1000 1186 1071 1213 facta
1087 1196 1094 1213 :
1117 1187 1144 1214 in
1167 1194 1219 1222 qua
1235 1187 1349 1222 antiqua
1371 1186 1481 1215 Patrum
1498 1187 1574 1221 ﬁdes,
1589 1187 1683 1216 decem
1704 1189 1820 1223 primum

220 1231 381 1265 legatorum.
395 1232 491 1258 dehinc
507 1232 625 1257 omnium
643 1232 793 1266 proditione
808 1231 933 1258 damnata
946 1235 997 1258 est.

255 1275 383 1313 Ili_l_ariu5.
405 1284 465 1301 cum
491 1275 561 1313 apud
587 1276 814 1313 Constantinopo-
988 1276 1040 1303 564
1144 1276 1180 1304 25
1231 1311 1247 1313 __
1268 1276 1419 1313 Honoratus
1430 1284 1462 1304 ex
1477 1277 1603 1313 praefecto
1618 1277 1743 1313 praetorio
1757 1277 1821 1313 Gal-

221 1309 267 1335 iim
283 1310 448 1347 librnmbpm
465 1310 663 1347 seponstantio
678 1309 815 1345 porreris-
1230 1311 1448 1347 liarumprimus
1472 1309 1703 1347 Constantinopoli
1724 1312 1821 1346 prazfe-

221 1346 272 1372 set.
286 1343 319 1369 ad
335 1343 435 1370 Gallias
449 1344 537 1370 rediit.
679 1343 685 1345 ⁷
1224 1349 1285 1372 ctus
1302 1343 1361 1371 urbi
1377 1345 1473 1373 factus.

256 1377 430 1405 Macedonius
441 1378 675 1413 Constantinopoli
694 1378 811 1413 pellitur.
1027 1401 1030 1404 .
1264 1378 1419 1415 Gratianus,
1437 1380 1482 1414 qui
1493 1388 1572 1413 nunc
1599 1380 1745 1415 imperator
1766 1383 1820 1411 est.

1225 1414 1359 1440 nascitur.

255 1467 355 1497 Omnes
370 1477 438 1504 pene
450 1473 506 1497 toto
517 1470 583 1498 orbe
594 1469 721 1498 Ecclesia:
734 1470 784 1498 sub
792 1470 900 1498 nomine
915 1470 989 1506 pacis
999 1474 1027 1499 et
1039 1469 1111 1508 regis
1121 1469 1283 1498 Arianorum
1297 1470 1435 1497 consortio
1446 1470 1611 1505 polluuntur.

237 1512 725 1557 Egontstantiqsiyopsocrenisinter
746 1515 812 1542 Cili-
844 1522 915 1557 286
986 1515 1038 1544 565
1144 1516 1180 1543 24
1238 1516 1496 1557 “constantinopoli
1511 1516 1627 1543 maxima
1649 1514 1762 1543 ecclesia
1776 1515 1821 1542 de-

219 1547 289 1574 ciam
314 1547 565 1583 Cappadociamque
585 1549 716 1581 moritur,
741 1557 812 1577 anno
845 1547 914 1557 ’ων
1230 1550 1346 1577 dicatur.

219 1582 305 1610 aetatis
315 1581 430 1618 mw.
443 1581 530 1619 XLII]:
1233 1618 1236 1619 ν
1264 1584 1350 1619 Gallia
1362 1583 1552 1619 perillilarium
1576 1584 1754 1619 Ariminensis
1767 1583 1820 1618 [aL

1224 1618 1342 1653 Arianae]
1359 1618 1477 1652 perfidiae
1488 1618 1565 1645 dolos
1579 1618 1698 1645 damnat.

253 1682 376 1724 Meletius
396 1683 525 1711 Sebastia:
541 1683 728 1711 Armeniorum
745 1684 887 1719 episcopus
903 1683 937 1711 ab
953 1683 1053 1711 Acacio
1078 1690 1106 1714 et
1123 1684 1238 1721 Georgio
1264 1682 1399 1718 episcopis
1418 1682 1525 1710 Arianis
1545 1683 1714 1710 Antiochiam
1730 1687 1822 1710 trans-

219 1729 324 1756 fertur:
345 1731 372 1756 et
393 1732 454 1765 post
474 1736 528 1756 non
548 1730 650 1765 grande
672 1731 801 1765 temporis
823 1730 1004 1763 intervallum,
1027 1737 1089 1757 cum
1103 1729 1285 1765 presbyteros.
1310 1729 1356 1764 qui
1376 1729 1409 1756 ab
1429 1728 1551 1756 Eudoxio
1574 1733 1745 1757 antecessore
1769 1735 1821 1755 suo

219 1773 335 1809 depositi
350 1774 467 1807 fuerant,
483 1775 660 1810 suscepisset,
674 1776 762 1803 exsilii
774 1775 954 1810 justissimam
968 1783 1079 1804 causam
1098 1775 1187 1803 subita
1202 1775 1263 1801 fidei
1280 1774 1462 1801 demutatione
1476 1774 1584 1801 delusit.

259 1850 381 1892 Georgio.
397 1860 444 1892 per
467 1852 744 1892 seditipnem__populi
767 1852 808 1892 i_n-
1089 1849 1233 1878 XXXVIII.
1249 1849 1413 1877 JULIANUS
1429 1857 1500 1876 anno
1512 1856 1577 1882 uno,
1592 1848 1731 1876 mensibus
1745 1852 1818 1876 octo.

217 1892 310 1925 censo.
320 1886 365 1920 qui
375 1886 406 1913 in"
418 1888 504 1927 locum
513 1886 652 1913 Athanasii
675 1887 709 1926 ab
730 1887 808 1913 Aria-

217 1927 261 1946 nis
288 1920 374 1947 fuerat
400 1921 551 1951 ordinatus,
569 1921 735 1948 Athanasius
749 1920 808 1947 Ale-
981 1919 1032 1947 566
1155 1919 1169 1946 I

218 1954 357 1981 xandriain
375 1956 528 1983 revertitur.

251 2011 360 2040 Juliano
387 2013 421 2039 ad
445 2013 578 2040 idolorum
598 2013 700 2039 cultum
722 2020 863 2045 converso,
888 2011 986 2039 blanda
1006 2011 1158 2046 persecutio
1181 2010 1232 2037 fuit
1257 2009 1371 2039 illiciens
1393 2011 1490 2046 magis,
1516 2017 1597 2045 quam
1619 2009 1762 2044 impellens
1787 2007 1819 2035 ad

219 2058 425 2085 sacriﬁcandum
443 2067 449 2085 :
468 2058 495 2085 in
514 2065 567 2092 qua
583 2058 660 2084 mulli
679 2066 710 2085 ex
726 2058 829 2085 nostris
841 2058 979 2085 voluntate
991 2058 1100 2091 propria
1116 2059 1287 2083 corruerunt.

253 2103 384 2132 Eusebius
396 2108 423 2132 et
437 2103 544 2132 Lucifer
553 2105 586 2132 de
599 2105 695 2132 exsilio
709 2109 880 2132 revertuntur
894 2115 900 2133 :
913 2112 928 2133 e
944 2105 1043 2140 quibus
1057 2103 1164 2132 Lucifer
1190 2105 1284 2133 ascitis
1306 2104 1412 2132 duobus
1442 2103 1644 2131 confessoribus
1666 2102 1820 2133 Paulinum,

208 2147 357 2178 'Eustachil
373 2150 492 2186 episcopi
517 2150 716 2186 presbyterum,
728 2151 774 2186 qui
800 2158 829 2179 se
847 2158 985 2186 nunquam
999 2149 1185 2177 haereticorum
1198 2150 1388 2177 communione
1403 2149 1544 2184 polluerat,
1560 2148 1588 2175 in
1600 2151 1675 2182 parte
1687 2147 1820 2174 catholica

219 2195 367 2223 Antiochiae
382 2196 538 2231 episcopum
555 2195 629 2224 facit.

985 2239 1037 2266 567
1157 2239 1175 2266 2
1261 2238 1423 2266 Emillanus
1441 2238 1475 2264 ob
1490 2244 1598 2263 ararum
1615 2235 1818 2263 subversionem

1225 2272 1367 2304 Dorostori
1383 2280 1398 2299 a
1413 2272 1514 2299 vicario
1526 2271 1693 2298 incenditur.-

251 2327 434 2361 Prohiercsius
464 2333 585 2368 sophista
611 2333 793 2365 Atheniensis,
810 2334 867 2368 lege
888 2334 959 2365 data,
979 2340 1013 2360 ne
1028 2332 1174 2360 Christiani
1199 2331 1349 2358 liberalium
1374 2330 1471 2356 artium
1496 2329 1622 2356 doctores
1636 2329 1739 2356 essent,
1757 2331 1816 2352 cum

217 2380 268 2408 sibi
285 2380 438 2415 specialiter
449 2378 573 2406 Julianus
589 2378 758 2411 concederet,
774 2382 803 2405 ut
821 2378 990 2405 Christianos
1002 2377 1121 2408 doceret,
1138 2376 1258 2404 scholam
1272 2379 1367 2410 sponte
1381 2373 1518 2419 deseruit:
1542 2417 1548 2419 Α
1601 2417 1607 2419 _
1780 2414 1785 2419 Ι

251 2423 372 2451 Ecclesia
397 2422 547 2450 Antiochia:
574 2422 678 2454 clausa,
708 2425 735 2449 et
761 2421 920 2457 gravissima
940 2421 1106 2448 imminentis
1135 2419 1331 2454 persecutionis
1364 2418 1481 2453 procella
1504 2417 1549 2445 Dei
1566 2417 1704 2443 voluntate
1730 2417 1811 2448 sopita

216 2473 268 2497 est.
292 2469 359 2497 Nam
379 2467 503 2496 Julianus
523 2468 549 2495 in
573 2468 670 2498 Persas
685 2467 820 2502 profectus
843 2471 964 2494 nostrum
980 2469 1040 2501 post
1059 2466 1199 2493 victoriam
1213 2465 1265 2493 diis
1287 2465 1447 2499 sanguinem
1462 2466 1570 2490 voverat
1586 2470 1592 2488 :
1610 2460 1654 2488 ubi
1670 2467 1684 2486 a
1700 2459 1810 2494 quodam

217 2516 344 2543 simulato
368 2515 479 2550 perfuga
507 2514 539 2542 ad
556 2514 661 2542 deserta
683 2514 840 2549 perductus,
857 2521 917 2541 cum
936 2513 1005 2540 fame
1026 2517 1053 2540 et
1073 2513 1119 2540 siti
1143 2512 1271 2547 Apostata
1287 2511 1449 2546 perdidisset
1460 2509 1619 2540 exercitum,
1635 2511 1662 2534 et
1680 2504 1812 2533 inconsul-

218 2562 272 2589 tius
296 2569 311 2589 a
338 2549 448 2588 suorum
465 2564 568 2588 erraret
579 2549 755 2596 \agminibus,
782 2561 816 2588 ab
832 2560 910 2587 obvio
933 2559 1002 2587 forte
1025 2558 1143 2586 hostium
1164 2557 1254 2592 equite
1273 2559 1353 2583 conto
1375 2556 1419 2582 ilia
1449 2554 1589 2589 perfossus
1617 2551 1729 2582 interiit,
1745 2557 1812 2576 anno

216 2607 304 2635 aetatis
330 2613 394 2633 xxxt
420 2605 470 2641 [αι.
500 2604 598 2640 nm].
628 2605 692 2632 Post
719 2612 798 2640 quem
823 2604 947 2639 sequenti
972 2604 1016 2631 die
1047 2602 1177 2630 .lorianus
1200 2609 1233 2629 ex
1253 2600 1409 2635 primicerio
1431 2598 1642 2628 domesticorum
1670 2596 1809 2630 imperator

182 2642 188 2648 ’
217 2651 304 2678 factus
330 2653 381 2678 est.

1011 2691 1129 2720 XXXIX.
1150 2689 1317 2718 JOVIANUS
1330 2690 1468 2716 mensibus
1481 2691 1552 2715 octo.

251 2742 380 2770 Jovianus
394 2748 484 2768 rerum
499 2740 667 2767 necessitate
687 2739 809 2773 compul-
1158 2770 1165 2773 _
1261 2768 1277 2773 η
1301 2768 1306 2773 _
1384 2772 1387 2773 ν
1451 2765 1474 2773 η

218 2765 811 2809 susvl‘li—sibin-ist—inagitata;Mesopotamiae
981 2771 1032 2798 568
1155 2770 1166 2796 l
1259 2768 1419 2809 Sugrogatus
1448 2765 1616 2809 Mercefl'ipm
1643 2765 1804 2797 archiepith

219 2799 438 2848 iiitéiif'séiior'i
450 2799 806 2845 regirol’versaruinriradidit.
1225 2810 1272 2836 pus
1294 2799 1502 2835 Rothamageusis
1525 2799 1588 2826 VII.
