3930 6178
329 367 426 434 505
1279 354 1772 420 INTERPRETE
1809 357 1871 416 S.
1904 351 2396 417 HIERONYMO.
3350 347 3462 410 506

319 499 1029 520 -—c—_—-‘—-——'—
1063 496 3464 516 w—

370 577 602 650 §ynodus
633 575 928 631 Antiochiae
963 588 993 627 a
1023 574 1232 629 Meletio
1272 581 1326 629 et
1367 575 1481 628 suis
1532 573 1693 635 facta,
1728 573 1782 626 in
1819 588 1927 643 qua
1974 573 2243 626 homonsio
2274 587 2611 641 anomaeoque
2642 579 2862 641 rejecto,
2895 575 3126 627 medium
3179 575 3317 628 inter
3361 575 3470 628 hanc

311 666 602 722 tonamaion
643 664 1083 719 Macedonianutn
1112 663 1305 732 dogma
1337 663 1766 717 vindicaverunt.

365 753 612 808 Iovianus
654 752 938 812 cruditate,
989 752 1102 806 sive
1139 751 1306 806 odore
1355 767 1672 821 prunarum,
1727 766 1862 819 quas
1904 751 2098 805 nimias
2153 751 2352 804 adoleri
2391 749 2648 819 jusserat,
2695 749 3014 806 Dadastanae
3056 755 3300 816 moritur,
3331 768 3473 808 anno

307 845 457 901 aetatis
477 860 656 896 xxxiv.
680 842 809 896 Post
831 857 987 912 quem
1007 842 1411 897 Valentinianus
1463 844 1711 896 tribunus
1741 843 2122 904 scutariorum,
2147 857 2176 895 e
2219 841 2492 894 Pannonia
2522 840 2822 896 Cibalensis
2849 841 2988 911 apud
3035 841 3262 897 Nicaeam
3292 843 3475 913 Augu-

306 948 408 995 stus
436 937 754 1006 appellatus,
786 934 1008 988 fratrem
1039 932 1311 988 Valentem
1334 933 1793 1002 Constantinopoli
1823 934 1876 984 in
1907 932 2238 986 consortium
2265 931 2413 999 regni
2440 931 2688 984 assumit.

1499 1097 1686 1137 OLYMP.
1758 1097 2016 1136 CHRISTUS
2085 1094 2211 1134 ROI.

1947 1151 2353 1205 Valentinianus

2126 1228 2180 1271 et

2053 1283 2250 1339 Valens

320 1446 642 1528 Apollinaris
663 1446 1010 1528 Laodicensis
1034 1447 1320 1515 episcopus
1344 1447 1475 1499 mul-
1958 1447 1973 1460 '
2008 1449 2102 1504 XL
2125 1483 2138 1498 .
2174 1442 2737 1528 VALENle‘IANUS,
2771 1454 2822 1501 et
2865 1445 3130 1499 VALENS
3161 1445 3318 1500 annis
3353 1458 3473 1510 xm,

1060 1537 1138 1605 η-
1181 1535 1449 1605 ΜεΧΧο
1542 1536 1681 1604 287
1816 1577 1918 1634 569
2168 1580 2192 1633 ι
2299 1515 2648 1566 ν·

299 1587 374 1640 nis
403 1586 598 1640 scripta
619 1585 911 1640 componit.

357 1603 374 1640 s
403 1601 598 1654 scripta
619 1601 911 1654 componit.
1060 1601 1136 1605 --ν
1183 1601 1242 1604 ψ
1263 1601 1379 1604 -τη
1407 1601 1447 1605 ί-
1545 1601 1572 1602 η
1602 1601 1621 1604 -
1654 1601 1663 1603 ε
1816 1601 1918 1634 00:!
2168 1601 2192 1633 ι

357 1673 762 1728 Valentinianus
807 1655 1055 1743 egregius
1102 1670 1237 1723 alias
1293 1671 1584 1738 imperator
1617 1679 1668 1723 et
1716 1670 2006 1723 Aureliano
2043 1669 2285 1722 moribus
2342 1669 2557 1732 similis,
2608 1670 2714 1725 nisi
2769 1671 2912 1740 quod
2975 1674 3311 1727 severitatem
3356 1672 3475 1741 ejus

297 1765 500 1818 nimiam
530 1773 585 1818 et
613 1765 926 1831 parcitatem
953 1764 1169 1831 quidam
1205 1761 1575 1815 crudelitatem
1615 1767 1668 1814 et
1691 1761 1971 1814 avaritiam
2000 1759 2514 1828 interpretabantur.

352 1857 530 1912 Terra:
552 1869 697 1911 motu
732 1872 826 1926 per
857 1865 1026 1911 t'otum
1056 1855 1240 1908 orbem
1295 1855 1458 1916 facto,
1491 1867 1639 1906 mare
1667 1853 1817 1908 littus
1856 1851 2152 1922 egreditur,
2191 1857 2246 1906 et
2285 1849 2481 1904 Siciliae
2529 1851 2927 1921 multarumque
2966 1853 3264 1907 insularum
3317 1855 3480 1908 innu-

295 1950 568 2004 merabiles
606 1949 833 2018 populus
864 1947 1139 2016 Opprimit.

363 2037 554 2091 Valens
586 2039 654 2090 ab
703 2037 941 2090 Eudoxio
989 2035 1308 2088 Arianorum
1355 2034 1470 2102 epi-
1820 2033 1924 2089 570
2167 2032 2203 2086 2

293 2121 444 2174 scopo
473 2107 781 2174 baptizatus
811 2113 1024 2159 nostros
1053 2104 1412 2172 persequitur.

351 2196 670 2264 Procopius,
723 2197 814 2264 qui
857 2196 997 2265 apud
1047 2194 1568 2262 Constantinopolim
1619 2193 1954 2262 tyrannidem
1999 2195 2290 2259 invaserat,
2321 2193 2464 2264 apud
2491 2193 2778 2264 Phrygiam
2825 2194 3124 2248 salutarem
3178 2193 3480 2249 exstinctus

291 2294 366 2340 est
399 2295 486 2341 :et
519 2287 736 2356 plurimi
773 2285 1116 2354 Procopianae
1146 2285 1314 2352 partis
1353 2284 1476 2337 czesi
1505 2292 1664 2352 atque
1702 2286 2008 2354 proscripti.

352 2373 608 2429 Romana:
655 2374 908 2428 Ecclesiae
937 2375 1242 2428 tricesimus
1269 2374 1490 2443 quintus
1520 2374 1798 2427 ordinatur
1841 2375 2124 2444 episcopus
2153 2373 2434 2429 Damasus.
2467 2373 2530 2426 Et
2557 2383 2676 2441 post
2711 2388 2818 2426 non
2855 2373 3082 2426 multum
3115 2375 3370 2442 temporis
3393 2372 3480 2426 inv

290 2465 565 2517 tervallurn
615 2463 841 2518 Ursinus
872 2463 966 2534 [αι.
1000 2463 1304 2535 Ursicinus]
1340 2480 1369 2517 a
1403 2466 1723 2534 quihusdam
1775 2466 2059 2533 cpiscopus
2092 2464 2416 2518 constitutus
2461 2463 2761 2517 Sicininum
2795 2480 2914 2518 cum
2949 2465 3062 2520 suis
3095 2465 3337 2518 invadit:
3373 2477 3478 2534 quo

290 2552 619 2610 Damasianaa
653 2558 817 2624 partis
842 2556 1036 2624 populo
1072 2556 1391 2616 conﬂuente,
1428 2556 1816 2611 crudelissimae
1856 2555 2252 2610 interfectiones
2278 2554 2474 2608 diversi
2509 2570 2670 2608 sexus
2699 2563 3030 2624 perpetratae.

350 2647 642 2701 Gratianus
672 2646 1033 2716 Valentiniani
1082 2648 1223 2706 ﬁlius
1250 2648 1466 2702 Ambia-
1812 2648 1909 2702 571
2155 2650 2188 2703 5
2219 2708 2226 2716 ,
2359 2645 2516 2716 Apud
2565 2647 2853 2716 Atrebatas
2898 2647 3020 2700 lana
3052 2661 3082 2701 e
3125 2647 3263 2700 cmlo
3287 2646 3483 2714 pluvia:

290 2716 368 2771 nis
393 2718 688 2787 imperator
720 2715 914 2771 factus.
2220 2713 2225 2716 ⁷
2295 2715 2457 2787 mista
2487 2713 2697 2787 deﬂuit.
2833 2783 2844 2787 _
2953 2783 2962 2787 Δ
3104 2783 3114 2787 _
3291 2713 3308 2770 ί

2329 2782 2596 2863 _Hilarius
2643 2781 2996 2837 Pictavieusis
3033 2783 3320 2852 episcopus
3363 2799 3482 2838 mo-

2297 2859 2455 2905 ritur.

350 2943 521 2999 Tanta
575 2945 1041 3016 Constantinopoli
1069 2952 1149 3000 est
1195 2954 1312 2999 orta
1357 2952 1670 3015 tempestas,
1717 2952 1776 2999 ut
1818 2945 1967 3000 mirae
2006 2945 2388 3017 magnitudinis
2433 2945 2681 3001 decidens
2731 2946 2935 3014 grando
2975 2947 3263 3001 nonnullos
3307 2945 3484 3001 homi-

287 3047 405 3088 num
446 3035 803 3089 interfecerit.

353 3123 617 3179 Libanius
667 3125 1035 3179 Antiochenus
1093 3121 1273 3176 rhetor
1300 3138 1468 3194 agno-
1812 3123 1916 3178 572
2157 3125 2192 3178 4
2368 3123 2563 3186 Nicaea,
2618 3141 2737 3193 qnze
2792 3140 2930 3193 smpe
2982 3133 3107 3179 ante
3167 3130 3482 3188 corruerat,

286 3192 470 3246 scitur.
1343 3192 1356 3194 ’

1603 3248 1611 3256 ,
2300 3203 2456 3247 terra:
2489 3192 2645 3246 motui
2673 3192 2912 3248 funditus
2936 3208 3143 3248 eversa.

348 3261 499 3329 Agon
544 3260 1008 3330 Constantinopoli
1037 3275 1067 3312 a
1091 3260 1314 3314 Valente
1347 3260 1468 3313 red-
1536 3299 1672 3331 ηοο
1814 3329 1914 3331 ψῃ
2168 3329 2192 3331 η
2369 3263 2628 3316 Eusebius
2659 3261 3011 3317 Verce’llbnsis
3053 3263 3340 3331 episcopus
3369 3276 3486 3316 rno-

283 3299 499 3382 uirili?"
546 3299 1067 3330 “”“”’“””’””ν”““
1109 3299 1460 3314 ’“’””’”’“’“ί
1536 3299 1676 3366 288
1813 3329 1918 3383 s75
2163 3329 2197 3384 5
2304 3299 2462 3384 τίιΐὲῗ

347 3419 718 3474 Athanaricus
767 3434 866 3474 rex.
907 3418 1200 3473 Gothorum
1246 3420 1300 3471 in
1332 3418 1673 3473 Christianos
1705 3418 2079 3488 persecutione
2112 3426 2255 3472 mota
2312 3420 2575 3490 plurimos
2605 3419 2860 3473 interficit
2891 3438 2905 3473 :
2931 3426 2983 3474 et
3015 3419 3081 3474 de
3118 3420 3350 3490 propriis
3395 3435 3486 3475 se-

283 3510 437 3566 dibus
463 3510 520 3562 in
563 3508 863 3561 Romanum
896 3509 1068 3561 solum
1095 3510 1332 3578 expellit.

347 3595 551 3666 Magna
578 3596 750 3651 fames
783 3597 837 3649 in
867 3594 1117 3666 Phrygia.
1820 3595 1923 3648 574
2169 3596 2202 3650 6
2339 3665 2350 3677 ,
2377 3596 2844 3719 Condstalntipopoli
2878 3595 3257 3665 Apostolorum
3291 3596 3488 3668 Marty-

2308 3681 2447 3718 l‘ltlm
2516 3681 2666 3719 enea
2695 3682 2776 3718 ur.

2308 3681 2388 3718 l‘lll
2397 3683 2447 3718 ιιι
2480 3681 2630 3720 (1⁸3016
2638 3681 2724 3718 λιιι
2735 3682 2776 3717 r.

345 3749 577 3804 Lucifer
624 3751 963 3805 Caralitanus
1002 3752 1287 3820 episcopus
1333 3753 1582 3815 moritur,
1614 3752 1704 3822 qui
1762 3767 1886 3806 cum
1919 3752 2178 3826 Gregorio
2229 3755 2480 3824 episcopo
2504 3755 2902 3823 Hispaniarum,
2935 3761 2988 3808 et
3025 3751 3250 3809 Philone
3286 3753 3487 3824 Libya,

284 3852 566 3908 nunquam
589 3855 648 3894 se
674 3840 883 3893 Arianae
911 3841 1127 3894 miscuit
1155 3841 1426 3909 pravitati.
3074 3861 3081 3870 ‘

341 3928 680 3983 Maximinus
739 3928 1022 3998 praefectus
1063 3943 1289 3982 annona:
1329 3928 1601 3983 maleﬁcos
1638 3929 1705 3983 ab
1734 3930 2058 3999 imperatore
2103 3932 2426 4000 investigare
2465 3930 2670 3998 jussus,
2706 3930 2965 3998 plurimos
2998 3927 3180 3984 Roma:
3227 3930 3486 3985 nobilium

281 4021 501 4073 occidit.

307 4164 314 4171 ,
351 4107 682 4178 Valentinus
734 4109 786 4164 in
841 4107 1136 4174 Britannia,
1181 4117 1469 4175 antequam
1818 4110 1923 4164 575
2166 4110 2196 4162 7
2370 4107 2656 4176 Presbyter
2681 4106 2892 4160 Sit-inus
2926 4104 3492 4178 [al._Sirmii]nequis-

281 4179 630 4246 tyrannidem
661 4177 957 4240 invaderet,
985 4193 1280 4246 oppressus
1309 4185 1409 4232 εει.
2305 4179 2440 4232 sime
2488 4175 2802 4240 decollatur,
2838 4175 2978 4242 quod
3007 4175 3372 4246 Octavianum
3399 4193 3493 4228 ex-

2304 4247 2625 4314 proconsule
2663 4248 2802 4314 apud
2837 4260 2895 4297 se
2928 4245 3222 4296 latitantem
3267 4245 3496 4313 prodere

2307 4316 2589 4369 noluisset.

342 4401 455 4458 Lex
481 4405 672 4466 datur,
703 4403 983 4457 nobilitate
1007 4404 1203 4464 deleta,
1241 4411 1299 4457 ut
1329 4403 1530 4473 quique
1557 4413 1750 4473 quarto
1776 4403 1964 4474 gradui
2001 4405 2314 4474 jungantur.

346 4494 620 4565 Didymus
647 4495 1040 4550 Alexandrinus
1072 4497 1236 4548 multa
1279 4497 1345 4549 de
1390 4505 1577 4551 nostro
1619 4497 1866 4568 dogmate
1899 4515 1990 4567 per
2017 4501 2258 4566 notarius
2297 4507 2690 4551 commentatur
2725 4515 2738 4549 :
2780 4494 2868 4564 qui
2900 4503 3018 4564 pust
3071 4495 3315 4563 quintum
3349 4493 3491 4546 nati-

277 4584 459 4639 vitatis
495 4600 615 4640 sua:
643 4600 840 4638 annum
872 4586 1164 4638 luminibus
1198 4587 1418 4642 orbatus
1440 4589 1828 4665 elementorum
1851 4605 2065 4658 quoque
2091 4591 2307 4655 ignarus
2339 4587 2457 4640 fuit.

343 4676 568 4733 Probus
607 4677 892 4746 praefectus
935 4679 1126 4748 Illyrici
1179 4663 1536 4748 iniquissimis
1567 4683 1891 4736 tributorum
1936 4683 2311 4738 exactionibus
2360 4691 2482 4752 ante
2514 4681 2848 4749 provincias,
2880 4693 3015 4747 quas
3063 4663 3301 4745 regebat,
3330 4691 3493 4746 quam

277 4781 308 4818 a
339 4768 598 4822 barbaris
631 4775 990 4831 vastarentur,
1023 4770 1210 4824 erasit.

346 4857 660 4912 Eunomius
684 4857 980 4926 discipulus
1004 4859 1142 4913 Aetii
1173 4859 1638 4931 Constantinopoli
1667 4864 2000 4933 agnoscitur,
2037 4877 2066 4915 a
2087 4878 2194 4931 quo
2222 4862 2440 4916 haaresis
2471 4861 2825 4914 Eunomiana.

342 5019 602 5092 Saxones
657 5019 782 5074 caesi
832 5019 1078 5075 Deusone
1123 5021 1177 5074 in
1237 5021 1474 5077 Franco-
1546 5063 1677 5092 ,οη
2171 4957 2203 5078 3
2380 4996 2817 5092 Burgundionum
2857 5021 3127 5086 octoginta
3175 5019 3339 5092 lit-riuo
3371 5019 3493 5071 mil-

279 5103 397 5139 rum
427 5089 678 5157 regione.
1384 5063 1412 5077 ν
1543 5063 1677 5130 189
1826 5063 1918 5079 VH
2172 5063 2200 5078 υ
2315 5094 2406 5154 lia,
2439 5063 2580 5162 (ίιῗυά
2626 5105 2898 5160 nunquam
2932 5063 3107 5152 antea,
3139 5089 3204 5142 ad
3251 5090 3492 5141 lthenuu

2320 5163 2733 5216 descenderunt.

347 5243 660 5300 Clearchus
695 5247 980 5315 praefectus
1015 5249 1164 5304 urbis
1193 5249 1658 5323 Constantinopoli
1708 5252 2022 5321 agnoscitur
2051 5272 2062 5306 :
2099 5269 2128 5305 a
2163 5267 2271 5322 quo
2316 5254 2622 5308 necessaria
2661 5264 2708 5307 et
2736 5252 2826 5305 diu
2861 5259 3168 5320 exspectata
3195 5249 3332 5302 votis
3358 5261 3494 5316 aqua

283 5332 576 5387 inducitur
600 5337 826 5390 civitati.

350 5425 704 5480 Alexandria:
743 5429 1030 5486 vicesimus
1087 5433 1369 5488 ordinatur
1418 5435 1704 5504 episcopus
1755 5433 1948 5489 Petrus
1980 5452 1993 5487 :
2025 5433 2116 5502 qui
2165 5442 2285 5502 post
2314 5433 2554 5489 Valentis
2583 5435 2855 5489 interitum
2898 5441 3004 5486 tam
3051 5429 3223 5485 facilis
3274 5429 3327 5482 in
3359 5429 3494 5482 reci-

285 5516 505 5588 piendis
542 5517 808 5574 haereticis
843 5520 964 5585 fuit,
999 5532 1054 5576 ut
1083 5527 1357 5580 nonnullis
1395 5529 1756 5596 suspicionem
1784 5535 2014 5596 acceptae
2045 5525 2284 5596 pecunia:
2315 5528 2574 5581 intulerit.

355 5607 595 5664 Melania
626 5610 956 5667 nobilissima
1001 5615 1290 5669 mulierum
1329 5616 1688 5672 [tornanarum
1727 5630 1778 5672 et
1822 5618 2111 5675 Marcellini
2152 5617 2421 5686 quondam
2465 5617 2705 5672 consulis
2748 5616 2872 5682 tilia,
2906 5615 3065 5673 unico
3106 5617 3328 5680 pra-tore
3367 5615 3498 5663 tunc
