3874 6178
479 339 583 402 507
913 341 1212 402 EUSEHII
1251 337 1805 399 CIIRONICORUM
1853 337 1998 400 LIB.
2044 336 2105 396 II
2140 338 2627 399 INTEHPRETE
2664 341 2724 399 S.
2762 339 3236 404 HIERONYMO.
3435 336 3450 342 ’
3539 347 3628 407 ἴ,οὸ

821 465 3614 495 ...Μ-Μ

481 551 689 602 uihano
735 548 844 600 ﬁlio
882 546 1166 610 derelicto,
1212 547 1640 618 Hierosolymam
1683 549 1997 620 navigavit:
2036 549 2122 605 ubi
2149 557 2300 605 tanto
2342 550 2600 604 virtutum
2641 549 3018 621 praecipueque
3065 550 3372 609 humilitatis
3411 554 3633 616 miraculo

484 636 602 701 t'uit,
634 646 685 691 ut
713 635 925 692 Theche
947 652 1144 692 nomen
1173 639 1464 706 acciperet.

1712 742 1900 780 OLYHP.
1953 741 2211 782 οιιιιιετυς
2304 741 2429 780 ROI.

2261 818 2507 898 valenti-

2279 903 2475 941 manus

2241 965 2294 1011 et
2318 955 2521 1010 Valens

2059 1096 2162 1149 378
2342 1093 2409 1145 10
2729 1143 2732 1146 ,

544 1158 916 1237 Aquileienses
975 1161 1198 1224 clerici,
1248 1161 1405 1231 quasi
1451 1162 1653 1216 chorus
2058 1161 2162 1218 379
2341 1163 2400 1214 Η
2599 1161 2747 1216 Multi
2777 1165 3166 1237 monachorum
3199 1165 3373 1220 Nitria:
3393 1183 3480 1237 per
3503 1170 3644 1224 tribu-

473 1230 755 1285 beatorum
793 1231 1082 1284 habemur.
1141 1247 1230 1320 Β.
1269 1230 1644 1323 ΜΟΧΧΧ.
2526 1246 2627 1285 nos
2654 1241 2708 1286 et
2735 1232 2934 1287 milites
2957 1235 3101 1288 caesi.

543 1366 915 1438 Valens,ilege
951 1367 1099 1438 data,
1136 1375 1194 1420 ut
1225 1367 1484 1438 monachi
1507 1367 1650 1419 mili-
2593 1368 2730 1433 Quia
2762 1369 3029 1438 superiori
3077 1385 3220 1424 anno
3263 1370 3504 1426 Sarmata:
3531 1371 3646 1427 Pan-

473 1444 671 1505 tarent.
702 1437 950 1505 nolentes
997 1436 1234 1505 fustibus
1277 1437 1444 1505 jussit
1475 1437 1648 1489 inter-
1944 1450 1959 1463 ⁸
2526 1439 2717 1492 nonias
2786 1436 3168 1500 vastaverunt,
3225 1441 3379 1494 iidem
3429 1445 3645 1498 consules

471 1506 558 1557 tiri
585 1504 678 1576 [aL
710 1504 962 1558 ﬂuctibus
984 1503 1212 1575 necari].
1280 1503 1289 1505 ⁷
2369 1517 2373 1528 ·
2525 1521 2897 1574 permansere.

544 1593 673 1648 Post
702 1593 952 1647 Auxentii
983 1610 1157 1649 seram
1193 1602 1443 1656 mortem,
1483 1593 1769 1648 Mediolani
1801 1595 2090 1650 Ambrosio
2119 1596 2376 1666 episeopo
2407 1597 2731 1662 constituto,
2781 1599 2956 1654 omnis
3003 1598 3069 1652 ad
3117 1598 3271 1654 ﬁdem
3310 1608 3495 1654 rectam
3523 1601 3647 1656 Italia

469 1684 822 1738 convertitur.
1480 1722 1483 1724 -

539 1773 852 1826 Theodulus
886 1769 1214 1824 miserabilis
1243 1769 1550 1838 presbyter,
1585 1771 1714 1825 dum
1749 1772 2017 1828 adversus
2062 1775 2457 1839 conscientiam
2495 1779 2696 1836 furoris
2753 1780 2837 1834 sui
2881 1780 3151 1834 sacriﬁcia
3186 1779 3292 1834 Deo
3311 1780 3491 1847 uilem:
3512 1781 3646 1838 aude-

469 1874 576 1928 ret,
606 1865 664 1918 in
696 1864 888 1920 mediis
926 1863 1184 1933 precibus
1217 1862 1459 1916 eliditur.

539 1953 970 2018 Valentinianus,
1003 1953 1180 2007 subita
1209 1951 1488 2021 sanguinis
1514 1950 1816 2017 eruptione,
1856 1951 1999 2020 quod
2027 1951 2211 2008 Graece
2239 1955 2505 2023 apoplexis
2522 1968 2762 2021 vocatur,
2789 1959 3081 2032 Brigitione
3113 1967 3356 2021 moritur.
3381 1967 3496 2023 Post
3517 1985 3647 2037 quem

467 2041 760 2098 Gratianus
804 2052 1083 2111 assumpto
1118 2042 1172 2095 in
1218 2041 1502 2110 imperium
1527 2039 1900 2095 Valentiniano
1936 2041 2121 2106 fratre,
2158 2059 2280 2097 cum
2311 2053 2504 2114 patruo
2532 2046 2757 2103 Valente
2787 2061 2996 2120 regnat.

537 2137 905 2204 Apollinarius
953 2135 1308 2189 Laodicensis
1341 2133 1639 2203 jactatione
1696 2133 1897 2202 ingenii
1947 2136 2212 2203 quosdam
2264 2153 2478 2193 errores
2519 2141 2873 2209 pertinaciter
2923 2159 3267 2212 asseverans,
3306 2147 3538 2202 hmrcsiln
3581 2148 3651 2202 sui

466 2227 702 2282 nominis
733 2225 1042 2288 suscitavit,
1085 2240 1247 2293 quam
1282 2223 1551 2277 Damasus
1582 2223 1768 2276 habito
1803 2223 1985 2278 Romae
2015 2228 2252 2281 concilio
2283 2228 2578 2285 damnavit.

535 2314 874 2369 Theodosius
913 2311 1206 2367 Theodosii
1257 2318 1444 2380 postea
1476 2311 1823 2379 imperatoris
1840 2320 2010 2380 pater,
2036 2323 2089 2367 et
2122 2315 2340 2383 plurimi
2378 2319 2642 2372 nobilium
2673 2321 2862 2374 occisi.

535 2408 803 2464 Photinus
852 2408 906 2461 in
937 2407 1147 2468 Galatia
1182 2406 1444 2467 moritur,
1479 2419 1508 2456 a
1552 2421 1661 2474 quo
1694 2403 2143 2459 Photinianorum
2191 2409 2386 2480 dogma
2425 2407 2711 2466 Judaicum
2735 2413 2846 2482 (l):
2896 2415 2987 2484 qui
3038 2419 3208 2473 multa
3254 2422 3576 2476 continentia:
3609 2436 3655 2480 et

464 2504 664 2574 ingenii
699 2503 840 2556 bona
876 2517 983 2554 uno
1013 2499 1282 2569 superbia
1322 2499 1464 2551 malo
1494 2497 1732 2566 perdidit
1759 2496 1860 2568 [αι.
1888 2499 2265 2572 decoloravit].

534 2594 956 2673 Alamannorum
993 2590 1224 2673 triginth
1245 2587 1666 2673 circiternmillia
2054 2589 2158 2646 580
2338 2592 2406 2646 l2
2582 2594 2819 2673 Basilius
2848 2598 3204 2673 Caesariensis
3237 2601 3510 2672 episcopus
3539 2601 3653 2673 Cap-

465 2662 606 2731 apud
647 2661 1021 2733 Argentariam
1064 2655 1322 2733 oppidum
1367 2655 1665 2708 Galliarum
2509 2664 2752 2733 padocia:
2773 2668 2954 2720 clarus
2983 2668 3234 2722 habetur.

465 2728 533 2784 ab
564 2728 802 2784 exercitu
830 2728 1075 2782 Gratiani
1103 2735 1298 2780 strata.

533 2824 876 2878 Florentinus
901 2832 953 2877 et
982 2821 1232 2874 Bonosus
1282 2818 1380 2891 [αι.
1419 2817 1715 2891 Bosonius]
1747 2827 1800 2874 et
1840 2820 2068 2877 Ruﬁnus
2107 2821 2348 2894 insignes
2376 2825 2628 2881 monachi
2673 2827 2982 2885 habentur:
3034 2845 3066 2885 e
3094 2830 3300 2900 quibus
3350 2830 3655 2885 Florentiae:

463 2926 573 2972 iam
607 2918 919 2972 misericors
949 2916 1000 2968 in
1039 2921 1259 2989 egentes
1288 2911 1409 2971 fuit,
1442 2919 1502 2963 ut
1536 2911 1693 2982 vulgo
1723 2920 1876 2980 pater
1909 2929 2208 2983 pauperum
2245 2925 2473 2972 vocatus
2507 2918 2598 2973 sit.

537 3007 820 3106 superatis
862 3005 914 3106 in
941 2998 1653 3106 congéessionenliomanis,
1723 3039 1866 3106 290
2045 3005 2143 3058 581
2328 3005 2396 3059 15

421 3118 426 3120 .
465 3045 1653 3132 οοῖιῖίνῖίιῖιῖἱῖιη’ὦῖὶὶίὌῨῖιῐΞέἑίὶίῖηξ⁷”“’“’””’
1723 3045 1866 3108 290

531 3166 676 3221 Gens
707 3164 986 3218 Hunorum
1027 3160 1236 3215 Gothos
1279 3164 1497 3212 vastat:
1547 3158 1639 3227 qui
1694 3173 1724 3211 a
1775 3159 2038 3217 Romanis
2083 3164 2200 3220 sine
2241 3179 2520 3220 armorum
2563 3167 2904 3236 depositione
2951 3171 3230 3241 suscepti,
3288 3187 3380 3242 per
3413 3168 3658 3222 avaritiam

463 3261 684 3317 Maximi
715 3259 874 3315 ducis
900 3257 968 3312 ad
999 3253 1371 3310 rebellandum
1401 3250 1542 3306 fame
1571 3254 1746 3306 coacti
1771 3266 1917 3308 sunt.

2052 3348 2158 3403 582
2258 3429 2263 3434 1
2337 3351 2404 3406 ﬂ
2580 3351 2780 3407 Valens
2801 3354 2875 3435 de
2896 3353 3180 3435 Antiochia
3203 3354 3354 3435 exire
3381 3356 3659 3435 compulsus

2512 3437 2633 3475 sera
2667 3423 2987 3490 pmnitentia
3022 3431 3246 3479 nostros
3279 3423 3345 3478 de
3369 3423 3563 3478 exsiliis
3589 3438 3661 3477 re-

2509 3500 2686 3545 vocaL

529 3580 905 3654 Lacrymabile
937 3579 1137 3636 bellum
1179 3577 1238 3632 in
1263 3575 1498 3632 Thracia
1525 3594 1538 3632 :
1575 3578 1632 3632 in
1662 3591 1792 3646 quo,
1836 3577 2121 3634 deserente
2151 3579 2396 3648 equitum
2428 3581 2702 3649 praesidio,
2736 3580 2994 3634 Romana:
3025 3581 3269 3650 legiones
3300 3596 3330 3636 a
3363 3581 3541 3636 Gothis
3562 3581 3659 3636 cin-

462 3687 562 3732 cla:
602 3693 773 3748 usque
802 3675 870 3730 ad
901 3675 1332 3730 internecionem
1373 3687 1526 3729 caesa:
1560 3679 1709 3728 sunt.
1741 3672 1858 3742 Ipse
1886 3674 2183 3742 imperator
2203 3673 2426 3737 Valens,
2449 3689 2572 3728 cum
2607 3675 2802 3744 sagitta
2840 3674 3061 3730 saucius
3093 3674 3325 3744 fugeret,
3361 3685 3412 3729 et
3439 3675 3504 3727 ob
3532 3673 3662 3726 dolo-

460 3782 576 3822 rem
606 3767 828 3822 nimium
859 3780 1000 3835 saepe
1023 3779 1164 3835 equo
1195 3764 1488 3826 laberetur,
1519 3763 1584 3817 ad
1611 3763 1896 3831 cujusdam
1927 3765 2068 3818 villae
2096 3780 2279 3820 casam
2318 3765 2634 3835 deportatus
2656 3774 2762 3823 est.
2789 3765 2909 3834 Quo
2934 3768 3388 3838 persequentibus
3424 3766 3658 3827 barbaris,

460 3871 516 3916 et
543 3863 762 3916 incensa
789 3860 973 3923 domo,
1008 3858 1287 3927 sepultura
1314 3870 1531 3925 quoque
1561 3859 1758 3910 caruit.
2709 3905 2712 3909 .

531 3949 616 4003 Ab
643 3947 791 4003 Urbe
814 3947 1056 4008 condita,
1090 3961 1262 4015 usque
1300 3946 1368 3998 ad
1410 3955 1713 4001 extremum
1741 3945 1902 4014 hujus
1933 3944 2114 4012 operis
2147 3959 2372 4007 annum,
2402 3945 2538 3998 ﬁunt
2566 3945 2693 3999 anni
2718 3960 2920 4000 ucxxxt
2950 3945 3055 4002 hoc
3086 3949 3251 4004 modo
3279 3969 3293 4006 :
3329 3950 3439 4005 Sub
3473 3949 3661 4019 regibus

458 4039 590 4093 anni
615 4053 747 4092 ceu.
772 4055 787 4103 ;
825 4037 928 4092 sub
957 4036 1274 4090 consulibus
1301 4038 1428 4089 anni
1456 4051 1684 4101 cnutv;
1713 4036 1813 4089 sub
1844 4035 2102 4104 Augustis
2122 4042 2175 4087 et
2206 4034 2513 4089 Caesaribus
2537 4035 2662 4088 anni
2705 4050 2943 4090 cnxxvu.

531 4128 872 4197 Colliguntur
902 4143 1092 4184 omnes
1127 4129 1255 4182 anni
1287 4144 1462 4198 usque
1497 4129 1552 4182 in
1582 4130 1925 4182 consulatum
1954 4126 2196 4183 Valentis
2231 4132 2431 4187 sexies.
2456 4138 2509 4184 et
2541 4129 2900 4183 Valentiniani
2929 4127 3173 4186 Junioris
3207 4131 3405 4187 iterum
3435 4127 3658 4200 Augusti,

462 4221 706 4290 aquinto
739 4220 947 4275 decimo
971 4219 1172 4277 Tiberii
1205 4238 1350 4277 anno
1378 4231 1430 4277 et
1453 4223 1840 4292 praedicatione
1871 4222 2080 4274 Domini
2115 4220 2244 4276 Jesu
2275 4222 2478 4276 Christi
2516 4223 2643 4274 anni
2674 4237 2842 4276 eccm.

531 4317 570 4368 A
604 4315 842 4370 secundo
863 4332 1006 4371 anno
1026 4316 1168 4371 Darii
1195 4317 1338 4387 regis
1361 4318 1656 4372 Persarum.
1684 4332 1791 4386 quo
1808 4325 2050 4383 tempore
2066 4317 2322 4383 templum
2345 4314 2740 4384 Hierosolymis
2764 4315 3120 4371 instauratum
3144 4322 3249 4380 est,
3266 4317 3392 4368 anni
3414 4324 3658 4368 necarent.

526 4404 611 4460 Ab
641 4406 945 4476 Olympiade
974 4409 1167 4476 prima,
1209 4424 1315 4476 qua
1339 4417 1497 4462 aztate
1527 4407 1668 4477 apud
1696 4407 1950 4460 Hebraeos
1979 4407 2144 4459 Isaias
2176 4406 2547 4474 prophetabat,
2576 4405 2703 4461 anni
2737 4421 2916 4462 neut.

529 4496 575 4548 Α
604 4495 890 4551 Salomone
916 4505 970 4550 et
1001 4500 1169 4563 prima
1197 4499 1556 4552 mdiﬁcatione
1586 4497 1792 4563 templi,
1825 4497 1952 4548 anni
1989 4510 2233 4550 uccccxt.

529 4587 575 4640 A
602 4588 913 4656 captivitate
933 4585 1129 4652 Trojaz,
1164 4600 1272 4654 quo
1301 4591 1546 4652 tempore
1587 4582 1818 4635 Samson
1852 4584 1990 4650 apud
2022 4581 2274 4637 Hebraeos
2304 4594 2440 4647 erat,
2480 4583 2608 4637 anni
2637 4598 2822 4640 nam.

529 4679 574 4730 A
604 4671 784 4747 Moyse
811 4687 860 4731 et
891 4677 1130 4743 Cecrope
1160 4675 1334 4744 primo
1359 4688 1484 4740 rege
1508 4673 1718 4732 Atticae,
1751 4673 1876 4722 anni
1909 4687 2142 4725 uncccxc
2176 4673 2272 4739 lat.
2299 4687 2622 4738 uncccxcut;
2656 4676 2729 4726 al.
2755 4673 3072 4746 nnccccxc].

533 4769 619 4824 Ab
646 4768 918 4822 Abraham
947 4775 1000 4821 et
1031 4781 1193 4835 regno
1222 4763 1344 4817 Nini
1378 4772 1432 4817 et
1467 4762 1863 4825 Semiramidis,
1902 4765 2028 4814 anni
2059 4777 2359 4815 unoccxcv.

533 4858 787 4910 (Jontinet
815 4856 990 4908 onmis
1021 4868 1194 4906 canon
1224 4851 1292 4904 ab
1321 4851 1595 4905 Abraham
1634 4866 1806 4917 usque
1838 4849 1901 4901 ad
1936 4857 2148 4917 tempus
2177 4849 2607 4918 suprascriptum
2635 4864 2808 4905 annos
2844 4864 3141 4907 llcccxcv.

529 4952 568 5002 A
602 4948 802 5002 diluvio
835 4963 1002 5015 usque
1030 4947 1094 4998 ad
1122 4944 1395 4999 Abraham
1426 4952 1790 5012 supputantur
1821 4945 1947 4996 anni
1976 4959 2214 4998 nccexcn
2251 4943 2348 5016 [ιιι.
2373 4944 2692 5016 ncccchu].

534 5045 598 5098 Et
631 5045 698 5096 ab
725 5042 894 5095 Adam
934 5057 1104 5108 usque
1127 5042 1190 5094 ad
1219 5040 1502 5099 diluvium,
1529 5040 1654 5092 anni
1685 5053 1960 5092 INCCXLII.

531 5137 692 5199 Fiunt
729 5138 794 5190 ab
837 5136 1108 5188 Abraham
1151 5149 1324 5202 usque
1356 5134 1423 5186 ad
1470 5135 1716 5202 quintum
1752 5134 2019 5186 decimum
2065 5130 2304 5185 Valentis
2348 5147 2569 5195 annum,
2611 5131 2662 5184 id
2693 5140 2776 5186 est
2807 5145 2979 5202 usque
3026 5141 3146 5200 post
3177 5133 3515 5188 consulatum
3560 5129 3663 5199 ejus

462 5235 658 5301 sexies,
684 5242 736 5287 et
765 5230 1128 5284 Valentiniani
1161 5229 1355 5281 iterum
1382 5227 1643 5296 Augusti,
1677 5242 1866 5280 omnes
1896 5226 2021 5278 anni
2049 5241 2283 5278 vuumx
2313 5225 2412 5296 [αι.
2442 5226 2760 5296 runtxxix].

677 5341 804 5384 HUC
849 5339 1050 5390 USQUE
1111 5335 1525 5378 BIEBONYMUS
1565 5336 1924 5378 PRESBYTER
1962 5335 2248 5378 URBINEM
2292 5335 2796 5378 PRJECEDEN'I‘IUM
2843 5334 3122 5378 DIGESSIT
3161 5316 3529 5380 ΔΝαοῆυι*.

533 5455 608 5518 Η)
643 5454 806 5507 Recte
856 5450 1139 5503 Iudaicum
1172 5464 1269 5517 pro
1320 5447 1608 5500 inductum.
1642 5446 1774 5500 Nam
1817 5447 2184 5518 .judaizantem
2235 5445 2523 5498 Photinum
2574 5446 2944 5518 ecclesiastica
2991 5455 3175 5518 narrat
3215 5444 3458 5518 historia.
3489 5439 3659 5518 _Porro

462 5508 773 5594 scqtt'entem
803 5523 867 5576 de
901 5520 1110 5594 letini
1147 5508 1401 5594 superbia
1429 5519 1714 5594 periconen
1749 5508 2149 5594 stulti_al_iquut
2185 5530 2543 5594 amanuenses
2575 5513 2982 5594 adhbroxitnam
3015 5513 3073 5568 S.
3098 5510 3500 5594 "Basilii'magni
3535 5508 3658 5594 peri:

462 5583 647 5663 (opem
682 5592 1106 5652 trzuistulnrunt;
1133 5583 1564 5673 quoduniendum
1598 5604 1702 5667 non
1736 5583 2200 5673 agitov'itirrAtlti.
2234 5586 2493 5664 Scaliger.
2522 5586 2622 5673 sed]
2642 5583 2937 5673 Horitarum
2967 5601 3073 5638 non
3097 5585 3249 5655 fugit,
3271 5583 3658 5642 codicesctim

463 5653 706 5716 \‘e'ticani
735 5667 1058 5730 coarguunt,
1089 5653 1427 5712 etHasiliun‘.
1449 5653 1853 5710 sanctissimum
1884 5659 1950 5709 ab
1973 5656 2156 5722 iniqua
2183 5656 2560 5708 criminatione
2593 5653 2906 5705 defendunt.

533 5742 554 5774 δ
589 5736 826 5795 Prosperi
857 5738 1132 5800 Aquituuici
1162 5738 1558 5791 continuationem
1589 5740 1700 5790 vide
1727 5739 1846 5790 inter
1881 5741 2030 5802 ipsius
2065 5753 2224 5803 opera,
2253 5746 2364 5790 tom.
2392 5740 2468 5797 LI,
2497 5740 2590 5791 τοι.
2618 5740 2846 5788 ει8ξ-ϋοὸ.
