3930 6178
370 366 3544 411 Mm

1723 400 3541 430 Ἦ

1213 521 1649 585 APPENDIX
1685 525 1795 584 AD
1837 527 2182 588 EL'SEBII
2219 528 2710 602 CHRONICON

499 837 1282 1064 Slillllllls
1451 710 2523 1076 Paruum
2671 853 3416 1082 llllllNSlS

1512 1205 2387 1332 TEMPORUM

767 1451 1211 1580 USQUE
1293 1452 1475 1564 AD
1556 1453 1931 1566 SUAM
2009 1457 2634 1572 fETATEM
2716 1466 3146 1577 RATIO

1381 1682 1408 1713 ε
1440 1681 1589 1718 ιιοιιε
1622 1682 1965 1718 HISTOBICORUI
1997 1685 2239 1722 εωηητω
2271 1686 2522 1724 οοιιεοτλ.

581 1824 736 1868 OPUS
779 1824 861 1865 EX
910 1825 1201 1868 HAICANIS
1259 1827 1532 1880 QUINQUE
1586 1828 1909 1872 CODICIBUS
1946 1833 2024 1872 ΔΒ
2055 1831 2296 1874 JOANNE
2348 1835 2635 1878 ZOIIRABO
2697 1836 2982 1879 DOCTORE
3038 1838 3319 1882 ARMENIO

826 1901 1202 1948 DILIGENTER
1270 1905 1664 1948 EXSCBH‘TUM
1721 1908 1922 1958 ATQUE
1987 1910 2378 1951 EMENDATUM
2432 1912 2707 1954 JOANNES
2762 1914 3084 1956 ZOIIRABUS

1123 1981 1201 2022 ET
1253 1982 1529 2023 ANGELUS
1601 1984 1795 2025 MAIUS
1858 1986 2102 2027 PRIMUM
2157 1988 2532 2030 CONJUNCTIS
2591 1989 2770 2032 CUIUS
3003 1993 3009 1998 ”

1322 2059 1697 2101 ιΑτιΝιτΑτΕ
1756 2063 2060 2104 υοΝΑΤυΜ
2121 2064 2430 2116 NOTISQUE
2486 2065 2585 2106 11.-

1542 2138 1914 2182 ιυετιιΑτυω
1976 2140 2251 2183 Εῡωεκυ
2263 2142 2363 2184 NT.

1478 2280 1776 2342 (Mediolani,
1799 2278 1945 2340 regiis
1974 2283 2116 2342 typis,
2137 2295 2415 2329 uncccxuu.

1178 2582 1324 2710 DE
1396 2509 1934 2668 SAM‘UELE
2031 2577 2691 2666 PR/EFATIO.

1920 2777 1980 2787 '—"

396 2878 441 2933 1.
480 2877 744 2934 Samuelis
769 2879 1113 2932 summarium
1143 2879 1407 2933 commode
1436 2895 1551 2931 cum
1587 2879 1811 2932 Eusebio
1847 2881 2195 2948 conjungitur.
2216 2908 2286 2916 —
2319 2876 2611 2945 Postquam
2654 2875 2938 2930 Eusebiani
2969 2876 3213 2933 Chronici
3250 2880 3398 2936 curis
3432 2881 3552 2937 edi-

332 2969 623 3037 tionisque
664 2969 847 3024 labore
879 2969 1092 3023 tandem
1123 2969 1414 3038 aliquando
1442 2961 1685 3023 defuncti
1715 2970 1940 3032 fuimus,
1974 2985 2035 3023 ea
2068 2969 2245 3023 statim
2277 2968 2532 3036 cogitatio
2563 2981 2662 3020 nos
2689 2966 2874 3030 subiit,
2916 2969 3245 3022 solitatimne
3271 2971 3552 3024 mallemus

325 3056 468 3111 istos
520 3057 769 3114 Canones
821 3059 877 3112 in
931 3059 1104 3112 lucem
1138 3060 1403 3123 emittere,
1439 3073 1507 3111 an
1538 3067 1598 3112 ut
1627 3060 1780 3112 multi
1829 3059 2021 3124 Grazci,
2059 3065 2116 3112 ut
2145 3058 2285 3128 Syri,
2340 3065 2398 3110 ut
2424 3055 2598 3110 Latini
2671 3055 2830 3124 (quos
2858 3057 2998 3111 inter
3031 3057 3282 3126 princeps
3333 3057 3552 3112 Eusebi:

323 3147 606 3215 interpres
650 3146 708 3200 D.
747 3146 1101 3217 Hieronymus
1154 3148 1468 3216 primusque
1496 3147 1668 3200 editor
1695 3147 2104 3200 Mcdiolancnsis
2144 3145 2525 3213 Momhritius),
2561 3143 2926 3198 Eusebianum
2969 3160 3105 3212 opus
3137 3155 3550 3200 consecuturum

322 3249 642 3307 temporum
702 3239 864 3307 gestis
889 3239 1328 3304 cumulaverunt;
1364 3254 1464 3293 nos
1497 3253 1709 3307 quoque
1729 3238 1854 3292 item
1880 3238 2168 3291 editionem
2197 3245 2438 3290 nostram
2463 3238 2760 3305 posteriore
2782 3238 2961 3306 aliqua
2999 3240 3228 3293 historia
3267 3243 3550 3295 continua-

322 3345 540 3384 remus.
565 3328 825 3397 Equidem
855 3331 945 3383 ubi
973 3331 1040 3384 de
1062 3330 1452 3399 prosequendis
1475 3331 1794 3385 Canouibus
1824 3331 2091 3384 sententia
2130 3330 2352 3398 placuit,
2385 3329 2519 3381 nihil
2555 3329 2916 3397 Opportunius
2956 3328 3056 3381 luit
3091 3329 3340 3383 Samuele
3375 3331 3538 3383 chro-

321 3420 620 3490 nographo
654 3420 928 3485 Armenio,
967 3421 1124 3490 cujus
1156 3423 1332 3478 omnis
1363 3424 1630 3478 industria
1655 3440 1708 3477 in
1735 3439 1802 3478 eo
1838 3423 2252 3492 diligentissime
2277 3430 2489 3476 versata
2516 3431 2620 3483 est,
2664 3429 2722 3474 ut
2751 3421 2900 3489 apud
2919 3423 3148 3491 gentiles
3173 3439 3303 3477 suos
3331 3422 3546 3477 Eusebii

319 3511 429 3570 sibi
467 3525 756 3578 personam
779 3525 1073 3581 vocemque
1093 3522 1422 3581 capesseret.
1445 3512 1578 3567 Nam
1607 3530 1731 3568 cum
1762 3516 2016 3568 universo
2045 3527 2206 3581 opere
2220 3511 2460 3571 Eusebii,
2485 3511 2675 3565 latiore
2707 3512 2961 3565 nimirum
2987 3513 3211 3566 historia
3237 3527 3300 3567 ac
3325 3514 3548 3566 linearis

319 3598 566 3654 canonis
594 3599 826 3668 epitome
855 3607 1095 3654 uteretur
1127 3599 1366 3664 Samuel,
1395 3600 1538 3654 haud
1562 3602 1678 3670 ipse
1701 3601 1987 3656 consilium
2016 3601 2178 3668 cepit,
2197 3599 2340 3668 quod
2366 3600 2490 3654 olim
2512 3597 2690 3652 Latini
2719 3600 2982 3663 fecerunt,
3001 3609 3170 3654 totum
3197 3601 3324 3654 illud
3351 3603 3548 3670 prioris

317 3689 466 3746 libri
497 3689 749 3744 volumen
766 3691 941 3747 securi
971 3689 1211 3746 Tenedia
1233 3694 1532 3758 resecandi;
1558 3709 1768 3756 verum,
1791 3693 2005 3746 mitiore
2030 3701 2314 3746 contentus
2333 3693 2618 3754 sententia,
2638 3692 2870 3760 priorem
2893 3693 3106 3760 quidem
3136 3693 3329 3746 librum
3355 3702 3434 3746 tot
3449 3709 3548 3746 au-

318 3790 548 3838 ctorum
593 3783 875 3838 sententiis
903 3783 1304 3838 redundantem
1351 3800 1416 3838 ac
1448 3786 1680 3846 varium,
1703 3787 1837 3839 satis
1864 3784 2010 3838 brevi
2037 3783 2358 3852 compendio
2408 3782 2713 3846 conclusit;
2745 3783 3096 3850 posteriorem
3122 3791 3299 3836 autem
3333 3784 3402 3836 ad
3459 3785 3540 3837 sui

319 3873 600 3942 temporis
645 3889 802 3929 usum
837 3875 1000 3942 paulo
1026 3875 1204 3944 aptius
1241 3875 1688 3940 accommodavit,
1724 3875 1904 3929 addita
1941 3874 2141 3928 Christi
2173 3888 2302 3934 aera,
2340 3876 2606 3940 rebusque
2634 3873 2818 3924 [multis
2847 3886 2982 3940 quas
3009 3871 3274 3926 Eusebius
3297 3873 3544 3942 neglexe-

315 3975 407 4022 rat
442 3984 462 4019 :
518 3974 635 4020 tum
688 3966 832 4034 quod
887 3966 1118 4021 instituti
1171 3973 1336 4034 caput
1361 3973 1498 4029 erat,
1532 3966 1665 4020 adeo
1714 3973 2014 4034 temporum
2055 3951 2407 4034 digestionem
2469 3962 2742 4030 produxit,
2790 3970 2846 4015 ut
2897 3963 2966 4016 ab
3003 3978 3146 4016 anno
3201 3961 3542 4017 Constantini

318 4054 516 4124 “agni
541 4054 800 4109 vicesimo
833 4054 1044 4124 (inquo
1084 4053 1244 4108 ﬁnem
1266 4053 1392 4108 iecit
1423 4053 1710 4121 Eusebius)
1760 4053 1823 4107 ad
1858 4055 2107 4122 quintum
2166 4069 2338 4122 usque
2368 4065 2420 4106 et
2445 4053 2910 4122 quadragesimum
2972 4051 3233 4108 Manuelis
3283 4055 3543 4108 Comneni

316 4140 669 4208 decurrerit;
721 4141 862 4208 quod
927 4141 1118 4209 ingens
1171 4140 1594 4194 additamentum
1647 4157 1734 4196 res
1775 4156 2040 4194 annorum
2101 4142 2530 4209 octingentorum
2595 4151 2647 4194 et
2703 4142 3092 4211 quinquaginta
3143 4145 3538 4210 complectitur.

318 4235 680 4302 Quanquam,
715 4238 772 4286 ut
795 4245 916 4287 vere
936 4231 1203 4293 dicamus,
1230 4231 1283 4284 id
1306 4231 1574 4298 praecipue
1605 4232 1867 4300 spectavit
1891 4230 2108 4285 Samuel
2142 4245 2439 4299 maganue
2474 4232 2654 4285 studio
2691 4232 2934 4298 perfecit,
2967 4241 3031 4285 ut
3061 4250 3149 4288 res
3191 4235 3542 4291 Armeniacas

315 4337 566 4396 quarum
595 4321 799 4377 nullum
826 4320 1122 4388 {vestigium
1160 4319 1302 4389 apud
1337 4319 1625 4374 Eusebium
1672 4320 1855 4374 videre
1909 4327 2012 4379 est.
2043 4335 2075 4373 e
2113 4334 2324 4373 summo
2380 4322 2554 4389 gentis
2607 4321 2866 4374 historico
2912 4322 3243 4376 Choreneusi
3287 4325 3432 4379 Mose
3484 4328 3538 4379 in

315 4429 481 4470 suam
511 4411 945 4466 lucubrationum
969 4410 1326 4476 transferret;
1350 4411 1443 4464 ubi
1470 4426 1599 4464 vero
1616 4411 1718 4465 hic
1737 4412 1899 4464 etiam
1930 4411 2204 4472 deﬁceret,
2228 4413 2533 4479 complures
2553 4413 2686 4466 alios
2723 4422 2773 4465 et
2796 4429 2987 4481 graves
3007 4413 3381 4468 Armeniorum
3405 4418 3540 4470 scri-

316 4519 518 4579 ptores
538 4513 888 4574 excerperet;
922 4503 989 4560 ad
1017 4513 1316 4560 extremum
1348 4520 1467 4574 quae
1490 4506 1607 4574 ipse
1638 4505 1863 4567 viderat,
1892 4504 2335 4574 chronographiaa
2383 4508 2760 4561 committeret.
2793 4507 2909 4561 Non
2965 4523 3072 4561 uno
3106 4517 3285 4562 autem
3316 4510 3536 4563 nomine

317 4599 652 4655 Eusebiana:
670 4596 893 4652 editioni
927 4595 1145 4665 prodest
1166 4592 1433 4650 Samuelis
1461 4595 1797 4663 conjunctio.
1826 4594 2067 4664 Namque
2099 4597 2153 4649 in
2192 4598 2380 4666 primis
2407 4599 2572 4667 priori
2610 4599 2885 4652 Canonum
2912 4599 3337 4654 Eusebianorum
3370 4601 3539 4655 histo-

315 4693 419 4745 τίω
451 4691 642 4759 (quam
673 4701 840 4756 prope
890 4686 1051 4740 stulte
1079 4685 1295 4754 quidam
1327 4684 1503 4738 critici
1553 4684 1667 4752 jam
1697 4684 1940 4739 ﬁctitiam
1975 4687 2287 4756 nullamque
2317 4704 2436 4742 esse
2458 4688 2737 4757 putabant)
2769 4690 3132 4743 testimonium
3158 4691 3535 4760 gravissimum

317 4778 726 4845 mduhiumque
751 4775 940 4842 adjicit
980 4773 1218 4836 Samuel,
1241 4774 1369 4827 dum
1407 4781 1461 4827 et
1483 4773 1602 4840 ejus
1629 4775 1952 4842 prooemium
1993 4791 2158 4844 prope
2188 4777 2256 4830 ad
2279 4778 2508 4831 litteram
2540 4779 2812 4845 exprimit,
2831 4786 2884 4832 et
2917 4794 3003 4832 res
3023 4779 3340 4834 Chaldaicas
3395 4795 3454 4834 se
3482 4781 3535 4834 in

317 4867 592 4935 praedicto
612 4865 749 4919 libro
771 4865 965 4933 legisse
995 4870 1401 4924 commemorat,
1430 4870 1484 4916 et
1511 4863 1653 4916 unde
1678 4863 1940 4918 Eusebius
1959 4864 2280 4919 Hebraicam
2312 4867 2711 4935 chronologiam
2755 4869 2824 4920 sit
2857 4883 3084 4922 exorsus
3113 4868 3289 4931 docet,
3314 4876 3367 4922 et
3393 4869 3541 4936 ejus-

316 4959 452 5012 dem
483 4954 725 5007 imitator
752 4953 878 5013 τοὺς
914 4949 1054 5004 LXX
1080 4949 1376 5004 Bibliorum
1402 4951 1724 5022 lnterpretes
1747 4954 1974 5020 pressim
2007 4955 2311 5022 sequendos
2334 4955 2625 5017 existimat,
2653 4964 2712 5008 et.
2743 4957 3075 5027 illas'viginti
3104 4961 3442 5028 genealogias
3470 4962 3539 5015 ab

315 5049 524 5107 eodem
555 5043 787 5098 Eusebio
811 5049 1086 5095 mutuatur
1126 5059 1139 5094 :
1183 5056 1494 5112 quanquam
1526 5044 1642 5112 ipse
1671 5043 1884 5096 demum
1937 5045 2366 5112 patriarcharum
2415 5060 2610 5099 uxores
2658 5054 2846 5114 sponte
2888 5049 3074 5102 inserit
3115 5065 3180 5102 ex
3222 5051 3398 5118 aliquo
3429 5051 3540 5103 inr-

317 5156 479 5199 tasse
535 5136 746 5195 Veteris
796 5135 1126 5192 Testamenti
1179 5135 1644 5206 pseudepigrapho
1677 5136 1836 5204 libro,
1893 5137 2099 5190 erudita
2139 5138 2455 5192 curiositate
2495 5139 2730 5194 delectas
2771 5139 2868 5210 (a).
2917 5140 3055 5206 Quid
3089 5143 3311 5197 autem?
3360 5157 3563 5195 nonne-

319 5230 553 5287 Samuel
585 5225 870 5280 emendare
905 5225 1193 5279 Eusebium
1230 5226 1459 5288 videtur,
1477 5241 1598 5279 cum
1624 5225 1920 5279 Cainanum
1953 5226 2129 5296 (cujus
2162 5227 2423 5281 Eusebius
2453 5231 2638 5284 omissi
2669 5246 2832 5284 causa
2850 5239 2927 5284 tot
2950 5233 3175 5302 Syncelli
3202 5232 3568 5286 criminatio--

318 5323 496 5378 nibus
515 5319 705 5389 patuit)
725 5317 778 5370 in
800 5317 1230 5387 patriarcharum
1248 5317 1436 5372 ordine
1461 5317 1833 5371 collocandum
1856 5317 2229 5372 demonstrat?
2272 5317 2459 5373 Nonne
2499 5321 2713 5373 nomina
2742 5322 2854 5375 sive
2878 5323 3093 5392 prapria
3139 5323 3250 5376 sive
3286 5321 3530 5391 gentilia,

399 5473 482 5539 (α)
509 5471 727 5543 chesis
765 5468 1030 5524 Samuelis
1061 5469 1338 5538 prologum
1388 5476 1440 5523 et
1490 5470 1690 5538 prioris
1719 5469 1885 5539 partis
1923 5469 2095 5538 prima
2131 5471 2306 5540 capita
2330 5470 2455 5524 duo.
