3874 6178
447 335 549 400 511
1359 328 1749 396 APPENDIX
1789 332 1891 390 AD
1930 331 2243 391 EUSEBII
2286 331 2764 395 CHRONICON.
3514 340 3605 403 5i?

454 458 631 497 nonne
648 456 910 497 annorum
932 451 1108 506 notas,
1126 455 1307 495 nonne
1323 441 1427 496 alia
1440 440 1719 513 complura
1734 436 1854 514 qua:
1870 444 1925 499 in
1940 444 2155 528 Eusebii
2174 446 2454 504 codicibus
2492 448 2673 504 luxata
2713 451 2954 514 luerunt,
2985 458 3130 506 recte
3157 450 3361 510 Samuel
3375 456 3606 518 interdum

449 532 770 598 constituit?
804 531 1043 602 Denique
1097 531 1164 585 ad
1192 531 1409 586 Eusebii
1440 534 1628 589 crisim
1650 535 1778 603 quid
1802 551 1911 589 non
1966 535 2055 589 hic
2095 535 2341 590 conferat
2391 546 2601 602 auctor,
2649 540 2742 608 qui
2789 538 2951 593 modo
2990 538 3269 595 Eusebium
3310 544 3374 599 ab
3410 562 3463 602 se
3496 564 3609 618 pene

447 625 681 678 exscribi
710 623 993 677 continuat
1026 623 1100 693 (α)
1127 642 1142 690 ;
1176 624 1336 679 modo
1366 626 1539 681 eidem
1566 627 1639 681 ita
1668 642 1728 682 se
1749 627 1995 681 innixum
2026 628 2246 694 fatetur,
2271 636 2362 697 ut,
2395 644 2461 685 eo
2489 631 2778 696 subducto,
2830 633 2964 686 nihil
3004 633 3236 689 scribere
3250 638 3410 704 possit
3434 639 3532 710 (b)?

515 732 578 789 ll.
619 734 881 791 Samuelis
902 742 1102 806 patria,
1135 732 1325 792 notitia
1355 740 1521 807 operis
1553 749 1603 794 et
1648 740 1929 795 Maecenas.
1960 772 2026 782 -—
2061 741 2169 795 Sed
2200 742 2517 813 priusquam
2550 744 2616 800 de
2645 746 2927 814 multiplici
2958 745 3221 804 Samuelis
3246 750 3458 807 utilitate
3490 752 3617 809 dica-

449 839 592 889 mus,
624 841 803 896 opera:
827 830 1058 897 pretium
1098 837 1180 885 est
1211 830 1280 885 de
1309 831 1428 901 ipso
1477 832 1693 886 homine
1746 843 1800 887 et
1849 833 1915 887 de
1968 833 2268 895 codicibus,
2334 835 2478 890 unde
2523 851 2662 905 opus
2710 836 3065 906 protrahitur,
3117 853 3320 893 summa
3365 857 3479 896 eum
3514 846 3620 899 bre-

442 919 606 972 vitate
637 918 924 974 disserere.
979 919 1271 985 Samuelis,
1318 921 1583 990 dignitate
1615 922 1938 992 presbyteri,
1991 923 2169 991 patria
2203 923 2308 977 fuit
2334 923 2494 991 Ania,
2527 926 2797 981 Armenia:
2840 927 2972 983 urbs
3024 927 3089 981 ad
3120 926 3313 983 flumen
3359 933 3618 991 Achurium

450 1009 577 1071 sita,
620 1008 678 1062 in
709 1024 773 1064 ca
812 1012 1104 1079 provinciae
1130 1011 1398 1065 Araratia:
1428 1011 1646 1081 regione
1674 1026 1834 1079 quam
1858 1011 2147 1080 geographi
2171 1009 2362 1065 dicunt
2402 1011 2690 1068 Siraciam.
2735 1012 2860 1069 Haec
2909 1014 3047 1067 Ania
3068 1028 3190 1068 cum
3220 1029 3357 1071 nono
3383 1016 3620 1076 Christia-

439 1113 524 1154 nae
549 1114 672 1154 aera:
702 1103 902 1156 saeculo
922 1118 1030 1156 non
1061 1103 1273 1156 modica
1306 1102 1635 1156 incrementa
1659 1102 1979 1170 accepisset,
2011 1108 2297 1170 propterea
2328 1102 2473 1171 quod
2507 1103 2849 1173 Bagratuniis
2880 1103 3216 1174 principibus
3247 1106 3436 1175 regiam
3466 1108 3621 1165 sedem

449 1196 734 1268 praeberet,
756 1197 971 1266 decimo
997 1196 1213 1265 quidem
1241 1189 1635 1264 undecimoque
1664 1196 1861 1250 sacculo
1883 1210 1992 1249 tam
2025 1196 2279 1267 frequens
2298 1209 2519 1266 tamque
2536 1196 2817 1266 splendida
2871 1196 3069 1261 evasit,
3106 1207 3165 1251 ut
3214 1198 3398 1254 domos
3432 1209 3621 1255 centum

445 1291 613 1355 mille,
645 1291 839 1361 templa
869 1298 1049 1344 autem
1069 1290 1190 1358 plus
1211 1289 1356 1343 mille
1381 1289 1636 1343 habuisse
1662 1287 1866 1342 feratur
1894 1289 1984 1357 (c).
2016 1288 2183 1344 Porro
2214 1290 2331 1345 haec
2355 1291 2486 1345 urbs
2505 1290 2790 1359 diligenter
2811 1288 3142 1343 secernenda
3169 1295 3250 1343 est
3276 1290 3342 1343 ab
3364 1290 3493 1344 Anio
3518 1306 3625 1361 pro-

435 1381 651 1444 vinciae,
683 1397 804 1451 qua:
818 1380 1017 1435 dicitur
1043 1382 1151 1434 alta
1174 1379 1450 1447 Armenia,
1495 1380 1716 1434 castello
1744 1379 1889 1449 quod
1921 1379 2095 1435 Moses
2128 1381 2491 1436 Chorenensis
2524 1388 2908 1435 commemorat
2927 1379 3028 1450 (Δ).
3058 1381 3169 1450 Age
3200 1396 3326 1436 vero
3356 1382 3514 1451 ipsius
3541 1381 3625 1436 Sa-

434 1471 631 1528 muelis
656 1471 1057 1541 chronographi
1085 1470 1412 1524 mentionem
1446 1469 1650 1523 faciunt
1677 1467 1910 1540 prini'iim
1935 1471 2150 1540 quidem
2202 1470 2447 1526 Armenii
2500 1473 2794 1542 scriptores
2836 1470 3097 1541 Cyriacus
3135 1471 3512 1550 Ganzaghenus
3542 1492 3627 1533 saa-

434 1566 542 1621 culi
598 1581 698 1620 xm
754 1565 952 1631 homo;
1022 1564 1218 1620 iterum
1273 1569 1531 1631 sequente
1588 1564 1789 1619 saeculo
1848 1565 1932 1618 vir
1979 1565 2227 1620 eruditus
2274 1562 2563 1620 Vardanus
2608 1563 3123 1630 Barzerberdensis;
3177 1571 3399 1634 uterque
3443 1566 3495 1621 in
3530 1567 3628 1624 suis

434 1655 692 1712 Haicanis
714 1656 993 1711 historiis:
1021 1654 1256 1724 denique
1302 1664 1573 1723 postrema
1606 1660 1765 1708 aetate
1795 1652 2082 1723 Serposins
2116 1656 2169 1706 in
2200 1653 2535 1709 Armeniacae
2561 1654 2800 1709 historia:
2832 1656 3176 1725 compendio,
3203 1658 3364 1728 quod,
3395 1660 3630 1730 scriptore

438 1760 573 1801 usus
600 1760 869 1817 anonymo
900 1744 1097 1809 amico,
1131 1743 1393 1811 impensis
1414 1741 1783 1810 subsidiisque
1811 1743 2066 1796 maximis
2091 1742 2397 1804 adornavit,
2431 1741 2705 1796 Samuelis
2750 1743 3041 1799 chronicos
3095 1759 3335 1802 canones
3360 1745 3500 1815 justo
3524 1747 3625 1817 qui-

432 1836 557 1893 dem
603 1837 804 1901 rarius,
836 1837 932 1893 sed
976 1847 1157 1891 tamen
1187 1836 1473 1905 aliquoties
1513 1835 1819 1903 compellat.
1865 1833 2131 1890 Prseterea
2156 1833 2423 1889 Gallicani
2452 1834 2659 1904 aliquot
2706 1834 2949 1904 perdocti
2985 1835 3235 1893 homines
3265 1836 3462 1893 codicis
3501 1837 3631 1892 Pari-

434 1925 568 1979 siaci
598 1924 790 1980 notitia
821 1925 927 1989 usi,
962 1940 1062 1980 nec
1091 1923 1329 1995 segniter
1367 1938 1469 1978 nec
1502 1916 1871 1992 perfunctorie
1902 1922 2209 1978 Samuelem
2253 1933 2504 1979 nostrum
2551 1924 2948 1979 commendant.
3006 1924 3222 1982 Primus
3270 1928 3323 1982 in
3378 1928 3457 1984 his
3485 1927 3629 1985 Ville-

437 2012 628 2086 froyus
683 2012 954 2070 Samuelis
1008 2013 1319 2068 Cbronicon
1362 2012 1774 2083 diligentissime
1816 2015 2195 2077 contrectavit,
2248 2023 2409 2083 atque
2447 2014 2630 2084 operis
2673 2015 2917 2072 universi
2964 2016 3234 2071 rationem
3295 2019 3529 2087 exposuit
3553 2019 3630 2090 (ι).

445 2107 583 2162 Exin
632 2105 911 2178 Villefroyi
967 2105 1184 2161 schedis
1218 2106 1521 2159 instructus
1571 2103 1826 2159 Freretus
1864 2104 2135 2161 Samuelis
2174 2106 2580 2176 chronologiam
2623 2121 2747 2162 cum
2797 2107 2977 2163 fructu
3036 2110 3318 2180 usurpavit
3369 2110 3423 2166 in
3449 2112 3630 2168 disser-

437 2202 644 2256 tatione
672 2200 749 2262 De
800 2216 939 2254 anno
994 2199 1302 2253 Armeniaco
1346 2198 1433 2269 (Γ).
1484 2198 1586 2254 Sed
1637 2202 1778 2253 enim
1831 2215 1991 2253 nemo
2038 2199 2351 2254 affluentius
2402 2201 2794 2256 laudabiliusve
2851 2200 3215 2258 Samuelianis
3269 2204 3438 2272 copiis
3489 2210 3637 2259 semet

445 2295 750 2359 exornavit,
788 2309 951 2364 quam
980 2295 1311 2349 novissimus
1338 2292 1756 2366 Sammartinius
1782 2291 1876 2363 (g),
1908 2294 1990 2347 vir
2032 2295 2372 2349 orientalium
2424 2294 2728 2350 studiorum
2766 2302 2951 2348 nostra
2995 2303 3154 2349 aetate
3187 2295 3632 2364 prudentissimus,

430 2389 523 2457 qui
555 2388 622 2442 de
658 2387 926 2440 Armeniae
966 2386 1192 2440 historia
1232 2391 1287 2440 et
1332 2383 1659 2454 geographia
1711 2398 1863 2452 aeque
1899 2384 2035 2439 bene
2079 2384 2161 2438 vel
2209 2384 2374 2437 etiam
2439 2385 2714 2453 copiosius
2758 2384 3054 2438 meriturus
3102 2392 3210 2449 est,
3251 2399 3408 2453 quam
3441 2385 3523 2440 ille
3555 2385 3632 2440 diu

431 2479 803 2535 memorabilis
850 2477 1260 2532 Sancticrucius
1315 2476 1383 2530 de
1433 2476 1727 2531 Alexandri
1786 2479 1953 2546 gestis
2011 2486 2174 2547 atque
2230 2478 2612 2548 scriptoribus.
2652 2476 2770 2532 Jam
2815 2492 2882 2533 ex
2932 2479 3052 2548 ipso
3098 2481 3282 2534 statim
3348 2480 3554 2550 prologo
3589 2485 3636 2533 et

432 2584 561 2626 mox
620 2586 653 2627 e
712 2574 911 2641 prioris
960 2572 1131 2640 partis
1174 2570 1533 2624 conclusione
1581 2571 1982 2639 cognoscimus,
2042 2570 2345 2626 Samuelem
2400 2571 2724 2640 patriarcha:
2773 2570 3021 2640 Gregorii
3068 2573 3324 2640 precibus
3382 2579 3634 2627 exoratum

433 2663 575 2717 hanc
623 2664 978 2718 summariam
1023 2671 1326 2730 temporum
1355 2662 1735 2715 tractationem
1772 2663 2098 2730 scripsisse:
2135 2662 2229 2718 sed
2280 2670 2365 2717 est
2411 2663 2702 2717 obscurum
2736 2661 2804 2715 ad
2845 2676 3003 2730 quem
3048 2659 3368 2729 Gregorium
3398 2660 3637 2716 Samuelis

431 2757 593 2810 verba
625 2755 948 2824 pertineant.
985 2752 1234 2807 Profecto
1271 2752 1516 2807 nonnulli
1557 2753 1798 2822 cogitant
1822 2755 1889 2809 de
1915 2753 2178 2824 Gregorio
2208 2755 2320 2816 illo,
2357 2753 2449 2823 qui
2486 2768 2630 2808 anno
2656 2752 2863 2807 Christi
2897 2752 3034 2805 1116
3076 2752 3287 2807 electus
3315 2762 3396 2808 est
3425 2746 3637 2821 vixitque

433 2846 491 2900 in
534 2848 847 2915 pontificatu
874 2859 1048 2898 annos
1091 2858 1220 2908 Llll;
1263 2856 1364 2896 nos
1412 2849 1596 2895 tamen
1633 2841 1902 2897 Samuelis
1950 2843 2148 2898 librum
2178 2836 2440 2912 Gregorio
2491 2844 2672 2912 potius
2700 2842 2906 2911 juniori
2935 2842 3177 2896 oblatum
3231 2857 3526 2903 censemus,
3554 2840 3634 2912 qui

430 2939 586 2995 Nersi
625 2938 859 3009 Claiensi
889 2936 1156 2992 successit
1186 2948 1330 2988 anno
1355 2932 1491 2988 H76
1522 2951 1536 2988 :
1570 2932 1729 3000 cujus
1769 2934 1848 2988 rei
1881 2936 2148 3003 permulta
2194 2935 2393 2988 indicia
2433 2943 2581 2996 sunt.
2614 2935 2708 2988 sed
2743 2933 2871 2987 illud
2906 2934 3063 3003 longe
3101 2933 3483 2997 certissimum,
3509 2931 3635 3005 quod

440 3029 688 3083 nimirum
723 3025 940 3080 Samuel
980 3029 1176 3092 quarto
1224 3020 1471 3090 Gregorii
1496 3020 1755 3090 iunioris,
1792 3037 1890 3076 seu
1935 3022 2158 3093 Deghaa,
2208 3036 2352 3077 anno
2392 3023 2800 3092 chronologiam
2840 3037 2871 3076 a
2899 3037 2958 3077 se
2998 3023 3320 3077 adornatam
3367 3022 3635 3082 concludit.

430 3123 512 3180 uti
544 3137 668 3176 mox
722 3118 1003 3176 evidenter
1058 3115 1397 3170 docebimus.

500 3233 587 3288 lll.
621 3231 953 3289 Samueliani
982 3229 1260 3283 summarii
1294 3226 1520 3282 codices.
1554 3257 1626 3267 —
1658 3227 2055 3282 Chronicorum
2092 3228 2362 3283 Samuelis
2390 3244 2661 3283 canonum
2688 3229 2906 3284 codices
2950 3228 3096 3283 haud
3145 3228 3511 3300 infrequentes
3556 3243 3625 3285 oo-

430 3332 658 3382 curruut
690 3340 704 3378 :
732 3335 857 3375 nam
899 3326 1115 3391 praeter.
1138 3319 1470 3387 complures,
1519 3317 1613 3386 qui
1660 3317 1714 3369 in
1743 3318 2120 3371 Armeniorum
2153 3304 2497 3372 bibliothecis
2552 3316 2900 3383 delitescunt,
2928 3315 3269 3372 Parisiaoum
3314 3334 3482 3389 nuper
3507 3333 3639 3373 com-

430 3412 888 3474 memoravimus.
934 3408 1121 3479 Neque
1159 3418 1340 3462 tamen
1387 3406 1605 3461 Samuel
1661 3408 1745 3461 vel
1785 3407 2062 3477 Europaeis
2106 3409 2188 3463 vel
2224 3407 2592 3463 Orientalibus
2624 3409 2765 3478 tvpis
2813 3416 2937 3462 ante
2988 3409 3091 3462 hoc
3124 3416 3363 3479 tempus,
3397 3419 3637 3481 quantum

428 3514 656 3575 scimus,
707 3507 1006 3574 impressus
1042 3508 1148 3566 est.
1211 3499 1327 3554 Jam
1364 3500 1417 3554 in
1447 3509 1596 3554 tanto
1625 3500 1874 3554 codicum
1932 3517 2161 3556 numero
2194 3502 2283 3555 vix
2326 3502 2470 3555 ullus
2496 3508 2600 3565 est,
2659 3503 2715 3554 in
2767 3516 2876 3570 quo
2922 3499 3191 3557 Samuelis
3243 3505 3486 3559 Canoues
3514 3506 3637 3559 ultra

429 3601 677 3656 auctoris
723 3597 1038 3656 terminum,
1071 3605 1264 3659 nempe
1293 3589 1434 3643 ultra
1462 3588 1668 3644 Christi
1711 3603 1911 3642 annum
1979 3590 2135 3652 1179,
2187 3605 2219 3643 a
2268 3589 2667 3643 recentioribus
2699 3589 3126 3662 chronographis
3159 3594 3246 3648 vel
3274 3598 3436 3649 etiam
3462 3595 3638 3652 scribi.

429 3690 654 3765 produci
692 3704 801 3743 non
835 3688 1088 3750 soleant;
1139 3697 1247 3752 quo
1296 3696 1492 3752 genere
1523 3680 1874 3735 additameuti
1915 3697 1983 3736 ne
2016 3682 2185 3735 codex
2223 3681 2440 3751 quidem
2473 3679 2782 3735 Parisiacus
2834 3688 3025 3747 caret;
3084 3683 3338 3754 idemque
3380 3686 3430 3738 in
3457 3683 3639 3739 Graecis

428 3785 590 3840 etiam
634 3797 697 3837 ac
724 3780 932 3835 Latinis
964 3778 1199 3831 aliorum
1219 3780 1501 3826 auctorum
1529 3771 1802 3825 chronicis
1824 3771 2064 3825 solemne
2093 3773 2578 3841 pervulgatumque
2624 3777 2728 3825 est.
2777 3771 3017 3840 Denique
3065 3785 3173 3825 non
3234 3774 3411 3847 solum
3450 3779 3642 3844 protra-

428 3883 552 3929 ctus
584 3880 668 3927 est
700 3869 941 3933 Samuel,
971 3881 1159 3920 verum
1192 3866 1352 3919 etiam
1387 3864 1548 3917 alieni
1586 3864 1749 3932 panni
1788 3863 2001 3918 laciniis
2025 3865 2355 3933 quandoque
2396 3865 2742 3927 intertextus,
2784 3877 2891 3931 qua
2926 3863 2995 3919 de
3024 3879 3084 3919 re
3106 3872 3252 3920 nota:
3274 3876 3472 3921 nostra:
3493 3867 3641 3921 lecto-

428 3975 518 4018 rcs
578 3958 873 4017 identidem
927 3954 1313 4007 admonebunt.
1378 3951 1533 4004 Nunc
1579 3951 1997 4005 Mcdiolanensis
2046 3952 2315 4007 Samuelis
2368 3952 2535 4007 editio
2585 3967 2617 4007 e
2665 3954 2906 4021 quinque
2956 3955 3205 4010 codicum
3257 3957 3538 4013 collatione
3586 3969 3642 4010 se
3729 3946 3743 3964 ’

428 4048 779 4103 varietatibus
834 4042 1068 4096 conflata
1117 4049 1226 4094 est.
1274 4038 1533 4106 Princeps
1582 4028 1865 4093 'Samuelis
1916 4043 2223 4110 exemplar,
2271 4043 2417 4113 quod
2464 4041 2627 4095 veluti
2693 4040 3108 4098 fundamentum
3144 4045 3410 4102 editionis
3460 4054 3642 4100 nostra:

428 4140 733 4213 posuimus,
776 4135 924 4188 circa
985 4146 1185 4186 annum
1208 4145 1329 4184 mra:
1386 4130 1724 4183 Armeniaca;
1762 4130 1882 4184 656-
1912 4132 2142 4201 (Christi
2195 4135 2264 4187 ad
2325 4133 2594 4191 Samuelis
2648 4137 3089 4205 supputationem
3144 4138 3330 4212 1.209)
3382 4151 3639 4196 exaratum

428 4235 623 4293 fuerat,
679 4224 1228 4298 ideoque’tricesimo
1282 4222 1394 4277 fere
1449 4214 1570 4292 post
1618 4221 1866 4277 Chronici
1911 4224 2069 4279 finem
2122 4241 2266 4279 anno
2307 4226 2615 4281 confectum
2668 4228 3040 4296 cognoscitur.
3090 4226 3339 4300 Namque
3396 4222 3641 4286 Samhelis

432 4323 857 4378 lncubrationem
904 4331 1093 4373 revera
1137 4329 1282 4369 anno
1325 4315 1462 4370 H79
1530 4315 1844 4384 explicitam
1903 4330 2058 4380 esse,
2122 4317 2408 4371 manifesto
2465 4317 2623 4373 docet
2693 4317 2941 4373 Chronici
2995 4320 3166 4376 codex
3230 4323 3389 4386 alter,
3444 4323 3642 4391 inquo

428 4415 552 4467 licet
598 4429 735 4482 opus
778 4412 947 4463 multo
1014 4407 1244 4461 ulterius
1304 4407 1672 4473 protrahatur,
1717 4406 1975 4476 praedicto
2011 4416 2188 4461 tamen
2236 4423 2379 4462 anno
2424 4409 2559 4463 1169
2593 4394 2863 4479 ejusmodi
2909 4410 3208 4465 admonitio
3256 4412 3638 4482 perscribitur:

429 4503 564 4558 Παῦε
618 4504 831 4571 explicit
880 4500 1095 4570 facundi
1133 4498 1397 4553 Samuelis
1447 4501 1795 4567 compositio,
1837 4500 1928 4568 qui
1985 4515 2112 4552 sane
2166 4499 2486 4553 vehementer
2546 4501 2750 4553 curarit
2803 4509 2861 4553 ut
2897 4500 3332 4556 emendatissimo
3393 4502 3640 4556 scriberet.

424 4594 637 4662 Appulit
693 4601 866 4645 autem
900 4606 1061 4659 usque
1104 4592 1171 4644 ad
1228 4609 1378 4646 suam
1434 4596 1644 4647 omnino
1691 4604 1936 4658 wtatem,’
1988 4611 2105 4647 cum
2153 4595 2393 4649 historici
2443 4595 2677 4665 ofﬁcium
2721 4597 2788 4650 sit
2811 4595 2874 4650 de
2910 4599 3188 4665 prasteritis
3217 4598 3645 4666 praesentiusque

394 4686 714 4748 .disserere;
755 4686 895 4739 ultra
943 4700 1057 4739 vero
1104 4700 1168 4738 ea
1208 4701 1323 4754 qua:
1371 4686 1423 4737 in
1466 4686 1570 4739 vita
1625 4688 1873 4757 cujusque
1921 4698 2229 4751 versantur,
2270 4689 2512 4758 progredi
2558 4704 2662 4742 non
2718 4689 2892 4742 liceat.
2961 4688 3272 4757 Quanquam
3331 4690 3490 4758 igitur
3537 4697 3648 4756 post

426 4775 560 4828 hunc
600 4776 770 4828 locum
824 4778 990 4846 pergit
1044 4776 1214 4829 adhuc
1270 4774 1490 4830 linearis
1542 4777 1978 4830 Armeniacarum
2032 4794 2206 4831 rerum
2258 4778 2521 4842 historia,
2584 4778 2922 4832 nihilominus
2965 4778 3236 4845 complura
3284 4778 3474 4832 menda
3523 4778 3641 4831 satis

429 4875 713 4935 coarguunt
742 4867 903 4919 alium
947 4883 1056 4922 esse
1103 4867 1285 4937 scripti
1337 4877 1641 4931 auctorem,
1675 4885 1795 4921 nam
1847 4877 2037 4937 prwtcr
2068 4865 2270 4935 Christi
2314 4885 2533 4938 azrwque
2587 4868 2957 4921 Armeniorum
3003 4884 3202 4932 annos,
3258 4868 3338 4921 nil
3389 4867 3642 4935 prapemo-

426 4956 550 5008 dum
600 4964 735 5009 recte
785 4972 839 5008 se
881 4956 1052 5010 habet.
1086 4956 1274 5027 Neque
1312 4965 1495 5012 tamen
1561 4958 1787 5012 reticere
1819 4958 1962 5020 licet,
2017 4961 2272 5029 princeps
2296 4959 2428 5013 illud
2479 4958 2753 5027 exemplar
2784 4958 2930 5027 putri
2985 4958 3094 5012 situ
3125 4957 3271 5011 haud
3309 4971 3438 5011 raro
3468 4955 3644 5009 fuisse
3687 4991 3692 4995 ~

427 5050 742 5111 corruptum
784 5047 1163 5117 nonuullisque
1211 5039 1419 5109 chartis
1485 5052 1757 5107 mutilum.
1815 5050 1869 5104 ld
1933 5066 2061 5106 vero
2115 5050 2372 5106 damnum
2415 5057 2722 5122 reparatum
2779 5056 2866 5106 est
2930 5049 3148 5104 invento
3200 5050 3308 5103 alio
3362 5044 3639 5119 Byzantius

428 5133 484 5187 in
538 5133 669 5187 urbe
723 5135 1019 5203 exemplari
1079 5136 1195 5209 (lt),
1245 5143 1390 5213 quod
1449 5157 1618 5198 anno.
1650 5140 1867 5211 quidem
1924 5154 2046 5194 atrae
2110 5140 2445 5196 Armeniaca:
2496 5137 2637 5193 i532
2688 5136 2936 5209 (Christi
2983 5138 3167 5210 1585)
3221 5138 3482 5207 scriptum
3534 5133 3642 5188 fue—

502 5342 576 5411 (a)
610 5341 759 5411 Part.
783 5358 823 5405 1,
852 5357 972 5410 cap.
998 5342 1050 5408 7,
1088 5343 1179 5398 22.

2169 5340 2235 5410 (ί)
2267 5339 2542 5396 Μέηωὶνεε
2569 5341 2633 5397 de
2681 5341 2886 5396 l'Acad.
2917 5340 3005 5396 des
3035 5343 3220 5409 inscr.,
3252 5347 3291 5394 ι.
3323 5331 3463 5403 XIX,
3498 5353 3549 5408 p.
3575 5333 3638 5392 85

602 5410 991 5553 {egeogcéczn
1026 5479 1298 5553 Armeniae
1327 5479 1749 5553 geographicum
1783 5477 1986 5534 editum
2098 5424 2237 5553 sqilg.)
2267 5478 2539 5553 Memoires
2560 5479 2871 5553 historiques
2890 5486 2937 5532 ct
2968 5479 3369 5549 géographzques
3389 5493 3481 5531 sur
3505 5474 3637 5528 Mr-

434 5544 858 5621 Venetiisfanno
890 5551 1045 5621 1769.
1070 5549 1225 5605 Nunc
1254 5544 1391 5605 Attia
1430 5544 1596 5621 pagus
1620 5562 1719 5604 est.
2097 5544 2302 5621 nténie,_
2321 5559 2360 5621 ι.
2388 5548 2427 5610 Ι,
2466 5551 2688 5621 passim.

521 5617 577 5687 d_)
610 5618 748 5673 "ist.
787 5634 847 5680 ιι,
883 5620 966 5672 ll.
1314 5620 1318 5624 ’
1430 5611 1446 5620 ’
1497 5611 1526 5621 ⁷
2099 5682 2118 5687 Α
2165 5619 2238 5687 (I3)
2266 5617 2435 5684 llujus
2465 5611 2788 5685 exemplaris
2812 5614 3176 5687 apographum
3204 5630 3312 5672 aee
3341 5611 3639 5670 confectum

521 5618 577 5681 ά)
610 5618 748 5673 Hist.
787 5634 847 5680 Il,
883 5620 966 5672 ll.
1314 5620 1318 5624 ’
1430 5618 1446 5620 ἡ
1504 5618 1520 5621 '
2165 5619 2238 5685 (h)
2266 5618 2435 5684 llujus
2465 5618 2788 5685 exemplaris

502 5618 573 5755 is)
612 5689 764 5758 Apud
791 5687 1533 5755 Moutfauconium,Biblioth.
1580 5706 1703 5744 mss.
1741 5704 1793 5757 p.
1832 5686 1984 5743 l026.
2093 5682 2139 5740 .l.
2183 5685 2463 5741 Zohrabus
2494 5695 2796 5740 conservat.
