3930 6178
288 266 377 329 513
1203 258 1302 321 DE
1341 256 1700 319 SAMUELE
1739 253 2048 315 ANlENSl
2095 254 2501 316 PILEFATIO
3355 251 3462 318 5H

290 394 380 447 rat,
414 383 479 437 ita
506 389 679 436 tamen
717 387 777 434 ut
807 379 949 434 idem
972 379 1039 434 ab
1067 379 1451 447 antiquissimo
1478 392 1721 432 omnium
1768 377 1958 433 codice
1990 386 2266 449 sumptum
2294 378 2570 433 diceretur
2592 413 2609 439 ,
2654 384 2848 440 nempe
2889 369 2957 425 ab
3008 372 3318 441 apographo
3373 387 3458 427 an

289 478 368 534 nis
392 474 661 531 duodecim
690 482 811 544 post
847 474 1123 530 conditum
1158 488 1296 542 opus
1335 471 1605 527 confecto.
1639 470 1784 526 Sane
1841 472 1894 526 id
1942 471 2296 544 Byzantinum
2329 468 2606 539 exemplar
2658 477 2984 534 magnOpere
3020 463 3179 517 nobis
3206 462 3468 532 placebat,

284 568 482 635 ejusque
499 579 597 633 ope
622 579 765 633 saepe
817 578 1012 633 pravas
1058 562 1503 633 interpolationes
1555 563 1927 633 cognovimus,
1961 580 2080 633 qua:
2132 563 2202 623 ab
2256 563 2497 616 auctoris
2554 556 2770 631 ingenio
2826 554 3167 609 vehementer
3214 552 3470 607 abhorre-

283 655 413 709 bant.
435 651 826 706 Hactenustria
851 650 1393 706 commemoravimus
1427 648 1694 703 Samuelis
1725 650 2092 719 exemplaria;
2127 649 2403 719 princeps,
2438 647 2489 701 id
2514 655 2596 702 est
2620 648 3080 717 antiquissimum,
3108 648 3337 701 alterum
3364 660 3474 716 quo

282 759 532 799 mouemur
552 742 619 797 de
645 743 795 811 iusto
820 743 1055 795 auctoris
1087 740 1341 805 conﬁnio,
1373 741 1593 795 tertium
1620 738 1999 809 Byzantiuum.
2025 739 2117 794 His
2136 739 2356 793 demum
2385 737 2488 792 alia
2514 738 2624 792 duo
2645 745 3014 802 accesserunt,
3033 751 3268 807 quorum
3298 750 3469 789 unum

282 851 366 890 nec
381 835 519 889 valde
545 836 824 904 antiquum
851 840 905 888 et
929 848 1091 902 porro
1116 831 1520 900 imperfectum;
1553 833 1782 888 alterum
1798 832 2255 897 recentissimum,
2283 830 2445 899 idque
2472 830 2526 882 in
2556 844 2756 883 annum
2776 828 2913 882 1698
2933 827 3211 889 desinens,
3235 833 3472 879 temera-

279 926 361 979 riis
398 925 635 979 videlicet
658 924 1067 979 accessionibus
1107 931 1269 991 atque
1298 923 1808 991 iuterpolationibus
1852 928 2090 977 scatens.
2126 919 2316 988 Operis
2346 918 2581 987 denique
2615 918 2806 971 titulus
2839 917 2895 969 in
2925 914 3207 969 codicibus
3231 913 3469 981 scriptus

276 1020 317 1073 is
363 1018 464 1072 fere
495 1025 579 1072 est
608 1033 766 1087 quem
801 1019 855 1071 in
889 1016 1065 1070 fronte
1118 1015 1375 1071 editionis
1429 1017 1708 1084 posuimus
1744 1033 1759 1069 :
1794 1014 2056 1070 Samuelis
2098 1012 2385 1083 presbyteri
2428 1012 2673 1065 Aniensis
2708 1019 2995 1076 temporum
3035 1023 3196 1078 usque
3224 1006 3292 1060 ad
3319 1018 3472 1059 suam

272 1116 455 1163 etatem
479 1106 617 1160 ratio
639 1122 669 1159 e
691 1105 838 1159 libris
859 1105 1226 1159 historicorum
1258 1104 1559 1155 summatim
1585 1101 1824 1157 collecta.
2277 1174 2287 1181 .

332 1193 412 1250 ιγ.
436 1194 536 1261 Qui
555 1196 627 1247 sit
657 1192 984 1248 Samueliam’
1006 1193 1282 1245 summarii
1310 1192 1617 1259 fructus.'-—
1644 1188 1749 1243 Sed
1784 1187 1994 1259 rogabit
2019 1187 2210 1256 aliquis
2234 1202 2340 1257 qua
2361 1184 2668 1240 communis
2692 1182 2944 1238 utilitatis
2975 1197 3071 1252 Spe
3116 1196 3291 1251 quove
3340 1196 3473 1249 pru-

271 1286 401 1342 denti
426 1301 555 1341 cons
576 1287 652 1339 lio
691 1286 1005 1339 Armenium
1043 1286 1510 1354 chronographum
1545 1283 1611 1338 ad
1646 1283 2030 1352 Europaeorum
2062 1282 2241 1337 studia
2276 1279 2656 1351 perferendum
2705 1278 2995 1332 curemus?
3049 1289 3283 1343 namque
3337 1271 3469 1328 illud

266 1375 544 1445 iustissime
583 1375 784 1430 dicitur
814 1393 827 1428 :
870 1374 1017 1428 Nova
1042 1383 1095 1430 et
1125 1376 1275 1429 utilia
1302 1376 1395 1444 qui
1419 1366 1623 1433 narrat,
1643 1382 1918 1428 auctorem
1936 1373 2083 1427 hunc
2105 1373 2383 1442 perhibeto
2412 1372 2636 1426 bonum.
2663 1368 2773 1422 Nos
2795 1382 2925 1421 sane
2953 1366 3204 1427 fatemur,
3240 1364 3472 1434 priorem

270 1465 516 1519 Samuelis
546 1472 754 1532 partem
801 1479 991 1535 parum
1023 1464 1371 1519 emolumenti
1407 1466 1426 1532 (
1453 1474 1646 1533 praeter
1699 1461 1917 1517 Eusebii
1952 1462 2454 1533 continuationem)
2485 1460 2677 1515 afferre
2713 1478 2725 1513 :
2759 1472 2846 1511 res
2873 1455 3020 1510 enim
3069 1453 3367 1508 liebraicas
3409 1459 3465 1507 et

268 1552 581 1620 reliquorum
611 1552 762 1607 orbis
789 1552 917 1606 olim
950 1552 1156 1622 cogniti
1195 1551 1519 1622 populorum
1570 1551 1645 1604 ita
1690 1549 1929 1604 Samueli
1990 1549 2254 1606 Eusebius
2285 1552 2614 1620 suppeditat,
2663 1560 2722 1605 ut
2782 1555 2884 1607 hoc
2921 1552 3277 1607 summarium
3325 1550 3463 1605 nihil

269 1642 365 1699 fere
423 1644 613 1699 habeat
664 1652 858 1713 praeter
899 1643 1117 1699 Eusebii
1172 1645 1513 1713 aliorumque
1557 1644 2099 1714 chronographorum
2158 1644 2374 1698 brevem
2401 1646 2691 1713 quamdam
2720 1647 3137 1715 repetitionem;
3183 1643 3463 1698 historiam

267 1749 412 1802 porro
454 1734 832 1790 Armeniacam
887 1751 1060 1804 usque
1099 1736 1168 1790 ad
1211 1736 1489 1791 Christum
1547 1734 1614 1789 de
1646 1732 1868 1805 Virgine
1915 1736 2155 1805 genitum
2206 1734 2431 1790 totidem
2485 1751 2628 1805 saepe
2660 1737 2842 1791 verbis
2882 1752 2912 1789 e
2959 1736 3103 1793 Mose
3134 1734 3466 1790 Chorenensi

264 1826 493 1882 videmus
571 1827 847 1882 arcessiri.
902 1826 1089 1898 Neque
1145 1836 1325 1883 tamen
1377 1836 1462 1883 est
1515 1843 1615 1882 cur
1665 1829 1955 1899 quisquam
2007 1835 2295 1897 propterea
2345 1826 2653 1895 Sqmuelem
2706 1828 3073 1898 spernendum
3132 1833 3308 1897 putet,
3356 1823 3463 1878 nisi

264 1918 389 1973 idem
421 1928 495 1972 tot
544 1915 770 1973 Latinos
800 1920 882 1983 et',
908 1916 1126 1974 Graecos
1164 1918 1609 1989 chronographos
1667 1934 1821 1989 aeque
1910 1918 2138 1990 pedibus
2166 1919 2360 1981 trahat.
2405 1923 2495 1989 qui
2536 1921 2780 1992 plerique
2818 1937 3009 1977 omnes
3047 1937 3172 1976 cum
3224 1922 3294 1976 ab
3342 1921 3473 1976 orbe

261 2010 463 2065 condito
510 2009 816 2073 ordiantur,
868 2011 1179 2066 necessaria
1218 2012 1428 2067 ratione
1471 2012 1529 2066 iit
1565 2022 1624 2068 ut
1674 2012 1919 2069 eamdem
1948 2014 2221 2069 crambem
2270 2015 2558 2068 videantur
2604 2031 2918 2085 recoquere.
2995 2016 3317 2085 Quanquam
3373 2030 3475 2069 nos

259 2117 340 2159 res
385 2101 738 2158 Armeniacas
776 2104 1069 2159 multorum
1122 2104 1189 2158 ad
1217 2120 1377 2163 aures
1426 2122 1572 2161 nunc
1599 2110 1832 2177 primum
1862 2117 2218 2178 perventuras
2253 2123 2560 2176 speramus,
2602 2110 3040 2179 quandoquidem
3083 2110 3246 2178 hujus
3300 2110 3478 2179 gentis

258 2207 336 2251 res
373 2191 613 2247 nondum
664 2192 798 2248 satis
834 2194 890 2247 in
938 2194 1185 2265 populari
1221 2194 1342 2251 luce
1403 2205 1714 2258 versantur,
1753 2205 1972 2266 pr0pter
2014 2210 2203 2250 eorum
2236 2197 2585 2264 paucitatem,
2637 2198 2729 2265 qui
2775 2196 2842 2250 ad
2873 2197 2971 2252 has
3024 2198 3339 2252 scribendas
3387 2211 3481 2249 ae-

256 2293 543 2340 cesserunt.
607 2285 712 2342 Sed
763 2286 891 2341 licet
923 2284 1066 2354 quod
1115 2285 1346 2355 quisque
1377 2286 1517 2339 volet
1600 2287 1898 2350 existimet,
1971 2286 2026 2340 in
2076 2292 2265 2340 nostra
2335 2284 2554 2355 quidem
2625 2287 2861 2341 editione
2929 2297 3190 2357 quantum
3258 2283 3478 2341 Eusebii

253 2377 445 2447 primus
484 2378 626 2433 liber
661 2377 903 2434 secundo
952 2378 1212 2448 dignitate
1241 2378 1847 2447 przestat,‘tantumdem
1879 2377 2149 2434 Samuelis
2201 2393 2326 2448 pars
2376 2376 2650 2446 posterior
2675 2377 2910 2447 priurem
2961 2375 3304 2446 iucunditate
3360 2374 3480 2429 l‘ru-

252 2476 437 2541 ctuque
486 2481 734 2543 superat.
772 2472 1136 2528 Romanorum
1170 2484 1223 2528 et
1277 2474 1588 2529 Graecorum
1629 2475 1983 2544 imperatores
2030 2481 2246 2530 centum
2276 2474 2591 2528 scribuntur
2636 2472 2777 2542 apud
2805 2470 3110 2526 Samuelem
3140 2469 3209 2524 ab
3235 2470 3480 2539 Augusto

252 2555 312 2612 ad
362 2559 668 2617 Manuelem
723 2562 1080 2617 Comuenum.
1123 2562 1415 2618 Persarum
1473 2546 1688 2634 quoque
1732 2579 1890 2633 reges
1934 2564 2169 2635 primum
2198 2562 2498 2627 Arsacidas,
2536 2576 2660 2616 mox
2705 2560 2984 2617 Sasanida
3025 2567 3146 2629 post
3190 2557 3472 2613 Christum

252 2663 410 2718 usque
442 2652 511 2707 ad
552 2651 916 2708 Mahumetum
951 2653 1073 2723 plus
1102 2655 1323 2724 triginta
1372 2664 1706 2710 narrantur:
1756 2655 1851 2725 qtti
1920 2664 2207 2726 postquam
2255 2654 2448 2709 fatales
2492 2654 2670 2709 exitus
2721 2653 3050 2713 habuerunt,
3094 2659 3298 2707 exorta:
3347 2660 3478 2704 sunt

252 2733 642 2794 Saracenorum
676 2740 982 2794 Amirarum
1021 2740 1357 2811 tyrannides,
1410 2758 1639 2809 quarum
1683 2743 1876 2811 ingens
1906 2741 2118 2812 imperii
2171 2742 2342 2796 moles
2368 2742 2564 2810 partim
2589 2739 2808 2810 quidem
2840 2739 3193 2793 internecivis
3235 2738 3377 2793 odiis
3410 2754 3473 2790 at:

248 2825 702 2893 dissensionibus,
727 2829 921 2897 partim
951 2844 1080 2884 vero
1104 2829 1425 2900 Scytharum
1451 2832 1684 2886 adventu
1707 2839 1830 2900 post
1858 2846 2032 2887 annos
2064 2832 2459 2902 quinquaginta
2486 2831 2705 2887 circiter
2731 2846 2895 2901 supra
2913 2830 3178 2886 ducentos
3193 2828 3478 2885 debilitata

248 2931 306 2972 ac
357 2919 631 2989 dissipata
676 2928 780 2975 est.
840 2918 1122 2976 Praedictis
1177 2922 1443 2992 interiecti
1484 2922 1704 2977 fuerunt
1759 2924 2435 2995 Armeniorum‘dyuastae
2480 2924 2621 2978 miro
2663 2923 2792 2979 ludo
2843 2922 3077 2978 fortunae
3126 2922 3337 2993 iactati,
3373 2922 3479 2976 Are

246 3008 433 3064 sacidaa
465 3010 735 3065 nimirum
775 3025 952 3080 reges,
988 3009 1296 3066 Mamicunii
1325 3012 1617 3081 principes,
1648 3008 1872 3076 Gnunii,
1905 3010 2214 3077 Rhestunii,
2266 3010 2574 3077 Arzerunii,
2607 3011 2940 3082 Bagratuuii,
2980 3019 3172 3081 praeter
3211 2996 3479 3069 Persicos.

249 3098 558 3164 Arahicos,
612 3098 820 3164 Iberos,
870 3099 1196 3170 Graecosque
1226 3100 1529 3170 praefectos.
1587 3099 1739 3155 Adde
1777 3101 2156 3156 Armeniorum
2192 3101 2532 3171 patriarchas
2594 3116 2871 3172 nunquam
2928 3102 3290 3160 intermissos.
3331 3104 3484 3161 Adde

246 3189 440 3245 Christi
484 3205 665 3246 teram
720 3205 751 3244 a
803 3191 1013 3261 vulgari
1069 3193 1201 3247 satis
1247 3191 1657 3247 dissentientem
1685 3231 1700 3256 ,
1745 3207 1852 3262 qua
1910 3194 1965 3246 in
2009 3209 2067 3248 re
2117 3190 2388 3249 Samuelis
2447 3193 2835 3265 chronologia,
2886 3200 3109 3265 propter
3160 3202 3394 3249 veterem
3424 3200 3482 3247 et

240 3281 621 3352 gravissimam
675 3294 1014 3335 summorum
1070 3282 1384 3351 criticorum
1438 3281 1506 3336 de
1563 3296 1670 3335 aera
1719 3283 1925 3354 vulgari
1974 3286 2492 3348 controversiam(a
2523 3284 2580 3356 ),
2616 3284 2760 3338 haud
2818 3283 2970 3339 ﬂocci
3026 3283 3276 3339 facienda
3351 3292 3464 3339 est.

241 3370 386 3425 Adde
419 3384 596 3428 aram
635 3368 1038 3433 Armeniacam,
1074 3384 1181 3424 non
1212 3378 1267 3426 ut
1294 3370 1457 3441 vulgo
1481 3369 1724 3424 Armenii
1754 3378 2070 3441 supputant,
2101 3370 2306 3425 Christi
2338 3387 2483 3427 anno
2524 3373 2649 3437 551,
2680 3373 2775 3428 sed
2808 3389 2954 3427 anno
2992 3373 3098 3428 555
3144 3372 3475 3429 institutam.

246 3457 385 3526 quod
447 3459 747 3514 verissime
797 3473 828 3511 a
859 3457 1111 3513 Samuele
1164 3458 1275 3513 dici
1329 3459 1653 3530 jampridem
1703 3459 2030 3532 Villefroyus
2092 3476 2156 3516 ex
2204 3475 2346 3515 anno
2405 3459 2905 3533 Hierosolymorum
2944 3462 3334 3518 aChristianis
3380 3477 3482 3518 ca-

246 3560 455 3619 ptorum
480 3551 962 3610 demonstravisse
984 3549 1196 3604 videtur
1228 3548 1323 3620 (ὁ).
1350 3549 1468 3605 Jam
1484 3550 1624 3621 ipsa:
1657 3566 1746 3608 res
1767 3554 2017 3608 aetatibus
2045 3567 2230 3622 regum
2269 3552 2603 3621 interposita:
2626 3562 2842 3622 quantae
2864 3553 3082 3606 demum
3104 3553 3273 3607 sunt?
3296 3551 3482 3617 Quan-

244 3658 396 3711 quam
435 3643 715 3698 Samuelis
737 3658 843 3696 non
876 3649 960 3697 est
981 3641 1226 3708 historia,
1254 3642 1348 3697 sed
1377 3644 1554 3711 capita
1575 3643 1819 3713 quaedam
1846 3651 1901 3700 et
1931 3644 2174 3699 historiae
2201 3644 2649 3709 commentarius,
2679 3644 2919 3697 virorum
2958 3650 3143 3696 tamen
3176 3638 3475 3697 illustrium

244 3731 478 3788 facinora
532 3736 821 3791 innumera
883 3739 1400 3787 commemorantur.
1436 3732 1503 3786 Et
1550 3732 1768 3802 quidem
1812 3733 2091 3788 laetissima
2140 3741 2224 3789 est
2281 3732 2609 3788 illuminatio
2655 3730 3062 3795 Armeniorum,
3093 3744 3202 3800 quo
3222 3738 3467 3801 tempore

242 3841 367 3894 gens
421 3827 515 3881 illa
574 3825 832 3879 universa
883 3823 1186 3878 incredibili
1242 3822 1422 3879 studio
1472 3831 1526 3879 et
1577 3838 1845 3880 consensu
1903 3824 1973 3879 ad
2013 3823 2290 3880 Christum
2323 3823 2648 3887 convolavit,
2700 3819 2962 3892 prodigiis
3012 3820 3262 3891 plurimis
3301 3822 3474 3876 maxi-

240 3916 447 3987 misque
492 3915 603 3971 SS.
665 3913 910 3980 Gregorii
948 3923 1002 3969 et
1056 3912 1373 3983 Rhipsimiae
1422 3915 1790 3984 comitumque
1832 3916 2128 3971 virtutibus
2189 3923 2297 3969 tota
2348 3913 2605 3968 Armenia
2650 3912 3017 3981 strepentibus
3076 3910 3170 3983 (c).
3221 3911 3354 3967 Exin
3403 3922 3483 3973 tot

240 4005 566 4073 templorum
603 4001 1090 4071 ctenobiorumque
1143 4001 1391 4066 :ediiicia,
1430 4010 1509 4055 tot
1552 4003 1811 4075 martyria
1839 4002 2154 4069 fortissima,
2188 4010 2267 4058 tot
2291 3998 2555 4059 doctrinis
2589 4002 2979 4070 laboribusque
3007 4002 3327 4057 confirmata
3353 4004 3482 4058 reli-

238 4094 350 4165 gio.
397 4095 736 4165 Quanquam
788 4108 918 4148 vero
976 4102 1166 4164 postea
1228 4109 1328 4150 nec
1369 4094 1602 4150 haereses
1649 4111 1826 4167 neque
1892 4096 2188 4153 schismata
2239 4110 2417 4166 neque
2474 4094 2708 4165 partium
2749 4093 3056 4162 praesertim
3110 4092 3483 4148 furiosissiua
3564 4122 3575 4129 -

240 4190 414 4244 studia
480 4189 819 4252 defuerunt;
877 4194 1057 4241 tamen
1104 4185 1252 4240 natio
1275 4187 1660 4242 Armeniorum
1691 4203 1972 4259 nunquam
2009 4204 2067 4244 se
2126 4203 2156 4241 a
2207 4187 2594 4242 communione
2627 4184 2875 4239 Romana
2928 4186 3170 4241 cunctim
3214 4185 3478 4254 seiunxit.

234 4279 370 4348 Quid
400 4277 671 4333 Haicanze
704 4275 1021 4330 litteraturae
1067 4275 1503 4345 auspicatissima
1572 4277 1723 4332 initia
1775 4285 1829 4332 et
1884 4292 2204 4349 progressus
2237 4290 2407 4346 prope
2463 4274 2834 4338 admirabiles,
2865 4274 2968 4329 nisi
3025 4280 3141 4326 tam
3176 4288 3317 4344 saepe
3348 4290 3485 4343 pro-

235 4375 366 4429 cella
394 4376 737 4431 litterarum,
792 4368 955 4422 turbo
993 4383 1056 4422 ac
1107 4375 1404 4438 tempestas
1446 4370 1770 4427 eruditionis
1799 4372 1978 4427 omnis
2032 4371 2235 4425 bellum
2282 4368 2561 4425 Persicum
2595 4375 2649 4421 et
2698 4382 2820 4420 mox
2849 4365 3141 4420 Arabicutn
3174 4365 3228 4419 in
3276 4367 3479 4421 Arme-

235 4467 374 4521 niam
410 4460 791 4536 pervasisset?
812 4458 1185 4516 Mahnmetica:
1208 4464 1461 4532 potentia:
1484 4465 1815 4520 incunabula
1837 4474 1891 4521 et
1915 4466 2247 4521 incrementa
2271 4465 2605 4535 (quanquam
2628 4461 2989 4516 communiori
3016 4459 3470 4516 Saracenicorum

234 4568 546 4630 temporum
597 4553 845 4609 historiae
875 4569 1065 4625 parum
1096 4571 1336 4612 consona
1361 4558 1378 4627 (
1407 4558 1480 4628 ά)
1506 4597 1520 4622 ,
1552 4558 1825 4614 Armeniae
1869 4559 2246 4629 lacrymabiles
2302 4558 2655 4622 vastationes,
2692 4554 3008 4610 Latinorum
3048 4555 3102 4609 in
3138 4552 3480 4611 Palaestinam

229 4650 619 4721 expeditiones
664 4651 799 4705 satis
852 4650 1015 4704 ubere
1050 4646 1190 4717 ston
1249 4648 1605 4703 scribuntur:
1644 4664 1821 4719 neque
1852 4648 2015 4704 ullius
2071 4665 2207 4719 pene
2266 4649 2342 4704 rei
2402 4650 2635 4704 varietas
2674 4648 3046 4711 desideratur;
3105 4665 3212 4703 non
3264 4647 3481 4701 urbiqu
3534 4632 3545 4643 ’

234 4740 539 4807 primordia
561 4749 617 4794 et
634 4738 864 4805 excidia,
888 4753 996 4792 non
1015 4736 1190 4793 caedes
1215 4736 1533 4800 innumerae,
1563 4753 1674 4792 non
1695 4739 2013 4808 pestilentia:
2036 4738 2338 4808 famesque,
2373 4753 2477 4792 non
2512 4739 2855 4800 scelera,non
2890 4737 3129 4800 fraudes,
3149 4752 3257 4790 non
3282 4743 3480 4791 strata-

228 4838 468 4899 gemata,
517 4845 635 4884 non
690 4829 923 4899 denique
954 4830 1245 4883 multorum
1285 4829 1561 4882 hominum
1614 4830 1835 4895 litteris,
1889 4830 2273 4892 sanctimonia,
2313 4830 2504 4883 bellica
2552 4837 2669 4883 arte
2712 4827 3086 4895 praestantium
3118 4828 3476 4882 enumeratio.

230 4921 405 4989 Atque
432 4920 560 4974 haec
595 4919 777 4972 omnia
816 4920 959 4973 notis
985 4918 1256 4973 editorum
1284 4918 1533 4988 plurimis
1562 4929 1613 4971 et
1657 4920 2108 4988 castigationibus
2147 4920 2468 4975 illustrauda
2496 4925 2659 4974 erant
2691 4926 2853 4987 atque
2892 4916 3195 4986 purganda,
3227 4915 3330 4970 nisi
3374 4930 3476 4967 nos

230 5008 517 5065 festiiiatio
542 5009 727 5078 operis
756 5008 825 5061 ab
854 5007 1000 5061 omni
1028 5007 1139 5060 fere
1175 5004 1527 5074 exquisitiore
1556 5020 1686 5058 cura
1714 5017 2014 5062 avocasset.
2780 5066 2791 5073 ἰ

296 5103 364 5162 ν.
408 5106 490 5160 De
533 5094 802 5160 Samuelis
839 5101 1149 5157 orthodoxia
1186 5100 1515 5169 conjectura.
1567 5129 1638 5139 —
1686 5100 1840 5154 Nunc
1878 5102 1924 5156 si
1980 5103 2103 5155 licet
2140 5100 2208 5156 de
2248 5101 2516 5171 religiosis
2553 5115 2769 5170 quoque
2815 5099 3085 5154 Samuelis
3124 5097 3473 5168 dogmatibus

295 5280 375 5348 (a)
406 5277 631 5353 Vide_si
658 5277 792 5353 nihil
825 5276 990 5353 aliud,
1027 5283 1172 5330 certe
1210 5276 1379 5353 libros
1417 5272 1629 5330 Heurici
1666 5273 1803 5329 Sau-
1906 5290 2046 5353 num.
2066 5275 2263 5353 Christi
2294 5276 2816 5353 retrahendum
2848 5283 2929 5353 est
2977 5271 3164 5353 (quod
3212 5274 3327 5353 ipse
3367 5269 3475 5353 ,δει-
3554 5340 3563 5353 Α.

227 5338 509 5404 εΙέηίειιιίἰ
542 5346 623 5399 De
646 5347 873 5417 uulgaris
907 5362 1027 5417 terte
1061 5344 1440 5417 emendatione.
1648 5413 1660 5417 _
1684 5413 1697 5417 _
1722 5416 1727 5417 γ
1752 5412 1773 5417 _
1906 5345 2047 5398 muel
2082 5345 2147 5417 ad
2180 5360 2268 5399 an;
2303 5345 2503 5417 Clu-isti
2527 5344 2639 5417 6,ιὸ
2672 5345 2807 5398 satis
2836 5338 2994 5398 docet
3019 5338 3078 5412 )';
3118 5338 3248 5394 tum‘
3275 5338 3463 5391 Malm-

296 5417 373 5487 (ὁ)
408 5418 581 5487 Apud
598 5412 1329 5478 Morrft‘auconiumﬁiblimh.
1356 5430 1507 5477 mss.,
1548 5429 1602 5482 p.
1644 5412 1802 5476 l0l6,
1905 5418 2047 5487 meti
2073 5414 2420 5487 priorumque
2441 5413 2738 5487 tialifarum
2786 5428 2871 5467 res
2913 5422 3078 5487 gesta:
3122 5424 3187 5463 ex
3236 5422 3466 5487 accura-

226 5484 389 5540 1017.
463 5481 479 5487 ’
1555 5481 1559 5482 ί
1903 5483 2151 5552 tioribus
2169 5484 2403 5552 Arabum
2441 5483 2681 5538 historiis
2710 5481 3100 5552 cognoscenda:
3134 5485 3296 5552 sunt,
3332 5490 3471 5544 quas

296 5555 372 5636 {ei
413 5553 567 5636 [iege
602 5557 662 5612 ad
687 5554 889 5636 Christi
923 5551 1278 5636 annum
1554 5634 1568 5636 Δ
1620 5626 1664 5636 ,Α
1707 5633 1760 5636 μ
1905 5567 2011 5636 non
2053 5551 2508 5636 parumSamuel
2551 5552 2620 5609 ad
2663 5570 2751 5609 an.
2781 5547 2909 5608 ’648
2950 5547 3269 5633 perturbare
3300 5553 3465 5614 atque

293 5621 378 5696 (ά)
419 5621 655 5679 Scilicet
701 5632 814 5677 tum
863 5623 1061 5693 hegirze
1089 5622 1302 5676 initium
1350 5621 1519 5675 multo
1549 5626 1672 5673 ante
1703 5633 1803 5674 an-
1906 5622 2200 5677 obscurare
2228 5622 2460 5677 videtur.
