1937 3089
219 122 272 155 515
676 121 872 151 ΑΡΡΕΝΟΙΧ
891 123 942 152 Al)
963 121 984 150 Ε

1019 122 1118 152 SEBII
1153 108 1386 154 CHRONlCON.
1742 125 1784 160 διδ

211 183 343 216 judicium
364 184 537 219 interponere
551 202 559 215 ,
581 184 607 210 in
628 184 721 218 primis
740 184 887 211 notandum
907 188 965 217 est,
985 184 1136 212 Orientales
1156 183 1296 210 lia-retices
1315 183 1323 218 (
1338 182 1542 209 Samosatenum
1561 187 1626 217 puta
1638 202 1646 214 ,
1674 183 1783 211 Maccdo-

210 228 285 255 nium
298 248 306 258 .
327 228 480 256 Nestorium
501 233 581 263 atque
599 228 677 263 alios)
690 236 743 255 non
761 228 876 256 obscure
895 229 921 255 in
941 228 991 255 hoc
1011 227 1138 254 Chronico
1157 226 1340 254 condemnari.
1359 225 1419 252 ιω
1439 227 1474 253 ab
1493 228 1550 260 ipsa
1569 225 1786 254 Chalcedonensis

211 275 308 310 synodi
331 275 532 310 oppugnatione
550 278 577 302 et
593 282 608 300 a
628 274 742 301 crimine
761 274 992 309 Monophysitico,
1007 273 1043 300 ob
1057 280 1117 307 qua:
1136 273 1245 299 nomina
1266 272 1335 298 male
1349 271 1486 298 interdum
1499 269 1617 296 Armenii
1631 270 1788 303 audiverunt.

209 321 278 347 satis
297 320 405 347 Samuel
425 321 571 348 abhorrere
590 321 707 348 videtur.
728 321 752 348 ls
772 321 872 355 quippe
890 329 961 348 anno
980 320 1082 348 Christi
1103 320 1155 346 640
1174 320 1275 346 diserte
1294 319 1391 350 docet,
1413 318 1446 344 ah
1474 316 1561 344 Esdra
1580 316 1729 351 patriarcha
1745 318 1790 344 Ar-

211 366 361 392 meniorum
384 366 412 392 in
431 366 662 393 Chalcedonensis
674 366 767 400 synodi
779 365 937 392 sententiam
957 365 1070 399 pedibus
1090 365 1157 391 itum
1174 370 1253 396 esse;
1269 371 1330 390 cum
1349 367 1438 389 tamen
1455 368 1526 388 anno
1542 360 1644 387 Christi
1659 360 1709 387 527
1722 366 1792 388 caute

209 410 360 436 reticuisset
370 429 377 441 ,
401 410 581 443 patriarcbam
596 411 705 438 Ncrsem
719 412 944 438 Astarachensem
954 431 962 443 ,
980 411 1206 446 Eutychianorum
1223 410 1361 437 fraudibus
1379 410 1593 436 circumventum
1607 407 1794 442 Persarumque

210 457 293 483 armis
312 457 488 484 conterritum
509 458 546 492 (ιι)
561 477 568 488 ,
589 459 723 492 prsdictat
746 459 840 493 synodi
864 466 983 485 canones
1005 458 1172 489 rescidisse,
1195 465 1249 491 quo
1278 457 1387 484 silentio
1406 455 1515 483 Samuel
1539 455 1719 483 calamitatem
1742 456 1795 489 ejus

209 504 272 531 facti
293 506 412 533 SlUdiOSC
431 514 460 533 se
479 509 570 540 tegere
590 505 689 531 innuit.
709 503 816 532 Rursus
836 512 907 531 anno
925 504 1027 532 Christi
1047 504 1099 531 856
1119 504 1258 530 Zachariae
1278 502 1438 538 patriarcha
1453 503 1655 530 ecclesiasticas
1670 503 1796 530 constitua

208 551 294 578 tiones
314 551 421 578 Samuel
448 552 581 578 collaudat
599 560 605 576 :
627 553 700 585 atqul
720 552 888 585 exploratum
908 555 966 580 est.
996 551 1029 577 ab
1055 551 1107 578 hoc
1133 550 1261 585 pontifice
1287 549 1534 576 Chalcedonensem
1555 548 1654 574 iterum
1674 546 1797 581 synodum

209 594 292 621 fuisse
311 597 508 630 comprobatam
527 597 573 630 (b).
591 597 659 629 Quid
673 598 684 623 ἲ
702 597 885 632 Eutychianos
901 599 979 628 duos,
993 597 1124 624 Joannem
1143 597 1381 624 Mairaeomenscm
1397 598 1423 621 et
1440 595 1573 628 Sergium,
1588 601 1680 620 nonne
1698 592 1796 620 Samuel

209 644 300 673 aperte
319 647 476 668 exsecratur
497 642 553 676 (c)?
580 642 687 669 l’tiuam
711 648 738 669 et
762 643 877 670 Zenonis
899 643 1042 669 ΙΙεηοιὶεοη
1070 646 1153 676 atque
1178 641 1316 669 Anastasii
1343 640 1517 678 praedictique
1540 640 1655 667 Zenonis
1680 639 1799 673 dogmata

208 684 284 718 nigro
301 692 376 718 aeque
396 687 485 720 lapillo
504 688 622 722 signaret
642 688 679 722 (ά)
696 688 702 714 1
729 686 786 715 Nisi
813 689 882 715 forte
909 688 1041 715 SﬂzllUEiiS
1063 687 1089 714 bi
1109 688 1161 714 loci
1182 687 1335 719 interpolati
1355 690 1418 713 sunt
1437 687 1469 713 ab
1489 687 1522 713 iis
1540 687 1639 720 quibus
1658 684 1798 713 Chalcedo-

211 738 294 757 nense
313 732 456 758 concilium
477 733 634 767 displicuit:
656 734 727 768 quod
747 742 830 768 genus
851 733 1086 768 interpolationum
1106 733 1170 759 alibi
1190 740 1296 766 quoque
1327 732 1354 758 in
1382 731 1515 759 Samuelis
1540 732 1679 759 codicibus
1708 732 1799 765 depre-

206 775 357 803 hendimus.
381 776 431 803 Sed
453 778 585 807 Samuelis
611 781 797 807 oltltodoxiam
817 782 853 807 nil
873 781 1055 807 \‘Cllelllt'lllills
1074 780 1251 809 commendat.
1264 787 1343 813 quam
1363 779 1434 813 quod
1453 778 1477 806 is
1492 779 1518 805 in
1534 779 1628 814 Deghaa
1647 779 1800 813 patriarcha

205 820 328 846 clientela
356 820 426 850 fuit.
451 823 529 855 cujus
555 824 672 852 hominis
697 825 818 851 doctrina
845 825 976 851 catholica
1003 832 1036 851 ex
1064 824 1185 858 ejusdem
1213 824 1323 858 scriptis
1348 824 1484 858 rebusque
1515 825 1598 859 gestis
1619 825 1800 858 cognoscitur.

206 862 325 897 Namque
344 864 431 899 Degha
451 867 559 901 scriptis
580 868 676 894 litteris
696 868 744 903 (et
762 865 869 902 quidem
889 868 969 894 ctiam
991 868 1023 893 ad
1043 867 1220 894 Ctelestinum
1248 866 1280 893 lll
1306 867 1422 901 papam)
1449 868 1689 903 Monophysilicam
1721 869 1801 895 labem

208 908 358 936 insectatus
378 915 438 942 est,
459 917 553 938 coacta
574 918 663 939 autem
684 915 787 948 synodo
806 915 878 940 circa
898 922 958 940 eum
980 915 1066 947 ipsum
1089 921 1203 944 annum,
1222 921 1275 948 quo
1295 914 1441 940 Chronico):
1461 913 1594 941 Samuelis
1623 913 1803 946 concluditur.

210 956 278 983 duas
297 958 455 985 solenmiter
475 959 577 986 Christi
598 965 708 987 naturas
727 961 762 987 ab
781 961 915 987 Armeniis
935 960 1147 994 pronuntiandas
1167 960 1271 986 curarit
1301 960 1345 994 re).
1374 960 1494 994 Denique
1512 959 1581 995 quod
1602 960 1689 987 sancti
1710 966 1801 986 nomen

206 1002 302 1030 Joanni
322 1003 445 1031 Ozniensi
467 1006 578 1040 largitur
599 1007 709 1033 Samuel
729 1007 769 1042 (ί)
786 1027 792 1038 ,
814 1007 840 1033 in
862 1008 955 1041 primis
973 1007 1112 1033 Sciendum
1130 1011 1171 1034 est
1184 1027 1191 1038 ,
1210 1007 1414 1034 criminationes
1431 1007 1561 1033 adversus
1577 1007 1649 1033 hunc
1668 1005 1801 1033 hominem

207 1049 322 1077 inventis
342 1059 440 1084 nupera
463 1056 540 1078 astate
561 1051 729 1078 documentis
748 1059 907 1085 magnopere
934 1051 1017 1079 fuisse
1037 1051 1136 1079 fractas
1150 1071 1157 1083 ,
1178 1051 1357 1085 eumdemque
1377 1060 1391 1077 a
1412 1051 1627 1086 Monophysitica
1647 1052 1803 1086 suspicione

207 1093 348 1121 liberatum
369 1096 416 1129 (g).
438 1095 470 1121 Et
488 1096 596 1130 quidem
615 1096 643 1122 in
664 1100 781 1123 veterum
809 1097 916 1131 scriptis
943 1097 1029 1124 sancti
1057 1104 1153 1123 nomen
1181 1097 1270 1124 civilis
1300 1097 1487 1124 tantummo‘do
1515 1097 1666 1131 privatique
1697 1095 1802 1124 honoris

207 1147 288 1167 causa
309 1141 442 1168 interdum
463 1142 609 1168 tribuitur:
629 1141 748 1168 Joannes
764 1147 852 1168 autem
873 1142 916 1168 hic
935 1142 1077 1169 Ozniensis
1111 1142 1138 1168 in
1167 1148 1244 1168 sacra
1271 1141 1459 1168 Armeniorum
1488 1141 1648 1168 Kalendaria
1679 1142 1805 1175 pleraque

207 1194 261 1214 non
286 1192 327 1214 est
347 1189 458 1215 relatus.
479 1188 606 1215 Miramur
624 1189 687 1216 item
708 1189 871 1224 singularem
892 1188 1024 1216 Samuelis
1051 1189 1077 1216 in
1105 1189 1229 1224 religiosa
1257 1188 1371 1216 historia
1397 1188 1540 1215 scribenda
1559 1186 1719 1220 tranquillit‘
1732 1191 1802 1218 tem,

207 1239 268 1258 cum
287 1238 377 1260 tamen
394 1233 490 1260 Oriens
508 1234 611 1267 magnis
632 1233 779 1260 factionum
799 1233 914 1260 ﬂammis
928 1235 1001 1260 omni
1020 1238 1140 1268 tempore
1154 1234 1297 1261 exarserit.
1313 1234 1392 1261 Certe
1407 1233 1547 1268 permultis
1561 1232 1803 1260 controversiarum

209 1279 305 1305 harmn
327 1279 507 1313 scriptoribus
526 1283 632 1305 tantum
653 1287 722 1314 swpe
741 1280 858 1306 furorem
878 1280 1079 1307 dissensionum
1099 1284 1182 1307 aestus
1202 1280 1319 1314 objecit,
1342 1284 1371 1306 ut
1389 1286 1481 1307 eorum
1506 1282 1609 1305 mentes
1633 1277 1707 1304 haud
1728 1278 1802 1305 valde

208 1322 297 1348 absint
317 1322 350 1348 ab
369 1323 495 1353 insania,
517 1322 616 1349 nedum
639 1322 725 1349 facilis
743 1323 832 1350 aditus
853 1324 958 1349 veritati
986 1324 1162 1357 relinqtiatur.
1187 1324 1269 1357 Atqui
1293 1331 1360 1357 opus
1383 1328 1425 1351 est
1444 1328 1473 1349 ut
1496 1323 1668 1350 Christianus
1692 1322 1806 1356 quisque

208 1364 311 1392 lenitati
324 1385 331 1397 ,
353 1367 556 1393 mansuetudini
567 1386 573 1397 .
594 1371 775 1401 praetereaque
791 1368 902 1400 unitati,
917 1369 1068 1394 concordia:
1084 1373 1110 1394 ct
1128 1368 1284 1394 obcdientiaa
1300 1368 1424 1394 studeat:
1441 1367 1559 1401 alioquin
1578 1367 1720 1393 videamus
1734 1385 1742 1396 ,
1759 1373 1803 1400 per

209 1407 291 1435 Deum
312 1409 508 1437 immortaleml
531 1417 609 1444 quem
624 1410 656 1447 in
676 1410 764 1436 locum
785 1418 829 1437 res
849 1418 942 1438 sacras
962 1415 1138 1445 perventuras
1158 1415 1294 1445 putemus.
1317 1410 1368 1437 Sed
1386 1411 1447 1444 quis
1465 1411 1572 1438 demum
1603 1410 1738 1438 Samuelis
1760 1417 1803 1436 or-

208 1454 361 1481 thodoxiam
382 1464 435 1482 non
454 1464 486 1482 ex
504 1463 534 1482 ea
554 1454 710 1482 narratione
729 1458 887 1487 auguretur.
908 1462 961 1489 qua
980 1454 1139 1489 Gregorium
1155 1454 1339 1489 patriam-ham
1360 1454 1393 1480 lll
1412 1454 1568 1482 Armenium
1588 1463 1603 1482 a
1622 1454 1804 1482 Romanorum

208 1502 315 1535 regibus
339 1507 417 1536 atque
444 1502 615 1537 pontificibus
641 1507 746 1526 summo
770 1500 874 1527 honore
899 1500 1022 1527 atfectum
1048 1501 1178 1535 gloriatur
1198 1501 1248 1534 (lt),
1279 1507 1396 1534 eumque
1414 1500 1447 1527 ad
1465 1499 1693 1535 Jerosolymorum
1713 1498 1804 1525 urbem

209 1547 359 1579 profectum
372 1567 380 1578 ,
398 1555 412 1573 a
433 1547 536 1573 Latinis
554 1548 589 1574 ibi
609 1548 781 1574 versantibus
800 1548 980 1574 orthodoxum
999 1556 1058 1575 esse
1075 1548 1226 1582 judicatum
1238 1567 1246 1580 ,
1267 1552 1293 1574 et
1312 1554 1418 1574 summo
1436 1547 1524 1574 studio
1537 1548 1661 1581 omnique
1675 1547 1806 1573 charitate

208 1591 355 1617 dilectum:
376 1599 429 1625 qua
449 1599 478 1618 re
496 1591 611 1618 mirifice
629 1592 779 1618 delectatus
799 1591 929 1624 Samuel,
950 1593 1012 1619 hinc
1034 1593 1085 1619 sibi
1104 1592 1210 1619 demum
1230 1592 1399 1626 exploratum
1426 1592 1486 1624 ait,
1505 1596 1610 1626 gentem
1635 1597 1712 1618 suam
1737 1597 1806 1616 nun—

208 1643 288 1669 quam
308 1638 425 1671 supremi
445 1637 568 1664 Ntuuinis
586 1638 670 1672 gratia
687 1637 843 1664 excidisse?
861 1638 919 1664 Jam
940 1638 1005 1664 illud
1025 1642 1131 1672 quantm
1151 1638 1263 1672 iustitiae
1288 1642 1341 1671 est,
1369 1638 1440 1672 quod
1467 1641 1559 1664 narrat
1582 1637 1739 1671 Gregorium
1758 1643 1806 1671 pa-

208 1683 353 1709 triarcham
374 1685 448 1711 valde
468 1684 662 1718 improbavisse
690 1683 878 1710 Armeniorum
904 1685 1006 1718 aliquot
1030 1684 1204 1711 defectionem
1234 1684 1269 1711 ab
1293 1684 1458 1711 heterodoxo
1483 1693 1564 1719 rege,
1593 1685 1638 1719 qui
1666 1687 1753 1710 tamen
1778 1687 1803 1710 et

209 1729 368 1756 Christianis
389 1731 473 1757 sacris
493 1731 542 1757 fide
570 1730 685 1764 obligata
705 1729 829 1763 favebat,
850 1734 876 1757 et
893 1731 952 1764 jure
971 1731 1103 1765 imperare
1131 1731 1270 1757 videbatur
1300 1730 1361 1765 (i)?
1378 1730 1535 1764 Quanquam
1554 1728 1617 1755 alibi
1637 1727 1805 1754 Saracenicae

208 1775 394 1809 superstitioni
408 1780 434 1802 ct
449 1776 583 1810 tyrannidi
614 1783 661 1809 pro
675 1776 771 1802 merito
787 1777 922 1803 maledicit
938 1776 1055 1804 Samuel.
1072 1778 1182 1809 Quanta:
1197 1784 1293 1804 rursus
1308 1777 1473 1804 fortitudinis
1486 1781 1527 1804 est
1540 1796 1547 1808 ,
1566 1774 1636 1810 quod
1651 1774 1803 1801 Graecorum

210 1822 380 1855 principum,
415 1830 530 1856 quorum
551 1823 606 1856 ipsc
626 1823 666 1849 vel
685 1826 763 1849 atate
783 1823 824 1849 rel
850 1831 933 1857 prope
958 1824 984 1850 in
1009 1814 1109 1851 ditione
1133 1825 1238 1851 vivebat
1251 1844 1257 1855 .
1279 1824 1417 1858 perfidiam
1438 1824 1464 1850 in
1483 1823 1593 1850 Latinos
1611 1826 1692 1856 atque
1710 1820 1804 1854 impie-

209 1872 290 1894 tatem
309 1868 437 1895 adversus
456 1875 563 1894 causam
583 1866 765 1894 Christianam
785 1871 840 1893 tam
867 1872 958 1902 aperte
981 1869 1141 1895 condemnat
1166 1868 1235 1902 (j)?
1260 1867 1316 1895 Nisi
1337 1868 1421 1901 forte,
1441 1869 1512 1902 quod
1531 1869 1559 1894 in
1577 1874 1606 1893 re
1629 1865 1711 1892 simili
1737 1864 1804 1890 dit"

209 1913 386 1948 Hieronymus
406 1914 441 1947 (It)
456 1933 463 1944 ,
484 1914 564 1940 timor
582 1912 628 1938 Dei
648 1912 785 1939 hominum
805 1913 927 1940 timorem
946 1914 1063 1948 expellit.
1087 1914 1204 1941 Omnino
1223 1914 1330 1941 Samuel
1355 1913 1487 1948 ejusmodi
1512 1912 1627 1945 scriptor
1644 1913 1705 1941 est,
1725 1915 1803 1944 quem

208 1960 334 1993 genuisse
351 1959 470 1986 Armenii
489 1958 584 1986 merito
603 1959 906 1996 glorientur,_l§uropa:i
927 1965 1016 1987 autem
1037 1968 1109 1988 mtnc
1128 1968 1295 1996 cognoscere
1313 1961 1440 1995 gestiant.

243 2074 281 2115 (gi
300 2073 369 2108 Lege
386 2073 542 2108 Serposium
565 2074 722 2108 Compendio
748 2077 844 2102 siorico
856 2096 862 2108 ,
889 2082 907 2105 t.
939 2078 957 2104 ll
971 2098 978 2109 ,
1033 2113 1038 2115 _
1067 2079 1103 2112 (ῃ)
1124 2077 1193 2111 Lege
1209 2076 1376 2115 Serposium,
1393 2080 1417 2115 _t.
1433 2074 1471 2115 ll.2
1487 2071 1700 2115 p.l52,'377-3_9?
1715 2078 1796 2115 septi”

209 2116 235 2143 Ρο
300 2105 358 2146 ἓΨῙ·
545 2144 548 2146 λ
630 2105 634 2108 Ι
857 2105 861 2108 ’
972 2105 977 2109 ’
1032 2105 1149 2146 ἰιεὶῖιῖμιθ
1162 2105 1323 2138 "sermonem
1349 2105 1434 2144 ipsius
1452 2105 1595 2137 Oz'nieusis
1610 2111 1700 2133 contra
1715 2105 1799 2131 [Ἰωκ-

242 2143 278 2181 tib)
299 2143 396 2181 Scrpos
421 2144 572 2181 Compend.,
587 2150 608 2172 1..
623 2146 644 2172 ll
656 2166 663 2178 ,
678 2154 703 2181 p.
721 2145 753 2172 46
767 2151 793 2173 et
807 2145 867 2173 454.

383 2153 396 2172 s
421 2144 572 2181 Compend.,
587 2150 608 2172 1..
623 2146 644 2172 ll
656 2166 663 2178 ,
678 2154 703 2181 p.
721 2145 753 2172 46
767 2151 793 2173 et
807 2145 867 2173 454.
1034 2143 1147 2172 ιακιὶὁοε.

246 2179 281 2210 (c)
301 2178 340 2203 Ad
358 2188 401 2206 an.
419 2180 466 2206 (Lb.
485 2180 546 2207 MS.
678 2178 687 2181 ”

678 2178 687 2181 “
1067 2181 1105 2213 (In
1126 2180 1164 2205 Ad
1180 2187 1225 2207 an.
1241 2180 1291 2206 Ch.
1308 2179 1385 2213 1115.

244 2212 282 2246 id)
297 2213 340 2247 ΑΛ
359 2222 402 2239 an.
419 2215 468 2241 (ill.
485 2214 536 2240 4115
551 2219 576 2239 et
591 2215 650 2242 5H,
1069 2212 1104 2247 (ἰ)
1125 2214 1162 2239 Ad
1182 2222 1226 2240 an.
1243 2215 1292 2240 (2h.
1309 2212 1387 2239 “‘26.

243 2246 276 2283 (ιζ)
297 2245 363 2283 Lege
379 2248 534 2283 Set-posituri
551 2248 705 2283 Compend.,
722 2253 741 2276 t.
759 2249 797 2281 ll,
814 2257 838 2283 p.
856 2249 916 2276 (illi.
1069 2245 1105 2282 fj)
1126 2248 1163 2283 ᾼιι
1181 2256 1224 2273 λιιι.
1242 2248 1290 2283 Ch.
1309 2248 1415 2283 findet
1429 2245 1497 2283 1150

244 2279 280 2315 (Γ)
299 2279 343 2307 Ad
354 2289 397 2307 an.
415 2279 463 2308 Cb.
482 2282 540 2308 718.
617 2279 621 2283 ’
699 2279 702 2281 ’
791 2279 795 2281 ’
814 2279 821 2283 ’

1069 2279 1104 2317 (ις)
1126 2282 1235 2315 [ιηιοίαι.
1255 2282 1287 2308 ad
1305 2280 1409 2307 Eusebii
1425 2280 1520 2307 Chron.
1537 2279 1563 2306 in
1582 2280 1642 2308 line.
