3930 6178
273 237 351 300 517
809 231 1206 293 SAMUELIS
1244 231 1615 294 ANIENSIS
1657 232 2054 296 SUMMARII
2092 224 2519 301 TEMPORUM
2553 238 2752 298 PARS
2782 237 2834 298 Ι.

1234 533 1821 695 δΑΜυΕιιε

3344 241 3453 307 518

516 369 3431 399 Mm

1882 541 2423 696 ANIENSIS

901 822 1717 938 SUMMARII
1849 826 2759 945 TEMPOBUM

1435 1054 1721 1146 PARS
1790 1056 2232 1174 PRIOR.

1509 1414 2169 1509 PROLOGUS.

2086 1635 2119 1655 κ

305 1683 356 1736 l.
392 1678 521 1733 Cum
559 1685 670 1732 tres
712 1676 767 1730 in
808 1687 989 1747 partes
1018 1679 1328 1732 universum
1358 1680 1618 1748 temporis
1649 1696 1773 1751 Spa—
1802 1693 1846 1745 Α
1876 1690 1929 1735 et
1964 1682 2244 1735 ministros
2273 1687 2326 1734 et
2360 1679 2610 1733 conscios
2641 1694 2851 1732 arcanae
2888 1679 3187 1735 voluntatis
3214 1695 3327 1735 suae
3363 1678 3442 1735 le—

244 1767 363 1820 tiutn
392 1765 552 1820 dividi
583 1766 774 1828 soleat,
810 1766 863 1818 in
890 1767 1220 1835 praeteritum
1249 1767 1519 1830 videlicet,
1553 1769 1605 1822 in
1638 1786 1776 1838 pra:-

243 1872 353 1912 sens
378 1864 535 1926 alque
586 1855 639 1910 in
674 1855 933 1921 futurum,
979 1856 1228 1910 humana:
1274 1866 1450 1911 tamen
1483 1860 1775 1916 voluntatis

242 1945 432 2000 affectio
461 1946 525 2000 ad
571 1946 829 2016 prateriti
873 1947 1046 2015 magis
1086 1954 1248 2015 atque
1284 1947 1472 2011 futuri,
1496 1937 1672 2018 quam
1709 1951 1777 2004 ad

240 2037 499 2108 praesentis
543 2037 914 2109 cognitionem
958 2035 1083 2091 ferri
1133 2038 1362 2091 videtur.
1406 2038 1523 2094 Jam
1568 2040 1682 2094 fore
1718 2048 1777 2093 ut

243 2132 486 2187 homines.
520 2131 640 2184 sive
684 2128 826 2185 sacri
880 2128 995 2184 sive
1024 2128 1258 2198 profani,
1305 2131 1392 2182 illa
1428 2133 1606 2199 potius
1650 2142 1779 2186 tem-

239 2237 353 2288 pora
374 2220 732 2291 inquirerent,
758 2218 949 2272 divina:
975 2235 1190 2288 quoque
1218 2218 1516 2289 Scriptura}
1544 2236 1641 2276 nos
1679 2222 1779 2276 do-

239 2320 366 2373 cent,
393 2309 829 2380 quandoquidem
862 2310 945 2364 vel
977 2309 1110 2379 ipsis
1142 2308 1500 2365 familiaribus
1531 2313 1647 2367 suis
1669 2313 1778 2367 aie-

238 2399 316 2453 bat
355 2399 440 2454 ille
475 2398 740 2454 Viviticus
766 2438 782 2465 ,
814 2416 831 2449 ι
860 2396 977 2452 Non
1005 2406 1088 2453 est
1133 2412 1371 2479 vestrum
1416 2414 1577 2455 nosse
1619 2402 1777 2457 horas

236 2497 282 2543 et
300 2489 370 2560 (1)
395 2498 643 2559 tempora
670 2501 790 2559 qua:
816 2488 974 2543 Pater
997 2489 1173 2559 posuit
1197 2490 1249 2543 in
1274 2505 1368 2544 sua
1400 2499 1665 2560 potestate
1683 2492 1721 2543 ⁸.
1754 2511 1772 2543 i

234 2577 374 2643 Quod
409 2578 632 2634 eﬂ‘atnm
678 2594 785 2633 non
821 2579 888 2633 de
935 2594 1189 2648 supremo
1223 2581 1397 2635 solum
1430 2582 1774 2648 exterminio,

233 2669 315 2724 sed
346 2668 411 2724 de
442 2670 785 2740 temporibus
827 2670 1081 2724 omnibus
1125 2669 1333 2725 idcirco
1369 2672 1776 2739 pronuntiatum

231 2775 377 2816 verax
415 2761 506 2815 ille
536 2758 811 2814 Eusebius
839 2760 913 2812 ait
939 2759 1038 2828 (2),
1067 2769 1125 2813 ut
1154 2760 1199 2814 si
1232 2761 1323 2829 qui
1357 2770 1484 2816 sunt
1517 2762 1780 2816 curiosio-

230 2866 309 2906 res
338 2860 496 2921 atque
543 2852 733 2906 inania
783 2858 1112 2913 scrutantes,
1164 2850 1199 2904 ii
1246 2853 1431 2919 paucis
1478 2852 1564 2907 his
1598 2854 1778 2908 verbis

228 2938 645 3003 deterrerentur,
679 2940 970 3009 quominus
1011 2939 1319 2993 doctrinam
1372 2947 1674 3008 temporum
1719 2957 1779 2995 se

1877 1772 1971 1832 cit,
2014 1785 2301 1837 rerumque
2342 1767 2691 1822 iucﬂ‘abilium
2743 1783 2962 1836 gnarus,
3005 1783 3233 1837 quarum
3286 1770 3440 1823 lucu-

1876 1863 2022 1915 lento
2053 1860 2337 1929 splendore
2375 1866 2635 1912 creaturas
2675 1859 2942 1912 universae
2981 1868 3238 1913 saturatas
3287 1867 3437 1914 sunt.

1879 1952 2135 2005 licinincs
2174 1949 2337 2018 igitur
2364 1950 2606 2003 omnium
2656 1964 2834 2002 rerum
2883 1957 3105 2003 naturas
3130 1950 3341 2011 edocti,
3372 1950 3442 2006 de

1877 2040 2182 2108 praeteritis,
2222 2039 2578 2107 praesentibus
2619 2046 2779 2105 atque
2814 2037 3010 2094 futuris
3047 2039 3290 2093 scribere
3337 2054 3437 2109 ag—

1877 2132 2049 2200 gressi
2088 2138 2235 2189 sunt.
2274 2137 2458 2198 utpote
2486 2129 2553 2182 ab
2585 2129 2729 2182 illius
2772 2129 2982 2182 veracis
3014 2127 3300 2197 discipulis
3342 2144 3442 2183 no-

1877 2222 2025 2274 tione
2056 2219 2299 2273 veritatis
2341 2219 2527 2271 imbuti
2555 2237 2566 2270 :
2594 2228 2705 2270 tum
2745 2218 2905 2270 etiam
2940 2216 3336 2274 disertissimus
3376 2226 3431 2273 et

1879 2309 2316 2379 sapientissimus
2360 2309 2587 2377 quisque
2618 2306 2683 2360 ad
2728 2308 3079 2363 elaborandas
3119 2309 3294 2378 gentis
3328 2323 3441 2363 suae

1877 2398 2336 2467 chronographias
2360 2398 2623 2451 incubuit.

1946 2491 1997 2544 '5.
2042 2489 2190 2555 Quos
2228 2488 2368 2542 inter
2398 2489 2627 2559 (primos
2671 2488 2894 2556 inquam
2941 2489 3179 2559 itemque
3210 2488 3442 2543 novissi-

1879 2580 2017 2647 mos)
2049 2578 2441 2646 amplissimum
2473 2577 2756 2645 dignitatis
2786 2579 2963 2631 locum
2996 2580 3185 2633 beatus
3215 2579 3304 2632 ille
3335 2577 3443 2632 Eu-

1878 2670 2062 2741 sebius
2103 2669 2379 2724 obtinuit:
2423 2667 2618 2724 deinde
2651 2667 2905 2723 Socrates
2948 2670 3439 2739 liistoriograplius,

1879 2760 2078 2829 aliique
2107 2760 2437 2829 complures.
2473 2757 2683 2813 Nostra:
2712 2775 2873 2828 porro
2896 2761 3071 2830 gentis
3100 2761 3330 2830 primum
3353 2761 3445 2813 aio

1879 2848 2201 2903 historicum
2237 2848 2405 2903 fuisse
2431 2848 2887 2916 Agatbangeium,
2912 2850 3004 2919 qui
3039 2850 3278 2918 origines
3299 2851 3437 2902 serio

1882 2940 1987 3008 psit
2033 2939 2449 2995 illuminationis
2485 2937 2561 3008 (4)
2608 2938 2987 2993 Armeniorum
3039 2949 3266 2993 curante
3316 2939 3443 2992 divo

230 3032 429 3101 assequi
474 3046 645 3102 posse
670 3038 818 3089 certa
860 3030 1090 3089 scientia
1125 3029 1479 3085 conﬁderent.
1530 3031 1778 3087 Proiecto
1814 3011 1850 3063 ³
1881 3029 2163 3098 Gregorio,
2197 3029 2354 3096 cujus
2384 3029 2546 3083 etiam
2579 3029 2895 3083 multimoda
2926 3029 3181 3098 patientia
3208 3030 3434 3082 mirabi-

228 3119 453 3173 divinum
492 3120 599 3172 hoc
629 3117 1084 3190 Dominieumque
1114 3118 1395 3172 oraculum
1424 3134 1497 3173 eo
1512 3121 1780 3189 praecipue

230 3210 438 3266 nomine
458 3210 676 3267 editum
702 3218 808 3272 est,
842 3216 899 3262 ut
923 3224 1184 3261 vanarunt
1205 3224 1384 3265 rerum
1409 3210 1781 3279 exploratores

227 3299 431 3354 incasso
455 3301 651 3355 labore
696 3297 1105 3368 supersedeant.
1138 3299 1268 3364 Quae
1296 3299 1440 3353 enim
1467 3300 1682 3369 cognita
1727 3309 1782 3353 et

226 3388 556 3443 considerata
597 3388 853 3442 utilitatis
899 3388 1107 3457 aliquid
1152 3388 1406 3452 ati'erunt,
1440 3403 1503 3442 ea
1550 3389 1666 3459 ipse
1703 3390 1779 3460 (3)

225 3476 397 3531 docuit
427 3479 726 3548 palamque
760 3477 885 3531 fecit
927 3478 982 3531 in
1015 3476 1345 3546 propheticis
1376 3477 1551 3543 libris,
1583 3477 1781 3546 quibus

223 3570 387 3621 omnia
435 3582 504 3626 ex
550 3568 749 3624 ordine
793 3569 1141 3623 continentur
1182 3583 1354 3637 usque
1392 3568 1481 3625 .ad
1538 3568 1779 3622 divinum

224 3652 448 3711 Verbum
502 3675 637 3713 eum
690 3669 1143 3736 naturacarnea
1189 3658 1563 3726 conjunctum,
1622 3666 1780 3726 capto

222 3746 367 3801 initio
399 3749 470 3803 ab
498 3748 747 3803 oraculis
778 3762 871 3801 ore
902 3746 1067 3801 Mosis
1098 3746 1359 3802 divinitus
1390 3747 1673 3816 evulgatis.

282 3837 334 3890 2.
372 3836 492 3891 Jam
523 3854 595 3892 ex
631 3837 876 3905 plurimis
919 3837 1037 3906 ejus
1073 3837 1146 3891 rei
1179 3838 1360 3892 causis
1396 3835 1531 3890 duas
1569 3845 1780 3890 tantum

220 3929 514 3997 pmcipuas
570 3935 766 3981 notare
814 3926 1043 3982 suiliciat
1070 3946 1082 3980 :
1111 3927 1256 3996 quod
1302 3925 1533 3980 divinum
1585 3926 1782 3980 scilicet

229 4015 443 4070 Verbum
473 4019 533 4071 in
571 4018 768 4088 primis
811 4017 1043 4070 voluerit
1090 4032 1152 4071 os
1177 4032 1366 4071 eorum
1401 4017 1777 4086 comprimere,

217 4106 301 4173 qui
330 4119 630 4162 creaturas
655 4106 924 4179 principio
950 4117 1003 4160 et
1041 4105 1142 4161 line
1164 4114 1415 4162 carentes
1444 4105 1625 4162 dicere
1662 4108 1781 4162 ausi

217 4205 365 4263 sunt;
404 4197 612 4253 deinde
642 4213 858 4252 eversos
909 4207 1132 4267 paterna
1182 4197 1492 4273 hmreditate
1536 4198 1781 4252 homines

214 4301 303 4356 spe
356 4288 564 4343 lmtitici
627 4289 890 4344 adventus
942 4290 1024 4343 sui
1082 4303 1371 4342 recreare:
1408 4290 1780 4357 superioribus

213 4376 575 4430 continuatim
618 4376 832 4431 saeculis
876 4377 1231 4431 humanitatis
1272 4393 1302 4433 a
1342 4394 1401 4433 se
1441 4380 1781 4433 assumenda:

212 4468 529 4535 mysterium
564 4467 842 4537 parabolis
868 4468 1276 4537 visionibusque
1297 4469 1658 4535 coxil‘irmans;
1685 4486 1781 4540 po-

212 4565 408 4610 stremo
434 4566 628 4615 autem
653 4557 1047 4623 perfectissima
1078 4559 1302 4613 scientia
1334 4560 1630 4627 discipulos
1650 4576 1781 4620 suos

210 4644 480 4711 imbuens,
518 4659 719 4702 sancto
750 4646 953 4716 Spiritu
984 4648 1039 4701 in
1068 4649 1286 4704 eosdem
1331 4649 1575 4705 immisso
1603 4669 1616 4704 :
1642 4665 1780 4718 quos

277 4796 299 4828 ³
331 4799 455 4854 Act.
484 4812 527 4861 ι,
564 4797 620 4851 7.
694 4799 715 4832 ³
754 4796 919 4853 Marc.
945 4814 1061 4863 xm,
1088 4799 1176 4853 52.

275 4952 351 5018 (I)
394 4951 473 5005 Ita
529 4961 608 5017 et,
639 4967 746 5005 non
783 4953 877 5019 rel,
913 4952 1110 5005 habent
1141 4952 1355 5005 Samuel
1398 4954 1632 5019 itemque
1668 4953 1777 5006 Eu-

210 5020 393 5091 sebius
422 5022 482 5075 in
506 5018 809 5091 Propmio',
828 5034 927 5091 nec
958 5035 1064 5091 non
1093 5020 1414 5091 Armeniaca
1436 5018 1555 5091 ipsa
1583 5021 1772 5075 Biblia.

214 5088 501 5157 AtAGrazca
536 5097 598 5145 et
625 5088 817 5143 Latina
848 5088 1045 5157 Biblia,
1068 5089 1162 5142 vel.

270 5155 355 5294 έῖ)
394 5158 456 5212 In
491 5160 701 5228 prioris
730 5159 854 5212 libri
884 5155 1172 5212 Proﬂmio.

295 5230 352 5294 ὅ)
393 5228 568 5281 Deus.

295 5230 352 5281 3i
393 5228 568 5281 Deus.

271 5230 353 5488 ξζ
393 5230 746 5354 divus
784 5298 1099 5369 Gregorius,
1146 5300 1214 5354 de
1242 5315 1350 5368 quo
1389 5313 1537 5361 mox,
1581 5298 1778 5352 dicitur

271 5382 272 5414 Υ
328 5380 367 5421 o
406 5364 779 5421 Illuminator.

273 5433 293 5488 (
335 5440 356 5488 ὶ
400 5433 643 5488 Videtur
673 5436 960 5488 dicendum
997 5436 1230 5488 Faustus
1264 5436 1612 5488 Buzantinus.

205 5377 367 5421 vuum

406 5364 779 5421 Illuminator.

400 5433 643 5505 Yidetur
673 5436 960 5491 dicendum
997 5436 1230 5492 Faustus
1264 5436 1612 5505 Byzantinus.

299 5502 357 5574 6)
398 5502 695 5560 Obscurus
713 5506 796 5561 vel
813 5516 1099 5574 corruptus
1114 5502 1424 5563 videturhic
1449 5505 1598 5560 locus
1618 5506 1673 5558 in
1685 5505 1782 5558 Sa-

1881 3119 2004 3173 liter
2041 3119 2313 3172 inclaruit.
2363 3117 2595 3174 Secutus
2635 3126 2718 3174 est
2752 3119 2927 3174 Moses
2958 3120 3326 3176 Cborenensis
3355 3122 3441 3175 hi-

1881 3208 2080 3263 storica
2107 3208 2457 3263 veridicentia
2497 3209 2811 3281 pra-mobilis
2841 3230 2854 3264 :
2882 3210 3080 3265 deinde
3108 3211 3352 3278 Eliszcus,
3386 3222 3441 3266 et

1880 3296 2118 3351 Lazarus
2168 3306 2221 3351 et
2265 3294 2518 3359 Faustus,
2573 3296 2665 3365 qui
2714 3304 2769 3351 et
2817 3296 3110 3367 Byzantius
3139 3297 3235 3367 (5),
3281 3298 3442 3365 paulo

1881 3388 2157 3457 antiquior
2202 3387 2502 3441 historicus
2529 3406 2541 3440 :
2571 3403 2670 3441 nec
2718 3404 2826 3441 non
2874 3386 3156 3442 lieraclius
3212 3403 3241 3441 a
3276 3386 3441 3441 Sebio

1880 3477 2134 3544 episcopo
2172 3475 2423 3529 laudatus
2447 3475 2545 3546 (6),
2589 3484 2702 3529 tum
2749 3484 2804 3528 et
2836 3474 3092 3529 Leontius
3138 3480 3440 3547 presizyter,

1880 3575 1932 3619 et
1958 3564 2250 3625 Sabuhius,
2277 3573 2330 3618 et
2364 3565 2616 3618 dominus
2643 3564 2902 3629 Joannes,
2932 3574 2983 3619 et
3008 3569 3309 3634 posteriore
3346 3572 3440 3621 de-

1881 3668 2027 3706 mum
2054 3660 2212 3706 aetate
2246 3652 2554 3722 Stephanus
2580 3653 2789 3717 doctor,
2832 3666 3192 3724 cognomento
3223 3657 3443 3711 Asolni-

1882 3744 2038 3799 chius
2065 3744 2164 3814 (7).
2194 3743 2371 3814 Atque
2403 3743 2467 3796 ‘bi
2496 3743 2563 3797 de
2609 3744 2773 3800 rebus
2801 3743 3160 3809 Armeniacis,
3204 3737 3443 3816 itemque

1882 3833 1974 3887 alii
2033 3832 2253 3910 plurimi
2312 3833 2380 3888 de
2450 3828 2679 3906 singulis
2732 3836 3023 3905 gentibus,
3099 3838 3442 3895 narrationes

1881 3940 2009 3979 suas
2034 3933 2321 3978 texuerunt
2343 3925 2715 3979 tantummodo
2743 3933 2864 3997 post
2894 3927 3156 3980 Adamum
3186 3929 3442 3998 paradiso

1880 4016 2183 4078 emissum,
2246 4010 2539 4086 vitigejus
2593 4033 2754 4087 quam
2828 4018 2881 4072 in
2935 4018 3189 4088 paradiso
3261 4020 3444 4089 exegit

1882 4106 2083 4165 omissa
2101 4107 2195 4178 (8).
2234 4147 2247 4161 .
2285 4148 2298 4161 .
2336 4146 2352 4161 .
2383 4109 2460 4161 uti
2494 4107 2753 4163 Dominus
2783 4109 2979 4175 aiebat,
3012 4107 3152 4164 diem
3185 4110 3442 4164 nimirum

1882 4204 1935 4251 et
1965 4196 2175 4254 horam,
2227 4213 2334 4266 qua
2376 4198 2447 4253 sit
2498 4198 2615 4267 ipse
2661 4206 2941 4260 venturus,
2971 4213 3001 4251 a
3053 4199 3269 4253 nemine
3313 4207 3443 4253 ante

1883 4288 2182 4357 cognosci’
2218 4305 2231 4340 :
2264 4303 2384 4356 quas
2417 4288 2577 4342 verba
2612 4304 2735 4341 cum
2776 4287 2844 4341 ad
2874 4287 3094 4356 angelos
3137 4286 3444 4356 Filiumun

1885 4382 2060 4450 ipsum
2102 4379 2368 4439 retulerit,
2410 4378 2885 4448 interrogationem
2918 4377 3057 4431 hanc
3091 4385 3395 4431 commovet
3423 4394 3436 4431 :

1882 4470 2043 4539 Atqui
2095 4469 2142 4525 si
2192 4476 2309 4523 erat
2342 4469 2457 4538 ipse
2503 4480 2792 4532 venturus,
2823 4484 3057 4537 quonam
3101 4468 3239 4539 idem
3285 4476 3443 4537 pacto

1884 4560 2071 4615 horam
2105 4560 2410 4615 nesciebat?
2440 4557 2578 4628 Ergo
2620 4574 2689 4613 ne
2736 4573 2968 4613 mmrore
2998 4560 3145 4627 ipsos
3188 4556 3445 4625 alliceret,

1884 4650 1937 4705 id
1971 4652 2037 4705 ab
2068 4666 2133 4705 eo
2159 4650 2357 4706 dictum
2390 4651 2658 4706 existimo.

1882 4961 2072 5024 muetis
2099 4954 2401 5024 codicibus.
2433 4952 2586 5019 Quod
2608 4963 2787 5024 autem
2812 4954 3005 5024 merito
3026 4953 3435 5024 iniieris,etiam

1886 5021 2192 5091 Stephanus
2234 5022 2576 5077 Aselnicbius
2622 5023 2675 5076 in
2728 5038 2838 5077 sua:
2880 5021 3132 5076 Historia:
3165 5022 3436 5075 Procnmio

1883 5092 2129 5213 ειιὲεεθὶη
2156 5092 2303 5145 hunc
2325 5093 2503 5146 locum
2530 5092 2717 5148 eadem
2744 5093 3076 5147 obscuritate
3101 5092 3459 5145 laborantem"

1883 5175 1946 5213 ex
1993 5176 2003 5210 l
2045 5176 2074 5212 ρ·
2106 5201 2118 5212 .

1882 5175 2143 5350 θῗὲὗῖθδθ
2171 5229 2258 5284 his
2303 5227 2573 5285 Armeniis
2623 5229 2901 5285 historicis
2932 5229 3058 5284 alibi
3105 5227 3432 5298 loquendum

1882 5314 1933 5350 νι
1974 5313 2004 5350 e
2031 5314 2115 5350 ur.

1881 5305 2181 5436 νηῖἓξυδοο
2206 5368 2327 5422 loco
2365 5369 2422 5424 in
2451 5368 2831 5435 emendation?
2848 5366 3117 5423 Samuelis
3141 5361 3430 5436 exemplari

1884 5436 2130 5490 innuitur
2161 5437 2371 5492 lacuna.
