3930 6178
467 205 571 274 519

1376 208 1773 269 APPENDIX
1816 210 1916 269 AD
1956 208 2265 268 EUSEBll
2312 207 2776 272 CHRONICON.

3529 222 3609 288 520

510 362 513 363 ν
544 311 601 366 4.
641 310 755 383 Ego
794 328 925 368 vero
961 313 1247 384 imperitiae
1286 315 1622 384 iustitiaeque
1666 328 1798 370 meae
1839 315 2025 370 imme-
2052 315 2101 375 Δ
2126 315 2572 386 deprehenditur.
2612 319 2785 378 Porro
2830 329 3010 378 autem
3056 322 3093 377 ii
3134 330 3360 378 sanctum
3395 323 3604 396 Spiritum

476 415 619 467 mor,
650 409 706 457 te
746 410 999 472 rogante,
1041 417 1074 457 o
1122 404 1477 458 sanctimonia
1513 403 1723 473 fulgens
1761 402 1984 475 Gregori
2007 441 2022 466 ,

478 491 660 545 studio
709 493 803 545 tibi
835 492 1162 561 obsequendi
1218 494 1482 561 impulsus
1527 508 1645 548 sum
1690 492 1755 547 ad
1798 508 1861 547 ea
1906 508 2027 562 qua:

477 583 575 637 tibi
613 590 767 638 erant
809 583 863 636 in
894 584 1033 638 votis
1077 585 1384 640 scribenda.
1419 584 1608 654 Agesis
1659 585 1823 654 igitur
1851 585 2026 639 sancti

479 672 714 741 Spiritus
736 688 838 742 ope
862 671 1056 738 fretus,
1079 688 1144 727 ex
1168 673 1254 728 bis
1273 672 1540 728 historicis
1565 674 1800 729 breviter
1822 689 2027 729 sermo-

475 765 565 823 nis
604 767 703 819 mei
743 767 1027 830 rationem,
1064 774 1222 835 prout
1249 773 1345 820 tua
1374 765 1478 819 fert
1521 765 1812 831 sententia,
1839 766 2029 819 decer-

477 869 633 925 pam;
668 856 740 908 ita
771 863 950 910 tamen
979 865 1038 910 ut
1070 872 1338 928 nusquam
1370 870 1399 909 a
1429 855 1675 911 veritatis
1698 854 1841 910 calle
1865 853 2030 909 deﬁe-

476 954 642 998 ctam.
675 944 737 999 Et
766 946 982 1014 quidem
1013 962 1078 1003 ex
1124 953 1231 1000 tam
1263 945 1466 1017 ingenti
1499 959 1725 999 numero
1757 944 1866 999 duo
1895 944 2027 997 milii

479 1037 748 1107 praecipue
801 1037 971 1090 facem
1023 1037 1351 1108 prmfcreut,
1412 1037 1677 1092 Eusebius
1729 1051 1794 1091 ac
1853 1035 2030 1091 Moses

477 1126 864 1182 Cliorenensis.
893 1126 1007 1181 Iam
1040 1143 1167 1182 vero
1208 1129 1439 1197 primum
1475 1129 1690 1197 quidem
1730 1128 1799 1182 ab
1824 1126 2030 1181 Adamo

481 1217 767 1279 incboans,
804 1217 1046 1272 desinam
1090 1218 1144 1272 in
1184 1217 1496 1271 Noacbu'n:
1530 1219 1653 1272 hinc
1684 1217 1752 1272 ad
1793 1218 2032 1272 Abraha-

438 1334 443 1338 ι
480 1321 628 1359 mum
653 1322 822 1374 uSque
838 1322 1069 1375 pergant.
1097 1307 1288 1361 Postea
1325 1308 1856 1377 ehronograpliorum
1883 1324 2031 1362 more

478 1397 667 1453 lineari
703 1400 910 1452 ratione
938 1407 1172 1466 tempora
1202 1398 1269 1452 ad
1297 1414 1397 1454 nos
1424 1415 1596 1469 usque
1621 1399 1883 1468 digeram.
1928 1399 2029 1452 De-

480 1489 646 1557 nique
678 1489 779 1542 hoc
810 1488 862 1540 in
894 1503 1055 1557 apere
1089 1489 1135 1543 si
1166 1503 1302 1542 vana
1348 1489 1610 1558 rejecero,
1645 1498 1698 1543 et
1726 1490 2029 1544 necessaria

480 1580 793 1648 complexus
836 1578 1009 1644 fuero,
1042 1594 1152 1634 rem
1200 1580 1294 1633 tibi
1338 1595 1422 1633 me
1463 1590 1671 1649 gratam
1717 1594 1876 1646 spero
1909 1593 2031 1632 esse

468 1667 771 1747 facturum.

548 1756 601 1810 5.
642 1755 848 1810 Revera
886 1771 1343 1826 supervacaneum
1383 1757 1630 1813 ducimus
1668 1756 1809 1811 haud
1840 1757 2033 1826 proba-

482 1846 619 1902 biles
666 1846 1040 1901 Cbaldaeorum
1087 1848 1340 1903 historias
1390 1855 1443 1902 et
1490 1848 1771 1902 barbarica
1815 1850 2030 1901 nomina

481 1936 710 1991 recitare
730 1956 742 1990 :
759 1938 954 2007 quibus
976 1938 1018 1992 si
1043 1937 1164 2007 quis
1185 1937 1464 2007 indigebit,
1489 1946 1683 2007 praesto
1712 1949 1795 1993 est
1821 1938 2030 1992 mirifici

480 2027 699 2083 Eusebii
742 2029 894 2090 liber,
929 2031 1049 2083 sine
1081 2043 1189 2099 quo
1215 2030 1581 2098 nosmetipsos
1621 2027 1762 2082 haud
1796 2030 2032 2084 scribere

479 2133 640 2188 posse
691 2118 939 2174 fatemur.
988 2117 1304 2189 Quanquam
1365 2134 1553 2187 reapse
1606 2118 1865 2188 quidquid
1915 2119 2032 2189 ejus

477 2209 692 2279 generis
725 2210 798 2263 ibi
831 2210 1089 2280 scriptum
1117 2220 1224 2277 est,
1254 2227 1429 2281 neque
1460 2213 1862 2281 opportunitate
1885 2220 2033 2266 caret

478 2315 653 2369 neque
702 2300 952 2354 utilitate.
1012 2299 1125 2354 Etsi
1173 2302 1313 2356 enim
1378 2303 1680 2372 peregrinis
1721 2303 2032 2357 nominibus

478 2390 690 2458 priscos
717 2388 905 2442 Patres
942 2388 1211 2459 indigitat,
1248 2406 1623 2459 annorumque
1652 2393 1891 2445 rationes
1933 2393 2033 2444 im-

479 2480 711 2533 maniter
749 2478 1087 2533 exuberant:
1117 2477 1331 2531 Patrum
1384 2488 1562 2534 tamen
1607 2495 1866 2537 numerus
1904 2495 2031 2533 con-

476 2568 623 2640 gruit
653 2583 776 2624 cum
805 2568 1007 2625 divinis
1035 2569 1322 2639 Scripturis
1347 2569 1443 2640 (9).
1475 2570 1595 2621 Alia
1623 2568 1843 2637 insuper
1866 2581 2031 2622 causa

480 2658 603 2722 fuit,
639 2661 985 2730 quamobrem
1039 2676 1102 2715 ea
1138 2660 1471 2715 referrentur
1511 2675 1632 2729 qua:
1681 2658 1750 2714 ab
1790 2658 1896 2713 illis
1922 2658 2031 2728 10)

478 2749 637 2818 quasi
664 2749 1059 2803 somniantibus
1084 2752 1380 2818 excogitata
1425 2755 1552 2802 sunt
1579 2766 1591 2802 ε
1621 2748 1746 2818 quia
1777 2747 2030 2801 nimirum

481 2838 767 2894 Chaldaeus
811 2839 910 2893 fuit
941 2839 1301 2901 Abrahamus,
1338 2839 1563 2908 ejusque
1594 2839 1828 2907 majores
1871 2837 2033 2892 Chal-

2061 1633 2105 1688 Β

2131 403 2325 462 ducem
2349 409 2552 464 habent
2574 411 2668 480 qui
2688 409 3039 481 Septuaginta
3060 409 3214 467 Viros
3234 420 3477 468 sectantur
3491 415 3605 489 (l5):

2128 497 2327 565 quibus
2351 512 2454 555 nos
2490 512 2705 569 quoque
2739 501 3100 565 adhaerentes,
3130 516 3257 566 rem,
3287 516 3432 572 quam
3458 520 3612 564 suntut

2127 589 2391 658 aggressi,
2417 589 2788 658 expediamus.

2752 715 2980 774 CAPUT
3018 716 3059 770 1.

2130 845 2384 912 Ωαανηιυη
2422 848 2558 921 ratio
2589 847 3029 921 tempo_rum_apud
3055 846 3377 921 Septuaginta
3406 849 3626 921 Interpre-

2229 926 2302 970 tea
2329 916 2773 984 perscribatur’ab
2801 916 3003 971 Adama
3031 916 3189 987 usque
3208 916 3271 970 ad
3297 916 3540 974 diluvium.

2195 1047 2238 1102 l.
2279 1046 2500 1104 Priscus
2528 1049 2692 1104 bomo
2725 1048 2968 1103 Adamus
2996 1054 3119 1116 post
3146 1047 3336 1101 exitum
3360 1062 3389 1102 e
3417 1048 3628 1117 paradiso

2129 1153 2273 1194 anno
2316 1141 2490 1193 aetatis
2527 1153 2703 1193 ccxxx
2744 1139 2928 1208 genuit
2971 1136 3191 1191 Sethum
3220 1152 3281 1191 ex
3309 1135 3407 1190 Eva
3436 1139 3629 1208 conjuge

2128 1244 2229 1284 sua
2257 1247 2269 1282 :
2298 1229 2538 1300 vixitque
2560 1229 2738 1283 adhuc
2759 1229 2917 1285 antis
2937 1241 3032 1282 occ
3056 1242 3224 1295 usque
3249 1225 3312 1279 ad
3332 1241 3527 1280 cxxxvu
3542 1228 3630 1296 (l6)

2129 1331 2328 1370 annum
2374 1316 2674 1370 Malalielis.
2722 1315 2874 1370 Alios
2928 1329 3141 1385 quoque
3200 1314 3376 1382 genuit
3429 1314 3549 1370 ﬁlios
3589 1324 3632 1369 et

2131 1407 2291 1461 ﬁlias.
2325 1406 2471 1461 Obiit
2498 1405 2673 1461 aetatis
2705 1420 2850 1459 anno
2879 1418 3170 1460 nccccxxx.
3236 1414 3243 1419 ‘

2202 1496 2266 1550 ll.
2312 1496 2511 1552 Setbus
2561 1512 2734 1551 annos
2771 1503 2939 1567 natus
2972 1509 3069 1549 cev
3113 1493 3293 1563 genuit
3333 1491 3545 1546 Enosum
3581 1506 3635 1546 ex

2133 1588 2298 1641 Alora
2357 1586 2496 1656 (17)
2557 1586 2788 1657 conjuge
2836 1600 2932 1641 sua
2987 1602 3000 1638 :
3055 1582 3295 1652 vixitque
3350 1582 3510 1636 adhuc
3559 1595 3639 1635 an-

2133 1679 2219 1732 nis
2279 1692 2449 1731 nccvu
2513 1690 2686 1745 usque
2736 1675 2804 1729 ad
2851 1691 2921 1729 xx
2967 1688 3169 1727 annum
3215 1671 3430 1725 Enocbi.
3477 1670 3641 1726 Genuit

2133 1766 2270 1821 ﬁlios
2303 1775 2357 1821 et
2394 1767 2549 1822 ﬁlias.
2585 1765 2731 1822 Obiit
2758 1767 2932 1820 aetatis
2964 1778 3107 1818 anno
3130 1777 3365 1817 uccccxlt
3393 1760 3510 1830 (18).

2157 1866 2160 1870 ’
2205 1855 2293 1908 Ill.
2336 1855 2549 1911 Enosus
2576 1871 2749 1910 annos
2773 1864 2933 1909 natus
2963 1868 3063 1908 cxc
3093 1853 3275 1922 genuit
3302 1850 3570 1906 Cainanum
3587 1865 3641 1904 cx

2131 1946 2321 2001 Nuena
2372 1948 2600 2016 conjuge
2636 1960 2734 2001 sua
2766 1963 2781 2001 :
2817 1945 3061 2013 vixitque
3103 1944 3280 1999 adhuc
3312 1942 3462 1997 annis
3504 1955 3643 1995 ut:ch

2132 2052 2305 2106 usque
2357 2035 2423 2089 ad
2475 2050 2571 2089 Llll
2622 2048 2823 2088 annum
2867 2033 3202 2088 Mathusalae.
3242 2030 3431 2087 Genuit
3459 2030 3579 2084 ﬁlios
3602 2037 3643 2084 et

2135 2126 2298 2180 filias.
2333 2124 2477 2180 Obiit
2508 2125 2683 2179 sitatis
2712 2137 2855 2177 anno
2887 2136 3102 2177 nccccv.

2206 2215 2293 2270 IV.
2335 2215 2608 2270 Cainanus
2645 2228 2819 2268 annos
2864 2220 3027 2268 natus
3055 2226 3194 2267 ccxx
3241 2211 3419 2281 genuit
3447 2210 3646 2263 Malalie-

2130 2307 2233 2361 lem
2292 2321 2356 2359 ex
2414 2304 2670 2359 Malaleda
2725 2302 2954 2373 conjuge
3002 2317 3099 2358 sua
3158 2317 3175 2354 :
3228 2302 3459 2370 vixitque
3502 2299 3645 2353 adhuc

2132 2396 2290 2449 annis
2341 2408 2508 2447 occxt.
2581 2407 2752 2462 usque
2811 2393 2878 2446 ad
2938 2406 3099 2445 Lxxxt
3156 2406 3356 2445 annum
3413 2386 3648 2442 Lamechi.

2130 2485 2329 2540 Geuuit
2362 2485 2499 2538 ﬁlios
2525 2493 2576 2538 et
2612 2484 2767 2538 ﬁlias.
2792 2481 2937 2536 Obiit
2963 2483 3135 2536 aetatis
3171 2496 3312 2535 anno
3340 2495 3541 2534 cccccx.

2197 2572 2262 2626 V.
2304 2571 2531 2626 Malaliel
2561 2587 2733 2627 annos
2760 2577 2921 2625 natus
2953 2583 3089 2624 ccxv
3115 2569 3305 2640 genuit
3340 2566 3574 2622 Jaredum
3598 2578 3651 2619 ex

2130 2661 2263 2717 Dina
2307 2663 2538 2734 conjuge
2581 2676 2677 2716 sua
2711 2678 2725 2713 :
2767 2661 3003 2731 vixitque
3053 2660 3236 2714 adhuc
3285 2657 3436 2712 annis
3477 2667 3653 2709 cccxxx

2131 2770 2304 2825 usque
2359 2755 2425 2809 ad
2478 2766 2644 2809 vam
2689 2766 2889 2807 annum
2938 2748 3170 2805 Noacbi.
3218 2746 3412 2803 Genuit
3456 2746 3578 2799 ﬁlios
3614 2749 3658 2795 et

2133 2842 2290 2898 ﬁlias.
2322 2841 2467 2897 Obiit
2494 2841 2667 2896 aetatis
2698 2855 2840 2894 anno
2870 2853 3123 2893 ucccxcv.

478 2928 607 2982 diem
652 2928 935 2997 indigenas,
995 2943 1155 2996 quam
1200 2943 1310 2981 rem
1365 2928 1498 2982 liber
1538 2927 1809 2983 Geneseos
1851 2938 2033 2998 aperte
2059 2952 2103 3012 ε
2205 2930 2291 2986 Vl.
2332 2929 2561 2986 Jaredus
2599 2946 2772 2985 annos
2817 2937 2979 2985 natus
3006 2945 3151 2985 c1.in
3198 2927 3384 3001 genuit
3415 2921 3659 2978 Euo‘cbum

484 3016 663 3085 prodit
684 3015 814 3086 (11).
847 3017 958 3072 lmo
1009 3019 1111 3070 illas
1162 3017 1509 3072 narrationes
1564 3019 1772 3071 nullum
1816 3019 2029 3071 veritati

483 3109 854 3165 testimonium
900 3125 1007 3163 non
1036 3109 1403 3179 suppeditant,
1435 3125 1627 3179 nempe
1661 3108 1804 3179 quod
1839 3110 2031 3163 attinet

480 3199 549 3254 ad
580 3199 867 3263 diluvium,
898 3199 964 3253 ad
999 3200 1165 3255 turris
1200 3199 1494 3269 Opiﬁcium,
1531 3208 1691 3269 atque
1738 3199 1804 3253 ad
1825 3207 2030 3269 caetera

481 3305 603 3360 quae
631 3290 827 3351 ibidem
875 3265 1300 3359 consequuntur.
1344 3289 1441 3353 Ea,
1479 3265 1711 3361 inquam,
1764 3265 1901 3344 raiio
1932 3289 2032 3343 fuit

484 3380 658 3436 beatis
685 3380 792 3434 illis
821 3378 1074 3435 Patribus
1106 3395 1212 3438 cur.
1246 3381 1357 3435 here
1382 3380 1849 3435 commemoranda
1879 3390 2033 3450 puta-

482 3479 623 3527 rent.
645 3470 812 3527 Nobis
845 3480 1025 3526 tamen
1049 3486 1173 3526 cum
1199 3471 1425 3525 istorum
1461 3471 1862 3527 lucubrationes
1888 3474 2032 3525 sulli-

481 3576 607 3618 cere
628 3561 933 3625 videantur,
961 3575 1027 3616 ea
1063 3561 1289 3615 materia
1323 3559 1456 3616 satis
1481 3562 1604 3622 erit,
1633 3577 1752 3630 quae
1783 3563 2031 3615 instituto

481 3659 672 3706 nostro
694 3650 972 3705 conducit.

550 3741 604 3798 6.
642 3740 761 3797 lam
790 3732 1033 3811 ipsorum
1068 3738 1460 3796 Cbronicorum
1492 3738 1709 3821 initium
1732 3739 1801 3794 ab
1839 3738 2030 3793 Adanii

478 3849 512 3890 e
544 3832 815 3903 perbeatis
849 3833 957 3886 illis
987 3832 1206 3887 sedibus
1236 3833 1384 3888 exitu
1420 3833 1665 3888 seniores
1706 3831 1783 3884 illi
1813 3831 2032 3899 sapien-

479 3922 680 3977 tissimi
729 3920 1020 3993 petendum
1066 3930 1396 3977 censuerunt
1420 3922 1552 3993 (12).
1598 3920 1858 3991 Quisquis
1905 3935 2032 3975 vero

480 4011 641 4065 aliter
690 4016 943 4079 nugatur,
992 4000 1404 4064 diuturnitatem
1452 4009 1573 4078 ejus
1619 4009 1888 4063 incolatus
1928 4008 2032 4062 sibi

470 4113 607 4155 esse
655 4098 988 4168 exploratam
1036 4097 1328 4166 dictitans;
1360 4107 1453 4154 aut
1502 4099 1570 4155 de
1616 4099 1741 4154 coeli
1788 4106 1843 4155 et
1886 4104 2031 4153 terra

483 4190 706 4245 conditu
738 4189 1024 4269 temeraria
1052 4189 1227 4245 eﬁ'utit
1250 4188 1393 4261 (1'5);
1427 4189 1575 4255 huic,
1620 4190 1863 4259 inquam,
1901 4203 2034 4244 cave

481 4280 641 4338 ﬁdem
656 4279 885 4335 tribuas.
912 4273 1155 4351 Namque
1183 4280 1253 4335 ab
1284 4294 1349 4335 eo
1372 4287 1634 4349 tempore,
1653 4295 1760 4349 quo
1784 4279 1874 4333 ille
1908 4292 2035 4333 sua-

480 4371 705 4426 vissimo
734 4371 859 4425 vitae
885 4385 1080 4439 genere
1106 4370 1306 4426 excidit
1345 4370 1436 4440 qui
1456 4370 1567 4439 (14)
1600 4370 1840 4425 Adamus
1873 4384 2037 4425 voca~

480 4472 571 4519 tus
603 4472 685 4519 est
714 4462 844 4533 (quo
877 4462 1093 4517 nomine
1133 4477 1320 4517 omnes
1341 4465 1578 4517 cunctim
1611 4463 1853 4516 homines
1875 4461 2038 4531 signi-

484 4555 759 4625 ﬁcantur),
797 4553 953 4618 inde,
997 4553 1252 4621 inquam,
1296 4561 1480 4606 nostra
1535 4561 1837 4622 temporum
1895 4550 2036 4605 ratio

482 4645 758 4700 exordium
803 4643 967 4713 cepit,
1024 4639 1088 4698 ea
1130 4642 1378 4719 videlicet
1423 4658 1542 4712 qua:
1583 4643 1634 4696 in
1686 4640 2034 4711 Septuaginta

488 4737 732 4791 virorum
774 4736 1219 4804 interpretatione
1265 4742 1349 4789 est
1378 4754 1390 4788 :
1418 4734 1558 4803 apud
1595 4733 1846 4791 llcbraaos
1889 4735 2033 4789 enim

481 4829 775 4883 discrimen
804 4828 992 4898 ingens
1029 4828 1084 4881 in
1128 4835 1426 4897 temporum
1473 4827 1772 4895 praesertim
1808 4841 2034 4880 numero

470 4996 473 5001 '
555 4981 630 5053 (9)
670 4980 868 5053 Cunfer
895 4979 1110 5053 Eusebii
1143 4978 1336 5035 Chron.
1376 4978 1416 5042 l,
1448 4993 1510 5041 il,
1538 4977 1592 5032 8.

478 5064 503 5081 ⁴
547 5049 658 5120 (10)
697 5049 981 5120 Chatdwis.

582 5115 664 5183 lt)
705 5119 901 5174 Euseb.
950 5118 1145 5174 Chron.
1179 5119 1221 5183 l,
1252 5133 1365 5179 xvi,
1395 5115 1451 5169 2.

578 5179 664 5256 19)
704 5188 900 5243 Euseb.
934 5188 1128 5243 Chron.
1161 5179 1340 5246 |.'xvt,
1371 5186 1406 5238 5
1435 5184 1490 5238 6.

550 5253 661 5331 (13)
692 5256 827 5331 ﬂock
840 5267 998 5331 pacto
1027 5260 1274 5331 videntur
1298 5269 1539 5331 precare.
1552 5255 1870 5331 nominatim
1904 5253 2033 5331 Syn-

479 5320 747 5450 cel‘ltiisct
793 5320 1072 5383 Cédrenus
1118 5327 1189 5389 in,
1224 5320 1449 5380 suorum
1498 5320 1877 5378 Chronicorum
1923 5320 2033 5395 pri-

480 5414 601 5450 mor
642 5414 729 5450 ns.

480 5414 729 5454 moratis.

553 5467 664 5537 (14)
692 5465 874 5537 Codex
903 5480 1003 5537 pro
1029 5465 1118 5537 qui
1150 5464 1507 5537 hebetata”.

552 5530 664 5609 (15)
683 5530 1009 5593 Conferatur
1031 5530 1228 5591 Euseb.
1264 5530 1457 5588 Chron.
1495 5532 1537 5599 l,
1564 5546 1673 5600 xvi,
1708 5531 1739 5585 7
1766 5532 1923 5590 etl7.

2136 3036 2203 3075 ex
2252 3020 2491 3075 Baraclia
2543 3020 2653 3091 (l9)
2710 3020 2939 3089 conjuge
2988 3034 3083 3073 sua
3148 3037 3165 3074 :
3228 3017 3463 3085 vixitque
3509 3010 3661 3065 adhuc

2137 3113 2296 3167 annis
2362 3104 2493 3165 uc'cc
2562 3125 2733 3179 usque
2791 3110 2856 3163 ad
2921 3123 3123 3163 ccuxx
3209 3112 3411 3161 annum
3466 3097 3662 3157 Noacbi.

2137 3201 2336 3257 Genuit
2366 3201 2505 3257 ﬁlios
2543 3208 2597 3255 et
2633 3200 2789 3254 ﬁlias.
2827 3197 2973 3253 Obiit
3003 3199 3184 3252 artatis
3221 3212 3364 3250 anno
3402 3203 3661 3249 occeccxu.

2209 3291 2318 3345 Vil.
2358 3290 2613 3344 Enocbus
2659 3305 2830 3344 annos
2872 3295 3031 3342 natus
3073 3301 3219 3341 Cva
3261 3284 3445 3356 genuit
3484 3280 3668 3335 Matho.

2137 3384 2306 3438 salam
2358 3396 2424 3437 ex
2470 3379 2703 3435 Jadnera
2751 3380 2980 3448 conjuge
3027 3392 3123 3431 sua
3171 3397 3186 3432 :
3239 3375 3475 3444 vixitque
3515 3370 3666 3424 adhuc

2138 3473 2295 3527 annis
2333 3487 2395 3526 cc
2439 3470 2452 3526 ἐ
2498 3482 2731 3538 cumque
2778 3469 2888 3523 Deo
2929 3469 3251 3538 placuisset,
3287 3456 3574 3520 translatus
3601 3466 3671 3514 est

2138 3577 2281 3617 anno
2359 3570 2531 3616 xxxiii
2587 3557 2862 3614 Lamecbi.
2922 3557 3120 3613 Genuit
3203 3557 3344 3611 ﬁlios
3396 3562 3450 3609 et
3502 3552 3668 3613 ﬁlias;

2138 3653 2436 3707 translatus
2479 3659 2562 3707 est
2609 3650 2787 3706 aetatis
2832 3664 2975 3703 anno
3014 3663 3244 3704 ccccxv.
3267 3646 3352 3701 Ab
3380 3644 3571 3699 Adamn
3594 3656 3672 3693 us-

2136 3760 2241 3815 que
2270 3743 2337 3798 ad
2366 3742 2642 3797 Enochum
2673 3741 2992 3796 translatum
3033 3739 3418 3811 generationes
3440 3750 3509 3790 vn
3539 3730 3673 3786 anni-

2136 3849 2241 3904 que
2273 3846 2656 3887 ucccccxxxvn
2693 3816 3016 3886 conﬂantur.

2207 3921 2340 3976 Vlll.
2371 3920 2673 3977 Malliusala
2701 3936 2874 3976 annos
2900 3930 3060 3973 natus
3086 3933 3276 3972 ccxvn
3301 3914 3484 3987 genuit
3509 3911 3675 3965 Lamo-

2137 4013 2296 4067 cbum
2348 4027 2413 4065 ex
2458 4010 2610 4065 Edna
2653 4012 2884 4080 conjuge
2923 4025 3020 4064 sua
3055 4027 3070 4087 ς
3100 4009 3355 4077 vixitque
3386 4005 3555 4060 adhuc
3595 4013 3676 4053 an-

2140 4104 2226 4159 nis
2270 4117 2465 4159 ncccu.
2508 4101 2607 4157 Hic
2655 4102 2813 4156 annis
2852 4117 2942 4154 xiv
2981 4099 3093 4170 (Ξο)
3150 4100 3367 4154 diluvio
3412 4090 3675 4166 superfuit.

2138 4193 2281 4262 quod
2331 4208 2396 4248 ex
2442 4193 2616 4262 ipsius
2664 4191 2786 4245 vite
2834 4191 3009 4260 spatio
3055 4188 3437 4257 cognoscitur.
3482 4183 3537 4237 In
3575 4179 3679 4233 aliis

2067 4282 2111 4339 D
2142 4287 2320 4334 tamen
2349 4279 2747 4348 exemplaribus
2777 4278 2981 4333 vixisse
3007 4277 3170 4331 annis
3207 4284 3489 4345 postquam
3514 4281 3679 4340 genu-

2124 4382 2224 4424 -rat
2260 4371 2493 4424 traditur
2529 4384 2837 4424 uccuxxxii.
2866 4367 3064 4423 (lenuit
3094 4368 3242 4423 ﬁlios
3270 4378 3327 4423 et
3364 4366 3521 4419 ﬁlias.
3555 4357 3681 4415 Obiit

2135 4463 2313 4518 artatis
2340 4476 2482 4516 anno
2505 4475 2812 4515 nccccnxrx.

2203 4550 2299 4605 IX.
2365 4548 2666 4605 Lamechus
2724 4563 2898 4605 annos
2954 4555 3115 4603 natus
3178 4559 3465 4603 ccxxxviu
3519 4534 3683 4613 genuit

2136 4640 2418 4695 Noacbum
2467 4656 2499 4695 e
2546 4639 2729 4695 Bedna
2775 4639 3006 4709 conjuge
3049 4652 3149 4692 sua
3185 4657 3199 4692 :
3234 4638 3483 4705 vixitque
3528 4629 3684 4684 adhuc

2137 4734 2295 4788 anuis
2326 4747 2529 4787 nxxxv.
2558 4731 2707 4785 Patri
2747 4746 2846 4787 suo
2881 4730 3199 4785 Mathusalm
3228 4732 3588 4799 praemortuus
3612 4725 3685 4773 est

2138 4820 2474 4883 Lamecbus,
2524 4827 2807 4889 postquam
2870 4819 3080 4872 vixerat
3155 4832 3341 4888 usque
3407 4815 3475 4869 ad
3528 4821 3685 4866 uxxxv

2208 4977 2318 5049 (16)
2358 4977 2511 5049 Alius
2538 4975 2706 5049 codex
2740 4989 2900 5029 cxxx.

2152 5097 2157 5103 .
2204 5045 2314 5113 (l7)
2343 5048 2425 5099 AI.
2456 5045 2601 5107 cod.,
2630 5046 2824 5097 Azora.

2206 5118 2317 5187 (18)
2341 5116 2426 5187 Al.
2473 5116 2618 5187 cod.,
2648 5128 2907 5187 acccccu.

2206 5183 2317 5253 (19)
2346 5184 2430 5253 Al.
2456 5184 2604 5253 cod.,
2647 5183 2917 5253 Bavaaha.
3083 5250 3093 5253 Α
3593 5240 3625 5253 __

2204 5240 2318 5324 i203
2367 5251 2546 5324 CMB)!
2592 5240 2746 5306 Vunus
2783 5250 3197 5324 gnnia,omisso
3251 5258 3531 5324 numero,
3562 5240 3684 5319 alius

2134 5314 2393 5398 mendose
2423 5323 2573 5375 annis
2595 5336 2755 5398 px}.
2783 5314 2991 5398 Verum).
3021 5317 3356 5398 supputatiq
3377 5314 3539 5398 (meo:

2132 5378 2371 5448 bendum
2416 5405 2526 5445 xiv.
2587 5388 2912 5446 Conferatur
2950 5378 3225 5445 Eusebius
3268 5386 3382 5442 col.
3433 5378 3535 5437 M7
3573 5390 3686 5432 cum

2131 5478 2189 5517 lt.
2226 5462 2276 5518 1,.
