3874 6178
268 313 348 374 F31

272 502 395 543 anno
425 497 662 539 ιδεεικιιι.

331 574 387 629 Χ.
423 572 659 626 Noachus
690 584 862 623 annos
894 576 1055 622 natus
1087 569 1333 637 ngenuit
1366 566 1607 629 Samum,
1639 564 1780 618 Cha-

272 679 396 719 mum
445 672 595 730 atque
637 659 885 729 Japetum
933 674 964 712 e
1016 658 1306 711 Noemzara
1343 655 1573 724 conjuge
1617 670 1714 708 sua
1766 669 1778 704 :

271 755 478 821 vixitque
512 749 685 803 adhuc
722 749 878 801 annis
916 762 946 800 c
997 761 1167 815 usque
1205 746 1269 799 ad
1313 746 1573 799 diluvium
1617 759 1629 792 :
1664 750 1785 810 post

269 843 495 899 diluvium
553 847 733 892 autem
798 837 955 890 annis
1012 851 1161 890 (κει.
1215 833 1358 888 Obiit
1414 832 1588 886 aetatis
1645 845 1786 883 anno

267 946 455 988 ποίει.
498 930 575 983 Ab
618 928 837 982 Enocho
881 928 1146 980 translato
1196 940 1369 993 usque
1411 924 1478 977 ad
1526 923 1786 976 diluvium

264 1018 604 1092 generationes
675 1025 787 1069 tres
848 1015 1084 1082 annique
1146 1027 1311 1066 nccu
1379 1018 1783 1066 coacervantur.

266 1112 335 1164 Ab
378 1110 572 1163 Adamo
630 1120 811 1160 autem
860 1104 1235 1175 generationes
1286 1103 1492 1166 decem,
1556 1102 1790 1169 annique

267 1216 511 1255 IICCXLII.

847 1305 1077 1360 CAPUT
1118 1304 1180 1358 11.

267 1403 379 1465 Qua:
428 1401 556 1451 ratio
621 1409 926 1467 temporum,
962 1393 1409 1467 scribatunapud
1456 1392 1793 1467 Septuaginta

295 1461 583 1535 Interpretari
611 1484 642 1519 τι
674 1461 828 1520 δὲηιο
862 1465 928 1518 ad
960 1480 1153 1516 annum
1181 1461 1470 1515 Abraltami
1499 1461 1745 1529 primum.

320 1558 402 1611 XI.
434 1559 623 1611 Senius
639 1571 813 1610 annos
837 1566 994 1608 natus
1010 1569 1042 1606 c
1062 1552 1245 1622 genuit
1260 1549 1629 1619 Arphaxadem
1655 1568 1797 1608 anno

264 1649 420 1702 altero
460 1656 578 1714 post
617 1646 880 1699 diluvium
929 1661 959 1699 e
995 1640 1335 1696 Dizaclibade
1377 1640 1604 1711 conjuge
1647 1658 1744 1697 sua
1782 1663 1793 1696 :

260 1737 479 1805 vixitque
507 1736 685 1790 adhuc
713 1737 871 1790 annis
904 1751 955 1789 ι).
985 1734 1181 1787 Genuit
1206 1731 1345 1784 ﬁlios
1377 1738 1429 1784 et
1462 1732 1619 1789 ﬁlias.
1649 1732 1795 1789 Obiit

259 1826 414 1877 etatis
443 1839 583 1879 anno
611 1839 697 1877 nc.

317 1910 419 1964 XII.
447 1912 799 1980 Arphaxades
822 1928 991 1968 annos
1018 1921 1179 1969 natus
1202 1930 1378 1971 cxxxv
1404 1916 1588 1985 genuit
1617 1915 1794 1968 Salam

255 2016 316 2055 ex
368 2000 568 2055 Rabuia
622 2002 854 2070 conjuge
907 2018 1003 2057 sua
1058 2024 1071 2056 :
1125 2005 1363 2073 vixitque
1413 2004 1591 2058 adhuc
1641 2004 1798 2057 annis

254 2105 447 2144 ccccui.
504 2090 703 2145 chuit
752 2091 889 2145 lilios
935 2098 989 2146 et
1048 2093 1203 2148 ﬁlias.
1243 2092 1388 2150 Obiit
1435 2094 1612 2148 aetatis
1657 2108 1799 2146 anno

259 2192 507 2232 DXXXVIII.

316 2267 444 2322 XIII.
488 2266 617 2322 Sala
671 2284 841 2323 annos
888 2280 1046 2337 natus
1083 2285 1221 2325 cxxx
1264 2272 1447 2341 genuit
1475 2271 1737 2326 Ileberum
1772 2286 1802 2326 e

256 2354 429 2409 Mueha
450 2357 684 2426 conjuge
704 2373 833 2412 sua:
856 2359 1091 2428 vixitque
1113 2361 1289 2414 adhuc
1311 2361 1467 2415 annis
1490 2375 1667 2415 ccccvi
1690 2360 1801 2429 (21)

254 2462 414 2516 usque
442 2449 509 2501 ad
542 2465 618 2501 vn
648 2465 847 2503 annum
882 2450 1129 2506 Seruchi.
1160 2451 1359 2506 Genuit
1389 2452 1526 2506 ﬁlios
1553 2461 1607 2506 et
1643 2452 1799 2506 ﬁlias.

251 2537 383 2591 Obiit
408 2540 592 2594 aetatis
616 2555 758 2593 anno
790 2556 1007 2593 nxxxvr.

311 2626 443 2683 XIV.
481 2628 729 2683 lle-herus
768 2646 940 2684 annos
976 2640 1136 2684 natus
1176 2644 1372 2683 cxxxrv
1399 2630 1582 2700 gcimit
1614 2629 1804 2683 Phale-

249 2732 361 2771 cum
399 2736 429 2773 e
479 2719 638 2773 Zuba
679 2720 907 2788 conjuge
952 2736 1049 2775 sua
1101 2739 1114 2774 :
1158 2722 1391 2788 vixitque
1438 2720 1612 2773 adhuc
1655 2720 1809 2773 annis

249 2824 541 2864 ccccxsxm
571 2826 744 2879 usque
775 2809 840 2862 ad
869 2826 1070 2863 xxxviii
1105 2825 1305 2865 annum
1332 2809 1583 2865 Nachori.
1612 2809 1809 2865 Geuuit

249 2899 378 2966 ﬁlios
395 2908 447 2954 et
476 2900 644 2954 tilias.
677 2899 822 2954 Obiit
848 2900 1023 2954 aetatis
1053 2914 1194 2953 anno
1224 2914 1426 2953 anvn.

813 286 1205 358 S.\'.\iUEI.IS
1244 279 1617 343 ANIENSlS
1656 271 2055 337 FUMMAREI
2099 271 2527 333 TEMI‘ORUM
2572 266 2765 327 PARS
2806 265 2853 325 Ι.

275 411 441 452 annum
472 391 680 447 Noachi.
716 391 912 446 Geuuit
958 391 1095 461 ﬁlios
1139 397 1190 443 et
1228 389 1384 441 ﬁlias.
1420 386 1564 441 Obiit
1602 384 1773 440 aetatis
1806 389 1846 441 A
1877 396 1990 433 ram
2050 396 2115 434 ex
2170 379 2355 434 Iescha
2431 377 2660 446 conjuge
2733 391 2830 430 sua

1880 471 2036 523 annis
2063 485 2186 523 cxxx
2218 484 2389 537 usque
2416 468 2482 520 ad
2515 474 2635 520 x‘mx
2667 482 2865 521 annum
2895 467 3207 519 Abrahaini.
3238 465 3434 522 Gennit
3503 481 3509 488 '

3353 260 3453 317 sva

2894 392 2905 425 :
2965 376 3203 444 vrxilque
3256 376 3431 431 adhuc
3495 394 3499 398 ·

1884 560 2020 613 ﬁlios
2054 567 2108 612 et
2142 559 2295 611 ﬁlias.
2328 557 2473 613 Obiit
2494 558 2666 612 aetatis
2696 566 2836 610 anno
2865 571 3085 611 cxcvm.

1954 647 2089 699 XIX.
2120 647 2294 699 Thara
2327 662 2498 700 annos
2526 655 2685 699 natus
2717 661 2819 699 Lxx
2855 646 3037 709 genuit
3068 646 3436 699 Abrahamum

1885 755 1947 793 ex
2010 737 2158 791 Edua
2207 737 2432 806 conjuge
2483 717 2618 798 sua';
2669 736 2907 803 vixitque
2966 750 3136 803 usque
3187 734 3253 787 ad
3297 749 3438 787 xxxv

1887 843 2087 879 annum
2125 824 2311 888 lsaaci,
2353 840 2542 892 nempe
2586 823 3052 891 superfuitsannis
3092 837 3287 875 cxxxv.
3337 820 3441 875 Ge-

1887 918 2002 971 nuit
2034 917 2170 970 ﬁlios
2201 924 2253 969 et
2280 916 2437 969 ﬁlias.
2462 914 2605 968 Obiit
2628 914 2801 967 Thara
2832 915 3006 967 rotatis
3033 928 3172 966 anno
3196 929 3315 968 ccv.

1960 1005 2075 1059 XX.
2126 1006 2342 1059 Primus
2398 1005 2685 1058 Abrahami
2736 1019 2929 1058 annus.
2990 1004 3360 1059 Conﬁciuutur
3410 1021 3440 1056 a

1890 1098 2090 1151 diluvio
2141 1080 2311 1164 iisque
2352 1096 2418 1148 ad
2462 1110 2662 1149 annum
2713 1097 2945 1164 primum
2989 1095 3273 1148 Abrahanii
3320 1112 3444 1164 pro-

1892 1186 2196 1239 creatioues
2247 1199 2439 1238 novem
2498 1183 2734 1251 annique
2782 1196 3077 1235 nccccxut.
3121 1182 3201 1236 Ab
3242 1184 3445 1236 Adamo

1894 1285 2071 1330 autem
2117 1276 2521 1344 procreationes
2567 1289 2654 1326 xix
2699 1273 2932 1341 annique
2977 1287 3342 1333 nunccxxxrv,
3374 1271 3445 1324 ita

1893 1378 1954 1423 ut
1996 1368 2336 1421 Abrahamus
2383 1365 2438 1418 in
2481 1364 2733 1417 vicesima
2777 1364 3152 1432 procreatione
3193 1364 3281 1417 sit.
3326 1361 3449 1416 Haec

1897 1458 2112 1526 quidem
2154 1454 2463 1523 secundum
2508 1453 2858 1522 Septuaginta
2890 1452 3141 1506 Virorum
3185 1453 3447 1521 interpre-

1897 1550 2167 1602 tationem.

2188 1728 2192 1731 τ
2495 1655 2720 1710 CAPUT
2769 1655 2856 1709 HL

2146 1748 2220 1802 De
2247 1748 2484 1802 Caiuano
2510 1757 2559 1799 et
2590 1747 2711 1800 aliis
2738 1744 3046 1814 quibusdam
3077 1744 3210 1808 (25).

1971 1842 2020 1894 ί.
2063 1838 2217 1893 Haud
2256 1839 2413 1908 pauci
2447 1838 2723 1891 enimvero
2763 1833 3169 1904 prudentissimi
3210 1831 3454 1886 historici

1900 1933 1964 1984 ad
1999 1930 2424 2000 procreationem
2458 1941 2827 1995 annorumque
2857 1939 3137 1978 numerum
3158 1923 3454 1976 Cainanum

1900 2017 2201 2087 adjungunt
2251 2030 2372 2069 cum
2434 2015 2591 2067 annis
2649 2029 2798 2077 cxx;
2866 2027 3097 2080 cumque
3149 2010 3302 2063 aiunt
3358 2009 3464 2062 Ar-

1900 2104 2145 2173 phaxade
2177 2112 2361 2155 natum
2404 2099 2646 2169 Salarque
2675 2106 2971 2169 parentem.
3004 2095 3132 2152 Rem
3165 2104 3342 2150 autem
3373 2096 3445 2148 ita

1900 2194 2218 2249 describunt
2258 2212 2269 2246 :
2307 2190 2656 2258 Arphuxades
2702 2204 2871 2242 annos
2934 2196 3096 2241 natus
3136 2201 3354 2240 cxxxvn
3394 2200 3456 2237 ex

1902 2282 2107 2338 Itabnia
2160 2297 2330 2336 uxore
2393 2297 2489 2336 sua
2546 2280 2730 2349 genuit
2785 2279 3083 2331 Caiuanum
3155 2294 3167 2328 :
3231 2288 3462 2343 cumque

1904 2374 2078 2428 adhuc
2107 2372 2264 2425 annis
2298 2385 2490 2425 ccccut
2522 2370 2760 2428 vixisset,
2797 2368 3097 2421 exstinctus
3125 2372 3227 2420 est.
3267 2364 3464 2418 Caina-

1902 2478 2006 2516 nus
2037 2475 2207 2515 annos
2240 2468 2398 2512 natus
2427 2473 2530 2511 cxx
2558 2456 2735 2510 Solam
2767 2471 2797 2509 e
2828 2455 3001 2508 Sccha
3023 2468 3189 2507 uxore
3218 2467 3314 2506 sua
3341 2466 3465 2505 sus-

1905 2553 2090 2622 cepit:
2130 2566 2361 2621 cumque
2401 2549 2576 2603 adhuc
2629 2548 2786 2601 annis
2822 2541 3180 2599 acccnxxxxvu
3218 2544 3462 2605 vixisset,

1904 2643 2056 2699 obiit.
2087 2642 2256 2697 Porro
2285 2640 2447 2709 hujus
2479 2641 2554 2693 rei
2591 2640 2817 2693 testibus
2850 2643 3074 2691 utuntur
3097 2633 3467 2688 celeberrimis

1907 2732 2345 2800 doctissimisque
2373 2732 2505 2785 viris
2526 2769 2539 2793 ,
2586 2729 2816 2798 Origene
2858 2728 3064 2782 scilicet
3098 2723 3467 2793 Gregorioque

1909 2819 2182 2889 Tbeologo
2216 2829 2376 2887 atque
2402 2818 2700 2887 Epiphanio
2728 2817 2923 2887 Cyprio
2964 2835 2976 2869 :
3012 2816 3118 2868 imo
3156 2814 3292 2866 adeo
3323 2810 3469 2863 Luca

1909 2908 2235 2978 evangelista
2261 2908 2431 2962 sancti
2463 2908 2696 2975 Spiritus
2726 2907 2902 2975 pleno,
2939 2904 3027 2973 qui
3057 2904 3204 2955 illum
3228 2901 3281 2953 in
3315 2912 3468 2954 suam

313 2987 424 3041 XV.
456 2987 731 3044 Phalecus
774 3004 945 3044 annos
988 2997 1149 3043 natus
1175 3003 1372 3041 cxxxiv
1412 2990 1595 3057 genuit
1634 2988 1808 3057 Ragn-

1918 2998 2278 3068 genealogiam
2328 2997 2505 3049 intulit
2540 2994 2673 3065 (9.4).
2709 2994 2782 3048 De
2824 2995 3015 3047 horum
3046 3007 3172 3061 ergo
3205 2990 3472 3045 sententia

249 3092 363 3129 vum
404 3093 435 3131 e
475 3079 649 3132 Ziura
687 3080 916 3148 conjuge
965 3093 1060 3131 sua
1104 3096 1117 3130 :
1159 3078 1396 3146 vixitque
1440 3076 1616 3131 adhuc
1659 3078 1814 3131 annis

248 3181 362 3220 ccxx
405 3184 591 3237 usque
641 3168 707 3220 ad
739 3183 916 3221 Lxxvu
954 3167 1065 3236 (22)
1098 3182 1297 3220 annum
1344 3166 1588 3221 Seruchi.
1625 3165 1819 3220 Genuit

252 3257 383 3312 Iiiios
412 3266 469 3312 et
519 3259 686 3313 ﬁlias.
735 3258 879 3312 Obiit
918 3259 1094 3312 atatis
1134 3272 1276 3311 anno
1313 3271 1562 3311 cccxuu.
1604 3256 1818 3312 Phaleci

250 3357 398 3404 atate
460 3359 614 3404 terra
640 3350 835 3404 divisa
883 3357 966 3404 est
1001 3365 1014 3401 :
1052 3364 1174 3402 nam
1215 3357 1267 3402 et
1298 3347 1561 3401 Pbalecus
1592 3346 1816 3402 divisio-

253 3455 368 3493 nem
404 3441 705 3510 signiﬁcat.
740 3440 843 3494 Iste
885 3440 1100 3509 quidem
1154 3440 1287 3508 patri
1333 3454 1431 3493 suo
1465 3448 1822 3507 praemortuus

250 3540 343 3585 est.
397 3529 454 3584 lu
503 3531 754 3599 ejusdem
805 3539 1015 3584 atatem
1074 3530 1237 3583 turris
1280 3544 1494 3598 quoque
1545 3528 1819 3597 opiﬁcium

250 3618 430 3674 incidit
476 3638 490 3673 :
527 3624 767 3690 itemque
808 3622 1048 3689 loquelae,
1083 3635 1201 3687 qute
1234 3630 1455 3672 eatenus
1487 3632 1592 3671 una
1630 3610 1819 3680 fuerat,

250 3710 302 3762 in
328 3710 598 3779 plurimas
636 3710 898 3763 dialectos
929 3724 1023 3777 pro
1056 3721 1280 3760 munero
1315 3707 1550 3759 tribuum
1580 3704 1775 3758 divisio
1805 3720 1818 3755 :

250 3816 352 3870 qua
442 3818 615 3871 super
684 3817 740 3853 re
808 3817 930 3854 cum
991 3800 1173 3853 divina
1235 3796 1513 3866 Scriptura
1576 3795 1824 3849 historici

250 3894 460 3945 externi
505 3894 882 3947 consentiunt.
921 3890 1293 3944 Conﬁciuntur
1331 3889 1511 3958 itaque
1556 3904 1586 3940 a
1624 3888 1825 3944 diluvio

256 3996 425 4049 usque
470 3983 540 4035 ad
599 3982 793 4034 turrim
842 3979 1245 4048 procreationes
1301 3979 1539 4046 quinque
1590 3976 1827 4044 annique

254 4084 410 4123 δην.
458 4072 547 4124 Ab
588 4070 795 4123 Adamo
843 4079 1022 4122 autem
1078 4068 1480 4136 procreationes
1518 4066 1825 4134 quindecim

255 4160 490 4229 annique
522 4174 873 4212 nuncnum.

322 4248 462 4304 XVI.
500 4248 637 4303 Post
684 4248 974 4302 Phalecum
1019 4262 1142 4300 vero
1185 4245 1434 4315 Bagavus
1473 4252 1827 4299 annosnatus

1915 3081 2252 3135 Abrahamus
2283 3082 2498 3151 quidem
2538 3081 2853 3135 vicesimum
2881 3079 3110 3148 primum
3144 3077 3320 3129 locum
3349 3080 3473 3141 post

1915 3172 2176 3226 Adamum
2223 3180 2472 3239 occupat.
2524 3170 2745 3225 Summa
2784 3178 2962 3224 autem
3000 3180 3293 3226 annorum,
3335 3179 3473 3232 quos

1921 3262 2182 3316 Eusebius
2242 3264 2310 3317 ab
2361 3261 2566 3314 Adamo
2617 3261 2681 3314 ad
2720 3259 3082 3313 Abrahamum
3131 3268 3474 3309 nnnccxxxiv

1916 3350 2126 3412 scribit,
2160 3351 2222 3403 ad
2253 3364 2522 3403 unucccw
2555 3350 2854 3417 consurgit.

1987 3441 2040 3495 2.
2084 3440 2307 3508 Insuper
2342 3447 2396 3492 et
2436 3439 2607 3493 Moses
2641 3438 3006 3492 Chorenensis
3048 3440 3475 3509 comparativum

1920 3532 2242 3586 lalerculum
2269 3524 2549 3584 instruens
2590 3530 2836 3597 stirpium
2869 3544 2988 3597 qua}
3008 3545 3033 3581 a
3059 3531 3231 3583 tribus
3261 3530 3465 3584 Noachi

1922 3617 2044 3676 ﬁliis
2098 3621 2164 3673 ad
2206 3620 2566 3673 Abrahamum
2621 3634 2794 3687 usque
2850 3618 3183 3688 pcrtinguut,
3227 3622 3475 3675 eumdem

1921 3712 2281 3781 patriarcham
2304 3709 2603 3762 Cainanum
2640 3708 2695 3759 in
2725 3722 2882 3761 suam
2914 3707 3193 3761 historiam
3229 3708 3477 3762 inseren-

1920 3803 2047 3855 dum
2090 3800 2331 3862 curavit,
2384 3805 2636 3867 quartum
2672 3814 2698 3850 a
2735 3797 2954 3852 Noacho
3001 3808 3057 3853 et
3095 3815 3122 3851 a
3163 3799 3321 3854 Semo
3366 3809 3476 3855 ter-

1925 3894 2057 3946 tium
2095 3911 2108 3944 :
2145 3893 2439 3960 eademque
2480 3893 2688 3945 ratione
2735 3888 2954 3943 Thiram
3001 3906 3030 3943 a
3062 3889 3278 3944 Noacho
3310 3904 3477 3960 quar-

1925 3991 2059 4045 tum,
2111 3982 2330 4036 tertium
2393 3989 2570 4034 autem
2629 3996 2659 4033 a
2716 3978 2936 4033 [abctho
2989 3996 3002 4030 :
3073 3988 3184 4032 tum
3247 3980 3480 4048 denique

1927 4071 2294 4126 Mestraimum
2340 4068 2611 4139 'quartum
2671 4084 2700 4120 a
2758 4068 3017 4134 Noacbo,
3071 4068 3395 4139 tertiumque
3450 4086 3480 4121 ει

1925 4163 2130 4216 Chamo
2165 4162 2314 4214 dicit.
2346 4158 2463 4224 Qua
2494 4160 2559 4214 de
2586 4175 2643 4213 re
2675 4160 2812 4213 idem
2843 4159 3018 4214 Moses
3047 4159 3341 4214 historicus
3382 4160 3482 4212 hoc

1926 4259 2086 4319 pacto
2122 4252 2311 4305 scribit
2352 4234 2511 4321 (25)}
2550 4269 2567 4300 ι
2605 4249 2846 4303 Arduum
2888 4236 3094 4306 scilicet
3131 4263 3270 4311 esse,
3317 4251 3479 4303 ratio-

255 4353 428 4391 cxxxv
461 4340 656 4409 genuit
687 4339 988 4393 Serucbum
1010 4355 1039 4392 e
1067 4336 1206 4390 Sura
1237 4337 1464 4405 conjuge
1489 4350 1586 4389 sua
1621 4352 1633 4386 :
1669 4335 1826 4387 vixit-
1857 4344 1900 4398 ι)
1930 4357 2051 4395 nem
2109 4349 2410 4410 temporum
2484 4341 2607 4394 inde
2656 4355 2829 4410 usque
2883 4340 2978 4395 abs
3045 4355 3223 4394 rerum
3273 4341 3482 4409 origine

253 4447 355 4496 que
419 4433 613 4484 adhuc
660 4434 821 4482 annis
858 4442 999 4481 ccvn
1061 4442 1232 4495 usque
1280 4426 1345 4478 ad
1395 4439 1575 4477 Lxxvu
1622 4438 1824 4477 annum

259 4518 517 4574 Nacliori.
562 4519 760 4574 Geuuit
802 4519 942 4572 ﬁlios
989 4525 1042 4570 et
1090 4516 1249 4571 (ibas.
1289 4515 1433 4568 Obiit
1472 4516 1647 4568 aetatis
1685 4528 1828 4567 anno

252 4625 491 4664 οεοιιιι.

323 4699 489 4752 XVII.
539 4699 818 4755 Scruchus
843 4712 1013 4752 annos
1044 4707 1203 4750 natus
1231 4711 1371 4749 cxxx
1409 4694 1591 4763 genuit
1620 4692 1830 4747 Nacho-

257 4805 376 4843 rum
408 4806 441 4845 e
478 4789 687 4844 Meleha
724 4790 953 4858 conjuge
998 4802 1092 4841 sua
1130 4805 1142 4840 :
1174 4788 1414 4854 vixitque
1453 4786 1628 4839 adhuc
1671 4785 1829 4838 anuis

256 4896 317 4933 cc
360 4899 550 4949 usque
592 4883 656 4935 ad
692 4897 742 4934 ω
775 4896 976 4933 annum
1025 4877 1332 4931 Abrahami.
1381 4875 1576 4928 Genuit
1609 4876 1747 4928 ﬁlios
1778 4881 1832 4928 et

259 4970 416 5027 tilias.
451 4971 609 5027 Obiit
638 4974 814 5026 aetatis
848 4985 990 5024 anno
1017 4983 1246 5022 cccxxx.

329 5061 527 5115 XVIII.
566 5061 843 5116 Nacbor‘us
882 5074 1053 5114 annos
1094 5067 1252 5113 natus
1283 5072 1446 5110 Lxxix
1476 5056 1663 5126 genuit
1689 5055 1832 5108 Tha-

333 5258 455 5323 (2I)
483 5256 578 5311 Al.
599 5258 743 5317 cod.,
772 5271 1101 5310 ccccnxxxx.

335 5326 455 5388 ωε)
490 5328 581 5379 AI.
604 5329 745 5388 cod.,
780 5342 938 5378 Lxxv.

335 5392 459 5527 $23)
491 5394 632 5449 Exin
657 5398 893 5466 capitum
935 5395 1119 5448 titulos
1149 5409 1244 5447 nos
1276 5392 1553 5446 addemus.

358 5462 459 5527 ει)
492 5464 631 5517 Cum
660 5480 761 5519 nos
797 5463 1099 5518 Samuelem
1132 5464 1316 5527 paucis
1345 5461 1553 5515 admodi

358 5459 459 5532 ει)
492 5464 631 5517 Cum
660 5459 761 5519 nos
797 5463 1099 5518 Samuelem
1131 5464 1316 5532 paucis
1345 5461 1630 5532 admodum
1675 5459 1835 5532 adno-

266 5528 587 5601 tationibus
613 5533 985 5589 illustrandum
1006 5528 1416 5601 sumpserimus,
1447 5530 1589 5598 quod
1617 5528 1834 5601 quidem

270 5598 341 5653 ad
370 5602 531 5658 hunc
559 5603 818 5657 famosum
853 5603 919 5657 de
956 5598 1196 5655 Caiuauo
1224 5603 1397 5655 locum
1428 5598 1647 5664 attinet,
1663 5599 1833 5653 lecto-

600 5681 871 5745 Parnon.
922 5682 1024 5742 XX
1043 5682 1173 5743 VII.

1927 4431 2256 4499 exploratam
2315 4430 2511 4483 habere
2570 4438 2732 4498 atque
2776 4429 3031 4498 colligere
3074 4444 3087 4479 :
3138 4430 3307 4482 multo
3353 4444 3481 4483 vero

1929 4518 2216 4581 diﬁicilius,
2248 4519 2393 4587 ipsas
2432 4518 2697 4570 hominum
2731 4516 3055 4585 propagines
3089 4524 3484 4586 consequenter

1930 4623 1961 4661 a
1986 4607 2387 4663 tribus-Noaclii
2417 4608 2600 4663 liberis
2624 4608 3005 4676 pervestigare.
3036 4605 3483 4676 Quandoquidem

1929 4705 1984 4751 et
2011 4697 2207 4751 divina:
2238 4697 2444 4757 littera,
2478 4696 2684 4749 delecta
2713 4709 2796 4757 ea,
2823 4709 2942 4762 qua:
2973 4695 3036 4746 ad
3069 4708 3128 4748 se
3158 4694 3478 4768 pertinebat,
3531 4749 3535 4753 ,

1933 4785 2077 4840 Serui
2098 4787 2371 4855 prosapia,
2400 4786 2729 4854 reliquarum
2759 4784 2958 4837 nullam
2982 4787 3246 4837 rationem
3279 4783 3479 4837 habue-

1931 4886 2078 4938 runt,
2115 4884 2368 4943 tanquam
2395 4883 2694 4943 spreturum
2718 4874 2959 4927 videlicet
2990 4886 3163 4940 neque
3196 4871 3477 4939 dignarum

1930 4978 2049 5032 qua:
2077 4963 2129 5015 in
2157 4963 2418 5033 orationis
2439 4976 2550 5017 sum
2569 4970 2769 5015 textum
2797 4960 3177 5014 insererentur.
3194 4979 3211 5010 ι
3239 4958 3477 5033 Rursus-

1932 5030 2037 5123 que
2070 5054 2143 5107 ait
2177 5073 2189 5106 :
2228 5072 2245 5103 ι
2289 5032 2434 5106 Licet
2454 5052 2504 5106 id
2534 5053 2586 5104 in
2620 5052 2766 5105 nullo
2800 5049 3256 5118 interpretationis
3284 5030 3480 5104 nostra:

1935 5274 2023 5312 res
2055 5265 2273 5311 nostros
2303 5252 2366 5305 ad
2405 5251 2700 5306 Calluetum
2736 5250 2787 5302 in
2818 5246 2942 5303 Ceu.
2978 5262 3032 5309 x,
3065 5245 3158 5308 Ἡ,
3187 5254 3238 5299 et
3265 5242 3331 5297 ad
3366 5241 3479 5293 Mi!-

1938 5328 2065 5380 lium
2098 5328 2150 5378 in
2180 5324 2308 5376 Luc.
2343 5338 2423 5384 III,
2452 5321 2539 5382 56.
2565 5320 2792 5390 libenter
2817 5318 3145 5390 ablegamns.
3175 5313 3324 5390 apud
3335 5325 3474 5390 quos

1934 5405 1986 5451 et
2036 5396 2202 5464 prisci
2237 5382 2423 5445 Patres
2461 5397 2514 5443 et
2551 5387 2794 5443 hodierni
2816 5382 3017 5467 [critici
3047 5382 3258 5437 aliunde
3294 5382 3474 5448 dispu-

1935 5471 2070 5519 tant.

2006 5531 2118 5602 (25)
2152 5529 2296 5584 Hist.
2333 5546 2371 5594 I,
2398 5528 2450 5583 4.

3116 5658 3183 5719 17
