3874 6178
414 309 523 372 523
1354 286 1748 349 APPENDIX
1783 284 1882 346 AD
1916 281 2235 346 EUSEBII
2277 275 2745 341 CHRONICON.
3514 277 3600 338 59.4

415 411 706 481 exemplari
737 395 1012 465 exaratum
1045 416 1316 479 occurrat,
1348 418 1524 473 neque
1564 403 1620 456 in
1655 402 1766 455 ullo
1801 400 1975 455 Chro-
2006 404 2050 460 Α
2150 396 2234 451 Vl.
2329 394 2555 449 .laredus
2620 433 2632 446 .
2715 432 2728 445 .
2801 432 2813 444 .
2890 376 3144 444 Davonus
3172 388 3305 445 saris
3328 405 3375 443 κ.

417 507 543 559 nico
570 479 780 563 exstet,
813 506 1167 569 praeterquam
1198 495 1338 564 apud
1385 492 1656 548 eruditum
1687 490 1975 561 quemdam
2147 485 2259 540 "ll.
2329 485 2582 539 Enocbus
2616 525 2629 537 .
2710 524 2722 537 .
2803 521 2817 533 .
2892 479 3303 545 Evendorachus
3319 493 3589 538 sartsxvm.

417 592 865 663 ingeniosumque
935 588 1131 659 Syrum
1222 584 1546 650 hominem;
1621 582 1979 636 nihilominus
2049 583 2053 587 ’
2150 577 2283 631 Vlll.
2330 575 2632 630 Mathusala
2708 611 2724 628 .
2801 614 2814 626 .
2891 571 3271 641 Amempsinus
3301 570 3431 625 saris
3459 587 3505 624 ι.

420 683 582 754 plane
621 681 778 737 nobis
828 687 1084 734 constare
1135 676 1502 743 Mestraimum
1549 673 1796 729 eumdem
1859 686 1980 726 esse
2150 666 2238 721 IX.
2322 664 2625 719 Lamecbus
2700 702 2714 718 .
2796 700 2809 714 .
2887 659 3122 716 Otiartes
3152 660 3289 714 saris
3313 675 3420 714 rm.

418 750 580 840 atque
616 768 986 828 Mezraimum.
1037 764 1389 836 qni-quidem
1438 761 1703 833 Asgyptus
1748 760 1977 823 videtur,
2152 756 2217 812 X.
2321 755 2598 809 Noacbus.
2701 790 2716 806 .
2801 791 2813 802 .
2896 750 3196 805 Xisuthrus
3222 750 3355 802 saris
3376 762 3512 801 xvm.

420 836 508 912 uti
550 856 854 911 Nebrothus
911 855 1068 908 Belus
1113 863 1217 908 est.
1266 872 1287 905 ι
1334 849 1453 905 Jam
1487 858 1539 905 et
1582 851 1776 903 harum
1817 849 1981 902 trium
2156 843 2470 898 Universam
2531 843 2715 896 decem
2785 840 2978 894 horum
3022 853 3205 909 regum
3256 844 3450 890 aetatem
3485 836 3605 890 saris

417 948 659 1019 gentium
690 947 769 1001 sic
800 945 1118 1000 laterculum
1146 944 1373 1012 digerit:
2038 946 2043 951 '
2083 943 2299 988 centum
2332 932 2515 1003 viginti
2538 932 2823 995 deﬁniunt,
2851 943 2969 998 qua:
2990 934 3116 982 sunt
3149 941 3402 980 annorum
3434 926 3608 994 myria—

527 1035 721 1091 Semus
799 1074 812 1088 .
891 1072 907 1088 .
981 1032 1219 1087 Chamus
1267 1073 1279 1086 .
1359 1069 1373 1084 .
1454 1070 1467 1083 .
1540 1028 1818 1115 Jalietlius.
2085 1023 2182 1080 des
2229 1031 2340 1078 tres
2375 1037 2541 1091 supra
2584 1019 2943 1091 quadraginta
2977 1026 3344 1087 praetereaque
3376 1014 3453 1069 bis
3482 1015 3609 1067 mille

525 1126 907 1198 Arpbaxades.
980 1125 1194 1179 Cbusus
1268 1164 1283 1179 .
1363 1160 1377 1176 .
1459 1160 1473 1174 .
1550 1105 1835 1174 Gamerus.
2087 1115 2234 1168 anni.
2284 1112 2408 1168 Haec
2459 1110 2882 1180 historiographi
2921 1109 3318 1163 Chaldaeorum.
3365 1105 3465 1160 Nos
3502 1120 3614 1158 vero

522 1217 817 1270 Cainanus.
896 1250 912 1267 .
991 1211 1332 1267 Mestraimus
1373 1248 1386 1261 .
1464 1251 1480 1264 .
1558 1209 1742 1263 Thira.
2088 1202 2308 1257 incertis
2338 1202 2422 1257 his
2452 1199 2851 1271 praetermissis,
2874 1195 3249 1266 aggrediamur
3271 1193 3338 1248 ad
3357 1192 3614 1247 dicendum

526 1305 650 1359 Sala
710 1344 723 1357 .
802 1344 815 1357 .
897 1342 910 1356 .
985 1301 1293 1356 Nebrothus
1369 1340 1381 1353 .
1462 1341 1473 1354 .
1550 1298 1911 1368 Thorgomus.
2028 1322 2034 1327 -
2089 1307 2209 1361 quae
2240 1291 2410 1346 divini
2443 1291 2567 1344 libri
2598 1291 2701 1345 hoc
2731 1296 2889 1358 pacto
2915 1284 3159 1368 tradunt.

534 1395 815 1450 lleberus.
898 1435 910 1448 .
989 1392 1183 1446 Babius
1274 1430 1288 1444 .
1368 1430 1380 1444 .
1459 1431 1469 1444 .
1547 1364 1770 1445 [laicus
2692 1419 3017 1450 ρηηνιηιυ
3142 1364 3149 1372 ⁸

536 1419 776 1450 Πυυυΐυδ
803 1433 815 1446 ο
898 1435 910 1448 ι
989 1419 1183 1446 υίιυιιιδ
1274 1430 1288 1444 ο
1368 1430 1380 1444 ο
1459 1431 1469 1444 υ
1551 1419 1607 1442 ll'
1635 1419 1718 1442 ιυυ
1758 1428 1770 1441 ι

526 1486 809 1540 Phalecus.
896 1523 908 1535 .
987 1482 1188 1537 Anebis
1276 1524 1285 1534 .
1367 1521 1378 1534 .
1458 1520 1471 1533 .
1548 1419 1898 1533 A:m8l:aCllS.
2517 1533 2550 1544 η
2632 1419 3040 1544 ΑΟΑΙῬΤΙἫ
3094 1528 3193 1544 mm

528 1528 816 1645 ἰιξίᾇξῖιῗιῖζξ
896 1528 908 1629 ζ
986 1528 1213 1628 iii-1131.}.
1274 1528 1286 1625 ζ
1365 1528 1379 1625 ζ
1459 1528 1472 1624 ζ
1546 1528 1807 1623 Mli;
1890 1528 1895 1529 ί
2511 1533 2752 1587 Gentium
2786 1528 3226 1599 άίυίείοηιεβη-

530 1637 823 1724 Serucbus.
904 1708 917 1720 .
991 1665 1237 1719 Cbmalus
1279 1703 1292 1716 .
1372 1703 1384 1714 .
1465 1701 1477 1714 .
1556 1660 1794 1713 Amasia.
2027 1721 2058 1724 Ἀ
2166 1650 2218 1701 1.
2254 1648 2412 1702 Semo
2438 1646 2845 1716 progenitisunt
2868 1643 3106 1714 quinque
3137 1640 3289 1693 liberi
3330 1637 3571 1691 :Elamus
3596 1650 3621 1688 a

530 1721 833 1814 Nacliorus.
900 1797 913 1809 .
988 1756 1216 1810 Arbelus
1277 1795 1289 1807 .
1368 1794 1381 1807 .
1462 1792 1475 1804 .
1553 1752 1827 1805 Gelanius.
2026 1721 2202 1809 nquo
2227 1729 3625 1805 Elamitaa;Asurus,aqqussyrii;Arphaxades.a

529 1847 726 1905 Thara.
810 1886 822 1900 .
898 1889 909 1900 .
987 1846 1197 1899 Ninus.
1277 1885 1287 1897 .
1367 1885 1378 1897 .
1458 1882 1471 1895 .
1548 1841 1767 1893 llarma.
2095 1821 3488 1902 quoCltalda:i;Ludus,aquoLydi(28);denique
3513 1820 3629 1873 Ara-

541 1939 876 1992 Abrabamns
898 1975 915 1991 .
992 1936 1190 2006 Ninyas
1280 1975 1292 1989 .
1372 1973 1384 1986 .
1468 1974 1479 1985 .
1555 1930 1806 1985 Aramus.
2098 1941 2239 1985 mus.
2266 1938 2294 1975 a
2327 1937 2436 1992 quo
2470 1919 2698 1974 Aramaai
2722 1920 2813 1989 qui
2838 1917 3000 1971 etiam
3026 1913 3147 1985 Syri
3174 1911 3631 1966 vocitantur.Ara-

498 2029 551 2082 3.
603 2026 805 2081 Deinde
828 2026 974 2080 addit
1014 2045 1026 2080 :
1079 1996 1112 2074 ι’
1138 2024 1191 2077 In
1222 2023 1410 2077 Chami
1456 2021 1673 2092 quidem
1708 2034 1881 2086 usque
1928 2018 1994 2070 ad
2100 2016 2169 2067 mi
2202 2013 2355 2066 liberi
2389 2018 2548 2066 sunt:
2576 2008 2708 2070 llus,
2734 2023 2763 2061 a
2795 2024 2902 2077 quo
2924 2004 3089 2075 Lagi;
3112 2003 3272 2065 Enul,
3300 2018 3332 2054 ει
3366 2015 3469 2071 quo
3506 1996 3633 2050 Enu-

430 2116 625 2170 Ninum
654 2115 910 2184 progenie
949 2128 1141 2174 annos,
1175 2112 1372 2182 quibus
1399 2112 1629 2181 quisque
1658 2108 1987 2177 procreavit,
2100 2106 2154 2157 lii
2181 2123 2193 2169 ;
2227 2103 2425 2166 Gader,
2464 2118 2492 2154 a
2532 2116 2640 2170 quo
2675 2099 2983 2169 Gaspheni;
3014 2094 3324 2154 Mosochus,
3353 2108 3381 2144 a
3410 2104 3511 2159 quo
3540 2087 3635 2140 Mo-

429 2219 700 2274 nusquam
743 2218 1033 2272 expressos
1061 2200 1310 2270 reperiri,
1352 2200 1432 2253 vel
1474 2199 1538 2251 ad
1573 2212 1672 2252 nos
1705 2203 1853 2250 certe
1885 2211 1993 2248 non
2100 2196 2235 2250 seni.
2273 2193 2390 2247 Filii
2415 2191 2752 2257 Arphaxadis
2785 2188 2970 2252 :Sala,
3005 2188 3162 2257 cujus
3218 2185 3363 2237 [ilius
3397 2181 3636 2242 lleberus,

428 2294 745 2365 pervenisse
777 2310 789 2346 :
823 2300 939 2347 tum
969 2298 1022 2345 et
1067 2291 1134 2345 de
1163 2289 1388 2345 Jabctho
1416 2296 1603 2342 nostro
1630 2286 1764 2341 satis
1790 2296 1996 2340 certum
2101 2300 2129 2337 a
2154 2298 2261 2353 quo
2291 2282 2502 2336 Hebraei
2539 2281 2672 2351 (9.9).
2708 2278 2829 2332 Filii
2876 2277 3071 2332 Heberi
3105 2293 3120 2330 :
3163 2274 3453 2333 Pbalecus,
3484 2284 3510 2322 a
3546 2283 3639 2337 quo

433 2364 568 2437 nihil
611 2379 796 2445 tradi;
847 2379 1197 2433 nihilominus
1238 2381 1541 2444 expositum
1584 2376 1778 2429 harum
1831 2373 1995 2427 trium
2100 2376 2266 2441 stirps
2315 2372 2609 2425 Abrahami
2682 2368 3058 2438 componitur:
3119 2364 3417 2425 Jectanus,
3468 2377 3495 2412 a
3547 2372 3641 2427 quo

434 2471 759 2525 familiarum
794 2485 963 2540 genus
991 2477 1216 2524 eatenus
1248 2482 1369 2522 esse
1409 2466 1773 2528 verissimum,
1812 2473 1998 2533 quate-
2099 2470 2353 2517 creantur
2380 2462 2532 2516 liberi
2565 2461 2865 2515 tredecim:
2911 2473 3145 2528 quorum
3204 2463 3333 2508 natu
3401 2450 3646 2504 maximus

433 2575 538 2615 tius
584 2536 989 2629 procreationes
1038 2556 1286 2610 undecim
1333 2558 1461 2610 sunt
1503 2569 1675 2624 usque
1719 2554 1785 2607 ad
1825 2552 1998 2605 Abra-
2102 2552 2450 2615 Elmodadus,
2486 2566 2516 2604 a
2555 2564 2663 2620 quo
2696 2548 2811 2602 lndi
2839 2566 2854 2614 ;
2884 2555 2998 2601 tum
3053 2546 3301 2605 Salecus,
3335 2557 3371 2594 a
3408 2555 3514 2610 quo
3556 2536 3646 2589 Ba-

436 2649 694 2708 bamum.
767 2645 994 2717 Ninyam
1058 2655 1219 2715 atque
1259 2644 1536 2699 Aramum.
1602 2646 1790 2701 Areeus
1856 2648 1999 2701 enim
2100 2642 2292 2695 etriani
2317 2658 2331 2707 ;
2358 2639 2904 2706 Asarmothus,aquo
2932 2636 3172 2699 Arabes;
3200 2632 3646 2696 Jareclius,aquo

435 2739 815 2794 duodecimum
858 2739 1034 2792 locum
1076 2737 1284 2792 obtinet
1307 2738 1688 2807 posteriorque
1711 2736 1850 2790 Nino
1870 2745 1950 2791 est
1983 2754 1994 2787 :
2099 2729 2361 2783 Jaracbzei
2383 2747 2396 2795 ;
2418 2728 2775 2791 Zodoramus,
2819 2740 2847 2777 a
2888 2738 2996 2793 quo
3024 2721 3255 2777 Carmeli
3282 2738 3296 2786 ;
3328 2719 3479 2779 Ezel.
3500 2731 3528 2769 a
3551 2728 3645 2784 quo

438 2828 688 2898 idemque
718 2828 911 2882 acerba
938 2834 1093 2881 aetate
1136 2803 1359 2881 mortem
1394 2827 1526 2881 obiit
1570 2803 1614 2879 a_
1646 2826 2001 2880 Samiramide
2102 2820 2328 2884 Ariani;
2366 2818 2546 2880 Decla,
2577 2830 2607 2869 a
2634 2831 2743 2886 quo
2771 2812 3055 2877 Gedrusii;
3090 2809 3276 2871 Gehal,
3303 2822 3333 2861 a
3381 2822 3490 2877 quo
3533 2803 3651 2873 Scy-

438 2893 633 2976 czesus.
679 2938 697 2971 ι
736 2919 811 2973 De
840 2919 925 2973 his
954 2926 1135 2972 autem
1174 2918 1313 2971 haud
1349 2926 1433 2972 est
1462 2933 1558 2971 cur
1588 2918 1872 2987 quisquam
1901 2915 2001 2969 du-
2102 2911 2236 2970 that;
2272 2908 2535 2973 Abimecl,
2567 2922 2595 2960 a
2625 2920 2731 2975 quo
2762 2903 3032 2974 llyrcani;
3065 2899 3227 2963 Saba,
3256 2911 3286 2950 a
3323 2911 3437 2967 quo
3465 2893 3653 2947 Arabes

439 3009 758 3063 bitationem
808 3024 917 3078 prae.
961 3024 1019 3062 se
1056 3008 1209 3062 ferat.
1245 3005 1452 3076 Quippe
1513 3007 1585 3060 ait
1630 3026 1642 3060 :
1702 3025 1719 3056 ι
1756 3005 1998 3059 Certiora
2031 3038 2072 3092 Ο
2106 3000 2264 3069 primi
2315 2998 2465 3070 ('50);
2510 2995 2702 3065 Upliir,
2732 3010 2760 3046 a
2806 3009 2914 3063 quo
2958 2991 3195 3052 Aramii;
3229 2987 3437 3048 Zevila,
3482 2999 3511 3036 a
3557 2994 3654 3049 quo

440 3114 669 3170 quaeque
699 3108 764 3153 ex
794 3075 961 3153 variis
988 3097 1229 3152 historiis
1262 3091 1359 3165 pro
1395 3075 1533 3150 virili
1566 3105 1718 3165 parte
1758 3095 2003 3164 decerpsi
2033 3075 2072 3092 υ
2108 3089 2611 3159 CymnOSOpbistae;
2646 3084 2871 3147 Joabus,
2924 3097 2952 3134 a
3002 3095 3108 3150 quo
3144 3077 3351 3131 Aradii.
3391 3075 3453 3128 Hi
3485 3086 3657 3126 omnes

443 3204 565 3259 qua:
598 3205 628 3243 a
673 3190 889 3243 nemine
929 3188 1192 3257 prudente
1215 3195 1585 3256 oppugnatum
1623 3186 1685 3239 iri
1718 3193 1867 3254 puto,
1903 3185 2006 3239 nisi
2107 3179 2331 3235 Jectano
2362 3179 2523 3248 geniti
2559 3185 2684 3231 sunt
2708 3176 2873 3229 fratre
2894 3171 3112 3225 Phaleri
3145 3189 3156 3223 :
3191 3180 3495 3235 eorumque
3518 3166 3650 3216 inco-

445 3252 610 3348 aliqui
656 3277 791 3331 forte
827 3252 1066 3330 veri-tatis
1097 3252 1503 3344 exstinguenda:
1527 3252 1819 3342 cupiditate
1858 3272 2008 3326 labo-
2108 3268 2488 3323 latusaMasiis
2507 3267 2617 3336 (51)
2644 3281 2812 3335 usque
2830 3265 2955 3318 dum
2976 3262 3158 3315 venias
3176 3259 3242 3312 ad
3269 3258 3534 3327 Spheram
3558 3252 3659 3323 (52)

446 3345 569 3423 rant
590 3387 602 3421 :
624 3367 714 3443 qui
748 3366 794 3422 si
822 3366 911 3435 qui
944 3375 1092 3430 sunt,
1125 3362 1298 3419 istltoc
1329 3364 1542 3435 quidem
1568 3380 1627 3419 se
1660 3372 1815 3433 pacto
1838 3378 2008 3434 quan-
2110 3367 2346 3413 montem
2375 3357 2687 3412 orientalem
2712 3394 2725 3415 .
2758 3354 3010 3424 pertinet.
3046 3350 3110 3402 Et
3138 3349 3356 3417 quidem
3384 3346 3513 3400 alibi
3534 3345 3678 3398 dici-

447 3466 561 3512 tum
586 3441 715 3511 libet
745 3457 1034 3510 oblectent.
1070 3475 1088 3507 ι
2110 3458 2198 3504 tur
2227 3449 2337 3518 (35)
2384 3448 2635 3501 universa
2683 3443 2828 3499 Semi
2863 3441 3078 3497 sebolcs
3124 3447 3361 3493 tractum
3398 3450 3607 3491 onmem
3635 3447 3662 3485 a

518 3548 571 3600 4.
618 3545 727 3600 Nos
766 3545 930 3616 igitur
969 3545 1079 3614 jam
1126 3545 1249 3599 inde
1292 3558 1321 3596 a
1364 3544 1540 3599 tribus
1581 3542 1786 3598 Noachi
1827 3543 2011 3598 liberis
2112 3522 2410 3593 Bactrianae
2441 3537 2640 3592 ﬁnibus
2670 3527 2905 3589 incolere
2940 3532 3308 3586 Rhinocuram
3334 3528 3450 3598 (54)
3478 3538 3660 3594 usque,

448 3652 621 3706 usque
691 3635 759 3691 ad
820 3635 989 3691 divini
1047 3634 1205 3691 Verbi
1265 3636 1644 3691 revelationem
1695 3636 2007 3705 singillatim
2109 3645 2219 3700 quo
2252 3630 2370 3683 loco
2424 3626 2580 3698 Syria
2625 3627 2693 3680 ab
2730 3624 2967 3696 Egypto
2996 3623 3320 3680 secernitur,
3359 3619 3595 3685 itemque
3635 3626 3663 3664 a

449 3728 692 3784 scribere
736 3727 1041 3786 ordiamur.
1083 3725 1317 3795 primum
1361 3725 1576 3794 quidem
1627 3723 1769 3778 Semi
1814 3738 2009 3793 propa-
2110 3719 2300 3772 Rubro
2330 3719 2498 3784 mari;
2523 3727 2573 3771 et
2596 3717 2664 3771 ab
2687 3729 2781 3770 ora
2814 3714 2984 3768 maris
3007 3710 3149 3782 quod
3172 3718 3255 3765 est
3284 3707 3352 3761 ad
3383 3707 3662 3761 Arsinoem

446 3820 649 3892 ginem,
698 3816 893 3871 deinde
941 3816 1155 3879 Cbami,
1194 3824 1468 3884 postremo
1514 3814 1736 3868 labetbi.
1768 3814 2008 3875 Semnm,
2111 3816 2374 3872 Indicam.

449 3908 653 3963 Noachi
699 3913 881 3959 natum
936 3906 1253 3970 maximum,
1297 3911 1484 3971 gentes
1535 3912 1732 3957 exterae
1780 3902 2009 3956 Zcruani
2194 3909 2249 3961 2.
2283 3902 2472 3961 Chami
2499 3900 2650 3955 liberi
2681 3898 2958 3969 quinque:
2986 3906 3215 3964 quorum
3240 3897 3373 3944 natu
3404 3886 3666 3941 maxim!!!

452 3998 671 4052 nomine
701 3996 979 4057 denotant,
1018 3991 1284 4045 Chamum
1315 3991 1517 4052 Titani,
1562 3991 1840 4044 labethum
1875 3991 2011 4061 lapi-
2112 3999 2351 4060 Cltusus,
2381 4010 2409 4046 a
2464 4006 2571 4061 quo
2622 3988 2809 4043 Chusii
2850 4005 2863 4040 :
2922 3995 3035 4038 tum
3087 3979 3452 4040 Meslraimus,
3500 3991 3529 4028 a
3567 3988 3666 4044 quo

453 4086 632 4141 tostis.
673 4083 857 4152 Neque
893 4083 976 4135 his
1019 4081 1217 4145 solum,
1248 4096 1433 4134 verum
1465 4080 1626 4134 etiam
1665 4081 1887 4150 reliquis
1918 4095 2012 4151 pa-
2111 4085 2379 4157 Egyplii;
2425 4082 2669 4142 Putidus,
2712 4094 2739 4132 a
2785 4093 2893 4147 quo
2922 4075 3291 4145 Trvglodytze;
3330 4069 3668 4125 Clianaanes,

452 4174 708 4229 triarcbis
733 4183 890 4244 capto
928 4170 1080 4225 initio
1110 4171 1176 4225 ab
1204 4171 1409 4226 Adamo
1436 4171 1737 4229 inconditas
1775 4174 2011 4243 appella-
2113 4194 2142 4231 a
2175 4154 2284 4247 quo
2302 4175 2415 4228 Afri
2440 4182 2601 4242 atque
2628 4170 2935 4224 Plitenices.
2962 4165 3126 4220 Chusi
3156 4160 3309 4216 liberi
3327 4166 3489 4214 sunt;
3512 4154 3667 4213 Saba,

457 4266 628 4320 tiones
669 4263 945 4334 aﬂingunt,
989 4269 1151 4332 atque
1196 4277 1459 4321 annorum
1502 4276 1786 4316 numerum
1820 4263 2011 4317 unius—
2112 4270 2207 4331 11η,
2265 4266 2484 4328 Sabaat,
2532 4263 2756 4332 Regma,
2803 4256 3127 4313 Sabacatha.
3177 4252 3391 4305 Rursus
3446 4248 3661 4314 Regulae

454 4354 723 4424 cuiusque
762 4352 1041 4423 proferunt
1087 4369 1100 4404 ³
1141 4366 1330 4420 nempe
1360 4351 1440 4405 Sic
1478 4367 1549 4403 ε’(
1583 4348 1623 4405 l-
1653 4350 1848 4405 ΑΙοΐυε
1873 4352 2013 4406 satis
2046 4349 2088 4403 Ι)
2119 4358 2294 4421 liberi,
2332 4354 2474 4409 Saba
2518 4359 2571 4407 et
2607 4350 2935 4406 Judadanes.
2984 4345 3147 4399 Aiunt
3183 4348 3444 4411 praetcrea
3480 4337 3668 4390 divina:

455 4447 638 4501 decem
678 4445 811 4514 (26).
846 4463 865 4494 ι
902 4444 1060 4511 (Saro
1096 4417 1282 4497 autent
1320 4450 1401 4496 ter
1440 4441 1586 4496 mille
1630 4455 1692 4495 ac
1725 4451 2008 4497 sexcentos
2117 4417 2326 4503 litterae,
2357 4454 2385 4492 a
2425 4437 2611 4492 Chuso
2638 4434 2879 4504 genitum
2931 4444 3053 4484 esse
3093 4427 3409 4485 Nebrotum,
3441 4421 3537 4489 qui
3567 4417 3671 4487 prio

457 4548 631 4588 annos
679 4542 962 4588 contentos
1013 4531 1184 4584 aiunt.
1233 4530 1402 4584 Neres
1450 4531 1609 4584 etiam
1657 4531 1916 4599 quosdam
1958 4537 2010 4584 et
2116 4546 2238 4584 mus
2270 4531 2324 4583 in
2355 4528 2485 4583 orbe
2523 4526 2673 4594 gigas
2706 4523 2890 4583 fuerit,
2918 4531 3078 4587 atque
3122 4518 3262 4569 hunc
3284 4514 3552 4583 gigantem
3583 4522 3671 4560 co-

459 4635 615 4676 sosos
645 4619 945 4688 adiungunt
977 4634 990 4670 :
1022 4630 1211 4671 uerum
1250 4618 1376 4670 anni
1411 4617 1652 4669 sexcenti
1692 4616 2008 4679 coniiciunt,
2117 4632 2234 4670 rant
2266 4615 2494 4669 Domino
2520 4614 2629 4666 Deo
2659 4608 2933 4663 venationi
2972 4620 3191 4676 operam
3225 4602 3440 4656 dedisse
3474 4617 3490 4653 :
3519 4612 3674 4652 eum-

460 4723 644 4764 sosum
672 4705 994 4777 sexaginta.)
2121 4706 2351 4776 demque
2392 4703 2732 4772 auspicatum
2768 4714 2890 4753 esse
2930 4710 3154 4766 regnum
3199 4708 3228 4745 a
3279 4690 3574 4760 Babylone,
3612 4686 3675 4737 ab

529 4798 593 4854 ll.
719 4776 914 4853 Setbus
989 4838 1002 4852 .
1082 4836 1096 4851 .
1173 4835 1186 4850 .
1265 4795 1525 4864 Alaparus
1552 4795 1689 4849 saris
1718 4798 1821 4848 in."
2118 4796 2318 4861 Oredo,
2356 4795 2423 4849 ab
2448 4790 2685 4852 Achade,
2728 4804 2759 4842 λ
2796 4787 3035 4842 Chalane
3072 4786 3122 4837 in
3165 4782 3383 4850 regione
3425 4776 3672 4832 Senaiar.

532 4887 617 4941 Ill.
721 4887 932 4943 Enosus
996 4930 1009 4943 .
1089 4930 1101 4941 .
1175 4930 1187 4942 .
1267 4887 1507 4941 Almelon
1538 4887 1679 4941 saris
1707 4901 1824 4941 xm.
2119 4885 2360 4940 Indidem
2395 4892 2640 4938 exortum
2665 4893 2787 4934 esse
2814 4879 3071 4938 Asurum,
3106 4888 3134 4925 a
3164 4887 3270 4939 quo
3304 4869 3493 4923 Ninive
3519 4867 3674 4919 item-

520 4977 617 5033 -lV.
713 4979 1005 5035 Cainanus.
1087 5018 1100 5032 .
1170 5020 1183 5033 .
1266 4981 1561 5031 Ammcnon
1588 4977 1729 5031 saris
1761 4990 1856 5028 xii.
2121 4992 2226 5045 que
2247 4973 2469 5028 Roboda
2505 4972 2636 5026 urbs
2661 4969 2996 5023 condi-batur
3018 4981 3140 5018 cum
3170 4962 3445 5016 Chalaue:
3479 4965 3599 5011 tum
3622 4966 3677 5009 et

464 5060 473 5075 ο
536 5072 575 5075 __
716 5070 762 5075 _-
804 5071 815 5075 -
857 5070 886 5075 -_
927 5071 938 5075 _
1270 5072 1280 5075 _
1459 5069 1469 5075 .
1721 5069 1730 5075 .
2128 5067 2161 5075 ..ι
2509 5064 2520 5075 α
2570 5072 2579 5075 -
2701 5059 2758 5075 ιι·
2808 5059 2818 5070 ο
2878 5074 2881 5075 ,
2928 5074 2935 5075 ,
2996 5064 3036 5075 ,ι
3080 5055 3303 5075 ιῒι.-ι-..-
3323 5067 3369 5075 --ι
3429 5062 3550 5075 -..ω
3594 5050 3673 5075 ..οι

534 5072 598 5141 Υ.
716 5070 941 5125 Malaliel
987 5109 1002 5124 .
1079 5109 1091 5121 .
1173 5111 1186 5125 .
1257 5069 1604 5138 Amegalarus
1626 5069 1764 5121 saris
1794 5083 1948 5121 xvm.
2124 5067 2476 5127 Raseinanes,
2509 5064 2648 5117 inter
2700 5059 2946 5113 Ninivem
2988 5064 3043 5110 et
3078 5055 3395 5117 Cbalauem,
3427 5062 3551 5118 quae
3594 5050 3676 5099 est

536 5223 648 5363 (ΞΘ)
683 5222 881 5278 Confer
916 5220 1113 5277 Euseb.
1136 5219 1329 5274 Chron.
1368 5220 1409 5279 l.
1440 5235 1476 5284 ι,
1507 5220 1562 5272 2.

536 5295 627 5363 (27
696 5292 807 5363 Hac
832 5306 994 5363 super
1025 5306 1103 5363 re”
1128 5290 1611 5363 conmtlend_i__su_nt
1644 5286 1916 5363 Eusebius
1949 5286 2005 5339 in

1826 5287 1836 5298 ,
1951 5286 1962 5299 ο
2183 5217 2296 5349 £50)
2330 5215 2495 5296 Sync.
2526 5224 2579 5269 et
2597 5212 2827 5266 Cedren.
2863 5208 3060 5262 Arabes
3101 5203 3292 5258 Indici.

1762 5287 1916 5363 θιῖἱυεί
1949 5302 2005 5339 ιιι
2325 5285 2497 5363 Biblia
2535 5283 2651 5363 Lat.
2679 5282 2892 5363 vulgata.
2921 5277 3057 5363 Gen.
3098 5292 3148 5336 χ,
3186 5273 3272 5336 30,

690 5269 1113 5363 ESSET—.536:
1128 5269 1611 5363 Ediléiii‘gijujfsijn
1644 5286 1916 5363 Eusebius
1949 5286 2005 5339 in
2535 5283 2651 5363 Lat.
2679 5282 2892 5363 vulgata.
2921 5277 3057 5331 Gen.
3098 5292 3148 5336 ι,
3186 5273 3272 5336 30,
3292 5271 3353 5325 de
3373 5269 3569 5323 Massa.

536 5286 648 5363 (27)
696 5292 807 5373 Hac
829 5306 994 5413 suger
1025 5306 1081 5344 re
1128 5290 1443 5343 consulendi
1484 5297 1611 5342 sunt
1644 5286 1912 5341 Eusebius
1949 5286 2005 5339 in
2183 5286 2261 5349 (51
2329 5286 2497 5339 Biblia
2535 5286 2651 5335 Lat.
2679 5286 2889 5400 vulgata
2921 5286 2990 5331 Ge

464 5363 690 5420 exordio
720 5362 865 5423 libri,
932 5359 1197 5438 yneellus.
1230 5373 1282 5425 p.
1318 5358 1505 5438 45-5l,
1543 5358 1777 5425 itemque
1808 5354 2009 5410 Cedre-
2186 5286 2294 5476 (δέ
2324 5353 2495 5432 Biblia
2523 5352 2738 5420 vulgata
2796 5350 2990 5415 ‘ephar.

466 5450 594 5476 ηιιει-
623 5433 708 5476 fni-
736 5430 914 5476 ΜΛΔ-
946 5428 1265 5476 mnbuscum
1297 5443 1402 5476 non
1430 5442 1547 5476 sme
1580 5427 1756 5476 fructu
1789 5424 2008 5476 Samuel
2193 5426 2246 5476 (ὅ
2291 5438 2303 5476 l
2341 5421 2474 5475 Vide
2504 5418 2814 5476 Svncellum
2840 5424 2894 5469 et
2917 5416 2990 5468 Ce

609 5413 1265 5497 Ῑὸνιίῇὲίᾎίςιιίιωξοίιὼ
1297 5443 1402 5481 non
1430 5413 1547 5481 sine
1580 5413 1756 5481 fruc'tu
1789 5424 2008 5479 Samuel
2193 5413 2303 5497 (1:55)
2340 5421 2474 5497 yide
2504 5413 2814 5490 Syncellum
2840 5413 2894 5469 et
2917 5413 3335 5497 Cedren-umtd
3386 5472 3612 5497 Imm”:

467 5482 916 5573 comparabitur:
960 5482 987 5573 ἶ
1076 5567 1087 5573 ⁸
1126 5482 1141 5497 ³
2118 5563 2136 5573 _
2189 5482 2627 5573 (ωξιιίἢξηοςεῖζα
2678 5500 2876 5573 πεφθῇ
2918 5482 3068 5535 urbis
3104 5484 3339 5549 itemque
3386 5482 3660 5531 torrentis.

541 5553 927 5639 lVQKSlSAwchodu
958 5565 1108 5639 Ιίζιξὶ.
1149 5636 1158 5639 Α
2113 5553 2389 5618 Interdum
2420 5557 2677 5615 scribitur
2698 5553 3068 5608 Rhiuicorura.

537 5635 653 5710 (‘29)
679 5639 758 5695 AL
791 5638 934 5704 cod.,
968 5635 1177 5690 Heben'.
