3874 6178
281 300 379 366 εὲὅ

281 405 397 460 urbs
422 398 658 455 maxima.
676 396 795 451 Jam
820 408 874 453 et
904 400 1268 466 Mestraimus,
1296 400 1675 472 IEgyptiorum
1710 418 1805 474 pa-
1839 410 1884 464 Α

279 501 369 555 ter,
402 491 591 545 creavit
637 486 944 551 Ludimum,
972 504 999 541 a
1034 505 1141 559 quo
1171 489 1344 560 Lydi;
1394 491 1731 558 Seneimum,
1773 509 1800 547 a

275 596 372 654 quo
397 578 716 649 Pamphylii;
762 576 1003 632 Salbium
1026 620 1039 642 ,
1070 595 1100 632 a
1154 598 1261 651 quo
1304 582 1494 648 Libes;
1530 582 1809 652 Neptbali-

277 688 406 726 mum
432 678 480 724 et
510 669 1006 733 Patrosonimutn,a
1037 687 1144 739 quo
1175 671 1397 740 Cretes;
1431 672 1805 737 Caslinimum,

275 779 301 816 a
329 776 426 831 quo
452 759 613 830 Lycii,
634 760 778 813 unde
806 766 858 813 et
894 775 1065 828 genus
1104 760 1501 817 Philistmorum
1524 783 1538 829 ;
1566 764 1803 833 Captho-

277 855 472 915 rimttm,
502 866 531 904 a
553 864 660 920 quo
704 850 852 903 Daci.
889 849 1061 907 Porro
1092 851 1413 908 Chanaanes
1440 855 1675 922 primum
1707 870 1806 907 na-

276 955 435 998 torum
475 941 709 1009 suscepit
752 927 1030 1005 Sidonem,
1070 959 1225 1014 aquo
1261 942 1491 1007 Sidonii,
1523 951 1575 996 et
1604 944 1805 1008 Chetre,

270 1041 318 1087 et
346 1031 585 1093 Jebusmi,
616 1039 669 1084 et
697 1030 1018 1092 Amorrlttei,
1056 1040 1109 1087 et
1136 1033 1425 1102 Gergesaei,
1459 1040 1513 1087 et
1542 1031 1735 1092 Levaei,
1757 1042 1809 1088 et

271 1120 510 1181 Arvaczei,
537 1121 677 1175 unde
703 1119 981 1189 Tripolitze
1010 1138 1226 1193 quoque
1254 1131 1306 1177 et
1337 1124 1589 1189 Aminaei;
1615 1124 1809 1179 deinde

270 1210 530 1275 Aradium,
561 1223 590 1261 a
623 1224 730 1276 quo
764 1211 990 1275 Aradii;
1027 1210 1360 1275 Samrinutn,
1395 1227 1426 1265 a
1471 1228 1578 1282 quo
1608 1211 1807 1267 Ortho-

269 1301 358 1364 sii;
380 1301 681 1363 Amathum,
718 1317 748 1353 a
781 1302 1233 1370 qqumatltusii.
1261 1303 1398 1357 Hinc
1428 1303 1808 1372 proseminatte

269 1400 383 1445 sunt
421 1392 845 1445 Chananreorum
881 1402 1070 1461 gentes
1101 1394 1323 1447 omnino
1351 1409 1499 1446 χχχιι
1530 1413 1543 1447 :
1577 1408 1806 1463 quarum

268 1483 390 1536 lines
415 1482 628 1536 fuerunt
655 1498 683 1534 a
713 1474 914 1538 Sidone
947 1500 1119 1554 usque
1143 1484 1270 1538 dum
1295 1483 1555 1538 Geraram
1598 1487 1802 1546 venias.

265 1580 313 1627 et
338 1588 364 1625 a
394 1572 530 1627 Gaza
565 1587 737 1642 usque
766 1574 894 1627 dum
945 1572 1235 1628 Sodomam
1265 1583 1319 1628 et
1361 1573 1719 1629 Gomorrham
1754 1584 1807 1629 et

174 1712 183 1716 -
266 1664 501 1720 Ademam
524 1663 909 1719 etSeboimutn
942 1674 994 1719 et
1026 1665 1219 1720 Lasam
1248 1667 1453 1719 venias.
1487 1665 1606 1719 Alio
1629 1674 1804 1719 tamen

845 295 1239 360 SAMUELIS
1284 294 1645 356 ANENSIS
1686 295 2081 357 SUMMARII
2124 296 2554 360 TEMPORUM
2596 297 2796 358 PARS
2830 299 2881 358 l.

3388 304 3489 365 ξιὲὗ

2534 408 2761 463 CAPUT
2789 409 2848 463 ν.

2468 495 2610 550 Semi
2637 498 2901 566 prosapia.

1980 580 2030 633 i.
2065 580 2254 650 Agesis
2278 598 2404 652 ergo
2438 583 2563 638 inde
2598 585 2813 639 initium
2836 588 3044 657 capiam
3088 590 3179 644 ubi
3217 591 3457 649 ordinem

1907 671 2343 740 procreationum
2401 674 2626 745 abrupi,
2670 692 2897 747 qumque
2974 679 3271 749 interjeeta:
3335 700 3475 741 sunt.

1908 760 2250 813 narrationes
2307 762 2571 816 omittam.
2631 763 2708 817 Ibi
2773 766 2979 820 scilicet
3037 770 3239 823 dictum
3297 779 3459 835 est,a

1908 848 2086 903 Thara
2115 865 2285 904 annos
2318 860 2445 905 nato
2474 867 2577 905 ιιι
2612 856 2820 923 genitos
2852 857 3024 912 fuisse
3071 859 3459 925 Abraltamum,

1909 947 1961 992 et
1985 938 2293 994 Nachorum
2328 950 2380 995 et
2419 942 2669 997 Aranem.
2694 943 2866 999 Porro
2887 948 3115 1012 Aranes,
3142 952 3323 1019 genito
3356 951 3458 1005 Lo-

1909 1029 2020 1092 tho,
2071 1030 2279 1098 parenti
2332 1046 2430 1086 suo
2476 1031 2667 1088 Tharte
2699 1047 3054 1104 praemortuus
3082 1049 3163 1094 est
3214 1041 3267 1095 in
3296 1043 3459 1096 natali

1909 1126 2052 1173 terra
2112 1119 2381 1173 Chald;ea.
2433 1120 2810 1191 Adjunxertmt
2875 1136 3054 1179 autem
3117 1129 3217 1183 sibi
3264 1146 3459 1185 uxores

1908 1211 2248 1267 Abraltamus
2280 1221 2334 1266 et
2361 1211 2682 1280 Nachorus;
2719 1215 2907 1270 Saram
2941 1219 3307 1285 Abrahamus,
3332 1222 3459 1278 Mel-

1907 1301 2063 1353 cham
2092 1299 2270 1355 Arane
2290 1311 2468 1355 natam
2493 1303 2793 1360 Nachorus.
2832 1309 3095 1362 Cancrum
3140 1311 3272 1364 Sara
3302 1315 3463 1368 steri-

1909 1390 1976 1444 lis
2005 1391 2206 1445 nullam
2235 1408 2300 1444 ex
2336 1407 2392 1446 se
2423 1395 2630 1461 prolem
2671 1397 2883 1461 edebat,
2926 1397 3059 1451 Exin
3099 1398 3308 1455 Tharas
3336 1418 3456 1456 cum

1907 1482 2091 1536 liberis
2112 1483 2417 1536 Chaldzeam
2455 1485 2715 1540 deserens
2751 1497 2810 1541 ut
2846 1489 2897 1542 in
2948 1490 3310 1547 (Ihananzeam
3357 1496 3459 1548 mi-

1906 1580 2108 1640 graret,
2159 1572 2402 1628 Charras
2458 1590 2629 1644 usque
2690 1580 2977 1644 processit,
3038 1581 3220 1649 ibique
3275 1584 3456 1636 sedem

1910 1663 2052 1729 lixit;
2087 1678 2316 1733 cumque
2356 1666 2528 1718 artatis
2558 1680 2758 1720 annum
2783 1670 3211 1724 ducentesimum
3251 1681 3452 1741 ageret,

261 1754 371 1808 loco
400 1755 655 1807 dicuntur
687 1751 795 1823 (55)
829 1755 911 1808 hae
943 1763 1132 1823 gentes
1167 1769 1197 1807 a
1243 1753 1607 1808 Rhinicorura
1635 1770 1804 1823 usque
1837 1733 1876 1788 Β
1904 1752 2125 1806 Charris
2147 1762 2350 1808 natura:
2380 1758 2664 1811 concessit.

264 1843 482 1896 Gadiron
508 1845 779 1899 australes
812 1845 1063 1914 regiones
1089 1845 1410 1900 incoluisse.

321 1976 371 2029 3.
410 1974 619 2031 Rursus
646 1990 708 2030 ex
735 1977 922 2031 eodem
947 1976 1220 2033 Getteseos
1248 1979 1406 2043 libro,
1428 1978 1642 2035 Jabethi
1671 1981 1805 2034 libe-

260 2062 300 2116 ri
329 2082 341 2116 :
375 2063 657 2127 Gatnerus,
692 2080 721 2116 ει
745 2080 853 2133 quo
875 2063 1077 2118 Gamiri
1119 2066 1268 2137 (56);
1304 2066 1585 2137 Magogus,
1627 2084 1656 2121 a
1696 2085 1804 2138 quo

259 2155 407 2207 Celtae
433 2161 482 2206 et
510 2152 747 2218 Galatae;
776 2153 929 2207 Mada
956 2171 984 2207 a
1018 2171 1126 2224 quo
1150 2155 1324 2223 Medi;
1357 2155 1616 2222 Javauus,
1641 2175 1669 2211 a
1697 2172 1805 2228 quo

260 2236 489 2294 llellenes
547 2241 665 2311 (57)
714 2250 766 2294 ct
806 2240 997 2307 Iones;
1033 2242 1176 2296 Elisa
1207 2252 1260 2298 et
1289 2244 1586 2310 Thobelus,
1629 2256 1667 2299 ιι»
1696 2262 1804 2316 quo

259 2329 516 2397 Thessali;
569 2331 887 2396 Mosoehus,
915 2349 944 2387 a
983 2350 1092 2404 quo
1122 2334 1323 2406 illyrii;
1362 2337 1579 2401 Thiras,
1631 2354 1659 2391 a
1695 2354 1804 2408 quo

257 2419 513 2487 Thraces;
545 2422 891 2487 Cheteimus,
928 2442 955 2478 a
981 2441 1087 2495 quo
1121 2426 1461 2482 Macedones:
1492 2427 1662 2483 Porro
1694 2430 1802 2483 Ga-

257 2514 375 2565 meri
405 2514 556 2567 liberi
592 2532 605 2567 :
650 2514 1023 2579 Asehanazus,
1059 2533 1089 2570 a
1128 2534 1236 2587 quo
1270 2517 1563 2586 Sarmatre;
1598 2520 1803 2591 Ripha-

256 2601 355 2663 tha,
381 2618 408 2654 a
430 2619 535 2672 quo
567 2602 908 2658 Sauromata!
930 2607 1073 2675 (58);
1101 2606 1444 2676 Tltorgomus
1471 2609 1604 2679 (59),
1642 2626 1670 2664 a
1696 2627 1818 2680 quo

256 2690 459 2746 Haicaui
498 2694 637 2763 (40).
683 2693 906 2749 Javanis
954 2704 1135 2750 autem
1180 2698 1333 2751 liberi
1366 2717 1379 2752 ;
1424 2698 1566 2753 Elisa
1603 2699 1735 2769 (il).
1773 2717 1803 2755 a

254 2796 351 2846 quo
371 2781 687 2840 Sicilienses
708 2793 761 2838 et
792 2786 1153 2842 Athenienses
1181 2805 1195 2853 ;
1232 2787 1479 2853 'l'harsis,
1513 2785 1684 2869 a‘quo
1707 2791 1800 2843 lli-

254 2870 357 2924 beri
400 2880 451 2924 et
484 2872 797 2942 Tyrrheni;
835 2875 995 2938 Citis,
1038 2891 1065 2927 a
1114 2891 1221 2945 quo
1276 2876 1503 2932 Romani
1536 2888 1589 2934 et
1624 2880 1801 2936 Latini

252 2966 301 3011 et
326 2959 532 3015 Rhodii.
560 2963 643 3016 Ex
679 2963 763 3017 his
805 2964 983 3017 coloni
1020 2965 1237 3019 deducti
1269 2976 1397 3020 sunt
1432 2982 1526 3036 per
1556 2970 1799 3038 gentium

252 3052 445 3110 insulas
469 3057 521 3109 in
539 3072 674 3111 suas
696 3057 895 3127 quique
912 3059 1180 3126 regiones,
1206 3063 1387 3130 populi
1406 3064 1624 3116 omnino
1644 3065 1803 3134 quin-
1826 3070 1871 3124 C

251 3142 414 3197 decim
442 3186 456 3207 ,
487 3148 659 3216 hique
687 3163 714 3200 a
748 3149 915 3204 Medis
950 3152 1013 3205 ad
1050 3150 1361 3220 Hesperiam
1401 3169 1570 3222 usque
1600 3157 1803 3223 pertin-

247 3243 532 3305 gunt,quae
570 3245 722 3306 patet
769 3239 835 3293 ad
880 3239 1155 3295 Oceanum
1188 3252 1240 3295 et
1288 3243 1558 3297 borealem
1593 3246 1800 3314 plagam

248 3335 561 3394 prospectat.
596 3327 862 3398 Deinceps
904 3341 1259 3385 recensentur
1300 3333 1480 3401 populi
1522 3349 1595 3393 ιι,
1643 3335 1799 3388 iteru-

249 3432 345 3485 que
370 3433 554 3472 eorum
583 3419 825 3474 ditiones
852 3436 947 3489 per
977 3423 1345 3490 aquilonarem
1371 3431 1601 3477 tractum
1636 3439 1663 3476 a
1692 3424 1801 3479 Mc-

246 3506 324 3559 dis
352 3524 521 3575 usque
542 3509 808 3564 G'adiron.
844 3510 1033 3564 Patent
1075 3511 1282 3564 scilicet
1328 3512 1397 3563 ab
1445 3528 1602 3567 amne
1638 3511 1803 3566 Pota-

248 3597 385 3651 ntino
413 3598 527 3668 (42)
562 3615 743 3669 usque
767 3599 832 3652 ad
862 3600 1174 3655 Mastusiam
1211 3601 1353 3673 quod
1386 3612 1467 3655 est
1507 3601 1639 3654 Ilion
1665 3603 1797 3677 (45).

308 3751 358 3803 4.
409 3749 516 3804 Sed
550 3751 703 3805 enim
738 3766 839 3820 ego
867 3763 1055 3821 gentes
1082 3753 1341 3821 ,Smgulas
1384 3754 1546 3806 trium
1598 3751 1795 3806 Noaclti

246 3837 464 3892 ﬁlibrum
498 3841 765 3894 distincte
797 3857 880 3894 me
901 3843 1275 3910 expositurum
1323 3842 1499 3910 recepi
1535 3856 1705 3909 usque
1733 3842 1797 3894 ad

246 3927 513 3982 Christum
536 3946 674 3988 eum
720 3930 955 3987 humana
987 3941 1179 3986 natura
1219 3933 1592 3999 coniunctum.
1628 3950 1800 4001 quan—

148 4034 157 4051 ο
244 4030 395 4085 quam
433 4018 643 4071 divina:
700 4017 890 4073 litterae
923 4019 1193 4073 Semilith
1227 4029 1432 4073 tantum
1470 4021 1685 4074 familize
1713 4036 1799 4075 se-

249 4106 369 4159 riem
400 4107 617 4175 scripto
640 4108 951 4172 continent;
980 4107 1047 4160 de
1077 4108 1280 4160 Chamo
1310 4115 1488 4162 autem
1522 4118 1683 4178 atque
1708 4107 1799 4162 Ja-

248 4191 415 4256 betbo,
441 4203 645 4262 praeter
664 4194 809 4248 dicta
833 4210 863 4247 a
889 4211 975 4248 me
1006 4197 1278 4264 superius,
1308 4197 1443 4249 nihil
1480 4206 1795 4251 memorant.

250 4279 374 4350 Ergo
404 4284 550 4338 Semi
582 4283 811 4352 stirpem
847 4298 876 4335 a
900 4284 1078 4352 primo
1134 4284 1422 4339 Abrahami
1473 4300 1615 4338 anno
1654 4301 1798 4339 nunc

246 4373 485 4425 exordiar
524 4392 539 4427 :
571 4374 840 4427 hactenus
873 4374 1015 4426 enim
1056 4375 1108 4427 in
1161 4374 1534 4442 superioribus
1580 4374 1796 4442 scripsi,
1833 4404 1875 4456 Β

248 4457 384 4512 brevi
417 4462 743 4535 licet‘stylo,
774 4462 959 4514 multis
985 4463 1363 4530 praetermissis
1388 4482 1401 4515 :
1428 4478 1533 4531 quo
1556 4463 1801 4516 scriben-

246 4544 296 4599 di
320 4563 515 4618 genere
552 4552 609 4603 in
635 4551 989 4618 sequentibus
1018 4553 1179 4604 etiam
1208 4560 1349 4615 utar,
1371 4567 1491 4620 qua:
1525 4552 1591 4604 de
1618 4552 1799 4606 since.

245 4639 317 4690 ris
339 4647 451 4692 tum
484 4640 697 4693 exteris
729 4648 839 4692 tum
875 4641 1074 4696 nostris
1097 4641 1373 4695 historicis
1399 4649 1560 4710 prout
1581 4656 1796 4710 zequum

246 4726 533 4788 videbitur,
570 4729 926 4782 coacervabo.

310 4920 416 4991 ('55)
455 4919 590 4991 \_’_ide
622 4921 928 4991 Syucellum
956 4930 1011 4976 et
1040 4921 1364 4991 Cedreuum.

310 4988 418 5108 (iiii)
463 4988 676 5058 Nempe
708 4990 1062 5059 Cappadoces.
1112 4990 1242 5045 V'ide
1290 4990 1483 5046 Euseb.
1524 5006 1644 5061 pag.
1694 4990 1789 5053 45,

314 5126 420 5197 (37)
471 5125 895 5197 Nempeicrwci.
946 5128 1011 5180 Et
1052 5128 1266 5197 quidem
1297 5128 1536 5183 Armenii
1577 5125 1794 5182 Grzeeos

249 5196 397 5261 vulgo
422 5196 647 5263 quidem
682 5196 841 5250 Ionas
874 5196 1092 5261 dicunt;
1121 5214 1242 5250 cum
1274 5207 1449 5250 autem
1479 5198 1661 5250 volunt
1689 5198 1798 5250 ele—

250 5265 467 5335 gantius,
490 5265 660 5335 loqui,
702 5265 977 5322 Ileltenas:
1014 5281 1286 5335 nunquam
1315 5282 1443 5320 vero
1465 5264 1692 5319 ercos.

314 5330 421 5397 (38)
447 5332 534 5385 Al.
563 5330 706 5397 ἇςοᾱ..
733 5336 1082 5388 Surontachw.

313 5393 434 5474 (393A
455 5393 788 5474 ilaici'pater
807 5404 1164 5474 Thorgomus,
1184 5420 1339 5472 quem
1365 5404 1607 5459 nominat
1630 5403 1791 5458 etiam

253 5463 489 5537 Ezechiel
527 5463 697 5535 xxvii,
732 5472 816 5533 Η,
838 5484 890 5525 et
928 5463 1159 5537 x'sxvttt,
1184 5463 1235 5526 ti.

338 5536 423 5607 ω)
449 5536 485 5587 V
498 5540 628 5607 uigo
644 5543 892 5594 Armenii.

341 5605 544 5676 tt)-AI.
568 5605 722 5678 ’ρωιη
756 5610 925 5662 Elius.

1973 1842 2028 1897 2.
2066 1843 2220 1895 Anno
2262 1847 2436 1900 aetatis
2466 1837 2864 1918 septuagesimo
2893 1852 3083 1919 quinto
3113 1852 3456 1909 Abrahamus

1906 1930 1998 1987 Dei
2021 1936 2348 1997 revelatione
2368 1936 2563 2007 dignus
2585 1939 2803 1993 habitus
2825 1948 2942 2003 est,
2967 1952 3019 1995 et
3047 1943 3219 1997 solum
3246 1954 3457 2000 vertere

1902 2022 2112 2089 jussus.
2146 2022 2326 2089 Quare
2348 2026 2569 2080 Charris
2594 2028 2794 2082 relictis
2820 2028 3178 2086 Chanauzeam
3208 2033 3454 2089 incoluit.

1905 2110 2040 2165 Tum
2068 2129 2239 2169 annos
2267 2131 2360 2170 sex
2404 2132 2566 2185 supra
2606 2119 2879 2188 octoginta
2919 2121 3031 2189 jam
3079 2131 3240 2178 natus
3287 2126 3454 2179 ﬁlium

1904 2216 1966 2255 ex
2000 2202 2172 2271 Agare
2206 2202 2351 2258 Sarze
2382 2207 2576 2258 ancilla
2606 2209 2872 2275 suscepit.
2907 2209 2994 2261 cui
3036 2226 3231 2266 nomen
3260 2215 3457 2269 indidit

1904 2290 2149 2360 lsmaeli,
2180 2296 2321 2350 unde
2352 2294 2739 2350 lsmaelitarum
2770 2301 2918 2353 natio
2939 2308 3020 2355 est
3045 2319 3060 2367 ;
3084 2302 3452 2371 Agarenorum

1906 2385 2183 2452 videlicet,
2216 2388 2305 2456 qui
2339 2387 2501 2441 etiam
2535 2386 2790 2442 Saraceni
2841 2397 2894 2441 ct
2942 2387 3147 2459 Tagikii
3201 2395 3313 2464 (44)
3361 2411 3456 2450 vo-

1905 2483 2117 2530 cantur.
2149 2475 2371 2546 lnsuper
2400 2492 2542 2530 anno
2572 2488 2694 2532 ante
2739 2480 3093 2533 centesimum
3142 2482 3282 2538 Deus
3328 2500 3452 2538 cum

1907 2566 1998 2619 illo
2024 2562 2200 2620 fmdus
2228 2568 2328 2619 iuit
2357 2567 2822 2633 eireumeisionis,
2852 2569 3077 2639 ideoque
3104 2572 3219 2641 ipse
3243 2576 3456 2627 cuncti-

1905 2673 2010 2726 que
2053 2657 2245 2712 domus
2282 2656 2409 2726 ejus
2459 2674 2633 2713 mares
2685 2660 3100 2716 circumcisione
3144 2664 3222 2716 uti
3270 2680 3452 2734 coepe-

1906 2756 2067 2800 runt:
2103 2756 2213 2799 tum
2244 2749 2402 2800 etiam
2432 2746 2770 2802 Abrahamus
2800 2764 2897 2817 pro
2924 2749 3191 2815 Ahramo-,
3221 2752 3455 2822 itemque

1905 2835 2067 2889 Sarra
2094 2844 2214 2906 'pro
2265 2837 2398 2889 Sara
2449 2837 2577 2890 dicti
2618 2845 2764 2894 sunt.
2817 2838 2999 2907 quue
3039 2854 3182 2893 anno
3214 2842 3454 2896 nondum

1903 2928 2088 2995 elapso
2120 2927 2381 2980 Dominus
2413 2925 2555 2982 Deus
2589 2943 2711 2981 cum
2742 2930 2951 2998 angelis
2984 2930 3124 2998 apud
3162 2918 3454 2987 Mambrem

1904 3017 2076 3072 cidem
2112 3031 2415 3087 apparens,
2463 3019 2606 3072 ultro
2650 3019 2852 3087 prolem
2902 3022 3100 3089 recepit
3142 3037 3201 3076 se
3230 3023 3278 3075 ei
3316 3038 3453 3077 eon~

1907 3123 2210 3164 cessurum.
2242 3106 2423 3162 Primo
2457 3108 2597 3164 inter
2636 3111 2926 3180 prophetas
2969 3112 3280 3167 Abrahamo
3318 3116 3456 3170 divi—

1906 3214 2038 3252 num
2068 3197 2303 3253 Verbum
2337 3199 2571 3252 humana
2604 3201 2781 3269 specie
2813 3204 3197 3269 aspectandum
3229 3219 3288 3257 se
3320 3219 3453 3273 prte-

1908 3290 2043 3343 bens
2084 3289 2426 3343 ethnicorum
2477 3290 2810 3344 vocationem
2853 3293 3207 3358 portendebat
3233 3332 3246 3357 ,
3291 3310 3471 3370 quani

1906 3393 2001 3446 per
2033 3379 2397 3448 evangelicum
2428 3378 2642 3432 demum
2671 3379 2838 3433 divini
2868 3379 3027 3434 Verbi
3060 3382 3362 3437 doctrinam
3400 3385 3451 3438 in

1906 3470 2063 3525 nobis
2094 3469 2233 3525 Deus
2253 3509 2269 3535 ,
2298 3470 2355 3522 id
2383 3479 2459 3524 est
2503 3472 2554 3524 in
2596 3474 2834 3540 gentium
2884 3474 3236 3529 universitate
3258 3516 3272 3540 ,
3316 3492 3451 3530 cou-

1908 3561 2218 3614 summovit.

1976 3651 2026 3705 5.
2045 3648 2163 3703 Jam
2182 3665 2306 3704 vero
2328 3651 2682 3704 centesimum
2713 3657 2913 3704 annum
2938 3653 3113 3720 agenti
3138 3653 3447 3707 Abrahamo

1910 3754 1940 3794 e
1974 3738 2108 3792 Sara
2140 3739 2369 3806 conjuge
2405 3747 2567 3793 natus
2611 3747 2695 3792 est
2739 3740 2998 3794 lsaacus:
3042 3756 3151 3808 quo
3190 3750 3452 3796 nascente

1906 3826 2055 3882 Sara:
2098 3828 2269 3896 ipsius
2313 3829 2695 3897 nonagesimns
2735 3843 2909 3883 annus
2952 3830 3280 3883 vertebatur.
3328 3830 3451 3886 Ilaec

1906 3927 2083 3973 autem
2113 3934 2235 3971 cum
2260 3917 2404 3972 edito
2429 3917 2614 3971 lsaaco
2641 3918 2798 3973 annis
2823 3928 3022 3986 septem
3046 3925 3099 3970 et
3119 3918 3338 3987 triginta
3360 3935 3451 3973 su-

1909 4010 2198 4080 perfuisset
2226 4050 2241 4075 ,
2279 4010 2387 4063 vita
2419 4009 2679 4064 excessit.
2707 4008 2838 4063 Post
2868 4010 3017 4063 Sarae
3041 4010 3249 4063 obitum
3277 4012 3455 4064 Abra-

1906 4101 2098 4157 hamus
2129 4099 2523 4154 Damascenuut
2549 4099 2863 4152 Eleazarum
2899 4098 3156 4152 famulum
3188 4101 3241 4154 in
3275 4100 3451 4156 Meso-

1905 4190 2198 4260 potamiam
2227 4189 2424 4259 legavit
2450 4226 2464 4251 ,
2504 4188 2915 4258 Rebeccamqne
2950 4189 3206 4244 Bathuele
3236 4200 3414 4243 natam
3435 4230 3451 4254 ,
3483 4238 3493 4249 ,

1906 4281 2109 4333 Labani
2156 4294 2432 4342 sororem,
2472 4278 2659 4332 lsaaco
2689 4279 2799 4332 tilio
2846 4294 2946 4333 suo
2992 4279 3361 4333 collocandatn
3400 4281 3454 4332 in

1904 4372 2251 4424 matrimonio
2294 4370 2522 4423 curavit.
2577 4369 2713 4423 Exin
2761 4369 2875 4436 ipse
2922 4383 3136 4437 quoque
3184 4368 3452 4423 Carturam

1906 4460 2009 4515 sibi
2041 4475 2258 4513 uxorem
2290 4458 2568 4527 adiunxit,
2600 4457 2666 4511 de
2695 4472 2802 4527 qua
2837 4457 3034 4511 liberos
3064 4473 3157 4511 sex
3190 4459 3448 4524 suscepit.

1904 4551 2079 4618 Atque
2112 4552 2183 4604 ita
2215 4550 2521 4603 Abrahamo
2570 4548 2746 4601 tribus
2792 4563 2822 4601 e
2868 4546 3187 4616 eonjugibus
3237 4548 3453 4604 soboles

1904 4639 2095 4692 oborta
2151 4646 2282 4702 est;
2320 4638 2515 4707 -primo
2571 4635 2787 4705 quidem
2847 4653 2913 4690 ex
2972 4639 3147 4706 Agare
3199 4636 3452 4708 Aigyptia

1902 4727 2092 4783 lsmacl
2114 4765 2129 4791 ,
2159 4743 2189 4780 a
2220 4744 2324 4797 quo
2356 4743 2489 4794 gens
2519 4725 2908 4780 lsmaclitarunt
2939 4743 2953 4790 ;
2980 4733 3091 4777 tum
3118 4740 3151 4780 e
3186 4725 3315 4780 Sara
3344 4726 3453 4781 Isa-

1964 4920 2077 4987 (42)
2110 4918 2397 4989 Syncellus
2422 4926 2479 4989 et
2500 4919 2802 4989 Cedrenus,
2836 4917 3023 4989 Tanai.
3378 4988 3381 4989 ν
3466 4972 3473 4981 ,

1962 4989 2072 5056 (45)
2107 4987 2182 5041 ita
2213 4988 2374 5040 etiam
2402 4988 2700 5056 Qedt'enus,
2738 4988 2830 5041 fol.
2865 4987 2947 5049 14,
2976 4987 3077 5051 ἓως
3108 4988 3451 5051 Μαστουσῐας

1893 5054 1989 5126 τῆς
2021 5054 2161 5126 κατὰ
2194 5058 2372 5126 Ἴλιον.
2416 5054 2617 5126 Verum
2663 5056 3158 5126 Syncelluspzb’o.
3192 5059 3295 5119 ἓως
3334 5058 3452 5110 Μα-

1900 5124 2150 5187 Graecia;
2182 5125 2281 5193 τῆς
2320 5125 2460 5178 κατὰ
2490 5126 2660 5195 ἥλιον,
2691 5124 2850 5195 usque
2898 5125 2964 5179 ad
2984 5124 3319 5180 'Mastusiam
3349 5126 3451 5178 soli

1900 5197 2212 5247 oppositam.

1929 5210 2241 5331 1)ῗέῗῖἭᾶ
2286 5262 2499 5316 nomine
2542 5263 2783 5317 Armenii
2829 5264 3089 5317 barbaros
3118 5264 3327 5316 Arabia:
3354 5277 3449 5331 po-

1940 5332 2029 5401 ulo
2059 5332 2356 5399 antiquitus
2389 5333 2827 5401 indignave-runt.
2874 5332 2948 5386 Ita
2983 5334 3034 5386 in
3068 5333 3231 5385 Biblis
3263 5334 3446 5387 Arin..

1924 5401 1941 5453 ι
1978 5400 2361 5469 Μηριιίιιιηκιι.
2404 5402 2485 5455 10.
2523 5400 2613 5455 Sic
2642 5404 2802 5455 etiam
2857 5403 3103 5469 sequiot-e
3142 5408 3297 5455 aetate
3326 5412 3448 5469 Aap-

1898 5470 2168 5539 pellebant
2219 5468 2526 5539 _Sarareuos
2570 5471 2839 5527 Armenia:
2887 5466 3251 5539 oppressores;
3308 5466 3447 5539 Quin

1898 5486 2168 5539 pettauant
2226 5486 2526 5525 Saracenos
2570 5486 2839 5527 Armenta:
2887 5486 3251 5590 oppressores.
3308 5486 3447 5531 uuln

1896 5537 2030 5591 adeo
2054 5553 2191 5605 quos
2209 5537 2457 5618 .Enroptei
2491 5540 2687 5594 'I'urcas
2704 5541 2912 5607 dicunt,
2990 5538 3176 5594 rmenii
3208 5536 3449 5606 Tagikios

1893 5622 2040 5661 nunc
2078 5616 2374 5660 nominant.
