3874 6178
415 264 518 332 5‘27

1326 264 1722 327 APPENDIX
1772 266 1871 324 AD
1914 265 2231 327 EUSEBII
2273 265 2742 332 CIIRONICON.
3499 281 3583 337 ωδ

417 397 577 444 acus,
612 395 640 433 a
677 394 783 449 quo
812 395 943 450 gens
964 377 1273 437 Judarorum
1302 397 1314 432 :
1344 387 1677 449 postremum
1708 394 1739 433 e
1769 378 1969 433 Cetura
2000 380 2043 435 Α
2073 372 2239 427 tionis
2270 373 2410 426 intra
2441 387 2615 429 annos
2646 387 2793 427 xxvn
2837 372 3115 442 perduxit,
3153 390 3383 450 annoque
3420 396 3566 449 aetatis

415 489 546 543 gens
576 471 898 525 Parthorum
924 469 1160 532 exstitit,
1188 483 1418 537 quorum
1452 483 1672 538 germen
1700 478 1784 522 est
1808 468 1972 520 Arsa-

415 579 507 617 ces
540 563 630 615 ille
662 562 895 631 inclytus
923 559 1361 613 Palilaviensium
1392 571 1445 613 et
1474 560 1859 614 Arsacidarum
1893 558 1973 611 fa-

416 652 684 705 miliarum
715 653 1041 721 progenitor.
1080 650 1247 721 Igitur
1273 651 1614 704 Ahrahamus
1662 658 1785 719 post
1824 650 1975 719 geni-

418 752 528 794 tum
562 740 804 796 lsaacum
848 742 1088 811 quinque
1132 740 1307 793 adhuc
1338 740 1497 793 armis
1537 748 1589 793 et
1628 740 1971 808 septuaginta

416 832 687 901 peractis,
720 833 794 884 ita
828 840 885 885 ut
915 847 1090 885 annos
1130 832 1356 884 omnino
1400 836 1618 883 centum
1660 836 1713 883 et
1754 837 1973 897 septua-

415 925 560 992 ginta
590 923 830 992 quinque
857 923 1120 985 vixisset,
1158 922 1267 974 fato
1297 937 1397 976 suo
1442 920 1664 975 functus
1704 929 1807 975 est.
1852 919 1970 974 Jam

416 1010 632 1066 Isaacus
662 1012 999 1081 sexagesimo
1044 1011 1219 1065 aetatis
1240 1026 1380 1063 anno
1417 1009 1649 1064 Esavum
1691 1010 1876 1078 genuit
1921 1019 1975 1064 et

413 1098 711 1163 Iacobum,
745 1111 1029 1169 postquam
1077 1100 1236 1153 annis
1288 1098 1476 1168 viginti
1528 1099 1583 1162 in
1628 1099 1972 1151 matrimonio

416 1207 539 1245 cum
570 1190 815 1245 Rebecca
851 1191 1044 1243 fuerat.
1077 1189 1333 1258 Idemque
1363 1190 1522 1243 annis
1567 1188 1743 1241 adlmc
1782 1189 1970 1258 viginti

416 1288 469 1333 et
499 1289 712 1333 centum
745 1287 1021 1347 superstes
1045 1281 1377 1347 octogesimo
1404 1285 1456 1332 et
1481 1279 1779 1333 centesimo
1802 1280 1972 1333 aetatis

417 1382 560 1421 anno
591 1367 851 1421 decessit.

484 1457 537 1510 4.
578 1454 780 1510 Jacobo
812 1454 903 1507 lilii
936 1455 1219 1509 duodecim
1248 1469 1370 1508 cum
1416 1454 1521 1509 lilia
1562 1455 1729 1526 geniti
1774 1464 1902 1511 sunt
1944 1471 1974 1510 ο

415 1547 626 1602 duabus
651 1547 849 1601 Labani
883 1546 1094 1601 filiabus
1113 1588 1127 1609 ,
1153 1545 1246 1600 Lia
1280 1546 1484 1602 scilicet
1514 1556 1675 1617 atque
1696 1547 1932 1603 Rachele
1955 1590 1970 1614 ,

416 1653 515 1691 nec
539 1653 646 1691 non
676 1654 742 1691 ex
767 1638 958 1691 harum
986 1638 1197 1691 ancillis
1225 1636 1438 1692 duabus
1468 1637 1612 1691 Balla
1642 1638 1965 1708 Zelphaque.

417 1708 735 1795 Quanquam
765 1742 893 1780 vero
923 1726 1129 1795 primus
1158 1727 1206 1781 ei
1237 1735 1398 1781 natus
1455 1728 1526 1782 sit
1584 1727 1775 1783 Ruben
1806 1745 1968 1798 quem

417 1831 559 1869 anno
589 1817 763 1870 aetatis
796 1817 984 1885 quinto
1014 1824 1066 1871 et
1092 1818 1425 1887 octogesimo
1454 1819 1639 1887 genuit
1666 1857 1680 1881 ,
1732 1828 1848 1873 tum
1884 1818 1971 1873 Si—

418 1920 574 1959 meon
608 1913 760 1959 sexto
790 1913 843 1960 et
872 1907 1204 1976 octogesimo
1232 1925 1246 1974 ;
1280 1906 1512 1962 Levinus
1538 1914 1715 1961 tamen
1748 1909 1970 1977 praefer-

418 2003 505 2049 tur
531 1995 585 2049 in
611 1996 829 2060 ordine,
854 2013 1012 2067 quem
1036 1999 1211 2052 aetatis
1241 2001 1472 2069 septimo
1516 1999 1624 2070 (45)
1656 2008 1709 2054 et
1751 2008 1971 2070 octoge-

418 2084 556 2136 simo
586 2098 728 2136 anno
760 2089 961 2138 creavit
987 2125 1000 2148 ,
1034 2085 1101 2139 de
1130 2086 1288 2154 cujus
1333 2087 1492 2140 etiam
1518 2103 1713 2158 genere
1744 2102 1971 2157 magnus

417 2173 508 2225 ille
550 2174 725 2227 Moses
754 2182 975 2228 exortus
1005 2182 1088 2229 est
1126 2194 1139 2229 :
1175 2192 1295 2243 qua:
1337 2192 1425 2231 res
1473 2177 1543 2230 ita
1595 2177 1967 2231 describitur:

415 2261 650 2317 Iacobus
682 2279 853 2317 annos
886 2272 1046 2319 natus
1068 2281 1288 2319 Lxxxvn
1313 2282 1341 2319 e
1361 2265 1455 2320 Lia
1478 2266 1709 2338 conjuge
1750 2283 1847 2343 sua
1873 2267 1973 2319 Le-

416 2356 597 2408 vinum
627 2354 907 2424 suscepit;
940 2354 1172 2411 Levinus
1202 2372 1373 2412 annos
1422 2366 1580 2412 natus
1624 2373 1747 2411 XLVI
1788 2359 1973 2426 genuit

415 2444 720 2496 Cahathum
746 2461 760 2508 ;
784 2444 1062 2498 Cabathus
1088 2461 1259 2499 annos
1282 2460 1443 2501 natus
1470 2463 1602 2501 Lxm
1636 2448 1823 2516 genuit
1845 2447 1974 2501 Am-

418 2542 665 2599 ramum;
690 2530 977 2585 Amramus
1005 2546 1176 2585 annos
1203 2540 1362 2587 natus
1386 2549 1488 2587 ιιι
1518 2535 1704 2607 genuit
1732 2534 1932 2589 Mosem
1956 2553 1971 2601 ;

418 2619 594 2674 Moses
637 2635 809 2675 annos
841 2630 1000 2675 natus
1030 2636 1167 2675 Lxxx
1203 2621 1436 2693 Egypto
1467 2625 1726 2693 populum
1761 2626 1971 2680 eduxit.

486 2712 538 2765 ὅ.
582 2710 791 2766 Rursus
839 2713 1134 2767 secundum
1189 2714 1478 2769 chronicos
1536 2714 1753 2771 Eusebii
1806 2733 1973 2771 cano-

418 2814 515 2854 nes
538 2801 647 2871 (46)
674 2801 878 2877 Jaepbo
907 2818 1104 2857 annum
1136 2804 1432 2858 secundum
1462 2814 1515 2860 et
1562 2790 1972 2877 nonagesimum

419 2894 597 2962 agenti
630 2894 695 2948 de
725 2893 958 2949 Ilacbele
988 2911 1156 2949 uxore
1185 2894 1452 2964 Josepbus
1498 2906 1660 2981 natus
1696 2907 1812 2953 est:
1856 2907 1971 2952 tum

2075 464 2372 517 centesimo
2400 472 2452 518 et
2483 463 2695 517 decimo
2728 464 2881 519 obiit.

2146 553 2199 608 7.
2255 552 2442 608 Jesum
2493 555 2817 624 praefectura
2864 554 3112 609 Iudicum
3160 559 3428 618 subsecuta
3470 578 3573 633 est;

2076 658 2306 712 quorum
2342 645 2548 713 primus

2152 734 2192 787 I.
2244 733 2507 789 Godoniel
2542 736 2700 789 annis
2731 752 2796 789 ιι,

2145 822 2208 877 Il.
2264 825 2482 880 Avodus
2513 827 2671 880 annis
2702 843 2862 880 Lux.

2148 912 2232 967 Ill.
2291 914 2526 970 Baracus
2559 926 2610 970 et
2642 916 2850 970 Debora
2881 918 3038 971 annis
3070 934 3154 973 IL.

2147 1003 2235 1057 IV.
2293 1005 2620 1077 Samegarus
2650 1018 2835 1075 postea
2861 1009 2955 1076 qui
2985 1009 3308 1080 alienigenas
3334 1025 3583 1072 sexcentos

2074 1094 2402 1150 trucidavit.

2144 1184 2208 1238 V.
2247 1185 2465 1241 Gedeon
2498 1188 2655 1241 anuis
2687 1203 2775 1240 se.

2149 1273 2233 1327 VI.
2266 1276 2649 1331 Abimelecbus
2677 1279 2835 1332 annis
2869 1294 2945 1331 Ill.

2145 1363 2260 1418 VII.
2296 1364 2468 1419 Thola
2498 1369 2654 1421 annis
2684 1383 2840 1420 xstn.

2147 1454 2275 1509 VIII.
2306 1455 2489 1512 Jairus
2523 1459 2680 1512 annis
2710 1474 2846 1510 xm.

2146 1545 2235 1599 IX.
2271 1545 2581 1615 Jephthzeus
2610 1547 2770 1602 annis
2796 1563 2872 1602 vt.

2142 1635 2209 1690 Χ.
2250 1635 2495 1692 Hesebon
2548 1639 2708 1693 annis
2756 1654 2853 1695 νη.
2906 1637 3153 1708 (Baraco
3204 1640 3354 1695 liberi
3401 1650 3594 1712 septua-

2070 1729 2241 1798 ginta,
2285 1726 2551 1782 Heseboni
2579 1730 2798 1797 triginta
2824 1729 3039 1782 fuerunt
3070 1712 3332 1807 [48:49]).
3360 1731 3595 1787 Heseboni

2072 1820 2129 1873 in
2162 1818 2509 1874 Hebraeorum
2540 1820 2833 1889 exemplari
2864 1821 3115 1877 subditur
3143 1822 3303 1877 Aﬂlon
3330 1823 3484 1893 judex
3508 1839 3591 1877 an-

2070 1910 2156 1964 nis
2205 1925 2273 1973 x,
2318 1925 2478 1979 quem
2524 1918 2704 1964 tamen
2751 1909 3102 1981 Septuaginta
3148 1914 3465 1983 Interpretes
3507 1930 3597 1968 non

2072 1998 2520 2069 agnoscunt(50).
2543 1998 2717 2067 IIujus
2747 2014 2891 2053 anno
2921 2001 3078 2055 tertio
3104 2001 3257 2056 Ilium
3283 2010 3489 2072 captum
3510 2010 3599 2059 est.

2141 2087 2232 2142 XI.
2270 2088 2488 2144 Labdon
2518 2091 2674 2144 annis
2704 2106 2818 2161 vni.
2850 2090 3023 2160 IIujus
3053 2093 3409 2162 quadraginta
3434 2094 3600 2155 liberi,

2071 2180 2379 2249 horumque
2410 2179 2503 2233 filii
2534 2181 2759 2249 triginta
2804 2184 2858 2235 in
2899 2184 3239 2255 septuaginta
3282 2185 3445 2241 asinis
3472 2186 3601 2257 equi-

2073 2270 2286 2323 tabant.

2142 2358 2238 2411 Xll
2298 2360 2563 2429 Sampson
2597 2362 2754 2416 annis
2783 2376 2872 2415 xx.

2146 2447 2283 2502 XIII.
2326 2449 2442 2504 IIeli
2477 2451 2634 2505 anuis
2669 2466 2756 2504 χι..
2792 2449 2991 2505 Verum
3035 2452 3089 2506 in
3143 2452 3491 2523 Septuaginta
3533 2448 3601 2504 In-

2074 2546 2370 2609 terpretum
2402 2541 2697 2610 exemplari
2727 2542 3041 2596 scribuntur
3072 2560 3139 2596 xx
3175 2544 3217 2596 ³.

2146 2629 2287 2685 XIV.
2333 2630 2551 2685 Samuel
2582 2639 2745 2699 atque
2776 2630 2904 2685 Saul
2933 2634 3091 2688 annis
3119 2648 3211 2687 ιι..

2146 2721 2197 2775 8.
2236 2720 2376 2775 Sane
2408 2736 2530 2774 cum
2562 2721 2616 2773 in
2652 2721 2945 2776 evolvenda
2976 2722 3120 2777 Semi
3147 2726 3358 2793 stirpe,
3386 2739 3621 2793 procrea-

2076 2808 2284 2862 tionum
2319 2810 2513 2864 seriem
2555 2810 2698 2863 haud
2748 2812 2983 2864 alienam
3031 2814 3098 2867 ab
3139 2816 3456 2884 evangelica
3501 2814 3622 2867 Mat-

2079 2901 2199 2955 thaai
2237 2900 2480 2963 ratione,
2514 2917 2687 2971 usque
2718 2901 2785 2956 ad
2813 2901 3106 2970 .Insepbum
3137 2915 3196 2957 et
3240 2906 3463 2959 Mariam
3504 2922 3617 2958 con-

418 2993 471 3036 et
511 2982 777 3054 Iosephus
801 3002 943 3039 anno
967 2982 1140 3042 aetatis
1162 2987 1371 3042 decimo
1399 2988 1628 3057 septimo
1655 3006 1683 3043 a
1717 2990 1973 3047 fratribus
2002 3009 2047 3070 ο
2083 2997 2330 3043 texturos
2356 3004 2458 3043 nos
2485 2991 2932 3058 promiserimus;
2961 3007 2991 3046 e
3021 2991 3211 3047 Jacobi
3243 2995 3429 3048 liberis
3453 3004 3623 3063 optare

418 3076 671 3130 venditus
706 3080 979 3133 concessit
1017 3078 1068 3133 in
1094 3079 1380 3149 Aigyptum
1407 3098 1422 3147 ;
1448 3095 1678 3149 cumque
1700 3081 1771 3133 ibi
1798 3083 1976 3136 trede-

418 3168 526 3219 cini
558 3168 717 3222 annis
746 3168 797 3221 in
813 3171 1089 3239 ergastulo
1115 3171 1327 3229 fuisset.
1348 3187 1489 3226 anno
1509 3172 1681 3227 artatis
1704 3174 1976 3227 tricesimo

421 3257 634 3327 Egypti
667 3258 1004 3315 dominatum
1037 3263 1305 3327 obtinuit,
1338 3278 1447 3334 quo
1480 3279 1572 3333 per
1615 3279 1786 3318 annos
1826 3272 1977 3318 octo-

420 3346 569 3414 ginta
597 3348 946 3415 perfunctus,
992 3366 1135 3406 anno
1176 3353 1391 3407 demum
1427 3353 1725 3407 centesimo
1766 3352 1976 3406 decimo

420 3442 560 3497 diem
608 3460 917 3515 supremum
960 3449 1108 3503 obiit.
1152 3445 1334 3503 Primo
1360 3448 1690 3520 Egyptiacze
1713 3448 1976 3505 ubertatis

422 3550 564 3591 anno
595 3553 773 3592 rerum
804 3538 1151 3593 moderamen
1178 3540 1243 3593 ad
1270 3540 1565 3607 .losephum
1591 3541 1824 3594 delatum
1853 3549 1934 3595 est
1959 3560 1971 3593 :

422 3640 564 3680 anno
605 3637 787 3681 autem
837 3637 1029 3683 octavo
1071 3631 1259 3684 servire
1306 3631 1503 3684 ibidem
1560 3630 1727 3685 fames
1774 3631 1973 3699 cmpit,

420 3716 577 3785 cujus
609 3719 933 3773 calamitatis
964 3735 1106 3773 anno
1134 3720 1305 3775 altero
1333 3718 1567 3775 Jac‘obus
1598 3720 1652 3774 in
1682 3720 1974 3790 Egyptum

420 3806 700 3862 descendit
748 3824 890 3862 anno
933 3811 1109 3865 aetatis
1153 3826 1331 3871 cxxx,
1380 3811 1653 3878 vitamque
1695 3811 1768 3863 ibi
1817 3810 1975 3863 annis

420 3898 599 3952 adhuc
628 3915 737 3952 xvn
770 3900 1089 3969 productam
1123 3916 1266 3954 anno
1296 3899 1507 3954 demum
1538 3916 1716 3954 cxevu
1745 3901 1971 3961 clausit,

421 4002 527 4055 quo
562 3995 802 4057 tempore
844 4004 1020 4042 rerum
1061 3990 1367 4058 potiebatur
1396 4006 1540 4043 anno
1564 3992 1674 4059 jam
1713 4000 1866 4046 sexto
1898 3992 1975 4045 vi-

421 4076 730 4143 cesimoque
756 4074 1057 4145 Iosephus,
1093 4077 1183 4146 qui
1216 4086 1267 4132 et
1305 4079 1462 4134 annis
1493 4095 1580 4132 Liv
1612 4080 1900 4149 superfuit.

489 4163 542 4217 6.
579 4163 815 4234 Josepbo
842 4182 871 4221 e
897 4168 1032 4223 vivis
1057 4179 1260 4237 erepto,
1287 4172 1603 4224 servitutem
1636 4173 1727 4226 lilii
1758 4172 1971 4228 lsraelis

421 4254 725 4308 serviebant
758 4255 1025 4327 [Egyptiis
1054 4260 1210 4314 annis
1242 4275 1416 4314 cxuv.
1465 4259 1626 4315 Fiunt
1665 4277 1793 4333 ergo
1823 4279 1851 4316 a
1880 4263 1971 4317 Ja-

421 4344 542 4398 cobi
585 4345 847 4399 descensu
891 4349 1016 4401 anni
1060 4363 1217 4404 ccxv.
1250 4351 1407 4405 Anno
1446 4352 1728 4406 servitutis
1775 4360 1971 4422 quarto
2008 4337 2048 4392 ι)
2075 4339 2277 4402 PONO.
2335 4340 2508 4407 ίηίιυίι
2544 4339 2692 4407 (5'3),

422 4446 585 4501 supra
616 4435 1008 4503 sexagesimum
1038 4437 1212 4493 Moses
1235 4439 1407 4493 lucem
1439 4443 1678 4509 aspexit;
1707 4446 1799 4510 qui
1823 4452 1973 4495 octo.

421 4523 567 4589 ginta
590 4537 762 4578 annos
788 4524 1064 4593 ingressus
1084 4566 1098 4588 ,
1126 4543 1246 4582 cum
1282 4530 1446 4582 fratre
1469 4529 1677 4585 Aarone
1701 4537 1811 4585 tres
1845 4531 1969 4584 item

420 4618 474 4664 ct
504 4614 772 4682 octoginta
820 4629 992 4669 annos
1042 4623 1196 4679 nato,
1248 4605 1511 4693 populum
1560 4619 1797 4689 Egypto
1842 4621 1970 4675 sub-

421 4699 573 4752 duxit
599 4717 611 4753 :
638 4702 724 4755 cui
770 4711 1052 4773 postquam
1086 4707 1244 4760 annis
1272 4707 1631 4779 quadraginta
1668 4711 1719 4763 in
1751 4710 1966 4765 deserto

422 4789 757 4858 prazfuisset,
808 4809 950 4848 anno
990 4797 1161 4851 aetatis
1209 4797 1468 4851 vicesimo
1512 4815 1675 4868 supra
1724 4802 1967 4856 centesi~

422 4894 570 4932 mum
604 4883 851 4937 moritur.
888 4883 1016 4940 Post
1048 4886 1246 4942 Mosem
1277 4887 1595 4969 IesusNavi
1625 4889 1798 4951 filius.
1852 4890 1971 4944 Jor-

422 4973 558 5025 dane
578 4974 916 5061 transmisso,
950 4979 1203 5046 papulqu
1231 4979 1339 5050 (47)
1364 4978 1419 5032 in
1443 4988 1643 5035 terram
1673 4985 1970 5037 annuntia-
2006 4988 2019 4993 ’

487 5100 529 5129 ’⁸
556 5097 833 5168 .Iudic.m,
867 5104 954 5157 3i.
1030 5106 1050 5136 ⁸
1090 5105 1106 5157 l
1145 5106 1276 5177 Reg.
1325 5125 1405 5174 Iv,
1444 5110 1529 5164 18.

492 5228 599 5295 ἷᾶἴῖ)
641 5228 723 5283 Al.
755 5231 874 5284 eod.
899 5272 913 5293 ,
944 5245 1107 5289 sexto.
1140 5284 1155 5292 -

491 5298 605 5431 ἕω)
644 5297 776 5352 Vide
808 5301 873 5352 ad
903 5316 990 5355 an.
1024 5303 1312 5359 Abrahami
1346 5306 1470 5359 952.

513 5367 601 5423 47)
638 5367 807 5422 Codd.
840 5369 1012 5431 Arm.,
1044 5388 1127 5424 eos
1160 5389 1254 5431 pro
1284 5376 1470 5431 populu

513 5367 601 5443 47)
628 5367 818 5443 timid.
840 5369 1012 5443 Arm.,
1044 5388 1127 5443 eos
1160 5389 1254 5443 pro
1283 5376 1547 5443 populum.

491 5436 702 5506 (48-49)
742 5436 859 5491 Alio
890 5440 942 5491 in
984 5436 1170 5494 codice
1223 5436 1562 5497 desideratur
1602 5443 1721 5496 hoc
1752 5457 1965 5497 comma

424 5506 729 5569 parenthesi
775 5509 1037 5561 clausum.

425 5639 435 5650 .
492 5573 610 5652 (501
643 5574 716 5627 Ita
746 5578 903 5652 etiam
935 5576 1197 5652 Eusebius
1222 5579 1285 5652 ad
1315 5596 1401 5634 an.
1434 5579 1785 5652 832._Verum
1818 5580 1956 5652 idem

423 5646 478 5692 in
530 5646 711 5710 priore
752 5646 888 5699 libro
938 5647 1102 5701 semel
1147 5650 1294 5715 ponit
1345 5652 1493 5718 (col.
1523 5649 1619 5703 164
1649 5651 1667 5718 )
1699 5657 1752 5704 et
1795 5650 1960 5704 semel

832 5824 859 5835 η

2076 3076 2270 3131 Iudam
2296 3077 2688 3144 debueramus,
2723 3095 2751 3133 a
2798 3091 2908 3148 quo
2948 3083 3362 3151 procreationes
3406 3084 3621 3138 deduce-

2078 3183 2261 3222 remus
2289 3185 2303 3233 ;
2350 3169 2604 3237 quoniam
2636 3185 2700 3223 ex
2734 3171 2896 3240 hujus
2927 3173 3146 3226 surculo
3180 3172 3445 3230 Dominus
3481 3188 3651 3244 (ξιον-ι

2079 3267 2166 3313 tus
2225 3267 2327 3314 est.
2377 3260 2762 3315 Verumtamen
2806 3276 3032 3316 necesse
3084 3262 3227 3327 fuit,
3279 3266 3334 3318 in
3384 3264 3541 3319 Mosis
3579 3270 3625 3316 et

2075 3352 2202 3409 Jcsu
2239 3352 2680 3421 reliquorumque
2710 3353 2937 3422 gratiam
2960 3393 2973 3417 ,
3007 3354 3098 3423 qui
3130 3357 3340 3424 populo
3371 3370 3538 3425 usque
3566 3355 3624 3407 ad

2077 3444 2336 3499 Davidcm
2386 3444 2479 3511 jus
2535 3442 2938 3511 reddiderunt,
2995 3443 3263 3499 Lavinum
3320 3448 3441 3500 loco
3491 3444 3629 3500 Juda:

2077 3549 2527 3591 commemorare.
2566 3533 2721 3589 Nunc
2756 3542 2933 3588 autem
2968 3536 3109 3592 unde
3138 3553 3241 3606 par
3276 3545 3362 3592 est
3399 3552 3509 3593 rem
3539 3536 3625 3592 de-

2077 3643 2187 3682 nuo
2220 3637 2546 3695 repetamus.

2145 3718 2198 3772 9.
2242 3718 2585 3772 Abrahamus
2636 3719 2820 3787 genuit
2871 3718 3112 3789 Isaacum
3137 3736 3151 3783 ;
3208 3721 3432 3775 lsaacus
3478 3718 3627 3773 Jaco-

2075 3808 2239 3872 bum;
2275 3806 2510 3862 Iacobus
2559 3822 2703 3860 anno
2740 3809 2914 3861 astatis
2944 3823 3183 3861 Lxxxvm
3228 3808 3431 3863 Judam
3471 3826 3501 3865 e
3545 3809 3631 3862 Lia

2074 3912 2242 3952 uxore
2273 3899 2514 3968 suscepit
2544 3916 2558 3963 ;
2589 3898 2757 3952 Judas
2790 3913 2963 3951 annos
2996 3904 3159 3952 natus
3196 3914 3371 3953 sum
3410 3897 3628 3951 Pharem

2075 3986 2258 4055 genuit
2284 4002 2298 4050 ;
2330 3985 2533 4040 Phares
2561 3995 2738 4040 autem
2770 3998 2913 4037 anno
2937 3984 3111 4038 aetatis
3154 3984 3444 4055 Lvm,(5l)
3474 3983 3635 4035 Επαι-

2073 4084 2240 4132 nem;
2298 4068 2473 4123 Esron
2524 4083 2668 4121 anno
2720 4068 2896 4121 aetatis
2947 4068 3305 4135 nurgenuit
3339 4067 3630 4126 Aramum;

2075 4162 2305 4214 Aramus
2350 4175 2491 4213 anno
2539 4159 2714 4213 aetatis
2762 4171 2902 4211 xnvu
2958 4158 3141 4224 genuit
3194 4157 3633 4219 Aminadabum;

2076 4249 2441 4304 Aminadabus
2495 4263 2638 4301 anno
2685 4248 2858 4301 aetatis
2907 4264 3009 4302 ην
3061 4248 3253 4317 genuit
3308 4246 3630 4300 Naasonem.

2763 4345 2879 4392 erat
2924 4339 3302 4392 Aminadabus
3355 4336 3635 4407 copiarum

2072 4429 2224 4484 Iudae
2256 4430 2386 4490 dux,
2422 4443 2531 4497 quo
2560 4435 2803 4495 tempore
2833 4427 3008 4482 Moses
3051 4426 3274 4484 Israelis
3322 4425 3633 4496 progeniem

2070 4535 2136 4574 ex
2194 4519 2427 4590 Egypto
2482 4517 2722 4572 deduxit.
2771 4515 3091 4570 Condantur
3150 4516 3324 4585 igitur
3379 4531 3410 4569 a
3465 4514 3635 4584 primo

2072 4608 2364 4663 Abrahami
2398 4620 2540 4660 anno
2575 4619 2745 4675 usque
2776 4604 2842 4657 ad
2879 4603 3260 4674 migrationem
3296 4619 3366 4658 ex
3406 4601 3638 4670 Egypto

2071 4696 2477 4767 procreationes
2512 4712 2635 4757 vui,
2672 4695 2904 4762 annique
2936 4708 3047 4758 nv;
3082 4693 3151 4744 ab
3192 4691 3417 4745 Adamo
3461 4698 3635 4742 autem

2072 4787 2475 4859 procreationes
2508 4800 2704 4846 xxvm,
2737 4784 2971 4850 annique
3004 4795 3428 4835 uanocuxxix.

2144 4879 2226 4931 10.
2265 4875 2480 4930 Naason
2514 4889 2686 4928 annos
2721 4883 2879 4927 natus
2914 4887 3037 4926 κων
3069 4873 3253 4939 genuit
3296 4871 3635 4925 Sulmonem.

2072 4966 2339 5035 Eratque,
2375 4966 2449 5019 ait
2484 4966 2630 5035 (55),
2668 4963 2880 5017 Naason
2926 4964 3175 5033 princeps
3224 4961 3392 5015 Judze
3438 4963 3641 5032 myria-

2067 5236 2337 5307 omittituf
2363 5237 2466 5288 col.
2506 5234 2643 5303 l68)
2688 5233 2953 5307 IElonem.
3003 5231 3156 5285 Nunc
3208 5231 3446 5307 quidem
3466 5228 3639 5307 _aptrd

2068 5305 2206 5357 LXX
2266 5297 2453 5368 Viros,
2487 5320 2606 5369 cap.
2629 5297 2752 5366 'xu,
2805 5305 2898 5360 lt.
2947 5317 3046 5355 nec
3091 5315 3196 5355 non
3225 5297 3405 5369 apud
3466 5297 3640 5352 Biblia

2068 5320 2206 5357 mu.
2270 5320 2453 5368 Vll‘OS,
2487 5320 2606 5424 c2.
2642 5320 2693 5356 πει

2066 5374 2215 5426 Arm.
2247 5376 2483 5427 occurrit
2574 5370 2698 5425 ‘lon.

2140 5443 2251 5509 (fil)
2290 5443 2371 5493 AI.
2406 5442 2551 5509 cod.,
2585 5457 2693 5494 ως.

2142 5505 2252 5579 (52)
2290 5509 2441 5577 Apud
2505 5508 2825 5575 Eusebium,
2859 5524 2897 5573 ι,
2945 5508 3028 5575 l6,
3070 5508 3175 5575 22,
3219 5505 3495 5565 Νααποη
3536 5517 3643 5559 non

2068 5580 2451 5633 Aminadabus.

2142 5650 2252 5718 «55)
2293 5648 2519 5702 Ibidem.
