3930 6178
329 414 424 477 529
903 410 1292 477 SAMUELIS
1330 414 1696 481 ANIENSIS
1736 418 2141 485 SUMMARII
2179 423 2613 490 TEMPORUM
2655 429 2858 493 PARS
2889 433 2945 497 Ι.
3442 434 3548 499 530

333 530 447 581 dum
476 527 525 580 in
556 527 798 596 deserto,
829 529 1057 598 ejusque
1098 547 1256 586 soror
1280 533 1553 590 Elisaheth
1602 537 1862 592 Eleazaro
1895 547 1936 600 Α
1965 539 2102 594 bans
2120 544 2394 610 captivum
2423 545 2667 609 abduxit,
2688 562 2977 617 regemque
3002 548 3531 611 dixitElia’chtmum.

332 617 540 671 Aaronis
571 617 675 671 tilio
709 629 872 690 nupta
910 622 1044 689 fuit,
1078 640 1186 693 quo
1216 625 1472 695 conjugio
1518 639 1735 683 creatus
1783 635 1867 682 est
2044 630 2228 685 XVIII.
2274 632 2602 691 Eliachimus
2629 678 2644 702 ,
2694 637 2945 708 idemque
2984 639 3341 712 ioachimus,
3377 647 3536 702 annis

330 703 573 770 Pitiller‘s,
614 715 775 778 atque
820 711 892 765 ita
940 716 1162 783 contigit
1215 723 1274 768 ut
1314 714 1468 771 Judae
1520 733 1690 787 genus
1740 734 1864 773 cum
1973 726 2070 773 xit.
2106 718 2279 789 Ilnjns
2313 736 2456 775 anno
2483 722 2697 779 decimo
2738 703 2979 782 Iudaeam
3027 703 3533 789 Nabuchodonoso-

329 795 544 852 Lev-itiico
573 794 826 855 aliinitate
852 802 1192 873 iungeretur.
1233 804 1452 862 Salmon
1491 823 1665 865 annos
1702 820 1862 866 natus
1972 827 2066 868 rus
2097 811 2339 879 domuit.
2373 820 2425 869 et
2456 822 2578 883 post
2608 828 2885 887 acceptum
2932 820 3001 874 ab
3030 821 3326 879 Eliachimo
3358 827 3533 882 tribu-

324 903 452 942 xxxv
482 891 662 958 genuit
704 891 962 948 Boosum.
1008 895 1263 966 Eratque,
1291 900 1389 963 ait,
1416 900 1639 954 Salmon
1686 901 1862 957 tribus
1970 911 2082 957 tum
2118 905 2406 961 abscessit.

318 974 457 1030 Iudae
510 979 782 1050 princeps,
836 998 945 1052 quo
991 993 1232 1055 tempore
1282 987 1440 1044 Jesus
1488 1006 1611 1044 cum
1658 994 1859 1061 populo
2039 990 2179 1045 XIX.
2220 991 2569 1060 Joacliimus,
2603 995 2851 1066 idemque
2888 996 3215 1063 Jechonias,
3250 1005 3528 1060 mensibus

316 1063 584 1121 Iordanem
616 1070 846 1139 trajecit.
903 1074 953 1129 Is
1009 1091 1232 1131 uxorem
1282 1080 1553 1147 cepnlavit
1596 1082 1698 1136 sibi
1752 1082 1863 1137 Ra-
1970 1097 2051 1136 ιιι.
2088 1081 2363 1140 Reversus
2407 1063 2981 1144 Nabuchodonosorus
3018 1088 3358 1146 Joachimum
3389 1112 3527 1165 quo-

318 1153 493 1207 haliam
513 1194 528 1220 ,
560 1172 719 1226 quam
767 1158 925 1215 divus
956 1165 1285 1232 evangelista
1309 1166 1439 1220 dicit
1474 1166 1782 1223 Rechabam
1811 1176 1855 1226 δ.
1966 1188 2071 1242 que
2102 1174 2154 1227 in
2188 1176 2551 1244 captivitatem
2583 1177 2906 1246 deportavit.

317 1247 444 1303 Idem
470 1250 868 1309 Bethlehemum
893 1259 1080 1313 urbem
1106 1260 1158 1313 in
1184 1260 1336 1316 Iudae
1358 1264 1563 1320 ditionc
1588 1266 1853 1322 fundavit.
2037 1262 2152 1318 XX.
2194 1265 2498 1322 Mathanias
2521 1306 2536 1330 ,
2576 1267 2825 1339 idemque
2859 1269 3153 1328 SedeChiaS
3172 1310 3187 1340 ι
3225 1276 3383 1330 annis
3417 1294 3490 1331 Xl-

378 1341 452 1397 II.
493 1342 697 1400 Boosus
742 1362 915 1405 annos
962 1360 1122 1406 natus
1171 1368 1303 1408 cvm
1354 1358 1540 1426 genuit
1586 1359 1851 1416 Obedum.
2034 1354 2365 1413 DUOdeCimO
2426 1358 2705 1415 δϐάθειιίω
2758 1376 2902 1417 anno
2957 1363 3527 1425 Nabucliodonosorus

310 1429 468 1486 Booso
496 1437 676 1503 nupsit
717 1436 896 1492 Rntha
955 1441 1203 1498 Moabitis
1247 1444 1465 1501 femina.
1515 1447 1853 1518 Epiphanius
1962 1444 2247 1502 Chaldaeus
2289 1450 2465 1518 captis
2497 1446 2887 1523 Hierosolymis
2934 1457 3192 1527 templum
3240 1464 3520 1516 cremavit.

307 1521 646 1578 Atnanitidein
670 1526 746 1578 ait
769 1525 1040 1594 Rutltam,
1067 1535 1275 1587 scilicet
1301 1537 1680 1593 Amonitidcm.
1712 1541 1853 1596 Obe-
1963 1539 2231 1593 Manserat
2289 1543 2548 1610 templum
2596 1521 2763 1600 annis
2805 1521 3065 1603 CCCCXLII:
3120 1548 3175 1604 ltt
3219 1552 3523 1622 quadrage-

305 1612 395 1666 dus
420 1629 584 1668 annos
611 1624 772 1671 natus
800 1634 849 1671 cr
879 1622 1064 1689 genuit
1090 1621 1383 1690 Jessmum;
1409 1626 1645 1686 Jcssmus
1678 1647 1851 1688 annos
1960 1632 2113 1686 sima!
2152 1632 2395 1701 seplimat
2431 1634 2753 1704 Olympiadis
2796 1651 2998 1691 annum
3040 1650 3293 1709 quartum
3331 1643 3523 1698 iHCidit

306 1713 447 1757 natus
494 1720 634 1761 cur
689 1711 876 1778 genuit
931 1710 1225 1780 Davidem;
1279 1715 1445 1770 David
1481 1735 1653 1775 annos
1689 1735 1853 1779 natus
1959 1722 2294 1791 captivitatis
2343 1722 2589 1789 initium,
2625 1726 2923 1797 eademque
2969 1744 3143 1785 annos
3175 1736 3521 1803 septuaginta

303 1806 418 1847 ιιιιι
452 1799 637 1862 genuit
693 1798 1059 1856 Solomonem.
1113 1803 1204 1859 Ille
1248 1808 1570 1865 tricenarius
1620 1828 1848 1883 regnum
1957 1816 2263 1882 occupavit.
2297 1812 2428 1869 Post
2456 1829 2662 1869 annum
2694 1818 3030 1887 captivitatis
3061 1821 3379 1877 vicesimum
3412 1823 3520 1879 Na-

302 1886 594 1952 auspicatus
622 1896 738 1955 est,
769 1892 1038 1962 annisque
1068 1910 1134 1947 xt.
1181 1899 1437 1963 retinuit,
1477 1902 1585 1954 vita
1637 1905 1701 1956 ad
1754 1920 1836 1959 se-
1880 1896 1920 1949 Β
1951 1904 2443 1964 bnehodonosorus
2473 1924 2503 1964 e
2537 1908 2644 1963 vita
2676 1910 2946 1980 migravit.

299 1980 674 2048 ptuagesimum
711 1997 911 2037 annum
938 1993 1230 2054 protracta.
1264 1986 1517 2044 Solomon
1552 2007 1723 2048 annos
1747 2011 1814 2049 na

2021 1992 2107 2055 1.3.
2148 1992 2398 2050 .Iamvero
2427 1998 2481 2050 in
2510 1996 2742 2051 Matthxi
2773 2000 3085 2072 genealogia
3106 2001 3396 2058 Jechonias
3422 2019 3516 2073 ge-

298 2075 373 2122 tus
407 2085 514 2124 xxu
547 2072 662 2142 (54)
691 2076 874 2144 genuit
907 2064 1269 2132 Roboatnum.
1316 2080 1457 2134 Idem
1508 2092 1705 2153 quarto
1758 2102 1845 2141 re-
1951 2083 2067 2137 nuit
2100 2084 2446 2142 Salathielem
2497 2103 2640 2142 anno
2665 2064 2840 2145 aetatis
2870 2107 2956 2145 LVI
3076 2093 3163 2147 hic
3207 2093 3518 2157 Zorobabe-

295 2160 373 2228 gni
406 2163 484 2215 sui
520 2178 666 2217 anno
700 2167 882 2235 templi
915 2168 1200 2222 aediﬁcium
1250 2174 1536 2227 excitabat.
1582 2174 1664 2243 (Α
1699 2175 1846 2232 Mose
1947 2174 2050 2228 lem
2095 2191 2239 2231 anno
2294 2194 2377 2230 Lvr
2409 2196 2424 2244 ;
2476 2179 2565 2233 hic
2591 2178 2861 2234 Abiudum
2906 2196 3049 2236 anno
3076 2200 3178 2237 va
3206 2202 3220 2250 ;
3252 2184 3341 2239 hic
3372 2184 3515 2239 Elia-

295 2265 606 2323 cgressuqne
635 2271 698 2309 ex
731 2256 965 2328 Aigypto
995 2277 1167 2328 usque
1198 2262 1263 2315 ad
1309 2263 1656 2320 Solomoncm
1700 2274 1843 2322 tem-
1946 2265 2182 2317 chimum
2216 2281 2358 2319 anno
2388 2284 2488 2333 Lx;
2527 2269 2854 2324 hicAzorem
2878 2286 3020 2326 anno
3050 2289 3248 2338 xxxix;
3288 2275 3376 2328 hic
3415 2275 3516 2330 Sa-

291 2344 456 2411 pliquc
504 2346 782 2414 opiﬁcium
832 2351 1195 2406 conficiuntur
1243 2356 1369 2408 anni
1420 2371 1710 2414 ccccuxx,
1762 2360 1844 2415 Ab
1945 2353 2177 2409 dochum
2217 2372 2361 2411 anno
2393 2374 2541 2414 xxxi.
2569 2359 2748 2413 Primo
2780 2357 3013 2415 Sadocbi
3040 2378 3182 2418 anno
3210 2364 3514 2421 Alexander

290 2434 477 2490 Adamo
522 2446 708 2493 autem
766 2445 1149 2515 ιιιιιιιιειχιχ.)
1205 2444 1347 2500 Idem
1405 2448 1708 2506 duodennis
1756 2467 1820 2506 re

1946 2443 2170 2499 Macedo
2209 2447 2486 2502 inclaruit.
2518 2448 2568 2502 Is
2595 2448 2816 2502 Achiam
2839 2465 2981 2504 anno
3007 2454 3182 2507 aetatis
3208 2468 3397 2518 xxxrv;
3421 2454 3511 2509 hic

287 2541 434 2594 gnum
465 2529 697 2599 adeptus
740 2541 824 2587 est
872 2533 1022 2606 (55),
1075 2538 1220 2606 quod
1270 2553 1337 2591 χι,
1393 2541 1551 2596 annis
1606 2541 1836 2608 insmm,
1943 2531 2194 2587 Eliudum
2236 2550 2379 2588 anno
2429 2536 2680 2596 xxxzhic
2708 2535 3011 2590 Eliazarum
3069 2554 3213 2593 anno
3234 2556 3386 2607 Lxu;
3420 2542 3510 2596 hic

287 2618 455 2674 vivens
480 2624 644 2675 annis
674 2638 765 2678 LII.
1944 2623 2250 2676 Mathancm
2298 2639 2441 2677 anno
2491 2640 2736 2689 xxxvm;
2780 2625 2870 2678 hic
2900 2624 3159 2679 Jacobum
3199 2641 3342 2682 anno
3398 2644 3506 2695 Lx;

1943 2710 2030 2764 hic
2070 2709 2365 2780 Josephum
2429 2726 2572 2764 anno
2610 2727 2791 2767 LXXVI.
2858 2711 3019 2768 Jesus
3063 2713 3317 2771 Christus
3361 2719 3507 2788 apud

1939 2800 2090 2856 Iuda
2123 2800 2529 2856 Bethlehemum
2575 2802 2837 2857 nascitur.
2896 2802 3118 2858 Summa
3165 2810 3426 2876 temporis
3475 2830 3508 2869 a

1941 2893 2125 2962 templi
2175 2893 2521 2961 reparatione
2571 2893 2639 2946 ad
2687 2894 2890 2949 Christi
2946 2896 3147 2948 natalia
3198 2899 3324 2952 anni
3376 2916 3502 2960 sunt

1938 2998 2104 3038 nxvnt
2131 3003 2145 3051 ;
2178 2999 2208 3038 a
2232 2983 2525 3039 Solomone
2552 2986 2835 3055 primoque
2863 2987 3047 3056 templi
3075 2987 3303 3044 aedilicio
3333 3005 3505 3060 usque

1936 3076 2003 3131 ad
2031 3077 2328 3131 secundum
2379 3077 2507 3129 anni
2555 3078 2810 3142 nxn;ab
2837 3077 2985 3132 exitu
3035 3078 3104 3132 ad
3153 3078 3500 3136 Solomonem

338 3185 375 3241 I.
417 3187 733 3246 Roboamus
759 3167 947 3257 regnat
971 3193 1325 3255 Jerosolvmis
1352 3167 1511 3257 annis
1540 3218 1672 3257 xvtt.
1860 3216 1905 3257 ρ
1928 3168 2064 3221 anni
2091 3182 2361 3246 eccm-JH
2397 3183 2412 3231 ;
2443 3168 2512 3250 at?
2538 3167 2853 3223 Abrahamo
2881 3169 2948 3223 ad
2974 3169 3178 3224 unum
3217 3171 3348 3225 anni
3388 3187 3497 3238 DV;

341 3210 375 3241 I.
417 3210 733 3246 nonoamus
759 3210 947 3264 regnat
971 3210 1325 3269 Jerosotymis
1352 3210 1511 3257 annis
1540 3218 1672 3258 xvu.
1860 3216 1905 3276 ο
1928 3210 2064 3270 """'.‘
2092 3210 2361 3270 ““’.“’“τ““’““
2398 3210 2412 3231 ’
2443 3210 2510 3250 ““ἶ
2538 3210 2948 3271 ’“”’”““’”“““’.““
2975 3210 3178 3224 “’“”’”’
3217 3210 3348 3225 um"
3388 3210 3450 3226 ν’
3480 3214 3497 3238 ’

341 3277 398 3332 η.
436 3264 615 3337 Amas‘
642 3284 801 3337 annis
835 3301 921 3337 m'
1937 3274 1967 3312 a
1996 3259 2201 3314 dliIIVIO
2229 3259 2294 3313 ad
2328 3258 2696 3313 Abrahamnm
2740 3274 2867 3313 aunt
2893 3274 3165 3315 accccxtu
3194 3279 3210 3326 ;
3258 3262 3326 3316 ab
3354 3262 3502 3316 Ada-

341 3298 398 3332 ιι.
436 3298 610 3337 amas
642 3298 801 3339 annis
835 3301 921 3339 tu.

333 3367 416 3424 III.
454 3371 565 3427 Asa
602 3372 716 3444 (56)
746 3377 906 3431 annis
937 3392 1044 3431 xu.

1938 3298 1967 3312 ..
1996 3298 2200 3314 ...μων
2229 3298 2294 3313 ....
2328 3298 2696 3313 .-.................
2894 3298 3165 3315 "seu"-..
3194 3304 3210 3326 ,
3258 3298 3325 3316 ..υ
3354 3298 3497 3316 ηε...-

1938 3364 2027 3403 ιιιο
2081 3351 2146 3403 ad
2176 3351 2437 3405 diluvium
2483 3350 2608 3404 anni
2655 3366 2908 3405 uuecxut
2948 3370 2961 3405 :
3001 3367 3211 3406 summa
3264 3352 3497 3423 denique

403 3411 416 3424 .
454 3411 565 3427 οισι.
603 3411 716 3444 μιν]
746 3411 906 3431 unauna
937 3411 1044 3431 Aulo
2152 3443 2160 3451 ,
2804 3442 2815 3455 .
2877 3442 2888 3454 .
3093 3443 3104 3455 .
3305 3443 3317 3455 ο
3410 3411 3426 3423 ⁸

403 3500 417 3510 ⁸
455 3462 791 3510 Jnmnhmm
824 3470 982 3510 anni“
1017 3486 1121 3510 ην
1162 3472 1272 3510 ηπ(
1936 3450 2195 3510 temporis
2228 3441 2298 3494 ab
2324 3440 2532 3494 Adamo
2579 3439 2645 3493 ad
2689 3441 2891 3495 Christi
2939 3443 3142 3495 natalia
3191 3459 3318 3497 anni
3367 3453 3497 3499 sunt

1934 3545 2484 3593 IMIIIICLXXXXVIII,
2543 3539 2703 3599 prout
2761 3530 3114 3602 Septuaginta
3168 3532 3495 3603 Interpretes

1932 3621 2146 3675 docent.

344 2731 424 2785 12.
464 2731 594 2789 Post
654 2733 998 2793 Solomonem
1050 2739 1265 2799 Israelis
1316 2758 1539 2813 regnum
1594 2746 1839 2803 bifariam

282 2822 497 2878 divisum
532 2836 642 2883 est.
710 2827 969 2886 Samaria!
1010 2833 1197 2889 decem
1240 2836 1494 2893 tribubus
1551 2839 1835 2909 imperavit

280 2910 628 2971 Jeroboamus
660 2917 852 2975 Nabati
894 2921 1078 2989 ﬁlius,
1102 2926 1257 2995 isque
1300 2943 1393 2983 rex
1439 2928 1653 2985 Israelis
1689 2933 1838 2986 voci-

280 3012 411 3061 tatus
439 3015 540 3062 est.
575 3007 933 3081 Jerosolymis
961 3021 1143 3068 autem
1186 3016 1470 3086 imperavit
1515 3019 1831 3077 Roboatnus

280 3094 575 3154 Solomonis
616 3100 793 3165 tilius,
826 3101 982 3171 isque
1013 3120 1103 3159 rex
1137 3105 1292 3162 Iudae
1321 3110 1623 3178 appellatus
1654 3123 1759 3167 est.

333 3460 417 3514 IV.
455 3462 791 3535 Josaphatus
824 3470 982 3524 annis
1017 3486 1121 3525 xxv
1162 3472 1296 3544 (57).

335 3549 395 3604 V.
432 3552 697 3611 Joramus
729 3557 889 3613 annis
925 3575 1045 3613 vni.

331 3640 416 3696 Vl.
456 3643 732 3702 chosias
766 3662 910 3703 anno
945 3665 983 3703 I.

330 3731 435 3789 vn_
476 3735 708 3791 Godolia
739 3750 911 3795 mam.-
939 3741 1059 3811 ejus
1087 3746 1245 3799 annis
1279 3761 1375 3799 νη,
1828 3802 1844 3812 ἢ
2007 3733 2088 3786 ιι.
2128 3732 2258 3787 Post
2285 3733 2488 3803 obitum
2524 3731 2833 3789 Solomonis
2856 3774 2870 3798 ,
2907 3743 2965 3788 ut
2995 3736 3106 3802 jam
3138 3736 3344 3792 dictum
3370 3753 3490 3804 est,

331 3821 459 3876 VIII.
499 3824 705 3881 Joasus
738 3830 896 3884 annis
928 3846 1016 3885 χι..
1049 3830 1184 3888 Tres
1220 3834 1383 3888 hosce
1415 3851 1567 3907 rcges
1587 3879 1601 3902 ,
1631 3853 1820 3908 nempe

1938 3824 2210 3878 Roboamo
2259 3839 2482 3894 regnum
2537 3838 2772 3886 exorso.
2822 3825 2931 3878 imo
2983 3827 3158 3895 primo
3210 3832 3490 3899 regnantis

268 3908 547 3968 chosiam
606 3931 729 3970 cum
781 3917 1008 3974 Godolia
1059 3931 1262 3987 matre,
1310 3923 1533 3981 Joasum
1573 3935 1625 3982 ct
1659 3928 1824 3982 Ama-
1930 3925 2073 3967 anno
2095 3952 2109 3976 ν
2146 3911 2406 3967 saluari“?
2433 3912 2619 3967 decem
2651 3913 2902 3968 tribubus
2932 3915 3199 3986 imperare
3230 3920 3421 3988 οωρίιο

262 4000 387 4054 siam
407 4042 422 4067 ,
452 4005 665 4062 idcirco
693 4008 745 4062 in
772 4024 929 4064 suam
958 4015 1322 4083 genealogiam
1350 4018 1683 4087 evangelista
1712 4034 1822 4074 non
1998 4004 2040 4058 Ῐ·
2081 4003 2438 4058 δθτοδοδηῖυε
2467 4002 2661 4058 Nam“
2692 4004 2834 4060 ﬁlius
2866 4008 3023 4081 an?“
3054 4022 3188 4062 “"-

263 4092 464 4159 intulit,
495 4097 651 4167 quod
683 4099 770 4153 illa
806 4100 948 4164 mia,
979 4102 1035 4155 hi
1067 4114 1289 4173 ηεροιρε
1325 4106 1528 4162 Achab;
1564 4108 1815 4163 ίηξεεεηι,
1994 4094 2113 4148 Jam
2150 4095 2225 4149 uti
2262 4094 2482 4150 Davidis
2529 4103 2686 4150 actate
2728 4098 3184 4166 prophetaverant
3228 4098 3486 4165 Gaddus,

324 4181 411 4238 lx,
451 4186 707 4243 Amcsias
738 4191 895 4246 annis
925 4208 1073 4245 χχιχ,
1923 4185 2233 4250 Nathanes,
2286 4187 2577 4256 Asaphus;
2626 4202 2926 4259 rursusque
2974 4189 3280 4247 Solomonis
3328 4199 3487 4247 aetate

320 4274 385 4329 Χ,
426 4279 695 4344 Marias,
746 4281 994 4351 idemque
1038 4282 1240 4348 Ozias,
1296 4288 1455 4342 anuis
1506 4303 1602 4341 ιιι,
1656 4288 1817 4343 Anno
1928 4278 2239 4339 Sadochus,
2273 4277 2476 4332 Achias
2508 4276 2767 4333 Silonites
2807 4288 2859 4332 et
2905 4278 3164 4347 Sameas;
3209 4282 3280 4335 ita
3320 4282 3485 4337 etiam

259 4358 391 4419 alia
420 4369 845 4439 quadragesimo
876 4387 1019 4426 nono
1050 4358 1524 4447 prima.olympias
1554 4386 1672 4433 acta
1704 4386 1810 4433 est,
1858 4446 1865 4447 ί
1921 4366 2231 4423 Jeroboami
2316 4367 2521 4436 ﬁliique
2576 4367 2697 4435 ejus
2746 4366 2938 4423 Nabati
2992 4378 3151 4425 aztate
3203 4372 3480 4427 vaticinati

319 4456 409 4513 XI.
450 4458 777 4516 Joathamns
808 4465 964 4519 annis
995 4480 1108 4520 xw,
1856 4446 1868 4469 ¹
1923 4464 2050 4512 sunt
2094 4455 2327 4521 Achias,
2375 4454 2635 4521 Sameas,
2684 4466 2798 4511 tum
2845 4465 2900 4514 et
2942 4459 3029 4514 ille
3061 4462 3152 4530 qui
3197 4463 3264 4516 ad
3308 4452 3482 4530 ipsam

318 4545 429 4603 XII.
473 4551 731 4607 Achazus
758 4554 916 4610 annis
946 4571 1056 4610 χιιι.
1086 4555 1384 4612 Undecimo
1413 4561 1612 4614 Achazi
1663 4577 1809 4616 anno

1938 4552 2178 4606 Samaria:
2206 4564 2354 4605 aram
2386 4551 2430 4615 ⁸,
2464 4564 2565 4604 nec
2595 4564 2706 4603 non
2737 4547 2934 4604 Joasus
2957 4591 2970 4614 ,
3006 4561 3058 4605 ct
3084 4551 3197 4609 Joel
3217 4594 3232 4619 ,
3261 4561 3314 4610 et
3340 4556 3481 4609 Aza-

254 4634 408 4691 Israel
438 4638 494 4692 in
527 4641 846 4696 servitutem
882 4657 911 4695 a
943 4641 1325 4702 Salmanasaro
1353 4650 1604 4705 redactus
1633 4661 1737 4706 cst.
1921 4645 2030 4698 ritis
2059 4643 2307 4712 idemque
2332 4640 2519 4697 Addus
2539 4679 2554 4704 9
2588 4648 2750 4709 atque
2777 4640 3036 4696 Ananias-

316 4725 450 4784 XIII.
489 4729 756 4785 Ezechias
794 4733 950 4788 annis
984 4750 1130 4789 xxix.
1166 4736 1317 4791 Nono
1370 4738 1614 4795 Ezechiae
1665 4757 1808 4797 anno
1991 4732 2052 4787 "-
2096 4731 2330 4787 Ναὶκηιιε
2365 4732 2522 4788 almis
2554 4747 2612 4785 "-

254 4813 471 4872 Romam
502 4820 751 4875 condidit
785 4820 1084 4891 Romulus,
1115 4827 1205 4895 qui
1238 4835 1354 4882 erat
1397 4830 1462 4883 ab
1493 4831 1804 4887 Abrahamo
1991 4823 2075 4875 ΠΙ·
2118 4822 2275 4889 Baias
2307 4822 2416 4891 (5⁸)
2451 4823 2607 4876 annis
2644 4837 2789 4876 κυν-

252 4919 422 4962 annus
454 4924 768 4965 nccuxxm
800 4913 932 4983 (58).
1990 4911 2075 4965 IV.
2118 4910 2211 4964 Ela
2245 4913 2402 4964 almis
2433 4928 2491 4965 ιι.

315 4995 452 5053 XIV.
496 4999 780 5057 manasses
807 5005 965 5059 annis
999 5021 1087 5059 ιν.
1990 5005 2050 5058 V.
2092 5004 2309 5059 Zambri
2342 5006 2619 5059 mensibus
2648 5021 2743 5058 vti.

316 5084 430 5141 XV.
473 5087 716 5144 Amosus
744 5091 902 5144 annis
940 5107 1043 5146 ut.
1984 5093 2072 5147 Vl.
2115 5095 2266 5147 Amri
2302 5097 2460 5150 annis
2492 5112 2587 5149 xu.

312 5173 451 5231 XVI.
493 5177 671 5235 Josias
701 5182 858 5235 annis
889 5198 1045 5237 χχχι.
1314 5202 1315 5205 ‘
1498 5212 1515 5218 -

1984 5183 2093 5237 VII.
2137 5185 2427 5241 Achaahus
2460 5189 2618 5243 armis
2653 5205 2786 5242 χχιι.
3479 5254 3485 5260 ,

315 5263 478 5321 XVII.
518 5267 821 5327 Joachasus
855 5274 1133 5330 mensibus
1176 5290 1257 5329 ιιι.
1300 5274 1627 5331 Joachasum
1670 5275 1807 5333 Ncc-
1984 5274 2096 5332 Sub
2127 5278 2229 5331 huc
2254 5278 2529 5348 propheta:
2558 5279 2774 5335 fuerunt
2804 5281 3035 5348 Abdias,
3068 5282 3211 5338 Elias
3233 5323 3246 5346 ,
3278 5281 3435 5339 Iesus
3460 5322 3474 5346 ,

309 5418 335 5477 ,‘
369 5417 564 5475 Matth.
607 5439 644 5488 I,
687 5424 738 5479 5.
816 5426 836 5457 ⁵
875 5426 944 5479 111
975 5427 1107 5498 Reg.
1142 5442 1258 5491 xm,
1304 5428 1354 5481 I.

314 5571 427 5649 (ἕξ)
465 5574 556 5649 tu.
584 5576 865 5649 c_nd.,§u.
1837 5608 1840 5612 ι
1982 5584 2092 5649 (57)
2129 5583 2215 5639 AI.
2246 5582 2366 5639 cod.
2389 5623 2405 5647 ,
2437 5600 2606 5639 van.

314 5574 403 5640 (51
465 5574 556 5629 AI.
584 5576 738 5639 cnd.,
768 5593 865 5633 xu.
1837 5608 1840 5612 ι
1982 5584 2092 5649 (57)
2129 5583 2215 5639 AI.
2246 5582 2366 5639 cod.
2389 5623 2405 5647 ,
2437 5600 2606 5639 van.

314 5574 427 5713 (ssi
465 5645 548 5697 Ita
577 5646 648 5737 ait
675 5653 729 5701 et
757 5645 1082 5718 Eupolemus
1104 5650 1241 5721 apud
1266 5649 1556 5709 Eusebium
1574 5695 1589 5722 ,
1614 5652 1795 5722 Priap.
1973 5652 2091 5737 (ξε)
2119 5651 2661 5737 .aniahtetnplaqnc
2686 5656 2870 5713 Roma:
2896 5658 2995 5714 hoc
3015 5672 3157 5713 anno
3181 5672 3212 5713 a
3235 5657 3459 5717 Boniqu

246 5726 424 5780 evang.
460 5729 513 5767 ix
535 5752 551 5775 ,
578 5714 664 5769 30.
836 5714 854 5718 ⁷
1136 5714 1154 5721 ’
1575 5714 1585 5722 ’
1733 5714 1743 5722 ’
1909 5714 2170 5777 aediﬁcata
2201 5720 2363 5776 tradit
2390 5714 2672 5778 Eusebius.

317 5782 430 5847 (56)
469 5782 558 5838 AI.
587 5784 708 5842 cod.
727 5824 741 5848 ,
771 5785 1030 5858 Amp/tm.
1982 5792 2094 5863 (59)
2130 5789 2329 5849 Euseb.
2349 5832 2364 5860 ,
2396 5791 2626 5849 Baasus.
