3930 6178
424 384 527 449 531

1345 388 1737 450 APPENDIX
1775 389 1874 447 ΑΙ)
1908 386 2231 450 EUSEBII
2291 384 2757 448 CHBONICON.
3520 392 3603 456 532

428 498 610 566 Oziel,
659 498 886 555 Michael
919 516 934 565 ;
979 468 1100 552 falsi
1148 503 1323 551 autem
1377 495 1651 566 propheta:
1695 493 1990 549 Sedechias
2018 496 2060 552 Α
2090 491 2349 548 dimissos
2379 491 2618 558 Iudaeos,
2649 494 2881 563 prmside
2912 484 3242 553 Zorobahele
3266 498 3350 568 qui
3379 505 3597 571 templum

427 598 591 659 atque
618 589 844 644 Ellezer.

499 676 632 732 VIII.
672 676 934 732 Oehosias
962 677 1128 732 annis
1165 691 1224 729 ιι.

503 765 597 819 IX.
637 766 887 821 Joramus
945 767 1104 821 annis
1166 781 1264 821 xu.
1332 763 1527 820 Iterum
1593 762 1991 833 prophetabant

428 856 573 910 Elius
604 864 656 911 et
690 856 932 912 Elismus.
970 855 1209 926 Septimo
1253 853 1457 910 Jorami
1512 869 1654 909 anno
1704 853 1848 909 Elias
1905 871 1991 909 sn-

429 948 673 1017 perIatus
706 955 831 1003 est.»

495 1035 563 1090 X.
606 1035 707 1091 Jeu
736 1037 893 1091 annis
924 1051 1116 1090 xxvm.

497 1125 673 1181 Minas
696 1166 709 1190 ,
744 1141 880 1196 quas
911 1126 1003 1180 Dei
1069 1125 1218 1180 furor
1245 1127 1299 1180 in
1340 1127 1618 1182 Acbabum
1660 1144 1988 1199 uxoremque

426 1215 547 1284 ejus
588 1214 893 1272 chabelem
943 1217 1279 1281 intenderat,
1327 1217 1425 1273 Jeu
1481 1217 1547 1271 ad
1594 1235 1707 1274 rem
1760 1222 1989 1274 contulit

426 1308 581 1363 caesis
609 1309 948 1378 septuaginta
982 1309 1183 1362 Achabi
1222 1308 1405 1363 liberis
1425 1350 1440 1374 ,
1470 1325 1569 1364 nec
1600 1326 1705 1364 non
1740 1309 1988 1366 Jezabcle

428 1398 672 1464 Sidonia,
697 1409 750 1454 et
771 1401 1179 1471 quadringentis
1200 1400 1515 1456 exsecrandi
1538 1401 1664 1456 idoli
1689 1404 1982 1472 prophetis.

424 1488 527 1544 Per
555 1491 607 1544 id
642 1499 853 1560 tempus
885 1492 1027 1561 apud
1060 1493 1310 1545 Israelem
1346 1493 1705 1561 proplietabat
1735 1495 1981 1549 Azarias.

492 1578 583 1635 XI.
624 1578 929 1636 Joacbazus
959 1581 1119 1636 annis
1151 1597 1281 1635 xvn.
1317 1581 1490 1651 Hujus
1518 1591 1676 1637 aetate
1709 1586 1798 1638 rex
1829 1583 1984 1640 Judze

422 1669 618 1727 Joasus
643 1671 892 1725 Azariam
944 1672 1246 1738 interfecit,
1276 1680 1390 1728 tum
1417 1682 1470 1728 et
1500 1673 1726 1730 Elisaeus
1756 1666 1869 1730 vita
1892 1692 1980 1732 ex-

420 1760 611 1816 cessit.

491 1848 607 1904 XII.
630 1850 826 1907 Joasus
846 1852 1003 1908 annis
1036 1868 1147 1908 xvi.

490 1939 629 1993 XIII.
656 1940 1054 1998 Hieroboamus
1097 1942 1254 1998 annis
1288 1958 1395 1998 xu.
1446 1941 1621 2013 Hujus
1651 1952 1812 1999 aetate
1841 1946 1980 1999 vati-

421 2031 585 2085 cinati
621 2041 749 2086 sunt
781 2030 1246 2098 Oseas,Amosus,
1286 2032 1450 2089 Isaias
1475 2042 1527 2089 et
1548 2033 1734 2089 Jonas.

489 2120 629 2177 XIV.
657 2121 951 2177 Zacharias
985 2123 1265 2178 mensibus
1295 2140 1365 2178 vr.

489 2212 605 2269 XV.
641 2212 915 2268 Sellumus
946 2213 1138 2269 diebus
1158 2229 1286 2270 va.

489 2302 630 2357 XVI.
662 2303 980 2360 Manaemus
1016 2304 1176 2359 anuis
1207 2321 1260 2359 ι.

489 2394 650 2451 XVII.
690 2394 932 2449 Pbaceas
954 2396 1109 2451 annis
1144 2412 1199 2450 x.
1230 2395 1386 2451 Nono
1415 2396 1579 2466 hujus
1629 2412 1775 2451 anno
1805 2397 1978 2469 prima

419 2486 686 2557 Olympias
718 2494 836 2540 acta
864 2494 969 2541 est.

486 2574 674 2631 XVIII.
707 2575 947 2631 Phaceas
985 2577 1143 2633 annis
1174 2593 1265 2631 xx.

485 2664 628 2721 XIX.
654 2665 823 2721 Oseas
853 2664 1011 2722 annis
1043 2683 1121 2722 ix.

486 2754 627 2812 Osca
657 2766 934 2826 regnante,
961 2756 1144 2812 decem
1179 2758 1353 2813 tribus
1383 2756 1630 2813 servituti
1659 2757 1978 2828 mancipatae

416 2853 545 2902 sunt
572 2860 602 2899 a
632 2836 1036 2911 Salmanasaro,
1088 2846 1436 2917 deletumque
1482 2846 1837 2902 lsraeliticum
1883 2848 1980 2901 Sa-

417 2940 601 2994 maria:
620 2956 867 3009 regnum,
894 2955 1037 2995 anno
1087 2940 1289 2995 Achazi
1315 2940 1637 3010 imperantis
1663 2940 1971 3004 undecimo,

414 3037 702 3099 postquam
724 3030 883 3086 annis
916 3044 1014 3084 CCL
1036 3034 1298 3085 stetisset.
1348 3029 1487 3084 Hinc
1513 3037 1691 3085 autem
1730 3030 1796 3084 ad
1837 3037 1975 3085 tem-

2099 582 2397 654 urhemque
2451 585 2694 640 restituit
2729 604 2742 639 :
2780 592 2893 639 tum
2913 594 2967 639 et
2999 587 3277 655 pontiﬁces
3320 592 3600 649 exstiterunt

2096 690 2265 743 usque
2292 683 2357 727 ad
2390 680 2613 728 unctum
2641 675 2946 739 ducem,-in
2970 691 3079 745 quo
3110 678 3415 746 patriarcha:
3442 680 3601 739 Jacobi

2090 765 2404 818 vaticinatio
2442 766 2645 818 exitum
2708 766 2901 819 sortita
2949 774 3032 819 est
3061 767 3286 821 dicentis
3315 787 3328 824 :
3358 768 3494 825 Haud
3521 774 3603 827 de-

2091 853 2357 909 fccturum
2384 873 2412 908 e
2434 852 2570 906 Juda
2605 853 2903 923 principem
2922 892 2938 917 ,
2969 854 3053 908 vel
3077 854 3143 909 de
3173 856 3402 923 ejusdem
3433 858 3606 914 femore

2093 943 2304 1007 ducem,
2338 944 2513 1011 quoad
2536 942 2625 996 ille
2654 941 2972 997 adventaret
3021 943 3087 997 ad
3109 959 3263 1011 quem
3294 947 3502 1015 pertinet
3523 950 3603 1002 im-

2090 1035 2299 1105 perium
2330 1036 2369 1089 °.
2399 1035 2516 1089 Jazn
2539 1035 2678 1091 duce
2711 1035 3044 1091 Zorobabcle
3075 1037 3313 1107 pontifex
3337 1048 3445 1094 erat
3469 1040 3606 1098 Jesus

2086 1126 2369 1181 Josedechi
2404 1126 2546 1181 ﬁlius
2583 1143 2596 1177 ε
2624 1129 2744 1181 exin
2791 1126 3073 1183 Jachimus
3100 1168 3115 1192 ,
3148 1129 3287 1183 idem
3312 1131 3397 1199 qui
3419 1130 3608 1186 Joachi-

2088 1232 2231 1280 mus,
2259 1216 2387 1272 Jesu
2422 1218 2602 1273 ﬁlius:
2636 1233 2735 1272 uec
2787 1234 2897 1273 non
2956 1218 3304 1290 Elarus(60),
3355 1220 3484 1275 idem
3531 1223 3608 1292 qui

2087 1308 2389 1370 Esiasibus,
2428 1309 2571 1363 ﬁlius
2614 1308 2871 1364 Jachimi.
2929 1308 3057 1363 Erat
3079 1311 3301 1379 insuper
3335 1311 3521 1367 Esdras
3543 1328 3612 1366 sa-

2086 1398 2302 1464 cerdos,
2328 1400 2507 1454 scriba
2550 1400 2725 1469 legum
2773 1415 3076 1465 sacrarum,
3131 1402 3429 1471 nobilisque
3452 1403 3614 1456 doctor

2084 1504 2274 1544 eorum
2294 1490 2382 1560 qui
2417 1489 2690 1559 Babylone
2748 1491 2799 1544 in
2851 1490 3092 1545 Judaeam
3126 1491 3468 1547 ascenderant
3498 1493 3610 1564 (6|).

2082 1579 2280 1634 Joadas
2315 1580 2465 1634 Asibi
2503 1581 2663 1645 lilius,
2700 1580 2803 1635 sub
2829 1596 2937 1649 quo
2963 1579 3254 1635 Nehemias
3292 1583 3497 1637 Artaxis
3514 1585 3616 1652 pinv

2084 1687 2269 1735 cerua,
2292 1687 2487 1743 genere
2506 1670 2786 1734 Hebraeus,
2811 1670 3086 1741 Babylone
3116 1674 3257 1727 venit
3284 1672 3614 1745 Hierosolyma

2087 1778 2382 1830 murosque
2407 1761 2686 1816 excitavit.
2718 1760 2959 1815 Joannes
2983 1760 3168 1816 Joadaa
3198 1762 3355 1818 ﬁlius.
3407 1761 3615 1819 Joannis

2087 1852 2229 1907 ﬁlius
2257 1852 2482 1915 Jaddus,
2507 1852 2664 1920 cujus
2687 1861 2844 1907 aetate
2880 1851 3100 1906 Macedo
3129 1853 3427 1908 Alexander
3452 1853 3618 1909 Iliero-

2086 1944 2293 2013 solyma
2323 1941 2601 2011 ingressus
2633 1941 2799 1995 Deum
2824 1942 3092 1997 adoravit.
3116 1942 3285 1997 Onias
3309 1942 3455 1996 Jaddi
3479 1942 3616 1996 ﬁlius.

2087 2033 2306 2087 Simeon
2336 2039 2694 2101 cognomento
2732 2029 2945 2087 Justus.
2985 2030 3257 2087 Simeonis
3308 2031 3461 2087 frater
3487 2031 3621 2087 Elea-

2084 2137 2266 2185 zarus,
2291 2122 2394 2176 sub
2410 2136 2518 2190 quo
2543 2119 2899 2191 Septuaginta
2942 2120 3057 2175 Viri
3090 2122 3303 2176 divinos
3335 2122 3491 2176 libros
3512 2119 3619 2173 I’to—

2083 2214 2253 2267 lemaei
2277 2213 2425 2283 regis
2449 2213 2608 2283 jussu
2637 2213 2702 2267 ad
2745 2212 2948 2266 Graecae
2979 2212 3178 2283 linguae
3208 2212 3619 2275 consuetudinem

2080 2299 2522 2355 transtulerunt.
2582 2300 2861 2355 Manasscs
2916 2300 3157 2354 Eleazari
3210 2309 3447 2371 patruus.
3476 2299 3619 2354 Onias

2084 2385 2357 2441 Simeonis
2385 2386 2525 2442 Justi
2574 2388 2736 2443 ﬁlius.
2777 2385 2927 2442 Oniae
2976 2389 3115 2443 ﬁlius
3154 2388 3392 2453 Simeon,
3418 2389 3511 2444 sub
3533 2404 3623 2458 quo

2081 2485 2205 2531 erat
2232 2476 2395 2562 Jegus
2434 2477 2667 2531 Sirachi.
2707 2477 2976 2533 Simeonis
3009 2479 3147 2534 ﬁlius
3179 2477 3362 2534 Onias.

2153 2568 2242 2623 I8.
2276 2564 2412 2623 Tres
2442 2568 2638 2624 deinde
2677 2583 2741 2623 ac
2768 2569 2986 2639 triginta
3021 2578 3141 2639 post
3170 2586 3342 2625 annos
3357 2570 3624 2624 Antiochus

2084 2656 2392 2727 Epiphanes
2423 2658 2664 2713 Judaaam
2720 2660 3005 2728 ingressus
3062 2660 3433 2730 pontiﬁcatum
3458 2658 3622 2712 Judai-

2080 2762 2203 2801 cum
2227 2763 2256 2801 a
2295 2747 2426 2802 Jesu
2455 2756 2817 2818 cognomento
2838 2747 3038 2803 Jasone
3067 2750 3132 2803 ad
3156 2751 3397 2819 ejusdem
3431 2749 3623 2804 fratrem

2079 2833 2273 2891 Oniam
2344 2838 2665 2905 transtulit;
2724 2854 2919 2893 rursus
2982 2838 3108 2892 huic
3171 2847 3452 2909 eri-ptum,
3496 2836 3624 2891 Onize

2078 2938 2436 2995 cognomento
2470 2926 2710 2982 Menelao
2738 2929 2902 2982 dedit.
2944 2927 3067 2982 Mox
3109 2931 3303 3000 elapso
3335 2929 3622 2999 quinquen-

2078 3018 2169 3071 nio
2207 3019 2486 3087 occupatis
2537 3016 2924 3089 Hierosolymis
2974 3020 3237 3089 templum
3295 3019 3529 3088 diripuit,
3560 3016 3625 3072 si-

414 3121 561 3189 plum
605 3119 996 3192 Hierosolymis
1030 3120 1552 3176 Nabuchodonosori
1586 3120 1639 3175 vi
1673 3121 1775 3181 sub
1802 3118 1972 3175 Sede-
2003 3148 2044 3202 ο
2078 3107 2443 3202 gﬁlImJ-Iovis
2482 3109 2742 3202 Olympici
2804 3109 3002 3202 ibidem
3047 3109 3368 3202 collocavit;
3412 3109 3463 3163 in
3488 3105 3627 3162 ῧπί·

415 3211 538 3266 ehia
568 3226 816 3266 eversum
849 3211 977 3265 anni
1004 3221 1361 3266 numerantur
1390 3226 1533 3267 CLVI.

484 3304 572 3358 15.
603 3303 643 3354 Ε
675 3303 1117 3374 Paralipomenis.
1150 3304 1270 3359 Jam
1308 3306 1375 3359 de
1416 3303 1606 3367 Leviui
1665 3318 1865 3375 genere
1896 3317 1987 3358 sa-

416 3390 665 3446 cerdotes
684 3407 856 3461 usque
875 3392 943 3445 ad
972 3392 1361 3461 captivitatem
1408 3391 1630 3447 fuerunt
1655 3393 1707 3445 hi
1732 3408 1745 3444 :
1776 3391 1982 3451 Aaron,

417 3480 723 3548 Eliazarus,
761 3484 1019 3548 Phinees,
1048 3476 1315 3548 Abiudus,
1344 3484 1624 3549 Borchias,
1660 3481 1843 3546 Ozias,
1879 3483 1985 3535 Za-

420 3589 566 3637 reas,
591 3573 913 3640 Mariothus,
971 3574 1240 3639 Amarias,
1287 3574 1608 3638 Achitobus,
1674 3572 1981 3635 Sadochus,

416 3663 727 3727 Achiamas,
757 3663 1005 3731 Azarias,
1026 3663 1223 3729 Jonau,
1248 3664 1492 3728 Azarias,
1516 3664 1786 3729 Amarias,
1817 3664 1985 3718 Achi-

415 3753 598 3820 tobus,
633 3755 939 3820 Sadocbus,
973 3754 1242 3821 Elumus,
1278 3754 1553 3821 Helchias,
1589 3756 1837 3819 Azarias,
1874 3753 1981 3807 Za-

419 3858 583 3909 rzeus,
625 3844 982 3910 Josedechus,
1041 3846 1133 3915 qui
1178 3845 1503 3916 Babylonem
1565 3848 1835 3902 concessit
1870 3862 1978 3916 quo

415 3944 657 4003 tempore
687 3934 1254 3991 Nabuchodonosorus
1307 3935 1501 3990 Judam
1535 3937 1803 3993 servitute
1824 3952 1977 4007 pres-

415 4022 506 4080 sit.
535 4023 660 4078 Haec
679 4022 1108 4095 Paralipomenis
1132 4027 1513 4081 commendata
1540 4036 1690 4081 sunt.

489 4112 576 4168 I6.
609 4114 774 4183 Igitur
793 4113 939 4171 Josia
972 4117 1187 4170 tertium
1214 4117 1324 4186 jam
1373 4126 1426 4172 et
1464 4117 1734 4171 decimum
1774 4132 1974 4173 annum

416 4195 569 4256 Judze
614 4201 934 4274 imperante,
1001 4204 1214 4261 initium
1263 4206 1626 4278 prophetandi
1669 4205 1972 4263 Hieremias

421 4291 547 4347 fecit
576 4312 589 4347 :
627 4302 738 4347 tum
770 4301 823 4350 et
856 4309 1000 4349 anno
1046 4294 1290 4365 ejusdem
1347 4295 1492 4365 regis
1525 4296 1768 4351 secundo
1808 4311 1975 4366 supra

418 4383 734 4440 vicesimum
759 4384 1065 4455 Sophonias
1120 4395 1174 4442 et
1212 4385 1512 4445 Hieremias
1540 4389 1971 4459 prophetabant:

2093 3200 2217 3253 zino
2243 3199 2351 3270 (62)
2381 3211 2558 3255 autem
2621 3198 2769 3256 Jovis
2813 3198 3106 3269 Hospitalis
3136 3202 3181 3256 ".
3230 3201 3303 3254 Ea
3333 3204 3626 3269 tempestate

2092 3293 2376 3346 Matatbias
2426 3290 2645 3360 quidam
2694 3290 2952 3345 sacerdos
2995 3290 3303 3345 Asaiuonaei
3355 3290 3529 3353 ﬁlius,
3566 3303 3625 3344 ex

2090 3383 2289 3453 Oppido
2325 3382 2599 3448 Modimo,
2652 3383 2794 3437 bello
2841 3382 3104 3436 adversus
3160 3384 3347 3453 cepias
3395 3379 3623 3435 Antiochi

2088 3489 2211 3528 cum
2241 3472 2364 3527 ﬁliis
2386 3473 2502 3527 suis
2525 3472 2860 3527 decertabat.
2905 3470 2970 3525 Et
3006 3470 3181 3528 Judas
3230 3487 3362 3527 sane
3386 3472 3531 3525 ﬁlius
3556 3467 3658 3541 fug

2086 3577 2204 3632 gam
2234 3559 2487 3630 Syrorum
2509 3559 2656 3623 fecit,
2690 3561 3058 3628 templumque
3082 3560 3356 3623 lustravit,
3381 3574 3440 3613 ac
3472 3558 3624 3627 patria

2084 3666 2239 3704 sacra
2274 3651 2534 3712 restituit,
2569 3665 2714 3720 quae
2748 3649 2984 3703 triennio
3010 3649 3412 3704 obsoleverant.
3446 3644 3624 3702 Deinde

2082 3742 2306 3797 Menelai
2359 3740 2669 3797 Judzeorum
2711 3740 2986 3810 pontiﬁcis
3030 3741 3399 3796 sacerdotium
3449 3737 3625 3806 excipit

2080 3834 2343 3895 Alcimus,
2390 3833 2533 3888 idem
2584 3832 2675 3902 qui
2715 3831 3016 3894 Jachimus,
3069 3833 3287 3887 alienus
3316 3831 3437 3885 licet
3459 3826 3623 3900 generi

2078 3924 2421 3979 sacerdotali.
2474 3923 2836 3990 Quamobrem
2881 3923 3046 3979 Onias
3083 3922 3371 3978 sacerdote
3392 3918 3622 3992 progeni-

2077 4024 2165 4071 tus
2206 4017 2258 4070 in
2291 4015 2582 4087 Egyptum
2609 4015 2992 4085 proﬁciscitur,
3029 4015 3216 4083 ibique
3247 4014 3433 4067 urbem
3455 4008 3623 4064 condit

2076 4108 2378 4177 Amopolim
2407 4107 2611 4177 (63).in
2641 4121 2812 4175 eaque
2843 4106 3102 4175 templum
3153 4105 3222 4159 ad
3259 4105 3430 4158 instar
3457 4101 3623 4155 Hiero-

2078 4196 2387 4265 solymitani
2442 4194 2759 4265 erigendum
2785 4202 2964 4249 curat.
3001 4194 3251 4249 Alcimus
3310 4200 3483 4246 autem
3511 4202 3621 4243 cum

2074 4285 2211 4340 Juda
2247 4285 2545 4356 confligens
2593 4286 2743 4351 brevi
2778 4301 2807 4340 a
2839 4284 2952 4339 Deo
3005 4300 3308 4355 percussus
3371 4282 3561 4339 interiit
3581 4277 3617 4331 '.

2075 4375 2240 4445 Igitur
2263 4377 2536 4432 communi
2593 4372 2851 4447 suffragio
2903 4375 3274 4433 sacerdotiqu
3331 4376 3397 4430 ad
3446 4371 3619 4429 Judam

418 4486 716 4544 rursusque
744 4490 886 4529 anno
918 4474 1192 4531 Sedecliize
1223 4484 1419 4546 quarto
1446 4477 1726 4534 Baruchus
1758 4488 1815 4537 et
1843 4479 1967 4535 Hie-
2001 4495 2045 4549 ι)
2078 4468 2330 4521 conatum
2355 4474 2460 4521 θεῖ·

420 4564 619 4617 remias
648 4580 661 4616 :
692 4573 883 4618 octavo
910 4572 1088 4619 autem
1141 4566 1469 4635 captivitatis
1495 4582 1637 4622 anno
1657 4566 1842 4623 Daniel
1870 4569 1971 4623 Ba-

358 4696 363 4702 .
419 4652 615 4721 bylone
644 4660 697 4706 et
730 4652 1016 4709 Ezechiel:
1053 4662 1163 4707 tum
1201 4670 1344 4710 anno
1366 4662 1558 4711 octavo
1605 4671 1668 4711 ac
1691 4658 1969 4713 tricesimo

418 4742 648 4811 Aggmus
688 4749 741 4797 ct
788 4742 1120 4799 Zacharias:
1164 4752 1316 4800 sexto
1355 4744 1589 4815 denique
1615 4761 1757 4801 anno
1801 4761 1966 4816 supra

416 4833 809 4902 sexagesimum
843 4833 1003 4888 iidem
1031 4836 1259 4906 Aggaeus
1286 4850 1348 4890 ac
1376 4835 1689 4901 Zacharias,
1732 4837 1968 4907 itemque

417 4922 728 4978 Malachias.
754 4926 868 4977 Alia
917 4916 1143 4980 historia
1181 4927 1347 4981 tradit
1392 4929 1708 4984 vaticinatos
1738 4944 1858 4984 esse
1884 4930 1969 4984 bis

417 5012 752 5081 temporibus
806 5011 1131 5079 Nahumum,
1159 5013 1611 5082 Ambachumum,
1638 5016 1958 5073 Malachiam

416 5115 579 5173 atque
603 5103 897 5159 Danielem.

488 5188 574 5246 17.
602 5192 849 5249 Jamvero
868 5208 974 5262 quo
993 5201 1150 5262 pacto
1175 5193 1417 5250 videntes
1439 5202 1491 5250 et
1524 5196 1799 5267 prophetae
1822 5197 1964 5268 apud

416 5286 656 5355 captivos
672 5292 846 5350 erant,
883 5284 1071 5341 eodem
1092 5287 1251 5341 etiam
1290 5295 1411 5355 post
1453 5301 1557 5341 va
1614 5302 1788 5343 annos
1820 5289 1960 5357 apud

2148 4601 2231 4655 19.
2259 4601 2298 4654 1.
2325 4599 2515 4664 Judas,
2547 4600 2638 4669 qui
2682 4606 2736 4654 et
2765 4598 3161 4662 Macchabaeus,
3220 4600 3380 4655 annis
3409 4614 3466 4654 Ill
3493 4596 3620 4651 intra

2071 4690 2426 4762 Olympiadem
2452 4689 2803 4744 centesimam
2834 4689 3343 4760 quinquagesimam
3370 4689 3614 4760 quintam.

2142 4799 2206 4855 ll.
2240 4798 2520 4864 Jonathas,
2552 4799 2642 4869 qui
2675 4784 3038 4869 et'Aphuthus
3059 4838 3075 4863 ,
3098 4799 3262 4854 annis
3283 4815 3396 4854 xix.

2145 4887 2231 4942 III.
2261 4889 2469 4953 Simon,
2495 4889 2588 4958 qui
2612 4896 2665 4944 et
2691 4887 2934 4953 Tarscis,
2971 4890 3130 4943 annis
3159 4904 3283 4944 VIII.

2142 4976 2232 5033 IV.
2262 4977 2568 5049 Hyrcanus,
2593 4977 2689 5047 qui
2717 4984 2770 5032 et
2795 4975 3058 5042 Joannes,
3089 4979 3254 5034 annis
3283 4992 3429 5032 xxvi.

2143 5088 2207 5144 V.
2246 5089 2585 5145 Aristabulus
2613 5104 2756 5145 anno
2783 5105 2818 5144 ι.
2861 5089 2941 5145 Ad
2967 5084 3618 5146 sacerdotiumAristabc-

2070 5175 2155 5234 Ius
2185 5178 2431 5236 diadema
2452 5180 2657 5251 regium
2675 5178 2891 5249 adjecit.

2141 5287 2223 5343 VI.
2249 5287 2524 5357 Jannaeus,
2561 5290 2726 5361 quiet
2750 5290 3084 5355 Alexander,
3118 5289 3280 5346 annis
3308 5305 3456 5346 xxvu
3493 5287 3610 5360 (6».

483 5438 507 5469 ⁶
541 5434 678 5494 Gen.
719 5453 868 5492 χιιι.
910 5437 994 5492 ll).
1068 5439 1088 5468 "
1118 5435 1160 5490 II
1196 5438 1436 5494 Machab.
1470 5457 1548 5506 vi,
1585 5441 1643 5494 9.
1713 5443 1734 5474 ⁸
1770 5439 1809 5495 ll
1842 5413 2097 5499 Machab.
2131 5459 2206 5507 Ix,
2249 5443 2334 5510 85,
2364 5443 2453 5499 56.

509 5571 600 5636 60)
631 5570 708 5624 Ita
731 5570 943 5626 codices
975 5570 1262 5629 Samuelis.

508 5641 597 5707 ﬁl)
622 5640 819 5694 Confer
845 5640 1130 5696 Eusebium
1156 5642 1223 5697 ad
1259 5659 1347 5698 an.
1382 5643 1535 5700 1558.

491 5710 603 5778 (62)
632 5708 827 5775 ωια..
856 5709 1091 5765 Samrin.

2138 5576 2250 5652 (ﬁt?)
2276 5577 2564 5652 Eusebius,
2593 5578 2660 5633 ad
2682 5594 2884 5635 annum
2908 5578 3065 5644 I856,
3098 5575 3359 5652 Onuplris.

2139 5646 2250 5720 (64)
2280 5647 2362 5702 Al.
2396 5646 2542 5716 cbd.,
2579 5662 2787 5703 xxxvu.
