3930 6178
1582 316 1631 324 η.-

311 429 414 492 ο33

961 428 1338 491 SAMUELIS
1370 429 1728 493 ANIENSIS
1770 430 2161 495 SUMMARII
2203 435 2629 498 TEMPORUM
2674 437 2864 499 PARS
2900 435 2950 500 ι.
3450 440 3554 506 534

391 530 503 584 Vll.
539 529 845 583 Alexandra
886 546 1022 584 uxor
1076 532 1366 586 Alexandri
1417 533 1574 589 annis
1632 548 1709 588 tx.
1762 534 1888 591 Haec
1917 541 1962 600 Α
2060 536 2149 593 iV.
2190 538 2404 603 Zames,
2433 543 2523 610 qui
2549 551 2601 595 et
2634 540 2860 604 Ninuas,
2893 541 3049 597 annis
3080 558 3250 597 xxxii.

317 619 628 675 Alexandra
655 618 840 672 Salina
866 626 1055 684 vocata
1096 627 1199 674 est.

386 707 520 764 VIII.
549 708 837 780 Hyrcanus
861 709 1019 763 annis
1049 726 1213 764 xxxiv
1250 710 1383 780 (65).

382 800 475 855 20.
504 801 641 855 Cum
671 800 1014 856 Aristabulus
1057 809 1111 856 et
1156 800 1438 871 Ilyrcanus
1467 804 1759 858 Alexandri
1793 805 1886 859 lilii

316 892 461 945 inter
493 906 552 945 se
583 898 989 953 concertarent,
1014 890 1304 960 Pompeius
1331 893 1604 947 Romanus
1625 910 1884 963 superve-

314 982 860 1037 niensAristabulum
884 982 1133 1036 vinctum
1154 998 1338 1037 secum
1366 985 1610 1048 abduxit,
1638 985 1889 1057 Hyrcano

312 1081 496 1128 autem
535 1072 914 1142 pontiﬁcatum
942 1072 1310 1134 continuavit,
1343 1075 1433 1143 qui
1470 1076 1689 1143 quidem
1727 1078 1887 1131 annis

313 1176 550 1232 quatuor
584 1164 917 1233 trigintaque
940 1171 1062 1233 post
1095 1178 1125 1215 a
1163 1163 1380 1219 Parthis
1425 1174 1617 1233 captus
1643 1172 1748 1223 est.
1798 1164 1889 1220 Sic

311 1254 622 1309 Jndteorum
676 1270 902 1323 regnum
924 1255 1183 1323 unctique
1239 1254 1498 1323 prazsides
1546 1256 1887 1331 desiverunt,

314 1347 396 1400 uti
432 1345 619 1399 Daniel
660 1344 1019 1415 praedixerat:
1067 1351 1357 1399 unctorum
1383 1353 1563 1399 autem
1591 1345 1887 1415 prazsidum

316 1438 537 1491 nomine
564 1436 849 1506 pontiﬁces
869 1437 1270 1506 intelliguntur,
1306 1437 1396 1505 qui
1437 1445 1563 1505 post
1603 1437 1835 1490 reditum
1859 1453 1886 1489 a

312 1530 636 1597 captivitate
659 1528 864 1597 pepulo
893 1527 1228 1596 praefuerunt
1259 1547 1271 1581 :
1308 1528 1511 1596 quique
1537 1528 1647 1581 orsi
1679 1542 1706 1579 a
1733 1541 1889 1581 sexa-

312 1622 518 1687 gesima
542 1618 729 1687 quinta
759 1618 1066 1689 Olympiade
1101 1620 1205 1671 sub
1236 1617 1417 1680 Dario,
1453 1619 1758 1689 olympiade
1792 1618 1885 1672 dc~

312 1724 462 1761 mum
490 1711 784 1763 centesima
812 1710 1141 1777 octogesima
1184 1719 1334 1764 sexta
1398 1711 1553 1763 linem
1600 1709 1883 1764 fecerunt:

308 1797 459 1865 quod
495 1798 754 1867 temporis
794 1799 1133 1852 intervallum
1168 1797 1350 1853 Daniel
1386 1800 1646 1868 propheta
1673 1808 1890 1867 septua-

2057 628 2121 683 V.
2161 630 2326 684 Arius
2354 632 2513 686 annis
2540 648 2664 686 xxx.

2058 717 2147 774 VI.
2188 718 2407 774 Aralins
2434 725 2590 774 annis
2619 736 2706 774 ιι..

2058 806 2168 861 VII.
2208 806 2437 872 Xerxes,
2473 810 2565 877 qui
2592 817 2646 863 et
2675 809 2888 873 Baleus,
2922 811 3078 865 annis
3110 828 3233 865 xxx.

2056 896 2189 951 VIII.
2232 898 2613 955 Armamithris
2644 902 2802 955 annis
2834 918 3097 968 ιιιινιιιη

2058 987 2147 1042 IX.
2188 987 2453 1043 Belochus
2476 992 2633 1046 annis
2663 1008 2826 1049 xxxv.

2058 1075 2124 1130 X.
2168 1077 2357 1132 Baleus
2388 1079 2544 1132 annis
2571 1096 2640 1133 xv
2665 1080 2797 1150 (69).

2058 1165 2148 1220 XI.
2189 1167 2412 1222 Altadas
2438 1169 2597 1224 annis
2620 1186 2790 1224 xxxn.

2058 1254 2169 1309 Xll.
2213 1255 2472 1312 Mamelus
2500 1260 2658 1314 annis
2690 1276 2817 1315 xxx.
2844 1260 3002 1316 Anno
3030 1260 3195 1331 hujus
3233 1274 3426 1332 quarto
3455 1262 3549 1319 de-

1991 1347 2131 1417 cimo
2163 1345 2431 1418 Iosephus
2461 1349 2612 1404 obiit.

2062 1435 2198 1491 XIII.
2240 1438 2503 1509 Mamylus
2534 1439 2669 1491 alter
2698 1439 2856 1495 annis
2886 1455 3014 1495 xxx.

2059 1524 2196 1578 XIV.
2240 1526 2553 1595 Sparzetbus
2584 1529 2742 1582 annis
2775 1544 2859 1583 xt..

2060 1617 2173 1671 XV.
2217 1618 2560 1674 Manehaleus
2592 1619 2750 1673 annis
2782 1635 2907 1673 xxx.

2058 1706 2199 1763 XVI.
2265 1707 2518 1777 Sphaerus
2579 1709 2737 1762 annis
2800 1726 2891 1763 xx.
2961 1708 3132 1778 Iiujus
3191 1726 3334 1764 anno
3390 1714 3548 1764 tertio

1989 1797 2226 1867 Cecrops
2257 1798 2485 1853 Athenis
2516 1800 2724 1868 primus
2758 1801 3021 1870 regnavit.

307 1890 464 1958 ginta
494 1890 888 1944 hebdomadnm
942 1892 1101 1946 titulo
1134 1892 1567 1947 adumbraverat.
1619 1893 1873 1963 Equidem
1907 1872 1948 1926 Β
2044 1888 2209 1942 XVII.
2249 1889 2485 1944 Ascades
2513 1889 2624 1960 (70)
2658 1892 2814 1947 annis
2839 1907 2925 1947 ιι..
2952 1890 3123 1962 Hujus
3164 1902 3352 1947 octavo
3403 1907 3548 1946 anno

308 1987 437 2044 post
463 1977 772 2049 IIyrcanum
803 1970 967 2035 nemo.
992 1980 1093 2035 fuit
1119 1996 1148 2034 e
1170 1997 1365 2051 genere
1401 1983 1743 2043 sacerdotali,
1780 1982 1873 2036 sed

309 2064 511 2132 ignota:
542 2065 728 2132 stirpis
754 2067 1012 2119 menstrui
1040 2067 1257 2136 quidam
1287 2070 1366 2123 vel
1394 2070 1554 2122 annui
1596 2072 1872 2138 prmsides.

306 2151 450 2204 Tum
480 2154 715 2222 denique
740 2153 979 2211 Herodes
1000 2158 1299 2229 alienigena
1352 2177 1574 2230 regnum
1617 2162 1870 2225 obtinuit,

307 2243 472 2309 cujus
496 2244 770 2297 tricesimo
804 2246 1042 2301 secundo
1076 2263 1218 2303 anno
1257 2250 1517 2306 Dominus
1564 2251 1757 2308 Noster
1780 2252 1871 2307 Je-

305 2348 407 2386 sus
430 2332 688 2390 Christus
724 2346 883 2404 natus
914 2345 1017 2391 est.

919 2467 1148 2522 CAPUT
1177 2469 1264 2526 VI.

769 2574 956 2630 (Σιταιηὶ
986 2583 1232 2649 prosapia
1277 2582 1415 2653 (66).

384 2687 437 2740 I.
476 2684 751 2742 Hactenus
782 2703 880 2744 nos
915 2706 1012 2759 pro
1036 2701 1289 2762 suscepto
1320 2696 1596 2764 proposito
1628 2707 1871 2766 posteros

303 2773 462 2829 Semi
488 2776 556 2829 ad
584 2778 874 2832 adventrum
909 2796 1080 2850 usque
1119 2782 1319 2839 Christi
1371 2787 1569 2842 divinis
1610 2790 1763 2844 libris
1788 2792 1875 2843 in—

300 2867 422 2920 nixi
453 2866 800 2938 digessimus.
834 2869 986 2925 Nune
1023 2873 1089 2927 ad
1126 2875 1389 2929 Chamum
1439 2894 1559 2947 qua:
1604 2882 1874 2947 pertinent

300 2955 599 3009 scribenda
655 2967 816 3024 sunt;
864 2960 1007 3014 haud
1059 2976 1218 3029 sane,
1268 2972 1327 3017 ut
1351 2964 1517 3029 Semi,
1577 2968 1871 3023 liberorum

300 3046 623 3110 successio,
658 3049 751 3101 sed
783 3064 1045 3104 annorum
1090 3069 1380 3121 numerus,
1411 3072 1596 3125 regum
1631 3061 1870 3123 nomina,

299 3143 423 3187 tum
450 3151 695 3204 quamam
729 3147 916 3208 gentes
961 3144 1199 3210 potentia
1243 3154 1415 3200 aucta:
1456 3149 1746 3205 alterutras
1781 3150 1874 3206 de—

298 3225 584 3291 vicerunt,
617 3241 787 3296 usque
810 3230 875 3282 ad
902 3230 1191 3285 humanam
1249 3232 1555 3292 Servatoris
1598 3248 1868 3291 naturam.

297 3310 379 3366 Ex
410 3314 665 3382 eoigitur
695 3317 834 3380 loco,
877 3319 931 3373 in
986 3336 1096 3390 quo
1147 3335 1328 3377 sermo
1373 3335 1559 3380 noster
1607 3328 1872 3393 substitit,

295 3418 435 3456 cum
469 3402 661 3458 Chami
701 3409 1119 3477 procreationes,
1139 3424 1300 3482 prout
1330 3430 1424 3470 eas
1456 3431 1628 3472 saerte
1656 3417 1875 3474 Littera:
1970 3409 1976 3415 ’

294 3492 626 3558 tradebant,
653 3495 1078 3567 descripsimus;
1115 3503 1332 3571 exinde,
1357 3504 1602 3576 inquam,
1631 3509 1875 3565 ordiatur

296 3585 553 3638 narratio
573 3601 603 3640 e
634 3596 796 3642 certae
825 3589 947 3645 lidei
988 3591 1141 3648 libris
1196 3595 1412 3661 hausta,
1455 3615 1650 3670 nempe
1676 3616 1871 3656 secun-

294 3673 439 3728 dum
490 3678 1268 3739 narrationes‘chronicorum
1327 3687 1548 3744 Eusebii
1594 3706 1872 3747 canonum

1980 1977 2154 2035 Moses
2195 1978 2306 2048 jam
2350 1981 2729 2050 octogenarius
2764 1982 3020 2050 populum
3061 1996 3125 2035 ex
3161 1979 3393 2051 Egypto
3417 1981 3543 2037 sub-

1977 2070 2147 2125 duxit.

2046 2160 2231 2215 XVIII.
2273 2161 2534 2232 Amyntas
2565 2162 2722 2216 annis
2757 2178 2879 2215 va.

2044 2247 2187 2304 XIX.
2228 2248 2491 2304 Belechus
2523 2249 2633 2319 (Ἠ)
2666 2250 2824 2302 annis
2860 2265 2982 2302 xxv.

2047 2337 2163 2393 XX.
2205 2338 2493 2409 Balepares
2519 2340 2677 2393 annis
2715 2356 2839 2392 xxx.

2048 2428 2187 2481 XXI.
2229 2429 2550 2501 Lamprich
2581 2430 2739 2484 annis
2771 2446 2942 2485 xxxii.

2046 2520 2207 2574 XXII.
2249 2521 2501 2592 Pannyas
2528 2522 2687 2576 annis
2719 2538 2844 2578 va.

2046 2609 2232 2665 XXIII.
2275 2610 2563 2667 Sosarmus
2602 2613 2758 2669 annis
2797 2629 2909 2669 XIX.

2043 2700 2230 2757 XXIV.
2273 2702 2505 2757 Zosares
2537 2704 2697 2759 annis
2731 2719 2824 2757 xx.

2046 2792 2209 2846 XXV.
2251 2793 2570 2864 Lamprides
2603 2797 2763 2850 annis
2800 2812 2928 2850 xxx.

2042 2883 2232 2940 XXVI.
2276 2885 2551 2939 Mithraaus
2587 2887 2745 2941 annis
2776 2902 2944 2940 xxvtt.

2042 2973 2255 3029 XXVII.
2303 2974 2576 3046 '[autanes
2608 2976 2765 3030 annis
2793 2992 2942 3030 xxxi.
2981 2974 3139 3031 Anno
3173 2975 3440 3034 'I‘autanis
3462 2978 3545 3032 vi-

1975 3069 2178 3120 cesimo
2206 3066 2397 3135 quinto
2430 3067 2562 3121 urbs
2592 3065 2745 3121 Ilium
2778 3074 2935 3136 capta
2969 3075 3071 3123 est.

2044 3154 2281 3209 XXVILI.
2323 3155 2574 3211 Teutazus
2597 3157 2756 3211 annis
2786 3173 2872 3210 ιι..

2044 3243 2232 3298 XXIX.
2273 3244 2545 3301 Othencus
2571 3246 2729 3301 annis
2754 3262 2880 3300 xxx.

2045 3333 2214 3391 XXX.
2264 3333 2542 3407 Dereyllus
2574 3338 2733 3393 annis
2772 3353 2860 3392 ιιι..
3022 3394 3031 3404 ,

2043 3428 2233 3483 XXXI.
2270 3429 2520 3500 Eupalles
2567 3432 2725 3487 annis
2766 3447 2997 3486 xxxvttl.
3029 3431 3243 3487 Tertius
3288 3445 3350 3485 ac
3379 3428 3541 3486 trice-

1975 3520 2146 3575 simus
2185 3520 2349 3589 hujus
2385 3535 2561 3576 annus
2600 3522 2792 3575 incidit
2839 3523 2892 3575 in
2944 3533 3195 3592 quartum
3231 3522 3540 3577 Solomonis

1975 3625 2177 3664 annum
2208 3619 2371 3680 atque
2396 3612 2452 3665 in
2485 3612 2669 3680 templi
2694 3610 2992 3680 opiﬁcium.

2043 3699 2256 3753 XXXII.
2295 3700 2661 3756 Lavosthcnes
2714 3702 2873 3757 annis
2932 3717 3052 3756 va.
3117 3702 3262 3757 Gens
3314 3701 3537 3756 Iudaica

295 3764 673 3835 historicique
726 3766 1108 3828 Armeniorum
1133 3756 1299 3834 Mosis
1317 3777 1707 3850 Chorenensis;
1738 3800 1875 3855 quo-
1971 3789 2218 3845 bifariam
2249 3790 2524 3846 dividitur.

294 3870 432 3909 rem
468 3856 696 3925 quidem
746 3868 1054 3929 postremus
1108 3866 1189 3921 sic
1247 3869 1321 3922 ait
1353 3869 1503 3940 (67):
1549 3872 1666 3929 «De
1722 3874 1869 3940 Belo,

294 3946 470 4014 cujus
494 3942 652 4002 aitate
663 3951 930 4008 maximus
952 3962 1139 4010 noster
1166 3961 1479 4028 progenitor
1498 3962 1633 4016 vixit
1650 3962 1868 4030 Haicus,

295 4036 467 4089 multi
496 4038 664 4093 multa
699 4041 956 4111 variaque
971 4044 1342 4116 tradiderunt;
1376 4066 1476 4122 ego
1506 4061 1684 4110 autem
1710 4074 1869 4127 quem

295 4124 610 4181 Saturnum
657 4142 969 4201 nuncupant
1020 4146 1182 4206 atque
1241 4139 1424 4195 Belum
1456 4184 1472 4209 ,
1539 4124 1870 4203 Nebrotbum

294 4214 485 4271 fuisse
511 4218 596 4272 aio
623 4234 636 4269 :
668 4235 773 4289 qua
802 4238 965 4292 super
985 4242 1044 4281 re
1071 4225 1311 4299 Egyptii
1341 4247 1461 4287 eum
1487 4234 1634 4291 Mose
1652 4240 1870 4309 eonspi»

295 4313 455 4370 rant,
476 4319 859 4375 percensentes
896 4314 1220 4385 Vulcanum,
1248 4321 1426 4378 Solem
1457 4340 1521 4379 ac
1550 4324 1868 4396 Saturnum,

292 4396 388 4465 qui
452 4405 581 4450 sunt
625 4398 885 4468 Cbamus,
938 4404 1116 4463 Cusus
1179 4424 1242 4465 ac
1295 4410 1624 4481 Nebrotbus,
1666 4420 1871 4476 omisso

2043 3879 2275 3935 XXXIII.
2315 3880 2590 3952 Pertiages
2622 3884 2733 3954 (72)
2766 3884 2922 3940 annis
2945 3900 3071 3940 xxx.

2040 3972 2282 4032 XXXIV.
2320 3973 2583 4045 Opbrates
2608 3978 2765 4032 annis
2794 3993 2886 4032 xx.

2039 4065 2254 4120 XXXV.
2291 4065 2627 4139 Ophratanes
2653 4071 2810 4125 annis
2838 4086 2889 4125 L.

2044 4155 2280 4210 XXXVI.
2322 4158 2614 4228 Acrapales
2644 4161 2803 4213 annis
2836 4174 2968 4213 χιιι.

2040 4247 2299 4302 XXXVII.
2341 4248 2601 4305 Thonnus
2623 4250 2977 4313 Concolerus,
3002 4250 3184 4305 Gra'ce
3204 4250 3381 4306 dictus
3402 4249 3533 4307 Sata-

1971 4337 2306 4407 danapallus,
2338 4338 2494 4393 annis
2522 4355 2610 4392 xx.

2041 4425 2095 4478 5.
2138 4424 2559 4494 Sardanapallus
2590 4427 2677 4480 hic
2709 4427 3018 4482 tricesimus
3048 4428 3310 4496 septimus
3339 4443 3368 4481 a
3401 4428 3530 4482 Belo

649 4504 663 4539 :
698 4491 931 4559 primum
960 4501 1103 4551 enim
1155 4502 1297 4570 apud
1328 4520 1386 4559 se
1418 4504 1688 4563 hominem
1714 4512 1868 4565 aiunt
1902 4510 1943 4564 ι)
1974 4512 2093 4577 fuit,
2118 4529 2410 4584 regumque
2439 4515 2783 4585 Assyriorum
2810 4524 3137 4585 postremus.
3177 4518 3325 4571 Idem
3377 4519 3532 4571 volu-

296 4577 482 4631 fuisse
514 4563 835 4636 Vulcanum.
864 4602 881 4635 ι

363 4667 424 4721 2.
470 4666 614 4739 Ergo
644 4686 707 4724 ex
742 4671 844 4727 hoc
883 4674 1000 4743 ipso
1034 4679 1159 4734 Belo
1204 4692 1388 4739 noster
1422 4686 1576 4743 hicce
1606 4699 1872 4750 tractatus

294 4756 646 4815 inchoandus
673 4769 777 4819 est.

366 4847 414 4904 1.
451 4847 615 4903 Belus
643 4853 917 4926 universis
939 4856 1078 4915 Asiae
1112 4862 1426 4932 provinciis,
1460 4875 1655 4936 praeter
1684 4868 1865 4939 Indos,

294 4938 617 4995 dominatur
643 4945 800 5000 annis
820 4962 929 5002 1.in
960 4950 1099 5019 (68).

369 5025 447 5122 11.-
483 5028 654 5122 Ninus
681 5034 808 5089 item
838 5046 960 5106 post
999 5040 1181 5097 Belum
1222 5046 1381 5102 annis
1415 5064 1509 5104 LII.
1547 5050 1669 5106 Nini
1701 5054 1867 5122 hujus

296 5117 724 5219 quadragesimo
771 5135 966 5193 quarto
1022 5145 1165 5186 anno
1210 5134 1563 5194 Abrahamus
1600 5156 1632 5195 a
1689 5117 1867 5199 Thara

293 5217 524 5277 genitus
549 5219 653 5265 est.

369 5296 463 5353 III.
504 5298 821 5362 Samiramis
853 5306 976 5363 Nini
999 5312 1195 5382 conjux
1228 5316 1384 5371 annis
1418 5333 1549 5375 χιιι.

395 5454 490 5527 65)
520 5457 607 5513 AI.
638 5462 785 5527 cod.,
818 5481 1000 5520 xxxvi.

395 5454 472 5510 65
520 5457 607 5513 Al.
638 5462 785 5527 cod.,
818 5481 1000 5520 xxxvi.

368 5454 490 5655 166$
514 5528 666 5609 Hunc
686 5532 900 5587 titulum
928 5535 1130 5592 habent
1149 5539 1387 5597 codices.

396 5593 464 5646 67
523 5596 689 5655 Πιει..
719 5618 753 5655 1.
777 5602 832 5655 6.

387 5593 489 5664 [67)
523 5596 689 5664 11531.,
719 5618 753 5661 I,
777 5602 832 5658 6.

532 5669 690 5754 Aug,
725 5673 797 5754 pe
816 5679 911 5732 civ.
943 5678 1053 5748 Dei,
1081 5698 1190 5752 xvi,
1221 5685 1502 5754 I7,scriblt
1524 5702 1646 5744 va.

374 5734 491 5799 I69)
529 5734 788 5808 Ai.'cotl.,
827 5760 925 5800 LII.

471 5457 491 5731 ἓ

1974 4605 2159 4673 ptaria:
2187 4605 2423 4659 mollitia:
2452 4606 2783 4675 luxuriaeque
2807 4606 2985 4662 studio
3031 4616 3258 4663 cunctos
3301 4609 3392 4677 qui
3426 4610 3529 4664 sibi

1974 4701 2358 4761 praecesserant
2392 4694 2684 4763 superavit.
2718 4692 3078 4759 Quamobrem
3112 4694 3378 4751 Varbaces
3408 4698 3531 4766 qui—

1970 4782 2116 4846 dam,
2152 4786 2327 4852 patria
2358 4782 2565 4846 Medus,
2591 4784 2753 4838 homo
2774 4784 2979 4838 viribus
2999 4786 3320 4856 egregieque
3345 4788 3529 4844 animo

1970 4872 2245 4941 praeditus,
2279 4888 2401 4928 cum
2436 4873 2712 4929 Medorum
2741 4874 2852 4928 dux
2880 4883 3044 4940 esset,
3082 4893 3329 4947 unusque
3358 4894 3424 4933 ex
3460 4879 3527 4935 iis

1969 4964 2061 5033 qui
2089 4964 2159 5018 ad
2203 4965 2388 5020 urbem
2418 4964 2616 5020 Ninum
2649 4966 2941 5035 quotannis
2974 4967 3261 5023 veniebant
3295 4970 3527 5024 ducatus

1969 5065 2134 5104 causa
2176 5052 2505 5118 exercendi;
2539 5053 2607 5116 is,
2644 5052 2886 5121 inquam,
2917 5056 3137 5125 cognito
3180 5058 3319 5127 regis
3361 5074 3526 5129 pravo

1969 5142 2205 5212 ingenio,
2238 5142 2441 5198 amicos
2490 5143 2590 5197 sibi
2629 5144 2947 5200 liberalitate
2991 5148 3253 5214 devinxit,
3298 5149 3523 5205 Belesim

1969 5230 2023 5283 in
2063 5231 2253 5299 primis
2294 5246 2565 5287 summum
2604 5233 2793 5290 ducem
2843 5218 3278 5309 Babyloniorum,
3307 5240 3525 5308 quicum

1968 5318 2102 5372 inita
2131 5321 2389 5375 societate
2419 5320 2868 5394 Sardanapallum
2900 5327 3206 5394 debellavit,
3241 5331 3332 5398 qui
3373 5343 3525 5383 sece-

2035 5480 2146 5551 (70)
2189 5481 2264 5536 Ita
2316 5483 2478 5539 etiam
2509 5484 2795 5544 Eusebius.
2832 5489 2974 5546 Idem
3004 5500 3181 5545 tamen
3223 5489 3371 5551 alibi.
3414 5489 3521 5543 Aev-

1964 5551 2200 5605 catades.

2032 5620 2146 5687 (7|)
2177 5620 2401 5687 Euseb.,
2430 5624 2707 5684 Belocltus.

2034 5688 2146 5757 (γε)
2177 5690 2251 5745 Itl.
2264 5731 2277 5755 ,
2309 5691 2619 5751 Periliades.
