3930 6178
214 382 293 448 επ
798 374 1192 440 SAMUELIS
1224 379 1592 445 ANIENSIS
1630 382 2032 446 SUMMARII
2070 385 2506 450 TEMPORUM
2544 388 2733 450 PARS
2764 386 2815 456 Ι.

220 494 408 559 ejusque
438 486 510 542 rei
548 486 848 556 complures
903 495 1073 543 testes
1123 490 1358 554 invocat,
1397 499 1453 544 ut
1497 493 1549 544 in
1605 494 1723 561 ejus
1757 505 1799 556 Α
1903 496 2018 551 XII.
2056 478 2385 554 'Arehelaus
2412 503 2572 555 annis
2593 518 2738 557 xxiv.

218 580 329 634 libro
353 577 451 646 (82)
487 574 656 631 videre
685 584 791 631 est.

269 670 313 725 7.
348 668 473 738 Ergo
500 667 596 721 hoc
623 674 800 737 pacto,
830 675 989 736 prout
1007 671 1522 732 narratur,sublatis
1550 672 1723 743 Baby-

213 758 468 819 loniorum.
493 755 763 811 Medorum
824 759 1202 830 Lydorumque
1238 762 1479 831 imperiis
1530 773 1722 833 regnat

262 847 298 902 I.
330 848 488 918 Cyrus
515 847 666 901 annis
701 863 829 902 xxx.
867 850 917 903 Is
946 850 1121 919 primo
1149 851 1298 918 regni
1334 853 1420 905 sui
1454 866 1597 906 anno
1624 851 1719 921 Ju-

190 925 346 991 ilaica:
367 936 530 1006 gentis
566 937 954 1007 quinquaginta
986 939 1156 993 millia
1179 940 1519 1010 captivorum
1557 943 1721 998 Iiber-

206 1036 295 1083 tate
319 1029 520 1082 donavit
550 1046 564 1082 :
592 1029 682 1097 qui
710 1029 933 1098 quidem
972 1028 1350 1100 Hierosolyma
1376 1032 1582 1087 reversi
1638 1034 1718 1086 al-

204 1129 297 1171 tare
323 1118 693 1181 excitaverunt,
728 1119 1021 1188 templique
1054 1118 1413 1175 fundamenta
1431 1121 1713 1190 jecerunt:

200 1206 318 1274 quod
338 1213 501 1260 tamen
525 1206 869 1259 ﬁnitimarum
888 1209 1126 1275 gentium
1145 1223 1309 1262 causa
1336 1209 1714 1279 imperfectum

199 1295 411 1348 manebat
445 1309 611 1363 usque
643 1295 708 1349 ad
744 1296 961 1350 Darium
986 1296 1285 1367 Vestaspis.
1319 1298 1571 1370 Tomyris
1603 1301 1715 1354 Ma-

195 1392 461 1452 sagetarum
492 1385 711 1439 heroina
744 1385 943 1456 Cyrum
973 1387 1264 1444 interfecit.

250 1469 303 1522 Il.
340 1470 619 1541 Cambyses
658 1474 815 1527 annis
845 1490 920 1529 lx.

248 1559 321 1615 III.
359 1560 485 1632 Magi
516 1563 624 1617 duo
656 1563 853 1620 fratres
883 1565 1166 1622 mensibus
1195 1583 1317 1622 vui.

244 1651 319 1705 IV.
356 1651 537 1708 Darius
571 1653 849 1725 Vestaspis
885 1656 1026 1712 Illius
1050 1659 1207 1712 annis
1228 1674 1411 1715 xxxvi.

239 1740 385 1809 Hujus
432 1744 595 1798 altero
628 1760 773 1799 anno
810 1746 1106 1801 Zorobabel
1147 1750 1403 1818 templum
1454 1749 1703 1814 aediﬁcat,

1901 585 2039 640 XIII.
2082 586 2305 643 Orestes
2333 591 2491 644 annis
2523 606 2605 644 ιιι.

1898 674 2038 731 XIV.
2082 678 2382 733 Archelaus
2414 680 2573 735 annis
2619 695 2704 734 ιιι.

1889 765 2003 820 XV.
2034 768 2295 839 Amyntas
2324 784 2468 823 anno
2499 785 2535 823 I.

1895 856 2037 913 XVI.
2079 858 2377 913 Pausanias
2408 874 2551 914 anno
2582 876 2618 913 ι.

1892 947 2056 1003 XVII.
2097 951 2360 1020 Amyntas
2390 952 2547 1005 annis
2572 967 2647 1005 vi.

1887 1038 2068 1095 XVIII.
2106 1039 2334 1109 Argmus
2357 1041 2516 1095 annis
2535 1056 2595 1095 ιι.

1892 1131 2032 1187 XIX.
2059 1131 2322 1202 Amyntas
2351 1132 2511 1187 annis
2541 1146 2694 1186 xvut.

1887 1222 2004 1277 XX.
2046 1223 2349 1278 Alexander
2387 1238 2532 1277 anno
2556 1240 2593 1277 ι.

1884 1312 2022 1366 XXI.
2067 1313 2387 1368 Ptolemaeus
2417 1314 2574 1367 annis
2602 1327 2672 1365 iv.

1888 1402 2053 1457 XXII.
2095 1402 2354 1457 Perdicca
2381 1403 2540 1456 annis
2576 1417 2647 1455 tv.

1886 1490 2074 1545 XXIII.
2109 1490 2393 1559 Philippus
2424 1489 2578 1542 annis
2612 1502 2760 1541 xxvi.

1879 1582 2067 1635 XXIV.
2104 1582 2410 1637 Alexander
2447 1579 2676 1649 Philippi
2702 1578 2860 1632 annis
2912 1592 2986 1631 xu
3016 1583 3069 1631 et
3095 1573 3373 1632 mensibus

1807 1689 1880 1726 vi.
1908 1671 2005 1726 Ilic
2035 1672 2219 1724 orbem
2254 1678 2521 1725 terrarum
2562 1668 2932 1738 compluribus
2974 1666 3191 1736 regibus
3231 1665 3374 1734 deje-

1806 1764 1909 1817 ctis
1933 1762 2183 1824 obtinuit,
2201 1775 2477 1829 annosque
2491 1774 2637 1812 xxxu
2655 1765 2812 1811 natus
2829 1756 3095 1826 Babylone
3115 1755 3251 1808 diem
3279 1768 3373 1809 su-

187 1834 302 1898 quod
333 1847 466 1887 anno
483 1845 677 1903 quarto
708 1836 1027 1906 Olympiadis
1054 1838 1258 1907 quintae
1286 1854 1449 1909 supra
1487 1856 1699 1911 sexage-
1737 1827 1782 1887 Β
1810 1866 2053 1919 premum
2097 1850 2247 1903 obiit.
2286 1827 2494 1902 Exinde
2523 1848 2806 1916 imperium
2841 1845 2958 1913 ejus
2997 1847 3139 1899 inter
3186 1844 3370 1913 plures

186 1925 345 1978 simam
373 1927 676 1981 absolutum
713 1938 816 1983 est.

237 2010 290 2066 V.
327 2012 521 2070 Xerxes
547 2015 699 2070 Darii
757 2019 917 2073 annis
950 2036 1058 2073 xxi.

236 2099 310 2156 VI.
344 2104 646 2161 Artabanus
670 2109 951 2165 mensibus
1005 2125 1102 2164 vn.

234 2188 328 2245 VII.
391 2195 622 2251 Artaxes
681 2197 1050 2267 Longimanus
1104 2201 1262 2256 annis
1299 2218 1385 2259 XL.
1446 2203 1702 2258 Nonnulli

180 2277 417 2336 Estherem
441 2287 543 2339 sub
562 2287 668 2342 hoc
691 2290 971 2345 exstitisse
1004 2292 1184 2348 aiunt:
1211 2295 1356 2363 quod
1377 2312 1475 2366 ego
1495 2306 1698 2361 tamen,

176 2367 321 2438 inquit
376 2373 641 2431 Eusebius
675 2378 821 2447 (8'5),
877 2393 983 2433 non
1026 2383 1217 2450 probo,
1263 2385 1700 2454 quandoquidem

176 2459 326 2516 Esdrae
362 2465 476 2519 libri
503 2482 599 2535 per
623 2482 742 2521 eam
766 2476 982 2523 aetatem
1010 2472 1195 2541 scripti
1236 2474 1437 2527 nullam
1480 2474 1598 2544 ejus
1624 2475 1703 2528 rei

173 2553 460 2609 mentionem
492 2557 725 2611 faciunt.

226 2642 336 2697 VIII.
386 2646 591 2703 Xerxes
624 2650 901 2706 mensibus
929 2668 988 2706 ιι.

222 2733 298 2788 IX.
345 2738 651 2809 Sogdianus
685 2743 966 2799 mensibus
999 2759 1090 2801 vn.

222 2823 278 2876 Χ.
333 2825 524 2884 Darius
575 2829 798 2886 Nothus
832 2834 993 2888 annis
1021 2851 1141 2901 xix,
1173 2835 1241 2890 ab
1267 2836 1575 2907 Olympiade
1600 2852 1696 2893 oc-

164 2916 383 2982 toge~ima
418 2935 579 2974 nona.

216 3002 294 3057 XI.
328 3007 551 3065 Artaxes
581 3009 838 3066 Mnemon
866 3013 1027 3068 annis
1060 3029 1146 3069 χι..
1196 3014 1309 3069 Sub
1338 3014 1441 3072 hoc
1500 3016 1694 3073 Esther

164 3089 261 3149 fuit.

216 3182 315 3238 XII.
353 3187 610 3253 Artaxes,
640 3190 733 3258 qui
788 3199 843 3245 et
895 3189 1098 3257 Ochus,
1130 3193 1288 3248 annis
1330 3210 1478 3249 xxvi.

215 3274 333 3332 XIII.
372 3279 607 3337 Artaxes
639 3279 772 3336 Ochi
799 3283 958 3338 annis
986 3299 1058 3341 tv.
1310 3288 1318 3296 ’

211 3363 330 3421 XIV.
369 3368 562 3425 Darius
601 3373 818 3427 Arsami
849 3374 1007 3429 annis
1036 3390 1109 3428 vr.

212 3453 439 3516 Hiannos
467 3476 648 3517 ccxxx
684 3474 1085 3533 occupaverunt
1106 3466 1238 3537 (84).
1271 3466 1404 3521 Exin
1456 3469 1689 3523 Alexan-

155 3539 231 3594 der
246 3542 448 3601 Maeedo
466 3559 665 3619 regnat
682 3565 825 3603 anno
840 3553 1013 3619 primo
1039 3554 1362 3624 Olympiadis
1381 3559 1687 3613 centesima:

158 3633 433 3701 undecimae,
486 3641 832 3710 septimoque
886 3645 1037 3712 regni
1063 3645 1148 3698 sui
1192 3661 1335 3700 anno
1362 3648 1685 3718 Babylonem

152 3725 288 3792 capit,
313 3731 612 3801 occisoque
638 3731 800 3787 Dario
846 3733 1136 3790 Persarum
1201 3738 1489 3807 imperium
1522 3742 1684 3797 delet.

206 3834 249 3888 8.
286 3836 429 3893 Nunc
489 3844 752 3910 quoniam
777 3844 829 3897 in
851 3845 1139 3900 Alexandri
1159 3851 1481 3903 mentionem
1500 3850 1682 3914 incidi,

152 3920 359 3981 Inbetab
412 3931 629 4001 origine
689 3944 918 3989 cunctos
952 3934 1304 3991 Macedonum
1356 3954 1511 4009 reges
1562 3920 1689 3996 huic!

152 4014 323 4079 scripto
347 4022 694 4091 consignare.
718 4021 903 4094 Neque
932 4027 1075 4085 enim
1110 4027 1415 4084 Alexander
1448 4030 1688 4087 Macedo-

150 4117 255 4158 num
270 4124 354 4162 rex
386 4113 605 4180 primus
633 4113 752 4177 fuit,
777 4118 871 4171 sed
905 4126 1133 4186 quartus
1153 4135 1317 4189 supra
1347 4123 1681 4180 vicesimum.

147 4190 237 4259 jam
273 4199 471 4266 primus
518 4203 883 4260 Macedonum
923 4223 1019 4263 rex
1053 4209 1153 4265 fuit

203 4282 238 4337 Ι.
300 4288 542 4348 Caranus
579 4296 742 4348 annis
772 4313 905 4350 xx".

202 4370 255 4427 II.
321 4378 522 4437 Coenus
556 4384 720 4437 annis
746 4400 838 4439 xu.

200 4464 275 4518 III.
311 4468 625 4541 Tyrimmas
658 4476 815 4531 annis
847 4493 1072 4533 xxxvm.

200 4551 277 4610 IV.
312 4557 571 4617 Perdicca
616 4566 774 4620 anuis
804 4582 872 4620 LI.

198 4643 252 4699 V.
288 4649 554 4720 Argelaus
593 4656 755 4711 annis
791 4650 1047 4713 XXXVIII:

197 4733 272 4790 Vl.
304 4738 596 4813 Philippus
627 4747 787 4801 annis
833 4751 1062 4808 xxivul.

199 4821 293 4880 VII.
332 4827 552 4886 IEraeus
585 4833 697 4903 (85)
737 4836 895 4890 annis
929 4854 1073 4893 xxvn.

197 4910 316 4972 VIII.
355 4919 577 4977 Alcetas
606 4924 768 4977 annis
793 4942 940 4983 xxix.

192 5002 271 5060 IX.
319 5014 585 5082 Amyntas
625 5016 783 5071 annis
807 5033 859 5071 ι..

191 5092 249 5147 X.
309 5099 619 5159 Alexander
650 5107 807 5161 annis
829 5124 974 5161 xuv.

192 5183 271 5240 XI.
299 5187 560 5248 Perdicca
592 5197 752 5250 annis
792 5213 984 5252 xxvm.

185 5377 288 5455 (ea)
320 5380 490 5455 una,
528 5385 694 5447 “.12.

186 5449 287 5515 (85)
317 5452 396 5503 Ad
436 5472 634 5507 annum
668 5455 822 5511 1555.

186 5516 288 5581 (8-5)
319 5518 479 5592 llunc
516 5540 732 5592 quoque
764 5541 1046 5582 numerum
1079 5529 1145 5583 ab
1175 5530 1406 5586 Eusebio
1434 5532 1667 5589 desumit

136 5578 354 5671 ξειίιιιιε)ε
375 5578 593 5671 Quippe
619 5578 1664 5671 Euseb_iin§_'.ii{)iiu_'éc5i3€ﬁﬁiii31753;

146 5650 204 5730 εὶ.
229 5650 420 5733 scribit
465 5650 505 5711 θ’
530 5650 688 5733 ’(ἰςιο
743 5665 807 5719 ad
848 5650 1436 5724 Λιωῖίιιιὶιι-ἱιὶιῖ’ἁίἦίἦέ

125 5715 430 5781 Conferatur
481 5715 657 5786 autem
712 5733 996 5790 Eusebiani
1037 5754 1217 5803 regum
1266 5741 1507 5795 latcrcttli
1553 5745 1659 5796 col.

1805 1941 2036 1994 divisum
2058 1950 2161 1995 est.
2190 1940 2327 2009 Ipsis
2343 1939 2560 2009 quidem
2593 1936 2973 1991 Macedonibus
2999 1936 3225 2005 imperat
3241 1934 3362 1986 Phi-

1805 2030 1982 2099 lippus
2008 2029 2097 2098 qui
2122 2037 2173 2083 et
2199 2027 2465 2093 Aridaaus;
2496 2018 2834 2080 Alexandriae
2864 2040 2992 2078 vero
3008 2024 3220 2093 1Egypti
3244 2022 3370 2075 Pto-

1803 2119 2021 2173 lemaeus
2054 2118 2212 2187 Lagi:
2236 2126 2351 2170 tum
2379 2118 2536 2172 annis
2565 2118 2802 2186 quinque
2821 2127 2935 2184 post
2960 2116 3189 2181 imperat
3213 2113 3369 2166 Asia-

1802 2208 1886 2260 nis
1923 2210 2222 2279 Antigonus
2250 2208 2618 2272 ;lduodeeimo
2651 2207 2883 2275 denique
2928 2213 3047 2275 post
3079 2204 3364 2259 Alexandri

1802 2297 2009 2351 obitum
2045 2312 2190 2350 anno
2222 2297 2395 2367 Syris,
2427 2295 2685 2366 Babyloni
2742 2296 3020 2365 plagisque
3069 2294 3366 2363 superiori-

1802 2388 1905 2441 bus
1952 2387 2263 2440 dominatur
2286 2385 2547 2440 Seleucus
2589 2385 2840 2439 Nicanor.

1869 2478 1923 2532 9.
1964 2478 2075 2546 Age
2104 2492 2233 2532 vero
2253 2475 2695 2546 quandoquidem
2725 2475 2888 2527 hosce
2911 2471 3361 2526 commemoravioo

1797 2582 1940 2627 mus,
1973 2567 2310 2636 singulorum
2343 2579 2563 2634 quoque
2592 2564 2811 2619 nomina
2836 2563 3042 2631 scripto
3068 2559 3360 2629 complecti

1795 2675 1902 2713 non
1945 2660 2139 2729 pigeat.
2841 2663 2857 2671 ’

1865 2749 2173 2802 Alexandro
2215 2763 2247 2801 e
2294 2746 2433 2800 vivis
2471 2754 2678 2813 erepto,
2710 2741 3095 2796 Macedonibus
3141 2737 3360 2810 proprie

1794 2840 2026 2907 imperat

1869 2923 2034 2978 XXV.
2079 2924 2382 2995 Philippus,
2409 2925 2502 2994 qui
2522 2931 2575 2977 et
2600 2923 2866 2982 Aridmus,
2900 2919 3055 2973 annis
3083 2935 3178 2972 vu.

1864 3014 2052 3069 XXVI.
2096 3017 2374 3069 Casander
2396 3016 2559 3068 annis
2580 3030 2669 3067 χιιι
2704 3012 2836 3081 (86).

1867 3105 2079 3164 XXVII.
2118 3106 2238 3160 Filii
2282 3107 2445 3175 hujus
2467 3108 2719 3159 an-nisnv.

1861 3195 2098 3249 XXVIII.
2140 3194 2442 3249 Demetrius
2476 3195 2634 3247 annis
2666 3211 2698 3247 v
2733 3191 2868 3264 ($7).

1860 3286 2047 3340 XXIX.
2090 3286 2331 3353 Pyrrhus
2365 3286 2641 3339 mensibus
2674 3300 2772 3339 vn.

1859 3377 1952 3430 XX
1966 3377 2027 3432 ἰ.
2069 3377 2424 3448 Lysimachus
2455 3379 2614 3430 annis
2647 3392 2675 3427 v
2710 3384 2764 3429 et
2787 3373 3066 3427 mensibus
3093 3385 3166 3425 vu
3213 3368 3346 3441 (88).

1858 3468 2047 3537 XXXI.
2088 3468 2410 3522 Ptolemaeus
2431 3468 2894 3522 Ceraunusannoi
2914 3472 2962 3518 et
2984 3462 3256 3517 mensibus
3272 3476 3344 3516 Ix.

1862 3558 2075 3614 XXXII.
2120 3558 2386 3626 Meleager
2414 3557 2693 3611 mensibus
2721 3569 2780 3607 ιι.

1862 3648 2098 3702 XXXIII.
2139 3650 2428 3719 Antipater
2459 3649 2650 3703 diebus
2677 3662 2797 3700 va.

1855 3739 2090 3795 XXXIV.
2135 3740 2428 3795 Sosthenes
2454 3740 2612 3792 annis
2658 3754 2718 3792 ιι.

1788 3876 1795 3891 ,
1864 3830 2076 3883 XXXV.
2129 3831 2431 3900 Antigonus
2456 3829 2697 3884 Gonatas
2726 3830 2881 3886 annis
2910 3846 3092 3885 xxxvi.

1858 3918 2097 3973 XXXVI.
2143 3918 2447 3973 Demetrius
2460 3919 2617 3971 annis
2651 3936 2702 3972 x.

1848 4007 2112 4063 XXXVII.
2153 4010 2458 4079 Antigonus
2488 4009 2646 4064 anuis
2680 4026 2766 4064 xv.

1857 4100 2139 4155 XXXVIII.
2173 4101 2455 4171 Philippus
2485 4103 2643 4158 annis
2675 4119 2808 4157 XLII.

1818 4192 1828 4200 ’
1854 4189 2096 4245 XXXIX.
2132 4191 2363 4244 Perseus
2388 4192 2547 4245 annis
2582 4210 2631 4244 x.

1856 4277 2148 4332 Interfecto
2178 4277 2396 4343 Perseo,
2430 4280 2659 4333 Romani
2703 4282 3089 4342 Macedonibus
3119 4290 3338 4346 liberta-

1786 4377 1893 4421 tem
1925 4367 2181 4436 impertiti
2211 4378 2355 4433 sunt,
2390 4370 2577 4439 eisque
2606 4372 2687 4425 sui
2712 4373 2851 4441 juris
2876 4391 2995 4430 esse
3054 4394 3335 4437 concesse-

1709 4477 1755 4535 ι)
1787 4468 1913 4512 runt
1946 4462 2102 4514 annis
2134 4476 2220 4512 xiv
2244 4460 2377 4527 (89).

1844 4548 1952 4604 XL.
1994 4548 2182 4604 Falsus
2208 4549 2485 4619 Philippus
2513 4567 2655 4606 anno
2687 4569 2725 4606 ι.

1860 4638 2081 4692 Summa
2116 4654 2379 4694 annorum
2404 4656 2636 4697 bchvu.

1855 4753 1941 4806 l0.
1985 4751 2211 4807 Interest
2271 4764 2323 4808 et
2373 4764 2568 4810 caetera
2603 4772 2767 4827 regna
2812 4757 3138 4819 describere.
3179 4766 3335 4822 Anno

1782 4851 1905 4913 post
1952 4843 2242 4897 Alexandri
2269 4845 2376 4896 fata
2406 4848 2593 4913 quinto
2626 4848 2854 4917 imperat
2885 4852 3103 4908 Asianis

1838 4934 1879 4987 I.
1924 4936 2224 5003 Antigonus
2251 4935 2407 4989 anuis
2431 4952 2578 4990 xvut.

1846 5023 1911 5079 Il.
1949 5022 2254 5079 Demetrius
2284 5024 2613 5080 Poliorcetes
2644 5030 2802 5085 annis
2828 5049 2955 5087 xvu.

1852 5114 2146 5167 Amborum
2209 5116 2508 5169 dominatio
2564 5118 2853 5187 conjuncta
2904 5140 3074 5181 annos
3103 5135 3337 5198 occupat
3409 5173 3413 5197 ε

1776 5220 1939 5257 xxxv.
1964 5203 2149 5273 Operae
2187 5206 2416 5272 pretium
2474 5216 2558 5261 est
2585 5224 2679 5262 eos
2720 5211 2846 5266 item
2876 5214 2966 5283 qui
2996 5214 3082 5272 his
3110 5192 3342 5274 succcs'
3412 5192 3418 5213 δ

1775 5397 2036 5455 Ξο9,οιιιιι
2074 5405 2197 5449 nota
2226 5398 2274 5449 ’5.

1866 5466 1955 5539 85)
1990 5463 2080 5539 ρὶο
2109 5465 2345 5539 Αἰνοριω
2376 5469 2458 5539 vel
2486 5468 2738 5539 ίΕνοραε.

1866 5532 1955 5602 86)
1990 5532 2266 5591 Vetustior
2290 5538 2483 5602 codex,
2509 5532 2871 5596 Casumander
2896 5543 3060 5598 annis.
3080 5558 3179 5601 xx.

1842 5604 1953 5668 (87-)
1982 5606 2063 5657 Al.
2091 5606 2233 5667 cod.,
2265 5622 2352 5661 xv.

1839 5674 1946 5746 (88)
1982 5674 2305 5746 lloiiferalur
2345 5677 2608 5735 Eusebius
2639 5696 2676 5744 I,
2707 5683 2795 5746 58,
2825 5683 2876 5735 4.

1844 5743 1952 5809 (89)
1982 5742 2074 5797 Dic
2106 5761 2189 5797 xix
2229 5763 2351 5799 cum
2385 5746 2636 5814 Eusebio,
2665 5742 2943 5805 Icolfﬁﬁl.
