3874 6178
518 401 622 466 513

564 493 842 563 Principes
872 494 1010 563 quod
1045 495 1147 547 vita
1185 506 1423 549 maneret

566 583 751 639 XVIII.
788 583 959 638 Melon
993 582 1068 656 (5)
1104 584 1263 638 annis
1294 600 1381 637 ιι.

564 675 704 731 XIX.
738 676 967 730 Acastus
996 677 1155 730 annis
1184 692 1368 729 xxxvr.

561 767 678 821 XX.
713 768 1017 837 Archippus
1045 768 1204 822 annis
1229 784 1342 822 xix.

564 856 703 911 XXI.
731 856 1066 927 Thersippus
1094 859 1252 913 anuis
1285 875 1392 912 xu.

562 944 727 1000 XXII.
756 944 1001 1001 Phorbas
1027 947 1184 1000 annis
1208 955 1356 999 xxxi.

565 1037 754 1091 XXIII.
782 1038 1042 1107 Megacles
1071 1039 1231 1092 anuis
1263 1054 1390 1090 xxx.
1684 1065 1711 1075 ε

564 1126 751 1180 XoXlV.
782 1126 1079 1196 Diognetus
1110 1128 1269 1180 annis
1296 1142 1491 1180 XXVIII.

558 1217 722 1273 XXV.
751 1217 1036 1273 Pheraclcs
1058 1218 1214 1273 armis
1242 1234 1355 1275 ιιι.

560 1306 746 1359 XXVI.
782 1307 1052 1375 Ariphron
1079 1307 1237 1359 annis
1270 1322 1358 1357 xx.

566 1395 778 1450 XXVII.
816 1396 1117 1464 Thespieus
1141 1395 1300 1449 anuis
1334 1410 1508 1447 xxvii.

566 1485 796 1539 XXVIII.
838 1487 1150 1554 Agamestor
1179 1487 1256 1555 (4)
1293 1473 1448 1538 antiis
1479 1501 1544 1537 ιι

563 1559 751 1628 XXIX.
789 1574 1078 1645 IEsi‘hylus
1102 1577 1259 1630 annis
1291 1590 1439 1628 xxut.

564 1665 744 1718 Primo
772 1664 1016 1734 [Eschyli
1058 1679 1202 1717 anno
1262 1674 1451 1734 regnat
1494 1665 1633 1734 apud
1672 1662 1849 1734 Lydos
1882 1662 2055 1731 Ardy-

496 1773 634 1821 sus;
701 1757 861 1810 tertio
911 1762 1089 1809 autem
1156 1755 1318 1822 hujus
1378 1770 1519 1807 anno
1566 1753 1736 1822 prima
1789 1750 2053 1821 olympias

1380 390 1767 450 APPENDIX
1815 393 1912 450 Al)
1950 389 2262 450 EUSEBII
2304 390 2783 455 CIIRONICON.
3563 404 3651 469 διι

2077 497 2124 552 A
2224 494 2359 548 VIII.
2397 498 2767 552 Aristomedes
2800 498 2957 551 armis
2994 511 3152 553 xxxv.

2226 584 2318 638 1X.
2359 587 2597 655 Agenion
2629 586 2785 639 annis
2813 601 2923 639 λιι.

2231 675 2297 729 X.
2339 676 2642 730 Alexander
2667 678 2826 731 annis
2860 691 2982 729 xxv.

2227 764 2318 819 XI.
2360 763 2599 820 Telestes
2628 767 2782 817 anuis
2808 780 2902 818 xu.

2228 855 2343 909 XII.
2382 854 2709 911 Automenes
2739 856 2863 910 anni
2903 870 2961 910 ιι.
3413 911 3416 914 .

2227 945 2292 1000 Ili
2324 953 2684 1015 regnaverunt
2717 946 2873 999 annis
2911 960 3171 1011 cccxxtv;
3207 946 3489 1010 eodemque
3528 960 3664 1010 anno.

2158 1052 2265 1105 quo
2287 1035 2701 1099 Lacedaemonii,
2732 1038 3042 1091 desiverunt
3060 1038 3231 1106 prima
3252 1036 3554 1106 Olympiade.

2231 1126 2317 1178 I8.
2371 1124 2698 1193 l’opulorum
2749 1124 2987 1178 omnium
3035 1138 3328 1192 regumque
3375 1122 3669 1178 ethnicorum

2157 1222 2452 1270 extremam
2480 1216 2688 1284 placuit
2720 1215 2876 1268 nobis
2912 1211 3277 1266 Romanorum
3311 1212 3668 1281 chronologiam

2160 1306 2445 1360 conﬁcere.
2473 1306 2637 1359 Nemo
2665 1304 2863 1372 quippe
2893 1309 3207 1356 caelerorum
3225 1301 3339 1355 voti
3364 1301 3527 1353 nostri
3552 1316 3674 1355 com-

2159 1414 2258 1467 pos
2297 1398 2474 1452 Iactus
2498 1403 2601 1460 est,
2640 1396 2863 1449 Cnats'rt
2890 1394 3133 1449 videlicet
3165 1393 3298 1445 lucis
3319 1393 3457 1445 caelo
3487 1407 3673 1445 manan-

2159 1488 2246 1550 tis,
2312 1487 2443 1541 solis
2498 1487 2715 1554 inquam
2774 1485 3017 1553 justitiae.
3078 1482 3276 1536 Verum
3336 1481 3423 1543 hi,
3464 1481 3525 1533 ad
3566 1496 3677 1550 quos

2159 1574 2475 1629 scribendos
2497 1587 2642 1627 nunc
2664 1574 2969 1643 aggredior,
2995 1586 3301 1641 quanquam
3346 1580 3505 1623 noctu
3531 1569 3616 1623 via:
3632 1585 3677 1624 se

2159 1664 2567 1726 commiserunt,
2604 1669 2763 1732 atque
2808 1664 2980 1725 initio,
3014 1663 3090 1716 uti
3120 1661 3328 1723 caeteri,
3366 1660 3421 1714 in
3480 1661 3679 1715 tenebris

2159 1757 2359 1810 versati
2409 1763 2576 1820 sunt;
2613 1754 2963 1825 nihilominus
2989 1768 3054 1807 ex
3096 1753 3180 1806 his
3216 1752 3406 1820 plures
3441 1752 3575 1821 digni
3601 1752 3680 1802 hac

495 1852 612 1897 asta
642 1853 743 1898 est.
765 1843 931 1897 Porro
975 1844 1114 1897 hanc
1160 1842 1524 1913 Olympiadem
1570 1841 1805 1896 instituit
1850 1840 2055 1907 Iphitus
2089 1831 2128 1885 Β
2157 1847 2251 1902 biti
2286 1846 2531 1914 suntqui
2573 1844 2860 1912 splendore
2894 1840 3031 1895 lucis
3057 1840 3521 1897 collustrarentur,
3550 1842 3680 1904 prout

497 1934 836 1988 Praximtidzt‘.
892 1934 1160 2004 Ilrengonis
1217 1934 1314 2003 (5).

495 2123 586 2168 tur
603 2129 724 2166 cum
753 2125 908 2166 antea
951 2129 1049 2185 pro
1075 2131 1175 2168 suo
1204 2115 1436 2183 quisque
1463 2115 1614 2168 Iibito
1645 2129 1755 2167 rem
1782 2113 2048 2167 deﬁnit-ct.

572 2202 738 2256 XXX.
774 2205 1043 2259 Alcmaeon
1071 2206 1228 2259 annis
1258 2219 1321 2259 ιι.

576 2294 767 2348 XXXI.
792 2294 1039 2364 Charops
1056 2297 1213 2351 annis
1238 2312 1291 2350 x.

567 2386 776 2440 XXXII.
806 2387 1102 2442 Esimides
1128 2388 1285 2441 annis
1317 2403 1369 2440 x.

566 2478 802 2532 XXXIII.
829 2479 1071 2535 Clidicus
1103 2479 1260 2532 annis
1292 2495 1343 2531 ι.

566 2570 803 2625 XXXIV.
830 2571 1190 2641 Hippomenes
1211 2571 1368 2624 annis
1388 2587 1441 2626 ι.

568 2661 782 2717 XXXV.
810 2662 1097 2718 Leocrates
1126 2664 1283 2718 annis
1318 2680 1370 2716 ι.

566 2750 805 2804 XXXVI.
833 2752 1115 2820 Apsander
1145 2752 1302 2804 annis
1336 2767 1389 2803 x.

568 2840 826 2894 XXXVII.
864 2839 1088 2911 Eryxias
1111 2841 1269 2895 annis
1295 2856 1346 2892 ι.

566 2932 901 2985 Athenarum
962 2946 1115 3002 reges
1166 2939 1283 3000 post
1334 2944 1507 2984 annos
1548 2942 1848 2983 DCCCLXXIII
1895 2928 2053 2981 linem

498 3022 825 3077 habuerunt.
868 3066 875 3076 .

574 3111 656 3165 I6.
693 3109 935 3164 Postulat
968 3099 1199 3162 instituti
1234 3108 1402 3162 nostri
1443 3108 1601 3168 ratio,
1627 3119 1683 3159 ut
1707 3107 1858 3161 hisce
1890 3106 2054 3159 Lace-

1377 1933 1453 1985 Ex
1512 1934 1615 1985 hoc
1672 1931 1781 2000 jam
1817 1938 2057 1998 tempore
2155 1953 2255 1992 suo
2286 1940 2404 1992 loco
2431 1949 2728 2007 cognosces
2759 1934 2834 2005 (7)

497 2022 804 2077 Crtecorum
830 2024 1180 2093 chronologia
1208 2024 1512 2078 ﬁrmitatem
1543 2037 1649 2090 pra:
1671 2038 1728 2076 se
1752 2023 1889 2074 I'erre
1917 2020 2058 2073 vidc-

2222 2025 2340 2080 Jam
2371 2041 2497 2081 vero
2531 2025 2691 2079 tertio
2718 2031 2835 2092 post
2870 2020 3024 2076 Ilium
3052 2026 3269 2087 captum
3304 2029 3471 2079 anno,
3500 2012 3682 2068 biennio

2157 2127 2278 2172 ante
2318 2115 2703 2185 Sampsonem,
2749 2112 2996 2167 Teutami
3046 2120 3227 2164 autem
3272 2106 3529 2163 vicesimo
3564 2119 3687 2198 pono

2157 2216 2298 2255 anno
2325 2199 2467 2268 apud
2497 2198 2717 2251 Latinos
2748 2202 2941 2265 regnat

2225 2288 2264 2343 I.
2303 2287 2507 2343 Aﬂneas
2536 2286 2692 2340 annis
2721 2301 2801 2338 ιιι.

2226 2374 2288 2429 II.
2327 2374 2601 2430 Ascanius
2638 2372 2795 2426 armis
2816 2385 3045 2424 xxxviii.

2226 2465 2313 2520 Ill.
2355 2465 2557 2519 Silvius
2593 2462 2776 2517 [Ehem
2800 2463 2955 2515 annis
2989 2476 3139 2514 xxix.

2223 2553 2313 2609 IV.
2369 2554 2591 2607 Latinus
2630 2551 2830 2605 Silvius
2876 2550 3034 2603 annis
3077 2562 3227 2601 xxxi.
3270 2544 3307 2598 Α
3356 2543 3545 2598 Latino
3579 2552 3689 2610 gens

2156 2646 2335 2701 Latini
2364 2643 2614 2715 appellati
2649 2657 2744 2714 per
2774 2655 2945 2694 annos
2977 2652 3192 2692 ccccrx.

2226 2735 2290 2789 V.
2332 2734 2533 2789 [Encas
2557 2734 2757 2787 Silvius
2786 2731 2944 2784 annis
2971 2745 3023 2783 ι..

2221 2824 2312 2879 Vl.
2352 2825 2487 2877 Alba
2518 2823 2715 2877 Silvius
2738 2822 2895 2875 annis
2921 2834 3107 2874 xxxix.

2227 2915 2338 2969 VII.
2380 2914 2570 2984 Epitus
2600 2912 2802 2966 Silvius
2826 2912 2986 2965 armis
3014 2924 3162 2963 xxvi.

2234 3007 2367 3062 VIII.
2409 3007 2586 3076 Capys
2620 3004 2820 3059 Silvius
2845 3003 3005 3057 annis
3031 3016 3219 3055 xxvm.

2226 3096 2318 3150 IX.
2356 3097 2624 3149 Anchises
2659 3094 2736 3162 (8)
2769 3092 2968 3146 Silvius
2994 3091 3151 3144 annis
3180 3104 3299 3142 xm.

504 3163 892 3254 Ἰιιέιιιοιιὶοιιιιιι
932 3215 1146 3267 quoque
1188 3212 1341 3268 reges
1391 3163 1774 3267 adiungamus,
1823 3212 2052 3265 quorum
2079 3163 2123 3220 θ
2228 3190 2295 3243 X.
2335 3187 2583 3242 Tiberius
2614 3186 2814 3241 Silvius
2836 3183 2992 3239 annis
3016 3198 3132 3236 vtu.

502 3294 709 3362 primus
768 3304 909 3343 anno
969 3289 1238 3344 Samuelis
1300 3296 1353 3342 et
1406 3290 1587 3343 Saulis
1640 3297 1793 3343 sexto
1847 3288 2057 3341 decimo

502 3391 688 3454 n'gnat

566 3473 589 3528 I
646 3474 976 3545 Eurystheus
1015 3474 1171 3526 annis
1203 3488 1332 3525 XLII.

567 3561 633 3617 II.
673 3563 802 3633 Agis
823 3576 964 3615 anno
989 3576 1024 3615 ι.

567 3653 656 3709 III.
700 3653 1044 3707 Echestratus
1079 3651 1235 3706 anuis
1269 3667 1428 3705 xxxv.

568 3741 657 3797 IV.
694 3742 927 3796 Labotas
958 3741 1113 3796 annis
1137 3756 1341 3794 xxxv".

568 3829 637 3886 Vt
673 3818 959 3885 Doristhus
994 3830 1150 3882 annis
1185 3845 1334 3882 χιιι.

575 3920 659 3978 VI.
698 3922 978 3989 Agesilaus
1001 3919 1159 3972 annis
1191 3933 1329 3970 xuv.

576 4010 683 4064 VII.
718 4010 1012 4064 Archelaus
1040 4011 1195 4064 annis
1225 4025 1310 4062 ιι.

576 4099 705 4153 VIII.
746 4099 984 4155 Teleclcs
1022 4102 1175 4156 annis
1205 4115 1289 4154 ιι..

570 4187 661 4243 IX.
702 4188 1020 4245 Alcatnanes
1053 4194 1208 4247 annis
1236 4209 1438 4246 xxxvii.

572 4279 669 4337 IIis
703 4291 823 4349 post
841 4296 1012 4337 annos
1036 4298 1235 4338 cccxxv
1258 4284 1333 4356 (6)
1360 4286 1478 4341 linis
1499 4297 1577 4341 est
1603 4287 1902 4356 impositus.

572 4373 659 4426 I7.
699 4373 856 4429 Anno
888 4376 1115 4430 istorum
1157 4379 1354 4444 altero,
1391 4381 1480 4450 qui
1523 4388 1637 4436 erat
1683 4381 1926 4436 decimus
1969 4396 2057 4435 se-

2229 3280 2318 3334 XI.
2359 3280 2591 3350 Agrippa
2627 3276 2828 3331 Silvius
2854 3274 3013 3329 annis
3033 3288 3140 3331 xu.

2228 3373 2342 3427 XII.
2377 3371 2669 3425 Arcmulus
2700 3367 2900 3421 Silvius
2935 3364 3094 3418 annis
3117 3378 3228 3416 xix.

2222 3464 2357 3520 XIII.
2397 3462 2658 3516 Aventius
2695 3459 2895 3513 Silvius
2923 3455 3082 3509 annis
3109 3467 3313 3507 xxxvii.

2226 3547 2364 3603 XIV.
2403 3545 2605 3599 Procas
2637 3542 2840 3596 Silvius
2862 3540 3017 3594 annis
3047 3553 3159 3590 xxI.
3240 3580 3250 3586 .

2228 3636 2344 3691 XV.
2385 3634 2634 3688 Amulius
2679 3630 2881 3686 Silvius
2924 3628 3082 3684 annis
3120 3641 3271 3681 XLIII.
3322 3624 3381 3678 lu
3420 3623 3584 3693 hujus
3615 3634 3702 3675 am

2162 3744 2291 3784 num
2317 3727 2586 3781 decimum
2616 3738 2818 3777 nonum
2846 3720 3017 3789 prima
3042 3714 3306 3788 Olympias
3327 3714 3579 3768 incurrit.

2231 3821 2267 3873 ι.
2308 3818 2574 3873 Romulus
2608 3815 2766 3870 annis
2806 3811 3028 3866 xxxviii.
3066 3808 3166 3862 llic
3198 3821 3339 3861 anno
3379 3820 3484 3860 suo
3514 3801 3705 3858 decimo

2160 3927 2340 3974 nono,
2408 3911 2499 3979 qui
2564 3908 2664 3962 fuit
2728 3904 3047 3977 Olympiadis
3104 3898 3398 3965 undecima:
3477 3902 3701 3965 quartus,

2162 4003 2356 4072 templa
2399 4011 2452 4056 et
2483 3999 2682 4054 moenia
2718 3991 3195 4079 Romtejundavit.
3229 3988 3367 4041 llinc
3401 3987 3531 4040 anui
3571 3981 3702 4079 urbis

2161 4070 2391 4149 condita:
2427 4091 2601 4161 putari
2642 4070 3033 4158 incipiunt'(9),
3075 4085 3169 4153 qui
3197 4095 3338 4135 anno
3377 4079 3554 4147 primo
3588 4070 3704 4126 Phi-

2162 4184 2292 4255 lippi
2312 4184 2457 4237 mille
2486 4187 2861 4235 numerantur.
2890 4174 3023 4231 Hinc
3051 4173 3214 4228 etiam
3245 4168 3422 4222 Latini
3451 4165 3703 4218 Romano-

2160 4291 2280 4330 rum
2333 4286 2528 4328 nomen
2583 4269 2907 4323 habuerunt.
2973 4264 3352 4332 Congeruntur
3418 4264 3597 4312 autem
3645 4266 3705 4306 ex

2163 4366 2333 4421 1Enea
2362 4365 2429 4418 ad
2458 4361 2745 4416 Romulum
2771 4357 2899 4412 anni
2931 4368 3205 4410 ccccxxvt.

503 4465 703 4533 ptimus
739 4464 1006 4521 Samuelis
1035 4476 1088 4523 et
1124 4468 1321 4535 Saulis,
1365 4430 1551 4543 rcgnat
1579 4472 1717 4542 apud
1747 4471 2057 4528 Corinthios
2089 4482 2115 4537 [

2234 4455 2295 4510 II.
2336 4455 2510 4509 Numa
2544 4451 2841 4520 Pompilius
2869 4448 3026 4502 annis
3053 4460 3164 4499 xu.
3203 4430 3301 4495 llic
3329 4451 3543 4543 menses
3580 4433 3706 4487 duos

498 4620 502 4625 Α
574 4557 612 4610 I.
655 4557 873 4610 Alethes
906 4560 1062 4611 annis
1088 4575 1250 4612 xxxv.

571 4644 633 4699 ll.
677 4644 827 4699 Ixion
849 4648 1004 4701 annis
1032 4663 1235 4702 xxxvu.

570 4729 659 4785 Ill.
691 4731 922 4802 Agelaus
950 4735 1108 4789 annis
1130 4750 1332 4788 xxxv".

571 4819 659 4874 IV.
702 4819 935 4877 Primnis
963 4822 1121 4878 annis
1147 4839 1306 4878 xxxv.

572 4911 637 4965 V.
680 4912 908 4968 Bacchis
946 4915 1104 4970 annis
1133 4930 1293 4969 ιιιν.

567 5001 654 5057 VI.
695 5003 889 5073 Agelas
928 5007 1084 5062 annis
1113 5022 1240 5061 xxx.

578 5092 682 5148 VII.
715 5092 1020 5153 Eudemeus
1038 5134 1041 5135 ν
1058 5097 1215 5153 annis
1241 5113 1368 5153 xxv.

576 5247 652 5316 (5)
685 5248 975 5315 Eusebius,
1009 5249 1223 5306 Medon.

574 5318 650 5388 (II)
677 5318 872 5388 Codd.,
905 5319 1225 5388 Agemestor.

582 5387 658 5459 (5)
694 5387 832 5460 Hoc;
852 5387 1048 5460 nomen
1091 5397 1407 5460 corruptum
1445 5396 1529 5444 est
1567 5390 1708 5460 apud
1755 5389 2058 5445 Samuelem

507 5457 586 5510 uti
616 5455 758 5527 apud
794 5455 1086 5527 Eusebium
1113 5457 1181 5511 ad
1210 5455 1406 5513 annum
1431 5455 1717 5513 Abrahemi
1740 5474 1933 5514 ucch.

581 5527 655 5593 (6)
683 5527 766 5580 AI.
799 5526 944 5591 dod.,
989 5541 1255 5583 cccxxvu.
1934 5554 1942 5563 -

582 5597 659 5667 (7)
688 5596 870 5650 Mirari
895 5596 1021 5651 licet
1046 5605 1206 5665 atque
1227 5597 1461 5652 osculari
1491 5597 1804 5667 religiosum
1818 5597 2059 5655 Armenii

510 5666 748 5737 hominis
789 5681 1029 5729 sensum,
1075 5667 1164 5735 qui
1220 5683 1327 5737 pra:
1370 5668 1578 5723 caneris
1606 5666 1811 5736 priscis
1850 5669 2059 5736 populis

515 5731 788 5791 llomanos
815 5737 1059 5803 suspicit,
1089 5731 1302 5806 quia'hi
1332 5738 1533 5793 Christi
1565 5731 1682 5792 lucc
1708 5731 1864 5806 digni
1893 5731 2059 5794 habitt

2159 4566 2298 4608 anno
2329 4546 2533 4602 addidit
2560 4544 2752 4597 Janum
2779 4549 2831 4594 et
2860 4538 3127 4594 Februum
3153 4533 3282 4602 (10),
3307 4545 3497 4599 nempe
3514 4526 3704 4581 Janua-

2160 4644 2299 4699 rium
2337 4646 2499 4708 atque
2526 4631 2902 4694 Februarium,
2926 4643 3052 4683 cum
3083 4627 3271 4681 decem
3288 4630 3444 4677 antea
3470 4619 3739 4685 dicerem.

2158 4741 2266 4787 tur.

2231 4823 2319 4877 III.
2358 4819 2548 4874 Tullus
2575 4813 2836 4869 Hostilius
2867 4810 2976 4881 (II)
3008 4807 3166 4861 annis
3195 4818 3365 4858 xxxu.

2230 4915 2319 4970 IV.
2363 4912 2543 4967 Ancus
2571 4908 2803 4963 Marcius
2828 4905 2985 4959 annis
3009 4915 3168 4955 xxtu.
3554 4954 3559 4961 _

2231 5005 2296 5059 V.
2337 5002 2665 5072 Tarquinius
2708 4996 2928 5051 Priscus
2981 4993 3138 5047 annis
3204 5001 3385 5043 xxxvu
3433 4982 3565 5051 (I2).
3618 4976 3707 5032 [lic

2161 5099 2248 5155 isti
2278 5097 2439 5152 linem
2471 5092 2689 5147 faciunt.

2161 5262 2308 5315 sunt.
2341 5253 2467 5306 dum
2495 5263 2683 5315 rerum,
2702 5245 2875 5298 adhuc
2904 5242 3226 5311 potirentur.

2234 5314 2308 5391 (8)
2340 5320 2629 5391 Eusebius,
2655 5314 2964 5391 Corpeutus.

2227 5382 2302 5463 (9)
2324 5391 2497 5463 Aliter
2531 5389 2590 5463 i_u_
2608 5386 2797 5463 codice
2833 5382 3154 5463 Itlttsclltano.

2258 5450 2339 5520 III)
2369 5460 2424 5513 In
2455 5458 2639 5517 codd.,
2662 5454 2863 5507 Junum
2892 5460 2941 5504 et
2974 5450 3225 5520 Plieguut:
3331 5516 3343 5520 _
3494 5505 3622 5520 ΛΜ,

2233 5464 2320 5531 (I0
2369 5462 2424 5513 In
2455 5462 2639 5517 codd.,
2662 5462 2863 5507 Junum
2892 5462 2941 5504 et
2974 5462 3221 5520 l'ltegum.
3566 5507 3579 5519 .
3608 5507 3622 5518 θ

2258 5533 2313 5585 Il
2363 5528 2536 5584 Codd.
2560 5523 2851 5587 Samuelis,
2875 5520 3085 5574 Idilius.
3106 5519 3173 5571 At
3189 5516 3466 5574 Eusebius,
3488 5505 3697 5562 Ouum.

2233 5462 2344 5669 (HI
2381 5599 2494 5652 Duo
2531 5610 2706 5669 reges
2748 5592 3127 5648 desiderantur
3150 5587 3356 5643 Servius
3401 5578 3624 5640 Tullius,
3652 5586 3697 5631 el

2262 5578 2344 5665 IS)
2370 5578 2705 5665 IIVu—ovvreges
2748 5578 3127 5648 desiderantur
3150 5587 3356 5643 Servius
3401 5578 3624 5640 Tullius,
3652 5586 3705 5631 et

2164 5663 2479 5742 Tarquinius
2519 5663 2802 5733 Superbus.
3290 5676 3303 5687 ο
