3930 6178
245 296 332 362 545

794 268 1187 329 SAMUELIS
1228 270 1591 333 ANIENSIS
1631 273 2025 338 SUMMARII
2066 280 2500 345 TEMPORUM
2542 286 2737 347 PARS
2776 285 2823 351 Ι.

3330 288 3437 356 546

313 404 424 458 Post
466 411 605 467 reges
642 394 972 465 prmiuerunt
1025 395 1207 449 Romae
1257 395 1510 450 consules
1540 410 1571 449 a
1597 395 1765 450 Bruto
1792 401 1836 457 Α
1866 399 2050 460 sitam,
2075 415 2237 468 quam
2265 411 2320 457 et
2343 401 2628 456 llarcliiam
2654 404 3000 474 nuncupavit.
3024 403 3241 460 interim
3265 406 3423 464 Belus

254 491 442 554 exorsi;
492 486 674 540 deinde
724 485 950 548 tribuni,
1008 500 1133 538 mox
1186 484 1480 539 dictatores
1531 485 1762 557 (nempe

252 578 576 650 eloquentes);
620 589 812 629 rursus
849 575 1124 638 consules,
1165 575 1259 642 qui
1302 590 1332 627 a
1371 573 1666 645 Tarquinio
1696 576 1763 629 ad

249 673 409 727 Caium
435 667 620 721 Julium
651 664 975 719 exstiterunt
1005 664 1162 717 annis
1190 678 1408 718 ccccu.

302 761 416 813 Post
468 758 558 809 hos
612 768 753 808 anno
820 754 991 808 altero
1054 755 1359 809 centesima
1422 754 1765 822 octogesimas

246 860 427 922 quartae
458 845 771 917 olympiadis
799 859 1065 899 summam
1111 853 1428 914 potestatem
1478 845 1617 913 apud
1658 843 1767 899 Ro-

244 954 404 996 manos
444 936 670 993 exercuit
706 934 871 988 Caius
908 933 1085 989 Julius
1125 936 1282 990 annis
1323 936 1583 1005 quinque,
1617 952 1768 993 men-

242 1033 371 1087 sibus
441 1036 633 1096 septem.
688 1027 890 1081 minus.
956 1025 1090 1079 Exin
1150 1023 1420 1079 Ctesarum
1483 1042 1598 1095 app:
1620 1027 1767 1080 llatio

239 1121 464 1176 obtinuit.
502 1116 616 1171 Jam
667 1118 773 1170 huc
810 1131 985 1185 usque
1030 1116 1155 1168 anni
1191 1115 1298 1170 duo
1326 1117 1622 1185 Cleopatrae
1666 1133 1770 1171 nu-

240 1216 522 1273 merantur;
568 1205 807 1275 reliquos
857 1204 1047 1275 viginti
1086 1202 1271 1258 eadem
1319 1206 1423 1259 sub
1482 1204 1743 1261 Romanis

238 1299 480 1368 exigebat.

296 1391 548 1457 Augustus
574 1385 733 1440 annis
757 1400 865 1451 LVI,
902 1384 1181 1439 mensibus
1208 1399 1283 1440 Vt.
1310 1385 1393 1439 Ab
1421 1386 1581 1454 hujus
1596 1386 1770 1455 primo

236 1494 364 1532 anno
393 1477 708 1530 Antiocheni
736 1490 865 1530 suos
896 1489 1070 1530 annos
1102 1486 1409 1530 numerant.
1438 1476 1612 1545 Ilujus
1642 1477 1768 1532 item

234 1582 358 1621 anno
379 1567 577 1621 decimo
601 1565 908 1620 Iudaeorum
932 1566 1188 1635 praesules
1217 1567 1383 1620 amoti
1407 1574 1557 1631 sunt,
1587 1582 1773 1635 regna-

232 1657 393 1724 vitque
467 1653 706 1708 Herodes
738 1653 1055 1721 alienigena.
1132 1650 1269 1706 Ecce
1316 1661 1494 1707 autem
1542 1652 1769 1723 Augusti

1864 486 1917 540 in
1980 488 2216 557 reliquos
2262 505 2455 546 omnes
2505 493 2839 546 dominatum
2892 494 3148 563 adeptus,
3196 494 3423 552 Ilaicum

1861 590 2076 645 quoque
2114 576 2437 647 Babylonem
2473 581 2700 633 accersit
2738 599 2750 634 :
2783 597 3011 652 cumque
3049 582 3247 639 [laicus
3275 601 3425 638 man-
3480 606 3485 611 ’

1862 664 1988 718 data
2042 682 2149 720 non
2193 666 2413 732 faceret,
2462 670 2741 739 egreditur
2788 672 3047 727 adversus
3089 689 3210 727 eum
3265 672 3423 731 Belus

1859 748 2097 812 immani
2140 761 2445 828 arrogantia
2489 760 2682 813 elatus.
2729 759 2831 815 Sed
2870 763 3010 815 enim
3056 764 3158 816 telo
3189 764 3328 817 ictus
3357 765 3424 817 ab

1864 847 2030 900 Haico
2062 848 2173 900 vita
2199 848 2463 917 spoliatur
2498 867 2510 902 :
2544 850 2875 918 qni'quidcm
2913 851 3055 906 baud
3082 854 3268 922 paucis
3305 863 3424 924 post

1867 933 2031 989 annis
2058 934 2167 988 vita
2198 936 2483 1004 producta,
2509 936 2728 1015 ditionis
2751 938 3013 994 lueredem
3042 943 3279 996 moriens
3310 942 3425 996 reli-

1865 1026 1980 1095 quit
2001 1028 2380 1084 Armenacum.

1934 1117 1988 1172 Ξ.
2030 1118 2364 1173 Armenacus
2397 1119 2506 1189 (l4)
2549 1118 2701 1173 Haici
2741 1119 2902 1181 ﬁlius,
2930 1130 3051 1189 post
3089 1123 3290 1195 obitum
3324 1140 3420 1193 pa-

1870 1203 2004 1267 tris,
2043 1202 2241 1259 fratres
2268 1205 2406 1259 duos
2435 1204 2672 1260 Cborum
2708 1214 2763 1261 et
2794 1206 3141 1262 Manavazum
3188 1211 3242 1264 in
3284 1210 3421 1264 Har-

1868 1293 2056 1346 cbensi
2107 1294 2384 1362 provincia
2424 1284 2677 1365 reliquit,
2716 1297 2952 1367 itemque
2996 1298 3192 1354 Bazum
3239 1300 3423 1356 Mana-

1867 1384 1985 1436 vazi
2019 1384 2127 1453 (l5)
2169 1383 2356 1439 lilium.
2390 1384 2560 1440 Porro
2595 1402 2624 1439 a
2658 1387 2955 1442 Manavazo
2989 1389 3235 1459 Bazoque
3264 1391 3421 1446 dictae

1870 1469 2121 1525 feruntur
2161 1475 2412 1543 satrapiaa
2437 1473 2741 1531 Manavaxia
2774 1486 2828 1532 et
2862 1478 3154 1543 Beznunia,
3189 1482 3422 1552 itemque

1870 1574 1934 1613 ea
1964 1576 2084 1630 quae
2116 1559 2355 1644 0rdunia
2390 1566 2727 1633 appellatur:
2762 1582 2790 1620 a
2819 1566 2999 1622 Cboro
3029 1578 3206 1623 autem
3235 1580 3423 1639 gentes

1873 1651 2320 1707 Chorchoruniaa.
2372 1654 2493 1723 Ipse
2524 1670 2650 1710 vero
2680 1656 3017 1712 Armenacus
3057 1659 3197 1711 ultra
3241 1668 3422 1716 trans-

232 1748 383 1799 altero
405 1754 454 1799 et
480 1745 915 1814 quadragesimo,
947 1742 1174 1797 llerodis
1208 1743 1378 1797 altero
1411 1751 1465 1798 et
1494 1745 1767 1800 tricesimo
1798 1728 1840 1781 Β
1867 1754 2097 1810 gressus
2118 1781 2132 1805 ,
2184 1742 2238 1795 in
2293 1744 2516 1811 planitie
2570 1745 2813 1800 consedit
2856 1747 3001 1816 jugis
3049 1750 3384 1804 circumdata
3405 1792 3420 1815 ,

228 1851 372 1900 anno,
397 1852 588 1891 carens
620 1843 860 1904 tempore
892 1833 1076 1889 Funus
1104 1833 1200 1886 DBI
1237 1840 1425 1888 sancta
1456 1849 1522 1889 ex
1548 1833 1769 1905 Virgine

229 1929 448 1981 nascitur
470 1927 524 1981 in
552 1933 801 1995 tempore
823 1925 954 1994 (15).

217 2023 239 2048 ’
793 2053 1020 2109 CAPUT
1060 2052 1171 2110 vn.

541 2166 757 2221 Jabetlu'
792 2168 1040 2234 prosapia
1080 2167 1418 2222 Armeniaca.

280 2278 486 2333 Priores
524 2278 667 2333 duas
704 2279 1080 2348 genealogias,
1116 2277 1263 2333 Semi
1314 2277 1567 2331 videlicet
1608 2282 1772 2345 atque

222 2367 409 2433 Cbami,
438 2370 679 2425 breviter
711 2370 1107 2432 recensnimus,
1132 2367 1477 2434 easdemque,
1509 2373 1770 2435 quantum

222 2461 382 2522 licuit,
414 2476 508 2529 per
538 2461 925 2516 successiones
954 2469 1007 2515 et
1040 2467 1284 2527 tempora
1314 2457 1381 2510 ad
1415 2472 1538 2511 eum
1568 2472 1771 2511 annum

220 2565 374 2619 usque
409 2550 762 2613 deduximus,
803 2567 913 2620 quo
974 2549 1349 2606 manifestatus
1392 2556 1475 2602 est
1514 2547 1773 2600 Dominus

219 2643 298 2710 qui
340 2642 637 2696 humanam
676 2650 867 2711 sponte
903 2648 1154 2693 naturam
1184 2637 1432 2692 adscivit.
1462 2637 1573 2704 Age
1604 2651 1770 2698 nunc,

218 2734 343 2800 quod
383 2735 640 2801 superior
684 2732 859 2785 oratio
905 2737 1091 2784 nostra
1133 2728 1412 2796 promisit,
1458 2726 1526 2780 ad
1561 2724 1772 2779 Jabetbi

216 2838 413 2891 quoque
433 2823 750 2893 progeniem
772 2819 1184 2874 describendam
1210 2815 1534 2870 accedamus
1570 2833 1584 2869 :
1616 2814 1774 2883 cujus

220 2914 523 2969 successivze
543 2912 955 2984 procreationes
980 2912 1046 2963 ad
1068 2908 1297 2962 Parthos
1320 2922 1491 2975 usque
1511 2904 1771 2968 deﬂuunt,

215 3020 311 3070 quo
352 3007 406 3058 lit
454 3016 514 3059 ut
559 3020 692 3059 eum
740 3004 992 3072 denique,
1022 3001 1115 3070 qui
1160 2999 1285 3053 fecit
1326 3006 1554 3065 utraque
1582 3011 1772 3058 unum,

1868 1846 2097 1901 quorum
2123 1833 2334 1887 elatiori
2357 1850 2551 1890 nomen
2575 1838 2696 1892 fecit
2718 1838 2957 1907 Aragazo
2981 1857 2994 1893 :
3028 1849 3142 1892 tum
3164 1842 3426 1897 Armaeiso

1869 1929 1992 1991 post
2066 1922 2270 1992 aliquot
2340 1924 2463 1978 vita:
2512 1940 2683 1981 annos
2750 1927 2964 1996 genito,
3011 1929 3104 1982 diu
3152 1929 3273 1983 exin
3328 1946 3423 1985 su-

1868 2020 2079 2081 perstes
2113 2011 2327 2067 demum
2360 2021 2569 2069 natura:
2600 2015 2883 2070 satisfecit.

1939 2103 1993 2156 ὃ.
2034 2101 2327 2157 Ανηιεὶειιδ
2358 2102 2469 2173 (16)
2508 2106 2793 2159 Armenaci
2839 2105 2979 2160 illius
3010 2107 3294 2161 stationem
3323 2106 3424 2162 sibi

1871 2190 1924 2243 in
1956 2190 2094 2245 colle
2129 2190 2197 2245 ad
2231 2193 2407 2246 amnis
2431 2194 2604 2261 ripam
2636 2193 2886 2249 aediﬁcat.
2934 2194 3109 2264 Atque
3137 2196 3424 2250 stationem

1869 2281 2087 2351 quidem
2128 2296 2229 2336 suo
2271 2280 2339 2335 de
2379 2284 2598 2338 nomine
2650 2283 2978 2339 Armaviram
3009 2286 3274 2354 appellat,
3311 2301 3425 2340 am-

1869 2386 1992 2425 nem
2024 2378 2199 2425 antem
2246 2387 2310 2426 ex
2356 2370 2546 2436 Erasto
2581 2382 2772 2441 nepote
2816 2389 2916 2427 suo
2958 2373 3245 2429 Eraschem
3275 2374 3425 2429 voci-

1873 2469 1947 2514 tat
1976 2463 2112 2529 (17).
2149 2460 2270 2516 Mox
2306 2458 2544 2517 Sarazum
2577 2463 2741 2517 ﬁlium
2763 2503 2778 2527 ,
2817 2465 2965 2533 prole
3007 2464 3224 2521 divitem
3267 2471 3426 2535 atque

1874 2566 2119 2606 voracem
2162 2553 2313 2623 (18),
2360 2554 2581 2608 boream
2622 2569 2812 2609 versus
2856 2556 2910 2608 in
2957 2564 3308 2625 campestrem
3349 2558 3429 2611 lo-

1873 2655 1997 2693 cum
2030 2640 2228 2694 emittit
2260 2642 2394 2698 satis
2422 2642 2642 2696 uberem
2674 2650 2727 2696 et
2763 2642 3122 2698 fructuosum.
3156 2643 3331 2714 llujus
3362 2647 3431 2700 de

1873 2729 2095 2783 nomine
2125 2731 2272 2801 regio
2296 2730 2385 2783 illa
2422 2731 2628 2785 Siracia
2677 2740 2990 2802 nuncupata
3047 2740 3150 2787 est.
3179 2732 3296 2787 Jam
3327 2735 3425 2787 Ar-

1875 2820 2095 2874 maeisus
2149 2819 2423 2874 Amasiam
2466 2823 2798 2891 procreavit,
2846 2824 3046 2894 diuque
3093 2825 3268 2880 adhuc
3318 2826 3427 2880 vita

1876 2922 2011 2961 usus
2042 2922 2353 2976 supremum
2398 2909 2539 2963 diem
2570 2909 2721 2963 obiit.
3024 2960 3030 2968 .

1945 2996 1998 3048 4.
2038 2996 2286 3052 Amasias
2314 2997 2560 3052 Armaeisi
2598 2997 2771 3061 ﬁlius,
2808 2999 2968 3053 vitam
3001 2999 3211 3070 agitans
3235 3002 3427 3053 Arma-

221 3064 510 3158 dominum,
572 3098 823 3164 inquam,
876 3064 1120 3147 nostrum
1184 3064 1582 3157 contingamus.
1639 3087 1773 3139 Cum
1802 3064 1844 3122 (ἶ
1878 3085 2037 3149 virm,
2075 3085 2376 3142 Gelamium
2410 3088 2594 3157 genuit
2626 3096 2678 3141 et
2712 3087 3051 3143 Pbarocbum
3088 3099 3246 3159 atque
3276 3089 3430 3143 Zola-

214 3187 363 3254 igitur
403 3187 655 3255 praedicti
695 3184 962 3240 sermonis
995 3181 1165 3235 nostri
1204 3194 1399 3233 cursus
1440 3177 1506 3231 ad
1534 3175 1777 3245 Tborgo-

220 3292 350 3328 nium
378 3278 689 3339 devenerit,
721 3275 964 3343 sequitur
993 3279 1051 3326 ut
1084 3271 1150 3325 ab
1178 3285 1243 3324 eo
1272 3271 1392 3324 loco
1413 3270 1776 3323 narrationem

218 3374 401 3420 rursus
417 3367 588 3420 exnrd
600 3370 800 3418 iaruur.

278 3455 325 3507 l.
376 3457 419 3507 Α
464 3455 787 3523 Tliorgomo
834 3453 909 3505 ait
977 3450 1180 3519 (Moses
1233 3448 1597 3510 Cliorenensis,
1640 3465 1678 3514 ι,
1722 3448 1776 3517 9)

215 3556 543 3609 procreatum
582 3544 834 3598 Ilaicum.
866 3540 984 3595 Jam
1011 3540 1098 3594 hic
1121 3539 1322 3595 llaicus
1350 3556 1417 3594 ex
1441 3554 1629 3592 eorum
1662 3547 1779 3592 erat

215 3633 474 3701 gigantum
531 3650 771 3689 numero
821 3636 913 3703 qui
961 3632 1268 3701 arrogantia
1315 3630 1503 3683 tumidi
1556 3629 1775 3696 impium

213 3726 483 3778 consilium
550 3724 937 3779 construenda:
979 3723 1142 3775 turris
1188 3727 1548 3789 pepererunt;
1578 3718 1779 3787 quique

216 3823 325 3877 post
348 3815 468 3882 ejus
495 3815 769 3868 immanis
791 3811 1002 3867 :edilicii
1032 3810 1242 3863 ruinam
1271 3824 1392 3863 cum
1423 3808 1533 3876 jam
1559 3808 1700 3861 inter
1721 3824 1779 3862 se

212 3917 421 3972 propter
477 3908 798 3975 linguarum
858 3902 1178 3956 divisionem
1231 3914 1342 3952 non
1395 3899 1775 3968 intelligerent,

213 3997 458 4062 superbia
504 3996 646 4050 elati
678 4002 925 4048 mutuum
964 3991 1299 4045 dominatum
1332 3989 1670 4044 all‘ectabant.
1706 3987 1777 4051 ls,

178 4085 434 4154 inquam,
473 4086 694 4140 [laicus
754 4084 879 4139 Belo
924 4066 1191 4138 obsistere
1240 4097 1408 4136 ausus
1468 4088 1571 4145 est,
1622 4080 1779 4149 cujus

213 4178 442 4230 studium
495 4192 568 4232 eo
627 4175 904 4245 spectabat
949 4185 1025 4239 ut,
1081 4174 1297 4229 cunctis
1346 4172 1448 4228 sibi
1497 4171 1776 4239 subjectis,

210 4269 509 4335 generalem
564 4268 910 4337 tyrannidem
964 4273 1261 4321 exerceret.
1310 4263 1388 4319 Ne
1443 4262 1570 4316 Belo
1618 4263 1781 4331 igitur

209 4356 618 4426 obtemperaret
670 4355 892 4419 llaicus,
946 4371 1069 4409 cum
1118 4355 1246 4417 lilio,
1293 4368 1452 4423 quem
1512 4350 1780 4420 Babylone

206 4457 546 4516 susceperat,
603 4451 925 4509 Armenaco,
959 4447 1090 4515 petit
1146 4444 1472 4504 Araratiam,
1522 4440 1778 4495 trecentis

206 4535 333 4591 viris
378 4539 628 4607 aliisque
666 4536 908 4599 advenis,
938 4535 1028 4603 qui
1056 4548 1114 4587 se
1152 4534 1228 4585 illi
1251 4533 1636 4600 adjunxerant,
1659 4543 1780 4582 cor-

174 4625 519 4700 .roboratus.
556 4624 640 4677 lbi
671 4638 798 4677 vero
833 4623 900 4677 ad
943 4623 1146 4676 montis
1195 4621 1406 4674 radices
1446 4617 1777 4673 domicilium

207 4718 421 4779 excitat,
476 4717 657 4784 idque
711 4729 836 4768 mox
885 4714 1173 4767 Armenaei
1228 4712 1336 4764 ﬁlio
1379 4708 1580 4764 Cadmo
1628 4707 1784 4760 attri-

204 4804 396 4872 buens,
445 4807 679 4876 longius
732 4806 859 4872 ipse.
900 4816 1218 4873 progressus
1265 4808 1349 4854 est
1394 4800 1458 4853 ad
1502 4798 1778 4868 regionem

208 4897 505 4962 quamdam
575 4886 722 4948 inter
771 4893 902 4947 solis
949 4906 1203 4947 occasum
1266 4897 1317 4943 et
1361 4889 1780 4957 septentrionem

274 5073 385 5139 (ίὸ)
420 5070 683 5130 Samuel,
724 5076 788 5139 ut
813 5068 1007 5135 cuique
1044 5066 1235 5139 legenti
1267 5070 1500 5139 constat,
1547 5062 1783 5139 priorem

208 5132 430 5195 Eusebii
466 5141 677 5192 librum
723 5138 828 5205 huc
856 5132 1028 5205 usque
1056 5132 1116 5188 in
1147 5132 1524 5205 compendium
1560 5132 1780 5205 redegit.

206 5211 376 5265 Porro
408 5224 547 5263 cum
580 5207 721 5259 idem
747 5201 1113 5259 Romanorum
1146 5204 1498 5271 imperatores
1521 5201 1661 5254 ultra
1684 5201 1787 5271 pri-

207 5295 352 5332 mum
407 5279 499 5331 vel
548 5278 779 5329 alterum
821 5278 1087 5331 Casarem
1140 5288 1245 5325 non
1298 5269 1586 5330 describat,
1643 5269 1783 5328 haud

206 5348 415 5401 scimus
446 5362 522 5397 an
547 5346 681 5398 hinc
700 5349 894 5399 merito
921 5343 1332 5411 conjectandum
1362 5341 1454 5402 sit,
1482 5338 1784 5397 Samuelem

206 5419 397 5469 mutilo
433 5415 666 5467 Eusebii
709 5414 894 5470 codice
929 5430 1085 5468 usum
1136 5426 1273 5464 esse.

277 5488 395 5555 (ιι)
444 5484 684 5537 Codices
726 5484 926 5556 aliique
969 5486 1262 5552 scriptores
1312 5479 1472 5533 etiam
1501 5522 1514 5545 ,
1566 5481 1786 5535 Arame-

206 5569 394 5608 lacus.

274 5626 392 5693 (t5)
438 5627 783 5683 Manavazus
811 5624 962 5678 ilaici
992 5624 1132 5678 tilius
1157 5662 1172 5689 ,
1208 5622 1494 5678 Armenaci
1526 5622 1711 5676 frater.

1877 3177 2044 3231 cium.
2081 3174 2229 3231 idem
2265 3178 2462 3247 oppida
2493 3178 2603 3232 duo
2644 3178 2696 3233 in
2744 3179 3020 3234 radicibus
3066 3182 3263 3235 montis
3309 3180 3423 3233 fun-

1877 3264 2064 3331 davit,
2094 3267 2431 3338 totidemque
2475 3267 2601 3324 ﬁliis
2644 3270 2760 3324 suis
2800 3269 3081 3323 incolenda
3127 3266 3424 3334 condessit,

1879 3350 2165 3411 Pbarocbo
2213 3358 2421 3412 scilicet
2467 3358 2593 3411 forti
2643 3365 2695 3414 et
2744 3358 2962 3414 Zolacio
3004 3358 3276 3423 formoso,
3311 3376 3430 3430 qua:

1879 3445 2093 3512 quidem
2131 3445 2321 3500 horum
2350 3449 2566 3501 nomina
2600 3448 2831 3501 retinent
2861 3448 3215 3503 Paracliotum
3243 3458 3296 3504 et
3325 3450 3428 3505 Zo-

1878 3532 2158 3587 lacertam.
2212 3533 2440 3588 Montem
2487 3535 2719 3603 denique
2763 3535 2830 3590 de
2878 3553 2979 3591 suo
3028 3540 3249 3593 nomine
3295 3540 3431 3593 dixit

1881 3619 2159 3676 Masisium
2195 3623 2329 3693 (l9).
2372 3623 2422 3677 ls
2486 3638 2609 3677 cum
2638 3625 2794 3676 annis
2826 3632 3078 3692 praeterea
3110 3640 3215 3678 non
3240 3626 3429 3695 paucis

1876 3712 2039 3765 vitam
2073 3720 2468 3776 sustentasset,
2503 3713 2797 3767 Armavirte
2826 3714 3077 3769 decessit.

1947 3802 2000 3857 5.
2041 3801 2316 3857 Gelamius
2347 3802 2580 3857 Amasite
2624 3801 2765 3856 [ilius
2811 3803 3064 3857 Harmam
3108 3805 3431 3874 procreavit.

1880 3887 2021 3943 Idem
2058 3890 2314 3958 oppidum
2348 3890 2402 3943 in
2432 3905 2525 3944 ora
2570 3890 2721 3944 lacus
2767 3890 3047 3956 condidit,
3090 3898 3430 3961 montemque

1878 3980 2184 4048 proximum
2216 3979 2404 4035 Gelum
2437 3980 2602 4045 dixit,
2634 3981 2818 4034 urbem
2850 3978 3228 4043 Celacuniam,
3253 3981 3431 4034 lacum

1877 4070 2109 4139 denique
2136 4086 2283 4125 mare
2311 4070 2661 4126 Gelacunium
2694 4071 2825 4141 (20).
2852 4071 3094 4124 Gelamio
3127 4070 3268 4124 ﬁlius
3299 4073 3433 4126 alter

1880 4160 1981 4215 fuit
2009 4159 2231 4217 Sisacus
2250 4202 2264 4225 ,
2294 4164 2381 4217 cui
2414 4162 2548 4217 ﬁnes
2575 4163 2796 4217 ditionis
2820 4163 3101 4216 constituit
3130 4165 3197 4216 ab
3221 4179 3285 4216 eo
3312 4165 3430 4218 lacu

1879 4251 2138 4305 orientem
2171 4266 2392 4315 versus,
2426 4266 2530 4320 qua
2575 4250 2693 4303 ﬂuit
2721 4251 2897 4304 anmis
2929 4249 3196 4305 Erasches
3228 4251 3429 4320 ingenti

1810 4381 1855 4434 Β
1881 4341 2093 4407 agmine
2118 4348 2172 4395 et
2203 4341 2429 4409 strepitu
2462 4340 2516 4393 in
2544 4355 2638 4394 eos
2667 4355 2886 4408 campos
2916 4340 3169 4408 delapsus
3211 4340 3302 4406 qui
3344 4339 3430 4393 di-

1879 4439 2080 4484 cuntur
2113 4430 2421 4485 Cbalavazi.
2473 4429 2531 4482 Ei
2576 4429 2779 4499 regioni
2831 4445 3026 4483 nomen
3074 4436 3155 4483 est
3204 4428 3429 4484 Siunia:

1880 4521 1972 4575 sed
2001 4519 2339 4575 commodius
2381 4519 2560 4575 Persa!
2603 4520 2790 4573 dicunt
2833 4518 3177 4573 Sisicaniam.
3228 4519 3427 4573 Urbem

1879 4612 2040 4665 etiam
2071 4612 2314 4665 condidit
2345 4611 2638 4665 Gelamiam
2683 4611 2747 4663 de
2792 4624 2892 4663 suo
2933 4610 3151 4663 nomine
3198 4610 3428 4672 dictam,

1880 4717 2002 4771 quae
2030 4709 2214 4771 postea
2246 4703 2312 4756 de
2344 4701 2577 4754 Garnico
2606 4711 2798 4767 nepote
2840 4700 2958 4767 ejus
2997 4697 3195 4752 Garnia
3240 4698 3429 4753 audiit.

1881 4790 2019 4844 llinc
2081 4798 2234 4845 ortus
2287 4799 2369 4845 est
2420 4791 2725 4843 consecutis
2773 4790 3104 4857 temporibus
3171 4789 3272 4842 sub
3328 4788 3428 4842 Ar-

1884 4891 2103 4936 taxerxe
2121 4880 2361 4935 Varazus
2381 4882 2468 4935 ille
2490 4882 2830 4934 venationum
2856 4879 3140 4949 praefectus
3156 4877 3431 4933 Varaznu-

2105 5060 2275 5114 Aliter
2306 5059 2467 5113 etiam
2488 5098 2501 5115 .
2540 5059 2874 5113 Aramaisus.

2106 5129 2305 5197 Nempe
2335 5129 2583 5181 Araxem.

1956 5061 2066 5200 iiii

1955 5133 2065 5200 (Π)
2106 5133 2305 5197 Nempe
2335 5133 2583 5181 Araxem.

1956 5203 2066 5269 (l8)
2105 5199 2429 5269 Conl'eratur
2455 5198 2556 5269 hac
2581 5212 2742 5266 super
2769 5212 2826 5250 re
2852 5196 3101 5266 adagium
3133 5193 3271 5265 apud
3297 5194 3433 5249 Cho-

1884 5266 2166 5324 reneu'sem
2190 5307 2203 5329 ,
2241 5266 2381 5320 Hist.
2419 5284 2468 5328 ι,
2504 5266 2586 5318 ll.

1954 5340 2066 5407 (l9)
2108 5336 2263 5389 llunc
2312 5333 2921 5407 immanis__altitudinis
2976 5343 3206 5388 montem
3250 5329 3427 5385 divina

1885 5403 2058 5463 Biblia
2087 5407 2307 5473 alizequc
2336 5415 2521 5472 gentes
2550 5404 2735 5456 dicunt
2763 5403 2978 5456 Ararst.

1958 5477 2069 5550 (29)
2102 5468 2236 5551 “Hoc
2268 5468 2446 5551 mare
2476 5476 2611 5551 (_seu
2631 5475 2821 5551 laeum
2854 5475 2902 5551 )_
2930 5470 3127 5551 posleti
3175 5468 3427 5551 dixerunt

1886 5541 2366 5669 etiagidiselranium
2401 5544 2467 5597 ab
2503 5543 2677 5596 insula
2711 5541 2936 5597 Sevania
2962 5581 2976 5605 ,
3010 5541 3098 5593 ubi
3142 5552 3233 5591 arx
3267 5541 3428 5606 captu

1886 5632 1980 5669 ner
2023 5631 2032 5666 ι
2093 5628 2211 5667 cus

1885 5630 2177 5685 peratum“
