3930 6178
542 298 648 363 517

1439 280 1827 342 ΑΡΡΕΝΟῙΧ
1869 282 1966 338 AD
2008 280 2110 341 EU

2215 279 2319 339 BII
2361 277 2830 340 CHRONICUN.
3649 278 3737 341 ΞΗ

550 410 653 467 nia;
696 406 909 466 familia:
946 402 1085 457 fons.
1117 399 1329 453 "arma:
1378 398 1486 452 lilio
1509 396 1785 452 Gelamins
1839 397 1891 450 in
1947 409 2099 448 man-
2131 400 2172 454 Α
2271 391 2324 445 8.
2363 388 2503 444 Araei
2536 388 2694 442 Amo
2723 382 2889 456 geniti
2923 382 3065 438 ﬁlius
3105 382 3467 435 Annsavanus
3505 378 3623 433 fuit.
3660 379 3741 435 llic

546 500 688 557 datis
738 497 919 557 dedit,
979 502 1036 549 ut
1089 491 1382 545 Armavira:
1440 489 1746 551 habitaret,
1808 486 2101 554 multisque

547 600 667 663 post
699 589 856 642 annis
897 587 1199 641 exstinctus
1220 592 1322 637 est.
1350 581 1547 635 llarma
1570 578 1809 634 Gelamio
1850 576 2097 648 genitus,

546 693 798 750 suscepto
822 679 931 732 filio
962 678 1182 741 Aramo,
1218 682 1339 744 post
1367 687 1540 726 annos
1571 671 1776 740 aliquot
1803 669 1963 723 obiit.

613 773 667 829 6.‘
708 773 938 826 Arainus
971 766 1183 820 “arma:
1215 765 1357 819 filius
1393 778 1486 833 per
1527 762 1654 817 saevi
1700 760 1888 814 martis
1928 767 2102 813 certa-

543 864 689 919 mina
717 878 774 917 re
805 876 945 930 saepe
969 857 1224 929 praeclare
1248 865 1396 924 gesta
1421 853 1680 907 ditionem
1702 865 1856 904 suam
1886 864 2102 920 quaqua

543 968 733 1008 versus
763 948 1003 1020 protulit.
1040 945 1130 1000 Ab
1178 943 1342 1012 hujus
1389 940 1608 995 nomine
1653 953 1925 992 consensu
1971 952 2102 1006 gen-

544 1045 684 1097 tium
735 1040 975 1094 omnium
1033 1036 1181 1105 regio
1235 1039 1420 1086 nostra
1474 1029 1738 1099 appellata
1787 1036 1917 1083 est:
1976 1040 2101 1079 nam

545 1132 715 1187 Grieci
746 1130 963 1200 quidem
996 1125 1281 1180 Armenios
1304 1162 1318 1182 .
1352 1121 1472 1191 Syri
1520 1135 1645 1175 vero
1685 1127 1738 1172 et
1783 1118 1963 1172 Persae
2002 1116 2102 1168 Ar-

548 1219 758 1275 menicb
806 1234 908 1274 nos
952 1216 1161 1270 dicunt.
1207 1213 1301 1267 llle
1345 1211 1651 1281 Nycharum
1701 1208 1906 1262 Madent
1962 1207 2102 1261 bello

546 1314 761 1375 captum
805 1306 870 1358 de
909 1304 1077 1358 turris
1121 1315 1276 1355 muro
1305 1298 1607 1368 suspendit.
1638 1297 1896 1350 Enmdem
1930 1295 2100 1350 Ninus

547 1397 847 1452 secundum
876 1411 904 1447 a
935 1410 994 1448 se
1022 1394 1158 1463 dixit
1188 1392 1346 1460 eique
1377 1390 1623 1444 diadema
1664 1388 1974 1457 margaritis
2017 1386 2101 1438 in-

547 1486 698 1554 signe
722 1491 935 1552 gestare
960 1479 1263 1542 concessit,
1293 1477 1507 1531 tametsi
1535 1475 1715 1544 specie
1746 1484 1925 1528 tenus.
1957 1472 2100 1527 idem

547 1576 861 1630 Barsamum
889 1575 998 1627 vita
1030 1572 1283 1641 spoliavit
1307 1589 1319 1624 :
1350 1577 1461 1622 tum
1489 1576 1543 1622 et
1571 1568 1804 1620 titanum
1851 1564 2099 1632 Pmapum

546 1665 820 1721 Chalidem
853 1679 882 1717 e
916 1660 1326 1716 mediterraneis
1348 1659 1654 1720 submovit,
1681 1666 1839 1725 atque
1868 1655 1921 1708 in
1950 1655 2102 1707 insu«

549 1758 653 1811 lam
684 1755 973 1825 quamdam
1008 1752 1196 1806 Asiani
1228 1752 1396 1805 maris
1428 1750 1623 1820 adegit.
1658 1747 1799 1802 idem
1830 1747 1884 1801 in
1909 1760 1970 1800 ea
2000 1761 2106 1798 me-

548 1845 845 1898 diterranea
868 1843 1083 1910 regione
1109 1841 1376 1895 Mesacum
1408 1840 1576 1908 stirpe
1604 1853 1703 1890 sua
1730 1843 1909 1889 ortum
1939 1834 2108 1888 collo-

548 1933 725 1994 cavit,
770 1931 860 1999 qui
909 1929 1178 1994 Mazacam
1230 1929 1510 1989 condidit,
1565 1926 1865 1980 Caesaream
1921 1931 2108 1992 postea

550 2030 813 2076 vocatam.
866 2019 1133 2073 Mandavit
1161 2026 1421 2088 praeterea
1452 2028 1607 2071 terrm
1634 2016 1754 2085 ejus
1786 2014 1979 2068 incolis
2003 2052 2017 2074 ,
2052 2019 2108 2065 ut

553 2111 840 2165 llaicanam
897 2111 1134 2178 linguam
1194 2108 1579 2162 addiscerent:
1640 2105 1990 2174 quamobrem
2046 2118 2109 2156 ea

550 2202 703 2271 plaga
728 2200 927 2275 dicitur
953 2217 985 2252 a
1017 2197 1210 2252 ercis
1241 2197 1437 2266 πρώτη
1468 2195 1753 2264 Ἀρμενία,
1783 2186 1990 2249 Scilicet
2008 2193 2109 2245 Ar-

550 2292 724 2344 menia
752 2289 945 2360 prima.
992 2287 1131 2342 Hinc
1173 2288 1239 2342 ad
1280 2287 1414 2341 lines
1445 2300 1617 2355 usque
1648 2283 1899 2354 preprios
1943 2283 2110 2336 inter-

550 2375 724 2430 media
747 2376 861 2429 loca
883 2375 1076 2429 incolis
1102 2373 1481 2444 frequentavit,
1500 2389 1621 2443 quae
1641 2372 1911 2436 secundae,
1940 2373 2111 2427 tertiae

549 2466 657 2518 imo
683 2472 735 2520 et
762 2476 967 2536 quarta:
993 2464 1262 2518 Armeniae
1304 2465 1694 2534 appellationes
1739 2471 1907 2516 nacta
1959 2469 2107 2517 sunt.

551 2554 676 2609 Haec
718 2555 782 2609 ad
829 2555 1051 2609 verbum
1094 2552 1269 2608 Moses
1312 2554 1444 2624 (21).
1495 2552 1691 2609 Verum
1737 2553 1831 2606 alii
1862 2551 2106 2607 historici

550 2645 765 2707 docent,
780 2660 810 2697 a
835 2646 1079 2699 Caesarea
1103 2642 1456 2712 Cappadocia:
1473 2643 1538 2697 ad
1559 2643 1838 2697 Ponticam
1864 2641 2075 2711 plagam
2093 2680 2107 2705 ,

550 2735 657 2788 dici
690 2735 915 2805 primam
958 2733 1317 2798 Armeniam;
1366 2749 1397 2787 a
1446 2731 1619 2788 Ponto
1661 2734 1729 2788 ad
1772 2732 2110 2797 Melitcnem,

553 2824 843 2880 secundam
887 2823 1241 2888 Armeniam;
1276 2822 1402 2877 hinc
1442 2824 1506 2875 ad
1546 2822 1763 2892 Zophia:
1802 2824 1966 2886 lines,
2010 2829 2116 2876 ter-

552 2915 678 2968 tiam
703 2912 1011 2967 Armeniam
1038 2930 1052 2976 ;
1075 2913 1270 2967 exinde
1298 2912 1362 2966 ad
1389 2913 1578 2967 urbem
1613 2913 1907 2983 Martyrum
1939 2915 2116 2983 appel-

555 3002 716 3056 latam
758 3000 869 3071 (22)
912 3002 968 3055 in
1005 3000 1209 3055 Alanize
1247 3002 1540 3070 provincia:
1584 3017 1817 3064 occasu,
1860 3010 2107 3072 quartam

551 3092 862 3148 Armeniam
893 3110 923 3158 ς,
971 3107 1123 3147 suam
1195 3092 1428 3162 denique
1482 3094 1853 3162 magnitudine
1910 3091 2109 3161 insigni

553 3182 921 3252 provinciam,
964 3181 1231 3236 Armenia:
1274 3169 1498 3249 majoris
1540 3182 1756 3236 nomine
1798 3182 2109 3236 distinctam

553 3274 723 3328 voluit
740 3273 871 3344 (25).
893 3268 998 3326 Sed
1015 3272 1157 3327 enim
1185 3272 1347 3326 hasce
1366 3272 1664 3325 divisiones
1691 3271 1982 3325 Mauricius
2000 3270 2110 3340 (ῆι)

557 3361 924 3432 perturbavit,
955 3359 1100 3429 quod
1130 3359 1221 3413 ubi
1250 3375 1337 3413 res
1369 3359 1505 3411 feret
1549 3358 1805 3411 narrabo.
1847 3359 2109 3421 Aramus,

554 3451 710 3504 Δι’ωο
736 3449 945 3519 genito,
976 3449 1269 3518 longaevam
1298 3448 1464 3501 vitam
1496 3446 1732 3515 denique
1758 3447 1969 3498 clausit.

625 3539 676 3592 7.
714 3537 902 3591 Aratus
927 3537 1152 3606 pulcher
1175 3535 1360 3588 Arami
1391 3535 1532 3589 ﬁlius
1556 3533 1801 3587 eumdem
1832 3534 2110 3594 honorem,

555 3643 663 3698 quo
697 3636 863 3698 pater
913 3626 1137 3681 allectus
1186 3625 1399 3691 fuerat,
1454 3638 1483 3677 a
1535 3623 1671 3676 Nino
1718 3622 1920 3676 retulit.
1976 3620 2114 3673 Nino

556 3728 736 3774 autem
770 3719 1040 3774 exstincto
1064 3759 1079 3784 ,
1112 3725 1361 3787 proterva
1410 3717 1500 3769 illa
1545 3713 1865 3768 Samiramis
1898 3713 2112 3766 Arteum

557 3809 837 3879 cupiditati
866 3824 978 3862 suae
1008 3809 1227 3862 minime
1255 3808 1640 3877 obsequentem
1670 3806 1809 3861 bello
1831 3814 2143 3875 persecuta

556 3908 670 3965 est,
702 3906 760 3951 ut
792 3898 845 3950 in
881 3912 1035 3950 suam
1067 3903 1389 3965 potestatem
1420 3895 1722 3964 redigeret,
1759 3893 1851 3961 qui
1896 3892 2114 3945 interim

561 3989 613 4042 in
644 3987 897 4045 conflictu
928 3986 1123 4040 bellico
1147 3986 1327 4054 periit.
1372 3983 1580 4038 Exinde
1610 3983 1898 4053 impudens
1927 3982 2112 4035 eadem

562 4076 881 4131 Samiramis
920 4075 1187 4128 munitum
1234 4073 1367 4128 illud
1419 4075 1677 4143 Oppidum
1720 4073 1989 4141 condidit,
2029 4072 2117 4127 cui

560 4166 629 4221 ad
662 4167 802 4240 hanc
833 4180 1003 4234 usque
1032 4164 1175 4219 diem
1207 4172 1387 4218 manet
1415 4164 1703 4233 appellatio
1732 4162 1846 4217 Van
1880 4164 1991 4234 (25)
2022 4182 2034 4218 :
2065 4164 2118 4217 in

559 4255 878 4311 Cardosium
916 4264 1128 4319 autem,
1170 4254 1310 4308 Araai
1345 4254 1512 4308 lilium
1550 4264 1798 4324 captum,
1840 4255 1981 4309 Δτωὶ
2023 4270 2121 4308 no-

2133 3048 2181 3104 Ε

2201 481 2563 536 Anusavanus
2582 519 2598 545 ,
2624 476 2714 547 qui
2742 475 2921 531 Sausii
2948 488 3143 547 nomen
3165 473 3268 526 sibi
3297 470 3628 534 vindicavit,
3654 470 3747 524 lor-

2203 570 2507 625 titudinem‘
2543 576 2597 623 et
2642 546 3093 637 prudentiam're
3134 562 3406 629 dictisque
3449 560 3747 615 mirabiliter

2203 677 2314 734 prae
2341 676 2400 716 se
2425 660 2588 713 tulit:
2635 657 2774 727 apud
2823 654 3092 708 Zammum
3132 659 3314 707 autem
3358 653 3497 706 miro
3535 651 3748 706 ludibrio

2205 749 2449 814 habitus,
2499 745 2858 801 nihilominus
2899 743 3198 796 amicorum
3244 741 3511 810 prasidiis
3562 748 3750 808 partem

2202 841 2533 910 aliquantam
2557 834 2796 906 regionis
2824 841 3027 887 nostrae
3051 831 3358 901 impetravit
3381 848 3393 882 :
3423 845 3550 883 mox
3574 838 3632 883 et
3655 830 3752 882 uni-

2202 926 2434 984 versam.
2457 925 2588 980 Post
2617 925 2761 978 hunc
2788 922 2933 976 haud
2961 936 3059 991 pro
3085 921 3299 990 generis
3320 920 3463 988 jure,
3494 919 3590 973 sed
3616 930 3753 987 prout

2203 1020 2434 1090 quisque
2464 1025 2727 1086 tyrannus
2756 1012 3008 1083 potentize
3033 1011 3240 1064 viribus
3271 1009 3621 1078 prazpollehat
3641 1048 3657 1071 ,
3682 1024 3755 1062 re-

2203 1109 2346 1179 gioni
2394 1113 2599 1161 nostrae
2628 1105 2894 1158 universae
2922 1099 3184 1155 dominati
3216 1106 3376 1161 sunt,
3408 1113 3645 1167 quorum
3674 1113 3756 1152 uo-

2204 1199 2348 1252 mina
2379 1197 2493 1249 haec
2528 1213 2541 1249 :
2575 1193 2839 1256 Paretns,
2874 1190 3152 1251 Arbocus,
3202 1186 3482 1251 Zavanus,
3523 1185 3756 1240 Pharna-

2202 1304 2326 1351 ces,
2358 1285 2575 1343 Surius.
2623 1283 2796 1352 llujus
2842 1287 2998 1334 :etate
3042 1275 3202 1333 Jesus
3248 1275 3381 1330 Navi
3420 1278 3504 1331 vir
3545 1277 3756 1338 caelebs,

2203 1391 2427 1440 sanctus
2448 1392 2502 1439 et
2530 1381 2687 1437 fortis
2706 1393 2830 1433 cum
2849 1375 3183 1430 Clzananaaos
3209 1371 3534 1428 debellasset
3552 1408 3569 1432 ,
3599 1384 3667 1422 ex
3693 1368 3760 1422 liis

2205 1475 2411 1543 aliquot
2435 1473 2636 1544 Agram
2667 1468 3059 1541 profugerunt,
3090 1464 3432 1532 navibusque
3459 1461 3761 1515 conscensis

2205 1565 2453 1619 'l'liarsim
2487 1571 2710 1618 tenuere
2730 1599 2744 1623 ,
2775 1573 2893 1628 quae
2924 1572 3011 1610 res
3041 1560 3260 1609 constat
3291 1567 3357 1605 ex
3387 1550 3546 1604 titulo
3575 1549 3760 1601 colum-

2208 1655 2295 1709 uis
2328 1654 2381 1707 in
2432 1651 2617 1705 Africa
2660 1649 2926 1718 inscripto
2967 1647 3117 1701 hisce
3159 1643 3376 1697 verbis:
3410 1638 3675 1724 «{osuam
3703 1637 3763 1690 la-

2215 1753 2423 1798 tronem
2458 1741 2724 1811 fugientes
2766 1752 2865 1791 nos
2904 1735 3179 1805 principes
3224 1732 3659 1787 Chananaeorum
3694 1742 3763 1781 se-

2217 1834 2314 1888 des
2359 1833 2463 1886 huc
2504 1830 2885 1884 transtulimus
2931 1826 3064 1896 (26).
3106 1844 3123 1875 ι
3150 1823 3225 1876 Ex
3251 1824 3317 1875 iis
3345 1836 3490 1874 unus
3539 1817 3764 1871 Chnidas

2215 1926 2386 1980 multo
2415 1922 2841 1997 honestissimus
2874 1920 3014 1973 inter
3049 1924 3320 1971 nostrates
3347 1911 3657 1967 Armeniam
3703 1921 3764 1963 ως

2217 2017 2354 2070 nuit.
2407 2013 2658 2068 Profecto
2710 2026 2768 2066 re
2804 2010 2991 2065 sedulo
3018 2006 3359 2062 considerata
3388 2010 3605 2073 gentem
3631 2000 3763 2053 Gen-

2216 2106 2461 2160 tlnmiam
2491 2104 2557 2157 ab
2582 2118 2648 2156 eo
2669 2107 3021 2171 propagatam
3052 2094 3406 2165 cognovimus
3431 2110 3445 2144 :
3477 2100 3532 2143 et
3561 2090 3761 2159 quidem

2215 2198 2369 2266 origo
2398 2194 2703 2249 Cbananaza
2735 2189 2983 2243 moribus
3024 2187 3201 2257 gentis
3236 2184 3408 2251 ipsius
3436 2180 3758 2249 coarguitur.

2286 2288 2340 2341 9.
2382 2283 2513 2337 Post
2555 2281 2773 2335 Surium
2820 2276 3200 2338 llavanacius,
3242 2271 3543 2333 Vastaeus,
3578 2267 3763 2320 Haica-

2217 2378 2354 2434 cins.
2408 2375 2467 2428 In
2525 2378 2739 2428 aetatem
2790 2366 3009 2423 Belochi
3041 2364 3154 2435 (27)
3205 2360 3496 2416 Haicacius
3544 2358 3762 2412 traditur

2218 2467 2512 2528 incidisse,
2544 2462 2764 2530 fatoque
2794 2458 3115 2529 perfunctus
3163 2456 3217 2508 in
3259 2452 3495 2522 quodam
3540 2451 3761 2503 tumultu

2218 2568 2420 2613 temere
2454 2554 2520 2608 ab
2551 2569 2610 2607 se
2644 2551 2938 2604 concitato.
2973 2546 3149 2602 Secuti
3181 2554 3301 2598 sunt
3330 2541 3643 2601 Ambacus,
3672 2538 3765 2591 Ar-

2219 2663 2424 2711 nacus,
2459 2645 2757 2705 Savarsus,
2782 2640 3036 2695 Norterus
3061 2677 3077 2703 ,
3106 2636 3376 2690 Varamus
3397 2675 3413 2699 ,
3444 2632 3654 2693 Carus,
3678 2630 3766 2682 Go-

2218 2754 2416 2800 racus,
2472 2735 2753 2795 Rhantus,
2809 2731 3101 2791 Enzacus,
3157 2727 3420 2783 Gelacus,
3476 2722 3762 2781 "aureus.

2222 2827 2545 2881 Zarmmrus.
2581 2821 2682 2875 llic
2717 2828 3027 2890 postremus
3058 2818 3185 2871 dum
3232 2815 3449 2870 Priamo
3488 2812 3765 2865 auxiliatur

2221 2934 2249 2971 a
2285 2916 2530 2969 Tautano
2558 2914 2671 2981 (ΞΒ)
2707 2912 2910 2965 missus
2944 2925 3068 2964 cum
3112 2906 3428 2975 Etltiopnm
3471 2904 3709 2957 exercitu
3737 2917 3763 2954 a

2223 3008 2455 3061 fortibus
2486 3004 2688 3059 Grzccis
2722 3005 3082 3069 interemptus
3126 3006 3232 3053 est.
3282 2995 3488 3050 Deinde
3525 2993 3764 3056 Perzius,

2214 3097 2400 3149 Davidi
2435 3094 2649 3148 Israelis
2675 3092 2785 3160 regi
2827 3087 3275 3157 contemporalis.
3306 3084 3446 3138 Tum
3472 3085 3756 3144 Arbunius,

2211 3187 2487 3246 Bazucus,
2527 3182 2713 3245 Huius,
2742 3181 2996 3242 Jusacns,
3028 3170 3334 3246 Capacius,
3377 3175 3753 3235 Sehaordius,

2212 3275 2478 3329 [’araarus.
2505 3273 2602 3328 llic
2626 3272 2872 3326 Paraerus
2894 3270 3189 3325 Schmordii
3220 3269 3361 3322 tilius
3380 3307 3395 3331 ,
3428 3267 3581 3321 Haici
3604 3268 3757 3336 stirpe

2211 3377 2397 3428 ortus,
2447 3366 2589 3418 vires
2635 3378 2777 3416 cum'
2809 3361 3052 3415 Varbace
3093 3359 3249 3414 Medo
3292 3358 3358 3412 ad
3407 3357 3757 3426 Sardanapal—

2213 3459 2323 3511 lum
2348 3470 2514 3523 regno
2541 3452 2880 3521 spoliandum
2909 3451 3140 3505 contulit
3167 3468 3180 3504 :
3208 3450 3560 3518 quamobrem
3587 3447 3757 3502 diade-

2214 3554 2357 3599 mate
2387 3560 2419 3599 a
2448 3543 2686 3599 Varbace
2710 3544 2966 3606 donatus,
2997 3543 3204 3612 primus
3233 3557 3296 3595 ex
3330 3539 3587 3594 llaicanis
3611 3554 3753 3593 coro-

2215 3644 2379 3690 natus
2412 3642 2518 3687 est.

2288 3726 2374 3778 tt).
2416 3723 2700 3778 Rhaciacus
2726 3721 2919 3776 Parteri
2949 3721 3092 3776 filius
3131 3735 3328 3775 nomen
3360 3718 3597 3774 Rhaeiaei
3645 3719 3756 3771 ade-

2218 3822 2343 3882 ptus
2383 3824 2467 3868 est
2510 3813 2577 3866 ab
2625 3814 2910 3867 oculorum
2949 3811 3233 3880 ﬂagrantia
3267 3811 3562 3879 vultusque
3600 3810 3759 3877 splen-

2218 3905 2349 3958 dore
2382 3904 2514 3973 (Ἡ).
2546 3902 2721 3973 Hujus
2750 3909 2908 3957 aetate
2938 3917 3062 3956 cum
3093 3900 3662 3955 Nabuchodonosorus
3681 3898 3754 3951 Je-

2219 3995 2616 4063 rosolymorum
2642 3994 2788 4047 cives
2812 3993 2866 4045 in
2890 3992 3258 4060 captivitatem
3278 3991 3632 4051 abduxisset,
3660 3990 3756 4055 ipse

2220 4083 2436 4149 quidem
2468 4082 2782 4149 optimatem
2812 4072 3102 4149 quemdam
3124 4096 3163 4135 e
3188 4081 3423 4149 captivis
3449 4080 3642 4134 ludatis
3672 4094 3755 4131 no-

2224 4174 2368 4227 mine
2402 4171 2789 4225 Scbambatum
2820 4186 2849 4223 a
2878 4170 3413 4226 Nabuchodonosoro
3444 4170 3755 4240 impetravit,

2223 4278 2382 4332 quem
2427 4261 2823 4331 perltonorifice
2866 4262 3008 4330 apud
3042 4276 3101 4315 se
3142 4261 3371 4315 habuit:
3410 4270 3570 4330 atque
3605 4275 3666 4314 ex
3700 4272 3754 4311 co

561 4362 682 4401 men
710 4345 1009 4400 transtulit.
1044 4344 1135 4397 Illa
1171 4357 1295 4396 mox
1325 4359 1354 4396 a
1385 4342 1673 4397 Zoroastre
1699 4359 1890 4413 mago,
1938 4343 2124 4397 Mediae
2159 4357 2198 4410 [)
2226 4369 2359 4422 gens
2387 4352 2711 4421 Bagraumia
2739 4352 2999 4405 manavit,
3022 4351 3203 4416 Quare
3230 4359 3283 4405 ει
3315 4351 3553 4406 sembali
3585 4365 3753 4406 nomen

561 4441 802 4519 principe
822 4479 836 4503 ,
866 4426 1006 4494 bello
1037 4439 1271 4507 appetita
1303 4444 1386 4491 est
1418 4430 1430 4491 ὲ
1466 4438 1534 4492 ab
1578 4453 1642 4491 eo
1682 4439 1890 4494 scilicet
1922 4439 2122 4494 Zoroa-

562 4541 709 4595 stre,
741 4530 828 4583 cui
858 4530 1153 4598 quotannis
1196 4529 1250 4581 in
1294 4527 1604 4583 Armeniam
1646 4530 1917 4586 ventitans
1959 4531 2126 4602 Assy’

565 4625 699 4672 riam
743 4616 1033 4688 regendam
1076 4618 1443 4686 permittebat.
1493 4617 1547 4669 ld
1587 4618 1785 4672 bellum
1815 4620 1973 4675 Δι’ωο
1991 4638 2125 4690 quo-

563 4724 666 4778 que
701 4708 837 4762 Arati
869 4706 977 4760 lilio
1014 4706 1175 4760 fatale
1206 4706 1346 4760 fuit:
1380 4706 1508 4775 quin
1549 4714 1602 4761 et
1639 4708 1848 4776 impura
1888 4707 2126 4763 Samira-

565 4798 668 4853 mis
707 4795 847 4865 dumj
884 4794 1062 4865 fugam
1093 4796 1147 4848 in
1198 4794 1507 4849 Armeniam
1537 4796 1775 4859 molitur,
1810 4796 2006 4852 Zamaai
2032 4800 2124 4853 lilii

565 4887 649 4942 sui
677 4902 871 4951 manu,
901 4886 994 4956 qui
1023 4893 1105 4941 est
1134 4884 1342 4940 Ninuas
1362 4924 1376 4950 ,
1411 4885 1693 4941 interfecta
1720 4895 1823 4941 est.

639 5061 752 5129 (2|)
798 5060 962 5124 Hist.,
998 5076 1047 5123 I,
1085 5060 1268 5115 “~15.

637 5128 750 5199 (29.)
793 5130 917 5199 Haec
972 5131 1106 5184 urbs
1155 5131 1377 5199 antiquo
1429 5128 1646 5183 nomine
1684 5128 2119 5199 “Nepherocerto,

567 5195 829 5253 hodierno
867 5198 1214 5269 anlmrgliin
1235 5240 1248 5257 .
1291 5195 1398 5252 sub
1439 5200 1656 5269 juniore
1683 5195 1989 5253 Theodosio
2016 5202 2124 5254 dici

568 5268 731 5335 vulgo
763 5270 928 5337 cmpit
954 5267 1102 5322 Urbs
1118 5267 1441 5336 Martyrum.

639 5338 751 5407 (25)
792 5338 1044 5392 Aramus.
1504 5347 1516 5359 '

636 5404 748 5477 (24)
790 5407 931 5459 Nihil
962 5407 1062 5460 hac
1093 5422 1255 5475 super
1280 5421 1337 5477 re
1368 5404 1664 5474 posteriore
1696 5407 1748 5477 in
1780 5417 1932 5476 parte
1961 5406 2122 5461 Sum-

572 5475 736 5531 mai-ii
759 5477 947 5534 scribit
985 5478 1201 5530 Samuel
1243 5476 1308 5528 ad
1357 5477 1674 5544 imperantis
1703 5475 1940 5533 Mauricii
1988 5487 2120 5530 tem-

574 5562 701 5613 pora
711 5586 724 5598 .
1010 5560 1015 5565 '

642 5615 752 5679 (‘25)
795 5613 948 5668 Nunc
976 5611 1149 5677 etiam
1172 5614 1275 5669 ista
1308 5613 1361 5666 in
1390 5613 1521 5668 urbe
1552 5628 1777 5685 magnus
1818 5613 2116 5669 ‘l‘urearuzu

2224 4452 2308 4499 est
2336 4460 2366 4498 a
2397 4443 2740 4498 Schamhato.
2766 4443 2898 4498 Post
2928 4442 3235 4498 Bltaciaeum
3269 4444 3514 4498 diadema
3543 4441 3753 4498 Pharna-

2225 4550 2323 4589 vas
2351 4534 2580 4603 adeptus
2606 4541 2688 4588 est
2714 4552 2726 4586 :
2760 4544 2873 4585 tum
2903 4532 3183 4595 Pazmzus,
3215 4532 3516 4595 Cornacus,
3547 4532 3754 4592 Pharus,

2229 4623 2499 4679 llaicacus
2517 4662 2533 4687 ,
2563 4621 2850 4676 Ervandus
2868 4662 2882 4687 ,
2920 4621 3199 4691 Tigranes.

2300 4714 2388 4768 11.
2432 4712 2529 4768 llic
2563 4711 2828 4781 Tigranes
2856 4713 3098 4766 omnium
3130 4712 3223 4780 qui
3257 4711 3359 4766 sibi
3393 4712 3754 4781 praecesserant

2228 4803 2643 4876 potentissimus
2677 4803 2777 4856 fuit
2806 4821 2819 4856 :
2850 4817 3008 4871 cujus
3036 4803 3345 4870 praestantis
3367 4801 3638 4871 dignitatis
3661 4800 3752 4851 ian.

2226 4895 2322 4949 des
2363 4908 2428 4948 ex
2464 4892 2694 4946 historia
2736 4895 2915 4960 magni
2953 4890 3118 4945 Musis
3161 4904 3492 4960 cognoscere
3541 4891 3673 4943 licet.
3712 4887 3754 4939 ls

2230 5075 2447 5134 satrapa
2462 5063 2642 5134 idegit.

2346 5080 2373 5116 a
2495 5080 2508 5115 ι
2580 5080 2593 5115 ι
2627 5104 2642 5119 .

2299 5080 2629 5205 25263333.]:
2659 5138 2888 5205 prater
2922 5129 3323 5205 Qhorenensem
3372 5125 3747 5205 ῌξδιηηιηιες

2229 5199 2415 5256 narrat
2442 5199 2742 5269 Procopius
2775 5200 2909 5256 Bell.
2945 5200 3112 5253 Vand.
3144 5199 3235 5252 lib.
3268 5213 3343 5259 tt,
3384 5200 3483 5262 ω,
3514 5199 3748 5251 illustrat-

2228 5286 2332 5341 quc
2366 5268 2672 5341 Bogliartus
2703 5269 2858 5337 Geog.
2891 5286 3030 5322 sacr.
3066 5285 3119 5333 ι,
3153 5268 3246 5321 24.

2301 5340 2415 5409 (27)
2455 5338 2621 5409 Regis
2649 5339 3019 5409 Assyriorum.

2299 5406 2412 5479 (98)
2453 5406 2654 5479 ﬂorifer
2678 5406 2967 5461 Eusebium
3005 5406 3174 5479 t,_15,
3207 5406 3261 5479 lg,
3280 5406 3333 5459 5.

2298 5469 2408 5548 (29)
2440 5477 2676 5530 Aliorum
2699 5492 2911 5545 quoque
2934 5469 3210 5530 nominum
3230 5477 3413 5530 liceret
3429 5469 3749 5545 etymologia:

2228 5550 2515 5618 plerasque
2550 5548 2755 5600 venari.
