3930 6178
239 331 331 394 διθ

818 320 1200 385 SAMUEIJS
1240 317 1599 379 ANlENSlS
1640 311 2027 375 SUMMARII
2064 306 2491 369 TEMPORUM
2530 303 2723 365 PARS
2763 301 2842 364 Ῑῐ.

3301 317 3403 376 550

175 495 181 501 λ
236 453 398 495 nonus
426 441 543 490 erat
570 449 600 487 a
632 432 842 486 Paraero
871 435 1046 501 primo
1088 445 1215 500 rege
1235 468 1251 493 ,
1291 430 1357 482 ad
1401 445 1560 498 quem
1604 428 1770 482 Seno-
1799 432 1844 488 Α
1874 426 2287 496 prudensesset,
2306 424 2472 481 amita
2492 443 2554 481 ac
2575 427 2824 496 perutilia
2845 425 3086 479 instituta
3108 426 3408 491 adornavit,

233 526 448 583 cberimi
479 525 573 577 tilii
608 522 1029 577 Adramelechus
1062 529 1116 576 et
1160 521 1465 575 Sanasarus
1507 534 1629 572 cum
1675 532 1769 587 pa-

226 626 426 673 rentem
473 613 877 668 interfecissent
928 614 1037 683 (50)
1092 611 1467 682 profugerunt.
1523 609 1768 663 Parcerus

230 721 399 761 autem
435 704 764 759 Sanasarum
792 705 850 756 in
880 703 1128 771 partibus
1159 700 1435 769 Assyriam
1475 696 1767 766 spectanti-

229 801 322 852 bus
367 795 685 856 collocavit,
731 792 888 861 cujus
938 791 1139 846 sobolis
1182 791 1511 844 incrementa
1558 786 1766 841 Simum

230 893 457 949 montem
494 885 866 950 repleverunt,
899 898 964 936 ex
998 882 1173 951 iisque
1203 880 1446 935 nonnulli
1484 877 1767 947 prudentia

226 986 275 1031 et
303 976 559 1030 ﬁdelitate
588 973 867 1041 conspicui
911 971 1263 1042 praefecturas
1300 968 1579 1024 consecuti
1621 974 1767 1023 sunt.

225 1065 335 1120 lam
363 1066 433 1119 ab
454 1065 822 1119 Adramolano
847 1065 949 1117 orti
982 1072 1107 1118 sunt
1127 1062 1409 1117 Arzerunii
1439 1069 1493 1116 et
1519 1060 1769 1115 Genunii.

224 1157 264 1209 A
294 1156 600 1211 Paschamo
627 1164 805 1208 autem
843 1153 1082 1207 Haicacii
1119 1153 1231 1221 (51)
1278 1159 1473 1221 nepote
1510 1151 1773 1219 originem

223 1246 376 1300 duxit
430 1245 804 1315 Angeldunus.
855 1242 1105 1297 Jamvero
1147 1240 1409 1310 Tigranes
1450 1238 1730 1307 Asdahage
1755 1276 1771 1301 ,

221 1338 306 1404 qui
342 1336 848 1406 explieaturxlraco
880 1333 990 1402 (3‘2)
1013 1373 1029 1398 ,
1072 1332 1358 1386 interfecto
1379 1369 1393 1393 ,
1438 1328 1677 1383 Anusam
1710 1328 1801 1391 il-.

213 1420 320 1479 lius
347 1426 481 1478 olim
513 1439 734 1478 uxorem
766 1438 889 1477 cum
919 1421 1162 1491 ejusdem
1196 1420 1339 1473 omni
1376 1418 1626 1488 progenie
1651 1431 1775 1486 par-

221 1516 312 1567 tim
348 1524 473 1583 post
502 1515 695 1583 partim
729 1512 795 1565 ad
828 1512 994 1564 imum
1024 1509 1301 1567 Masisium
1337 1520 1570 1561 montem
1608 1507 1777 1560 collo-

221 1603 361 1656 cavit
384 1645 398 1667 ,
431 1618 622 1672 nempe
645 1603 699 1655 in
724 1600 987 1654 Tambato
1010 1614 1183 1668 usque
1210 1598 1275 1651 ad
1298 1596 1565 1651 Golthiam
1591 1614 1606 1650 :
1636 1596 1777 1651 unde

225 1692 593 1747 Vernonzunii
628 1692 937 1759 Astaiteque
967 1696 1278 1742 manarunt.

1873 516 2219 586 prafeeturas
2248 531 2309 571 ac
2340 518 2676 586 principatus
2698 516 2921 579 detulit,
2959 515 3175 570 familiis
3195 555 3209 579 ,
3240 520 3383 587 genti

1870 604 2002 666 bus,
2036 605 2260 658 urbibus
2281 643 2296 666 ,
2328 606 2568 660 castellis
2590 644 2605 668 ,
2640 603 2791 673 pagis
2814 642 2829 666 ,
2870 602 3135 657 militibus
3178 618 3240 657 ac
3273 619 3409 672 prax-
3494 609 3506 633 ¹

1873 696 2082 751 toribus
2110 704 2253 750 recte
2279 696 2674 751 constituendis
2702 709 2918 763 operam
2958 694 3249 763 impendit,
3293 710 3413 765 quzc

1873 797 1962 838 res
1987 784 2225 838 breviter
2253 784 2632 853 percensendae
2657 791 2802 838 sunt.

1942 873 2030 927 15.
2067 873 2286 926 Initium
2322 875 2467 929 enim
2508 890 2538 925 a
2579 874 2753 942 capite
2792 890 2894 928 suo
2931 875 3133 933 faciens
3182 874 3414 944 Bagarao-

1873 968 1985 1016 tum
2019 962 2260 1018 Judaeum
2328 972 2678 1019 coronantem
2747 974 2905 1034 atque
2946 966 3177 1034 equitem
3231 972 3411 1025 creat,

1873 1055 1977 1109 hoc
2015 1056 2272 1111 nimirum
2311 1056 2517 1111 honore
2556 1071 2821 1111 concesso
2860 1063 2921 1113 ut
2961 1056 3205 1110 diadema
3253 1056 3411 1121 capiti

1872 1146 2014 1214 regis
2044 1145 2302 1214 imponat.
2351 1145 2652 1209 Pratterea,
2683 1146 2775 1215 qui
2818 1146 2918 1200 sibi
2958 1146 3296 1200 chirotbecas
3334 1146 3416 1199 iu-

1872 1234 2040 1289 duant
2082 1234 2418 1289 Chanaans
2448 1236 2710 1302 quosdam
2753 1235 2914 1305 legit,
2945 1250 3173 1303 eamque
3203 1242 3414 1304 gentem

1874 1323 2103 1391 appellat
2130 1321 2467 1377 Genthunios
2487 1363 2501 1386 ,
2532 1323 2672 1377 haud
2706 1324 2821 1378 scio
2847 1339 2914 1377 an
2945 1339 2974 1376 a
3018 1325 3245 1378 Chnida.
3286 1324 3417 1378 Cor-

1876 1411 2025 1481 poris
2054 1412 2135 1466 sui
2163 1412 2439 1465 custodem
2468 1412 2536 1466 de
2558 1412 2721 1466 Chori
2752 1411 2974 1466 Haicaui
3002 1413 3169 1482 stirpe
3192 1413 3421 1466 Malcba-

1876 1517 1997 1554 zum
2040 1500 2203 1556 facit:
2255 1501 2349 1556 sed
2395 1504 2683 1570 pristinum
2732 1504 2909 1573 gentis
2960 1518 3153 1557 nomen
3199 1504 3419 1557 retinuit

1878 1592 2395 1646 Malchazuniorum.
2418 1591 2773 1647 Venationum
2802 1593 3108 1662 prmfectum
3132 1608 3250 1649 esse
3270 1593 3420 1661 jubet

1879 1681 2073 1735 Datum
2106 1681 2339 1735 Carnico
2365 1681 2593 1736 Gelamii
2627 1682 2733 1735 filio
2762 1682 3001 1752 genitum
3029 1700 3041 1734 :
3088 1682 3245 1750 cujus
3281 1682 3421 1736 ﬁlius

284 1782 376 1835 12.
420 1780 642 1850 Tigrani
690 1746 863 1833 liberi'
896 1779 1008 1832 nati
1054 1784 1182 1831 sunt
1225 1776 1456 1837 Babius,
1503 1772 1768 1835 Tiranus,
1808 1746 1848 1799 Β
1877 1770 2161 1836 Varazus;
2213 1772 2567 1842 ejusdemque
2613 1773 2680 1828 de
2723 1746 2939 1827 nomine
2963 1791 3093 1844 gens
3127 1746 3422 1828 Varazunia

219 1868 480 1939 Vahagus
513 1886 541 1922 a
573 1885 681 1939 quo
710 1868 1002 1938 Vabagenii
1024 1906 1039 1930 ,
1072 1866 1377 1919 Aravanius
1416 1878 1446 1915 a
1497 1878 1605 1929 quo
1649 1870 1775 1917 sunt

220 1961 573 2016 Araveniani.
615 1959 693 2013 Ab
720 1959 970 2012 Aravano
1006 1956 1232 2017 Nerses,
1259 1970 1290 2008 a
1318 1955 1484 2009 Nerse
1514 1954 1775 2013 Zareliius

220 2067 247 2105 a
281 2068 399 2121 quo
428 2066 561 2119 gens
600 2048 986 2102 Zarehavania.
1031 2047 1069 2098 A
1114 2045 1340 2097 Zarebio
1385 2048 1677 2111 Armoges;
1710 2044 1776 2096 ab

217 2142 461 2210 Armoge
492 2139 758 2206 Bagamus
785 2154 802 2201 ;
848 2152 876 2188 a
909 2136 1143 2205 Dagamo
1177 2134 1387 2199 Vanus,
1429 2150 1457 2187 a
1496 2133 1644 2186 Vane
1673 2133 1777 2184 Va-

216 2229 333 2285 hes.
366 2229 420 2283 Is
447 2243 569 2282 cum
601 2226 904 2281 Alexandro
925 2225 1207 2278 Macedone
1231 2225 1571 2277 conﬂictatus
1615 2224 1778 2275 inter-

220 2320 298 2374 iit.
356 2318 460 2372 liic
496 2317 654 2371 ﬁnem
684 2315 980 2368 dominatio
1006 2313 1254 2367 llaicante
1280 2313 1466 2382 stirpis
1489 2319 1643 2364 nacta
1674 2318 1776 2363 est.

220 2408 363 2461 ῖιὶηο
396 2415 578 2461 autem
607 2406 672 2459 ad
704 2404 1049 2457 \‘alarsacem
1095 2404 1148 2456 in
1182 2402 1433 2457 Armenia
1467 2413 1778 2471 regnantem

219 2499 357 2551 nihil
390 2498 526 2551 satis
552 2506 757 2550 certum
790 2493 1031 2562 proferre
1059 2493 1221 2555 licet,
1251 2493 1570 2547 tumultibus
1600 2492 1781 2546 omnia

219 2588 538 2642 tenentibus
557 2586 857 2653 populoque
883 2585 936 2638 in
968 2592 1184 2639 mutuas
1211 2584 1383 2637 credes
1408 2592 1595 2637 ruente
1622 2601 1635 2636 :
1664 2596 1782 2651 qua:

218 2694 302 2732 res
326 2678 548 2730 lacilem
568 2675 766 2729 Partho
784 2677 967 2729 Arsaci
1001 2677 1053 2727 in
1082 2674 1389 2728 Armeniam
1420 2672 1620 2727 aditum
1642 2688 1779 2741 prte-

219 2765 337 2818 buit
360 2802 377 2824 ,
416 2763 509 2832 qui
541 2763 759 2849 quidem
788 2777 967 2831 regem
1002 2761 1269 2816 Armeniae
1299 2760 1645 2815 Valarsacem
1676 2760 1783 2813 fra-

219 2863 365 2908 trem
415 2853 676 2922 pnefecit.
710 2853 881 2908 Porro
910 2868 940 2906 a
971 2852 1098 2906 Belo
1126 2851 1276 2906 Haici
1307 2867 1468 2905 manu
1500 2849 1785 2906 interfecto

219 2961 401 3015 usque
425 2944 492 2996 ad
519 2942 860 2999 Valarsacem
885 2944 1013 3019 anni
1043 2957 1275 2996 IDLCCCL
1297 2982 1311 3006 ,
1333 2942 1414 2997 vel
1438 2956 1749 2996 IDCCCCXLII
1767 2983 1781 3005 ,

218 3042 622 3103 congeruntur.

283 3125 386 3178 15.
445 3122 733 3191 Postquam
792 3120 1040 3175 ilaicanze
1114 3119 1300 3189 stirpis
1357 3118 1642 3187 imperium
1718 3117 1786 3169 ab

219 3212 535 3267 Alexandro
566 3212 795 3265 deletum
841 3223 954 3274 est,
1002 3220 1228 3279 postque
1281 3209 1449 3278 ipsius
1499 3206 1784 3260 Alexandri

218 3319 372 3358 anno
399 3303 545 3371 regni
572 3300 888 3354 duodecimo
918 3302 1121 3353 obitum
1144 3339 1157 3363 ,
1188 3299 1413 3369 imperio
1437 3299 1557 3367 ejus
1581 3297 1632 3349 in
1654 3313 1785 3366 qua-

218 3401 352 3447 tuor
407 3392 598 3453 duces,
636 3398 695 3442 ttt
740 3390 850 3457 jam
882 3390 1150 3452 diximus,
1184 3380 1395 3453 diviso;
1442 3404 1504 3443 ex
1537 3388 1621 3442 his
1648 3403 1786 3440 unus

218 3483 493 3537 Seleucus
544 3479 864 3548 Babylonem
920 3486 1042 3545 post
1086 3478 1444 3533 Atexandrum
1473 3478 1676 3539 tenuit,
1724 3491 1787 3529 ac

220 3577 425 3638 prmter
444 3568 578 3621 alias
590 3577 795 3636 gentes,
811 3567 1037 3620 Parthos
1069 3581 1280 3635 quoque
1301 3566 1500 3635 ingenti
1524 3566 1659 3618 bello
1679 3580 1790 3632 per-

219 3660 440 3711 demnit
462 3697 477 3720 ,
510 3673 612 3727 qua
642 3674 707 3712 ex
753 3674 809 3712 re
835 3666 1246 3726 cognomentum
1276 3651 1559 3708 Nicanoris
1587 3656 1784 3707 retulit.

221 3746 270 3803 Is
300 3747 469 3801 anuis
498 3763 624 3800 xxxi
655 3749 913 3816 regnavit.
939 3746 1440 3799 DeindeAutiochus
1486 3744 1641 3798 Sotcr
1672 3744 1789 3810 ejus

221 3839 376 3891 ﬁlius
410 3837 570 3891 annis
599 3853 708 3889 xix.
736 3836 871 3889 Tum
903 3836 1201 3890 Antioclms
1228 3836 1365 3890 Deus
1388 3835 1544 3889 annis
1565 3850 1653 3887 xv.
1680 3834 1789 3886 llu-

217 3929 315 3995 jus
349 3926 635 3979 undecimo
660 3939 805 3978 anno
836 3924 1184 3979 Macedonum
1214 3924 1577 3978 obedientiam
1607 3921 1787 3975 Parthi

222 4017 496 4084 abjiciunt
518 4057 531 4075 ,
562 4014 700 4085 apud
732 4032 866 4084 quos
897 4016 1101 4085 primus
1134 4023 1323 4083 regnat
1354 4012 1531 4069 Fortis
1571 4014 1661 4067 ille
1698 4012 1793 4066 Ar-

222 4110 388 4160 saces
407 4146 424 4171 ,
455 4106 748 4159 Abrahami
778 4120 971 4174 genere
1001 4115 1155 4158 ortus
1185 4104 1251 4157 de
1277 4112 1433 4173 gente
1461 4103 1701 4169 Ceturae,
1736 4104 1790 4156 in

225 4197 367 4250 urbe
391 4197 476 4250 eui
509 4212 706 4251 nomen
739 4196 916 4249 Dalilte
946 4197 1102 4249 annis
1133 4211 1285 4248 xm.
1318 4193 1521 4249 Deinde
1550 4195 1789 4263 ejusdem

228 4287 379 4340 ﬁlius
408 4288 639 4341 Artaxes
668 4287 828 4340 annis
863 4302 982 4339 XLVI
1012 4303 1027 4349 ;
1060 4296 1181 4355 post
1221 4301 1380 4355 quem
1429 4285 1653 4354 Magnus
1692 4285 1793 4337 Ar-

223 4390 387 4430 ηερε
416 4377 576 4429 annis
606 4391 712 4429 Liv.

302 4464 394 4515 ιι.
438 4463 668 4532 Magnus
698 4467 785 4520 hic
815 4466 1048 4521 Arsaces
1083 4463 1427 4517 Valarsacem
1463 4463 1679 4516 fratrem
1709 4464 1800 4515 Ar-

222 4553 423 4606 menia:
450 4562 650 4607 nostra:
678 4571 857 4622 regem
886 4557 1143 4625 imposuit
1167 4570 1311 4607 anno
1338 4553 1606 4608 Ptolemtei
1645 4552 1802 4606 Evcr-

1877 1866 2159 1935 appellata.
2205 1865 2342 1919 Tum
2388 1874 2441 1921 et
2490 1865 2695 1920 Gabalo
2724 1879 2950 1920 annonae
2977 1882 3087 1920 sua:
3111 1882 3295 1922 curam
3326 1870 3420 1924 de-

1876 1956 2131 2021 mandat,
2155 1964 2208 2011 et
2228 1957 2393 2011 Abelo
2415 1972 2599 2011 rerum
2627 1956 3143 2013 administrationem
3163 1998 3178 2022 ,
3209 1959 3420 2013 traditis

1875 2048 2033 2101 etiam
2077 2047 2308 2117 oppidis.
2354 2048 2575 2102 Illorum
2608 2049 2827 2101 nomina
2881 2059 3065 2118 gentes
3095 2048 3313 2105 Gabelia
3343 2057 3424 2103 at-

1877 2152 1979 2206 que
2007 2137 2193 2192 Abelia
2217 2139 2473 2192 retinent.
2508 2121 2706 2191 Statuit
2733 2147 2787 2191 et
2814 2138 3115 2193 Arzrunios
3146 2155 3235 2192 seu
3264 2140 3423 2196 Arzi-

1878 2228 2071 2282 vunios
2097 2228 2208 2298 (3'5)
2236 2246 2250 2294 ;
2282 2235 2394 2281 tum
2425 2239 2478 2282 et
2505 2228 2808 2281 Ghinunios
2838 2244 2925 2281 seu
2971 2225 3268 2282 Ghiniunos
3292 2229 3423 2297 (54).

1876 2319 2052 2387 Atque
2085 2318 2136 2371 lii
2169 2318 2384 2388 quidem
2416 2318 2481 2371 de
2509 2333 2705 2387 genere
2735 2317 3099 2371 Senecherimi
3128 2327 3301 2371 erant.
3332 2316 3429 2371 Fe-

1879 2406 1946 2457 cit
1996 2412 2047 2458 et
2090 2404 2434 2474 Spandunios
2476 2404 2625 2475 (55),
2672 2402 2765 2473 qui
2807 2403 2910 2459 sibi
2955 2404 3236 2458 macellum
3279 2419 3427 2459 com-

1879 2495 2189 2548 mendatum
2240 2496 2537 2549 baberent:
2586 2495 2712 2549 item
2757 2494 3104 2550 ﬂavenunios
3149 2494 3295 2563 (56),
3335 2494 3429 2562 qui

1877 2586 2164 2655 accipitres
2188 2594 2464 2656 gestarent
2491 2594 2545 2640 et
2588 2594 2888 2656 caperent:
2927 2600 3121 2640 rursus
3164 2582 3431 2638 Ziunaca—

1879 2690 1979 2729 nos
2022 2676 2167 2745 (57),
2197 2676 2288 2745 qui
2321 2677 2498 2731 nivem
2537 2685 2724 2732 aestate
2756 2687 3122 2733 asservarent.
3168 2677 3304 2733 Exin
3349 2692 3433 2733 re-

1881 2763 1978 2834 giae
2006 2765 2257 2818 custodes
2288 2765 2415 2834 legit
2443 2765 2543 2820 sibi
2570 2766 2637 2819 de
2667 2767 2971 2836 priscorum
3014 2784 3199 2839 regum
3241 2784 3432 2837 proge-

1883 2854 1970 2908 nie
1991 2893 2005 2916 ,
2042 2854 2134 2923 qui
2168 2854 2369 2908 diserte
2396 2856 2582 2909 Ostani
2611 2856 2723 2927 ('58)
2754 2860 3049 2926 nuncupati
3096 2867 3251 2922 sunt,
3296 2873 3433 2927 quos

1885 2945 2062 2998 adhuc
2091 2942 2269 2998 lberes
2301 2943 2650 3012 Sephezulios
2679 2946 2938 3002 vocitant.
2968 2945 3208 3016 Denique
3240 2963 3435 3003 secun-

1813 3048 1855 3106 c
1889 3034 1987 3087 dos
2016 3042 2136 3103 post
2169 3050 2345 3103 regem
2377 3034 2498 3103 fecit
2526 3050 2619 3089 eos
2648 3036 2739 3104 qui
2770 3046 2924 3090 erant
2949 3037 3015 3091 de
3044 3052 3239 3107 genere
3266 3037 3436 3093 Asda-

1894 3123 2048 3192 hagis
2072 3122 2246 3186 Medi,
2275 3124 2472 3192 quibus
2503 3124 2778 3180 Murenses
2809 3140 3002 3179 nomen
3032 3136 3136 3181 est.

1962 3212 2048 3266 16.
2088 3212 2199 3282 Age
2227 3228 2355 3267 vero
2384 3216 2647 3268 orientem
2677 3231 2870 3270 versus
2918 3216 3263 3284 praefecturas
3303 3217 3436 3271 duas

1891 3302 2173 3356 constituit
2207 3302 2542 3357 Sisacaniam
2565 3341 2579 3366 ,
2612 3304 2666 3357 in
2699 3311 2868 3374 eaque
2913 3306 3098 3360 Cadmi
3137 3306 3392 3359 familiam
3420 3299 3433 3369 ξ

1894 3392 2032 3447 inter
2062 3392 2193 3446 solis
2219 3402 2395 3446 autem
2425 3400 2602 3446 ortum
2636 3402 2688 3448 et
2732 3395 2946 3449 boream
2984 3394 3218 3448 Aranum
3261 3396 3439 3464 posuit

1892 3477 2204 3547 praafectum
2236 3480 2303 3533 de
2334 3481 2502 3550 stirpe
2531 3478 2727 3535 Sisaci.
2759 3481 2833 3535 Ea
2862 3498 2989 3537 vero
3029 3483 3177 3552 regio
3220 3492 3439 3552 propter

1893 3581 2086 3622 suaves
2139 3569 2439 3622 incolarum
2498 3584 2677 3624 mores
2726 3571 2933 3624 Aluana
2987 3571 3099 3641 ('59)
3148 3572 3286 3624 dicta
3336 3580 3438 3627 est.

1893 3655 2067 3724 Hujus
2109 3670 2138 3708 a
2191 3642 2359 3726 stirpe
2395 3665 2575 3709 manat
2623 3672 2754 3726 gens
2796 3658 3093 3712 Uteorum:
3145 3664 3257 3710 tum
3304 3656 3438 3710 Gar-

1894 3746 2271 3801 dmanensium
2321 3756 2377 3801 et
2419 3746 2776 3802 Zaudensium
2809 3746 2918 3817 (40)
2946 3755 3000 3802 et
3027 3736 3438 3817 Gargarensium

1896 3837 2253 3907 principatus.
2290 3838 2513 3893 Gusaris
2545 3848 2722 3893 tamen
2749 3839 2914 3893 Sami
2948 3840 3113 3909 stirpe
3140 3848 3291 3893 ortus
3318 3854 3439 3907 pos-

1895 3926 2149 3983 sidendas
2178 3929 2384 3998 accepit
2407 3929 2725 3998 Gangariam
2755 3935 2914 3998 atque
2940 3928 3444 3998 Zavachiam,prin-

1895 4019 2131 4086 cipatum
2165 4019 2290 4072 item
2322 4018 2633 4073 Tasirorum
2665 4025 2826 4087 atque
2852 4019 3126 4073 Asozium.
3156 4018 3272 4072 Jam
3304 4034 3333 4072 e
3360 4033 3445 4073 re-

1896 4106 2052 4174 gione
2078 4105 2307 4159 Caucasi
2340 4107 2573 4160 validum
2606 4108 2859 4176 populum
2880 4147 2895 4172 ,
2926 4108 2992 4162 de
3019 4124 3211 4177 genere
3237 4107 3447 4161 Mithri-

1896 4191 2035 4244 datis
2064 4190 2206 4243 Darii
2242 4200 2475 4261 satrapa:
2514 4194 2842 4258 collocavit,
2886 4210 3114 4263 eamque
3159 4196 3444 4264 appeilavit

1898 4279 2296 4349 Gugarensium
2351 4283 2750 4351 prmfecturam.
2806 4282 2943 4337 Exin
3000 4283 3052 4336 in
3107 4286 3281 4352 ampla
3310 4285 3448 4338 valle

1830 4374 1869 4427 Ι)
1898 4369 2189 4424 Basenensi
2244 4371 2605 4440 principatum
2660 4372 2808 4426 dedit
2860 4372 3012 4440 stirpi
3063 4372 3297 4425 llaicaeii
3347 4371 3447 4425 0r-

1902 4458 2222 4513 duniensem
2260 4460 2613 4528 appellatum.
2645 4459 2781 4514 Tum
2830 4460 2897 4515 de
2945 4460 3447 4529 Pascliamigenere

1901 4547 2171 4601 Torchum
2209 4549 2494 4618 quemdam
2518 4590 2532 4611 ,
2567 4552 2656 4619 qui
2692 4559 2909 4620 propter
2942 4560 3190 4619 aspectus
3219 4549 3446 4603 torvita-

225 4651 366 4710 getae
394 4643 659 4697 vicesimo
688 4645 918 4713 septimo
937 4685 953 4707 ,
982 4644 1307 4714 Olympiadis
1333 4654 1508 4698 autem
1535 4643 1802 4711 sexagesi—
1901 4647 2004 4692 tem
2028 4639 2322 4709 Angbelius
2347 4640 2457 4709 (tl)
2480 4641 2780 4703 dicebatur,
2807 4642 3114 4710 prmfectum
3138 4642 3447 4695 occidenta-

226 4745 338 4783 maa
363 4731 606 4799 septima:
636 4749 795 4801 supra
848 4735 1195 4788 centesimam
1234 4747 1379 4786 anno
1410 4743 1634 4798 quarto,
1679 4747 1796 4801 per-

231 4818 421 4870 missis
449 4818 499 4870 ei
535 4820 846 4887 regionibus
876 4820 1082 4873 nostris
1112 4832 1233 4885 qua:
1277 4817 1701 4885 septentrionem
1745 4823 1798 4867 et

226 4919 488 4959 occasum
518 4916 782 4976 spectant.
815 4908 862 4964 Is
888 4917 1067 4963 autem
1120 4923 1243 4963 cum
1278 4908 1358 4961 vir
1385 4906 1538 4960 fortis
1565 4904 1797 4959 simulet

308 5071 419 5141 (30)
452 5074 592 5141 Lege
617 5075 904 5129 Eusebium
940 5092 975 5133 ι.
1002 5075 1055 5139 5,
1087 5076 1139 5128 1.

308 5140 421 5210 (51)
457 5140 711 5198 Μείηόοεο
766 5146 819 5196 in
867 5146 1101 5199 editione
1155 5142 1319 5199 Mosis
1362 5143 1523 5197 Clmr.
1593 5140 1742 5193 Uaici
1776 5155 1795 5192 :

234 5228 373 5292 nam.
406 5209 468 5266 et
523 5213 739 5267 codices
787 5213 952 5269 blosis
1001 5222 1054 5266 et
1118 5212 1332 5267 Samuel
1396 5213 1591 5267 habent
1665 5209 1794 5264 11(ιὶ-

235 5297 394 5333 (acu.

313 5349 424 5419 (32)
451 5349 593 5419 Lege
617 5348 906 5404 Eusebium
938 5366 974 5413 I,
1014 5350 1066 5411 5,
1101 5351 1155 5412 ’5,
1183 5359 1295 5403 not.

338 5418 426 5488 ζὴ)
456 5416 660 5488 Nempe
696 5418 928 5488 aquilam
959 5430 1238 5486 gestantes.

339 5485 426 5557 ξι)
457 5485 668 5557 ⁸ιξῖιξιιῲιπι
697 5485 797 5541 vini
830 5485 1008 5539 curam
1031 5498 1279 5556 gerentes.

320 5554 428 5624 (35)
455 5553 657 5624 Nempe
685 5557 815 5610 εαξάί
834 5553 1156 5624 ρνιτιροδῖιοε.

325 5623 432 5692 (36)
465 5623 667 5695 Nempe
693 5642 933 5692 aucupes.

1901 4729 2002 4783 lem
2032 4730 2239 4783 creavit
2259 4770 2274 4791 ,
2311 4732 2709 4799 provincizeque
2738 4746 2931 4784 nomen
2958 4731 3312 4799 Angheltunia
3339 4738 3442 4783 est.

1969 4821 2057 4873 17.
2098 4820 2268 4874 Porro
2309 4822 2360 4874 in
2403 4821 2657 4874 Armenia
2695 4829 2886 4888 quarta
2930 4821 3214 4873 maximam
3254 4819 3446 4888 praefe-

1897 4917 2105 4963 cturam
2135 4908 2497 4979 Zophienscm
2528 4909 2806 4971 fundavit,
2839 4918 2950 4963 tum
2989 4920 3042 4964 et
3086 4911 3220 4964 alias
3260 4909 3452 4979 praefe-

1966 5073 2078 5141 (57)
2108 5071 2309 5141 Νεωρο
2339 5074 2587 5126 uivarios.

1968 5140 2077 5211 ('58)
2108 5140 2319 5211 Bersica
2356 5144 2455 5194 hac
2489 5157 2618 5196 voce
2656 5140 3027 5209 signiﬁcantur
3060 5142 3207 5211 regii.

1965 5208 2077 5278 (59)
2112 5208 2444 5263 Vocabulum
2481 5226 2577 5263 ALV‘
2610 5208 2846 5265 fatentur
2878 5225 2937 5263 se
2969 5208 3217 5278 ignorare
3244 5209 3447 5264 Wisto-

1893 5279 1952 5332 ni
1980 5278 2147 5331 Musis
2164 5278 2341 5347 _(}lmr.
2372 5280 2712 5347 interpretes,
2743 5294 2862 5331 cum
2904 5284 3035 5332 satis
3074 5288 3246 5332 tamen
3275 5279 3444 5347 usitaf

1894 5358 2005 5401 tum
2041 5348 2131 5400 sit.
2164 5344 2387 5400 Videtur
2417 5344 2594 5402 autem
2643 5349 2799 5402 nobis
2827 5347 3062 5402 derivari
3102 5348 3168 5400 ab
3204 5362 3270 5399 Al.
3303 5344 3445 5413 quod

1893 5416 2055 5469 salem
2086 5426 2260 5469 sonat.

1966 5484 2078 5552 (40)
2114 5483 2209 5536 llic
2237 5484 2453 5539 codices
2486 5486 2808 5539 videbantur
2837 5485 3099 5539 mendosi.
3130 5483 3237 5539 Nos
3267 5490 3443 5536 tamen

1895 5554 2036 5608 hanc
2066 5554 2278 5622 interim
2305 5555 2802 5622 interpretationem
2834 5556 3198 5609 cxtundimus.

1968 5623 2080 5692 (Η)
2111 5620 2310 5693 Nempe
2334 5620 2603 5691 deformis.
