3908 6174
325 356 424 422 υθι
919 358 1310 422 SAMUELIS
1349 357 1714 422 ANIENSIS
1750 357 2148 420 SUMMARII
2182 354 2615 417 TEMPORUM
2649 354 2845 418 PARS
2896 354 2981 415 II.
3434 358 3545 419 602

402 507 509 565 Per
542 508 709 566 hosce
736 506 854 564 dies
882 507 1141 563 inclaruit
1171 508 1293 563 falsi
1330 508 1605 578 prophetae
1658 507 2055 563 Saracenorum
2120 507 2513 575 manifestatio,
2543 508 2786 563 Cerinthi
2824 516 2984 578 atque
3021 504 3345 563 Arianorum
3380 523 3530 564 asse-

325 598 443 663 claa,
475 599 565 654 cui
592 613 789 654 nomen
819 598 1178 666 Mahumetus,
1209 609 1366 670 gente
1415 601 1722 664 lsmaelitae,
1753 599 1846 653 lilii
1872 599 2087 670 Agaris,
2121 600 2211 668 qui
2238 610 2573 669 praeceptore
2595 615 2730 654 usus
2753 608 2836 654 est
2866 600 3108 653 solitario
3132 601 3249 653 viro
3277 582 3531 669 quodam,

326 688 543 744 nomine
570 688 819 755 Beehira,
850 700 995 745 secta
1024 690 1245 753 Ariano,
1284 689 1436 743 Sinai
1464 691 1666 744 deserti
1706 690 1881 743 incola
1923 706 1936 741 :
1970 706 2130 758 quem
2160 690 2219 742 in
2258 689 2433 743 locum
2465 690 2717 742 videlicet
2743 687 3075 744 conﬂuentes
3114 687 3395 743 Ismaelitw
3425 704 3530 742 nu-

324 793 471 833 mero
502 779 648 833 aucti
670 787 821 845 sunt,
847 795 913 834 ex
938 794 1047 851 quo
1077 788 1322 850 tempore
1350 779 1485 834 Sara
1513 780 1764 832 ancillam
1802 795 1955 833 suam
1984 780 2212 848 Agarem
2244 780 2470 848 expulit.

392 895 752 952 Constantino
781 896 1015 952 Heraclii
1076 896 1188 949 ﬁlio
1235 905 1495 967 regnante
1547 904 1705 965 capta
1736 911 1765 948 a
1796 894 2085 950 Saracenis
2160 895 2380 955 Devina,
2424 904 2485 948 ut
2513 896 2731 965 quidam
2777 896 2852 949 ait
2888 897 3199 960 historicus,
3247 895 3528 950 interfecta

325 993 453 1041 sunt
479 986 618 1041 festo
646 987 734 1042 die
763 986 1078 1056 Epiphaniae
1108 987 1161 1039 in
1197 984 1382 1040 Sancti
1418 985 1591 1056 Sergii
1617 986 1730 1040 aede
1763 985 2049 1039 duodecim
2082 986 2249 1037 millia
2281 985 2578 1048 hominum,
2607 986 2678 1039 ita
2714 993 2772 1038 ut
2795 1001 3059 1039 caesorum
3085 989 3343 1056 sanguine
3374 1002 3530 1042 sacra

325 1086 571 1131 mensaet
587 1078 927 1146 baptismatis
957 1076 1079 1132 fons
1107 1076 1477 1132 redundarent
1510 1096 1524 1131 :
1560 1078 1791 1131 abducta
1820 1091 1949 1131 vero
1974 1076 2025 1129 in
2050 1077 2417 1146 captivitatem
2442 1060 2567 1130 sunt
2597 1079 2715 1146 plus
2745 1078 2962 1150 triginta
2986 1080 3222 1149 quinque
3256 1080 3528 1134 hominum

324 1169 511 1223 millia.
553 1168 674 1223 Mox
706 1185 938 1239 corpora
965 1185 1173 1234 eorum,
1208 1170 1302 1240 qui
1342 1171 1444 1224 hoc
1478 1171 1619 1226 bello
1648 1171 1978 1236 ceciderant,
2012 1171 2228 1241 collegit
2270 1170 2469 1226 Ncrses
2511 1172 2842 1241 patriarcha,
2881 1182 3041 1243 atque
3071 1174 3125 1227 in
3165 1173 3349 1228 eadem
3376 1188 3529 1228 sacra

320 1248 451 1319 Me,
478 1274 641 1327 quam
672 1257 882 1322 refecit,
915 1259 1228 1313 collocanda
1251 1258 1482 1313 curavit.

256 1428 273 1445 ς
363 1371 483 1424 Jam
509 1385 637 1424 vero
666 1369 1001 1427 lsmaelitiraa
1030 1373 1205 1443 gentis
1230 1388 1326 1427 rex
1355 1372 1540 1442 eadem
1571 1372 1622 1426 in
1657 1372 1791 1426 urbe
1831 1371 2009 1427 sedem
2044 1371 2189 1436 ﬁxit;
2224 1372 2431 1441 primus
2460 1372 2683 1442 quidem
2718 1374 2932 1427 nomine
2955 1373 3303 1439 Chalartluis,
3334 1375 3401 1430 de
3422 1391 3531 1446 quo

319 1461 632 1513 vaticinium
666 1476 821 1515 sacra
853 1462 1026 1518 Biblia
1056 1466 1388 1523 cecinerunt,
1424 1463 1538 1517 fore
1586 1464 1793 1518 scilicet
1824 1473 1880 1517 ut
1912 1462 2300 1517 Chalartalabii
2331 1464 2450 1532 (‘25)
2482 1465 2711 1533 populus
2745 1464 2952 1533 gladios
2980 1480 3109 1519 suos
3137 1482 3332 1521 cruore
3381 1476 3531 1521 satu-

251 1574 255 1578 ’
318 1563 481 1607 raret.
518 1553 617 1609 Hic
640 1567 764 1611 octo
816 1565 938 1627 post
974 1573 1147 1613 annos
1178 1558 1311 1612 obiit
1347 1574 1360 1609 :
1394 1560 1772 1628 successitque
1812 1560 2122 1615 Amaranus
2151 1562 2316 1616 annis
2358 1577 2457 1615 xu.
2500 1561 2604 1616 Sed
2663 1564 2804 1615 enim
2840 1563 2929 1616 ille
2968 1562 3292 1619 Clialaithus
3336 1564 3529 1619 Dama-

325 1660 475 1699 scum
508 1663 679 1713 usque
706 1663 1028 1719 progressus
1054 1649 1248 1709 fuerat.
1272 1656 1326 1703 et
1352 1650 1404 1702 iu
1438 1650 1823 1717 Mesopotamia
1851 1649 2098 1704 Amidam
2124 1653 2310 1705 urbem
2334 1651 2541 1705 infinita
2568 1652 2867 1721 direptione
2896 1636 3221 1707 vastaverat.
3250 1654 3381 1708 Exin
3415 1664 3528 1711 tres

314 1735 482 1791 duces
512 1738 678 1791 alium
708 1740 815 1793 alio
848 1741 1163 1805 dimiserat;
1197 1742 1248 1795 in
1269 1741 1485 1796 Graecas
1516 1743 1679 1810 quide
1702 1760 1733 1793 ιι
1762 1743 2069 1810 provincias
2114 1742 2289 1798 Jalum
2326 1744 2437 1815 ("21)
2458 1760 2552 1799 seu
2594 1744 2817 1821 Joelem,
2852 1748 2941 1814 qui
2975 1745 3282 1800 Grazcorum
3315 1759 3529 1817 septua-

312 1827 461 1895 ginta
489 1829 659 1882 millia
693 1832 920 1897 cecidit;
951 1832 1004 1885 in
1028 1831 1307 1887 Persidem
1340 1849 1467 1887 vero
1499 1832 1826 1889 Otluuanum
1854 1835 2092 1889 Amiram
2130 1836 2175 1891 Μ
2196 1838 2528 1905 aviaeumque
2554 1839 2835 1897 copiarum
2866 1838 3079 1902 ducem,
3112 1840 3202 1908 qui
3238 1839 3533 1895 debellave-

313 1928 443 1972 ruut
472 1920 661 1989 viginti
685 1921 833 1976 mille
862 1922 1123 1994 Myrdatis
1155 1925 1376 1988 milites,
1411 1926 1650 1994 itemque
1680 1924 2060 1979 Armeniorum
2098 1927 2291 1980 duceni
2344 1928 2597 1981 Musaeum
2631 1945 2750 1997 cun)
2784 1930 2899 1983 suis
2924 1930 3199 1998 equitibus
3230 1948 3244 1983 :
3277 1939 3435 1999 atque
3457 1930 3532 1985 ita

311 2009 540 2078 contigit
575 2008 940 2079 utArmeniis,
969 2011 1171 2077 Persis,
1212 2012 1384 2083 Syris,
1421 2012 1712 2083 IEgyptiis,
1741 2012 1930 2079 Medis,
1966 2012 2184 2068 Parthis
2218 2025 2270 2069 et
2300 2014 2603 2072 Palaestinis
2627 2019 2950 2086 potirentur.

380 2121 501 2176 Jam
532 2140 719 2187 causa,
746 2127 1099 2195 quamobrem
1129 2127 1183 2181 hi
1212 2128 1491 2185 consecuti
1517 2137 1647 2182 sunt
1677 2127 2035 2191 dominatum,
2068 2130 2336 2194 ejusmodi
2362 2130 2463 2184 fuit
2494 2151 2505 2186 :
2536 2130 2795 2199 Princeps
2829 2134 3044 2202 quidam
3077 2134 3421 2191 Damascenae
3448 2150 3532 2189 re-

305 2215 488 2283 gionis
520 2214 741 2283 Sergius
774 2215 916 2269 haud
962 2217 1173 2270 modica
1222 2233 1279 2271 re
1321 2227 1651 2271 mercatores
1678 2216 2024 2271 lsmaeliticos
2068 2220 2372 2285 spoliabat:
2402 2220 2730 2276 Clialarthus
2765 2230 2964 2284 autem,
2995 2239 3120 2277 cum
3152 2239 3294 2291 saepe
3332 2226 3398 2278 de
3443 2225 3529 2279 his

309 2305 530 2375 injuriis
560 2310 980 2377 expostulasset,
1015 2324 1114 2363 nec
1145 2310 1235 2363 ille
1255 2300 1322 2363 ab
1342 2311 1557 2379 ingenio
1591 2309 1873 2363 decederet
1892 2348 1907 2371 ,
1948 2310 2014 2361 ad
2040 2318 2344 2363 extremum
2380 2314 2623 2380 collectis
2646 2313 2825 2384 gentis
2848 2330 2960 2368 suae
2990 2316 3334 2383 pedestribus
3362 2331 3529 2385 eque-

306 2395 627 2463 stribusque
657 2397 831 2465 copiis
869 2404 951 2450 ter
979 2398 1389 2467 impressionem
1426 2398 1482 2450 in
1505 2398 1715 2451 hostem
1747 2397 1895 2460 fecit,
1929 2413 2108 2466 neque
2131 2413 2186 2451 re
2211 2414 2308 2453 sua
2336 2408 2541 2455 tantum
2565 2403 2770 2470 potitus
2792 2411 2893 2466 est,
2922 2420 3106 2459 verum
3134 2407 3295 2460 etiam
3315 2407 3523 2461 aliena:

308 2500 489 2558 quare
513 2496 567 2541 et
592 2487 646 2540 in
679 2488 990 2542 Armeniam
1015 2488 1250 2551 delatus,
1281 2490 1330 2541 vi
1370 2489 1672 2542 conabatur
1696 2488 2002 2557 religiosam
2029 2490 2329 2544 incolarum
2368 2490 2526 2545 ﬁdem
2558 2493 2890 2548 subvertere.

386 2601 653 2657 Praeterea
684 2600 1079 2657 lsmaelitarum
1116 2618 1208 2656 rex
1244 2601 1536 2670 praedictus
1568 2603 1975 2668 conspirantem
2012 2616 2196 2655 secum
2241 2612 2432 2657 nactus
2463 2610 2545 2659 est
2577 2606 2861 2672 quemdam
2894 2608 3112 2661 nomine
3161 2606 3523 2664 Malmmetum

302 2698 694 2765 Egyptiorum
740 2703 1103 2749 mercatorum
1127 2695 1446 2762 principem.
1481 2693 1579 2748 llic
1612 2695 1792 2763 legum
1817 2693 2172 2748 Mosaicarum
2214 2696 2422 2751 modice
2454 2700 2682 2766 peritus,
2719 2701 2814 2754 sed
2849 2702 2961 2753 Arii
2991 2702 3343 2774 Cerinthique
3366 2716 3530 2760 secta:

306 2785 586 2847 addictus,
612 2785 704 2854 qui
728 2801 953 2854 regnum
986 2785 1248 2837 emlorum
1286 2799 1605 2851 corporeum
1633 2799 1757 2838 esse
1801 2785 2034 2865 dicebat,
2068 2786 2121 2839 in
2169 2803 2277 2854 quo
2306 2788 2515 2841 scilicet
2553 2790 2825 2844 terrestris
2867 2792 3022 2845 cibus
3054 2794 3262 2849 ventris
3303 2796 3524 2863 inesset,

307 2876 551 2944 itemque
579 2876 910 2928 connubium
940 2882 1062 2943 post
1086 2876 1558 2928 resurrectionem.
1588 2874 1734 2928 Idem
1767 2877 1912 2944 leges
1944 2879 2086 2930 inter
2116 2891 2174 2931 se
2207 2880 2513 2932 contrarias
2541 2880 2748 2943 docuit,
2779 2883 2999 2950 antiqua
3050 2884 3257 2939 scilicet
3300 2894 3353 2940 et
3386 2904 3526 2943 nova
3560 2908 3567 2915 λ

302 2957 534 3039 statuta,
557 2965 794 3021 absurda
818 2966 1240 3021 comminiscens
1292 2974 1455 3034 atque
1488 2966 1779 3037 insolentia
1822 2970 2144 3037 praedicans,
2183 2970 2456 3038 nimisque
2490 2972 2831 3041 impudenter
2861 2974 3037 3030 foedus
3072 2976 3202 3031 illud
3233 2976 3524 3035 Abrahami

300 3072 690 3127 corrumpens,
721 3072 831 3127 quo
860 3057 1072 3126 jussum
1109 3066 1193 3112 est
1229 3075 1243 3112 :
1284 3077 1303 3108 ‹
1341 3057 1540 3112 Marem
1582 3074 1796 3113 omnem
1846 3060 1987 3129 apud
2022 3075 2117 3114 vos
2140 3060 2545 3116 circumcidetis
2569 3073 2760 3117 octava
2791 3066 2879 3119 die
2904 3065 3111 3133 (Cenes.
3149 3070 3466 3138 xxxnv,15);
3501 3091 3518 3121 ι

300 3153 426 3222 ipse
454 3161 630 3207 autem
660 3167 771 3206 non
796 3167 973 3207 mares
990 3159 1222 3216 tantum,
1250 3168 1436 3207 verum
1461 3154 1643 3219 etiam,
1676 3153 1811 3222 proh
1837 3154 2041 3222 pudor!
2075 3153 2314 3207 femellas
2344 3172 2361 3207 εν
2384 3156 2726 3225 signaculum
2760 3156 3020 3211 Dominici
3052 3159 3271 3215 [uideris
3292 3162 3520 3218 violatis.

302 3245 511 3297 Szatuit
540 3244 763 3314 insuper
791 3252 850 3298 ut
878 3259 1020 3313 aqua
1051 3253 1261 3298 tantum
1287 3245 1396 3315 (25)
1423 3247 1665 3299 lavarcnt
1691 3255 1949 3315 perpetuo
1971 3248 2025 3300 in
2057 3247 2205 3300 fonte
2226 3248 2569 3318 baptismatis
2601 3269 2613 3304 :
2641 3251 2947 3321 multasque
2966 3261 3225 3321 praeterea
3254 3240 3525 3311 absurdus

299 3338 575 3406 ejusmodi
607 3350 660 3393 et
690 3339 915 3392 insanas
943 3340 1165 3408 risuque
1188 3338 1380 3408 dignas
1403 3339 1830 3394 consuetudines
1861 3339 2066 3394 docuit.

375 3455 536 3512 Hunc
567 3455 936 3511 Mahumetum
1003 3472 1127 3511 cum
1183 3458 1286 3511 sibi
1334 3458 1695 3527 legislatorem
1724 3468 1776 3513 et
1805 3461 2086 3513 oraculum
2142 3461 2528 3529 copiarumque
2584 3461 2774 3515 ducem
2835 3460 3089 3516 Saraceni
3159 3462 3527 3530 pnefeeissent

299 3548 470 3601 annis
499 3562 590 3605 xx.
623 3562 838 3601 summo
868 3548 1083 3601 excidio
1145 3547 1554 3621 debellaverunt
1610 3548 1965 3613 Beznuniam,
2023 3548 2356 3602 Aleovidiam
2401 3560 2565 3618 atque
2599 3549 2888 3603 Taroniam
2919 3550 3053 3618 (26).
3084 3553 3401 3620 Quanquam
3427 3567 3525 3621 po-

300 3650 517 3697 stremo
546 3639 890 3696 Mabumetus
919 3656 1044 3697 cum
1079 3640 1262 3695 ﬁdeles
1292 3642 1640 3695 obluctantes
1669 3650 1831 3695 secta:
1864 3657 1975 3695 suae
2003 3645 2367 3711 cognovisset,
2398 3643 2575 3696 edicto
2599 3644 2805 3712 copiam
2840 3642 2968 3697 fecit
2996 3644 3316 3697 nominatim
3339 3644 3526 3698 Arme-

294 3736 481 3790 niacis
506 3735 802 3802 provinciis
831 3734 1144 3789 Christiano
1176 3735 1282 3787 ritu
1313 3736 1519 3794 utendi,
1552 3744 1735 3802 atque,
1767 3744 1827 3788 ut
1866 3736 1938 3788 ita
1961 3735 2159 3803 dicam,
2199 3737 2515 3806 religionem
2547 3752 2707 3805 quam
2754 3737 3104 3790 sectabantur
3135 3735 3333 3790 eisdem
3388 3752 3523 3791 ven-

291 3831 465 3891 didit,
494 3828 744 3897 vectigali
769 3830 1054 3895 imperato,
1088 3843 1280 3898 nempe
1305 3838 1362 3882 ut
1388 3830 1602 3882 fmnilize
1622 3831 1847 3897 singula:
1874 3839 2111 3897 quatuor
2143 3847 2416 3894 nummos,
2444 3831 2652 3884 modios
2678 3832 2953 3885 aridorum
2983 3838 3115 3893 tres,
3147 3833 3518 3900 liippoperam,

285 3920 692 3987 cilicinumque
719 3919 898 3971 funem
932 3920 1304 3987 persolverent
1351 3919 1525 3985 llujus
1570 3930 1745 3971 tamen
1790 3921 1971 3972 tributi
2008 3920 2343 3974 immunibus
2375 3936 2498 3975 esse
2522 3920 2795 3974 concessit
2824 3921 3216 3985 sacerdotibus,
3251 3923 3521 3979 nobilibus

285 4020 349 4067 ct
377 4010 681 4080 equitibus.
712 4009 885 4077 Atque
913 4009 1190 4073 Saraceni,
1253 4026 1513 4079 posquam
1548 4012 1768 4079 prolatis
1799 4011 2010 4080 imperii
2043 4011 2241 4065 finibus
2287 4012 2527 4064 omnium
2563 4011 2717 4080 potiti
2743 4020 2889 4068 sunt.
2925 4010 3031 4064 dici
3065 4020 3345 4080 coeperunt
3370 4012 3523 4065 Ami-

282 4103 599 4158 ralmumni
627 4101 759 4171 (ἓἹ).
785 4099 903 4154 Jan:
929 4100 1053 4171 post
1094 4100 1387 4155 Maliumeti
1429 4118 1602 4155 annos
1659 4119 1725 4155 xx
1757 4102 1890 4171 (28),
1937 4102 2199 4155 dominati
2246 4109 2375 4156 sunt
2426 4100 2826 4162 Aliubechirus,
2858 4098 3160 4155 Otbmanus
3189 4110 3243 4155 et
3288 4100 3517 4157 Omarus

279 4194 464 4248 annis
495 4207 724 4268 surtu.

368 4303 490 4358 [lac
523 4312 844 4373 tempestate
871 4305 1156 4373 imperium
1210 4320 1427 4373 quoque
1478 4304 1785 4366 Persarum,
1822 4306 1965 4374 quod
2008 4306 2291 4358 dicebatur
2343 4302 2760 4365 Sasanidarum,
2796 4303 3064 4356 sublatum
3098 4311 3200 4366 est,
3233 4310 3515 4371 postquam
3560 4340 3565 4349 .

281 4397 464 4451 annis
494 4409 658 4449 cccc:
687 4403 1125 4466 perseveraverat
1155 4414 1167 4449 :
1201 4394 1476 4449 Persicum
1522 4406 1697 4448 autem
1725 4406 1993 4464 srcptrum
2048 4408 2305 4463 ceperunt
2346 4395 2623 4460 Saraceni,
2652 4396 2740 4463 qui
2766 4394 2892 4446 dicti
2930 4401 3055 4446 sunt
3083 4391 3513 4447 Atuiralmumni.

1294 4569 1700 4623 SARMIENOii
1716 4569 1753 4621 υ
1769 4570 1809 4621 ‘d
1851 4570 2017 4621 A‘ilili
2037 4567 2334 4623 \IMUMNI
2368 4569 2497 4638 (“29).

369 4745 713 4803 ﬂabumetus
769 4749 927 4800 annis
987 4762 1093 4809 xx;
1128 4745 1502 4796 Almlizrciiirus
1551 4745 1706 4794 anuis
1760 4760 1893 4803 risi;
1939 4743 2239 4794 Otiunantis
2289 4744 2563 4805 annis‘x;
2615 4742 2850 4798 Omarus
2904 4743 3061 4797 annis
3112 4758 3218 4807 xx;
3263 4740 3514 4796 Mavianzs

287 4842 465 4896 annis
491 4856 632 4902 xxu;
655 4840 944 4896 Meruanus
979 4855 1122 4892 anno
1155 4856 1167 4890 I
1195 4856 1209 4903 ;
1234 4837 1476 4890 .lezithus
1513 4854 1669 4891 anns
1698 4855 1790 4902 ui;
1836 4837 2274 4889 Abdelmeiiciius
2324 4837 2479 4889 annis
2528 4852 2673 4901 xxu;
2706 4836 2951 4891 Velithus
2984 4837 3139 4890 annis
3167 4851 3252 4901 tv;
3283 4837 3514 4891 Ouiarus

291 4937 466 4990 annis
512 4951 581 5000 Il;
633 4934 858 4989 Ezitlius
912 4935 1072 4989 annis
1121 4948 1206 4996 v1;
1238 4932 1574 4986 llescliemus
1630 4932 1789 4985 anuis
1848 4947 1980 4987 xix:
2054 4929 2297 4982 \‘eiitbus
2344 4944 2484 4981 anno
2517 4943 2570 4993 l;
2618 4929 2905 4985 Meruanus
2959 4930 3115 4984 annis
3162 4945 3295 4996 vui;
3344 4929 3512 4984 Abdla

289 5029 464 5081 annis
491 5042 639 5091 uti;
672 5026 1032 5079 Abdelazizus
1066 5025 1226 5077 annis
1278 5040 1371 5089 Ill;
1418 5025 1627 5077 Malidis
1660 5026 1816 5077 annis
1858 5039 1933 5086 Ix;
1976 5022 2144 5075 Musis
2197 5023 2354 5076 annis
2396 5037 2463 5086 x;
2499 5020 2752 5077 llarunus
2807 5027 2964 5077 annis
3008 5037 3178 5089 mu;
3214 5022 3515 5080 Mahmetus

288 5120 464 5173 annis
492 5134 557 5179 νς
593 5116 900 5169 liiaimunus
926 5114 1083 5167 annis
1115 5130 1301 5178 xxvii;
1333 5112 1703 5167 lbi'tttt.t‘t'cl::s
1730 5114 1890 5167 annis
1928 5128 2013 5178 ix;
2058 5112 2309 5165 liarunus
2336 5112 2492 5163 annis
2518 5125 2679 5178 xviii;
2710 5109 3002 5178 Ciaphares
3024 5113 3181 5167 annis
3208 5128 3282 5166 xr.
3307 5111 3512 5167 Horum

285 5210 567 5265 memoria
598 5208 897 5276 perditioie
923 5205 1207 5260 obruatur.

364 5404 486 5474 (Ἦ)
500 5403 741 5459 Chalirth
760 5402 1094 5457 dicunturab
1116 5400 1383 5455 Armeniis
1399 5413 1538 5474 exta.
1560 5400 1670 5474 lloc
1687 5412 1863 5474 autem
2033 5400 2145 5474 (-29)
2185 5398 2429 5474 llarsunt
2456 5400 2832 5474 Armeniorum
2869 5402 3176 5474 provinciae.

280 5468 426 5529 loco
449 5468 589 5527 haud
622 5474 829 5527 scimus
852 5483 1030 5541 utrum
1057 5474 1452 5541 respiciendum
1492 5473 1561 5524 sit
1602 5473 1666 5523 ad
1708 5471 1858 5524 Deut.
1988 5540 1991 5541 ν
2027 5469 2413 5541 (:7)_Codi«-es
2458 5472 2653 5539 partim
2706 5468 3336 5541 Amirimunmirpartim
3378 5479 3511 5524 vero

280 5558 500 5603 xxvui,
525 5542 615 5602 49,
653 5556 722 5594 an
751 5542 816 5594 ad
850 5539 1080 5595 Hierem.
1112 5539 1258 5601 x'mn,
1287 5542 1371 5601 l0,
1394 5542 1473 5593 vel
1501 5541 1563 5593 ad
1581 5541 1716 5607 psal.
1751 5555 1857 5600 Lvi,
1962 5539 2387 5608 Amirnlmumui,
2426 5556 2617 5607 nempe
2647 5541 2980 5603 iniperaiores
3012 5540 3263 5608 ﬁdelium.

277 5611 352 5674 ὃ,
405 5612 486 5665 vel
506 5611 573 5663 ad
601 5625 753 5669 mu,
789 5611 843 5663 8.
876 5608 1008 5678 Rem
1037 5610 1128 5663 alii
1154 5610 1463 5677 diligentius
1493 5610 1854 5662 considerent.
2028 5607 2135 5678 (28)
2153 5608 2445 5678 (ξιιιωηχι.
2467 5606 2568 5661 Sed
2592 5609 2887 5663 iidemante
2905 5606 3192 5678 posteaque
3206 5606 3506 5678 habentis.

383 5680 497 5747 (24)
522 5678 623 5733 llic
646 5673 1078 5744 codices'aliqua
1124 5673 1470 5747 corruptione
1513 5678 1850 5731 laborabant.
2020 5677 2130 5743 (‘29)
2158 5675 2250 5728 llic
2286 5678 2470 5729 titulus
2522 5694 2642 5729 cum
2675 5673 3021 5745 sequentibus
3070 5673 3510 5733 A'niiralmumnis

371 5746 488 5811 (π)
519 5749 718 5817 Nempe
745 5748 860 5803 sine
887 5748 1065 5802 verbis
1092 5746 1307 5803 sacris.’
1955 5746 2106 5798 abest
2139 5747 2205 5798 ab
2245 5748 2547 5814 antiquiore
2575 5749 2888 5815 eXt‘lllplill'i.
