3864 6182
488 232 596 294 M9
1429 225 1815 290 APPENDIX
1857 228 1955 288 AD
1994 227 2014 286 l

2104 227 2302 286 SEBll
2343 225 2811 298 CIIRONICON.
3546 235 3630 298 6‘21)

3202 390 3600 404 ...ἠ-

526 385 3192 410 Mm

1171 499 1360 541 OLYIP.
1420 497 1631 541 CHRISTI
1724 501 1916 541 CONST.
2022 501 2169 541 AIIB.
2307 501 2432 541 ΔΒΗ.
2575 502 2697 541 ΡΑΪΗ

1457 500 1631 541 HBISTI
1724 501 1916 541 CONST.
2022 501 2169 541 AIIB.
2307 501 2432 541 ΔΒΗ.
2575 502 2729 541 ΡΑΪΒ.
2851 502 2980 541 ,ειυε

2857 572 2982 611 LII.

1767 690 1876 761 Mi-_
1983 691 2211 761 Ciapha-
2270 690 2490 746 Scmba-
2573 692 2724 746 Joan-

1730 759 1882 813 chael
2043 759 2127 816 res
2315 769 2400 814 tus
2600 779 2696 816 nes

1209 1013 1348 1080 407
1490 1011 1593 1080 850
1835 1010 1868 1064 9
2108 1010 2144 1062 2
2352 1009 2419 1080 27
2631 1011 2697 1066 18

1490 1011 1593 1080 sse
1835 1010 1868 1064 9
2108 1010 2144 1062 2
2352 1009 2419 1080 27
2631 1011 2697 1066 18
2870 1013 2973 1069 291

1490 1079 1585 1132 851
1805 1082 1870 1134 10
2110 1081 2145 1132 3
2351 1077 2420 1131 28
2631 1080 2696 1134 19
2870 1083 2975 1136 298

1489 1149 1592 1202 852
1801 1150 1822 1201 1
1841 1151 1860 1202 1
2109 1148 2143 1200 4
2351 1147 2418 1199 29
2626 1149 2695 1202 20
2869 1150 2974 1204 ‘299

1209 1201 1346 1268 408
1489 1201 1592 1271 835
1801 1217 1867 1269 12
2109 1217 2144 1269 5
2352 1216 2419 1266 so
2627 1201 2688 1269 2i

1489 1201 1592 1271 εδδ
1801 1217 1867 1269 12
2109 1217 2144 1269 5
2352 1216 2419 1266 δυ
2627 1201 2688 1269 2i
2870 1201 2974 1272 sui

1488 1287 1590 1339 854
1805 1287 1866 1339 15
2109 1286 2140 1336 ϋ
2352 1285 2411 1335 ’Ί
2626 1285 2697 1336 22
2870 1288 2967 1342 501

2545 1457 2932 1514 ZACHARIAS
2979 1461 3134 1518 annis
3186 1479 3327 1526 ml,
3373 1480 3402 1521 e
3441 1463 3588 1523 Catia

2456 1563 2460 1566 ’
2746 1574 2944 1644 oppido
2983 1575 3144 1642 Zaga.
3410 1540 3417 1548 .

1455 1742 1560 1798 855
1772 1743 1837 1796 H
2088 1745 2119 1797 7
2329 1745 2397 1800 32
2644 1748 2669 1802 1
2850 1748 2948 1804 502

561 1963 839 2020 Pcssimus
869 1963 1100 2034 denique
1133 1961 1369 2017 omnium
1401 1961 1581 2018 valido
1619 1978 1740 2016 cum
1775 1964 2013 2019 exercitu
2042 1969 2433 2036 superveniens
2467 1967 2651 2038 Bugha
2682 1969 2793 2040 (52)
2813 2009 2829 2034 ,
2867 1985 3027 2040 quem
3058 1972 3257 2044 impius
3284 1971 3559 2044 Ciaphares
3593 1976 3644 2027 ad

497 2055 860 2110 ulciscendam
890 2055 1148 2110 Abusethi
1181 2069 1365 2134 necem
1392 2054 1444 2107 in
1477 2054 1783 2109 Armeniam
1806 2056 2076 2121 mittebat,
2107 2058 2352 2127 pluribus
2369 2047 2772 2114 calamitatibus
2792 2061 3048 2130 varioque
3064 2077 3345 2131 prunarum
3366 2079 3429 2120 ac
3449 2063 3646 2119 aedium

495 2160 692 2215 genere
723 2156 934 2217 gentem
963 2134 1328 2213 exeruciavit’,
1362 2149 1662 2216 praesertim
1704 2149 1912 2204 nobiles
1951 2159 2002 2205 et
2038 2152 2306 2221 equestris
2353 2152 2558 2207 militia:
2591 2153 2834 2208 ordinem
2882 2175 2896 2208 :
2947 2156 3144 2224 quibus
3176 2165 3356 2213 autem
3389 2158 3540 2212 vitam
3561 2158 3648 2211 lar-

495 2239 760 2307 giebatur,
799 2255 892 2294 eos
921 2249 977 2293 ut
1007 2255 1036 2292 a
1069 2239 1288 2294 Christo
1317 2239 1610 2294 delicerent
1637 2251 1798 2310 atque
1827 2241 1880 2295 in
1909 2251 2068 2298 secta:
2111 2259 2223 2298 suae
2263 2244 2591 2312 impietatem
2641 2247 3000 2302 concederent
3037 2250 3316 2306 blanditiis
3351 2249 3648 2321 impellebat.

493 2327 687 2382 Verum
722 2331 936 2398 plurimi
962 2330 1085 2384 forti
1112 2332 1291 2383 animo
1319 2331 1564 2386 homines
1595 2340 1808 2385 scutum
1841 2333 1943 2387 sibi
1972 2341 2026 2388 et
2055 2349 2204 2386 arma
2243 2333 2443 2388 Christi
2486 2335 2805 2401 induentes,
2843 2353 3055 2392 omnem
3103 2339 3486 2409 suppliciorum
3519 2339 3650 2393 dolo-

489 2438 716 2491 rumque
746 2432 1036 2487 terrorem,
1062 2425 1154 2493 qui
1180 2425 1282 2504 sibi
1315 2425 1382 2478 ab
1415 2439 1479 2479 eo
1509 2424 1736 2479 scelesto
1775 2427 2122 2490 imminebat,
2187 2437 2508 2495 spreverunt
2545 2436 2762 2497 propter
2798 2430 2920 2483 vitae
2960 2431 3153 2486 futura:
3181 2432 3342 2488 bona.
3387 2434 3439 2487 In
3470 2433 3546 2486 his
3570 2432 3652 2484 fuit

483 2514 724 2570 dilectus
755 2516 864 2572 Deo
893 2519 1116 2571 Atomus
1146 2532 1208 2571 ex
1239 2518 1437 2587 Albage
1466 2519 1738 2586 provincia
1760 2557 1774 2581 ,
1806 2520 1898 2587 qui
1957 2536 2079 2572 cum
2111 2521 2272 2574 sociis
2303 2533 2547 2590 magnam
2580 2521 2682 2574 vim
2715 2523 3050 2576 cruciatuum
3079 2539 3369 2593 perpessus
3413 2523 3651 2592 pretiosis-

487 2606 680 2658 simam
726 2620 982 2658 comnam
1029 2607 1252 2674 adeptus
1298 2615 1380 2660 est
1426 2625 1439 2660 :
1493 2616 1652 2676 atque
1701 2607 1753 2659 hi
1867 2617 2081 2662 centum
2117 2609 2225 2663 fere
2251 2610 2711 2679 etquinquaginta
2739 2610 2983 2674 fuerunt,
3015 2621 3208 2680 praeter
3238 2629 3331 2669 eos
3365 2613 3452 2684 qui
3479 2613 3527 2667 in
3554 2609 3654 2666 aliis

494 2694 791 2762 provinciis
825 2703 1086 2765 martyres
1117 2698 1472 2762 exstiterunt,
1501 2712 1730 2766 quorum
1756 2698 1938 2751 natale”
1963 2697 2156 2752 festum
2189 2699 2275 2754 die
2337 2699 2523 2768 quinta
2560 2707 2613 2754 et
2655 2701 2906 2756 vicesima
2938 2702 3196 2772 Mehegan
3229 2703 3341 2774 (53)
3377 2703 3562 2758 mensis
3589 2702 3654 2754 iu—

495 2788 696 2841 dictum
746 2797 847 2844 est.
899 2788 1050 2842 llaud
1103 2792 1254 2860 pauci
1297 2799 1475 2844 tamen
1529 2791 1772 2845 dolorum
1825 2792 2192 2860 impatientes,
2261 2795 2459 2863 probro
2497 2802 2664 2856 semet
2691 2799 3259 2866 eommaculaverunt;
3306 2801 3462 2867 hique
3486 2797 3655 2852 amissa

486 2887 685 2933 aeterna
719 2883 822 2934 vita
857 2892 1168 2949 praesentem
1203 2882 1342 2935 haud
1371 2882 1544 2950 adepti
1578 2890 1703 2935 sunt
1735 2881 1864 2950 (54).

577 3059 857 3132 improbus
883 3059 1046 3129 igitur
1076 3073 1138 3112 ac
1169 3074 1341 3113 saevus
1372 3058 1461 3125 illc
1491 3057 1672 3128 Bugha
1695 3100 1707 3124 ,
1755 3059 1844 3113 ubi
1875 3074 1984 3111 rem
2027 3075 2088 3112 ex
2125 3060 2289 3112 animi
2332 3061 2417 3114 sui
2456 3063 2722 3116 sententia
2769 3061 2990 3116 conﬁeri
3040 3062 3250 3126 sensit,
3282 3062 3516 3131 regionis
3535 3064 3654 3131 0μὶ-

495 3159 694 3213 mates,
724 3150 918 3218 partim
951 3149 1306 3217 dolo,partim
1347 3151 1664 3205 auctoritate
1706 3151 1758 3203 in
1805 3165 1955 3204 suam
1997 3159 2315 3220 potestatem
2357 3153 2602 3222 redegit:
2639 3169 2774 3223 quos
2804 3155 2944 3208 inter
2974 3168 3226 3222 magnum
3264 3168 3472 3223 quoque
3491 3154 3654 3206 ducem

495 3239 868 3294 Armeniarum
914 3237 1258 3300 Sembatum,
1289 3245 1648 3303 cognomento
1678 3237 2001 3307 Aplabasum
2022 3277 2037 3302 ,
2068 3253 2198 3292 sane
2231 3240 2434 3308 angelis
2467 3240 2821 3308 exoptabilem
2869 3247 3087 3309 propter
3115 3253 3303 3292 veram
3345 3239 3539 3293 Cbri‘sti
3566 3255 3646 3291 no-

491 3331 694 3392 titiam,
727 3329 817 3398 qui
850 3335 911 3402 et,
935 3326 1214 3382 confessor
1246 3328 1543 3396 appellatus
1572 3337 1675 3384 est.
1709 3328 1826 3383 Jam
1861 3344 1985 3382 vero
2031 3330 2204 3386 malus
2239 3330 2340 3386 iste
2368 3329 2550 3402 Bugha
2582 3331 2650 3386 ad
2680 3346 2932 3402 magnum
2961 3331 3199 3386 Amiram
3234 3331 3469 3388 redi-tim:
3497 3341 3657 3386 matu-

489 3440 644 3486 rans,
680 3424 918 3495 reliquos
964 3423 1192 3477 vinculis
1216 3461 1232 3488 ,
1267 3422 1576 3478 Sembatum
1613 3433 1792 3479 autem
1821 3423 2006 3478 fraude
2033 3426 2414 3494 insidiosisque
2438 3426 2700 3480 bonorum
2730 3425 3009 3493 promissis
3039 3441 3221 3480 secum
3252 3426 3528 3481 avebehat.
3549 3422 3664 3477 lute-

491 3521 588 3572 rim
616 3519 741 3588 quia
780 3516 1015 3572 Joannes
1040 3517 1148 3571 vita
1181 3526 1514 3582 excesserat,
1547 3517 1834 3573 Zacharias
1866 3520 1918 3570 in
1946 3527 2181 3572 sanetam
2209 3519 2520 3587 dignitatem
2553 3519 2880 3572 substitutus
2903 3526 3018 3582 est,
3049 3519 3142 3587 qui
3176 3519 3343 3575 unius
3374 3518 3477 3572 diei
3511 3515 3663 3585 spatio

489 3628 516 3664 a
545 3611 866 3679 sacerdotio,
903 3612 1010 3666 imo
1041 3627 1069 3664 a
1093 3610 1403 3673 diaeonatu,
1431 3611 1499 3664 ad
1532 3611 1710 3668 throni
1739 3611 2115 3680 patriarcbalis
2147 3611 2418 3680 fastigium
2447 3613 2721 3668 transiliit.

560 3786 670 3857 Age
702 3803 831 3842 vero
862 3788 1115 3842 omnibus
1146 3787 1236 3856 qui
1266 3801 1296 3840 a
1325 3786 1556 3840 scelesto
1583 3785 1766 3854 Bugha
1796 3787 2008 3840 abducti
2047 3787 2296 3850 fuerant,
2325 3787 2572 3856 protinus
2611 3786 2848 3856 supremi
2878 3786 3092 3857 tyranni
3111 3786 3270 3855 jussu
3309 3798 3524 3840 carcere
3553 3795 3663 3836 cono

497 3882 664 3935 clusis
689 3921 703 3941 ,
737 3882 845 3934 nisi
877 3881 1077 3934 Christi
1109 3881 1275 3948 legem
1307 3887 1738 3940 exsecrarentur,
1771 3893 1877 3932 non
1906 3880 2018 3933 sine
2045 3879 2179 3934 diris
2217 3880 2550 3934 cruciatibus
2584 3880 2921 3934 moriendum
2959 3878 3077 3934 fuit.
3110 3878 3192 3932 .Et
3221 3894 3358 3934 sane
3389 3893 3496 3932 non
3527 3872 3660 3945 pauci

492 3972 736 4040 corporis
765 3988 897 4025 nece
927 3970 1198 4039 perterriti
1231 3983 1260 4019 a
1289 3969 1391 4022 lide
1415 3968 1727 4022 defecerunt
1752 3986 1766 4027 ;
1799 3977 2024 4038 excepto
2049 3969 2248 4038 iuclyto
2279 3969 2553 4032 Sembato,
2582 3972 2672 4039 qui
2703 3970 2803 4024 etsi
2835 3969 3110 4024 Christum
3141 3976 3457 4023 constanter
3482 3965 3665 4036 palam,

489 4083 595 4132 que
627 4064 996 4124 conﬁtebatur,
1033 4061 1385 4114 nihilominus
1417 4061 1469 4114 in
1501 4061 1732 4114 vinculis
1767 4068 1939 4114 morte
1963 4075 2062 4116 sua
2091 4061 2246 4117 ohiit.
2279 4060 2570 4115 Praefectus
2605 4060 2821 4114 interim
2852 4058 3069 4128 quidam
3116 4046 3458 4127 Stephanus,
3488 4069 3666 4124 cogno-

492 4159 633 4212 mine
660 4155 870 4218 Conus,
902 4153 1167 4223 intrepide
1197 4153 1469 4207 Christum
1497 4153 1781 4208 confessus
1811 4155 2050 4223 martyrii
2083 4155 2257 4223 palma
2285 4153 2517 4206 donatus
2553 4159 2635 4205 est
2664 4165 2807 4205 anno
2852 4164 2973 4204 tera:
3027 4149 3408 4203 Armeniorum
3448 4145 3664 4202 secundo

488 4261 648 4316 supra
701 4247 1159 4300 trecentesimum.
1205 4244 1374 4299 Porro
1419 4245 1665 4315 praedicti
1726 4242 1966 4299 Sembati
2013 4244 2346 4300 confessoris
2387 4259 2584 4313 corpus
2625 4259 2748 4298 cum
2789 4242 2989 4314 ingenti
3038 4255 3229 4312 pompa
3273 4250 3330 4295 et
3373 4237 3665 4311 psalmodiis

491 4359 519 4393 a
557 4339 799 4394 ﬁdelibus
834 4339 1033 4392 elatum
1063 4345 1146 4393 est
1193 4337 1258 4391 ad
1305 4338 1488 4393 Sancti
1528 4321 1765 4394 Daniélis
1800 4354 2010 4393 sacram
2037 4338 2241 4403 mdem,
2280 4337 2407 4392 illuc
2437 4337 2694 4392 nimirum
2736 4337 2829 4393 ubi
2861 4338 2966 4392 iste
2997 4334 3126 4389 olim
3165 4334 3383 4388 leonum
3419 4333 3472 4386 in
3503 4331 3663 4384 laeum

492 4434 663 4488 fuerat
686 4433 980 4502 projectus.

559 4645 836 4700 Exstincto
871 4644 1122 4699 Sembato
1143 4685 1156 4710 ,
1189 4661 1371 4699 rerum
1413 4645 1649 4698 habenas
1675 4643 1936 4712 corripuit
1962 4642 2106 4698 {ilius
2135 4644 2375 4715 ejusdem
2411 4643 2672 4710 Asutius;
2703 4645 2858 4713 isque
2889 4658 2999 4714 prae
3021 4642 3233 4697 cunctis
3254 4641 3551 4709 majoribus
3570 4633 3670 4691 suis

488 4735 718 4798 claruit,
749 4751 912 4804 seque
945 4735 1251 4804 integritate
1275 4743 1328 4788 et
1361 4734 1683 4803 benignitate
1713 4732 1848 4786 adeo
1866 4735 2282 4800 commendavit,
2311 4743 2370 4789 ut
2391 4735 2630 4788 omnium
2664 4729 2940 4789 amoribus
2965 4734 3169 4803 potitus
3195 4733 3286 4786 sit.
3313 4731 3395 4786 0b
3415 4725 3663 4800 ejusmodi

487 4828 755 4898 egregiam
789 4827 984 4881 famam
1017 4830 1214 4881 missus
1240 4835 1323 4881 est
1354 4843 1383 4879 a
1411 4840 1606 4894 magno
1643 4824 1824 4878 Amira
1849 4825 2063 4894 quidam
2094 4826 2489 4897 Aly-Armenus
2523 4826 2742 4879 nomine
2765 4839 2889 4878 cum
2918 4824 3233 4878 muneribus
3263 4823 3316 4875 in
3347 4818 3670 4874 Armeniam,

489 4919 581 4988 qui
623 4918 686 4971 ad
724 4917 969 4971 Asutium
1009 4925 1202 4986 praeter
1239 4915 1619 4986 praefecturam
1665 4913 1878 4967 titulum
1907 4929 2122 4983 quoque
2168 4913 2430 4984 principis
2466 4915 2767 4984 principum
2797 4912 3070 4968 contulit:
3111 4913 3166 4966 in
3195 4925 3302 4980 qua
3338 4911 3386 4964 is
3423 4906 3670 4976 dignitate

491 5011 650 5072 annis
673 5025 775 5065 xu
803 5010 1132 5079 permansit:
1165 5012 1338 5066 donec
1361 5010 1578 5063 virtutis
1613 5022 1743 5078 ergo
1784 5015 1945 5075 atque
1980 5019 2200 5077 operum
2243 5007 2569 5077 optimorum
2616 5007 2764 5076 regio
2801 5015 3014 5074 quoque
3057 5002 3354 5057 diademate
3397 4994 3670 5066 insignitus

489 5110 590 5164 est,
649 5117 739 5156 rex
781 5102 1033 5157 nimirum
1085 5117 1114 5155 a
1163 5103 1373 5157 duobus
1417 5101 1635 5172 regibus
1656 5098 2022 5156 nuntiatus
2074 5097 2396 5153 lsmaelitico
2446 5104 2499 5152 et
2538 5096 2725 5152 Graeco
2773 5093 3063 5169 postremis
3106 5093 3345 5165 quinque
3380 5085 3670 5143 dominatus

488 5196 572 5250 sui
607 5203 763 5249 anuis
792 5192 923 5260 (55).

565 5436 676 5520 (52)
718 5432 930 5503 Bougha
954 5432 1092 5500 apud
1119 5431 1323 5484 Tureas
1351 5437 1508 5484 sonat
1539 5437 1767 5480 taurum.
2133 5430 2214 5473 rat
2240 5415 2484 5497 Joannes.
2505 5415 2832 5484 patriarcha.
3276 5480 3288 5490 .
3497 5468 3509 5482 .
3543 5483 3556 5498 ⁸

570 5506 654 5520 ι..-
718 5503 807 5520 ...γ
855 5503 996 5520 μη-
1036 5501 1264 5520 g__._..:_-
1301 5497 1569 5520 nua“.--
2223 5487 2331 5520 ιλκι
2391 5487 2642 5520 μηκωνμ
2693 5485 2803 5520 Imm
2844 5489 3081 5520 ιηιι-ι-ςιιιη
3119 5485 3346 5520 ρςιιιηιιω
3381 5480 3556 5520 sumit.

565 5477 679 5575 Ὲξί
2222 5487 2331 5554 (55)
2391 5477 2645 5538 buiversa
2693 5485 2803 5536 lucc
2843 5489 3081 5562 narratio
3119 5480 3346 5559 carptim
3379 5477 3602 5532 sumitur
3631 5477 3661 5520 ο

565 5509 675 5642 itit)
715 5571 950 5640 Namque
971 5572 1129 5624 aliam
1151 5570 1220 5624 ob
1243 5583 1462 5621 causam
1492 5567 1790 5637 perierunt,
1821 5561 1896 5616 uti
1921 5576 2045 5616 uar-
2154 5557 2343 5610 latiore
2370 5553 2590 5642 Joannis
2621 5553 2942 5622 patriarehze
2972 5551 3226 5604 lltstona.

590 5550 678 5642 Εἷς
715 5550 1790 5640 iiiiuﬁiié‘atiiiiiéti’éahsa'mperierunt,
1821 5561 1896 5616 uti
1921 5576 2045 5616 uar-
2154 5550 2343 5610 latiore
2370 5553 2590 5642 Joannis
2621 5553 2942 5622 patriarehze
2972 5550 3226 5604 llistoria.
