3864 6182
1327 297 1708 402 APPENDIX
1753 335 1852 396 an
1889 330 2203 396 ausam
2242 329 2703 403 cunomcou.
3478 315 3559 376 me

871 497 3507 539 ,ΜΨ-..κ-

397 350 513 416 635.

1203 613 1392 654 οινιιιι.
1481 611 1695 654 CHRISTI
1761 612 1949 653 CONST.
2073 611 2201 651 All].
2332 609 2490 648 PATR.
2659 603 2794 643 ,ειιβ

2661 673 2788 714 anu.

1826 735 1920 791 Mi-
2067 735 2234 792 Joan-
2355 732 2541 786 Petrus

1799 806 1951 862 chael
2105 821 2204 862 nes
2307 831 2318 842 -

474 1067 767 1148 Gregorius
788 1065 1044 1146 Magister
1069 1064 1165 1118 Pa—
2387 1058 2460 1148 ἓξ

401 1121 691 1192 Ιιιειήνιιίιῗὶἰιε
746 1121 996 1205 princeps
1046 1149 1164 1188 eru-
1516 1127 1653 1205 1040
1827 1132 1863 1205 4

2114 1130 2180 1205 17
2388 1127 2459 1205 ἓξ
2667 1121 2770 1205 iii!

401 1190 706 1262 ditissimus
746 1190 763 1205 ⁸
807 1190 1167 1275 cogrfosceba-
1518 1198 1646 1258 1041
1830 1202 1864 1256 5

401 1285 488 1331 tur
516 1276 647 1348 (82).

2112 1200 2181 1255 18
2388 1196 2460 1252 ἳ4
2668 1190 2770 1248 488

469 1527 661 1613 Joanni
715 1531 837 1601 'regi
881 1529 1009 1613 _(§§)
1072 1533 1163 1604 qui
1225 1532 1363 1606 455
1515 1535 1652 1594 1042
1837 1527 1874 1584 6

2115 1528 2181 1586 19
2389 1528 2461 1581 ‘25
2675 1519 2778 1580 489

399 1600 569 1670 prolis
607 1600 804 1671 expers
847 1600 998 1664 obiit,
1046 1600 1166 1660 suc-

397 1671 563 1725 cessit
593 1670 861 1736 Gaghicus
887 1674 1064 1730 Asutii
1093 1675 1158 1730 fi-

398 1687 563 1795 ῧῗιεέιι
593 1687 861 1736 uagtucus
887 1687 1064 1730 nsum
1093 1687 1158 1730 li-
1648 1689 1832 1745 εγω
1871 1687 2004 1745 ZOE

2054 1688 2154 1759 :84)
2199 1687 2358 1742 annis
2406 1701 2464 1742 ll.

2111 1818 2454 1876 GAGHICUS
2498 1821 2656 1876 annis
2696 1834 2756 1876 ll.

1517 1994 1655 2051 1045
1837 1997 1854 2049 l
2145 1998 2169 2051 1
2389 2001 2458 2056 Ξϐ
2669 2005 2770 2062 490

1515 2088 1654 2144 1044
1826 2091 1862 2145 2
2144 2091 2182 2146 2
2393 2097 2463 2150 27
2675 2100 2770 2157 401

1830 2270 2308 2332 MONOMACHUS
2345 2276 2504 2335 annis
2546 2293 2645 2336 xu.

1514 2439 1656 2502 1045
1836 2444 1861 2499 1
2353 2479 2358 2486 υ
2395 2448 2464 2504 28
2675 2451 2782 2506 499.

470 2619 705 2676 Tandem
763 2628 887 2691 post
922 2619 1222 2691 Gaghicum
1273 2631 1437 2676 nemo
1480 2633 1548 2675 ex
1583 2620 1684 2674 hac
1711 2628 1874 2690 gente
1911 2620 2023 2692 (85)
2061 2581 2182 2678 [rex
2212 2624 2333 2678 fuit.
2382 2624 2593 2696 Quippe
2625 2628 2784 2683 annis
2818 2644 2908 2684 ut
2940 2628 3114 2686 Grarci
3143 2630 3410 2688 daninati
3455 2641 3586 2690 sunt.

398 2713 601 2770 Deinde
630 2713 994 2783 Alpbaslanus
1029 2713 1225 2766 Aniam
1265 2710 1646 2768 Armeniorum
1676 2712 2022 2783 metropolim
2049 2715 2192 2786 cepit
2222 2713 2580 2787 funditusque
2610 2719 2897 2775 subvertit.

469 2827 610 2884 Sane
643 2836 766 2900 post
802 2829 1008 2884 obitum
1057 2829 1319 2893 Sembati,
1349 2828 1442 2895 qui
1490 2825 1732 2884 Joannes
1769 2844 1985 2900 quoque
2026 2829 2330 2898 dicebatur,
2377 2835 2818 2906 conspirantibus
2859 2837 3132 2911 suﬂragiis
3163 2841 3446 2912 optimates
3491 2853 3594 2894 cum

397 2919 707 2989 patriarcha
739 2919 958 2973 domino
1002 2917 1164 2974 Petro
1216 2919 1270 2973 in
1324 2917 1610 2989 magnifica
1645 2919 1944 2974 cathedrali
1993 2921 2108 2977 aede
2155 2925 2522 2994 metropoleos
2548 2928 2930 2983 Armeniorum
2980 2930 3130 2986 Anim
3170 2931 3482 3003 congregati
3509 2929 3600 2984 Ga-

397 3009 614 3080 ghicum
647 3007 875 3064 Joannis
931 3011 1075 3080 regis
1123 3025 1189 3064 ex
1224 3008 1390 3064 fratre
1419 3016 1669 3078 nepotem
1707 3010 1761 3065 in
1816 3013 1963 3083 regia
2009 3015 2190 3083 patrui
2247 3015 2513 3086 dignitate
2559 3019 2996 3087 constituerunt;
3053 3037 3246 3076 verum
3295 3023 3380 3078 hic
3431 3023 3601 3077 bellica

397 3101 597 3167 studia,
631 3101 686 3156 in
716 3101 918 3172 quibus
947 3102 1172 3171 imperia
1203 3105 1473 3167 nituntur,
1507 3105 1759 3175 neglexit.
1805 3107 1969 3179 Atqui
2011 3109 2095 3165 his
2146 3113 2446 3180 praesertim
2500 3114 2838 3182 temporibus
2890 3115 3036 3170 vires
3087 3116 3348 3173 acuendae
3389 3116 3600 3178 fuerant,

397 3193 786 3262 bacchantibus
820 3194 1127 3260 lsmaelitis,
1161 3195 1379 3267 Scythis
1407 3196 1841 3264 incursantibus,
1890 3201 1967 3255 uti
2009 3201 2120 3271 jam
2156 3201 2415 3268 diximus,
2456 3203 2660 3261 Graecis
2685 3206 2920 3276 denique
2946 3208 3080 3276 ipsis
3111 3209 3386 3264 seditione
3419 3209 3604 3263 ferven-

398 3285 560 3348 tibus,
598 3300 880 3358 propterea
925 3290 1067 3358 quod
1115 3305 1339 3362 regnum
1378 3305 1534 3344 suum
1567 3289 1778 3347 feminae
1803 3294 1916 3365 (86)
1957 3295 2183 3352 arbitrio
2209 3297 2575 3353 administrari
2609 3297 2868 3354 viderent.
2908 3298 2978 3364 ls,
3006 3300 3250 3370 inquam,
3280 3298 3528 3370 Gaglu‘cus
3554 3298 3602 3350 in

397 3376 697 3438 litterarum
732 3381 1041 3451 disciplinis
1058 3382 1170 3451 jam
1194 3383 1319 3438 inde
1357 3397 1386 3436 a
1413 3384 1615 3440 teneris
1652 3385 1962 3454 unguiculis
1987 3387 2190 3440 versari
2221 3387 2435 3450 solitus,
2470 3387 2524 3442 in
2556 3388 2783 3458 imperio
2814 3403 3029 3458 quoque
3059 3389 3254 3445 iisdem
3288 3405 3347 3444 se
3377 3390 3600 3443 oblecta-

395 3473 508 3531 bat.
545 3475 624 3530 Re
651 3474 822 3530 Graeci
853 3476 1125 3530 intellecta
1163 3475 1305 3544 (quae
1349 3490 1482 3544 gens
1537 3475 1820 3530 fraudibus
1867 3484 2120 3530 concreta
2148 3476 2252 3546 est)
2284 3475 2555 3532 hominem
2587 3478 2654 3531 ad
2697 3492 2756 3533 se
2785 3477 3157 3548 pellexerunt;
3208 3479 3293 3533 usi
3334 3480 3384 3532 in
3435 3477 3604 3546 primis

395 3570 716 3636 eptimatum
769 3576 1080 3623 nostrorum
1121 3569 1355 3632 teehnis,
1383 3571 1476 3638 qui
1517 3584 1640 3622 cum
1681 3582 1907 3638 regnum
1938 3567 2060 3636 ejus
2091 3576 2279 3622 sancte
2313 3583 2341 3620 a
2375 3584 2435 3624 se
2479 3569 2812 3622 custoditum
2846 3569 2912 3622 iri
2953 3581 3299 3624 sacramento
3332 3570 3604 3623 confirma-

394 3659 622 3723 vissent,
653 3667 832 3714 tamen
863 3657 1078 3714 Domini
1107 3657 1283 3712 foedus
1309 3673 1418 3712 non
1453 3663 1807 3712 servaverunt
1839 3674 1851 3708 ε
1893 3671 2014 3725 qua:
2049 3656 2277 3710 consilia
2311 3657 2458 3711 hunc
2487 3658 2692 3712 exitum
2724 3657 2917 3711 sortita
2964 3665 3112 3723 sunt,
3137 3665 3198 3710 ut
3221 3657 3336 3728 ,ipsi
3368 3657 3603 3710 nimirum

396 3751 593 3820 aliique
616 3751 924 3822 complures
947 3751 1281 3805 ineluctabili
1311 3750 1478 3805 exitio
1505 3749 1782 3819 perierint.
1822 3745 1992 3802 Graeci
2021 3749 2190 3813 enim,
2218 3748 2470 3802 submoto
2503 3749 2557 3803 in
2601 3749 2832 3804 insulam
2863 3765 3007 3820 rege,
3039 3749 3302 3820 praesides
3331 3748 3606 3819 quotannis

395 3842 681 3897 mittebant
716 3859 730 3894 :
767 3857 874 3910 quo
903 3851 1148 3911 tempore
1181 3843 1332 3896 Anim
1381 3842 1534 3896 urbis
1568 3843 1714 3896 cives
1741 3849 1903 3908 atque
1943 3840 2230 3909 optimates
2271 3841 2498 3896 dissidio
2541 3849 2595 3896 et
2641 3839 2940 3896 ambitione
2971 3841 3274 3905 certabant,
3311 3841 3606 3908 mutuisque

395 3934 684 3987 calumniis
714 3934 781 3988 de
811 3934 937 3987 larsa
967 3933 1312 4000 imperatoris
1343 3934 1630 4002 majestate
1661 3932 1950 4002 studioque
1977 3931 2347 4002 Agarenorum
2380 3934 2522 3988 inter
2565 3948 2624 3989 se
2645 3933 3016 4003 postulabant.
3047 3933 3187 3999 Quin
3221 3947 3471 4002 proceres
3499 3929 3605 3984 ausi

396 4034 522 4078 sum
552 4025 915 4094 patriarcham
963 4027 1136 4094 ipsum
1165 4025 1644 4081 criminationibus
1674 4026 2098 4091 circumvenire,
2131 4028 2224 4096 qui
2255 4027 2497 4083 vicissim
2541 4028 2870 4084 necessitate
2898 4037 3121 4084 coactus
3149 4028 3274 4083 illos
3318 4027 3510 4082 detulit
3556 4025 3603 4078 in

391 4116 674 4185 judicium.
725 4116 1084 4183 Quamobrem
1139 4119 1351 4189 utrique
1395 4120 1601 4176 laribus
1634 4123 1748 4177 suis
1807 4122 1979 4177 eversi
2022 4130 2151 4177 sunt
2188 4123 2404 4191 alioque
2450 4124 2685 4178 traducti
2722 4142 2735 4178 :
2773 4138 2897 4177 cum
2942 4122 3158 4176 interim
3213 4123 3408 4192 vulgus
3455 4133 3605 4190 prope

393 4213 547 4265 exlex
603 4211 669 4264 ad
723 4226 877 4268 suam
923 4211 1203 4269 libidinem
1262 4215 1488 4271 viveret.
1546 4213 1720 4286 Atque
1772 4215 1887 4271 haec
1942 4232 2128 4271 rerum
2189 4217 2528 4286 publicarum
2580 4217 2718 4271 ratio
2779 4216 2953 4270 tenuit
3000 4229 3172 4270 annos
3232 4232 3348 4269 ut.
3407 4214 3601 4280 Quibus

394 4301 599 4355 exactis
629 4301 785 4356 turbo
815 4301 1005 4373 igneus
1037 4302 1260 4358 australi
1294 4304 1430 4358 flatu
1467 4305 1783 4377 compulsus
1819 4307 1943 4361 tulit
1974 4307 2207 4361 belluam
2240 4305 2938 4378 antbropophagam,cujus
2968 4305 3233 4360 incendiis
3265 4321 3398 4377 gens
3429 4311 3600 4358 nostra

393 4397 569 4451 deleta
602 4396 864 4453 radicitus
890 4405 1011 4453 est:
1048 4398 1180 4468 quin
1212 4406 1266 4455 et
1298 4399 1430 4456 urbs
1458 4399 1592 4455 Ania
1625 4409 1744 4470 post
1773 4401 1982 4456 dierum
2015 4417 2122 4456 xxv
2153 4400 2492 4457 obsidionem
2527 4408 2835 4472 expugnata
2863 4408 2981 4465 est,
3028 4399 3255 4470 ejusque
3299 4399 3444 4455 cives
3485 4395 3602 4453 ferri

467 4633 576 4707 (82)
615 4633 909 4704 Gregorius
943 4642 1301 4707 cognomento
1333 4635 1607 4707 Magister,
1651 4652 1678 4690 a
1709 4635 1952 4707 magistri

394 4702 676 4774 dignitate,
731 4702 845 4774 qua
900 4702 1036 4760 elluf
1079 4705 1303 4761 Graecus
1358 4702 1657 4774 imperator
1717 4702 1951 4761 ornavit.

396 4771 542 4826 Idem
601 4771 778 4828 dictus
835 4782 918 4832 est
961 4774 1326 4830 Pahlavunius
1376 4771 1613 4844 itemque
1672 4774 1954 4830 Arsacides

396 4850 612 4924 propter
636 4858 804 4924 genus
828 4861 890 4924 οξ
924 4845 1298 4924 Armeniorum
1314 4845 1711 4924 illuminatoris
1821 4844 1953 4924 Gre-

395 4912 534 4981 gorii
575 4915 821 4984 prosapia
855 4913 1166 4970 deductum.
1215 4913 1264 4970 ls
1307 4915 1540 4970 traditur
1575 4915 1779 4970 liberali
1812 4913 1955 4984 opti-

397 4980 608 5054 maque
639 4980 819 5036 indule
870 4985 1150 5053 prmditus.
1196 4985 1448 5054 princeps
1497 4985 1654 5054 plane
1695 4980 1951 5039 doctissi-

397 5048 954 5134 εῃυιέηϐτῳεωιιυθςρι
991 5048 1234 5134 Arabica-le
1280 5048 1440 5134 etiam
1485 5048 1680 5124 lingua:
1712 5054 1950 5134 peritus.

398 5117 637 5191 Habetur
667 5119 719 5173 in
754 5117 1002 5191 Manibus
1033 5130 1293 5178 tractatus
1313 5125 1430 5191 ejus
1461 5117 1866 5190 grammaticus,
1900 5131 1954 5177 ct

396 5189 747 5260 epistol-arum
793 5190 858 5243 ad
896 5191 1187 5246 familiares
1219 5189 1473 5247 volumen
1499 5193 1787 5260 omnigena
1829 5208 1954 5246 eru—

396 5260 604 5315 ditione
634 5259 892 5332 refertum
927 5278 940 5313 ε
973 5275 1042 5332 ως
1073 5276 1180 5328 quo
1207 5261 1367 5316 etiam
1407 5259 1756 5332 cognoscitur
1780 5277 1955 5331 quan-

398 5338 582 5398 topere
633 5330 678 5385 is
724 5337 942 5402 cuperet
973 5330 1046 5402 ad
1101 5343 1262 5386 omne
1311 5330 1498 5402 genus'
1539 5330 1950 5402 disciplinarum

396 5408 607 5470 gentem
620 5415 791 5470 suam
829 5399 1125 5470 impellere.

433 5537 446 5547 ν
469 5467 1120 5547 (83)_llujusce_.loaunis_.
1154 5468 1432 5547 penultimi
1458 5469 1949 5547 Armeniorum_re-

299 5551 306 5569 ·
395 5537 502 5605 gis,
531 5554 561 5592 e
589 5537 1035 5608 Bagyatuniorum
1075 5537 1345 5608 dyltastia,
1375 5555 1494 5605 quae
1525 5555 1696 5593 annos
1725 5540 1942 5608 circiter

395 5621 489 5660 ccc
526 5607 831 5669 occupavit.
855 5608 1104 5662 civilibus
1135 5607 1340 5676 legibus
1367 5609 1456 5661 diu
1491 5626 1584 5662 usa
1612 5615 1694 5664 est
1729 5607 1945 5661 Sarma-

398 5677 500 5730 tica
557 5677 932 5733 Armeniorum
981 5677 1192 5732 colonia
1226 5697 1239 5731 :
1271 5693 1374 5746 qua
1423 5697 1482 5732 es
1529 5695 1584 5732 re
1625 5679 1816 5732 merito
1861 5695 1945 5730 ur-

2053 4636 2268 4705 guimus
2295 4637 2437 4692 circa
2462 4635 2808 4692 undecimum
2837 4635 3166 4692 Christianae
3194 4651 3317 4705 tera;
3358 4633 3600 4705 saeculum

2054 4703 2290 4776 emptum
2339 4721 2462 4761 esse
2499 4706 2718 4776 migrari
2767 4720 2833 4760 ex
2884 4705 3139 4761 Armenia
3187 4706 3240 4759 in
3291 4703 3600 4759 Sarmatian:

2055 4775 2408 4846 eamdemque
2448 4775 2818 4846 migrationem
2868 4776 3119 4846 subinde,
3145 4783 3363 4846 auctam
3404 4782 3604 4842 pmpIer

2056 4842 2448 4901 Saracenorum
2496 4842 2548 4897 in
2593 4843 2856 4914 Armenia
2910 4845 3270 4914 tyrannidem.
3302 4842 3601 4898 Joannamm

2054 4915 2321 4985 ejusmodi
2351 4914 2457 4985 jus
2483 4929 2588 4966 non
2634 4916 2706 4966 ita
2743 4912 2946 4985 pridem
2979 4915 3319 4985 antiquatum
3349 4920 3450 4985 est,
3489 4922 3602 4985 cuti}

2052 4979 2320 5055 Iosephus
2348 4979 2391 5055 ll
2433 4983 2712 5055 Augustus
2744 4979 2798 5036 in
2836 4979 3129 5055 Sarmatiae
3157 4981 3469 5051 regionibus
3507 4979 3600 5055 sibi

2055 5047 2307 5126 obnogriis
2346 5047 2546 5126 legem?
2569 5053 2710 5126 tulit,
2751 5059 2806 5104 ut
2859 5062 2968 5126 tam
3012 5047 3275 5126 indigenae
3305 5047 3600 5126 quamOAr-

2055 5123 2217 5194 monii
2269 5138 2376 5176 uno
2403 5119 2608 5194 'judicii
2658 5137 2872 5189 genere,
2911 5121 2962 5194 id
3009 5131 3094 5176 est
3121 5119 3267 5194 __jur_'e
3302 5119 3599 5194 Austriaro,

2054 5185 2439 5260 disceptarent.
2481 5185 2794 5262 Joan_n3i:_um
2835 5189 3074 5262 codicem
3119 5185 3170 5245 in
3195 5189 3464 5262 _Lati_nam
3495 5185 3601 5262 lin.-

2053 5252 2223 5330 guam'
2243 5274 2563 5330 conversum
2607 5259 2655 5330 .l.
2688 5259 2970 5330 zohrabus
3008 5257 3461 5330 (quandoquidem
3495 5252 3603 5330 flai-

2054 5322 2250 5383 canum
2299 5329 2576 5398 exemplar
2621 5329 2762 5383 haud
2817 5322 3156 5398 occurrebat)
3194 5322 3600 5398 exscribendum

2053 5399 2284 5468 'curavit,
2326 5389 2559 5468 cumque
2595 5399 2718 5452 aliis
2767 5389 3263 5468 autographis'nec
3293 5389 3602 5465 pcnitendn

2054 5467 2228 5589 frugis
2255 5465 2484 5536 scriptis
2507 5465 2764 5523 Venetias
2795 5465 3092 5524 transtulit.

2121 5539 2140 5589 (
2183 5535 2229 5589 4)
2268 5535 2472 5589 Nomen
2501 5537 2605 5589 hoc
2636 5546 2952 5589 corruutum
2985 5543 3092 5589 erat

2183 5535 2229 5606 4)
2268 5531 2472 5606 Nomen
2501 5537 2605 5606 hoc
2636 5546 2952 5606 corruptum
2985 5543 3102 5592 erat
3131 5538 3185 5591 in
3214 5531 3371 5592 codd.
3391 5531 3538 5585 Arm.

2143 5604 2231 5669 85)
2273 5604 2495 5676 Scilicet
2527 5604 2872 5676 Bagratunia.

2145 5677 2234 5746 86)
2271 5674 2546 5732 Praedicta:
2572 5674 2729 5732 locs.
