3864 6182
414 358 526 425 639
1337 358 1720 423 APPENDIX
1758 359 1858 420 AD
1891 357 2209 419 EUSEBII
2265 355 2728 421 CHRONICON.
3475 360 3558 419 610

2238 526 2436 536 -σ-›-..-

1273 527 1482 538 __.—__.

2437 528 2660 540 αὴ..-

1381 637 1570 680 οωιιι).
1647 638 1857 680 (211115⁸1³1
1955 639 2142 680 ςοαςτ.
2252 637 2408 676 ΡΛΤΙΙ.
2531 635 2672 682 ,τευ-ξ

2548 704 2676 744 ΑΒΗ.

1961 829 2146 884 Mono-

1962 861 2146 884 ‘”"""'
2242 861 2436 917 Petrus

1944 899 2168 954 machus

1376 1067 1584 1080 _~
1654 1065 1863 1078 Μ-
1933 1065 2144 1078 κ-ιμ-
2213 1063 2423 1077 —-—
2493 1061 2705 1076 ...κα-ο

1997 1205 2185 1265 CYRA
2251 1203 2619 1287 TOHEODOBA
2695 1211 2983 1290 consecrat
3033 1203 3299 1290 sibique
3345 1207 3589 1290 substituit

2176 1285 2334 1334 annis
2366 1291 2448 1331 ιιι.
2697 1289 2839 1329 anno
2874 1289 2994 1329 tera!
3030 1289 3127 1328 Dll.
3184 1285 3305 1330 I’ost
3342 1285 3589 1333 triennium

2702 1359 2832 1398 vero
2861 1359 3112 1399 reversus
3139 1345 3248 1399 obit
3283 1343 3484 1402 Sebaste
3513 1363 3593 1402 an--

1698 1419 1833 1471 1057
2045 1419 2069 1470 1
2285 1413 2355 1468 40
2530 1413 2634 1468 504
2703 1429 2775 1468 no
2802 1428 2921 1468 arra:
2946 1429 3052 1468 ova.

496 1483 952 1559 Jacobusdoctor
998 1484 1338 1559 S_ana_hinen-
1405 1488 1547 1559 1,59
1678 1487 1833 1559 10.58
2041 1487 2076 1559 2
2287 1483 2351 1559 41
2530 1482 2634 1559 505

427 1553 503 1612 sis
529 1557 611 1610 vir
634 1555 790 1610 laude
823 1555 1080 1610 litteraria
1110 1556 1308 1610 clarus.
1428 1552 1486 1559 "
1508 1552 1534 1557 ⁷
1678 1552 1830 1610 ’1059
2041 1556 2075 1608 5
2287 1552 2356 1605 42
2530 1552 2633 1606 506

2013 1699 2539 1758 CONSTANTINUS

2050 1771 2278 1827 DUCAS
2298 1772 2456 1826 annis
2481 1787 2536 1824 ι.

2239 1921 2657 1979 CllAClClllUS
2798 1923 3058 1980 Dominus
3114 1924 3432 1980 Chaeichius
3484 1925 3602 1982 filius

2313 1995 2470 2048 anuis
2498 2007 2592 2048 vn.
2729 1995 2934 2048 sororis
2962 1993 3165 2048 domini
3192 1993 3333 2049 Petri
3361 1994 3523 2048 sedem
3555 1997 3598 2049 in

2731 2063 2866 2117 urbe
2891 2064 3027 2116 Ania
3055 2065 3274 2117 tenebat
3301 2083 3312 2116 :
3341 2065 3602 2119 accersitus

1714 2134 1853 2192 1060
2067 2136 2095 2189 1
2347 2133 2372 2185 1
2554 2131 2655 2186 50⁸7
2732 2140 2909 2186 autem
2953 2147 2982 2185 a
3031 2131 3178 2185 Duca
3227 2149 3240 2186 ι

2074 2136 2095 2189 ι
2347 2133 2372 2185 1
2554 2131 2655 2186 50⁸7
2732 2140 2909 2186 autem
2953 2147 2982 2185 a
3031 2131 3178 2185 Duca
3227 2133 3418 2186 multas
3459 2133 3516 2185 ab
3549 2147 3600 2186 eo

1433 2227 1572 2296 460
1716 2205 1853 2296 129.1
2065 2202 2100 2296 ἓ
2347 2202 2378 2296 Ξ
2553 2201 2658 2296 Ξὲἶξ
2733 2202 2959 2296 ξιὶῗὶξξὲίίέ

2078 2202 2100 2296 ξ
2347 2202 2378 2296 Ξ
2733 2202 3010 2280 molestias
3040 2217 3253 2296 'pas'sus
3298 2210 3374 2256 est
3419 2209 3604 2284 propter

1719 2274 1855 2331 1062
2067 2271 2099 2328 5
2347 2271 2382 2324 3
2555 2271 2658 2324 509
2768 2271 2913 2324 ravia
2943 2271 3223 2339 vectigalia
3308 2287 3385 2324 ua:
3433 2273 3604 2338 imprc-

1719 2343 1857 2401 1065
2068 2343 2102 2395 4
2348 2340 2382 2393 4
2557 2341 2662 2394 510
2732 2286 2834 2395 ξας
2900 2341 2989 2394 ille
3043 2286 3368 2408 patriarctliis
3429 2339 3602 2393 nostris

1721 2413 1857 2468 1064
2069 2413 2103 2467 5
2351 2410 2384 2478 5
2559 2410 2654 2463 511
2734 2407 3128 2478 ἱπιρεηὼθῑίυι
3157 2411 3245 2462 aul

2077 2413 2103 2467 5
2351 2410 2384 2478 5
2559 2410 2654 2463 511
2734 2407 3128 2478 ἱῐηρεηὼπυι
3157 2411 3294 2462 aulze
3329 2407 3603 2463 Graecorum

1723 2480 1858 2536 1065
2069 2481 2102 2534 6
2351 2476 2384 2530 6
2561 2479 2665 2532 512
2736 2476 3025 2548 quotannis
3054 2479 3412 2548 solverentur.

1433 2531 1556 2601 461
1721 2531 1858 2604 iusti
2072 2531 2103 2602 ἦ
2352 2549 2381 2598 7
2562 2531 2665 2602 sis
2727 2531 2769 2630 ,³
2807 2548 2958 2627 Domi

2727 2633 2782 2671 m
2812 2631 2959 2686 opptt

2082 2531 2103 2602 1
2352 2549 2381 2598 7
2562 2531 2665 2602 513
2752 2531 2769 2548 ³
2807 2531 3074 2602 DOminus
3127 2531 3452 2601 Chacichius
3500 2543 3608 2600 obiit

2727 2619 2782 2671 in
2812 2617 3010 2686 oppido
3039 2615 3429 2687 Thaupélurio.

2286 2760 2646 2844 sescenas

2316 2848 2472 2886 annis
2502 2846 2633 2884 XVil.

505 2983 614 3041 lloc
647 3002 788 3040 anno
828 2987 879 3040 in
913 2986 1154 3055 Deiparte
1183 2986 1318 3041 festo
1707 2983 1843 3055 1007
2059 2983 2092 3055 1}
2341 2983 2366 3055 1
2549 2981 2652 3055 514
2724 3049 2767 3055 __
2796 2979 3060 3055 Dominus
3111 2976 3542 3055 Qregoras,_qli_i
3563 2987 3617 3055 et

429 3055 562 3111 feria
612 3056 846 3110 secunda
903 3045 1028 3109 urbs
1071 3057 1208 3109 Ania
1253 3055 1320 3110 a‘b
1707 3054 1846 3107 1068
2059 3051 2092 3105 9
2339 3051 2374 3104 2
2551 3051 2653 3103 515
2724 3049 3063 3109 Vahramus,
3116 3045 3364 3118 Gregorii
3403 3045 3614 3118 Magistri

425 3125 755 3206 {\lphaslano
804 3135 1141 3204 expugnatur
1194 3139 1318 3206 cum
1707 3121 1844 3176 1069
2023 3121 2091 3174 10
2336 3120 2370 3173 5
2549 3120 2652 3174 516
2723 3114 3616 3206 Palilaivuni‘i‘lilius{‘vjr‘dpctripis

428 3183 758 3247 internecivo
781 3183 1097 3261 suimnoque
1119 3194 1318 3246 incola-
2723 3188 2972 3242 excultus
3007 3189 3073 3240 ad
3110 3185 3521 3254 patriarchalem
3541 3183 3623 3236 Ar-

427 3279 546 3342 rum
577 3262 821 3342 excidio,
854 3262 1086 3342 addictis
1113 3264 1320 3342 manci-
1581 3289 1586 3294 ι
2028 3257 2373 3314 DlOGENES
2411 3261 2568 3314 annis
2599 3275 2648 3312 v.
2725 3258 3024 3342 metrici-pm
3066 3255 3385 3326 dignitatem
3425 3262 3620 3308 evectus

427 3333 517 3452 pio
561 3332 874 3386 mulieribus
923 3339 1082 3401 atque
1111 3331 1314 3399 pueris.

454 3401 571 3470 dem
603 3400 855 3453 Achalam
890 3415 1103 3470 quoque
1128 3401 1319 3470 urbem
1430 3400 1566 3469 462

2332 3399 2367 3470 ξ
2545 3396 2648 3470 si;
2723 3325 3063 3470 “sigla.
3097 3391 3476 3470 _Sahens_ahus
3532 3388 3617 3446 Va-

427 3469 699 3549 subsrynm
721 3460 1317 3549 iniperitimsubjuniit.
1451 3460 1462 3468 ’
1483 3460 1564 3469 vr.
2051 3465 2088 3549 ἓ
2329 3467 2366 3549 5
2720 3460 2934 3520 ηεηάὶἱθ
2963 3460 3182 3533 regulus
3212 3461 3368 3516 obiit.

460 3607 471 3619 .
497 3536 692 3592 Eodem
716 3534 857 3619 anno
880 3534 1196 3610 Bagaratius
1215 3537 1322 3608 Cy-
2326 3534 2364 3619 6
2542 3535 2643 3619 2

429 3607 600 3662 ricum
635 3609 796 3678 cepit.
959 3602 984 3610 ⁷
1261 3602 1276 3608 ⁷
1707 3604 1842 3658 1075
2052 3604 2086 3656 4
2333 3605 2364 3656 7
2541 3602 2644 3656 520

1429 3652 1566 3721 463
1708 3672 1843 3728 1074
2053 3673 2086 3727 5
2329 3674 2363 3727 8
2540 3671 2638 3726 521

497 3848 760 3920 Diogenes
799 3865 890 3903 rex
932 3849 1133 3920 ingenti
1173 3849 1410 3918 stipatus
1447 3849 1689 3902 exercitu
1730 3847 1925 3902 Persas
1962 3847 2109 3902 bello
2148 3849 2406 3918 appetivit
2443 3849 2875 3903 Manazacertam
2916 3861 3087 3918 usque
3121 3860 3446 3918 progressus
3485 3855 3625 3912 quam

427 3953 478 3997 et
510 3944 812 4012 occupavit.
844 3943 921 3998 Re
947 3945 1184 4014 cognita,
1203 3951 1469 4014 tyrannus
1498 3945 1585 3998 ille
1613 3943 1976 4012 Alphaslanus
2001 3944 2181 3998 statim
2215 3944 2534 3998 adversatus
2564 3950 2681 4007 est,
2713 3943 3006 4014 praelioque
3031 3943 3238 4013 ingenti
3286 3948 3489 4012 patrato
3521 3937 3626 3991 Dio-

429 4050 591 4105 genes
627 4043 917 4104 superatur
952 4044 1007 4090 et
1044 4037 1283 4106 capitur.
1325 4036 1481 4091 Hunc
1521 4038 1693 4092 victor
1730 4038 1994 4108 imperato
2033 4039 2237 4092 tributo
2281 4039 2532 4093 libertate
2570 4047 2757 4108 postea
2786 4039 3044 4104 donavit;
3079 4053 3266 4092 verum
3298 4038 3349 4091 ei
3381 4051 3506 4106 gens
3543 4046 3624 4088 sua

427 4139 619 4192 parere
654 4125 859 4179 diutius
893 4140 1013 4179 cum
1054 4129 1250 4191 nollet,
1292 4143 1470 4199 regem
1511 4129 1610 4182 sibi
1651 4128 1854 4182 creavit
1895 4127 2210 4184 Michaelem
2247 4128 2409 4184 Duco:
2449 4130 2635 4183 filium.
2667 4129 2802 4184 Tum
2833 4129 3058 4184 Michael
3087 4144 3209 4184 cum
3244 4129 3477 4199 Diogene
3513 4139 3627 4180 con-

428 4234 646 4288 gressus
681 4222 925 4290 superior
952 4221 1240 4290 discessit;
1276 4223 1363 4278 hic
1397 4231 1573 4278 autem
1605 4224 1806 4278 amisso
1834 4225 2076 4279 exercitu
2106 4223 2233 4277 dum
2267 4239 2426 4279 sacco
2455 4223 2676 4293 indutus
2710 4225 2775 4278 ad
2811 4225 3126 4281 Michaelem
3165 4239 3196 4278 a
3244 4223 3508 4278 militibus
3541 4220 3627 4273 du-

428 4320 660 4376 ceretur,
705 4315 756 4368 in
799 4314 992 4370 itinere
1033 4315 1310 4373 Michaelis
1347 4316 1604 4372 mandato
1658 4317 1952 4372 luminibus
1997 4317 2257 4385 privatur,
2299 4317 2456 4387 cujus
2494 4317 2734 4372 vulneris
2789 4318 2972 4373 dolore
3034 4317 3366 4372 intolerabili
3421 4314 3629 4370 moritur

433 4417 576 4459 anno
614 4425 733 4463 aera:
771 4425 915 4464 DXXI.

497 4519 694 4577 Eodem
727 4539 870 4578 anno
898 4524 1189 4590 justissimi
1219 4526 1469 4581 Numinis
1506 4529 1773 4582 sententia
1805 4527 2066 4582 adversus
2100 4526 2359 4580 tumidam
2396 4527 2540 4582 illam
2592 4527 2964 4598 infrenemque
2996 4527 3227 4582 belluam
3261 4525 3517 4584 emicuit,
3549 4523 3627 4575 cui

429 4627 622 4670 nomen
667 4613 1018 4682 Alphaslano.
1053 4614 1149 4669 llic
1184 4616 1309 4668 dum
1344 4616 1555 4670 fremitu
1592 4617 1832 4670 horribili
1868 4617 1932 4669 ad
1970 4617 2117 4670 orbis
2149 4625 2306 4670 terra:
2343 4615 2677 4670 dominatum
2721 4616 2972 4680 anhelat,
3013 4616 3248 4686 dumque
3288 4617 3439 4670 virus
3477 4610 3626 4665 animi

428 4704 513 4756 sui
543 4703 949 4757 acerbissimum
988 4703 1039 4756 in
1089 4718 1182 4758 eos
1213 4705 1373 4758 etiam
1420 4721 1665 4759 evomere
1695 4716 1878 4774 parat,
1913 4721 2048 4774 quos
2082 4704 2319 4758 nondum
2350 4706 2622 4773 unguibus
2669 4705 2974 4760 irrctiverat
2997 4745 3014 4770 ,
3046 4705 3333 4773 repentino
3359 4702 3504 4758 ensis
3533 4700 3629 4753 ictu

428 4793 730 4847 succiditur
769 4808 799 4847 e
846 4802 988 4846 terra
1027 4793 1328 4858 scelestus,
1360 4782 1556 4864 'neque
1598 4794 1690 4848 Dei
1731 4795 1956 4863 gloriam
1986 4794 2152 4849 videt.
2196 4793 2338 4848 Idem
2370 4804 2549 4849 tamen
2583 4801 2871 4862 antequam
2912 4794 3345 4862 impurissimum
3394 4791 3627 4860 spiritum

427 4885 727 4947 emitteret,
768 4902 1141 4953 percussorem
1182 4902 1340 4941 suum
1381 4903 1503 4940 cum
1537 4887 1894 4942 admiratione
1935 4896 1986 4942 et
2018 4898 2239 4958 stupore
2278 4888 2555 4958 aspexisse
2595 4888 2950 4957 perhibetur;
2993 4894 3155 4956 atque
3194 4887 3266 4940 ita
3307 4893 3528 4940 necatus
3563 4878 3624 4936 ad

429 4976 600 5032 infera
636 4993 693 5032 se
725 4977 940 5033 demisit
969 4997 1090 5035 cum
1124 4981 1343 5034 immani
1373 4981 1668 5036 acerbitate
1697 4996 1986 5050 animoque
2014 4989 2094 5035 tot
2124 4983 2420 5036 insontium
2452 4982 2776 5050 piorumque
2806 4981 2950 5034 caule
2978 4995 3296 5050 conspersa.

499 5099 597 5154 llic
633 5115 731 5169 ego
768 5101 1035 5169 promissa
1077 5103 1308 5166 faciam,
1350 5105 1610 5174 reliquam
1654 5105 1859 5158 scilicet
1898 5104 2061 5172 hujus
2099 5105 2360 5173 temporis
2399 5103 2764 5158 narrationem
2799 5119 3118 5173 persequar,
3150 5117 3313 5172 quam
3352 5099 3624 5171 superiore

428 5190 548 5246 loco
586 5191 998 5260 praetermittere
1030 5208 1252 5252 necesse
1293 5199 1410 5254 fuit.
1451 5199 1615 5254 Divus
1651 5201 1814 5268 igitur
1847 5201 1938 5254 ille
1975 5199 2282 5268 philologus
2317 5199 2338 5268 (
2359 5198 2696 5253 Sarcavacus
2729 5198 2957 5268 doctor)
2992 5199 3162 5268 pergit
3195 5197 3416 5251 dicere:
3456 5213 3474 5245 ι
3507 5193 3627 5247 Cum

429 5284 552 5339 felix
597 5286 683 5340 ille
723 5283 1080 5341 Melichsahus
1122 5303 1244 5357 post
1284 5293 1595 5362 Alphaslani
1637 5294 1878 5362 parentis
1931 5295 2016 5348 sui
2066 5309 2252 5348 necem
2308 5294 2361 5347 in
2411 5293 2621 5362 imperii
2671 5293 2842 5363 gloria
2891 5297 3220 5356 versaretur,
3268 5284 3627 5357 pulcherrimo

429 5394 561 5434 sane
599 5379 788 5434 ordine
826 5384 966 5434 ratio
1025 5381 1174 5449 regni
1236 5380 1484 5436 universa
1531 5382 1801 5435 utebatur.
1858 5379 1907 5435 ls
1959 5381 2274 5444 enimvero,
2315 5381 2458 5449 quod
2510 5396 2706 5434 nomen
2762 5380 2881 5448 ejus
2927 5377 3236 5443 indicabat,
3285 5374 3402 5430 Rex
3457 5385 3623 5441 regum

506 5555 616 5678 (90)
658 5555 791 5612 Huic
829 5537 1080 5626 Cregora:
1129 5556 1475 5626 patriarchm.
1527 5556 1766 5627 Gregorii
1816 5557 1978 5627 Magi-
2085 5557 2272 5612 Graeco
2305 5571 2553 5611 sermone
2584 5557 2964 5626 interpretatus
2993 5563 3106 5618 est,
3143 5553 3502 5621 Menologium
3530 5550 3622 5600 Ar-

506 5641 525 5678 Ἰ
593 5627 714 5678 ilio.
765 5634 1176 5678 cognomentum
1221 5627 1444 5678 adlimsit
1472 5625 1780 5678 Verraiaser.
1815 5629 1863 5678 id
1896 5637 1978 5678 est
2083 5628 2386 5678 meniacum
2422 5628 2615 5678 partim
2650 5627 2762 5678 inse
2788 5642 2882 5678 ner
2911 5643 2987 5678 se.
3021 5625 3214 5678 partim
3242 5622 3498 5676 mandato
3527 5630 3619 5672 suo

427 5622 525 5697 s_tri
577 5622 723 5697 filio,
765 5622 1176 5697 cognomentum
1221 5627 1444 5680 adhaesit
1472 5622 1780 5696 Vegaiaser,
1815 5629 1863 5680 id
1896 5622 1978 5680 est
2083 5628 2386 5697 meniacum
2422 5628 2615 5696 partim
2650 5622 2762 5694 ipse
2788 5642 2882 5695 per
2911 5643 2987 5688 se,
3020 5625 3214 5696 partim
3242 5622 3498 5676 mandato
3527 5630 3619 5672 suo

435 5691 885 5764 Martyrophilns',
939 5697 1062 5765 quia
1118 5705 1310 5765 praeter
1355 5697 1456 5749 alia
1515 5691 1680 5750 multa
1740 5712 1858 5765 qua:
1906 5697 1971 5750 de
2077 5691 2471 5752 conficiendum
2504 5691 2730 5750 curavit.
