3864 6182
218 243 301 305 on
805 234 1181 295 sunmus
1215 235 1570 298 ANIENSIS
1612 236 2000 297 summam
2041 234 2464 301 TEMPORUM
2507 242 2694 303 PARS
2728 243 2810 304 II.
3307 254 3412 310 mg

217 400 305 453 luit
341 399 464 463 (91).
503 396 682 464 Neque
723 394 1000 457 ingenium
1044 409 1290 450 moresve
1331 395 1504 466 patris
1544 396 1628 450 sui
1666 397 1956 452 zemulatus
1992 404 2115 463 est;
2158 401 2266 452 imo
2311 398 2445 452 adeo
2497 406 2602 452 tam
2652 401 2922 456 contraria
2972 406 3151 459 studia
3198 421 3308 476 prae
3347 422 3405 461 se

214 495 360 553 tulit,
415 500 467 543 ut
505 503 728 558 prorsus
769 485 1106 540 existimaret
1162 487 1293 540 nihil
1351 487 1591 557 iniquius
1616 527 1632 552 ,
1670 489 1802 543 nihil
1837 490 1958 558 paci
1993 497 2086 543 aut
2116 491 2338 545 omnino
2379 488 2628 546 humana:
2660 495 2782 549 vita:
2817 495 3196 554 adversantius
3240 499 3407 555 fuisse

214 601 356 656 illm“
389 583 550 653 Ρδιτίε
601 583 683 637 Sili
743 581 973 636 οοηδίίία
1012 591 1065 636 ει
1106 582 1433 637 V'Olunlales.
1481 582 1597 652 Ipse
1638 584 1804 654 igitur
1842 585 1978 640 bene
2018 586 2231 640 cunctis
2269 586 2580 655 dispositis,
2623 588 2907 656 prudentia
2939 589 3065 645 item
3097 606 3160 644 ac
3191 591 3406 645 fortitu-

213 683 324 738 dine
360 681 551 735 multos
592 693 744 749 reges
772 718 786 742 ,
843 683 895 731 et
938 681 1086 727 certe
1113 688 1334 737 omnes,
1386 673 1478 743 qui
1531 674 1792 728 memoria
1833 680 2018 729 nostra
2068 676 2434 739 exstiterunt,
2493 676 2847 745 praecellens,
2911 680 3045 734 nihil
3099 680 3403 750 impensius

214 778 469 848 satagebat
494 816 508 835 .
551 791 714 846 quam
756 783 815 828 ut
839 771 1145 842 justissime
1178 770 1421 836 viveret,
1461 770 1774 840 nominique
1804 771 2003 840 injuria
2040 781 2134 825 aut
2162 771 2416 840 superbia
2453 772 2716 827 molestus
2746 779 2910 826 esset.
2943 770 3083 836 Quin
3111 778 3165 824 et
3196 771 3409 825 liberali

214 873 361 927 animi
400 880 588 925 natura
630 869 891 939 praeditus
931 872 1049 920 erat
1076 905 1090 929 ,
1135 865 1355 950 altoque
1396 865 1594 919 mentis
1635 865 1866 920 consilio
1898 905 1912 929 ,
1954 872 2163 921 statura
2202 866 2438 934 denique
2476 865 2719 934 corporis
2759 881 2878 935 quae
2916 883 3092 937 regem
3132 865 3404 920 decebat:

215 976 344 1021 tanta
380 979 502 1020 vero
540 961 898 1018 mansuetudo
939 973 1258 1028 morumque
1299 958 1542 1014 suavitas
1585 959 1639 1012 in
1683 975 1747 1014 eo
1787 968 1905 1015 erat
1929 1003 1942 1024 ,
1976 968 2034 1014 ut
2067 960 2292 1015 mirifice
2322 961 2654 1029 diligeretur.
2685 958 2860 1026 Atque
2890 971 2990 1025 ego
3020 953 3236 1024 quidem
3264 967 3405 1006 none

214 1061 302 1115 nisi
341 1073 512 1129 regem
551 1056 819 1127 ejusmodi
857 1054 1112 1109 existimo
1165 1068 1289 1108 esse
1336 1052 1576 1108 divitem.
1619 1053 1720 1110 Hic
1759 1054 1911 1109 brevi
1951 1067 2192 1124 tempore
2231 1061 2502 1109 terrarum
2551 1053 2737 1107 orbem
2784 1059 2991 1104 tantum
3041 1061 3149 1101 non
3196 1045 3409 1099 univer-

211 1173 315 1213 sum
353 1156 560 1226 subegit
595 1174 607 1209 :
649 1169 772 1211 cum
811 1150 1003 1218 reliqui
1045 1165 1194 1220 reges
1235 1149 1317 1203 vel
1358 1156 1480 1219 post
1519 1149 1788 1204 diutinum
1827 1157 2040 1220 tempus
2083 1151 2162 1205 vel
2208 1163 2487 1219 nunquam
2533 1153 2684 1201 tanto
2726 1143 2954 1212 imperio
2979 1139 3138 1210 ροιὶτί
3180 1137 3408 1191 soleant.

213 1249 304 1301 Sed
353 1248 398 1302 is
447 1247 706 1301 nimirum
758 1243 1136 1300 benevolentia
1185 1243 1358 1313 magis
1408 1251 1461 1298 et
1511 1246 1766 1300 comitate
1813 1258 1975 1314 quam
2028 1244 2220 1315 bellica
2259 1244 2313 1314 vi
2352 1244 2623 1298 utebatur.
2678 1239 2797 1296 Jam
2840 1238 2886 1292 si
2930 1245 3040 1288 tam
3079 1232 3249 1286 multa
3301 1237 3413 1283 tam

213 1342 346 1396 brevi
384 1340 656 1404 obtinuit,
697 1338 939 1410 profecto
964 1380 977 1403 ,
1023 1338 1099 1390 uti
1141 1336 1415 1400 arbitror,
1472 1337 1715 1391 futurum
1754 1345 1873 1391 erat
1900 1377 1914 1400 ,
1959 1345 2017 1390 ut
2059 1351 2124 1392 ne
2163 1335 2378 1407 Europa
2416 1334 2634 1406 quidem
2686 1348 2716 1386 a
2768 1327 2918 1399 regni
2958 1326 3079 1397 ejus
3119 1323 3318 1376 ﬁnibus
3358 1335 3419 1375 se

212 1431 550 1494 subduceret,
593 1431 697 1487 nisi
739 1432 785 1486 is
824 1431 1092 1488 maturius
1130 1433 1237 1487 vita
1278 1433 1627 1489 excessisset.
1662 1451 1684 1486 ι
1724 1432 1850 1487 Hzec
1893 1432 2232 1488 Sarcavacus
2277 1433 2342 1488 de
2396 1432 2560 1501 hujus
2601 1429 2709 1484 vita
2763 1423 2970 1485 tradit,
3013 1417 3108 1490 qui
3146 1416 3306 1471 annis
3342 1428 3418 1467 xx

211 1524 498 1580 dominatus
538 1533 642 1582 est.
685 1527 806 1583 Mox
846 1544 947 1600 ego
986 1545 1106 1600 quae
1145 1528 1212 1584 de
1252 1529 1499 1599 ejusdem
1540 1537 1714 1586 morte
1752 1529 2045 1601 praedictus
2083 1529 2286 1585 Auctor
2324 1536 2552 1592 narrat,
2603 1526 2912 1582 subtexam.

1709 1681 1736 1704 ὁ

2572 1725 3397 1753 _____._____.__________._.

1139 1870 1334 1912 οιηιι.
1407 1869 1624 1910 οιιιιιετι
1698 1869 1889 1912 CONST.
2001 1869 2162 1911 PATR.
2289 1868 2424 1907 ,ωλι

2290 1938 2415 1977 ΑΒΗ.

1737 2059 1838 2112 Μὶ-
1983 2055 2190 2126 Grego-

1703 2128 1858 2182 cbael
2052 2142 2142 2181 ras

1137 2292 1628 2310 *Ψ-

1697 2412 1998 2471 MlCl-lAEL
2037 2411 2196 2466 annis
2233 2424 2349 2463 VIII.

1425 2590 1563 2646 1075
1776 2592 1801 2643 1
2054 2588 2088 2641 9
2300 2584 2404 2638 522

261 2783 402 2831 Anno
439 2788 575 2833 atra:
618 2787 763 2830 nun
804 2773 1019 2841 vigente
1071 2768 1498 2826 Sarracenorum
1552 2765 1839 2840 tyrannide
1875 2764 2116 2820 Ausinus
2157 2761 2267 2834 (92)
2311 2762 2571 2830 princeps
2619 2757 2900 2828 digressus
2951 2762 3034 2810 est
3083 2751 3422 2807 haereditaria

197 2869 383 2924 ditione
421 2881 532 2932 sua
569 2867 660 2922 cui
698 2881 893 2922 nomen
947 2863 1179 2919 Maireaz
1217 2863 1420 2919 Ciurcb
1443 2903 1458 2928 ,
1501 2872 1696 2918 contra
1739 2860 2046 2929 Ganzagam
2089 2857 2193 2912 sita
2217 2896 2231 2921 ,
2273 2853 2661 2910 comitantibus
2701 2851 2869 2929 fratre
2905 2849 3168 2920 Algamo,
3209 2853 3381 2900 matre
3406 2884 3421 2905 .

201 2959 414 3030 conjuge
465 2959 707 3029 aliisque
753 2972 964 3012 summa
1017 2956 1304 3012 nobilitate
1359 2957 1532 3024 viris,
1575 2964 1764 3011 avecta
1822 2955 1987 3009 etiam
2039 2952 2186 3007 omni
2229 2948 2604 3021 supellectile:
2649 2947 3034 3018 ingressusque
3070 2941 3313 2997 Ciliciam
3341 2981 3356 3004 ,
3395 2956 3426 2993 e

205 3052 623 3108 Sarracenorum
663 3058 932 3123 potestate
973 3051 1076 3104 sibi
1117 3049 1413 3104 vindicavit
1460 3050 1875 3106 celeberrimam
1916 3043 2308 3117 Lampruniam
2360 3056 2538 3096 arcem
2565 3080 2578 3105 ,
2621 3039 2688 3094 ad
2739 3033 2909 3089 Tauri
2960 3031 3160 3086 montis
3213 3029 3426 3084 radices

204 3140 283 3195 ubi
318 3151 372 3196 et
406 3139 622 3206 Tarsus
661 3140 996 3208 metropolis.

1431 3313 1568 3394 lng
1777 3312 1812 3394 ἓ
2556 3387 2583 3394 _
2625 3298 3286 3394 meinnskGregorasnpb
3323 3310 3426 3349 cu-

1429 3385 1568 3438 1077
1779 3383 1812 3434 5
2031 3381 2092 3434 11
2308 3374 2412 3431 5'24
2556 3372 2782 3426 randam
2841 3370 3103 3424 librarum
3162 3370 3428 3435 interpre-

1178 3438 1319 3504 464
1431 3452 1570 3508 1073
1780 3452 1816 3505 4
2030 3449 2098 3501 12
2309 3444 2416 3502 5'25
2559 3441 2820 3562 ta'etigaem
2894 3436 3426 3504 Constantinopolim

2567 3525 2760 3580 pergit.

267 3688 418 3741 Anno
456 3700 585 3740 serae
622 3699 762 3738 Dxxv
801 3680 1072 3755 Gaghicus
1110 3691 1205 3730 rex
1243 3675 1474 3731 Tarsum
1517 3675 1584 3730 ad
1624 3669 2006 3743 Apelgaripum
2044 3664 2421 3721 Armeniorum
2474 3664 2774 3735 principem
2817 3662 2918 3718 sibi
2962 3663 3426 3733 consanguineum

207 3791 258 3832 se
292 3778 524 3831 contulit
559 3794 573 3828 :
617 3790 742 3829 cum
782 3753 912 3830 vero
951 3773 1142 3844 pedem
1183 3771 1310 3826 inde
1349 3769 1576 3826 referret
1614 3783 1644 3822 a
1683 3766 1992 3821 Graecorum
2035 3761 2370 3832 principibus
2397 3773 2563 3830 pr0pe
2591 3756 2806 3826 Argiam
2836 3755 2889 3808 vi
2923 3753 3196 3824 appetitus
3236 3754 3429 3822 laqueo

208 3873 356 3925 vitam
398 3871 601 3926 ﬁnivit.
645 3870 751 3923 Alii
790 3842 968 3923 tamen
1010 3871 1199 3932 aiunt,
1241 3867 1386 3922 hunc
1418 3864 1693 3920 venationi
1734 3860 1978 3917 deditum
2017 3863 2070 3910 et
2110 3853 2249 3909 forte
2295 3851 2652 3906 dormientem
2703 3861 2734 3900 a
2778 3843 3133 3898 Mandalianis
3175 3842 3288 3913 (9⁸5)
3334 3855 3428 3894 ca-

208 3977 343 4038 ptum
381 3985 549 4033 esse;
593 3965 720 4037 exin
762 3965 983 4021 ductum
1023 3963 1078 4017 in
1118 3975 1296 4017 arcem
1351 3958 1808 4015 Candruscoriam
1853 3954 2037 4024 ibique
2083 3946 2450 4005 interfectum.
2501 3943 2578 3998 Eo
2639 3951 2847 3998 terrore
2898 3937 3190 3994 exanimati
3234 3935 3422 4004 reliqui

205 4034 463 4136 principes
502 4034 887 4118 Armeniorum
925 4059 1048 4131 fuga
1088 4058 1284 4127 dilapSI
1321 4065 1473 4112 sunt.
1517 4054 1592 4108 Ex
1629 4055 1822 4108 horum
1869 4061 2049 4106 tamen
2089 4058 2319 4099 numero
2357 4041 2611 4114 princeps
2650 4038 2872 4108 quidam
2920 4034 3146 4106 Gaghici
3196 4045 3426 4088 consan-

208 4157 461 4226 guineus,
520 4154 742 4208 nomine
795 4151 1054 4207 Ruhenus
1107 4151 1260 4220 (91),
1315 4149 1406 4220 qui
1458 4147 1806 4203 Causitarum
1857 4157 2037 4196 arcem
2091 4139 2344 4201 tenebat,
2382 4138 2598 4206 cognita
2639 4130 2866 4202 Gaghici
2906 4143 3077 4192 nece,
3119 4141 3242 4181 cum
3281 4126 3427 4179 omni

206 4221 354 4301 domo
389 4262 492 4302 sua
533 4245 592 4299 in
629 4243 873 4314 Phrygia:
907 4250 1086 4311 partes
1122 4241 1414 4311 migravit,
1457 4237 1823 4308 oppidumque
1861 4230 2224 4287 Colmesolum
2264 4226 2480 4282 insedit.
2541 4224 2638 4279 llis
2689 4225 2829 4278 forte
2866 4223 2921 4276 in
2961 4221 3236 4276 montibus
3275 4233 3427 4272 coms

211 4339 381 4406 plures
417 4337 693 4408 degebant
732 4309 1069 4388 Armeniaca:
1106 4309 1282 4400 gentis
1323 4329 1544 4392 coloni,
1585 4325 1785 4397 quibus
1809 4324 1910 4378 Sibi
1939 4321 2232 4392 praeclarus
2269 4316 2584 4386 Rhupenius
2616 4312 2888 4383 adjunctis
2917 4319 2970 4368 et
2994 4311 3128 4368 satis
3165 4309 3431 4365 θοι-ποιέοι

209 4441 348 4488 ratus
385 4438 706 4487 montanam
748 4443 1022 4500 regionem
1062 4426 1228 4481 armis
1264 4425 1479 4488 tenuit,
1522 4423 1806 4493 pulsisque
1846 4418 2051 4473 Graecis
2077 4456 2092 4481 ,
2136 4430 2324 4471 eorum
2363 4411 2556 4481 oppida
2594 4404 2839 4464 incoluit.

1433 4598 1570 4652 l079
1785 4597 1818 4650 5
2033 4593 2099 4646 15
2314 4586 2416 4642 526

1431 4668 1570 4721 1080
1782 4666 1814 4717 6
2031 4661 2098 4715 14
2311 4657 2413 4711 527

1434 4737 1565 4790 test
1741 4795 1747 4800 _
1787 4735 1816 4786 7
2029 4732 2096 4800 15
2311 4727 2414 4800 ses

1188 4793 1330 4858 465
1436 4806 1573 4860 1082
1741 4795 1747 4800 ’
1785 4804 1819 4857 8
2030 4799 2097 4852 16
2309 4794 2414 4848 529

277 4995 548 5067 Georgius
582 5003 636 5067 et
667 4994 978 5065 Stephanus
1007 4991 1106 5046 do-
1738 4977 2040 5054 ALEXIUS
2081 4979 2238 5031 annis
2277 4986 2508 5027 xxxvm.

215 5075 389 5121 ctores
427 5065 662 5136 scriptis
711 5067 985 5133 rebusque
1011 5077 1106 5131 ge-

218 5139 309 5190 stis
334 5137 668 5190 clarescunt.
1447 5116 1582 5175 1085

902 5077 985 5133 ¹¹¹θ
1011 5077 1106 5131 ⁸⁰“
1447 5116 1582 5175 1085
1798 5115 1820 5167 ι
2046 5110 2112 5164 17
2323 5105 2428 5160 550

287 5381 396 5449 (91)
420 5379 610 5434 Πινιὶεῆ
638 5380 866 5433 Arabice
896 5396 1005 5442 rex,
1039 5377 1218 5432 schiah
1249 5375 1465 5432 Persice
1496 5372 1624 5426 item
1655 5384 1774 5424 rex.
1893 5448 1896 5449 ν
1955 5364 2066 5449 (95)
2097 5352 3018 5449 blanditiesﬂagitamus-quidam
3045 5348 3428 5449 pateria‘milias

225 5423 353 5503 “ibe
382 5423 725 5504 'Sarcavacus
739 5423 1005 5503 iééit'r'e}
1035 5423 1231 5504 Em;
1250 5423 1270 5429 ’
1293 5423 1462 5432 "m'
1659 5423 1663 5424 ν
1691 5423 1694 5424 7
1883 5423 1986 5504 aut
2005 5423 2322 5504 prmlectus.
2347 5429 2503 5504 cujus
2530 5428 2622 5504 lilii
2647 5436 2740 5484 aut
2764 5423 3020 5484 satellites
3046 5423 3153 5480 dici
3176 5423 3427 5479 videntur

292 5500 412 5588 (ἐξ)
429 5500 556 5573 in};
575 5500 1076 5574 Ansi‘nu‘s—Nersem
1091 5500 1603 5588 Lampruniensetn
1617 5508 1779 5563 Tarsi
1887 5519 1916 5556 a
1955 5500 2592 5588 ﬁmu'e‘lelﬂandqtiani.‘

1967 5571 2074 5641 (94)
2122 5571 2376 5626 Rubenus
2409 5567 2674 5641 dynastis:
2699 5564 3118 5624 Rubeniensium
3151 5569 3361 5618 auctor.
