3908 6174
455 212 561 275 543
1391 206 1773 272 APPENDIX
1817 205 1914 267 AD
1953 208 2258 271 EUbEBlI
2299 211 2752 278 CHRONICON.
3529 234 3610 296 011

679 369 3586 397 W

1466 485 1658 526 οιηςι.
1735 485 1946 526 CHRISTI
2020 485 2209 526 CONST-
2320 484 2476 540 ιδῃ-ιι.
2587 485 2719 524 ,ειυς

2575 556 2702 595 ABI.

1971 695 2192 752 Alexius
2267 695 2498 752 Basilius

1436 862 1641 877 *-
1710 861 1764 874 ‘-
1780 861 1920 878 νὼ
1991 863 2196 876 ..α-ι*
2269 864 2475 878 *σ--ο
2553 866 2752 878 --—.

2218 1011 2542 1104 ΒΑειιίψξ-
2569 1016 2728 1072 annis
2798 1013 3166 1104 “Aliastincotor
3199 1017 3405 1104 domino
3427 1020 3624 1104 gregem

2393 1100 2567 1142 xuii.
2797 1085 3130 1142 Pahlavunio
3151 1091 3399 1144 successit
3416 1085 3624 1148 dominus

2787 1154 3018 1211 Basilius
3071 1159 3272 1213 sororis
3318 1159 3425 1226 ejus
3473 1159 3624 1226 ﬁlius,

1734 1223 1880 1299 Ψὲἑ
2084 1223 2119 1299 ἓ
2331 1224 2358 1299 1
2575 1223 2671 1299 ἓξὲξ
2785 1241 2945 1299 quem
3036 1232 3192 1299 amca
3227 1243 3277 1299 ,ε

2084 1223 2119 1299 3
2331 1224 2358 1299 1
2575 1223 2671 1299 §§i
2785 1241 2945 1299 quem
3036 1232 3192 1299 antea
3227 1223 3627 1299 _consecraverat

1733 1241 1874 1377 ἓξὲξ
2083 1241 2119 1377 Ξ
2327 1241 2364 1377 ἒ
2784 1241 3192 1377 ἓὲἒῗηυεέῗιξέἒ
3217 1244 3276 1377 6.1

2084 1241 2119 1276 ’Ζ
2332 1241 2356 1277 ι
2575 1241 2671 1277 θοι
2824 1241 2945 1281 uem
3036 1241 3192 1281 antea
3267 1241 3625 1284 consecraverat

2083 1294 2118 1377 ξι
2327 1293 2364 1377 ἓ
2784 1241 3180 1377 geminusipse
3217 1296 3488 1377 Gregorius
3522 1299 3625 1352 dum

1486 1369 1626 1437 466
1733 1363 1871 1447 1ρὲίὲ
2083 1363 2117 1447 ἑ
2328 1363 2362 1447 ἕ»
2574 1362 2677 1447 ἓΞὲ
2785 1365 3029 1447 ﬁeri“!

2328 1363 2362 1447 ζ»
2785 1365 2954 1447 iterin
2979 1362 3193 1447 calet-as
3217 1362 3394 1447 plagas
3409 1367 3626 1422 librorum
3722 1438 3724 1443 ι

1730 1432 1871 1486 1087
2083 1430 2117 1486 5
2325 1434 2361 1486 4
2572 1430 2677 1486 554
2785 1430 3625 1507 interpretandoritm'aliorumque

1727 1501 1869 1575 1081}
2081 1501 2116 1575 ρ
2327 1503 2362 1575 εξ
2571 1501 2677 1575 ξξξξ
2787 1506 3125 1574 negotiorum
3167 1519 3328 1559 causa
3355 1512 3562 1575 pararet.

1471 1604 1610 1670 46.1
1731 1571 1868 1624 1089
2087 1571 2117 1622 7
2329 1573 2361 1624 6
2572 1569 2677 1651 556

1732 1640 1868 1694 1090
2081 1640 2114 1691 8
2331 1641 2361 1692 7
2571 1641 2677 1694 557

539 1712 821 1768 Horrenda
861 1713 1040 1767 fames
1094 1711 1366 1783 regionem
1730 1711 1862 1783 1001
2056 1710 2114 1783 ⁸ξ)
2327 1710 2360 1783 δ
2573 1708 2677 1783 ξξο

465 1791 711 1836 nostram
749 1783 1020 1842 vastavit,
1065 1778 1188 1835 curii
1221 1781 1370 1835 vidc-
1565 1818 1570 1822 τ
1731 1779 1867 1834 1092

1138 1778 1188 1834 [ᾖ
1221 1781 1370 1835 vidc-
1565 1818 1570 1822 -
1731 1779 1867 1834 1092
2047 1779 2114 1832 10
2325 1780 2357 1832 9
2574 1778 2677 1834 559

461 1854 584 1906 livet
627 1851 925 1906 sceleﬁbus
957 1852 1158 1907 nostris
1180 1866 1369 1905 cumu-
1479 1848 1617 1916 468
1728 1848 1867 1903 1095

2087 1849 2105 1902 1
2293 1851 2360 1902 10
2570 1847 2674 1902 540
2815 1881 2821 1884 -
2852 1849 2962 1904 Hoc
2989 1865 3132 1904 anno
3163 1850 3502 1906 Melichsahus
3534 1849 3630 1904 Sul-

457 1927 542 1976 lus
573 1932 716 1976 esset
745 1921 1055 1990 impositus.
1728 1919 1866 1972 1094

1728 1919 1866 1972 1094
2045 1917 2112 1972 12
2291 1919 2348 1972 il
2570 1917 2666 1971 541
2781 1927 2941 1974 tanus
2968 1921 3124 1974 obiit.

523 2121 635 2189 Age
681 2134 811 2174 vero
851 2117 1108 2188 quoniam
1159 2103 1799 2187 regnante'Melichsaho
1848 2130 1981 2185 pace
2030 2116 2189 2171 orbis
2241 2117 2529 2172 universus
2581 2117 2989 2188 pmsertimque
3037 2116 3296 2172 Armenia
3342 2117 3498 2186 potita
3538 2124 3634 2179 est,

450 2213 540 2266 eui
583 2211 800 2282 quidem
839 2209 1150 2280 superiores
1189 2208 1407 2280 tyranni
1447 2209 1704 2277 poculum
1743 2207 1963 2263 exitiale
2003 2207 2190 2262 tandiu
2231 2209 2696 2278 prepinaverant;
2738 2209 2887 2264 lubet
2924 2211 3092 2264 verba
3130 2209 3429 2264 laudatoria
3477 2208 3636 2278 praedi.

450 2301 524 2354 cti
564 2300 749 2354 eximii
788 2300 1031 2356 doctoris
1072 2299 1346 2353 ascribere
1371 2339 1387 2364 ,
1427 2297 1519 2368 qui
1561 2296 1853 2351 admodum
1891 2297 2223 2352 elaboratam
2263 2299 2643 2369 prolixamque
2679 2299 2979 2354 orationem
3021 2314 3218 2356 rursus
3256 2298 3470 2361 scribit,
3517 2303 3637 2366 post-

451 2409 612 2462 quam
652 2392 860 2447 scilicet
892 2407 978 2446 res
1014 2390 1245 2446 viventis
1283 2390 1514 2444 absolvit
1553 2390 1633 2444 sic
1668 2389 1911 2460 ejusdem
1944 2389 2154 2444 obitum
2194 2404 2446 2444 narrans.
2482 2408 2500 2441 ι
2527 2389 2684 2444 Anno
2721 2405 2841 2445 tera:
2875 2405 3000 2443 om
3044 2405 3334 2460 supremus
3365 2387 3635 2443 Melichsahi

449 2485 737 2539 Persarum
780 2486 924 2554 regis
971 2484 1296 2538 administer
1343 2485 1564 2539 occisus
1609 2493 1734 2547 est,
1787 2484 1947 2552 cujus
1994 2498 2190 2538 nomen
2241 2483 2492 2539 iiasanus
2521 2524 2534 2547 ,
2589 2485 2880 2555 dignitatis
2930 2492 3107 2538 autem
3161 2483 3348 2538 titulus
3388 2483 3636 2537 Vezrucius

445 2578 676 2648 (:hogia.
720 2576 857 2630 Octo
896 2585 1078 2631 autem
1114 2585 1170 2632 et
1206 2577 1397 2646 viginti
1436 2583 1558 2647 post
1597 2575 1713 2630 dies
1754 2575 1868 2644 ipse
1907 2590 2124 2644 quoque
2177 2575 2542 2630 Melichsahus
2589 2576 2797 2630 interiit
2851 2589 3060 2630 veneno
3088 2614 3102 2636 ,
3155 2581 3218 2628 ut
3267 2574 3403 2626 fama
3444 2580 3551 2636 est,
3585 2572 3638 2624 ab

451 2681 620 2721 uxore
658 2674 950 2735 corruptus
979 2684 992 2719 :
1036 2667 1120 2719 vir
1156 2666 1211 2719 in
1247 2681 1437 2720 onmcs
1473 2666 1770 2720 benevolus
1809 2675 1972 2736 atque
2009 2665 2331 2722 mitissimus
2357 2705 2372 2731 ,
2405 2667 2456 2720 in
2502 2666 2845 2721 Christianos
2892 2675 3072 2719 autem
3104 2679 3275 2734 prope
3313 2662 3634 2731 singulariter.

447 2758 623 2827 Ilujus
660 2757 867 2813 obitum
906 2757 1244 2814 incredibilis
1281 2760 1521 2814 omnium
1561 2759 1803 2829 gentium
1844 2759 2182 2829 perturbatio
2221 2768 2518 2815 consecuta
2569 2768 2655 2814 est
2691 2775 2791 2830 per
2828 2759 3278 2830 quadriennium.
3313 2755 3439 2810 Nam
3467 2764 3517 2811 et
3548 2754 3637 2808 ira.

445 2861 531 2906 ter
569 2851 836 2909 Dedusius
874 2860 927 2908 et
966 2853 1108 2908 ﬁlius
1147 2852 1552 2909 Becbiaruchus
1594 2853 1678 2909 bis
1720 2852 1877 2910 annis
1917 2855 2056 2910 bella
2087 2856 2295 2912 cientes
2326 2871 2489 2912 omne
2525 2871 2697 2927 genus
2726 2847 3128 2910 institutionum
3161 2854 3422 2909 bonaer
3449 2851 3636 2906 subver-

451 2953 667 3010 terunt,
707 2945 832 3000 dum
874 2955 1066 3002 neuter
1100 2962 1270 3018 regno
1309 2947 1536 3002 ﬁrmiter
1569 2950 1860 3018 potiretur.
1921 2949 2159 3021 Sanguis
2201 2952 2420 3007 interim
2463 2949 2786 3006 torrentium
2839 2949 3018 3004 instar
3067 2948 3325 3004 manabat
3361 2960 3462 3002 non
3495 2945 3638 3000 solum

447 3032 619 3090 Marte
654 3037 980 3091 certantium
1006 3077 1022 3102 ,
1066 3054 1254 3093 verum
1293 3041 1456 3094 etiam
1497 3041 1676 3095 omnis
1716 3042 1924 3096 ordinis
1964 3042 2163 3098 civium
2203 3051 2258 3098 et
2295 3043 2752 3114 provincialium:
2797 3051 2991 3112 praeter
3028 3041 3168 3097 alias
3219 3053 3477 3096 aerumnas
3508 3034 3639 3091 famis

443 3134 611 3196 atque
647 3127 1050 3196 captivitatum.
1092 3125 1184 3182 Sic
1222 3129 1478 3182 nimirum
1516 3128 1748 3185 felicitas
1785 3144 1910 3183 cum
1952 3130 2062 3185 vita
2100 3131 2246 3202 regis
2283 3133 2441 3201 pulsa
2479 3139 2604 3186 est:
2648 3131 2715 3184 ad
2756 3143 2918 3200 quem
2957 3129 3179 3198 quidem
3238 3143 3479 3184 curarum
3515 3137 3641 3195 rega-

439 3221 576 3273 “lium
614 3221 768 3276 labor
806 3222 1187 3291 pertinuerat;
1229 3220 1296 3276 ad
1336 3222 1471 3278 alios
1509 3237 1640 3278 vero
1679 3222 1797 3278 sive
1833 3224 2125 3291 optimates
2169 3226 2283 3281 sive
2317 3224 2561 3296 plebeios
2602 3224 2813 3280 fructus
2867 3239 3056 3278 earum
3091 3232 3148 3280 et
3196 3223 3532 3280 commoditas
3571 3233 3640 3274 re-

447 3313 827 3381 dundaverat,
867 3313 992 3368 vitae
1027 3328 1222 3384 nempe
1258 3315 1566 3381 securitas,
1606 3330 1790 3369 rerum
1829 3315 2053 3371 ubertas
2108 3317 2488 3385 malorumque
2540 3316 2810 3387 depulsio.
2869 3315 2919 3371 Is
2975 3315 3111 3370 adeo
3168 3324 3380 3386 gentem
3431 3320 3638 3369 nostram

449 3399 678 3465 dilexit,
719 3409 778 3454 ut
815 3414 1008 3470 preces
1045 3407 1362 3470 exposceret
1399 3415 1464 3456 ac
1500 3401 1958 3457 benedictiones:
2000 3401 2161 3472 cujus
2195 3404 2272 3458 rei
2307 3419 2476 3460 causa
2518 3404 2884 3474 patriarcham
2917 3419 3134 3475 quoque
3164 3405 3233 3460 ad
3275 3405 3448 3459 aulam
3481 3415 3639 3458 accer-

447 3491 594 3548 sivit.
635 3490 813 3562 Atque
852 3491 1058 3546 utinam
1092 3487 1162 3545 ad
1195 3489 1504 3547 Christiana
1535 3505 1695 3546 sacra
1727 3508 2015 3562 moresque
2043 3495 2363 3552 transisset!
2398 3516 2415 3548 ι
2447 3495 2658 3566 Imperii
2691 3495 2811 3563 ejus
2842 3495 3000 3552 sedes
3031 3496 3324 3566 Aspahana
3363 3496 3499 3564 fuit,
3533 3480 3654 3565 qua.

443 3582 763 3652 metropolis
795 3580 1088 3638 Persarum
1127 3589 1248 3647 est,
1292 3579 1602 3650 ibidemque
1641 3579 1808 3633 vitam
1848 3579 2138 3635 conclusit.

1683 3815 1822 3870 {095
1998 3818 2070 3872 ‘13
2247 3819 2314 3872 12
2524 3821 2629 3874 552

1688 3885 1822 3940 1096
2001 3887 2066 3941 14
2245 3889 2312 3943 15
2523 3888 2628 3946 5ιὸ
2824 3889 3138 3948 Revolvitur
3191 3908 3231 3966 c3

2245 3889 2312 3943 15
2523 3888 2628 3946 5ιὸ
2824 3889 3138 3948 Revolvitur
3191 3894 3376 3966 cyclth
3411 3893 3639 3965 quingen-

512 4025 912 4086 Conslantinus
943 4026 1193 4097 princeps
1233 4042 1335 4082 no-
1689 4024 1831 4097 10οἸ
2005 4027 2055 4083 il

2253 4027 2318 4082 ut
2524 3990 2631 4084 Su
2755 3961 3370 4088 {03335113313352
3375 4001 3398 4094 ’,
3427 4027 3638 4087 ratus.

439 4093 1018 4173 ster,_Rubeniﬁliu's,
1046 4093 1217 4152 eﬁ'usa
1249 4099 1343 4152 hu-
1442 4097 1584 4169 469
1691 4093 1828 4173 ξρρξ

2252 4097 2323 4173 15³]
2533 4098 2638 4173 ξᾷξ
2747 4099 3247 4173 nae,_ﬁn_itimaaque
3278 4093 3506 4173 regionis
3531 4111 3635 4155 rex.

442 4171 706 4224 manitate
757 4167 1058 4242 Romanam
1117 4175 1334 4242 genter-
1468 4163 1574 4169 ’⁷⁷
1689 4163 1827 4219 1099
2005 4167 2072 4220 17
2258 4166 2324 4221 16
2535 4167 2638 4223 546
2736 4163 2936 4242 praelio
2963 4163 3299 4242 interimitur
3317 4163 3637 4242 Kspahanata

442 4249 766 4310 prosecutus
793 4278 809 4304 ,
857 4239 1062 4294 honore
1094 4238 1334 4293 vicissim
2735 4238 3106 4306 Becbiarucho
3135 4254 3282 4296 anno
3303 4238 3425 4296 aeri
3448 4249 3610 4292 nun.

439 4320 669 4366 ornatus
700 4317 803 4366 εει.

511 4510 738 4567 Romani
777 4526 875 4582 per
910 4510 1198 4566 Thraciam
1235 4512 1290 4566 in
1328 4510 1512 4567 Asiam
1551 4510 1968 4574 transmittunt,
2013 4517 2072 4563 ut
2115 4508 2439 4580 Scytharum
2468 4548 2484 4573 ,
2527 4509 2814 4566 Persarum
2854 4519 3016 4582 atque
3051 4510 3445 4566 Saracenorum
3473 4505 3635 4560 adver-

433 4623 536 4664 sus
571 4605 908 4662 Christianos
938 4605 1166 4676 injurias
1194 4606 1366 4660 ultum
1394 4612 1539 4661 eant.
1571 4603 1826 4658 Plurimis
1855 4610 2036 4658 autem
2060 4603 2422 4660 incommodis
2466 4605 2772 4661 aiiictuntur
2813 4622 2843 4660 a
2883 4605 2993 4662 ﬁlio
3047 4605 3264 4660 Satanae
3300 4601 3480 4659 Alexio
3512 4597 3637 4652 Gre:-

436 4715 628 4756 corum
669 4701 722 4753 in
759 4699 891 4754 urbe
917 4697 1516 4769 Constantinopolitana
1536 4695 1812 4768 regexiiic
1849 4696 2046 4766 partim
2074 4699 2312 4764 arcanis,
2347 4701 2544 4768 partim
2573 4701 2880 4757 manifestis
2911 4701 3126 4756 insidiis
3148 4740 3164 4766 ,
3193 4697 3470 4754 mortifero
3497 4693 3635 4748 etiam

433 4795 559 4851 cibo
595 4796 987 4866 grassabatur:
1026 4803 1146 4849 tum
1186 4793 1354 4849 iidem
1397 4793 1534 4848 mari
1574 4805 1912 4861 suorumque
1950 4791 2171 4847 ducatui
2221 4793 2460 4863 pessimo
2516 4795 2749 4850 artiﬁcio
2784 4796 3069 4852 commissi
3106 4793 3449 4865 signiﬁcabat
3483 4793 3636 4843 astute

434 4883 685 4942 barbaris
716 4902 821 4956 qua
850 4887 1058 4941 ratione
1087 4892 1429 4956 caperentur.
1456 4881 1581 4937 Haec
1609 4881 1868 4937 Dominus
1911 4881 2206 4951 aliquando
2237 4883 2535 4938 ulciscatur
2559 4885 2572 4938 l
2607 4885 2873 4954 siquidem
2912 4885 3002 4940 hic
3029 4885 3192 4938 homo
3221 4885 3451 4951 itemque
3488 4885 3635 4932 mater

430 4981 558 5051 ejus
585 5021 601 5048 ,
645 4982 722 5036 uti
763 4996 828 5036 ex
873 4981 1059 5037 multis
1100 4981 1430 5043 audivimus,
1466 4975 1785 5032 Christiano
1818 4976 1927 5030 ritu
1962 4977 2121 5031 alieni
2156 4984 2329 5031 erant.
2368 4975 2420 5030 ld
2457 4977 2618 5032 etiam
2651 4978 2989 5034 Sarcavacus
3033 4977 3226 5034 doctor
3254 4975 3632 5030 commemorat.

499 5175 736 5236 Romani
780 5178 1151 5254 Hierosolyma
1188 5186 1238 5240 vi
1279 5185 1568 5240 Saracenis
1613 5185 1854 5256 eripiunt
1911 5183 2066 5242 caesis
2111 5183 2348 5239 hostium
2382 5185 2662 5256 sexaginta
2703 5187 2941 5256 quinque
2980 5185 3217 5241 millibus
3265 5185 3320 5239 in
3359 5182 3564 5253 templo,
3590 5187 3634 5231 et

437 5267 688 5342 pimibus
712 5273 889 5328 adhuc
927 5275 981 5329 in
1018 5275 1170 5331 urbe.
1205 5275 1463 5332 Dominus
1502 5275 1806 5332 Vahramus
1846 5277 2158 5332 versabatur
2191 5273 2581 5346 Hierosolymis
2611 5277 2738 5331 dum
2772 5277 2902 5332 urbs
2934 5277 3248 5347 capiebatur
3271 5273 3399 5346 (90).

510 5490 621 5563 (ἓξ)
663 5489 857 5563 Becole
883 5491 947 5546 ad
980 5507 1067 5546 an.
1103 5493 1169 5546 10
1197 5507 1316 5548 aerze
1343 5494 1489 5548 Arm.
2101 5493 2304 5563 ricope.
2347 5493 2499 5549 Latet
2533 5501 2710 5549 autem
2750 5494 2805 5550 in
2834 5495 3021 5552 eadem
3057 5495 3343 5562 mendum;
3376 5505 3492 5547 nam
3511 5485 3628 5542 Gro-

505 5559 622 5630 (96)
664 5559 1007 5617 Desideratur
1037 5563 1091 5616 in
1126 5563 1417 5618 vetustiore
1442 5563 1734 5633 exemplari
1763 5563 1876 5618 inec
1901 5577 1992 5634 pe-
2097 5559 2256 5633 goras
2291 5563 2590 5620 Vahramus
2629 5572 2753 5620 ante
2781 5579 2956 5622 annos
2983 5581 3072 5622 xvi
3101 5568 3208 5624 vita
3229 5559 3543 5621 excesserat-
