3864 6182
405 186 506 250 647
1335 186 1717 248 ΑΓΓΕΝΟΙΧ
1757 186 1854 244 AD
1891 186 1931 242 E

2056 185 2206 243 ΕΒΗ
2268 183 2732 246 CllllONICON.
3494 185 3582 252 618

1361 435 1551 473 ΟΗΙΡ.
1630 434 1842 473 CllRlSTl
1923 433 2112 472 CONST.
2196 433 2372 483 .PATR.
2515 433 2646 470 ΕΒΑ-Ξ

2507 501 2633 540 ARN.

1941 555 2094 635 Qalo-
2199 553 2404 632 Grego-

1946 639 2098 691 joan-
2248 639 2363 676 rtus

1982 708 2079 747 nes

1351 820 1555 832 .——_
1625 818 1760 829 ~—
1767 818 1830 826 —
1905 814 2112 826 —————
2183 812 2315 825 ——
2322 817 2391 826 _
2461 816 2666 827 ..ιρι-.-

1989 899 2470 955 CALOJOANNES
2497 901 2571 972 (1)
2604 901 2742 956 haud
2777 902 2966 972 paucis
3004 902 3162 958 annis
3187 905 3437 975 regnavit.

1687 1065 1810 1118 “~24
1909 1091 1914 1095 ς
2039 1063 2060 1134 1
2314 1061 2346 1134 (ξ
2525 1061 2628 1134 .568
2703 1131 2733 1134 __
2770 1061 3276 1134 ExstinctoAlexio
3325 1075 3500 1134 regnat
3535 1064 3588 1120 ii-

482 1135 738 1191 Praelium
765 1142 917 1218 atrox
951 1134 1326 1218 Carm‘iroviti-
1400 1138 1536 1207 475
2030 1131 2069 1218 ἓ
2316 1131 2347 1218 Ζ
2701 1131 2822 1218 liu'sL
2840 1132 3366 1218 ejuseralojoat't‘nes.

405 1222 556 1270 eum,
595 1223 702 1276 quo
753 1207 926 1286 victus
959 1213 1040 1260 est
1088 1203 1326 1284 Franco-
1421 1198 1436 1206 ’
1462 1198 1474 1207 ’
1500 1198 1529 1206 ⁷
1687 1202 1826 1256 1125
2034 1201 2067 1251 5
2315 1198 2348 1253 8
2513 1201 2630 1275 .570
2735 1199 3051 1280 .lberorum
3091 1198 3187 1281 rex
3217 1199 3381 1254 David
3425 1200 3598 1283 Elcha-

411 1291 531 1348 rum
554 1286 614 1348 _et
650 1276 1023 1348 Armeniorum
1057 1281 1326 1348 exercitus
2031 1267 2072 1348 ξ
2703 1284 2842 1348 ιιιι-εη
2866 1269 3230 1348 e_t‘Melcb_t_ut_n
3257 1270 3406 1326 clade
3433 1270 3595 1348 afﬁcn.

411 1344 602 1399 fraude
631 1359 939 1414 procerum.
969 1342 1123 1397 Tunc
1147 1351 1201 1414 et
1230 1341 1332 1395 Ro-
1684 1339 1824 1414 ﬁgi}

2284 1338 2350 1414 to
2529 1337 2631 1414 ξ’ξὲ
2775 1337 2946 1394 David
2975 1355 3071 1396 rex
3098 1338 3354 1394 Teﬁisum
3384 1342 3536 1409 capit.
3619 1385 3629 1414 ί.

411 1414 591 1483 gerius
632 1404 962 1483 'Antioebiae
1007 1412 1330 1483 praefectus
1403 1415 1542 1482 [αδ
1687 1408 1823 1462 1126

2285 1407 2342 1461 ll
2527 1407 2632 1471 57s
3448 1404 3465 1409 ·
3614 1409 3621 1476 ε

414 1480 582 1537 multo
622 1497 746 1537 cum
788 1482 954 1537 milite
989 1480 1331 1536 desideratus

408 1559 514 1606 est.

485 1729 884 1794 lncursionum,
933 1729 1268 1799 rapinarum,
1300 1725 1586 1780 exitiorum
1632 1732 1685 1779 et
1728 1723 1984 1788 cladium,
2024 1723 2224 1793 quibus
2265 1723 2401 1778 lberi
2431 1724 2676 1778 certatim
2717 1722 3083 1792 Saracenique
3122 1723 3451 1792 provinciam
3474 1724 3606 1778 Ani:

409 1819 700 1882 vexabant,
734 1818 942 1886 pertaesi
973 1817 1207 1887 denique
1233 1815 1382 1868 Aniae
1406 1815 1558 1870 urbis
1583 1813 1915 1883 Siraciaaque
1953 1813 2192 1884 regionis
2222 1814 2434 1881 incolae,
2461 1821 2520 1868 ut
2555 1813 2694 1868 hanc
2726 1827 2756 1866 a
2789 1829 2849 1870 se
2870 1813 3161 1884 procellam
3185 1813 3523 1882 depellerent,
3549 1813 3606 1868 ad

415 1905 634 1961 Davidis
667 1905 945 1959 lberorum
984 1905 1127 1973 regis
1175 1902 1482 1957 clientelam
1513 1901 1807 1972 confugere
1851 1902 2226 1957 decreverunt.
2281 1901 2447 1972 Igitur
2479 1903 2822 1971 conjuratum
2867 1911 2950 1958 est
2983 1903 3244 1958 adversus
3275 1903 3607 1972 Apelsuarum

416 1997 668 2061 amiram,
705 1994 966 2050 Manuciei
1004 1995 1191 2060 ﬁlium,
1226 1996 1316 2064 qui
1355 1995 1624 2050 exstincto
1651 1992 1790 2063 patri
1820 1993 1872 2046 in
1909 1991 2060 2047 Aniae
2096 1993 2434 2047 dominatum
2468 2001 2849 2060 successerat;
2895 1991 3060 2047 David
3093 2001 3276 2049 autem
3317 2008 3408 2047 rex
3443 2001 3609 2062 paten-

415 2088 560 2142 tibus
609 2089 776 2157 portis
823 2088 877 2141 in
917 2088 1105 2142 urbem
1139 2095 1426 2158 receptus:
1464 2103 1572 2157 quo
1619 2087 1699 2142 sic
1727 2093 1946 2156 repente
1985 2087 2336 2156 introgresso,
2391 2101 2550 2142 nemo
2590 2087 2715 2142 vitae
2765 2087 3146 2142 detrimentum
3195 2102 3393 2157 passus
3429 2095 3523 2142 est.
3569 2085 3610 2141 Is

412 2187 631 2248 captum
661 2194 784 2231 cum
831 2177 952 2233 ﬁliis
984 2177 1342 2247 Apelsuarnm
1379 2180 1432 2232 in
1464 2177 1689 2233 lberiam
1719 2192 1905 2232 secum
1941 2177 2141 2243 avexit,
2173 2177 2400 2247 locoque
2438 2177 2574 2232 adeo
2603 2178 2877 2248 pestilenti
2907 2177 3182 2246 deposuit,
3216 2187 3276 2232 ut
3305 2177 3450 2232 brevi
3481 2184 3612 2246 pater

413 2283 538 2322 cum
571 2268 753 2323 liberis
787 2269 994 2322 duobus
1021 2269 1259 2338 perierit.
1299 2269 1514 2323 Interim
1575 2283 1699 2323 cum
1742 2267 1898 2322 fortis
1927 2283 2142 2337 quoque
2176 2266 2342 2321 David
2375 2275 2582 2322 natura:
2615 2267 2999 2332 concessisset,
3031 2266 3218 2322 Iberia:
3248 2272 3466 2338 regnum
3498 2267 3613 2322 adiit

417 2361 719 2416 Demetrius
751 2362 992 2429 ejusdem
1025 2362 1184 2428 ﬁlius,
1213 2363 1360 2416 omni
1399 2363 1559 2417 laude
1591 2361 1851 2431 juvenilis
1879 2361 2182 2431 disciplinae
2211 2361 2699 2417 cumulatissimns.
2731 2359 2870 2414 Tum
2912 2375 3042 2415 vero
3074 2360 3377 2415 Phatlunus
3405 2359 3613 2413 ﬁliorum

417 2456 697 2525 Apelsuari
723 2464 850 2508 natu
879 2456 1170 2513 maximus.
1201 2457 1291 2525 qui
1327 2457 1513 2510 tandiu
1542 2455 1682 2526 apud
1707 2469 1958 2524 magnum
1990 2455 2216 2509 amiram
2256 2456 2308 2509 in
2342 2454 2674 2509 Cliorasania
2711 2454 3112 2520 diversabatur,
3147 2452 3365 2524 cognita
3399 2452 3613 2522 parentis

412 2547 723 2600 calamitate
751 2546 1109 2615 stationisque
1153 2547 1313 2599 noxia
1349 2554 1565 2608 natura,
1599 2547 1652 2600 in
1688 2546 1935 2614 regiones
1980 2557 2197 2600 nostras
2236 2545 2528 2599 maturavit
2572 2546 2871 2609 incurrere,
2900 2545 3280 2615 praefectisque
3314 2544 3616 2602 suburbanis

413 2639 664 2703 devictis,
698 2639 1033 2708 metropolim
1065 2639 1345 2694 obsidione
1382 2639 1618 2693 vallavit.
1675 2637 1825 2692 Saeva
1865 2637 2060 2692 dehinc
2095 2636 2266 2693 fames
2307 2652 2509 2691 annum
2543 2639 2811 2708 integrum
2861 2638 3185 2706 occupavit:
3220 2653 3450 2708 cumque
3491 2639 3617 2693 cives

416 2728 488 2783 ad
513 2729 930 2798 comparandam
957 2743 1136 2784 escam
1164 2736 1328 2783 noctu
1360 2727 1764 2798 egrederentur,
1796 2727 2021 2783 structis
2045 2726 2259 2782 insidiis
2289 2727 2460 2782 hostis
2491 2727 2637 2782 viros
2667 2725 2885 2796 quidem
2916 2725 3226 2796 jugulabat,
3256 2727 3330 2780 ita
3366 2736 3420 2780 ut
3445 2741 3617 2780 cruore

413 2827 472 2875 et
508 2821 725 2875 ossibus
767 2827 910 2875 terra
955 2822 1245 2892 squaleret,
1297 2822 1523 2876 feminas
1562 2813 1741 2876 autem
1783 2837 2088 2892 puerosque
2130 2821 2414 2876 vendebat.
2468 2819 2576 2876 Sed
2630 2829 2810 2874 tamen
2849 2819 3138 2875 identidem
3164 2836 3229 2874 ex
3267 2820 3433 2874 Iberia
3471 2819 3619 2874 duces

417 2911 642 2965 aderant
674 2913 774 2967 viri
804 2914 1026 2984 egregii,
1060 2923 1117 2967 ut
1145 2915 1236 2970 ille
1271 2915 1451 2970 clarus
1476 2930 1538 2970 ac
1569 2925 1824 2971 strenuus
1855 2914 2042 2969 lvanes
2063 2913 2316 2968 Abulethi
2351 2913 2491 2969 ﬁlius
2519 2913 2612 2984 qui
2647 2914 2772 2968 forti
2798 2915 2982 2967 animo
3023 2913 3338 2968 incursores
3365 2913 3616 2967 caedebat:

418 3016 656 3068 cumque
694 3001 993 3058 Phatlnnus
1031 3017 1221 3072 magna
1251 3004 1301 3056 vi
1342 3003 1526 3057 urbem
1566 3003 1965 3074 aggrederetur,
1998 3001 2114 3071 ipse
2144 3001 2330 3071 paucis
2359 3001 2611 3072 stipatus,
2643 3001 3025 3070 adjuvantibus
3062 3000 3296 3067 civibus,
3323 3001 3506 3056 urbem
3540 3015 3622 3071 pe-

421 3095 592 3148 riculo
628 3094 917 3165 expedivit.
949 3095 1133 3164 Neque
1172 3111 1298 3151 vero
1339 3097 1676 3150 reticendum
1715 3106 1795 3151 est
1828 3095 2041 3150 femina:
2079 3095 2363 3164 cujusdam
2395 3097 2446 3149 in
2477 3110 2543 3149 eo
2584 3096 2881 3150 certamine
2907 3095 3062 3149 virile
3090 3093 3329 3163 facinus,
3360 3111 3474 3166 quae
3505 3095 3620 3150 satis

418 3189 680 3244 audacter
718 3191 988 3246 mmnibus
1023 3191 1280 3246 insistens
1329 3191 1564 3260 lapidum
1598 3192 1799 3246 ictibus
1834 3190 2020 3246 hostes
2058 3190 2311 3259 pellebat,
2346 3189 2558 3257 sagittis
2596 3189 2793 3258 quibus
2826 3189 3166 3243 extrinsecus
3204 3189 3484 3258 petebatur
3508 3174 3622 3242 con-

419 3282 659 3349 temptis.
686 3277 917 3336 Feminae
946 3297 1139 3337 nomen
1171 3283 1397 3353 Caprea,
1430 3284 1573 3352 quod
1620 3284 1738 3352 ejus
1769 3292 1884 3339 erat
1928 3284 2235 3353 pernicitati
2270 3291 2717 3338 consentaneum.
2751 3281 3136 3338 Verumtamen
3173 3298 3344 3353 regno
3367 3281 3620 3337 [berorum

423 3372 662 3424 nondum
699 3373 752 3426 in
790 3389 854 3428 ea
883 3375 1014 3429 urbe
1043 3377 1174 3432 satis
1207 3378 1548 3441 conﬁrmato,
1582 3377 1723 3432 fame
1753 3393 1816 3432 ac
1845 3378 2084 3433 caedibus
2118 3378 2172 3431 in
2200 3379 2314 3433 dies
2355 3377 2724 3442 saevientibus,
2757 3384 3024 3448 coguntur
3058 3378 3205 3432 cives
3244 3379 3431 3432 urbem
3464 3377 3621 3432 denuo

421 3462 489 3515 ad
519 3460 770 3517 Pliatluni
798 3473 1116 3533 potestatem
1152 3468 1467 3531 transferre,
1508 3467 1609 3522 ﬁde
1634 3469 1812 3537 jurata
1843 3469 1910 3522 ab
1946 3468 2135 3522 eodem
2162 3475 2403 3537 accepta,
2446 3467 2640 3536 nequid
2677 3475 2866 3520 contra
2899 3467 3067 3537 patris
3096 3467 3434 3537 fratrumque
3460 3465 3624 3537 prodi-

416 3558 569 3606 tores
603 3561 881 3609 statueret.
915 3557 969 3610 Id
996 3558 1082 3612 ille
1126 3557 1303 3614 foedus
1331 3559 1431 3614 etsi
1469 3559 1522 3612 in
1555 3555 1812 3630 praesenti
1848 3575 1955 3613 non
1994 3559 2337 3622 detrectavit,
2371 3559 2727 3613 nihilominus
2768 3559 2974 3628 pacatis
3004 3558 3184 3623 rebus,
3222 3574 3318 3615 eos
3344 3561 3488 3614 vario
3529 3557 3624 3612 cri-

421 3646 780 3702 minationum
828 3665 1024 3719 genere
1055 3666 1340 3722 aggressus
1375 3659 1455 3707 est
1502 3660 1666 3723 atque
1695 3653 1959 3707 multavit.
1997 3653 2070 3707 Eo
2139 3659 2396 3721 regnante
2430 3667 2458 3706 a
2488 3653 2764 3708 consuetis
2795 3653 3012 3722 quidem
3047 3653 3454 3709 incursionibus
3489 3654 3622 3722 quies

420 3735 479 3792 in
511 3739 765 3795 Armenia
810 3741 930 3806 fuit,
963 3742 1056 3797 sed
1094 3751 1208 3797 tum
1241 3744 1510 3814 praeterita
1533 3745 1751 3802 damna.
1794 3753 1908 3798 tum
1937 3745 2282 3815 vectigalium
2326 3745 2749 3814 rapinarumque
2789 3745 2872 3800 vis
2912 3759 3180 3799 summam
3216 3745 3364 3814 apud
3401 3759 3497 3798 nos
3517 3758 3625 3813 egeo

419 3838 620 3886 statera
646 3849 940 3903 rerumque
970 3835 1213 3888 omnium
1253 3837 1534 3904 penuriam
1563 3837 1880 3903 eﬂ‘ecerunt,
1910 3853 2030 3908 qua:
2061 3837 2278 3908 quidem
2315 3838 2382 3893 ab
2405 3851 2468 3893 ea
2497 3852 2668 3907 usque
2692 3845 2848 3892 actate
2874 3836 3222 3892 incrementis
3253 3846 3410 3892 aucta
3444 3835 3624 3890 nostris

425 3924 604 3978 adhuc
630 3925 962 3992 temporibus
993 3933 1315 3993 perseverat.

499 4015 566 4068 At
597 4017 739 4069 enim
775 4025 994 4069 sanctus
1023 4016 1326 4082 patriarcha
1359 4018 1588 4087 ﬁdeique
1629 4020 1858 4074 antistes
1884 4019 2137 4075 dominus
2163 4018 2476 4090 Gregorius,
2505 4021 2631 4090 quia
2671 4017 2847 4074 foedus
2869 4019 3156 4074 amicabile
3183 4034 3310 4073 cum
3347 4019 3622 4088 Apelsuaro

425 4106 650 4168 fecerat,
675 4119 782 4174 quo
811 4104 965 4158 sedes
997 4105 1064 4159 ab
1089 4120 1154 4160 eo
1180 4115 1569 4176 protegeretur,
1599 4109 1782 4163 audita
1810 4110 1863 4164 in
1893 4111 2038 4165 hunc
2060 4110 2376 4165 Aniensium
2405 4111 2829 4176 conspiratione,
2857 4109 3101 4163 criminis
3140 4110 3454 4164 auctoribus
3483 4109 3623 4161 velte.

427 4204 638 4252 menter
666 4197 979 4253 succensuit
1007 4198 1106 4268 (Ξ).

1707 4364 1841 4428 1127
1866 4413 1870 4417 -
2063 4377 2092 4428 7
2306 4377 2373 4429 12
2550 4375 2654 4428 574

1705 4443 1842 4497 1128
2057 4445 2090 4497 8
2306 4447 2372 4498 15
2550 4444 2653 4497 575

1708 4511 1842 4564 1129
2057 4514 2088 4565 9
2305 4514 2370 4566 14
2549 4514 2654 4566 576

470 4576 527 4629 In
554 4575 780 4652 Halbata
795 4579 1351 4652 obiitinChristpma-
1421 4585 1560 4651 1,77
1707 4580 1847 4652 1151)
2023 4583 2090 4636 10
2304 4583 2368 4636 15
2547 4583 2650 4652 577
2761 4582 3064 4638 Demetrius
3096 4599 3186 4638 rex
3217 4583 3618 4652 Charasgurunt.

428 4645 1167 4734 gnus‘dpct‘orarmeniorum
1189 4647 1351 4734 Joan-
1446 4645 1458 4650 ⁷
1485 4645 1497 4651 ’
1532 4645 1543 4649 ⁷
1708 4649 1834 4702 1151
2025 4652 2082 4704 ll
2302 4652 2366 4704 16
2446 4667 2448 4670 '
2547 4651 2650 4706 578
2723 4653 2814 4722 qui
2845 4668 2902 4708 se
2935 4655 3136 4734 inuarce
3168 4645 3623 4734 Atbabegiimulto

429 4729 529 4769 nes
555 4726 911 4784 cognomento
937 4715 1295 4773 Sarcavacus.

502 4781 879 4865 Dedemptoris
892 4785 1034 4842 aedes
1050 4802 1206 4865 sacra
1229 4803 1349 4865 cqr-
1709 4789 1730 4865 1
1749 4785 1846 4865 1ξὲ

2722 4715 2844 4775 eum
2897 4724 3068 4776 milite
3123 4715 3494 4779 concluserat,
3542 4732 3623 4768 ex-

2306 4791 2372 4865 i!
2547 4791 2650 4865 «5'59
2726 4793 3001 4865 pugnavit.
3027 4791 3230 4865 Eodem
3255 4805 3400 4865 anpo
3441 4786 3621 4865 Abule-

432 4853 540 4932 ruit
572 4853 720 4932 ᾼ-ῃὶίξξ
751 4855 835 4932 die
865 4872 971 4932 xvn
1005 4859 1206 4914 mensis
1246 4855 1357 4911 Ma-
1708 4856 1846 4910 1155

2287 4859 2374 4912 ,18
2550 4860 2656 4916 580
2727 4853 2852 4914 this
2870 4866 2927 4914 et
2951 4860 3139 4932 lvanes
3163 4854 3619 4932 ﬁliuquamaniam

429 4921 539 4975 reri
575 4922 649 4992 (5)
678 4921 809 4977 feria
837 4927 1043 4995 quinta.
2724 4938 3004 4998 ceperunt.
3064 4929 3262 4984 Eodem
3313 4931 3621 4998 itemyanno

2728 4996 2914 5054 lvanes
2931 5008 3091 5068 atque
3115 4998 3401 5054 Sembatus
3425 4996 3624 5050 Chuna-

2726 5068 2814 5120 nia
2849 5069 2999 5136 potiti
3021 5077 3168 5123 sunt.
3347 5134 3354 5136 ξ
3545 5131 3555 5136 _

500 5126 618 5206 Hoc
657 5131 1347 5206 annobbiituclarissimus
1419 5137 1558 5206 478
1706 5138 1843 5190 1154
2024 5160 2026 5165 ι

2083 5169 2089 5186 ρ
2312 5135 2372 5187 19
2549 5136 2644 5191 581
2796 5126 3098 5191 Ρῐιειιιυηιιε
3129 5140 3182 5190 in
3213 5134 3404 5206 pralio
3429 5131 3609 5206 exstin-

431 5195 627 5255 doiztor
658 5197 823 5256 David
841 5200 1018 5254 Alucii
1039 5202 1204 5258 ﬁlius.
1440 5195 1455 5206 ⁷
1481 5195 1494 5206 ’
1518 5195 1554 5205 ν
2724 5207 2908 5278 gnitur
2935 5222 3077 5278 anno
3103 5195 3251 5278 regni
3274 5204 3536 5278 septimo;
3555 5197 3613 5250 ei-

2722 5272 2829 5347 que
2859 5277 3102 5330 succedit
3125 5272 3429 5329 Mahmutus
3448 5272 3617 5325 frater.

500 5467 581 5540 (1)
614 5463 711 5540 [ire
745 5475 827 5521 est
861 5459 1089 5540 Joannes
1120 5462 1520 5540 llﬁomnenus.
1625 5532 1658 5540 __
1875 5529 1888 5540 _
2087 5463 2606 5540 ablamanuensibus
2631 5469 2833 5540 addita,
2857 5486 2976 5540 quae
3011 5485 3109 5526 nos
3133 5471 3295 5526 missa
3320 5469 3552 5525 fecimus.

501 5529 582 5604 (2')
624 5535 719 5591 llic
763 5533 1124 5605 sequebantur
1170 5532 1220 5586 in
1263 5532 1418 5586 codd.
1473 5532 1694 5587 moralia
1737 5529 1981 5602 quaedam
2162 5533 2239 5602 (5)
2268 5533 2378 5589 Hoc
2411 5550 2553 5600 anno
2581 5529 2850 5596 incidebat
2875 5529 2940 5593 'in
2970 5540 3312 5594 Decembrem.
