3864 6182
158 360 242 424 653

183 526 1596 561 Ἣ

1263 346 1630 408 PTOLEM/El
1673 355 1761 412 DE
1798 357 2268 420 APPARENTIIS.

3289 382 3392 448 (ἶὖᾶ

1777 556 3336 601 -————__.__.___________________

1014 702 1206 825 ‘C.
1299 707 1452 829 .L.
1585 709 2431 845 PTOLEM/El

840 942 1391 1018 INERRANTIUM
1454 958 1931 1027 STELLARUM
1991 969 2702 1058 SIGNIFICATIONES,

969 1142 1084 1200 Per
1113 1138 1436 1204 Nicolaum
1470 1145 1816 1210 Leonicum
1847 1168 1881 1212 e
1912 1152 2128 1216 Graeco
2160 1159 2494 1224 translatae.

620 1493 726 1566 55
755 1495 1160 1555 malimus.

157 1621 218 1672 Κ.
345 1621 435 1676 Sol
470 1625 669 1681 elevari
716 1630 902 1700 incipit
976 1613 1301 1704 longiusculi
1350 1638 1487 1696 ﬂunt
1528 1643 1687 1709 dies,

412 1714 607 1784 Aquila
637 1727 690 1772 et
721 1719 898 1775 Coron
961 1724 1254 1792 occidunt,
1282 1734 1692 1800 tempestatem-

409 1820 514 1872 que
538 1806 797 1865 eﬂiciunt.
1397 1797 1414 1800 '
1605 1837 1609 1842 ‘

151 1889 214 1943 iv.
340 1889 428 1945 Sol
462 1896 636 1965 magis
662 1899 939 1964 ascendit,
966 1899 1162 1959 Cancri
1192 1906 1427 1962 medium
1448 1911 1684 1978 occidit,

403 1987 654 2053 ventique
687 1999 912 2055 pellunt.

149 2067 214 2122 iii.
336 2069 616 2140 lieliquuul
647 2075 838 2131 Cancri
872 2081 1101 2147 occidit,
1135 2090 1189 2138 et
1219 2085 1405 2142 varius
1439 2087 1589 2144 aeris
1625 2088 1679 2143 iit

405 2161 832 2284 ῗέᾞιῗίωελεηιη
916 2259 1201 2284 Α--.ιι....--
1243 2264 1481 2284 --__.g___g
1555 2267 1592 2284 η
1632 2269 1646 2284 .
1780 2243 1865 2284 PR.

145 2263 216 2302 ra.
336 2250 518 2308 llielns
552 2254 834 2311 dimidiata
858 2297 873 2322 ,
907 2259 1204 2330 Aquilones
1237 2264 1520 2331 continui,
1555 2267 1680 2323 Del-

396 2344 594 2412 phinus
629 2362 750 2399 cum
789 2346 937 2402 Cane
963 2351 1138 2404 oritur
1169 2353 1461 2410 matutino.

143 2427 278 2485 NON.
329 2431 568 2488 Fidicula
598 2439 868 2502 exoritur,
898 2439 1086 2509 Aquila
1114 2444 1346 2508 occidit,
1376 2443 1675 2515 Delphinus

394 2532 540 2578 totus
563 2528 790 2596 emergit
809 2566 824 2590 ,
848 2537 1238 2600 ventorumque
1266 2531 1323 2586 ﬂt
1348 2547 1669 2594 concursus.
1769 2539 1843 2595 Κ.

141 2608 232 2663 vili.
334 2611 531 2681 Aquila
555 2617 762 2685 vesperi
793 2619 1027 2684 occidit,
1058 2618 1150 2674 ﬂat
1178 2622 1397 2679 Auster.

138 2695 215 2750 vii.
314 2697 726 2767 Septentriones
777 2712 831 2759 et
861 2705 1059 2777 Aquilo
1086 2709 1436 2767 vehementer
1475 2711 1667 2781 ﬂantes
1765 2718 1842 2774 iv.

387 2801 744 2846 concurrunt.
1276 2883 1317 2894 Δ
1465 2891 1474 2894 Δ
1622 2890 1636 2894 _
1698 2839 1739 2894 Β
1767 2809 1846 2864 iii.

133 2871 195 2926 vi.
322 2875 508 2932 Martis
538 2881 907 2950 domicilium,
939 2887 1138 2942 Auster
1179 2899 1234 2943 et
1276 2883 1548 2946 Favonius
1591 2890 1667 2946 si-

383 2969 492 3022 mul
525 2968 690 3036 ﬂant,
724 2973 1088 3044 Capricornus
1119 2993 1394 3049 emergere
1435 2981 1624 3052 incipit
1645 3021 1662 3048 ,
1764 3004 1848 3044 PR.

380 3058 560 3127 pluvia
587 3063 747 3118 simul
778 3075 831 3120 et
862 3068 1035 3137 caligo
1064 3070 1397 3138 vespertino.

127 3155 171 3194 v.
323 3146 520 3204 Auster
545 3151 642 3206 ﬂal
673 3171 796 3208 cum
825 3157 1028 3226 pluvia.

127 3232 182 3290 iv.
312 3236 532 3295 Pluvius
564 3242 653 3294 ﬂat
684 3246 880 3300 Auster
910 3248 1218 3304 violentior.

124 3321 188 3378 iii.
319 3326 626 3398 Septentrio
669 3337 1057 3408 multooimbre
1103 3349 1156 3394 et
1200 3354 1394 3410 aspera
1445 3352 1653 3414 tempe-

374 3427 513 3474 state
542 3422 650 3475 ﬂat.
1756 3439 1846 3492 vii.

119 3515 190 3556 rx.
309 3508 506 3566 Auster
538 3515 726 3582 spirat.
1755 3528 1822 3580 vi.

120 3587 188 3642 Ιυ.
295 3595 514 3651 Astruln
547 3603 871 3668 obscurum,
905 3607 1077 3675 prima
1111 3607 1231 3663 Mali
1265 3626 1388 3680 pars
1417 3615 1646 3680 occidit,
1752 3634 1803 3670 v.

370 3697 532 3743 noctu
562 3693 722 3746 etiam
756 3696 910 3764 pluit.
1749 3712 1818 3763 iv.

116 3770 205 3821 xix.
299 3776 520 3833 Astrum
560 3783 854 3840 obscurum
883 3828 898 3854 ,
956 3790 1098 3844 varia
1141 3792 1426 3861 Aquilonis
1454 3801 1507 3848 ct
1546 3797 1646 3850 Sc-

364 3873 690 3938 ptentriouis
741 3876 1141 3947 inconstantia;
1201 3882 1310 3938 Leo
1371 3887 1635 3939 occultari
1746 3890 1824 3944 iii.

364 3960 467 4014 incl
475 3963 551 4030 pit
573 3981 588 4028 ;
621 3964 814 4034 pluviae
845 3967 999 4023 ﬁunt.

1744 3997 1827 4034 PR.

109 4041 238 4097 xviii.
291 4046 595 4116 Septentrio
623 4062 675 4108 et
708 4055 902 4124 Aquilo
937 4058 1283 4116 vehementes
1308 4061 1466 4118 ﬂant.
1743 4067 1827 4122 lD.

108 4131 218 4183 xvii.
290 4133 382 4189 Sol
413 4137 468 4192 in
503 4139 774 4210 Aquari‘o,
808 4144 1106 4204 Vulturnus
1136 4164 1258 4203 cum
1290 4153 1493 4222 pluvia.
1664 4154 1704 4209 C
1741 4159 1849 4212 xvi.

107 4221 195 4275 xvi.
285 4226 527 4286 Fidicula
551 4235 799 4290 occidere
825 4237 1011 4315 incipit
1039 4243 1324 4308 matutino,
1346 4252 1635 4330 ventorum

361 4336 662 4380 concursus
692 4326 840 4382 ﬂuat.
934 4336 936 4338 '
1741 4354 1828 4390 xv.

103 4418 174 4458 xv.
290 4409 399 4467 Leo
419 4422 472 4468 et
500 4415 792 4485 Delphinus
812 4420 1076 4475 matutino
1099 4423 1388 4481 occidunt:
1412 4426 1630 4497 Aquilo,

353 4604 456 4658 que
489 4591 641 4649 ﬁunt.

99 4668 191 4721 xiv.
288 4673 586 4734 Conversio
627 4690 680 4736 ct
715 4685 907 4741 hiemis
938 4689 1196 4744 medium.
1733 4695 1828 4751 xii.

101 4757 194 4812 xiii.
288 4765 484 4835 Aquilo
514 4769 605 4824 ﬂat
635 4783 687 4827 et
716 4776 930 4839 Auster,
967 4780 1203 4843 medium
1239 4781 1440 4838 Cancri
1468 4789 1628 4840 occi-

97 4833 102 4836 i
353 4833 458 4921 dit,
492 4861 760 4929 Aquarius
791 4881 1064 4937 emergere
1095 4870 1306 4940 incipit.
1730 4873 1805 4927 xi.

99 4935 176 4988 xii.
277 4945 550 5014 Aquarius
596 4959 739 5008 totus
781 4935 1041 5026 emergit,
1070 4935 1287 5016 Africus
1327 4962 1536 5040 spirat,
1569 4973 1624 5020 et
1729 4979 1782 5016 κο

349 5038 506 5105 pluit.

93 5116 156 5171 xi.
287 5123 530 5182 Fidicula
546 5145 667 5185 cum
684 5133 889 5189 Cancro
905 5137 1129 5205 occidit,
1151 5148 1204 5194 et
1227 5143 1433 5211 vesperi
1451 5143 1612 5212 pluit.

93 5219 136 5258 ι.
280 5213 477 5284 Aquilo
506 5219 596 5274 ﬂat
630 5238 749 5277 cum
783 5227 986 5295 pluvia.
1720 5231 1793 5286 ix.

92 5295 154 5348 ix.
281 5301 492 5361 Hiemat
529 5311 684 5377 dies,
729 5317 1091 5374 vehementius
1136 5316 1267 5375 ﬂant
1306 5319 1510 5392 Aquilo
1558 5332 1613 5379 et

347 5393 667 5456 Vulturnus.
1644 5468 1688 5524 Β

347 5501 592 5524 immclnn
621 5494 884 5524 Iun—Lilltn-
936 5497 1090 5524 ξυμ...
1122 5499 1243 5524 ΠΛ--.
1276 5503 1416 5524 _-.-_.2
1720 5503 1806 5524 -.:::

91 5476 186 5530 V'ii.
279 5482 594 5556 Tempestas
621 5494 902 5561 turbidior,
936 5497 1094 5554 iidem
1121 5499 1249 5553 ﬂant
1276 5503 1441 5556 venti.
1644 5476 1688 5524 υ
1720 5503 1832 5559 νῖίὶ.

95 5564 168 5618 vii.
285 5572 495 5628 Hiemat
522 5579 636 5634 dies
656 5620 669 5641 .
700 5583 857 5638 iidem
888 5585 1016 5640 ﬂant
1039 5589 1215 5652 venti,
1239 5589 1478 5646 Fidicula
1511 5609 1609 5648 oc-
1717 5593 1808 5645 vii.

346 5662 523 5719 cidere
556 5667 759 5737 incipit.
1715 5686 1784 5736 vi.

1722 1517 1769 1575 Α
1795 1511 1869 1567 vi.

1757 3349 1870 3406 viii.

1740 4442 1846 4482 XIV.

358 4499 667 4572 Septentrio
703 4515 757 4561 ct
793 4508 992 4564 Auster
1016 4523 1382 4583 concurrunt,
1412 4518 1636 4587 pluviie—
1738 4516 1853 4572 xiii.

2012 1507 2270 1572 Austrum
2313 1523 2517 1580 clarum
2553 1529 2605 1584 in
2631 1542 2846 1602 pectore
2878 1537 3072 1600 Leonis
3101 1552 3347 1611 occidere

2077 1607 2294 1679 incipit,
2322 1612 2560 1672 Fidicula
2584 1629 2791 1694 vesperi
2817 1632 3015 1689 occidit
3034 1676 3050 1700 ,
3076 1637 3165 1694 ﬂat
3186 1607 3346 1714 Aqui:

2071 1697 2155 1763 lo,
2187 1708 2241 1753 et
2272 1701 2538 1761 interdum
2569 1712 2728 1781 pluit.

2011 1783 2305 1842 Ventorum
2339 1806 2640 1854 concursus
2672 1818 2794 1857 cum
2824 1812 3060 1866 nivibus.

2009 1874 2304 1945 Delphinus
2338 1884 2586 1942 occidere
2619 1891 2832 1964 incipit.

2001 1955 2244 2020 Fidicula
2287 1972 2430 2024 circa
2475 1978 2702 2043 primam
2745 1984 2914 2041 facem
2949 2001 3100 2060 parte
3132 1996 3215 2051 sui
3245 2013 3340 2053 oc-

2061 2053 2241 2110 cidere
2283 2056 2503 2130 incipit,
2534 2070 2820 2130 vehemens
2851 2053 3176 2152 ﬂat-Aquilo
3214 2103 3336 2142 cum

2057 2142 2249 2200 imbre.

1994 2234 2198 2292 Imbres
2223 2254 2347 2296 cum
2379 2246 2596 2304 nivibus
2627 2255 2868 2320 permisti
2896 2259 3133 2316 cadunt-

2455 2355 2644 2411 XXXI.

2323 2443 2780 2506 FEBRUARIUS.

1990 2544 2294 2606 Obscurum
2336 2565 2544 2613 astrum
2589 2573 2844 2633 apparet,
2883 2569 3079 2626 Auster
3109 2581 3163 2630 et
3195 2575 3327 2634 ναις

2048 2642 2245 2697 turnus
2277 2641 2427 2700 ﬂant.
2465 2647 2709 2706 Fidicula
2735 2658 2984 2716 occidere
3015 2663 3220 2734 incipit.

1987 2723 2096 2780 Aer
2123 2742 2344 2787 crassus
2373 2747 2485 2796 est,
2517 2737 2790 2800 Favonius
2817 2745 2946 2803 ﬂare
2976 2751 3182 2822 incipit.

1992 2812 2222 2872 Medium
2267 2820 2464 2880 Leonis
2512 2842 2634 2883 cum
2685 2832 2927 2892 Fidicula
2962 2812 3192 2912 occidit,
3226 2849 3325 2906 Se-

2046 2912 2381 2975 ptentriones
2412 2926 2466 2972 et
2493 2919 2690 2989 Aquilo
2718 2924 2874 2981 ﬂant.

1978 2995 2272 3066 Delphinus
2297 3007 2495 3062 occidit
2514 3050 2528 3075 ,
2560 3012 2758 3069 Auster
2785 3023 2995 3090 vesperi
3029 3025 3320 3086 violentior

2041 3091 2126 3154 iit,
2160 3100 2212 3145 et
2241 3095 2394 3162 pluit.

1760 3167 1916 3227 NON.
1970 3175 2116 3231 Zona
2152 3179 2372 3242 Orionis
2402 3196 2655 3264 emergit,
2686 3198 2938 3258 turbidus
2969 3213 3052 3261 cst
3083 3222 3179 3264 aer
3207 3209 3310 3266 Fa-

2035 3269 2178 3323 vonii
2211 3270 2360 3330 ﬂatu.

1969 3353 2209 3412 Fidicula
2240 3364 2464 3432 occidit,
2497 3381 2549 3424 et
2579 3371 2847 3435 Favonius
2876 3383 2942 3436 ah
2972 3399 3168 3444 occasu
3198 3391 3309 3449 ﬂat.

1967 3442 2121 3501 Veris
2154 3449 2364 3506 initium
2389 3495 2404 3520 ,
2444 3456 2714 3520 Favonius
2746 3470 2937 3537 spirat.

1973 3530 2244 3591 Favonius
2272 3549 2324 3594 et
2353 3544 2548 3614 Aquilo
2578 3530 2801 3621 spirani.

1965 3620 2274 3682 Obscurum
2302 3642 2510 3688 a5trum
2533 3677 2547 3700 ,
2579 3620 2806 3714 emergit
2833 3647 3124 3718 Aquarius.
3148 3636 3150 3638 l

1965 3715 2270 3789 Scptcntrio
2294 3741 2416 3782 cum
2445 3730 2682 3791 Favonio
2706 3735 2817 3803 ﬂat,
2845 3715 3112 3800 interdum
3139 3750 3308 3807 etiam

2028 3810 2180 3876 pluit.

1959 3896 2294 3961 Subsolanus
2323 3909 2492 3977 Spirat
2511 3951 2527 3976 ,
2555 3923 2609 3968 et
2637 3916 2902 3976 Arcturus
2929 3923 3122 3981 oritur.

1950 3985 2246 4047 Ventorum
2280 4011 2582 4060 concursus
2610 4012 2662 4059 et
2697 4023 2896 4079 pugna.

1939 4071 2259 4146 Sagittarius
2282 4089 2488 4156 vesperi
2514 4071 2740 4158 occidit,
2771 4071 3062 4168 tempestas
3085 4118 3294 4173 aspera.

1940 4164 2130 4222 Crater
2173 4175 2382 4242 vesperi
2427 4179 2599 4236 oritur
2623 4190 2697 4248 et,
2729 4193 3073 4249 commutatis
3101 4200 3294 4265 ventis,

2017 4270 2236 4326 superat
2263 4262 2478 4321 Auster.

1953 4341 2043 4398 Sol
2080 4348 2130 4400 in
2165 4352 2438 4418 piscibus,
2471 4357 2672 4414 hiemat
2706 4378 2818 4418 aer.

1947 4430 2252 4503 Septentrio
2281 4441 2374 4496 ﬂat
2402 4462 2525 4500 cum
2557 4449 2774 4507 Austro.
2809 4452 2900 4509 Sol
2928 4473 3121 4516 novus.

1938 4518 2100 4592 Virgo
2122 4530 2322 4584 occidit
2344 4533 2496 4601 juxta
2525 4536 2797 4597 Geminos.
2825 4544 3020 4603 Au8ler
3049 4549 3136 4606 ﬂat
3162 4568 3284 4611 cum

2012 4612 2249 4672 Favonio
2277 4631 2330 4674 et
2358 4623 2644 4692 Aquilone.

1938 4699 2043 4771 55
2072 4705 2242 4763 Malus
2287 4716 2496 4782 vesperi
2528 4719 2746 4778 occidit.
2777 4722 3048 4786 Favonius
3087 4733 3278 4802 spirat,

2009 4801 2062 4845 et
2092 4790 2256 4867 Virgo
2284 4803 2531 4860 occidere
2570 4808 2778 4880 incipit.

1873 4923 1886 4934 .
1918 4877 2224 4950 Septentrio
2251 4902 2301 4943 et
2325 4892 2522 4950 Auster
2544 4877 2719 4955 ﬂanti:
2757 4903 2928 4962 Malus
2951 4912 3274 4971 occultatur.

1923 4971 2120 5041 Aquilo
2155 4979 2433 5044 pluviosus
2467 4988 2657 5056 spirat.
2693 4991 2802 5048 Leo
2845 4998 3065 5056 occidit.
3102 5003 3274 5074 Aqui-

2003 5061 2153 5121 lones
2186 5066 2490 5127 Chelidonii
2514 5079 2764 5146 appellati
2786 5083 3073 5154 incipiunt,
3105 5061 3275 5162 el'per

2001 5156 2349 5216 quatriduum
2381 5160 2528 5218 ﬂant.
2559 5165 2890 5228 Hirundines
2916 5156 3198 5246 apparent:

1931 5239 2194 5299 Arcturus
2221 5249 2364 5304 circa
2387 5253 2615 5320 primam
2639 5259 2874 5329 vigiliam
2915 5267 3162 5324 occidere
3187 5286 3271 5324 ln-

1993 5331 2143 5400 cipit,
2202 5335 2471 5397 Favonius
2527 5347 2718 5415 spirat,
2810 5368 3026 5427 noxque
3079 5360 3263 5414 nubila

1986 5423 2195 5478 exsistit
2211 5451 2228 5467 ο

1921 5503 2195 5580 llalcyonii
2226 5518 2472 5586 appellati
2499 5525 2635 5583 dies.

1920 5597 2091 5654 Corus
2128 5610 2179 5656 et
2211 5605 2402 5676 Aquilo
2431 5612 2591 5670 simul
2621 5617 2772 5675 ﬂant.
2823 5643 2830 5652 ·

1916 5689 2186 5756 Aquarius
2213 5699 2342 5753 oriri
2373 5703 2581 5776 incipit,
2612 5718 2664 5763 ct
2691 5711 2844 5780 pluit.
