3864 6182
529 321 634 382 655

539 465 590 501 v.
737 447 1001 503 Arcturus
1039 447 1264 517 emergit
1302 455 1355 504 et
1383 449 1537 518 pluit.
2130 464 2178 518 Α

542 548 612 593 iv.
733 542 996 594 Arcturus
1017 541 1193 594 oritur
1215 542 1504 595 matutino.

542 632 617 686 iii.
743 630 913 686 Malus
956 623 1167 700 chperi
1202 632 1420 686 occidit.

541 738 622 775 ru.
741 721 1010 775 Favonius
1035 723 1137 775 late
1159 723 1348 791 spirat.
1385 721 1594 778 Vernus
1623 730 1707 778 est
1736 723 1874 777 dies.

1205 833 1436 887 XXVIII.

1154 946 1244 1004 MA
1253 938 1364 1001 RTI
1373 947 1410 1002 ll
1421 945 1478 1003 S.

539 1057 601 1114 Κ.
748 1061 947 1114 Auster
979 1067 1032 1115 ct
1066 1059 1286 1114 Africus
1318 1059 1479 1114 simul
1511 1044 1748 1129 spirant.

539 1150 606 1202 vi.
750 1148 1122 1204 Vindemiator
1144 1166 1405 1220 apparere
1427 1151 1638 1220 incipit.
1667 1151 1865 1220 Aquilo
1891 1148 2101 1222 gelidus

818 1238 926 1293 σει.
962 1239 1224 1294 Arcturus
1266 1241 1464 1296 occidit
1496 1243 1789 1297 matutino.

541 1347 592 1384 v.
748 1329 854 1384 Aer
885 1330 1187 1395 nimbosus,
1245 1341 1297 1386 et
1358 1334 1516 1402 pluit.
1563 1333 1826 1390 Arcturus
1877 1336 2101 1408 emergit

817 1421 1025 1476 elevato
1051 1421 1192 1484 Sole,
1221 1433 1272 1476 et
1297 1421 1390 1476 ﬂat
1415 1423 1632 1492 Aquilo.

541 1511 610 1564 iv.
743 1511 1008 1565 Arcturus
1047 1512 1299 1568 similiter
1325 1515 1567 1583 etnergit.

541 1600 618 1652 iii.
741 1600 1006 1656 Arcturus
1035 1601 1269 1656 interdiu
1301 1603 1552 1672 emergit.

539 1704 624 1742 pa.
733 1689 928 1759 Aquilo
951 1689 1061 1752 llat,
1094 1692 1404 1746 nubilosam
1439 1692 1664 1746 cmlum.

542 1779 696 1829 NON.
739 1782 924 1845 Equus
946 1782 1144 1830 occidit
1175 1780 1460 1840 matutino.
1492 1788 1543 1835 et
1568 1779 1658 1834 llat
1681 1782 1897 1851 Aquilo.
1927 1783 2099 1840 Coro-
2130 1780 2171 1834 Β

817 1881 886 1919 na
919 1867 1182 1920 matutino
1219 1869 1548 1935 occultatur,
1578 1885 1840 1940 aquarum
1863 1875 1930 1930 de
1962 1876 2102 1931 caelo

819 1956 1043 2024 pluvies.

751 2043 970 2098 Marium
1015 2061 1139 2101 aves
1184 2062 1446 2117 apparere
1488 2051 1779 2121 incipiunt.
1822 2053 2017 2124 Aquilo
2051 2064 2104 2110 et

821 2136 1227 2205 Septentriones
1257 2139 1406 2193 ﬂant.
1442 2139 1776 2211 Principium
1810 2141 1965 2199 Veris
1994 2154 2101 2202 est.

821 2224 913 2280 Sol
945 2224 1182 2282 Piscium
1207 2229 1488 2284 dimidium
1525 2231 1757 2286 obtinet.
1790 2232 1975 2303 Equus
2007 2251 2101 2292 oc-

820 2317 970 2372 cidit.

543 2043 653 2097 viii.

541 2405 636 2460 vii.
747 2405 942 2462 Milvus
980 2423 1244 2478 apparere
1287 2410 1496 2480 incipit,
1521 2410 1612 2466 ﬂat
1640 2411 1860 2479 Auster,
1897 2412 2102 2471 Piscis~

817 2514 923 2568 que
952 2498 1005 2551 in
1045 2510 1256 2569 tergore
1305 2502 1569 2554 matutino
1597 2502 1860 2556 occultari
1889 2503 2099 2572 incipit.

541 2585 616 2644 vl.
757 2586 944 2658 Equus
994 2590 1192 2644 occidit
1229 2592 1512 2645 matutino.
1567 2591 1759 2647 Milvus
1808 2607 1838 2645 a
1884 2593 2103 2649 sublimi

818 2678 1076 2735 deorsum
1112 2683 1301 2752 vergit.
1335 2681 1706 2737 Viudemiator
1743 2684 1959 2739 occidit.
1995 2683 2102 2738 Ar-

820 2778 1008 2826 cturus
1026 2779 1200 2825 autem
1225 2773 1470 2853 emergit,
1489 2780 1540 2827 et
1557 2774 1762 2842 gelidus
1779 2773 1868 2828 Ilat
1884 2774 2098 2843 Aquilo.

544 2876 597 2917 ν.
728 2860 955 2917 .Hiemis
999 2864 1294 2928 abscessio,
1345 2871 1398 2918 et
1445 2865 1727 2933 Aquilonis
1775 2865 1839 2919 ad
1873 2863 2102 2934 Septen-

820 2952 1026 3008 triones
1050 2954 1423 3008 commutatio.

543 3039 614 3094 iv.
758 3037 967 3095 Desinit
998 3040 1168 3096 Piscis
1196 3056 1226 3093 a
1259 3049 1470 3111 tergore
1504 3041 1724 3096 elevari.
1775 3039 2084 3108 Septentrio
2128 3087 2174 3150 ο

823 3130 903 3184 vel
937 3131 1136 3184 Auster
1162 3129 1274 3184 ﬂat.

543 3221 624 3293 iii.
747 3221 893 3289 Argo
925 3220 1080 3274 navis
1104 3220 1328 3290 emergit
1358 3220 1589 3288 vesperi.
1617 3218 1888 3275 Favonius
1915 3228 1968 3273 et
1990 3220 2100 3274 Au-

821 3318 932 3365 ster
956 3309 1106 3372 ﬂant,
1136 3317 1188 3364 et
1218 3309 1272 3363 in
1307 3309 1503 3364 Leonis
1529 3310 1701 3364 cauda
1729 3310 1930 3364 hiemat
1960 3311 2096 3366 dies.

541 3415 626 3454 pa.
738 3398 932 3469 Aquilo
962 3416 1057 3470 per
1085 3407 1256 3454 totum
1285 3399 1376 3452 llat
1402 3399 1563 3453 diem.
1859 3383 1870 3406 ’

543 3488 626 3544 ID.
740 3490 922 3560 Equus
953 3490 1172 3556 occidit,
1204 3498 1256 3546 et
1285 3491 1478 3560 Aquilo
1509 3490 1602 3543 ﬂat
1624 3489 1853 3558 gelidus.

547 3583 670 3640 xvii.
734 3581 825 3639 Sol
858 3582 913 3638 in
948 3581 1153 3638 Arietc.
1193 3581 1464 3638 Favonius
1505 3581 1610 3638 late
1639 3583 1834 3653 spirat.
1877 3579 2102 3636 Ciconia

819 3686 1060 3746 apparet,
1095 3682 1148 3729 et
1178 3690 1324 3729 mare
1357 3675 1696 3729 transmittit.

494 3748 502 3757 ’
543 3769 649 3822 xvi.
749 3766 1124 3821 lnconstantes
1156 3765 1322 3819 venti.
1368 3767 1564 3834 Aquilo
1595 3767 1785 3832 spirat.

541 3873 631 3914 xv.
741 3858 936 3911 Auster
961 3855 1072 3910 Ilat.
1104 3854 1295 3909 Milvus
1324 3855 1561 3909 diluculo
1583 3864 1818 3923 apparet.

546 3948 650 4000 xiv.
743 3945 936 4012 Aquilo
965 3959 1190 3999 serenus
1221 3944 1420 4012 spirat.

545 4036 663 4090 xiii.
735 4033 922 4102 Equus
951 4033 1148 4086 occidit
1189 4032 1470 4086 matutino.
1505 4031 1701 4100 Aquilo
1734 4033 1815 4086 vel
1869 4032 2096 4103 Septen-

823 4124 926 4178 trio
957 4123 1066 4176 llat.
1655 4176 1662 4183 ,

545 4212 637 4266 xii.
730 4212 884 4267 Aries
914 4213 966 4265 in
997 4213 1136 4265 latus
1157 4212 1404 4281 emergit.
1437 4210 1578 4265 Pluit
1608 4219 1701 4265 aut
1743 4212 1936 4283 ningit.

545 4306 617 4360 xi.
669 4367 701 4378 υ
731 4305 935 4360 Cancer
965 4314 1174 4375 tergore
1200 4305 1394 4360 oritur.
1429 4305 1629 4360 Auster
1655 4304 1767 4359 ﬂat.

545 4414 598 4452 κ.
727 4397 1156 4469 IEquinoctium,
1190 4399 1345 4467 pluit,
1370 4397 1642 4452 interdum
1674 4406 1845 4451 tonat.
2133 4409 2176 4464 ι)

545 4488 618 4539 ix.
728 4487 1130 4555 Septentriones
1170 4497 1222 4540 et
1252 4487 1446 4557 Aquilo
1467 4486 1615 4540 ﬂant.
1659 4483 1849 4554 Equus
1907 4485 2106 4540 occidit

823 4579 1105 4632 matutino.

545 4668 655 4721 viii.
747 4667 932 4723 Pisces
967 4677 1176 4739 tergore
1215 4674 1521 4736 emergunt,
1574 4667 1664 4720 nix
1724 4665 1896 4738 imbre
1943 4664 2104 4721 mista

825 4753 986 4810 cadit.
1019 4757 1174 4811 Aries
1206 4755 1467 4808 matutino
1503 4755 1729 4824 emergit
1761 4769 1884 4809 cum
1940 4753 2098 4817 mari,

832 4848 1056 4902 turbatio
1092 4847 1253 4902 aeris.
1951 4905 1954 4908 _

546 4939 638 4991 vii.
729 4939 1130 5008 Equinoctium
1193 4951 1436 4999 vernum,
1500 4934 1658 5004 pluit,
1707 4933 1984 4988 interdum
2045 4940 2099 4987 et

825 5039 994 5083 tonat.

548 5123 621 5179 vi.
763 5122 882 5174 Nox
914 5131 967 5175 et
995 5123 1110 5176 dies
1135 5121 1368 5190 aequales
1396 5118 1685 5174 exsistunt.

549 5232 605 5270 v.
746 5211 1003 5279 Scorpius
1044 5212 1242 5266 occidit
1270 5229 1281 5264 :
1307 5209 1596 5264 vehemens
1628 5206 1718 5260 llat
1743 5213 1959 5271 ventus,
1987 5204 2104 5271 plu-

825 5299 1049 5368 viasque
1077 5314 1194 5356 cum
1233 5298 1526 5353 tonitribus
1549 5295 1888 5350 commiscet.

551 5392 622 5450 iV.
767 5387 1022 5455 Scorpius
1049 5385 1265 5438 occidit.
1313 5383 1619 5454 Septentrio
1657 5380 1748 5434 llat
1789 5379 2028 5450 pluvius.

761 5477 955 5532 Auster
975 5472 1068 5528 ﬂat
1098 5481 1151 5528 et
1181 5473 1336 5543 pluit.

750 5573 1036 5628 Ventorum
1066 5564 1346 5634 procellae;
1378 5572 1430 5618 ct
1463 5579 1601 5634 saepe
1632 5562 1818 5633 pluit.-

1249 5652 1428 5709 XXXI.

1551 329 1641 386 AD
1681 330 1946 389 EUSEBII
1978 332 2374 392 CHRONICON
2409 337 2784 396 APPENDIX.

3621 353 3703 416 (iiii

2838 476 3127 532 APRILIS.

2201 607 2264 662 Ii.
2415 611 2674 681 Scorpius
2697 611 2900 665 occidit
2926 629 2937 665 :
2977 611 3070 664 Sol
3101 610 3204 665 diei
3241 620 3432 681 partem
3461 628 3597 667 unam
3618 616 3692 669 ad—

2488 702 2585 756 dit.
2612 701 2896 770 Aquilonis
2925 701 3050 754 llatu
3075 701 3384 755 nebulosum
3413 711 3486 756 est
3511 704 3695 759 uelum:
3763 750 3766 752 .

2485 789 2732 858 Vergili-.1:
2762 789 2897 842 oriri
2939 796 2991 843 et
3033 789 3426 857 praesigniﬁcari
3461 790 3695 858 incipiunt.

2201 899 2272 936 ιν.
2412 878 2719 934 Nebulosus
2753 893 2847 933 aer
2877 893 2972 948 per
3006 892 3193 932 omnes
3223 871 3407 932 terras.

2203 969 2281 1023 iii,
2315 975 2317 977 ‘
2407 967 2653 1038 Vergili-.2
2683 968 2939 1022 occidunt
2987 968 3314 1036 vespertino.

2203 1075 2288 1114 ra.
2401 1057 2537 1119 Flat
2555 1057 2797 1113 Africus.

2202 1147 2361 1204 NON.
2411 1148 2682 1204 Favonius
2709 1149 2903 1219 spirat.

2201 1241 2314 1296 viii.
2409 1240 2624 1296 Suculas
2647 1250 2932 1314 emergunt
2966 1260 2978 1296 :
3015 1241 3316 1312 pluviaeque
3343 1240 3406 1294 ab
3421 1239 3606 1295 'Austro
3633 1241 3705 1296 de-

2483 1330 2792 1387 volvuntur.

2201 1421 2295 1473 vii.
2405 1421 2603 1475 Auster
2640 1421 2751 1485 tlat,
2781 1430 2834 1475 et
2856 1420 3218 1491 Vergiliarum
3248 1418 3503 1489 reliquum
3530 1420 3705 1475 occidit.

2202 1512 2274 1564 vi.
2315 1559 2333 1576 ,
2414 1509 2686 1566 Favonius
2728 1510 2859 1566 ﬂare
2911 1511 3100 1581 incipit
3161 1509 3476 1565 matutino:
3509 1509 3709 1580 Vcrgilia:

2482 1602 2754 1656 occidunt.

2203 1709 2256 1748 v.
2400 1690 2678 1746 Australes
2707 1689 2976 1761 procellae.

2202 1783 2280 1838 IV:

2205 1873 2282 1928 iii.

2203 1979 2286 2017 PR.

2413 1782 2606 1851 Aquilo
2637 1782 2924 1836 vehemens
2959 1780 3068 1846 ﬂat,
3106 1779 3302 1852 vesper
3327 1789 3408 1838 est
3451 1779 3702 1852 pluviosas.

2414 1869 2614 1940 Frigidi
2644 1870 2774 1923 ﬂant
2806 1871 2971 1935 venti,
3004 1880 3056 1926 et
3087 1871 3245 1940 pluit.

2409 1961 2623 2016 Suculas
2646 1961 3016 2017 occultantur.

2402 2053 2598 2123 Aquilo
2626 2051 2741 2115 ﬂat,
2775 2067 3004 2122 parvum
3036 2067 3280 2124 praesepe
3305 2055 3553 2108 exoritur.

2204 2145 2352 2202 xviii.
2402 2145 2710 2200 Obscurum
2743 2151 2971 2209 astrum,
3005 2152 3057 2199 et
3086 2146 3257 2209 venti,
3294 2153 3349 2200 et
3378 2145 3580 2201 imbres.

2203 2237 2330 2292 xvii.
2410 2235 2623 2291 Sticula:
2649 2231 2906 2291 occidunt
2937 2253 2951 2288 :
2979 2233 3155 2305 frigidi
3176 2235 3390 2305 spirant
3419 2237 3586 2292 venti:
3614 2235 3711 2293 I'er-

2477 2341 2605 2380 seus
2625 2325 2820 2382 oritur.
3120 2394 3123 2397 _

2416 2413 2630 2469 Suculze
2658 2415 2917 2470 occidunt
2952 2433 2965 2470 :
2997 2416 3168 2484 spirat
3197 2414 3488 2489 Favonius.

2202 2523 2290 2562 xv.
2415 2507 2507 2561 Sol
2540 2507 2592 2560 in
2622 2505 2806 2562 Tauro
2840 2545 2856 2572 ,
2893 2506 3106 2561 Suculae
3127 2509 3496 2566 occultantur.

2202 2597 2311 2651 xiv.
2407 2596 2626 2652 Africus
2647 2595 2760 2653 (lat.

2203 2684 2317 2742 xiii.
2397 2683 2612 2740 Suoulae
2637 2687 2854 2755 penitus
2878 2683 3395 2744 occidunt.Africus
3415 2686 3503 2742 ﬂat
3528 2685 3714 2755 γοεραί.

2202 2773 2296 2828 xii.
2411 2773 2682 2831 Favonius
2715 2777 2904 2846 Spirat.

2203 2415 2311 2469 xvi.

2201 2861 2276 2916 xi.
2411 2861 2575 2917 Tauri
2611 2873 2772 2932 caput
2801 2865 3002 2923 occidit
3031 2873 3085 2920 et
3110 2865 3268 2932 pluit.

2203 2968 2256 3008 χ.
2412 2951 2659 3023 Vergiliae
2691 2955 3012 3009 exoriuntur
3049 2976 3061 3010 :
3097 2946 3379 3008 Favonius
3405 2954 3580 3024 spirat.

2203 3043 2279 3100 ix.
2417 3038 2664 3098 Fidicula
2691 3045 2838 3098 circa
2868 3045 3093 3114 primam
3118 3043 3292 3099 facem
3323 3054 3556 3116 apparet.

2204 3131 2316 3186 viii.
2412 3129 2652 3186 Fidicula
2682 3135 2941 3198 cernitur,
2977 3141 3030 3188 ct
3063 3134 3222 3203 pluit.

2202 3221 2294 3275 vii.
2414 3221 2664 3292 Praesepe
2693 3226 2917 3296 emergit
2949 3243 2963 3280 :
2993 3225 3192 3279 desiuit
3225 3224 3355 3281 Ver.

2200 3310 2273 3364 vi.
2415 3311 2629 3366 Suculae
2654 3314 2867 3382 penitus
2890 3314 3164 3380 occidunt,
3189 3323 3246 3371 et
3273 3313 3439 3371 Veris
3463 3312 3715 3370 conversio.

2201 3416 2257 3454 v.
2389 3397 2518 3472 ‘56
2556 3403 2750 3457 Auster
2779 3404 2892 3459 llat.

2203 3490 2275 3545 iv.
2410 3491 2666 3546 Austrina
2695 3491 2833 3555 dics,
2868 3502 2920 3548 et
2949 3493 3148 3567 pluvia.

2204 3580 2281 3634 iii.
2415 3580 2570 3636 Παθᾱί
2601 3582 2852 3638 oriuntur
2885 3601 2898 3637 :
2929 3585 3127 3638 Auster
3154 3583 3246 3637 ﬂat
3278 3584 3566 3638 matutino.

2203 3685 2287 3727 ps.
2406 3672 2571 3727 Canis
2618 3675 2924 3728 occultatur
2961 3674 3174 3742 vesperi
3214 3689 3229 3727 :
3283 3689 3382 3729 aer
3419 3673 3729 3729 conturbatur

2486 3763 2557 3818 ab
2586 3763 2808 3831 Austro,
2843 3771 2897 3820 et
2937 3763 3132 3833 Aquilo
3165 3777 3225 3818 se
3255 3763 3424 3818 simul
3458 3761 3727 3833 permisca.

2906 3894 3068 3950 XXX.

2872 4050 3101 4107 MAIUS.

2202 4210 2266 4264 Κ.
2411 4209 2575 4264 Canis
2603 4207 2928 4268 occultatur,
2963 4211 3112 4259 rores
3139 4203 3504 4257 descendunt.

2207 4303 2278 4356 vi.
2415 4299 2624 4352 Suculze
2652 4311 2773 4351 cum
2809 4295 2931 4349 Sole
2960 4294 3228 4349 oriuntur.

2203 4408 2255 4447 v.
2415 4389 2720 4444 Centaurus
2765 4395 2988 4458 apparet
3028 4393 3172 4439 totus
3211 4402 3226 4439 :
3263 4383 3542 4438 Favonius
3575 4379 3734 4450 spirat.

2208 4479 2277 4530 iv.
2419 4477 2678 4545 Scorpius
2721 4489 2938 4530 sursum
2979 4473 3199 4542 emergit
3244 4471 3493 4542 :Aquilo
3532 4469 3617 4522 llat
3653 4486 3664 4520 :
3696 4470 3735 4516 tl
3828 4471 3829 4545 ξ

2485 4581 2634 4621 rores
2661 4566 2882 4620 cadunt.

2205 4658 2287 4712 iii.
2415 4655 2657 4710 Fidicula
2687 4655 2860 4710 oritur
2889 4653 3173 4707 matutino.

2205 4761 2290 4802 ru.
2421 4745 2708 4799 Dimidium
2745 4743 3059 4813 Scorpionis
3091 4739 3309 4795 occidit.

2203 4831 2362 4888 NON.
2421 4831 2668 4902 Vergiliae
2708 4832 2961 4887 oriuntur
2985 4830 3273 4892 matutino,
3303 4837 3359 4883 et
3395 4828 3564 4898 spirat
3597 4823 3734 4876 Favo-

2483 4939 2629 4978 tuus.

2204 5015 2316 5070 viii.
2408 5012 2740 5082 Principium
2768 5012 2971 5067 aestatis
3005 5030 3019 5066 :
3050 5009 3321 5065 Favonius
3352 5007 3624 5078 praevalet.

2204 5108 2296 5161 vii.
2416 5104 2614 5176 Eodem
2649 5103 2740 5156 Ilat
2770 5103 2929 5157 modo
2959 5101 3272 5180 Favonius.‘

2205 5198 2276 5251 vi.
2420 5194 2657 5248 Fidicula
2693 5196 2886 5248 oritur.
2919 5193 3133 5247 Suculas
3161 5187 3440 5244 occidunt.
3475 5182 3631 5238 Tauri
3659 5194 3722 5233 ca-

2484 5296 2578 5361 put
2604 5292 2846 5355 apparet.

2202 5395 2256 5432 v.
2410 5377 2657 5446 Vergiliae
2688 5381 2965 5444 apparent.

2205 5471 2276 5524 iv.
2416 5468 2662 5538 Vergilia:
2692 5469 2959 5522 oriuntur.
2997 5464 3193 5519 Auster
3229 5462 3366 5520 ﬂat..

2180 5559 2283 5614 iii.
2419 5557 2631 5614 Suculae
2660 5557 2934 5611 occidunt.
2970 5554 3208 5614 Austrini
3241 5559 3366 5608 sunt
3390 5549 3567 5606 ﬂatus.

2205 5663 2289 5705 ra.
2424 5646 2678 5716 Scorpius
2701 5643 2918 5706 occidit,
2950 5651 3002 5697 et
3018 5636 3261 5698 Fidicula
3279 5639 3457 5696 oritur
3476 5630 3722 5692 matutino.
