3908 6174
198 278 283 346 εὖτ
655 341 661 347 ,
1224 264 1592 322 promum
1632 255 2232 320 nearetuss'rus.

200 394 277 451 ΙΙ).
387 390 587 445 Cancer
612 386 847 464 exoritur
882 389 977 441 :‘bt
1005 384 1097 439 ﬂat
1120 383 1337 439 Auster.

203 483 321 538 xvii.
387 480 591 535 Initium
619 478 841 534 astatis.

201 574 295 629 xvi.
385 569 637 641 Procyon,
680 580 840 639 quam
883 566 1099 638 quidam
1140 563 1442 620 caniculam
1494 568 1712 622 vocant,

452 657 664 713 occidit.

202 766 276 805 sv.
386 748 472 804 Sol
502 744 565 801 in
581 746 837 801 Geminis.

198 840 293 895 xiv.
388 836 579 891 Auster
602 835 693 890 ﬂat
723 833 951 906 vesperi.
1042 862 1051 867 -

196 928 294 981 xiii.
376 924 584 979 Sucula‘.
604 925 870 990 oriuntur,
894 932 945 979 et
976 922 1067 977 ﬂat
1100 923 1321 993 Aquilo.

194 1019 276 1071 xil.
386 1016 640 1069 Arcturus
662 1011 880 1076 occidit,
911 1028 1108 1082 aerane
1135 1010 1517 1068 conturbatur.

194 1107 265 1159 xi.’
388 1104 707 1174 Sagittarius
733 1104 950 1167 occidit,
983 1114 1035 1158 et
1062 1103 1153 1157 ﬂat
1176 1103 1391 1158 Auster.

194 1210 238 1248 x.
374 1191 577 1248 Gemini
607 1194 947 1260 exoriuntur,
979 1202 1033 1248 et
1061 1193 1273 1262 Aquila.
1324 1244 1331 1250 .

190 1285 256 1339 is.
376 1282 582 1337 Suculas
613 1284 745 1338 oriri
777 1284 1058 1353 incipiunt,
1092 1291 1145 1339 et
1178 1282 1334 1353 pluit.

191 1375 290 1429 viii.
369 1373 582 1442 Capella
611 1374 786 1427 oritur
816 1374 1101 1437 matutino,
1140 1386 1192 1431 et
1223 1372 1315 1426 ﬂat
1338 1371 1560 1442 Aquilo.

190 1462 270 1515 vii.
379 1460 585 1516 Taurus
604 1462 823 1515 occidit.
844 1461 1043 1517 Auster
1054 1469 1108 1515 et
1121 1460 1317 1530 Aquilo
1342 1458 1491 1516 ﬂant.

189 1554 257 1606 vi.
374 1553 563 1606 Auster
589 1551 781 1621 spirat.

210 1685 233 1697 -
374 1639 613 1695 Fidicula
646 1641 821 1696 oritur
848 1641 1115 1695 matutino
1147 1656 1163 1695 :
1191 1652 1244 1695 et
1266 1640 1464 1696 Auster
1491 1641 1604 1696 ﬂat.
1694 1675 1712 1682 -

189 1731 250 1783 iv.
368 1728 561 1783 Auster
598 1730 886 1784 vehemens
919 1727 1031 1782 ﬂat.

189 1824 255 1878 iii.
368 1820 616 1892 Virgiliae
638 1820 977 1885 exoriuntur,
1019 1819 1222 1876 imbres
1260 1834 1384 1876 cum
1426 1823 1714 1879 tonitribus

436 1914 591 1968 ﬂunt.

184 2016 267 2059 rs.
367 2002 683 2072 Tempestas
747 2019 970 2074 aspera,
1013 2005 1213 2061 hiemat
1261 2022 1353 2061 aer
1404 2023 1417 2060 :

440 2094 654 2163 vesperi
681 2095 919 2149 tonitrua
948 2098 1376 2150 commoventur.

828 2204 1016 2259 XXXI.
1072 2258 1078 2263 .

801 2313 1064 2370 JUNiUS.

184 2421 239 2480 Il.
290 2470 311 2477 -
365 2422 574 2480 Sticula:
611 2433 733 2481 totae
768 2436 1050 2498 emergunt
1082 2446 1095 2481 :
1132 2427 1329 2483 Auster
1360 2427 1474 2482 ﬂat.

182 2513 243 2567 iv.
362 2517 553 2584 Aquilo
604 2518 847 2573 exoritur
892 2537 907 2574 :
960 2520 1101 2576 aeris
1159 2526 1474 2589 tempestas,
1505 2528 1572 2575 .et
1614 2519 1713 2575 ﬂat

427 2604 727 2663 Favonius.

182 2697 246 2750 iii.
364 2698 652 2755 Austral.-s
681 2701 927 2770 procellae
955 2715 1079 2755 cum
1107 2700 1382 2757 tonitruis.
1474 2743 1497 2763 .

182 2806 251 2843 ru.
359 2793 555 2848 Auster
594 2792 715 2857 ﬂat,
750 2802 801 2848 et
831 2794 985 2863 pluit.

180 2876 316 2937 NON.
365 2881 555 2953 Aquilo
595 2885 845 2939 exoritur
877 2888 903 2952 ;'
930 2883 1265 2948 ﬂatauster,
1300 2890 1353 2939 et
1380 2882 1537 2950 pluit.

180 2974 277 3023 ηε..
360 2974 548 3044 Aquilo
582 2974 699 3041 ﬂat,
728 2981 780 3031 et
813 2974 970 3045 pluit.

180 3062 260 3117 vis.
354 3065 625 3120 Arcturus
652 3067 849 3121 occidit
875 3066 1139 3121 matutino
1169 3084 1182 3120 :
1213 3062 1484 3120 Favonius
1514 3062 1708 3134 spirat.

179 3154 240 3206 vi.
369 3155 670 3226 Delphinus
702 3173 974 3227 emergere
1023 3158 1207 3227 incipit
1245 3177 1259 3211 :
1302 3158 1567 3212 Arcturus
1619 3169 1714 3210 oc-

428 3249 587 3301 cidit.

180 3348 223 3386 v.
365 3335 556 3405 Aquilo
602 3336 713 3400 ﬂat,
745 3345 802 3390 et
832 3336 1043 3392 modice
1072 3337 1227 3407 pluit.

179 3424 241 3478 iv.
351 3425 645 3483 Pluviosus
693 3444 784 3483 aer
823 3440 945 3483 cum
992 3428 1263 3495 tonitruis,
1323 3436 1377 3483 et
1442 3426 1713 3482 Australis

427 3519 569 3574 dies.

179 3608 247 3662 iii.
360 3608 757 3665 'I'urbulentutn
788 3611 984 3665 coelum
1011 3622 1135 3663 cum
1166 3610 1445 3665 tonitruis.

177 3715 249 3753 rs.
366 3699 644 3756 Favonius
671 3701 753 3755 vel
782 3700 955 3754 Corus
976 3698 1088 3763 ﬂat,
1114 3706 1167 3754 et
1197 3707 1365 3752 tonat.

176 3789 252 3846 ill.
364 3792 668 3864 Delphinus
704 3793 930 3862 emergit
958 3808 973 3845 :
1005 3790 1203 3844 Auster
1230 3787 1343 3843 ﬂat.

177 3884 308 3941 xviii.
356 3883 584 3940 Orionis
647 3883 857 3938 humeri
938 3883 1223 3936 elevantur
1252 3924 1268 3948 ,
1321 3888 1375 3936 et
1447 3880 1714 3950 principia

425 3976 664 4032 astatis.

172 4061 288 4119 rvii.
360 4063 673 4120 Obscurum
693 4048 919 4117 astrum.
950 4059 1223 4115 Favonius
1250 4069 1304 4114 et
1327 4060 1525 4115 Auster
1554 4059 1709 4115 ﬂant.

176 4155 272 4208 xvi.
362 4155 517 4211 Aeris
553 4163 847 4224 tempestas
876 4162 931 4210 et
963 4153 1237 4224 Aquilonii
1270 4150 1449 4206 ﬂatus.

175 4257 251 4297 xv.
360 4242 639 4301 Favonius
663 4258 783 4299 cum
818 4245 1018 4299 Austro
1048 4244 1237 4313 spirat.
1267 4241 1483 4297 Orionis
1500 4239 1711 4295 humeri

426 4343 715 4406 apparent.
854 4332 862 4339 ’

175 4425 268 4477 xiv.
358 4425 461 4482 Sol
493 4429 553 4480 in
585 4414 814 4480 Cancro.
844 4423 1009 4480 Orion
1038 4422 1280 4479 exoritur
1305 4422 1587 4476 matutino.

108 4516 113 4521 '
174 4515 275 4571 xiii.
360 4516 565 4573 Auster
599 4524 652 4570 et
672 4514 940 4570 Favonius
971 4516 1122 4578 ﬂant,
1152 4515 1285 4584 pluit
1309 4521 1364 4568 et
1392 4521 1566 4567 tonat.

174 4607 257 4659 xii.
356 4607 739 4680 Serpentarius
770 4608 969 4663 occidit
998 4608 1291 4661 matutino.

176 4699 238 4747 xi.
363 4700 565 4755 Auster
585 4714 709 4753 cum
734 4698 1000 4768 Aquilone
1025 4698 1217 4768 spirat.

174 4800 221 4841 Χ.
362 4789 596 4845 Exortus
625 4788 865 4844 Orionis.

175 4876 238 4926 ix.
361 4877 593 4932 Ohseuri
624 4878 755 4931 astri
794 4885 1129 4941 exortus,.et
1161 4879 1402 4932 calorum
1448 4880 1706 4931 intentio.

173 4967 252 5019 viii
364 4967 614 5025 zEstivus
650 4968 835 5034 cardo,
874 4976 928 5022 et
976 4976 1350 5025 momentauea
1394 4969 1536 5023 aeris
1585 4980 1713 5036 per-

433 5060 695 5116 turbatio.

172 5145 255 5197 vii.
356 5147 576 5205 Africus
612 5157 665 5205 et
691 5146 961 5206 Favonius
988 5150 1148 5205 simul
1176 5152 1408 5229 spirant.

171 5235 236 5285 vi.
368 5237 690 5294 Brevissima
714 5257 841 5295 nox.
868 5241 1031 5295 Orion
1055 5244 1316 5297 exoritur.

171 5337 218 5377 νο
306 5378 345 5393 ,.
375 5327 521 5383 Piuit
549 5334 774 5401 vesperi.
806 5331 971 5386 Canis
996 5344 1252 5401 apparere
1276 5330 1481 5402 incipit.

171 5425 237 5467 tv.
368 5413 664 5474 Ventorum
693 5420 997 5476 conﬂictus.

172 5499 245 5560 lii.
373 5508 545 5565 Canis
579 5512 818 5568 exoritur
848 5513 1130 5569 matutino.
1173 5513 1319 5570 Zona
1344 5513 1563 5571 Orionis
1602 5529 1700 5583 ap-

438 5609 595 5671 paret

1479 2006 1714 2075 iugentia

1742 385 1781 439 Α
1810 395 1896 434 ru.

1747 1708 1791 1763 Β
1814 1707 1906 1761 vii.

1738 4348 1866 4409 υν.

3260 247 3364 311 658

2012 383 2275 435 Arcturus
2320 379 2519 434 occidit
2564 372 2848 434 matutino.
2884 377 2942 424 et
2985 364 3127 422 acris
3171 361 3368 416 intera-

2093 473 2285 541 peries.

2506 579 2671 633 XXX.

2459 686 2715 744 IULIUS.

1814 804 1880 859 Κ.
2027 803 2132 875 57
2163 803 2267 859 Aer
2305 802 2375 858 ab
2404 802 2670 873 Aquilone
2696 798 3067 853 conturbatur.

1816 897 1888 951 vi.
2028 896 2331 950 Obscurum
2357 902 2562 949 astrum
2584 910 2597 946 :
2619 892 2813 944 Auster
2840 888 2950 947 ﬂat,
2972 886 3053 940 vel
3081 882 3364 937 Favonius.

1815 1001 1866 1040 v.
2027 985 2287 1040 Austrina
2322 983 2461 1045 dies,
2495 993 2549 1037 et
2575 979 2863 1035 conturbat
2886 992 2918 1029 o
2946 978 3104 1029 avris.

1816 1076 1889 1131 iv.
2031 1075 2196 1130 Orion
2242 1076 2521 1138 exoritur,
2563 1071 2785 1127 Ciconia
2825 1070 3056 1126 occi.’.it.
3106 1075 3155 1121 et
3195 1066 3368 1119 Favo-

2092 1167 2215 1224 nius
2244 1169 2417 1238 spirat

1815 1260 1892 1314 iii.
2029 1258 2260 1314 Medium
2285 1259 2479 1315 Cancri
2507 1265 2769 1314 exoritur.

1817 1365 1902 1407 vlt.
2014 1351 2210 1407 Etesia:
2244 1350 2399 1413 ﬂant,
2430 1356 2631 1405 etcum
2658 1347 2858 1401 Austro
2892 1343 3209 1412 Aquilunrs.

1815 1438 1974 1495 NON.
2019 1438 2233 1495 Corona
2270 1439 2470 1494 occidit
2498 1436 2765 1492 matutino
2800 1450 2813 1486 :
2847 1432 2936 1485 ﬂat
2970 1438 3183 1483 Auster.

1816 1529 1929 1584 viii.
2030 1529 2275 1599 Cepheus
2316 1529 2579 1590 exoritur,
2607 1534 2661 1581 et
2689 1522 2944 1577 Austrina
2978 1518 3120 1573 aeris
3154 1522 3368 1586 pertur-

2093 1620 2257 1675 batio.

2024 1707 2191 1763 Orion
2223 1716 2370 1765 totus
2397 1709 2639 1779 emergit.
2670 1709 2864 1762 Auster
2892 1706 3000 1758 ﬂat.

1815 1795 1888 1849 vi.
2024 1796 2323 1853 Etesiarum
2356 1798 2627 1869 prodromi
2656 1798 2815 1852 ﬂatus
2838 1799 3066 1867 spirant.

1813 1903 1867 1952 ν,
2028 1889 2228 1946 Imbres
2257 1904 2380 1944 cum
2411 1891 2723 1957 tonitribus,
2754 1886 2843 1943 ﬂat
2876 1889 3089 1960 Aquilo.

1816 1995 1889 2033 tv.
2000 1979 2167 2035 Orion
2200 1989 2348 2059 totus
2372 1983 2546 2036 oritur
2576 1983 2862 2043 matutino,
2886 1991 2937 2035 et
2970 1981 3243 2051 μιαινοιηὶ
3277 1980 3362 2033 in-

2091 2072 2369 2128 valescunt
2392 2072 2576 2129 ﬂatus.

1813 2157 1890 2211 iii.
2025 2159 2242 2216 Africus
2270 2162 2361 2215 ﬂat
2396 2163 2758 2217 turbulentus.

1813 2262 1897 2301 rs.
2022 2250 2217 2320 Aquilo
2242 2250 2355 2305 ﬂat.

1812 2335 1901 2391 ID.
2025 2338 2282 2396 Canicula
2315 2343 2559 2398 exoritur
2611 2341 2803 2399 Etesize
2836 2342 3192 2397 inv.:lcscm:t.

1812 2427 1961 2484 xviii.
2026 2429 2191 2486 Orion
2228 2433 2489 2499 exoritur,
2517 2440 2572 2488 et
2602 2434 2871 2489 violentus
2896 2433 2985 2487 ﬂat
3010 2433 3226 2502 Aquilo.

1811 2523 1919 2578 xvi.
2017 2521 2248 2580 Estatis
2278 2523 2585 2589 dimidium,
2613 2534 2666 2581 et
2687 2524 2800 2580 dies
2825 2523 3109 2594 Aquiluttis
3139 2523 3264 2575 Ilatu
3298 2522 3369 2575 ai-

2088 2615 2318 2686 gentior.

1811 2718 1899 2758 xv.
2024 2696 2298 2759 Favonius
2326 2712 2381 2758 et
2410 2702 2680 2757 interdum
2714 2702 2909 2759 Auster
2944 2704 3174 2773 Spirant.
3204 2704 3369 2759 Canis

2087 2796 2262 2850 oritur
2286 2797 2577 2858 matutino,
2630 2804 2684 2850 et
2727 2797 2915 2852 etesia:
2958 2798 3190 2864 amplius
3219 2797 3370 2850 inva-

2087 2886 2317 2942 leseunt.

2028 2974 2197 3031 Orion
2229 2978 2490 3032 exoritur.
2521 2975 2694 3034 Corus
2724 2977 2837 3043 ﬂat,
2869 2986 3124 3052 totusque
3150 2990 3366 3050 apparet

2093 3068 2283 3124 Orion.

2028 3155 2118 3212 Sol
2142 3157 2197 3211 in
2224 3155 2423 3215 Leone.
2440 3158 2616 3214 Corus
2636 3160 2825 3230 spirat,
2850 3167 2901 3213 et
2918 3152 3081 3217 Canis
3107 3164 3368 3218 exoritur.

2025 3244 2220 3304 Etesia:
2247 3260 2371 3302 cum
2414 3247 2536 3302 aliis
2564 3248 2739 3302 ventis
2770 3261 2866 3317 per
2898 3261 3064 3303 unum
3093 3258 3147 3306 et
3181 3252 3369 3321 viginti

2090 3338 2221 3393 ﬂant
2242 3340 2378 3394 dies.
2398 3385 2415 3392 η

1813 3427 1887 3480 xi.
2016 3427 2296 3486 Prodromi
2327 3429 2487 3490 ﬂatus
2518 3436 2623 3491 late
2650 3437 2882 3508 spirant.

1816 3532 1869 3570 x.
2010 3516 2219 3574 Cancer
2249 3530 2398 3578 t0tus
2429 3539 2551 3578 cum
2580 3525 2762 3582 Leone
2792 3529 3056 3592 exoritur,
3090 3536 3143 3584 et
3178 3528 3365 3599 Aquila

1813 2975 1924 3030 xiv.

1815 3154 1931 3212 xiii.

1816 3244 1907 3300 xii.

2090 3609 2312 3666 occidit.

1812 3698 1886 3754 ix.
2022 3700 2131 3757 Leo
2165 3718 2286 3758 cum
2317 3703 2442 3762 Sole
2472 3707 2717 3764 exoritur
2746 3717 2803 3767 et
2831 3709 2996 3767 Cane.
3030 3711 3238 3766 Cancer
3268 3711 3355 3764 de~

2091 3793 2323 3852 scendit.

2026 3882 2236 3941 Gemini
2285 3888 2532 3945 occidere
2579 3891 2868 3961 incipiunt.
2913 3894 3075 3953 Canis
3117 3901 3362 3970 emergit,

2091 3982 2144 4029 et
2172 3975 2414 4032 Austrini
2446 3987 2574 4034 sunt
2600 3980 2781 4037 ﬂatus.
3358 4004 3369 4011 '

1811 4062 1905 4116 vii.
2010 4064 2197 4136 Caligo
2223 4081 2474 4125 arenosa.
2500 4070 2693 4140 Aquila
2722 4074 2942 4138 occidit,
2969 4074 3075 4132 Leo
3099 4083 3339 4132 exoritur

2089 4156 2182 4211 ﬂat
2209 4159 2428 4216 Auster.

1812 4249 1884 4304 vi.
2019 4249 2354 4307 Canicularis
2385 4261 2569 4308 testas.
2991 4317 2995 4320 ,

2024 4337 2380 4396 Vehementes
2399 4344 2629 4398 calores.
2652 4343 2845 4403 Etesiae
2869 4348 3110 4404 valenter
3134 4354 3365 4420 spirant.

1813 4434 1886 4487 iv.
2023 4433 2227 4488 Lucida
2282 4434 2436 4489 stella
2491 4436 2544 4489 in
2586 4434 2783 4494 Leonis
2839 4448 3058 4508 pectore
3100 4444 3360 4503 exoritur.

2085 4525 2284 4595 Aquilo
2311 4525 2523 4596 gelidus
2550 4536 2776 4598 propter
2801 4537 3014 4585 aestum.

1810 4617 1891 4672 iii.
2012 4616 2367 4693 Autumnales
2384 4617 2594 4674 fructus
2611 4634 2875 4690 apparere
2894 4623 3175 4690 incipiunt.
3197 4626 3362 4696 Aqui-

2089 4704 2138 4758 la
2161 4705 2363 4760 occidit
2394 4708 2677 4771 matutino,
2706 4724 2907 4780 aesque
2936 4712 3185 4769 turbidus
3213 4714 3289 4768 tit.

1813 4809 1895 4849 an.
2018 4795 2219 4851 Auster
2248 4811 2373 4851 cum
2406 4797 2593 4852 Africo
2623 4799 2784 4853 simul
2814 4802 3040 4870 spirant.

2490 4927 2681 4983 XXXI.

2384 5036 2774 5096 AUGUSTUS.

1812 5152 1878 5206 Κ.
2021 5152 2216 5224 Aquila
2250 5152 2450 5209 occidit
2477 5154 2766 5221 matutino,
2802 5153 2894 5210 ﬂat
2932 5155 3170 5227 Africus,
3200 5175 3361 5215 arenc

2088 5253 2168 5300 ιεε
2202 5251 2329 5299 sunt
2346 5254 2531 5300 IBSIUS.

1811 5332 1884 5387 iv.
2026 5334 2219 5403 Aquila
2247 5334 2469 5396 occidit,
2499 5349 2595 5390 aer
2621 5336 2930 5393 Austrinos.

1811 5423 1891 5477 iii.
2018 5423 2274 5481 Austrina
2302 5424 2441 5481 dies.

1809 5531 1893 5571 es.
2012 5516 2209 5572 Leonis
2234 5514 2470 5570 medium
2499 5518 2763 5573 exoritur.
2783 5519 2956 5575 Arbor
2987 5518 3038 5572 in
3065 5519 3163 5571 hoc
3195 5518 3358 5572 bicluo

2086 5617 2324 5679 apparet.
2352 5608 2547 5665 Auster
2574 5611 2854 5667 nimbosus
2878 5611 3217 5664 veliemcuter
3244 5611 3356 5666 ﬂat.

1811 3880 1921 3934 viii.

3348 4123 3368 4149 9
