3908 6174
531 287 636 353 659

815 489 1101 543 vehemens
1129 484 1220 538 ﬂat
1271 484 1488 548 Auskr,
1513 491 1566 537 et
1597 482 1769 538 Grues
1811 471 2094 554 apparent.

748 575 996 637 Fidicula
1025 561 1384 629 contrahitur.
1419 570 1674 626 Austrina
1705 573 1820 626 dies
1842 579 2096 625 arstuosa.

741 667 957 723 Orionis
981 665 1218 720 medium
1241 664 1568 728 occultatur,
1591 672 1643 717 ct
1664 663 1779 717 dies
1811 662 1878 716 ab
1903 663 2099 717 Austro

815 757 1166 826 caliginosus,
1197 762 1250 809 et
1275 761 1567 808 aestuosus.

537 849 612 903 vi.
753 845 862 902 Leo
897 846 1159 906 exoritur,
1189 855 1352 899 aestus
1387 842 1763 904 intolerabilis,
1806 841 2100 895 nebulosus

819 952 912 991 aer
938 956 951 991 :
985 935 1201 990 Orionis
1229 929 1472 989 e'xoritur
1496 932 1752 986 medium.

544 1042 594 1081 v.
750 1024 1051 1081 Obscurum
1101 1034 1326 1079 astrum.
1379 1021 1687 1092 Septentrio
1734 1021 1869 1077 lenis
1911 1021 2100 1090 spirat,

819 1126 983 1170 aestus
1023 1114 1335 1168 mediocris.

543 1208 617 1262 iv.
758 1205 992 1261 Lunaris
1019 1206 1263 1260 defectus
1286 1205 1339 1258 in
1378 1204 1514 1257 hanc
1546 1203 1686 1257 diem
1713 1203 1992 1257 incurrere
2016 1216 2105 1257 so-

822 1297 914 1351 let.
959 1296 1157 1350 Auster
1197 1301 1252 1349 et
1289 1294 1485 1362 Aquilo
1526 1294 1758 1362 Spirant,
1808 1299 1860 1347 et
1895 1292 2107 1347 calores

821 1397 948 1443 sunt
974 1386 1248 1456 ingentes.

545 1479 626 1534 iii.
767 1475 1011 1532 Fidicula
1066 1475 1266 1529 occidit
1325 1457 1616 1528 matutiiio.
1664 1471 1969 1526 Autumnus
2014 1470 2104 1524 "in-

819 1569 1002 1622 choat.
1032 1566 1329 1621 Ventorum
1352 1578 1654 1620 concursus
1684 1561 1763 1616 ﬁt.

543 1676 628 1716 ra.
758 1657 1055 1715 Ventorum
1087 1656 1373 1712 conﬂictus
1404 1663 1456 1710 et
1487 1669 1688 1725 pugna.

543 1751 632 1807 Π).
769 1749 1067 1819 Delphinus
1098 1762 1220 1802 cum
1255 1747 1461 1816 Lepore
1500 1743 1720 1798 occidit.

545 1843 656 1896 xix.
762 1838 1010 1895 Aistuosi
1045 1845 1098 1892 et
1129 1837 1440 1909 squalentes
1469 1834 1697 1887 calores.

538 579 652 635 viii.

538 672 631 724 vii.

545 1931 700 1987 xviii.
763 1929 1068 1985 Obscurum
1101 1936 1339 1991 astrum,
1377 1932 1432 1980 et
1460 1921 1734 1977 Favonius
1763 1937 1885 1980 cum
1917 1928 2107 1976 austro
2205 1921 2321 1975 viii.

827 2022 1022 2091 spirat.

548 2113 682 2169 xvii.
770 2111 1066 2182 Delphinus
1090 2107 1288 2164 occidit
1311 2105 1598 2160 matutino.
1680 2167 1698 2186 λ

548 2207 662 2262 xvi.
765 2203 1026 2258 Autumni
1057 2203 1292 2256 initium.

552 2311 643 2351 xv.
768 2291 1012 2349 Fidicula
1045 2291 1265 2354 occidit,
1295 2298 1347 2345 et
1378 2288 1470 2342 ﬂat
1503 2287 1719 2357 Aquilo.

551 2387 661 2440 xiv.
761 2383 1058 2453 Delphinus
1093 2381 1420 2444 occultatur,
1461 2377 1752 2432 mediocris
1785 2382 1970 2429 aestus.

551 2477 669 2532 xiii.
769 2471 1014 2528 Fidicuia
1063 2469 1262 2524 occidit
1309 2468 1591 2522 matutino.
1646 2464 1739 2518 Sol
1784 2464 1840 2517 in
1872 2460 2112 2532 Virgine.

829 2565 1027 2618 Auster
1057 2562 1170 2624 ﬂat,
1211 2560 1370 2630 pluit,
1405 2564 1460 2612 et
1493 2564 1664 2614 tonat.

552 2654 650 2710 xii.
767 2651 859 2707 Sol
890 2654 944 2706 in
974 2660 1085 2705 tota
1114 2648 1351 2724 Virgine.

553 2745 634 2799 xi.
775 2742 940 2811 Virgo
965 2742 1226 2796 exoritur.

554 2848 612 2887 x.
777 2831 1083 2901 Septentrio
1117 2830 1252 2884 lenis
1287 2828 1477 2896 spirat,
1513 2834 1623 2880 tota
1662 2825 1906 2880 exoritur
1931 2821 2114 2894 Virgo,

797 2925 802 2930 '
837 2922 979 2976 aeris
1013 2933 1095 2976 est
1128 2919 1414 2975 serenitas.

560 3013 636 3066 ix.
772 3007 932 3081 Virgo
963 3011 1225 3065 exoritur.
1255 3008 1452 3078 Aquilo
1481 3006 1593 3061 ﬂat.

558 3101 674 3156 viii.
781 3101 978 3154 Etesia:
998 3106 1226 3176 ponunt.
1251 3097 1448 3167 Aquilo
1473 3096 1716 3166 frigidior
1743 3095 1873 3148 ﬂare
1903 3093 2111 3164 incipit.

557 3194 651 3248 vii.
773 3178 1069 3262 Delphinus
1109 3191 1370 3253 exoritur,
1400 3197 1453 3243 et
1476 3188 1673 3242 Auster
1704 3189 1814 3240 ﬂa't.

559 3284 634 3340 vi.
781 3281 1151 3336 Vindemiator
1177 3280 1424 3348 emergit.
1448 3278 1646 3332 Auster
1668 3286 1720 3332 et
1755 3275 2021 3332 Favonius
2047 3275 2121 3329 si—

842 3373 954 3426 mul
982 3371 1134 3425 ﬂant.

561 3480 619 3519 ν.
795 3461 959 3532 Virgo
985 3477 1252 3532 apparere
1281 3461 1488 3531 incipit.

563 3555 637 3607 iv.
781 3549 1053 3606 Favonius
1083 3552 1220 3605 lenis
1252 3551 1444 3619 spirat.

562 3644 642 3697 iii.
781 3640 948 3711 Virgo
979 3641 1244 3704 exoritur,
1267 3640 1539 3698 Favonius
1561 3639 1792 3694 molliter
1826 3635 1947 3691 ﬂat.

563 3749 652 3789 rn.
787 3731 1130 3787 Andromeda
1161 3731 1425 3786 exoritur.

1253 3840 1443 3902 XXXI.

1139 3973 1565 4034 SEPTEMBER.

570 4095 633 4150 Κ.
787 4089 1128 4146 Andromeda
1171 4087 1432 4146 exoritur.
1475 4085 1674 4137 imbres
1707 4083 1831 4134 cum
1869 4077 2124 4132 tonitruis

850 4182 1005 4245 ﬁunt,
1042 4179 1134 4233 ﬂat
1171 4178 1472 4234 Vulturnus
1529 4193 1541 4227 :
1586 4176 1952 4229 inconstantes
2001 4179 2128 4225 sunt

848 4271 1012 4326 venti.

570 4365 645 4422 vi.
783 4362 1050 4417 Australis
1081 4359 1252 4414 Piscis
1282 4374 1393 4412 non
1413 4356 1645 4426 amplius
1669 4354 1985 4409 occultatur.

570 4473 627 4512 ν.
788 4453 963 4507 Tonat
995 4462 1049 4506 et
1081 4453 1237 4520 pluit.

573 4548 648 4600 iv.
791 4545 1057 4597 Arcturus
1097 4555 1220 4594 cum
1264 4537 1662 4592 Vindemiatore
1694 4533 1937 4588 exoritur
1966 4547 1981 4585 :
2016 4529 2132 4584 Ma-

855 4633 940 4685 lus
968 4631 1292 4684 occultatur.

575 4725 656 4782 iii.
784 4722 1034 4778 Mercurii
1057 4718 1410 4776 domicilium.
1437 4713 1702 4768 Favonius
1727 4713 1901 4782 spirat
1936 4731 1948 4766 :
1982 4719 2036 4768 et
2067 4726 2129 4765 ex

854 4820 1138 4866 ventorum
1172 4804 1530 4861 inconstantia
1563 4802 1762 4856 imbres
1788 4801 2004 4856 cadunt.

579 4920 663 4958 vn.
784 4901 968 4971 Equus
1001 4898 1264 4955 exoritur.

578 4990 736 5051 NON.
771 4993 881 5064 58
921 4990 1139 5061 Capella
1183 4984 1408 5056 emergit
1452 5002 1464 5034 :
1497 4983 1712 5038 Africus
1753 4979 1845 5034 ﬂat
1880 4979 2135 5049 vesperi,

857 5089 910 5136 et
942 5081 1095 5150 pluit.

803 5174 1070 5227 Arcturus
1111 5175 1330 5238 apparet
1361 5181 1373 5216 :
1410 5165 1502 5218 ﬂat
1530 5163 1744 5233 Aquilo,
1777 5169 1833 5216 et
1864 5159 2136 5216 interdum

863 5271 1030 5316 103M.

582 5358 676 5413 vii.
805 5353 1040 5423 Virginis
1079 5349 1313 5404 medium
1355 5346 1610 5402 exoritur.
1656 5340 1925 5398 Favonius
1970 5340 2142 5410 spirat

866 5458 989 5496 eum
1018 5439 1221 5494 Africo.

587 5539 659 5593 vi.
798 5535 938 5588 lilcm
963 5531 1102 5586 acris
1125 5537 1320 5582 status.

591 5645 640 5683 v.
795 5628 940 5682 idem
966 5626 1106 5679 aeris
1133 5628 1326 5676 status.

581 5178 695 5232 viii.

2157 4368 2204 4423 ι)
2232 4345 2302 4398 iv.

1519 277 1609 330 AD
1646 274 1916 332 EUSEBH
1949 272 2337 329 CilitONlCON
2382 271 2735 331 APPENDK.
3623 267 3706 328 660

535 396 696 454 NON.
743 397 956 453 Corona
1011 393 1232 450 occidit.
1291 391 1487 448 Leonis
1537 394 1774 448 medium
1836 392 2098 453 exoritur,
2128 391 2272 450 Aiv.
2403 351 2609 443 Arcturi

2403 390 2667 444 Arcturus
2693 389 2958 444 exoritur.

2202 479 2280 532 iii.
2403 479 2634 532 Arcturo
2661 478 2940 533 exoriente
2963 472 3163 527 imbres
3182 472 3395 528 cadunt.

2202 585 2285 623 ρει.
2414 567 2662 638 Vergiliae
2690 582 2812 621 cum
2840 567 2992 635 Equo
3015 563 3351 618 exoriuntur.

2202 659 2286 712 lD.
2414 657 2744 712 Hirundines
2768 672 2875 711 non
2896 655 3150 710 videntur
3184 669 3198 708 :
3243 653 3443 722 Capella
3477 657 3694 728 exoritur,

2478 757 2532 804 et
2556 751 2712 819 pluit.

2203 840 2312 893 xvi.
2413 837 2960 902 Duodecatemorion,
2996 835 3050 891 id
3079 841 3182 900 est,
3212 850 3288 888 xu
3314 833 3479 904 portio
3500 839 3700 892 autumni

2483 928 2693 998 incipit.

2204 1037 2290 1076 xv.
2407 1018 2682 1073 Favonius
2705 1018 2809 1072 late
2833 1017 3002 1086 spirat
3023 1030 3147 1070 cum
3173 1012 3373 1067 Africo.

2207 1115 2312 1166 xiv.
2411 1110 2588 1167 Piscis
2619 1109 2884 1171 exoritur,
2908 1117 2962 1161 et
2987 1105 3296 1176 Sepientrio
3321 1105 3480 1174 ponit.

2204 1203 2321 1258 xiii.
2417 1200 2510 1255 Sol
2552 1202 2606 1254 in
2636 1199 2798 1256 Libra
2829 1217 2841 1252 :
2872 1198 3062 1252 Crater
3089 1203 3308 1265 apparet
3353 1213 3364 1248 :
3399 1194 3591 1249 Arcturi
3641 1209 3708 1250 ne-

2481 1289 2632 1342 dium
2661 1287 2904 1343 cernitur
2936 1285 3224 1339 matutino.

2206 1381 2302 1435 xii.
2412 1381 2644 1434 Arcturo
2674 1378 2956 1432 exoriente
2979 1376 3181 1430 imbres
3203 1373 3404 1442 eopiosi
3433 1374 3626 1427 cadunt.

2205 1473 2280 1527 xi.
2411 1470 2820 1540 Equinoctium
2843 1465 3176 1528 autumnale,
3199 1473 3252 1519 et
3281 1464 3456 1518 Pisces
3481 1465 3706 1518 occidunt.

2205 1579 2262 1617 x.
2419 1563 2563 1632 Argo
2593 1559 2877 1615 descendit
2910 1577 2923 1612 :
2963 1557 3193 1627 pluviosi
3223 1556 3364 1609 acris
3399 1555 3705 1608 conturbatio.

2207 1657 2281 1708 ix.
2420 1649 2606 1707 Pisces
2654 1648 2914 1707 occidunt
2964 1664 2978 1701 :
3027 1645 3302 1699 Austrina:
3359 1641 3487 1696 ﬁunt
3528 1644 3708 1711 plurim:

2477 1741 2618 1796 aeris
2659 1747 3054 1808 ventorumque
3097 1735 3529 1790 conturbationes
3549 1741 3597 1788 et
3621 1749 3708 1785 ma-

2482 1829 2560 1884 ris
2592 1835 2964 1896 tempestates.

2415 1917 2650 1974 Lunaris
2673 1915 2919 1971 defectus
2955 1917 3006 1968 iu
3036 1914 3177 1968 hanc
3201 1909 3714 1967 ineurritdiem.Ccn—

2483 2017 2675 2063 taurus
2704 2007 2966 2062 exoritur.

2207 2102 2301 2156 vii.
2408 2098 2714 2154 Nebulosus
2743 2111 2834 2151 aer
2853 2103 2908 2151 et
2932 2093 3282 2148 turbulentus
3308 2089 3530 2146 exsistit.

2209 2192 2282 2246 vi.
2423 2188 2574 2245 Haedi
2614 2187 2942 2243 exoriuntur
2970 2199 2984 2235 :
3019 2191 3071 2238 et
3101 2183 3302 2236 Auster
3340 2179 3603 2235 vehemens
3632 2176 3715 2229 ﬂat.

2119 2305 2123 2310 ’
2210 2299 2262 2337 v.
2425 2280 2591 2350 Virgo
2621 2277 2836 2334 desistit
2877 2289 3170 2344 emergere.
3209 2271 3456 2342 Vergiliae
3504 2268 3716 2320 matutino

2487 2377 2542 2426 et
2574 2367 2786 2437 vesperi
2819 2373 3079 2434 apparent
3106 2381 3118 2416 :
3155 2361 3302 2415 Haedi
3335 2375 3452 2414 cum
3492 2355 3599 2411 Sole
3622 2371 3717 2408 exo-

2487 2459 2706 2512 riuntur
2739 2473 2756 2510 :
2789 2461 3071 2509 ventorum
3113 2458 3165 2505 et
3200 2451 3370 2504 maris
3401 2446 3620 2518 procella
3651 2459 3718 2494 va-

2489 2546 2612 2600 lid‘aa
2640 2545 2796 2598 ﬁunt.
2974 2557 2996 2573 ο
3271 2583 3278 2589 .

2215 2641 2286 2695 iv.
2432 2637 2632 2692 Auster
2655 2635 2945 2690 vehemens
2975 2631 3065 2685 ﬂat
3098 2651 3111 2686 :
3153 2636 3494 2700 tempestates
3518 2623 3715 2679 horrida.

2217 2731 2295 2785 iii.
2431 2726 2674 2797 Vergilias:
2727 2724 2994 2778 matutino
3045 2729 3386 2785 cernuntur,
3447 2725 3496 2771 et
3551 2713 3721 2782 pluvius

2492 2815 2585 2874 ﬂat
2613 2815 2830 2870 Auster.

2165 2951 2167 2954 ι
2218 2923 2304 2965 ra.
2427 2907 2643 2976 Capella
2688 2905 2916 2974 emergit
2959 2918 3128 2973 usque
3157 2901 3225 2957 ad
3251 2898 3596 2970 vespertinum
3623 2891 3720 2946 Ver-

2497 2998 2746 3069 giliarum
2781 3011 3057 3052 occasum.

2903 3105 3071 3160 XXX.

2823 3236 3156 3294 OCTOBER.

2221 3353 2284 3408 Κ.
2437 3350 2679 3422 Vergilia:
2711 3351 2765 3406 in
2796 3353 3005 3405 oriente
3035 3363 3300 3418 apparere
3330 3344 3576 3414 incipiunt
3606 3357 3616 3390 :
3641 3338 3725 3390 Au-

2512 3454 2623 3499 ster
2655 3441 2747 3496 ﬂat
2779 3442 3064 3496 matutino.
3118 3456 3126 3462 ·

2224 3533 2297 3590 iv.
2427 3532 2589 3586 Iidem
2609 3530 2852 3584 Austrini
2870 3528 3058 3584 ﬂatus:
3083 3535 3135 3580 et
3154 3524 3508 3597 Vergiliarum
3529 3527 3726 3575 exortus.

2224 3623 2304 3678 iii.
2431 3616 2775 3684 Heniochus,
2837 3619 2894 3672 id
2939 3625 3024 3672 est
3078 3617 3284 3687 Auriga
3335 3613 3552 3678 occidit,
3591 3617 3636 3662 ct
3679 3605 3726 3657 ali

2500 3710 2765 3778 Aquilone
2794 3716 2965 3763 tonat.

2225 3815 2309 3854 en.
2444 3797 2598 3852 Haedi
2619 3798 2960 3862 exoriuntur,
2992 3803 3045 3850 et
3071 3795 3229 3864 pluit.
3268 3788 3270 3790 ’
3531 3841 3558 3848 _
3601 3811 3637 3836 ιη

2224 3890 2382 3946 NON.
2425 3891 2638 3950 Corona
2661 3890 2907 3959 emergit,
2940 3897 2994 3943 et
3021 3888 3309 3944 conversio
3332 3891 3414 3939 est
3441 3879 3643 3937 aestatis.

2225 3981 2338 4035 viii.
2433 3981 2632 4034 Arietis
2671 3979 2907 4033 medium
2943 3979 3142 4032 occidit
3171 3992 3297 4030 cum
3330 3974 3622 4044 Scorpione.

2225 4071 2317 4125 vii.
2435 4069 2658 4132 Eadem,
2692 4084 2812 4138 quin
2842 4069 3014 4138 prior,
3053 4067 3404 4137 signiﬁcatio.

2226 4160 2298 4213 vi.
2430 4160 2641 4214 Corona
2659 4173 2781 4215 cum
2805 4157 2988 4212 Haedis
3009 4157 3254 4211 exoritur
3277 4176 3288 4209 :
3310 4171 3400 4210 aer
3415 4151 3726 4207 conturbatur.

2228 4270 2280 4306 v.
2438 4251 2586 4306 Hmdi
2612 4265 2734 4304 cum
2761 4247 3012 4317 Vergiliis
3038 4254 3343 4316 emergunt,
3365 4255 3416 4299 et
3437 4245 3519 4296 ﬂat
3541 4239 3729 4292 Africus.

2446 4341 2604 4395 Libra
2637 4341 2768 4394 oriri
2804 4340 3012 4407 incipit,
3042 4334 3314 4390 Favonius
3343 4337 3518 4403 spirat.

2232 4435 2309 4488 iii.
2454 4433 2667 4486 Corona
2693 4431 2935 4486 exoritur
2963 4430 3262 4482 matutino:
3283 4429 3418 4480 ve‘nli
3451 4428 3730 4478 commutan-

2527 4535 2639 4587 tur,
2674 4536 2974 4591 asperaque
3006 4521 3061 4572 in
3092 4520 3226 4571 mari
3259 4518 3314 4570 ﬁt
3341 4517 3526 4570 hiems.

2232 4631 2316 4669 rn.
2450 4612 2697 4682 Vergiliae
2721 4609 3058 4667 exoriuntur,
3089 4615 3141 4660 et
3165 4606 3256 4662 ﬂat
3276 4607 3485 4659 Auster.

2233 4705 2318 4758 ID.
2445 4702 2658 4756 Corona
2703 4699 2929 4768 emergit
2970 4715 2984 4752 :
3035 4697 3176 4751 aeris
3216 4689 3588 4751 commutatio?
3604 4692 3648 4737 ct
3676 4689 3719 4732 tu

2514 4790 2718 4844 multus
2739 4789 2814 4841 ﬁt.

2235 4883 2346 4938 xix.
2446 4880 2639 4949 Aquilo
2670 4879 2965 4936 immensus
2996 4875 3106 4928 ﬂat.

2237 4973 2388 5032 xviii.
2450 4970 2709 5024 Autumni
2739 4967 2996 5028 medium,
3031 4974 3084 5021 et
3113 4965 3309 5018 Auster
3331 4961 3439 5019 ﬂat.

2239 5063 2367 5118 xvii.
2441 5060 2604 5115 Orion
2631 5057 2876 5128 emergit,
2902 5066 2954 5110 et
2980 5055 3286 5108 rorulentus
3317 5058 3398 5106 est
3428 5064 3530 5102 aer.

2239 5154 2349 5209 xvi.
2447 5151 2670 5212 Eadem,
2702 5163 2821 5218 quae
2847 5147 3016 5218 prior,
3050 5143 3389 5214 signiﬁcatio.

2241 5261 2329 5298 xv.
2452 5235 2650 5296 Tristis
2667 5247 2720 5296 et
2743 5238 2961 5292 nubilus
2996 5236 3132 5297 dies.

2241 5338 2349 5390 xiv.
2453 5331 2544 5387 Sol
2573 5332 2627 5384 in
2660 5328 2988 5398 Scorpione.
3018 5333 3070 5380 et
3097 5323 3364 5385 Favonius
3389 5318 3561 5389 spirat.

2244 5426 2358 5480 xiii.
2460 5420 2705 5492 Vergiliae
2736 5393 2992 5475 occidunt
3016 5436 3028 5470 :
3053 5416 3298 5483 aerisque
3325 5393 3724 5466 esbconturbatio.

2245 5515 2338 5572 xii.
2453 5489 2679 5575 Eadem,
2709 5526 2828 5582 quin
2877 5509 3048 5580 prior,
3093 5503 3443 5578 signiﬁcatio,
3489 5495 3571 5554 sed
3601 5489 3725 5548 etiam

2439 5613 2441 5616 ‘
2524 5604 2675 5666 pluit.
