3908 6174
1372 126 1401 145 Δ

257 298 361 362 685
1408 296 1800 358 νΑιιιΑΡεδ

1953 295 2317 361 REFATIO.
3389 299 3496 362 £86

258 433 396 475 tuus.
433 414 542 472 Sed
577 425 864 485 antequam
899 416 964 472 de
993 415 1196 474 laboris
1227 418 1397 471 nostri
1432 418 1646 481 ratione
1675 416 1958 480 dicamus,
1991 414 2122 484 quid
2158 429 2244 471 res
2279 413 2392 483 ipsa
2425 412 2491 469 sil
2513 452 2529 480 ,
2559 412 2758 487 quidve
2791 412 2880 470 alii
2914 402 3068 469 antea
3101 413 3454 483 prastilerint
3482 456 3497 475 .

254 504 630 574 exponendum
663 512 768 561 est.
2786 516 2794 525 ‘
2868 516 2869 519 ‘

321 615 584 672 ﬁrmius
614 615 878 686 Pamphili
903 657 920 679 ,
951 616 1097 687 quod
1128 624 1553 684 cognomentum
1588 615 1657 671 ab
1687 614 1886 669 illustri
1919 616 2155 688 Ilartyre
2186 625 2408 685 propter
2437 615 2895 671 necessitudinem
2927 626 2983 670 et
3021 615 3331 671 sttnliorum
3362 631 3502 673 con.

244 706 588 775 iunctionem
622 707 871 776 accepit,
906 706 1276 764 Ctesareensis
1308 706 1641 776 episcOpus,
1679 713 1736 760 et
1768 713 1832 759 ut
1864 704 2080 760 erudita
2116 705 2431 775 coniectura
2467 713 2551 759 est
2572 744 2589 769 ,
2628 707 2803 773 patria
2837 703 3002 759 etiam
3037 705 3406 761 Ctesareenais
3442 707 3499 763 in

244 794 537 850 Palaestina
564 794 763 864 (quem
800 795 943 850 male
969 795 1108 849 adeo
1138 810 1262 850 cum
1292 795 1619 863 cognomine
1651 792 1758 846 alio
1788 791 2126 846 Cmsarecnsi
2162 790 2215 845 in
2247 790 2590 860 Cappadocia
2621 790 2891 856 antistite,
2931 790 3222 860 Dupinius,
3253 808 3495 849 errorem

251 879 485 935 Usuardi
520 889 782 946 secutus,
817 881 1179 950 coniundit),
1220 882 1364 936 istud
1410 880 1807 950 propemodum
1850 880 2103 935 immensi
2144 879 2349 933 laboris
2383 888 2548 948 atque
2581 879 2913 934 eruditionis
2951 896 3086 949 Opus
3124 882 3498 943 concinnavit.

247 969 351 1023 Diu
382 968 727 1039 multumque
752 980 892 1034 erat,
919 972 1064 1041 quod
1094 972 1282 1026 hostes
1307 968 1606 1024 Christiani
1642 968 1881 1024 nominis
1911 970 2136 1023 demum
2168 968 2391 1037 quidem
2422 982 2648 1022 suorum
2682 976 3008 1022 vetustatem
3039 967 3505 1037 deprtedieabant.

237 1055 613 1112 Christianam
647 1072 777 1112 vero
811 1057 1117 1112 doctrinam
1156 1057 1417 1113 dicebant
1452 1057 1578 1126 xei:
1614 1059 1712 1111 καὶ
1752 1055 1949 1126 πρώην
1986 1065 2169 1109 natam
2206 1072 2221 1109 :
2260 1070 2495 1123 quorum
2539 1067 2600 1111 ut
2636 1056 2946 1110 calumnias
2986 1058 3367 1123 retunderent,
3404 1058 3499 1114 alii

237 1145 463 1213 quidem
493 1153 621 1199 ante
650 1145 946 1200 Eusebium
976 1147 1271 1214 scriptores
1298 1146 1629 1201 eruditionis
1661 1145 1820 1200 laude
1854 1155 2179 1213 prmstantcs
2207 1144 2477 1215 ejusmodi
2508 1144 2676 1199 libros
2705 1153 3103 1214 apposuerunt.
3134 1145 3337 1215 quibus
3365 1157 3471 1202 tem

238 1246 437 1300 parum
475 1233 898 1301 prateritorum,
931 1244 985 1287 et
1020 1232 1468 1302 συγχρονισμῶν,
1496 1247 1665 1302 quam
1704 1241 1958 1302 poterant
1997 1232 2319 1288 memoriam
2362 1240 2704 1303 repetentes,
2735 1248 2800 1288 ex
2839 1232 2975 1298 ipsis
3006 1231 3319 1289 Graecorum
3352 1250 3505 1291 corn-

237 1319 530 1375 met'itariis
570 1310 950 1388 antiquitatem
990 1320 1239 1376 Mnsaicat
1274 1320 1409 1391 legis
1441 1336 1554 1391 prae
1586 1322 1690 1376 diis
1724 1322 1971 1391 gentium
2006 1322 2345 1377 asserebant.
2384 1320 2493 1375 Nec
2528 1337 2663 1376 sane
2696 1324 3155 1378 contemnendam
3197 1325 3300 1379 hac
3340 1324 3394 1379 in
3440 1341 3503 1380 re

236 1422 466 1475 operam
506 1419 781 1462 navarunt
811 1408 1132 1464 Timotheus
1165 1409 1622 1479 ehronographus
1650 1408 1905 1464 Ccdreno
1932 1409 2223 1474 laudatus,
2253 1409 2347 1478 qui
2410 1409 2687 1476 (lrphrum
2722 1409 2972 1466 Gedeoni
3006 1409 3305 1480 σύγχμινον
3338 1412 3507 1468 fuisse

236 1494 521 1565 prodidit,
545 1500 721 1565 eoque
748 1496 1082 1551 luculentius
1109 1494 1364 1552 Justinus
1393 1496 1621 1567 Martyr,
1651 1497 2003 1566 Theophilus
2033 1497 2440 1561 Antiocheuus,
2470 1497 2760 1561 Taliauus,
2790 1498 3042 1566 Clemens
3069 1499 3504 1566 Alexandrinus,

234 1581 423 1639 Julius
450 1583 765 1645 Africanus,
796 1594 963 1652 atque
994 1585 1109 1638 alii.
1140 1585 1411 1641 Eusebius
1446 1599 1629 1639 autem
1665 1585 1758 1654 (ιιιί
1800 1586 1901 1641 hos
1937 1600 2080 1654 pone
2118 1587 2392 1654 sequitur,
2429 1602 2535 1639 non
2579 1596 2688 1639 tam
2728 1595 2783 1640 ιιι
2817 1600 2936 1640 eam
2981 1587 3221 1657 gentium
3263 1586 3509 1656 pertina-

237 1671 389 1724 ciam
472 1671 771 1736 obtereret,
797 1672 1045 1726 eamdem
1081 1672 1241 1726 telam
1269 1683 1516 1728 retexere
1543 1674 1878 1743 diligentius,
1908 1682 1963 1727 et
1994 1689 2088 1743 per
2114 1673 2455 1733 universum,
2487 1684 2547 1727 ιιι
2577 1673 2649 1726 ita
2683 1672 2881 1736 dicam,
2914 1674 3270 1728 historiarum
3305 1673 3501 1729 orbem

234 1772 534 1829 aggressus
562 1769 676 1821 est,
708 1773 870 1828 quam
902 1768 959 1813 ιιι
989 1760 1413 1829 praecedentium
1444 1769 1728 1817 auctormn
1762 1775 1945 1815 meros
1977 1760 2194 1818 tolleret
2224 1777 2239 1813 :
2271 1761 2542 1830 μνιιδεὴιιιο
2572 1774 2697 1814 vero
2732 1770 2792 1814 ut
2824 1775 3046 1815 suorum
3080 1760 3271 1830 vulgo,
3300 1760 3501 1831 quibus

235 1848 408 1902 nulla
439 1857 587 1902 certa
624 1857 928 1918 temporum
960 1850 1123 1915 ratio,
1153 1864 1329 1919 neque
1360 1851 1476 1920 ipsa
1507 1866 1627 1919 quae
1659 1852 1711 1903 in
1744 1849 2045 1916 St-riptnris
2082 1848 2416 1903 denotantur
2445 1862 2711 1903 anulorum
2747 1847 3054 1913 intervalla,
3084 1847 3322 1903 dilucide
3355 1847 3492 1902 satis

228 1935 593 1997 constabant.
624 1936 678 1989 id
708 1937 854 2005 quod
888 1952 975 1991 res
1001 1947 1144 2002 erat,
1175 1939 1326 2006 quasi
1358 1938 1529 2004 digito
1560 1938 1895 1994 ostenderet.
1931 1935 2226 2003 Eaproptcr
2252 1938 2500 1991 onininm
2537 1951 2852 2007 regnorum.
2886 1939 3285 2010 dynastiarum,
3319 1934 3494 1990 natio-

230 2039 394 2086 num,
427 2038 608 2077 rerum
642 2023 982 2092 publicarum
1018 2025 1191 2079 initiis
1224 2026 1586 2081 solertissime
1616 2025 1908 2088 discussis.
1936 2033 1992 2079 et
2021 2033 2209 2078 contra
2243 2041 2303 2080 se
2335 2024 2549 2092 positis,
2582 2038 2695 2079 tum
2731 2025 2864 2078 illud
2899 2024 3084 2090 evicit,
3119 2024 3495 2082 fabulosarum

218 2111 471 2164 deorum
504 2112 781 2165 natalibus
809 2110 969 2180 longe
999 2111 1325 2166 vetustiores
1352 2128 1474 2167 esse
1508 2112 1770 2167 ilosaicas
1797 2112 2041 2184 origines
2073 2130 2087 2169 :
2119 2126 2232 2167 tum
2262 2112 2674 2182 expeditissima
2704 2113 2938 2179 ratione,
2969 2129 3080 2167 uno
3109 2112 3402 2172 intervallo
3430 2112 3497 2166 ad

223 2210 448 2253 certum
481 2198 722 2254 historia:
748 2203 976 2255 exotica:
1005 2199 1227 2255 titulum
1262 2211 1537 2266 revocato,
1568 2213 1746 2256 certas
1775 2214 1995 2270 quoque
2022 2200 2460 2255 antecedentium
2488 2208 2542 2255 et
2574 2199 3020 2268 consequentium
3055 2209 3333 2269 gestorum
3364 2215 3501 2271 epo-

223 2287 391 2348 chas,
423 2286 477 2341 in
509 2286 654 2356 quod
686 2302 1030 2357 unaquaeque
1064 2297 1282 2355 tempus
1314 2276 1641 2351 incurreret,
1671 2302 1945 2358 quemque
1976 2287 2241 2342 baberent
2275 2296 2586 2356 respectum
2620 2286 2763 2344 inter
2790 2301 2849 2340 se
2882 2286 3139 2355 invicem,
3173 2301 3271 2355 per
3300 2302 3497 2353 regno-

225 2387 360 2426 rum
389 2371 687 2429 laterculos
712 2374 1130 2429 demonstravit.
1157 2375 1426 2443 Exposuit
1453 2375 1596 2431 hanc
1622 2374 1758 2441 ipse,
1783 2389 1947 2445 quam
1976 2383 2300 2446 persecutus
2323 2381 2409 2428 est
2436 2374 2777 2436 ntetholnm,
2804 2375 2855 2427 in
2885 2373 3203 2444 pra-ratione
3230 2388 3494 2444 perquam

226 2458 555 2526 diligenter,
584 2474 705 2528 qua:
737 2471 791 2513 et
825 2461 1033 2518 clarius
1064 2476 1128 2517 ex
1161 2472 1421 2518 contextu
1453 2462 1572 2533 ipso
1600 2462 1761 2527 libri,
1794 2478 1906 2519 uno
1934 2464 2224 2520 oculorum
2257 2462 2453 2519 obtutu
2488 2462 2789 2533 percipitur
2826 2480 2840 2518 :
2878 2473 2937 2520 ut
2967 2480 3089 2521 eam
3123 2462 3374 2535 pluribus
3405 2477 3506 2517 ex-

230 2545 453 2613 plicare
476 2546 591 2615 jam
625 2546 760 2602 nihil
793 2548 1031 2604 intersit.

311 2659 489 2715 Porro
521 2660 662 2715 idem
697 2658 868 2715 fuisse
896 2657 1027 2714 Julii
1062 2658 1304 2717 Africani
1340 2661 1681 2731 propositum
1704 2700 1720 2723 ,
1751 2661 2113 2730 eamdemque
2152 2660 2267 2717 fere
2299 2663 2545 2717 ordinent
2579 2661 2822 2732 quinque
2855 2660 3350 2733 chronographicis
3381 2661 3493 2719 ela-

228 2746 612 2805 boratissimix
638 2747 818 2812 libris,
849 2763 878 2802 a
910 2749 1098 2804 mundi
1122 2748 1340 2819 origine
1371 2750 1440 2803 ad
1472 2747 1774 2803 Macrinnm
1807 2749 2237 2818 imperatorem;
2270 2766 2478 2822 perque
2508 2751 2627 2818 ejus
2664 2751 2830 2821 probe
2861 2751 3167 2821 excogitata
3199 2749 3494 2809 Eusebium

224 2835 565 2906 pml’eeisse.
597 2834 764 2893 credo
798 2835 1053 2904 equidem
1089 2837 1591 2893 verosimillimum.
1623 2837 1730 2891 Sed
1769 2853 1850 2892 na:
1884 2837 2018 2892 illud
2056 2839 2295 2892 immane
2330 2850 2704 2893 connnentum
2739 2850 2825 2894 est
2859 2838 3147 2909 Scaligeri,
3178 2838 3289 2894 seu
3311 2840 3501 2897 verius

222 2927 519 2981 calumnia
541 2965 559 2989 ,
590 2941 755 2996 quam
783 2926 982 2996 sapius
1014 2926 1286 2991 inculcat,
1318 2943 1443 2982 eum
1471 2936 1646 2982 totum
1697 2926 1813 2983 fore
1844 2926 2089 2981 Africani
2119 2925 2455 3007 Chronicinn
2476 2926 2543 2981 ,in
2573 2943 2733 2983 suum
2764 2930 3146 2994 transtulisse;
3182 2928 3315 2986 nihil
3348 2929 3402 2982 in
3432 2944 3503 2983 eo

226 3030 367 3070 esse
397 3013 745 3083 antiquitatis
777 3013 1107 3077 reconditae,
1136 3014 1276 3069 nihil
1308 3014 1643 3069 luculentum
1662 3055 1678 3075 .
1707 3016 1982 3070 excellens
2015 3015 2181 3081 nihil,
2216 3018 2360 3082 quod
2389 3030 2495 3069 ιιοιι
2525 3030 2589 3070 ex
2622 3014 2884 3071 Africano
2912 3016 3343 3086 deprompserit,
3374 3031 3499 3072 cum

226 3102 333 3155 vix
370 3099 586 3156 tandem
618 3101 765 3157 illius
796 3102 861 3155 de
893 3103 1117 3158 nomine
1147 3102 1461 3158 meminerit
1493 3104 1546 3156 in
1581 3103 1682 3165 iis,
1714 3105 1769 3156 in
1802 3103 2006 3171 quibus
2037 3103 2106 3157 ab
2132 3103 2256 3167 ejus
2285 3104 2557 3158 sententia
2589 3104 2843 3160 discedit.
2874 3103 2940 3157 Et
2968 3104 3200 3168 mirum,
3229 3113 3380 3161 tanta
3410 3120 3501 3158 se-

226 3190 479 3245 curitate
512 3189 597 3244 sui
624 3188 809 3244 saeculi
844 3189 1082 3264 alienam
1111 3190 1433 3246 industriam
1466 3191 1572 3245 sibi
1631 3191 1932 3253 vindicare.
1961 3206 2142 3259 neque
2175 3191 2410 3246 revereri
2435 3190 2642 3262 judicia
2669 3206 2858 3246 eorum
2889 3194 2982 3261 qui
3007 3192 3324 3247 Africanum
3355 3207 3498 3259 quo—

225 3278 377 3334 tidie
414 3278 698 3349 legebant,
734 3287 926 3343 utpote
961 3278 1118 3346 cujus
1153 3293 1289 3352 opus
1324 3294 1354 3333 a
1390 3291 1609 3335 centum
1646 3280 1808 3333 annis
1848 3279 1901 3334 in
1940 3281 2199 3336 manibus
2238 3280 2523 3336 hominum
2561 3292 2893 3339 versaretur.
2934 3280 3050 3339 lloc
3086 3298 3280 3350 nempe
3322 3282 3499 3350 ipsum

226 3380 507 3423 revocare
545 3366 884 3437 Scaligerum
922 3368 991 3420 ad
1036 3368 1314 3421 meliorem
1362 3379 1597 3422 unctitant
1642 3378 1891 3446 poterat,
1934 3370 2040 3424 nisi
2084 3370 2130 3424 si
2176 3372 2435 3439 projele
2479 3371 2760 3426 horninem
2805 3371 3161 3440 impudentia:
3199 3368 3497 3427 Eusebium

228 3454 492 3527 putabat.
530 3455 975 3524 Pmconceptam
1014 3462 1195 3509 tamen
1235 3454 1552 3524 opinionem
1598 3455 1744 3513 illam
1788 3459 1860 3509 ita
1901 3465 2075 3511 ratam
2119 3458 2349 3521 lubuit,
2393 3467 2452 3512 ut
2490 3459 2860 3527 objectiouum
2885 3496 2901 3522 ,
2940 3459 3054 3512 imo
3089 3458 3498 3515 calumniarum

227 3542 536 3597 maximam
569 3550 778 3611 partem
799 3580 818 3607 ,
850 3555 991 3610 quas
1025 3539 1350 3605 Eusebiana‘.
1381 3541 1668 3597 industria:
1704 3542 1870 3610 facit,
1906 3555 1963 3601 et
1994 3554 2105 3599 tota
2137 3547 2457 3614 praefatione
2487 3555 2814 3616 exaggerat,
2852 3560 2958 3600 non
2990 3546 3140 3601 aliud
3166 3545 3509 3607 Iumlamen-n

228 3640 361 3686 tum
402 3630 508 3694 sit,
542 3643 643 3689 nec
685 3628 906 3684 aliunde
945 3644 1108 3699 quam
1149 3630 1218 3685 de
1257 3628 1463 3699 πρώτῳ
1505 3629 1693 3700 ψεύδει
1728 3634 1834 3686 isto
1868 3632 2152 3687 derivat-it.
2190 3633 2472 3687 Familiam
2507 3635 2657 3690 ducit
2694 3634 2783 3688 illa
2817 3633 2887 3687 de
2920 3647 3109 3701 regum
3143 3632 3495 3703 Assyriorum

229 3718 390 3774 serie
422 3732 485 3771 ac
516 3716 875 3785 temporibus,
908 3731 1032 3787 quae
1062 3732 1159 3786 pro
1192 3726 1344 3772 certo
1375 3718 1528 3790 ponit
1558 3721 1627 3771 ab
1656 3718 1919 3773 Africano
1952 3728 2238 3785 mutuata;
2274 3722 2327 3775 in
2361 3737 2535 3790 eoque
2568 3722 2637 3776 de
2671 3722 2773 3775 lide
2805 3720 3143 3789 expostulat,
3174 3720 3320 3789 quod
3351 3720 3501 3775 solos

228 3818 429 3861 tamen
466 3821 624 3878 reges
659 3807 882 3873 triginta
916 3815 1126 3875 septem
1148 3844 1164 3869 ,
1199 3816 1254 3861 et
1287 3821 1466 3860 annos
1498 3807 1718 3862 circiter
1752 3822 1886 3865 sicut:
1922 3819 2211 3873 numeret,
2244 3825 2370 3865 cum
2407 3810 2496 3864 ille
2525 3820 2583 3864 et
2614 3823 2775 3878 reges
2809 3807 3167 3878 quadraginta
3204 3822 3373 3862 unum
3395 3845 3413 3871 ,
3445 3818 3503 3860 et.

228 3910 418 3950 annos
456 3894 604 3949 dicat
642 3908 1030 3950 uccccsxxxtv.
1067 3893 1224 3959 Quod
1266 3905 1325 3947 ut
1365 3896 1664 3963 prudenter
1726 3906 1781 3951 et
1814 3895 1941 3950 dolo
1975 3897 2119 3950 malo
2155 3896 2354 3950 factum
2390 3897 2750 3964 persuadeat,
2786 3902 3071 3964 comparat
3107 3909 3235 3949 cum
3274 3894 3398 3948 aliis
3433 3908 3501 3947 ex

228 3984 505 4039 Africano
538 3984 787 4053 epochis,
818 3981 1130 4053 Olympiade
1167 3982 1342 4052 prima
1377 3984 1428 4037 in
1460 3982 1735 4038 Joathatni
1772 3982 2012 4048 initium,
2046 3994 2211 4051 atque
2243 3983 2323 4037 Ilii
2358 3985 2574 4041 excidio
2610 3986 2662 4038 in
2696 3982 2939 4039 Thuoris
2971 3981 3212 4054 (Egyptii
3249 3994 3497 4053 regnum.

229 4072 389 4125 unde
416 4081 469 4124 et
502 4082 688 4126 noster
716 4068 935 4139 quidem
967 4071 1211 4127 rationes
1241 4080 1550 4138 temporum
1580 4071 1829 4136 deduxit,
1857 4079 1912 4124 et
1944 4087 2053 4139 quo
2084 4072 2289 4126 retulit.
2320 4070 2424 4128 Sed
2452 4087 2606 4138 cum,
2638 4073 2838 4143 inquit,
2867 4088 2899 4128 a
2925 4073 3232 4128 'l‘ltentatuo
3259 4070 3504 4141 Assyrio,

232 4161 374 4215 item
409 4175 437 4212 a
472 4159 682 4214 Tbnnri
712 4158 987 4233 Egyptio,
1022 4159 1087 4212 ad
1125 4143 1209 4215 Ilii
1243 4175 1431 4216 casum
1467 4161 1627 4229 longe
1662 4159 1839 4228 majus
1872 4159 1947 4216 sit
1981 4159 2353 4222 intervallum,
2385 4175 2550 4230 quam
2586 4161 2829 4217 historia:
2861 4171 3075 4230 tempus
3103 4161 3294 4229 erig't,
3329 4158 3503 4210 Eusc~

240 4250 396 4311 hius,
426 4250 630 4318 integra
663 4247 911 4318 dynastia
939 4246 1194 4318 Egyptia
1225 4249 1459 4310 sublata.
1488 4263 1556 4303 ex
1585 4248 1947 4304 antecedente
1975 4242 2113 4299 duas
2146 4245 2294 4306 fecit,
2323 4255 2380 4300 nt
2410 4263 2598 4300 earnm
2632 4265 2920 4303 intulerunt
2951 4255 3193 4305 servaret
3224 4264 3238 4300 :
3267 4262 3331 4300 ex
3365 4250 3506 4298 serie

236 4345 429 4391 autem
468 4351 656 4405 regum
729 4338 1080 4408 Assyriorum
1131 4346 1365 4409 quatuor
1399 4351 1553 4406 reges
1593 4333 1925 4406 prwtetivit,
1960 4342 2019 4386 ut
2053 4333 2291 4390 Thuoris
2330 4343 2385 4388 et
2417 4334 2703 4390 Thrntatni
2743 4346 2984 4405 tctrpora
3023 4337 3074 4389 in
3116 4334 3195 4388 llii
3231 4333 3502 4387 excidium

235 4425 627 4478 convenirent.
662 4423 834 4490 Quam
872 4423 1123 4477 fratnlem
1157 4422 1415 4477 Africano
1449 4423 1647 4479 factum
1684 4422 1902 4476 acribus
1935 4435 2107 4489 usque
2139 4431 2196 4475 et
2228 4436 2401 4488 usque
2432 4423 2613 4475 verbis
2646 4423 2914 4491 castigare
2949 4437 3059 4478 non
3091 4420 3323 4482 desinit,
3362 4417 3502 4490 Syn~

235 4513 441 4567 cellam
478 4513 585 4566 sibi
624 4514 844 4567 socians
884 4512 950 4567 ad
991 4511 1429 4577 detrahendum,
1466 4527 1629 4582 quem
1669 4520 1865 4580 sponte
1902 4508 2232 4578 iniquiorem
2274 4508 2441 4562 fuisse
2480 4506 2801 4564 Ensebianm
2838 4509 3056 4578 gloriae,
3098 4522 3257 4563 llt’mO
3292 4519 3374 4560 cst
3410 4508 3506 4576 qui

237 4600 483 4668 ignoret.
513 4598 584 4653 At
612 4600 754 4653 enim
785 4615 895 4668 quo
925 4600 1139 4653 tandem
1172 4608 1493 4668 argumento
1520 4599 1727 4664 docuit,
1757 4599 1825 4652 ab
1857 4596 2117 4652 Africano
2150 4614 2332 4668 regum
2362 4599 2578 4654 illorum
2610 4600 2804 4653 seriem
2836 4610 3000 4666 atque
3031 4614 3298 4651 annorum
3335 4598 3505 4649 inter-

238 4688 388 4742 valla
425 4687 717 4742 Eusebium
753 4687 1155 4756 descripsisse?
1185 4687 1420 4743 Nullane
1453 4689 1556 4742 alia
1589 4688 1884 4742 exstabant
1920 4697 2052 4741 tunc
2085 4683 2341 4740 Veterum
2381 4694 2761 4748 monumenta,
2795 4687 2995 4755 quibus
3032 4685 3215 4739 mallet
3247 4683 3508 4738 adhibere

239 4776 447 4831 ﬁdem?
475 4776 593 4831 Non
626 4775 928 4840 Diodorus,
960 4774 1063 4829 noii
1094 4775 1338 4838 Ctesias,
1369 4792 1475 4829 non
1510 4776 1754 4830 historici
1787 4773 2004 4839 ceteri,
2036 4790 2270 4844 quorum
2300 4774 2521 4828 vixdum
2554 4774 2716 4828 hodie
2748 4778 3000 4838 nomina,
3036 4771 3506 4843 deperditisserb

234 4865 391 4936 ptis,
428 4864 764 4935 supersunt?
798 4861 1092 4919 Diodorum
1136 4872 1287 4917 certe
1325 4863 1441 4932 ipse
1480 4863 1665 4917 laudat
1699 4862 1944 4932 Scaliger
1978 4862 2033 4918 in
2072 4863 2323 4917 Cltroniri
2361 4861 2655 4918 Eusebiaai
2694 4862 3013 4929 fragmentis
3050 4876 3065 4915 :
3098 4859 3189 4926 qui
3229 4858 3505 4912 Sardana-

236 4953 424 5022 palum
460 4966 491 5005 a
525 4951 669 5005 Nino
697 4952 949 5020 quintum
978 4959 1033 5005 et
1064 4949 1405 5004 tricesimum
1442 4958 1709 5005 recenset.
1741 4949 1943 5004 Addita
1978 4949 2130 5017 Belo,
2175 4959 2234 5003 nt
2267 4949 2527 5005 Petavius
2560 4959 2711 5003 notat
2742 4949 2874 5018 (lib.
2907 4963 2957 5001 lx
2988 4948 3051 5000 de
3086 4946 3298 5000 Doclor.
3329 4946 3503 5013 Temp.

238 5057 298 5095 c.
324 5040 454 5108 12),
485 5039 616 5094 [ient
647 5040 869 5111 triginta
901 5055 1022 5105 sex,
1077 5039 1171 5110 qui
1205 5054 1465 5094 numerus
1496 5040 1566 5094 ab
1598 5038 1909 5094 Eusebiano
1941 5037 2224 5091 minimum
2258 5037 2437 5092 abest;
2464 5037 2652 5092 Annos
2679 5051 2805 5089 vero
2834 5038 3100 5090 duntaxat
3126 5050 3280 5098 uccc,
3308 5034 3507 5102 quibus

242 5136 533 5196 regnatum
561 5136 645 5182 est
675 5127 744 5184 ab
775 5127 1048 5200 Assyriis,
1077 5124 1327 5181 Justinus
1359 5126 1522 5179 etiam
1556 5126 1797 5196 collegit.
1830 5125 2001 5196 Igitur
2031 5134 2286 5180 auctores
2317 5125 2410 5178 alii
2446 5136 2606 5180 erant
2629 5161 2643 5187 ,
2675 5123 2768 5194 qui
2802 5134 2856 5176 et
2888 5124 2990 5178 lide
3022 5123 3303 5194 digniores
3336 5122 3388 5174 in
3424 5122 3508 5174 his

244 5214 486 5269 Eusebio
512 5214 849 5280 riderentur,
877 5214 1164 5285 hypotltesi
1192 5223 1345 5270 certe
1371 5215 1593 5283 quidem
1621 5228 1735 5269 suae
1761 5215 2108 5270 commodius
2134 5215 2488 5273 inservirent.
2517 5213 2681 5279 Num,
2710 5213 2886 5268 sicubi
2916 5229 3056 5283 quea
3083 5213 3223 5281 piam
3254 5214 3508 5282 probarit

242 5317 316 5357 ea
354 5302 612 5356 Alricano
647 5303 868 5357 titulum
896 5342 912 5367 ,
948 5304 1195 5357 rationes
1228 5317 1448 5373 quoque
1486 5300 1726 5371 rrliquas
1762 5304 1955 5358 debuit
1989 5318 2019 5358 θ
2054 5304 2289 5374 vestigio
2326 5300 2523 5371 sequi?
2561 5317 2662 5357 nec
2699 5302 2876 5371 potuit
2912 5303 2981 5355 ah
3019 5301 3138 5369 ejus
3180 5297 3509 5353 auctoritan

244 5390 582 5452 desciscere.
617 5392 749 5460 quin
782 5393 1000 5446 obtorto
1029 5392 1175 5446 collo
1208 5393 1262 5444 in
1293 5391 1559 5461 judicium
1595 5391 1876 5456 trahatur,
1909 5392 2137 5463 perinde
2168 5400 2333 5457 atque
2363 5390 2568 5445 veritus
2598 5404 2706 5446 non
2738 5392 2828 5454 sit,
2862 5389 3025 5445 verba
3061 5388 3232 5457 ipsius
3261 5383 3506 5442 Africani

242 5478 585 5547 interpolare
631 5491 800 5548 atque
835 5479 1152 5536 invertere?
1216 5480 1369 5533 Paria
1408 5480 1476 5534 de
1510 5476 1891 5551 Egyptiorum
1927 5478 2229 5551 dynasﬂcis
2264 5477 2417 5531 dicas
2440 5516 2455 5539 ,
2494 5491 2725 5546 quarum
2762 5480 2961 5532 seriem
3001 5476 3225 5529 minime
3258 5471 3506 5527 omnium

248 5566 527 5622 Eriscbius
554 5568 850 5637 mutilavit,
878 5567 974 5624 sed
1006 5583 1115 5639 qua
1144 5577 1304 5625 erant
1333 5569 1472 5638 apud
1503 5567 1823 5623 Africanum
1854 5582 1919 5620 ex
1954 5565 2280 5622 llanethone
2311 5565 2699 5621 audaciorihns
2730 5562 3031 5621 inundat-iis
3060 5575 3315 5630 aspersa,
3351 5574 3508 5628 repu-

244 5656 424 5708 d'arit
446 5694 463 5720 ,
494 5654 632 5712 alios
671 5665 930 5712 auctores
963 5666 1190 5712 secutus
1212 5693 1228 5721 ,
1259 5670 1495 5725 quorum
1529 5656 1771 5710 rationes
1800 5670 1923 5709 cum
1959 5653 2121 5708 annis
2154 5653 2342 5709 mundi
2377 5664 2539 5724 atque
2573 5653 2831 5708 historica
2865 5652 3098 5707 veritate
3130 5648 3293 5719 paulo
3324 5647 3506 5716 aptius

252 5756 647 5813 Congrurrettt.
684 5747 927 5816 Denique
953 5754 1007 5800 ct
1038 5746 1092 5800 in
1125 5747 1367 5817 gentium
1403 5743 1736 5816 reliquarum
1769 5742 2078 5815 originibus
2110 5740 2364 5798 vetustati
2400 5743 2741 5810 nnmdandls,
2774 5742 2888 5810 ipsa
2920 5743 3089 5794 etiam
3127 5736 3501 5816 consignanda
