3908 6174
190 345 299 410 ὖθἸ
1358 348 1792 412 γλιωῆειῐ·
1822 349 2276 410 PRA‘FATIO.’
3341 351 3454 415 ϐίη

184 460 484 510 coiilimit.
519 457 617 512 Fa'
641 458 809 511 ricius
843 468 1023 510 autem
1073 459 1423 514 Biiiiicztiicra-
1465 464 1664 518 Gia‘ctr
1728 463 1852 513 loro
1881 463 2084 513 dudum
2123 462 2360 514 laudato.
2411 461 2557 514 hunc
2587 461 2762 529 ipsum
2807 461 3083 515 contendit
3117 461 3455 516 Ch-oniruin

180 544 492 611 Canonem.
530 560 692 616 quem
722 561 886 616 porro
912 547 1146 612 edimus,
1185 547 1465 618 Epitomen
1494 550 1672 604 vocari
1705 565 1723 602 ι

1918 563 2155 620 ronymo,
2185 549 2542 616 posteriorem
2573 549 2781 603 scilicet
2813 547 3164 619 παντοδαπῆς
3209 549 3461 620 inopia;

179 632 405 695 librum.
440 645 549 699 quo
580 642 727 702 gesta
767 635 832 687 ad
866 649 996 688 suos
1029 650 1261 703 quaeque
1301 652 1482 692 annos
1515 651 1620 689 una
1652 637 1797 690 serie
1831 638 1899 689 ab
1935 634 2231 689 Abrahami
2263 634 2551 690 vocatione
2599 634 2956 690 referuntur:
3003 649 3126 690 cum
3161 635 3364 705 priore.
3399 647 3455 691 ut

177 719 464 772 somniare
491 734 589 773 eos
619 731 769 774 certo
807 721 1065 784 diximus.
1097 724 1279 776 omnia
1312 725 1379 776 ab
1424 724 1558 779 orbe
1586 722 1829 784 condito.
1887 738 1982 788 per
2014 723 2159 774 varia
2193 722 2396 790 capita.
2444 722 2597 792 juxta
2634 738 2922 792 regnorum
2960 723 3202 792 origines
3241 732 3296 778 et
3325 739 3456 778 suc-
3527 708 3536 718 ’

177 807 462 860 cessiones
485 806 890 876 digererentur.
938 810 1043 864 Sed
1082 827 1214 880 pace
1242 813 1474 866 dixerim
1498 812 1599 865 viri
1630 811 1950 870 dou-tissimi,
1979 811 2108 863 nihil
2140 817 2346 876 poterat
2365 809 2608 878 ineptum
2633 809 2805 880 magis
2835 819 3000 880 atque
3027 812 3295 865 absonum
3329 826 3461 866 vero

176 893 546 956 comminisci.
580 910 688 948 non
715 911 835 949 eam
868 897 1130 951 duntaxat
1167 899 1238 952 ob
1303 914 1548 961 causam.
1587 903 1730 968 quod
1764 897 1915 966 prior
1945 897 2034 949 ille
2068 896 2285 951 Eusebii
2319 896 2476 964 plane
2524 897 2936 951 commentitius
2965 906 3036 953 sit
3069 898 3229 960 iiber.
3263 914 3455 953 verum

173 979 343 1032 etiam
384 982 528 1048 quod
572 982 690 1050 ipse
752 984 804 1036 in
835 985 1026 1038 eadem
1071 986 1388 1054 pr-ejulicia
1433 1001 1530 1039 sua
1570 996 1777 1054 peccet.
1828 985 1964 1039 Nam
1997 987 2041 1040 si
2079 985 2476 1039 Cbronicornm
2527 983 2816 1040 Canonum
2869 983 3152 1053 Epitomen
3191 986 3455 1042 Eusebius

174 1067 552 1134 concinnavit,
587 1067 698 1132 iam
736 1087 840 1125 non
876 1073 989 1126 hac
1015 1075 1186 1142 potuit
1217 1075 1307 1128 ille
1336 1075 1477 1127 idem
1513 1074 1648 1126 iiber
1682 1088 1805 1126 esse
1841 1075 1932 1142 qui
1969 1073 2203 1142 ipsomet
2234 1071 2420 1140 judice
2475 1071 2728 1127 Fabricio
2757 1071 3050 1128 Chronica:
3107 1073 3294 1128 Conon
3325 1089 3457 1141 pro-

173 1155 300 1222 prio
332 1155 499 1210 titulo
551 1167 920 1225 nuncupatur.
961 1159 1098 1213 Tum
1134 1176 1267 1214 vero
1298 1176 1421 1231 qua!
1453 1161 1671 1215 tandem
1699 1162 1787 1214 illa
1821 1162 2033 1214 exstitit
2066 1160 2282 1214 couticti
2317 1160 2439 1214 libri
2471 1160 2672 1230 prioris
2698 1161 3059 1225 immensitas,
3090 1162 3133 1213 si
3161 1177 3282 1230 qua:
3311 1177 3458 1216 nunc

173 1247 294 1296 toto
315 1253 376 1296 et
390 1242 544 1312 justo
597 1244 906 1300 Eusebiano
940 1258 1284 1318 syntagniate
1329 1251 1662 1310 continetur.
1721 1249 1964 1318 Epitome
2008 1251 2238 1303 dicenda
2274 1248 2403 1306 est?
2452 1250 2648 1305 i’eccat
2702 1249 3206 1306 Scliurzlleischius
3239 1267 3458 1317 quoque

171 1329 431 1384 eamdem
468 1331 685 1400 quidem
714 1335 786 1388 ob
814 1351 1060 1397 causam.
1096 1339 1193 1390 sed
1227 1339 1480 1407 proprius
1514 1347 1697 1392 tamen
1758 1338 1824 1390 ad
1882 1340 1993 1391 veri
2049 1341 2284 1406 speriem
2336 1337 2646 1401 contendit,
2680 1348 2868 1392 contra
2931 1349 3091 1408 atque
3148 1338 3456 1397 Fabricius.

171 1417 418 1486 priorem
455 1420 637 1487 potius
678 1421 899 1485 librum.
928 1439 1062 1492 quo.
1102 1433 1240 1479 teste
1277 1424 1614 1494 llierouymo
1668 1427 1720 1478 in
1759 1424 2097 1491 praii'atioue.
2135 1425 2402 1480 Eusebius
2437 1426 2591 1494 quasi
2626 1425 2914 1494 quaiudnm
2955 1425 3238 1480 materiam
3275 1426 3458 1494 futuro

167 1502 322 1570 operi
348 1515 697 1572 prmotarat,
735 1509 903 1564 fuisse
931 1514 1059 1564 olim
1095 1513 1300 1566 dictum
1333 1511 1638 1580 Ἐπιτομὴν
1673 1512 1710 1564 Χ

1910 1513 1957 1565 iv
2008 1513 2264 1566 Κανόνων
2294 1527 2310 1569 :
2365 1512 2416 1566 id
2448 1515 2596 1580 "quod
2638 1512 2820 1567 Suidae
2853 1513 3169 1568 testimonio
3200 1528 3453 1575 compro-

167 1587 307 1670 bare
348 1592 566 1660 nititur,
599 1597 688 1662 qui
725 1612 832 1649 non
867 1597 1101 1652 duarum
1135 1599 1392 1653 Chronici
1425 1601 1659 1670 partium
1695 1617 1710 1652 ι

1910 1601 1966 1663 ii,
1995 1601 2090 1653 sed
2129 1600 2318 1664 refert,
2360 1601 2658 1656 Eusebium
2688 1601 2973 1669 Χρονικῶν
3007 1599 3268 1655 Κανόνων
3309 1617 3453 1650 πανς

164 1677 414 1749 scaeam
437 1681 702 1750 lsropizv.
735 1686 827 1737 καὶ
867 1687 1082 1739 τούτων
1124 1687 1392 1758 ἐπιτομὴν
1415 1689 1674 1742 edidisse.
1707 1688 1811 1743 Sed
1835 1689 1981 1742 enim
2007 1705 2169 1758 quam
2201 1690 2276 1744 sit
2307 1690 2466 1758 pauci
2494 1690 2597 1744 hoc
2627 1691 2817 1744 saltem
2848 1689 2967 1744 loco
2996 1688 3241 1743 iacienda
3271 1685 3456 1741 Suidze

172 1768 502 1833 auctoritas,
543 1771 686 1825 haud
726 1777 860 1828 satis
892 1775 1007 1843 ipse
1047 1776 1338 1838 intellexit.
1369 1778 1572 1845 quippe
1602 1777 1695 1845 qui
1728 1793 1838 1830 non
1871 1778 2283 1842 animadvertit,
2317 1777 2511 1832 eadem
2554 1777 2646 1830 illa
2676 1777 2746 1830 ab
2776 1775 3182 1846 llieronymiani
3219 1777 3453 1844 catalogi

169 1851 476 1923 interprete
512 1860 822 1929 Soplironiu
849 1865 1014 1918 verba
1051 1865 1291 1920 describi
1327 1883 1342 1920 :
1383 1881 1504 1935 quae
1531 1867 1668 1920 adeo
1699 1879 1800 1919 nec
1830 1865 2055 1933 majoris
2086 1866 2437 1919 auctoritatis
2469 1879 2592 1920 esse
2621 1865 2848 1926 debent.
2875 1878 3040 1932 quam
3077 1862 3193 1931 ipsa
3219 1861 3290 1916 sit
3309 1862 3454 1930 apud

167 1942 424 1998 eruditos
459 1943 646 2002 Grteca
720 1953 1030 2016 translatio,
1069 1969 1178 2008 non
1209 1951 1340 2008 sane
1371 1957 1667 2008 admodum
1699 1953 1946 2021 antiqua.
1976 1969 2076 2007 nec
2106 1955 2174 2006 de
2207 1952 2431 2006 meliore
2471 1962 2621 2016 nota.
2655 1961 2714 2005 ut
2750 1950 2910 2006 nobis
2937 1950 3066 2004 olim
3105 1949 3160 2002 in
3185 1947 3305 2015 eius
3334 1948 3454 2003 edi-

169 2030 341 2085 tionis
373 2033 692 2099 pr-i-t'a'iono
727 2040 1072 2093 observatum
1109 2050 1213 2094 est.
1250 2041 1325 2094 Ad
1361 2041 1474 2094 haec
1499 2042 1590 2095 ille
1617 2051 1671 2095 et
1713 2055 1898 2095 secum
1967 2042 2100 2110 ipsis
2130 2043 2423 2112 pugnanria
2455 2043 2728 2112 loquitur;
2803 2056 2926 2096 nam
2951 2041 2994 2095 si
3026 2048 3144 2094 erat
3175 2040 3322 2108 prior
3368 2040 3455 2093 ille

171 2117 318 2172 iiber
357 2117 604 2188 Epitome
632 2123 1031 2180 Chronicorum
1062 2126 1347 2182 Canonum
1391 2129 1521 2197 (qui
1564 2129 1776 2184 scilicet
1819 2130 1946 2194 late.
1983 2147 2186 2199 perque
2233 2147 2410 2185 annos
2468 2145 2742 2198 expansos
2777 2130 2953 2183 altero
3003 2129 3142 2182 libro
3172 2129 3452 2183 describe-

171 2205 440 2276 hmtll').
468 2209 578 2275 jam
622 2227 728 2265 non
759 2213 847 2268 ille
877 2216 1098 2282 grandis
1135 2217 1273 2270 liber
1311 2226 1430 2270 erat
1465 2218 1836 2271 omnimodam
1868 2217 2149 2272 historiam
2188 2219 2592 2287 complectens,
2631 2227 2796 2287 atque
2829 2217 3098 2270 universa:
3124 2217 3451 2270 eruditionis

172 2293 513 2350 thesaurus:
553 2301 670 2361 sed.
717 2310 774 2353 ut
804 2311 887 2355 est
927 2301 1299 2370 Epitomaruni
1333 2305 1609 2373 ingenium
1643 2312 1807 2371 atque
1835 2305 2168 2369 institutum,
2223 2307 2529 2375 perexiguae
2578 2305 2734 2360 molis
2763 2313 2928 2372 atque
2972 2318 3154 2373 operm
3207 2302 3446 2361 libellus.

169 2396 236 2435 ea
265 2384 432 2437 etiam
483 2387 552 2440 de
580 2403 744 2444 causa
794 2391 919 2445 aliis
945 2392 1212 2458 ejusmodi
1252 2392 1541 2447 breviariis
1576 2393 1797 2457 exilior.
1827 2395 1975 2464 quod
2006 2396 2134 2448 anni
2177 2396 2402 2464 expausi
2437 2396 2656 2464 penitus
2697 2395 3052 2457 reticeantur.
3087 2392 3443 2447 historiarum

168 2485 307 2524 vero
333 2489 544 2529 summa
577 2481 756 2543 capita
790 2481 1126 2536 delibentur.
1162 2483 1489 2538 Translucct
1531 2485 1887 2539 nihilosecius
1920 2500 1984 2538 es
2022 2499 2084 2537 ea
2117 2483 2343 2560 minime
2369 2483 2474 2537 sibi
2504 2494 2792 2537 constante
2836 2483 3129 2544 sententia.
3161 2479 3272 2534 veri
3315 2495 3448 2546 spo-

167 2562 286 2614 eies
329 2569 603 2629 quaedam.
637 2579 694 2620 ut
737 2569 896 2624 facile
928 2571 1176 2624 videatur
1213 2573 1304 2625 ille
1338 2574 1583 2640 potuisse
1620 2588 1734 2627 rem
1787 2588 1886 2627 acu
1918 2583 2161 2640 tangere.
2190 2569 2296 2624 nisi
2331 2581 2703 2640 praconcepta
2737 2571 2926 2642 opinio
2959 2572 3027 2626 de
3082 2568 3287 2638 duplici
3341 2565 3450 2618 Ei:-

168 2649 406 2704 sebiauo
439 2652 578 2707 libro
610 2657 774 2709 menti
810 2666 1064 2714 tenebras
1113 2659 1425 2716 offudisset.
1464 2661 1760 2716 Enimvero
1793 2662 1871 2714 sic
1906 2659 2163 2714 existimo
2217 2657 2529 2729 (siquidem
2588 2674 2646 2713 re
2700 2658 2818 2729 ipsa
2867 2658 3194 2713 concinnata
3244 2665 3325 2710 est
3360 2654 3448 2706 illo

169 2733 437 2803 Epirotae,
477 2756 576 2793 nec
607 2743 871 2810 suspicari
905 2747 1050 2813 licet,
1093 2750 1482 2816 interpolatum
1517 2749 1832 2820 ilierouymi
1861 2750 2082 2818 locum)
2115 2767 2224 2803 non
2259 2751 2422 2804 aliam
2457 2765 2577 2803 eam
2607 2765 2752 2806 esse.
2796 2763 2957 2816 quam
2992 2763 3112 2816 qua:
3148 2745 3201 2798 in
3233 2743 3446 2814 pravis

166 2822 437 2880 (ἰδίοιιίρί
466 2829 804 2886 ordinatione
837 2835 1168 2903 continetur.
1199 2849 1248 2892 et
1283 2838 1616 2910 Hieronymo
1646 2840 1849 2893 dicitur
1877 2839 2118 2908 qinedam
2158 2838 2328 2908 futuri
2360 2838 2530 2905 operis
2573 2837 2832 2892 materia:
2866 2835 3105 2904 denique
3139 2835 3241 2887 hoc
3274 2831 3345 2887 ibi
3378 2832 3450 2885 ti-

168 2912 291 2965 tulo
325 2927 681 2981 praeponitur.
725 2919 926 2990 Regum
947 2924 1130 2985 series.
1159 2934 1208 2978 et
1238 2938 1444 2995 ettanta
1464 2930 1682 2997 quisque
1706 2935 1936 2996 tempore
1961 2925 2271 2995 regnat-erit.
2314 2924 2460 2980 Satis
2491 2937 2597 2988 est.
2627 2933 2685 2978 ut
2715 2923 2859 2992 quod
2891 2925 3070 2978 sentio
3101 2920 3447 2975 verissimum

163 2999 396 3068 probes.
429 3002 473 3056 si
507 3018 627 3059 eam
662 3011 943 3064 nominum
979 3013 1175 3067 seriem
1207 3023 1640 3083 contextumque
1675 3029 1703 3068 a
1739 3013 1878 3068 Nino
1945 3015 2011 3068 ad
2038 3013 2462 3067 Constantinum
2495 3012 2672 3068 oculis
2698 3027 2950 3081 usurpcs.
2989 3019 3045 3064 et
3072 3025 3182 3064 rem
3234 3017 3326 3063 tuo
3362 3008 3448 3078 ip-

174 3089 295 3141 ιίεπει
317 3089 548 3156 iudicio.
583 3110 688 3148 non
709 3099 884 3151 aliena
919 3099 1020 3154 [ide
1052 3103 1311 3157 restitues.
1361 3100 1649 3159 Neminem
1695 3103 1938 3173 profecto
1995 3103 2231 3156 arbitror
2266 3100 2467 3154 morari
2519 3116 2664 3164 eam,
2693 3114 2814 3170 quae
2848 3113 2877 3153 a
2929 3096 3136 3168 Cangio
3172 3096 3357 3151 Graece
3384 3111 3449 3148 ac

176 3173 376 3260 iaatiiie
413 3179 556 3233 edita
585 3191 688 3247 est.
732 3182 1034 3255 Ἐπετομὴν
1064 3189 1273 3257 χρόνων
1309 3190 1378 3242 ab
1413 3189 1620 3243 Adamn
1657 3191 1723 3245 ad
1759 3191 2011 3246 Alexium
2064 3207 2236 3260 usque
2287 3191 2651 3252 Comuenum.
2691 3189 2906 3245 tametsi
2956 3189 3116 3242 titulo
3173 3185 3448 3256 praeferat.

170 3259 363 3315 ταῦτα
390 3265 598 3337 (saepe!
626 3272 652 3322 ὁ
682 3272 1018 3342 Καισαριιὺς
1050 3276 1310 3338 Εὐσέϐιος
1331 3278 1359 3328 ό
1383 3277 1664 3347 Παμφίλου
1697 3281 1713 3330 i

1909 3284 2016 3350 ὁγῳ
2038 3280 2098 3346 ἒς
2131 3259 2332 3350 ἐκλήθη
2359 3279 2659 3348 βατοικὸς.
2678 3278 2818 3345 Quin
2841 3279 2950 3332 imo
2974 3287 3059 3331 est
3087 3275 3233 3330 fraus
3264 3275 3452 3330 isthtee

168 3354 400 3442 indicio.
435 3372 621 3412 veram
654 3360 824 3418 fuisse
848 3364 979 3418 olim
1016 3365 1083 3418 ab
1114 3365 1348 3420 EttSebio
1397 3365 1697 3436 ’κττιτομὴν
1730 3370 1962 3436 χοόνων.
2012 3383 2105 3419 seu
2148 3368 2355 3432 verius,
2408 3375 2468 3420 tit
2523 3365 2889 3442 liieronymus
2917 3369 3015 3432 ait,
3065 3364 3452 3418 Chronicorum

168 3439 476 3506 Cannam.
499 3448 911 3503 cnncinnatam.
943 3451 1059 3506 Non
1097 3452 1262 3522 igitur
1283 3470 1405 3508 cum
1439 3455 1542 3510 hoc
1575 3457 1822 3520 sentiret,
1859 3455 2024 3509 falsus
2046 3463 2126 3507 est
2159 3453 2441 3522 Scaliger:
2474 3439 2571 3510 sed
2601 3459 2787 3522 utique
2812 3469 2938 3508 cum
2972 3469 3030 3506 se
3056 3453 3106 3506 id
3135 3449 3448 3514 sentiendo.

167 3543 392 3584 errasse
426 3534 780 3602 existimavit.
816 3546 1040 3593 strenue
1075 3541 1249 3596 ialsns
1278 3552 1399 3598 est:
1431 3555 1483 3597 et
1516 3543 1731 3612 culpam
1762 3543 1868 3598 sibi
1903 3545 2245 3612 deprecatus.
2280 3545 2333 3596 in
2364 3541 2759 3612 Hieronymum
2791 3541 3149 3605 transferens.
3186 3537 3452 3601 ostendit,

170 3632 237 3669 se
267 3633 467 3688 neque.
481 3632 662 3690 antea,
700 3640 878 3694 neque
915 3636 1058 3698 post,
1090 3645 1314 3684 sensum
1343 3630 1465 3700 ejus
1501 3638 1842 3695 assecutum.
1871 3641 1926 3686 et
1956 3646 2098 3686 novo
2133 3646 2240 3684 non
2272 3639 2380 3685 tam
2411 3644 2471 3686 se
2499 3643 2708 3694 errore.
2741 3643 2906 3698 quam
2940 3628 2998 3682 S.
3034 3627 3322 3682 Doctorem
3357 3627 3450 3680 in-

163 3705 318 3774 juria
345 3710 671 3766 cumulavit.

247 3792 372 3847 Fuit
409 3795 524 3852 inec
552 3810 736 3854 autem
767 3802 1032 3860 solemnis
1059 3805 1340 3876 Scaligero
1374 3808 1584 3862 erroris
1613 3821 1782 3861 causa
1813 3806 1867 3860 in
1897 3804 2319 3876 llieronymiana
2347 3803 2705 3860 translatione
2725 3803 3109 3872 expendenda.
3133 3803 3276 3872 quod
3352 3821 3451 3859 na—

165 3894 298 3936 czus
329 3883 578 3940 laciniam
611 3892 922 3958 quampiam
957 3894 1009 3946 in
1042 3893 1266 3955 Graec-is.
1298 3911 1420 3964 quae
1446 3895 1652 3950 Latina:
1679 3897 1966 3951 sententia!
1995 3905 2270 3965 utcunque
2327 3895 2708 3964 responderet,
2745 3909 2776 3948 e
2815 3895 3044 3962 vestigio
3094 3895 3454 3965 pronuntiare

170 3985 280 4023 non
309 3982 395 4026 est
431 3982 664 4044 veritus,
699 3995 824 4033 eum
853 3983 1082 4035 omnino
1119 3985 1303 4037 locum
1350 3984 1544 4050 fuisse.
1582 3998 1759 4054 eaque
1814 3982 1973 4050 plane
2003 3984 2168 4037 verba
2220 3983 2274 4037 in
2329 3980 2643 4037 Eusebiauo
2686 3982 3004 4052 exemplari,
3040 3999 3161 4053 qttre
3201 3983 3262 4038 S.
3295 3984 3453 4038 Pater

167 4057 366 4114 Latine
395 4060 748 4122 refunderet:
781 4077 841 4121 ut
867 4083 990 4123 cum
1019 4078 1198 4124 tamen
1233 4073 1301 4126 ab
1335 4071 1400 4125 iis
1425 4081 1520 4125 aut
1550 4057 1740 4136 sensu,
1767 4079 1863 4125 aut
1890 4071 2114 4126 nomine
2146 4081 2308 4126 tenus
2355 4069 2590 4137 abludit,
2631 4071 2952 4125 conclusum
3003 4081 3112 4134 cat,
3141 4086 3264 4125 cum
3307 4087 3453 4125 nunc

166 4147 411 4202 dictandi
445 4158 814 4220 properantia,
845 4172 991 4211 nunc
1028 4158 1482 4225 liallucinatione.
1504 4159 1650 4230 quod
1681 4159 1948 4230 penitiore
1976 4167 2188 4213 careret
2217 4158 2418 4214 Graecas
2457 4143 2654 4228 linguai
2675 4159 2927 4221 scicntia.
2963 4172 3240 4227 peccasse.
3269 4156 3450 4214 Nolim

167 4248 274 4302 ego
305 4234 564 4305 Sealigeri
595 4239 789 4294 famam
809 4243 1198 4315 imuiinui,qua
1222 4263 1255 4302 ιι
1276 4248 1373 4300 sibi
1401 4253 1453 4302 in
1473 4263 1530 4300 ~-a
1552 4251 1711 4301 etia-n
1738 4263 1833 4301 erit
1859 4248 1973 4299 litio
1996 4249 2063 4299 iis
2082 4263 2110 4297 ·›
2129 4257 2230 4298 irte
2250 4261 2339 4311 ipu
2365 4248 2377 4298 l
2413 4263 2426 4294 ι
2451 4261 2559 4300 une
2583 4263 2614 4298 ιι
2639 4251 3013 4307 posteritatem
3041 4248 3162 4312 iure
3199 4248 3405 4315 peperit
3430 4264 3448 4302 :

171 4321 405 4376 ﬁdenter
435 4336 612 4380 tamen
645 4329 754 4393 aio.
793 4339 1002 4385 tantum
1035 4333 1111 4388 illi
1142 4335 1452 4404 Graecarum
1475 4335 1781 4388 litterarum
1809 4333 1999 4403 peritia
2032 4343 2319 4402 pnestasse
2359 4332 2782 4404 Hieronymum.
2812 4342 3080 4404 quantum
3113 4334 3161 4386 ei
3197 4335 3288 4400 qui
3345 4336 3447 4388 lin.-

168 4424 333 4475 gnam
370 4412 552 4468 multis
578 4413 689 4477 iam
723 4420 938 4472 sarculis
967 4421 1293 4484 obsoletam,
1326 4422 1508 4475 studio
1548 4421 1814 4496 improbo
1845 4421 2088 4482 edidicit.
2122 4421 2214 4475 ille.
2256 4421 2348 4490 qui
2382 4435 2449 4474 eo
2476 4421 2595 4489 ipso
2641 4421 2865 4484 seculo.
2897 4435 3131 4488 cumque
3173 4421 3240 4475 iis
3289 4421 3446 4484 visit.

167 4498 374 4561 quibus
404 4515 586 4557 sermo
615 4505 704 4559 iiie
733 4508 1072 4563 'vernacui’us
1105 4511 1226 4564 fuit.
1262 4511 1329 4564 At
1383 4511 1722 4581 Syncellum,
1753 4510 1954 4580 inquit,
2009 4511 2182 4563 habeo
2220 4507 2540 4564 Eusebianos
2583 4509 2873 4577 scripture
2920 4507 3321 4578 iidejussoreni.
3366 4510 3451 4564 Sit

168 4586 262 4640 ille
307 4588 528 4655 quidem
566 4591 701 4647 locis
749 4594 891 4649 bene
926 4597 1109 4650 multis
1142 4613 1158 4652 :
1195 4614 1322 4651 num
1357 4598 1492 4652 adeo
1523 4598 1801 4663 omnibus,
1838 4609 1893 4651 et
1917 4598 2216 4650 continenti
2259 4600 2399 4651 serie
2437 4597 2734 4652 Eusebium
2775 4598 2922 4651 κατὰ
2952 4597 3096 4664 λέξιν
3124 4597 3449 4668 descripsit?

168 4674 289 4728 lmo
323 4693 453 4733 vero
486 4696 612 4735 eum
642 4682 924 4738 inimicum
958 4702 1017 4740 se
1045 4687 1122 4741 illi
1155 4689 1813 4757 protiteatur.-_multaqne
1845 4689 1896 4738 in
1931 4686 2074 4738 aliud
2106 4693 2270 4754 atque
2321 4686 2414 4739 ille
2449 4695 2662 4754 tempus
2714 4685 3034 4748 transferat,
3079 4688 3299 4741 tametsi
3336 4703 3454 4739 ma-

168 4763 367 4816 teriam
403 4765 470 4819 ab
497 4782 561 4820 eo
587 4769 789 4825 suﬂ'ura
805 4779 890 4827 tus
920 4784 1022 4835 est.
1051 4778 1214 4826 verba
1239 4773 1535 4828 identidem
1568 4774 1892 4834 demutarit.
1926 4781 1984 4823 ut
2007 4773 2076 4824 de
2097 4787 2198 4826 suo
2229 4772 2432 4839 aliquid
2473 4785 2642 4828 ausus
2675 4773 2891 4826 tandem
2924 4773 3224 4827 videretur.
3256 4772 3449 4826 Enim-

169 4857 320 4903 vero
359 4867 468 4905 non
497 4855 782 4926 Synccllus
826 4859 985 4913 modo
1027 4862 1316 4915 Eusebium
1361 4862 1676 4932 descripsit.
1715 4865 1811 4916 sed
1856 4870 1910 4913 et
1940 4859 2200 4912 Cliroiiiei
2239 4857 2520 4914 Paschalis
2559 4869 2752 4915 auctor
2801 4876 2965 4928 serpe.
2994 4859 3278 4914 Cedrenus
3317 4861 3448 4915 item

170 4945 340 5004 atque
383 4939 495 5004 alii,
526 4945 618 5012 qui
655 4953 834 5000 tamen
870 4948 921 5000 in
969 4964 1073 5003 una
1105 4952 1406 5018 ea-lemque
1448 4950 1733 5004 referenda
1771 4949 1996 5002 historia
2054 4947 2235 5000 verbis
2275 4947 2608 5000 dissentiunt
2640 4947 2780 4999 inter
2823 4961 2903 5000 se.
2963 4946 3077 4998 Νοιι
3131 4957 3216 5000 est
3269 4951 3453 5018 itaque

173 5023 490 5092 deﬁnitum.
551 5035 691 5100 apud
729 5049 889 5101 quem
923 5052 1053 5105 rura
1085 5040 1274 5092 dictati
1305 5025 1520 5092 Eusebi:
1543 5039 1597 5093 ni
1633 5039 1855 5100 veritas,
1889 5036 2113 5106 ipsaque
2139 5037 2311 5088 series
2339 5035 2630 5089 verbomm
2663 5045 2897 5099 constet,
2933 5044 2992 5088 ut
3013 5049 3224 5089 eertum
3261 5053 3328 5092 ex
3357 5054 3454 5091 eo-

176 5125 303 5163 rum
336 5112 656 5181 fragmentis
696 5121 902 5175 institui
943 5126 1008 5178 de
1044 5123 1360 5198 Hieronymi
1388 5126 1924 5196 versionejudicium
1965 5122 2177 5191 possit:
2211 5121 2345 5192 quin
2397 5123 2576 5190 potius
2620 5122 2688 5176 ad
2723 5121 2978 5176 Latinum
3017 5138 3114 5193 par
3147 5133 3254 5190 est,
3283 5126 3451 5181 dissi-

171 5201 322 5252 mitis
351 5199 521 5256 (ἐι-ιιιρί
557 5219 842 5265 contextus
874 5211 1034 5265 ﬁdem
1062 5214 1316 5282 experiri.
1351 5225 1407 5266 ut
1453 5230 1574 5284 qua!
1600 5214 1770 5283 magis
1819 5211 2165 5266 translationi
2223 5222 2552 5275 consonant.
2587 5209 2892 5266 Eusebiana
2942 5213 3140 5280 potiori
3185 5213 3312 5280 jure
3360 5216 3446 5268 vi-

171 5287 433 5343 deantur.
466 5289 711 5358 Possem.
739 5296 840 5349 hoc
867 5300 1034 5367 probe
1055 5301 1460 5363 animadverso.
1493 5317 1586 5370 per
1616 5301 1861 5370 singulas
1884 5301 1964 5355 ire.
1991 5299 2402 5354 criminationes
2434 5297 2720 5368 Sealigeri,
2753 5300 2958 5369 quibus
2990 5301 3201 5354 milium
3257 5302 3447 5355 obtre-

169 5388 204 5429 c
229 5377 362 5430 andi
407 5375 733 5451 Hieronymo
769 5383 927 5439 iii-eiu
960 5387 1111 5452 facit.
1144 5398 1192 5442 et
1228 5405 1347 5458 qua:
1397 5403 1658 5442 conversa
1691 5389 1760 5441 ab
1781 5403 1847 5442 eo
1895 5401 2201 5456 perperam.
2257 5399 2349 5440 aut
2378 5387 2486 5441 alio
2516 5387 2788 5456 explicato
2826 5388 3199 5456 reprehendit.
3254 5386 3447 5442 Graeco

169 5463 476 5532 exemplari
511 5467 775 5532 ﬁdeliora.
808 5476 869 5527 et
893 5475 1062 5528 multo
1097 5477 1318 5545 quidem
1362 5478 1730 5532 verosimilius
1779 5478 2090 5531 ostendere.
2123 5475 2237 5531 Sed'
2271 5485 2326 5529 et
2357 5479 2465 5530 alia
2516 5491 2687 5530 causa
2714 5487 2818 5540 est,
2851 5483 2923 5532 ob
2959 5493 3125 5546 quam
3159 5479 3319 5532 nobis
3357 5494 3449 5531 ex-

171 5551 361 5630 cusari
394 5551 452 5606 S.
484 5554 757 5625 interpres
785 5562 984 5629 tit-bet;
1027 5575 1216 5618 nactus
1247 5573 1330 5619 cst
1365 5566 1509 5620 enim
1558 5565 1931 5619 Eusebiaunm
1979 5565 2259 5633 exemplar
2312 5563 2514 5619 alicubi
2567 5566 3009 5626 inemendatom.
3037 5575 3099 5620 ut-
3155 5565 3449 5620 niaoiiesto

169 5637 392 5692 indicio
417 5643 584 5698 unius
614 5649 908 5704 alteriusve
941 5654 1041 5706 loci
1074 5664 1288 5708 constat
1330 5672 1344 5710 :
1382 5670 1559 5724 neque
1611 5655 1662 5709 ei
1692 5655 1842 5708 licuit
1875 5668 1974 5721 pro
2017 5652 2280 5720 temporis
2328 5655 2581 5722 angustia
2631 5652 2823 5707 Tacete
2865 5654 3100 5708 libraria
3146 5651 3447 5723 diligentia:

172 5727 502 5794 Ρυΐίνυιιιιη.
542 5732 674 5788 iiinc
707 5743 870 5804 ptirro
907 5742 997 5794 ille
1043 5744 1520 5814 οισιιιεήιιράδως.
1545 5745 1638 5812 qui
1677 5743 1746 5796 de
1773 5740 1954 5795 M’iuoe
1985 5741 2228 5808 scripsit.
2277 5757 2472 5805 novus.
2511 5743 2626 5795 imo
2661 5743 3073 5796 eommem'rtius
3138 5741 3296 5812 plane
3349 5759 3448 5796 au-

183 5825 336 5878 ctor.
376 5820 471 5874 sed
510 5820 769 5889 Scaligeri
804 5827 1046 5884 dictcriis
1069 5834 1175 5894 iam
1211 5831 1324 5887 fere
1357 5831 1556 5894 notior.
1587 5846 1749 5896 quam
1793 5832 1849 5885 si
1880 5846 2002 5885 vere
2059 5829 2194 5884 olim
2219 5830 2538 5889 exstitisset.
2595 5828 2902 5897 Legeudutn
2951 5828 3121 5884 fuisse
3175 5830 3451 5895 distinctis
