3864 6182
313 263 419 325 (ἒέΠ
1481 276 1573 336 VA
1584 276 1720 337 LLA
1730 278 1839 340 ΒΞ]

2060 284 2376 347 ἈΕΕΑΤῘΟΕ
3467 295 3586 359 (3931

533 392 709 451 neque
739 381 805 477 de
843 381 1156 477 Pontacena
1186 383 1423 440 editione
1459 389 1574 477 ipsa
1607 392 1852 456 pluribus
1904 398 2173 468 agendum
2209 400 2372 456 nobis
2397 411 2502 468 est,
2535 401 2804 472 siquidem
2849 411 2958 459 tota
2984 405 3093 472 jam
3124 405 3299 462 oculis
3327 379 3586 477 subjecta-

309 467 573 566 lldelibus
599 470 914 566 recensione
952 472 1054 527 hac
1108 482 1296 528 nostra
1337 475 1668 533 continetur.
1703 467 2064 554 Auctor,qui
2116 467 2573 546 Vasatensemrin
2603 467 2922 562 -Aquitania
2978 467 3296 566 episcopum
3351 467 3566 562 agebat,

311 565 526 652 tantum
559 556 739 652 in_il_la
775 558 841 652 ad
877 569 1087 652 veteres
1118 561 1522 632 manuscriptos
1556 566 1980 639 duodetriginta,
2009 583 2173 643 atque
2200 577 2376 632 editos
2413 578 2623 647 pridem
2665 556 2789 635 octo
2837 556 3026 637 libros'
3058 556 3341 652 exigenda,
3381 556 3577 645 studii,

310 645 598 736 doctrinae,
630 647 944 718 laborisque
973 648 1204 718 improbi
1244 652 1495 718 contulit,
1530 662 1586 707 ιιι
1639 656 1812 710 ausim
1863 659 2152 726 allii-mare,
2190 678 2313 716 cum
2364 645 2514 719 nullo
2577 669 2895 735 praetorius
2945 645 3175 723 auctore
3221 671 3473 736 antiquo,
3527 670 3575 724 si

312 730 479 788 ﬁdem
510 735 953 826 etidiligentiam,
1010 754 1130 808 quae
1182 742 1470 808 praecipuae
1511 752 1637 798 sunt
1679 757 1868 813 partes
1921 747 2169 815 editoris,
2217 759 2450 821 spectes,
2503 730 2665 823 quam
2702 771 2825 809 cum
2879 755 3211 826 Hieronymo
3258 730 3467 818 actum.
3516 766 3578 811 ut

322 825 493 892 quale
540 825 667 878 olim
702 827 998 895 explicavit
1032 826 1224 882 Latine
1254 830 1592 897 Chronicon,
1643 833 1937 904 legeretur.
1973 837 2294 894 Moliebatur
2328 851 2381 895 et
2432 842 2681 914 Scaliger
2723 859 2821 913 per
2861 845 2913 902 id
2952 825 3214 914 temporis
3272 847 3585 901 editionem-

311 927 497 976 suam,
533 929 654 983 quae
678 914 792 1003 jam
819 916 1048 969 alterum
1081 916 1131 970 in
1159 932 1361 971 annum
1409 920 1799 990 premebatur;
1831 934 1882 979 et
1913 942 2220 996 quanquam
2282 929 2385 984 hoc
2417 931 2580 984 habet
2617 931 2835 986 invidias
2885 933 3203 1001 plurimum,
3238 935 3382 1003 quod
3418 933 3575 986 ride-

311 1008 507 1055 rentur
530 1001 876 1056 amulatione
913 1005 1101 1058 nescio
1132 1020 1276 1074 quin,
1311 1007 1554 1064 eamdem
1610 1021 1832 1082 uterque
1862 1012 2100 1067 subiisse
2129 1016 2464 1084 provinciam
2493 1035 2506 1070 :
2559 1027 2746 1072 essent
2774 1019 2936 1072 etiam
2988 1021 3081 1088 qui
3114 1001 3276 1090 hujus
3318 1021 3371 1074 in
3428 1022 3578 1076 Pon-

312 1093 497 1139 tacnm
525 1089 739 1178 animos
774 1091 1073 1148 acuerent:
1109 1092 1345 1163 denique
1375 1107 1571 1165 sponte
1606 1114 1702 1154 sua
1738 1112 1883 1155 esset
1919 1102 2011 1157 ille
2063 1103 2116 1156 in
2162 1104 2344 1159 aliena
2398 1107 2667 1161 industria
2715 1108 2985 1162 laudanda
3039 1089 3438 1178 parcissimus:
3501 1110 3574 1164 ita

308 1185 497 1266 tamen
530 1176 788 1246 praeclare
819 1179 887 1232 de
939 1178 1029 1233 illa
1063 1190 1116 1234 et
1149 1185 1439 1251 magnilice
1489 1187 1684 1252 sensit,
1718 1198 1904 1258 totque
1936 1191 2185 1246 laudibus
2236 1191 2465 1247 editoris
2497 1195 2806 1250 doctissimi
2866 1176 3164 1266 ingeni-um,
3206 1195 3390 1260 (idem,
3449 1196 3574 1258 dili-

308 1265 551 1330 gentiam
585 1277 906 1332 prosecutus
947 1277 1053 1331 est,
1087 1283 1213 1323 cuin
1249 1270 1301 1325 in
1343 1275 1789 1332 annotationibus
1820 1279 1959 1342 suis,
1992 1286 2104 1331 tum
2139 1277 2280 1332 datis
2313 1283 2379 1334 ad
2419 1281 2565 1335 Isaac
2597 1265 2979 1336 Casaubonuin
3010 1283 3284 1350 epistolis.
3320 1292 3376 1335 ιιι
3403 1297 3592 1350 neque-

308 1354 427 1419 ipse
461 1353 566 1406 sibi
599 1365 788 1428 optare
814 1355 1088 1413 Pontacus
1122 1361 1455 1416 luculentius
1494 1365 1870 1420 testimonium
1903 1367 1970 1420 ab
2017 1381 2242 1421 suarum
2277 1368 2514 1436 partium
2559 1369 2779 1424 homine
2811 1371 3100 1438 potuisset.
3143 1370 3392 1424 Videnda
3450 1385 3574 1425 cum

307 1441 506 1529 primis
530 1451 614 1496 est
647 1442 1015 1513 Scaligeriana
1045 1447 1271 1518 epistola
1308 1449 1431 1515 104,
1459 1467 1603 1524 quae,
1645 1453 1752 1508 nisi
1800 1454 2051 1508 brevitati
2095 1457 2251 1510 litare
2310 1452 2483 1510 modis
2538 1458 2794 1513 omnibus
2845 1460 3182 1529 propositum
3223 1458 3378 1510 nobis
3410 1468 3574 1521 esset,

310 1527 419 1615 huc
451 1539 571 1583 erat
603 1529 928 1589 referenda:
966 1543 1080 1588 tum
1111 1536 1226 1589 alia:
1255 1547 1366 1593 tres
1397 1538 1732 1608 Casauboni,
1772 1558 1892 1612 quae
1921 1543 2048 1610 450,
2080 1544 2186 1598 5‘29
2221 1553 2276 1598 et
2316 1544 2421 1600 5δο
2463 1546 2709 1601 numeris
2768 1527 3161 1615 praenotantur,
3205 1555 3263 1599 ut
3300 1560 3421 1614 qua:
3457 1546 3592 1614 ejus

307 1610 476 1704 fuerit
507 1620 971 1690 equitasjudicii,
1008 1627 1362 1695 perSpicianl,
1421 1644 1485 1683 ac
1539 1645 1702 1699 porro
1745 1610 2029 1686 addiscant
2065 1635 2130 1684 ab
2170 1632 2285 1696 illo,
2315 1633 2408 1700 qui
2465 1634 2638 1687 nostri
2693 1610 2956 1702 temporis
3025 1634 3272 1704 religiosi
3318 1610 3589 1690 homines-

304 1703 560 1760 audiunt.
592 1706 848 1763 Absoluta
880 1712 1096 1766 domum
1134 1723 1219 1768 est
1253 1712 1557 1771 Pontacena
1589 1718 1755 1774 editio
1796 1719 2096 1789 Burdigala:
2128 1719 2272 1775 circa
2311 1720 2438 1774 anni
2478 1720 2616 1775 1604
2663 1720 2822 1782 linem
2858 1737 2871 1777 :
2911 1723 3022 1791 ipse
3059 1703 3218 1791 paulo
3267 1732 3410 1791 post,
3443 1723 3560 1779 sive

304 1796 438 1846 anni
474 1795 812 1865 insequentis
841 1800 995 1854 initio
1045 1812 1257 1868 auctor,
1285 1804 1598 1861 Vasatensis
1633 1809 1940 1880 episcopus,
1982 1826 2298 1878 supremum
2333 1809 2475 1864 diem
2525 1809 2678 1877 obiit.
2716 1813 2840 1880 Ejus
2895 1827 3114 1881 Quoque
3153 1811 3275 1865 libri
3308 1810 3568 1878 ειθηιριαν

302 1893 401 1969 aut
431 1883 827 1954 improsperam
867 1887 1037 1942 vicem
1087 1891 1326 1960 aliquam
1379 1892 1687 1964 subierunt,
1733 1906 1828 1950 aut
1861 1913 1993 1955 sane
2029 1915 2298 1969 perpauca
2343 1899 2473 1953 olim
2523 1899 2785 1968 impressa
2841 1909 3011 1956 sunt:
3054 1891 3150 1953 vix.
3191 1898 3338 1954 enim
3385 1913 3556 1953 unum

301 1968 529 2037 aliquod
589 1973 642 2026 in
690 1971 838 2030 Italia
886 1980 1186 2045 praesertim
1241 1980 1340 2036 hac
1369 1992 1553 2036 nostra
1591 1983 1859 2050 invenias,
1892 1968 2200 2056 quodauro
2229 1997 2418 2042 centra
2469 2003 2787 2057 comparare
2825 1990 3022 2056 possis.
3075 1989 3208 2054 Quae
3260 1986 3421 2041 nobis
3453 2002 3562 2041 non

302 2058 498 2111 uitium
531 2075 694 2117 causa
724 2063 843 2127 fuit,
881 2081 979 2119 cur
1011 2082 1176 2121 unum
1212 2069 1354 2121 nacti
1397 2070 1447 2123 in
1481 2071 1698 2126 Patrum
1743 2073 2133 2132 Theatinorutu
2168 2083 2370 2130 nostrae
2403 2075 2565 2144 hujus
2597 2077 2749 2131 urbis
2787 2076 3138 2142 bibliotheca,
3177 2076 3416 2144 illudque
3470 2087 3574 2128 eo-

302 2160 426 2204 rum
464 2147 728 2203 beiwlicio
757 2159 808 2204 et
845 2153 1184 2210 humanitate
1223 2173 1345 2224 quae
1386 2161 1454 2212 sit
1487 2161 1538 2212 in
1569 2164 1902 2232 exemplum.
1956 2164 2216 2228 assecuti,
2260 2173 2432 2218 totum
2493 2166 2636 2232 quod
2670 2173 2788 2218 erat
2820 2164 2936 2232 ejus
2970 2164 3233 2218 editionis
3265 2161 3573 2232 prepriutn.

300 2249 618 2302 apparatus,
661 2243 1066 2308 annotationes,
1101 2255 1152 2300 et
1203 2247 1410 2317 reliqua
1460 2250 1584 2305 huic
1617 2267 1818 2307 nosn-a:
1849 2264 1905 2306 ut
1942 2251 2283 2317 accederent,
2328 2251 2740 2306 curaverimus;
2796 2261 2853 2304 ut
2912 2250 3006 2318 qui
3079 2250 3218 2304 hanc
3247 2248 3582 2314 compararit

299 2319 455 2377 illam
497 2340 564 2378 ex
595 2326 807 2400 integro
839 2330 1060 2388 habeat.

375 2466 506 2521 Post
537 2467 817 2526 biennium
850 2488 879 2526 a
943 2473 1250 2530 Pontacena
1311 2479 1511 2549 prodiit
1553 2479 1802 2548 Lugduni
1860 2481 2185 2536 Batavorum
2243 2480 2506 2548 Scaligeri
2551 2480 2742 2546 editio,
2779 2493 2899 2550 quae
2933 2477 3235 2533 incredibili
3285 2476 3570 2532 doctorum

298 2555 496 2621 plausu
533 2568 756 2626 excepta
793 2571 912 2616 est:
955 2563 1057 2633 ipsi
1090 2575 1269 2620 autem
1307 2569 1499 2622 edituri
1540 2585 1644 2622 non
1679 2585 1844 2639 usque
1885 2570 2020 2624 adeo
2065 2570 2176 2622 visa
2208 2579 2287 2623 est
2315 2569 2562 2625 numeris
2595 2569 2850 2624 omnibus
2913 2567 3186 2634 absoluta,
3210 2574 3269 2619 ttt
3313 2564 3572 2618 continuo

298 2642 369 2697 de
402 2647 494 2698 illa
532 2651 842 2704 renovanda
874 2654 1146 2722 cogitarit,
1193 2671 1292 2710 nec
1317 2657 1381 2711 ad
1419 2670 1756 2726 postremum
1792 2675 1966 2729 usque
2004 2659 2148 2712 diem
2182 2659 2330 2722 vitm,
2359 2658 2450 2723 qui
2488 2667 2610 2726 post
2636 2646 2814 2712 'l'erme
2847 2656 3078 2710 alterum
3122 2654 3404 2708 biennium
3435 2665 3571 2704 con-

289 2733 444 2800 ιεεη.
483 2734 552 2788 ab
581 2752 641 2790 ea
670 2755 794 2793 cura
828 2741 1114 2797 destiterit.
1157 2743 1255 2798 Diu
1289 2761 1468 2798 auem
1505 2757 1646 2814 post,
1678 2748 1795 2801 sive
1845 2762 1988 2800 anno
2015 2748 2235 2801 demum
2269 2747 2430 2812 i658,
2477 2756 2705 2801 curante
2741 2745 2854 2798 viro
2910 2742 3226 2798 doctissimo
3260 2737 3571 2793 Alexandro

300 2819 478 2885 Moto,
513 2829 604 2892 qui
642 2841 694 2879 et
725 2831 1094 2893 praefatione-it
1127 2833 1192 2884 de
1241 2849 1341 2886 suo
1384 2833 1610 2896 addidit,
1640 2835 2025 2888 Amstelodami
2064 2850 2254 2890 recusa
2283 2845 2393 2898 est,
2440 2833 2595 2888 tertia
2634 2833 2746 2888 fere
2769 2841 2922 2902 parte
2966 2822 3196 2892 auctior,
3229 2838 3282 2882 et
3314 2840 3570 2895 suprema

299 2913 545 2962 auctoris
577 2928 739 2967 manu
775 2919 1136 2974 emendatior.
1180 2920 1402 2975 Praefert
1429 2923 1586 2974 titulo
1629 2919 1955 2974 Thesuurum
1989 2933 2326 2994 temporum:
2356 2937 2534 2991 neque
2567 2938 2700 2978 sane
2731 2921 3023 2976 Eusebium
3064 2918 3245 2980 modo,
3279 2927 3333 2972 et
3368 2917 3568 2970 Hiero-

299 3002 530 3065 nyinum
556 3012 605 3054 et
634 2999 984 3073 Prospei-um.
1021 3011 1113 3062 sed
1149 3021 1199 3062 et
1229 3009 1366 3064 alios
1402 3010 1773 3075 auctores,~ab
1795 3011 1862 3065 iis
1889 3011 2149 3066 derelicta
2187 3013 2574 3065 continuantes
2601 3011 2862 3071 continet,
2897 3005 3166 3061 Victorem
3200 3003 3409 3059 scilicet
3453 2999 3565 3055 Tu-

298 3101 630 3152 nuneuSt-m,
661 3090 923 3149 Ioannem
961 3096 1368 3157 Biclariensem.
1415 3097 1666 3161 ldatiutn,
1703 3097 1824 3150 Mart

2043 3115 2071 3151 ιι
2127 3100 2404 3161 comitem,
2455 3111 2508 3152 et
2541 3098 2831 3152 barbarum
2880 3095 3031 3149 illum
3089 3100 3465 3162 excerptorum
3499 3092 3569 3145 ab

301 3167 568 3241 Eusebio,
603 3190 660 3233 ut
688 3181 911 3248 dicitur,
942 3186 1223 3247 Africano,
1268 3198 1431 3253 atque
1452 3187 1574 3239 aliis
1600 3197 1858 3254 auctore;
1891 3187 2126 3256 denique
2153 3195 2208 3242 et
2241 3189 2643 3257 lsagogicorunt
2695 3185 3076 3252 Chronologiaz
3115 3182 3394 3236 Can0uu2n
3455 3188 3567 3233 tres

297 3263 450 3325 libri,
484 3276 671 3337 utpote
709 3270 772 3323 ad
810 3287 927 3325 eam
958 3281 1262 3341 temporum
1291 3275 1595 3329 doctrinam
1631 3274 1923 3330 admodum
1951 3275 2265 3336 necessarii,
2308 3282 2684 3328 accesserunt.
2721 3273 3015 3328 Eusebium
3063 3270 3208 3340 quod
3245 3278 3476 3338 speculi,
3515 3280 3568 3323 et

296 3352 377 3404 rei
411 3366 578 3420 caput
605 3366 709 3416 est,
743 3374 849 3409 non
887 3360 1100 3414 dubitat
1153 3363 1512 3429 pronuntiare
1564 3362 1814 3417 Casaubo

2039 3361 2184 3413 istol.
2228 3361 2354 3424 450,
2393 3361 2606 3413 tametsi
2656 3360 2911 3413 laudandi
2964 3360 3150 3411 animo
3211 3357 3432 3427 (quippe
3469 3357 3561 3425 qui

299 3439 594 3496 immodica
648 3445 979 3514 Scaligerani
1008 3449 1211 3514 ingenii
1250 3451 1612 3506 admiratione
1658 3451 1971 3506 tenebatur)
1997 3449 2172 3511 illum,
2224 3465 2324 3501 non
2365 3449 2527 3518 quale
2575 3450 2641 3500 ab
2673 3457 2896 3500 auctore
2920 3448 3314 3514 conscriptum,
3349 3448 3464 3498 sive
3495 3445 3565 3498 ab

307 3525 639 3598 Hieronymo
664 3533 997 3600 publicatum
1033 3546 1137 3604 est,
1169 3537 1263 3592 sed
1298 3539 1458 3606 quale
1493 3539 1711 3606 concipi
1743 3539 1810 3590 ab
1848 3551 1914 3591 eo
1947 3536 2160 3601 debuit,
2196 3535 2508 3589 Cbronicon
2541 3534 2798 3588 edidisse.
2838 3534 3083 3587 Diximus
3111 3535 3216 3587 hoc
3262 3549 3362 3586 nos
3393 3533 3566 3585 Scali-

311 3617 420 3684 geri
454 3617 673 3685 πρῶτον
702 3619 916 3689 ψεῦδος,
938 3639 1057 3693 quo
1089 3626 1259 3680 voluit
1290 3628 1342 3680 in
1374 3629 1512 3681 duos
1550 3627 1715 3680 fuisse
1748 3640 1887 3695 opus
1915 3625 2046 3678 illud
2076 3625 2242 3676 libros
2272 3622 2663 3690 tributum.-,Ex
2685 3637 2748 3673 co
2778 3633 2924 3676 certe
2949 3622 3212 3689 consequi
3245 3637 3367 3674 eum
3398 3621 3568 3674 male-

313 3719 441 3759 sana
477 3709 709 3763 consilia
747 3727 966 3766 necesse
1002 3714 1125 3778 fuit,
1157 3725 1212 3769 ιιι
1247 3716 1463 3785 scriptis
1500 3713 1715 3768 Eusebii
1783 3724 1837 3768 et
1875 3712 2186 3782 Hieronymi
2233 3725 2528 3778 nunquam,
2566 3718 2755 3777 utpote
2785 3717 3028 3762 veterum
3070 3715 3379 3768 auctorum,
3415 3722 3563 3760 sunt-

320 3808 403 3845 ma
437 3798 557 3850 sine
586 3799 845 3865 religione
877 3803 1197 3865 tractandis,
1227 3803 1487 3869 profanas
1518 3803 1778 3870 injiceret
1807 3817 2020 3862 manus,
2053 3811 2290 3866 suosque
2316 3807 2584 3851 centones
2620 3806 2672 3849 et
2707 3793 2988 3878 ῥαψῳδίας
3019 3795 3304 3865 splendido
3345 3793 3560 3846 illorum

303 3877 530 3938 nomine
561 3885 884 3944 venditaret.
926 3889 1165 3944 Priorem
1203 3891 1427 3957 librum,
1463 3901 1520 3943 ut
1546 3891 1883 3956 dicebamus,
1908 3889 1960 3941 in
1988 3887 2178 3940 Latine
2209 3883 2427 3954 quidem
2465 3899 2529 3937 cx
2563 3884 2769 3938 iteratis
2799 3877 3266 3952 interpretationis
3297 3881 3562 3950 llierony-

295 3972 500 4024 mianm
534 3971 671 4028 locis
702 3978 1106 4032 consarcinavit
1134 3996 1148 4042 ;
1179 3977 1234 4032 in
1260 3978 1449 4033 Grazeo
1471 3991 1648 4033 autem
1681 3993 1744 4032 ex
1785 3979 2058 4030 variorum
2085 3987 2390 4035 auctorum,
2429 3972 2709 4040 ipsiusque
2741 3969 2958 4025 Eusebii
2988 3970 3163 4039 longis
3187 3969 3423 4030 laciniis,
3453 3985 3561 4020 non

296 4076 362 4113 ex
404 4064 681 4117 libronrco
715 4065 933 4133 quidem
974 4066 1082 4122 isto
1116 4069 1396 4136 opere,sed
1429 4083 1494 4122 ex
1529 4069 1649 4122 aliis
1681 4077 1806 4135 puta
1843 4062 2264 4133 Prxparatione,
2296 4075 2359 4113 ac
2393 4060 2873 4114 Demonstratione
2899 4059 3225 4128 Evangelica
3265 4057 3559 4125 expressis.

298 4151 588 4204 conﬁnxit.
621 4150 844 4208 Miseret
893 4167 978 4210 me
1009 4155 1130 4224 ejus
1161 4157 1358 4210 laboris
1391 4156 1618 4222 inutilis,
1659 4169 1768 4223 quo
1826 4153 2196 4222 przecedentes
2246 4147 2708 4202 Abrahamiticam
2767 4162 2929 4202 teram
2989 4145 3252 4200 historias
3309 4146 3564 4214 procudit

299 4249 365 4287 ex
406 4236 679 4290 Hebraicn
732 4239 1032 4303 exemplari
1079 4248 1134 4294 et
1167 4239 1523 4303 Samaritico,
1579 4249 1930 4308 veterumque
1985 4238 2301 4308 fragmentis
2360 4238 2842 4303 chronologornm,
2919 4235 3287 4296 Manethonis,
3346 4235 3559 4296 Berosi,

293 4320 598 4382 .Tinmlltt'i.
639 4325 904 4392 Abydeni,
953 4327 1289 4396 Apollodori,
1340 4328 1630 4382 Alexandri
1674 4329 1819 4397 l’olyl

2035 4365 2054 4389 η,
2110 4311 2353 4392 Josephi,
2417 4325 2680 4387 Africani,
2754 4332 2920 4393 atque
2967 4325 3228 4386 aliorum,
3291 4325 3444 4391 quasi
3494 4321 3561 4373 de

299 4409 524 4464 Eusebii
567 4411 856 4470 Chrenicis
889 4417 1071 4470 excisa
1125 4415 1255 4470 olim
1314 4418 1561 4480 sarciret,
1595 4430 1718 4484 quae
1773 4431 1948 4484 neque
1992 4425 2242 4484 peterant
2294 4422 2427 4466 tunc
2478 4414 2552 4466 illi
2599 4414 2722 4464 κατ’
2754 4411 2890 4481 ὅναρ
2945 4411 3131 4465 venire
3190 4412 3242 4463 in
3297 4417 3557 4463 mentem.

299 4496 564 4566 Ejusdem
595 4515 760 4568 porro
795 4503 918 4557 lidei
954 4513 1079 4557 sunt
1112 4505 1316 4572 reliqua
1369 4505 1434 4558 ad
1470 4503 1860 4558 Diocletianum
1911 4519 2084 4570 usque
2129 4503 2220 4556 illo
2267 4499 2551 4571 Xpm’zdiv
2603 4502 2748 4570 λόγῳ
2796 4499 2998 4570 πρώτῳ
3050 4508 3333 4558 contenta.
3399 4494 3561 4564 aliine

298 4601 364 4640 ex
415 4587 541 4642 aliis
592 4599 790 4658 prater
843 4592 1092 4648 laudatos
1137 4594 1476 4656 auctoribus,
1509 4609 1572 4646 ac
1606 4593 1762 4646 libris
1809 4591 2135 4660 quibusdam
2183 4591 2425 4643 nondum
2465 4589 2700 4657 vulgatis
2735 4588 3030 4657 descripta,
3062 4595 3339 4656 quietam
3401 4587 3560 4653 longa

300 4676 612 4742 digestione
645 4686 948 4746 temporum
979 4690 1143 4744 atque
1193 4682 1543 4734 historiarum
1575 4691 1856 4741 contextu,
1917 4680 2002 4733 vix
2041 4695 2208 4733 unum
2240 4678 2475 4753 aliquem
2532 4691 2748 4730 versum
2780 4690 2908 4730 vere
2967 4673 3333 4729 Eusebiantnn
3385 4682 3564 4725 conti-

302 4773 451 4816 nent.
497 4761 685 4818 Graeca
737 4765 963 4820 alterius
1014 4781 1174 4835 quem
1231 4777 1387 4821 vocat
1438 4767 1566 4821 libri
1620 4767 2081 4838 (quandoquidem
2145 4770 2233 4822 hic
2267 4783 2406 4821 unus
2463 4777 2546 4820 est
2601 4768 2670 4819 ab
2713 4765 2952 4821 Eusebio
3004 4763 3382 4828 elucubratus)
3443 4762 3560 4830 pic-

304 4861 473 4928 raque
530 4853 713 4908 omnia
762 4854 995 4922 genuina
1032 4854 1201 4909 videri
1255 4864 1499 4924 possunt,
1533 4855 1579 4910 si
1635 4871 1756 4910 cum
1807 4856 1996 4912 Latina
2055 4857 2501 4928 interpretatione
2555 4863 2943 4924 comparentur
3001 4870 3015 4908 :
3076 4861 3132 4908 et
3181 4866 3314 4908 sane
3363 4865 3561 4918 magna

302 4926 533 4993 debetur
571 4938 845 5012 Scaligero
887 4945 1059 5014 gratia
1114 4943 1217 4998 hac
1263 4946 1314 4996 in
1347 4953 1520 5012 parte,
1571 4945 1715 5012 quod
1767 4947 2054 5000 restituere
2090 4926 2270 5015 ipsum
2321 4943 2688 4997 Eusebianum
2727 4950 2944 4995 .textum
2993 4955 3091 5011 pro
3146 4939 3288 4993 virili
3327 4949 3555 4992 conten-

304 5027 468 5082 derit.
499 5027 597 5084 Est
621 5039 800 5083 tamen
848 5029 902 5084 in
953 5028 1056 5086 hoc
1091 5033 1256 5086 etiam
1305 5041 1589 5099 peccatum
1633 5034 1700 5085 ab
1743 5048 1808 5087 eo
1851 5035 2074 5102 saepius,
2124 5033 2268 5104 quod
2306 5034 2521 5087 vitiosis
2581 5030 2874 5086 admodum
2932 5029 3263 5100 apograpbis
3315 5041 3444 5082 usus
3482 5026 3558 5078 sit

304 5131 429 5171 cum
463 5108 723 5187 Syncelli,
757 5127 869 5171 tum
905 5119 1158 5174 Cbronici
1195 5119 1574 5183 Alexandrini,
1606 5136 1724 5190 qlia:
1750 5131 1862 5174 tum
1897 5124 2156 5190 temporis
2190 5122 2429 5176 nondum
2476 5129 2637 5174 erant
2663 5119 2864 5188 publici
2901 5117 3042 5186 juris
3078 5119 3243 5181 facta,
3275 5125 3438 5184 atque
3463 5113 3558 5167 illo

304 5205 635 5273 praesertim,
665 5206 807 5275 quod
843 5204 1015 5261 fuisse
1051 5208 1246 5275 raptim
1286 5219 1341 5260 et
1380 5208 1551 5262 multo
1581 5209 1982 5264 inemendatius
2017 5213 2132 5263 sive
2165 5224 2194 5262 a
2224 5208 2573 5272 Casaubono,
2607 5207 2725 5264 sive
2765 5207 2834 5261 ab
2864 5207 2986 5262 aliis
3016 5206 3378 5274 descriptum,
3409 5201 3556 5256 Gon-

308 5309 400 5348 rus
427 5295 481 5348 in
511 5296 748 5350 editione
779 5310 876 5350 sua
907 5296 1043 5350 locis
1085 5298 1224 5350 bene
1267 5297 1453 5350 multis
1475 5298 1678 5351 docuit.
1717 5297 1980 5353 Praeterea
2020 5303 2122 5354 huc
2151 5299 2315 5353 etiam
2338 5298 2590 5366 Scaliger
2625 5299 2872 5366 quietiam
2910 5297 3118 5361 retulit,
3162 5308 3284 5363 qua:
3328 5291 3554 5343 minimo

308 5383 552 5436 omnium
607 5383 902 5439 Eusebium
933 5395 1212 5438 auctorem
1250 5385 1469 5438 habent.
1504 5384 1585 5439 Ex
1623 5385 1709 5441 his
1743 5395 1873 5442 sunt
1902 5387 2187 5440 consulunt
2236 5385 2388 5454 paria
2443 5399 2779 5454 unoquoque
2829 5401 2992 5446 anno,
3029 5397 3147 5452 quae
3185 5379 3355 5434 luisse
3387 5379 3548 5432 etiam

309 5473 374 5524 ab
410 5470 741 5543 Hieronymo
787 5473 850 5528 ad
884 5472 1130 5528 Graecum
1176 5474 1455 5541 exemplar
1490 5489 1603 5528 non
1653 5475 1707 5527 in
1735 5477 1981 5529 versione
2026 5490 2128 5527 sua
2165 5482 2401 5535 tantum,
2434 5474 2531 5526 sed
2561 5481 2618 5527 et
2668 5471 3075 5526 continuatione
3106 5467 3336 5524 ﬁdeliter
3374 5481 3552 5520 attito-

311 5556 438 5624 tala,
470 5576 500 5614 ιι
533 5562 838 5616 breviattire
863 5572 1044 5617 autem
1079 5562 1169 5616 illo
1217 5563 1420 5631 operis,
1461 5564 1551 5630 qui
1584 5563 1650 5616 de
1699 5566 1872 5630 capite
1914 5574 2066 5616 ortus
2108 5577 2208 5614 suo
2243 5570 2346 5619 est.
2383 5560 2728 5621 detruncata,
2760 5571 2817 5611 ut
2850 5557 3109 5626 pleraque
3162 5555 3288 5618 alia,
3326 5565 3554 5608 conten-

312 5649 407 5701 dit.
445 5647 556 5705 Nos
586 5662 643 5704 ut
673 5666 729 5706 se
756 5651 970 5705 occasio
1015 5649 1240 5718 praebuit
1269 5652 1321 5705 in
1361 5653 1526 5714 notis,
1558 5652 1791 5704 maxime
1819 5668 1946 5705 vero
1979 5651 2032 5702 in
2087 5651 2352 5718 protentio
2397 5647 2465 5701 ad
2498 5664 2618 5718 pag.
2657 5647 2748 5711 79,
2800 5647 2954 5698 bonis
3010 5644 3346 5714 argumentis
3380 5643 3550 5697 evici-

314 5751 449 5805 nius,
485 5739 617 5794 adeo
649 5753 756 5792 non
808 5738 974 5793 fuisse
1033 5753 1270 5808 unquam
1319 5737 1388 5793 ab
1420 5737 1676 5805 Eusebio,
1707 5753 1840 5808 eoqu

2033 5754 2092 5791 us
2122 5738 2473 5809 Hieronymo,
2519 5745 2746 5800 attexta,
2800 5745 2856 5787 ut
2907 5747 3084 5805 neque
3131 5747 3226 5804 per
3258 5731 3378 5788 libri
3429 5747 3553 5802 pro-

3593 5351 3624 5368 l
