3864 6182
358 304 473 368 «τις
552 355 558 366 ε
1522 313 1611 373 VA
1628 313 1884 376 LLARSl

2004 311 2402 373 ἯᾹΞΡΛΤῘΠ.
3443 308 3469 366 Ἷ
3505 307 3530 366 ii

353 422 594 482 priaii’ttm
635 419 692 474 id
721 420 989 476 licuisset.
1039 415 1281 488 Denique
1326 422 1427 476 alia
1469 423 1830 479 Collectaneis
1857 423 1966 479 illis
1999 423 2111 477 suis
2159 421 2366 495 Grazcis
2391 421 2635 487 infarsit,
2670 436 2789 489 qua:
2822 435 2918 475 nec
2949 417 3155 473 veteris
3184 417 3400 485 alicujus
3425 420 3534 473 scri-

353 510 522 577 ptoris
546 522 710 574 sunt;
743 512 910 575 illam,
942 513 1159 580 inquazn
1205 511 1482 582 Ἰττοριῶν
1533 515 1857 585 συναγωγὴν

2020 514 2373 583 )λυμπιάδων
2405 511 2754 583 ἀναγραφὴν,
2825 527 2983 582 quam
3038 519 3186 564 recte
3214 511 3405 574 pridem
3451 513 3546 563 aui-

355 596 762 651 tuadverterunt
793 599 993 651 eruditi
1030 600 1152 653 viri.
1196 601 1369 654 fuisse
1405 601 1473 655 ab
1498 603 1614 670 ipso
1640 601 1917 673 Scaligero
1948 603 2233 656 collectam
2281 602 2658 669 digeslamque
2688 615 2752 654 ex
2778 599 2940 654 variis
2963 613 3088 653 cum
3121 595 3299 658 editis,
3335 605 3435 648 tutu
3461 597 3556 652 ine-

352 684 480 738 ditis
510 684 886 752 scriptoribus,
917 701 1022 739 non
1057 688 1259 742 Gra'cis
1287 691 1464 751 modo,
1505 690 1597 742 sed
1648 691 1810 744 etiarn
1863 687 2096 752 Latinis,
2148 702 2380 757 quorum
2417 689 2534 741 loca
2571 687 2760 743 Graece
2799 687 3093 741 convertit.
3126 685 3298 752 Atque
3328 684 3429 738 lucc
3447 686 3558 754 qui-

353 773 474 823 dem
525 770 810 825 Eusebiani
856 773 1112 828 Chr-unici
1155 773 1209 828 in
1244 774 1589 845 Scaligerana
1635 776 1880 831 editione
1935 775 2128 842 facies,
2163 780 2248 833 cui
2292 780 2612 848 reparanda:
2651 788 2846 849 praeter
2899 785 3120 832 heroem
3191 777 3335 830 illum
3397 791 3558 845 parem

351 858 629 912 exstitisse
665 862 957 921 neminem.
1014 850 1554 930 Casaubonus'dixit,
1621 864 1738 933 ipse
1769 865 1835 917 de
1865 878 1924 918 se
1986 867 2222 920 minimo
2255 869 2438 922 minus
2487 867 2770 936 professus
2823 876 2925 919 est.
2983 867 3042 918 in
3101 863 3250 920 notis
3291 878 3422 932 quas
3452 879 3564 919 sane

352 946 551 1014 adjecit
581 946 1065 1001 luculentissimas
1086 950 1467 1017 (Casaubonus
1499 960 1658 1006 vocat
1685 960 1764 1006 tot
1805 952 2085 1020 Θαύματα)
2129 966 2224 1008 aut
2253 971 2366 1009 smn
2416 956 2699 1024 bypothesi
2735 954 3063 1019 veliticatur,
3099 961 3194 1006 aut
3227 951 3363 1020 quod
3393 950 3567 1018 saepius

356 1033 506 1098 facit,
535 1051 619 1089 res
649 1045 848 1090 tractat
886 1037 1148 1103 eruditas,
1198 1054 1296 1092 nec
1331 1039 1430 1092 nisi
1473 1039 1516 1092 si
1548 1041 1766 1094 occasio
1794 1040 2018 1094 daretur
2045 1040 2377 1107 obloquendi
2406 1040 2841 1114 llieronymianae
2871 1038 3337 1110 interpretationi,
3367 1037 3567 1091 multum

354 1124 420 1174 de
454 1123 694 1175 auctoris
725 1125 805 1176 sui
845 1125 1075 1178 lectione
1101 1127 1562 1195 expendeuda‘ad
1613 1137 1828 1181 veteres
1861 1126 2049 1188 libros,
2091 1143 2231 1195 quos
2289 1138 2485 1196 przesto
2543 1129 2734 1181 habuit
2763 1131 2982 1195 optima:
3046 1135 3192 1179 nota:
3224 1124 3361 1178 duos
3399 1135 3571 1192 pnetcr

355 1208 782 1278 Bongarsianum
818 1210 1134 1279 maiusculis
1166 1214 1364 1269 litteris
1405 1216 1690 1282 scriptum.
1724 1224 1777 1268 et
1816 1214 1974 1282 longe
2008 1213 2459 1276 vetustissimum,
2487 1215 2756 1269 sollicitus
2799 1213 2921 1269 fuit.
2955 1211 3102 1279 Quin
3141 1213 3244 1266 hoc
3280 1213 3447 1280 ipsum
3485 1210 3570 1264 sibi

362 1294 686 1361 palmarium
719 1295 872 1348 duxit
897 1299 1150 1364 superius
1179 1298 1394 1352 laudata
1421 1300 1582 1368 epist.
1627 1297 1749 1362 101,
1780 1298 1871 1352 ubi
1901 1314 2056 1352 suam
2126 1317 2248 1356 cum
2313 1302 2618 1355 Pontacena
2649 1299 2895 1354 editione
2945 1315 3300 1367 comparans,
3340 1296 3465 1358 Nos.
3507 1297 3574 1349 iu-

355 1373 495 1450 quit,
522 1383 624 1434 alia
663 1384 742 1436 via
769 1386 999 1450 grassati
1037 1387 1282 1441 codicuin
1311 1389 1469 1441 (idem
1537 1403 1814 1455 nunquam
1845 1387 1948 1442 nisi
1996 1387 2049 1442 in
2115 1405 2173 1442 re
2206 1389 2430 1457 ancipiti
2463 1389 2868 1452 implorantium:
2911 1387 2964 1440 in
3001 1385 3132 1451 illis,
3175 1400 3295 1454 quas
3340 1397 3392 1438 et
3449 1381 3575 1452 pueri

355 1470 560 1531 sciunt,
595 1469 734 1524 male
767 1473 929 1526 horas
960 1473 1214 1528 collocari
1250 1488 1525 1544 putamus.
1568 1476 1805 1553 nigrique
1832 1474 1964 1527 nihil
1994 1487 2078 1530 est
2125 1477 2447 1531 dissimilius
2481 1489 2642 1542 quam
2670 1475 2838 1529 editio
2877 1485 3072 1528 nostra
3121 1473 3450 1542 Aquitaniae
3481 1486 3493 1536 ;
3535 1479 3580 1523 et

355 1567 534 1623 tamen
569 1558 680 1624 illa,
715 1570 772 1613 ιιι
803 1562 938 1626 dixi,
972 1565 1136 1629 vivet,
1175 1566 1303 1634 quia
1341 1567 1565 1620 mendas
1591 1566 1936 1634 superiorum
1983 1565 2284 1620 editionum
2318 1562 2578 1625 sustulit;
2630 1571 2683 1616 et
2724 1570 2909 1616 nostra
2965 1576 3192 1630 quoque
3240 1573 3345 1612 noti
3404 1558 3580 1614 minus.

352 1646 715 1713 quiaerrnres
765 1659 1072 1720 temporum
1132 1655 1382 1718 castigat.
1417 1654 1624 1708 Revera
1670 1656 1868 1724 quibus
1916 1667 2025 1708 una
2079 1651 2335 1704 laudibus
2372 1649 2664 1714 abundat,
2719 1653 2900 1702 altera
2924 1648 3036 1702 fere
3081 1645 3300 1716 penitus
3332 1657 3472 1699 caret
3502 1651 3581 1696 :ut

358 1747 538 1802 Opera:
576 1736 811 1802 pn-tinm
847 1741 1060 1804 ruisset,
1089 1740 1326 1796 conferri
1350 1743 1640 1812 utriuSque
1668 1743 1895 1798 editOris
1926 1741 2108 1796 studia
2141 1739 2206 1792 ad
2239 1752 2408 1792 unam
2457 1734 2843 1802 perficiendam
2890 1735 3141 1788 numeris
3166 1732 3420 1787 ornuibns
3442 1731 3580 1784 abso-

353 1821 546 1874 lutam.
589 1821 662 1875 De
701 1823 1052 1892 Scaligeraua
1086 1837 1265 1881 tamen
1298 1829 1352 1881 in
1393 1831 1710 1884 universum
1736 1829 1780 1883 si
1820 1830 1944 1900 quis
1975 1843 2010 1882 al
2038 1842 2123 1881 tne
2151 1835 2380 1895 quaerat,
2421 1823 2551 1894 quid
2577 1839 2642 1878 ex
2671 1824 2836 1878 animi
2877 1823 3159 1876 sententia
3192 1819 3449 1890 iudicem,
3483 1834 3581 1872 eam

353 1923 473 1973 ego,
523 1911 736 1964 tametsi
765 1913 996 1966 fortasse
1021 1914 1220 1967 durum
1259 1915 1534 1982 aliquibus
1564 1916 1852 1982 videbitur,
1885 1916 2072 1970 haberi
2111 1916 2254 1968 intra
2293 1915 2660 1967 Pontacenaut
2699 1914 2887 1966 velim.
2929 1911 3066 1965 illud
3129 1911 3412 1970 nimirum,
3461 1909 3583 1974 quod

356 1993 642 2046 alter-tabat
679 1995 916 2066 Scaliger
950 2015 1175 2068 regnare
1203 2001 1256 2054 in
1289 2001 1510 2066 litteris,
1546 2017 1720 2071 mque
1761 2003 1862 2071 ipsi
1900 2012 2158 2056 notatum
2187 2000 2524 2055 Casaubono
2543 2011 2649 2064 est,
2686 2000 2904 2054 volebat
2926 1998 3114 2051 omnia
3142 2012 3244 2050 sua
3286 2009 3419 2049 nova
3440 1992 3586 2048 videri

354 2084 517 2134 etiam
549 2083 960 2150 eruditissimis,
991 2088 1042 2140 in
1077 2103 1243 2142 causa
1281 2089 1403 2151 fuit,
1435 2106 1534 2144 cur
1573 2091 1624 2144 iu
1652 2089 1872 2146 diversa
1932 2089 2039 2144 alia
2091 2089 2164 2144 ab‘
2205 2089 2444 2142 auctoris
2500 2088 2580 2142 sui
2645 2098 2824 2141 mente
2878 2086 3077 2149 abiret,
3133 2097 3456 2149 erroresque
3501 2081 3586 2133 sbi

355 2170 600 2236 εἱιςηενεῑ
679 2173 840 2241 longe
905 2174 1281 2243 BraVissiruos.
1336 2176 1442 2232 Nec
1482 2175 1593 2246 jam
1623 2179 1746 2234 dico
1779 2179 1844 2234 de
1874 2178 2005 2234 falsa
2031 2177 2326 2232 Eusebiani
2376 2177 2734 2246 syntagmatis
2783 2175 3119 2237 mcenomia,
3149 2183 3208 2228 et
3248 2169 3590 2240 suppositione

361 2255 536 2310 (inieci
568 2266 748 2314 textus
778 2263 1011 2315 maxima
1048 2278 1111 2316 ex
1145 2275 1334 2333 parte:
1373 2265 1461 2320 vix
1496 2267 1605 2320 ulla
1636 2266 1756 2334 ejus
1816 2268 2272 2322 annotatiuttcula
2307 2264 2431 2326 fuit,
2469 2265 2522 2317 in
2555 2279 2659 2332 qua
2715 2279 2819 2317 non
2857 2262 3060 2330 aliquid
3093 2269 3244 2316 esset
3275 2260 3413 2328 quod
3445 2257 3586 2312 refelli

355 2357 654 2412 oporteret,
693 2355 748 2401 et
801 2350 1080 2419 castigari,
1142 2356 1258 2408 sive
1293 2354 1438 2423 quod
1483 2355 1601 2424 ipse
1664 2355 1718 2408 in
1783 2370 1971 2410 errore
2031 2365 2365 2416 versaretur,
2398 2353 2514 2407 sive
2543 2352 2690 2421 quod
2724 2351 2860 2406 falso
2889 2351 3101 2405 crimen
3161 2348 3470 2403 auctoribus
3492 2345 3589 2400 suis

356 2433 708 2504 impingeret.
737 2437 804 2490 At
833 2453 963 2494 vero
997 2442 1041 2494 si
1078 2442 1202 2510 quis
1241 2442 1366 2498 inde
1398 2447 1724 2498 conclusum
1758 2453 1868 2508 eat,
1906 2443 2216 2498 faciendam
2249 2440 2422 2506 parvi,
2455 2454 2654 2508 meque
2685 2440 2821 2492 adeo
2854 2437 3004 2508 parvi
3059 2439 3252 2491 facere
3310 2435 3586 2490 doctrinam

355 2532 520 2589 atque
543 2524 862 2578 industriam
899 2527 1185 2596 Scaligeri,
1219 2545 1298 2583 nte
1326 2530 1413 2583 ille
1443 2531 1652 2584 minimi
1692 2531 1981 2586 faciendus
2006 2530 2097 2585 sit.
2129 2528 2375 2581 Demiror
2407 2542 2535 2596 ergo
2566 2543 2837 2582 summum
2869 2525 2987 2596 ejus
3016 2527 3327 2596 ingenium,
3358 2523 3590 2589 valdeque

361 2609 604 2675 suspicio
626 2610 679 2664 in
707 2611 858 2678 ipsis,
891 2628 1027 2678 quas
1071 2615 1414 2682 reprehendo
1445 2616 2002 2684 hallucinatioaibus;
2037 2627 2091 2672 et
2138 2618 2281 2670 haud
2317 2617 2452 2673 scio.
2486 2631 2616 2670 num
2651 2614 2727 2669 illi
2755 2615 2896 2669 inter
2923 2630 3143 2678 omnes,
3184 2629 3294 2666 non
3332 2611 3484 2666 modo
3512 2607 3587 2676 qui

365 2705 670 2764 temporum
702 2700 1006 2755 doctrinam
1044 2704 1404 2770 tradiderunt,
1429 2705 1522 2759 sed
1568 2706 1837 2773 praeclare
1875 2707 1943 2760 de
1967 2706 2164 2760 litteris
2203 2707 2256 2759 in
2285 2705 2625 2766 universum,
2659 2703 2836 2772 deque
2854 2717 3040 2755 earum
3065 2715 3404 2770 unoquoque
3421 2710 3590 2768 genere

360 2794 698 2846 meruerunt.
745 2788 966 2843 iniinitm
1023 2793 1414 2862 propemodum
1480 2794 1750 2859 lectionis,
1802 2779 1937 2850 tanti
1993 2804 2219 2863 tamque
2272 2793 2413 2846 acris
2457 2791 2649 2857 iudicii
2706 2791 2867 2843 laude
2927 2805 3122 2859 parem
3158 2788 3321 2843 facile
3355 2786 3588 2840 invenies.

360 2872 506 2939 ipso,
541 2875 788 2943 inquam,
821 2878 1044 2932 minime
1061 2889 1287 2947 excepto
1319 2879 1562 2946 Petavio,
1586 2885 1679 2951 qui
1727 2893 1785 2937 ιιι
1839 2899 1948 2938 non
1977 2883 2252 2938 immerito
2311 2880 2644 2950 Scaligernm
2679 2880 2877 2948 sa‘pius
2928 2879 3373 2948 reprehenderit.
3401 2885 3593 2940 semper

365 2969 546 3012 tamen
579 2961 884 3025 immodice.
919 2974 1110 3019 contra
1147 2977 1309 3036 atque
1337 2969 1460 3036 eius
1487 2970 1651 3022 etiam
1704 2970 1756 3023 in
1792 2970 1950 3025 hoste
2003 2968 2274 3024 laudanda
2299 2970 2475 3022 virtus
2505 2966 2840 3030 merebatur,
2878 2966 3124 3020 invectus
3153 2973 3238 3019 est
3265 2982 3282 3018 :
3315 2961 3468 3031 cujus
3487 2959 3590 3011 aui-

373 3047 844 3107 rnadversionihus
879 3053 1038 3108 simul
1075 3057 1330 3110 omnibus
1365 3067 1418 3110 et
1451 3057 1606 3112 libris
1639 3059 1867 3114 nimium
1919 3069 2186 3129 quantum
2219 3057 2308 3111 illa
2341 3058 2519 3111 divina
2550 3054 2780 3110 iulianae
2838 3055 3057 3124 periodi
3080 3052 3424 3108 constructio
3452 3059 3598 3114 atquc

362 3135 645 3190 inventum
695 3143 973 3206 praevalet.
1002 3144 1170 3208 Alios,
1201 3146 1292 3214 qui
1325 3145 1664 3214 Scaligerqu
1706 3147 2243 3215 castigarunt,’viros
2270 3144 2618 3200 doctissimos
2654 3142 2839 3198 Morus
2874 3142 3171 3214 pumilioni
3197 3147 3490 3209 comparat,
3515 3136 3591 3202 qui

361 3223 592 3289 Rigaﬂlis
626 3225 874 3282 invectus
908 3229 1172 3295 humeris,
1207 3247 1312 3286 non
1348 3234 1469 3287 ideo
1505 3245 1589 3289 est
1617 3234 1734 3303 ipso
1753 3235 1969 3304 gigante
2009 3234 2183 3304 major
2212 3234 2637 3297 existimandus,
2667 3232 2792 3300 quia
2826 3231 3039 3301 longius
3075 3230 3374 3299 prospicit.
3406 3223 3592 3280 Addam

362 3309 847 3378 atlimpetrandam
871 3317 919 3370 ei
956 3319 1196 3382 veniam,
1231 3320 1374 3388 quod
1407 3329 1490 3376 est
1524 3322 1656 3376 mihi
1683 3323 1794 3374 τῶν
1818 3323 1962 3376 πάνυ
1984 3324 2349 3378 litteratorum
2383 3322 2587 3391 scripta
2623 3319 3114 3388 recolenti,sa*.pius
3150 3317 3591 3372 animadversum,

358 3395 530 3450 'v:deri
562 3413 772 3454 sunnna
796 3402 1036 3471 ingenia,
1067 3404 1372 3472 cnjusmodi
1400 3424 1730 3478 unoquoque
1753 3413 1955 3464 smculo
1984 3419 2287 3468 nascuntur
2313 3409 2788 3480 paucissirna,pr:e
2813 3408 2944 3461 aliis
2958 3406 3277 3460 communis
3306 3414 3358 3458 et
3390 3397 3598 3472 plebeia!

364 3484 559 3542 indolis
585 3486 752 3543 fuisse
766 3491 1310 3550 errorihusobnoxia.
1335 3495 1442 3551 Sed
1460 3497 1603 3552 enim
1633 3500 1734 3552 ista
1759 3499 1890 3552 nihil
1913 3516 2019 3554 non
2042 3502 2262 3571 vulgare
2287 3507 2342 3552 et
2364 3493 3037 3568 protritunrmingostmiio
3057 3503 3227 3562 atque
3247 3504 3411 3562 opera
3436 3489 3484 3539 in
3500 3499 3591 3536 mer

363 3573 515 3626 dium
542 3578 851 3643 proferunt;
871 3580 958 3634 illa
976 3582 1107 3636 nihil
1131 3599 1236 3638 non
1259 3587 1573 3652 sublime,et
1600 3597 1925 3654 novum,aut
1955 3589 2193 3652 priorum
2227 3587 2462 3642 inventis
2485 3595 2920 3655 superstructum
2942 3581 3313 3650 perscribunt:
3342 3579 3392 3633 in
3414 3575 3589 3646 quibus

363 3662 854 3727 proclivcniminm
895 3680 978 3724 est
1007 3671 1324 3726 humanitus
1390 3673 1526 3730 falli.
1585 3673 1820 3729 Prosunt
1877 3689 2058 3732 autem
2116 3678 2246 3746 ipsm
2294 3677 2468 3746 magis
2528 3674 2800 3729 interdum
2839 3673 3066 3727 istorum
3133 3668 3590 3724 hallucinatioues.

362 3765 526 3815 quant
562 3752 778 3808 illormn
808 3757 1184 3826 diligentiores
1213 3775 1389 3821 curas;
1421 3773 1586 3833 atque
1633 3774 1692 3818 ut
1750 3763 2014 3828 oliicia-nt,
2061 3779 2201 3818 novo
2229 3764 2463 3818 subinde
2506 3761 2696 3831 aliquo
2729 3761 2961 3814 invento
3007 3767 3060 3811 et
3084 3759 3262 3828 probe
3288 3753 3592 3824 excogitato.

362 3839 566 3906 quibus
598 3843 824 3898 remissa
856 3845 1072 3915 ingenia
1118 3850 1340 3903 minime
1371 3860 1494 3918 apta
1531 3861 1679 3912 sunt,
1717 3867 1916 3920 magno
1964 3867 2087 3906 cum
2121 3849 2310 3905 fenore
2341 3849 2709 3904 redimuntur.
2748 3846 2918 3900 Porro
2953 3847 3094 3899 hanc
3127 3843 3298 3898 fuisse
3327 3844 3461 3896 inter
3492 3837 3594 3889 alue

364 3929 566 3984 mentis
601 3929 848 3986 homines
876 3932 1094 3986 ialldPtll
1125 3934 1402 4006 Scaligi-ro
1427 3939 1786 4008 singularem,
1824 3955 1985 3992 nemo
2017 3938 2118 3993 ibit
2145 3939 2357 3992 iniicias
2385 3951 2402 3994 :
2451 3952 2554 3992 nos
2579 3936 2672 4006 qui
2701 3944 2807 3990 tam
2830 3949 2974 4004 sazpe
3001 3932 3180 3987 dicam
3214 3932 3268 3987 ei
3301 3929 3592 3987 scribimus.

367 4033 462 4087 per
487 4018 603 4086 ejus
645 4028 833 4073 tamen
863 4021 1156 4090 aliquando
1182 4025 1479 4093 profecisse
1513 4026 1844 4092 doctrinam,
1888 4043 1995 4082 non
2051 4025 2372 4082 diffitentur.

450 4149 796 4208 lnandiverat
839 4172 1002 4226 porro
1030 4158 1147 4229 ipse
1181 4160 1446 4232 Scaliger,
1485 4165 1752 4233 quasdam
1814 4164 1868 4218 in
1906 4178 2003 4218 sua
2029 4161 2344 4217 Eusebiana
2373 4172 2641 4213 censuras
2669 4159 2896 4212 ancttﬂ'e
2917 4154 3355 4210 Martiae-Brimo
3387 4152 3594 4206 humer-

373 4238 482 4306 pize
513 4241 710 4296 cxi-udi
753 4259 768 4298 :
811 4261 933 4314 qua-
967 4248 1011 4303 si
1040 4253 1312 4305 intererent
1349 4268 1698 4324 responsum,
1761 4269 1868 4308 non
1905 4253 2146 4307 futurum
2178 4265 2236 4303 se
2278 4247 2330 4301 i-n
2367 4261 2545 4310 mora,
2579 4245 2644 4299 ad
2678 4245 3060 4299 Casaubouuru
3095 4245 3370 4302 scribens,
3397 4249 3594 4324 recc-pd-

373 4335 478 4381 rat.
505 4327 610 4383 Sed
644 4331 777 4385 obiit
812 4334 927 4400 ipse
967 4347 1093 4406 post
1119 4355 1334 4395 menses
1371 4321 1658 4396 admodum
1688 4357 1890 4411 paucos
1935 4350 2240 4412 extremum
2283 4335 2466 4400 diem;
2503 4333 2592 4387 ille
2622 4347 2751 4386 vero
2804 4331 3177 4386 Censurarnm
3214 4331 3354 4384 iiber
3401 4329 3451 4380 iu
3475 4321 3597 4376 obli-

375 4415 590 4471 vionctn
643 4421 714 4475 ita
795 4423 952 4486 abiit,
993 4435 1053 4479 ut
1119 4443 1296 4495 neque
1348 4429 1393 4482 si
1454 4430 1596 4500 typis
1657 4445 1888 4484 excusus
1941 4443 2124 4483 revera
2158 4435 2263 4488 est,
2314 4425 2446 4478 satis
2499 4423 2694 4476 sciam.
2721 4420 2794 4474 lia
2819 4421 3043 4474 ‘demnrn
3076 4431 3160 4474 est
3194 4415 3592 4474 obtrectantiustn

373 4509 576 4582 tenuere
608 4511 936 4577 scriptorum
977 4512 1190 4568 fortuna
1213 4525 1374 4582 atque
1405 4519 1607 4571 exitus.
1639 4517 1757 4570 Alia
1819 4519 1926 4581 via,
1957 4524 2012 4570 et
2046 4515 2214 4567 multa
2248 4513 2488 4580 quidem,
2524 4519 2684 4579 prout
2721 4510 2956 4561 nominis
2985 4508 3069 4560 sui
3099 4507 3240 4560 larua
3276 4504 3586 4560 merebatur.

371 4577 498 4642 'ctnn
531 4595 687 4648 lamle
721 4606 1002 4665 grassatus
1037 4611 1118 4653 est
1146 4611 1374 4666 magnus
1397 4602 1726 4665 Salmasius,
1759 4605 1850 4673 qui
1890 4617 2089 4672 magno
2119 4599 2394 4666 Scaligero
2427 4600 2479 4651 irt
2515 4597 2862 4667 Lugdunensi
2916 4595 3242 4650 Batavorum
3279 4592 3462 4649 schola
3486 4601 3594 4641 suc-

368 4681 556 4731 cessit.
586 4680 684 4735 llic
715 4685 948 4739 l~.nsebio
975 4687 1119 4742 haud
1152 4691 1345 4743 melius
1369 4705 1527 4758 posse
1561 4693 1788 4746 credidit
1819 4693 2098 4761 suppetias
2131 4687 2283 4751 ferri,
2314 4701 2476 4755 quam
2507 4686 2552 4739 si
2581 4687 2764 4739 denuo
2798 4685 2864 4738 ad
2902 4694 3110 4738 veteres
3149 4699 3311 4736 manu
3364 4685 3594 4734 exaratos

368 4767 587 4821 codices
604 4770 917 4841 exigeretur
955 4775 1046 4831 :id
1085 4779 1226 4846 quod
1271 4779 1460 4832 sedulo
1495 4781 1610 4846 ipso
1641 4781 1856 4850 quidem
1892 4779 2144 4850 praestitit
2200 4785 2437 4844 quatuor
2476 4789 2609 4828 usus
2633 4788 2662 4828 e
2691 4771 2938 4825 Palatina
2970 4771 3297 4826 bibliOtlteca
3329 4783 3454 4823 mss.
3473 4779 3592 4833 quo-

364 4867 487 4906 ml"
531 4858 766 4923 Primum
820 4866 1424 4936 venerariheimprimis
1463 4868 1746 4934 vetustatis
1771 4866 2252 4923 codiceminnotis
2292 4865 2356 4916 ad
2386 4861 2638 4915 Historia:
2661 4861 2916 4930 Augustae
2933 4861 3234 4928 scriptores
3256 4867 3424 4914 vocat.
3466 4851 3590 4908 Usus

373 4952 630 5011 praeterea
650 4958 731 5002 est
757 4967 1052 5022 uno.qnem
1084 4959 1226 5026 apud
1265 4973 1323 5012 se
1360 4959 1569 5024 habuit,
1601 4958 1871 5028 prioribus
1895 4959 2100 5014 chartis
2127 4955 2386 5009 mulctato
2423 4952 2488 5004 ad
2525 4951 2638 5003 fere
2673 4949 2911 5002 medium
2951 4963 3120 5016 usque
3141 4945 3454 5001 Eusebianaa
3475 4955 3588 5028 praef

374 5031 618 5086 talionis.
653 5034 730 5089 Ex
785 5037 871 5092 his
906 5053 1084 5096 autem
1114 5025 1386 5100 variantes
1416 5025 1700 5114 lectiones,
1739 5057 1793 5101 et
1819 5063 1938 5117 quae
1967 5047 2020 5100 in
2052 5055 2262 5100 textum
2297 5039 2590 5095 referendae
2640 5037 2841 5106 potiori
2887 5037 3011 5105 jure
3040 5037 3143 5090 sibi
3186 5037 3503 5094 viderentur,
3531 5025 3586 5078 ad

371 5121 698 5191 exemplaris
724 5125 803 5177 sui
832 5141 895 5180 ex
931 5129 1479 5202 priore'Scaiiger-ana
1512 5135 1749 5190 editione
1784 5149 1938 5189 Orant
1971 5134 2294 5191 annotavit.
2330 5129 2510 5182 addita
2554 5125 2830 5179 interdum
2863 5133 2916 5178 et
2948 5140 3135 5186 causa,
3169 5133 3222 5179 et
3258 5122 3390 5178 raris
3416 5118 3585 5172 admo-

374 5211 503 5262 dum
538 5211 590 5264 in
629 5213 873 5268 eamdem
911 5231 1020 5270 rem
1047 5221 1220 5288 notis;
1263 5239 1437 5291 neque
1485 5225 1630 5279 enim
1671 5240 1831 5278 curas
1867 5226 1986 5278 illas
2018 5240 2144 5280 suas
2175 5225 2229 5277 in
2265 5223 2438 5275 lucem
2468 5217 2737 5284 prolatum
2781 5216 2922 5267 ibat.
2965 5215 3186 5269 Devenit
3219 5226 3396 5284 postea
3425 5219 3586 5263 caem-

303 5343 320 5356 .
376 5299 494 5365 plar
525 5299 649 5354 illud
683 5301 1068 5356 eSalrnasiana
1097 5307 1150 5360 iu
1180 5310 1563 5364 bibliothecam
1597 5310 1905 5381 Marquardi
1931 5312 2114 5379 Gndii;
2153 5329 2214 5364 ex
2250 5325 2352 5379 qua
2387 5310 2440 5361 in
2476 5298 2842 5372 ['rir'tcipalcm
2885 5300 3281 5366 Vitiaricnsem,
3309 5298 3578 5354 adnitente,

376 5389 466 5453 (ιιιί
502 5391 548 5442 ei
615 5401 846 5458 praeerat
901 5391 1152 5447 Conrado
1201 5396 1452 5452 Saruuele
1516 5400 2004 5464 Schurzileischio,
2036 5415 2160 5454 cum
2211 5401 2334 5452 aliis
2379 5396 2519 5449 haud
2571 5393 2799 5447 minoris
2855 5391 3007 5459 pretii
3059 5391 3213 5444 libris
3261 5391 3454 5443 illatqu
3489 5389 3577 5435 est

377 5473 672 5548 Evestigio
712 5482 872 5550 cmpit
927 5481 1120 5537 doctus
1171 5487 1254 5536 vir
1306 5485 1394 5539 ille
1461 5486 1790 5542 Salinas-iani
1847 5490 2048 5543 laboris
2079 5490 2142 5542 ad
2192 5487 2398 5543 exitum
2460 5479 2798 5552 perducendi
2833 5479 3164 5533 consilium:
3204 5473 3580 5545 multaqucjam

373 5563 758 5634 adornaverat,
793 5571 955 5640 inque
994 5571 1320 5626 AdverSaria
1358 5589 1453 5627 sua
1488 5581 1816 5646 conjcccrat,
1845 5593 1969 5632 cum
2020 5576 2128 5631 fato
2159 5576 2342 5630 cessit.
2385 5570 2492 5626 Sed
2547 5586 2606 5620 ea
2639 5568 2862 5622 minime
2909 5583 3103 5637 passus
3166 5567 3467 5623 intercidere
3491 5572 3578 5612 "Ml

375 5652 571 5704 minori
593 5658 919 5712 crtntitionis
941 5659 1102 5714 laude
1131 5662 1313 5714 clarus
1349 5661 1518 5717 frater
1545 5665 1664 5732 ejus
1692 5665 1956 5721 Henricus
1987 5664 2324 5727 Leonardus,
2359 5675 2392 5714 e
2428 5657 2648 5712 scholis
2682 5657 2795 5710 illis
2826 5656 3546 5726 excepta,trtqtreipsellal'f8i

377 5740 653 5806 paululum
693 5746 952 5812 disposita
1016 5760 1180 5818 atque
1216 5750 1304 5807 ubi
1340 5767 1473 5822 opus
1502 5753 1702 5821 fuerat,
1745 5765 1925 5828 aucta,
1957 5765 2118 5827 atque
2144 5751 2211 5809 ad
2251 5748 2567 5808 umbilicum
2598 5746 2884 5817 perducta,
2914 5745 3148 5818 ιιι-ψῦξίς
3182 5747 3340 5802 ctiam
3368 5751 3568 5826 pelpaﬂ'
