3908 6174
349 337 487 404 701'
1503 289 1514 299 .
1617 340 2023 405 VALLAilSll
2073 341 2310 405 NOTAE.
3491 341 3607 405 70?

341 457 423 511 ds
449 453 630 522 Notis,
667 452 1085 524 quibus‘,Gra2ci
1115 465 1296 513 textus
1335 472 1364 514 a
1396 456 1676 528 Sealigero
1709 461 1964 528 publicati
2022 461 2321 529 marginem
2359 458 2660 514 Salmasius
2700 466 3030 528 asperserat,
3062 457 3306 512 Auctarii
3379 460 3500 512 loco
3530 457 3603 510 ad

336 545 597 598 Notitiam
619 545 944 598 bibliothecre
975 543 1295 616 Principalia
1343 545 1672 602 Vinarienais
1713 565 1805 604 an.
1879 549 2017 603 ΓΗΞ
2046 564 2171 603 eum
2211 548 2387 603 doctis
2410 547 2838 602 communicavit
2871 564 2885 600 :
2922 547 3189 615 quaeitent
3217 547 3601 614 posterioribus

336 629 726 701 rarismtlgato
757 640 879 700 post
903 629 1077 686 feriae
1109 634 1385 688 biennium
1433 635 1632 704 exiguo
1667 635 1869 699 libello,
1905 636 2238 704 recognovit.
2270 635 2439 704 Cujus
2465 636 2553 689 illa
2587 635 2694 690 sint
2722 636 2903 705 pretii,
2933 646 2985 688 et.
3014 650 3179 704 quam
3245 637 3396 687 bona
3426 634 3602 697 frugis

333 717 547 788 experti
589 721 904 784 nos'sintus,
937 718 1116 774 disces
1138 735 1202 774 ex
1233 721 1322 781 iis,
1352 735 1473 788 qua:
1505 722 1737 774 maxime
1768 723 1823 776 iu
1857 737 1977 776 rem
2031 733 2276 777 nostram
2309 723 2648 787 videbantur,
2683 731 2738 777 et
2776 723 3007 776 subinde
3039 722 3242 776 nostris
3287 719 3600 774 annotatio-

333 804 495 858 nibus
526 804 964 868 intem-ruimus,
1012 815 1074 858 ut
1111 807 1188 860 ιιιί
1229 808 1416 868 etiam,
1463 810 1656 871 lecmr,
1698 809 1885 878 judicii
1933 809 2262 864 iaceremus.

403 891 536 946 Post
562 891 682 947 illas
713 892 894 961 itaque
921 893 1194 947 hominum
1226 895 1379 964 longe
1416 896 1868 950 doctissimorum
1896 913 2078 960 curas,
2114 898 2239 952 huic
2271 912 2370 951 nos
2403 911 2554 951 nova:
2583 895 2811 950 editioni
2843 897 3167 951 adornaudre
3199 896 3542 950 arcinximus
3578 909 3598 950 ε

332 979 423 1032 cui
454 977 673 1047 quidem
703 981 878 1034 modis
907 981 1162 1036 omnibus
1200 992 1254 1036 et
1279 985 1520 1038 numeris
1545 984 1898 1052 expoliendaz,
1935 986 2150 1040 tametsi
2204 987 2406 1054 praevia
2439 996 2588 1038 tanta
2650 985 2737 1038 illa
2793 985 3108 1040 criticorum
3169 983 3436 1038 industria
3463 997 3601 1035 con-

328 1064 478 1120 ferre
502 1066 796 1137 plurimum
836 1069 1132 1134 videretur,
1163 1085 1289 1125 cum
1327 1085 1546 1124 manum
1615 1073 2004 1140 tameu'Operi
2053 1075 2419 1134 admovinus,
2476 1082 2552 1126 tot
2614 1089 2793 1126 rerum
2861 1075 3142 1136 varietate,
3195 1081 3247 1126 et
3306 1073 3601 1126 sententia-

329 1167 454 1209 rum
485 1155 760 1221 dissidiis,
815 1159 1090 1226 negotium
1145 1159 1263 1214 dari
1310 1159 1467 1214 nobis
1522 1161 1696 1229 magis
1758 1175 1821 1213 ac
1877 1159 2048 1228 magis
2099 1161 2443 1228 impeditum,
2514 1159 2954 1228 expertisutnus.
2986 1159 3374 1227 Proposuimus
3413 1167 3598 1210 autem

329 1244 616 1314 archetypi
669 1245 788 1300 loco
842 1245 1208 1300 Pontaceuam
1243 1247 1566 1310 editionem,
1606 1259 1794 1315 utpote
1852 1263 1974 1318 quae
2032 1256 2084 1300 et
2112 1247 2306 1302 Joanni
2338 1249 2548 1300 Morino
2575 1249 2774 1300 dicitur
2801 1249 3046 1300 omnium
3081 1245 3511 1308 cor-rectissima,
3543 1255 3601 1299 et

329 1341 419 1386 est
453 1331 579 1399 jure
613 1333 807 1386 merito
835 1335 1070 1399 caeteris,
1098 1343 1156 1388 ttt
1180 1335 1385 1390 dudum
1425 1335 1861 1400 observavimus,
1903 1337 2260 1402 prazlereuda,
2298 1338 2638 1390 Ctilllttlittttts
2671 1352 2834 1404 porro
2897 1337 3045 1388 illam
3081 1353 3144 1390 ex
3214 1337 3429 1402 integro
3467 1349 3594 1386 cum

332 1420 517 1488 probie
541 1420 883 1488 antiquitatis
908 1431 962 1473 et
994 1432 1136 1474 notae
1174 1423 1458 1477 codicibus
1496 1438 1606 1477 mss
1653 1440 1667 1477 :
1703 1439 1830 1487 uno,
1877 1423 1976 1485 qui
2052 1435 2177 1477 ante
2217 1429 2314 1477 bos
2351 1439 2547 1490 pauios
2579 1438 2752 1477 annos
2786 1426 2837 1475 itt
2873 1421 3156 1475 Parmensi
3186 1422 3370 1475 Ducali
3404 1407 3599 1477 biblio-

339 1509 526 1583 tbcca‘
553 1507 681 1574 fuit,
714 1524 944 1564 numero
975 1510 1044 1562 5‘2
1072 1520 1428 1580 praenotatus,
1461 1519 1515 1566 et
1540 1513 1842 1565 recentiore
1873 1512 2088 1578 quidem
2132 1511 2261 1574 alio,
2299 1513 2393 1563 sed
2431 1511 2563 1564 satis
2599 1523 2780 1563 tamen
2817 1509 3139 1573 emendato,
3167 1508 3262 1577 qui
3316 1508 3458 1577 apud
3495 1522 3596 1562 nos

323 1603 415 1648 est
441 1612 454 1646 :
487 1608 716 1663 quorum
745 1607 891 1649 certe
921 1612 1020 1663 ope
1039 1598 1306 1661 nonnulli,
1342 1600 1432 1668 qui
1463 1615 1586 1656 eum
1616 1601 1827 1653 mendis
1883 1600 2064 1653 adhuc
2093 1601 2572 1665 conﬂictabantur,
2603 1600 2702 1654 loci
2768 1599 3006 1653 restituti
3057 1608 3206 1652 sunt.
3228 1598 3597 1652 Adhibuinttts

323 1696 552 1751 quoque
575 1681 628 1735 itt
665 1685 950 1738 consilium
986 1685 1284 1755 principem
1328 1691 1640 1760 editionem,
1679 1687 1888 1742 nemini
1937 1701 2095 1743 antea
2138 1688 2408 1743 editorum
2442 1697 2751 1749 tractatam,
2780 1697 2839 1742 ut
2865 1697 2915 1742 et
2952 1688 3099 1740 illam
3140 1687 3366 1740 Auberti
3402 1684 3596 1750 Mirari,

324 1783 452 1836 qure
478 1770 834 1838 posteriorem
863 1780 1071 1824 tantum
1099 1771 1354 1828 Cltrouici
1391 1785 1598 1843 partem
1637 1790 1667 1828 a
1700 1774 1918 1830 Christo
1956 1786 2085 1831 nato
2131 1776 2372 1830 exhibet.
2402 1777 2506 1829 Alii
2567 1777 2704 1830 alios
2745 1775 2969 1830 laudant
3029 1785 3244 1830 veteres
3276 1775 3444 1829 libros
3481 1792 3495 1827 :
3540 1787 3598 1829 et

326 1853 579 1910 Valesius
603 1856 821 1925 quidem
856 1859 1284 1924 vetustissimos,
1319 1863 1676 1925 Acutianum,
1701 1861 1868 1931 Lipsii
1895 1874 1950 1917 et
2001 1862 2192 1920 Ortelii
2230 1881 2244 1916 :
2283 1862 2627 1918 Colomesius
2681 1874 2859 1915 autem
2908 1863 3190 1932 exemplar
3233 1861 3599 1932 Scaligerana'.

319 1946 610 2010 editionis,
647 1947 793 2012 quod
823 1947 1112 2002 Cornelius
1141 1946 1353 2004 Tollius
1384 1967 1506 2004 cum
1541 1968 1673 2006 mss.
1707 1954 2024 2018 commisit;
2052 1952 2249 2022 quibus
2286 1963 2468 2004 tamen
2518 1953 2766 2005 caruisse
2829 1951 2881 2004 in
2915 1960 3060 2003 tanta
3096 1949 3414 2004 divitiarum
3445 1950 3596 2020 ejus-

321 2033 473 2084 raodi
507 2032 686 2099 capia,
719 2049 824 2088 non
863 2049 1033 2104 usque
1063 2037 1199 2091 adeo
1236 2040 1402 2092 nobis
1431 2055 1571 2110 aegre
1626 2040 1907 2094 ferendum
1943 2043 2178 2095 videtur.
2215 2041 2390 2107 Atque
2424 2040 2539 2094 haec
2570 2029 2820 2093 'levioris
2858 2041 3116 2092 momenti
3141 2048 3291 2094 sunt.
3344 2037 3595 2092 Grncum

321 2117 550 2174 Eusebii
582 2133 898 2177 contextum
923 2124 1132 2193 jamdiu
1165 2127 1296 2180 olim
1351 2129 1720 2197 deperditum,
1750 2145 1816 2181 ex
1892 2128 2058 2182 variis
2084 2131 2358 2182 variorun
2391 2141 2706 2190 auctorum,
2739 2143 2832 2196 qut
2867 2145 2930 2179 ex
2997 2142 3067 2180 eo
3115 2129 3364 2195 qumdatn
3410 2128 3464 2180 in
3495 2140 3596 2180 sua

322 2210 756 2274 transtulerunt,
793 2210 1008 2267 laciniis
1038 2214 1242 2267 sarcire
1273 2219 1662 2284 propemodum
1722 2232 1787 2271 ex
1859 2215 2097 2285 integro,
2132 2215 2456 2283 ronquisitis
2520 2217 2882 2283 undequaque
2931 2214 3062 2267 locis
3097 2214 3370 2282 genuinis,
3403 2214 3494 2280 qtti
3529 2229 3599 2268 ne

324 2300 503 2354 verbo
535 2300 755 2368 quidem
795 2313 952 2356 tenus
982 2304 1331 2370 abluderent,
1376 2307 1470 2358 sed
1501 2306 1725 2359 omnino
1761 2305 1956 2360 iisdem
1990 2319 2110 2372 quae
2173 2303 2446 2358 Eii-chius
2511 2303 2854 2373 perscripsit,
2919 2302 3192 2357 contineri
3251 2301 3596 2369 viderentur,

323 2388 432 2440 hoc
451 2401 608 2455 opus,
645 2388 732 2443 hic
755 2389 910 2444 labor
939 2391 1222 2460 improbus
1250 2391 1370 2446 fuit.
1395 2392 1682 2446 Maximam
1711 2393 1928 2460 quidem
1997 2390 2430 2459 fraguteutorum
2465 2399 2674 2460 partem
2713 2389 2978 2458 Georgius
3018 2389 3105 2442 ille
3132 2389 3446 2460 Synrellus,
3481 2398 3596 2443 tum

326 2472 642 2541 Paschalis,
671 2477 785 2532 sive
819 2479 1173 2533 Alexandrini
1202 2479 1459 2535 Cbronici
1485 2493 1677 2536 auctor
1707 2482 2156 2551 suppeditarunt;
2223 2477 2319 2532 sed
2351 2478 2456 2532 alia
2509 2487 2691 2531 tamen
2719 2477 2862 2544 apud
2894 2477 3031 2530 alios
3081 2476 3410 2545 investigare
3472 2475 3598 2529 dili-

327 2563 662 2631 gentissime
688 2580 912 2621 necesse
944 2567 1068 2631 fuit,
1094 2568 1400 2623 Cedrenutu
1435 2580 1560 2639 puta
1584 2579 1634 2625 et
1668 2569 2058 2636 Nicephorum,
2097 2565 2485 2637 Theophanem
2521 2575 2577 2620 et
2614 2563 2704 2620 lo.
2753 2564 2970 2629 Malala,
3018 2579 3256 2634 quorum
3315 2563 3597 2618 volumina

320 2648 394 2703 ad
426 2651 679 2721 exiguam
711 2654 999 2723 quamdam
1034 2655 1343 2724 periocham
1383 2658 1791 2722 expiseauzlatn,
1822 2655 2128 2725 periocbam
2161 2653 2531 2724 percurrimus
2564 2668 2708 2722 SLBPS
2732 2654 2944 2722 integra
2983 2669 2995 2706 :
3031 2660 3091 2704 ιιι
3137 2665 3235 2718 eos
3275 2651 3434 2703 modo
3515 2661 3598 2702 ta-

322 2751 482 2791 ceant
509 2753 740 2808 quorum
779 2741 895 2807 ipse
920 2743 1049 2795 olim
1086 2745 1398 2797 testimonia
1437 2743 1710 2799 Eusebius
1741 2745 2116 2814 descripserat
2177 2745 2326 2814 (nam
2365 2742 2628 2812 Scaligeri
2660 2741 3022 2796 Collectaneis
3063 2741 3255 2806 bisque
3290 2747 3482 2806 terque
3529 2739 3597 2790 ad

324 2829 1068 2896 sumntumconquievimus,
1127 2841 1182 2885 ut
1215 2847 1282 2885 uc
1351 2848 1442 2901 qm
1497 2843 1715 2886 vat-aret
1751 2833 2083 2886 documento
2155 2832 2337 2900 aliquo
2371 2829 2570 2898 locus),
2622 2838 2827 2884 caetera
2866 2839 2974 2882 tam
3013 2827 3299 2895 diligenter
3377 2837 3598 2894 tamque

328 2914 560 2970 ﬁdeliter
596 2932 854 2986 expressa
881 2929 1030 2983 sunt,
1071 2931 1126 2972 ιιι
1153 2931 1204 2975 et
1229 2923 1420 2991 pagina
1455 2924 1887 2991 uniuscujusque
1914 2921 2176 2986 auctoris,
2216 2921 2281 2974 ad
2324 2918 2628 2974 faciendam
2666 2920 2740 2970 rei
2775 2917 2962 2979 iidem,
3000 2916 3232 2985 singulis
3264 2914 3598 2968 testimoniis

323 3015 645 3062 ann0tetur.
699 3006 761 3058 Et
790 3022 918 3061 vero
961 3007 1006 3062 si
1069 3009 1201 3062 nihil
1237 3022 1489 3075 praeterea
1530 3011 1673 3063 aliud
1708 3013 2063 3080 prastituma
2127 3009 2285 3063 ttobis
2338 3017 2481 3063 esset
2524 3009 2576 3061 in
2621 3008 2721 3061 hoc
2756 3005 3076 3059 exornando
3114 3003 3408 3068 Chronico,
3453 3009 3597 3054 esset

329 3103 511 3146 tamen
536 3108 634 3147 cur
660 3095 794 3148 satis
823 3097 955 3148 bene
985 3096 1052 3150 de
1085 3094 1340 3160 Eusebio,
1366 3097 1594 3166 ejusque
1641 3099 1912 3168 imprimis
1943 3100 2242 3167 interprete
2301 3093 2632 3166 Hieronymo
2697 3095 2962 3148 metuisse
3028 3089 3455 3146 conlideremus.
3491 3089 3596 3142 Sed

325 3189 409 3234 est
436 3181 572 3234 liber
607 3182 730 3246 iste,
763 3185 902 3248 quod
944 3183 1120 3252 primo
1160 3185 1344 3238 statim
1381 3187 1581 3240 intuitu
1637 3195 1883 3255 apparet,
1928 3189 2001 3240 ita
2039 3190 2303 3253 scriptus,
2368 3194 2428 3240 ut
2468 3183 2676 3240 frustra
2737 3184 2935 3253 aliquis
2987 3190 3191 3254 speret,
3235 3196 3295 3236 se
3359 3196 3484 3233 eum
3512 3179 3595 3232 vel

325 3267 602 3336 explicare
648 3268 792 3331 aliis,
817 3270 898 3323 vel
935 3270 1241 3339 intelligere
1305 3272 1442 3326 satis
1501 3288 1680 3342 posse,
1713 3276 1846 3343 quin
1885 3275 2067 3327 omnia
2130 3275 2372 3328 omnium
2429 3286 2698 3334 veterum,
2756 3272 3235 3340 recentior-umque
3301 3278 3595 3323 auctorum

323 3355 529 3408 srrinia
549 3357 870 3419 excusserit,
904 3358 956 3410 in
993 3359 1190 3427 quibus
1224 3360 1428 3430 aliquid
1460 3362 1541 3414 vel
1575 3361 1641 3415 ad
1706 3363 1944 3417 lliSlOl‘lie
1978 3365 2281 3424 veritatem,
2315 3362 2392 3415 vel
2427 3363 2493 3415 al
2535 3372 2835 3428 temporum
2867 3363 3064 3414 seriem
3085 3359 3379 3427 pertineat.
3455 3352 3595 3408 Nul-

326 3440 439 3492 lum
468 3446 602 3498 adeo
633 3460 731 3498 nos
767 3455 978 3511 gestum
1008 3449 1316 3516 expendere
1344 3450 1397 3502 iu
1436 3451 1580 3503 notis
1613 3453 2085 3520 prmtertttisitttus,
2111 3461 2166 3502 ut
2193 3450 2440 3504 lectionis
2472 3449 2726 3516 primum,
2780 3464 2880 3502 nec
2924 3450 3101 3501 solum
3143 3443 3369 3510 Latium,
3420 3442 3515 3499 scd
3542 3453 3595 3498 et

324 3525 552 3595 Gra'crc,
612 3531 790 3599 quoad
823 3533 940 3599 ejus
972 3533 1085 3586 liert
1128 3533 1326 3601 potuit,
1359 3543 1472 3588 tum
1506 3537 1660 3598 facti,
1695 3537 1934 3604 denique
1989 3537 2248 3607 temporis
2274 3553 2374 3592 sua
2442 3537 2741 3606 unicuique
2817 3537 2959 3589 ratio
3021 3544 3302 3588 constaret
3331 3549 3345 3585 :
3401 3548 3503 3599 qua
3537 3545 3592 3584 in

324 3629 384 3666 re
411 3615 483 3669 ita
525 3621 742 3672 modum
779 3629 964 3673 tenere
1008 3622 1344 3689 propositum
1430 3621 1551 3686 fuit,
1591 3631 1650 3676 ut
1708 3627 2016 3679 necessitati
2085 3629 2414 3680 serviremus
2468 3636 2632 3693 atque
2689 3624 2909 3676 utilitati
2967 3661 2981 3684 ,
3030 3637 3126 3676 r-ce
3187 3621 3592 3674 lectorisilvam

328 3718 521 3760 rerum
573 3711 774 3777 quibus
836 3710 1096 3775 abundat,
1157 3715 1252 3767 sed
1308 3727 1498 3768 earum
1557 3715 1834 3771 delectum
1891 3717 2090 3785 quibus
2143 3725 2311 3778 caret,
2377 3712 2954 3767 subministrarcmus.
3015 3708 3228 3779 Saepius
3285 3708 3414 3776 quid
3481 3723 3591 3760 nou

322 3795 665 3862 dicendum,
730 3813 890 3868 quam
956 3799 1084 3867 quid
1151 3800 1441 3854 dicendqu
1497 3802 2011 3859 consideravimus:
2086 3815 2263 3871 neque
2319 3810 2427 3854 tam
2487 3799 2838 3853 laborandum
2891 3799 3012 3862 fuit,
3084 3804 3143 3850 ut
3219 3796 3592 3850 l’eueraremur

321 3884 643 3938 auctoribus
665 3885 863 3939 nostris
919 3885 1118 3950 lucem,
1153 3902 1315 3956 quam
1361 3897 1418 3942 ut
1463 3891 1531 3944 ab
1562 3895 1626 3944 ius
1679 3907 1800 3961 quae
1841 3893 2122 3947 doctorum
2184 3889 2350 3957 vulgo
2400 3901 2506 3940 non
2571 3886 2912 3956 ignorantur,
2967 3895 3021 3939 et
3067 3885 3298 3953 propriis
3351 3893 3586 3936 tractata

321 3978 459 4024 attrit
493 3971 672 4038 libris,
725 3989 942 4026 manum
973 3974 1398 4032 abstineremus.
1434 3977 1500 4032 Et
1547 3979 1594 4033 si
1657 3980 1786 4047 quid
1831 3991 2010 4036 tamen
2076 3983 2249 4035 fusius
2295 3979 2364 4033 ad
2429 3978 2512 4033 sui
2586 3976 2978 4042 eruditionem,
3045 3985 3209 4046 atque
3266 3985 3593 4043 argumenta

324 4070 754 4137 ihs-putationum
805 4069 860 4122 in
913 4081 1200 4138 utramque
1258 4083 1462 4140 partem
1489 4076 1899 4145 cognoscenda,
1927 4077 2098 4132 lector
2141 4077 2465 4146 requireret,
2501 4090 2567 4130 ex
2600 4074 2666 4128 iis
2695 4073 3051 4144 scriptoribus
3103 4083 3159 4130 et
3231 4072 3371 4127 locis
3411 4080 3593 4142 petere

323 4167 530 4224 posset,
571 4170 691 4225 qua:
727 4155 832 4213 sibi
851 4155 1144 4212 identidem
1169 4157 1567 4229 signilicatrur.

343 4355 3104 4380 *Μ

1041 4539 2071 4700 VALLARSII
2202 4433 2837 4696 Nom.

388 4966 508 5021 Col.
539 4965 668 5020 225.
702 4963 1055 5036 Hieronymus
1092 4963 1386 5022 Vincentio.
1413 4965 1510 5022 llic
1537 4967 1648 5034 ille,
1678 4970 1899 5037 opinor,
1931 4986 1978 5044 Α
2006 4984 2188 5039 gasse.
2218 4968 2510 5024 Manifesta
2534 4981 2718 5044 autem
2751 4970 2924 5037 liquet
2944 4985 3008 5024 ex
3044 4971 3183 5024 libro
3212 4972 3376 5026 tertio
3400 4982 3590 5027 contra

317 5057 642 5112 Vincentius
687 5065 794 5122 est,
824 5071 988 5124 quem
1036 5073 1181 5126 saepe
1244 5060 1616 5130 Hieronymus
1670 5062 1900 5115 honoris
2013 5060 2269 5112 liuliuum
2312 5076 2462 5113 num.
2491 5059 2583 5123 22,
2617 5061 2683 5113 ad
2723 5061 2962 5114 medium
2992 5064 3118 5116 anui
3154 5063 3280 5126 585,
3319 5081 3589 5120 conscen-

320 5163 489 5203 rausa
529 5149 798 5214 nominat,
828 5162 1049 5219 suaeque
1085 5152 1543 5220 peregrinationis
1596 5153 1853 5206 comitem
1884 5195 1898 5218 ,
2011 5151 2163 5205 disse
2195 5155 2406 5219 pariter
2447 5153 2626 5204 navim
2661 5152 2712 5204 iu
2751 5152 2997 5206 Romano
3031 5164 3190 5221 portu
3221 5196 3236 5220 ,
3286 5166 3451 5223 atque
3483 5169 3588 5205 una

313 5254 371 5296 et
397 5243 452 5295 in
481 5241 748 5295 Bethlemi
779 5256 1000 5296 secrssu
1032 5243 1260 5297 charum
1297 5257 1422 5297 cum
1457 5245 1646 5310 primis
1690 5245 1902 5301 habuit.
2008 5239 2402 5310 Jerosolymam
2431 5241 2808 5304 contendisse,
2846 5253 2901 5296 et
2935 5243 3104 5298 fuisse
3137 5256 3322 5312 postea
3352 5245 3496 5312 apud
3526 5246 3584 5297 5.

320 5333 397 5387 E1
435 5334 574 5387 libro
604 5343 795 5386 contra
841 5333 1113 5388 Joannem
1160 5333 1602 5406 Jerosolyutttan.
1642 5353 1797 5390 num.
1829 5339 1896 5390 57
2009 5331 2230 5386 Patrem
2268 5334 2320 5386 in
2357 5333 2639 5388 Bethleem
2675 5347 2974 5389 versatum.
3005 5335 3166 5390 Certe
3199 5338 3347 5390 ineo
3381 5337 3586 5404 degens

317 5440 370 5480 et
422 5426 514 5485 ιι.
564 5425 654 5478 ubi
701 5424 1213 5490 Constantinopolin:
1265 5427 1445 5498 urbem
1493 5429 1890 5481 celeberrimam
2011 5426 2345 5479 monasterio
2374 5425 2630 5480 laudatur
2659 5438 2850 5482 contra
2907 5427 3256 5498 Vigilantium
3290 5432 3452 5497 epist.
3490 5431 3582 5491 6|,

317 5525 443 5567 ante
471 5531 648 5568 annos
685 5516 1082 5582 quatuordectm
1115 5517 1410 5570 deseruisse
1436 5515 1660 5580 dicitur,
1691 5526 1748 5570 ut
1772 5517 1903 5571 soli-
2001 5534 2155 5570 num.
2187 5518 2242 5581 3,
2275 5529 2438 5586 atque
2473 5519 2603 5573 alibi
2633 5521 2934 5589 disciplina:
2969 5522 3090 5592 ejus
3125 5538 3188 5575 ac
3215 5523 3435 5591 pietatis
3453 5542 3584 5578 cauo

319 5616 517 5660 lanam
565 5617 754 5677 ageret
793 5607 984 5671 vitam,
1018 5607 1276 5674 colligere
1309 5617 1413 5668 est,
1447 5625 1569 5660 eum
1620 5623 1725 5660 una
1773 5623 1899 5661 cum
2001 5625 2086 5663 sa.
2120 5608 2327 5664 Exinde
2347 5612 2496 5665 venit
2527 5615 2721 5665 iterum
2752 5612 2978 5667 Romam
3011 5617 3156 5669 circa
3179 5633 3248 5672 an
3274 5618 3401 5683 597,
3433 5621 3580 5688 quod

322 5695 383 5748 S.
413 5695 663 5760 Dortore,
694 5700 798 5752 huc
831 5700 950 5768 ipso
979 5716 1144 5762 anno.
1180 5717 1290 5770 quo
1338 5701 1594 5754 Clrrottici
1633 5700 1901 5768 interprec
2001 5717 2064 5756 ex
2113 5703 2333 5757 laudato
2371 5715 2558 5757 contra
2608 5705 2867 5761 Ruﬁnum
2919 5709 3059 5763 libro
3108 5710 3374 5766 discimus
3415 5729 3575 5768 num.

324 5790 585 5845 tationem
619 5793 926 5862 adornavit,
958 5793 1434 5866 Constantinopoli
1472 5793 1705 5852 liotuatn
1737 5792 1897 5850 navi-
1998 5793 2088 5850 28.
2115 5791 2318 5852 Deinde
2333 5791 2606 5852 Orientem
2635 5799 2880 5867 repetivit
2905 5810 3025 5868 post
3049 5799 3218 5860 [erute
3239 5803 3561 5868 triennium,
