3908 6174
381 294 490 359 701

1656 297 2074 360 VALLARSI‘I
2121 298 2364 361 NOTAE.
3504 307 3588 368 τοι

377 429 439 471 nt
472 419 523 471 in
561 417 786 482 epistola
812 418 879 472 88
902 418 966 472 ad
1001 415 1364 482 'l'heophilui-n
1411 415 1661 471 discitur.
1691 418 1808 471 Iam
1837 433 1964 471 vero
1995 422 2038 474 Α
2073 419 2292 474 lioratio
2321 437 2419 474 suo
2449 422 2512 473 de
2536 419 2770 475 Pindaro
2799 419 3098 492 judicassc,
3121 421 3278 490 cujus
3311 422 3481 486 possin
3503 441 3596 482 non

377 507 528 574 quod
573 510 658 563 his
708 509 964 562 omnibus
997 508 1130 559 locis
1173 516 1392 560 sanet-us
1433 510 1703 576 presbyter
1745 509 1967 562 Vincen-

379 601 490 653 iius
537 601 634 656 abs
684 599 1016 671 Hieronymo
1069 611 1444 668 nuncupatur,
1499 602 1588 654 hic
1624 616 1756 655 vero
1815 602 1964 654 nulla

386 696 506 758 eius
540 693 822 762 dignitatis
853 703 938 747 est
981 696 1207 754 mentio,
1257 709 1486 762 pronum
1537 702 1620 748 est
1668 695 1968 758 arbitrari,

382 784 624 838 nondum
661 782 835 836 fuisse
865 765 1075 851 justum
1114 783 1513 853 presbyterum,
1549 796 1673 834 eum
1707 785 1856 834 hunc
1893 782 1968 834 illi

377 877 580 930 librum
645 876 703 932 S.
760 877 922 930 Pater
957 877 1282 945 inscripsit;
1336 874 1486 942 quod
1526 874 1748 942 quidem
1808 874 1970 928 bonis

380 975 671 1038 probatum
703 975 910 1027 iremus
942 973 1302 1042 argumentis,
1338 972 1381 1025 si
1417 979 1671 1024 notarum
1709 969 1760 1023 id
1791 969 1972 1024 brevi-

380 1076 464 1118 tas
502 1078 810 1138 pateretur.
846 1067 994 1122 llanc
1022 1077 1196 1121 tamen
1227 1067 1398 1136 ipsam
1439 1064 1718 1119 Vincentii
1759 1079 1969 1118 memo-

310 1200 313 1202 .
384 1161 520 1211 riam
558 1161 750 1227 paucis
782 1169 1049 1228 repetere,
1093 1173 1317 1212 necesse
1349 1156 1446 1210 fuit
1474 1175 1489 1222 ;
1517 1156 1600 1208 vel
1631 1157 1775 1210 enim
1811 1156 1878 1209 de
1907 1170 1973 1208 eo

382 1251 676 1317 quidquam
703 1252 887 1306 dicere
907 1250 1548 1318 prtetermisernntbuius
1569 1249 1802 1303 editores
1822 1248 1970 1312 libri,

384 1345 481 1395 τιτι·
498 1348 595 1412 qui
618 1344 908 1398 divinando
932 1344 1135 1412 aliquid
1153 1344 1365 1410 assequi
1389 1351 1614 1396 conatus
1633 1352 1714 1395 est
1735 1340 1975 1395 Sch-trs-

385 1436 690 1497 ﬂeiseh‘us,
761 1451 996 1504 eumque
1036 1437 1347 1501 suspicatur
1406 1450 1526 1487 esse
1581 1433 1969 1497 Vincentium,

385 1528 478 1596 qui
524 1544 670 1583 anno
703 1527 1018 1584 Christiano
1042 1529 1172 1594 ωε,
1205 1544 1300 1583 seu
1335 1525 1638 1596 oiyznpiad.
1675 1524 1805 1587 295,
1842 1541 1976 1579 eon-

390 1621 633 1674 sulatum
667 1623 859 1686 gessit,
886 1629 946 1674 ut
967 1620 1335 1697 Cassiodorus
1366 1629 1657 1681 memorat,
1691 1627 1744 1672 et
1773 1617 1971 1670 Βικέν-

386 1730 500 1774 τως
537 1713 590 1767 in
617 1713 895 1769 Chronico
925 1713 1174 1767 Paschali
1208 1728 1329 1782 pag.
1352 1711 1459 1764 712
1526 1720 1776 1765 vocatur.
1800 1708 1972 1764 Porro

388 1804 484 1871 qui
539 1804 919 1874 subsequitur,
971 1803 1282 1860 Gallienum
1335 1801 1482 1856 haud
1536 1803 1612 1855 ita
1669 1803 1969 1858 novimus:

391 1903 603 1951 veteres
632 1897 755 1950 libri
789 1912 979 1952 omnes
1008 1912 1131 1951 cum
1165 1897 1324 1951 unica
1361 1897 1382 1950 ι
1409 1897 1666 1951 srr'bunt
1711 1910 1727 1947 :
1764 1895 1971 1950 nummi

395 1987 733 2054 litteratiqne
758 1987 967 2055 lapides
999 1989 1302 2057 geminant.
1384 1990 1393 2002 '

463 2079 602 2134 Ibid.
644 2079 853 2134 lumbo.
871 2079 1025 2134 Nulla
1048 2090 1133 2135 est
1175 2080 1228 2135 in
1252 2079 1688 2152 Hieronymianis
1717 2077 1976 2135 omnibus

394 2171 551 2226 libris
587 2171 881 2236 sententia,
905 2187 1028 2239 qua:
1058 2172 1308 2240 pluribus
1335 2173 1635 2227 recentium
1653 2171 1971 2225 criticorum

395 2262 647 2318 censuris
689 2273 895 2329 pateat.
930 2263 1008 2316 Ac
1035 2263 1174 2316 satis
1218 2263 1440 2327 quidem
1468 2263 1682 2316 erudite
1706 2261 1976 2328 Iosephus

395 2352 660 2421 Scaliger,
690 2351 1006 2407 Ludovicus
1037 2351 1313 2421 Capellns,
1337 2361 1390 2407 et
1421 2352 1716 2406 novissime
1736 2352 1976 2408 Ioannes

397 2446 642 2501 Clericus
666 2446 1027 2511 contendunt,
1059 2459 1280 2505 versus,
1309 2445 1495 2514 quales
1522 2445 1748 2502 Hieron.
1783 2447 1975 2511 tradit,

397 2545 452 2591 et
491 2537 682 2602 quales
709 2547 842 2591 sunt
873 2535 1045 2590 (ἔτει)θί
1074 2551 1138 2590 ac
1168 2534 1368 2599 Lat-ini,
1392 2536 1655 2592 liebraice
1685 2537 1803 2593 ﬁeri
1826 2539 1978 2593 nullo

401 2628 562 2681 modo
590 2642 772 2698 posse.
818 2629 1015 2682 Verum
1047 2645 1166 2696 quae
1206 2645 1358 2685 mens
1395 2630 1556 2684 fuerit
1589 2631 1646 2686 Β.
1684 2631 1961 2695 Doctoris,

399 2734 453 2774 et
484 2737 592 2789 quo
634 2721 802 2788 possit
837 2735 1001 2775 sensu
1049 2719 1219 2788 accipi
1275 2737 1382 2776 non
1419 2722 1600 2789 inepte
1624 2764 1638 2788 ,
1676 2739 1808 2777 num
1844 2725 1977 2778 satis

403 2813 638 2866 asset-uti
670 2813 780 2866 sint
807 2854 821 2874 ,
861 2812 1069 2866 dubito.
1109 2813 1463 2869 Martianzeus
1489 2810 1800 2884 Prolegom.
1836 2825 1889 2867 tv
1921 2813 1974 2868 in

405 2903 653 2958 Divinam
676 2905 1090 2967 Bibliothecam,
1117 2905 1208 2960 ubi
1232 2905 1300 2960 de
1330 2906 1518 2960 metris
1539 2906 1973 2977 Scripturarum,

406 2997 574 3053 multa
630 2998 905 3066 congessit
959 2997 1014 3050 in
1071 2995 1416 3068 Hieronymi,
1473 3011 1632 3068 quem
1688 2997 1982 3054 defendere

403 3098 633 3142 conatus
660 3099 766 3153 est,
791 3089 1040 3159 gratiam.
1075 3088 1243 3145 Nobis
1272 3091 1378 3145 alia
1410 3091 1629 3145 videtur
1659 3092 1982 3160 explicatio-

409 3182 492 3232 nis
527 3181 762 3234 ineunda
816 3182 958 3236 ratio
1010 3196 1024 3232 :
1067 3197 1170 3235 non
1221 3183 1367 3236 enim
1421 3183 1641 3252 proprie
1688 3183 1979 3237 metricam

407 3275 833 3344 Inntitllztlloncm
865 3282 1116 3342 putamus
1145 3275 1212 3328 ab
1243 3289 1308 3329 eo
1331 3274 1556 3340 intendi,
1589 3275 1681 3330 sed
1712 3276 1982 3346 rhythmi-

404 3381 519 3416 raui
563 3382 714 3426 μειερ,
748 3373 808 3417 ιιι
853 3364 928 3417 ait
977 3363 1116 3419 Beda
1149 3365 1215 3418 ab
1247 3366 1365 3435 ipso
1393 3364 1675 3434 Scaliger-0
1707 3366 1983 3426 laudatus.

401 3466 479 3508 est
507 3458 684 3510 metris
719 3455 1007 3512 consimilis
1043 3458 1318 3511 verborum
1352 3457 1620 3511 modulata
1652 3459 1981 3527 compositio,

401 3564 505 3602 non
539 3549 756 3601 metrica
789 3551 1016 3614 ratione,
1048 3536 1141 3602 sed
1178 3564 1394 3604 numero
1423 3549 1752 3619 syllabarum
1794 3551 1863 3604 ad
1888 3552 1983 3620 jn-

401 3643 600 3695 dieiu‘m
635 3641 842 3695 aurium
884 3642 1215 3696 examinata.
1265 3641 1370 3696 Sed
1417 3643 1531 3698 haec
1565 3645 1726 3698 latius
1771 3659 1869 3713 pro
1907 3645 1981 3698 rei

403 3736 625 3794 nu-rito.
677 3744 732 3789 et
779 3743 838 3788 ut
877 3735 1000 3788 aliis
1053 3738 1441 3804 persuadeant,
1487 3735 1817 3800 edisserere,
1877 3753 1982 3791 non

404 3827 572 3893 hujus
597 3837 677 3881 est
706 3825 809 3880 loci
846 3841 860 3880 :
894 3834 949 3879 et
984 3826 1050 3879 ad
1081 3841 1206 3880 eam
1235 3827 1454 3896 preprie
1488 3827 1726 3892 pertinet
1763 3825 1981 3882 Disser-

410 3922 670 3971 tationum
700 3959 712 3976 .
749 3933 909 3985 quam
955 3917 1388 3989 Iiieronymianu‘
1419 3917 1713 3973 Bibliorum
1748 3919 1979 3973 Versioni

403 4020 553 4063 tumo
588 4009 940 4077 Subsequent-i
975 4010 1334 4078 praeligemus.
1391 4007 1524 4064 Nam
1576 4019 1632 4064 et
1684 4027 1836 4063 suam
1888 4012 1977 4066 hic

405 4105 583 4154 obiter
614 4102 670 4154 S.
700 4101 859 4153 Pater
890 4102 1088 4170 promit
1123 4102 1475 4165 sententiam,
1511 4117 1672 4170 quam
1713 4103 1764 4156 in
1799 4119 1985 4159 sacro-

405 4213 528 4249 rum
600 4195 936 4250 voluminum
1001 4194 1437 4262 pra-Tationibus,
1484 4209 1549 4249 ac
1603 4199 1872 4266 pra-cipue
1930 4199 1982 4251 in

405 4291 628 4352 isaiam,
657 4287 780 4351 Jul),
813 4298 866 4342 et
901 4287 1250 4351 Psalterium,
1283 4302 1376 4356 per
1411 4298 1594 4356 partes
1623 4290 1790 4344 multo
1829 4292 1984 4344 lucu-

321 4439 326 4442 .
407 4383 607 4437 lentius
641 4382 884 4453 exponit.

2070 511 2204 565 satis
2241 511 2472 566 noverit.

2147 603 2278 655 Ibid.
2319 600 2684 657 l’entametro.
2723 601 2919 657 Verius
2951 601 3298 656 constituisse
3336 602 3527 658 videtur
3557 607 3602 662 in

2072 697 2234 762 epist.
2267 696 2358 756 30.
2400 698 2464 750 ad
2497 695 2718 750 Paulam
2746 712 2803 750 n.
2830 696 2886 759 3,
2905 695 2997 749 ubi
3025 697 3096 748 de
3125 706 3357 763 quatuor
3392 698 3605 766 psalmis,

2080 787 2170 851 qui
2213 785 2510 839 Secundum
2558 784 2806 838 ordinem
2844 783 3196 836 Hebraeorum
3230 783 3488 853 incipiunt
3515 787 3609 840 ele-

2075 891 2405 944 mentorum,
2439 880 2606 943 Scire,
2641 880 2836 947 inquit,
2870 880 3024 932 debes
3054 879 3108 932 in
3138 880 3399 949 prioribus
3424 882 3616 947 psalmis

2074 975 2297 1040 singulis
2331 973 2522 1026 litteris
2555 973 2864 1032 versiculos,
2889 974 2977 1039 qui
3008 973 3247 1026 trimetro
3277 973 3486 1027 inmbiro
3509 989 3613 1029 con-

2075 1077 2237 1127 stant,
2269 1082 2380 1120 esse
2407 1065 2661 1119 subnexus
2686 1083 2704 1130 ;
2731 1066 3002 1136 inferiores
3031 1081 3149 1119 vero
3177 1074 3469 1119 tetrantem
3491 1067 3613 1119 iant-

2077 1161 2187 1212 bicn
2227 1169 2492 1220 constare,
2527 1159 2682 1212 sicuti
2707 1169 2753 1211 et
2796 1157 3190 1213 Denterouomii
3217 1157 3480 1212 Canticum
3507 1161 3618 1214 scri-

2075 1262 2222 1316 ptum
2256 1260 2357 1302 est.

2147 1339 2280 1395 Ibid.
2313 1339 2386 1396 Ut
2417 1340 2674 1407 Iosephus
2727 1350 2782 1397 et
2827 1340 3080 1410 Origenes
3113 1344 3378 1400 scribunt.
3417 1343 3612 1414 Iosephi

2079 1433 2254 1488 locum
2285 1434 2350 1488 de
2377 1433 2541 1489 Mosis
2571 1434 2791 1489 cantico
2823 1437 2884 1487 ὲν
2925 1433 3220 1506 ἑξαμέτρῳ
3247 1437 3382 1503 τόνῳ
3409 1437 3618 1492 laudarit

2078 1525 2320 1594 Scaliger
2358 1541 2424 1581 ex
2452 1526 2550 1580 lib.
2586 1541 2620 1580 ιι
2651 1524 2946 1596 Antiquitt.
2978 1525 3182 1596 Accipe
3234 1542 3379 1582 nunc
3418 1528 3617 1584 alterum

2075 1637 2104 1666 σι
2131 1619 2225 1672 lih.
2257 1635 2350 1679 vn.
2383 1633 2435 1674 c.
2470 1619 2560 1684 12,
2601 1619 2692 1673 ubi
2751 1619 2819 1674 de
2872 1619 3072 1674 Davide
3102 1620 3513 1691 psalmogrspbo
3553 1623 3620 1677 Io-

2078 1715 2265 1775 quitur
2303 1727 2318 1766 :
2349 1712 2489 1775 eae;
2516 1713 2596 1775 εις
2651 1712 2745 1766 τὸν
2783 1712 2916 1765 Θεὸν
2947 1713 3042 1767 καὶ
3079 1713 3286 1783 ὕμνους
3331 1715 3622 1781 συνετάξατο

2078 1805 2278 1873 μέτρου
2339 1803 2602 1858 ποικίλων
2635 1806 2762 1868 τοὺς
2793 1805 3020 1874 μὲνγὰρ
3057 1811 3411 1873 τριμέτρους,
3438 1809 3550 1868 τοὺς
3573 1808 3619 1862 ﬁt

2077 1894 2502 1964 πενταμέτρους.
2534 1895 2680 1952 Odos
2711 1899 2765 1952 in
2797 1897 2987 1952 Deum"
3014 1899 3344 1969 hymnosque
3363 1901 3618 1953 consueuit

2074 1989 2222 2042 nario
2253 1987 2552 2041 carminum
2575 2005 2762 2059 genere
2785 2005 2802 2044 :
2827 1989 3018 2043 etenim
3044 2000 3156 2043 tam
3183 2006 3361 2044 uersus
3382 1986 3614 2044 trimetros

2076 2078 2334 2144 adhibuit,
2385 2096 2550 2161 quam
2579 2093 2964 2149 pentametros.
2987 2081 3264 2153 Origenes
3297 2096 3371 2137 ex
3416 2079 3622 2152 Iosepho

2077 2175 2317 2240 accepit.

2162 2263 2299 2317 Ibid.
2331 2263 2458 2318 Plus
2491 2263 2690 2335 aliquid
2720 2265 2918 2317 dicunt.
2961 2263 3017 2316 in
3053 2280 3166 2318 uno
3196 2264 3426 2319 Palatio.
3461 2263 3622 2318 haberi

2080 2355 2247 2410 refert
2286 2356 2612 2418 Salmasius,
2652 2357 2821 2418 dicat,
2855 2374 2955 2423 pro
2981 2358 3163 2408 dicam
3191 2399 3206 2420 ,
3242 2357 3396 2426 quasi
3440 2356 3622 2425 aliquis.

2081 2465 2186 2502 non
2219 2449 2421 2518 aliquid
2466 2453 2822 2516 praecesserit.
2863 2451 3132 2502 Cmterum
3184 2449 3402 2504 Iliadem
3441 2445 3623 2501 Homeri

2083 2555 2241 2608 prosa
2279 2541 2527 2595 oratione
2551 2540 2944 2594 Demosthenes
2968 2539 3155 2595 Thrax
3185 2540 3481 2609 explicasset
3513 2537 3622 2592 dici-

2079 2640 2170 2684 tur
2207 2650 2218 2681 :
2261 2631 2350 2684 alii
2382 2632 2447 2685 de
2477 2631 2731 2702 Dionysio
2760 2630 3005 2691 Thrace,
3042 2648 3154 2684 non
3191 2630 3409 2702 ignobili
3470 2643 3624 2699 gram-

2053 2724 2304 2787 ,matiro,
2330 2726 2418 2792 qui
2455 2724 2582 2778 inde
2607 2739 2906 2789 cognomen
2953 2723 3302 2792 μεταδολέως
3330 2722 3570 2785 retulerit,
3600 2737 3625 2775 e

2081 2815 2246 2869 Suida
2275 2829 2436 2882 atque
2469 2814 2756 2868 Eustat'bio
2789 2817 2889 2868 hoc
2921 2816 3168 2868 tradunt.
3191 2815 3344 2880 Quod
3374 2815 3623 2881 loquentem

2082 2907 2277 2961 deinde
2299 2907 2730 2972 eloquentissimo
2761 2906 2991 2976 opponit
3015 2906 3244 2959 Πίον-οη.
3272 2906 3482 2960 eﬂ‘a'uut
3514 2903 3622 2957 illud

2085 3001 2328 3058 Sallustii
2361 3003 2580 3057 videtur
2611 3002 2853 3055 alludere
2883 3002 2935 3054 in
2975 3000 3203 3055 Catili“.
3237 3015 3288 3054 c.
3319 3000 3350 3054 5
3379 3015 3395 3052 :
3422 2998 3624 3067 Loquen-

2007 3095 2175 3167 Clite
2220 3094 2468 3156 multum,
2517 3095 2792 3162 sapientiae
2841 3109 3054 3162 parum.
3115 3091 3254 3145 Nam
3294 3099 3536 3161 quantum
3565 3088 3627 3141 lo-

2087 3185 2295 3252 quentia
2326 3186 2478 3238 distet
2515 3185 2582 3237 ab
2614 3185 2934 3253 eloquentia,
2986 3183 3202 3238 Plinius
3255 3198 3462 3253 quoque
3496 3181 3628 3234 docet

2086 3277 2177 3332 lib.
2223 3293 2279 3342 v,
2309 3278 2466 3345 epist.
2499 3275 2589 3332 ρο.

2155 3369 2275 3428 Col.
2307 3369 2437 3424 225.
2476 3367 3076 3424 Valentinianiiternm.
3107 3366 3333 3423 Scilicet
3357 3367 3418 3420 ad
3455 3380 3623 3418 annum

2088 3481 2262 3531 usque
2307 3462 2608 3518 Salvatoris
2653 3462 2781 3517 578.
2815 3461 2929 3528 Ipse
2974 3473 3159 3514 autem
3217 3475 3359 3512 anno
3393 3459 3627 3512 scribi-hat

2084 3555 2189 3610 580
2234 3555 2335 3609 sub
2367 3555 2609 3609 Gratiani
2646 3571 2675 3605 v
2708 3561 2759 3607 ct
2799 3552 3113 3615 Theodosii,
3163 3567 3274 3605 non
3318 3561 3381 3605 ut
3424 3551 3630 3619 Scaliger

2087 3656 2262 3715 putat,
2297 3645 2526 3699 Ausonii
2559 3657 2614 3699 et
2649 3645 2856 3715 Olybrii
2888 3647 3206 3698 causulatu.

2157 3739 2274 3802 Col.
2306 3739 2434 3793 235.
2462 3738 2750 3792 Obtestatio
2784 3735 3020 3791 Eusebii.
3064 3737 3240 3806 Hujus
3283 3733 3628 3792 obtcstationit

2085 3839 2276 3883 auctor
2314 3828 2372 3883 S.
2412 3829 2650 3884 [renatus
2679 3838 2782 3891 est.
2812 3829 2902 3898 qui
2937 3845 3083 3890 eam,
3112 3829 3382 3883 referente
3426 3826 3628 3881 Eusebio

2087 3920 2188 3974 lib.
2229 3936 2258 3972 ν
2295 3921 2700 3974 Εροιοέὶειςιῑοω
2731 3918 2933 3974 Hister.
2968 3935 3090 3987 cap.
3125 3920 3221 3985 20,
3268 3930 3322 3974 et
3357 3921 3625 3986 Nircpltoio

2090 4010 2183 4064 lib.
2221 4027 2268 4060 ιν
2299 4025 2420 4078 cap.
2449 4010 2540 4070 50.
2577 4025 2679 4064 suo
2704 4010 2771 4064 de
2794 4009 3046 4076 Ogdoade
3073 4012 3226 4080 Operi
3258 4009 3540 4078 subiunxit,
3572 4005 3624 4059 ad

2085 4103 2431 4158 faISariorum
2465 4118 2678 4165 manus,
2709 4109 2762 4156 et
2793 4102 3106 4157 scribarum
3144 4101 3528 4172 deprecandam
3556 4099 3624 4153 in-

2083 4196 2317 4251 curiam.
2347 4196 2422 4248 lla
2452 4209 2579 4248 vero
2640 4193 2947 4249 delectatus
2974 4204 3058 4249 est.
3121 4192 3228 4250 isto
3284 4194 3626 4263 ὲπιορκήσεως

2084 4282 2333 4350 example
2371 4279 2664 4345 Eusebius.
2693 4292 2750 4336 ut
2782 4283 2926 4338 illaut
2965 4292 3020 4338 et
3059 4283 3254 4340 iisdem
3297 4284 3448 4353 plane
3473 4281 3624 4336 verbis

2085 4373 2187 4426 sibi
2225 4371 2441 4427 duxerit
2472 4371 2912 4437 describendam,
2944 4385 2998 4428 et
3029 4375 3212 4428 statim
3248 4391 3276 4428 a
3319 4376 3434 4428 libri
3465 4372 3621 4430 titulo,

479 4474 608 4526 Ibid.
645 4472 793 4526 Nunc
819 4472 1079 4539 Sappltiro
1114 4482 1297 4527 tumet.
1326 4472 1656 4528 Persuasum
1691 4477 1826 4531 mihi
1861 4486 1943 4532 εει
1965 4515 1981 4542 ν
2017 4456 2060 4512 Ι)
2089 4463 2388 4533 conspicuo
2413 4463 2726 4532 magisloco
2755 4467 3023 4531 posuerit.
3055 4474 3115 4518 ιιι
3139 4466 3322 4520 subito
3355 4465 3624 4517 incurreret

411 4583 514 4619 non
559 4568 656 4618 abs
679 4564 1006 4634 Hieronymo
1041 4563 1266 4640 verbum
1299 4570 1609 4627 hoctumet,
1644 4567 1736 4622 sed
1761 4584 1788 4620 a
1815 4569 1989 4626 sciolo

409 4657 724 4730 ntttiquario
779 4656 1070 4723 scriptum.
1111 4645 1405 4710 Eninwero
1455 4657 1740 4725 Sappbirre
1781 4643 1986 4715 delica-

410 4749 634 4802 tissimas
663 4748 907 4799 omnium
937 4745 1104 4800 Musa:
1140 4756 1352 4797 tumere
1382 4748 1606 4799 omnino
1640 4765 1747 4802 non
1789 4764 1988 4804 conve.

411 4841 510 4893 nit.
546 4838 937 4905 Rescripsvrim
978 4839 1163 4906 itaque
1199 4839 1376 4900 tinnit,
1403 4854 1565 4902 quam
1605 4824 1893 4896 lectionem
1920 4857 1985 4896 ex

409 4934 458 4986 al
485 4949 512 4986 a
543 4933 732 4986 kideri
777 4933 867 4986 lib.
905 4931 1296 5002 erriginnm
1339 4947 1390 4986 c.
1427 4932 1461 4984 2
1498 4932 1791 4988 verissime
1837 4935 1988 4989 visus

409 5040 530 5077 sum
567 5023 874 5077 rxcudisse.
905 5023 1000 5079 Ubi
1034 5039 1182 5076 utine
1217 5023 1305 5075 ille
1339 5024 1405 5077 ad
1441 5023 1667 5076 verbum
1699 5025 1895 5079 recitat
1925 5026 1986 5080 S.

390 5113 588 5168 'Patris
617 5115 647 5165 h
669 5127 815 5178 cum,
843 5114 1144 5182 praeferunt
1175 5114 1445 5169 editiones
1475 5115 1622 5175 nitet.
1654 5131 1752 5182 pro
1779 5126 1944 5185 tumet
1972 5154 1988 5178 .

410 5223 545 5261 lusa.
596 5213 780 5260 autem
832 5203 1051 5259 codices
1105 5206 1156 5259 in
1213 5206 1360 5259 notis
1412 5206 1617 5261 laudati
1653 5209 1839 5272 tinent,
1869 5225 1990 5274 quae

410 5307 666 5367 corrupta
716 5313 817 5351 vos
874 5307 1068 5364 suopte
1103 5299 1314 5351 indicat
1365 5300 1587 5363 mendo,
1631 5315 1816 5353 veram
1864 5315 1989 5354 esse

409 5392 732 5458 scripturam
789 5390 970 5444 tinnit.
1056 5389 1174 5444 Mox
1217 5391 1309 5444 alii
1353 5391 1570 5444 eoilices
1604 5392 1744 5459 amni
1775 5390 1986 5445 Salma-

407 5487 550 5534 s‘uiu
586 5483 846 5552 erusipede
869 5482 1140 5552 graditur,
1175 5497 1272 5550 pro
1303 5481 1621 5550 ingreditur.
1649 5483 1986 5536 Postremum

415 5574 532 5624 hur-
554 5587 583 5624 e
616 5583 852 5626 metrum
887 5574 952 5626 ad
981 5573 1199 5627 Pindari
1229 5572 1374 5628 Odas
1409 5573 1658 5627 retulerit
1687 5574 1746 5627 S.
1770 5573 1988 5637 Doctor,

413 5664 868 5725 quemadmodum
906 5667 1187 5734 superiora
1243 5663 1313 5717 ἰα
1347 5664 1674 5742 _lloratium.
1735 5665 1986 5731 IujuriOsi

415 5750 564 5804 enim
599 5751 1072 5836 inﬂioronypium
1121 5765 1302 5837 _sunt,
1347 5757 1439 5839 qui
1506 5771 1630 5811 eum
1685 5757 1872 5811 dicunt
1923 5773 1985 5815 sx

2093 4556 2144 4608 in
2177 4555 2402 4625 Ingentis
2425 4554 2638 4609 oculos.
2671 4551 2801 4622 Ejus
2827 4556 2902 4608 rei
2937 4564 3262 4624 argumento
3295 4564 3417 4609 sunt
3439 4553 3625 4606 codices

2093 4645 2498 4716 llii-rouymiani
2530 4659 2636 4700 non
2681 4657 2813 4701 sane
2845 4650 3000 4716 pauci
3029 4690 3044 4713 ,
3074 4648 3333 4713 Pontaco,
3363 4645 3623 4704 Salmasio.

2093 4741 2447 4805 'l'homasino,
2478 4751 2638 4810 atque
2677 4740 2800 4795 aliis
2846 4741 3076 4810 inspecti
3121 4743 3212 4811 qui
3247 4755 3361 4795 eam
3394 4739 3494 4795 hoc
3522 4736 3622 4804 ipso

2091 4850 2199 4902 quo
2235 4848 2336 4886 nos
2380 4833 2498 4885 loco
2525 4846 2895 4896 recensemus,
2935 4832 2993 4886 S.
3055 4830 3312 4886 Doctoris
3353 4823 3622 4900 prﬁationi

2091 4927 2440 4989 subuectunt,
2472 4932 2532 4976 ut
2565 4937 2690 4988 eum
2720 4922 2789 4977 ab
2823 4923 2909 4978 bis
2947 4923 3128 4978 verbis
3155 4921 3324 4976 ϐιωρὶ
3355 4928 3524 4974 textus
3553 4915 3620 4967 in-

2101 5019 2435 5087 terpretandi
2467 5018 2683 5073 initium
2719 5015 2913 5073 fecisse
2938 5057 2954 5083 ,
3002 5019 3265 5074 indicent.
3303 5017 3544 5072 (laterum
3577 5016 3622 5062 et

2093 5113 2183 5165 alii
2221 5112 2359 5167 bene
2391 5111 2545 5166 titulti
2587 5111 2814 5167 cociiees
2861 5126 2981 5165 eam
3034 5111 3321 5181 ignorant,
3355 5123 3386 5163 e
3418 5115 3617 5176 quorum

2091 5217 2321 5257 numero
2361 5211 2492 5258 sunt
2523 5213 2578 5258 et
2619 5219 2762 5273 quos
2805 5203 3053 5274 Scaliger
3100 5201 3392 5260 consuluit.
3443 5194 3619 5252 Confer

2089 5312 2253 5365 quam
2287 5290 2519 5352 Ruﬁnus
2553 5311 2668 5352 sua:
2713 5295 2844 5350 libri
2886 5298 3017 5365 περὶ
3071 5295 3280 5365 ’Λρχῶν
3331 5293 3616 5358 interpreta-

2095 5390 2232 5442 tioni
2264 5390 2581 5458 prmposuit,
2612 5388 2798 5444 verbis
2817 5389 2980 5460 paulo
3001 5387 3354 5458 exaggeratis,
3380 5373 3612 5451 ejusmodi

2092 5481 2514 5546 adjurationem.

2162 5575 2282 5627 Col.
2316 5572 2447 5626 9‘25.
2481 5571 2758 5629 Moser»...
2789 5573 2878 5643 qui
2901 5572 3132 5626 omnium
3167 5554 3610 5640 prmtusﬁonnihil

2095 5665 2348 5718 diversus
2391 5666 2494 5719 loci
2536 5667 2703 5726 huius
2733 5682 2929 5721 smn-ns
2967 5665 3036 5718 ab
3072 5680 3138 5718 ro
3167 5673 3270 5724 est,
3312 5672 3460 5726 quem
3492 5646 3610 5704 rcis-

2094 5766 2221 5812 ruut
2253 5753 2439 5812 (ἔναρα
2478 5753 2804 5829 Fragmenta
2833 5754 3128 5813 Euscbisni
3164 5762 3358 5817 textus,
3383 5746 3484 5803 sive
3510 5753 3606 5810 ειυσλ
