3908 6174
284 256 387 320 735

1548 264 1638 325 τι
1657 265 1965 326 LLARSII
2008 262 2244 323 ΝΟΤεΕ.

3415 257 3520 321 γος

286 377 529 447 Scaliger
555 383 837 452 excerpsit
872 397 901 436 e
933 398 1067 436 mss.
1109 383 1222 438 sive
1250 398 1369 453 qua:
1406 399 1507 439 nos
1550 399 1578 437 e
1621 384 1852 452 vulgatis
1882 389 1924 444 Α
1958 381 2108 450 plura
2147 383 2254 448 bis,
2303 397 2404 436 nec
2447 380 2726 452 pauciora.
2763 393 2864 432 nec
2909 378 3123 430 demum
3169 378 3325 430 aliter
3356 393 3520 445 atque

282 465 517 540 83mm
567 469 724 526 libris
769 472 1165 526 subnectimus.
1200 471 1362 538 Quod
1400 487 1530 527 vero
1566 472 1621 526 Id
1669 473 1852 540 culpa:

281 569 508 615 vertunt
540 560 873 634 Hieronymo
901 563 1167 635 Scaliger,
1201 575 1255 620 et
1279 565 1528 622 Clericus
1555 565 1726 620 multo
1757 564 1850 617 illo

280 649 544 720 iniquior,
585 654 810 708 minime
843 653 1138 710 ferendum
1179 665 1261 712 est
1287 673 1302 713 :
1329 673 1454 711 nam
1488 665 1544 714 et
1566 657 1654 712 ille
1687 671 1848 725 quem

275 740 382 810 ipsi
413 743 704 811 proferunt
743 745 990 802 Graecum
1035 757 1262 814 textum,
1295 750 1545 804 diversus
1577 749 1734 819 paulo
1763 756 1851 802 est

271 836 348 888 ab
377 850 467 898 eo,
494 852 656 904 quem
688 837 852 893 Goari
881 841 1080 907 editio,
1115 858 1224 912 qua
1254 851 1308 897 et
1333 857 1433 898 nos
1467 851 1656 911 utpote
1685 859 1816 896 accu
1840 874 1850 882 -

280 925 485 980 ratiore
513 929 741 994 utimur,
771 942 1152 1000 representat.
1186 933 1253 987 Et
1283 933 1552 1003 siquidem
1580 947 1850 987 accusau-

278 1017 386 1072 dus
416 1029 500 1072 est
530 1021 760 1076 inscitiae
782 1023 1166 1096 Hieronymus,
1201 1027 1344 1096 quod
1377 1027 1445 1080 ab
1474 1026 1849 1095 Scaligeriana

278 1109 515 1164 lectione
539 1111 733 1167 Graeca
761 1114 1048 1170 dissentiat
1076 1131 1091 1168 :
1123 1119 1236 1185 pari
1268 1126 1425 1186 pacto
1459 1114 1706 1186 Scaliger
1736 1117 1868 1185 ipse.

280 1207 591 1276 culpandus
642 1209 749 1276 sit,
777 1211 921 1277 quod
972 1210 1040 1262 ab
1077 1211 1371 1278 exemplari
1403 1209 1570 1279 Regio
1606 1211 1854 1264 Paris-ine

278 1296 497 1366 longius
530 1298 782 1353 abludat.
834 1300 1132 1370 Descripsit
1170 1301 1258 1355 ille
1287 1301 1352 1354 ad
1388 1301 1532 1356 hunc
1580 1303 1795 1355 modum
1835 1317 1849 1354 :

276 1393 540 1457 Μωῡσέα,
572 1395 728 1462 γένος
775 1395 1049 1462 Ἑϐραὼν,
1094 1398 1388 1466 προφητῶν
1422 1398 1672 1450 ἁπάντων
1708 1396 1858 1466 πρῶ·

274 1501 395 1546 τον,
431 1486 573 1553 ἀμφὶ
599 1486 694 1538 τοῦ
749 1487 1000 1555 Σωτῆρος
1057 1490 1234 1557 ἡμῶν,
1291 1476 1434 1556 λέγίυ
1470 1489 1529 1542 δὲ
1559 1489 1655 1542 τοῦ
1720 1487 1855 1556 Χριο

277 1574 435 1636 cur},
461 1576 606 1643 ἀμφὶ
631 1594 689 1630 τε
733 1578 826 1639 τῆς
854 1579 961 1630 τῶν
989 1580 1178 1632 ,ἐθνῶν
1206 1579 1270 1632 δι’
1303 1581 1464 1632 αὑτὸν
1508 1581 1853 1646 θεογνωσῐας,

277 1669 567 1736 χρησμοὺς
609 1670 703 1720 καὶ
753 1669 910 1734 λόγια
955 1673 1074 1741 θεῖα
1135 1671 1322 1740 Γραφῇ
1384 1673 1852 1740 παρα-δεδωκότα,

1953 482 2050 528 est
2080 475 2496 544 interpretatus.
2528 474 2582 528 in
2607 472 2818 535 Graeco,
2847 468 3000 540 quod
3029 469 3102 524 ob
3133 471 3324 525 oculos
3359 470 3527 523 hate-

1955 565 2067 628 bat,
2099 565 2393 633 exemplari
2423 565 2721 620 invenisse.

2021 657 2142 712 Col.
2175 655 2281 712 227
2310 657 2378 710 Α.
2431 655 2692 715 Clemens.
2722 652 3118 710 Alexandrinus
3154 655 3362 724 utique,
3391 656 3529 710 libro

1953 765 1970 802 t
1999 748 2362 814 Stromatum,
2391 763 2510 818 pag.
2535 749 2662 811 321,
2686 747 2969 800 Africanus
2998 747 3052 799 in
3079 746 3354 802 Chronico
3377 749 3532 814 quod'

1957 841 2256 905 intercidit,
2318 841 2586 894 'l'atianus
2616 841 2866 894 oratione
2895 850 3084 894 contra
3117 837 3342 903 Gentes,
3372 840 3529 892 deni-

1953 949 2060 1002 que
2091 932 2356 1000 losopltus
2389 931 2452 985 A.
2478 931 2790 1000 tiquitatum
2821 931 2917 983 lib.
2946 945 3006 988 tt.

2023 1025 2159 1079 Ibid.
2190 1023 2396 1078 Justus.
2435 1022 2791 1085 Tiberiensis,
2823 1023 2874 1076 in
2909 1023 3056 1078 libro
3075 1023 3164 1092 qui
3200 1035 3408 1078 aetatem
3441 1035 3524 1078 ta-

1954 1130 2078 1168 men
2119 1130 2228 1168 non
2270 1113 2417 1180 tulit,
2451 1113 2587 1182 Περὶ
2622 1113 2893 1166 Ἰουδαίων
2921 1113 3180 1177 βασιλέων
3201 1113 3307 1164 τῶν
3330 1116 3386 1165 ὲν
3413 1119 3532 1175 τοῖς

1954 1209 2262 1276 στέμμασιν
2294 1245 2309 1268 ,
2360 1223 2388 1259 a
2437 1205 2614 1274 Moyse
2662 1220 2834 1273 usque
2883 1203 2948 1256 ad
3000 1203 3288 1274 Agrippam
3335 1205 3536 1272 :«guod

1953 1294 2251 1351 Chronicon
2287 1303 2444 1347 vocat
2479 1293 2702 1347 Pbotius
2732 1294 2856 1348 cod.
2890 1294 2980 1347 55.

2031 1388 2171 1442 Ibid.
2209 1387 2544 1458 Quingentis.
2581 1384 2812 1440 Videtur
2841 1386 3239 1441 emendandum
3271 1424 3286 1447 ,
3318 1386 3523 1452 septin-

1953 1479 2146 1548 gentis,
2169 1481 2324 1548 juxta
2354 1479 2629 1542 Graecum,
2673 1479 3046 1544 ἑπτακοσίοις,
3080 1480 3359 1549 Ipsumque
3393 1495 3528 1549 sup-

1957 1571 2314 1639 putationem,
2346 1587 2509 1639 quam
2542 1586 2668 1625 mox
2696 1585 2760 1624 ex
2794 1568 3096 1642 Porpltyrio
3133 1572 3252 1625 init.

2029 1663 2170 1719 Ibid.
2199 1663 2550 1734 Porphyrius.
2584 1662 2945 1735 Porphyrium
2969 1647 3054 1719 'de-
3081 1664 3302 1719 nomine
3335 1666 3522 1734 appel-

275 1767 410 1816 etc.,
438 1759 724 1826 wrtitque,
753 1760 972 1827 Mosem;
995 1776 1177 1829 genere
1201 1763 1498 1826 llebrteztm,
1523 1765 1611 1832 qui
1638 1765 1855 1832 prop/ie-
1885 1743 1930 1804 Β
1959 1757 2082 1812 iure
2103 1757 2318 1826 respuit
2343 1755 2636 1812 Eusebius.

279 1853 461 1898 tantm
483 1849 715 1900 omnium
746 1851 944 1917 primus
973 1851 1036 1903 de
1067 1849 1342 1905 Saluatore
1373 1869 1571 1918 nostra,
1604 1855 1667 1906 de
1693 1855 1852 1909 Chri-

274 1949 383 2001 sto,
422 1939 656 2005 inquam,
689 1951 738 1994 et
766 1941 833 1995 de
857 1959 940 2005 ert,
970 1959 1129 2011 quam
1164 1958 1342 2013 gentes
1379 1962 1472 2013 per
1503 1965 1616 2000 eum
1651 1950 1855 2018 adepta:

274 2043 426 2095 sunt,
486 2021 578 2084 Dei
623 2034 955 2101 cognitione,
1012 2036 1260 2089 vaticinia
1306 2049 1353 2090 et
1405 2041 1623 2092 oracula
1675 2041 1852 2094 diuino

275 2123 482 2188 scripto
523 2123 760 2189 tradidit,
795 2137 904 2183 etc.
937 2127 1124 2182 Editus
1154 2139 1331 2182 autem
1365 2147 1392 2182 a
1426 2129 1604 2183 Goaro
1631 2131 1855 2201 Syncel-

273 2209 373 2264 ius
422 2225 440 2264 :
486 2213 765 2277 Μωῦσέα,
806 2216 961 2282 γένος
1026 2217 1279 2285 Ἐϐραίον
1332 2218 1441 2289 {AL
1491 2221 1633 2272 κατὰ
1692 2223 1853 2287 γένος

289 2298 598 2372 ἘῦραῖονῙ,
630 2305 925 2373 προφητῶν
957 2306 1213 2358 ἁπάντων
1251 2311 1488 2377 πρῶτον,
1526 2311 1670 2379 ἀμφὶ
1702 2314 1852 2376 τοὺς,

279 2391 400 2459 seps
429 2392 486 2456 ἐξ
513 2394 696 2461 ἡμῶν,
734 2395 888 2467 ,λέγω
913 2397 967 2449 δὲ
1015 2397 1111 2451 τοῦ
1172 2399 1440 2465 Χριστοῦ.
1491 2402 1634 2469 ἀμφί
1672 2420 1730 2454 τε
1756 2404 1853 2470 τῆς

275 2481 398 2534 τῶν
453 2485 619 2536 ἐθνῶν
660 2486 727 2539 δι’
784 2487 950 2541 αὑτοῦ
1009 2489 1383 2558 θεογνωσξας.
1434 2495 1714 2563 χρησμοὺς
1758 2496 1855 2548 καὶ

277 2571 451 2633 λόγια
480 2575 598 2644 θείᾳ
627 2577 818 2646 Γραφῇ
855 2580 1273 2649 παραδεδωκότα
1295 2623 1308 2646 ,
1349 2592 1479 2646 etc.,
1507 2600 1624 2653 quae
1656 2566 1857 2639 sonant

281 2665 348 2715 in
393 2663 580 2721 Latino
609 2669 690 2722 sic
724 2685 738 2722 :
767 2669 1003 2740 Moysen,
1039 2671 1315 2726 llebrwum.
1346 2691 1549 2741 genere,
1577 2677 1858 2744 propheta-

276 2770 410 2808 rum
451 2761 684 2812 omnium
713 2764 1135 2833 antesignanum,
1170 2781 1284 2816 cum
1312 2767 1487 2834 quoad
1507 2783 1566 2818 eo
1591 2783 1708 2834 qua:
1741 2783 1854 2832 nos,

277 2849 346 2901 id
379 2859 472 2912 est,
506 2851 767 2905 Christum
804 2866 1210 2919 prtecessernnt,
1239 2867 1348 2908 tum
1375 2859 1548 2924 quoad
1579 2857 1708 2918 alia,
1741 2872 1860 2926 qua

275 2943 359 2993 de
409 2940 497 2992 Dei
530 2944 724 2997 notitia
759 2961 852 3013 per
899 2961 1016 2999 eum
1059 2957 1270 3015 accepta
1316 2960 1436 3000 sunt
1485 2949 1741 3009 oracula.
1780 2951 1860 3004 uel

273 3032 450 3085 etiam
477 3038 654 3104 quoad
682 3039 859 3092 divina
895 3040 1069 3104 verba,
1095 3057 1211 3108 qua:
1241 3043 1448 3107 scriptis
1478 3053 1598 3094 sunt
1631 3045 1852 3109 tradita,

274 3133 402 3178 etc.
430 3125 632 3180 Ilorum
656 3138 801 3181 tanta
823 3139 909 3184 est
929 3130 998 3183 ab
1026 3131 1257 3185 invicem
1287 3131 1616 3195 diderentia,
1651 3146 1854 3202 quanta

278 3214 410 3271 fere
441 3232 547 3272 non
592 3231 676 3274 est
725 3219 1162 3292 Hieronymiana:
1209 3223 1704 3292 interpretationis,
1759 3242 1860 3281 nec

274 3305 415 3376 jure
447 3319 624 3364 tamen
661 3311 786 3379 quis
809 3326 1052 3380 unquam
1088 3313 1416 3368 alterutrum
1443 3319 1720 3371 accusabit
1759 3319 1860 3371 im-

281 3400 528 3468 peritiae,
564 3403 713 3468 quod
749 3404 1092 3470 propositum
1130 3405 1233 3458 sibi
1261 3407 1540 3475 exemplar
1588 3423 1693 3461 non
1724 3411 1858 3464 satis

280 3492 640 3558 intellexerit,
671 3495 1075 3564 reddideritqne
1105 3498 1158 3549 in
1189 3495 1465 3554 Latinum.
1501 3499 1676 3569 Igitur
1710 3513 1763 3554 et
1792 3505 1857 3557 de

281 3584 622 3657 Hieronymo
665 3589 738 3642 ita
780 3589 1125 3644 sentiendum
1156 3592 1384 3645 omnino
1429 3601 1550 3655 est,
1591 3604 1650 3646 ut
1699 3593 1754 3648 in
1789 3609 1856 3649 eo

277 3691 454 3747 qnam
486 3681 588 3735 sibi
636 3693 994 3751 proposuerat
1033 3681 1339 3739 Eusebiano
1378 3684 1716 3754 exemplari,
1751 3701 1861 3740 non

285 3767 532 3839 Syncelli
558 3775 894 3842 apograpbo,
923 3777 1003 3830 sic
1025 3790 1088 3828 ex
1117 3789 1240 3829 asse
1268 3776 1482 3846 legerit,
1505 3779 1866 3846 quemadmo-

284 3861 424 3914 dum
455 3871 540 3916 est
569 3850 977 3932 interpretatus.
1011 3865 1143 3920 Nam
1173 3881 1350 3938 neque
1385 3868 1555 3923 ullum
1582 3869 1710 3924 facit
1739 3871 1861 3926 boni

285 3965 490 4008 sensus
519 3957 900 4022 dispendium:
929 3968 984 4012 et
1018 3958 1164 4028 quod
1233 3959 1406 4014 critici
1469 3960 1544 4015 illi
1582 3969 1865 4032 tantopere

290 4059 512 4115 urgent,
541 4064 665 4104 eum
692 4054 742 4106 in
768 4054 913 4108 vocis
945 4053 1111 4124 ἀμφ’τ,
1141 4053 1191 4108 id
1226 4064 1330 4120 est,
1361 4056 1444 4120 de,
1472 4055 1866 4124 signiﬁcatione

293 4141 536 4210 lapsum,
567 4157 727 4212 quam
755 4145 1025 4213 acceperit
1063 4155 1123 4201 ιιι
1169 4148 1301 4218 πρὸ,
1338 4148 1390 4202 id
1424 4157 1507 4202 est
1534 4189 1549 4212 ,
1579 4159 1702 4203 ante
1732 4163 1752 4203 :
1785 4150 1868 4202 in-

291 4233 441 4287 dicio
471 4244 556 4288 est
584 4236 699 4304 ipse
736 4235 1022 4307 Syncellus
1052 4239 1257 4303 editus,
1306 4240 1361 4294 in
1414 4240 1739 4296 Eusebianis
1771 4256 1868 4296 co-

292 4327 514 4384 dicibus
541 4329 652 4397 πρὸ
683 4328 813 4382 illud
845 4329 1122 4386 exstitisse
1149 4371 1164 4393 .
1197 4332 1293 4386 ubi
1323 4334 1470 4402 ἀμφὶ
1494 4333 1619 4395 τοὺς
1650 4333 1758 4402 πρὸ
1809 4331 1868 4395 ἐξ

2026 1849 2162 1903 Ibid.
2192 1847 2320 1903 Cum
2347 1847 2458 1902 [uec
2489 1848 2566 1900 ita
2625 1863 2678 1901 se
2702 1847 2950 1902 habeant.
2973 1843 3029 1900 Id
3057 1853 3158 1912 est,
3183 1845 3526 1899 cum-ethnici

1957 1941 2057 2012 ipsi
2099 1942 2305 1997 Mosen:
2339 1939 2669 2010 octingentis
2723 1941 2880 1994 annis
2907 1939 3155 2007 Trojano
3193 1938 3332 1992 bello
3381 1940 3527 1990 anti-

1954 2033 2203 2101 quiorem
2255 2031 2555 2086 fateantur.
2586 2031 2769 2101 Neque
2801 2032 2944 2086 enim
2976 2033 3042 2085 ad
3074 2032 3252 2086 solum
3287 2031 3526 2101 Porphy-

1951 2129 2090 2178 rium
2118 2124 2233 2176 Itmc
2265 2121 2604 2188 referuntur,
2636 2124 2724 2177 cui
2758 2139 2870 2177 rem
2908 2125 2978 2178 ita
3026 2140 3092 2179 se
3122 2126 3320 2179 habere
3346 2135 3400 2178 ιιι
3433 2126 3523 2178 di-

1953 2215 2141 2280 ccbat,
2201 2215 2566 2285 Hieronymus
2619 2219 2996 2281 coacesserit,
3060 2218 3518 2286 quemadmodbm

1952 2308 2198 2363 Clericus
2227 2309 2570 2375 apertissime
2605 2308 2993 2362 calumniatur.
3478 2308 3479 2311 “

2022 2399 2142 2454 Col.
2167 2399 2268 2452 2'27
2296 2398 2357 2453 Β.
2387 2399 2605 2454 Curioso
2628 2401 2812 2454 ordine
2836 2402 3102 2468 roaptavi.
3127 2399 3312 2455 Graeca
3339 2403 3524 2467 verba,

1957 2489 2226 2560 Χρονικοῦ
2257 2492 2495 2552 Κανόνος
2524 2489 2780 2559 σύνταξιν
2818 2493 3188 2562 ἐποιησάμην,
3223 2509 3328 2546 non
3363 2495 3527 2546 intel-

1958 2581 2163 2636 lexisse
2197 2580 2589 2652 Ilieronymunt
2613 2621 2628 2647 ,
2659 2583 2750 2652 qui
2787 2582 2968 2647 vertit,
2999 2583 3072 2636 ita
3109 2587 3313 2637 curioso
3345 2586 3529 2638 ordine

1956 2677 2191 2744 cooptari
2214 2716 2230 2739 ,
2267 2676 2510 2744 Scaliger
2542 2687 2596 2730 et
2637 2677 2882 2732 Clericus
2913 2694 3023 2732 uno
3062 2693 3155 2731 ore
3194 2680 3500 2733 calumnia:

1959 2774 2067 2819 tur.
2106 2765 2298 2835 Inique
2333 2767 2616 2820 enimvero
2664 2777 2718 2820 et
2769 2782 2862 2834 per
2913 2781 3179 2819 summam
3226 2766 3524 2834 injuriaiti;

1959 2872 2092 2910 nam
2113 2857 2204 2925 qui
2234 2871 2297 2910 ea
2327 2857 2607 2920 nescierit,
2638 2857 2786 2910 illum
2819 2855 3166 2910 manifestum
3197 2867 3280 2910 est
3341 2856 3528 2911 Graece

1961 2949 2180 3017 penitus
2209 2950 2470 3004 nescisse.
2520 2949 2840 3003 Econtrario
2874 2964 3036 3018 quam
3071 2951 3236 3019 probe
3272 2951 3526 3007 callum-it

1965 3054 2191 3109 magnus
2225 3037 2587 3111 Hieronymus
2606 3039 2823 3094 Graecas
2852 3040 3086 3101 litteras,
3122 3040 3254 3093 nihil
3288 3056 3426 3109 cpns
3448 3051 3530 3095 est

1959 3129 2158 3184 dicere.
2187 3129 2521 3200 Constatque
2552 3131 2705 3197 adeo,
2735 3132 2976 3187 noluisse
3009 3131 3159 3186 illum
3186 3131 3367 3185 verbis
3399 3147 3530 3185 eon-

1961 3220 2250 3277 tentiosius
2302 3223 2607 3286 iubarere,
2664 3223 2852 3293 sicque
2902 3225 3182 3294 paululum
3234 3225 3528 3289 ablusisse,

1960 3312 2182 3381 quando
2216 3312 2424 3365 nttllutn
2457 3320 2579 3366 erat
2603 3312 2726 3366 buni
2755 3329 2952 3367 sensus
2975 3314 3346 3382 dispendium.

2031 3404 2148 3458 Col.
2186 3405 2292 3459 228
2321 3407 2381 3462 Δ.
2417 3405 2722 3472 Exemplar.
2754 3405 3037 3459 multitudo
3065 3409 3118 3459 in
3157 3407 3311 3474 ﬁdem
3343 3408 3528 3460 trait-it.

1963 3497 2228 3552 Eusebius
2256 3497 2506 3551 absolute
2539 3498 2637 3560 ait,
2665 3513 2788 3565 quae
2818 3498 3082 3551 minorem
3117 3513 3386 3550 annorum
3423 3513 3532 3550 nu-
3587 3480 3589 3482 I

1965 3603 2173 3642 merum
2209 3597 2554 3659 supputaret,
2584 3603 2692 3642 non
2726 3603 2887 3658 quam
2916 3588 3371 3655 exemplariorum
3405 3604 3532 3656 pro.

1965 3680 2118 3736 heret
2151 3681 2464 3744 multitudo,
2491 3696 2550 3735 se
2586 3679 2846 3735 tnaluisse
2873 3679 3169 3733 editionem
3213 3680 3390 3748 sequi.
3421 3678 3534 3735 Hoc

1963 3783 2042 3828 est
2071 3787 2252 3843 porro,
2279 3773 2344 3828 de
2378 3788 2486 3842 quo
2519 3782 2799 3842 tantopere
2840 3771 3222 3825 criminantur
3269 3770 3537 3842 Hierony-

1970 3865 2204 3920 mianam
2264 3865 2768 3935 interpretationem
2819 3862 3010 3916 fatnosi
3071 3865 3190 3930 ejus
3234 3863 3536 3919 adversarii

1966 3957 2208 4024 Scaliger
2241 3967 2293 4012 et
2330 3957 2592 4012 Clericus.
2634 3955 2743 4025 Ego
2776 3955 3023 4011 Graecum
3053 3956 3375 4010 hodiernum
3415 3965 3531 4011 tex-

1969 4057 2079 4102 tum
2106 4049 2318 4118 aliquot
2350 4049 2702 4103 imminutum
2726 4047 2905 4103 verbis
2939 4063 3305 4117 tnancumque
3333 4050 3530 4103 existi-

1971 4155 2079 4204 mo,
2100 4139 2264 4210 idque
2295 4141 2592 4208 pronuntio
2624 4155 2688 4194 ex
2716 4139 2898 4194 hiulco
2927 4153 3114 4202 sese,
3143 4153 3303 4207 quem
3330 4142 3538 4194 nudum

1969 4230 2098 4284 illud
2134 4230 2356 4286 verbum
2394 4229 2661 4300 μετῆλθον
2690 4229 2888 4284 reddit.
2922 4226 3054 4281 Nam
3081 4228 3290 4300 ταύτην
3322 4245 3536 4293 vocent,

1971 4337 2132 4391 quam
2175 4321 2240 4376 ad
2275 4321 2484 4391 pagina:
2531 4321 2712 4375 album
2759 4329 2881 4389 post
2928 4319 3164 4374 Goarum
3217 4320 3535 4388 rejicimus,

295 4421 457 4492 ἡμῶν
483 4422 634 4490 legit,
669 4421 833 4492 idque
865 4421 1102 4479 fortasse
1143 4438 1208 4478 εχ
1255 4425 1407 4479 ναι-ξε
1441 4425 1698 4485 lacunae.
1737 4441 1862 4494 qua,
1899 4433 1948 4494 υ
1974 4411 2300 4484 Syncelliani
2331 4412 2546 4467 codices
2581 4425 2688 4465 non
2725 4411 2948 4474 habent,
2974 4420 3030 4465 et
3060 4411 3201 4465 baud
3239 4413 3354 4465 scio
3382 4428 3448 4465 an
3475 4414 3542 4466 de

292 4531 360 4570 ex
410 4514 539 4568 libri
568 4529 664 4568 ora
716 4514 770 4568 in
827 4523 1030 4568 textum
1082 4515 1373 4586 importata
1429 4528 1512 4571 est
1559 4519 1863 4572 scribarum

294 4606 528 4660 incuria.
558 4605 802 4677 Denique
842 4609 986 4678 quod
1029 4611 1297 4680 reliquum
1337 4627 1554 4665 versum
1591 4612 1715 4677 περὶ
1745 4611 1865 4662 θεο-

295 4699 546 4763 γνωσεας
573 4699 762 4753 dicunt
812 4700 933 4755 idco
970 4701 1354 4773 Hieronymum
1387 4704 1672 4764 omisisse,
1722 4701 1868 4772 quod

296 4790 449 4842 illum
496 4803 604 4842 non
654 4791 786 4845 satis
821 4789 1176 4859 intelligeret,
1220 4793 1323 4847 boc
1361 4793 1584 4846 dmnnm
1633 4803 1713 4846 est
1751 4803 1868 4845 tur-

297 4881 523 4950 pissime
561 4881 917 4938 calumniari.
955 4882 1128 4936 Nemo
1156 4882 1438 4937 hominum
1461 4881 1646 4936 credet
1676 4881 1733 4936 S.
1764 4883 1867 4935 Do-

296 4984 531 5036 ctorem,
573 4974 666 5043 qui
722 4976 1039 5028 universum
1093 4973 1312 5028 Eusebii
1365 4990 1505 5044 Opus
1559 4983 1872 5042 sumpsi-rat

297 5067 794 5134 Interpretandum,
845 5067 1068 5120 brevem
1110 5067 1440 5122 versiculum
1479 5067 1548 5122 ob
1597 5066 1869 5122 inscitiam

296 5161 718 5224 dissimulasse;
765 5171 819 5215 et
871 5161 964 5230 qui
1009 5161 1202 5215 nedum
1252 5159 1564 5214 Graecorum
1601 5174 1762 5227 opera
1817 5157 1872 5210 in

297 5254 558 5308 Latinum
589 5257 961 5317 convertebat,
993 5253 1084 5307 Sed
1119 5262 1171 5306 et
1203 5253 1432 5306 aliarum
1473 5250 1781 5320 linguarum
1816 5248 1870 5301 in

296 5349 580 5409 Gr:rcum,
612 5346 788 5402 tribus
825 5347 1027 5407 verbis,
1060 5362 1179 5415 qua!
1211 5355 1264 5400 et
1299 5344 1496 5413 passim
1531 5345 1685 5396 obvia
1721 5350 1870 5403 sunt,

299 5440 498 5494 Latine
533 5439 905 5505 exprimendis
947 5453 1130 5507 parem
1181 5451 1286 5489 non
1330 5436 1628 5489 exstitisse.
1663 5433 1772 5501 Ego
1809 5448 1873 5485 ex

300 5534 406 5585 ltoc
440 5535 561 5600 ipso
598 5533 742 5600 quod
789 5530 878 5584 illa
927 5530 1264 5597 praeterierit,
1323 5537 1375 5581 et
1455 5529 1569 5580 scio
1619 5539 1874 5594 magnum

304 5625 694 5693 Hieronymum
730 5639 790 5677 ea
816 5623 1026 5678 nescire
1051 5621 1280 5676 omnino
1312 5636 1416 5675 non
1449 5620 1714 5689 potuisse.
1753 5625 1878 5669 tan-

309 5727 539 5786 tumque
566 5732 806 5772 errorem
842 5730 1047 5780 errare,
1083 5713 1305 5770 evidens
1329 5728 1450 5769 esse
1476 5713 1586 5776 aio,
1613 5727 1734 5766 cum
1771 5725 1874 5765 nec
1941 5760 1944 5763 .

1971 4523 2072 4563 suo
2101 4505 2342 4576 Scaliger
2366 4505 2667 4568 suffecerit,
2694 4513 2870 4559 textus
2895 4503 3168 4559 sarciendi
3203 4505 3396 4573 gratia.
3430 4502 3538 4557 Sed

1972 4618 2146 4673 neque
2181 4617 2247 4657 eo
2299 4612 2478 4654 tamen
2515 4609 2672 4669 pacto
2723 4599 2856 4653 satis
2905 4598 3191 4651 commode
3226 4597 3410 4660 habet,
3444 4607 3538 4650 ant

1969 4705 2051 4750 est
2082 4696 2148 4748 ad
2181 4693 2472 4747 Euscbiani
2512 4690 2783 4745 sermonis
2811 4689 3023 4756 copiam
3048 4687 3200 4741 locus
3229 4690 3534 4751 restitutus,

1971 4798 2030 4842 ut
2059 4803 2122 4841 ex
2149 4801 2214 4840 eo
2241 4785 2502 4854 potuisset
2531 4783 2598 4838 de
2641 4781 3060 4850 Ilieronymiana
3091 4780 3348 4834 versione
3388 4790 3540 4833 certo

1967 4880 2237 4947 judicare,
2275 4877 2473 4931 nedum
2501 4890 2618 4928 eam
2645 4875 2790 4943 quod
2818 4871 2966 4935 facit,
2988 4872 3543 4926 contumeliosissime

1972 4969 2242 5038 accipere.
2284 4967 2614 5021 Persuasum
2643 4964 2840 5032 quippe
2869 4975 2992 5017 esse
3020 4963 3229 5025 debuit,
3265 4978 3541 5030 nunquam

1974 5061 2251 5114 laudatum
2291 5059 2356 5111 iri
2406 5057 2505 5111 abs
2539 5056 2866 5125 Hieronymo
2899 5054 3355 5122 exemplariorum
3397 5056 3540 5104 ιιιιιΙ·

1977 5152 2281 5213 titudinem,
2312 5151 2413 5204 nisi
2447 5149 2575 5218 quid
2606 5148 2786 5201 simile
2810 5146 2874 5199 de
2895 5147 3248 5216 ἀντιγράφοις
3279 5143 3546 5197 Ensibus

1977 5252 2351 5298 memorasset.
2399 5238 2591 5292 Vocari
2626 5247 2806 5291 autem
2839 5237 2906 5291 ab
2934 5253 2998 5291 eo
3029 5236 3356 5302 exemplaria
3391 5236 3536 5286 anti-

1976 5352 2110 5406 quos
2139 5337 2488 5402 interpretes,
2526 5331 2810 5399 Aquilam.
2843 5327 3254 5399 Symmachum,
3288 5327 3543 5381 Theodo-

1977 5429 2200 5492 tinnem,
2233 5437 2587 5492 caeterosque,
2624 5436 2721 5492 pro
2753 5431 2902 5476 certo
2938 5421 3130 5483 habeo;
3184 5432 3308 5470 nam
3342 5425 3396 5470 et
3423 5417 3544 5470 illos

1979 5520 2138 5573 unice
2167 5526 2415 5580 noverat,
2445 5531 2585 5585 quos
2619 5529 2714 5583 pro
2751 5509 3401 5567 llebracorum-sententia
3429 5509 3543 5560 intl-

1977 5609 2222 5674 daret,et
2251 5609 2294 5662 si
2321 5608 2418 5661 bos
2440 5607 2703 5673 excipias,
2725 5603 3043 5658 Hebraicum
3069 5599 3343 5668 exemplar
3371 5615 3539 5651 unum

1979 5713 2082 5765 cst,
2135 5716 2240 5756 non
2279 5702 2468 5754 multa.
2515 5699 2648 5752 Cum
2698 5699 2878 5766 itaque
2918 5696 3154 5749 minores
3201 5693 3252 5746 in
3304 5689 3546 5744 Iit-bracis
