3908 6174
454 203 564 315 'Jli‘l
577 293 583 299 ~

1711 250 2128 315 VALLARSII
2168 247 2412 311 nom.
3505 263 3584 329 τω

445 365 729 422 codicibus
752 363 878 419 anni
909 362 1040 428 sint,
1069 377 1232 432 quam
1264 361 1318 416 in
1346 359 1545 416 Grzecis
1568 359 1676 415 τῶν
1702 359 1864 423 LXX.
1895 375 1959 416 ac
1983 361 2027 416 si
2057 369 2108 424 Α
2133 359 2295 412 annis
2327 357 2437 427 jam
2473 354 2819 428 sep'uaginta
2848 363 3171 414 restauraret
3191 398 3206 424 .
3236 374 3292 419 ac
3315 360 3396 422 Dei
3424 368 3589 431 domum

454 459 612 513 titulis
643 456 858 520 addere,
889 456 1052 510 etiam
1083 455 1468 518 Samaritanis,
1503 453 1766 530 minorem
1798 465 2020 522 quoque

451 561 576 600 eum
623 559 906 600 numerum
953 546 1144 615 probat
1193 546 1310 613 ipsa
1357 552 1603 600 veterum
1661 543 1895 597 aliarum
1953 557 2021 595 ex

453 639 680 694 Hebraeo
705 639 1016 692 versiooum
1070 639 1387 704 multitudo,
1433 651 1618 691 earum
1653 650 1850 708 nempe
1883 649 2023 705 quas

451 731 711 790 diximus.
760 738 815 782 et
863 727 1130 797 Origenes
1161 729 1368 796 pridem
1407 729 1462 783 in
1492 727 1748 796 Hexaplis
1779 725 2024 795 digesse-

445 829 568 874 rat:
593 830 788 889 estque
816 821 1031 875 demum
1067 836 1206 874 unus
1236 820 1488 889 idemque
1517 834 1735 879 sensus,
1760 827 1815 872 et
1846 818 2024 872 mino-

449 930 581 978 rem,
610 922 666 967 et
693 928 852 981 quem
882 913 1341 980 exentplariorum
1375 909 1666 964 multitudo
1699 908 2020 978 praeferret,

445 1021 734 1059 numerum
761 1005 940 1073 sequi.
974 1005 1151 1069 Quare
1179 1015 1232 1058 et
1269 1002 1314 1057 si
1349 1004 1471 1071 quis
1497 1001 1836 1056 contenderit
1865 1000 1934 1054 ita
1963 1007 2025 1053 ut

445 1112 616 1160 nunc,
653 1097 784 1152 olim
818 1097 1074 1151 habuisse
1106 1095 1474 1150 Eusebianum
1506 1103 1734 1157 textum,
1769 1094 1912 1146 nulla
1945 1093 2032 1148 sit-

449 1199 630 1242 tamen
669 1187 1104 1259 Ilicronymiana'.
1143 1185 1614 1255 interpretationi,
1655 1198 1771 1253 qua:
1798 1196 2024 1238 sensum

447 1280 559 1336 lere
592 1282 840 1335 eumdem
873 1279 1058 1344 refert,
1085 1278 1445 1332 succeasendi
1477 1292 1667 1333 causa.

515 1374 637 1428 Col.
674 1373 779 1428 228
816 1373 881 1426 Α.
923 1371 1110 1426 Inoo/ti
1152 1372 1494 1440 temporibus.
1529 1370 1737 1426 Sensus
1765 1380 1870 1438 est,
1905 1371 2026 1440 ipso

445 1465 664 1519 demum
697 1465 974 1533 Scaligero
1005 1480 1116 1517 non
1146 1463 1434 1526 dtﬂitente,
1467 1466 1635 1517 etiam
1659 1462 1813 1529 juxta
1850 1462 2028 1516 mino-

445 1570 559 1610 rem
613 1555 764 1610 hunc
805 1557 982 1626 ipsum
1028 1554 1342 1610 Judtcorum
1390 1571 1716 1620 numerum,
1757 1554 2026 1610 Jacobum

445 1648 878 1702 vetustissimum
928 1646 1155 1716 reperiri
1183 1685 1198 1712 ,
1222 1655 1421 1717 ntpote
1453 1646 1636 1701 Inachi
1684 1647 2025 1716 temporibus

2130 449 2185 504 ίη
2230 447 2532 504 Jerusalem
2558 489 2577 514 ,
2617 449 2785 504 etiam
2824 459 2948 520 post
2991 449 3116 521 Cyri
3158 452 3404 512 decretum
3445 469 3594 533 sapius

2131 541 2442 611 impeditam
2464 583 2479 606 ,
2517 550 2840 596 exstrueret.
2874 540 2978 597 Sed
3007 553 3060 598 et
3078 557 3140 600 ex
3167 543 3409 606 Zacharias
3441 555 3596 614 visione

2129 647 2250 701 cap.
2280 648 2296 689 ι
2326 633 2635 700 coniicitur,
2662 644 2895 690 exeunte
2923 638 3160 691 secundo
3185 637 3312 693 Darii
3336 640 3598 715 IIystaspitla

2129 737 2272 778 anno
2297 760 2314 787 ,
2354 725 2513 778 linem
2547 725 2832 780 advenisse
2861 725 3190 796 captivitatis
3213 767 3230 795 ,
3261 731 3397 800 cujus
3432 748 3603 805 septua-

2131 817 2277 886 ginta
2310 816 2436 871 anni
2469 834 2498 871 a
2530 826 2694 888 capto
2724 819 2987 874 Sedechia
3035 819 3231 876 ducunt
3256 821 3462 882 initium.
3496 830 3608 882 Cor...

2131 907 2375 960 sentiunt
2406 917 2462 960 et
2491 909 2840 964 vetustissimi
2873 921 3125 966 auctores
3153 951 3167 975 ,
3197 923 3251 968 ut
3276 923 3356 968 est
3382 908 3622 980 Clemens,

2132 997 2382 1066 pluribus
2412 999 2553 1053 intra
2587 999 2913 1064 laudandus,
2949 1002 3040 1070 qui
3077 1001 3461 1061 luculentissime
3485 1011 3614 1063 trslit

2135 1083 2402 1139 Stromat.
2439 1085 2532 1140 lib.
2575 1103 2629 1148 t,
2661 1103 2782 1158 pag.
2813 1089 2912 1144 ’551
2941 1129 2954 1154 ,
2985 1100 3105 1159 post
3143 1095 3449 1164 septuaginta
3483 1111 3614 1152 annm

2131 1176 2504 1246 captivitatem
2545 1179 2941 1249 καταλήξασαν
2978 1184 3059 1243 εἰς
3108 1185 3167 1236 τὸ
3193 1184 3420 1255 δεύτερον
3441 1188 3614 1250 ἔτοςτώ

2132 1269 2363 1336 Δαρείου
2403 1269 2500 1323 τοῦ
2549 1270 2902 1337 Ὑστάσπου,
2947 1275 3241 1328 relaxatam
3280 1292 3402 1328 anno
3443 1285 3616 1332 secunda

2133 1359 2286 1414 Darii
2334 1360 2613 1432 Hystaspis
2657 1365 2777 1432 ﬁlii.
2830 1365 3077 1436 Denique
3109 1379 3162 1421 et
3200 1365 3446 1438 Josephus
3471 1386 3619 1424 verna-

2135 1455 2293 1520 culus
2339 1455 2577 1524 scriptor
2606 1456 2725 1522 eius
2760 1458 3002 1512 historia:
3027 1500 3043 1522 ,
3090 1461 3178 1529 qui
3221 1476 3333 1514 cum
3367 1462 3507 1524 alibi,
3536 1470 3620 1518 tum

2135 1546 2226 1602 lib.
2263 1562 2276 1600 t
2311 1556 2498 1600 eontra
2534 1547 2834 1617 Appionem
2869 1558 3002 1604 sect.
3042 1549 3135 1616 2|,
3161 1552 3224 1604 de
3252 1553 3417 1622 templi
3443 1553 3622 1622 eiusin-

2135 1638 2475 1692 stauratioue
2534 1640 2633 1704 ait,
2695 1640 2841 1708 quod
2913 1641 3025 1694 ἔτει
3076 1643 3306 1713 δευτέρῳ
3361 1647 3446 1710 τῆς
3489 1643 3624 1713 Κύρου

406 1771 409 1774 -
444 1739 730 1809 aequalem.
758 1740 909 1794 Alias
939 1747 1148 1793 certum
1186 1747 1293 1804 est,
1323 1754 1432 1807 quo
1466 1739 1686 1794 brevior
1719 1739 2016 1794 instituitur

2131 1726 2444 1797 βασιλείας,
2483 1729 2597 1782 ἔτει
2641 1729 2757 1783 τῶν
2792 1729 3060 1799 Θεμελίων
3097 1733 3499 1804 ὑποσληθέντων,
3535 1735 3626 1787 6t»-

443 1847 710 1886 numerus
761 1846 1034 1886 annorum
1088 1831 1155 1884 ab
1219 1831 1430 1885 Adamn
1481 1831 1550 1885 ad
1603 1830 2019 1898 Abrahamum,

445 1924 592 1978 hunc
633 1938 740 1978 non
783 1922 1200 1992 antiquiorem,
1255 1921 1350 1977 sed
1405 1922 1765 1977 recentiorem
1822 1923 2022 1977 Inacho

441 2016 696 2070 evadere.
734 2016 809 2070 Ex
848 2031 955 2084 quo
1005 2029 1198 2068 ansam
1237 2015 1470 2083 arripuit
1526 2013 1737 2068 Tarasii
1787 2014 2022 2084 patriar-

448 2109 571 2162 cha:
600 2108 904 2178 Synceltus,
930 2109 1045 2176 qui,
1070 2105 1434 2175 Septuaginta
1457 2107 1732 2160 seniorum
1758 2097 2020 2160 numeros

438 2207 663 2252 secutus
687 2239 703 2261 ,
743 2197 1001 2251 Inachum
1049 2195 1186 2251 Mosi
1220 2197 1560 2266 temporibus
1595 2196 1766 2266 illigat
1790 2235 1807 2262 ,
1852 2196 2020 2253 Euse-

440 2290 588 2344 bium
621 2292 824 2344 acriter
854 2290 1182 2344 insectandi.
1261 2334 1276 2366 η

507 2383 625 2435 Col.
669 2381 775 2437 229
817 2383 881 2435 A.
927 2381 1080 2434 Darii
1114 2382 1247 2450 regis
1285 2379 1592 2437 Persarum.
1626 2379 1766 2435 Nihil
1789 2381 2015 2436 dubium

435 2482 557 2539 est,
605 2489 738 2542 quin
791 2475 1011 2527 Darium
1060 2474 1346 2544 Hystaspis
1401 2473 1569 2529 ﬁlium
1621 2469 1890 2536 Lusebius
1930 2475 2018 2530 hic

437 2573 635 2629 notet,
677 2579 802 2618 cum
836 2564 904 2617 ah
949 2563 1066 2633 ejus
1097 2563 1336 2616 secundo
1381 2577 1525 2616 anno
1568 2567 1634 2616 ad
1668 2563 1733 2617 l5
1772 2562 2014 2629 Tiberii,

435 2657 542 2711 547
586 2671 762 2711 annos
795 2658 872 2710 ait
911 2653 1268 2710 intercedere.
1325 2653 1477 2710 Hanc
1515 2663 1702 2709 autem
1753 2655 2018 2726 hypothe—

434 2753 538 2805 sim
563 2790 579 2814 ,
612 2749 852 2803 secundo
884 2763 1076 2816 nempe
1107 2747 1226 2814 ejus
1261 2747 1404 2802 Darii
1453 2763 1597 2802 anno
1631 2749 1798 2803 linem
1838 2747 2013 2803 exsti-

433 2843 569 2896 tisse
608 2839 954 2912 Babylonicre
983 2841 1343 2908 captivitatis,
1384 2851 1492 2895 tam
1529 2841 1718 2896 falsam
1756 2857 1902 2907 esse,
1936 2842 2013 2898 ait

434 2931 701 3003 Scaliger,
724 2947 886 3001 quam
918 2932 1115 2986 falsum
1143 2943 1246 2998 est,
1275 2933 1522 2988 secundo
1547 2933 1662 3001 eius
1689 2933 1833 2988 Darii
1869 2951 2014 2990 anno

432 3026 619 3094 templi
656 3023 1004 3079 fundamenta
1046 3025 1192 3094 jacta
1218 3067 1232 3089 ,
1298 3036 1350 3077 et
1377 3025 1638 3092 templum
1680 3026 1780 3078 sub
1818 3027 2010 3081 eodem

2130 1817 2274 1887 τὲρῳ
2322 1819 2485 1874 πάλιν
2537 1821 2638 1890 τῆς
2698 1822 2928 1892 Δαρείου
2991 1823 3262 1892 βασιλείας
3305 1825 3624 1895 ἀπετελέσθη·

2129 1913 2358 1966 secundo
2389 1911 2513 1982 Cyri
2540 1929 2677 1967 anno
2711 1917 2911 1983 positis
2934 1917 3292 1986 fundamentis
3317 1956 3331 1981 ,
3360 1935 3538 1972 rursum
3565 1936 3628 1973 tc-

2128 2001 2300 2054 cnndo
2333 2017 2490 2073 regno
2529 2003 2686 2056 Darii
2720 2003 2947 2074 (utique
2981 2005 3266 2078 Ilystaspis
3299 2008 3367 2078 l.)
3396 2025 3515 2063 anno
3541 2027 3630 2079 per-

2129 2091 2324 2161 fectum
2357 2105 2451 2149 est.
2493 2092 2612 2149 Uno
2644 2097 2809 2152 verbo
2842 2097 3031 2154 referri
3066 2100 3282 2168 quidem
3321 2100 3512 2164 omnia,
3541 2116 3630 2170 qua

2128 2195 2256 2239 sunt
2287 2188 2354 2239 ab
2381 2187 2628 2257 antiquis
2661 2188 2764 2243 hac
2793 2189 2862 2244 de
2892 2205 2951 2245 re
2987 2192 3188 2246 tradita
3213 2232 3230 2256 ,
3260 2193 3455 2262 egregie
3479 2192 3533 2248 ad
3556 2191 3632 2246 Da.

2129 2279 2268 2330 rium
2303 2277 2683 2348 llystaspidem
2713 2321 2730 2348 ,
2768 2283 2854 2335 vix
2885 2294 3068 2338 autem
3095 2323 3112 2350 ,
3148 2293 3240 2338 aut
3271 2299 3334 2339 ne
3360 2285 3439 2339 vis
3465 2285 3632 2353 quidem

2124 2366 2192 2420 ad
2225 2367 2460 2424 Nothum
2495 2384 2745 2440 possunt,
2783 2383 2840 2427 ut
2867 2389 2970 2428 suo
3001 2375 3126 2430 loco
3160 2377 3367 2446 plenius
3399 2377 3632 2442 constabit,

2125 2476 2248 2514 cum
2313 2463 2500 2531 opinio
2556 2463 2649 2518 illa
2706 2467 2773 2520 ad
2829 2465 3187 2540 Septuaginta
3240 2464 3632 2524 hebdomadarum

2124 2554 2475 2624 partitionem
2515 2555 2854 2624 conferetur.

2195 2644 2331 2701 Ibid.
2360 2645 2421 2700 In
2446 2649 2863 2713 ducentesimam
2886 2651 3122 2721 priurum
3149 2653 3500 2724 Olympiadem.
3524 2651 3635 2706 Eutr-

2123 2735 2356 2791 cleatius
2405 2753 2539 2793 sane
2587 2741 2748 2795 habet
2796 2740 3018 2799 Graccus
3070 2752 3251 2800 textus
3280 2783 3295 2808 ,
3346 2745 3430 2813 qui
3477 2756 3636 2798 annuus

2126 2827 2303 2896 ipsum
2336 2829 2499 2898 hujus
2529 2831 2879 2902 Olympiadis,
2915 2851 3113 2904 nempe
3144 2849 3389 2905 quartum
3416 2837 3636 2891 ascribit:
3792 2827 3793 2906 ἦ

2123 2921 2268 2973 κατὰ
2294 2921 2357 2974 τὸ
2381 2922 2641 2992 τέταρτον
2667 2927 2765 2994 τῆς
2798 2927 2884 2979 σοι’
2941 2928 3320 2998 disputata;
3352 2932 3436 2986 sed
3461 2937 3538 2982 ant
3561 2941 3639 2980 non

2121 3021 2240 3066 erat
2267 3012 2320 3067 in
2357 3029 2445 3077 eo,
2483 3029 2590 3083 quo
2623 3014 2846 3071 Ilieron.
2883 3023 3165 3083 utebatur,
3197 3020 3478 3090 esetnplari
3503 3032 3639 3073 auuo-

432 3117 796 3174 iustanratum
843 3117 1012 3171 fuisse
1047 3135 1063 3170 ε
1099 3132 1219 3170 cum
1255 3117 1298 3168 is
1332 3117 1496 3170 fuerit
1531 3117 1724 3170 Darius
1755 3118 1968 3172 Nothus
1992 3158 2007 3181 ,

2124 3114 2267 3158 tatus
2293 3143 2309 3169 ,
2351 3115 2447 3159 aut
2475 3122 2540 3161 ex
2579 3106 2773 3162 Latina
2821 3110 2942 3178 ejus
2976 3088 3425 3184 interpretation:
3450 3111 3644 3174 excidit,

432 3224 540 3264 non
595 3219 774 3263 autem
831 3209 1028 3263 Darius
1095 3207 1380 3278 Hystaspis
1434 3209 1597 3262 lilius.
1647 3210 1824 3276 Atque
1874 3211 2014 3264 hanc

429 3303 764 3358 sententiam
794 3317 822 3355 a
856 3301 1090 3372 Sulpitio
1131 3299 1356 3366 Severo,
1393 3312 1450 3356 ut
1491 3302 1609 3370 ipse
1641 3302 1736 3365 ait,
1774 3303 2014 3371 aliisque

429 3394 788 3464 scriptoribus
832 3395 1075 3462 antiquis
1119 3403 1398 3463 acceptam
1449 3394 1694 3461 pluribus
1721 3435 1736 3458 ,
1782 3394 1922 3448 intra
1958 3395 2012 3448 in

427 3485 999 3541 animadversionihus
1036 3486 1087 3539 in
1122 3485 1457 3540 Chronicum
1492 3488 1511 3554 (
1540 3494 1596 3538 ut
1625 3487 1676 3538 in
1709 3486 2012 3539 secundum

432 3578 576 3632 Darii
622 3577 787 3632 Νι)ιίιί
835 3592 1041 3630 annum
1094 3576 1314 3630 initium
1367 3574 1726 3644 Septuaginta
1770 3575 2016 3630 Danielis

431 3670 842 3724 [Iebtlomadum
879 3668 1085 3722 referat
1109 3667 1126 3737 )
1153 3707 1168 3730 .
1205 3667 1441 3722 maxime
1473 3677 1654 3721 autem
1691 3669 1830 3722 libro
1865 3683 1916 3722 vr
1950 3668 2017 3724 de

430 3762 826 3817 Emendatione
883 3771 1190 3829 temporum
1230 3797 1246 3824 ,
1307 3760 1377 3812 ita
1437 3761 1624 3813 multis
1679 3759 2018 3829 argumentis

431 3856 626 3910 l‘uleire
651 3863 884 3908 conatus
915 3861 997 3906 est
1025 3892 1038 3912 .
1076 3862 1135 3907 ιιι
1165 3852 1453 3905 doctorum
1488 3853 1654 3918 vulgo
1705 3851 1820 3906 fere
1852 3853 2016 3906 etiam

429 3945 788 4017 persuaserit.
816 3941 999 4013 Neque
1027 3959 1160 3998 sane
1180 3943 1341 3998 nobis
1373 3944 1461 3997 hic
1488 3944 1614 3997 licet
1638 3959 1738 4013 pro
1762 3956 2014 3998 notarum

431 4039 714 4100 hri-vitate,
749 4053 868 4090 eam
905 4036 1046 4090 inire
1077 4037 1533 4104 disputationem,
1568 4044 1636 4090 et"
1671 4038 1843 4091 satius
1876 4037 2016 4091 inte-

430 4127 533 4181 rim
565 4127 991 4188 existimamus.
1040 4126 1297 4180 lectorem
1350 4128 1648 4190 amandare
1694 4128 1760 4182 ad
1803 4127 2013 4182 Petavii

431 4217 498 4270 de
534 4215 788 4269 Doctrina
821 4224 1127 4286 temporum
1158 4216 1253 4271 lib.
1281 4233 1380 4282 xu,
1407 4233 1528 4287 cap.
1560 4219 1648 4283 Z-l,
1679 4229 1844 4288 atque
1873 4219 2017 4273 Huc-

433 4309 563 4360 tium
599 4305 1091 4361 Demonstratiouis
1128 4305 1464 4377 Evangelicae
1503 4309 1880 4380 propositione
1912 4325 1965 4364 rx
1998 4347 2014 4374 ,

427 4414 552 4467 cap.
585 4399 618 4452 8
643 4438 658 4464 ,
688 4415 752 4453 ac
780 4400 1077 4455 novissime
1139 4399 1489 4455 Schraacrum
1521 4402 1660 4455 libro
1691 4403 1757 4456 de
1789 4405 2016 4470 Imperio

430 4490 745 4560 Babylonis,
774 4501 907 4554 cte.,
939 4499 1075 4546 sect.
1104 4493 1138 4545 4
1164 4501 1218 4545 ct
1247 4492 1303 4557 5,
1334 4493 1423 4560 qui
1460 4502 1626 4546 totum
1654 4493 1800 4546 illam
1835 4496 2011 4550 Scali-

428 4583 542 4650 gcri
590 4584 965 4652 opinationem
1015 4585 1209 4640 solidis
1263 4587 1602 4655 argumentis
1646 4587 2008 4656 disjecerunt.

428 4674 583 4740 Quod
619 4685 798 4729 tamen
837 4675 984 4730 hunc
1016 4675 1193 4746 ipsum
1225 4672 1423 4730 attinet
1452 4678 1672 4732 Eusebii
1711 4679 1916 4747 locum,
1945 4697 2012 4736 ne

428 4768 588 4823 Iacile
619 4769 812 4823 credas
848 4768 1128 4840 Scaligero
1161 4785 1260 4840 pro
1292 4786 1505 4825 summa
1543 4771 1786 4829 hominis
1821 4785 2012 4830 aucto-

426 4856 590 4911 ritaze
660 4867 712 4910 et
767 4859 1100 4914 conﬁdentia
1136 4899 1152 4924 ,
1229 4864 1370 4914 scias
1442 4861 1552 4916 imo
1613 4861 1766 4916 illum
1825 4881 2010 4920 errare

426 4947 712 5015 splendide
736 4990 749 5009 ,
787 4960 952 5017 atque
987 4951 1039 5004 in
1074 4965 1140 5004 eo
1178 4952 1450 5017 maxime,
1487 4953 1630 5022 quod
1677 4970 1838 5022 supra
1877 4973 2010 5011 ren-
2089 4953 2094 4956 ’

427 5047 542 5092 tum
571 5039 747 5093 adhuc
775 5055 948 5119 annos
972 5040 1130 5108 (quot
1159 5057 1358 5111 nempe
1388 5054 1518 5116 sunt
1542 5063 1570 5097 τι
1591 5045 1835 5098 secundo
1866 5045 2010 5100 Dat-ti

425 5131 768 5200 Ilyszaspidte
818 5131 884 5184 ad
939 5131 1160 5187 Darium
1207 5133 1471 5204 Nothum)
1517 5147 1572 5190 et
1629 5135 2012 5208 Babylonicam

423 5226 792 5291 captivdatem
854 5234 908 5276 et
962 5225 1149 5294 templi
1214 5239 1475 5298 prorogat
1532 5229 2008 5284 instaurationem.

423 5315 568 5370 Sa:is
600 5331 728 5368 vero
757 5316 974 5372 erudite
1005 5355 1020 5380 ,
1055 5333 1119 5372 ac
1156 5320 1386 5390 propius
1421 5321 1486 5375 ad
1521 5320 1678 5376 [idem
1711 5323 1970 5388 colligere
1991 5362 2007 5387 ,

424 5423 490 5462 ac
523 5425 722 5476 ponere
757 5409 1055 5464 Eusebium
1086 5451 1101 5477 ,
1151 5413 1292 5480 quod
1323 5414 1436 5482 ipse
1469 5429 1626 5468 sacer
1659 5413 1842 5468 Esdra:
1873 5415 2010 5468 liber

425 5514 580 5566 capp.
615 5515 644 5551 v
677 5508 730 5552 et
763 5514 814 5552 vt
865 5500 1070 5564 tradit,
1105 5516 1135 5554 a
1169 5500 1331 5557 Dario
1368 5502 1648 5574 Hystaspis
1689 5504 1798 5558 lilio
1827 5545 1842 5568 ,
1883 5520 2008 5559 cum

429 5601 536 5638 non
582 5589 656 5641 ita
707 5590 916 5657 pridem
949 5601 1243 5661 regnaret,
1281 5591 1672 5649 Zorobabelem
1712 5595 1868 5651 l'acile
1906 5597 2010 5650 im-

433 5685 699 5743 petrasse,
737 5691 792 5732 ut
823 5681 1009 5750 patriae
1040 5698 1102 5736 su
1123 5701 1152 5738 e
1186 5700 1272 5740 res
1315 5689 1519 5740 baetas
1549 5686 1909 5758 jacenlcsquc
1940 5690 2009 5744 ab

2115 3204 2210 3250 aut
2258 3195 2496 3265 denique
2535 3198 2692 3252 nullo
2727 3199 2853 3254 boni
2908 3217 3108 3257 sensus
3157 3204 3435 3274 dispendio
3467 3215 3644 3275 praeter;

2116 3292 2316 3346 missus
2343 3301 2425 3345 est
2448 3334 2465 3359 ,
2497 3307 2621 3347 eum
2653 3305 2834 3360 pateat
2866 3312 2932 3349 ex
2966 3307 3229 3353 contextu
3255 3339 3271 3365 ,
3300 3309 3452 3369 atque
3478 3314 3533 3352 ex
3561 3309 3647 3358 eo,

2115 3385 2207 3452 qui
2263 3385 2446 3438 statim
2497 3385 2822 3456 colligitur,
2882 3403 3161 3444 annos-um
3216 3405 3478 3452 numero,
3522 3390 3647 3442 tinent

2118 3479 2466 3548 Olympiadis,
2496 3480 2588 3548 qui
2617 3491 2848 3548 quartus
2872 3491 2954 3535 est
2981 3499 3187 3546 annus,
3217 3484 3477 3538 deumari.
3500 3480 3648 3548 Neque

2119 3571 2257 3624 adeo
2289 3571 2414 3638 jure
2468 3571 2570 3625 sibi
2623 3573 2839 3628 animos
2878 3589 2944 3628 ex
2998 3575 3091 3628 illa
3139 3578 3433 3632 omissione
3472 3577 3652 3629 sumunt

2119 3664 2262 3718 ducti
2296 3664 2395 3720 viri
2423 3707 2437 3729 ,
2483 3666 2576 3734 qui
2611 3665 2678 3720 15
2724 3665 2872 3721 hunc
2912 3666 3128 3736 Tiberii
3169 3685 3373 3723 annum
3410 3677 3650 3733 tantopere

2117 3756 2588 3826 disputationibus
2615 3759 2952 3826 exagitatum
2985 3801 3000 3827 ,
3049 3775 3164 3814 non
3192 3777 3222 3814 a
3265 3769 3432 3816 morte
3467 3750 3650 3827 Augusti

2119 3849 2385 3903 inchoant
2412 3887 2426 3910 .
2455 3848 2549 3902 sed
2581 3851 2650 3902 ab
2678 3851 2852 3919 ipsius
2885 3851 3090 3906 Tiberii
3137 3853 3368 3923 imperio
3397 3862 3654 3920 proconsuv

2118 3942 2252 4004 lari,
2287 3944 2431 4008 quod
2462 3942 2678 3997 duobus
2705 3983 2720 4009 ,
2756 3945 2934 4000 tribus
2955 3986 2971 4010 ,
3003 3955 3058 4000 et
3089 3956 3329 4014 quatuor
3364 3944 3510 3999 annis
3531 3981 3546 4006 ,
3578 3951 3655 4009 pro

2117 4051 2217 4090 sua
2269 4034 2502 4104 quisque
2552 4037 2856 4105 opinione,
2917 4040 3289 4093 antecessisse
3339 4037 3654 4091 arbitrantur.

2119 4124 2364 4190 Quorum
2395 4128 2731 4180 sententiam
2765 4144 2888 4182 cum
2921 4130 3024 4183 alia
3056 4140 3407 4200 argumenta,
3438 4138 3536 4181 tum
3563 4125 3654 4193 ipsa

2121 4215 2427 4269 lilusebiana
2463 4216 2602 4270 ratio
2636 4218 2802 4288 plane
2833 4221 3133 4274 subvertit.

2190 4308 2331 4362 Ibid.
2366 4307 2754 4372 Quadriennio.
2801 4310 2972 4366 Caret
3023 4329 3276 4368 errorem
3323 4313 3416 4383 qui
3461 4303 3658 4366 suboriri

2117 4413 2186 4453 ex
2236 4400 2361 4453 aliis
2409 4415 2655 4454 veterum
2711 4402 3042 4458 testimoniis
3094 4415 3303 4472 potest.
3355 4404 3482 4458 Nam
3518 4415 3576 4454 ex
3610 4411 3661 4448 eo

2116 4495 2262 4558 quod
2297 4489 2616 4561 Olympicus
2644 4507 2782 4563 agon
2810 4506 3005 4548 exacto
3039 4496 3408 4564 quadriennio
3435 4485 3659 4566 in‘quinti

2115 4586 2242 4637 anni
2295 4584 2453 4638 initio
2501 4596 2844 4650 recurreret,
2877 4586 3330 4656 quinquennales
3361 4575 3664 4657 Olympiada!

2115 4675 2370 4731 videntur
2425 4679 2788 4733 constituere.
2849 4677 3080 4735 Ovidius
3142 4681 3240 4736 lib.
3297 4696 3350 4736 tv
3405 4681 3470 4735 de
3521 4677 3661 4733 Ponto

2115 4772 2278 4842 epist.
2327 4771 2358 4825 6
2391 4788 2408 4830 :

2207 4889 2260 4937 In
2283 4887 2494 4948 'Scythia
2525 4887 2668 4938 nobis
2687 4889 3025 4950 quinquennis
3057 4889 3317 4954 Olympias
3336 4897 3436 4940 acta
3465 4892 3552 4938 ssi.

2113 5011 2180 5066 Et
2215 5013 2419 5068 Seneca
2452 5015 2505 5069 in
2541 5013 2765 5068 Hercule
2798 5013 3029 5078 furente,
3061 5014 3156 5070 ubi
3189 5018 3255 5070 de
3284 5015 3478 5085 popqu
3501 5012 3580 5082 qui
3607 5004 3659 5058 ad

2114 5106 2416 5178 olympicos
2446 5107 2604 5160 ludos
2633 5108 2916 5161 concurrit
2947 5125 2961 5160 :

2237 5215 2415 5278 Quinta
2438 5231 2548 5266 cum
2573 5231 2763 5268 sacrum
2785 5217 3035 5269 revocavit
3056 5223 3221 5270 astas.

2115 5320 2254 5376 Hinc
2283 5335 2336 5376 et
2370 5338 2527 5378 sacro
2553 5325 2806 5394 scriptori
2841 5325 2961 5379 libri
2993 5341 3026 5390 tt
3077 5323 3342 5380 Machab.
3369 5340 3419 5380 c.
3466 5339 3516 5379 tv
3563 5334 3663 5370 πεν-

2113 5415 2429 5482 ταετηρικοὶ
2463 5415 2599 5480 ludi,
2632 5426 2678 5469 ct
2709 5415 2823 5484 ipsa
2865 5417 3136 5486 olympias
3169 5417 3522 5486 πενταετηρὶς
3546 5413 3658 5463 diet-

2115 5513 2227 5570 tur,
2263 5506 2364 5559 hoc
2399 5491 2513 5571 est,
2549 5507 2793 5577 quinque
2826 5521 3091 5562 annorum
3133 5510 3417 5580 periodus.
3453 5507 3658 5575 Apparet

2113 5613 2244 5653 vero
2277 5598 2343 5652 ab
2382 5597 2467 5653 bis
2515 5600 2807 5654 terminum
2842 5596 3069 5666 includi,
3104 5601 3162 5655 in
3193 5613 3355 5672 quem
3392 5597 3658 5654 desinebat.

2113 5701 2166 5744 et
2191 5703 2296 5758 qm
2329 5695 2616 5745 Solcmttttn
2677 5695 2938 5762 agebatur
2969 5709 2984 5750 ζ
3010 5709 3130 5747 ειμι
3167 5695 3203 5763 ἰ⁸
3227 5717 3284 5747 sa
3319 5712 3488 5748 tamen
3518 5693 3663 5756 υψιν
