3864 6182
257 283 377 349 ’ἶο9

1530 276 1946 340 VALLARSH
1991 274 2238 340 NOTIE.

2571 185 2632 197 .—-,
2649 186 2702 196 ς.-

3399 277 3508 344 ’110

265 403 381 472 pias
422 397 642 454 nonnisi
679 396 872 466 integri
921 392 1264 465 quadriennii
1312 394 1546 463 spatium
1575 395 1826 445 contine-
1864 411 1901 456 Α
1935 406 2015 444 es:
2041 433 2056 455 ,
2085 391 2263 444 urbem
2301 405 2363 444 ea:
2403 389 2648 444 Minerva
2677 391 3038 459 appellatione
3070 393 3310 446 sortitam
3342 395 3510 447 Athe-

261 501 370 546 ret.
414 490 578 552 Vide,
617 489 662 544 si
699 490 882 554 lubet,
928 487 1286 541 Censorinum
1329 499 1447 554 cap.
1485 484 1586 548 l8,
1630 484 1835 552 Diony-

263 584 402 638 sium
441 581 914 636 Halicarnasseum
945 578 1038 631 lib.
1067 593 1104 638 t.
1140 585 1194 631 et
1220 575 1464 630 Solinum
1492 591 1612 645 cap.
1637 575 1692 636 2,
1725 584 1832 627 rte.

333 675 453 732 Cal.
487 674 593 729 250
623 673 691 727 Δ.
731 672 1086 725 Desolalionis
1119 669 1316 738 templi.
1357 667 1598 737 Expleta
1629 668 1836 722 scilicet

252 765 646 828 des-elationis,
672 765 968 832 templique
999 762 1134 816 adeo
1161 761 1473 824 instaurati,
1499 773 1562 812 ac
1593 757 1636 812 si
1663 758 1838 811 dixis-

259 867 372 922 set,
401 874 431 910 a
464 855 780 923 supradicto
817 869 964 907 anno
989 853 1132 907 Darii
1168 855 1433 913 secundo,
1469 852 1535 905 ad
1567 850 1838 918 quinqua-

258 949 534 1017 gesimum
573 961 744 1014 usque
776 945 921 999 01in:
963 945 1127 1014 regis.
1167 942 1262 998 Est
1306 945 1409 997 hoc
1441 956 1633 1010 nempe
1663 941 1839 994 Euse-

255 1039 414 1092 biani
447 1038 626 1105 operis
658 1036 725 1088 de
762 1035 1011 1087 universa
1045 1041 1352 1102 temporum
1387 1032 1597 1084 ratione
1633 1043 1838 1082 monu-

254 1141 510 1182 snentum
547 1141 762 1181 certum
802 1140 867 1179 ac
906 1125 1185 1178 deﬁnitum
1210 1162 1226 1188 ,
1257 1123 1400 1190 quod
1425 1119 1606 1176 Graeci
1645 1120 1846 1172 vocant

261 1222 621 1289 παράπηγμα
649 1256 664 1279 ,
716 1233 745 1268 a
789 1232 895 1285 quo
940 1216 1145 1283 reliqua
1179 1214 1462 1268 intervalla
1496 1211 1750 1271 deducit,
1791 1217 1844 1261 et

259 1330 374 1381 qua;
430 1314 596 1366 refert
637 1325 654 1364 ε
689 1310 810 1363 dico
849 1322 1026 1362 aitnos
1067 1321 1177 1360 ιη
1231 1305 1573 1375 Babyloniae
1609 1301 1842 1369 captivi-

261 1405 419 1468 tatis,
455 1421 484 1457 a
513 1401 797 1456 Sedechite
827 1415 957 1454 casu
1031 1399 1100 1453 ad
1136 1399 1436 1454 scentulum
1469 1395 1614 1449 Darii
1654 1394 1847 1464 Hysta-

255 1497 462 1565 spide.
496 1495 574 1548 Ac
645 1503 794 1548 recte
822 1491 1046 1561 quidem
1107 1492 1159 1543 in
1225 1487 1632 1557 supputat-onis
1665 1488 1846 1554 priore

253 1598 421 1656 parte
451 1585 652 1640 habet;
676 1583 791 1637 sive
844 1600 873 1634 ει
910 1582 1150 1638 secundo
1171 1580 1321 1634 Darii
1363 1594 1506 1632 anno
1547 1587 1842 1650 retrorsum

253 1681 331 1733 ad
372 1679 609 1748 primam
635 1675 1006 1746 olympiadem
1037 1675 1304 1730 ducentos
1357 1672 1712 1740 quadraginta
1753 1682 1843 1722 sex

1939 498 2130 536 llal'lllll
2171 500 2374 538 nomen.

2011 577 2147 630 Ibid.
2199 576 2410 630 l’rimas
2449 576 2629 632 locem
2675 577 2980 647 appellavit.
3026 577 3153 639 Haec
3183 581 3354 635 multo
3398 595 3518 635 eie-

1939 670 2155 734 gantius
2188 683 2250 720 ac
2281 669 2393 721 fere
2430 669 2535 722 alio
2555 671 2789 722 seusnin
2823 669 3013 725 Graeco
3046 681 3329 740 resonant,
3367 671 3515 742 Ζῆκα

1940 760 2270 829 κεκληκέναι
2301 761 2392 812 τὸν
2418 763 2594 816 Θεό-ιτ
2650 761 2795 816 Zena
2841 763 3138 833 appellasse
3192 765 3357 821 Deam
3400 783 3418 820 .'
3457 779 3518 819 ut

1941 867 2141 906 sensus
2169 853 2264 915 sit,
2292 853 2511 907 Saturni
2546 854 2736 918 lilium,
2761 871 2883 910 eum
2909 874 3068 924 qnettt
3095 859 3273 913 Latini
3298 859 3514 924 Jovem,

1942 935 2113 993 Graeci
2147 939 2294 1009 Ζῆνα.
2329 955 2541 1009 vocant,
2567 945 2869 1001 divinitatis
2902 948 3052 1001 cultu
3078 948 3246 1004 fuisse
3277 952 3514 1020 primum

1943 1041 1974 1081 a
2002 1027 2243 1097 Cecrope
2273 1031 2559 1088 donatum.
2589 1034 2704 1088 Non
2731 1037 2878 1091 enim
2913 1040 3122 1106 primus
3157 1043 3299 1110 Ζῆνα
3329 1048 3516 1114 appr!-

1946 1121 2094 1189 lavit,
2126 1136 2286 1189 quem
2323 1125 2394 1176 ita
2429 1136 2800 1194 nuncupatum
2837 1130 2976 1197 μετὰ
3002 1132 3180 1202 τὴνὲξ
3210 1135 3520 1205 ἀνθρώπων

1947 1215 2284 1283 μετάστασιν
2311 1256 2326 1277 ,
2375 1218 2557 1269 statim
2613 1229 2770 1289 atque
2804 1235 2868 1273 ea:
2916 1221 3213 1279 hominibus
3253 1240 3522 1296 exemptus

1945 1306 2070 1375 fuit,
2109 1319 2259 1360 umat
2292 1308 2559 1364 Diodorus
2594 1309 2688 1362 lib.
2723 1327 2805 1375 III,
2839 1327 2904 1366 eo
2939 1315 3084 1383 quod
3119 1317 3280 1371 fuerit
3313 1319 3366 1372 in
3412 1331 3521 1373 ler-

1946 1399 2021 1451 ris
2055 1399 2296 1468 degens,
2343 1401 2438 1452 τοῦ
2493 1402 2675 1464 καλῶς
2731 1403 2836 1474 ζῇν
2879 1408 3054 1471 αἴτιος
3081 1448 3094 1470 ,
3146 1411 3270 1463 bene
3318 1413 3522 1468 vivendi

1946 1500 2151 1544 auctor.
2185 1489 2396 1544 Omitto
2427 1491 2587 1545 aliam
2619 1507 2740 1546 esse
2767 1493 2916 1551 lavis
2947 1499 3323 1570 etymologiam
3353 1513 3518 1573 atqui:

1946 1575 2232 1645 originem.
2275 1578 2516 1650 Scaliger
2539 1578 2836 1638 Clementis
2868 1584 3047 1640 locum
3083 1588 3152 1642 de
3200 1595 3520 1647 auctoribus

1951 1666 2270 1722 idololatriae
2293 1683 2358 1722 ex
2376 1667 2721 1740 Protreptido
2742 1675 2828 1729 hic
2854 1675 3035 1738 laudat
3055 1695 3067 1731 :
3085 1687 3141 1733 ut
3171 1697 3364 1752 nempe
3391 1683 3519 1739 data

253 1785 447 1826 auritos
475 1768 780 1838 interponit
807 1783 822 1820 :
852 1768 1192 1820 bauolautem
1247 1774 1390 1819 recte
1421 1763 1474 1816 in
1508 1763 1715 1824 altera,
1755 1756 1845 1812 ubi
1877 1748 1924 1808 Β
1953 1759 2242 1812 occasione
2274 1759 2565 1828 signiticet,
2604 1766 2858 1818 mendum
2894 1767 2963 1822 ibi
3004 1785 3062 1824 se
3094 1748 3384 1840 detexisse,
3428 1779 3518 1831 ubi

251 1860 485 1920 confert
557 1860 1072 1929 quinquagesimum
1143 1855 1296 1910 Ozias
1351 1857 1407 1909 in
1481 1853 1845 1924 olytnpiadem

269 1954 455 2022 ipsam
491 1954 827 2018 primam,ut
851 1947 1053 2017 probet
1093 1946 1162 2000 ab
1206 1947 1512 1999 instant-ato
1547 1940 1747 2010 templo
1778 1939 1846 1993 ad

255 2059 393 2097 eum
429 2057 634 2096 annum
677 2041 824 2094 οιιω
875 2048 1177 2094 retrorsum
1231 2036 1571 2091 numerando
1620 2032 1844 2087 totidem

248 2138 540 2188 ducentos
569 2131 968 2211 quinquaginta
1002 2144 1098 2183 sex
1129 2130 1416 2182 interesse.
1445 2126 1642 2180 Peccat
1671 2123 1848 2178 enim-

256 2242 399 2282 vero
443 2226 694 2279 collectio
739 2223 933 2277 iatbaac
982 2220 1182 2291 insigni
1221 2218 1670 2289 quatuordecim,
1727 2215 1848 2284 plus

252 2320 454 2373 minus
475 2355 492 2380 ,
523 2329 796 2369 asinorum
828 2309 1250 2384 προχρονισμῷ,
1281 2325 1406 2366 cum
1437 2311 1642 2377 primus
1672 2306 1849 2376 olym-

255 2413 430 2480 picus
481 2411 532 2461 in
589 2408 733 2460 one
774 2421 978 2459 annum
1031 2404 1367 2458 tricesimum
1413 2412 1705 2471 quartum,
1755 2406 1852 2452 aut

259 2503 524 2569 quintum
563 2498 828 2551 incurrat.
858 2495 925 2550 ω
953 2503 1170 2550 constat
1214 2509 1282 2547 ex
1324 2493 1457 2563 ipsis
1490 2489 1711 2545 Eusebii
1761 2504 1851 2542 ra—

251 2593 551 2654 tionibus,
601 2593 693 2658 qui
717 2588 1100 2656 captivitatem
1141 2586 1312 2654 ipsum
1350 2595 1406 2638 et
1449 2597 1639 2637 casum
1688 2580 1855 2636 Sede-

250 2686 408 2739 cbia:
434 2682 605 2736 tertio
636 2697 780 2734 anno
811 2677 1137 2749 olympiadis
1185 2675 1256 2730 47
1295 2675 1558 2738 ascribit,
1607 2673 1753 2740 unde
1797 2678 1855 2724 et

253 2780 534 2832 debuerat
556 2776 721 2828 etiam
751 2772 1117 2843 olympiaduin
1143 2767 1361 2824 initium
1393 2767 1447 2822 in
1481 2763 1850 2822 annumOzia:

259 2871 632 2928 tricesimum
685 2871 936 2938 quintum
989 2877 1082 2920 aut
1130 2878 1346 2919 sextum
1399 2863 1690 2928 conferre,
1746 2874 1854 2915 non

258 2937 814 3035 quinquagesimum.
856 2961 974 3016 iam
1033 2976 1152 3030 qtae
1197 2959 1364 3028 hujus
1413 2956 1577 3010 fuerit
1627 2954 1857 3009 halluci-

260 3057 516 3112 nationis
558 3070 764 3120 causa,
819 3069 1051 3125 (ιιιςιοιιιιθ
1101 3051 1443 3107 consectaria
1495 3049 1563 3103 ad
1615 3047 1854 3116 reliquas

259 3152 522 3204 rationes
567 3149 799 3204 diversis
830 3148 902 3201 ab
942 3145 1167 3214 epochis
1203 3146 1310 3199 huc
1356 3139 1668 3197 referendas
1693 3181 1710 3204 ,
1753 3140 1851 3194 de-
1879 3118 1924 3178 θ

260 3259 423 3297 suum
459 3255 570 3310 quo
597 3251 754 3308 pacto
787 3240 913 3294 huic
950 3239 1093 3292 malo
1124 3247 1316 3291 auctor
1355 3235 1470 3304 ipse
1505 3231 1851 3298 occurrerit,

261 3335 520 3402 illudque
555 3330 897 3387 intervallum
941 3330 1066 3384 aliis
1111 3331 1272 3383 annis
1319 3331 1422 3382 huc
1473 3328 1604 3382 illuc
1648 3323 1852 3380 substi-

261 3428 411 3480 tutis
437 3466 452 3486 .
489 3425 834 3495 impleverit,
873 3426 984 3478 anis
1016 3438 1246 3492 qumque
1295 3436 1394 3474 nos
1430 3421 1568 3474 locis
1614 3431 1854 3485 expone-

262 3534 423 3580 mus.
451 3528 512 3572 et
545 3519 723 3588 quoad
749 3518 874 3585 ejus
903 3517 1022 3571 tieri
1067 3525 1266 3585 potest,
1299 3513 1591 3567 Eusebium
1623 3523 1854 3568 excusa-

261 3617 500 3674 hirsutis,
549 3625 709 3678 quem
759 3612 890 3664 satis
938 3609 1137 3661 acerbe
1185 3605 1419 3672 castigat
1463 3601 1744 3671 Scaliger,
1799 3607 1856 3652 ut

261 3710 448 3766 videri
489 3719 670 3761 tamen
711 3703 873 3768 velit,
917 3700 967 3756 ei
1011 3699 1080 3754 ab
1119 3697 1374 3770 Syncello
1412 3693 1687 3765 vapulanti
1726 3705 1854 3746 suc-

260 3821 330 3860 ou
341 3818 526 3858 rrcre.

333 3896 470 3950 Col.
500 3891 598 3946 231
638 3889 698 3944 Β.
745 3891 826 3942 Ea:
861 3885 1112 3940 “inerme
1148 3881 1528 3952 appellatione.
1572 3878 1856 3933 Traditum

263 3990 318 4044 id
356 3987 584 4057 quidem
654 3983 852 4051 vulgo,
914 3979 1158 4033 Athenas
1212 3980 1522 4030 nominatas
1577 3973 1688 4026 ἀπὸ
1757 3971 1858 4040 τῆς

274 4080 524 4149 Ἀθήνης
551 4075 833 4138 Πολιάδος,
865 4073 928 4126 ab
959 4070 1186 4134 Athena,
1213 4082 1309 4123 sou
1348 4067 1582 4120 Minerva
1615 4064 1858 4126 l’oliade,

263 4173 392 4229 sive
428 4169 678 4232 Urbana,
727 4168 814 4220 cui
871 4165 1224 4218 simulacrum
1263 4162 1316 4215 in
1359 4159 1609 4228 Acropoli
1637 4197 1652 4212 .
1695 4171 1858 4225 quam

265 4276 452 4316 arcem
494 4259 856 4328 Hieronymus
895 4254 1324 4323 interpretatur,
1363 4258 1483 4305 erat
1520 4249 1856 4303 dedicatum.

268 4357 584 4408 ﬂinervam
641 4360 825 4404 autem
885 4347 1056 4415 ipsam
1124 4347 1333 4415 primus
1391 4342 1626 4411 CecrOps
1694 4341 1861 4408 Ἀθή-

1949 1845 2144 1915 Μέροψ
2173 1862 2270 1915 pro
2303 1849 2528 1919 Κέκροψ
2561 1852 2760 1921 legitur
2785 1894 2800 1918 ,
2831 1857 2975 1925 quod
3007 1860 3165 1927 jubet
3199 1879 3396 1919 nomen
3431 1883 3531 1937 pro

1949 1939 2046 1993 illo
2075 1941 2312 1996 restitui.
2347 1942 2547 1998 Verum
2585 1948 2811 2003 minime
2842 1949 2944 2006 hac
2975 1969 3077 2006 una
3111 1955 3178 2008 de
3214 1972 3378 2013 causa
3409 1977 3528 2015 eam

1948 2029 2242 2086 let-tionem
2277 2043 2488 2090 mutare
2520 2037 2680 2092 liceat
2707 2078 2721 2101 ,
2765 2056 2930 2108 quam
2981 2053 3036 2098 et
3080 2047 3356 2104 Arnobius
3381 2090 3397 2116 ,
3439 2053 3533 2119 qui

1950 2122 2120 2176 multa
2152 2139 2181 2177 a
2213 2124 2491 2181 Clemente
2524 2139 2803 2185 mutuatus
2835 2143 2940 2199 est,
2983 2135 3178 2190 retinet
3217 2139 3307 2194 lib.
3345 2155 3426 2208 ιιι,
3467 2157 3534 2198 ac

1953 2227 2118 2281 porro
2149 2217 2428 2286 accepisse
2456 2233 2522 2273 ex
2558 2220 2652 2274 illo
2681 2222 2977 2279 Cletnentis
3010 2231 3324 2286 testimonio
3349 2273 3362 2295 ,
3396 2235 3531 2290 nitnl

1953 2314 2036 2358 est
2069 2306 2318 2362 dubium.
2348 2310 2430 2362 Ad
2486 2312 2600 2366 haec
2635 2313 2814 2382 potuit
2863 2315 2957 2371 ille
3005 2319 3233 2374 indicari
3274 2322 3486 2394 hiemps
3513 2362 3533 2388 ,
3609 2358 3613 2362 -

1953 2399 2162 2456 Arisba:
2185 2442 2202 2468 ,
2243 2417 2367 2471 qua
2398 2403 2618 2461 Priamo
2647 2410 2863 2475 nupsit,
2900 2419 3086 2479 pater,
3138 2415 3219 2466 vir
3256 2427 3531 2484 supersti-

1955 2494 2090 2549 tioni
2121 2510 2385 2567 perquam
2413 2499 2687 2570 addictus,
2717 2503 2785 2558 de
2811 2519 2919 2574 quo
2941 2505 3303 2576 Apollodorus
3332 2509 3532 2565 biblio-

1956 2592 2100 2645 thec.
2134 2591 2228 2646 lib.
2257 2605 2340 2660 ιιι,
2370 2608 2420 2648 c.
2457 2593 2512 2648 5.

2025 2681 2144 2739 Col.
2172 2684 2280 2739 232
2312 2684 2372 2740 Β.
2424 2685 2492 2740 In
2520 2695 2700 2756 partes
2727 2687 3056 2758 philosophia
3093 2692 3262 2747 divisa
3292 2706 3389 2748 est.
3423 2693 3534 2748 Non

1958 2785 2114 2845 putes
2147 2777 2232 2832 hic
2269 2787 2448 2833 sectas
2479 2780 2604 2844 dici,
2659 2782 2752 2836 sed
2784 2783 3067 2852 ipsiusuiet
3093 2795 3270 2855 partes
3300 2787 3533 2843 faculta-

1963 2866 2032 2921 tis
2064 2882 2130 2922 ac
2161 2868 2486 2938 disciplinae,
2514 2887 2674 2939 quam
2710 2873 2762 2926 in
2799 2873 3089 2928 Academia
3125 2877 3332 2946 primus
3366 2880 3537 2931 tradi-

1962 2957 2041 3012 dit
2079 2957 2233 3012 Plato
2275 2959 2411 3013 Rem
2445 2961 2696 3020 edisserit
2727 2977 2985 3031 perquam
3015 2966 3222 3020 erudite
3249 2966 3310 3022 S.
3358 2968 3538 3038 Augu-

1961 3051 2135 3105 Stinus
2171 3050 2243 3104 De
2269 3053 2484 3106 civitate
2521 3053 2618 3107 Dei
2649 3054 2740 3108 lib.
2778 3071 2868 3109 vin
2907 3072 2918 3107 :
2953 3054 3115 3110 Plato
3149 3059 3534 3126 philosophiam

1958 3142 2237 3210 perfecisse
2265 3141 2541 3206 laudatur,
2574 3163 2731 3214 quam
2763 3148 2817 3200 in
2864 3156 2965 3200 tres
3001 3161 3179 3218 partes
3205 3150 3478 3206 distribuit
3515 3167 3538 3208 :

1962 3247 2123 3284 unam
2153 3231 2430 3294 moralem,
2465 3249 2584 3302 qua:
2639 3235 2866 3288 maxime
2910 3237 2962 3288 in
3011 3241 3215 3291 actione
3257 3247 3540 3304 versatur;

1959 3325 2184 3378 alteram
2212 3325 2534 3391 naturalem,
2555 3343 2674 3396 qua!
2695 3330 3124 3397 contemplationi
3147 3333 3397 3399 deputata
3415 3346 3490 3388 est

1959 3420 2170 3506 tertipm
2205 3416 2544 3480 rationalem,
2571 3435 2676 3489 qua
2693 3437 2869 3474 verum
2896 3423 3295 3478 disterminatur
3317 3443 3349 3480 a
3373 3425 3541 3495 falso,

1956 3516 2065 3562 θιε.
2965 3518 2974 3524 ’

2026 3599 2144 3654 Col.
2169 3599 2275 3656 253
2305 3601 2370 3655 Α.
2400 3601 2671 3678 Abraham
2714 3603 2844 3657 Nini
2868 3614 3019 3658 (ruite
3045 3614 3372 3676 generatum.
3408 3608 3536 3665 [Iaso

1958 3707 2089 3747 sane
2119 3692 2202 3745 vel
2229 3691 2362 3746 falsa
2385 3701 2488 3755 est,
2521 3694 2600 3747 vel
2630 3692 2939 3749 Cimmeriis
2973 3697 3208 3750 tenebris
3239 3697 3531 3752 obscurata

1960 3784 2301 3856 bypotbesis,
2327 3801 2446 3853 quae
2471 3796 2675 3840 tantam
2699 3789 2918 3858 regibus
2939 3791 3282 3861 Assyriorum
3301 3802 3545 3846 vetusta-

1962 3889 2066 3932 tetu
2096 3877 2301 3944 tribuit,
2329 3888 2387 3930 ut
2417 3877 2710 3934 Abrahatui
2731 3895 2882 3935 ortus
2906 3898 3029 3936 cum
3054 3883 3175 3937 Nini
3199 3895 3358 3938 actate
3407 3899 3542 3938 con-

1959 3986 2164 4032 currat.
2198 3976 2511 4031 Herodotus
2564 3976 2656 4030 lib.
2688 3992 2722 4041 ι,
2779 3992 2899 4045 cap.
2927 3977 2982 4040 7,
3003 3975 3198 4030 Ninum
3230 3975 3337 4031 Beli
3371 3975 3542 4030 ﬁliuni

1961 4071 2160 4125 diserte
2194 4069 2464 4131 nominat,
2493 4080 2546 4123 et
2573 4084 2697 4138 cap.
2724 4067 2792 4122 95
2814 4079 2996 4122 nolani
3030 4084 3246 4138 quoque
3277 4073 3544 4140 temporis

1960 4179 2070 4232 quo
2109 4162 2356 4232 regnavit
2390 4162 2730 4230 suppeditat,
2771 4163 2859 4215 ubi
2895 4162 2989 4224 ait,
3024 4162 3090 4213 ab
3122 4162 3382 4231 Assyriis,
3419 4177 3544 4214 eunt

1961 4254 2230 4323 superiori
2276 4253 2418 4307 Asiae
2467 4252 2594 4304 ἔτεα
2639 4255 2814 4305 εἴκοσι
2870 4253 2963 4304 καὶ
2991 4253 3342 4315 πεντακόσια,
3381 4269 3546 4305 annos

1961 4364 2065 4402 nxx
2116 4349 2494 4415 imperassent,
2544 4344 2728 4399 Medos
2776 4346 3009 4413 primum
3047 4343 3336 4398 defecisse.
3387 4342 3541 4409 Quod

265 4459 376 4512 νην
402 4439 709 4510 appellasse
734 4435 956 4512 dicitur,
987 4435 1146 4505 cujus
1171 4433 1407 4487 nominis
1433 4442 1654 4502 etynion
1688 4431 1853 4484 multo

1966 4457 2088 4493 cum
2121 4457 2264 4494 anno
2293 4438 2501 4507 periodi
2539 4435 2765 4490 Julianze
2798 4437 2937 4492 4004
2975 4438 3303 4502 ascribatnr,
3336 4435 3544 4499 subdu-

267 4509 461 4588 adhuc
501 4531 794 4585 obscurius
835 4509 1080 4582 Isidorus
1135 4526 1311 4581 reddit
1366 4541 1379 4576 :
1429 4523 1665 4578 Minerva
1718 4522 1861 4590 apud

269 4628 498 4682 Graecos
527 4624 728 4678 Athena
750 4622 964 4682 dicitur
988 4660 1004 4686 ,
1035 4619 1089 4674 id
1122 4628 1198 4674 est
1229 4661 1242 4684 ,
1278 4620 1496 4690 femina.
1532 4615 1684 4670 Plato
1716 4633 1743 4668 a
1778 4615 1865 4667 di-

271 4723 406 4774 vina
461 4732 646 4771 mente
683 4715 953 4771 derivavit
997 4731 1011 4767 :
1060 4713 1151 4768 alii
1205 4712 1310 4766 alia
1361 4712 1655 4765 conuuenti
1714 4719 1862 4764 sunt.

271 4811 453 4867 Nobis
503 4809 670 4863 lerme
719 4823 842 4861 cum
882 4804 1086 4860 llillero
1113 4803 1331 4859 videtur
1362 4817 1427 4856 ex
1480 4799 1744 4854 Hebraico
1781 4811 1867 4850 ic-

277 4902 515 4973 petenda
549 4902 876 4971 etymologia
907 4940 920 4964 ,
954 4912 1118 4968 atque
1149 4913 1212 4952 ex
1248 4898 1411 4951 verbo
1440 4907 1570 4954 Rm:
1600 4893 1742 4960 quod
1784 4899 1868 4946 est

279 4996 559 5062 aduenire,
597 4998 799 5048 factum
839 4993 999 5060 paulo
1025 4991 1241 5060 quidem
1269 4989 1494 5043 barbare
1517 4995 1655 5074 ptas:
1679 4983 1867 5053 Ἀθὴν,

281 5094 340 5145 id
384 5100 470 5144 est
494 5127 507 5150 .
550 5089 870 5142 advenarum
911 5084 1104 5138 civitas
1141 5099 1155 5136 :
1188 5097 1255 5138 eo
1295 5081 1502 5135 scilicet
1534 5081 1868 5132 convenien-

281 5183 462 5244 tibus,
497 5181 590 5250 qui
626 5190 784 5232 antea
822 5175 1050 5245 dispersi
1081 5183 1237 5228 erant
1273 5175 1325 5226 in
1357 5171 1538 5226 Curiis
1572 5169 1866 5241 Pagisque,

285 5273 489 5326 Atticae
527 5283 685 5326 terrae
731 5268 971 5334 incolis;
1025 5283 1149 5320 nam
1195 5282 1261 5321 ex
1312 5263 1602 5320 duodecim
1641 5263 1870 5318 urbibus

287 5379 436 5419 unas
491 5363 731 5417 Athenas
795 5359 1016 5421 iactas,
1067 5370 1254 5426 uotum
1283 5375 1346 5414 ex
1392 5359 1661 5413 Strabone
1694 5399 1707 5422 ,
1745 5358 1872 5412 Plu—

289 5442 490 5510 tarcho
514 5497 529 5518 ,
560 5468 720 5525 atque
757 5455 901 5508 aliis.
946 5452 1083 5506 llinc
1109 5452 1326 5520 opinari
1363 5452 1548 5505 malim
1577 5490 1592 5515 ,
1620 5451 1690 5505 ab
1719 5450 1873 5503 urbis

290 5544 520 5598 stamine
557 5543 845 5597 Minervam
874 5581 890 5606 ,
922 5541 1009 5594 cui
1047 5556 1196 5593 sacra
1235 5541 1363 5594 urbs
1394 5541 1509 5609 ipsa
1540 5551 1660 5595 erat
1700 5550 1755 5593 et
1788 5554 1874 5593 rc-

291 5640 393 5708 εῖς)
415 5679 427 5694 ,
457 5637 688 5707 ’Λθήνης
725 5646 1148 5705 cognomentum
1187 5635 1462 5701 accepisse
1491 5677 1504 5698 ,
1539 5651 1644 5687 non
1682 5641 1741 5687 ut
1776 5632 1874 5687 no?

294 5741 421 5786 stre
451 5727 684 5783 Eusebio
705 5766 718 5792 ,
750 5735 804 5780 et
835 5723 957 5779 aliis
993 5726 1195 5796 passim
1232 5724 1506 5780 vet-eminus
1546 5740 1870 5796 persuasum

1968 4537 2073 4590 etis
2123 4533 2246 4586 inde
2278 4533 2438 4586 anuis
2468 4531 2592 4586 59.0.
2630 4530 2831 4594 Ninus,
2863 4531 2952 4599 qui
2987 4530 3196 4600 primus
3228 4528 3374 4583 omni
3409 4528 3552 4583 Asia

1971 4631 2269 4699 imperasse
2313 4626 2537 4686 dicitur,
2586 4626 2639 4677 in
2674 4639 2876 4677 annum
2932 4621 3134 4676 incidet
3166 4620 3406 4692 ejusdem
3457 4637 3552 4688 pe-

1971 4716 2108 4770 riodi
2160 4714 2322 4782 5486,
2364 4713 2458 4783 qui
2505 4712 2683 4782 Trojze
2732 4712 3008 4766 excidium
3056 4711 3185 4765 solis
3214 4709 3552 4780 undeviginti

1971 4809 2132 4861 annis
2158 4807 2432 4877 praecedit.
2463 4806 2640 4872 Quare
2675 4806 2777 4858 hoc
2803 4805 3038 4858 maxime
3067 4812 3264 4871 urgent
3289 4801 3551 4857 llerodoti

1975 4897 2345 4952 testimonium
2377 4896 2679 4951 doetissimi
2711 4897 3042 4950 recentiores
3075 4893 3421 4965 chronologi,
3455 4893 3552 4964 qui

1972 4991 2213 5062 origines
2232 4995 2382 5058 regni
2404 4989 2680 5060 Assyriaci
2710 4988 2947 5052 tradunt,
2966 5003 3028 5043 ac
3057 4995 3262 5041 temere
3291 4987 3552 5056 jactataiu

1972 5100 2164 5140 eorum
2220 5099 2410 5156 regum
2461 5083 2842 5152 antiquitatem
2886 5097 2948 5136 ac
2984 5083 3178 5137 seriem
3209 5075 3567 5150 inipugnant.'

1974 5179 2042 5231 At
2069 5185 2256 5231 noster
2284 5183 2562 5229 auctorem
2601 5173 2789 5227 habuit
2828 5171 3030 5226 Julium
3063 5173 3381 5230 Africanum
3417 5186 3430 5223 :
3467 5171 3554 5224 hic

1975 5267 2211 5321 Ctesiam
2243 5265 2520 5332 Cnidium,
2558 5267 2649 5334 qui
2686 5264 2739 5318 in
2771 5278 2863 5319 sex
2900 5265 3174 5334 prioribus
3207 5262 3551 5316 Persicorum

1977 5362 2152 5424 libris,
2211 5372 2268 5416 ut
2309 5360 2540 5415 Photius
2590 5359 2646 5414 in
2704 5361 2980 5429 excerptis
3029 5358 3217 5421 tradit,
3272 5353 3554 5408 historiam

1979 5453 2323 5523 Assyriacam
2377 5460 2432 5506 et
2491 5449 2753 5505 Medicam
2819 5448 3112 5520 nongentis
3168 5447 3335 5499 lenne
3387 5460 3554 5511 supra

1979 5544 2313 5600 Herodotum
2346 5545 2507 5597 annis
2539 5542 2912 5614 amplificavit,
2946 5542 3059 5596 sive
3099 5539 3238 5594 H00
3285 5552 3554 5592 annorum

1979 5638 2154 5704 spatio
2198 5635 2468 5698 deﬁnivit,
2514 5634 2672 5690 Hunc
2720 5646 2902 5690 autem
2951 5633 3122 5687 secuti
3159 5640 3286 5686 sunt
3316 5631 3560 5701 plerique

1979 5733 2066 5786 alii
2121 5713 2301 5802 magni
2380 5733 2616 5790 nominis
2667 5731 2938 5800 historici,
2997 5727 3266 5787 Diodorus
3315 5726 3559 5796 Siculus,
