3864 6182
379 327 501 398 'iil

1645 308 1892 372 VALLA
1908 309 2058 369 llSl'l
2109 304 2362 369 NOTPE;

3503 314 3590 380 ii!

389 446 585 501 Cajlor
625 438 892 500 Rhodius,
941 433 1282 506 Cephallion,
1328 428 1583 485 Emilius
1623 427 1764 482 Sura
1814 424 1957 496 apud
1989 432 2036 488 Α
2065 424 2266 480 abeunt
2296 433 2599 492 temporum
2633 418 3075 491 discrepantiam.
3104 421 3268 493 Atqui
3299 423 3362 478 ab
3391 442 3449 479 eo
3474 427 3593 492 dige-

394 535 658 590 Velleium
681 530 1051 592 Paterculum,
1076 526 1290 597 Trogus
1319 525 1614 595 Pompeius
1643 527 1696 580 itt
1724 526 1964 594 Justino,

393 639 455 681 ut
478 627 775 696 plerosque
793 622 928 676 alios
953 621 1266 691 sequiorum
1293 631 1591 690 temporum
1623 626 1966 688 prateream.

396 721 492 776 Est
547 720 732 786 itaque
769 726 824 772 et
853 715 1014 770 nobis
1042 713 1318 785 pensanda
1359 728 1446 768 res
1477 713 1667 768 istbtec
1695 727 1761 766 ex
1803 711 1971 767 Euse-

394 811 471 867 bii
505 810 809 864 rationibus
842 823 858 862 :
897 823 1060 877 quem
1097 820 1163 860 ex
1197 807 1300 860 hac
1327 804 1713 874 supputatione
1751 812 1970 860 constat

396 903 694 959 Abrahami
725 910 904 956 ortum
933 901 999 956 ad
1029 898 1218 955 mundi
1243 915 1446 954 annum
1475 897 1613 954 l988
1639 907 1804 967 atque
1830 900 1970 953 adeo

403 992 574 1048 Mosis
597 1007 816 1062 quoque
845 990 1238 1062 octogesimum
1275 990 1406 1062 (quo
1442 1004 1584 1045 anno
1611 1005 1866 1060 egressus
1889 979 1972 1046 est

398 1085 563 1140 Israel
612 1087 678 1138 alt
719 1081 974 1152 Egypto)
1009 1081 1073 1136 ad
1103 1081 1245 1136 2495
1279 1080 1550 1137 retulisse.
1583 1081 1699 1146 Qua
1749 1082 1972 1150 quidem

402 1177 456 1228 iu
490 1191 546 1229 re
574 1175 790 1229 tametsi
815 1175 890 1227 illi
925 1174 1128 1227 rectius
1154 1173 1394 1226 rationes
1423 1187 1487 1224 ex
1514 1168 1740 1225 llebt'aeo
1763 1169 1974 1237 ineant,

402 1267 493 1336 qui
533 1279 655 1337 post
686 1268 861 1321 adhuc
891 1282 1068 1320 annos
1097 1263 1432 1332 quindecim,
1469 1264 1582 1316 sive
1624 1261 1860 1330 septimo
1885 1276 1974 1315 se-

402 1359 566 1413 cundi
601 1357 889 1412 tuillenarii
916 1373 1060 1410 anno
1086 1357 1314 1411 natalem
1347 1353 1640 1408 Abrahami
1672 1353 1816 1408 diem
1841 1367 1975 1408 con-

396 1453 656 1524 signant:
685 1452 819 1506 bene
844 1459 929 1505 est
956 1458 1138 1503 tamen
1159 1449 1222 1502 ad
1253 1447 1566 1500 universam
1598 1445 1976 1500 collectionem

407 1547 508 1600 hoc
542 1546 741 1613 ipsum,
775 1541 917 1611 quod
950 1540 1218 1594 Eusebius
1248 1538 1422 1608 ponit,
1449 1537 1613 1606 juxta
1649 1552 1764 1590 eum
1799 1551 1980 1590 nume-

407 1651 546 1700 rum,
604 1649 754 1701 quem
809 1634 1209 1686 contractiorem
1259 1631 1486 1684 editione
1543 1627 1767 1698 Vulgata
1811 1645 1980 1683 sermo

401 1729 598 1795 prabet
651 1727 954 1789 Ilebrazus;
1019 1740 1144 1779 nam
1197 1724 1384 1779 Graeca
1443 1721 1980 1792 septuagintaviralls

408 1822 605 1884 versio,
647 1835 810 1890 quam
847 1818 1087 1887 Vulgata:
1116 1818 1374 1872 editionis
1406 1816 1628 1870 nomine
1657 1825 1868 1870 certum
1896 1825 1981 1870 est

408 1911 494 1966 hic
527 1913 799 1973 denotari,
833 1911 1022 1965 solidis
1057 1910 1205 1965 mille
1249 1908 1661 1977 quadringentis
1685 1909 1981 1976 nonaginta

409 2005 688 2084 sexaginta
730 2019 824 2060 sex
857 2002 1018 2057 annis
1047 2016 1171 2056 eum
1207 2015 1495 2055 numerum
1531 2000 1844 2055 antevertit.
1888 2000 1980 2054 Ve-

406 2113 527 2152 rum
564 2096 696 2150 illud
722 2095 845 2165 jure
876 2095 1181 2162 meritoque
1215 2107 1316 2147 nos
1355 2101 1591 2156 moveat,
1623 2092 1767 2162 quod
1793 2092 1980 2147 statim

404 2197 604 2245 atlt't'tl'
635 2189 894 2254 annectit,
929 2203 957 2241 a
987 2186 1268 2242 nativitate
1289 2186 1517 2240 Ahralta:
1537 2186 1601 2239 ad
1633 2185 1798 2238 totius
1830 2186 1983 2241 orbis

409 2284 671 2338 diluvium
726 2295 901 2337 annos
955 2281 1186 2334 inveniri
1251 2289 1556 2348 nongentos
1624 2278 1982 2348 quadraginta

411 2377 549 2430 duos
586 2387 886 2429 retrorsum
928 2389 1102 2442 IlSqlle
1141 2372 1207 2426 ad
1239 2372 1528 2440 Adamum,
1560 2374 1677 2426 sive
1705 2372 1982 2426 conditum

411 2469 696 2525 mundum.
746 2467 857 2521 llac
903 2465 1050 2519 enim
1098 2465 1484 2533 supputatione
1518 2462 1632 2531 jam
1689 2479 1802 2517 non
1835 2463 1984 2530 jus-ta

410 2560 828 2614 contractiorem
905 2571 1029 2610 eum
1101 2570 1432 2620 numerum,
1480 2553 1625 2622 quod
1674 2554 1812 2608 satis
1854 2553 1989 2608 bene

411 2660 575 2719 atque
613 2649 824 2702 erudite
869 2647 1155 2700 videbatur
1206 2652 1483 2708 astruere,
1529 2642 1623 2697 sed
1658 2653 1777 2711 post
1809 2645 1989 2697 adhuc

415 2743 652 2810 integros
684 2740 828 2796 mille
872 2748 1092 2792 centum
1137 2737 1482 2807 septuaginta
1530 2751 1644 2798 sex,
1686 2737 1800 2790 sive
1846 2751 1990 2791 anno

413 2835 579 2896 5l85.
631 2832 928 2887 Abraltami
989 2838 1168 2884 ortum
1225 2829 1560 2891 constituat,
1616 2841 1842 2882 necesse
1881 2837 1990 2883 est.

416 2923 557 2978 Hinc
584 2931 718 2977 vero
745 2929 799 2976 et
832 2936 1016 2977 secum
1047 2921 1164 2989 ipso
1201 2927 1402 2990 pugnet
1433 2919 1718 2980 Eusebius,
1745 2927 1908 2988 atque
1935 2927 1994 2972 ut

415 3012 484 3065 ab
525 3010 753 3066 llebra'o
794 3018 940 3064 textu
979 3010 1180 3064 dudum
1221 3009 1442 3062 laudato
1490 3008 1727 3073 aberret,
1771 3023 1874 3060 non
1908 3017 1988 3062 ta-

2072 515 2244 568 rendo
2295 514 2362 568 ad
2397 514 2828 584 Chronologicos
2877 515 3126 570 Cauoues
3165 516 3336 584 spatio
3377 519 3598 576 abstinuit

2070 607 2365 672 Eusebius,
2416 622 2544 662 cum
2575 607 2713 662 nihil
2757 615 2900 662 esset
2943 607 3085 676 quod
3124 607 3356 662 conferri
3391 623 3455 674 ex
3495 628 3602 682 gen.

2070 699 2205 752 tiutn
2239 695 2485 751 historiis
2535 706 2741 766 posset,
2790 705 3080 764 tetumqae
3131 697 3272 753 illud
3321 700 3605 770 periculosae

2066 792 2292 856 plenum
2346 801 2486 858 opus
2518 787 2649 842 aleae
2678 787 2812 845 satis
2859 788 3072 855 habuit,
3120 805 3187 844 ea
3236 789 3605 860 Scripturarutu

2073 876 2410 934 testimoniis
2475 878 2708 948 simplici
2739 880 3051 935 narratione
3094 891 3385 950 praetexere
3415 883 3465 937 in
3511 887 3611 954 ejus

2073 982 2234 1038 quem
2266 967 2610 1033 moliebatur,
2627 969 2757 1024 libri
2782 969 3056 1038 quoddam
3083 971 3252 1026 velati
3279 976 3611 1041 proemium;

2077 1059 2431 1128 meminitque
2462 1060 2580 1129 ejus
2602 1060 2801 1127 obiter,
2837 1077 2908 1118 ae
2933 1063 3126 1128 lector,
3153 1074 3213 1117 ut
3237 1067 3350 1133 ipse
3373 1066 3464 1127 ait,
3487 1070 3618 1124 incs-

2077 1152 2314 1206 riositate
2341 1160 2591 1206 cessaret.
2623 1152 2684 1206 ln
2705 1152 2827 1223 ipsa
2849 1163 3032 1209 autem
3063 1155 3426 1223 pet'l‘unctsria
3457 1172 3620 1213 recen-

2077 1241 2232 1297 sione
2293 1258 2468 1298 annos
2517 1243 2736 1314 quidem
2785 1245 2855 1300 ab
2902 1247 3112 1301 Adamn
3170 1248 3238 1301 ad
3296 1249 3621 1304 diluvitnuex

2082 1334 2324 1404 Vulgata;
2355 1342 2489 1390 tunc
2543 1334 2826 1401 editionis,
2849 1337 2966 1392 sive
3009 1354 3075 1392 ea
3117 1338 3230 1404 τῷν
3265 1338 3401 1392 LXX
3433 1341 3626 1393 calculis

2079 1428 2262 1495 posuit
2305 1427 2449 1481 2242
2476 1468 2492 1493 ,
2545 1428 2770 1482 totidem
2817 1429 2962 1486 enim
3005 1440 3061 1484 et
3101 1427 3326 1485 Graecus
3370 1430 3628 1501 Scriptura:

2084 1529 2260 1592 textus
2293 1526 2468 1588 putat.
2503 1517 2558 1572 In
2591 1520 2712 1574 aliis
2737 1520 2844 1574 942
2871 1519 3126 1576 adiluvio
3176 1522 3246 1574 ad
3274 1523 3627 1583 Abrahamutn.

2080 1611 2147 1664 ab
2185 1610 2317 1678 ipsis
2352 1611 2542 1666 maluit
2567 1610 2706 1665 LXX
2743 1613 3020 1681 paulisper
3055 1612 3340 1666 discedere
3374 1627 3390 1666 :
3419 1624 3468 1667 et
3493 1629 3629 1681 quem

2084 1701 2166 1756 illi
2210 1702 2534 1768 obtrudunt,
2567 1704 3172 1766 alterunvCainanum.
3223 1704 3541 1774 Arpltacsaili
3581 1707 3633 1758 li-

2016 1773 2059 1829 Β
2085 1795 2242 1858 lium,
2283 1797 2433 1865 juxta
2483 1811 2646 1865 quem
2698 1795 2872 1851 fern-te
2919 1797 3169 1865 sequitur
3198 1773 3538 1858 Africanum,
3577 1812 3634 1851 ex

2087 1887 2210 1941 albo
2243 1889 2672 1957 patriarcharum
2706 1888 2990 1956 enptmxit.
3033 1887 3149 1942 lloc
3177 1898 3359 1942 autem
3395 1901 3476 1942 est
3515 1889 3635 1956 quod

2085 1987 2363 2047 tantopere
2383 1979 2562 2046 culpat
2587 1988 2870 2048 vet-satque
2889 1978 3210 2049 Syncellus.’
3228 1988 3290 2033 ut
3310 1979 3499 2033 mirum
3515 1981 3634 2032 dictu

2085 2071 2180 2133 sit,
2219 2071 2438 2140 quoties
2487 2080 2600 2126 toto
2623 2069 2716 2125 illo
2763 2081 3126 2142 syntagmate,
3152 2072 3448 2138 σφάλλεται
3475 2073 3638 2142 ’Ᾱφρι-

2087 2165 2271 2226 κοινὸς,
2325 2173 2382 2217 et
2430 2162 2730 2231 σφάλλεται
2787 2162 3050 2225 Εὑσέὸιθς
3092 2165 3415 2232 ingeminet.
3467 2163 3637 2216 Τοῦτον

2091 2251 2310 2320 (inquit,
2377 2266 2500 2321 pag.
2529 2252 2598 2308 79
2630 2253 2764 2308 edit.
2792 2253 3114 2320 Parisiens.)
3141 2257 3239 2306 τὸν
3272 2255 3520 2307 Καϊνᾶνὸ
3549 2253 3636 2306 E-J-

2093 2341 2272 2405 σόόιος
2320 2345 2418 2398 οὐκ
2481 2345 2852 2415 ἑστοιχειωσε,
2895 2345 2974 2412 τῷ
3033 2344 3328 2417 Ἐὄριῖκῷ
3355 2350 3639 2417 ἀντιγράψῳ

2091 2433 2247 2504 κακῷ
2270 2436 2662 2507 ἀκολουθήσας,
2691 2437 2770 2490 διὸ
2800 2439 2896 2491 καὶ
2925 2437 3139 2508 ἐσςάλη
3171 2439 3267 2510 Em;
3298 2439 3390 2506 p'a'.
3442 2437 3638 2508 Ὁμοίως

2090 2525 2146 2578 δὲ
2176 2529 2269 2578 καὶ
2293 2528 2322 2579 ὁ
2351 2527 2678 2596 Ἀφρικανὸς
2705 2528 3031 2598 διήμιρτεν,
3069 2546 3123 2582 κ.
3153 2546 3209 2582 τ.
3233 2529 3285 2585 λ.
3317 2529 3514 2583 Huncce
3539 2529 3641 2583 Cai-

2091 2633 2290 2671 nanum
2337 2618 2614 2688 (alterum)
2654 2617 2908 2673 Eusebius
2941 2635 3048 2672 non
3092 2619 3640 2685 recensuit,liebraics

2093 2719 2338 2776 corrupto
2387 2713 2680 2780 exemplari
2733 2727 2858 2764 usus
2903 2721 3064 2779 atque
3101 2712 3239 2766 adeo
3289 2715 3444 2766 annis
3467 2721 3641 2765 centum

2095 2801 2327 2870 triginta
2378 2803 2587 2871 fallitur
2615 2819 2634 2857 :
2660 2803 2937 2873 eodemque
2975 2805 3128 2857 modo
3167 2804 3454 2873 Africanus
3471 2814 3641 2874 peccat,

2096 2905 2202 2948 etc.
2233 2895 2418 2963 Neque
2443 2910 2607 2964 porro
2639 2897 2728 2950 hic
2756 2895 3052 2952 Eusebium
3077 2897 3146 2952 ad
3166 2898 3389 2970 Georgii
3417 2899 3641 2961 crimina-

2097 2984 2247 3040 tione
2276 2986 2492 3040 vindico
2518 3003 2531 3039 :
2565 2987 2696 3040 illud
2723 2989 2888 3043 modo
2918 2989 3080 3044 velim
3109 2989 3492 3058 animadverti,
3522 2989 3642 3060 quod

415 3118 536 3158 men
573 3102 708 3172 ipsis
753 3099 896 3155 LXX
933 3101 1256 3164 consentiet,
1283 3099 1377 3169 qui
1414 3113 1480 3154 eo
1513 3114 1743 3152 nurnero
1785 3100 1986 3153 decen-

2098 3091 2278 3146 neque
2332 3078 2470 3131 bene
2520 3076 2764 3146 Scaliger
2815 3079 3032 3134 videtur
3075 3081 3407 3146 attendisse,
3441 3099 3540 3152 quo
3565 3082 3644 3135 deo

415 3209 501 3251 tos
540 3195 835 3265 nonaginta
869 3193 988 3262 plus
1011 3192 1236 3256 habent,
1285 3193 1401 3248 sive
1444 3208 1590 3247 anno
1623 3192 1764 3247 5474
1799 3201 1983 3248 natum

414 3303 540 3344 cum
577 3287 841 3342 referunt.
873 3282 1139 3354 Experiar
1172 3285 1358 3354 igitur,
1389 3293 1450 3339 ut
1481 3299 1611 3339 eum
1641 3298 1675 3338 a
1707 3284 1985 3339 calumnia

415 3383 662 3447 liberem,
697 3380 878 3436 dicere
911 3379 1039 3448 quid
1074 3379 1177 3435 lt'oc
1206 3379 1282 3435 rei
1307 3380 1401 3435 sit.

490 3471 763 3528 Eusebius
796 3475 897 3527 hoc
934 3471 1072 3526 libro
1110 3471 1528 3539 chronologicas
1577 3471 1814 3526 ratio-nes
1860 3487 1990 3528 suas

415 3579 608 3620 omnes
640 3564 708 3618 ab
737 3563 1003 3617 Abraham
1028 3573 1158 3618 nato
1179 3563 1514 3632 auspicatur,
1545 3565 1610 3619 ad
1634 3580 1794 3634 quem
1827 3567 1995 3621 unice-

415 3658 518 3712 sihi
552 3655 844 3727 digerenda
883 3656 1173 3710 subsecuta
1191 3663 1469 3724 tempore,
1503 3657 1989 3726 componendaque

414 3764 536 3804 cum
593 3748 846 3802 universa
889 3747 1115 3801 historia
1160 3729 1461 3815 proposuit.
1510 3745 1644 3801 Eum
1695 3763 1860 3818 porro
1895 3763 1989 3801 an-

413 3858 572 3909 num,
625 3848 855 3910 cogente
907 3855 1088 3895 rerum
1139 3840 1307 3904 serie,
1359 3850 1524 3909 8"]06
1577 3855 1790 3907 eorum,
1849 3857 1990 3912 quos

415 3948 686 4004 suppares
737 3931 866 3987 facit
916 3945 1077 3994 esse,
1123 3931 1349 3985 eaoticis
1388 3935 1790 4000 monumentis,
1839 3937 1990 3991 novit

417 4043 484 4082 ex
519 4028 750 4082 Ποιητιιο
796 4035 962 4090 textu,
1007 4026 1166 4092 cujus
1209 4025 1538 4081 contractior
1579 4033 1663 4082 est
1703 4043 1987 4094 numerus,

415 4121 518 4178 sibi
551 4134 673 4175 esse
703 4117 1078 4187 repetendum.
1103 4117 1278 4186 Atque
1304 4118 1359 4172 in
1393 4117 1722 4187 eo-quidem,
1752 4121 1796 4176 si
1825 4121 1990 4177 levio-

418 4214 513 4278 ris,
545 4229 705 4281 quem
754 4226 916 4280 supra
972 4210 1300 4275 notavimus,
1351 4211 1638 4276 momenti,
1698 4229 1990 4283 προχρονιο

417 4304 552 4376 suae
610 4303 677 4360 l5
722 4304 831 4358 fere
861 4317 1124 4357 annorum
1153 4318 1400 4365 excuses,
1432 4304 1499 4360 de
1525 4319 1632 4374 quo
1662 4320 1875 4360 rursum
1909 4307 1991 4361 tli-

417 4415 642 4465 cemus;
683 4409 874 4452 caetera
907 4397 1042 4451 bene
1066 4397 1296 4450 invicem
1326 4405 1380 4451 et
1409 4411 1532 4450 eum
1563 4396 1807 4452 historiae
1847 4398 1990 4451 veri-

419 4499 529 4546 tate
565 4491 636 4544 ita
671 4498 948 4554 constant,
980 4495 1042 4543 ut
1073 4488 1475 4557 syncltrOnismi
1507 4487 1663 4544 facile
1701 4489 1986 4543 observari

416 4591 644 4650 queant,
680 4595 777 4634 nec
809 4593 837 4631 a
867 4576 1259 4644 posterioribus
1293 4577 1587 4640 anteriora,
1638 4577 1721 4631 vel
1765 4585 1996 4646 utraque

420 4674 488 4727 ab
555 4670 810 4726 historica
861 4665 1244 4721 observatione
1296 4665 1636 4719 dissideant.
1687 4666 1816 4732 Quae
1867 4681 1996 4721 κει-ο

419 4781 618 4820 annum
666 4763 816 4816 illutn
864 4759 1178 4830 praecedunt
1222 4757 1286 4811 ad
1321 4757 1506 4812 mundi
1545 4773 1719 4826 usque
1751 4758 1993 4826 initium,

421 4853 620 4920 quippe
701 4867 824 4904 cum
881 4863 1072 4920 parum
1127 4857 1223 4902 aut
1267 4847 1397 4900 nihil
1448 4847 1512 4900 ad
1553 4846 1785 4901 instituti
1815 4852 1998 4918 Operis

423 4938 760 5009 propositum
816 4939 1076 5002 facerent,
1127 4936 1258 4991 nihil
1307 4936 1458 5006 pensi
1495 4935 1702 5004 habuit,
1737 4952 1804 4991 ex
1841 4939 1999 5008 cujus

425 5015 629 5085 codicis
658 5029 1046 5096 supputatione
1075 5028 1362 5097 proferret,
1411 5043 1474 5081 ac
1521 5029 1691 5099 magis
1730 5029 1894 5094 cavit,
1931 5046 2001 5086 ne

425 5139 455 5176 a
485 5127 698 5187 recepta
723 5119 880 5187 vulgo
911 5119 1054 5184 apud
1083 5137 1212 5175 suos
1241 5121 1495 5189 opinione
1529 5121 1852 5176 discederet.
1904 5121 2000 5176 Ni-

429 5209 622 5263 mirum
665 5212 810 5259 tanta
842 5205 929 5258 illa
957 5206 1268 5272 diversitas,
1308 5225 1428 5276 qua:
1455 5210 1738 5264 Ilcltrmum
1778 5219 1987 5263 [extum

427 5297 712 5353 intercedit
764 5305 815 5349 et
869 5293 1140 5360 Graecum,
1191 5312 1456 5352 annorum
1491 5300 1612 5368 plus
1653 5301 1828 5354 minus
1861 5299 2000 5354 M70

431 5391 664 5460 spatium
703 5391 832 5442 illud
869 5395 1033 5452 tenet,
1071 5389 1212 5454 qttod
1262 5390 1494 5444 Abrahm
1534 5390 1765 5444 natalem
1795 5405 2026 5444 annum-

428 5482 722 5548 autetcdit,
757 5493 812 5537 et
839 5480 902 5538 ad
939 5477 1125 5534 mundi
1159 5495 1334 5549 usque
1366 5479 1580 5535 initium
1617 5483 1996 5551 protenditur:

429 5579 519 5630 ttbi
555 5579 784 5648 singulis
813 5572 1130 5646 [‘alllalClllS
1167 5579 1385 5627 centum
1417 5574 1593 5629 aetatis
1621 5591 1809 5640 annos,
1862 5592 2002 5628 non-

430 5672 719 5740 ttnllosqtte
784 5671 920 5724 alios
968 5668 1239 5722 iulet'tlum
1295 5681 1456 5733 supra
1507 5682 1668 5736 quam
1738 5666 1998 5722 llebrazus

429 5770 603 5815 textus
623 5761 773 5816 ellcrt
811 5760 1138 5815 LXXiutero
1168 5772 1283 5812 cies
1313 5758 1484 5828 largiti
1513 5767 1662 5822 sunt,
1689 5759 1741 5812 in
1774 5773 2002 5829 eamque

2095 3184 2242 3224 nium
2275 3172 2392 3237 loco
2422 3170 2492 3226 ab
2522 3169 2876 3241 Septuaginta
2905 3173 3188 3228 seniorum
3227 3175 3524 3229 rationibus
3553 3177 3646 3226 dus-

2091 3262 2348 3327 cessisse,
2408 3264 2672 3318 tributum
2716 3267 2767 3318 ei
2795 3264 2967 3334 culpae
2992 3265 3155 3320 fuerit
3189 3303 3205 3319 .
3235 3265 3371 3321 Nam
3396 3268 3531 3336 quod
3550 3280 3650 3334 spe-

2091 3361 2206 3408 ctat
2229 3367 2499 3408 annorum
2535 3371 2804 3410 summam
2836 3370 2904 3410 ac
2936 3356 3163 3422 seriem,
3202 3373 3275 3413 ne
3305 3358 3421 3427 ipse
3457 3356 3648 3424 quidem

2099 3462 2161 3500 ea
2194 3446 2264 3502 de
2313 3463 2397 3511 re,
2441 3463 2566 3517 quae
2592 3447 2726 3501 nihil
2779 3450 3062 3517 proposito
3110 3451 3268 3518 operi
3326 3450 3649 3512 conducebat.

2094 3540 2358 3595 sollicitus
2393 3538 2563 3595 fuisse
2613 3541 2865 3604 videtur;
2919 3549 2974 3595 et
3021 3550 3292 3609 praeterea
3327 3555 3454 3598 sunt
3483 3543 3567 3613 qui
3597 3542 3653 3595 ds

2094 3647 2221 3686 vera
2240 3632 2364 3700 ejus
2388 3633 2600 3686 numeri
2624 3633 2731 3688 942
2750 3632 3070 3701 scriptione,
3095 3645 3194 3688 aut
3227 3651 3468 3699 summa,
3493 3649 3655 3703 quem.

2092 3723 2387 3780 admodum
2440 3726 2511 3781 ab
2562 3725 2680 3794 ipso
2730 3738 2955 3782 auctore
3015 3737 3205 3798 putata
3262 3730 3357 3796 sit,
3409 3728 3654 3783 dubitent.

2097 3814 2355 3884 Equidem
2391 3817 2465 3871 ita
2503 3818 2703 3871 habent
2747 3827 2801 3871 et
2832 3817 3046 3883 Graeca,
3104 3835 3225 3890 quae
3260 3836 3325 3875 ex
3376 3823 3480 3876 alio
3513 3835 3655 3890 opera

2097 3905 2342 3976 Scaliger
2375 3906 2582 3970 laudat,
2632 3907 2847 3964 Eusebii
2882 3911 3045 3966 verba
3081 3927 3098 3966 :
3147 3910 3313 3966 Κατὰ
3342 3913 3466 3976 τοὺς
3499 3913 3574 3986 θ’,
3601 3913 3656 3961 τὰ

2099 3999 2199 4068 μὲν
2221 3999 2433 4054 ἀπὸτοῦ
2460 3999 2660 4076 Ἀδεὶιμν
2689 4002 2781 4052 ἐπὶ
2799 4003 2891 4054 τὸν
2918 4003 3336 4083 κατακλυσμὸν,
3362 4007 3453 4073 ἐτη
3496 4001 3656 4074 papa,

2096 4091 2165 4144 τὰ
2184 4089 2240 4143 δὲ
2271 4088 2378 4143 ἀπὸ
2405 4088 2498 4142 τοῦ
2528 4091 2941 4166 κατακλυσμοῦ,
2969 4091 3062 4147 Ini
3087 4095 3147 4148 τὸ
3175 4091 3245 4148 α’
3268 4096 3392 4161 ἔτος
3410 4097 3657 4170 ’Δῦραὰμς

2098 4184 2192 4252 ἐτη
2221 4179 2366 4252 λμ6’.
2401 4186 2468 4239 τὰ
2509 4185 2686 4238 πάντα
2710 4183 2805 4254 ἐτη
2839 4186 3021 4256 γρπδ’,
3051 4185 3237 4241 Juxta.
3284 4187 3431 4242 LXI
3451 4193 3513 4242 ab
3537 4189 3660 4241 Ada-

2097 4295 2182 4332 mo
2214 4294 2378 4348 usque
2404 4280 2474 4330 ad
2516 4279 2775 4332 diluvium
2808 4279 2935 4334 anni
2977 4292 3101 4335 sunt
3148 4281 3344 4347 22‘2;
3393 4299 3426 4335 a
3482 4279 3659 4334 diluvia

2099 4383 2274 4424 autem
2305 4387 2470 4441 usque
2501 4372 2570 4424 ad
2595 4373 2826 4438 primum
2861 4372 3152 4426 Διί-αλιαωὲ
3179 4390 3408 4440 annum,
3448 4373 3564 4429 ΜΞ.
3586 4371 3660 4426 Si-

2029 4474 2069 4527 D
2097 4460 2207 4515 mut
2231 4477 2407 4515 omnes
2443 4464 2564 4515 anni
2598 4462 2758 4517 5184.
2795 4461 3018 4526 Veru,
3047 4473 3103 4517 ut
3131 4461 3244 4516 haec
3274 4467 3351 4518 sit
3375 4464 3694 4530 Ettsebiam“

2103 4565 2336 4614 summa,
2375 4551 2603 4604 minime
2633 4565 2694 4603 ca
2722 4561 2901 4606 tamen
2931 4530 3036 4616 est;
3073 4565 3236 4621 quam
3271 4553 3344 4607 ab
3377 4556 3574 4606 Adamo
3601 4551 3656 4600 ad

2103 4641 2469 4695 Aurahatnum
2487 4642 2747 4710 colligunt
2771 4639 3066 4711 Septuagin
3095 4657 3148 4707 a,
3172 4643 3267 4711 qui
3289 4642 3654 4698 intermedium

2104 4745 2134 4785 a
2179 4731 2384 4786 diluvio
2442 4733 2678 4801 spatium
2714 4732 2875 4785 anuis
2903 4741 3134 4786 onerant
3177 4746 3345 4800 supra
3383 4729 3658 4786 Eusctium

2106 4823 2219 4879 l’erc
2248 4826 2528 4880 trecentis.
2583 4823 2875 4876 Ettsebiaui
2905 4833 3168 4891 praeterea
3202 4823 3349 4884 libri,
3401 4826 3496 4876 hos
3525 4824 3655 4879 dico,

2105 4917 2198 4987 qui
2231 4933 2296 4971 ex
2337 4917 2534 4970 Latina
2577 4921 2843 4971 duntaxat
2877 4915 3186 4985 llietonymi
3226 4913 3659 4985 interpretatione-

2105 5017 2416 5077 superant,
2499 5023 2598 5079 pro
2675 5009 2977 5062 editionum
3031 5010 3338 5071 varietate,
3399 5017 3453 5062 et
3510 5007 3657 5061 libra-

2106 5100 2313 5154 riorum
2365 5102 2777 5171 interpolatioue
2823 5102 3065 5156 diversas
3109 5102 3177 5156 ad
3220 5103 3366 5156 hunc
3411 5097 3650 5155 Cltronici

2105 5191 2283 5245 locum
2346 5193 2416 5246 ab
2471 5196 2606 5249 orbe
2654 5194 2870 5249 condito
2919 5209 3158 5248 summas
3205 5193 3546 5262 concipiunt.
3597 5188 3662 5241 Et

2106 5299 2418 5354 quanquam
2447 5287 2826 5356 castigatiores
2859 5287 2895 5339 ii
2923 5287 3182 5339 dicuntur
3212 5286 3453 5340 l‘ontaco
3479 5294 3532 5337 et
3567 5279 3654 5332 Pc-

2107 5379 2252 5432 tavio
2297 5380 2536 5446 codices,
2581 5383 2672 5449 qui
2706 5398 2734 5433 a
2779 5380 2985 5436 diluvio
3038 5380 3104 5434 ad
3152 5377 3517 5434 Abrahamum
3566 5385 3654 5444 pro

2107 5472 2212 5529 9ιῖ
2238 5491 2411 5532 annos
2449 5488 2764 5546 computant
2795 5477 2952 5542 1072,
2998 5491 3058 5531 ea
3093 5489 3272 5531 tamen
3318 5488 3527 5529 summa
3558 5470 3656 5524 ad—

2111 5567 2216 5618 huc
2265 5575 2347 5620 est
2395 5565 2906 5636 Septuagintavirali
2957 5564 3166 5619 calculo
3217 5565 3402 5618 solidis
3451 5570 3648 5614 centum

2100 5659 2384 5729 sexaginta
2418 5658 2577 5712 annis
2612 5659 2810 5724 minor,
2838 5666 3100 5726 quantum
3128 5671 3318 5725 nempe
3346 5656 3414 5708 ab
3440 5666 3504 5708 eo
3523 5663 3649 5704 anno

2109 5755 2246 5809 547i
2305 5756 2535 5811 decedit.
2596 5753 2750 5807 l'rior
2776 5763 2957 5807 autem
3012 5753 3123 5818 illa,
3161 5768 3280 5821 qua:
3331 5751 3471 5803 solos
3518 5748 3647 5812 putat
