3908 6174
299 246 397 302 713

1554 241 1964 302 VALLARSH
2001 243 2242 305 ΝΟΤιΕ.

3441 240 3543 304 7ἳῶ

295 348 418 411 942,
463 358 675 417 recepta
749 359 837 404 est
887 350 1047 419 vulgo
1106 359 1360 419 tanquam
1419 365 1486 404 ex
1547 352 1766 406 Eusebii
1813 362 1868 405 et
1897 355 1940 414 Α
1971 355 2023 406 in
2053 355 2270 422 praeﬁxa
2311 354 2434 407 huic
2465 364 2610 406 tomo
2668 350 3004 418 prmfatione,
3035 352 3402 406 commodiore
3431 358 3543 406 sei-

295 436 606 508 Hieronymi
645 448 822 492 mente
873 440 940 492 ab
993 441 1247 494 omnibus
1281 441 1404 494 lere
1447 442 1623 496 aetatis
1675 444 1864 498 media:

293 531 662 600 chronologis,
695 530 912 594 Oresio,
947 531 1110 594 Beda,
1149 533 1473 602 Freculpbo,
1517 544 1680 602 atque
1715 537 1862 598 aliis,

293 621 390 690 qui
421 638 480 676 se
508 623 730 676 calculis
755 623 1075 678 Euscbianis
1111 625 1374 679 insistere
1405 626 1742 690 proﬁtentur.
1771 628 1866 680 Est

293 711 462 780 igitur
501 710 874 779 manifestum,
905 728 1084 782 neque
1113 714 1172 766 ὲν
1199 716 1465 784 παρέργῳ
1495 719 1864 784 disputantem

290 803 362 853 de
417 800 842 868 patriarcharum
891 803 1050 856 annis
1105 804 1400 858 Eusebium
1436 845 1451 870 ,
1510 805 1865 876 Septuaginta

297 887 657 957 lnterpretum
696 891 871 944 abuti~
901 890 1229 956 rationibus,
1281 893 1439 962 cujus
1488 907 1572 949 est
1621 905 1767 949 tanta
1797 898 1865 950 ab

291 979 404 1034 illis
449 981 740 1045 dissensio,
779 991 980 1050 quanta
1034 998 1140 1036 non
1175 985 1308 1039 solis
1343 987 1524 1052 annis,
1555 987 1649 1041 sed
1689 987 1865 1043 tribus

288 1086 559 1124 annorum
595 1073 857 1127 centuriis
886 1074 1214 1130 continetur.

365 1162 481 1215 Jam
522 1179 654 1216 vero
685 1166 795 1218 duo
839 1174 990 1229 sunt,
1041 1166 1093 1218 in
1144 1181 1402 1235 quorum,
1432 1169 1543 1223 ha‘c
1604 1170 1866 1226 hactenus

288 1255 699 1319 diSputavimus
732 1259 981 1324 gratiam.
1031 1257 1107 1311 Ac
1158 1262 1390 1327 primum
1440 1261 1634 1316 conﬁci
1675 1277 1738 1315 ex
1783 1263 1868 1317 bis

289 1348 579 1398 manifeste
597 1348 1003 1411 contendimus,
1049 1349 1245 1414 injuria
1275 1352 1470 1404 notarii
1494 1335 1782 1406 Eusebium
1801 1357 1867 1407 ab

289 1440 569 1507 St-aligero
624 1442 927 1509 ἀντιλογίας
966 1442 1114 1509 vitio,
1142 1445 1232 1512 qui
1265 1461 1390 1497 eum
1423 1456 1477 1498 ut
1506 1446 1869 1501 conﬁdentius

283 1533 539 1600 castiget,
586 1531 835 1602 Synccllo
875 1535 968 1587 dat
1021 1549 1214 1588 manus
1264 1551 1278 1590 :
1327 1535 1539 1597 Merito.
1592 1537 1865 1605 inquiens,

287 1623 710 1690 reprehenditur
735 1639 765 1677 a
795 1623 1028 1695 Georgio
1078 1625 1367 1689 Eusebius,
1401 1630 1545 1696 quod
1595 1645 1718 1683 cum
1759 1632 1862 1683 tui-

1969 444 2090 500 licet
2118 447 2256 507 loco,
2305 447 2679 508 edisserimus,
2711 459 2874 513 quam
2904 442 3041 499 adeo
3078 453 3137 497 nt
3172 445 3403 507 recolas,
3439 459 3542 496 an-

1963 544 2142 589 ctet-es
2168 550 2374 590 sumus.

2032 627 2152 682 Col.
2182 627 2289 680 254
2326 629 2387 679 Λ.
2425 627 2565 679 Anni
2593 643 2683 680 ον.
2719 625 2893 694 Atque
2922 633 3006 680 est
3035 625 3252 692 quidem
3285 625 3386 678 iste
3420 640 3544 693 pro-

1966 719 2083 790 pior
2115 719 2181 775 ad
2213 719 2368 771 ﬁdem
2407 725 2686 783 tinnit-rus,
2740 734 2902 787 quem
2949 727 3003 772 et
3049 733 3195 772 nunc
3244 720 3544 786 praeferunt

1968 813 2208 866 melioris
2249 822 2388 865 noue
2422 811 2776 879 Chronologi.
2814 810 2919 864 Sed
2969 825 3159 880 magna
3211 810 3337 863 hitfe
3365 811 3543 863 oritur

1966 901 2274 954 Africanum
2329 901 2476 955 inter
2521 909 2577 956 et
2610 901 2904 956 Eusebium
2945 900 3216 954 dissensio
3266 916 3534 956 annorum

1965 993 2187 1045 circiter
2223 991 2347 1056 162,
2403 1006 2510 1058 qua
2570 991 2622 1044 itt
2683 1007 2742 1045 re
2795 991 3178 1044 Caesariensem
3230 992 3537 1058 episcopum

1969 1080 2257 1150 Syncellus
2319 1082 2497 1134 denuo
2549 1081 2892 1135 criminatur.
2953 1077 3173 1130 Scilicet
3217 1092 3336 1130 cum
3384 1077 3539 1140 juxta

1966 1172 2303 1234 Africanum,
2337 1179 2500 1238 atque
2523 1185 2585 1222 ex
2618 1167 3338 1234 veterum.chronologorutu
3373 1166 3541 1218 ferme.

1967 1261 2210 1318 omnium
2283 1277 2551 1316 consensu
2636 1262 2702 1315 ad
2758 1261 3232 1330 quadragesimum
3286 1269 3538 1327 quartum

1970 1349 2090 1404 Nini
2119 1365 2344 1413 annum,
2396 1349 2687 1402 Abrahami
2720 1358 2901 1402 ortum
2941 1347 3208 1401 Eusebius
3247 1347 3540 1406 retulisset,

1967 1451 2214 1511 posteros
2261 1456 2327 1494 ex
2369 1441 2559 1494 ordine
2603 1441 2950 1509 Assyriorum
3005 1453 3162 1507 reges
3217 1452 3542 1491 enutueram

1969 1547 2142 1602 usque
2170 1533 2234 1586 ad
2259 1532 2514 1600 Eupalem
2538 1530 2715 1600 (cujus
2739 1531 2888 1600 regni
2916 1529 3251 1583 tricesimum
3285 1539 3539 1597 quartum

1970 1639 2171 1678 annum
2205 1622 2336 1677 facit
2366 1637 2488 1677 cum
2506 1620 2811 1687 Salomonis
2845 1621 3045 1690 templo
3070 1621 3444 1686 concurrere),
3470 1625 3537 1672 ad

286 1728 481 1765 norem
517 1729 807 1768 numerum
839 1714 994 1784 sequi
1053 1732 1111 1770 se
1146 1719 1481 1786 proﬁteatur,
1523 1730 1701 1772 tamen
1763 1720 1858 1775 Sc-
1891 1688 1936 1746 B
1964 1715 2353 1770 Hebraicarutn
2385 1729 2448 1769 ex
2480 1716 2708 1769 adverso
2735 1728 2912 1767 rerum
2943 1713 3140 1766 seriem
3167 1712 3366 1782 exegit,
3402 1725 3538 1765 cou-

291 1807 840 1874 ptuagintaseuiores
870 1807 920 1859 in
945 1808 1028 1861 his
1055 1810 1321 1878 sequitur.
1341 1809 1558 1863 Falsum
1581 1813 1680 1865 hoc
1702 1813 1859 1880 plane

281 1910 414 1949 esse
463 1903 862 1962 demonstrant,
918 1915 1038 1968 quae
1071 1900 1332 1954 hactenus
1367 1902 1645 1971 disputata
1685 1914 1809 1958 sunt
1840 1921 1856 1965 ς

281 2002 354 2040 ac
393 1988 588 2042 falsum
614 2005 678 2042 ex
710 1989 970 2056 Scaligeri
1011 2004 1229 2059 quoque
1252 2005 1438 2055 sensu,
1469 1991 1764 2046 Eusebium
1805 1994 1857 2046 in

280 2094 352 2132 ea
399 2091 700 2148 temporum
735 2081 1042 2149 partitione,
1081 2096 1186 2150 qua
1224 2082 1484 2135 minorem
1530 2083 1632 2137 sibi
1671 2099 1858 2138 nume-

281 2186 408 2223 rum
433 2185 807 2240 proposuerat,
835 2187 863 2225 a
894 2173 1098 2227 diluvio
1127 2174 1334 2228 scilicet
1362 2174 1427 2226 ad
1451 2173 1854 2239 Abrahamum,

284 2261 643 2332 Septuaginta
683 2262 1009 2332 lnterpretes
1055 2279 1179 2319 esse
1218 2273 1486 2319 secutum.
1523 2265 1674 2330 Quod
1714 2266 1758 2320 si
1791 2266 1859 2320 tle

283 2355 567 2408 Chronico
609 2355 726 2419 ipso
777 2355 996 2409 Canouc
1039 2355 1232 2409 dicunt
1269 2355 1396 2425 ipsi,
1431 2356 1522 2424 qui
1559 2354 1854 2409 Eusebium

282 2445 534 2511 culpant,
572 2446 910 2513 propositum
945 2447 1160 2500 Eusebii
1202 2461 1266 2500 ac
1319 2455 1554 2499 mentem
1606 2461 1716 2498 non
1773 2445 1858 2499 vi-

285 2531 496 2584 dentur
547 2535 806 2586 assecuti.
847 2533 1034 2602 Neque
1082 2534 1230 2588 enim
1285 2525 1372 2586 iﬂe
1423 2533 1662 2589 incertus
1717 2536 1859 2589 inter

281 2632 580 2692 utrumque
612 2639 894 2678 numerum
923 2608 1108 2693 vagari
1143 2627 1335 2695 potuit,
1372 2627 1462 2693 qui
1501 2639 1756 2696 tempora
1786 2628 1856 2682 ab

279 2714 498 2766 Adamo
522 2716 587 2768 ad
615 2715 982 2770 Abrahamum
1015 2732 1120 2770 non
1151 2717 1399 2787 digessit,
1426 2718 1519 2772 sed
1552 2718 1857 2774 Abrahatno

278 2805 357 2856 ad
390 2802 510 2857 Nini
538 2813 748 2858 aetatem
800 2817 1117 2876 comparato
1165 2823 1229 2860 ex
1267 2807 1476 2862 Hebraei
1510 2818 1687 2862 textus
1743 2811 1857 2862 sive

279 2895 518 2949 minoris
547 2899 759 2956 numeri
805 2898 1212 2968 supputatione,
1247 2899 1494 2966 superius
1521 2900 1649 2953 illud
1691 2901 1858 2953 inter-

279 2989 511 3048 vallum,
544 2989 596 3039 in
618 2991 758 3055 quod
795 3005 892 3044 nec
915 2984 1097 3045 Graeca
1131 2990 1260 3048 ulla.
1289 3006 1385 3044 nec
1422 2991 1654 3045 Barbara
1684 2992 1850 3045 histo-

277 3075 369 3127 ria
409 3075 641 3130 conferri
673 3087 906 3144 poterat,
951 3081 1168 3133 curioso
1199 3080 1419 3132 cuilibet
1455 3080 1643 3133 lectori
1698 3097 1850 3134 reco-

279 3166 505 3218 lendum
557 3182 621 3218 ex
667 3167 944 3236 Scriptura
996 3170 1244 3237 reliquit;
1288 3179 1343 3222 ct
1377 3171 1418 3221 si
1476 3170 1590 3238 ejus
1631 3170 1848 3239 quidem

277 3272 460 3311 annos
481 3258 656 3310 obiter
703 3274 765 3311 ac
793 3260 958 3313 verbo
983 3270 1138 3314 tenus
1173 3263 1241 3314 ab
1281 3263 1494 3329 gemina
1523 3265 1728 3331 epocha
1770 3264 1850 3318 in-

277 3347 506 3413 dicavit,
546 3363 607 3402 ea
649 3349 904 3402 nimirum
937 3351 1004 3404 de
1027 3367 1188 3406 causa
1220 3352 1364 3415 fecit,
1403 3365 1460 3406 ιιι
1493 3369 1552 3408 se
1587 3356 1653 3409 ab
1682 3356 1852 3411 illius-

201 3481 204 3485 .
278 3448 399 3493 met
454 3440 676 3503 codicis,
731 3442 846 3495 sive
897 3440 1246 3512 Septuaginta
1294 3446 1570 3500 seniorum
1624 3448 1849 3502 calculis

276 3531 574 3586 dissentire
598 3547 662 3585 ex
690 3542 862 3600 parte,
883 3533 1126 3586 Cainano
1150 3536 1320 3588 altero
1339 3546 1635 3604 expuncto,
1663 3538 1853 3591 admo-

279 3630 459 3675 neret.
507 3622 772 3676 Caaterutn
816 3625 898 3677 sui
945 3625 1058 3678 haec
1104 3625 1337 3678 instituti
1372 3643 1477 3680 non
1509 3642 1650 3692 esse,
1690 3629 1852 3697 idque

278 3714 392 3765 sibi
441 3728 606 3766 unum
659 3716 1033 3782 proposuisse,
1086 3729 1345 3784 expresse
1398 3724 1550 3770 notat
1602 3719 1848 3785 praesenti

279 3805 571 3868 Opusculo,
603 3814 659 3857 ut
693 3807 760 3857 ab
792 3805 1060 3858 Abraham
1093 3815 1148 3858 et
1176 3804 1318 3860 Nino
1382 3809 1555 3875 usque
1583 3809 1647 3859 ad
1695 3823 1848 3861 suam

279 3904 500 3948 aetatem
563 3895 823 3949 inferiora
883 3906 1118 3964 tempora
1165 3908 1526 3965 persequatur
1581 3915 1597 3952 :
1639 3913 1747 3967 quo
1795 3901 1847 3952 in

281 4001 448 4054 opere
485 3987 738 4040 universo
774 3987 907 4039 nihil
945 4002 1077 4040 sane
1107 3996 1224 4040 erat
1255 4003 1321 4040 ex
1348 3987 1658 4042 Graecorum
1687 4005 1851 4060 exag-

283 4063 488 4147 geratis
520 4080 759 4131 numeris
810 4081 1184 4146 repetendum.
1226 4081 1492 4144 Alterum,
1529 4082 1671 4150 quod
1710 4082 1848 4135 iul'e-

287 4172 501 4228 rimus.
557 4170 681 4221 huic
729 4171 948 4234 quidem
1000 4170 1402 4222 consectarium
1453 4181 1556 4232 est,
1590 4173 1848 4224 momenti

283 4267 466 4309 autem
495 4259 664 4311 multo
693 4258 936 4326 majoris,
969 4269 1023 4312 et
1054 4259 1197 4326 quod
1229 4269 1380 4311 notat
1411 4259 1522 4312 fere
1556 4261 1845 4312 Eusebiani

1961 1808 2269 1862 tractiorem
2335 1820 2622 1858 numerum
2677 1803 2800 1857 libri
2852 1802 2998 1856 tertii
3025 1801 3233 1871 Regum
3293 1813 3536 1864 secutus,

1959 1912 2080 1951 cum
2135 1897 2426 1951 Africanus
2465 1895 2712 1949 latiorem
2767 1893 2890 1948 libri
2941 1890 3194 1946 Judicum
3250 1893 3534 1947 tenuisset.

1959 1991 2098 2044 Hinc
2148 1989 2352 2043 solidos
2403 1987 2492 2042 ille
2537 1997 2770 2055 quatuor
2821 2000 2976 2056 reges
3054 1985 3120 2039 ad
3167 1984 3538 2040 conciliandas

1958 2081 2192 2148 epocbas
2223 2081 2594 2146 praetermisit,
2626 2093 2766 2148 quos
2795 2094 2858 2132 ex
2891 2077 3078 2132 eodem
3114 2075 3372 2131 Africano
3397 2076 3504 2144 Syn
3525 2102 3540 2113 -

1957 2170 2123 2224 cellus
2160 2169 2428 2229 nominat,
2461 2168 2766 2232 Arabelum,
2793 2169 2950 2222 annis
2975 2168 3043 2221 η
3067 2185 3082 2232 ;
3115 2166 3400 2229 Chalaunt,
3423 2166 3492 2219 L5
3517 2183 3534 2232 ;

1960 2259 2214 2322 Attebum,
2259 2258 2372 2326 38;
2413 2259 2662 2322 Babium,
2717 2259 2807 2322 1’17,
2848 2267 2904 2312 et
2935 2259 3190 2312 continua
3215 2259 3375 2322 serie,
3415 2272 3536 2325 post

1958 2351 2246 2414 Teuteum,
2275 2352 2388 2405 sive
2419 2363 2544 2405 ante
2572 2352 2707 2404 duos
2734 2351 2867 2404 alios
2890 2351 2958 2404 ab
2988 2351 3192 2418 Eupale
3227 2366 3381 2416 reges
3408 2361 3490 2403 sta
3514 2383 3521 2389 -

1959 2445 2086 2498 tuit.
2127 2442 2436 2497 Monuimus
2489 2451 2669 2498 autem
2722 2457 2823 2496 nos
2865 2457 3050 2510 supra,
3111 2451 3314 2495 tantam
3345 2458 3530 2511 regum

1959 2537 2186 2593 istorum
2222 2537 2416 2590 seriem
2447 2551 2510 2590 ex
2547 2535 2766 2599 Ctesize,
2805 2535 3091 2603 scriptoris
3127 2542 3324 2588 caetera
3353 2534 3534 2586 vanis-

1959 2628 2106 2689 simi.
2140 2629 2469 2682 auctoritate
2499 2637 2777 2691 constare,
2813 2641 2977 2696 quam
3026 2626 3146 2681 ideo
3176 2641 3301 2680 cum
3346 2624 3538 2693 primis

1956 2705 2246 2774 Africanus
2285 2719 2441 2774 avide
2470 2718 2718 2788 arripuit,
2753 2730 2812 2772 ut
2846 2719 3145 2772 vetustiora
3193 2719 3350 2789 juvta
3386 2717 3536 2771 Grac-

1957 2826 2054 2866 cos
2104 2813 2342 2884 calculos
2404 2820 2648 2878 tempora
2711 2808 2938 2878 propius
2986 2809 3275 2878 attingeret
3331 2822 3346 2862 :
3402 2809 3533 2874 quin

1956 2905 2119 2956 etiam
2148 2889 2355 2958 alicubi
2398 2901 2597 2955 dicitur
2645 2899 2882 2960 auxisse,
2915 2900 3248 2953 ctun'adbuc
3275 2896 3414 2950 infra
3442 2913 3536 2950 eas

1958 2995 2198 3048 rationes
2225 2992 2573 3054 subsisteret,
2611 3005 2674 3045 ac
2707 2992 3001 3060 supplesse
3041 2989 3343 3058 pra-positis
3373 2988 3538 3042 Chal-

1920 3079 1924 3124 ῗ
1955 3081 2193 3135 ἀ;1’01ἰιιιι
2280 3089 2452 3152 atque
2491 3082 2731 3134 Arabum
2767 3078 3056 3149 dynastiis.
3115 3077 3287 3144 Quam
3317 3079 3533 3146 culpam

1956 3172 2028 3224 ita
2079 3171 2289 3226 amoliri
2324 3172 2391 3225 ab
2420 3187 2485 3226 eo
2515 3171 2758 3241 Scaliger
2787 3178 3039 3230 conatur.
3072 3178 3132 3223 ut
3165 3179 3356 3239 putare
3384 3170 3535 3223 malit.

1952 3262 2165 3332 aliquos
2217 3263 2405 3316 callide
2460 3263 2860 3331 praetermissos
2913 3276 3069 3331 reges
3121 3275 3150 3313 a
3208 3260 3412 3321 Ctesia.
3461 3260 3528 3311 ad

1954 3351 2511 3406 aeratnChaldzeorum
2541 3351 2694 3405 initio
2716 3351 2842 3405 Nini
2874 3349 3394 3404 accommodandam
3423 3364 3436 3400 :
3469 3365 3532 3403 ac

1956 3457 2117 3511 porro
2148 3443 2326 3496 acrius
2351 3442 2403 3496 in
2442 3443 2736 3497 Eusebium
2768 3443 3042 3494 invehitur
3071 3443 3126 3494 in
3158 3443 3366 3508 pra‘zlat.
3399 3451 3450 3494 et
3479 3443 3528 3493 iu

1954 3534 2538 3596 animadversionibus,
2587 3548 2759 3602 quem
2810 3533 2884 3586 ait
2935 3533 3146 3587 facinus
3180 3547 3354 3600 neque
3387 3534 3531 3586 bono

1953 3622 2072 3676 viro
2124 3639 2300 3691 neque
2350 3623 2726 3678 ecclesiastico
2761 3623 2983 3692 dignttm
3036 3624 3345 3686 admisisse,
3398 3640 3527 3676 cum

1953 3729 2186 3783 quatuor
2217 3716 2374 3769 modo
2413 3715 2663 3768 laudatos
2693 3730 2843 3784 reges
2871 3717 2986 3768 suis
3018 3715 3248 3783 ipsemet
3302 3717 3527 3768 rationi-

1954 3808 2054 3860 bus
2083 3815 2332 3870 roactus,
2363 3807 2430 3858 ab
2456 3806 2697 3860 Al’ricani
2723 3805 2980 3872 Catalogo
3009 3807 3292 3872 expunxit.
3325 3805 3523 3858 Verum

1956 3897 2242 3965 Dionysius
2276 3895 2548 3960 Petavius,
2612 3911 2668 3950 re
2700 3897 3018 3964 diligentius
3045 3899 3315 3963 exposita,
3359 3896 3528 3949 Euse-

1955 3988 2098 4040 bium
2125 3989 2191 4039 ab
2221 3990 2452 4056 impacta
2476 3988 2743 4053 calumnia
2774 3987 3014 4041 vindicat
3044 3988 3139 4041 lib.
3173 4003 3245 4050 ix,
3281 4003 3402 4055 cap.
3438 3987 3530 4043 i2.

1953 4077 2029 4131 De
2069 4078 2320 4130 Doctrina
2366 4088 2678 4146 temporum,
2709 4088 2760 4130 et
2801 4079 2856 4130 in
2887 4078 3436 4131 Animadversionibus
3463 4080 3531 4129 ad

1958 4167 2311 4236 Epiphaniam
2345 4185 2363 4220 :
2403 4169 2692 4224 liiceiolius
2717 4184 2936 4238 quoque
2969 4170 3022 4222 in
3055 4170 3409 4240 Chronologia
3437 4169 3534 4223 Re-

1955 4264 2208 4327 jormntn,
2243 4272 2374 4314 tom.
2416 4262 2453 4326 Ι,
2488 4277 2612 4329 cap.
2649 4260 2704 4323 2,
2727 4277 2957 4330 quorum
2987 4271 3327 4330 argtttttenta.
3360 4247 3533 4331 quan-

282 4352 634 4416 syntagmatis
704 4351 1018 4403 memoriam
1075 4351 1336 4405 continet.
1390 4349 1594 4418 Nempe
1641 4359 1847 4403 tantum
1884 4370 1930 4428 D
1958 4353 2026 4405 do
2061 4352 2147 4406 hic
2181 4368 2274 4416 per
2306 4361 2555 4406 notarunt
2585 4354 2866 4421 angustias
2897 4369 3009 4406 non
3047 4355 3194 4414 licet,
3230 4355 3281 4406 in
3315 4355 3530 4422 praeﬁxa

284 4441 477 4493 abesse
531 4442 914 4495 centenditnus
947 4457 973 4493 a
1020 4440 1194 4494 Graeci
1229 4442 1552 4510 exemplaris
1590 4449 1849 4508 supputa-

287 4532 442 4582 tione
487 4530 540 4581 in
598 4533 698 4583 hoc
730 4530 1046 4582 adornaudo
1095 4528 1371 4584 Chronico
1417 4531 1731 4590 Eusebium,
1793 4538 1852 4580 ut

279 4636 557 4688 nunquam
599 4622 668 4674 ab
705 4637 767 4675 ca
796 4637 1029 4685 summa,
1075 4638 1196 4690 qua:
1225 4626 1292 4676 ab
1331 4623 1462 4676 orbe
1516 4623 1736 4676 condito
1782 4623 1849 4675 ad

276 4712 565 4777 diluvium,
620 4722 781 4781 atque
834 4714 1028 4767 exinde
1068 4713 1132 4767 ad
1165 4715 1529 4767 Abrahamum
1565 4715 1754 4781 initur,
1786 4717 1850 4768 ad

276 4804 414 4856 alias
443 4813 745 4873 temporum
782 4807 1097 4873 sequiorum
1132 4819 1272 4876 teras
1300 4805 1576 4872 collegerit
1613 4807 1678 4860 iis
1711 4807 1844 4862 locis

279 4893 425 4948 haud
454 4909 582 4946 sane
610 4895 818 4962 paucis,
847 4897 1045 4963 quibus
1072 4896 1241 4950 totius
1271 4899 1453 4966 operis
1485 4898 1568 4950 sui
1598 4899 1847 4954 rationes

277 4981 348 5034 ad
385 4981 625 5037 diversas
669 4985 907 5054 epoclms
951 4994 1254 5054 comparat,
1303 5002 1371 5039 ac
1423 4995 1569 5040 certa
1619 4988 1846 5042 invicem

274 5077 448 5131 nectit
480 5077 656 5131 initia.
690 5077 795 5133 Sed
829 5094 951 5133 cum
1005 5080 1110 5135 hoc
1143 5081 1330 5148 paucis
1359 5080 1718 5136 demonstrari
1750 5097 1849 5136 ne.

273 5181 442 5238 queat
490 5185 506 5226 :
550 5173 621 5225 sit
654 5172 814 5226 etiam
869 5188 1010 5228 unus
1040 5185 1202 5241 atque
1247 5175 1384 5228 alter
1415 5173 1565 5227 locus
1600 5175 1651 5226 iu
1687 5174 1849 5229 editis

275 5261 454 5322 libris,
498 5270 559 5314 ut
609 5271 693 5316 est
755 5262 844 5315 ille
895 5265 960 5315 ad
1018 5280 1218 5316 annum
1252 5265 1546 5318 Abrahami
1581 5265 1705 5326 990.
1758 5265 1848 5334 qui

274 5353 565 5408 sententias
624 5352 751 5408 huic
800 5365 1000 5409 nostrae
1048 5356 1390 5424 refragantur
1419 5395 1432 5418 ,
1486 5372 1719 5425 quorum
1767 5365 1851 5413 est

275 5453 458 5497 tamen
493 5443 624 5497 ﬁdes
664 5446 844 5497 omnis
876 5445 1139 5499 elevanda
1177 5464 1192 5500 :
1229 5448 1458 5516 denique
1519 5457 1758 5502 veterum
1786 5461 1851 5501 ac

265 5535 642 5606 recentiorum
668 5537 974 5590 testimonia
1015 5548 1069 5592 et
1115 5550 1514 5608 praecone-optas
1565 5540 1848 5608 opittion‘s

275 5625 485 5682 diluere
506 5637 778 5695 oporteat,
799 5642 918 5696 qua:
949 5637 1198 5683 notarum
1225 5629 1463 5684 brevitas
1485 5646 1592 5685 non
1617 5631 1844 5701 patitur,

563 5721 832 5782 ΡΑτιιοι..
878 5723 983 5782 XX
1002 5720 1133 5783 γυ.

1959 4445 2088 4496 huic
2124 4453 2267 4497 tomo
2299 4443 2622 4511 prmfatione
2647 4445 3009 4498 laudavimus.
3046 4445 3222 4500 Unum
3256 4448 3528 4508 addimus,

1956 4535 2098 4599 quod
2138 4535 2251 4587 sive
2313 4534 2631 4600 imprudens
2665 4534 2930 4588 Eusebius
2955 4550 3050 4588 eos
3085 4550 3239 4597 reges
3265 4537 3532 4594 omiserit,

1955 4623 2069 4677 sive
2105 4632 2251 4677 certo
2277 4638 2404 4676 usus
2435 4624 2666 4678 consilio
2701 4625 2767 4678 ad
2796 4625 3026 4678 aliorum
3054 4638 3530 4680 monumentorum

1956 4712 2114 4766 ﬁdem
2152 4713 2475 4782 repudiarit,
2510 4715 2651 4769 haud
2687 4725 2836 4769 certe
2866 4717 3048 4769 minus
3075 4717 3144 4770 ab
3181 4717 3300 4781 ejus
3334 4719 3529 4770 adver-

1953 4802 2099 4855 sario
2133 4803 2389 4871 Synccllo
2419 4814 2583 4872 atque
2629 4805 2774 4868 aliis,
2807 4804 2858 4857 in
2891 4805 2974 4859 liis
3012 4808 3358 4860 recensendis
3391 4806 3530 4876 regi-

1953 4891 2077 4958 bus,
2111 4904 2392 4961 peccatmn
2429 4895 2520 4958 sit,
2547 4911 2669 4949 cum
2701 4910 2785 4958 eo,
2829 4911 2937 4964 quo
2972 4896 3212 4950 diximus
3254 4899 3372 4952 loco
3413 4911 3533 4968 post

1955 4982 2217 5038 Teuteum
2252 4985 2374 5039 illos
2405 4986 2766 5052 constituunt,
2794 4987 2885 5054 qui
2919 5003 2984 5040 ex
3016 4989 3306 5056 propositis
3337 4991 3530 5045 Ctesias

1953 5089 2016 5128 ac
2036 5073 2400 5142 Cephallionis
2425 5077 2749 5140 rationibus,
2769 5086 2891 5130 ante
2911 5093 3084 5134 annos
3107 5081 3218 5134 fere
3237 5084 3529 5150 octoginta.

1955 5178 2118 5232 atque
2169 5167 2306 5220 adeo
2362 5177 2487 5220 ante
2540 5167 2837 5222 Taulanem
2899 5173 3133 5236 ponendi
3186 5189 3332 5229 sunt.
3378 5184 3435 5226 ιιι
3467 5189 3532 5226 ex

1952 5275 2140 5314 eorum
2176 5259 2462 5329 liypotbesi
2495 5271 2734 5322 constet,
2786 5277 2815 5315 a
2853 5261 2996 5330 Belo,
3028 5275 3122 5318 aut
3155 5265 3310 5326 Nino,
3341 5266 3531 5328 primis

1951 5353 2294 5421 Assyriorum
2354 5352 2597 5420 regibus,
2649 5369 2812 5422 supra
2848 5357 2991 5410 mille
3039 5372 3210 5410 annos
3262 5357 3532 5411 rllluxisse

1954 5464 2128 5517 usque
2174 5448 2242 5501 ad
2278 5447 2602 5514 Tautanem,
2637 5467 2794 5518 quem
2830 5451 3038 5506 faetunt
3068 5469 3191 5505 cum
3233 5452 3410 5520 Troja:
3433 5468 3530 5505 ev-

1953 5540 2096 5592 citlio
2128 5554 2476 5602 concurrere,
2515 5551 2569 5596 et
2598 5557 2626 5595 a
2659 5557 2768 5612 quo
2803 5544 3074 5599 Priamum
3116 5546 3396 5616 suppetias
3433 5563 3533 5615 pe-

1956 5633 2085 5687 tisse
2121 5632 2387 5689 Diodorus
2423 5650 2639 5706 quoque
2671 5645 2922 5691 testatur.

3095 5728 3172 5788 23
