3864 6182
440 241 547 296 Tib

1716 232 2015 297 VALLAR

2154 230 2399 294 NOTIE.
3534 231 3616 295 Ἷὶὒ

503 345 621 402 Col.
655 345 761 400 254
794 346 856 400 A.
890 347 933 400 Α
967 345 1157 400 Tiberii
1193 354 1364 400 autem
1403 344 1584 414 quinto
1617 344 1815 398 decimo
1835 360 1995 398 anno.
2026 351 2074 405 Α
2102 342 2418 396 vicesimum
2447 339 2682 409 primum
2752 337 3096 409 imperatoris
3123 335 3428 396 decurrere.
3459 337 3620 395 Verum

439 436 740 505 PericOpeii
787 436 927 490 hanc
955 453 988 488 a
1027 435 1218 488 Tiberii
1247 436 1423 504 quinto
1448 434 1647 488 decimo
1677 450 1817 486 anno
1840 426 2002 501 usque

441 527 510 581 ad
523 528 1038 595 decimumquartum
1073 525 1322 591 Valentis,
1354 537 1482 588 etc.,
1524 526 1805 594 ipsamque
1828 536 2002 577 anno-

443 636 561 674 rum
606 621 689 674 bis
728 619 871 672 mille
900 625 1201 672 tercentum
1237 618 1528 687 nonaginta
1561 617 1800 686 quinque
1847 629 2001 669 sum-

446 726 611 771 mam,
653 712 716 763 de
745 725 847 764 suo
875 709 1262 779 Hieronymum
1293 708 1589 771 addidisse,
1611 720 1771 760 nemo
1801 713 1884 760 est
1909 705 2004 772 qui

442 815 547 852 non
585 799 868 869 intelligat,
899 809 956 852 et
987 801 1039 852 in
1082 799 1417 867 praefationis
1461 799 1609 852 calce
1666 805 1891 851 testatus
1920 803 2005 850 est

447 891 581 959 ipse,
615 895 655 942 Α
689 888 1044 956 Constantini,
1077 890 1347 958 inquiens,
1379 887 1622 941 vicesimo
1649 903 1811 950 anno,
1843 899 2005 955 usque

446 984 514 1035 ad
546 983 881 1035 consulatum
920 982 1274 1051 Augustorum
1334 981 1559 1034 Valentis
1586 995 1634 1033 Vl
1683 989 1730 1034 et
1769 977 2008 1032 Valenti-

442 1073 589 1126 niani
635 1056 846 1137 iter—um,
882 1080 1047 1124 totum
1091 1086 1262 1126 meum
1291 1080 1386 1125 est.
1419 1069 1524 1124 Sed
1561 1069 1689 1123 illud
1724 1071 2007 1137 hucusque

374 1190 378 1196 -
441 1162 588 1231 ipsos
633 1163 788 1217 latuit
839 1163 1064 1230 hujusce
1113 1163 1232 1216 libri
1264 1162 1520 1226 editores,
1551 1159 1695 1229 quod
1727 1174 1832 1212 uno
1866 1172 2008 1214 anno

441 1267 606 1321 supra
639 1253 852 1306 Eusebii
895 1255 1131 1307 rationes
1176 1251 1594 1324 llieionymiaua
1625 1251 1872 1305 collectio
1907 1251 2008 1304 ist-

445 1343 560 1398 hiec
588 1345 826 1398 abundat
857 1359 874 1409 ;
910 1345 1054 1412 quod
1087 1354 1169 1399 est
1196 1345 1412 1414 quidem
1437 1357 1616 1413 operae
1649 1344 1880 1413 pretium
1922 1341 2011 1398 hic

442 1436 741 1494 monuisse.
797 1433 932 1488 Nam
966 1435 1236 1490 Eusebius
1267 1435 1337 1489 ab
1378 1435 1689 1489 Abrahamo
1739 1433 1809 1488 ad
1859 1433 2012 1488 deci—

445 1543 593 1581 mum
622 1527 873 1596 quintum
905 1527 1108 1583 Tiberii
1143 1541 1344 1581 annum
1373 1527 1635 1581 inclusive
1676 1540 1850 1580 annos
1881 1539 2010 1594 sup-

443 1627 595 1685 putat
623 1617 784 1682 20H,
818 1627 876 1673 ut
905 1618 960 1671 in
990 1618 1090 1672 hac
1117 1618 1278 1672 modo
1301 1616 1614 1687 pratiatione
1647 1625 1875 1670 testatus
1903 1624 2009 1680 est,

2104 433 2375 489 Eusebius
2431 445 2538 486 non
2588 429 3119 492 Constantinianum,
3173 437 3232 482 ut
3280 426 3428 481 facile
3458 433 3622 497 putarit

2103 525 2487 594 Hieronymus,
2517 524 2611 578 sed
2639 523 3106 578 Abrahamiticum
3133 529 3444 589 sequentem
3464 535 3626 574 annum

2103 633 2202 688 pro
2234 630 2386 672 more
2421 630 2525 672 suo
2551 616 2711 679 dixit,
2742 615 3024 682 voluitque
3053 613 3189 667 adeo
3213 612 3316 666 sibi
3345 621 3532 665 tantum
3554 612 3632 665 do-

2105 710 2307 775 cuisse,
2344 708 2444 762 sub
2483 708 2643 761 linem
2694 706 2823 760 anui
2858 707 2926 759 ali
2954 705 3265 759 Abrahamo
3297 702 3451 766 2552,
3480 705 3557 772 qui
3582 705 3634 757 :ib

2103 812 2364 854 autumno
2419 799 2733 866 inceperat,
2785 808 2978 866 etquo
3033 810 3194 850 suum
3225 809 3362 863 opus
3391 795 3639 858 concludit,

2105 891 2405 946 vicennalia
2476 889 2814 946 Constantini
2865 885 3160 950 incidisse.
3211 901 3336 955 quae
3381 888 3639 954 insequenti

2106 994 2251 1035 anno
2296 979 2482 1034 itidem
2524 978 2938 1033 Abrahamitlco
2964 979 3033 1031 ab
3063 988 3332 1031 autumno
3370 975 3642 1044 incipiente,

2105 1085 2268 1139 quem
2319 1079 2498 1123 tamen
2547 1069 2769 1123 minime
2819 1068 3019 1136 attigit,
3070 1067 3272 1122 fuerint
3311 1065 3486 1120 Roma:
3509 1067 3646 1122 edita.

2107 1161 2304 1215 Fusius
2332 1171 2512 1215 autem
2554 1162 2671 1216 haec
2720 1161 2835 1215 suis
2887 1175 3116 1229 quoique
3155 1159 3295 1214 locis
3323 1169 3640 1225 exponentur.

2107 1249 2192 1307 Ci.
2239 1250 2364 1305 Maii
2399 1261 2581 1304 notam
2607 1251 2674 1304 ad
2703 1251 2906 1304 locum.

2182 1341 2317 1395 Ibid.
2357 1342 2418 1396 C.
2457 1339 2524 1394 In
2565 1340 2791 1394 decatlas
2833 1339 3149 1393 cecidimus.
3224 1336 3460 1408 Singulis
3487 1337 3668 1391 scilicet

2110 1434 2412 1489 decadibus
2462 1447 2728 1486 annorum
2761 1432 2830 1484 ab
2847 1431 3156 1484 Abraliamo
3183 1431 3464 1493 historias,
3497 1443 3658 1498 resque

2111 1535 2292 1596 gestas
2321 1527 2548 1579 aliarum
2577 1523 2820 1593 gentium
2846 1532 2900 1576 et
2929 1537 3220 1591 regnorum
3244 1522 3656 1585 accmnmodarit,

2112 1617 2255 1687 quod
2280 1633 2344 1672 ex
2374 1617 2493 1686 ipso
2522 1615 2645 1670 libri
2677 1615 2874 1668 intuitu
2907 1615 3257 1684 perspicuum
3286 1624 3388 1668 εει.
3425 1612 3654 1682 Scaliger,

441 1720 494 1763 et
535 1710 589 1764 In
621 1708 889 1764 Chronico
941 1723 1158 1780 queque
1195 1685 1313 1778 ipso
1345 1709 1566 1779 colligit.
1593 1707 1799 1763 Exinde
1831 1716 2010 1761 autem
2042 1685 2085 1741 Β
2117 1685 2209 1778 qui
2243 1685 2429 1760 multis
2447 1707 2653 1760 hancce
2682 1705 3044 1759 (econoiiiiam
3073 1705 3271 1773 Operis
3301 1705 3536 1772 exponit,
3561 1720 3658 1758 mo-

443 1801 510 1853 ad
552 1801 870 1854 vicesimum
926 1800 1272 1854 Constantini
1329 1800 1596 1852 inclusive
1649 1799 1866 1860 iterum,
1905 1811 2014 1865 quo

443 1876 865 1946 litie‘Canonem
918 1905 1080 1945 suum
1115 1891 1230 1959 ipse
1262 1889 1550 1955 conclusit,
1606 1903 1781 1943 annos
1811 1888 2017 1955 putaiit

441 1981 571 2047 298,
621 1981 711 2048 qui
747 1981 1124 2050 superioribus
1172 1982 1347 2052 juncti
1402 1996 1668 2036 summam
1717 1979 2018 2036 coniiciunt

443 2072 603 2126 2342.
634 2072 821 2127 Testes
843 2087 1061 2143 quoque
1085 2082 1214 2128 sunt
1235 2073 1381 2127 omni
1409 2073 1729 2142 exceptione
1759 2071 2014 2140 majores,

445 2165 689 2218 Anianus
711 2172 764 2218 et
815 2163 1132 2219 Panodorus
1163 2165 1302 2235 apud
1330 2165 1636 2235 Syncelluiii
1668 2165 1720 2218 iii
1770 2165 2018 2218 Chrono-

446 2256 669 2324 gi-aphia
701 2255 956 2311 editionis
1017 2253 1390 2327 Venetae-pag.
1421 2257 1512 2320 28,
1549 2256 1638 2325 qui
1668 2257 1735 2311 de
1789 2255 2020 2311 Eusebio

446 2355 694 2400 asserunt
728 2346 1005 2416 conceptis
1039 2348 1237 2410 verbis,
1267 2349 1411 2417 quod
1465 2347 1577 2402 ἀπὸ
1625 2347 1874 2416 Ἀϐραὰμ
1917 2350 2019 2410 ἕως

448 2437 546 2504 τῆς
582 2435 1021 2505 εἱκοσαετηρίδος
1072 2435 1484 2490 Κωνσταντὶνου
1529 2438 1586 2488 ἐν
1615 2438 1691 2504 τῷ
1718 2438 1858 2488 κατὰ
1885 2435 2021 2487 πλά-

443 2543 536 2588 τος
586 2526 783 2594 συνῆξε
837 2529 1031 2596 χρόνον
1082 2527 1458 2595 ὲτῶν,βτμβ’;
1523 2527 1586 2578 ab
1619 2526 1920 2579 Aura/tanto
1950 2526 2020 2578 ad

444 2617 738 2670 viceimalia
793 2633 955 2686 usque
1016 2615 1346 2672 Constantini
1379 2618 1452 2686 (et
1485 2610 2016 2686 inclusive'qiiiilem,

447 2717 507 2760 ut
552 2721 616 2760 ex
660 2709 908 2776 sequenti
951 2708 1273 2762 collectione
1317 2711 1490 2779 palam
1542 2711 1646 2779 est)
1697 2711 1750 2762 in
1805 2706 2019 2764 extenso

445 2811 595 2861 opere
628 2806 826 2865 tempus
860 2797 1066 2881 collein
1105 2815 1362 2853 annorum
1411 2802 1570 2855 2352.
1625 2801 1793 2857 Porro
1835 2814 2016 2858 autem

447 2885 810 2957 Hieronymus
846 2903 954 2942 uno
995 2889 1115 2957 plus
1143 2891 1347 2960 colligit
1383 2900 1496 2945 tum
1547 2895 1648 2948 hoc
1699 2896 1840 2962 ipso,
1875 2897 2016 2964 quod

2116 1809 2209 1856 net
2239 1800 2304 1854 de
2330 1797 2490 1854 annis
2523 1799 2592 1852 ab
2613 1798 2809 1862 Adam,
2840 1798 2956 1853 sive
2987 1813 3015 1851 a
3052 1797 3262 1850 mundo
3290 1795 3525 1857 condito,
3552 1810 3661 1864 quos

2117 1901 2329 1947 veteres
2382 1891 2650 1946 editiones
2711 1891 3082 1959 apponebant,
3116 1896 3176 1943 ut
3240 1889 3285 1942 si
3351 1887 3473 1956 quis
3522 1901 3663 1940 annos

2119 1985 2393 2039 Abraham
2419 1983 2718 2038 secundum
2738 1982 3028 2036 Eusebium
3065 1981 3272 2035 habere
3295 1980 3446 2042 velit,
3471 1979 3664 2032 deducat

2117 2091 2185 2131 ex
2225 2075 2389 2130 annis
2423 2074 2609 2128 mundi
2641 2073 2802 2139 5184,
2835 2088 2958 2128 eum
2993 2072 3137 2126 enim
3165 2086 3298 2126 esse
3329 2070 3658 2124 Eusebiauutii

2119 2182 2427 2222 numerum.
2455 2163 2591 2230 Nos,
2625 2175 2684 2220 ut
2719 2180 2838 2219 eam
2877 2165 3074 2219 seriem
3125 2166 3288 2233 plane
3317 2174 3504 2219 contra
3533 2161 3667 2215 Euse-

2120 2257 2194 2312 bii
2235 2267 2470 2311 mentem
2505 2271 2648 2318 esse,
2692 2256 2764 2310 ita
2792 2263 2847 2309 et
2883 2269 3165 2324 numerum
3199 2257 3379 2321 plane.
3396 2253 3596 2314 falsum,
3621 2251 3663 2304 iii

2121 2350 2497 2420 superioribus
2553 2348 2698 2403 notis
2755 2349 2890 2403 satis
2941 2346 3273 2415 abundeque
3317 2346 3664 2404 ostendimus,

2123 2459 2251 2499 cum
2282 2442 2465 2509 potius
2496 2456 2564 2496 ex
2597 2439 2815 2494 Eusebii
2846 2440 3149 2494 rationibus
3192 2437 3557 2508 colligendum
3588 2436 3662 2502 sit,

2119 2548 2269 2596 cum,
2323 2531 2478 2599 juxta
2506 2524 2942 2596 contractiorem
3006 2527 3218 2582 Hebraei
3273 2528 3480 2581 codicis
3509 2538 3668 2578 nume-

2121 2639 2270 2688 rum,
2304 2621 2598 2676 Ahrabami
2633 2631 2813 2675 ortum
2848 2619 3147 2675 contulisse
3186 2619 3245 2673 in
3289 2618 3472 2672 mundi
3500 2629 3666 2670 annum

2122 2716 2280 2780 I988,
2317 2731 2348 2769 a
2377 2730 2484 2783 quo
2513 2715 2746 2784 appositi
2776 2715 2902 2769 huic
2932 2714 3210 2768 Chronico
3252 2727 3382 2768 vere
3412 2705 3666 2766 Eusebiaiii

2123 2809 2329 2863 numeri
2359 2807 2646 2876 incipiunt.
3169 2822 3174 2826 ‘

2191 2901 2312 2956 Col.
2341 2900 2468 2955 236.
2503 2899 2842 2969 Assyriorum
2868 2913 3031 2966 reges.
3063 2897 3180 2951 Alia
3228 2895 3347 2951 fere
3375 2907 3456 2951 est
3487 2895 3535 2948 in
3560 2893 3669 2947 Par-

446 2979 782 3041 iiiterseruit,
823 2981 1212 3046 additaiiiento,
1242 2996 1354 3037 tum
1392 2987 1444 3037 in
1469 2987 1610 3040 sctie
1641 2997 1692 3040 et
1731 2990 2018 3041 contiiiua-
2042 3021 2084 3076 ε
2123 2993 2296 3048 mensi
2331 3009 2435 3046 ms.
2476 2993 2814 3060 epigraphe:
2849 2980 3007 3058 Reges
3051 2991 3288 3058 gentium
3342 2989 3666 3047 diversarum,

445 3072 597 3126 tione
635 3071 915 3139 Clll‘OlllCi,
949 3074 1001 3126 in
1033 3075 1189 3142 cujus
1219 3076 1326 3130 line
1351 3091 1527 3132 annos
1560 3090 1817 3147 supputat
1849 3079 2011 3134 2595.

445 3162 599 3228 Quod
632 3173 686 3218 et
716 3164 1054 3220 manifestius
1083 3167 1273 3234 liquet,
1308 3181 1431 3221 cum
1477 3184 1504 3220 a
1537 3168 1739 3222 Tiberii
1801 3171 2015 3225 decimo

442 3256 636 3324 quinto
661 3271 809 3310 anno
835 3257 1130 3323 exclusive,
1160 3257 1226 3311 ad
1250 3268 1504 3326 quartum
1536 3261 1806 3315 decimum
1843 3279 2018 3330 usque

445 3343 710 3429 Valentis.
752 3362 860 3416 quo
901 3349 1128 3414 interiit,
1161 3364 1338 3404 annos
1363 3361 1611 3406 numerat
1643 3353 1770 3407 551.
1799 3353 1935 3406 Nam
1969 3353 2014 3406 si

445 3436 513 3488 ad
546 3437 706 3504 20M,
766 3454 903 3508 quos
953 3439 1220 3498 Eusebius
1277 3443 1350 3497 ab
1406 3445 1703 3498 Abriilianii
1765 3457 1886 3500 ortu
1950 3445 2016 3500 ad

444 3523 622 3592 ipsum
683 3529 944 3584 inclusive
999 3531 1520 3601 dcciniutiiquintuin
1585 3533 1787 3588 Tiberii
1861 3537 2017 3590 colli-

442 3615 538 3684 git,
578 3615 1026 3691 llicronymianos
1077 3624 1243 3678 hosce
1276 3625 1377 3678 551
1437 3626 1687 3694 adjicias,
1728 3626 1816 3680 illa
1852 3628 2017 3681 uimi-

442 3723 561 3762 rum
595 3721 850 3781 exsurget
876 3729 1087 3768 summa
1133 3715 1294 3770 2595.
1347 3715 1672 3784 Coniputum
1713 3718 1878 3786 igitur
1909 3720 2016 3772 Eu-

442 3802 726 3855 scbianum
773 3804 949 3872 ipsum
1002 3820 1273 3860 annorum
1313 3808 1477 3873 2542,
1530 3809 1731 3878 quibus
1763 3820 1872 3863 tota
1900 3811 2020 3880 ejus

442 3890 670 3947 historia
721 3895 788 3949 ab
823 3897 1134 3952 Abrahamo
1180 3901 1246 3952 ad
1310 3899 1624 3954 vicesimum
1675 3900 2018 3956 Constantini

443 3983 771 4048 continetur,
810 4001 915 4038 uno
963 3996 1150 4040 contra
1183 3989 1422 4041 auctoris
1468 3989 1551 4040 sui
1606 3999 1843 4042 mentem
1878 4003 2020 4042 anno

444 4073 593 4126 anxit
611 4083 829 4126 sanctus
846 4073 1140 4142 interpres:
1164 4092 1282 4144 quae
1301 4093 1430 4131 Sani.-
1447 4077 1916 4131 animadversione
1937 4079 2020 4132 di-

445 4179 548 4232 gna
569 4180 659 4219 res
684 4175 787 4230 est,
817 4181 902 4228 ne,
933 4170 1275 4222 conturbatis
1299 4170 1465 4224 semel
1493 4170 1739 4234 calculis,
1765 4170 2017 4225 lectorem

441 4255 817 4333 iratisversuni
845 4269 986 4328 agat.
1019 4260 1235 4317 Erroris
1273 4279 1432 4331 porro
1465 4278 1653 4326 eausa,
1675 4278 1836 4333 quam
1857 4264 2021 4320 latius

2120 3085 2208 3153 qui
2241 3083 2475 3152 fuerunt,
2499 3091 2546 3134 et
2575 3090 2830 3150 quantum
2880 3087 3232 3148 regnaverunt
3282 3094 3302 3133 .'
3361 3095 3409 3132 et
3443 3079 3578 3144 prius
3602 3091 3670 3129 rr-

2118 3192 2202 3245 ges
2226 3176 2588 3244 Assyriorum.
2610 3171 2806 3233 Ninus,
2822 3181 2926 3225 etc.
2946 3171 3199 3223 Notatuni
3220 3185 3390 3237 porro
3419 3169 3578 3223 obiter
3598 3179 3674 3219 su-

2118 3283 2237 3338 pra,
2268 3267 2439 3321 videri
2474 3267 2674 3319 hancce
2725 3277 2913 3331 regum
2946 3261 3299 3331 Assyriorum
3337 3262 3527 3315 seriem
3575 3259 3674 3311 Cte-

2117 3357 2527 3426 siaa,scriptoris
2553 3363 2750 3408 caetera
2781 3352 3063 3417 leviSsiint,
3081 3352 3305 3420 ingenio
3322 3351 3671 3419 excogitatam,

2119 3452 2211 3520 qui
2261 3449 2429 3502 nimia
2467 3446 2810 3516 antiquitatis
2845 3443 3276 3506 consectatione,
3327 3453 3388 3497 ut
3421 3444 3671 3511 probatum

2119 3544 2294 3604 daret,
2327 3539 2502 3608 primo
2529 3538 2802 3593 conditam
2853 3551 2882 3589 a
2935 3533 3300 3589 Semiramide
3351 3526 3672 3602 Babylonem,

2120 3649 2243 3703 qua:
2272 3633 2364 3686 diu
2396 3641 2577 3684 tamen
2612 3628 2949 3695 multumque
2982 3635 3139 3679 antea
3183 3625 3413 3688 exstitit,
3449 3633 3600 3689 utque
3619 3617 3673 3670 ad

2121 3739 2240 3779 eam
2316 3723 2468 3777 urbis
2526 3729 2849 3775 vetustatem
2924 3733 3021 3782 per
3077 3732 3266 3786 regum
3335 3714 3677 3770 successiones

2123 3815 2465 3878 ascenderet,
2499 3813 2738 3881 ipsorum
2797 3825 2862 3864 ac
2915 3809 3192 3863 Medorum
3258 3821 3482 3876 quoque
3512 3814 3670 3868 regum

2123 3906 2428 3974 catalogum
2458 3904 2606 3957 auxit
2638 3920 2652 3956 :
2687 3911 2764 3964 et,
2800 3902 2892 3972 qui
2916 3916 3040 3956 eum
3069 3900 3356 3954 consecuti
3388 3908 3529 3958 sunt,
3558 3893 3675 3947 scri-

2124 3999 2374 4071 ptOribus
2425 4011 2622 4065 magno
2677 4008 2907 4048 numero
2963 3993 3239 4061 imposuit.
3291 3991 3514 4060 Accepit
3558 3988 3674 4039 hanc

2124 4090 2194 4144 ab
2227 4104 2294 4143 eo
2325 4089 2521 4142 seriem
2554 4095 2740 4140 noster
2779 4099 2996 4154 quoque
3034 4083 3328 4146 Eusebius,
3381 4082 3471 4151 qui
3503 4093 3530 4132 a
3557 4075 3674 4129 Nino

2121 4191 2176 4236 et
2206 4178 2564 4235 Seiiiiramide
2587 4177 2651 4230 ad
2677 4174 3106 4243 Sardanapalum
3141 4188 3314 4241 usque
3340 4185 3520 4243 rogum
3552 4177 3670 4221 xxxv

2123 4273 2442 4343 Catalogum
2513 4269 2705 4332 texuit,
2733 4277 2867 4337 quot
2893 4276 2949 4320 et
2982 4264 3250 4319 Diodorus
3277 4271 3557 4316 enumerat
3595 4255 3674 4308 lib.

437 4367 780 4428 exponemus
839 4354 994 4408 initio
1047 4355 1486 4425 llicronyiiiiaiim
1542 4357 1967 4411 continuationis
1995 4398 2010 4422 ,
2047 4365 2090 4418 ι)
2123 4384 2182 4431 ιι,
2213 4382 2332 4434 cap.
2377 4365 2430 4417 6.
2464 4362 2748 4432 Syncellus
2771 4368 2953 4414 autem
2982 4373 3049 4414 ex
3080 4356 3364 4419 Africano,
3393 4354 3480 4423 qui
3511 4358 3665 4404 tamen

433 4443 552 4501 .‘Iion
584 4446 686 4498 alia
738 4447 954 4500 videtur
1006 4462 1167 4515 quam
1219 4448 1367 4515 quod
1415 4450 1764 4515 computandi
1801 4447 2014 4501 initium

448 4535 712 4590 EUSeb'itis
752 4539 819 4590 ab
851 4547 1114 4590 autumno
1179 4539 1295 4590 sive
1326 4537 1732 4604 Septembribus
1763 4537 2017 4592 Kalendis

446 4627 662 4691 iecerit,
723 4627 790 4680 de
837 4642 948 4680 sine
992 4631 1166 4695 gentis
1203 4644 1374 4693 inore,
1416 4640 1692 4699 totamque
1724 4629 2018 4694 insequen-

449 4725 559 4770 tetii
621 4726 926 4786 temporum
1001 4721 1197 4773 seriem
1262 4737 1325 4773 ea
1377 4723 1586 4775 ratione
1651 4722 1718 4774 ad
1771 4722 2017 4776 Abraha-

449 4811 668 4866 miticos
717 4827 888 4868 annos
942 4816 1184 4882 exegerit
1229 4829 1244 4867 :
1295 4814 1608 4868 econtrario
1655 4815 2020 4887 Hieronymus

449 4918 566 4971 qua:
595 4902 661 4956 de
691 4920 793 4958 suo
817 4907 1083 4972 adiunxit,
1108 4922 1135 4960 a
1166 4905 1425 4961 Kalendis
1444 4906 1724 4963 Jaiiuariis
1751 4909 2021 4962 Romano-

450 5009 570 5048 rum
602 5009 751 5048 more
778 4998 1082 5053 deduxi-rit.
1120 5000 1256 5055 Iliiic
1283 5001 1510 5067 factum,
1549 5012 1606 5056 ut
1637 5012 1890 5070 quatuor,
1925 4999 2020 5070 qui

452 5088 505 5141 iti
551 5091 656 5142 liiic
689 5102 1009 5156 supererant
1049 5094 1364 5160 Eusebiatii,
1421 5106 1479 5149 ut
1529 5098 1599 5149 ita
1645 5096 1843 5158 dicam,
1895 5092 2022 5147 anni

453 5199 671 5240 nienses
704 5198 798 5252 pro
830 5186 1006 5239 solido
1037 5203 1180 5244 anno
1218 5189 1304 5244 hic
1354 5190 1642 5258 acceperit,
1678 5205 1741 5242 ac
1767 5189 2024 5242 \‘iCCSllllO

457 5279 638 5352 primo
677 5277 1024 5331 Constantini
1067 5292 1383 5350 sup-putato,
1421 5295 1614 5334 caetera
1645 5281 1711 5332 ad
1745 5295 1866 5332 cum
1905 5296 2024 5332 nio-

453 5376 580 5428 dum
633 5371 984 5428 continuarit.
1046 5369 1313 5425 Videntur
1345 5388 1522 5426 autem
1557 5381 1612 5426 et
1646 5371 1830 5426 lucum
1861 5373 1908 5423 ci
1946 5371 2026 5426 lc-

455 5465 599 5518 cisse
637 5474 906 5533 postrema
949 5464 1136 5518 isthiec
1179 5461 1437 5516 Clii-otiici
1482 5464 1769 5518 Eusebiatii
1818 5463 1976 5516 verba
2011 5479 2026 5515 :

465 5553 770 5607 Viccttttelia
805 5553 1138 5610 Constantini
1180 5552 1498 5607 Nicomedia:
1530 5566 1672 5620 acta,
1713 5566 1762 5608 et
1794 5555 2030 5624 sequenti

456 5661 595 5702 anno
640 5645 821 5702 Roma'
851 5649 1015 5716 edita,
1047 5659 1104 5706 ut
1137 5649 1359 5714 putarit.
1391 5663 1498 5711 quo
1526 5664 1667 5704 anno
1697 5649 1842 5705 edita
1878 5657 2027 5709 sunt,

2126 4458 2306 4527 ipsum
2367 4455 2602 4509 Cte.~iam
2657 4451 3060 4520 descripserat,
3105 4459 3342 4516 quatuor
3398 4452 3674 4513 praeterea,

2126 4563 2265 4618 quos
2293 4547 2433 4600 intra
2467 4544 2839 4603 nominamus,
2890 4554 3042 4609 reges
3071 4538 3292 4608 adjecit.
3347 4536 3452 4591 Sed
3481 4542 3532 4586 et
3561 4531 3677 4582 ditus

2126 4641 2283 4702 alios,
2313 4638 2612 4704 Tilgamam
2638 4635 2818 4689 nescio
2838 4640 3089 4703 quem,et
3143 4631 3468 4685 Sacchoram
3491 4624 3678 4678 Schra-

2127 4747 2256 4786 eriis
2295 4737 2558 4783 memorat
2628 4740 2693 4779 ex
2723 4723 2939 4777 Eliano
2957 4725 3074 4776 sine
3126 4725 3390 4788 temporis
3438 4725 3572 4773 nota.
3601 4707 3675 4778 qui

2127 4825 2182 4879 in
2219 4823 2324 4877 hoc
2376 4821 2496 4888 ipso
2533 4817 2777 4886 catalogo
2843 4828 2908 4877 ac
2936 4814 3074 4868 serie
3127 4826 3235 4866 non
3295 4818 3441 4866 sunt.
3489 4807 3560 4860 Ex
3609 4800 3678 4853 liis

2129 4927 2316 4970 autem
2361 4911 2497 4981 ipsis
2530 4910 2700 4963 multa
2735 4917 2864 4962 sunt
2895 4905 3112 4960 nomina
3152 4920 3216 4959 ett
3254 4903 3492 4965 Perside,
3539 4894 3678 4964 Egy‘

2129 5020 2241 5077 pto,
2268 5007 2496 5075 ipsaque
2523 4999 2730 5055 Graecia
2760 4999 2923 5068 petita
2953 5015 2966 5052 :
2996 4995 3299 5066 cujiismodi
3331 5005 3456 5049 sunt
3479 4990 3671 5045 Xerxes,

2130 5098 2482 5150 Armamitres
2507 5133 2523 5155 ,
2562 5091 2856 5159 Spartans,
2891 5092 3164 5157 Amyntas,
3201 5085 3531 5143 Laostlmm,
3569 5079 3670 5143 My-

2134 5190 2334 5251 tlireus,
2371 5197 2535 5254 atque
2569 5183 2621 5237 id
2669 5196 2846 5249 genus
2896 5181 3020 5243 alia,
3071 5193 3192 5246 qua:
3244 5179 3313 5231 ab
3359 5170 3672 5242 Assyriorum

2135 5277 2557 5334 iionienclaturis
2587 5288 2818 5344 prorsus
2845 5272 3164 5326 abhorrent.

2211 5371 2328 5425 Col.
2356 5369 2483 5423 259.
2521 5370 2707 5437 Assyr.
2738 5364 3015 5418 Habemus
3041 5375 3206 5427 nunc,
3243 5368 3438 5430 praeter
3465 5352 3670 5411 laudatos

2136 5466 2189 5520 in
2211 5461 2532 5534 praecedenti
2562 5459 2800 5515 editione
2828 5465 3010 5511 nostra
3035 5465 3245 5508 veteres
3268 5468 3398 5507 mss.
3418 5450 3587 5504 libros,
3606 5438 3669 5534 al-

2139 5531 2338 5620 terum,
2391 5566 2624 5621 eumque
2651 5550 2869 5622 optimae
2905 5545 3080 5616 frugis
3109 5559 3172 5598 ac
3231 5555 3392 5606 notae,
3430 5551 3572 5608 quem
3615 5531 3667 5622 de

2138 5618 2370 5705 Lucensi
2403 5618 2733 5700 Bibliotheca
2761 5657 2862 5698 ms.
2888 5637 3287 5695 eruditissimus
3316 5634 3377 5688 P.
3403 5630 3481 5686 lo.
3514 5618 3663 5678 Domi-
