3908 6174
294 255 397 320 'il‘i

1551 251 1966 317 VALLARSII
2008 248 2255 311 NOTAE.

3442 245 3547 313 718

293 370 445 425 nicus
490 366 704 436 ﬂanti,
745 382 892 424 nunc
943 366 1222 423 illustriss.
1272 364 1533 421 Lucensis
1556 365 1865 435 episcopus,
1898 371 1942 426 Α
1972 358 2112 415 Nino
2167 374 2237 413 ac
2280 342 2640 414 Semirantide
2678 363 3002 422 narrantur,
3053 355 3244 413 referri
3294 368 3544 429 possunt.

292 459 547 527 peculiari
583 458 991 515 Commentario
1017 457 1335 523 edisseruit,
1367 467 1423 511 et
1468 457 1650 511 Caroli
1683 455 1859 528 Magni
1894 480 1941 546 is;
1965 449 2103 505 Nam
2135 449 2238 504 etsi
2264 448 2334 503 de
2371 462 2565 504 eorum
2587 456 2750 504 aetate
2782 462 2892 503 non
2937 461 3115 519 usque
3145 448 3285 503 adeo
3317 452 3459 505 inter
3484 464 3547 505 se

287 550 482 603 stet-uio
513 551 875 620 perscriptum
914 550 1111 620 prodit.
1146 549 1341 602 Primis
1376 557 1570 613 autem,
1609 549 1685 602 ait
1723 549 1863 617 ipse,
1908 552 1915 575 '-

289 642 545 695 mnltatus
609 653 685 695 est
709 640 855 710 [aliis
888 641 1089 709 injuria
1117 651 1408 710 temporum
1450 648 1498 693 et
1540 654 1657 692 cum
1707 638 1862 693 titulo

287 735 511 787 universi
546 735 717 801 operis
744 743 910 787 totum
933 736 1135 802 pariter
1179 748 1517 798 pmcuntun,
1555 749 1673 785 cum
1721 748 1862 801 prte-

286 823 485 891 [atione
532 825 836 894 interpretis
907 824 1480 895 auctorisquei‘Grteci,
1539 824 1860 893 deperdidit.

285 912 578 968 Exordium
613 925 736 971 est:
771 914 982 970 Primus
1030 918 1201 971 omnis
1255 912 1379 987 (sic)
1432 915 1576 970 Asia:
1626 918 1864 986 regnauit

282 1004 454 1059 Ninus
482 1005 599 1059 Beli
621 1007 773 1074 ﬁlius,
796 1008 951 1062 annis
977 1023 1069 1065 LII.
1109 1008 1282 1080 Hujus
1310 1023 1441 1064 sLut
1469 1009 1679 1076 imperii
1725 1023 1863 1065 anno

282 1107 440 1151 natus
497 1110 571 1152 est
599 1099 887 1154 Abraham.

353 1188 492 1243 lbid.
524 1189 875 1246 Ostendimus
915 1191 983 1246 ad
1021 1191 1370 1263 Assyriorum
1424 1208 1615 1261 regum
1669 1207 1860 1247 recen-

280 1278 494 1333 sionem
529 1283 691 1337 unius
721 1282 938 1352 Ctesias,
975 1285 1215 1340 auctoris
1259 1285 1360 1339 οὐκ
1408 1285 1748 1355 ἀξιοπίστου,
1801 1293 1862 1339 ut

280 1369 361 1423 ait
385 1372 702 1443 Aristoteles
731 1374 871 1429 Hist.
911 1376 1093 1430 Anim.
1117 1376 1212 1431 lib.
1243 1393 1361 1443 vtn,
1382 1392 1446 1433 ac
1477 1386 1669 1432 caetera
1694 1376 1859 1431 lovis-

280 1462 433 1526 simi,
467 1464 569 1519 fide
607 1467 711 1519 niti
765 1476 975 1521 tantam
1010 1467 1154 1521 illam
1188 1468 1461 1539 Assyt-iaci
1514 1469 1665 1537 regni
1711 1468 1858 1522 anti-

279 1555 568 1623 quitatem,
623 1572 786 1626 quam
824 1567 1008 1612 noster
1053 1557 1341 1623 Eusebius,
1394 1560 1595 1628 aliique
1648 1571 1772 1613 ante
1807 1569 1859 1613 t-t

276 1657 406 1716 post
434 1662 558 1702 eum
581 1648 809 1718 iactant.
842 1649 937 1704 llis
962 1649 1315 1718 opposuimus
1362 1648 1723 1717 Herodotum,
1761 1652 1852 1720 qui

274 1737 430 1795 solos
474 1739 803 1809 quingentos
852 1751 906 1796 et
956 1742 1143 1811 viginti
1197 1757 1371 1797 annos
1400 1742 1641 1814 Assyriis
1674 1758 1847 1811 usque

272 1828 655 1909 ad‘Medorum
703 1831 1063 1887 defectionem
1115 1833 1305 1888 tribuit
1359 1834 1454 1891 lib.
1490 1851 1543 1899 ι,
1579 1849 1703 1905 cap.
1738 1835 1806 1889 95
1830 1874 1847 1899 ,

272 1935 514 1995 quocum
552 1922 727 1977 amice
782 1926 1061 1994 conspirat
1111 1925 1393 1993 Appianus
1444 1927 1845 1982 Alexandrinus

272 2010 330 2064 in
371 2011 708 2079 praefatione,
754 2021 809 2068 et
839 2017 995 2084 cujus
1035 2017 1301 2070 sententia
1339 2018 1639 2073 conformis
1687 2020 1848 2073 unice

269 2112 358 2157 est
395 2117 553 2157 sacro
579 2105 773 2168 textui,
815 2116 870 2162 et
906 2110 1287 2166 communibus
1328 2109 1570 2164 historia:
1633 2127 1849 2165 rerum-

268 2208 386 2263 que
442 2194 800 2249 humanarum
859 2199 1160 2255 rationibus
1217 2211 1603 2256 consentanea.
1663 2203 1848 2271 Neque

268 2286 559 2341 enimvero
587 2302 680 2342 eos
708 2302 1003 2353 moramur,
1029 2292 1120 2360 qui
1154 2294 1509 2362 supplendam
1550 2294 1618 2348 ibi
1658 2297 1849 2350 volunt

268 2377 493 2431 numeri
532 2378 817 2433 milienarii
849 2389 1051 2447 notam,
1091 2392 1152 2437 ut
1183 2383 1379 2437 dixerit
1409 2385 1552 2440 mille
1584 2387 1849 2457 quingen-

270 2475 362 2519 tos
397 2466 627 2533 viginti;
690 2482 920 2536 quorum
954 2469 1253 2537 Opinationi
1295 2473 1513 2524 obstant
1559 2472 1849 2526 Ηοτοάυιιί

268 2555 401 2610 libri
433 2570 641 2620 omnes,
672 2567 726 2611 et
770 2574 894 2613 cum
928 2560 1113 2627 primis
1163 2574 1298 2618 mss.
1340 2562 1434 2630 qui
1484 2579 1547 2616 eo
1576 2563 1676 2617 loci
1714 2563 1849 2617 nihil

268 2647 493 2701 variant
524 2663 542 2702 :
574 2649 744 2702 multo
766 2652 955 2704 autem
998 2654 1169 2720 magis
1202 2653 1572 2707 testimonium
1624 2654 1844 2707 Diodori

273 2736 494 2803 Siculi,
547 2754 707 2808 quem
765 2749 977 2795 constat
1013 2757 1080 2795 ex
1117 2742 1188 2796 lib
1213 2780 1227 2794 .
1269 2757 1328 2806 tt,
1363 2759 1486 2812 pag.
1520 2743 1588 2799 83
1614 2785 1629 2809 ,
1658 2744 1724 2797 ad
1760 2744 1849 2798 illa

274 2827 542 2885 Herodoti
581 2830 764 2896 verba,
801 2846 904 2887 suo
954 2846 1072 2887 aevo
1103 2833 1219 2888 sive
1270 2846 1395 2888 ante
1429 2833 1527 2889 hos
1574 2835 1720 2890 mille
1763 2850 1849 2890 sc-

276 2922 601 2991 ptingentos
651 2934 811 2993 atque
851 2925 1087 2993 amplius
1137 2938 1334 2991 annos,
1375 2941 1663 2980 numerum
1695 2926 1844 2980 illum

1965 544 2316 601 consentiant
2367 544 2664 613 scriptores
2710 542 2882 597 boni:
2939 541 3021 597 sic
3075 550 3255 597 tamen
3292 542 3548 599 existimo

1966 638 2022 693 in
2058 638 2163 692 hoc
2208 636 2409 691 veteris
2459 636 2738 690 memoria!
2795 650 3012 705 genere,
3050 636 3118 691 iis
3176 635 3271 706 qui
3336 636 3546 690 minora

1965 730 2177 785 cteteris
2208 729 2512 796 perhibent,
2551 729 2721 797 magis
2768 742 2891 783 esse
2939 728 3303 782 adhibendam
3361 728 3543 789 fidem.

1966 819 2237 874 Praetereo
2267 829 2445 873 autem
2484 830 2863 887 argumentum
2905 832 2972 873 ex
3021 818 3260 887 Argone,
3292 827 3347 874 et
3392 820 3541 889 quod

1981 919 2169 965 narrat
2199 909 2506 980 Synceilus,
2549 910 2726 963 visum
2760 910 3056 973 nonnullis,
3082 924 3113 965 e
3155 925 3387 979 quorum
3437 926 3544 964 nu-

1966 1016 2119 1057 mero
2152 999 2433 1055 Castorem
2466 999 2672 1063 laudat,
2698 999 2899 1054 Ninum
2934 1000 3072 1069 μετὰ
3121 1000 3543 1071 Σαρδανάπαλον

1964 1096 2239 1165 κρατῆσαι
2293 1093 2392 1162 τῆς
2452 1092 2760 1164 Ἀσσυρίων
2817 1092 3016 1162 ἀρχῆς,
3046 1102 3163 1163 post
3197 1093 3542 1162 Sardanapa-

1965 1185 2075 1238 lunt
2105 1186 2440 1255 Assyriorum
2465 1186 2744 1253 imperium
2773 1184 3089 1239 obtinuisse.
3143 1186 3371 1254 Propius
3396 1197 3544 1241 certe

1962 1294 2092 1333 vero
2142 1276 2389 1333 Justinus
2445 1278 2559 1332 lib.
2593 1294 2608 1332 ι
2641 1321 2657 1345 ,
2693 1292 2817 1347 cap.
2873 1277 2926 1341 l,
2977 1277 3046 1333 de
3094 1277 3235 1334 Nino
3286 1279 3539 1349 loquens,

1963 1365 2136 1421 Fuere
2166 1369 2396 1438 quidem,
2428 1369 2625 1436 inquit,
2661 1370 2982 1437 temporibus
3029 1370 3354 1445 antiquiores
3384 1370 3542 1424 Seso-

1960 1460 2082 1514 stris
2114 1459 2357 1531 Afgypti,
2390 1471 2436 1514 et
2483 1459 2711 1530 Scythiae
2744 1477 2835 1515 rex
2871 1461 3106 1524 Danaus,
3136 1478 3358 1531 quorum
3407 1462 3543 1516 alter

1959 1552 2014 1604 in
2050 1551 2300 1613 Pontum,
2336 1552 2471 1605 alter
2501 1569 2662 1622 usque
2707 1551 3000 1623 .Egyptum
3032 1555 3275 1606 excessit.
3334 1552 3397 1605 Et
3441 1552 3543 1607 Se-

1961 1647 2152 1698 sostris
2183 1645 2402 1712 quidem
2434 1660 2543 1713 qtto
2579 1656 2819 1712 tempore
2856 1645 3072 1707 vixerit,
3106 1646 3239 1699 bene
3286 1647 3352 1698 ad
3385 1660 3542 1699 men-

1958 1744 2065 1788 tum
2126 1733 2471 1788 Manetbouis
2519 1736 2707 1787 docuit
2748 1735 3031 1791 Hecataeus
3096 1736 3339 1791 Milesius
3396 1737 3538 1804 apud

1956 1824 2252 1878 Diodorum
2287 1827 2339 1879 in
2368 1824 2650 1894 Excerpiis
2677 1827 2977 1887 Pitutiattis.
3009 1828 3097 1881 ubi
3158 1829 3398 1882 Danaum
3424 1828 3535 1898 ejus

1957 1915 2180 1972 fratrem
2219 1927 2272 1970 et
2303 1918 2567 1972 Cadmum
2593 1920 2895 1987 pra-ripuos
2919 1918 3347 1988 alienigenarum
3377 1921 3544 1975 duces

1961 2020 2251 2073 memorat,
2285 2009 2379 2079 qui
2409 2025 2530 2063 cum
2584 2010 2771 2075 ejectis
2805 2010 2872 2063 ab
2920 2009 3151 2081 Algypto
3187 2013 3240 2065 in
3278 2009 3544 2066 Graeciam

1961 2102 2308 2171 navigarunt.
2344 2102 2486 2155 Sunt
2511 2102 2647 2157 adeo
2680 2103 2769 2170 qui
2832 2102 3250 2157 Sumit-antidoto
3276 2105 3543 2172 mqualettt

1963 2205 2055 2247 aut
2085 2203 2234 2247 certe
2265 2190 2426 2260 paulo
2476 2195 2835 2260 antiquiorem
2896 2193 3147 2261 Troianis
3203 2193 3547 2258 temporibus

1960 2285 2130 2339 fuisse
2158 2285 2369 2350 dicunt,
2402 2284 2562 2355 eique
2619 2301 2909 2354 supparetu
2967 2285 3170 2338 faciunt
3202 2286 3546 2340 Sanchonia.

1961 2378 2187 2435 tironem
2219 2381 2539 2449 scriptorem
2572 2378 2871 2449 Berytiutn,
2912 2389 2973 2433 ut
3007 2379 3357 2449 Porphyrius,
3401 2382 3547 2448 apud

1960 2469 2253 2527 Eusebium
2284 2471 2580 2538 Praeparat.
2647 2469 2854 2537 Evang.
2883 2467 2975 2521 lib.
3007 2483 3042 2530 ι,
3075 2467 3129 2521 9.
3191 2468 3365 2536 Atque
3402 2467 3547 2522 idem

1965 2570 2180 2628 tempus
2207 2560 2460 2628 colligere
2488 2571 2571 2615 est
2604 2562 2670 2613 ab
2718 2560 2925 2628 epocha
2959 2558 3273 2628 Babylonis,
3299 2574 3461 2627 quam
3494 2573 3549 2614 et

1964 2650 2184 2705 Curtius
2210 2661 2419 2713 narrat,
2457 2630 2741 2720 plerosque
2795 2651 3095 2705 credidisse
3128 2667 3235 2704 non
3289 2665 3319 2703 a
3373 2648 3548 2704 Semi-

1960 2742 2170 2797 ramide
2203 2744 2501 2806 conditam,
2535 2741 2628 2796 sed
2682 2757 2711 2795 a
2743 2740 2890 2796 Belo.
2946 2740 3254 2811 Stephanus
3298 2740 3549 2813 Byzanti-

1964 2848 2089 2900 nus,
2122 2833 2406 2896 Βαϐυλὼν.
2447 2836 2647 2906 inquit,
2699 2835 3068 2905 Σεμιράμιδος
3106 2830 3174 2905 ἦν
3209 2835 3548 2904 ἀρχαιοτέρα

1961 2924 2109 2981 ἔτεσι
2164 2926 2357 2996 χιλίοις
2405 2926 2518 2988 δύο.
2569 2926 2648 2989 ὡς
2683 2925 2976 2995 Ἐρέννιος.
3026 2924 3262 2996 Babylon
3321 2928 3548 2979 duorum

276 3014 652 3070 milienarium
691 3016 742 3070 in
787 3015 906 3085 ejus
941 3016 1220 3072 codicibus
1255 3034 1359 3071 non
1403 3018 1695 3072 invenisse.
1739 3016 1849 3071 lle-
1879 3049 1926 3108 ο
1956 3034 2215 3072 annorum
2243 3018 2468 3072 millibus
2499 3017 2854 3072 St-miramide
2883 3017 3154 3086 antiquior
3204 3017 3327 3086 fuit,
3369 3032 3548 3086 quem-

267 3106 452 3161 rodotl
488 3105 643 3162 locus
670 3107 759 3160 hic.
793 3119 875 3163 est
906 3125 921 3164 :
967 3108 1265 3179 ’Λσσυρέων
1282 3108 1560 3178 ἀρχόντων
1609 3110 1705 3179 τῆς
1742 3108 1852 3161 ἂνω

286 3196 478 3268 ’Δσῐης
510 3196 599 3250 ἐπ’
625 3198 750 3252 ἔτεα
788 3198 963 3250 εἴκοσι
1006 3184 1484 3261 καὶίπεντακόσια,
1515 3198 1724 3263 πρῶτοι
1745 3197 1854 3251 ἀπ’

273 3288 464 3341 αὐτῶν
493 3289 665 3357 Μῆδοι
699 3288 934 3360 ἡρξαντο
962 3289 1315 3357 ἀφίστασθαι,
1346 3298 1452 3343 etc.
1486 3288 1616 3344 Cum
1647 3288 1853 3359 Assyrii

273 3380 440 3433 annis
472 3381 769 3453 quingentis
805 3381 995 3453 viginti
1018 3382 1339 3452 superiorem
1367 3388 1547 3435 Astam
1593 3381 1851 3434 obtinuis-

266 3482 408 3539 sent,
445 3475 603 3539 primi
639 3476 775 3529 Medi
800 3475 862 3528 ab
895 3476 1024 3543 ipsis
1064 3475 1286 3543 deiicere
1315 3484 1599 3542 creperum.
1632 3474 1853 3543 Colligi-

273 3581 402 3621 ntus
429 3565 578 3631 inde,
608 3568 700 3621 diu
757 3575 880 3637 post
920 3565 1285 3619 Abraltatuum
1329 3564 1470 3633 iacta
1520 3566 1689 3633 prima
1730 3580 1853 3619 esse

274 3659 432 3727 regni
492 3658 766 3729 Assyriaci
842 3659 1192 3712 fundamenta
1249 3672 1266 3712 :
1316 3657 1584 3725 siquidem
1648 3657 1853 3723 primus

271 3748 489 3803 muneri
515 3746 802 3801 iierodotei
835 3762 1013 3802 annus
1071 3747 1354 3801 vocatione
1381 3747 1498 3815 ejus
1532 3746 1586 3799 in
1613 3746 1849 3811 Charan,

270 3840 320 3896 si
348 3841 518 3908 probe
547 3840 787 3892 rationes
829 3837 1100 3899 ineantur,
1133 3838 1494 3913 septingentis
1540 3838 1708 3891 ferme
1759 3853 1853 3890 an-

273 3934 366 3986 nis
414 3930 681 3997 posterior
712 3937 839 4003 est,
890 3930 1126 3991 nedum,
1164 3929 1307 3997 quod
1357 3927 1624 3982 Eusebius
1663 3929 1850 3998 ponit,

272 4022 696 4093 quadragesimo
724 4023 882 4076 tertio
912 4035 1078 4085 anno,
1118 4036 1181 4074 es
1217 4036 1326 4089 quo
1358 4011 1526 4075 Ninus
1562 4021 1849 4091 imperium

273 4116 537 4180 obtinuit,
568 4116 683 4183 ipse
715 4125 876 4168 natus
908 4123 992 4168 est
1022 4114 1318 4168 Abraham.
1345 4110 1542 4181 Reipsa
1575 4112 1755 4167 ﬂoruit
1787 4128 1853 4167 eo

274 4215 542 4274 tempore,
590 4218 700 4275 quo
752 4203 1055 4258 Herodouts
1110 4219 1334 4272 regnum
1382 4204 1722 4272 Assyriorum
1759 4216 1855 4255 au-

281 4299 551 4366 spicatur,
583 4296 756 4349 Ninus
793 4310 857 4350 ac
883 4293 1203 4348 Semiramis
1243 4308 1257 4348 :
1291 4302 1346 4345 ut
1376 4293 1514 4361 bene
1542 4306 1722 4351 secum
1765 4291 1853 4345 ille

1961 3112 2243 3165 admodum
2276 3110 2567 3164 Herennius
2598 3108 2775 3163 Philo.
2815 3108 2920 3162 Pro
2971 3107 3074 3162 huc
3126 3121 3354 3162 numero
3413 3122 3549 3160 non-

1963 3205 2096 3258 nulli
2154 3206 2585 3271 interpretantur
2637 3201 2781 3254 mitte
2828 3211 2877 3254 et
2925 3200 3056 3253 duos
3100 3214 3275 3254 annos
3325 3215 3340 3255 :
3399 3202 3548 3267 quod

1961 3295 2182 3363 quidem
2219 3293 2264 3347 si
2334 3295 2561 3362 pt-Opius
2592 3294 2658 3347 ad
2691 3293 3005 3347 historicam
3056 3292 3359 3361 analogiam
3391 3306 3549 3345 acce-

1960 3384 2060 3448 dit,
2103 3384 2319 3453 longius
2380 3395 2561 3439 tamen
2614 3386 2680 3439 ab
2741 3384 2985 3437 auctoris
3016 3399 3184 3438 sensu
3239 3398 3303 3437 ac
3360 3382 3546 3452 phrasi

1960 3476 2240 3537 abludere,
2281 3490 2442 3529 nemo
2470 3491 2574 3529 non
2624 3476 2811 3530 sentit.
2857 3474 3178 3528 Ecoutrario
3230 3474 3549 3528 Eustathius

1960 3568 2025 3619 ad
2059 3581 2202 3619 vers.
2234 3564 2371 3618 1006
2410 3566 2557 3620 ltttnc
2594 3567 2772 3635 ipsum
2806 3563 3068 3633 Stephani
3102 3563 3283 3618 locum
3318 3565 3543 3618 totidem

1963 3653 2145 3708 verbis
2200 3653 2558 3716 describens,
2616 3670 2713 3722 pro
2780 3655 2973 3724 χιλίοις
3028 3653 3122 3708 δύο
3177 3654 3304 3724 legit
3350 3653 3547 3721 χιλίοις

1959 3744 2514 3809 ὀκτακοσίοις,’γηὶιιε
2567 3746 2879 3814 octingentis
2915 3759 2934 3799 :
2966 3746 3113 3815 quod
3167 3748 3300 3799 satis
3349 3745 3548 3798 indicio

1926 3834 1933 3839 ’
1963 3848 2047 3894 est
2075 3851 2317 3891 neutrqu
2360 3838 2647 3892 lectionem
2706 3855 2885 3893 veram
2916 3854 3077 3903 esse;
3114 3850 3279 3907 atque
3311 3838 3465 3903 adeo,
3499 3838 3546 3891 si

1960 3944 2025 3986 ex
2056 3932 2276 4001 ingenio
2308 3931 2490 3995 liceat,
2526 3932 2671 4000 quod
2706 3946 2832 3989 vere
2866 3932 3127 4001 scriptum
3166 3931 3233 3983 ab
3273 3929 3547 3983 Herennio

1960 4022 2276 4086 credimus,
2335 4024 2659 4085 restituere,
2724 4024 2906 4077 malim
2963 4022 3212 4091 equidem
3270 4022 3545 4076 levissima

1961 4115 2266 4170 litterarum
2300 4115 2623 4180 mutatione,
2675 4117 2870 4186 partim
2910 4116 2978 4169 ab
3011 4115 3312 4183 Stephano,
3347 4096 3543 4182 partim

1960 4207 2029 4260 ab
2061 4205 2348 4260 Eustatltio
2377 4207 2627 4271 rescribi,
2679 4207 2876 4276 χιλίοις
2908 4206 3227 4271 διακοσίοις,
3266 4206 3409 4259 mille
3439 4203 3543 4257 duo

1954 4288 2146 4353 ’centis'.
2173 4298 2332 4352 Certe
2366 4297 2503 4351 nihil
2532 4298 2715 4351 verius
2752 4298 2853 4351 hac
2899 4299 3160 4365 temporis
3196 4308 3318 4350 nota
3348 4313 3545 4364 suppe-

276 4398 523 4451 constet,
577 4396 668 4450 et,
696 4388 844 4456 quod
873 4394 1124 4441 auctores
1169 4396 1386 4453 quoque
1416 4384 1505 4437 alii
1538 4391 1807 4437 leSIaIIlIIr
1829 4422 1843 4447 .
1879 4392 1925 4447 ι)
1953 4392 2017 4443 tit
2048 4390 2207 4443 nobis
2236 4405 2303 4442 ex
2336 4389 2423 4442 illa
2459 4389 2705 4442 historia.
2740 4388 2808 4444 Ut
2841 4397 2901 4441 ut
2940 4403 3067 4440 vero
3099 4388 3261 4448 sit,ex
3294 4385 3541 4439 laudatis

273 4484 458 4552 Argon
490 4480 611 4537 Nini
662 4482 819 4545 illius,
874 4485 1084 4550 primus
1142 4496 1229 4533 rex
1271 4478 1538 4549 Lydorum
1575 4495 1639 4534 ex
1684 4477 1852 4531 liera-

280 4575 444 4631 elidis
501 4572 685 4627 luerit.
737 4572 973 4631 Proinde
1023 4582 1081 4625 ut
1119 4572 1301 4637 altius,
1358 4585 1484 4626 vera
1522 4569 1647 4638 ejus
1704 4568 1850 4639 regni

277 4666 577 4739 primordia
608 4665 677 4719 ab
708 4667 878 4718 Assur
908 4658 1202 4729 repetenda
1248 4668 1395 4726 sunt,
1455 4677 1618 4731 quem
1653 4662 1851 4715 certis-

277 4761 422 4817 simo
470 4759 784 4813 testimonio
834 4756 1040 4826 Moyses
1086 4754 1255 4805 tradit
1287 4751 1485 4823 Cenes.
1517 4770 1653 4819 xxv,
1680 4753 1749 4819 3,
1786 4767 1853 4807 ex

284 4863 429 4905 terra
454 4848 700 4905 Sennaar
728 4862 1029 4917 egressum,
1070 4844 1318 4899 Ninivem
1362 4844 1693 4901 condidisse.
1732 4841 1854 4897 Fuit

276 4957 409 4998 vero
435 4942 544 5004 ille,
585 4949 643 5013 ut
664 4941 910 5010 plerique
941 4942 1261 5007 interpretes
1288 4938 1525 5001 tradunt,
1580 4935 1729 4991 Setni
1792 4936 1852 4988 ft-

277 5037 406 5099 lius,
442 5042 502 5087 ut
528 5047 659 5088 vero
685 5032 808 5085 aliis
848 5031 1040 5100 placet,
1086 5028 1377 5082 Ahraltami
1430 5043 1702 5098 pronepos
1758 5042 1853 5096 per

277 5121 597 5185 Clteturam,
625 5129 787 5189 atque
823 5133 885 5172 ea
914 5120 1056 5173 circa
1113 5125 1354 5187 tempora
1412 5117 1610 5187 quibus
1643 5120 1852 5185 ingres-

276 5231 370 5271 sus
387 5224 474 5270 est
508 5212 991 5283 lsraclegyptum
1022 5227 1037 5266 :
1064 5211 1223 5265 annis
1249 5211 1504 5265 videlicet
1528 5219 1648 5278 post
1677 5209 1851 5264 Abra-

277 5306 501 5360 batnum
538 5305 706 5361 ferme
741 5306 1017 5359 trecentis.
1056 5303 1163 5358 Nec
1200 5313 1379 5357 tamen
1434 5303 1611 5358 adhuc
1665 5303 1852 5357 existi-

277 5399 537 5453 tnandum
559 5407 643 5452 est
670 5413 895 5464 regnum
924 5396 1201 5466 Assyrium
1230 5394 1442 5464 proprie
1514 5396 1848 5449 constitisse.

274 5490 501 5546 Factum
535 5490 637 5542 hoc
663 5486 839 5541 serius
877 5487 1067 5549 multo,
1104 5496 1335 5554 postque
1361 5485 1497 5539 alios
1545 5501 1718 5541 annos
1759 5503 1850 5541 su-

279 5596 374 5651 pra
404 5588 703 5642 trecentos,
737 5585 899 5647 atque
929 5578 1065 5631 adeo
1117 5586 1236 5646 post
1270 5575 1432 5632 Hosis
1480 5588 1693 5633 aetatem
1729 5595 1743 5633 :
1782 5579 1847 5632 ad

275 5674 421 5738 quod
463 5685 674 5742 tempus
712 5679 824 5727 tum
868 5670 1072 5743 ep0clta
1126 5668 1403 5739 Herodoti,
1443 5680 1555 5727 tum
1608 5687 1728 5743 qum
1784 5673 1848 5728 de

1960 4484 2112 4537 hisce
2138 4480 2463 4535 testimoniis
2490 4481 2600 4548 jam
2634 4478 3019 4548 liquel,faisam
3053 4478 3207 4548 plane
3228 4492 3350 4532 esse
3396 4477 3541 4530 illam

1960 4574 2109 4642 regni
2141 4572 2413 4643 Assyriaci
2439 4572 2840 4639 antiquitatem,
2896 4585 3082 4639 quam,
3122 4580 3180 4624 ut
3214 4568 3540 4640 Babylonem

1958 4683 1989 4721 a
2022 4664 2380 4721 Semiramide
2428 4672 2759 4718 exstructam
2791 4661 3123 4732 significaret
3146 4702 3161 4726 ,
3191 4659 3404 4716 Ctesias
3434 4662 3538 4730 pri-

1961 4770 2050 4811 mo
2075 4764 2417 4812 commentus
2452 4763 2554 4819 est,
2588 4754 2679 4807 alii
2712 4753 2837 4807 dein
2890 4761 3092 4806 temere
3149 4751 3494 4805 crediderunt
3518 4790 3533 4805 .

1961 4849 2027 4903 Et
2058 4864 2180 4902 cum
2220 4863 2286 4902 ex
2319 4849 2417 4901 hac
2453 4847 2569 4915 ipsa
2600 4845 2871 4901 sententia
2905 4845 3176 4900 Eusebius
3228 4855 3414 4899 noster
3449 4857 3538 4895 ra-

1960 4940 2137 4995 tiones
2168 4954 2296 4993 suas
2348 4937 2630 5001 derivarit,
2685 4936 2957 4989 cavendus
2989 4935 3179 4990 lectori
3229 4948 3385 4992 error
3414 4933 3536 4999 fuit,

1960 5050 2023 5089 ac
2053 5034 2358 5095 sciendum,
2402 5038 2610 5084 tantum
2651 5045 2680 5083 a
2713 5044 2839 5084 vero
2869 5030 3063 5085 abesse
3108 5029 3255 5098 quod
3299 5030 3392 5083 ille
3438 5043 3535 5097 po-

1963 5127 2040 5179 nit
2069 5125 2249 5193 operis
2281 5125 2363 5177 sui
2416 5125 2795 5193 παράπηγμα,
2830 5133 3015 5174 natum
3059 5121 3320 5176 vicesimo
3372 5120 3532 5173 tertio

1962 5217 2083 5272 Nini
2112 5232 2256 5271 anno
2288 5217 2684 5278 Abraltatnutn,
2714 5224 2772 5267 ut
2817 5217 3123 5268 econtrario
3174 5211 3531 5283 septingentis

1962 5313 2073 5365 fere
2102 5309 2260 5363 annis
2291 5307 2602 5361 Abrahamo
2635 5306 2806 5363 Ninus
2838 5308 3105 5373 posterior
3134 5306 3224 5357 sit.

2033 5401 2167 5455 ibid.
2208 5399 2470 5454 Eusebius
2490 5412 2758 5452 annorum
2783 5407 2947 5468 caput
2978 5398 3044 5451 ah
3069 5382 3333 5449 autumno
3361 5391 3533 5445 dedu-

1962 5491 2037 5545 cit
2083 5491 2237 5560 juxta
2296 5489 2759 5544 Antiochcnorum
2815 5500 2978 5559 atque
3030 5485 3528 5542 Alexandrinorum

1961 5597 2191 5645 tnorem,
2228 5580 2371 5650 quod
2410 5579 2666 5634 Petavius
2710 5591 2860 5633 lomo
2894 5579 3137 5633 secundo
3175 5577 3243 5630 de
3274 5575 3529 5630 Doctrina

1963 5682 2269 5744 temporum
2301 5673 2465 5728 certis
2495 5672 2829 5742 argumentis
2857 5662 3275 5734 demonstravit,
3322 5683 3442 5737 qute
3474 5677 3531 5720 ut
